3948 6236
349 280 455 337 215

994 277 1052 333 S.
1097 275 1465 333 ATHANASII
1499 276 1651 334 OPP.
1691 276 1872 334 PARS
1901 278 1941 334 l.
1970 308 2038 317 -—
2063 277 2431 335 HlSTORlCA
2466 277 2552 332 ET
2590 278 3009 336 DOGMATICA.

3469 282 3577 339 216

346 397 512 468 gignit
554 410 635 449 me
664 393 751 459 ";
788 408 970 448 nonne
1004 402 1058 448 et
1117 393 1242 464 ipsi,
1277 409 1429 449 more
1460 396 1739 465 gigantum
1771 410 1905 465 quos

2014 413 2131 449 των
2150 394 2396 459 ,βουνῶν
2419 392 2600 465 γεννᾷ
2618 411 2697 463 με
2719 410 2732 424 ο
2769 393 2885 459 πῶς
2910 396 2971 448 οὐ
3008 394 3147 448 κατὰ
3179 394 3307 457 τοὺς
3349 394 3578 465 μυθευο-

348 490 622 545 celebrant
679 485 896 547 fabulae,
951 485 1151 540 bellare
1187 503 1309 542 cum
1375 487 1485 542 Deo
1514 486 1729 541 dicendi
1761 496 1910 553 sunt,

346 582 437 650 qui
460 580 666 650 lingua,
692 587 750 632 ut
777 594 899 633 cum
929 577 1214 633 Psalmista
1251 581 1464 650 loquar,
1512 589 1768 650 tanquam
1798 581 1915 649 gla-

345 673 436 727 dio
474 681 636 726 acuto
666 670 732 735 “,
760 686 858 740 pro
886 672 1177 725 asserenda
1212 672 1487 741 impietate
1520 672 1789 727 utuntur?
1821 670 1911 726 Si-

345 761 565 833 quidem
597 776 696 815 nec
718 759 894 813 Patris
916 774 1101 814 vocem
1131 775 1232 814 nec
1262 760 1560 815 Salvatoris
1593 760 1756 815 verba
1786 770 1915 813 sunt

320 838 563 910 (reveriti
598 873 610 908 :
648 868 749 908 nec
779 850 985 907 san‘ctis
1018 852 1176 908 fidem
1232 853 1453 915 habent,
1483 868 1718 923 quorum
1768 866 1912 905 unus

344 947 560 1019 quidem
594 947 673 1002 sic
696 946 920 1001 scribit:
950 945 1054 1011 Qui
1092 963 1208 1001 cum
1257 947 1326 1000 sit
1368 945 1614 1015 splendor
1643 944 1827 1016 gloriae
1861 953 1911 998 et

345 1044 517 1111 ﬁgura
537 1040 847 1095 substantia:
866 1039 979 1109 ejus
1007 1039 1049 1071 “
1074 1055 1094 1103 ;
1119 1048 1173 1093 et
1202 1056 1215 1093 :
1242 1038 1486 1094 Christus
1517 1036 1612 1092 Dei
1658 1038 1821 1091 virtus
1859 1044 1912 1090 et

344 1133 444 1186 Dei
481 1133 743 1201 sapientia
760 1131 805 1164 ⁸³
839 1130 1020 1198 ;alius
1049 1145 1178 1186 vero
1199 1130 1271 1185 ita
1324 1129 1542 1199 psallit:
1590 1127 1730 1193 Quia
1769 1127 1910 1196 apud

346 1232 493 1276 te-est
517 1222 633 1291 fons
656 1222 797 1284 uiue,
823 1222 872 1274 in
897 1221 1094 1275 lumine
1117 1231 1206 1274 tuo
1228 1221 1515 1275 videbimus
1536 1219 1709 1273 lumen
1733 1219 1800 1282 ⁶³;
1823 1227 1906 1273 et:

348 1312 541 1367 Omnia
576 1314 632 1367 in
672 1314 931 1380 sapientia
960 1313 1133 1382 fecisti
1166 1313 1232 1367 “.
1267 1310 1552 1382 Propheta:
1579 1311 1704 1365 item
1732 1311 1904 1365 aiunt:

340 1401 415 1457 Et
436 1402 638 1473 factum
660 1411 737 1456 est
772 1401 993 1456 Verbum
1013 1401 1228 1457 Domini
1253 1401 1321 1455 ad
1346 1418 1424 1455 me
1450 1401 1514 1456 ⁸⁸.
1542 1400 1604 1454 Et
1626 1399 1866 1455 Joannes
1890 1420 1904 1455 :

340 1493 410 1547 In
432 1494 690 1562 principio
718 1503 832 1547 erat
862 1492 1087 1547 Verbum
1116 1493 1183 1547 “.
1222 1492 1288 1547 Et
1315 1492 1494 1547 Lucas
1522 1511 1534 1547 :
1564 1489 1714 1546 Sicut
1746 1492 1910 1544 tradi-

342 1584 531 1639 derunt
553 1583 725 1648 nobis,
750 1585 839 1654 qui
860 1583 925 1643 ab
954 1584 1110 1639 initio
1148 1584 1247 1653 ipsi
1275 1583 1536 1646 viderunt,
1581 1593 1629 1636 et
1673 1581 1908 1636 ministri

350 1673 507 1731 Verbi
526 1676 739 1746 [uerunt
762 1676 829 1730 °'.
862 1675 1031 1730 David
1073 1675 1238 1729 etiam
1271 1674 1405 1730 dicit
1432 1693 1444 1728 :
1502 1673 1649 1727 Misit
1683 1672 1908 1728 Verbum

2017 490 2208 560 μένους
2222 487 2481 556 γίγαντας
2502 487 2596 540 καὶ
2610 487 2764 540 αὐτοὶ
2786 486 2879 539 νῦν
2908 485 3254 556 θεομαχοῦσι.
3276 487 3377 557 τὴν
3402 487 3580 556 γολῶτ-

2014 596 2112 633 ταν
2135 578 2365 648 ἔχοντες,
2389 577 2463 639 ὡς
2491 572 2643 629 εἶπεν
2668 575 2696 628 ὁ
2714 574 2930 643 ψάλλων
2953 574 3085 645 (85),
3115 576 3381 646 μάχαιραν
3401 575 3579 641 ὀξεῖαν

2012 672 2092 734 είς
2123 669 2407 735 ἁσέϐειαν;
2435 667 2569 722 Οὔτε
2603 667 2711 739 γὰρ
2743 668 2840 738 τὴν
2873 668 3057 738 φωνὴν
3087 666 3179 720 τοῦ
3213 668 3423 740 Πατρδς
3454 671 3580 738 ἐφο-

2014 761 2275 832 ϐήθησαν,
2309 758 2431 813 οὔτε
2468 759 2561 812 τοῦ
2595 759 2845 830 Σωτῆρος
2874 757 3176 830 ᾐδέσθησαν
3206 758 3317 827 (86)
3364 759 3434 812 τὰ
3477 761 3580 831 ρήι-

2017 870 2160 924 ματα
2175 870 2190 884 ·
2221 850 2335 907 ἀλλ’
2355 851 2473 904 οὐδὲ
2492 853 2607 913 τοῖς
2624 850 2797 919 ἁγίοις
2821 849 3172 921 ἐπείσθησαν,
3196 850 3290 903 τοῦ
3318 851 3416 920 μὲν
3444 852 3581 922 γρά-

2013 962 2222 1016 φοντος
2263 948 2369 1012 Ὃς
2398 944 2483 997 ὢν
2508 945 2871 1014 ἀπαύγασμα
2901 943 3013 1012 τῆς
3043 943 3226 1010 δόξης
3262 945 3361 999 καὶ
3396 961 3579 1013 χαρα-

2010 1036 2160 1105 κτὴρ
2191 1035 2301 1105 τῆς
2342 1036 2732 1102 ὑποστάσεως
2754 1035 2940 1090 αὐτοῦ
2976 1034 3113 1105 (87)·
3151 1035 3265 1089 καί·
3326 1035 3579 1103 Χριστὸς

2013 1128 2161 1183 Θεοῦ
2186 1127 2297 1198 (88)
2321 1127 2590 1196 δύναμις,
2614 1125 2710 1179 καί
2741 1125 2889 1179 Θεοῦ
2922 1128 3137 1196 σοφία·
3153 1126 3247 1180 τοῦ
3272 1125 3327 1179 δὲ
3351 1126 3580 1197 ψάλλον-

2008 1236 2122 1285 τος’
2156 1220 2275 1273 ’Ότι
2300 1217 2458 1286 παρὰ
2487 1217 2586 1273 σοι
2617 1216 2778 1287 πηγὴ
2808 1216 2975 1286 ζωῆς,
3020 1218 3091 1271 ἐν
3131 1218 3211 1284 τῷ
3259 1220 3406 1287 φωτί
3459 1234 3578 1273 σου

2011 1313 2275 1382 ὀψόμεθα
2308 1310 2451 1381 φῶς,
2495 1312 2620 1365 καί*
2650 1314 2854 1366 Πάντα
2895 1315 2966 1366 ὲν
3011 1311 3197 1379 σοφίῃ
3250 1311 3575 1377 ἐποίησας·

2009 1405 2104 1457 καὶ
2126 1405 2234 1456 τῶν
2254 1404 2350 1474 μὲν
2379 1403 2670 1474 προφητῶν
2688 1403 2949 1473 λεγόντων
2968 1417 2984 1434 ⁸
3010 1402 3118 1457 Καὶ
3139 1402 3373 1472 ἐγένετο
3388 1402 3580 1471 Λόγος

2008 1492 2229 1559 Κυρίου
2266 1489 2415 1559 πρὸς
2438 1491 2545 1560 μέ·
2566 1492 2658 1544 τοῦ
2683 1491 2738 1544 δὲ
2784 1493 3027 1546 Ἰωάννου
3051 1532 3067 1557 ,
3118 1492 3216 1546 Ἐν
3244 1489 3402 1560 ἀρχῇ
3437 1486 3517 1560 ἦν
3542 1493 3579 1545 ό

2008 1583 2230 1652 Λόγος·
2285 1584 2380 1636 καὶ
2429 1583 2521 1637 τοῦ
2570 1585 2774 1646 Λουκᾶ,
2831 1582 3036 1649 Καθὼς
3088 1583 3435 1651 παρέδωκαν
3467 1581 3576 1653 (89)

2006 1673 2343 1745 riui-reide?
2381 1674 2574 1744 ἀρχῆς
2605 1677 2893 1729 αὐτόπται
2933 1674 3031 1728 καὶ
3074 1673 3363 1743 ὑπηρέται
3408 1673 3577 1743 γενό-

341 1783 519 1832 suum,
558 1775 608 1822 et
629 1769 835 1822 sanavit
864 1784 950 1822 eos
976 1767 1041 1821 “.
1082 1765 1208 1821 limo
1246 1765 1391 1820 enim
1440 1767 1621 1820 omnia
1653 1765 1905 1820 Arianam

2014 1786 2181 1840 μενοι
2215 1767 2322 1822 τοῦ
2348 1770 2571 1837 Λόγου·
2608 1768 2683 1831 ὼς
2717 1768 2811 1820 καὶ
2833 1766 2993 1820 πάλιν
3024 1765 3187 1820 Δαυϊδ
3236 1765 3384 1835 λέγει
3421 1764 3530 1836 (90)
3559 1782 3575 1795 °

342 1859 541 1929 ubique
590 1860 876 1930 proﬂigant
928 1858 1175 1913 haeresim
1200 1899 1215 1923 ,
1249 1855 1521 1927 Verhique
1553 1865 1805 1913 asserunt
1836 1873 1905 1913 a3-

339 1952 665 2020 ternitatem,
702 1966 800 2007 nec
824 1953 1004 2019 ipsum
1034 1950 1297 2014 alienum,
1331 1949 1424 2004 sed
1475 1957 1686 2003 natura:
1728 1948 1904 2004 Patris

338 2039 620 2107 proprium
649 2045 792 2094 csse.
825 2037 960 2104 Quis
998 2037 1142 2092 enim
1205 2052 1448 2108 unquam
1478 2038 1653 2093 lucem
1698 2038 1905 2108 absque

340 2128 629 2197 splendore
660 2127 827 2181 vidit?
864 2125 959 2181 Vel
1005 2127 1132 2195 quis
1186 2127 1556 2182 characterem
1590 2128 1904 2183 substantiae

340 2218 560 2274 audebit
580 2218 816 2280 alienum
848 2219 968 2289 ejus
995 2233 1115 2274 esse
1144 2219 1361 2274 dicere?
1393 2221 1502 2274 Aut
1546 2219 1640 2289 qui
1699 2220 1746 2276 is
1791 2235 1902 2274 non

341 2311 575 2366 maxime
600 2311 823 2377 insanit,
840 2314 933 2382 qui
958 2314 1041 2368 vel
1057 2314 1257 2382 cogitat
1275 2311 1440 2366 Deum
1468 2310 1760 2382 aliquando
1785 2311 1904 2367 sine

340 2400 520 2458 Verbo
550 2403 668 2458 sive
712 2402 944 2459 Ratione
992 2414 1046 2459 et
1092 2404 1368 2475 Sapientia
1425 2403 1628 2459 fuisse?
1660 2401 1904 2471 Namque

338 2496 462 2553 ideo
498 2495 726 2566 hujusce
751 2497 897 2551 modi
925 2497 1171 2566 exempla
1200 2512 1263 2551 ac.
1312 2494 1578 2567 imagines
1624 2491 1904 2563 proposuit

340 2586 640 2658 Scriptura,
665 2595 723 2643 ut
759 2588 1019 2658 quoniam
1065 2603 1153 2643 res
1198 2587 1412 2643 divinas
1445 2584 1903 2655 comprehendere

338 2676 620 2732 hominum
646 2692 756 2734 non
788 2678 929 2733 valet
958 2688 1177 2745 natura,
1205 2679 1397 2734 saltem
1421 2693 1488 2733 ex
1517 2677 1604 2732 his
1632 2678 1815 2747 aliqua
1834 2692 1902 2732 ex

333 2780 489 2841 parte
538 2782 596 2826 et
645 2771 898 2839 obscure,
957 2788 1058 2843 pro
1093 2773 1293 2828 nostris
1321 2770 1550 2836 viribus,
1608 2768 1903 2837 intelligere

335 2877 643 2932 possemus.
665 2863 745 2919 Ac
764 2865 1224 2934 quemadmodum
1260 2865 1374 2934 ipsa
1398 2878 1577 2920 rerum
1599 2871 1792 2916 natura
1820 2876 1904 2915 sa-

336 2955 407 3010 tis
438 2970 504 3011 ex
532 2970 593 3012 se
620 2964 705 3011 est
731 2956 801 3011 ad
828 2955 1171 3026 probandum
1220 2956 1389 3013 Deum
1420 2969 1472 3012 et
1505 2954 1900 3026 providentiam

334 3059 457 3101 esse
481 3062 495 3098 :
525 3043 796 3116 Siquidem
816 3063 881 3100 ea:
913 3047 1276 3117 magnitudine
1318 3056 1368 3101 et
1409 3045 1798 3116 pulchritudine
1820 3060 1901 3100 re-

2025 1854 2359 1910 Ἁπέστειλε
2388 1854 2495 1908 τόν
2519 1856 2713 1925 Λόγον
2739 1856 2945 1919 αὐτοῦ,
2973 1854 3073 1909 καὶ
3111 1854 3320 1908 ἰάσατο
3334 1853 3575 1920 αὐτούς.

2012 1947 2195 2001 Ταῦτα
2218 1947 2327 2020 γὰρ
2360 1947 2537 2001 πάντα
2558 1948 2656 2019 τὴν
2683 1950 2779 2019 μὲν
2815 1947 3090 2020 ’Ᾱρειανὴν
3137 1947 3344 2020 αἵρεσιν
3398 1946 3582 2017 στηλι-

2009 2039 2153 2094 τεύει
2175 2039 2471 2110 πανταχοῦ,
2487 2038 2585 2111 τὴν
2609 2040 2668 2094 δὲ
2693 2039 2787 2093 τοῦ
2810 2040 2979 2108 Λόγου
3002 2039 3280 2109 ἀῖδιότητα
3303 2039 3575 2111 σημαίνει,

2010 2132 2104 2184 καὶ
2134 2131 2215 2185 ὅτι
2246 2131 2305 2185 οὐ
2338 2130 2504 2196 ξένος,
2545 2130 2658 2185 ἀλλ’
2694 2131 2822 2196 ἴδιος
2855 2130 2965 2204 (91)
2996 2131 3096 2203 τῆς
3133 2130 3462 2203 τοῦιΠατρὺς
3484 2130 3579 2184 οὔ·-

2011 2222 2133 2287 σίας
2161 2222 2296 2276 ἐστί.
2328 2224 2465 2276 Πότε
2492 2224 2599 2296 γὰρ
2624 2221 2731 2278 εἶδέ
2759 2242 2844 2290 τις
2877 2224 2991 2294 φῶς
3020 2226 3190 2296 χωρὶς
3217 2224 3310 2278 τοῦ
3330 2223 3582 2293 ἀπαυγα-

2011 2331 2246 2385 σματος;
2279 2315 2352 2368 Ἦ
2369 2315 2451 2379 τίς
2474 2315 2649 2387 τολμᾷ
2675 2315 2852 2384 λέγειν
2871 2315 3148 2387 ἀλλότριον
3171 2311 3310 2369 εἶναι
3351 2315 3440 2368 τὸν
3476 2330 3578 2385 χα-

2012 2405 2259 2476 ρακτῆρα
2286 2405 2386 2476 τῆς
2406 2407 2789 2472 ὑποστάσεως;
2818 2409 2889 2461 Ἢ
2920 2407 3038 2472 πῶς
3057 2408 3117 2461 οὐ
3140 2407 3386 2478 μαίνεται
3415 2406 3580 2460 πλέον

2008 2497 2037 2550 ό
2070 2495 2168 2550 κᾶν
2197 2495 2591 2568 ἐνθυμούμενος
2618 2497 2809 2568 ἄλογον
2832 2500 2925 2554 καὶ
2946 2497 3142 2567 ἄσοφόν
3163 2515 3292 2552 ποτε
3309 2498 3400 2551 τὸν
3414 2498 3578 2563 Θεόν;

2009 2586 2241 2641 Τοιαῦτα
2300 2586 2408 2661 γὰρ
2457 2588 2527 2643 τὰ
2558 2590 2971 2661 παραδείγματα
3018 2589 3129 2662 (92)
3182 2590 3278 2643 καὶ
3324 2588 3580 2654 τοιαύτας

2007 2677 2106 2743 τὰς
2156 2678 2371 2743 είκόνας
2421 2678 2676 2752 ἔθηκενή
2718 2681 2944 2754 Γραφὴ,
2976 2683 3041 2735 ἵν’
3084 2682 3269 2753 ἐπειδὴ
3320 2679 3582 2745 ἀδύνατός

2008 2772 2153 2826 ἐστιν
2181 2773 2214 2844 ἡ
2250 2771 2563 2846 ἀνθρωπίνη
2595 2774 2754 2843 φύσις
2786 2776 2914 2846 περὶ
2942 2775 3075 2829 Θεοῦ
3108 2775 3453 2839 καταλαϐεῖν,
3475 2773 3586 2829 κᾶν

2009 2865 2074 2917 ἐκ
2098 2865 2304 2918 τούτων
2333 2865 2623 2934 ὀλιγοστῶς
2650 2885 2767 2931 πως
2788 2868 2883 2922 καὶ
2922 2868 3180 2940 ἀμυδρῶς
3199 2910 3215 2935 ,
3252 2867 3327 2932 ὼς
3358 2868 3584 2937 ἐφικτόν

2008 2956 2146 3016 ἐστι,
2174 2954 2501 3010 διανοεῖσθαι
2539 2956 2874 3030 δυνηθῶμεν.
2923 2959 3035 3012 Καὶ
3077 2958 3266 3032 ὥσπερ
3311 2960 3439 3032 περὶ
3481 2958 3580 3018 τοῦ

2008 3046 2149 3103 εἶναι
2172 3047 2305 3102 Θεὸν
2335 3048 2445 3121 (95)
2469 3050 2562 3103 καὶ
2591 3051 2844 3122 πρόνοιαν
2873 3050 3154 3123 αὐτάρκης
3183 3055 3215 3123 ἡ
3243 3053 3419 3118 κτίσις
3441 3055 3585 3123 πρὸς·

336 3153 457 3190 rum
495 3146 793 3192 creaturam
819 3180 834 3204 ,
878 3139 1094 3192 illarum
1140 3137 1362 3193 Creator
1399 3140 1758 3194 convenienter
1781 3154 1905 3193 con-

2014 3139 2102 3212 τὴν
2130 3134 2331 3209 γνῶσιν
2350 3159 2363 3172 ο
2413 3144 2512 3197 Ἐκ
2534 3142 2642 3215 γὰρ
2664 3144 2953 3215 μεγέθους
2983 3144 3084 3198 καὶ
3115 3145 3423 3215 καλλονῆς
3452 3164 3585 3201 κτι-

336 3227 620 3295 spicitur”
650 3244 666 3295 ;
698 3243 797 3283 nec
826 3227 988 3283 verba
1015 3227 1286 3299 exigimus
1320 3237 1376 3283 ut
1405 3229 1703 3297 discamus,
1734 3227 1829 3285 sed
1856 3236 1912 3284 et

341 3321 638 3392 Scripturis
667 3322 865 3377 auditis
896 3321 1192 3384 credimus,
1223 3331 1277 3377 et
1308 3323 1517 3377 huncce
1545 3322 1788 3376 omnium
1821 3336 1909 3376 re-

337 3429 461 3468 rum
492 3412 740 3483 ordinem
774 3428 840 3468 ac
868 3422 1193 3468 concentum
1238 3414 1690 3483 conlemplantes,
1749 3413 1905 3468 illum

337 3501 690 3574 intelligimus
718 3501 964 3556 omnium
998 3501 1269 3573 opiﬁcem,
1296 3500 1582 3557 Dominum
1620 3517 1686 3557 ac
1732 3500 1902 3557 Deum

336 3610 481 3662 esse,
511 3595 741 3665 ejusque
766 3594 823 3650 in
849 3608 938 3650 res
967 3608 1160 3649 omnes
1209 3592 1603 3664 providentiam
1660 3592 1899 3648 admira-

335 3687 498 3743 bilem
532 3695 587 3743 et
618 3686 1064 3757 gubernationem
1107 3684 1497 3756 agnoscimus;
1549 3686 1624 3740 ita
1652 3683 1902 3740 similiter

335 3793 459 3833 cum
485 3792 570 3846 ea,
600 3791 722 3847 qua:
760 3776 1024 3832 hactenus
1047 3776 1193 3832 dicta
1227 3784 1378 3841 sunt,
1426 3776 1583 3846 plane
1627 3775 1903 3832 sufﬁciant

335 3869 404 3923 ad
438 3867 562 3923 Filii
591 3868 924 3936 probandam
973 3867 1312 3923 divinitatem
1340 3908 1356 3934 ,
1387 3884 1612 3935 vanum,
1639 3869 1750 3923 imo
1773 3866 1903 3924 stul-

336 3956 610 4012 tissimum
642 3954 808 4012 fuerit
834 3958 938 4013 hac
960 3956 1026 4012 de
1052 3972 1112 4012 re
1141 3957 1409 4024 dubitare,
1446 3968 1609 4028 atque
1652 3957 1905 4014 haeretice

338 4050 695 4119 interrogare,
718 4049 993 4119 quomodo
1021 4048 1192 4103 Filius
1226 4050 1399 4119 potuit
1434 4064 1556 4103 esse
1594 4050 1662 4103 ab
1687 4050 1904 4104 aeterni-

338 4147 470 4202 tate,
495 4138 581 4194 vel
606 4137 880 4208 quomodo
909 4152 975 4192 ex
1000 4136 1178 4191 Patris
1215 4146 1299 4191 est
1327 4136 1655 4204 substantia,
1688 4153 1788 4192 nec
1820 4146 1905 4192 ta»-

338 4244 466 4284 men
492 4228 613 4299 ejus
634 4242 781 4299 pars,
808 4242 934 4282 cum
959 4227 1012 4282 id
1059 4227 1302 4299 quidem,
1331 4227 1494 4298 396
1519 4229 1663 4297 quod
1698 4242 1764 4290 ex
1804 4229 1905 4283 ali-

409 4386 457 4417 "
503 4384 664 4440 Prov.
707 4383 945 4452 “3,25.
1059 4383 1105 4416 ⁸⁸
1131 4384 1271 4440 Psal.
1313 4400 1420 4447 LVI,
1468 4384 1522 4439 5.

1629 4383 1672 4415 ⁶¹
1704 4381 1868 4438 Hebr.
1906 4400 1945 4447 ι,
1971 4385 2028 4440 5.

2013 3226 2258 3297 σμάτων
2275 3229 2585 3301 ἀναλόγως
2605 3235 2639 3286 ὀ
2670 3235 3087 3303 τενεσιουρτὸς
3112 3235 3312 3290 αὐτῶν
3354 3235 3585 3306 θεωρεῖ-

2008 3336 2102 3375 ται
2130 3337 2143 3349 ·
2168 3321 2263 3373 καὶ
2285 3322 2346 3374 οὐ
2382 3322 2565 3390 φωνὰς
2589 3324 2946 3390 ἀπαιτοῦντες
2971 3330 3102 3400 παρ’
3144 3328 3324 3382 αὐτῶν
3371 3328 3582 3399 μανθά-

2006 3432 2190 3485 νομεν,
2225 3414 2340 3468 ἀλλ’
2376 3415 2663 3479 ἀκούοντες
2690 3416 2787 3486 μὲν
2818 3415 2926 3470 τῶν
2966 3416 3196 3488 Γραφῶν
3232 3408 3582 3489 πιστεύομεν,

2008 3504 2101 3556 καὶ
2124 3505 2293 3576 αὐτὴν
2322 3505 2378 3558 δὲ
2409 3505 2507 3578 τὴν
2542 3504 2694 3572 τάξιν
2719 3504 2825 3558 τῶν
2866 3505 3081 3560 πάντων
3118 3505 3447 3579 θεωροῦντες
3484 3508 3585 3562 καὶ

2004 3592 2103 3665 τὴν
2140 3596 2423 3669 ἁρμονίαν,
2467 3582 2901 3667 ἐπιγινώσκομεν
2943 3596 3131 3652 τοῦτον
3175 3595 3313 3652 εἶναι
3356 3598 3577 3653 πάντων

2007 3682 2234 3754 ποιητὴν
2262 3683 2357 3738 καὶ
2388 3684 2665 3756 Δεσπότην
2695 3687 2789 3740 καὶ
2821 3685 2972 3750 Θεὸν,
3004 3687 3193 3741 τούτου
3233 3706 3293 3741 τε
3326 3688 3438 3759 (94)
3478 3689 3582 3762 τὴν

2007 3776 2088 3837 είς
2115 3773 2292 3828 πάντα
2316 3774 2571 3847 πρόνοιάν
2594 3793 2653 3829 τε
2683 3775 2999 3850 θαυμαστὴν
3032 3780 3125 3832 καὶ
3151 3779 3445 3850 ἠγεμονίαν
3474 3798 3582 3834 κα-

2005 3862 2425 3935 ταλαμϐάνομεν
2444 3881 2456 3894 ·
2491 3865 2584 3918 τὸν
2610 3866 2770 3920 αὐτὸν
2800 3868 2999 3940 τρόπον
3023 3869 3150 3940 περὶ
3175 3870 3275 3941 τῆς
3310 3868 3405 3923 τοῦ
3443 3869 3580 3924 Υἱοῦ

2008 3952 2262 4024 θεότητος
2308 3955 2507 4009 ἱκανῶν
2550 3955 2717 4011 ὄντων
2746 3959 2855 4012 τῶν
2898 3959 3307 4031 προειρημένων
3356 3962 3535 4033 ῥητῶν
3559 4003 3575 4029 ,

2009 4047 2280 4118 περιττὸν,
2314 4046 2513 4116 μᾶλλον
2547 4048 2602 4102 δὲ
2633 4050 2725 4102 καὶ
2768 4051 2964 4120 μανίας
3017 4051 3181 4105 πλέον
3224 4053 3371 4107 ἐστὶν
3406 4052 3581 4124 ἀμφι-

2008 4137 2242 4203 ϐάλλειν,
2262 4138 2356 4191 καὶ
2382 4139 2671 4209 αἱρετικῶς
2695 4140 3078 4207 πυνθάνεσθαι,
3103 4142 3219 4207 πῶς
3247 4140 3340 4198 οὖν
3355 4144 3578 4201 δύναται

2009 4229 2195 4292 ἀϊδίως
2221 4224 2361 4282 εἶναι
2385 4231 2413 4283 ό
2440 4230 2567 4294 Υἱός
2607 4230 2717 4304 (95)
2744 4248 2758 4298 ;
2798 4232 2831 4303 ἢ
2863 4232 2978 4298 πῶς
3001 4234 3220 4288 δύναται
3259 4239 3323 4290 ἐκ
3355 4237 3452 4309 τῆς
3483 4237 3579 4292 at“;-

2148 4382 2240 4439 “1
2273 4382 2400 4439 Cor.
2440 4399 2479 4445 ι.
2521 4384 2611 4438 2-1.
2717 4386 2762 4417 ⁸³
2790 4384 2933 4441 Psal.
2963 4403 3130 4450 xxxv,
3161 4388 3248 4445 10.
3355 4388 3401 4421 “
3424 4388 3572 4447 Psal.

338 4471 455 4523 cm,
480 4456 571 4510 24.
647 4455 691 4488 "
717 4453 914 4511 leuem.
943 4454 1072 4521 n,1.
1151 4454 1196 4486 “
1233 4453 1391 4509 Joan.
1440 4470 1478 4520 ι,
1518 4456 1567 4509 1.
1641 4453 1683 4485 ⁸⁷
1715 4453 1849 4509 Luc.
1894 4471 1905 4509 l

2017 4458 2028 4465 '
2091 4453 2296 4510 “Psal.
2329 4469 2436 4522 ενι,
2458 4454 2547 4508 20.
2628 4456 2673 4488 ⁸⁸
2699 4454 2936 4527 Sapient.
2968 4473 3089 4523 xm,
3111 4459 3165 4513 5.

410 4645 524 4713 (85)
554 4643 772 4700 Gobler.
801 4653 856 4699 et
880 4642 1023 4698 Felc.
1058 4645 1113 4706 1,
1152 4640 1303 4697 εἶπεν
1330 4644 1359 4696 ὁ
1386 4641 1620 4713 ψαλμός.

408 4711 713 4794 (86)__Felc.
750 4714 815 4794 ‘4,
866 4714 1211 4794 εφοϐήθησαν
1263 4713 1302 4794 ἦ
1345 4711 1711 4794 ὲξρρβῇθησαν.
1763 4711 1901 4769 Ibid.

337 4783 481 4842 Feic.
502 4783 571 4851 ’5,
606 4786 886 4855 mendose,
915 4784 983 4838 τὰ
1009 4783 1104 4855 τοῦ
1133 4783 1346 4855 Πατρὸς
1365 4783 1690 4855 ᾐδέσθησαν.

432 4857 520 4925 87)
559 4854 730 4909 Αὑτοῦ
771 4856 924 4910 abest
949 4870 980 4909 a
1021 4854 1339 4922 Seguerian.

430 4923 520 4997 88)
554 4925 907 4997 seguerauat
934 4925 1263 4997 λΧριστὸςλδὲ
1299 4925 1458 4997 θεοῦ,
1486 4934 1590 4981 etc.
1627 4923 1747 4979 Mox
1790 4923 1902 4980 Go-

336 4994 472 5052 ble'r.
502 4994 562 5052 et
603 4994 748 5066 Felc.
777 4996 833 5061 2,
865 4994 965 5066 τοῦ
998 4994 1061 5048 δὲ
1104 4994 1413 5066 ψαλμῳὸοῦ.

409 5067 519 5138 (89)
560 5065 900 5138 SieSeguer.
940 5064 1073 5135 Reg.
1111 5064 1327 5138 Goliler.
1367 5066 1511 5121 Felc.
1539 5065 1564 5119 1
1591 5076 1646 5120 et
1673 5064 1728 5120 4.
1759 5064 1904 5121 Editi

338 5135 695 5224 veronetnalii,
726 5135 1035 5224 xaetbgnxai
1065 5136 1407 5224 παρέδωκαν.

431 5206 518 5274 90)
555 5204 773 5261 Gohler.
805 5217 860 5261 et
895 5206 1039 5262 Felc.
1070 5208 1095 5260 1
1134 5204 1208 5268 ὡς
1238 5217 1291 5261 et
1322 5206 1467 5274 λέγει
1491 5205 1767 5262 omittunt.

434 5210 500 5261 90
555 5210 773 5261 Gobler.
805 5217 860 5261 et
895 5210 1039 5262 Felc.
1070 5210 1095 5260 1
1134 5210 1208 5268 ὡς
1238 5217 1291 5261 et
1322 5210 1467 5274 λέγει
1491 5210 1767 5262 omittunt.

434 5210 660 5355 91)_Sic_
674 5278 909 5355 _S_e_gu_er.
955 5276 1270 5355 At_An_glic.
1295 5275 1451 5355 eius,
1491 5276 1902 5355 diﬁtogﬂcaateri

339 5357 392 5416 et
434 5345 600 5416 editi,
637 5345 779 5416 ἀλλᾶ
815 5347 966 5410 ἴδιος.
1018 5347 1188 5403 Paulo
1239 5358 1363 5414 post
1411 5345 1633 5416 Seguer.
1677 5345 1900 5416 Gobler.

341 5415 484 5489 Felc.
518 5415 557 5489 1_
577 5424 632 5468 et
657 5415 710 5480 4,
738 5419 905 5489 χωρὶς
935 5419 1030 5473 τοῦ
1068 5414 1519 5488 ἀπαυγάσματος.
1545 5415 1651 5471 Alii
1672 5426 1726 5471 et
1750 5414 1902 5481 editi:

336 5485 505 5556 χωρὶς
533 5484 981 5556 ἀπαυγᾶσματος.

411 5553 531 5626 (92),
563 5553 1029 5626 Seguer.‘Anglic.
1062 5558 1282 5616 Gobler.
1308 5566 1363 5613 et
1401 5555 1551 5612 Felc.
1584 5556 1633 5615 1.
1685 5554 1908 5626 τοιαῦτα

340 5624 450 5698 γὰρ
480 5624 1007 5698 ἐὶ-παραδείγματα.
1038 5627 1170 5698 Ibid.
1204 5628 1451 5698 Seguer.,
1482 5627 1737 5698 τοιαύτας
1764 5624 1908 5698 εἰκό-

335 5694 452 5762 νας·
486 5694 624 5751 Editi
658 5694 728 5754 ﬁet
763 5694 876 5763 alii,
918 5697 1148 5762 Τοιαῦτα
1188 5694 1302 5769 γὰρ
1345 5697 1762 5771 παραδείγματα
1792 5695 1909 5754 καὶ-

1928 4645 1982 4707 D
2005 4641 2258 4707 τοιαύτας
2296 4640 2393 4712 τὰς
2433 4640 2668 4712 εἰκόνας.
2710 4640 2886 4712 Paulo
2914 4651 3036 4712 post
3085 4641 3308 4712 Seguer.
3349 4640 3571 4700 Gohler.

2009 4723 2063 4769 et
2095 4712 2242 4768 Felc.
2271 4713 2324 4777 1,
2346 4711 2658 4781 ὀλιγοστῶς.
2695 4710 2888 4766 Caneri
2916 4710 2969 4766 et
2999 4710 3398 4781 ειίὶιίίόλίγως.

2080 4783 2190 4856 (9ῤ)
2223 4780 2473 4856 Seguer.,
2495 4781 2585 4856 τόν
2615 4781 2901 4856 stinox
2920 4782 3060 4856 idem
3088 4793 3142 4856 et,
3167 4780 3323 4856 Reg,
3340 4781 3579 4856 'Ex_'f&p

2083 4797 2190 4853 (ua)
2223 4797 2473 4852 beguer.,
2495 4797 2585 4834 τον
2615 4797 2901 4835 usov.mox
2920 4797 3060 4837 mem
3088 4797 3142 4857 el,
3167 4797 3323 4906 ηθὲη
3345 4797 3435 4836 Ἐκ
3463 4797 3573 4856 γαρ

2083 4853 2279 4924 γέθους
2306 4853 2399 4905 καὶ
2430 4849 2695 4924 καλλονῆς
2722 4852 3061 4924 ῌκτισμάτων
3104 4851 3239 4906 ἀναλ
3271 4868 3400 4924 γως.
3437 4851 3573 4924 Reg.

2083 4871 2275 4923 γευους
2306 4871 2399 4905 και
2430 4871 2695 4922 καΛΑονης
2748 4871 3061 4923 κτισματων
3104 4871 3268 4906 αναΛο
3307 4871 3400 4916 ως.
3437 4871 3573 4924 neg.

2009 4871 2191 4996 bibet,
2212 4922 2321 4975 τῶν
2344 4921 2684 4996 uitandam.
2708 4921 2924 4996 Gobler.
2960 4922 3105 4996 Felc.
3142 4924 3167 4977 1
3205 4871 3333 4996 (ξιξ,
3368 4924 3433 4996 εκ
3462 4923 3578 4996 γὰρ

2054 4993 2274 5063 εγέθους
2312 4992 2425 5064 fuat
2467 4992 2746 5064 καλλονῆς
2767 4995 2860 5047 καὶ
2910 4993 3222 5064 κτισμάτων
3256 4992 3573 5064 Δἀναλόγως.

2054 5011 2274 5063 εγευους
2333 5011 2425 5046 και
2467 5011 2726 5062 καλλονης
2767 5011 2860 5047 και
2910 5011 3222 5064 κτισματων
3273 5011 3436 5047 αναλο
3474 5011 3573 5058 ως.

2008 5011 2153 5118 11610.
2189 5063 2242 5129 4,
2292 5063 2387 5134 Ἐκ
2437 5062 2544 5133 γὰρ
2576 5063 2834 5134 ,μεγάλης
2870 5063 3130 5134 καλλονῆς
3182 5062 3277 5117 καὶ
3313 5011 3578 5134 μεγέθους

2007 5134 2102 5188 καὶ
2127 5133 2439 5207 κτισμάτων
2472 5132 2765 5207 όιναλόγωςἸ
2791 5132 2930 5207 Editi
2963 5132 3174 5207 verolet
3202 5132 3323 5207 alii,
3351 5134 3444 5207 Ἐκ
3466 5133 3577 5207 γὰρ

2052 5202 2271 5274 εγέθρυς
2295 5202 2386 5257 καὶ
2408 5202 2669 5274 καλλονῆς
2686 5204 2779 5274 καὶ
2803 5204 3029 5267 κτίσεως
3052 5204 3257 5274 κόσμου
3273 5202 3578 5273 ἀναλόγως.

2052 5222 2271 5273 εγευους
2295 5222 2386 5257 και
2408 5222 2669 5274 καλλονης
2686 5222 2779 5257 και
2803 5222 3029 5267 κτισεως
3052 5222 3257 5274 κοσμου
3273 5222 3578 5273 αναλογως.

2008 5222 2144 5355 ibid.
2177 5272 2399 5356 §eguer.
2437 5272 2830 5356 gohlerzuFelc.
2852 5275 2893 5356 1_
2912 5284 2973 5356 et
2991 5275 3046 5340 4,
3080 5275 3458 5345 γενεσιουργὸς
3484 5275 3601 5333 αὐτ

2008 5344 2135 5398 τῶν.
2170 5344 2275 5397 Alii
2302 5355 2357 5397 et
2393 5344 2522 5398 editi
2549 5344 2805 5399 omittunt
2836 5345 3034 5400 αὐτῶν.

2080 5413 2190 5485 (94)
2219 5414 2441 5485 Seguer.
2471 5412 2688 5484 Regius,
2708 5414 3046 5485 Basiliensis,
3074 5415 3429 5485 Anglicanus,
3460 5412 3578 5485 Go-

1966 5534 1971 5538 .
2012 5483 2239 5539 lilerian.
2276 5483 2330 5538 et
2355 5483 2500 5541 Felc.
2541 5483 2590 5549 1⁷,
2628 5484 2815 5540 τούτου
2842 5502 2923 5539 τε.
2965 5485 3107 5541 Editi
3139 5483 3193 5539 et
3226 5484 3338 5549 alii,
3376 5483 3575 5540 τούτου

2012 5555 2091 5609 δέ.
2118 5553 2251 5607 Ibid.
2291 5553 2673 5623 Seguerianus,
2716 5555 3023 5610 Goblerian.
3071 5565 3126 5610 et
3157 5554 3468 5611 Felckman.
3515 5551 3577 5624 1,

2016 5624 2270 5696 πρόνοιάν
2301 5642 2378 5696 τε.
2408 5625 2478 5680 At
2514 5626 2566 5679 in
2593 5626 2712 5696 aliis
2740 5638 2793 5679 et
2821 5626 2979 5696 editis
3001 5627 3149 5683 deest
3170 5641 3250 5679 τε.

2086 5693 2198 5766 (95)
2230 5693 2541 5754 Felckman.
2573 5697 2625 5762 -1,
2656 5690 2791 5747 εἶναι
2826 5695 2950 5760 Υἱὸς
