3948 6236
397 262 505 319 219

1043 254 1101 312 S.
1143 253 1519 312 ATHANASII
1556 252 1707 313 OPP.
1742 253 1925 310 PARS
1960 251 2003 309 1.
2033 284 2104 298 -
2135 251 2505 315 HISTORICA
2542 251 2631 308 ET
2670 248 3089 308 DOGMATICA.

467 381 558 436 54.
594 376 842 446 Namque
891 374 938 429 si
994 373 1049 429 in
1080 372 1239 432 factis
1268 373 1358 430 his
1389 383 1445 431 et
1471 375 1752 445 corporeis
1808 373 1974 428 rebus

2145 372 2233 428 51.
2268 372 2332 425 El
2364 371 2474 443 γὰρ
2495 370 2589 425 κα).
2622 370 2716 423 ἐπὶ
2767 367 2970 420 τούτων
2994 364 3103 419 τῶν
3129 362 3372 437 γενητῶν
3420 362 3514 418 καὶ
3546 379 3647 420 σω-

395 468 620 542 quidam
652 466 996 537 reperiuntur
1037 463 1223 532 fetus,
1277 464 1372 536 qui
1429 475 1775 531 naturarum,
1830 461 1976 518 unde

396 571 527 618 sunt
555 559 755 623 exorti,
786 566 971 628 partes
999 572 1109 612 non
1137 557 1269 623 sint,
1325 572 1426 612 nec
1456 556 1667 627 patibili
1727 553 1975 625 producti

397 653 507 709 sint
534 652 722 718 modo,
774 665 952 721 neque
989 658 1276 719 parentum
1315 649 1630 705 .minuerint
1678 658 1972 714 naturam;

396 759 581 799 nonne
608 758 803 799 rursus
833 743 1114 797 dementes
1146 750 1299 808 sunt,
1331 741 1425 811 qui
1468 742 1522 795 in
1554 755 1686 794 vero
1712 748 1767 794 et
1793 739 2006 815 incor-g

397 849 567 906 porco
591 833 700 888 Deo
727 840 909 903 partes
938 846 1003 885 ac
1032 830 1270 901 patiendi
1298 829 1489 886 modos
1521 838 1772 899 quaerant
1805 838 1859 883 et
1879 844 1975 883 su-

398 926 697 997 spicentur,
726 924 887 993 eique
944 923 1037 992 qui
1081 921 1438 977 immutabilis
1483 930 1567 976 est
1622 936 1723 979 nec
1769 919 1975 989 aliquid

397 1019 509 1087 pati
541 1024 741 1088 potest,
771 1014 1075 1069 attribuant
1104 1013 1423 1079 divisiones,
1448 1021 1508 1067 ut
1534 1013 1743 1068 scilicet
1766 1011 1977 1084 simpli-

397 1111 543 1166 cium
577 1124 738 1164 aures
760 1109 867 1164 hac
896 1107 1111 1162 ratione
1139 1106 1472 1162 conturbent
1497 1116 1661 1183 atque
1699 1122 1728 1161 a
1751 1105 1975 1161 veritate

398 1201 693 1260 avertant?
749 1199 885 1268 Quis
927 1200 1072 1256 enim
1106 1199 1381 1254 audiendo
1415 1213 1612 1253 nomen
1648 1197 1769 1252 Filii
1800 1236 1816 1262 ,
1866 1212 1974 1251 non

396 1296 577 1352 statim
604 1293 868 1363 intelligat
892 1292 1037 1362 quod
1086 1289 1262 1346 Patris
1288 1300 1498 1347 natura;
1529 1290 1807 1365 proprium
1838 1296 1923 1347 est
1953 1288 1981 1343 τ

397 1385 533 1453 Quis
559 1399 709 1450 vero,
762 1398 886 1438 cum
926 1382 1121 1452 primis
1167 1380 1496 1438 Christianae
1529 1380 1813 1450 religionis
1860 1381 1973 1436 ele-

397 1475 597 1530 mentis
643 1472 1054 1537 informaretur,
1110 1469 1220 1524 Deo
1266 1468 1464 1529 Filium
1519 1484 1641 1525 esse
1698 1468 1972 1536 audiens,

397 1567 694 1635 omniaque
722 1580 845 1619 cum
873 1563 1092 1633 proprio
1126 1559 1305 1616 Verbo
1330 1560 1493 1632 397
1529 1559 1755 1626 fecisse,
1782 1561 1833 1616 id
1862 1578 1971 1616 non

397 1673 464 1712 eo
513 1672 675 1712 sensu
738 1656 1042 1727 perceperit
1070 1669 1180 1724 quo
1226 1670 1329 1712 nos
1364 1668 1512 1709 nunc
1576 1654 1974 1726 intelligimus?

399 1749 536 1818 Quis
567 1765 690 1805 cum
715 1749 926 1818 impura
962 1747 1290 1801 Arianorum
1322 1746 1545 1802 haeresis
1573 1756 1699 1801 nata
1724 1756 1826 1812 est,
1863 1763 1971 1802 non

399 1843 666 1898 continuo
692 1841 878 1895 audita
916 1839 1133 1893 illorum
1162 1838 1430 1892 sententia
1457 1838 1759 1909 obstupuit,
1790 1845 1976 1909 utpote

398 1936 573 1991 aliena
608 1935 967 2005 loquentium,
994 1932 1267 2001 aliamque
1293 1932 1847 2000 superseminantium
1879 1933 1977 1988 do-

396 2029 629 2085 ctrinam
659 2028 728 2081 ab
762 2041 824 2081 ea
846 2040 969 2094 quae
991 2024 1060 2078 ab
1089 2023 1246 2079 initio
1274 2024 1542 2078 seminata
1564 2024 1692 2079 est?
1720 2023 1976 2080 Doctrina

397 2120 667 2191 siquidem
699 2132 822 2187 qua;
856 2116 1091 2186 primum
1125 2114 1178 2168 in
1210 2114 1454 2184 qualibet
1484 2114 1666 2169 anima
1696 2124 1779 2169 est
1808 2114 1976 2170 semi-

399 2220 548 2275 nata,
575 2206 887 2277 hujusmodi
916 2215 1023 2270 est,
1062 2204 1171 2261 Deo
1199 2204 1397 2259 Filium
1442 2219 1566 2260 esse
1610 2205 1703 2275 qui
1738 2206 1858 2274 ejus
1906 2206 1979 2260 sit

397 2299 657 2366 Verbum,
682 2298 947 2367 sapientia
979 2307 1033 2353 et
1058 2298 1252 2364 virtus,
1279 2298 1506 2368 haecque
1547 2299 1666 2367 ejus
1692 2313 1815 2353 esse
1841 2299 1979 2352 ima-

396 2392 576 2463 ginem
600 2399 654 2446 et
685 2390 1030 2460 splendorem
1057 2407 1070 2443 :
1098 2405 1165 2444 ex
1198 2389 1400 2459 quibus
1436 2389 1577 2442 ultro
1613 2389 1861 2457 sequitur
1886 2386 1981 2441 Fi-

396 2486 530 2540 lium
560 2498 774 2553 semper
794 2497 935 2547 esse,
960 2496 1026 2537 ex
1052 2480 1212 2536 Patre
1234 2495 1378 2547 esse,
1406 2480 1641 2534 similem
1663 2480 1809 2535 illius
1835 2494 1976 2543 esse,

395 2585 768 2646 aeternumque
807 2586 1016 2630 naturae
1051 2589 1174 2630 esse
1216 2575 1407 2639 letum,
1442 2572 1576 2626 nihil
1617 2572 1852 2641 denique
1893 2570 1981 2625 hic

396 2672 600 2728 factum
647 2678 743 2727 aut
796 2680 1039 2726 creatum
1086 2668 1283 2723 debere
1340 2666 1591 2736 cOgitari.
1625 2665 1694 2719 At
1731 2666 1823 2720 ubi
1876 2665 1981 2720 ini—

398 2764 576 2825 micus
631 2764 796 2818 homo
865 2760 1266 2818 dormientibus
1321 2758 1638 2814 hominibus
1709 2760 1871 2833 hasce
1913 2759 1982 2812 de

396 2855 538 2910 Filio
569 2854 855 2924 opiniones
879 2851 1337 2923 superseminavit
1362 2851 1430 2917 ",
1463 2864 1657 2919 nempe
1678 2865 1801 2903 eum
1827 2865 1981 2905 crea-

397 2955 513 3021 tum
535 2960 676 3011 esse,
708 2944 1004 3014 aliquando
1037 2941 1208 2998 fuisse
1239 2958 1363 2997 cum
1399 2957 1504 2996 non
1554 2950 1721 3007 esset,
1751 2949 1804 2996 et
1839 2957 1980 3011 quo-

396 3039 565 3094 modo
608 3039 775 3107 igitur
806 3036 860 3091 id
899 3036 1015 3091 ﬁeri
1069 3035 1280 3105 potest?
1325 3049 1454 3089 tunc
1491 3034 1657 3089 veluti
1705 3034 1976 3089 zizanium
2007 3075 2048 3131 Ο

397 3129 539 3184 facta
582 3137 665 3183 est
691 3142 943 3198 perversa
979 3125 1184 3180 Christi
1219 3124 1567 3179 inimicorum
1606 3125 1850 3190 haeresis,
1880 3126 1972 3195 qui

397 3221 566 3283 illico,
595 3227 854 3288 tanquam
908 3218 1059 3273 omni
1108 3226 1257 3272 recto
1296 3232 1460 3271 sensu
1491 3215 1758 3280 destituti,
1792 3215 1971 3270 furum

398 3312 593 3376 instar,
614 3310 905 3366 circumire
927 3318 1241 3379 cmperunt,‘
1252 3324 1427 3378 eoque
1449 3309 1783 3365 devenerunt
1807 3319 1975 3366 teme-

397 3402 578 3457 ritatis
615 3409 668 3456 ut
703 3401 820 3457 haec
855 3402 1136 3474 dicerent;
1169 3419 1189 3452 ι
1228 3402 1333 3469 Qui
1367 3402 1483 3457 ﬁeri
1517 3411 1695 3473 potest
1717 3413 1778 3459 ut
1800 3403 1974 3462 Filius

398 3507 616 3565 semper
650 3508 772 3548 cum
816 3491 976 3548 Patre
1006 3491 1214 3547 fuerit?
1241 3493 1488 3564 Namque
1538 3495 1680 3565 apud
1726 3496 1972 3552 homines

396 3597 523 3659 post
569 3587 787 3655 aliquod
836 3588 1100 3641 duntaxat
1145 3595 1358 3656 tempus
1402 3602 1466 3641 ex
1521 3588 1835 3645 hominibus
1875 3589 1972 3643 lilii

400 3688 720 3745 nascuntur,
748 3678 822 3732 ita
855 3687 913 3730 ut
943 3677 1092 3732 verbi
1134 3679 1308 3747 gratia
1341 3687 1491 3747 pater
1524 3679 1742 3748 triginta
1774 3680 1845 3735 sit
1876 3695 1975 3734 an-

2008 1720 2049 1775 Β

400 3786 619 3837 norum,
637 3786 761 3827 cum
779 3770 994 3840 genitus
1018 3770 1163 3825 [ilius
1178 3779 1358 3825 ortum
1380 3771 1608 3840 accipit:
1643 3772 1976 3842 omninoque

399 3864 580 3935 quivis
602 3862 840 3919 hominis
866 3863 1019 3931 _tilius
1051 3876 1159 3915 non
1201 3861 1355 3932 prius
1388 3862 1574 3916 existit
1625 3878 1788 3933 quam
1817 3863 1970 3935 geni-

400 3965 490 4011 tus
511 3965 615 4011 est.
642 3974 661 4006 ι
683 3953 891 4009 Rursus
911 3952 1122 4025 veroﬁta
1141 3964 1525 4007 murmurant:
1548 3972 1566 4005 σ
1594 3952 1698 4020 Qui
1733 3953 1843 4008 fieri
1870 3968 1966 4024 po-

2081 463 2324 535 ματικῶν
2346 460 2748 535 εὑρίσκεταιτά
2785 459 3098 529 γεννήματα
3130 455 3204 528 (9)
3242 454 3318 527 μὴ
3353 453 3495 527 μέρη
3524 452 3642 512 ὂντα

2077 554 2185 608 τῶν
2211 554 2406 608 οὐσιῶν
2430 553 2489 621 ἐξ
2518 546 2593 607 ὧν
2623 554 2747 617 εἱσι,
2786 550 2919 622 μηδὲ
2949 546 3260 620 παθητικῶς
3289 546 3644 617 ὑφιστάμενα,

2081 649 2217 721 μηδὲ
2248 646 2503 719 μειοῦνται
2525 646 2623 710 τὰς
2646 646 2833 709 οὐσίας
2852 642 2960 697 τῶν
2992 641 3212 711 γονέων·
3247 640 3363 703 πῶς
3396 639 3556 694 πάλιν
3586 641 3644 694 οὐ

2080 739 2361 811 μαίνονται
2395 741 2486 793 ἐπὶ
2514 738 2609 793 τοῦ
2638 736 2748 808 (10)
2778 735 3069 808 ἀσωμάτου
3098 733 3195 787 κα)⁵
3217 731 3469 803 ἀληθινοῦ
3493 730 3645 796 Θεοῦ,

2077 833 2367 905 ζητοῦντες
2403 833 2496 886 καὶ
2534 828 2888 892 ὑπονοοῦντες
2948 827 3088 900 μέρη
3130 826 3225 881 κα).
3251 826 3419 898 πάθη,
3453 826 3650 898 διαιρέο

2079 942 2193 990 σεις
2216 925 2272 979 δὲ
2320 925 2725 997 προσάπτοντες
2776 922 2855 992 τῷ
2909 919 3113 976 ἀπαθεῖ
3160 918 3256 972 καὶ
3314 916 3651 990 ἀναλλοιὼτῳ

2076 1015 2215 1088 Θεῷ,
2251 1017 2339 1072 ἴνα
2364 1017 2465 1081 τὰς
2495 1015 2665 1080 ἀκοὰς
2693 1017 2750 1068 ἐν
2774 1012 2985 1078 τούτοις
3035 1013 3347 1087 ταράσσωσι
3378 1011 3488 1064 τῶν
3524 1010 3652 1065 ἀκε-

2080 1111 2372 1186 ραιοτέρων
2400 1110 2536 1181 (11),
2561 1109 2656 1163 καὶ
2677 1106 3070 1179 διαστρέψωσιν
3094 1105 3203 1158 ἀπὸ
3233 1104 3331 1175 τῆς
3362 1102 3652 1174 ἀληθείας;

2076 1204 2173 1270 Τίς
2193 1205 2302 1275 γὰρ
2328 1201 2543 1257 ἀκούων
2593 1201 2743 1265 Υίὺν,
2789 1200 2890 1253 οὐκ
2921 1197 3234 1269 ἐνθυμεῖται
3294 1194 3355 1250 τὸ
3401 1195 3531 1249 ίδιον
3555 1193 3653 1266 τῆς

2075 1298 2169 1353 τοῦ
2205 1296 2416 1371 Πατρὸς
2449 1295 2667 1359 οὐσίας;
2702 1293 2798 1357 Τίς
2820 1294 2876 1346 δὲ
2900 1292 3036 1363 (12),
3083 1289 3341 1354 ἀκούσας,
3390 1287 3477 1342 ὅτε
3522 1304 3653 1342 κατ-

2073 1392 2257 1461 ηχεῖτο
2288 1386 2429 1441 κατά
2450 1387 2546 1457 τὴν
2578 1383 2771 1458 ἀρχὴν,
2802 1384 2882 1436 ὅτι
2913 1382 2942 1434 ὁ
2976 1381 3107 1446 Θεὸς
3138 1380 3265 1434 Υἱὸν
3303 1379 3434 1451 ἔχει,
3457 1379 3556 1433 καὶ
3579 1376 3657 1450 τῷ

2079 1482 2193 1553 ίδίῳ
2245 1480 2402 1551 Λόγῳ
2452 1478 2520 1533 τά
2555 1479 2731 1532 πάντα
2788 1475 3105 1546 πεποίηκεν,
3167 1474 3265 1543 οὐχ
3316 1471 3489 1536 οὓτως
3545 1469 3657 1526 ὲδέ-

2076 1572 2203 1640 ξατο
2230 1571 2371 1626 κατά
2396 1572 2497 1642 τὴν
2529 1571 2767 1624 διάνοιαν
2821 1567 2897 1631 ὡς
2936 1565 3031 1622 νῦν
3093 1567 3252 1636 ήμεῑς
3307 1562 3659 1636 φρονοῦμεν;

2079 1666 2206 1731 Τίς,
2252 1666 2340 1719 ὅτε
2373 1664 2596 1734 γέγονεν
2647 1664 2680 1732 ἡ
2719 1659 2888 1733 μιαρά
2950 1659 3057 1713 τῶν
3105 1656 3396 1729 Ἀρειανῶν
3421 1656 3657 1728 αἵρεσις,

2076 1758 2177 1812 οὐκ
2195 1757 2375 1820 εὐθὺς,
2394 1756 2629 1818 ἀκούσας
2652 1753 2687 1808 ἀ
2721 1752 2986 1822 λέγουσιν,
3012 1748 3277 1821 ἐξενίσθη,
3306 1748 3382 1813 ὡς
3405 1747 3662 1819 ἀλλότρια

2076 1849 2342 1918 λεγόντων
2368 1848 2568 1912 αὐτῶν,
2598 1846 2692 1900 καὶ
2748 1844 2901 1918 παρὰ
2955 1843 3047 1897 τὸν
3088 1841 3149 1908 ἐξ
3171 1844 3344 1914 ἀρχῆς
3378 1838 3490 1913 (15)
3521 1856 3664 1895 σπα-

2081 1943 2239 2016 ρέντα
2270 1939 2425 2009 λόγον
2448 1938 2905 2009 ὲπισπειρόντωνς
2943 1935 3016 1988 Τὸ
3038 1934 3136 2006 μὲν
3168 1933 3276 2005 γὰρ
3302 1931 3664 2004 σπειρόμενόν

2077 2036 2222 2088 ἐστιν
2248 2032 2306 2098 ἐξ
2330 2031 2504 2102 ἀρχῆς
2553 2028 2757 2101 ἑκάστη
2801 2027 2968 2099 ψυχῇ,
3007 2026 3090 2078 ὅτι
3151 2023 3262 2095 (11)
3291 2024 3319 2077 ό
3347 2021 3479 2084 Θεὸς
3533 2020 3665 2075 Υίὸν

2076 2128 2168 2182 τὸν
2195 2126 2384 2195 Λόγον,
2407 2123 2504 2195 τὴν
2531 2123 2742 2193 σοφίαν,
2772 2120 2871 2192 τὴν
2896 2119 3121 2190 δύναμιν
3165 2116 3298 2188 ἔχει,
3361 2115 3455 2169 καὶ
3485 2112 3663 2168 ταῦτά

2078 2219 2224 2271 ἐστιν
2254 2213 2418 2269 αὐτοῦ
2448 2211 2611 2267 είκὼν
2656 2212 2751 2267 κα).
2789 2209 3147 2281 ἀπαύγασμα·
3197 2207 3389 2277 φύεται
3417 2205 3473 2258 δὲ
3498 2204 3675 2269 εὐθὺς·

2080 2307 2273 2364 ἐκτῶν
2332 2306 2604 2379 ῥηθέντων
2658 2305 2720 2359 τὸ
2759 2304 2864 2370 ἀεὶ,
2917 2304 2978 2356 τὸ
3043 2304 3107 2355 ὲκ
3162 2299 3255 2353 τοῦ
3319 2299 3558 2379 Πατρὸς,
3601 2297 3673 2351 ro

2079 2401 2282 2471 ὅμοιον,
2319 2398 2381 2452 τὸ
2412 2398 2581 2451 ἀΐδιον
2626 2394 2721 2450 τοῦ
2770 2395 3110 2465 γεννήματος
3157 2391 3254 2462 τῆς
3307 2390 3497 2453 οὐσίας
3523 2387 3660 2459 (15)·

2080 2494 2175 2547 καὶ
2204 2491 2427 2563 οὐδεμία
2456 2490 2584 2564 περὶ
2616 2489 2915 2560 κτίσματος
2939 2487 2972 2556 ἢ
3001 2484 3302 2555 ποιήματος
3362 2483 3419 2534 ὲν
3446 2479 3666 2543 τούτοις

2081 2584 2277 2638 ἔννοια.
2316 2586 2445 2638 Ὅτε
2476 2583 2532 2636 δὲ
2576 2581 2768 2653 ἐχθρὸς
2813 2579 3096 2650 ἄνθρωπος
3141 2574 3502 2647 κοιμωμένων
3552 2573 3665 2627 τῶν

2081 2676 2380 2749 ἀνθρώπων
2403 2677 2695 2747 ὲπέσπειρε
2720 2673 2800 2737 τὸ,
2817 2672 3044 2742 κτίσμα,
3072 2669 3164 2723 καὶ
3186 2668 3264 2733 τὸ,
3294 2662 3362 2738 ἦν
3388 2684 3524 2720 ποτε
3548 2665 3665 2737 (16)

2081 2771 2169 2824 ὅτε
2204 2770 2305 2847 οὐκ
2326 2764 2414 2840 ἦν,
2450 2768 2546 2822 καί¹
2566 2767 2643 2833 τὸ,
2678 2765 2794 2829 πῶς
2825 2760 2917 2818 οὗν
2949 2762 3188 2817 δύναται·
3227 2760 3347 2814 τότε
3377 2758 3570 2813 λοιπὸν
3589 2756 3668 2821 ὡς

2082 2861 2316 2927 ζιζάνιον
2349 2861 2570 2929 γέγονεν
2597 2861 2630 2931 ή
2664 2858 2972 2930 κακοῦργος
2992 2856 3199 2928 αἵρεσις
3229 2852 3335 2907 τῶν
3354 2851 3666 2924 χριστομά-

2081 2971 2213 3026 χωνο
2250 2953 2345 3007 καὶ
2376 2953 2556 3017 εὐθὺς,
2585 2952 2659 3014 ὡς
2686 2949 3063 3022 ἐρημωθέντες
3103 2947 3282 3017 πάσης
3331 2944 3504 3017 ὀρθῆς
3535 2960 3683 3017 φρο-·

2082 3046 2309 3115 νήσεως,
2340 3043 2496 3115 δίκην
2548 3041 2774 3113 λῃστῶν
2821 3036 3274 3109 περιεργάζονται
3329 3032 3424 3087 καὶ
3481 3031 3670 3102 λέγειν

2080 3136 2338 3208 τολμῶσι⁸
2374 3154 2392 3185 ι
2434 3135 2557 3199 Πῶς
2586 3132 2678 3187 οὖν
2698 3132 2918 3186 δύναται
2950 3129 3060 3201 (17)
3107 3131 3135 3182 ό
3160 3127 3290 3190 Υἱὸς
3319 3125 3509 3189 ἀῖδίως
3542 3141 3674 3178 συν-

2081 3229 2347 3300 υπάρχειν
2373 3225 2452 3298 τῷ
2506 3225 2714 3298 Πατρί;
2767 3224 2878 3278 Καὶ
2905 3221 3013 3293 γὰρ
3073 3220 3125 3272 οἱ
3181 3217 3460 3291 ἄνθρωποι
3528 3215 3672 3289 μετά

2079 3321 2268 3392 χρόνον
2299 3320 2358 3386 ἐξ
2397 3316 2697 3389 ἀνθρώπων
2724 3315 2832 3369 υἱοὶ
2869 3314 3130 3384 γίνονται·
3157 3312 3250 3365 καὶ
3284 3312 3312 3363 ὁ
3341 3309 3440 3381 μὲν
3476 3310 3673 3381 πατὴρ

2078 3411 2372 3485 τριάκοντα
2398 3409 2534 3463 ὲτῶν
2557 3411 2722 3463 ἐστιν·
2754 3409 2783 3461 ό
2810 3406 2867 3460 δὲ
2903 3404 3018 3468 υίὸς
3051 3403 3223 3476 ἀρχὴν
3250 3401 3362 3473 ἔχει
3388 3401 3521 3455 τότε
3543 3417 3671 3470 γεν-

2077 3501 2278 3573 νηθείςο
2312 3501 2406 3554 καὶ
2450 3499 2586 3563 ὅλως
2619 3498 2730 3570 (18)
2770 3497 2878 3560 πᾶς
2915 3493 3027 3558 υἱός
3071 3490 3356 3565 ἀνθρώπου
3411 3491 3522 3546 οὐκ
3575 3486 3673 3564 ἦν,

2078 3594 2206 3664 πρὶν
2237 3592 2523 3665 γεννηθῇ.»
2555 3593 2722 3648 Πάλιν
2750 3608 2809 3645 τε
2823 3589 3180 3663 ψιθυρίζουσα
3215 3588 3367 3653 «Πῶς
3386 3588 3676 3644 δύναταιό

2079 3683 2209 3747 Υἱὸς
2231 3682 2401 3752 Λόγος
2431 3681 2590 3749 εἶναι,
2618 3682 2651 3755 ἢ
2688 3685 2716 3737 ό
2744 3682 2916 3751 Λόγος
2951 3679 3111 3734 είκὼν
3148 3679 3241 3734 τοῦ
3270 3679 3438 3745 Θεοῦ;
3477 3680 3540 3734 Ὁ
3556 3667 3677 3750 γάρ

2083 3772 2384 3844 ἀνθρώπων
2417 3774 2587 3844 Λόγος
2626 3775 2691 3828 ἐκ
2759 3772 3037 3828 συλλαϐῶν
3087 3772 3464 3843 συγκείμενος,
3505 3772 3676 3844 μόνον

2081 3866 2319 3936 ὲσήμανε
2346 3864 2407 3917 τὸ
2432 3865 2679 3937 βούλημα
2730 3864 2824 3918 τοῦ
2846 3864 3192 3937 λαλήσαντος,
3247 3862 3343 3918 καὶ
3366 3863 3542 3928 εὐθὺς
3575 3862 3679 3919 πέ-

2073 3973 2277 4011 παυται
2305 3957 2398 4010 καὶ
2411 3951 2737 4027 ἠφάνισται.
2752 3977 2771 4009 ι

401 4055 594 4104 testut
630 4041 868 4102 verbum
908 4046 980 4102 sit
1016 4044 1187 4101 Filius
1234 4055 1287 4100 et
1337 4045 1518 4117 imago
1578 4046 1710 4102 Dei?
1773 4064 1898 4102 nam
1936 4048 2216 4104 hominum
2270 4052 2497 4106 verbum
2551 4067 2616 4106 ex
2672 4050 2892 4123 syllabis
2935 4050 3328 4121 compositum,
3378 4048 3684 4122 loquentis

403 4141 733 4198 voluntatem
777 4139 1120 4196 solummodo
1160 4139 1403 4205 indicat,
1435 4150 1736 4214 posteaque
1777 4142 1979 4200 desinit
2001 4151 2056 4200 et
2083 4144 2377 4201 evanescit.
2402 4164 2422 4198 ε

471 4322 521 4356 ’⁸
545 4321 735 4379 Matth.
768 4338 890 4388 xiii,
912 4320 1003 4377 25.

408 4572 689 4660 oculis”,
706 4572 883 4660 liditio
908 4572 1199 4660 Co‘rnmelp
1232 4575 1611 4660 ἀφιστάμενοι..
1627 4576 1907 4660 mendose.

477 4643 595 4714 (id)
626 4643 846 4716 Goblgr.
876 4643 1111 4716 et_Felc.
1149 4645 1203 4712 1,
1238 4643 1512 4716 περὶτοῦ.
1562 4645 1685 4699 Mox
1721 4644 1882 4716 iidem
1926 4653 1981 4700 et

407 4712 985 4796 Seguer,.ac_Fel_c..-5,
1012 4715 1182 4796 παθη,
1217 4712 1509 4796 διαέρέσεις
1544 4716 1602 4770 δὲ
1635 4714 1980 4796 προσάπτον-

403 4802 517 4910 ἒς.
552 4785 660 4839 Alii
694 4792 750 4840 et
792 4785 946 4852 editi,
972 4785 1119 4858 πάθη
1147 4785 1248 4841 καὶ
1301 4785 1594 4859 διαιρέσεις
1636 4785 1979 4858 προσάπτον-

467 4873 516 4910 ς.

467 4873 595 5011 iii).
638 4923 735 5011 §ic
769 4924 1011 5011 _§eguer.
1057 4925 1273 5011 A'nglic.
1298 4928 1535 5011 .Qoble‘r.
1572 4927 1718 4983 Felc.
1755 4926 1782 4981 1
1810 4934 1888 5011 ρι’.
1917 4926 1978 4992 4,

405 4994 598 5052 (Σεὲῑωί
624 5003 681 5051 et
715 4994 873 5061 editi,
899 4994 1193 5068 ἀκεραίων.
1235 4996 1437 5054 Ibidem
1467 4999 1715 5070 Seguer.,
1739 4997 1833 5051 καὶ
1860 4996 1975 5049 δια-

407 5066 735 5122 στοέωωσιν.

474 5084 1138 5220 Reg.
1159 5145 1220 5220 _et
1252 5138 1476 5220 Anglic._
1496 5136 1552 5193 In
1588 5138 1712 5220 aliis
1739 5146 1795 5193 et
1815 5137 1975 5220 editis

407 5203 669 5281 deestraé.
721 5203 926 5281 ibidem
966 5203 1112 5281 Felc'.
1146 5206 1201 5272 4,
1427 5209 1526 5281 τὴν
1578 5206 1771 5281 ἀρχήν.
1826 5206 1970 5264 Idem

406 5275 587 5359 paulo
605 5278 936 5359 pgst,nAo'7qi
961 5277 1149 5359 ’πάντ-α
1177 5275 1497 5359 πεποίηκενζ

508 5345 1069 5420 15)⁷8ἰο;8εειιόι·ἰαη.
1105 5347 1237 5419 Reg.
1272 5345 1455 5405 Basili.
1501 5347 1712 5420 Anglic,
1755 5347 1902 5404 Felc.
1942 5347 1978 5403 4

409 5423 465 5471 et
494 5417 844 5491 ‘5_._At_alii__ct
873 5419 1024 5491 editi,
1045 5421 1173 5489 παρ’
1194 5417 1369 5491 ίαύτὸν
1399 5419 1460 5485 εξ
1480 5417 1672 5491 ἀρχῆς.

484 5484 596 5577 (1³4)
607 5485 772 5577 ’θεεὲ
856 5488 1006 5577 ἔψυχῇ
1032 5484 1311 5577 σπαρένία
1332 5484 1511 5577 λόγον,
1522 5484 1797 5577 ἐἶτ-ἰητρῷΔ
1814 5504 1972 5577 mss.3

410 5557 579 5680 alii,
603 5557 706 5611 ὅτι.
730 5557 893 5625 Editi,
918 5557 1065 5630 em
1099 5557 1193 5614 καὶ
1224 5557 1432 5626 ἀΐδιον,
1485 5562 1586 5615 ὅτι.
1638 5558 1808 5616 Paulo
1852 5569 1977 5630 post

496 5627 629 5680 bler.
660 5635 713 5680 et
740 5625 886 5680 Felc.
914 5628 965 5680 1.
997 5613 1095 5680 risv
1125 5630 1339 5680 σοωίαν.
1369 5632 1463 5680 καὶ
1491 5630 1589 5680 τὴν
1616 5629 1864 5680 δύναμιν.

496 5613 713 5701 signa
740 5613 893 5701 licth
914 5613 973 5701 1⁸,
997 5613 1109 5700 ξῆν
1124 5613 1473 5701 magis
1491 5613 1589 5701 ἢ.)
1616 5613 1864 5701 δύναμινῖ

482 5695 597 5775 (15)
631 5695 724 5756 Sic
752 5695 1073 5771 Seguerian'.
1104 5700 1175 5756 At
1200 5695 1415 5759 Gobler.
1465 5695 1608 5758 Felc.
1646 5701 1672 5755 1
1728 5695 1783 5757 εἰ
1813 5698 1877 5768 1,
1913 5699 1973 5757 τὸ

499 4500 554 4567 9)
585 4500 794 4573 Anglic.
813 4504 935 4571 γεν⁹
953 4520 1114 4574 ματα.
1138 4502 1308 4558 Paulo
1326 4511 1445 4571 post
1470 4519 1603 4560 mss.
1629 4517 1839 4569 omnes,
1868 4503 1974 4574 ὑφι-

499 4573 670 4629 ιμενα.
706 4572 883 4629 Editio
908 4522 1199 4629 Eorumel“
1232 4575 1597 4629 ἀφιστάμενα.
1627 4576 1907 4629 mendose.

2085 4503 2267 4576 ὅμοιον
2298 4503 2396 4557 καὶ
2428 4502 2598 4558 ἀΐδιον
2623 4503 2718 4559 τοῦ
2741 4505 3079 4576 γεννήματος
3109 4501 3206 4575 τῆς
3251 4501 3471 4566 οὐσίας,
3520 4504 3688 4563 Felc.

2085 4574 2138 4629 5.
2160 4574 2221 4627 τὸ
2255 4575 2439 4629 ὅμοιον
2478 4574 2572 4629 καὶ
2620 4576 2785 4629 ἀΐδιον
2817 4576 2917 4629 τῆς
2948 4576 3134 4629 οὐσίας
3174 4571 3266 4627 τοῦ
3292 4576 3461 4629 γεννή
3474 4592 3687 4629 ματος.

2085 4574 2138 4647 ξ,
2160 4574 2221 4627 τὸ
2255 4575 2439 4647 ὅμοιον
2478 4574 2572 4629 καὶ
2620 4574 2785 4647 ἀΐδιον
2817 4574 3137 4647 τῆςίούσίας
3165 4574 3266 4627 τοῦ
3292 4576 3687 4647 γεννήματος.

2083 4644 2250 4717 Ιὶεε.ὲ
2265 4641 2326 4698 τὸ
2357 4645 2542 4716 ὅμοιον
2570 4647 2663 4700 καὶ
2690 4641 2995 4717 ἀΐδιον’τῆς
3022 4645 3210 4717 οὐσίας
3235 4641 3698 4717 τοῦ-γεννήσαν-

2079 4712 2441 4791 10;:Fele._2,
2475 4717 2740 4791 ἐδ-ὅμοιον
2772 4717 2866 4771 καὶ
2899 4712 3065 4770 ἀΐδιον
3096 4712 3196 4791 τῆξς
3224 4712 3416 4777 οὐσίας
3466 4712 3693 4791 γεννή-

2082 4803 2295 4850 σαντος,
2326 4787 2376 4841 id
2409 4795 2492 4841 est
2515 4788 2738 4841 similent
2769 4803 2887 4841 eum
2916 4796 2965 4840 et
2996 4787 3265 4856 proprium
3292 4799 3418 4856 esse
3450 4787 3696 4845 natuita

2081 4858 2354 4928 genitoris.
2381 4855 2522 4928 Editi
2546 4867 2599 4912 et
2625 4858 2739 4922 alii,
2767 4858 2827 4911 τὸ
2853 4853 3036 4928 ὅμοιον
3067 4853 3165 4928 τῆς
3185 4853 3372 4928 οὐσίας
3402 4856 3695 4928 iro-37er-

2079 4924 2358 4997 νήσαντος,
2392 4927 2617 4982 similem
2645 4945 2761 4983 eum
2802 4924 2911 4982 esse
2958 4924 3163 4997 natura:
3196 4924 3476 4997 genitoris.
3520 4924 3695 4985 Nan—

2074 4998 2222 5121 ἒιίιῖε,
2246 4998 2415 5053 ἀΐδιον
2435 5013 2653 5069 quoque
2682 5000 2904 5070 legerat.
2932 4996 3051 5052 Mox
3082 5012 3183 5068 pro
3212 4997 3413 5060 ἔννοια,
3470 4996 3695 5071 Basil.,

2105 5084 2145 5120 π
2169 5086 2301 5121 νοια.

2169 5086 2301 5122 νοια.

2147 5139 2192 5209 (1
2203 5138 2607 5220 ϐλρεευοτίεη,
2626 5139 2963 5220 ﬁobleria'n,
2980 5138 3124 5220 Felc.
3151 5139 3261 5220 l_et
3287 5140 3350 5220 ξ,
3377 5144 3493 5220 καὶ
3520 5143 3595 5199 τὸ
3619 5141 3700 5219 ἦν

2077 5206 2526 5283 ποτείίίάθῖηᾳυο
2550 5218 2604 5265 et
2626 5210 2760 5283 Reg.
2788 5209 3101 5283 acAFelc._5,
3132 5209 3249 5275 πῶς
3270 5206 3364 5266 οῦν
3402 5206 3696 5272 δύναταὶ.

2076 5280 2269 5335 Caneri
2298 5291 2351 5336 et
2373 5276 2503 5336 editi
2533 5276 2791 5335 omittunt
2809 5280 2867 5333 τό
2895 5288 2950 5335 et
2985 5276 3102 5335 οὖν.

2152 5347 2400 5423 (17)ίοὖν
2432 5352 2586 5423 abest
2614 5367 2647 5407 a
2674 5350 2861 5423 Basili.
2893 5350 3108 5423 lbidem_
3136 5349 3283 5423 Felc.
3312 5352 3347 5406 4
3366 5391 3384 5415 ,
3420 5353 3702 5423 ,δύναται

2081 5419 2573 5496 Υίόςζίὰθωμίὶξίἀί
2616 5421 3027 5496 etseguerian:
3070 5420 3384 5477 Goblerian.
3416 5422 3595 5484 Felc.
3637 5427 3702 5496 1,

2078 5489 2345 5565 {meum
2362 5491 2439 5565 τῷ
2466 5491 2614 5564 Θεῷς
2647 5493 2757 5565 Καὶ
2784 5489 2897 5565 τὰρ
2928 5490 3223 5565 ἀνθρευποξε

2078 5508 2345 5563 υπαρχειν
2362 5510 2439 5563 τῳ
2466 5508 2614 5564 usq);
2649 5508 2757 5548 ιιαι
2825 5508 2860 5545 α
2928 5508 3223 5565 ανυρωποι.

2174 5563 2263 5633 18)
2298 5562 2608 5619 Felckman.
2640 5562 2695 5628 4,
2731 5508 2825 5618 κα.)
2856 5509 2992 5628 gito);
3012 5560 3149 5628 πῶς.
3175 5560 3302 5619 Mox
3329 5560 3699 5627 Goblerian.

2077 5640 2131 5691 et
2150 5562 2302 5691 iielc.
2343 5633 2394 5701 l,
2427 5633 2595 5689 Πάλιν
2627 5649 2711 5704 γε.
3310 5637 3332 5646 "

2289 5674 2302 5688 ο
2348 5672 2394 5701 ι,
2429 5672 2592 5689 μυιηιν
2637 5672 2711 5701 ι..
