3948 6236
244 304 247 307 ’
329 316 438 371 223

933 317 990 370 S.
1024 314 1395 371 ATlIANASll
1434 315 1584 372 OPP.
1627 315 1809 371 PARS
1848 317 1888 370 l.
1920 344 1993 357 --
2028 313 2399 371 lllSTORlCA
2437 307 2526 368 ΕΤ
2565 312 2981 371 DOGMATICA.

3484 316 3594 372 22.}

329 435 430 489 καὶ
464 434 978 504 τετραχηλισμένα
1008 435 1132 499 τοῖς
1155 436 1482 506 ὀφθαλμοῖς
1518 436 1725 497 αὑτοῦ,
1760 435 1909 503 πρίδς
1948 434 2021 488 ὃν
2051 434 2197 504 ἡμῖν
2236 436 2269 488 δ
2305 435 2503 503 λόγος.
2540 434 2875 506 Δημιουργὸς
2909 429 3001 487 οὖν
3027 436 3141 489 ἐστι
3189 436 3322 507 (Si),
3379 436 3472 490 καὶ
3497 455 3594 509 χω-

400 644 493 700 56.
522 642 633 700 Nec
662 659 791 699 vero
829 644 1123 714 quaerenda
1150 653 1233 699 est
1256 647 1398 702 ratio
1426 662 1525 701 cur
1556 646 1651 701 Dei
1677 646 1916 702 Verbum
1951 654 1995 709 Α

334 750 445 790 non
489 736 595 790 tale
651 735 723 791 sit
770 737 931 805 quale
975 746 1266 792 nostrum:
1321 739 1760 809 quandoquidem
1810 755 1917 793 non

333 829 458 883 talis
486 838 568 884 est
592 828 735 884 Deus
761 830 949 899 quales
968 845 1088 896 nos,
1113 831 1189 885 uti
1214 831 1325 899 jam
1350 831 1608 886 diximus.
1627 831 1735 885 Nec
1757 833 1919 887 etiam

334 921 666 990 investigare
698 922 953 975 convenit
986 922 1263 991 quomodo
1293 920 1530 976 Verbum
1580 938 1645 977 ex
1675 922 1920 987 Deo-est,

331 1025 506 1077 quove
557 1008 722 1063 modo
765 1011 1021 1079 splendor
1060 1012 1130 1066 sit
1163 1010 1279 1076 Dei,
1308 1022 1401 1066 aut
1426 1013 1702 1081 quomodo
1756 1013 1923 1084 gignit

334 1100 499 1167 Deus,
530 1100 719 1171 quisve
757 1100 847 1154 ille
874 1102 943 1156 sit
976 1100 1069 1155 Dei
1119 1102 1376 1171 gignendi
1427 1103 1645 1157 modus.
1692 1102 1923 1159 Insanus

333 1192 479 1245 enim
531 1192 577 1247 is
618 1199 703 1246 est
735 1192 1114 1258 aestimandus,
1147 1192 1242 1262 qui
1278 1192 1381 1247 ista
1424 1193 1655 1247 scrutari
1697 1209 1802 1246 non
1835 1209 1924 1247 vc-

334 1284 568 1349 rebitur,
602 1282 803 1353 quippe
850 1283 943 1353 qui
997 1284 1275 1339 existimet
1324 1300 1438 1339 rem
1492 1285 1921 1355 inexplicabilem

333 1376 639 1445 divinaeque
662 1375 938 1445 propriam
961 1385 1191 1439 naturae,
1223 1375 1325 1429 soli
1353 1375 1464 1430 Deo
1493 1392 1555 1431 ac
1579 1375 1717 1431 Filio
1740 1378 1926 1446 cogni—

336 1477 467 1531 tam,
501 1482 661 1536 posse
695 1468 875 1522 verbis
904 1467 1158 1538 exprimi.
1186 1466 1335 1521 Idem
1370 1468 1517 1521 enim
1564 1477 1650 1523 est
1680 1468 1925 1538 profecto

333 1578 400 1620 ac
428 1563 475 1619 si
505 1564 608 1633 ipsi
635 1572 960 1632 quaererent.
1008 1563 1229 1617 ubinam
1265 1576 1443 1632 quove
1471 1562 1631 1616 modo
1660 1562 1730 1617 sit
1759 1561 1923 1629 Deus,

334 1663 390 1709 ct
418 1655 596 1725 qualis
624 1656 695 1710 sit
723 1653 901 1709 Pater.
936 1652 1005 1709 Ut
1030 1669 1163 1724 ergo
1194 1653 1263 1707 de
1291 1653 1412 1707 istis
1434 1653 1599 1707 rebus
1629 1654 1923 1721 sciscitari,

238 1802 249 1811 ,
336 1747 554 1803 nonnisi
584 1747 873 1817 impiorum
905 1756 959 1802 et
985 1746 1153 1800 Deum
1190 1746 1558 1817 ignorantium
1591 1756 1709 1801 est:
1737 1747 1811 1801 ita
1842 1757 1925 1802 ta-

334 1841 407 1894 lia
442 1840 508 1895 de
534 1838 655 1893 Filii
686 1837 783 1894 Dei
816 1838 1164 1909 generatione
1187 1838 1391 1892 audere
1423 1836 1703 1907 indagare,
1736 1836 1929 1894 Deum-

246 542 250 548 ‘
451 523 618 578 αὑτοῦ
647 523 866 594 ἐγένετο
890 524 1015 578 οὐδέ
1051 525 1129 590 ἓν,
1156 526 1276 579 οὑδέ
1302 527 1526 581 δυνατόν
1586 546 1640 581 τι
1685 526 1927 597 γίνεσθαι
1957 528 2125 600 χωρὶς
2151 525 2339 580 αὐτοῦ.

2125 645 2214 702 56.
2251 648 2323 701 οὐ
2345 646 2425 700 δεῖ
2448 646 2505 701 δὲ
2554 644 2755 716 ζητεῖν,
2815 646 2903 700 διὰ
2945 648 2997 700 τί
3059 647 3131 719 μὴ
3158 648 3396 712 τοιοῦτος
3448 649 3592 703 ότοῦ

2023 738 2157 792 Θεοῦ
2182 738 2353 807 Λόγος
2380 734 2491 803 οἷος
2511 739 2605 792 καὶ
2631 741 2659 792 6
2703 738 2986 810 ἡμέτερος·
3032 740 3153 793 ἐπεὶ
3180 739 3253 811 μὴ
3302 740 3542 804 τοιοῦτος
3567 744 3596 794 6

2023 829 2154 893 Θεὸς
2183 824 2283 882 οἷοι
2312 829 2405 883 καὶ
2426 832 2606 902 ἡμεῖς,
2666 830 2740 893 ὼς
2778 830 3097 902 προείρηται
3144 831 3275 897 ('52)’
3337 830 3447 884 ἀλλ’
3476 832 3595 885 οὐδὲ

2025 921 2223 991 πρέπει
2253 919 2432 992 ζητεῖν
2474 921 2590 986 πῶς
2646 922 2709 974 ἐκ
2750 921 2845 974 τοῦ
2901 922 3035 975 Θεοῦ
3076 924 3223 975 ἐστιν
3278 924 3306 975 ὁ
3336 923 3525 991 Λόγος,
3559 922 3595 994 ἢ

2024 1011 2143 1075 πῶς
2172 1011 2511 1083 ἀπαύγασμα
2532 1014 2647 1064 ἐστι
2683 1012 2778 1065 τοῦ
2812 1011 2967 1076 Θεοῦ,
2994 1012 3026 1084 ἢ
3058 1014 3171 1077 πῶς
3205 1016 3364 1085 γεννᾷ
3397 1014 3596 1078 όΘεὸς,

2026 1105 2117 1157 καί
2148 1103 2230 1169 τίς
2258 1106 2286 1157 6
2321 1104 2517 1176 τρόπος
2544 1103 2645 1173 τῆς
2669 1102 2762 1156 τοῦ
2804 1102 2940 1156 Θεοῦ
2991 1108 3313 1175 γεννήσεωςν
3358 1103 3600 1174 μαίνοιτο

2024 1196 2134 1267 γὰρ
2165 1196 2229 1250 ἄν
2287 1214 2370 1260 τις
2401 1195 2625 1248 τοιαῦτα
2659 1194 2890 1265 τολμῶν,
2955 1196 3036 1249 ὅτι
3087 1200 3315 1266 πρᾶγμα
3361 1196 3600 1268 ἄρρητον

2026 1290 2119 1343 καὶ
2147 1288 2358 1356 φύσεως
2391 1288 2517 1342 ἴδιον
2543 1286 2701 1351 Θεοῦ,
2766 1287 2910 1358 μόνῳ
2938 1304 2997 1340 τε
3032 1288 3180 1358 αὐτῷ
3226 1288 3318 1341 καὶ
3358 1288 3433 1359 τῷ
3482 1288 3600 1360 Tqu

2026 1379 2450 1450 γινωσκόμενον,
2478 1377 2618 1444 ἀξιοῖ
2664 1377 2845 1446 λόγοις
2872 1378 3001 1431 αὐτὸ
3037 1379 3145 1449 (55)
3180 1380 3595 1451 ἐρμηνευθῆναι⁸

2029 1473 2141 1525 ἴσον
2161 1470 2269 1542 γάρ
2294 1472 2409 1523 ἐστι
2434 1471 2561 1535 τοὺς
2583 1469 2857 1533 τοιούτους
2885 1470 3087 1540 ζητεῖν,
3120 1471 3221 1523 ποῦ
3252 1472 3280 1523 6
3323 1470 3473 1537 Θεὸς,
3505 1471 3602 1526 καὶ

2030 1561 2147 1628 πῶς
2177 1562 2323 1615 ἐστιν
2345 1563 2373 1614 6
2401 1561 2551 1627 Θεὸς,
2583 1562 2678 1614 καὶ
2702 1561 2943 1623 ποταπὸς
2973 1561 3082 1633 (54)
3136 1563 3281 1615 ἐστιν
3307 1565 3336 1617 6
3384 1564 3599 1636 Πατήρ.

2041 1654 2178 1707 Ἀλλ’
2205 1653 2393 1725 ὥσπερ
2418 1653 2480 1706 τὸ
2526 1653 2736 1707 τοιοῦτο
2782 1654 2991 1725 ἐρωτᾷν
3047 1654 3242 1719 ἀσεόἐς
3301 1657 3452 1720 ἐστι,
3507 1655 3607 1710 καὶ⁹

2029 1745 2365 1814 ἀγνοούντων
2396 1743 2486 1797 τὸν
2516 1743 2666 1806 Θεὸν,
2696 1742 2839 1796 οὕτω
2892 1744 2987 1797 καὶ
3015 1744 3075 1796 οὐ
3136 1744 3294 1814 θέμις
3330 1745 3446 1798 οὐδὲ
3475 1746 3605 1816 περὶ

2027 1836 2130 1907 τῆς
2159 1836 2252 1890 τοῦ
2288 1834 2417 1888 Υίοῦ
2480 1834 2574 1888 τοῦ
2609 1834 2743 1887 Θεοῦ
2779 1836 3083 1905 γεννήσεως
3114 1834 3336 1889 τοιαῦτα
3372 1836 3602 1907 τολμᾷν,

336 1947 442 2002 que
470 1946 535 1987 ac
558 1931 678 2001 ejus
709 1930 1031 2000 sapientiam
1058 1938 1247 1984 nostra
1289 1939 1487 1983 natura
1519 1938 1576 1985 et
1604 1928 1923 1984 inﬁrmitate

2030 1928 2150 1983 οὐδὲ
2190 1929 2255 1999 τῇ
2292 1925 2496 1980 ἑαυτῶν
2528 1924 2685 1995 φύσει
2709 1927 2806 1979 καὶ
2848 1926 3101 1997 ἀσθενείᾳ
3152 1931 3480 1998 συμμετρεῖν
3512 1929 3605 1982 τὸν

336 2023 536 2089 metiri,
567 2036 792 2092 prorsus
832 2019 986 2074 nefas
1022 2027 1126 2074 est.
1173 2018 1291 2073 Non
1332 2019 1539 2076 idcirco
1588 2028 1766 2074 tamen
1794 2020 1921 2090 quid

2027 2020 2158 2074 Θεὸν
2183 2021 2276 2074 καὶ
2313 2019 2410 2091 τήν
2432 2019 2618 2072 τούτου
2655 2019 2863 2089 σοφίαν·
2894 2019 3007 2074 ἀλλ’
3038 2020 3158 2072 οὐδὲ
3188 2021 3273 2073 διὰ
3303 2020 3458 2073 τοῦτο
3491 2020 3604 2089 (55)

334 2122 531 2183 praeter
558 2112 840 2166 veritatem
868 2111 1109 2182 cogitare
1154 2111 1305 2176 licet,
1334 2127 1437 2166 nec
1478 2113 1526 2166 si
1577 2110 1702 2182 quis
1742 2110 1797 2164 in
1838 2110 1925 2165 his

333 2201 684 2271 exquirendis
713 2198 991 2267 defecerit,
1021 2201 1181 2256 debet
1233 2202 1397 2255 etiam
1438 2202 1597 2256 [idem
1631 2200 1926 2270 Scriptura:

335 2293 619 2361 derogare.
650 2289 929 2360 Siquidem
962 2300 1186 2362 prastat
1207 2292 1524 2348 haesitantes
1551 2294 1710 2347 silere
1729 2302 1781 2348 et
1807 2308 1926 2347 cre~

335 2382 486 2448 dere,
516 2397 681 2451 quam
707 2382 851 2437 nolle
886 2382 1111 2438 credere
1146 2384 1273 2453 quia
1298 2383 1752 2438 liaasitaverimus.
1788 2381 1922 2438 Nam

338 2473 387 2527 is
419 2473 512 2543 qui
548 2472 1016 2537 hazsitat,veniam
1046 2475 1232 2544 aliquo
1258 2476 1421 2529 modo
1446 2484 1620 2545 potest
1641 2476 1920 2544 consequi,

334 2574 621 2636 propterea
650 2564 820 2635 quod,
861 2566 1077 2621 tametsi
1127 2575 1406 2622 scrutatus
1442 2576 1545 2633 est,
1578 2576 1755 2622 tamen
1789 2584 1923 2622 con-

337 2657 574 2728 quievit.
604 2655 709 2724 Qui
749 2666 929 2712 autem
966 2657 1097 2727 quia
1142 2657 1260 2727 ipse
1310 2658 1545 2721 haesitat,
1572 2673 1635 2711 ea
1667 2674 1788 2727 qua:
1818 2658 1923 2712 mi-~

337 2749 485 2802 nime
516 2747 712 2802 decent
749 2748 911 2801 audet
952 2745 1321 2811 comminisci,
1349 2754 1512 2813 atque
1548 2744 1766 2814 indigna
1814 2744 1923 2799 Deo

337 2839 604 2911 bqnitnr,
654 2840 860 2895 nullam
888 2839 935 2894 is
962 2839 1208 2909 profecto
1230 2836 1551 2891 temeritatis
1577 2852 1691 2891 sua:
1713 2837 1921 2891 veniam

339 2929 629 2986 obtinebit.
656 2927 903 2999 Namque
926 2928 979 2981 in
1013 2928 1163 2981 hisce
1191 2926 1602 2981 diﬂicullatibus
1630 2934 1807 2996 potest
1835 2941 1925 2980 so-

339 3020 532 3075 latium
568 3017 789 3087 aliquod
817 3032 886 3071 ex
916 3014 1118 3071 divinis
1152 3015 1373 3069 haurire
1411 3013 1730 3084 Scripturis.
1760 3016 1834 3070 ita
1865 3024 1926 3071 ut

340 3128 463 3184 qua:
485 3111 686 3181 scripta
711 3118 839 3164 sunt
863 3117 1007 3163 recte
1022 3108 1306 3178 intelligat,
1326 3116 1684 3178 nostrumque
1699 3108 1921 3164 verbum

342 3204 540 3259 habeat
566 3204 736 3258 instar
763 3201 995 3271 exempli
1024 3208 1079 3256 et
1116 3200 1394 3271 imaginis.
1435 3198 1506 3257 Ut
1528 3201 1670 3255 enim
1697 3201 1921 3255 verbum

340 3307 589 3352 nostrum
628 3310 691 3349 ex
727 3293 887 3348 nobis
917 3301 1023 3359 est,
1058 3308 1157 3347 nec
1200 3292 1418 3363 aliquod
1469 3303 1555 3348 est
1601 3309 1737 3363 opus
1769 3302 1921 3348 extra
1950 3324 1993 3382 ε

341 3401 445 3443 nos
472 3386 697 3449 factum,
736 3384 811 3439 ita
835 3393 889 3438 et
915 3383 1006 3439 Dei
1035 3381 1277 3439 Verbum
1306 3383 1585 3454 proprium
1615 3400 1680 3438 ex
1704 3384 1794 3438 illo
1815 3394 1916 3449 est,

341 3495 446 3535 nec
474 3493 613 3549 opus
636 3476 855 3547 aliquod
884 3485 988 3541 est,
1013 3491 1116 3531 nec
1140 3477 1303 3530 etiam
1329 3475 1476 3530 Velut
1505 3475 1789 3531 hominum
1809 3491 1927 3531 ver-

343 3572 496 3627 bum.
536 3570 791 3640 Alioquin
835 3568 1007 3624 Deum
1044 3568 1321 3623 hominem
1364 3583 1486 3623 esse
1523 3568 1747 3623 omnino
1782 3578 1926 3623 esset

342 3664 774 3734 intelligendum.
802 3660 1016 3717 Etenim
1055 3661 1290 3732 plurima
1319 3669 1375 3716 et
1401 3660 1615 3716 diversa
1638 3661 1923 3716 hominum

343 3755 507 3810 verba
530 3755 774 3825 quotidie
793 3762 1144 3825 praetereunt,
1177 3752 1302 3823 quia
1333 3752 1513 3822 priora
1538 3767 1646 3807 non
1681 3760 1922 3817 manent,

346 3848 441 3904 sed
470 3861 822 3902 evanescunt.
851 3845 1023 3914 Cujus
1050 3845 1127 3899 rei
1159 3845 1275 3899 haec
1297 3859 1463 3899 causa
1495 3853 1598 3910 est,
1627 3845 1773 3914 quod
1800 3845 1914 3900 illo-

343 3949 463 3988 lum
488 3945 689 4003 patres,
728 3950 853 3990 cum
879 3934 1134 3989 homines
1156 3932 1285 3999 sint,
1304 3933 1477 3988 ﬂuxas
1502 3934 1921 4000 habentaztates,

343 4023 585 4092 aliasque
632 4025 755 4078 aliis
798 4024 1157 4078 succedentes
1202 4023 1597 4093 cOgitationes,
1633 4040 1698 4080 ac
1740 4026 1923 4093 qualia

347 4115 451 4185 ipsi
489 4115 727 4186 cogitant
752 4124 805 4169 et
838 4115 1190 4181 meditantur,
1218 4117 1345 4171 talia
1379 4126 1433 4169 et
1452 4117 1785 4189 loquuntur:
1814 4133 1923 4187 quo

344 4209 407 4262 lit
439 4216 496 4261 ut
525 4208 693 4261 multa
742 4207 978 4262 habeant
1005 4209 1202 4272 verba,
1234 4209 1555 4279 nullumque
1592 4217 1771 4263 tamen
1804 4210 1924 4263 illo-

346 4315 468 4355 rum
514 4309 702 4370 postea
756 4303 1016 4369 supersit.
1052 4301 1190 4356 Cum
1238 4301 1383 4355 enim
1427 4301 1494 4367 is,
1527 4302 1621 4372 qui
1682 4302 1925 4372 loquitur

346 4391 579 4457 siluerit,
600 4391 764 4463 399
787 4408 977 4448 eorum
1008 4394 1191 4447 statim
1226 4394 1407 4448 deﬁcit
1434 4394 1680 4448 verbum.
1706 4394 1801 4449 Dei
1825 4411 1924 4450 au—

347 4494 455 4538 tem
492 4482 726 4540 Verbum
753 4502 921 4542 unum
955 4495 1009 4542 et
1040 4486 1181 4541 idem
1205 4497 1308 4546 est,
1335 4494 1409 4547 et.
1446 4495 1506 4540 ut
1534 4488 1793 4555 scriptum
1817 4497 1920 4553 est,

350 4574 585 4633 Verbum
619 4579 710 4634 Dei
739 4579 794 4634 in
826 4580 1086 4635 saeculum
1117 4587 1400 4649 permanet
1427 4578 1494 4646 ⁷³,
1527 4595 1626 4635 nec
1656 4589 1918 4648 mutatur,

417 4735 465 4771 "
493 4733 639 4791 Psal.
682 4754 872 4803 cxvnt,
908 4739 1000 4795 89.

2025 2112 2119 2165 καὶ
2145 2110 2298 2182 παρά
2320 2110 2418 2181 τὴν
2448 2109 2701 2181 ἀλήθειαν
2729 2113 2867 2164 νοεῖν
2889 2113 3172 2185 προσήκει*
3191 2111 3310 2164 οὐδὲ
3336 2112 3384 2163 εἰ
3411 2112 3609 2184 ἀπορεῖ

2023 2214 2107 2261 τις
2135 2196 2316 2267 ζητῶν
2364 2196 2493 2268 περὶ
2536 2195 2761 2261 τούτων,
2809 2196 3015 2264 ὀφείλει
3067 2194 3160 2247 καὶ
3216 2197 3462 2249 ἀπιστεῖν
3490 2196 3607 2258 τοῖς

2024 2287 2427 2360 γεγραμμένοις
2461 2286 2593 2358 (56).
2630 2286 2845 2341 Βέλτιον
2870 2286 2977 2359 γὰρ
3021 2285 3356 2358 ἀποροῦντας
3395 2288 3609 2358 σιωπᾷν
3635 2305 3657 2324 ο

2025 2379 2118 2433 καὶ
2140 2378 2436 2444 πιστεύειν,
2467 2379 2772 2449 ῆάπιστεῖν
2814 2378 2902 2432 διά
2928 2378 2989 2431 τὸ
3044 2379 3267 2449 ἀπορεῖν
3297 2378 3430 2450 (57)·
3470 2377 3608 2433 διότι

2024 2472 2053 2523 6
2085 2472 2182 2543 μὲν
2206 2469 2425 2543 ἀπορῶν
2479 2470 2702 2525 δύναταί
2754 2488 2871 2534 πως
2922 2471 3016 2524 καὶ
3069 2469 3398 2541 συγγνώμην
3437 2469 3607 2541 ἐχειν,

2023 2562 2104 2616 ὅτι
2133 2562 2270 2626 ὅλως
2300 2561 2404 2616 κᾶν
2431 2561 2668 2633 ζητήσας
2722 2561 3021 2634 ἠρέμησεν·
3076 2563 3104 2614 6
3136 2561 3193 2615 δέ
3250 2561 3336 2615 διὰ
3380 2562 3439 2615 τὸ
3472 2563 3610 2615 ἀπο-

2026 2657 2140 2728 ρεῖν
2165 2656 2273 2726 (58)
2316 2654 2544 2708 ἐπινοῶν
2572 2654 2749 2726 ἐαυτῷ
2798 2654 2867 2707 τά
2925 2654 2998 2727 μὴ
3036 2654 3255 2717 δέοντα,
3303 2654 3397 2707 καὶ
3426 2654 3495 2708 τὰ
3530 2653 3609 2724 μὴ

2025 2745 2149 2813 ἄξια
2183 2746 2310 2816 περὶ
2338 2743 2472 2798 Θεοῦ
2507 2745 2897 2816 φθεγγόμενος,
2952 2746 3335 2815 ἀσύγγνωστον
3368 2745 3479 2817 ἔχει
3505 2746 3610 2817 τῆς

2024 2840 2226 2911 τόλμης
2246 2839 2344 2911 τήν
2371 2838 2548 2909 δίκην.
2604 2837 2835 2891 Δύναται
2883 2836 2992 2909 γὰρ
3051 2838 3145 2891 καὶ
3196 2836 3304 2890 τῶν
3350 2836 3608 2891 τοιούτων

2023 2930 2268 3003 ἀποριῶν
2300 2930 2443 3002 ἔχειν
2471 2929 2592 2984 τινὰ
2639 2928 2993 3001 παραμυθίαν
3025 2931 3090 2982 ὲκ
3134 2929 3243 2983 τῶν
3277 2928 3433 2983 θείων
3466 2929 3610 3000 Γρα-

2025 3024 2162 3095 φῶν,
2202 3023 2342 3078 ὥστε
2388 3022 2686 3094 λαμϐάνειν
2737 3022 2836 3094 μὲν
2892 3020 3073 3085 καλῶς
3102 3020 3174 3076 τὰ
3224 3021 3605 3095 γεγραμμένα,

2025 3123 2163 3176 νοεῖν
2192 3121 2247 3174 δέ
2274 3120 2350 3182 ὼς
2376 3120 2433 3172 ἐν
2457 3117 2859 3190 παραδείγματι
2884 3113 2974 3169 τὸν
3001 3115 3265 3188 ἡμέτερον
3287 3115 3463 3185 λόγον·
3521 3115 3606 3169 ὅτι

2024 3211 2213 3285 ῶσπερ
2238 3204 2391 3274 οὗτος
2439 3209 2568 3274 ῐδιος
2620 3206 2679 3273 ἐξ
2704 3207 2861 3279 ήμῶν
2915 3208 3054 3269 ἐστι,
3102 3208 3198 3262 καὶ
3252 3208 3353 3261 οὐκ
3406 3207 3609 3272 ἔξωθεν

2024 3304 2180 3377 ήμῶν
2216 3303 2325 3373 (59)
2349 3302 2529 3372 ἔργον,
2572 3299 2715 3355 οὕτω
2754 3299 2849 3354 καὶ
2880 3300 2909 3352 6
2964 3298 3057 3353 τοῦ
3088 3299 3222 3353 Θεοῦ
3269 3298 3437 3368 Λόγος
3476 3299 3609 3365 ἴδιός

2024 3396 2172 3449 ἐστιν
2197 3394 2255 3460 ἐξ
2280 3393 2467 3459 αὑτοῦ,
2495 3394 2588 3449 καὶ
2610 3394 2710 3447 οὐκ
2736 3392 2854 3447 ἐστι
2890 3394 3124 3466 ποίημα,
3168 3393 3290 3447 οὐδέ
3327 3393 3401 3459 ὼς
3436 3395 3465 3448 6
3494 3392 3610 3447 τῶν

2024 3485 2326 3559 ἀνθρώπων
2350 3486 2529 3556 λόγος’
2580 3486 2704 3538 ἐπεὶ
2751 3486 2847 3539 καὶ
2901 3485 2992 3539 τὸν
3040 3484 3171 3539 Θεὸν
3217 3485 3427 3557 ἀνάγκη
3467 3488 3610 3540 νοεῖν

2024 3578 2328 3649 ἄνθρωπον.
2364 3576 2495 3630 Ἰδοὺ
2522 3577 2631 3649 γὰρ
2661 3575 2823 3630 πάλιν
2852 3574 2959 3629 τῶν
3010 3573 3107 3647 μὲν
3140 3574 3441 3647 ἀνθρώπων
3474 3576 3609 3629 πολ-

2023 3669 2105 3722 λοὶ
2134 3668 2228 3722 καὶ
2252 3667 2499 3738 διάφοροι
2531 3666 2680 3736 λόγοι
2724 3666 2846 3720 καθ’
2871 3664 3081 3737 ἡμέραν
3107 3666 3487 3738 παρέρχονται,
3516 3667 3608 3722 διὰ

2024 3761 2084 3815 τὸ
2114 3762 2241 3824 τοὺς
2268 3758 2515 3833 πρώτους
2551 3758 2626 3831 μὴ
2662 3758 2868 3829 μένειν,
2901 3756 3017 3812 ἀλλ’
3057 3756 3429 3826 ἀφανίζεσθαι.
3461 3757 3611 3812 Γίνε-

2023 3868 2113 3906 ται
2141 3851 2196 3904 δὲ
2226 3850 2385 3904 πάλιν
2420 3850 2528 3921 (40)
2554 3850 2732 3914 τοῦτο,
2775 3850 2897 3902 ἐπεὶ¹
2919 3851 3014 3902 καὶ¹
3043 3851 3091 3902 οί
3114 3848 3318 3903 τούτων
3344 3850 3604 3923 πατέρες,

2024 3942 2299 4014 ἄνθρωποι
2326 3941 2496 4005 ὄντες,
2531 3939 2947 4012 παρερχομένας
2979 3938 3078 4010 μὲν
3118 3937 3300 4009 ἔχουσι
3350 3940 3447 4003 τὰς
3486 3942 3607 4011 ήλι-

2023 4034 2168 4099 χίας,
2189 4034 2257 4088 τὰ
2273 4034 2329 4087 δέ
2353 4034 2599 4104 νοήματα
2628 4031 2990 4103 ἐπερχόμενα·
3022 4032 3116 4085 καὶ
3139 4030 3275 4103 πρὸς
3295 4031 3331 4085 ἃ
3357 4031 3604 4101 λογίζον-

2021 4144 2111 4180 ται
2145 4126 2239 4179 κα¹ι
2271 4122 2670 4192 ἐπιλογίζονται
2700 4122 2832 4194 (41),
2877 4121 3105 4176 τοιαῦτα
3126 4122 3218 4176 καὶ
3253 4121 3600 4192 φθέγγονται·

2023 4216 2163 4271 ὥστε
2190 4218 2285 4272 καὶ
2319 4217 2544 4281 πολλοὺς
2591 4217 2783 4285 λόγους
2817 4215 2905 4287 ἔχε
2917 4232 2983 4281 ιν,
3014 4217 3109 4270 καὶ
3139 4215 3275 4286 μετά
3318 4216 3444 4279 τοὺς
3475 4216 3605 4269 πολ-

2021 4309 2148 4372 λοὺς
2180 4308 2384 4381 μηδένα
2404 4307 2609 4361 τούτων
2637 4306 2793 4370 ὅλως·
2822 4306 3097 4359 πέπαυται
3122 4306 3271 4377 γάρό
3290 4305 3485 4369 λαλῶν,
3503 4308 3604 4358 καὶ

2021 4401 2051 4454 6
2080 4399 2235 4469 λόγος
2278 4398 2438 4462 εὐθὺς
2474 4398 2768 4469 ἀνήλωται.
2835 4398 2895 4450 '0
2946 4397 3004 4450 δέ
3031 4396 3125 4449 τοῦ
3157 4395 3291 4449 Θεοῦ
3320 4395 3491 4465 Λόγος
3518 4390 3603 4459 εἷς

2022 4495 2252 4549 ἐστικαὶ
2279 4496 2308 4547 6
2332 4493 2512 4559 αὐτὸς,
2564 4494 2678 4554 καὶ,
2732 4491 2808 4554 ὡς
2856 4490 3180 4562 γέγραπται,
3224 4492 3253 4542 6
3301 4489 3471 4557 Λόγος
3500 4487 3600 4540 τοῦ

2022 4584 2157 4639 Θεοῦ
2192 4585 2301 4657 (42)
2333 4586 2413 4649 είς
2441 4584 2532 4640 τὸν
2584 4580 2755 4636 αίῶνα
2787 4580 3050 4652 διαμένει,
3097 4579 3171 4652 μή
3199 4580 3598 4649 ἁλλοιούμενος,

419 4874 879 4976 (ἒ1)8εειιεςὶπη.
907 4908 961 4976 et
983 4896 1129 4954 Felc.
1161 4900 1215 4976 4,
1243 4898 1590 4976 yoﬁleidem
1620 4900 1782 4976 paulo
1802 4908 1923 4976 post

2027 4902 2212 4976 Aliiet
2237 4904 2385 4971 editi,
2419 4906 2507 4959 διὰ
2531 4904 2592 4960 τὸ
2627 4904 2952 4976 μὴίᾶπορεῖν

346 4977 403 5103 (ἐι
433 4968 729 5054 Περ-,οὑδὲ
748 4969 972 5022 δυνατόν
998 4985 1052 5021 τι
1078 4970 1353 5039 γενέσθαι.
1381 4969 1526 5027 Felc.
1545 4971 1600 5038 4,
1621 4968 1775 5037 ibid.,
1800 4968 1921 5025 οὐδὲ

382 5056 552 5103 ητειν.

422 5057 552 5094 τειν.

573 5110 973 5186 Segueri_an._et
1004 5107 1149 5186 elc_.
1188 5108 1224 5163 4
1244 5148 1260 5174 ,
1306 5110 1497 5184 ῶσπερ
1530 5112 1765 5186 εἴρηται.
1799 5111 1923 5169 Mox

352 5178 692 5247 Seguertan'q
730 5182 825 5234 καὶ
852 5179 970 5241 πῶς
997 5178 1357 5249 ἀπαύγασμα,

421 5249 1121 5322 (ῷὶδεςυειθίειιηῌλόγοις
1152 5250 1313 5322 αὑτό.
1341 5252 1654 5308 Gohlerian.
1692 5252 1837 5309 Felc.
1888 5253 1915 5311 1

350 5327 406 5373 et
427 5318 682 5393 4,1616%
709 5320 877 5393 αὐτῷ.
910 5319 1047 5393 [Editi
1071 5329 1131 5393 et,
1158 5320 1448 5393 alii,_).6ytp
1481 5322 1649 5393 αὐτῷ.

423 5388 534 5460 (54)
566 5388 884 5460 Segueriait.
916 5390 1229 5445 Goblerian.
1272 5388 1430 5447 Felc.
1459 5394 1480 5446 1
1505 5403 1561 5449 ει
1583 5388 1638 5457 4,
1659 5394 1917 5458 ποδαπός.

421 5459 533 5529 (55)
569 5459 909 5529 Seguerian.,
935 5460 1047 5514 ἀλλ’
1074 5460 1134 5513 οὐ
1154 5460 1244 5516 διὰ
1269 5462 1446 5517 τοῦτο.

422 5528 533 5598 (56)
563 5528 707 5598 Felc.
736 5529 791 5592 5,
812 5532 924 5592 τοῖς
951 5530 1282 5598 γενομένοις.

428 5598 542 5669 (5Ἴ)
569 5597 885 5669 Segugrian.
917 5597 1052 5668 Reg.
1072 5597 1385 5656 Goblerian.
1406 5602 1603 5658 Felc.!
1635 5612 1691 5658 et
1736 5603 1792 5665 4.
1832 5602 1922 5658 διὰ

355 5669 415 5723 τὸ
432 5665 686 5745 ἀπορεῖν.
717 5665 858 5745 Editi
890 5665 1024 5745 vero—
1044 5680 1123 5745 et_
1131 5672 1243 5745 alii,
1269 5673 1356 5745 διὰ
1391 5673 1451 5745 τὸ
1476 5675 1550 5745 μή
1582 5676 1827 5745 ἀπορεῖν.

441 5675 686 5739 ἀπορεῖν.
717 5675 858 5721 Editi
890 5684 1017 5723 vero
1044 5680 1098 5724 et
1131 5675 1243 5736 alii,
1269 5675 1356 5726 διὰ
1391 5675 1451 5726 τὸ
1582 5676 1827 5745 ἀπορεῖν.

422 5737 535 5811 (53)
570 5737 888 5809 Seguerian.
918 5736 1050 5810 Reg.
1084 5738 1225 5796 Felc.
1255 5742 1287 5795 4
1309 5753 1360 5798 et
1393 5744 1446 5809 5,
1591 5743 1651 5798 τὸ
1672 5745 1913 5813 ἀπορεῖν.

2239 4975 2548 5048 (ξοωει-ἰεη.
2587 4974 2642 5048 ει
2678 4974 2823 5048 Felc.
2843 4974 2910 5048 il,
2934 4976 3131 5048 ἔξωθεν
3163 4976 3224 5042 ἐξ
3256 4975 3429 5048 ἡμῶν.

2125 5044 2211 5117 40)
2253 5045 2569 5117 Seguerian.
2611 5044 2796 5117 Basili.
2835 5045 3051 5117 :Anglic.
3084 5044 3394 5103 Goblerian.
3430 5045 3592 5117 Felc.

2028 5114 2051 5167 1
2071 5127 2142 5237 ἀεὶ(
2181 5114 2235 5183 Al,
2261 5114 2467 5186 γίνεται
2499 5117 2556 5171 δὲ
2598 5115 2780 5172 πάλιν.
2823 5114 3016 5173 Cancri
3064 5128 3117 5173 et.
3165 5118 3334 5183 editi,
3381 5116 3596 5185 γίνεται

2028 5201 2069 5237 π
2139 5203 2206 5237 ιν.
3394 5212 3397 5215 -

2026 5201 2206 5239 παλιν.
3394 5212 3397 5215 ’

2097 5256 2209 5328 (41)
2241 5255 2331 5311 Sic
2366 5255 2681 5326 Seguerian.
2713 5256 2925 5328 Anglic.
2960 5256 3268 5328 Goblerian.
3306 5254 3449 5311 Felc.
3477 5256 3502 5309 1
3539 5266 3597 5311 et

2025 5327 2083 5393 4.
2107 5327 2173 5380 At
2208 5328 2298 5380 alii
2321 5336 2375 5382 et
2406 5328 2533 5383 editi
2562 5327 2821 5382 omittunt
2843 5328 2937 5381 καὶ
2970 5327 3387 5396 ἐπιλογίζονται.

2097 5397 2211 5466 (42)
2241 5396 2556 5453 Goblerian.
2587 5409 2641 5453 et
2697 5397 2842 5452 Felc.
2876 5398 2901 5451 1
2928 5394 3184 5453 omittunt
3225 5400 3254 5451 6
3297 5395 3467 5464 Λόγος
3497 5394 3594 5466 τοῦ

2023 5463 2444 5539 ΘεοῦζΙὶίΙεωςι
2464 5466 2685 5539 Seguer.
2712 5484 2777 5524 ac
2804 5468 2951 5539 Felc.
2974 5466 3030 5534 4,
3061 5467 3333 5539 διαμένει,
3359 5463 3457 5539 *μὴ
3499 5463 3596 5539 ἀλ-

2023 5536 2352 5608 λοιούμενος.
2378 5532 2605 5593 ΕόὶιΓει
2636 5539 2750 5603 alii,
2798 5532 3072 5608 διαμένει,
3107 5532 3202 5591 κάι
3235 5538 3313 5608 μὴ
3345 5532 3593 5608 ἀλλοιού-

2028 5605 2222 5735 gelari;
2246 5606 2371 5735 Miox
2403 5608 2593 5680 ἐτέρου
2624 5610 2775 5665 deest
2817 5608 2870 5665 in
2892 5605 3247 5679 ‘Seguerian.
3275 5605 3592 5664 Goblerian.

2024 5689 2076 5737 et
2098 5689 2241 5735 l’elc.
2279 5689 2331 5735 1.
