3948 6236
405 345 509 404 22³1

1021 348 1081 403 S.
1121 347 1492 404 ATHANASII
1531 347 1682 406 OPP.
1719 344 1900 403 PARS
1933 347 1973 403 Ι.
2013 377 2082 387 -
2121 346 2490 406 lllSTORlCA
2527 348 2615 405 ET
2651 349 3077 406 DOGMATICA.

3553 351 3656 411 228

405 477 526 526 cata
565 463 877 519 ulciscenda
909 462 1174 517 divinitus
1202 463 1528 530 immissam,
1574 480 1680 518 non
1715 463 1968 518 virtutem

2079 479 2160 514 ται
2181 462 2422 528 δικαίως·
2449 460 2558 518 οἷον
2585 464 2615 518 ὃ
2646 465 2744 536 μὲν
2792 469 3074 537 προφήτης
3099 466 3195 540 τὴν
3247 468 3466 541 ἀκρίδα,
3502 470 3652 542 δίκην

404 566 641 620 tantum,
682 555 775 612 sed
815 570 1069 626 magnam
1116 557 1371 610 virtutem
1399 572 1429 610 a
1462 557 1572 611 Deo
1601 557 1717 626 ipso
1744 563 1978 610 testatur

401 648 660 720 appellari
695 648 776 680 εί·
816 648 1014 701 Beatus
1071 649 1198 702 item
1246 648 1411 703 David
1464 665 1570 703 non
1631 658 1840 703 tantum
1881 664 1978 702 an-

403 741 575 812 gelos,
607 739 702 795 sed
735 739 900 794 etiam
929 739 1158 794 virtutes
1179 740 1247 794 ad
1277 739 1444 796 Deum
1476 739 1809 795 laudandum
1853 740 1978 794 hor—

402 842 550 890 tatur
573 833 641 888 ".
677 851 696 884 ι

473 1034 563 1089 38.
597 1032 723 1088 Haec
743 1048 868 1087 cum
899 1032 975 1086 illi
1003 1032 1087 1086 vel
1119 1038 1327 1084 tantum
1358 1031 1504 1100 loqui
1533 1030 1758 1096 audent,
1785 1045 1978 1085 nonne

401 1127 643 1181 omnium
673 1125 799 1179 odio
829 1123 1135 1194 dignissimi
1168 1123 1330 1177 sunt?
1357 1122 1412 1176 Si
1443 1123 1609 1184 enim,
1636 1131 1695 1176 ut
1719 1123 1817 1192 ipsi
1851 1123 1978 1192 qui-

400 1221 524 1275 dem
561 1225 774 1288 putant,
800 1217 967 1271 Filius
1003 1225 1103 1278 est,
1130 1230 1238 1269 non
1263 1216 1390 1284 quia
1436 1230 1500 1268 ex
1554 1213 1712 1268 Patre
1763 1215 1978 1284 genitus

400 1320 524 1375 est,
571 1325 670 1364 nec
720 1315 942 1378 propter
988 1317 1195 1361 naturae
1226 1306 1647 1376 proprietatem;
1682 1305 1844 1376 400
1882 1305 1977 1358 sed

401 1402 639 1458 Verbum
667 1400 883 1462 dicitur,
922 1399 1034 1453 sive
1064 1397 1220 1452 ltatio
1247 1399 1316 1451 ob
1351 1413 1436 1452 res
1460 1397 1672 1450 ratione
1703 1397 1976 1465 praeditas,

399 1507 455 1550 et
495 1493 783 1566 sapientia,
811 1505 1030 1561 propter
1079 1492 1204 1545 illos
1242 1491 1334 1560 qui
1365 1491 1643 1560 sapientes
1683 1489 1846 1554 ﬁunt;
1880 1505 1977 1558 po—

402 1587 567 1643 tentia
602 1601 695 1639 seu
723 1585 913 1644 virtus.
940 1599 1128 1638 eorum
1160 1598 1323 1636 causa
1346 1582 1436 1650 qui
1471 1590 1714 1650 potentes
1744 1581 1979 1634 reddun-

403 1689 492 1733 tur
511 1696 525 1744 ;
547 1677 780 1746 denique
794 1668 986 1738 Filius,
1013 1690 1108 1729 eos
1137 1684 1356 1743 propter
1384 1672 1476 1742 qui
1510 1674 1601 1726 lilii
1633 1673 1973 1740 elliciuntur;

401 1767 634 1824 fortasse
675 1783 892 1838 quoque
937 1767 1006 1820 ob
1035 1781 1122 1820 res
1153 1780 1272 1832 qua:
1303 1765 1574 1818 exsistunt
1624 1765 1740 1818 sola
1770 1764 1975 1832 cogita-

401 1859 548 1915 tione
572 1830 774 1914 existit.
793 1830 932 1922 Quid
957 1870 1086 1924 ergo
1110 1830 1324 1907 tandem
1363 1853 1580 1908 futurus
1597 1854 1684 1906 ille
1701 1854 1815 1908 est?
1835 1830 1976 1908 Nihil
2013 1830 2054 1883 Β

398 1952 544 2007 enim
571 1952 786 2005 illorum
816 1964 935 2003 esse
960 1948 1064 2002 dici
1096 1946 1266 2016 possit
1299 1947 1433 2014 ipse,
1461 1946 1506 2000 si
1538 1948 1650 1999 haec
1681 1961 1826 1999 mera
1856 1947 1975 2014 ejus

399 2051 528 2097 sunt
549 2041 792 2103 nomina,
819 2039 1043 2107 solaque
1067 2037 1393 2106 cogitatione
1413 2035 1676 2093 dicendus
1706 2046 1789 2091 est
1825 2037 1941 2092 exsi
1958 2066 1974 2078 -

399 2143 565 2197 stere,
602 2146 728 2186 cum
757 2130 930 2184 nostri
980 2139 1189 2184 tantum
1217 2145 1382 2184 causa
1407 2129 1718 2196 hnjusmodi
1753 2139 1976 2183 ornetur

400 2222 733 2277 nominibus.
759 2219 903 2273 Sane
931 2219 1031 2289 ipsi
1061 2220 1244 2288 potius
1273 2219 1527 2272 censendi
1553 2226 1680 2272 sunt
1709 2218 1974 2271 diabolica

399 2323 493 2368 aut
520 2313 682 2367 etiam
718 2311 988 2366 deteriore
1042 2309 1236 2378 agitari
1279 2309 1516 2373 insania,
1550 2309 1748 2378 quippe
1779 2308 1869 2377 qui
1917 2323 1976 2363 se

398 2405 618 2476 quidem
662 2417 789 2457 vere
854 2401 1088 2457 existere
1134 2401 1320 2465 velint,
1369 2399 1460 2454 Dei
1505 2410 1683 2453 autem
1736 2397 1971 2453 Verbum

398 2497 517 2553 solo
569 2495 791 2552 nomine
817 2502 1009 2564 putent
1033 2493 1286 2547 existere.
1326 2493 1408 2545 An
1437 2507 1542 2545 non
1573 2505 1700 2546 vero
1732 2500 1974 2545 monstra

395 2590 608 2652 dicunt,
639 2602 761 2641 cum
793 2584 1062 2638 alIirmant
1101 2583 1420 2653 sapientiam
1457 2581 1619 2635 simul
1651 2597 1773 2635 cum
1817 2580 1974 2635 Patre

396 2681 680 2746 exsistere,
704 2691 936 2747 eamque
963 2674 1242 2730 Christum
1272 2689 1392 2728 esse
1425 2684 1644 2744 negant,
1665 2674 1756 2728 sed
1778 2675 1973 2726 multas

398 2774 555 2827 aiunt
604 2771 833 2827 virtutes
871 2778 1080 2823 creatas
1111 2776 1165 2822 et
1213 2767 1508 2835 sapientias
1558 2780 1699 2831 esse,
1741 2781 1971 2834 quarum

399 2879 507 2918 una
548 2863 619 2918 sit
649 2861 933 2924 Dominus,
971 2875 1132 2930 quem
1175 2875 1298 2913 cum
1337 2873 1500 2913 eruca
1532 2869 1586 2911 et
1608 2857 1816 2911 locusta
1843 2871 1972 2910 con-

397 2953 540 3008 ferre
569 2968 676 3008 non
704 2951 990 3006 dubitant?
1023 2954 1100 3004 An
1125 2965 1231 3004 non
1269 2950 1430 3004 etiam
1457 2948 1641 3003 dolose
1664 2961 1848 3019 agunt,
1878 2947 1971 3016 qui

398 3060 524 3098 cum
549 3059 577 3097 a
607 3043 765 3098 nobis
789 3042 1019 3095 audiunt
1048 3039 1286 3094 Verbum
1327 3056 1434 3094 una
1485 3055 1607 3094 cum
1653 3039 1811 3093 Patre
1858 3039 1971 3092 exi-

2077 556 2185 609 τῶν
2218 557 2569 629 ἀνθρωπίνων
2605 559 3017 630 ἁμαρτημάτων
3043 561 3298 630 θεήλατον
3347 563 3653 635 γινομένην,

2075 651 2138 702 ού
2163 649 2388 720 δύναμιν
2425 649 2601 721 μόνον,
2627 649 2762 702 ἀλλὰ
2790 650 2883 703 καὶ
2909 651 3148 722 μεγάλην
3181 653 3345 723 φησὶν
3382 655 3473 707 ὑπ’
3496 656 3654 710 αὑτοῦ

2080 742 2579 813 προσαγορεύεσθαι
2614 742 2708 794 τοῦ
2738 742 2894 794 Θεοῦ·
2922 745 2950 795 ὁ
2980 743 3036 795 δέ
3075 761 3136 811 γε
3180 746 3444 816 μακάριος
3501 748 3657 803 Δαυῖδ

2078 840 2136 891 ὲν
2172 837 2376 890 πλείοσι
2407 837 2516 890 τῶν
2542 836 2770 908 ψαλμῶν
2791 839 2891 890 οὐκ
2914 839 3165 906 ἀγγέλοις
3195 840 3374 910 μόνον,
3405 840 3542 894 ἀλλά
3564 845 3655 895 καὶ

2073 931 2370 1001 δυνάμεσιν
2391 933 2564 984 αἰνεῖν
2596 930 3027 1002 παρακελεύεται
3066 931 3157 982 τὸν
3192 930 3376 984 Θεόν.»

2151 1046 2238 1099 58.
2275 1036 2444 1098 Τόὖτο
2503 1045 2559 1098 δὲ
2605 1045 2696 1099 καὶ
2754 1045 2913 1116 μόνον
2969 1044 3352 1114 φθεγξάμενοι,
3389 1045 3505 1109 πῶς
3562 1048 3658 1101 οὐκ

2078 1139 2216 1206 eam.
2242 1138 2442 1201 παντὸς
2470 1128 2662 1208 μίσους
2691 1137 2828 1190 είσίν
2860 1137 2975 1206 (5‘2)
3001 1153 3014 1199 ;
3044 1137 3107 1188 Et
3129 1137 3256 1208 γὰρ,
3292 1137 3367 1200 ὡς
3398 1139 3551 1191 αὐτοὶ
3577 1155 3660 1192 νο-

2080 1229 2351 1299 μίζουσιν,
2379 1229 2437 1280 ού
2465 1227 2552 1280 διὰ
2576 1227 2670 1298 τὴν
2697 1230 2760 1280 ὲκ
2789 1228 3002 1297 ΙΙατρὸς
3033 1226 3282 1297 γέννησιν
3305 1228 3398 1281 καὶ
3427 1228 3488 1281 τὸ
3531 1229 3660 1282 ἴδιον

2077 1321 2176 1389 τῆς
2208 1321 2393 1385 οὐσίας
2421 1320 2548 1382 Υἱός
2570 1321 2714 1372 ἐστιν
2736 1319 2870 1391 (5⁸5),
2891 1318 3025 1372 ἀλλά
3055 1318 3140 1371 διὰ
3166 1318 3236 1371 τὰ
3257 1318 3447 1386 λογικὰ
3469 1321 3656 1388 Λόγος,

2081 1411 2174 1462 καὶ
2199 1409 2285 1462 διὰ
2305 1409 2370 1462 τὰ
2412 1409 2738 1478 σοφιζόμενα
2762 1409 2940 1477 σοφία,
2975 1407 3068 1460 κα)¹
3087 1407 3174 1461 διὰ
3202 1407 3268 1461 τὰ
3283 1407 3659 1478 δυναμούμενοι

2077 1500 2302 1571 δύναμις
2336 1499 2570 1568 λέγεται·
2606 1499 2823 1562 πάντως
2848 1516 2946 1552 που
2983 1499 3076 1550 καὶ
3126 1497 3211 1549 διὰ
3237 1498 3362 1562 τοὺς
3393 1500 3662 1552 υἱοποιου-

2081 1593 2274 1663 μένους
2310 1591 2418 1661 (54)
2458 1591 2582 1652 Υἱὸς
2603 1589 2827 1660 ἐκλήθη·
2855 1591 2948 1642 καὶ
2970 1588 3111 1659 τάχα
3145 1589 3232 1642 διὰ
3264 1587 3332 1642 τὰ
3382 1589 3511 1642 ὅντα
3547 1588 3660 1660 ἔχει

2077 1686 2172 1737 καὶ
2204 1683 2263 1736 τὸ
2290 1679 2427 1736 εἶναι
2457 1683 2576 1736 κατ’
2617 1682 2878 1735 ἐπίνοιαν.
2910 1681 2974 1734 Τί
3004 1680 3098 1734 οὖν
3153 1681 3260 1755 ἄρα
3300 1681 3482 1733 λοιπόν
3512 1682 3661 1734 ἐστιν

2084 1775 2285 1839 αὑτός;
2323 1774 2488 1827 Οὐδὲν
2522 1773 2630 1844 γὰρ
2664 1772 2729 1826 ἂν
2754 1773 2837 1844 εἴη
2876 1772 3078 1826 τούτων
3117 1773 3298 1837 αὐτὸς,
3339 1775 3386 1826 εί
3421 1772 3662 1843 ὀνόματα

2085 1865 2242 1935 μόνον
2273 1865 2418 1918 ἐστὶν
2442 1863 2604 1916 αὐτοῦ
2629 1862 2819 1922 ταῦτα,
2843 1864 2935 1916 καὶ
2967 1862 3132 1934 μόνην
3161 1863 3254 1916 τοῦ
3288 1859 3423 1916 εἶναι
3453 1880 3660 1932 φαντα-

2081 1954 2197 2008 σίαν
2229 1955 2361 2026 ἔχει,
2384 1955 2450 2008 δι’
2474 1956 2620 2026 ἡμᾶς
2650 1955 2744 2008 καὶ
2769 1956 2879 2016 τοῖς
2901 1954 3125 2024 ὀνόμασι
3151 1953 3357 2018 τούτοις
3379 1953 3660 2008 καλλωπι-

2079 2045 2322 2118 ζόμενος.
2388 2046 2546 2099 Ἀλλά
2600 2046 2692 2099 καὶ
2753 2045 2909 2098 τοῦτο
2963 2046 3072 2117 (55)
3123 2045 3400 2118 διαϐολικὴ
3458 2046 3661 2117 μᾶλλόν

2079 2142 2222 2192 ἐστιν
2252 2139 2494 2200 ἀπόνοια,
2512 2138 2652 2208 τάχα
2683 2137 2740 2190 δὲ
2768 2137 2861 2190 καὶ
2889 2136 3090 2201 πλεῖον,
3147 2137 3228 2190 ὅτι
3276 2139 3502 2203 ἑαυτοὺς
3562 2142 3661 2212 μὲν

2077 2231 2290 2303 ἀληθῶς
2336 2232 2630 2300 ὑφεστάναι
2666 2229 2898 2294 θέλουσι,
2934 2229 3023 2282 τὸν
3055 2229 3112 2282 δὲ
3169 2229 3262 2283 τοῦ
3318 2229 3454 2284 Θεοῦ
3487 2233 3663 2302 Λόγον

2076 2323 2302 2394 ὀνόματι
2333 2323 2490 2394 μόνον
2525 2317 2664 2374 εἶναι
2694 2320 3022 2390 νομίζουσιν.
3054 2319 3177 2384 Πῶς
3199 2320 3254 2374 δὲ
3285 2321 3345 2374 ού
3373 2324 3665 2394 τερατολο-

2075 2413 2167 2482 γία
2203 2413 2379 2466 αὐτῶν
2408 2413 2500 2466 καὶ
2527 2410 2716 2476 ταῦτα,
2745 2411 2922 2480 λέγειν
2949 2412 3045 2481 μὲν
3063 2411 3250 2480 σοφίαν
3288 2415 3669 2486 συνυπάρχου-

2077 2521 2173 2558 σαν
2196 2501 2272 2574 τῷ
2300 2503 2495 2573 ιῙατρὶ,
2535 2502 2607 2572 μὴ
2654 2502 2832 2569 λέγειν
2885 2501 2941 2553 δὲ
2978 2501 3180 2572 ταύτην
3223 2498 3361 2556 εἶναι
3397 2505 3491 2558 τὸν
3524 2507 3664 2576 Χρι-

2077 2596 2199 2650 στὸν
2231 2596 2360 2666 (56),
2387 2595 2522 2648 ἀλλά
2551 2593 2750 2657 πολλὰς
2780 2592 3003 2656 κτιστὰς
3025 2593 3278 2663 δυνάμεις
3309 2595 3403 2648 καὶ
3464 2595 3666 2666 σοφίας

2102 2684 2124 2706 τ
2346 2686 2394 2718 ρ,
2533 2687 2555 2720 λ
2780 2681 2802 2700 ν
2923 2702 2952 2717 ρ
3110 2685 3121 2700 ρ

2074 2705 2232 2750 ειναι,
2270 2705 2472 2741 τουιων
2501 2687 2556 2739 δε
2593 2686 2720 2756 μίαν
2753 2701 2891 2738 ειναι
2934 2686 3012 2738 μὸν
3043 2687 3266 2756 Κυριον,
3319 2687 3410 2740 τὸν
3468 2688 3568 2741 καὶ
3593 2692 3665 2761 τῇ

2075 2781 2268 2852 κάμπη
2294 2781 2388 2832 καὶ
2415 2781 2480 2850 τῇ
2514 2779 2694 2850 ἀκρίδι
2749 2777 3223 2847 παραϐαλλόμενον
3269 2780 3396 2849 παρ’
3430 2779 3666 2846 αύτῶν;

2075 2871 2200 2935 Πῶς
2228 2871 2284 2924 δὲ
2308 2871 2400 2924 καὶ
2445 2872 2504 2923 ού
2555 2869 2848 2942 πανοῦργοι
2889 2870 3146 2938 (57),ὃτι,
3183 2871 3311 2940 παρ’
3350 2870 3513 2940 ἡμῶν
3562 2871 3668 2942 μὲν

2075 2961 2356 3026 ἀκούοντες
2393 2963 2756 3032 συνυπάρχειν
2780 2962 2869 3015 τὸν
2907 2963 3078 3029 Λόγον
3119 2960 3198 3031 τῷ
3224 2961 3418 3034 Πατρὶ,
3445 2963 3669 3032 γογγύ-

2075 3051 2254 3116 ξουσιν
2285 3051 2444 3116 εὐθὺς
2469 3054 2784 3120 φάσκοντες·
2819 3049 3024 3104 Οὐκοῦν
3043 3048 3135 3102 δύο
3164 3049 3400 3118 ἀγένητα
3430 3049 3552 3119 (58)
3575 3049 3670 3101 λέ·-

397 3149 561 3204 stere,
593 3136 852 3191 continuo
881 3134 967 3187 his
996 3135 1412 3186 obmunnurant
1430 3133 1637 3188 verbis:
1669 3131 1834 3200 Igitur
1863 3133 1968 3186 duo

2079 3161 2229 3214 γετε;
2261 3144 2411 3197 αὐτοὶ
2457 3143 2513 3196 δὲ
2571 3143 2818 3210 λέγοντες
2855 3142 2938 3202 τὸ,
2983 3141 3046 3193 Ἦ
3071 3140 3327 3208 ἀγένητος
3360 3138 3536 3192 αὐτοῦ
3576 3156 3673 3193 σο-

400 3245 506 3284 ιιοη
556 3227 697 3282 facta
747 3226 857 3298 (55)
903 3225 1127 3280 dicitis:
1164 3240 1286 3279 cum
1323 3232 1502 3279 autem
1537 3224 1638 3292 ipsi
1679 3224 1830 3277 aiunt
1862 3238 1970 3276 non

399 3319 600 3376 factam
627 3318 748 3387 ejus
777 3331 897 3372 esse
931 3315 1286 3385 sapientiam,
1319 3329 1427 3368 non
1468 3315 1652 3369 vident
1695 3324 1883 3367 contra
1913 3328 1971 3367 se

396 3413 546 3482 ipsos
581 3424 772 3464 vanam
787 3409 930 3463 hanc
955 3407 1199 3461 factitare
1217 3405 1652 3462 accusationem?
1682 3405 1970 3460 Enimvero

397 3521 466 3560 an
493 3519 600 3558 non
627 3502 790 3556 etiam
825 3500 980 3553 valde
1010 3499 1172 3553 stulta
1189 3508 1271 3552 est
1293 3498 1406 3552 haec
1433 3498 1646 3553 illorum
1682 3496 1966 3561 sententia,

397 3611 594 3665 nempe
620 3609 726 3648 non
758 3591 953 3646 factam
995 3590 1142 3646 illam
1169 3589 1510 3658 sapientiam,
1539 3589 1808 3658 simulque
1840 3605 1964 3643 cum

395 3686 508 3742 Deo
531 3685 906 3747 exsistentem,
935 3682 1112 3751 ipsum
1147 3696 1270 3736 esse
1294 3679 1498 3736 Deum?
1535 3681 1671 3734 Nam
1712 3680 1857 3750 quod
1892 3680 1968 3735 si-

396 3778 507 3833 mul
528 3776 731 3841 existit,
760 3791 866 3829 non
909 3789 1116 3838 secum,
1165 3773 1256 3827 sed
1299 3788 1422 3827 cum
1451 3772 1632 3841 aliquo
1663 3772 1824 3826 simul
1851 3771 1968 3825 exi-

395 3871 512 3930 stit,
543 3879 602 3922 ut
625 3870 691 3922 de
717 3866 948 3921 Domino
977 3873 1202 3919 narrant
1229 3863 1604 3934 Evangelislae,
1629 3879 1750 3917 eum
1777 3876 1970 3931 nempe

395 3959 558 4016 simul
572 3974 693 4014 cum
712 3957 993 4026 discipulis
1009 3954 1200 4010 luisse.
1217 3953 1324 4010 Nec
1337 3955 1479 4009 enim
1499 3969 1706 4020 secum,
1727 3955 1818 4008 sed
1835 3969 1961 4008 cutn

397 4050 680 4120 discipulis
704 4049 863 4104 simul
885 4057 1024 4102 erat.
1065 4047 1180 4101 Nisi
1208 4046 1346 4102 forte
1385 4046 1553 4101 Deum
1585 4047 1752 4100 velint
1785 4047 1964 4101 dicere

397 4142 778 4210 compositum,
804 4155 1037 4208 eumque
1061 4141 1384 4210 permixtam
1413 4139 1611 4194 habere
1644 4138 1964 4209 sapientiam

397 4233 482 4288 vel
508 4248 630 4304 qua:
658 4232 730 4288 sit
763 4247 877 4289 sua:
913 4241 1118 4285 natura:
1156 4232 1646 4302 complementum,
1689 4245 1812 4303 quae
1847 4231 1963 4301 ipsa

453 4432 498 4466 ⁸⁸
524 4430 638 4488 Joel
662 4447 721 4500 ιι,
747 4431 839 4487 25.
914 4432 960 4464 ⁸⁸
990 4429 1132 4486 Psal.
1160 4445 1256 4498 cu,
1283 4429 1378 4483 21.

2069 3237 2186 3306 φία,
2217 3237 2314 3306 οὐχ
2350 3233 2516 3306 ὁρῶσι
2551 3233 2668 3285 κατ’
2692 3232 2869 3286 αὐτῶν
2899 3230 3222 3300 φθάνουσαν,
3251 3231 3318 3300 ἣν
3341 3230 3667 3295 αἰτιῶνται,

2071 3327 2301 3398 ματαίαν
2333 3324 2572 3396 μέμψινς
2605 3323 2714 3376 Καὶ
2743 3323 2851 3394 γὰρ
2872 3321 3098 3390 κάκείνη
3129 3319 3240 3391 (59)
3277 3319 3438 3372 πάλιν
3473 3318 3672 3374 αὐτῶν

2066 3421 2099 3490 ή
2137 3419 2344 3472 διάνοια
2374 3415 2488 3479 πῶς
2517 3415 2577 3468 οὐ
2637 3415 2774 3467 πάνυ
2828 3411 3008 3483 μωρὰ,
3040 3411 3218 3479 λέγειν
3255 3410 3352 3481 τὴν
3379 3412 3672 3480 ἀγένητον

2068 3510 2518 3579 συνυπάρχουσαν
2541 3506 2617 3577 τῷ
2646 3505 2762 3575 Θεῷ
2789 3505 2978 3573 σοφίαν
3006 3504 3164 3557 αὑτὸν
3196 3499 3333 3556 εἶναι
3359 3503 3454 3555 τὸν
3485 3503 3674 3570 Θεόν;

2066 3601 2140 3653 Τὸ
2172 3599 2278 3670 γὰρ
2310 3599 2649 3670 συνυπάρχον
2684 3597 2783 3667 οὐχ
2810 3589 3006 3665 ἐαυτῷ,
3036 3595 3140 3647 τινὶ
3197 3593 3254 3646 δὲ
3287 3595 3672 3666 συνυπάρχει,

2067 3691 2143 3752 ὡς
2171 3687 2416 3760 περὶτοῦ
2474 3688 2678 3760 Κυρίου
2731 3686 2978 3754 λέγουσιν
3022 3688 3070 3738 oi
3119 3685 3541 3753 εὐαγγελισταὶ,
3585 3686 3676 3739 ὃτι

2070 3780 2237 3848 συνῆν
2271 3781 2380 3841 τοῖς
2422 3776 2708 3848 μαθηταῖς·
2743 3776 2803 3828 οὐ
2829 3775 2936 3844 γὰρ
2973 3774 3169 3844 ἑαυτῷ,
3205 3773 3340 3828 ἀλλά
3388 3777 3518 3838 τοῖς
3555 3791 3674 3845 μα-

2069 3869 2260 3940 θηταῖς
2287 3869 2472 3938 συνῆν·
2516 3869 2564 3921 εί
2589 3867 2662 3938 μὴ
2686 3868 2792 3939 ἀρα
2829 3865 2938 3935 (60)
2999 3864 3248 3918 σύνθετον
3294 3865 3513 3918 εἴποιεν
3574 3865 3680 3920 τὸν

2066 3962 2218 4024 Θεὸν,
2242 3960 2431 4031 ἔχοντα
2467 3958 2954 4030 συμπεπλεγμένην
2988 3957 3019 4028 ἢ
3052 3955 3531 4028 συμπληρωτικὴν
3567 3958 3680 4028 τῆς

2068 4051 2252 4113 οὐσίας
2279 4049 2472 4103 ἑαυτοῦ
2503 4050 2710 4118 σοφίαν,
2765 4046 3024 4116 ἀγένητον
3059 4044 3167 4115 (61)
3203 4042 3366 4100 οὖσαν
3396 4047 3510 4098 καὶ
3565 4045 3682 4101 αὓ-

2069 4141 2190 4212 τὴν,
2215 4142 2404 4211 ἥντινα
2455 4143 2548 4195 καὶ
2575 4140 2903 4212 δημιουργὸν
2941 4140 3092 4192 αὐτοὶ
3139 4137 3540 4206 ἀντεισάγουσι
3571 4137 3684 4191 τοῦ

2071 4234 2299 4304 κόσμου,
2322 4233 2410 4288 ἴνα
2429 4232 2634 4289 καὶτοῦ
2659 4232 3012 4302 δημιουργεῖν
3041 4229 3130 4283 τὸν
3155 4228 3282 4282 Υἱὸν
3303 4227 3681 4297 ἀφέλωνται.

472 4616 591 4689 (52)
615 4613 705 4669 Sic
737 4629 870 4689 mss.
896 4613 966 4689 A_t
986 4614 1124 4689 εἰσίν
1155 4612 1403 4689 abestab
1423 4611 1662 4689 editione
1689 4607 1954 4689 Cqmmel.

2079 4618 2115 4665 ει
2141 4609 2452 4689 fimum!"
2475 4607 2631 4689 ἡμῶν
2653 4609 2703 4689 εξ
2730 4609 2848 4689 μέχ-

399 4679 531 4744 Ibid.
559 4679 876 4755 Seguerian.
912 4684 1131 4755 Gobler.
1165 4694 1225 4755 et
1245 4683 1388 4755 Felc.
1414 4683 1469 4755 l,
1501 4682 1564 4755 Et
1587 4680 1711 4755 Δγάρ
1748 4679 1824 4755 ξος
1857 4679 1956 4731 αύ-

399 4698 531 4744 Ibid.
559 4698 876 4755 Seguerlan.
912 4698 1131 4738 booter.
1165 4698 1219 4737 et
1245 4698 1388 4738 r'elc.
1417 4698 1469 4745 ι,
1502 4698 1711 4802 ιιῦγαρ
1748 4698 1824 4742 ως
1857 4698 1956 4731 αυ-

397 4758 499 4814 τοί.
528 4757 634 4826 Alii
653 4764 706 4826 et
737 4754 888 4826 editi,
916 4754 1120 4826 Εἰγάρ
1149 4754 1242 4808 καὶ
1265 4753 1341 4826 ᾡς
1369 4752 1540 4826 αὐτο-ί.
1571 4819 1612 4826 ψ
1641 4765 1708 4804 ox
1756 4748 1961 4826 S_e_g_uee

398 4832 541 4884 rian.
570 4818 882 4882 Goblerian.
915 4818 1062 4878 Felc.
1088 4818 1126 4878 ’1
1166 4833 1221 4878 et
1252 4823 1306 4891 4,
1329 4823 1422 4876 καὶ
1461 4822 1522 4874 τὸ
1569 4819 1718 4873 ἴδιον.
1768 4818 1872 4872 Alli
1906 4825 1961 4872 et

397 4899 563 4954 edttio
597 4895 886 4957 COIntnel.,
910 4893 1002 4946 καὶ
1024 4893 1084 4946 τὸ
1110 4894 1296 4948 ἀΐδιον.

470 4967 582 5040 (55)
616 4965 733 5029 Vel,
754 4964 798 5020 si
821 4965 943 5040 aliis
971 4964 1143 5034 magis
1175 4963 1410 5027 arridet,
1455 4960 1708 5030 ingenita,
1733 4966 1787 5014 et
1811 4973 1956 5023 mox,

399 5033 709 5108 ingenitam,
733 5049 797 5108 ac
823 5033 1099 5108 deinceps.

470 5099 583 5178 (54)
613 5107 705 5161 Sic
734 5103 956 5175 Seguer.
985 5099 1052 5157 At
1081 5103 1172 5156 alii
1194 5110 1248 5156 et
1266 5101 1417 5166 editi,
1441 5099 1527 5154 διὰ
1558 5101 1683 5163 τοὺς
1713 5099 1960 5169 ποιουμέ-

398 5194 543 5239 νους.

471 5238 584 5316 (55)
613 5245 838 5315 Seguer.
870 5244 1088 5316 Gobler.
1113 5241 1254 5316 fele.
1286 5243 1392 5316 let
1419 5241 1624 5316 ἢάλλᾲ
1655 5241 1748 5293 καὶ
1777 5238 1953 5316 τούτο.

399 5308 590 5369 Ca'teri
633 5308 863 5378 et'editi,
893 5315 1028 5369 ἀλλά
1055 5313 1229 5367 τοῦτο.
1282 5313 1402 5366 Mox
1453 5311 1662 5372 Basili.,
1701 5325 1796 5378 pro
1824 5308 1957 5362 ἁπό-

401 5401 539 5446 νοια,
558 5385 718 5439 habet
745 5385 972 5439 ἐπίνοια.
1002 5384 1409 5451 Ιὺὶιιηδιιευιετη
1434 5381 1614 5446 πλέον,
1631 5382 1710 5433 ὅτι
1737 5379 1950 5451 αύτούς.

469 5454 580 5534 (56)
607 5454 852 5534 ξομες,
876 5455 1080 5526 ταύτην
1112 5449 1359 5507 είναίτὸν
1388 5451 1638 5523 Χριστόν.
1669 5453 1729 5502 1n
1754 5449 1876 5502 aliis
1903 5457 1958 5501 et

401 5519 572 5578 editis
589 5519 740 5578 deest
762 5519 918 5578 εἶναι.

471 5593 585 5662 (57)
621 5592 710 5646 Sic
749 5593 1061 5662 Seguerian.
1092 5593 1394 5662 Golilerian.
1422 5589 1731 5662 Felckman.
1753 5587 1792 5662 ut
1827 5595 1880 5640 et
1901 5587 1952 5640 4.

398 5657 588 5718 Δι’θΙὶἱ
615 5673 669 5717 et
698 5657 847 5717 editi:
881 5663 998 5732 πῶς
1023 5664 1078 5714 δὲ
1111 5665 1203 5716 καὶ
1228 5661 1538 5732 πανοῦργοι.
1577 5658 1709 5732 Ibid.
1751 5657 1955 5732 Segne-

398 5733 538 5789 rian.
565 5731 697 5805 Reg.
723 5743 776 5788 et
801 5731 1110 5789 Felcktnan.
1151 5733 1202 5800 5,
1229 5733 1357 5802 παρ’
1402 5727 1556 5803 ὴμῶν
1592 5728 1709 5800 μέν.
1757 5727 1947 5782 Caneri

2133 4677 2603 4753 (58)_S_egtierian.
2628 4677 2851 4753 _Dasili.
2893 4688 2947 4734 et
2991 4677 3239 4753 Anglic,
3277 4677 3582 4753 ἀγένητα,
3626 4693 3692 4737 et

2062 4746 2211 4814 mox,
2243 4751 2276 4822 ἡ
2310 4750 2590 4822 ἀγένητος.
2628 4747 2768 4822 Editi
2798 4765 2926 4822 vero
2961 4759 3014 4804 et
3055 4749 3168 4822 alii.
3216 4746 3516 4822 ἀγέννητα
3542 4746 3576 4817 ,⁷
3627 4763 3694 4809 et

2066 4817 2631 4891 dryéwqitongidem
2665 4818 2982 4891 Seguerian.
3032 4829 3086 4873 et
3120 4817 3250 4887 Reg.
3286 4817 3348 4870 τό
3405 4817 3688 4882 addunt.

2065 4888 2207 4962 quod
2233 4888 2310 4962 i'n_
2323 4889 2442 4943 aliis
2470 4897 2523 4962 et
2552 4888 2711 4962 editis
2742 4892 2910 4962 deest.

2138 4960 2249 5032 (59)
2279 4959 2594 5032 segu‘eriau.
2630 4957 3103 5032 Bcg._§obleriau.
3145 4959 3487 5032 Felckman.
3544 4961 3613 5027 l,
3658 4965 3700 5019 4

2063 5042 2118 5106 et
2148 5027 2202 5097 5,
2217 5031 2340 5106 *Καὶ
2359 5027 2477 5106 ίγάρ
2497 5028 2742 5106 κάκείνη.
2775 5028 2914 5106 Eiliti
2937 5039 2991 5086 et
3015 5031 3124 5106 alii,
3154 5031 3262 5106 Kal
3287 5029 3411 5106 γὰρ
3447 5034 3696 5106 ἐκείνη.

2064 5102 2187 5156 Mox
2215 5097 2531 5168 Seguerian.
2568 5109 2624 5170 et
2646 5097 2801 5170 Reg"
2841 5099 3019 5168 λέγειν
3060 5100 3156 5170 τὴν
3201 5097 3522 5168 ἀγένητον.
3577 5097 3700 5158 Ba-

2062 5174 2171 5243 siti.
2199 5167 2568 5243 Au§_liqan._et
2588 5167 2984 5243 Felcltman.r2,
3016 5167 3193 5243 λέγειν
3225 5167 3316 5223 καὶ
3337 5167 3698 5243 ἀγένητον.

2061 5242 2276 5311 Goblcr.
2304 5239 2446 5293 Fclc.
2485 5239 2506 5291 1
2541 5248 2605 5311 ct»
2625 5238 2678 5298 5,
2712 5239 2890 5307 λέγειν
2929 5241 3026 5310 τὴν
3055 5240 3371 5311 ἀγέννητον.
3406 5238 3591 5298 Editi
3638 5257 3704 5301 et

2060 5313 2170 5372 alii,
2209 5309 2384 5377 λέγειν
2417 5309 2788 5380 μονογένητον.

2129 5382 2240 5450 (60)
2275 5380 2416 5434 Felc.
2449 5379 2503 5440 4,
2528 5379 2575 5450 εί
2606 5379 2704 5450 μὲν
2726 5379 2853 5450 ἄρα.

2133 5448 2242 5520 (61)
2273 5451 2496 5520 Seguer.
2533 5448 2748 5520 (ἔθυιεν.
2770 5448 2918 5520 Felc.
2950 5449 2973 5500 1
3005 5459 3058 5502 et
3091 5451 3143 5514 4,
3175 5451 3497 5518 ἀγένητον.
3523 5451 3702 5507 Editi

2059 5535 2112 5572 et
2142 5518 2254 5581 alii,
2305 5519 2630 5588 ἀγέννητον.
2667 5518 2786 5570 Mox
2823 5519 3141 5588 Seguerian.
3204 5520 3577 5588 Goblerian.
3641 5535 3710 5580 et

2059 5591 2200 5644 Felc.
2241 5587 2502 5659 Lai-510i.
2541 5587 2718 5640 Etlitio
2747 5587 3242 5659 (Σοίῐιιὴυιηαύτήν.
3281 5587 3534 5649 Ibidem
3571 5595 3714 5652 Go-

2060 5663 2194 5716 blcr.
2231 5673 2281 5716 et
2304 5658 2446 5715 Felc.
2489 5662 2535 5719 l,
2571 5659 2964 5727 συνεισάγουσι.
