3948 6236
388 400 488 452 ελδι

934 397 994 457 s.
1033 395 1405 456 ATIIANASH
1443 398 1595 458 opp.
1618 402 1799 459 PARS
1837 404 1880 458 ι.
1920 431 1991 444 -
2029 402 2400 461 lllSTORlCA
2440 401 2528 460 ET
2571 371 3014 460 possintat.

3525 397 3635 456 $32

458 512 548 566 40.
582 510 748 582 lgitur
785 515 828 570 si
877 516 929 570 in
961 517 1134 572 sacris
1180 519 1375 574 litteris
1427 519 1575 574 nulla
1615 521 1722 575 alia
1761 530 1949 592 praeter

2131 524 2218 578 40.
2247 522 2454 577 Οὐκοῦν
2489 526 2538 576 εἰ
2572 525 2707 594 μήτε
2743 524 2799 575 ἐν
2831 526 2945 586 τοῖς
2983 520 3145 584 θείοις
3179 519 3379 588 λογίοις
3403 516 3516 588 (72)
3544 519 3634 572 εὑ-

389 601 566 670 ipsum
609 603 806 658 Filium
875 607 1144 676 reperitur
1181 609 1484 678 sapientia,
1522 612 1566 664 si
1608 611 1745 664 nihil
1772 611 1963 680 liujus-

386 694 604 747 cetnodi
655 711 684 748 a
731 697 978 765 patribus
1016 700 1367 764 audivimus,
1423 701 1468 755 si
1506 709 1696 755 contra
1732 701 1832 769 ipsi
1868 716 1963 770 pa-

385 793 496 839 tres
533 785 771 842 confessi
803 798 930 843 sunt
971 805 1034 844 ac
1060 792 1325 859 scriptum
1359 791 1699 861 reliquerunt
1734 791 1964 862 Sapien-

384 871 514 926 tiam
551 875 716 930 simul
759 893 882 931 cum
936 877 1097 933 Patre
1139 882 1394 946 existere,
1436 896 1535 935 nec
1574 879 1773 936 factam
1819 897 1959 945 esse,

383 967 477 1020 sed
515 970 791 1038 propriam
819 971 939 1041 ejus
961 987 1103 1035 esse,
1134 982 1188 1028 et
1222 973 1407 1027 mundi
1435 973 1798 1039 effectricem;
1831 991 1961 1031 sane

382 1059 517 1114 nihil
546 1062 696 1117 aliud
739 1080 860 1118 esse
893 1072 1069 1132 potest
1097 1065 1202 1119 nisi
1237 1064 1431 1132 Filius,
1471 1066 1565 1136 qui
1597 1075 1674 1132 et,
1700 1077 1762 1121 ut
1796 1067 1960 1121 iidem

380 1147 483 1216 ipsi
523 1151 794 1217 sentiunt,
836 1153 904 1206 ab
934 1155 1238 1208 aeternitate
1269 1153 1434 1208 simul
1472 1170 1596 1210 cum
1651 1155 1811 1211 Patre
1844 1157 1960 1211 exi-

377 1247 489 1299 stit.
525 1243 807 1313 Siquidem
859 1244 976 1314 ipse
1021 1253 1105 1300 est
1147 1244 1351 1314 opifex,
1397 1246 1473 1301 uti
1518 1247 1781 1317 scriptum
1827 1257 1955 1303 est:

379 1335 576 1391 Omnia
601 1335 656 1387 in
706 1334 971 1402 sapientia
1016 1335 1274 1404 fecisti”.
1322 1333 1568 1406 Namque
1598 1337 1713 1406 ipse
1743 1353 1960 1407 quoque

376 1427 650 1490 Asterius,
682 1426 852 1481 veluti
885 1442 1076 1480 eorum
1125 1427 1328 1483 oblitus
1361 1444 1482 1497 qua:
1524 1429 1675 1498 prius
1722 1430 1951 1498 scripse-

376 1531 497 1583 rat,
554 1527 740 1573 contra
798 1518 1027 1588 gentiles
1066 1530 1251 1588 postea
1295 1519 1606 1588 disputans,
1641 1535 1748 1573 non
1800 1535 1957 1575 secus

377 1627 442 1666 ac
468 1611 730 1680 Caipltas,
764 1609 990 1672 invitus,
1030 1627 1138 1665 non
1161 1611 1275 1680 jam
1307 1611 1505 1665 multas
1533 1611 1829 1682 sapientias
1858 1627 1958 1665 nec

375 1720 596 1760 crucatn
635 1712 1064 1766 commemorat,
1117 1704 1210 1758 sed
1259 1719 1422 1758 unam
1468 1719 1589 1760 esse
1632 1704 1955 1774 sapientiam

380 1795 465 1850 liis
503 1795 684 1848 verbis
738 1795 967 1848 scribit:
1016 1813 1034 1844 ‹
1074 1791 1229 1848 Unus
1273 1793 1491 1862 quidem
1535 1793 1678 1848 Deus
1714 1788 1954 1849 Vérbnm

2068 617 2310 686 ρίσκεται
2361 617 2493 685 ἄλλη
2551 615 2710 684 σοφία
2767 614 2914 684 παρὰ
2960 611 3146 666 τοῦτον
3187 611 3278 664 τὸν
3311 610 3458 670 Υίὺν,
3495 611 3630 682 μήτε

2064 708 2214 778 παρὰ
2247 707 2356 759 τῶν
2414 706 2663 778 πατέρων
2709 704 3020 775 ἠκούσαμέν
3041 722 3093 756 τι
3124 704 3389 756 τοιοῦτον·
3421 701 3630 772 ὡμολό-

2062 812 2226 866 γηται
2263 796 2373 865 (75)
2409 795 2464 848 δὲ
2493 795 2587 849 καὶ
2615 796 2917 867 γέγραπται
2943 794 3091 864 παρά
3123 791 3326 845 τούτων
3352 791 3630 860 ἀγενήτως

2063 890 2095 958 ή
2119 889 2286 957 Σοφία
2303 887 2718 958 συνυπάρχουσα
2729 885 2804 956 τῷ
2822 887 3015 957 Πατρὶ,
3041 885 3146 937 ἰδία
3168 882 3329 936 αὐτοῦ
3345 878 3476 935 οὖσα
3491 881 3627 953 (74),

2063 980 2156 1032 καὶ
2201 979 2406 1048 κόσμου
2464 979 2791 1049 δημιουργός
2811 994 2824 1007 ·
2857 977 3015 1040 αὐτὸς
3049 975 3115 1028 ἂν
3155 975 3238 1046 εἴη
3261 976 3288 1028 6
3319 975 3446 1037 Υἱὸς
3477 975 3504 1025 ό
3538 975 3632 1027 καὶ

2063 1071 2180 1123 κατ’
2214 1070 2412 1133 αὐτοὺς
2433 1069 2618 1133 ἀϊδίως
2633 1069 2988 1138 συνυπάρχων
3009 1067 3084 1137 τῷ
3106 1067 3296 1138 Πατρί.
3325 1066 3494 1129 Αὐτὸς
3523 1066 3632 1137 γάρ

2061 1161 2176 1214 ἐστι
2201 1163 2294 1214 καὶ
2318 1161 2666 1232 δημιουργὸς,
2701 1161 2776 1224 ὡς
2806 1161 3144 1231 γέγραπται·
3193 1157 3396 1212 Πάντα
3432 1158 3502 1212 ὲν
3525 1174 3632 1211 σοι

2059 1258 2166 1326 φίςι
2197 1258 2631 1324 ἐποίησας.Καὶ
2663 1258 2768 1327 γὰρ
2795 1257 2894 1310 ικαὶ
2927 1255 3088 1319 αὐτὸς
3123 1255 3416 1327 Ἀστέριος,
3443 1255 3632 1326 ὥσπερ

2059 1348 2447 1418 ἐπιλαθόμενος
2503 1341 2577 1401 ὧν
2623 1348 2882 1420 πρότερον
2932 1347 3187 1416 ἔγραψεν,
3224 1345 3448 1415 ὕστερον
3489 1348 3630 1402 κατά

2058 1441 2149 1492 τὸν
2183 1441 2438 1510 Καϊάφαν
2466 1440 2614 1493 ἄκων
2653 1439 2747 1492 καὶ
2771 1439 2932 1501 αὐτὸς
2963 1437 3098 1510 πρὸς
3121 1438 3385 1507 Ἕλληνας
3417 1439 3632 1493 ἐνιστά-

2062 1550 2241 1600 μενος,
2293 1532 2474 1585 οὐκέτι
2505 1532 2602 1601 μὲν
2633 1529 2830 1592 πολλὰς
2879 1530 3090 1598 σοφίας,
3120 1529 3239 1582 οὐδὲ
3276 1529 3376 1600 τὴν
3406 1530 3630 1601 κάμπην

2062 1623 2336 1693 ὀνομάζει.
2373 1623 2501 1692 μίαν
2532 1619 2590 1674 δὲ
2617 1621 2800 1674 λοιπὸν
2829 1621 3078 1689 ὁμολογεῖ
3116 1621 3250 1689 (75),
3279 1620 3504 1692 γράφων
3539 1620 3632 1672 οὔ·

2055 1729 2163 1776 τως
2184 1731 2198 1745 ·
2229 1733 2247 1764 ι
2284 1708 2380 1775 Εἷς
2428 1713 2524 1781 μὲν
2579 1714 2606 1765 ό
2636 1712 2768 1773 Θεὸς
2796 1710 2908 1780 (76)
2936 1711 3126 1778 Λόγος,
3159 1710 3325 1764 πολλά
3353 1711 3408 1764 δὲ
3446 1709 3514 1764 τὰ
3543 1710 3631 1764 λο-

2049 1804 2223 1872 ,γικάο
2258 1804 2353 1856 καὶ
2404 1804 2503 1874 μία
2550 1803 2646 1873 μὲν
2679 1803 2774 1873 τῆς
2813 1801 3010 1870 Σοφίας
3055 1801 3210 1853 οὐσία
3230 1818 3288 1853 τε
3323 1804 3416 1854 καὶ
3445 1801 3628 1870 φύσις,

377 1889 492 1943 sive
524 1888 685 1943 Ratio
720 1896 825 1953 est,
858 1888 950 1942 sed
1001 1903 1090 1943 res
1129 1888 1312 1941 multae
1344 1889 1556 1943 ratione
1597 1898 1727 1944 sunt
1760 1890 1949 1961 praedi-

2060 1895 2227 1949 πολλά
2249 1897 2308 1948 δὲ
2336 1895 2404 1950 τά
2434 1895 2570 1966 σοφὰ
2593 1896 2685 1948 καὶ
2720 1893 2876 1948 καλά.
2904 1913 2923 1946 ι
2962 1893 3070 1946 Καὶ
3109 1893 3226 1964 μετ’
3277 1893 3430 1962 ὀλίγα
3468 1894 3631 1947 πάλιν

377 1990 483 2036 tte:
520 1996 625 2035 una
668 1979 796 2033 item
837 1978 1128 2048 Sapientiae
1172 1979 1476 2034 substantia
1517 1988 1572 2033 et
1607 1989 1801 2035 natura
1833 1990 1952 2047 est,

377 2073 473 2129 sed
503 2088 591 2127 res
625 2072 807 2126 multa:
834 2071 1105 2140 sapientes
1142 2082 1194 2125 et
1240 2071 1395 2126 bona
1417 2081 1564 2128 sunt.
1601 2090 1619 2124 ι
1665 2071 1727 2126 Ει
1766 2073 1954 2143 paucis

377 2165 680 2235 interjectis
717 2165 830 2218 haec
863 2164 1051 2219 addit:
1101 2182 1120 2215 ι
1155 2161 1394 2229 Quinam
1444 2163 1648 2219 fuerint
1687 2179 1829 2235 quos
1862 2163 1954 2220 Dei

376 2255 518 2310 ﬁlios
549 2255 807 2324 appellari
837 2255 1033 2326 dignos
1061 2255 1432 2312 arbitrantur?
1472 2254 1581 2310 Nec
1613 2256 1759 2310 enim
1790 2256 1954 2309 verba

375 2363 596 2418 quoque
629 2348 753 2402 illos
795 2363 940 2411 esse.
979 2364 1083 2402 nec
1119 2347 1318 2401 multas
1365 2347 1693 2403 contendent
1720 2347 1956 2403 existere

375 2439 692 2508 sapicntias.
721 2438 856 2493 Nam
890 2440 1004 2493 ﬁeri
1039 2438 1230 2507 nequit
1261 2450 1339 2501 ut,
1373 2455 1498 2493 cum
1529 2454 1695 2494 unum
1725 2439 1796 2494 sit
1824 2437 1955 2494 Ver-

373 2530 540 2595 bum,
604 2546 880 2600 unamque
929 2538 1216 2585 ostensum
1275 2530 1348 2584 sit
1403 2545 1526 2586 esse
1581 2529 1952 2600 Sapientiam,

373 2622 608 2676 ﬁliorum
651 2622 984 2676 multitudini
1029 2622 1360 2678 attribuatur
1394 2631 1591 2677 natura
1635 2620 1829 2688 Verbi,
1861 2638 1957 2676 no—

374 2728 608 2782 menque
632 2711 919 2783 Sapientiae
934 2713 1283 2768 concedatur.
1299 2733 1316 2766 ι
1340 2711 1628 2784 Nihilergo
1647 2714 1844 2768 mirum
1870 2713 1954 2767 vi-

373 2807 488 2860 deri
521 2807 700 2867 debet,
735 2808 780 2860 si
806 2805 996 2860 Ariani
1038 2822 1163 2861 cum
1207 2807 1433 2862 veritate
1481 2816 1741 2877 pugnent,
1788 2821 1959 2877 quan-

372 2897 666 2966 doquidem
692 2913 878 2951 secum
907 2897 1010 2966 ipsi
1040 2899 1269 2953 invicem
1293 2898 1789 2969 conlligunt.Modo
1809 2875 1955 2954 enini

374 2993 684 3057 complures
725 3004 849 3044 esse
888 2990 1184 3059 sapientias
1218 3000 1552 3055 asseverant,
1595 2993 1756 3047 modo
1789 3008 1955 3048 unam

375 3081 654 3135 declarant
688 3097 830 3146 esse,
875 3085 1036 3136 modo
1067 3099 1192 3138 cum
1237 3100 1401 3138 eruca
1441 3084 1710 3140 collocant
1741 3086 1958 3155 sapien-

375 3173 531 3238 tiam,
566 3173 728 3228 modo
773 3190 893 3227 eam
951 3176 1115 3228 simul
1152 3191 1278 3230 cunt
1319 3174 1478 3230 Patre
1524 3177 1792 3240 existere,
1825 3193 1954 3246 pro-

373 3266 661 3335 priamque
689 3267 808 3334 ejus
834 3283 956 3321 esse
997 3266 1270 3322 fatentur:
1310 3269 1474 3323 modo
1512 3269 1688 3322 solum
1736 3257 1953 3324 Patrem
1984 3262 2025 3318 C

373 3356 567 3410 docent
597 3373 701 3410 non
740 3355 942 3410 factum
977 3374 1117 3424 esse,
1154 3359 1317 3413 modo
1346 3358 1589 3428 ejusdem
1627 3360 1950 3430 sapientiam

373 3461 438 3500 ac
470 3448 720 3500 virtutem
764 3463 874 3500 non
909 3446 1108 3502 factam
1139 3448 1300 3519 402
1332 3464 1548 3520 quoque
1591 3466 1714 3505 esse
1758 3466 1952 3505 conce-

371 3547 528 3602 dunt.
554 3545 722 3602 Nobis
751 3545 844 3602 Dei
870 3547 1109 3602 Verbum
1149 3564 1361 3618 semper
1392 3564 1512 3603 esse
1554 3548 1950 3604 alIirmantibus

374 3647 679 3709 repugnant
727 3639 803 3691 illi
858 3639 1100 3707 quidem,
1153 3639 1247 3693 sed
1295 3639 1453 3692 iidem
1491 3649 1669 3693 tamen
1717 3641 1950 3710 propria:

372 3733 658 3785 sententia:
704 3731 879 3795 obliti,
935 3729 1268 3800 Sapientiam
1311 3731 1474 3785 simul
1524 3747 1648 3786 cum
1695 3731 1807 3786 Deo
1840 3733 1945 3786 exi-

371 3830 515 3874 stere
545 3837 643 3875 nec
672 3819 870 3875 factam
906 3837 1028 3876 esse
1062 3821 1432 3876 consentiunt.
1463 3819 1536 3874 Ita
1571 3822 1644 3875 illi
1684 3823 1734 3874 in
1773 3823 1950 3876 omni-

373 3911 476 3963 bus
522 3912 775 3965 laborant
813 3913 1100 3981 vertigine,
1127 3928 1365 3982 veraque
1401 3913 1605 3982 rejecta
1649 3913 1946 3983 Sapientia,

2056 1989 2202 2057 λέγει
2225 2005 2238 2018 ·
2275 2007 2294 2040 ‹
2334 1987 2489 2051 Τίνες
2527 1987 2593 2040 ἂν
2638 1982 2746 2040 εἷεν
2779 1984 2871 2049 οὒς
2927 1986 3119 2048 παῖδας
3171 1984 3305 2039 Θεοῦ
3359 2000 3632 2054 προσαγο-

2058 2080 2232 2150 ρεύειν
2274 2075 2550 2142 ἀξιοῦσιν;
2580 2075 2653 2128 Οὐ
2691 2074 2799 2145 γὰρ
2837 2073 2901 2144 δὴ
2926 2073 3116 2142 λόγους
3149 2072 3260 2142 (77)
3298 2088 3369 2130 τε,
3388 2072 3481 2123 καὶ
3507 2069 3632 2123 106-

2053 2188 2179 2234 τους
2228 2169 2493 2242 ὑπάρχειν
2525 2170 2812 2240 φήσουσιν,
2835 2165 2955 2220 οὐδὲ
2989 2161 3177 2234 σοφίας
3207 2160 3344 2218 εἶναι
3379 2163 3630 2225 πλείονας

2055 2261 2290 2334 ἐροῦσιν.
2327 2262 2402 2314 Οὐ
2435 2259 2545 2331 γὰρ
2571 2259 2814 2323 δυνατὸν,
2850 2258 2966 2321 ἐνὸς
2998 2257 3147 2320 ὄντος
3177 2255 3272 2308 τοῦ
3305 2255 3499 2324 Λόγου,
3533 2257 3632 2309 καὶ

2059 2360 2188 2430 μιᾶς
2217 2354 2631 2426 ἀποδειχθείσης
2670 2353 2766 2421 τῆς
2791 2352 3010 2421 Σοφίας,
3042 2349 3120 2420 τῷ
3149 2341 3340 2420 πλήθει
3367 2347 3473 2401 τῶν
3499 2348 3629 2401 παί-

2054 2449 2158 2502 δων
2198 2447 2292 2502 τοῦ
2329 2447 2503 2516 Λόγου
2561 2445 2658 2517 τὴν
2715 2443 2903 2497 οὐσίαν
2933 2441 3210 2511 ἐπινέμειν
3237 2439 3370 2510 (78),
3407 2438 3628 2508 καὶτῆς

2056 2540 2254 2609 Σοφίας
2305 2537 2620 2610 χαρίζεσθαι
2682 2535 2780 2606 τὴν
2839 2534 3172 2605 ἐπωνυμίαν.
3232 2552 3251 2584 ι
3304 2532 3627 2602 Θαυμαστὸν

2056 2631 2232 2684 τοίνυν
2259 2630 2431 2692 οὐδὲν,
2460 2629 2509 2682 εί
2565 2627 2701 2699 πρὸς
2727 2627 2825 2698 τὴν
2847 2625 3102 2699 ἀλήθειαν
3133 2627 3181 2679 οἱ
3219 2625 3485 2697 Ἀρειανοὶ
3521 2625 3626 2695 μά-

2057 2739 2261 2794 χονται,
2295 2721 2427 2775 ὅπου
2452 2736 2514 2788 γε
2542 2719 2635 2773 καὶ
2679 2722 2792 2781 τοῖς
2815 2717 3024 2771 ἑαυτῶν
3050 2717 3481 2788 προσκόπτοντες
3515 2715 3626 2784 (79)

2055 2815 2304 2886 ἀλλήλοις
2349 2813 2756 2886 συμπίπτουσι,
2812 2811 2943 2864 ποτὲ
2991 2811 3088 2881 μὲν
3132 2811 3378 2878 λέγοντες
3428 2807 3628 2871 πολλάς

2057 2904 2195 2962 εἶναι
2235 2905 2447 2975 σοφίας,
2483 2903 2614 2958 ποτὲ
2642 2903 2698 2956 δὲ
2734 2901 2863 2972 μίαν
2886 2901 3339 2971 ἀποφαινόμενοι·
3378 2899 3468 2952 καί
3497 2914 3627 2952 ποτε

2061 3000 2159 3071 μὲν
2183 3002 2248 3071 τῇ
2278 2998 2474 3069 κάμπῃ
2516 2994 2842 3048 συνάπτουσι
2882 2992 2993 3062 (80)
3026 2992 3123 3063 τὴν
3169 2991 3376 3060 σοφίαν,
3413 2988 3542 3043 ποτὲ
3571 2987 3630 3042 δὲ

2059 3091 2422 3162 συνυπάρχειν
2454 3087 2534 3158 τῷ
2567 3086 2742 3157 [Ia-cpi.
2773 3084 2866 3138 καὶ
2896 3084 3032 3137 ίδίαν
3063 3083 3224 3136 αὐτοῦ
3251 3082 3498 3150 λέγουσι’
3534 3080 3628 3134 καὶ

2059 3184 2244 3238 ἄλλοτε
2301 3184 2397 3252 μὲν
2459 3179 2718 3249 ἀγένητον
2747 3177 2902 3248 μόνον
2926 3177 3016 3230 τὸν
3063 3176 3278 3248 Πατέρα
3301 3192 3312 3205 ·
3347 3173 3530 3228 ἄλλοτε
3570 3173 3628 3226 δὲ

2057 3277 2150 3330 καὶ
2172 3275 2270 3346 τὴν
2305 3273 2492 3343 σοφίαν
2523 3269 2686 3325 αὑτοῦ
2715 3269 2809 3324 καὶ
2837 3270 2933 3340 τὴν
2959 3268 3187 3338 δύναμιν
3207 3265 3466 3334 ἀγένητον
3492 3262 3624 3331 (8|).

2057 3367 2166 3420 Καὶ
2218 3368 2479 3436 μάχονται
2539 3364 2637 3435 μὲν
2671 3363 2799 3432 ἡμῖν
2831 3361 3078 3430 λέγουσιν
3109 3360 3196 3412 ἀεὶ
3228 3354 3366 3412 εἶναι
3405 3355 3496 3409 τὸν
3531 3353 3629 3410 τοῦ

2058 3457 2192 3512 Θεοῦ
2223 3459 2414 3528 Λόγον,
2449 3458 2602 3511 αὐτοὶ
2655 3457 2712 3510 δὲ
2754 3454 3002 3522 λέγοντες
3029 3453 3306 3520 ἀγενήτως
3349 3449 3458 3519 (82)
3502 3466 3629 3502 συν-

2059 3551 2324 3623 υπάρχειν
2377 3550 2455 3620 τῷ
2499 3548 2616 3620 Θεῷ
2663 3549 2760 3619 τὴν
2789 3546 3006 3616 Σοφίαν,
3056 3542 3495 3597 ἐπιλανθάνονται
3515 3541 3627 3593 τῶν

2061 3644 2222 3697 ἰδίων.
2259 3643 2414 3696 Οῦτω
2461 3641 2595 3714 πρὸς
2622 3640 2798 3693 πάντα
2829 3635 3215 3700 σκοτοδινιῶσι,
3239 3635 3338 3706 τὴν
3365 3634 3463 3704 μὲν
3495 3633 3627 3702 ἀλη-

2057 3736 2209 3808 θινὴν
2250 3736 2447 3804 Σοφίαν
2485 3733 2828 3804 ἀρνούμενοι,
2883 3731 2977 3783 καὶ
3007 3729 3103 3800 τὴν
3138 3729 3211 3799 μὴ
3258 3722 3420 3779 οὖσαν
3475 3724 3630 3790 ἐξευ-

2058 3825 2329 3897 ρίσκοντες
2354 3865 2368 3888 ,
2403 3824 2476 3886 ὡς
2501 3827 2550 3876 οἱ
2586 3823 2692 3894 (85)
2724 3822 3012 3890 Μανιχαῖοι
3055 3819 3375 3880 πλάττοντες
3411 3818 3625 3877 ἑαυτοῖς

2055 3918 2262 3990 ἕτερον,
2293 3919 2384 3970 καὶ
2414 3917 2504 3970 τὸν
2529 3917 2657 3970 ὄντα
2690 3914 2822 3967 Θεὸν
2851 3914 3188 3983 ἀρνούμενοι.

373 4003 534 4055 aliam
570 4019 692 4072 quae
723 4002 868 4056 nulla
895 4015 979 4058 est
1022 4005 1351 4074 excogitant,
1402 4021 1510 4060 non
1549 4021 1710 4062 secus
1740 4020 1804 4060 ac
1833 4005 2139 4077 Manichazi,
2170 4015 2262 4081 qui
2292 4009 2458 4064 Deum
2493 4009 2586 4079 qui
2656 4023 2783 4063 vere
2830 4017 2915 4062 est
2966 4013 3248 4076 negantes,
3301 4003 3466 4057 alium
3515 4000 3620 4072 sibi

371 4091 474 4160 ipsi
503 4094 730 4162 fingunt.

440 4247 489 4279 ⁸⁸
524 4245 669 4301 Psal.
695 4263 811 4310 cnt,
831 4247 923 4301 2L

447 4377 560 4447 (72)
598 4378 806 4448 Anglic.
857 4388 910 4432 et
942 4376 1088 4431 Felc.
1117 4378 1190 4448 4,
1226 4377 1286 4448 ὲν
1343 4377 1455 4448 τοζς
1505 4374 1672 4448 θείοις
1718 4375 1938 4443 λογίοις.

2118 4373 2228 4445 (79)
2253 4372 2397 4429 Felc.
2443 4374 2494 4437 5,
2521 4375 2941 4445 προκόπτοντες.
2981 4372 3104 4428 Mox
3152 4373 3297 4428 Felc.
3329 4375 3384 4432 4.
3421 4373 3622 4439 πολλὰς

371 4441 928 4537 ςοὶιιοὶκηοιῖθοιςλρ,
955 4451 1012 4501 ὲν
1048 4450 1159 4537 Eoi;
1180 4446 1377 4537 ξόγοις.
1403 4445 1531 4530 Reg.
1564 4455 1616 4498 et
1641 4441 1940 4537 lia'sili.,a'sv

2060 4441 2417 4537 μὲνοξὶεξγὲντες
2455 4441 2839 4537 πολλὲςιεῖναι.

372 4521 535 4582 θείοις
562 4520 758 4588 λόγοις.
787 4519 891 4571 Alii
923 4527 976 4571 et
996 4517 1146 4588 editi,
1181 4519 1236 4588 ὲν
1273 4519 1386 4578 τοῖς
1415 4517 1633 4588 λογίοις.
1681 4515 1940 4588 Moyse-

371 4607 524 4660 gner.
557 4586 866 4644 Goblerian.
899 4596 956 4660 et
989 4586 1135 4660 Eelc.
1192 4587 1244 4660 _l,
1279 4586 1432 4660 παρ’
1469 4587 1631 4639 αὑτὸν
1662 4587 1752 4638 τὸν
1788 4586 1934 4638 Υίόν.

371 4657 513 4714 Editi
544 4661 737 4730 etialii,
773 4659 924 4730 παρά
950 4657 1133 4710 τοῦτον
1157 4657 1246 4708 τὸν
1279 4657 1422 4730 [ἱόν.

446 4731 558 4800 (75)
591 4725 1154 4800 διξειιθτηϐομΙ-θτίωι.
1211 4725 1440 4800 et_Felc_.
1495 4725 1546 4789 l,
1576 4725 1940 4800 ὁμολογεῖται.

370 4795 509 4854 Editi
538 4795 591 4854 et
647 4795 760 4863 alii,
810 4798 1170 4868 ὡμολόγηται.
1223 4795 1352 4868 Mox
1405 4795 1536 4868 Reg.
1600 4795 1652 4849 et
1696 4795 1850 4868 iFelc.
1887 4796 1941 4858 5,

369 4873 698 4942 ἀγεννήτως.
749 4863 940 4924 ϐαδιὲτί
1000 4863 1122 4922 cum
1171 4867 1407 4921 editione
1467 4863 1754 4931 Comtnel.,
1809 4867 1942 4933 ἀγε-

370 4946 562 4996 νήτως.

579 5009 817 5082 segnem
843 5008 977 5078 Reg.
1008 5016 1062 5062 et
1110 5005 1255 5061 Felc.
1288 5005 1342 5068 5,
1376 5004 1479 5058 ἰδία
1525 5004 1708 5058 αὐτοῦ.
1752 5003 1858 5058 Alii
1890 5014 1943 5059 et

367 5079 656 5152 etliti,'l6ia
681 5079 847 5152 αῦτῷ.

442 5151 554 5221 (75)
592 5151 684 5205 Sic
716 5143 941 5221 Segner.
971 5147 1106 5221 Reg.
1150 5145 1368 5221 Goblcr.
1400 5143 1552 5221 Felc.
1654 5154 1707 5199 et
1759 5146 1812 5199 4.
1873 5145 1943 5199 At

371 5216 549 5276 caeteri
583 5231 635 5274 et
655 5216 822 5274 editio
854 5219 1143 5286 Cpmntel..
1171 5216 1470 5286 ὁμολογεῖν,
1509 5216 1668 5286 tn_ale.

444 5291 560 5361 (76)
587 5284 942 5361 δοειιοιήηᾲεῖς
974 5289 1071 5361 μὲν
1101 5284 1266 5361 Θεός.
1293 5285 1495 5361 lbidetn
1544 5284 1675 5354 Reg.
1708 5284 1937 5361 et-Felc.

372 5361 427 5422 5,
450 5354 618 5411 ποὶὶλὰ
649 5354 703 5412 δὲ
741 5360 810 5410 τὰ
840 5354 1018 5427 λόγια.
1051 5359 1182 5410 ltetn
1234 5356 1363 5427 ibid.
1418 5354 1666 5427 segnem,
1697 5357 1790 5427 καὶ
1843 5355 1943 5424 μία

374 5431 529 5500 μὲνὴ
562 5429 661 5500 τῆς
691 5424 923 5500 Σοφίαςξ
945 5428 1086 5500 Εειο.
1113 5427 1168 5500 44,
1194 5425 1350 5500 i_bid.,
1383 5425 1536 5500 οὐσία
1569 5424 1660 5500 καὶ
1691 5425 1866 5500 φύσις,

445 5448 472 5482 ν
497 5432 532 5550 '9
562 5432 661 5507 τῆς
691 5432 904 5497 Σοφίας.
945 5432 1086 5482 Felc.
1113 5432 1168 5490 ι,
1194 5432 1350 5488 ibid.,
1383 5432 1536 5507 οὐσία
1569 5432 1660 5476 καὶ
1685 5432 1866 5546 φύσις,
1893 5495 1904 5506 .

445 5499 494 5568 (7
539 5506 554 5566 )
592 5498 682 5551 Sic
712 5499 935 5569 Seguer.
958 5498 1084 5569 Reg.
1119 5497 1337 5569 Gob|e_r.
1367 5506 1418 5569 et
1442 5495 1582 5548 l‘clc.
1611 5495 1690 5569 l._
1731 5504 1755 5569 t
1779 5500 1944 5569 edit”)

370 5563 663 5638 Coinntel.,
689 5569 746 5619 Εί
781 5563 889 5638 γὰρ
936 5569 1000 5637 δὴ
1030 5563 1243 5638 ὶῖόγους.Δ
1271 5565 1442 5638 (Paulo
1498 5574 1623 5638 post
1651 5563 1795 5638 Fel‘c.
1834 5564 1945 5638 2_et

372 5639 522 5757 etit‘i,
574 5637 706 5689 Οὐδὲ
774 5634 881 5708 γὰρ
917 5634 1154 5691 δυνατόν.
1219 5635 1323 5688 Alii
1363 5651 1493 5690 mss.
1560 5635 1634 5698 Οὐ
1693 5634 1800 5705 γὰρ
1853 5635 1943 5686 δυ-

372 5724 466 5757 νατ
500 5726 546 5757 ν.

366 5724 546 5761 νατον.
1538 5762 1545 5763 ,
1587 5760 1589 5763 .

443 5777 554 5845 (78)
586 5776 808 5844 Seguer.
843 5785 897 5830 et
951 5775 1440 5846 Βθε.,ὲπινέμειν.
1515 5773 1655 5830 Editi
1714 5785 1768 5830 et
1827 5773 1938 5841 alii,

365 5847 678 5916 ἐπιτίμου-ι,
709 5848 985 5902 mendose.

2116 4513 2228 4587 (80)
2254 4513 2478 4587 Seguer.
2507 4523 2560 4568 et
2588 4513 2733 4587 Eelc.
2764 4515 2798 4587 ξ
2824 4525 2877 4569 et
2931 4514 2984 4577 5,
3020 4515 3403 4587 συγκρῇδουσι.
3425 4513 3529 4566 Alii
3564 4525 3623 4587 _et

2045 4585 2207 4654 editi,
2233 4586 2580 4638 συνάπτουσι.
2616 4585 2737 4638 Mox
2767 4583 2995 4654 Seguer.
3028 4583 3173 4653 Reg.
3204 4583 3349 4654 Felc.
3377 4585 3411 4637 4
3460 4593 3513 4637 et
3561 4585 3618 4646 5,

2045 4656 2137 4707 καὶ
2153 4653 2368 4724 γάλλοτε.
2399 4657 2450 4706 In
2480 4655 2602 4708 aliis
2631 4664 2684 4708 et
2709 4653 2867 4709 editis
2893 4655 3046 4708 deest
3094 4655 3206 4708 καί.
3243 4653 3444 4708 Ibidem
3481 4655 3617 4724 Reg.

2043 4735 2096 4778 et
2125 4723 2266 4778 Felc.
2306 4725 2358 4785 5,
2381 4725 2695 4794 ἀγέννητον.
2733 4724 2836 4777 Alii
2869 4734 2922 4778 et
2947 4725 3099 4788 editi,
3153 4724 3432 4794 ἀγένητον.
3485 4723 3618 4778 nem

2043 4795 2172 4848 ibid.
2205 4794 2426 4864 Seguer.
2453 4793 2596 4848 Felc.
2627 4795 2651 4847 1
2689 4805 2742 4846 et
2766 4795 2800 4848 5
2828 4797 3086 4848 omittunt
3113 4795 3205 4847 καί
3261 4793 3382 4848 ante
3432 4794 3616 4864 μόνον,

2043 4865 2314 4933 iidemque
2338 4874 2386 4916 et
2405 4865 2561 4918 Gobl.
2590 4881 2654 4919 ac
2703 4865 2848 4918 Felc.
2878 4865 2900 4916 l
2962 4867 3163 4918 habent
3187 4865 3356 4934 μόνον
3385 4864 3477 4917 τὸν
3506 4865 3623 4916 Πα-

2041 4934 2194 5006 τέρα.
2223 4937 2418 5006 timeri
2439 4945 2502 5006 _et
2523 4936 2671 5006 editi,
2703 4937 2796 5006 καί
2831 4935 2986 5005 μόνον
3035 4933 3272 5006 Πατέρα.
3311 4933 3445 5006 Mss.
3497 4950 3586 5006 om

2039 5003 2139 5127 {tes
2163 5004 2316 5125 ibidg,
2371 5003 2556 5056 ἄλλοτε
2589 5005 2646 5058 δὲ
2701 5005 2814 5070 καί,
2834 5003 2951 5061 ﬁcte.
2984 5006 3160 5060 Editio
3186 5003 3495 5071 rCommel.,
3522 5004 3622 5058 ἀλ-

2071 5092 2158 5126 οτε
2192 5091 2262 5126 κα
2291 5113 2304 5124 .

2071 5092 2158 5126 οτε
2192 5091 2304 5126 και.

2113 5144 2223 5212 (8|)
2253 5142 2476 5211 Segner.
2505 5144 2715 5213 Anglic.
2747 5145 2966 5200 Gobler.
3021 5154 3076 5200 et
3109 5145 3254 5201 Felc.
3288 5145 3341 5210 l,
3386 5143 3624 5213 δύναμιν

2040 5213 2486 5288 ἀγένητονλῐὶοε.
2514 5214 2670 5288 ele._
2690 5216 2723 5268 4
2753 5226 2807 5269 et
2827 5217 2882 5279 5,
2912 5215 3138 5288 δύναμιν
3164 5213 3621 5288 ἀγέννητον.-Ληί

2041 5295 2096 5358 et
2119 5282 2282 5358 editio
2303 5282 2590 5358 Qotntnel.,
2614 5285 2838 5358 δύναμιν
2851 5287 3016 5358 αὑτοῦ
3036 5282 3287 5358 γενητήν.
3315 5282 3448 5358 ibid.
3467 5284 3620 5358 Felc.

2041 5354 2096 5427 ἑ,
2123 5355 2239 5427 -Καὶ
2271 5351 2531 5424 μάχονται
2559 5357 2710 5427 ἡμῖν.
2746 5351 2877 5410 Item
2945 5351 3076 5427 ibid.
3111 5351 3337 5427 Segner.
3392 5356 3619 5427 Go_bler.

2044 5424 2190 5495 F_elc.
2228 5427 2280 5495 1,
2320 5427 2354 5495 4
2386 5434 2438 5477 et
2471 5427 2524 5489 5,
2556 5425 2693 5480 εἶναι
2732 5427 2822 5478 τὸν
2879 5427 2971 5478 τοῦ
3029 5426 3162 5478 Θεοῦ
3191 5424 3398 5495 ᾏόγον.
3454 5424 3622 5495 Reg.,

2041 5490 2179 5617 iam
2200 5493 2293 5546 τοῦ
2323 5494 2457 5548 Θεοῦ
2519 5497 2710 5565 Λόγον.
2753 5497 2894 5550 Editi
2939 5509 2992 5552 et
3039 5498 3152 5561 alii,
3193 5490 3330 5550 εἶναι
3362 5496 3454 5549 τὸν
3479 5490 3625 5551 Θεοῦ

2121 5582 2230 5617 γον.

2121 5582 2230 5632 γον.

2115 5635 2226 5703 (82)
2253 5634 2461 5707 Anglic.
2490 5635 2758 5707 ἀγενήτῳ.
2785 5637 2918 5707 Reg.
2943 5647 2996 5692 et
3024 5636 3167 5694 Felc.
3197 5637 3252 5703 5,
3281 5635 3623 5707 ἀγεννήτως.

2042 5703 2162 5777 Alii
2179 5716 2230 5758 et
2253 5703 2726 5777 eduLdYEViﬁmﬁ

2119 5775 2231 5848 (δῷ)
2268 5772 2358 5848 _Sic
2387 5772 2609 5848 Seguer'.
2641 5777 2770 5845 Reg.
2810 5777 3022 5843 Anglic.
3051 5777 3276 5848 Gobler.
3301 5786 3355 5831 ct
3382 5775 3527 5848 Felc.
3560 5775 3622 5848 1,

2043 5846 2077 5898 4
2105 5856 2158 5900 ct
2184 5845 2234 5898 5.
2261 5846 2328 5897 At
2366 5847 2414 5897 οἱ
2449 5849 2602 5901 abest
2636 5848 2704 5900 ab
2734 5849 2854 5902 aliis
2881 5862 2933 5903 et
2961 5850 3200 5904 editione
3239 5846 3505 5903 Commel.
