3948 6236
339 331 430 390 Ξιὶἳ

931 334 987 388 S.
1029 335 1400 392 ATHANASII
1438 336 1592 394 ΟΓΡ.
1631 337 1810 394 PARS
1847 337 1890 393 1.
1928 369 1996 380 -
2033 337 2410 396 HISTORICA
2449 336 2536 390 ΕΤ
2578 335 2994 394 DOGMATICA.

3451 337 3559 396 248

345 451 477 502 tium
500 449 700 503 viarum
734 467 968 515 suarum,
1017 455 1173 522 quasi
1225 455 1428 510 scilicet
1457 455 1657 511 diceret
1687 475 1701 511 :
1737 457 1895 511 Pater
1923 480 1947 536 Α

2057 457 2211 510 ἂτοῦο
2273 455 2383 508 ἴσον
2421 454 2496 524 τῷ
2538 456 2728 507 εἰπεῖν·
2787 454 2843 505 'O
2887 451 3074 522 Πατὴρ
3107 451 3263 521 σῶμά
3300 469 3388 522 μοι
3429 469 3557 506 κατ-

344 555 545 610 corpus
573 543 703 596 mihi
736 543 957 612 perfecit
981 547 1023 577 ¹⁹
1054 564 1066 599 :
1106 555 1161 599 et
1195 563 1280 602 me
1310 549 1377 602 ad
1401 549 1646 604 homines
1669 563 1766 619 pro
1801 551 1898 604 h0-

347 633 553 688 minum
587 633 760 689 salute
783 638 1003 691 creavit.
1039 638 1502 702 Quemadmodum
1552 640 1695 693 enim
1724 656 1842 694 cum
1872 657 1902 694 a

348 723 556 780 .‘oanne
587 727 858 794 audimus,
921 727 1144 782 Verbum
1197 747 1321 784 caro
1373 731 1569 800 factum
1601 742 1677 786 est
1700 733 1765 798 ",
1797 749 1904 788 non

351 827 523 873 totum
577 818 810 874 Verbum
858 838 1074 878 carnem
1123 840 1262 890 esse,
1294 826 1386 881 sed
1426 843 1639 882 carnem
1670 839 1906 884 tantum-

352 911 512 965 modo
544 911 784 967 induisse
817 913 1128 983 factumque
1171 934 1290 973 esse
1328 919 1604 975 hominem
1659 921 1908 990 intelligi-

353 1015 476 1055 mus
503 1018 517 1056 :
549 1018 672 1056 cum
705 1004 830 1058 item
867 1005 1138 1074 audimus,
1163 1008 1407 1064 Christus
1439 1028 1532 1074 pro
1557 1013 1702 1067 nobis
1737 1012 1908 1081 factus

334 1102 428 1145 est
459 1093 795 1148 maledictum
821 1098 863 1128 “
891 1114 906 1162 ;
951 1108 1024 1165 et,
1065 1099 1200 1153 Eum
1227 1102 1316 1171 qui
1351 1119 1451 1156 non
1497 1113 1704 1158 noverat
1731 1121 1910 1174 pecca-

358 1195 487 1248 tum,
513 1199 606 1253 pro
639 1186 786 1241 nobis
815 1199 1082 1254 peccatum
1114 1191 1233 1260 fecit
1258 1194 1301 1222 ²²
1337 1209 1351 1258 ;
1398 1207 1504 1247 non
1536 1195 1698 1249 etiam
1738 1204 1910 1250 totum

359 1277 534 1346 ipsum
575 1279 924 1349 intelligimus
957 1284 1301 1340 maledictum
1328 1296 1383 1340 et
1407 1297 1682 1354 peccatum
1713 1287 1912 1342 factum
1942 1306 1947 1317 -'

359 1384 499 1429 esse,
533 1370 625 1425 sed
671 1381 911 1429 nostram
955 1376 1384 1432 maledictionem
1415 1377 1682 1432 duntaxat
1730 1395 1917 1436 susce-

361 1461 526 1528 pisse,
563 1462 927 1532 utApostolus
955 1467 1039 1522 his
1062 1469 1240 1523 verbis
1272 1468 1446 1534 docet,
1473 1468 1708 1522 Redemit
1735 1487 1826 1524 nos
1855 1473 1918 1524 de

2004 551 2262 622 ηρτίσατο
2296 547 2428 617 (57).
2491 547 2583 600 καὶ
2616 547 2692 609 είς
2725 543 3039 615 ἀνθρώπους
3073 561 3136 614 με
3172 543 3398 606 ἔκτισεν,
3426 544 3565 616 ὑπὲρ

2003 641 2104 710 τῆς
2128 640 2234 692 τῶν
2261 637 2557 710 ἀνθρώπων
2593 635 2879 708 σωτηρίας.
2905 636 3012 688 Καὶ
3035 635 3141 704 γὰρ
3168 633 3354 704 ὥσπερ
3390 633 3568 688 Ἰωάν-

2005 753 2096 788 νου
2130 735 2434 795 ἀκούοντες,
2477 733 2537 784 '0
2564 732 2752 799 Λόγος
2802 730 2957 798 σὰρξ
2988 728 3243 798 ἐγένετο,
3275 728 3373 780 οὐκ
3408 727 3570 780 αὐτὸν

2008 826 2116 896 (58)
2143 827 2260 879 ὅλον
2297 826 2471 896 σάρκα
2505 823 2727 893 νοοῦμεν
2748 822 2835 875 τὸν
2877 823 3066 890 Λόγον,
3096 821 3228 874 ἀλλὰ
3275 822 3450 890 σάρκα
3483 820 3572 873 ὲν-

2007 917 2324 987 δυσάμενον,
2361 916 2452 968 κα).
2487 915 2771 984 γενόμενον
2809 913 3124 983 ἄνθρωπον·
3161 911 3442 974 ἀκούοντές
3487 928 3572 973 τε,

2009 1008 2259 1078 Χριστὸς
2295 1007 2406 1078 (59)
2455 1006 2699 1075 γέγονεν
2745 1003 2896 1072 ὑπὲρ
2951 1002 3120 1071 ἡμῶν
3174 1000 3421 1068 κατάρα,
3457 1002 3570 1061 καὶ,

2016 1101 2126 1156 Τὸν
2163 1100 2247 1170 μὴ
2294 1099 2512 1168 γνόντα
2558 1096 2848 1165 ἁμαρτίαν
2891 1093 3042 1161 ὑπὲρ
3089 1091 3257 1162 ἡμῶν
3288 1091 3581 1160 ἁμαρτίαν

2011 1196 2315 1261 ἐποίησεν,
2374 1191 2472 1244 οὐκ
2501 1189 2631 1242 αὐτὸ
2657 1190 2813 1241 τοῦτο
2839 1186 2957 1239 ὅλον
2987 1185 3231 1254 κατάραν
3264 1184 3358 1236 καὶ
3401 1184 3581 1254 ἁμαρ-

2012 1287 2132 1337 τίαν
2179 1283 2339 1337 αὑτὸν
2391 1279 2615 1351 νοοῦμεν
2662 1278 3008 1348 γεγενῆσθαι,
3063 1275 3175 1328 ἀλλ’
3209 1276 3290 1327 ὅτι
3336 1273 3430 1344 τὴν
3485 1273 3583 1342 μὲν

2014 1376 2133 1430 καθ’
2187 1373 2344 1446 ἡμῶν
2407 1372 2516 1444 (60)
2569 1371 2810 1442 κατάραν
2861 1368 3168 1434 ἀνεδέξατο,
3222 1367 3297 1429 ὼς
3353 1361 3503 1418 εἶπεν
3554 1365 3584 1417 ὁ

2029 1467 2365 1528 Ἀπόστολος,
2414 1463 2813 1533 Ἐξηγόρασεν
2839 1459 2947 1531 (61)
2980 1457 3135 1529 ἡμᾶς
3165 1459 3234 1511 ἐκ
3264 1457 3376 1524 τῆς
3412 1454 3587 1508 κατὰ·

365 1549 727 1606 maledictione
751 1555 821 1620 ⁸³,
855 1565 1149 1625 nostraque
1196 1565 1438 1624 portasse
1491 1567 1728 1626 peccata,
1754 1569 1813 1613 ut
1844 1560 1922 1614 ait

2057 1576 2160 1626 αςο
2219 1559 2316 1621 τὰς
2353 1557 2409 1612 δὲ
2438 1556 2708 1627 ἁμαρτίας
2729 1552 2904 1624 ἡμῶν,
2941 1553 3016 1615 ὡς
3049 1553 3143 1624 μὲν
3197 1554 3224 1618 δ
3263 1551 3486 1612 Ἡσαΐας
3512 1544 3592 1601 εἴ·

365 1639 532 1698 lsaias
559 1643 624 1708 “,
650 1655 812 1717 atque
843 1663 928 1714 ea,
979 1656 1039 1702 ut
1063 1647 1249 1704 scribit
1295 1647 1486 1705 Petrus
1508 1649 1574 1715 ³⁸,
1607 1664 1830 1719 corpore
1866 1653 1920 1708 in

2057 1667 2140 1711 :sv,
2173 1650 2468 1702 ἐϐάστασεν
2497 1644 2630 1716 (62),
2661 1645 2737 1707 ὡς
2773 1644 2830 1696 δὲ
2864 1645 2891 1696 ὁ
2927 1643 3134 1713 Πέτρος
3161 1641 3420 1710 ἔγραψεν,
3456 1640 3588 1708 ἀνή-

367 1732 571 1804 lignum
619 1739 924 1794 sustulisse.
981 1739 1240 1794 Similiter
1265 1755 1392 1806 ergo
1445 1741 1491 1796 si
1517 1756 1700 1796 vocem
1732 1745 1924 1796 creavit

2057 1757 2212 1808 εγκεν
2259 1739 2426 1801 αὐτὰς
2468 1736 2546 1808 τῷ
2580 1736 2788 1808 σώματι
2835 1735 2927 1788 ἐπὶ
2975 1733 3036 1787 τὸ
3073 1733 3246 1799 ξύλον.
3279 1731 3462 1793 Οὕτως
3495 1728 3595 1782 ἐὰν

369 1822 426 1879 in
456 1825 761 1884 Proverbiis
782 1830 1133 1895 audierimus,
1171 1846 1276 1884 non
1312 1838 1482 1885 totum
1517 1831 1749 1885 Verbum
1778 1846 1928 1885 crea-

2057 1829 2311 1899 ικούωμεν
2344 1829 2452 1899 (6⁸5)
2487 1829 2544 1881 ὲν
2585 1830 2704 1890 ταῖς
2737 1825 3062 1898 Παροιμίαις
3115 1826 3193 1887 τὸ,
3241 1823 3501 1886 ἔκτισεν,
3529 1821 3592 1873 οὺ

371 1926 548 1974 turam
579 1935 719 1987 esse,
754 1922 846 1976 sed
873 1929 1112 1976 creatum
1141 1922 1383 1979 induisse
1411 1938 1608 1992 corpus
1639 1924 1934 1994 intelligen-

371 2011 500 2064 dum
531 2019 633 2078 est,
672 2012 948 2082 Deumque
972 2029 1070 2082 pro
1097 2015 1254 2070 nobis
1300 2014 1477 2085 ipsum
1512 2031 1746 2082 creasse,
1773 2025 1826 2070 et
1857 2016 1932 2069 illi

373 2109 613 2156 creatum
641 2116 860 2172 corpus,
886 2105 1057 2160 nostri
1084 2121 1271 2171 causa,
1296 2107 1373 2162 uti
1399 2108 1660 2176 scriptum
1682 2115 1783 2174 est,
1814 2122 1934 2177 per-

373 2193 566 2249 fecisse
597 2194 663 2259 ",
700 2204 759 2248 ut
796 2195 848 2248 in
905 2195 1022 2266 ipso
1071 2200 1321 2254 renovari
1351 2199 1533 2270 diique
1586 2201 1721 2254 eliici
1751 2215 1934 2268 posse-

375 2299 520 2340 mus.
567 2281 706 2350 Quid
759 2285 922 2355 igitur
955 2301 1072 2352 vos,
1124 2302 1158 2342 ο
1191 2287 1394 2352 insani,
1435 2289 1570 2344 adeo
1624 2287 1832 2354 fefellit,
1879 2297 1940 2342 ut

372 2373 682 2429 Creatorem
705 2386 1006 2431 creaturam
1058 2379 1354 2435 diceretis?
1395 2379 1502 2435 Aut
1547 2379 1690 2435 unde
1737 2393 1937 2434 novum

374 2465 478 2522 hoc
503 2477 866 2523 commentum
902 2470 1060 2524 vobis
1095 2470 1228 2540 ipsis
1259 2471 1640 2540 comparastis,
1687 2471 1742 2524 in
1769 2486 1942 2540 eoque

374 2557 725 2627 triumphatis
749 2559 775 2612 ἲ
815 2558 982 2632 408
1023 2558 1313 2615 Proverbia
1352 2560 1573 2632 quidem
1623 2560 1943 2624 dictionem,

377 2651 589 2714 creavit,
622 2651 850 2708 habent:
876 2664 930 2709 at
961 2653 1158 2708 Filium
1182 2669 1289 2708 non
1316 2662 1556 2708 creatum
1588 2653 1680 2708 sed
1704 2651 1968 2724 genitum-

377 2756 496 2798 esse
520 2742 688 2809 aiunt,
719 2753 772 2798 et
799 2745 951 2814 juxta
975 2746 1146 2809 vocis,
1187 2746 1378 2799 creavit
1417 2756 1470 2800 et
1503 2756 1759 2799 creatum:
1794 2746 1945 2802 diffe-

380 2835 635 2897 rentiam,
671 2851 831 2904 quam
863 2837 1022 2905 paulo
1053 2845 1210 2891 antea
1243 2852 1310 2892 ex
1341 2836 1637 2906 Scripturis
1661 2839 1950 2907 explicavi-

383 2939 525 2990 mus,
566 2924 715 2978 illum
749 2936 1051 2994 agnoscunt
1083 2925 1412 2996 Sapientiam
1456 2943 1578 2982 esse
1615 2928 1948 2998 unigenitam

385 3027 436 3070 et
475 3031 652 3071 rerum
683 3028 984 3073 crealarum
1020 3019 1288 3088 opificem,
1315 3021 1459 3089 quod
1488 3020 1704 3090 quidem
1745 3032 1950 3074 naturae

386 3103 507 3159 Filii
561 3106 836 3176 proprium
892 3116 994 3163 est.
1039 3108 1174 3162 Cum
1235 3119 1414 3163 autem
1465 3124 1674 3175 vocem,
1717 3111 1946 3175 creavit,

389 3207 673 3266 usurpant,
710 3213 816 3252 non
845 3199 910 3253 de
955 3199 1072 3268 ejus
1106 3200 1404 3268 loquuntur
1435 3209 1650 3263 natura,
1699 3201 1792 3255 sed
1824 3216 1949 3255 eum
1977 3184 2018 3242 C-

390 3289 679 3343 multarum
710 3290 919 3345 viarum
967 3290 1296 3361 principium
1349 3291 1463 3346 ﬁeri
1503 3291 1829 3362 significant,
1874 3291 1949 3346 ita

390 3389 451 3434 ut
472 3396 574 3434 vox
601 3383 814 3449 creavit,
838 3383 979 3445 voci,
1007 3382 1169 3448 fetus,
1205 3394 1510 3453 opponatur
1539 3402 1552 3438 :
1599 3383 1742 3454 quod
1770 3393 1949 3438 autem

391 3473 716 3542 principium
769 3475 980 3530 viarum
1031 3475 1251 3541 dicitur,
1285 3475 1388 3544 ipsi
1432 3473 1611 3530 Verbo
1661 3475 1951 3546 apponitur

393 3573 658 3635 quatenus
683 3576 765 3623 est
798 3569 1150 3640 unigenitum.

464 3678 553 3734 48.
585 3677 718 3734 Nam
749 3682 795 3736 si
823 3681 1034 3752 genitus
1067 3691 1175 3747 est,
1206 3696 1377 3751 quare
1412 3682 1564 3734 illum
1610 3691 1848 3735 creatum
1878 3680 1960 3734 di-

397 3769 565 3825 citis?
597 3768 768 3826 Nemo
796 3773 939 3826 enim
966 3788 1087 3843 quae
1112 3781 1256 3828 creat
1283 3773 1500 3842 gignere
1525 3772 1675 3835 dicit,
1712 3787 1809 3827 nec
1831 3787 1960 3842 pro-

2031 1921 2110 1972 δεῖ
2141 1920 2340 1991 κτίσμα
2369 1923 2436 1991 τῇ
2475 1920 2632 1988 φύσει
2672 1919 2788 1972 ὅλον
2835 1922 2972 1971 νοεῖν
3018 1917 3107 1971 τὸν
3153 1916 3341 1985 Λόγον,
3377 1913 3488 1968 ἀλλ’
3513 1914 3594 1966 ὅτι

2030 2013 2092 2064 τὸ
2124 2014 2336 2066 κτιστὸν
2369 2012 2651 2066 ἐνεδύσατο
2682 2012 2859 2082 σῶμα,
2907 2010 2999 2063 καὶ
3034 2009 3168 2078 ὑπὲρ
3199 2008 3352 2080 ἡμῶν
3387 2007 3599 2060 ἔκτισεν

2033 2104 2193 2157 αὑτὸν
2223 2106 2251 2158 ὁ
2283 2103 2436 2168 Θεὸς,
2467 2104 2546 2167 είς
2579 2105 2725 2174 ἡμᾶς
2749 2103 2806 2156 τδ
2838 2102 3050 2156 κτιστὸν
3087 2100 3231 2170 αὑτῷ
3261 2097 3369 2170 (64)
3398 2115 3598 2168 καταρ-

2033 2200 2206 2262 τίσας,
2253 2200 2327 2262 ὡς
2375 2199 2702 2269 γέγραπται,
2737 2196 2916 2267 σῶμα,
2970 2196 3036 2248 ἵν’
3067 2198 3122 2247 ὲν
3166 2194 3313 2262 αὐτῷ
3368 2194 3598 2246 ἀνακαιο

2035 2291 2281 2362 νισθῆναι
2339 2293 2432 2345 καὶ
2484 2289 2870 2360 θεοποιηθῆναι
2918 2288 3250 2358 δυνηθῶμεν.
3305 2285 3370 2338 Τί
3422 2284 3608 2337 τοίνυν

2038 2384 2183 2455 ὑμᾶς
2236 2383 2546 2454 ἠπάτησεν,
2609 2375 2655 2436 ὧ
2711 2382 2958 2453 ἀνόητοι,
3023 2381 3194 2433 εἰπεῖν
3248 2378 3337 2432 τὸν
3383 2376 3608 2446 κτίστην

2039 2475 2278 2546 κτίσμα;
2313 2474 2383 2527 Ἦ
2420 2474 2577 2528 πόθεν
2601 2474 2709 2546 (65)
2744 2473 3049 2544 ἠγοράσατε
3086 2471 3293 2533 ἑαυτοῖς
3321 2468 3382 2522 τὸ
3420 2466 3606 2521 καινὸν

2041 2567 2293 2638 φρόνημα
2345 2565 2525 2630 τοῦτο,
2560 2568 2654 2621 καὶ
2707 2567 2766 2618 ἐν
2813 2564 2960 2635 αὐτῷ
3013 2561 3357 2634 «optatius;
3389 2562 3454 2613 Ai
3497 2557 3608 2629 γὰρ

2039 2655 2338 2726 Παροιμίαι
2388 2653 2602 2722 λέγουσι
2652 2657 2712 2707 τὸ
2741 2695 2757 2719 ,
2807 2655 3052 2708 ἔκτισεν
3097 2651 3238 2724 (66)’
3277 2650 3388 2705 ἀλλ’
3421 2650 3480 2702 οὐ
3523 2649 3610 2702 λέ-

2043 2763 2197 2816 γουσι
2252 2747 2458 2816 κτίσμα
2504 2744 2596 2796 τὸν
2641 2745 2788 2808 Υίδν,
2823 2745 2956 2799 ἀλλὰ
3003 2744 3268 2813 γέννημα,
3325 2741 3416 2794 καὶ
3470 2739 3615 2793 κατὰ.

2045 2839 2142 2908 τὴν
2175 2837 2577 2908 προειρημένην
2607 2836 2662 2888 δὲ
2691 2838 2755 2889 ὲκ
2784 2837 2890 2889 τῶν
2919 2834 3146 2908 Γραφῶν
3177 2831 3454 2902 διαστολὴν
3477 2831 3614 2898 (67),

2045 2929 2193 2998 λέγω
2251 2929 2344 2982 τοῦ
2417 2930 2618 2983 ἔκτισε
2684 2931 2776 2982 καὶ
2825 2929 2917 2981 τοῦ
2993 2929 3347 2996 κτίσματος,
3407 2925 3467 2976 τὸ
3518 2921 3616 2993 μὲν

2048 3021 2173 3076 ἴδιον
2201 3021 2356 3090 φύσει
2398 3020 2491 3074 τοῦ
2531 3019 2660 3073 Υίοῦ
2692 3021 2950 3091 μονογενῆ
2977 3020 3171 3088 Σοφίαν
3201 3019 3359 3071 αὐτὸν
3398 3017 3491 3069 καὶ
3521 3015 3614 3085 δη-

2055 3113 2311 3184 μιουργὸν
2340 3111 2445 3165 τῶν
2480 3112 2790 3183 κτισμάτων
2811 3111 3133 3180 γινώσκουσι
3154 3128 3166 3140 ο
3188 3109 3249 3162 τὸ
3284 3108 3359 3174 δὲ,
3392 3107 3618 3167 ἔκτισε,

2050 3204 2320 3272 λέγουσαι,
2356 3203 2454 3255 οὐκ
2485 3203 2574 3255 ἐπὶ
2603 3203 2700 3272 τῆς
2743 3201 2929 3264 οὐσίας
2962 3199 3123 3254 αὑτοῦ
3170 3199 3437 3267 λέγουσιν,
3483 3193 3622 3247 ἀλλὰ

2054 3294 2262 3349 πολλῶν
2285 3294 2419 3347 ὁδῶν
2452 3294 2624 3366 ἀρχὴν
2651 3295 2810 3348 αὐτὸν
2836 3292 3078 3362 γίνεσθαι
3110 3290 3458 3362 σημαίνουσιν
3485 3284 3625 3356 (68),

2054 3391 2129 3452 ὡς
2171 3383 2306 3441 εἶναι
2352 3388 2589 3441 ἐναντίον
2635 3386 2692 3443 τὸ
2732 3386 2829 3456 μὲν
2865 3385 3062 3440 ἔκτισε
3103 3383 3180 3454 τῷ
3223 3382 3536 3452 γεννήματι,
3562 3377 3630 3430 τὸ

2055 3479 2344 3550 λεγόμενον
2401 3478 2575 3550 ἀρχὴν
2633 3477 2767 3531 ὁδῶν
2817 3476 2894 3547 τῷ
2952 3473 3088 3531 εἶναι
3145 3475 3308 3529 αὑτὸν
3361 3470 3630 3544 μονογενῆ

2057 3571 2246 3639 Λόγον.

2131 3685 2220 3740 48.
2261 3686 2324 3738 Εἰ
2364 3685 2473 3756 γὰρ
2513 3685 2757 3756 γέννημα
2777 3685 2911 3748 ἔστι,
2943 3681 3058 3745 πῶς
3089 3680 3291 3750 κτίσμα
3315 3677 3497 3746 λέγετε
3530 3673 3634 3728 αὐ-

2061 3780 2183 3845 τΰνς
2217 3779 2405 3842 Οὐδεὶς
2435 3778 2564 3850 γὰρ,
2596 3778 2737 3848 ᾶπερ
2767 3777 2959 3840 κτίζει,
2995 3773 3140 3842 λέγει
3169 3771 3380 3841 γεννᾷν,
3409 3767 3530 3820 οὐδὲ
3561 3766 3636 3820 τὰ.

401 3862 549 3931 prios
584 3861 722 3918 fetus
752 3873 908 3918 vocat
937 3871 1234 3919 creaturas.
1272 3863 1502 3924 Rursus.
1557 3863 1604 3917 si
1653 3863 1947 3933 unigenitus

2065 3871 2171 3926 ἴδια
2194 3871 2507 3941 γεννήματα
2533 3870 2688 3924 καλεί
2716 3867 3006 3938 κτίσματα.
3036 3863 3205 3918 Πάλιν
3236 3880 3298 3915 τε
3330 3863 3377 3914 εἰ
3406 3876 3633 3931 μονογε-

399 3962 501 4018 est,
539 3955 814 4022 quomodo
864 3957 921 4009 tit
955 3955 1069 4025 ipse
1113 3955 1320 4009 viarum
1353 3955 1722 4026 principium?
1748 3953 1882 4008 Nam
1917 3970 1942 4009 s

2065 3964 2160 4034 νής
2201 3964 2336 4028 ἐστι,
2384 3960 2502 4024 πῶς
2548 3960 2689 4032 ἁρχὴ
2721 3959 2828 4012 τῶν
2870 3958 3004 4012 ὁδῶν
3046 3955 3207 4018 αὐτὸς
3243 3953 3448 4022 γίνεται
3487 3949 3634 4020 (69);

399 4044 721 4114 principium
772 4046 1014 4100 omnium
1046 4048 1161 4115 ipse
1205 4057 1287 4100 est
1332 4054 1569 4110 creatus,
1624 4061 1847 4100 necesse
1876 4057 1947 4100 est

2079 4053 2313 4124 Ἀνάγκη
2347 4051 2475 4125 γὰρ,
2511 4052 2671 4104 αὐτὸν
2721 4049 2896 4121 ἀρχὴν·
2920 4048 3027 4102 τῶν
3074 4047 3289 4100 πάντων
3330 4041 3642 4106 κτισθέντα,

401 4149 510 4189 non
533 4136 642 4204 jam
671 4137 902 4205 amplius
937 4154 1102 4191 unum
1147 4153 1288 4203 esse,
1318 4137 1514 4206 quippe
1546 4137 1638 4206 qui
1679 4137 1815 4191 alios
1843 4149 1947 4206 post

2073 4145 2267 4216 μηκέτι
2320 4146 2478 4215 μόνον
2537 4140 2706 4206 εἶναι,
2755 4143 2945 4212 ἔχοντα
2992 4140 3118 4202 τοὺς
3163 4139 3278 4210 μετ’
3320 4135 3480 4188 αὑτὸν
3540 4149 3638 4202 γε-

403 4240 464 4280 se
507 4225 724 4283 habeat.
781 4225 1059 4298 Siquidem
1106 4219 1296 4282 Ruben
1341 4230 1432 4297 qui
1484 4229 1809 4299 principium
1866 4228 1938 4282 fui

2071 4238 2344 4307 νομένους.
2392 4237 2500 4290 Καὶ
2531 4235 2637 4306 γὰρ
2668 4234 2763 4288 κα).
2803 4230 3062 4303 Ῥουϐὴμ,
3093 4229 3237 4301 ἀρχὴ
3278 4226 3384 4280 τῶν
3432 4224 3643 4277 τέκνων

485 4363 528 4431 ε’
570 4361 731 4416 Hebr.
774 4379 826 4424 χ,
861 4364 914 4416 5.
991 4364 1036 4394 '°
1073 4363 1228 4418 Joan.
1263 4379 1301 4426 I,
1332 4364 1420 4420 14.
1495 4365 1538 4394 ²¹
1578 4364 1752 4420 Galat.
1786 4381 1839 4431 v,
1870 4365 1953 4417 18.

405 4431 452 4461 ³⁵
484 4430 503 4484 Ι
533 4431 676 4486 Pelr.
715 4450 773 4501 Ii,
806 4432 894 4485 '24.
970 4437 1013 4465 ²⁶
1055 4433 1214 4488 Hebr.
1244 4451 1297 4499 x,
1322 4436 1372 4489 5.

2061 4368 2104 4398 ³⁸
2145 4365 2184 4418 ll
2214 4369 2339 4421 Cor.
2369 4385 2422 4432 v,
2453 4367 2542 4422 21.
2618 4365 2664 4398 ³³
2703 4363 2875 4418 Galat.
2907 4377 2987 4426 Ill,
3023 4361 3109 4414 i5.
3207 4361 3255 4390 “
3290 4356 3393 4411 lsa.
3426 4370 3543 4420 Lm,
3581 4353 3643 4407 4.

485 4566 598 4639 (5'1)
619 4565 732 4639 _Sic
780 4565 1002 4637 Seguer.
1040 4567 1171 4636 Reg.
1202 4566 1382 4639 Egit-lg.
1417 4567 1451 4619 ἓ
1481 4574 1534 4618 et
1561 4567 1614 4639 ᾧ.
1645 4569 1712 4617 At
1750 4567 1944 4621 Gobler

2077 4584 2193 4639 μεν.
2219 4563 2743 4639 Mox_Seguer.hReg.
2775 4557 3162 4639 Galilei-.felc.
3193 4555 3305 4639 ιιι
3330 4555 3458 4639 eius,
3481 4555 3540 4606 οὑ
3561 4554 3653 4639 δεῖ

406 4651 462 4697 et
491 4636 671 4692 Felck.
703 4638 756 4702 ’l,
795 4636 1196 4709 κατηρτήσατο.
1229 4637 1370 4691 Editi
1421 4648 1473 4691 et
1529 4637 1644 4702 alii,
1679 4639 1969 4708 κατειργά-

411 4727 558 4765 σατο.

481 4780 593 4846 (58)
635 4776 854 4847 Seguer.
890 4777 1106 4832 Gohler.
1145 4789 1197 4832 et
1233 4777 1413 4832 Felclt.
1444 4777 1495 4833 l.
1525 4778 1623 4829 οὐκ
1649 4777 1798 4830 αὑτό.

479 4849 592 4922 (59)
634 4848 856 4922 seguer.
909 4849 1202 4922 ἁκοιξοντες
1238 4849 1324 4922 δὲ,
1338 4851 1424 4922 δτι
1466 4849 1720 4922 Χριστός.
1747 4847 1884 4922 Editi
1921 4858 1975 4922 et

411 4917 524 4987 alii,
559 4917 849 4982 ἀκούοντές
894 4936 975 4983 τε,
1005 4918 1255 4990 Χριστός.
1306 4917 1429 4972 Mox
1463 4917 1745 4987 Anglican.
1774 4917 1865 4970 τὸν
1899 4920 1975 4989 μὴ

410 4998 538 5050 ὄντα
564 4990 856 5060 ἁμαρτίαν.

485 5058 615 5135 (60)
637 5058 726 5135 Sic
757 5058 988 5135 δοβσον.
1016 5059 1147 5135 Reg.
1173 5058 1390 5135 quler.
1418 5058 1688 5135 Felck.__i._
1709 5059 1778 5135 ᾼι
1811 5058 1974 5135 alii_et

413 5127 854 5202 editifriptrmfi“
873 5129 1048 5202 ἡμῶν.
1081 5128 1202 5182 Mox
1231 5127 1449 5184 Gobler.
1505 5139 1556 5183 et
1600 5127 1780 5185 Felck.
1820 5130 1872 5192 l,
1901 5127 1976 5191 ὣς

418 5221 580 5276 φησιν
605 5204 633 5254 ὁ
648 5201 1011 5276 [Απόστολοῇ

491 5275 604 5337 (61)
645 5269 868 5340 Seguer.
896 5279 950 5324 et
979 5270 1110 5339 Reg.
1148 5269 1510 5340 ejayopa’wac.

492 5343 602 5412 (62)
644 5339 867 5410 Seguer.
901 5342 1122 5397 Gobler.
1167 5339 1346 5412 Feb-li.
1381 5341 1406 5394 1
1453 5349 1514 5412 et
1569 5340 1624 5401 4,
1667 5339 1982 5412 ὲϐάζταξεν.

426 5408 562 5468 Editi
587 5408 665 5463 'et
708 5408 816 5464 alii.
848 5412 1166 5466 ἐϐάστασεν.
1196 5411 1395 5464 Ibidem
1450 5408 1673 5478 Segner.
1714 5413 1743 5462 ὁ
1784 5409 1986 5478 Πέτρος

424 5481 895 5556 εγρασίίενηιθειςιί.
924 5483 978 5546 4,
997 5485 1025 5536 δ
1055 5482 1261 5556 Πέτρος
1281 5477 1548 5556 ξγραῳεν.Δ
1560 5480 1780 5556 _Go_bl_i_'r.
1802 5477 1981 5556 Felcls.

429 5545 540 5606 [ἐι
575 5545 630 5613 5,
681 5554 706 5602 δ
752 5545 1181 5622 Πέτροςνφησίνξ
1225 5545 1366 5606 Edili
1396 5545 1449 5606 et
1481 5551 1597 5616 alii,
1628 5553 1656 5602 δ
1690 5549 1892 5619 Πέτρος
1913 5545 1987 5600 εἷ-

427 5640 547 5677 πεν.

495 5692 608 5760 (65)
650 5692 734 5745 Sic
771 5690 990 5760 Seguer.
1024 5693 1239 5747 Goblcr.
1271 5691 1449 5744 [θοις-ιι.
1485 5691 1510 5744 Ι
1547 5702 1599 5745 et
1628 5692 1679 5744 4.
1720 5691 1786 5743 At
1811 5688 1986 5760 aliiget

430 5758 943 5833 editi,'dxoﬁcw;isv.
971 5763 1182 5817 Goblcr.
1213 5774 1265 5818 et
1294 5761 1473 5820 Felck.
1504 5763 1553 5829 l,
1576 5761 1704 5817 ibid.
1730 5762 1774 5813 εί
1798 5758 1984 5813 ἀκούο-

2077 4625 2279 4707 κτίσμα
2306 4637 2371 4706 τῇ
2403 4625 2560 4702 φ’ὖσει
2592 4625 2720 4707 ὅλον
2740 4633 2902 4707 νοεξίν.
2930 4629 3060 4707 Alii_
3081 4637 3134 4682 ct
3181 4626 3344 4680 edit-io
3373 4625 3643 4679 Commel.

2077 4701 2250 4769 οὑδεὶς
2281 4701 2485 4776 κτίσμα
2514 4707 2579 4774 τῇ
2615 4701 2771 4772 φύσει
2801 4701 3080 4776 diog-voci,

2149 4761 2262 4846 (Si)
2302 4761 2422 4846 Sic.
2446 4761 2756 4846 Seg'uer1ut
2795 4781 2859 4846 _et
2903 4767 3149 4846 Nannius
3191 4766 3338 4846 legit.
3377 4765 3454 4846 At
3473 4765 3563 4817 alii
3591 4774 3650 4846 et

2079 4835 2286 4913 editifd
2309 4845 2438 4908 Θεὸς
2465 4835 2546 4907 εἰξ
2565 4843 2734 4914 ἡμᾶς,
2759 4842 2821 4894 τὸ
2845 4839 3058 4893 κτιστδν
3085 4837 3254 4908 αὐτῷ,
3286 4835 3489 4905 virgula
3523 4845 3653 4904 post

2079 4919 2248 4987 ἡμᾶς.

2125 4935 2270 5056 μᾶἰςέ)
2312 4983 2616 5056 Segneer
2647 4983 2796 5056 ποτε.
2829 4981 3049 5056 ςοῦιετ.
3081 4987 3134 5032 et
3161 4976 3428 5056 Felclt._l,
3452 4975 3518 5056 iiii
3543 4973 3658 5026 πό-

2083 5046 2170 5116 τε.
2190 5046 2323 5124 Reg.
2344 5046 2453 5107 Καὶ
2473 5053 2656 5109 πόθεν.
2681 5054 2800 5124 Mox
2827 5051 3048 5124 Seguer.
3068 5049 3270 5124 καινόν,
3289 5057 3348 5124 u_t
3362 5046 3490 5117 legit
3510 5059 3652 5113 quo-

2085 5145 2190 5198 que
2216 5117 2480 5198 Nannius.
2513 5125 2619 5198 Alii
2641 5134 2694 5177 et
2721 5123 2886 5198 editio
2901 5117 3182 5198 'Commel.
3209 5117 3384 5198 κεῖνον.

2159 5197 2268 5266 (66)
2311 5194 2534 5266 Seguer.
2563 5194 2780 5263 λέγουσι
2830 5193 2927 5263 μὲν
2975 5191 3206 5243 ἔκτισεν.
3241 5187 3384 5242 Editi
3429 5194 3484 5239 et
3531 5184 3656 5248 alii,

2086 5265 2303 5338 λέγουσι
2326 5266 2394 5338 τὸ
2426 5265 2656 5338 ἔκτισεν.

2158 5323 2275 5407 (67).
2319 5335 2409 5407 δίο
2437 5335 2668 5407 Seguer.
2701 5332 2874 5407 Basili
2901 5329 3048 5407 Reg._
3073 5328 3286 5407 Gobler.
3316 5323 3495 5380 Felck.
3533 5327 3585 5390 ι,
3617 5326 3656 5380 οι

2087 5419 2142 5465 et
2165 5399 2224 5462 ’5.
2250 5399 2324 5461 Ἀι
2349 5405 2489 5476 editi
2505 5399 2560 5460 Et
2580 5404 2694 5467 alii,
2726 5399 3152 5476 fhydtacfoiﬂiv-
3187 5469 3202 5476 _
3356 5469 3368 5476 _
3437 5466 3456 5476 _

2164 5479 2276 5549 (68)
2318 5477 2410 5549 Sic
2459 5466 2687 5545 Seguer.
2715 5466 2932 5549 pobler.
2967 5466 3144 5525 Felc’k.
3184 5469 3207 5522 ι
3241 5477 3296 5521 et
3341 5469 3399 5524 4.
3437 5466 3494 5521 In
3528 5466 3667 5520 aliis

2091 5561 2143 5604 et
2173 5543 2334 5603 editis
2357 5543 2946 5617 ιιιιοειίοηνγμαίνουσιν.⁸
2970 5611 2983 5617 ᾳ
3175 5607 3213 5617 ﬁ
3364 5605 3380 5617 ,
3425 5605 3441 5617 ,
3588 5602 3616 5617 ,,

2165 5619 2274 5688 (69)
2315 5605 2539 5688 δεευειέ.
2572 5605 2753 5667 αὑτοῦ.
2781 5611 2901 5667 Mox
2934 5611 3072 5666 idem
3101 5619 3152 5664 et
3175 5607 3307 5679 Reg.
3324 5605 3483 5661 αὐτὸν
3501 5605 3659 5679 πρῶ-

2091 5687 2184 5743 τον
2213 5688 2318 5742 τῶν
2344 5687 2577 5740 πάντων.
