3948 6236
263 363 366 418 2‘9

1383 361 1644 420 ORATIO
1681 363 1725 418 ll
1763 359 2044 418 CONTRA
2084 363 2398 422 ARIANOS.

3403 378 3509 434 250

265 479 572 549 γενόμενος,
619 480 718 532 οὐκ
761 475 830 551 ἦν
872 481 1180 552 μονογενὴς,
1215 479 1352 534 ἀλλὰ
1389 481 1466 551 τῷ
1521 482 1617 551 μὲν
1657 483 1835 553 χρόνῳ

1963 483 2200 549 iliorum,
2242 499 2348 538 non
2405 483 2715 554 unigenitus
2773 500 2908 553 erat,
2968 487 3059 543 sed
3094 498 3252 546 a‘tate
3289 493 3509 562 quidem

265 571 511 642 πρῶτος,
571 573 634 642 τῇ
686 571 741 624 δὲ
801 573 962 642 φύσει
1011 573 1104 627 καὶ
1151 577 1216 644 τῇ
1275 575 1565 642 συγγενεία
1615 569 1696 637 εἷς
1758 571 1832 626 ῶν

265 663 370 715 τῶν
418 664 536 732 μετ’
569 662 732 714 αὐτὸν
765 664 1079 734 ἐτύγχανεν.
1115 663 1322 718 Οὐκοῦν
1352 667 1400 717 ει
1447 665 1540 718 καὶ
1584 666 1612 716 ὀ
1664 665 1834 732 Λόγος

265 757 404 828 ἁρχὴ
447 755 558 810 τῶν
603 756 740 808 ὁδῶν
787 759 924 821 ἐστι,
973 758 1065 810 καὶ
1121 759 1281 821 αὐτὸς
1324 757 1390 812 ἂν
1444 759 1526 830 εἴη
1581 753 1688 813 οἶαι
1739 761 1835 813 καὶ

267 851 320 902 αι
351 849 480 912 ὁδοὶ,
513 849 574 901 αἴ
597 867 656 902 τε
685 849 794 902 ὁδοὶ
829 849 1069 904 τοιαῦται
1096 851 1210 918 (70)
1238 851 1302 904 ἂν
1329 848 1436 904 εἷεν
1467 845 1578 914 οἷός
1599 854 1713 905 ἐστι
1743 853 1835 906 καὶ

265 943 292 993 ό
339 941 533 1008 Λόγος,
583 938 684 993 κᾶν
729 941 943 1012 πρῶτος
987 941 1166 994 αὐτῶν
1213 941 1290 1012 τῷ
1339 943 1515 1013 χρόνῳ
1565 941 1832 1013 κτίξηται.

267 1032 370 1084 Καὶ
397 1031 506 1102 γὰρ
535 1031 628 1084 καὶ
658 1032 863 1096 πόλεως
894 1032 1004 1102 (71)
1044 1033 1077 1104 η
1115 1033 1258 1105 ἀρχὴ
1293 1033 1513 1104 τοιαύτη
1544 1035 1712 1098 ἐστιν,
1750 1029 1836 1086 οἶα

267 1123 356 1176 καὶ
407 1123 478 1176 τὰ
523 1123 659 1178 ἄλλα
704 1122 842 1195 μέρη
881 1127 980 1196 τῆς
1029 1123 1234 1188 πόλεώς
1286 1127 1424 1190 ἐστι,
1473 1128 1615 1182 αὑτά
1665 1146 1724 1181 τε
1769 1129 1839 1184 τὰ

268 1215 428 1287 μέρη.
473 1217 849 1286 συναπτόμενα
895 1219 960 1288 τῇ
1006 1219 1167 1289 ἀρχῇ.
1225 1218 1512 1290 ὁλόκληρον
1563 1221 1655 1274 καὶ
1710 1220 1838 1292 μίαν

265 1307 358 1378 τὴν
408 1307 564 1360 πόλιν
616 1307 896 1370 ἀποτελεῖ.
946 1309 1022 1371 ὡς
1069 1309 1187 1372 ἐνὸς
1233 1309 1482 1380 σώματος
1521 1309 1630 1380 (72)
1669 1310 1839 1365 πολλὰ

269 1399 400 1470 μέλη
422 1416 436 1428 ·
473 1399 570 1452 καὶ
601 1400 660 1451 οὐ
699 1400 759 1452 τὸ
795 1399 892 1470 μὲν
932 1401 1104 1470 αὐτῆς
1140 1401 1248 1454 τῶν
1277 1402 1575 1456 ποιούντων
1617 1403 1753 1466 ἐστὶ,
1781 1403 1842 1456 τὸ

264 1491 318 1543 δέ
361 1490 470 1543 τῶν
515 1491 832 1560 γινομένων,
863 1493 955 1545 καὶ
1005 1493 1289 1546 ὑπόκειται
1334 1493 1413 1564 τῷ
1457 1495 1628 1566 ἑτέρῳ
1662 1495 1840 1566 μέρει,

267 1581 398 1636 ἀλλὰ
435 1584 586 1636 πᾶσα
615 1581 762 1654 παρά
806 1582 900 1635 τοῦ
947 1585 1312 1654 πεποιηκότος
1356 1586 1550 1656 ἐπίσης
1593 1585 1704 1656 ἔχει
1741 1585 1841 1656 τὴν

269 1674 582 1744 ἐπιμέλειαν
618 1676 710 1727 καὶ
741 1675 1088 1746 συνέστηκεν.
1131 1679 1194 1730 El
1236 1678 1416 1730 τοίνυν
1445 1679 1536 1732 καὶ
1567 1679 1595 1732 ὁ
1639 1677 1842 1747 Κύριος

267 1765 432 1828 οὕτως
455 1767 599 1838 ἀρχὴ
633 1767 740 1820 τῶν
773 1767 990 1822 πάντων
1017 1767 1128 1838 (73)
1156 1769 1417 1834 κτίζεται,
1453 1769 1664 1840 ἀνάγκη
1703 1770 1840 1841 μετὰ

271 1835 692 1912 πάντωνίαότδν
737 1859 866 1929 μίαν
909 1858 1006 1930 τὴν
1027 1835 1210 1915 κτίσιν
1239 1859 1540 1926 ἀποτελεῖν,
1572 1835 1674 1914 ⁷και)
1704 1835 1838 1934 μήτε
1870 1835 1914 1894 Β

271 1949 378 2018 (74)
421 1949 706 2020 διαφέρειν
755 1950 864 2002 τῶν
908 1950 1098 2014 ἄλλων,
1151 1951 1256 2005 κᾶν
1301 1951 1441 2024 ἁρχὴ
1489 1951 1598 2005 τῶν
1630 1955 1844 2006 πάντων

269 2041 511 2112 γένηται,
551 2043 688 2112 μήτε
721 2041 910 2112 κύριον
964 2038 1102 2096 εἶναι
1145 2043 1254 2096 τῶν
1305 2043 1480 2097 ἄλλων
1527 2045 1704 2116 μερῶν
1745 2043 1845 2115 τῆς

271 2133 519 2194 κτίσεως,
556 2131 658 2184 κᾶν
699 2131 779 2201 τῷ
827 2132 1002 2203 χρόνῳ
1033 2133 1398 2205 πρεσϐύτερος
1448 2133 1522 2186 ὢν
1566 2135 1842 2206 τυγχάνῃ·

281 2225 416 2294 μετὰ
437 2225 660 2278 πάντων
683 2224 790 2296 γὰρ
819 2227 912 2278 καὶ
934 2225 1096 2288 αὐτὸς
1120 2225 1214 2278 ἕνα
1241 2226 1332 2278 τὸν
1357 2227 1455 2297 τῆς
1487 2227 1848 2298 δημιουργίας

275 2317 380 2387 ἔχει
397 2316 556 2383 λόγον
589 2317 680 2370 καὶ
702 2316 986 2389 δεσπότην.
1016 2317 1139 2380 Πῶς
1169 2315 1225 2369 δὲ
1252 2317 1409 2381 ὅλως,
1443 2319 1490 2369 εἰ
1517 2317 1886 2388 κτίσμα(75)⁹

275 2406 390 2460 καθ’
413 2407 559 2478 ὑμᾶς
587 2409 726 2470 ἐστι,
747 2407 964 2461 δύναται
996 2407 1155 2478 μόνος
1183 2408 1276 2462 κα).
1299 2406 1516 2479 πρῶτος
1545 2408 1846 2472 κτίςεσθαι,

277 2497 409 2552 ὥστε
455 2499 552 2552 καὶ
603 2498 776 2570 ἀρχὴν
822 2495 958 2552 εἶναι
1001 2498 1239 2563 πάντων,
1271 2499 1430 2570 δήλου
1461 2498 1612 2562 δντος
1646 2500 1708 2552 ἐκ
1741 2499 1852 2553 τῶν

277 2591 723 2664 πρωιρημένων,
774 2591 854 2643 ὅτι
896 2591 954 2643 ἐν
993 2591 1104 2652 τοῖς
1155 2589 1446 2660 κτίσμασιν
1501 2589 1653 2643 οὐδέν
1705 2592 1852 2646 ἐστιν

279 2681 506 2751 ἔμμονον
535 2679 658 2733 καθ’
684 2679 844 2731 ἑαυτὸ
873 2678 984 2750 (76)
1011 2679 1105 2732 καὶ
1131 2677 1344 2750 πρῶτον
1370 2679 1686 2748 γενόμενον,
1717 2679 1854 2733 ἀλλὰ

282 2772 414 2840 μετὰ
441 2771 664 2825 πάντων
693 2773 808 2844 ἅμα
839 2771 935 2842 τὴν
971 2772 1182 2840 γένεσιν
1211 2771 1342 2841 ἔχει,
1375 2770 1477 2824 κᾶν
1504 2773 1568 2842 τῇ
1596 2770 1719 2842 δόξῃ
1743 2771 1855 2824 δια-

281 2862 412 2933 φέρῃ
456 2862 568 2913 τῶν
619 2861 828 2924 illum;
872 2861 946 2914 Οὐ
999 2861 1108 2930 γὰρ
1157 2859 1386 2922 ἕκαστος
1435 2858 1542 2912 τῶν
1589 2861 1852 2930 ἀστέρων,

281 2956 394 3008 οὐδὲ
439 2953 549 3006 τῶν
599 2953 847 3022 uagam
903 2955 1202 3024 φωστήρων
1239 2953 1268 3003 ὁ
1304 2952 1402 3022 μὲν
1439 2950 1673 3022 πρῶτος,
1729 2953 1758 3004 ὅ
1797 2951 1854 3004 δὲ

281 3046 528 3116 δεύτερος
589 3043 794 3113 ἐφάνη,
849 3041 982 3096 ἀλλὰ
1046 3044 1142 3114 μιᾷ
1194 3041 1375 3114 ἡμέρᾳ
1430 3044 1522 3096 κα).
1579 3041 1659 3112 τῷ
1708 3040 1855 3111 αὐτῷ

282 3139 658 3208 προστάγματι
689 3137 738 3188 οἱ
764 3135 963 3198 πάντες
993 3133 1296 3206 ἐκλήθησαν
1319 3135 1398 3197 εἰς
1423 3133 1483 3186 τὸ
1510 3129 1668 3186 εἶναι,
1701 3133 1855 3185 Οὕτω

283 3230 372 3284 καὶ
421 3229 532 3282 τῶν
585 3227 930 3299 τετραπόδων
971 3226 1064 3279 καὶ
1129 3223 1408 3286 πετεινῶν,
1471 3224 1566 3278 καὶ
1618 3221 1850 3294 νηκτῶν,

286 3323 372 3376 καὶ
405 3318 618 3391 κτηνῶν
643 3317 776 3390 (77),
795 3317 888 3370 καὶ
919 3315 1024 3369 τῶν
1051 3315 1232 3385 φυτῶν
1265 3317 1297 3384 ή
1333 3315 1544 3384 γένεσις
1572 3312 1814 3384 ἐπλάσθη
1835 3330 1848 3343 ·

288 3413 424 3468 οὕτω
465 3415 564 3469 καὶ
595 3413 658 3465 τὺ
695 3411 818 3464 κατ’
849 3410 1030 3464 εἰκόνα
1065 3409 1221 3478 γένος
1261 3408 1450 3478 γέγονε
1495 3407 1604 3461 τῶν
1651 3404 1858 3476 ἀνθρώ-

291 3522 432 3560 πων·
467 3507 518 3558 ei
561 3505 669 3577 γὰρ
719 3503 814 3557 καὶ
861 3505 888 3557 ὁ
925 3501 1094 3573 Ἀδὰμ
1137 3504 1202 3554 ἐκ
1237 3501 1342 3570 γῆς
1393 3499 1551 3570 μόνος
1593 3497 1856 3568 ἐπλάσθη,

295 3597 397 3651 ἀλλ’
431 3599 492 3649 ἐν
513 3594 666 3666 αὐτῷ
691 3591 832 3666 ἦσαν
858 3595 908 3647 οἱ
933 3593 1082 3662 λόγοι
1125 3593 1222 3662 τῆς
1266 3591 1512 3662 διαδοχῆς
1539 3591 1736 3654 παντὸς
1765 3588 1863 3643 τοῦ

295 3686 496 3754 γένους.

361 3775 450 3830 49.
504 3775 639 3829 Ἀπὸ
683 3773 740 3827 δὲ
779 3773 878 3844 τῆς
908 3771 1238 3844 φαινομένης
1281 3771 1508 3834 κτίσεως
1533 3769 1625 3823 τοῦ
1660 3770 1866 3839 κόσμού

300 3870 362 3924 τὰ
392 3870 602 3939 ἀόρατα
625 3866 788 3919 αὑτοῦ
810 3869 922 3928 τοῖς
945 3866 1208 3936 ποιήμασι
1229 3863 1492 3934 νοούμενα
1525 3863 1868 3934 καθορῶμεν,

303 3959 565 4013 ὅτικὰκεῖ
599 3956 664 4008 οὺ
709 3954 832 4009 καθ’
875 3965 968 4008 ενα
1009 3953 1235 4006 ἕκαστον
1283 3951 1497 4024 ὁρῶμεν
1549 3949 1694 4020 (78)·
1747 3949 1870 4003 οὐδέ

303 4049 360 4102 τὺ
409 4049 504 4120 μέν
533 4046 782 4119 πρῶτον,
828 4045 889 4096 τὸ
927 4043 986 4096 δέ
1013 4041 1285 4112 δεύτερον,
1344 4039 1480 4093 ἀλλά
1519 4038 1654 4110 ὁμοῦ
1695 4038 1871 4092 πάντα

307 4143 438 4196 κατά
479 4141 637 4210 γένος
693 4137 944 4206 συνέστη.
1003 4135 1078 4188 Οὐ
1141 4133 1248 4206 γὰρ
1294 4133 1525 4187 ἕκαστον
1567 4129 1871 4204 ἠρίθμησεν

309 4237 336 4288 ὁ
395 4231 750 4294 Ἀπόστολος,
809 4229 949 4282 ὥστε
1011 4229 1216 4292 εἰπεῖν,
1271 4227 1380 4280 εἴτε
1443 4225 1705 4294 ἄγγελος,
1763 4221 1872 4275 εἴτε

313 4325 494 4396 θρόνος
527 4364 544 4388 ,
605 4325 714 4376 εἴτε
766 4319 1057 4392 κυριότης,
1119 4320 1213 4372 καὶ
1270 4317 1526 4384 ἐξουσία·
1585 4315 1696 4369 ἀλλ’
1740 4313 1874 4386 ὁμοῦ

315 4417 484 4471 πάντα
535 4414 676 4468 κατά
707 4413 806 4484 τὴν
851 4409 1002 4474 τάξιν
1051 4410 1196 4478 λέγει
1243 4407 1378 4479 (79)’
1411 4408 1548 4462 Εἴτε
1594 4405 1834 4474 ἄγγελοι
1860 4443 1875 4468 ,

317 4508 428 4562 εἶτε
453 4478 830 4578 ἀρχάγγελοι,
859 4503 980 4557 εἴτε
1037 4501 1218 4571 ἀρχαί
1235 4517 1250 4533 ο
1302 4478 1410 4553 τῶν
1433 4498 1544 4570 γάρ
1558 4495 1860 4566 κτισμάτωη

1977 4491 2183 4546 verbis:
2201 4488 2320 4544 Siue
2336 4488 2530 4559 angeli,
2548 4487 2652 4540 sive
2673 4481 2992 4554 archangeli,
3013 4481 3116 4534 sive
3139 4478 3434 4548 principatu

317 4600 528 4672 τοιαύτη
574 4601 610 4670 ἡ
663 4598 874 4666 γένεσις
904 4593 1034 4666 (80).
1061 4594 1232 4664 Εἴπερ
1259 4588 1370 4656 οὖν,
1418 4590 1559 4646 καθά
1591 4589 1870 4660 προεῖπον,

387 4755 428 4788 *τ
473 4755 633 4810 Rom.
671 4769 748 4820 ιν,
789 4751 876 4806 17.
953 4751 999 4782 ³⁸
1035 4747 1195 4804 Rom.
1229 4765 1268 4814 1,
1295 4746 1388 4802 9.0.
1463 4745 1507 4778 ³³
1547 4740 1934 4812 (101053.516.

389 4907 498 4976 (70)
540 4905 954 4978 δεμετραῐ-τε
991 4904 1106 4978 όλαι
1143 4897 1795 4978 τοιαῇταιτλΑ-Ιίἱ-ιιιεεἉαϊ
1819 4914 1879 4978 τε

327 4967 428 5032 ὁδοὶ
448 4967 712 5031 τοιαῦται.
740 4967 884 5030 Editi
908 4976 1188 5041 omittunt,
1217 4973 1275 5026 αϊ
1303 4989 1362 5024 τε
1382 4971 1510 5025 ὁδοί.
1541 4969 1676 5026 Ibid.
1709 4967 1877 5025 Basil.

327 5047 486 5116 Λόγος
513 5048 570 5101 δὲ
602 5046 832 5116 πρῶτος
841 5045 1038 5116 αὐτῶν.

395 5109 502 5190 (71⁷)
544 5109 767 5190 segber.
803 5114 1180 5190 Reg._(§ob_ler.
1207 5121 1260 5168 et
1283 5111 1428 5190 Fele.
1449 5109 1500 5190 l_,
1523 5110 1635 5163 Καὶ
1654 5109 1762 5190 γὰρ
1789 5109 1884 5190 καὶ

329 5181 548 5252 πόλεως,
581 5181 744 5242 iidem
775 5195 828 5240 et
859 5181 1041 5240 Felck.
1068 5186 1123 5250 ιι,
1143 5181 1614 5254 praeterllegiu‘m,
1650 5181 1688 5250 ἡ
1715 5181 1881 5254 ἀρχή.

331 5257 461 5314 Editi
483 5249 536 5314 et
565 5258 680 5320 alii,
711 5257 822 5308 Kal
849 5257 956 5328 γὰρ
978 5249 1382 5328 πόλεώς-ἀρχή.
1415 5249 1580 5328 Paulo
1605 5249 1885 5328 post,*_se.

333 5345 476 5398 κυεῖ.
505 5319 808 5398 ῦοὺιεν.ίει
852 5319 1033 5398 Felck.
1077 5327 1126 5398 ι,
1157 5319 1518 5398 adsies};
1560 5319 1719 5398 μέρη.
1752 5319 1882 5398 Reg,

333 5389 487 5454 basil.
521 5408 576 5453 et
611 5395 824 5468 Anglic.
856 5396 1028 5452 ταῦτα
1068 5389 1136 5448 τὰ
1169 5395 1329 5466 μέρη.
1355 5391 1500 5446 Editi
1524 5389 1577 5445 et
1605 5389 1717 5457 alii,
1752 5389 1894 5443 αὖτά

335 5469 803 5618 τεᾶξςτὲιῖιρὴηῇ
849 5546 905 5591 et
946 5533 1098 5598 editi,
1129 5535 1204 5596 ὡς
1246 5531 1529 5618 ἄνθρωπος
1549 5527 1890 5618 ῨένδςΠσιιῖυμα-

337 5600 442 5674 τος,
473 5600 578 5664 etc.
613 5607 671 5663 in
703 5607 826 5663 aliis
863 5621 992 5663 vero
1041 5618 1175 5660 mss.
1219 5600 1474 5657 omnibus
1499 5603 1652 5657 deest
1673 5600 1889 5672 ἄνθρω-

341 5695 514 5815 unfit};
554 5748 786 5809 Segner.
823 5745 951 5816 Reg.
1003 5745 1219 5800 Gobler.
1264 5740 1449 5816 Felclt.
1485 5741 1510 5795 l
1560 5739 1887 5816 et__-’t_,_dtp_y_ij

343 5809 562 5876 πάντων.
613 5817 759 5876 Εάἱιὶ
809 5809 1024 5888 aliique,
1053 5816 1194 5889 ἀρχὴ
1221 5813 1326 5868 τῶν
1365 5813 1596 5868 πάντων.
1627 5809 1758 5866 Ibid.
1787 5809 1885 5866 Sc-

1881 3177 1924 3233 C

1934 583 2052 630 erat
2075 575 2303 645 primus,
2345 583 2538 628 natura
2569 587 2750 630 autent
2779 585 2832 630 et
2858 579 3178 648 cegnatione
3208 599 3351 636 unus
3387 585 3512 638 illo-

1937 681 2057 719 rum
2087 673 2224 730 erat,
2261 665 2354 734 qui
2385 673 2509 733 post
2541 666 2718 734 ipsum
2749 667 2858 722 nati
2891 667 3064 724 fuere.
3101 670 3268 740 igitur
3293 674 3337 730 si
3379 675 3512 729 Ver-

1935 757 2062 810 bum
2087 757 2410 826 principium
2437 765 2521 811 est
2541 759 2774 822 viarum,
2807 759 2910 814 tale
2937 759 3179 830 profecto
3211 772 3294 818 est
3318 767 3509 834 quales

1935 849 2180 904 511111.νὶιέ
2214 867 2227 902 :
2254 857 2305 903 et
2337 849 2580 904 vicissim
2618 850 2748 906 tales
2779 864 2905 906 sunt
2927 851 3028 906 via:
3051 853 3211 922 quale
3237 855 3414 924 ipsum
3434 871 3515 915 cst

1939 945 2195 1010 Verbum,
2211 945 2336 999 licet
2361 953 2602 1014 tempore
2617 947 2850 1014 primum
2874 949 3087 1002 illarum
3114 958 3344 1004 creetur.
3361 947 3517 1004 Nam-

1938 1051 2042 1106 que
2057 1035 2161 1090 tale
2185 1045 2268 1091 est
2287 1036 2518 1106 alicujus
2537 1038 2686 1092 urbis
2699 1038 3237 1108 principium,quales
3259 1049 3384 1094 sunt
3401 1040 3519 1094 alia:

1939 1129 2088 1182 urbis
2115 1139 2318 1198 partes,
2348 1143 2468 1198 qua:
2486 1137 2664 1198 partes
2693 1145 2814 1184 cum
2847 1131 2963 1200 ipso
2995 1131 3263 1202 principio
3287 1133 3519 1200 conjun-

1939 1230 2038 1276 ctae
2069 1221 2332 1291 integram
2357 1230 2412 1274 et
2443 1237 2606 1276 unam
2639 1221 2828 1276 urbem
2855 1223 3163 1292 perﬁciunt,
3213 1239 3322 1278 non
3359 1239 3520 1280 secus

1941 1327 2003 1366 ac
2029 1310 2195 1366 unius
2227 1311 2472 1380 corporis
2497 1310 2740 1366 membra
2766 1329 2780 1364 :
2811 1327 2911 1366 nec
2939 1326 3070 1367 vero
3107 1329 3216 1366 una
3243 1313 3362 1382 ejus
3392 1327 3518 1382 pars

1941 1402 2082 1456 inter
2112 1417 2200 1456 res
2238 1401 2534 1456 eondentes
2574 1410 2678 1468 est,
2726 1401 2830 1455 alia
2863 1401 3002 1457 inter
3032 1403 3298 1466 conditas,
3332 1403 3518 1458 alteri-

1941 1511 2047 1560 que
2079 1493 2215 1564 parti
2242 1492 2550 1562 subjicitur,
2582 1493 2674 1548 sed
2708 1507 2898 1547 omnes
2928 1493 3086 1548 simul
3116 1496 3308 1564 aequali
3337 1495 3520 1550 archi-

1945 1586 2068 1641 tecti
2095 1599 2228 1639 cura
2258 1594 2522 1654 reguntur
2544 1595 2600 1638 et
2629 1585 2956 1639 consistunt.
2986 1581 3041 1638 Si
3067 1600 3194 1654 ergo
3221 1585 3326 1640 hoc
3354 1587 3520 1642 etiam

1943 1677 2106 1731 modo
2136 1673 2402 1729 Dominus
2425 1673 2752 1744 principium
2777 1675 3018 1729 omnium
3043 1685 3278 1742 creatur,
3299 1691 3523 1734 necesse

1945 1777 2028 1824 est
2085 1767 2266 1837 ipsum
2339 1766 2504 1820 simul
2557 1781 2679 1820 cum
2737 1766 2992 1820 omnibus
3048 1782 3211 1820 unam
3267 1767 3523 1837 perﬁcere

1945 1870 2182 1916 creatam
2217 1868 2492 1925 naturam,
2527 1873 2703 1928 neque
2734 1863 2802 1912 ab
2852 1857 2973 1912 aliis
3022 1857 3259 1924 diﬂ'erre,
3309 1839 3524 1912 etiamsi

1947 1951 2192 2003 omnium
2244 1949 2316 2004 sit
2373 1947 2747 2019 principium,
2799 1962 2975 2016 neque
3035 1947 3264 2001 aliarum
3317 1954 3525 2002 natura:

1947 2053 2139 2096 creatae
2167 2041 2404 2112 partium
2437 2055 2557 2096 esse
2578 2041 2880 2103 dominum,
2910 2039 3032 2094 licet
3063 2040 3136 2093 sit
3157 2049 3400 2108 tempore
3425 2055 3526 2094 an-

1947 2134 2150 2202 tiquior
2179 2155 2194 2187 :
2227 2133 2426 2202 quippe
2455 2148 2578 2187 cum
2617 2132 2734 2200 ipse
2763 2144 2980 2200 quoque
3018 2145 3141 2184 cum
3190 2129 3309 2184 aliis
3342 2129 3525 2184 omni-

1947 2227 2051 2280 bus
2083 2240 2242 2279 unam
2279 2223 2570 2280 creationis
2599 2223 2867 2276 rationem
2898 2233 2950 2276 et
2982 2221 3266 2275 dominum
3300 2219 3524 2276 habeat.

1947 2319 2119 2374 Porro
2149 2318 2195 2374 si
2229 2315 2530 2372 secundum
2559 2330 2658 2370 vos
2684 2323 2902 2370 creatus
2934 2321 3038 2376 est,
3073 2312 3166 2382 qui
3205 2309 3320 2366 ﬁeri
3351 2319 3530 2382 potest

1949 2419 2011 2466 ut
2049 2409 2199 2466 solus
2241 2415 2295 2463 et
2325 2406 2536 2476 primus
2584 2413 2822 2468 creetur,
2863 2403 3222 2473 omniumque
3270 2403 3343 2459 sit
3371 2403 3548 2474 prin--

1950 2500 2174 2571 cipium,
2201 2514 2328 2554 cum
2353 2513 2418 2553 ex
2478 2496 2565 2552 his
2607 2511 2730 2566 qua
2764 2495 2908 2550 dicta
2955 2505 3104 2560 sunt,
3154 2503 3366 2550 constet
3393 2495 3532 2550 nihil

1951 2607 2050 2664 per
2089 2607 2146 2647 se
2179 2591 2373 2646 stabile
2405 2603 2528 2644 esse
2557 2596 2612 2642 et
2656 2587 2891 2656 primum
2937 2585 3164 2652 factum,
3205 2585 3301 2640 sed
3343 2599 3532 2639 unam-

1952 2699 2225 2756 quamque
2251 2697 2364 2737 rem
2400 2696 2504 2734 una
2539 2695 2662 2734 cum
2713 2678 2969 2733 omnibus
3017 2683 3200 2731 ortum
3245 2677 3528 2742 habuisse,

1952 2774 2204 2845 quamvis
2237 2772 2356 2826 alia:
2375 2771 2496 2824 aliis
2523 2778 2797 2840 praestent.
2817 2765 2925 2821 Nec
2947 2766 3090 2821 enim
3123 2767 3334 2837 singula
3357 2774 3528 2828 astra,

1955 2881 2055 2920 nec
2085 2863 2356 2930 maiorum
2387 2861 2738 2915 luminarium
2773 2858 2920 2911 aliud
2961 2858 3220 2926 primum,
3253 2855 3400 2910 aliud
3439 2871 3529 2912 se-

1955 2955 2192 3010 cundum
2237 2952 2515 3023 apparuit:
2567 2948 2662 3004 sed
2700 2955 2894 3002 cuncta
2947 2962 3057 3000 uno
3100 2947 3188 3000 die
3231 2945 3532 3014 eodemque

1957 3046 2184 3116 imperio
2209 3051 2400 3098 vocata
2445 3047 2571 3095 sunt
2610 3047 2668 3091 ut
2709 3036 2974 3092 essent".
3017 3033 3166 3088 Talis
3200 3034 3363 3087 etiam
3391 3045 3532 3100 qua-

1956 3138 2281 3208 drupedum,
2313 3135 2518 3198 avium,
2549 3141 2604 3186 et
2639 3131 2891 3200 piscium,
2936 3137 2990 3182 et
3031 3125 3336 3194 plantarum
3380 3123 3534 3193 origo

1957 3229 2079 3292 fuit,
2117 3237 2176 3282 ut
2207 3233 2262 3281 et
2293 3224 2506 3295 generis
2535 3223 2818 3277 hominum
2852 3220 2946 3292 qui
2996 3219 3061 3273 ad
3116 3217 3404 3288 imaginem
3439 3213 3533 3272 Dei

1954 3322 2084 3377 facti
2113 3327 2261 3374 sunt.
2291 3317 2426 3371 Nam
2461 3315 2677 3370 tametsi
2711 3313 2882 3368 Adam
2914 3312 3063 3368 solus
3084 3326 3113 3364 e
3141 3321 3281 3364 terra
3313 3317 3398 3364 est
3424 3306 3536 3362 for-

1956 3420 2136 3466 matus
2163 3427 2178 3463 :
2204 3417 2383 3464 tamen
2416 3407 2469 3460 in
2490 3407 2609 3476 ipso
2633 3406 2850 3459 inerant
2871 3401 3282 3474 propagationis
3309 3392 3532 3454 humani

1959 3501 2170 3574 generis
2199 3499 2440 3552 rationes
2469 3505 2522 3552 et
2553 3495 2784 3550 semina.

2032 3757 2122 3813 49.
2151 3755 2418 3810 Caeterum
2448 3768 2514 3808 ex
2553 3752 2639 3807 liis
2691 3749 2876 3804 mundi
2910 3749 3074 3803 rebus
3099 3761 3235 3818 quas
3269 3746 3536 3814 videmus,

1965 3849 2326 3921 perspicimus
2347 3860 2565 3916 quoque
2595 3843 2715 3914 ejus
2743 3841 3055 3906 invisibilia,
3087 3839 3342 3909 operibus
3381 3837 3540 3892 intel-

1967 3942 2103 3995 lecta
2128 3939 2194 4003 ³⁸,
2223 3951 2322 3992 nec
2359 3934 2572 4004 singula
2617 3945 2868 3987 seorsum
2913 3930 3192 3985 exsistere.
3237 3925 3357 3980 Non
3391 3927 3535 3981 enim

1969 4031 2116 4086 aliud
2140 4029 2376 4099 primum
2402 4033 2496 4080 aut
2522 4025 2668 4078 aliud
2697 4021 3018 4086 secundum,
3049 4020 3143 4076 sed
3170 4019 3333 4075 simul
3354 4017 3536 4073 omnia

1970 4123 2266 4180 secundum
2294 4135 2452 4176 suum
2486 4133 2656 4188 genus
2687 4114 2961 4170 exstitere.
2994 4111 3128 4167 Nam
3159 4127 3266 4167 non
3298 4109 3540 4182 singulos

1971 4215 2247 4272 recensuit
2293 4213 2606 4283 Apostolus,
2651 4211 2721 4264 ita
2759 4220 2820 4264 ut
2869 4209 3092 4274 diceret,
3149 4205 3266 4260 sive
3314 4202 3540 4274 angelus

1974 4305 2138 4378 5,09
2169 4305 2284 4360 sive
2315 4305 2582 4370 thronus,
2630 4303 2744 4357 sive
2776 4298 3076 4355 dominatio
3099 4337 3114 4364 ,
3163 4303 3218 4351 et
3250 4303 3492 4364 potestas
3522 4331 3538 4356 ,

1977 4399 2072 4454 sed
2123 4396 2288 4452 simul
2321 4409 2512 4450 omnes
2555 4409 2620 4449 ex
2675 4393 2868 4448 ordine
2902 4395 3186 4444 enumerat
3227 4385 3542 4456 lmjusmodi

3441 4472 3540 4528 ευ.

1978 4583 2204 4654 Propria
2263 4581 2472 4637 scilicet
2527 4595 2591 4634 ea
2634 4585 2718 4634 est
2771 4590 2958 4630 rerum
3009 4577 3316 4627 creatarum
3365 4567 3544 4636 origo.

1983 4909 2138 4967 guer.
2149 4889 2436 4967 _x'r_i§qeat.

2055 4949 2168 5035 (74)
2210 4949 2687 5035 Ségber._ngle_r.
2718 4956 2930 5035 Anglic.
2955 4954 3137 5010 Felck.
3227 4959 3279 5004 ει
3303 4951 3358 5016 4,
3388 4949 3549 5019 μήτε.

1982 5022 2480 5103 Εᾱῖιίει-εῖῖἰιμή.
2507 5028 2677 5103 Paul_o
2705 5022 2850 5103 posj,
2885 5022 3368 5103 $_eguer.__yivnrat:
3445 5091 3463 5103 .
3532 5097 3544 5103 _
3601 5053 3608 5058 -

2057 5105 2170 5176 (75)
2212 5101 2304 5176 sic
2339 5089 2573 5176 'sbg'qgr.
2625 5089 2760 5176 ne'g.
2789 5089 3404 5176 Basiliénglic5‘Feiclt.
3431 5091 3552 5176 43:

1991 5157 2297 5231 εἱεὶέιίι
2323 5183 2376 5228 ει
2423 5157 2889 5248 ξᾱὶιῙο-ῼοῆιρειῖ
2932 5163 3056 5244 Πῶς
3073 5157 3134 5213 δὲ
3165 5157 3551 5248 619551511!-

1993 5229 2273 5316 σμα,,ει(“.,
2301 5243 2580 5298 mendose.
2599 5239 2718 5294 Mox
2751 5237 2914 5292 Basil.
2940 5231 3154 5319 πρῶτος
3179 5229 3464 5311 γίνεσθαιε.

2047 5311 2308 5398 .(7.6>..Sic
2356 5300 3554 5398 διευεειξ,ορΡέετιειηξῖεὲεεὲχὲεἐξ-ἐ¹¹¹ι.ει

1997 5369 2458 5441 θάἷιίόϐοῐιιιηειῖ
2481 5379 2600 5434 οὐδέ
2652 5381 2798 5432 ἐστιν
2819 5375 2876 5428 ἓν
2911 5375 3066 5444 μόνον
3094 5370 3212 5424 καθ’
3244 5369 3418 5436 ἑαυτό,
3443 5377 3552 5426 etc.

2070 5455 2179 5526 (77)
2222 5455 2445 5526 Seguer.
2478 5449 2678 5526 omittit
2709 5447 2802 5526 καὶ
2831 5442 3062 5516 κτηνῶν.

2068 5515 2180 5596 (78')
2233 5515 2476 5596 ῖορεμεν
2502 5520 2653 5596 abes;
2688 5515 2978 5596 assum;

2071 5579 2182 5666 (79)
2225 5579 2316 5650 8ίὸ
2354 5579 2578 5666 Seguer.
2611 5579 2916 5640 Goblerfet
2942 5583 3122 5641 Felck.
3154 5583 3209 5640 l.
3231 5582 3306 5638 -ιιι
3353 5579 3476 5636 aliis
3502 5587 3558 5635 et

1999 5661 2174 5723 editis
2192 5666 2346 5720 deest
2375 5661 2542 5728 λέγει.

2071 5735 2182 5806 (80)
2223 5725 2689 5804 δείξαι-,τοιαύτη
2721 5725 2957 5806 γένιςιιρ,
