3948 6236
401 312 500 367 331

1097 302 1463 359 ATIIANASII
1505 300 1657 358 OPP.
1691 294 1871 352 PARS
1910 296 1952 352 i.
1990 326 2059 336 —
2097 293 2470 352 HISTORICA
2509 297 2596 351 ET
2638 295 3054 353 DOGMATICA.

3519 295 3628 353 252

405 423 573 494 Igitur
604 420 671 485 si,
704 432 762 475 ut
785 419 920 482 dixi,
955 416 1190 472 Verbum
1222 426 1464 470 creatum
1490 422 1655 478 esset,
1685 427 1794 466 non
1818 424 1963 479 prius

2073 405 2276 476 κτίσμα
2322 403 2387 478 ἦν
2418 409 2446 462 ὁ
2479 410 2650 478 Λόγος
2675 453 2690 476 ,
2743 410 2848 462 ἔδει
2884 409 2958 480 μὴ
2988 409 3201 480 πρῶτον
3251 408 3448 474 αὑτῶν,
3493 410 3630 464 ἀλλὰ

404 513 497 568 sed
528 528 635 567 una
665 527 786 566 cum
816 510 936 564 aliis
966 507 1258 562 virtutibus
1291 505 1492 560 factum
1542 503 1755 565 fuisset,
1791 516 1968 571 quan-

405 605 604 658 tumvis
652 603 842 656 iisdem
899 599 1073 670 gloria
1125 597 1429 652 antecellat.
1482 595 1558 649 Ita
1604 593 1748 648 enim
1781 608 1840 648 se
1883 607 1970 646 res

404 696 566 749 habet
592 696 644 748 in
677 691 905 756 caneris,
941 706 1062 760 quae
1092 706 1286 760 nempe
1320 687 1485 744 simul
1523 685 1680 740 facta:
1706 684 1966 746 fuerunt,

405 784 658 852 nullaque
695 782 834 834 inter
881 779 1000 834 illas
1047 779 1223 849 prima
1279 786 1364 833 est
1412 776 1496 831 vel
1538 773 1799 840 secunda,
1841 773 1968 826 licet

403 873 572 943 gloria
608 872 747 925 inter
780 886 838 924 se
871 869 1144 930 dit‘l’erant.
1188 870 1263 923 ita
1292 877 1350 922 ut
1382 868 1500 922 alite
1528 859 1806 936 quidem'a
1834 864 1968 920 dex-

401 965 533 1029 tris,
585 963 704 1017 alize
770 963 1007 1025 circum,
1063 962 1190 1016 aliae
1231 977 1262 1016 a
1308 959 1586 1025 sinistris,
1637 959 1732 1014 sed
1785 967 1966 1012 tamen

401 1070 592 1110 omnes
619 1056 782 1110 simul
811 1055 979 1110 Deum
1013 1056 1252 1120 laudent,
1279 1064 1333 1108 et
1367 1052 1598 1108 Domino
1635 1052 1963 1107 ministrent.

400 1148 671 1215 Quocirca
695 1148 739 1203 si
773 1146 1008 1202 Verbum
1049 1155 1291 1202 creatum
1326 1154 1428 1212 est,
1457 1161 1558 1201 nec
1587 1145 1824 1215 primum
1865 1159 1966 1198 nec

405 1241 730 1312 principium
774 1240 1008 1295 aliorum
1044 1255 1164 1294 esse
1205 1246 1404 1309 potest.
1452 1237 1509 1292 Si
1541 1253 1673 1292 vero
1722 1247 1848 1292 ante
1877 1251 1966 1292 res

399 1346 592 1387 omnes
621 1340 722 1395 est,
757 1333 835 1386 uti
862 1346 1049 1386 revera
1079 1340 1186 1394 est,
1213 1331 1500 1401 ipsumque
1531 1329 1703 1385 solum
1727 1329 1965 1398 primum

399 1432 482 1477 est
514 1431 566 1476 et
599 1421 769 1476 Filius
814 1431 936 1477 est:
988 1437 1096 1476 non
1153 1422 1319 1491 igitur
1367 1420 1665 1476 secundum
1715 1430 1963 1475 naturam

397 1513 640 1568 omnium
689 1523 778 1568 est
821 1514 1171 1584 principium.
1220 1513 1365 1568 Nam:
1408 1513 1549 1568 inter
1579 1512 1764 1567 omnia
1799 1513 1962 1569 etiam

397 1605 641 1658 omnium
697 1605 1027 1674 principium
1087 1612 1424 1659 numeratur.
1476 1603 1632 1670 Quod
1668 1603 1714 1660 si
1760 1603 1966 1673 princi-

398 1693 545 1762 pium
591 1709 698 1748 non
752 1703 872 1761 est;
924 1711 1023 1750 nec
1057 1695 1218 1750 etiam
1266 1708 1508 1750 creatum
1538 1704 1641 1758 est,
1691 1696 1783 1750 sed
1819 1705 1962 1764 patet

398 1784 573 1853 ipsum
611 1785 916 1839 substantia
947 1793 1001 1838 et
1032 1792 1226 1838 natura
1252 1800 1282 1838 a
1321 1784 1485 1838 rebus
1513 1783 1730 1852 quidem
1765 1784 1966 1838 creatis

398 1872 635 1938 diﬂ‘erre,
673 1873 928 1944 aliudque
957 1875 1025 1928 ab
1048 1874 1154 1928 illis
1180 1890 1322 1938 esse,
1356 1875 1527 1929 solius
1557 1883 1736 1928 autem
1769 1883 1823 1928 et
1849 1874 1966 1927 veri

399 1962 492 2018 Dei
518 1964 928 2018 similitudinem
955 1980 1075 2019 esse
1110 1974 1165 2019 et
1195 1966 1506 2035 imaginem,
1532 1965 1707 2019 solum
1733 1965 1966 2034 denique

397 2061 450 2107 et
498 2056 677 2122 ipsum
725 2052 1009 2107 exsistere.
1047 2051 1185 2107 Hinc
1226 2053 1405 2121 ipsum
1439 2052 1582 2106 inter-
1619 2067 1708 2106 res
1754 2060 1964 2106 creatas

399 2161 505 2199 non
558 2145 826 2199 collocant
859 2143 1170 2215 Scripturae.
1225 2144 1334 2200 imo
1386 2144 1552 2200 David
1584 2160 1678 2200 eos
1706 2183 1720 2209 ,
1775 2142 1868 2214 qui
1912 2145 1965 2198 id

397 2238 484 2292 vel
509 2253 666 2306 agere
702 2238 966 2307 cogitant,
1002 2239 1086 2294 his
1112 2239 1290 2293 verbis
1321 2238 1499 2309 arguit
1539 2256 1550 2291 :
1593 2238 1723 2303 Quis
1773 2238 1964 2292 similis

397 2329 474 2381 tui
497 2331 550 2381 in
579 2329 707 2391 diis,
745 2329 968 2384 Domine
996 2331 1084 2383 ’°?
1109 2339 1195 2384 et:
1230 2330 1361 2395 Quis
1390 2329 1582 2384 similis
1607 2331 1705 2383 erit
1742 2329 1964 2383 Domino

399 2420 456 2473 in
483 2419 613 2488 ﬁliis
647 2419 744 2474 Dei
778 2421 868 2473 "‘2
908 2419 973 2474 Et
1025 2420 1272 2475 Baruch:
1314 2420 1416 2474 Hic
1463 2431 1540 2475 est
1587 2420 1727 2474 Deus
1768 2430 1963 2486 noster,

398 2529 503 2566 non
555 2514 911 2566 aestimabitur
944 2512 1084 2567 alius
1124 2513 1374 2569 adversus
1430 2530 1548 2567 eum
1575 2514 1638 2566 ³¹.
1675 2514 1965 2568 Enimvero

399 2603 488 2657 hic
525 2611 696 2668 creat,
734 2605 821 2658 illa
857 2615 1036 2660 autem
1079 2615 1354 2660 creantur.
1406 2604 1704 2676 Proprium
1751 2606 1838 2660 ille
1883 2615 1967 2660 est

397 2705 605 2750 naturae
631 2697 803 2752 Patris
833 2695 1068 2752 Verbum
1093 2707 1148 2752 et
1173 2697 1449 2767 Sapientia
1472 2716 1484 2752 :
1516 2714 1604 2753 res
1627 2713 1753 2752 vero
1785 2696 1962 2761 factm,

395 2801 520 2841 cum
563 2798 718 2841 antea
745 2803 852 2842 non
899 2798 1104 2855 essent,
1141 2803 1236 2858 per
1268 2788 1444 2858 ipsum
1478 2787 1714 2843 Verbum
1747 2787 1967 2843 fuerunt

394 2877 694 2947 productae.

468 2967 556 3019 50.
593 2966 718 3020 llaec
750 2967 914 3036 igitur
935 2983 1056 3036 quze
1089 2976 1197 3020 tam
1229 2967 1424 3022 crebro
1465 2969 1730 3038 jactitatis
1777 2969 1962 3035 verba,

2072 498 2210 566 μετὰ
2243 498 2349 551 τῶν
2395 499 2567 553 ἄλλων
2599 499 2709 570 (81)
2752 499 3030 568 δυνάμεων
3071 501 3185 569 ἅμα
3224 498 3485 566 γίνεσθαι,
3526 501 3630 554 κᾶν

2068 589 2134 656 τῇ
2169 586 2304 658 δόξῃ,
2324 587 2482 640 πλέον
2523 589 2630 640 τῶν
2664 587 2836 640 ἄλλων
2882 586 3120 658 ὑπερέχῃ
3147 603 3160 612 ·
3197 587 3337 640 οὑτω
3381 589 3489 659 γὰρ
3538 590 3630 643 καὶ

2069 679 2160 731 ἐπὶ
2197 679 2305 732 τῶν
2329 679 2501 732 ἄλλων
2533 679 2710 749 εὑρεῖν
2744 679 2908 743 ἔστιν,
2960 679 3042 732 ὅτι
3075 681 3189 749 ἅμα
3223 680 3320 749 μὲν
3351 682 3628 748 γεγόνασι,

2068 775 2163 828 καὶ
2189 775 2288 827 οὑκ
2316 773 2429 827 ἐστι
2461 773 2674 844 πρῶτος
2719 775 2750 846 ἢ
2797 773 3066 846 δεύτερος,
3114 775 3425 846 διαφέρουσι
3453 775 3511 828 δὲ
3538 776 3632 830 ἀλ-

2068 865 2244 936 λήλων
2271 867 2328 918 ὲν
2354 864 2500 938 δόξῃ,
2524 865 2618 918 καὶ
2648 865 2696 917 οἱ
2722 865 2818 935 μὲν
2853 866 2916 918 ὲκ
2935 864 3294 932 δεξιῶν,οί.δὲ
3320 866 3635 936 κύκλῳ,κα“ι

2067 957 2216 1010 ἄλλοι
2232 956 2291 1021 ἐξ
2310 957 2626 1028 ἀριστερῶν,
2645 958 2736 1010 καὶ
2751 957 2946 1019 πάντες
2961 957 3214 1028 ὑμνοῦσιν
3233 959 3366 1028 ἅμα,
3390 959 3482 1011 καὶ
3502 974 3632 1028 παρ-

2068 1050 2327 1119 εστήκασι
2365 1047 2672 1119 λειτουργοῦ
2684 1064 2796 1110 ντες
2828 1047 2904 1117 τῷ
2918 1049 3124 1119 Κυρίῳ.
3141 1049 3344 1101 Οὐκοῦν
3361 1051 3409 1102 εί
3427 1049 3632 1118 κτίσμα

2067 1141 2211 1194 ἐστὶν
2236 1143 2263 1194 ὁ
2277 1141 2464 1208 Λόγος,
2483 1141 2542 1192 οὑ
2568 1139 2780 1210 πρῶτος
2799 1140 2864 1194 ἂν
2885 1140 3133 1210 εἷτγ,.,οὑδὲ
3153 1138 3293 1210 ἀρχὴ
3310 1140 3412 1192 τῶν
3434 1139 3627 1193 mm-

2067 1234 2118 1285 εί
2144 1233 2198 1286 δὲ
2231 1232 2336 1304 πρὸ
2359 1233 2572 1285 πάντων
2589 1232 2753 1296 ἐστὶν,
2773 1231 2960 1303 ὥσπερ
2981 1227 3071 1286 οῦν
3092 1233 3183 1285 κα).
3207 1232 3342 1297 ἐστι,
3357 1233 3450 1286 καὶ
3471 1233 3630 1303 μόνος

2067 1325 2225 1388 αὐτὸς
2253 1323 2466 1396 πρῶτος
2499 1325 2591 1378 καὶ
2621 1326 2746 1389 Υίὸς
2769 1327 2936 1386 ἐστιν,
2959 1324 3057 1376 οὑκ
3082 1323 3334 1394 ἄρα-οὑδὲ
3357 1323 3496 1395 ἁρχὴ
3517 1322 3627 1376 τῶν

2067 1415 2280 1468 πάντων
2315 1414 2420 1485 (82)
2456 1416 2520 1484 τῇ
2557 1415 2886 1488 οὑσίςιὲστίν
2909 1432 2921 1444 ·
2947 1417 3003 1466 ἐν
3034 1413 3141 1484 γὰρ
3172 1417 3282 1476 τοῖς
3309 1415 3440 1466 πᾶσι
3471 1415 3563 1468 καὶ
3590 1417 3634 1484 ἡ,

2067 1507 2207 1579 ἀρχὴ
2239 1507 2346 1560 τῶν
2396 1508 2610 1561 πάντων
2670 1506 3096 1577 συναριθμεῖται.
3156 1506 3218 1557 Ei
3260 1505 3316 1557 δὲ
3361 1505 3434 1577 μὴ
3482 1507 3627 1576 ἀρχή

2066 1602 2234 1666 ἐστιν,
2263 1601 2381 1654 οὐδὲ
2415 1603 2618 1671 κτίσμα
2638 1602 2816 1664 ἐστὶν,
2840 1599 2952 1652 ἀλλ’
2986 1597 3204 1668 εὑδηλον
3239 1597 3302 1651 ἂν
3332 1597 3436 1668 εἴη,
3465 1598 3539 1660 ὡς
3561 1601 3629 1669 τῇ

2068 1693 2223 1764 οὐσίᾳ
2249 1693 2342 1746 καὶ
2370 1697 2434 1764 τῇ
2467 1692 2625 1761 φύσει
2649 1692 2755 1745 τῶν
2787 1693 2882 1762 μὲν
2910 1692 3221 1761 κτισμάτων
3241 1691 3509 1760 διέστηκε,
3537 1692 3631 1743 καὶ

2069 1783 2224 1847 ἄλλος
2259 1785 2402 1836 ἐστὶν
2433 1783 2612 1836 αὑτῶν
2634 1801 2647 1813 ·
2679 1783 2772 1836 τοῦ
2816 1782 2871 1834 δὲ
2903 1781 3062 1852 μόνου
3092 1783 3186 1836 καὶ
3210 1780 3460 1852 ἀληθινοῦ
3495 1781 3630 1834 Θεοῦ

2067 1875 2324 1946 ὁμοίωσις
2348 1877 2439 1929 καὶ
2463 1875 2623 1928 εἰκών
2645 1877 2780 1938 ἐστι,
2820 1876 2976 1945 μόνος
3026 1875 3118 1927 καὶ
3165 1873 3326 1935 αὑτὸς
3350 1873 3627 1943 ὑπάρχων.

2067 1966 2165 2019 Διὰ
2201 1966 2357 2019 τοῦτο
2391 1966 2522 2035 γοῦν
2554 1968 2673 2019 οὑδὲ
2719 1968 2830 2028 τοῖς
2869 1968 3161 2037 κτίσμασιν
3206 1965 3364 2018 αὑτὸν
3417 1966 3634 2018 συντάτ-

2066 2076 2247 2113 τουσιν
2281 2061 2334 2113 αἱ
2365 2059 2574 2132 Γραφαί
2598 2076 2612 2090 ·
2644 2059 2758 2112 ἀλλ’
2802 2059 2842 2111 ὁ.
2875 2059 2979 2131 μὲι
3015 2057 3179 2112 Δαυῒδ
3219 2057 3331 2126 (85)
3375 2057 3634 2128 ἐπιπλήτ-

2066 2171 2148 2206 τει
2179 2156 2292 2216 τοῖς
2333 2151 2573 2204 τοιοῦτον
2618 2151 2778 2204 αὑτὸν
2823 2150 2926 2202 κᾶν
2971 2148 3313 2220 ἐνθυμεῖσθαι
3359 2146 3629 2218 τολμῶσι,

2065 2243 2264 2311 λέγων·
2295 2241 2612 2311 Τίς-ὅμοιός
2653 2257 2750 2295 σοι
2803 2241 2873 2293 ἐν
2917 2240 3090 2305 θεοῖς,
3122 2240 3332 2306 Κύριε;
3367 2237 3458 2291 καί
3488 2252 3501 2265 ·
3536 2240 3631 2303 Τίς

2068 2333 2489 2404 ὁμοιωθήσεται
2517 2333 2595 2397 τῷ
2626 2334 2819 2400 Κυρίῳ
2847 2331 2914 2383 ἐν
2946 2331 3096 2396 υἱοῖς
3119 2329 3265 2383 Θεοῦ
3293 2346 3312 2394 ;
3356 2330 3412 2383 Ὀ
3440 2329 3496 2382 δὲ
3526 2329 3633 2382 Βα-

2068 2426 2199 2496 ροὺχ
2219 2441 2232 2456 °
2271 2421 2460 2490 Οὗτος
2491 2427 2522 2477 ὁ
2554 2424 2695 2490 Θεὸς
2723 2423 2910 2492 ἡμῶν,
2943 2425 3014 2477 οὐ
3047 2422 3466 2491 λογισθήσεται
3506 2421 3624 2474 ἓτε-

2059 2537 2170 2588 ρος
2199 2519 2349 2587 πρὸς
2375 2518 2578 2571 αὐτόν.
2623 2518 2681 2569 Ὀ
2708 2517 2805 2587 μὲν
2830 2516 2937 2588 γὰρ
2970 2514 3162 2578 κτίζει,
3195 2514 3262 2567 τὰ
3289 2514 3344 2567 δὲ
3370 2513 3631 2578 κτίζεται⁸

2067 2610 2159 2663 καὶ
2181 2611 2209 2662 ὁ
2246 2610 2342 2680 μὲν
2371 2609 2470 2678 τῆς
2496 2607 2588 2660 τοῦ
2617 2607 2826 2678 Πατρὸς
2845 2606 3031 2669 οὐσίας
3058 2605 3184 2668 ἴδιός
3215 2607 3330 2658 ἐστι
3355 2604 3522 2672 Λόγος
3537 2603 3631 2656 καὶ

2069 2701 2236 2770 Σοφία
2264 2717 2277 2730 ·
2311 2699 2379 2752 τὰ
2415 2699 2473 2752 δὲ
2506 2699 2794 2769 γενόμενα,
2830 2698 2930 2750 οὑκ
2955 2696 3081 2750 ὄντα
3109 2696 3373 2768 πρότερον
3401 2695 3530 2766 (84),
3561 2694 3630 2748 δι’

2067 2792 2232 2846 αὑτοῦ
2261 2793 2352 2845 τοῦ
2378 2792 2551 2860 Λόγου
2587 2791 2895 2862 πεποίηται,

2140 2973 2226 3026 50.
2272 2973 2344 3025 Τὸ
2377 2973 2483 3042 ἄρα
2524 2970 2953 3042 πολυθρύλλητον
2987 2971 3112 3041 παρ’
3135 2969 3287 3039 ὑμῶν
3320 2965 3626 3038 εἰρημένον,

396 3055 566 3112 Filius
600 3073 686 3112 res
720 3067 802 3112 est
853 3067 1054 3123 creata,
1102 3074 1230 3112 vera
1264 3059 1412 3114 nullo
1454 3060 1616 3114 modo
1650 3069 1818 3125 sunt,
1866 3061 1959 3115 scd

2073 3066 2282 3136 Κτίσμα
2313 3063 2509 3117 ἐστὶνὸ
2545 3063 2689 3127 Υἱὸς,
2729 3063 2828 3115 οὑκ
2875 3062 3019 3114 ἔστιν
3061 3060 3278 3131 ἀληθὲς,
3326 3061 3437 3114 ἀλλ’
3473 3060 3629 3131 ὑμῶν

397 3164 608 3202 merum
661 3158 854 3203 VCSIFIB
905 3149 1102 3203 mentis
1163 3159 1533 3205 commentum
1587 3160 1704 3217 εει,
1758 3168 1962 3222 vosque

398 3241 653 3296 Salomon
691 3241 804 3309 ipse
833 3243 1078 3311 increpat
1110 3243 1254 3312 quod
1281 3258 1423 3312 saepe
1458 3243 1606 3298 illius
1641 3245 1963 3300 auctoritate

397 3331 530 3387 false
558 3332 710 3387 abusi
745 3329 978 3388 fueritis.
1009 3332 1191 3404 Neque
1222 3335 1367 3389 enim
1399 3335 1584 3391 docuit
1614 3335 1811 3390 Filium
1846 3353 1957 3392 rem

396 3431 632 3478 creatam
668 3439 808 3488 esse,
850 3425 944 3478 sed
990 3423 1158 3478 fetum
1193 3433 1246 3480 et
1279 3426 1600 3495 sapientiam
1650 3427 1767 3494 Dei,
1804 3437 1863 3482 ut
1895 3445 1961 3483 ex

397 3515 484 3570 his
504 3515 623 3584 ejus
655 3515 832 3569 verbis
863 3515 1073 3570 clarum
1108 3525 1230 3571 est:
1266 3516 1408 3571 Deus
1448 3521 1712 3588 sapientia
1763 3521 1962 3590 funda-

393 3609 466 3660 vit
505 3616 701 3660 terram
725 3605 804 3672 ³³;
833 3615 887 3660 et
913 3624 926 3659 :
965 3605 1240 3675 Sapientia
1271 3609 1552 3679 aediﬁcavit
1583 3612 1684 3665 sibi
1718 3614 1818 3681 ipsi
1867 3613 1963 3668 do-

397 3715 542 3751 mum
570 3698 636 3751 “.
670 3697 812 3763 Quin
855 3699 1018 3753 etiam
1066 3699 1240 3766 locus,
1273 3718 1432 3771 quem
1466 3703 1554 3758 hic
1583 3706 1958 3774 expendimus,

396 3795 632 3842 vestram
667 3789 824 3857 plane
853 3788 1100 3844 coniutat
1144 3791 1496 3861 impietatem.
1529 3792 1663 3849 Nam
1700 3799 1960 3866 scriptum

395 3888 515 3935 est:
559 3880 813 3933 Dominus
843 3882 1036 3936 creavit
1068 3899 1146 3936 me
1188 3883 1402 3937 initium
1427 3886 1632 3939 viarum
1659 3905 1876 3942 suarum
1907 3892 1961 3944 in

398 3987 553 4039 opera
577 3987 674 4024 sua
703 3972 768 4026 ³⁵.
806 3973 975 4042 Igitur
998 3973 1044 4027 si
1081 3974 1196 4044 ipse
1218 3984 1301 4031 est
1323 3986 1446 4031 ante
1473 3980 1679 4045 omnia,
1701 3981 1833 4036 dicit
1866 3998 1962 4036 au-

399 4071 525 4127 tem,
553 4063 747 4114 creavit
777 4078 877 4124 me,
913 4079 1021 4118 non
1047 4075 1104 4118 ut
1129 4079 1291 4133 opera
1324 4064 1543 4134 faciam,
1568 4070 1664 4124 sed
1686 4073 1739 4123 in
1765 4089 1922 4141 opera
1941 4089 1960 4126 :

398 4153 479 4206 vel
512 4153 588 4216 id,
619 4153 762 4221 quod
813 4153 916 4208 ista
964 4171 1116 4220 voce,
1167 4159 1385 4225 creavit,
1438 4160 1796 4231 significatur,
1844 4165 1960 4234 ipso

397 4251 482 4296 est
513 4243 806 4311 posterius,
841 4244 926 4298 vel
951 4245 1068 4314 ipse
1093 4248 1348 4316 operibus
1375 4252 1643 4319 posterior
1671 4255 1958 4322 videbitur,

398 4335 596 4403 quippe
647 4333 741 4401 qui
785 4333 900 4400 illa,
952 4350 1076 4389 cum
1129 4346 1348 4392 creatur
1396 4339 1532 4410 ipse,
1580 4343 1692 4412 jam
1744 4355 1870 4400 ante
1903 4362 1961 4401 se

395 4423 714 4478 exsistentia
767 4425 1043 4493 reperiat,
1091 4437 1145 4481 et
1187 4445 1422 4498 quorum
1460 4448 1625 4488 causa
1667 4436 1805 4490 idem
1852 4437 1966 4506 ipse
1998 4423 2042 4478 ί)

394 4521 628 4570 creetur.
655 4512 786 4578 Quae
810 4514 856 4569 si
889 4529 1014 4570 vera
1053 4527 1202 4583 sunt,
1249 4521 1344 4591 qui
1383 4533 1560 4592 potest
1593 4525 1729 4593 ﬁeri,
1761 4537 1819 4582 ut
1851 4529 1966 4599 ipse

465 4668 690 4749 ιορερι.
729 4672 1022 4749 ωιχιιιιηζς
1055 4689 1252 4732 Lxxxv.
1282 4674 1336 4729 8.
1413 4677 1456 4708 ³¹
1497 4676 1639 4734 Psal.
1672 4697 1932 4749 exsxvm,
1964 4684 2015 4739 7.

395 4739 447 4794 1.
523 4740 566 4772 ³⁵
604 4739 764 4818 Prov.
799 4757 916 4806 νιιι,
940 4741 1030 4797 22.

466 4897 578 4977 (81)
620 4896 843 4977 seguer.
877 4897 1012 4977 R_eg_._
1031 4898 1255 4977 _Gobler.
1292 4900 1470 4977 Felek.
1505 4901 1556 4964 1,
1598 4901 1744 4977 [et
1795 4901 1846 4977 5.
1891 4902 1960 4977 ᾼι

396 4969 486 5039 alii
538 4979 591 5022 et
630 4968 780 5028 editi,
817 4969 933 5037 μετ’
963 4968 1155 5039 ᾷλλων.
1189 4968 1353 5024 Paulo
1377 4981 1519 5039 post,
1547 4972 1698 5035 editi,
1729 4973 1820 5024 ἐπὶ
1850 4972 1958 5024 τῶν

374 5037 570 5091 ’ἄλλων
599 5039 932 5107 κτισμάτων.
966 5037 1022 5091 In
1060 5037 1284 5108 Seguer.
1317 5037 1462 5094 recte
1504 5041 1654 5096 deest
1693 5057 1792 5095 vos
1843 5059 1960 5095 κτι-

401 5109 652 5180 σμάτων,
681 5123 780 5162 nec
810 5123 942 5180 eam
989 5109 1213 5180 videtur
1254 5109 1449 5180 legisse
1477 5109 1721 5166 Nannius
1755 5130 1768 5164 :
1805 5113 1962 5165 vertit

398 5178 544 5229 enim
575 5194 589 5230 :
624 5177 710 5230 Ita
738 5179 876 5230 enim
905 5194 958 5232 se
987 5195 1096 5232 rem
1125 5177 1502 5233 habere'etiam
1529 5181 1582 5233 in
1610 5180 1729 5234 aliis
1758 5182 1962 5235 invene-

398 5245 495 5297 ris.
534 5244 702 5301 Porro
748 5247 854 5300 τῶν
902 5247 1074 5302 ἄλλων
1120 5248 1460 5303 referendum
1513 5265 1632 5304 esse
1676 5253 1742 5304 ad
1773 5267 1956 5305 vocent

394 5314 699 5388 δυνάμεων,
733 5327 877 5388 patet
898 5335 962 5372 ex
1000 5319 1085 5374 his
1111 5334 1232 5387 qua!
1265 5320 1459 5373 ibidem
1487 5334 1810 5388 sequuntur.
1851 5319 1958 5374 Nec

399 5384 578 5436 obstat
607 5384 748 5452 quod
781 5384 1143 5441 masculinum
1165 5405 1334 5454 genus
1372 5389 1442 5442 ibi
1471 5384 1763 5458 nsrirpetur
1788 5409 1800 5443 τ
1831 5406 1954 5444 nam

401 5461 586 5528 notum
622 5465 706 5508 est
724 5471 870 5528 sepe
902 5458 1255 5512 Athanasium
1299 5460 1559 5514 rationem
1605 5462 1817 5528 generis
1851 5476 1957 5513 non

402 5522 618 5587 habere,
646 5524 738 5577 sed
774 5541 950 5579 rerum
987 5529 1268 5582 duntaxat.

471 5592 841 5670 {SQLGoblen
877 5603 929 5648 et
963 5595 1140 5670 Felrk.
1162 5599 1352 5670 1,κώ
1374 5600 1501 5662 Υἱός
1551 5601 1694 5651 ἐστιν
1716 5615 1728 5628 ο
1762 5601 1819 5650 ὲν
1850 5599 1958 5670 γὰρ

401 5665 516 5723 τοῖς
544 5665 698 5720 πᾶσι,
729 5672 858 5724 etc.,
879 5666 1033 5725 male.
1066 5667 1284 5722 omissis
1317 5670 1669 5723 internwdiis.

471 5731 585 5802 (85)
626 5731 716 5788 Sic
762 5733 980 5803 Segner.
1033 5735 1248 5791 Gobler.
1300 5738 1477 5794 Felck.
1521 5740 1542 5792 l
1578 5750 1627 5795 ct
1657 5739 1708 5794 4.
1748 5738 1850 5795 Alii
1900 5747 1952 5794 et

2071 3156 2335 3226 φαντασία
2365 3154 2520 3225 μόνη,
2547 3154 2639 3206 καὶ
2676 3153 3064 3224 κατηγορεῖσθε
3102 3151 3248 3222 παρὰ
3270 3151 3361 3204 τοῦ
3394 3152 3501 3220 (85)
3535 3153 3631 3204 Σο-

2068 3246 2326 3318 λομῶνος,
2363 3247 2445 3298 ὅτι
2473 3244 2729 3307 πολλάκις
2760 3241 2924 3296 αὑτοῦ
2965 3242 3386 3312 κατεψεὺσασθε.
3418 3243 3490 3295 Οὑ
3519 3242 3629 3313 γὰρ

2071 3339 2288 3409 εἴρηκεν
2344 3335 2503 3389 αὑτὸν
2551 3335 2791 3406 κτίσμα,
2837 3334 2973 3388 ἀλλὰ
3019 3335 3261 3404 γέννημα
3299 3333 3394 3386 καὶ
3438 3333 3630 3402 σοφίαν

2069 3429 2225 3495 Θεοῦ,
2281 3429 2473 3497 λέγων’
2538 3426 2599 3479 '0
2637 3425 2782 3492 Θεὸς
2817 3425 2890 3494 τῇ
2914 3425 3098 3494 σοφίᾳ
3130 3423 3483 3492 ἐθεμελίωσε
3516 3423 3631 3491 τὴν

2068 3521 2202 3592 γῆν·
2235 3521 2347 3574 καί·
2376 3523 2436 3574 Ἠ
2458 3520 2644 3588 Σοφία
2671 3519 3055 3588 ᾠκοδόμησεν
3091 3515 3273 3584 ἑαυτῇ
3301 3517 3484 3570 οἷκον.
3519 3515 3632 3568 Καὶ

2069 3612 2196 3666 αὐτὸ
2219 3612 2274 3664 δὲ
2302 3612 2362 3664 τὸ
2393 3611 2556 3682 ῥητὸν
2586 3609 2694 3680 (86)
2730 3607 3108 3677 ἐξεταζόμενον
3139 3605 3351 3675 ἐλέγχει
3381 3605 3478 3676 τὴν
3509 3605 3635 3658 δυσ-

2071 3705 2283 3757 σέϐειαν
2310 3702 2462 3774 ὑμῶν
2485 3719 2499 3732 ·
2539 3702 2845 3773 γέγραπται
2901 3700 3027 3770 γάρ·
3066 3700 3276 3766 Κύριος
3319 3697 3520 3751 ἕκτισέ
3551 3715 3635 3765 με

2068 3795 2265 3865 ἀρχὴν
2297 3793 2453 3848 ὁδῶν
2479 3793 2664 3846 αὑτοῦ
2691 3794 2776 3858 εὶς
2803 3793 2946 3861 ἔργα
2977 3791 3181 3844 αὑτοῦ.
3214 3789 3418 3843 Οὐκοῦν
3449 3789 3497 3841 εί
3524 3789 3650 3858 πρὸ.

2069 3886 2286 3939 πάντων
2313 3885 2459 3939 ἐστὶν
2487 3883 2668 3946 αὐτὸς,
2721 3882 2866 3950 λέγει
2911 3881 2989 3947 δὲ,
3024 3880 3228 3933 ἐκτιτέ
3252 3897 3349 3948 με,
3400 3881 3496 3949 οὑχ
3541 3880 3633 3932 ἴνα

2069 3980 2276 4050 ποιήσω
2295 3979 2363 4031 τὰ
2385 3976 2540 4046 ἔργα,
2577 3975 2689 4028 ἀλλ’
2721 3976 2807 4039 εὶς·
2833 3973 2904 4028 τὰ
2929 3973 3102 4041 ἔργω
3143 3971 3175 4042 ἢ
3203 3971 3452 4043 δεύτερόν
3480 3972 3642 4025 ἑστιν-

2068 4070 2230 4124 αὑτοῦ
2259 4070 2319 4122 τὸ
2349 4069 2608 4131 ἔκτισεν,
2636 4066 2668 4137 ἢ
2700 4067 2995 4135 φανήσεται
3031 4063 3280 4134 δεύτερος
3318 4063 3477 4126 αὑτὸς
3516 4063 3636 4115 τῶν-

2067 4163 2264 4233 ἔργων,
2311 4161 2576 4232 εὑρίσκων
2627 4157 2764 4211 αὑτὰ
2811 4154 3124 4226 κτιζόμενος
3171 4155 3272 4225 ἤδη
3319 4153 3420 4225 πρὸ
3461 4153 3631 4208 αὑτοῦ

2068 4255 2353 4325 ὑφεστῶτα
2386 4255 2520 4324 (87),
2553 4255 2636 4322 ἐφ’
2666 4252 2701 4306 ἃ.
2736 4251 2833 4307 καὶ
2873 4250 3102 4318 γίνεται.
3133 4249 3195 4300 Εἰ
3221 4247 3276 4300 δὲ
3308 4245 3481 4309 τοῦτο,
3510 4245 3644 4310 πῶς·

2068 4346 2147 4399 ἔτι
2174 4346 2280 4416 πρὸ
2307 4345 2522 4397 πάντων
2566 4343 2711 4395 ἐστὶν
2756 4339 2950 4402 αὑτὸς;
2988 4337 3112 4400 Πῶς
3140 4337 3196 4389 δὲ
3231 4336 3325 4388 καὶ
3355 4334 3529 4388 πάντα
3557 4333 3638 4387 δι’

2069 4435 2234 4491 αὑτοῦ
2264 4437 2498 4503 ἐγένετο,
2533 4433 2626 4486 καὶ
2654 4432 2710 4483 ὲν
2745 4428 2890 4499 αὑτῷ
2941 4426 3299 4495 συνέστηκενς
3351 4424 3478 4476 Ἰδοὺ
3520 4421 3646 4492 γὰρ.

2067 4530 2187 4584 καθ’
2213 4530 2354 4600 ὑμᾶς
2384 4529 2477 4582 καὶ
2505 4526 2610 4596 πρὸ
2633 4521 2795 4577 αὑτοῦ
2831 4520 3168 4590 συνειστήκει
3197 4517 3265 4571 τὰ
3301 4517 3456 4588 ἔργα,
3487 4517 3566 4579 εἰς
3594 4513 3641 4567 ἃ.

2091 4684 2134 4716 ³⁸
2174 4681 2385 4738 Baruch
2420 4696 2506 4748 ιιι,
2538 4679 2627 4732 56.
2728 4677 2773 4708 ³³
2792 4674 2952 4730 Prov.
2993 4689 3076 4738 ιιι,
3111 4672 3200 4728 19.
3276 4672 3321 4704 ³⁸
3358 4668 3517 4725 Prov.
3548 4685 3629 4735 ιι,

2065 4902 2369 4972 θόίιί,ἀλλὰ
2393 4901 2498 4972 μὴν
2535 4901 2627 4954 καὶ
2657 4901 2685 4953 ὁ
2712 4901 2892 4972 Aucta.
2923 4897 3046 4953 Mox
3084 4895 3637 4972 Seguer._Gobler_.et

2067 4971 2246 5027 Felck.
2283 4966 2465 5036 1,κὰίί
2485 4973 2580 5035 Τίς
2612 4971 3026 5041 ὁμοιωθήσεται,
3054 4977 3112 5022 ut
3138 4976 3191 5041 et
3219 4967 3500 5041 Psalmista
3529 4966 3635 5041 ha-

2066 5043 2174 5096 bet.
2217 5035 2344 5096 ltem
2391 5041 2568 5096 Felek.
2595 5035 2656 5108 5,
2677 5035 2932 5111 auonjm.
2963 5037 3371 5110 ὁμοιωθήσεται.
3405 5035 3540 5089 Editi
3573 5045 3636 5089 et

2067 5112 2179 5177 alii,
2211 5113 2243 5182 ἢ
2276 5112 2356 5182 τίς
2377 5113 2576 5182 ὅμοιος,

2138 5173 2248 5252 (84)
2289 5173 2422 5251 Reg:
2455 5193 2506 5236 et
2533 5173 2711 5252 Felck.
2743 5179 2797 5252 5,
2827 5177 3061 5252 στρῷτον.
3095 5176 3215 5230 Mox
3256 5173 3474 5242 Segncr.
3514 5175 3633 5229 Go-

2067 5249 2199 5306 bler.
2232 5249 2415 5306 Felck.
2449 5253 2472 5304 1
2505 5263 2559 5305 et
2593 5251 2648 5315 5,
2683 5249 3101 5320 πολυθρύλητον,

2135 5323 2246 5392 (85)
2290 5322 2395 5376 Τοῦ
2421 5321 2672 5392 deest__in_
2710 5315 2927 5392 Gobler.
2977 5315 3031 5392 et
3065 5317 3270 5392 _l“elrk._
3295 5318 3344 5370 1.
3383 5315 3544 5392 Iidem
3572 5325 3632 5368 et

2065 5385 2380 5459 Seguerian.
2420 5391 2549 5460 Reg.
2586 5388 2766 5460 Frlrk.
2799 5389 2831 5442 4
2881 5399 2935 5442 et
2979 5389 3031 5452 5,
3064 5386 3388 5457 Σολομῶνος.
3435 5385 3537 5438 Alii
3571 5394 3633 5439 et

2065 5463 2230 5516 editio
2263 5459 2521 5517 tiommeli
2558 5459 2888 5520 Σαλομῶνος.

2138 5477 2230 5516 ιιιο
2263 5477 2521 5517 Lonnnel.
2558 5477 2692 5513 LaAO
2754 5477 2888 5520 υνος.

2138 5533 2245 5601 (86)
2289 5531 2379 5586 Sic
2431 5533 2653 5601 seguer.
2689 5477 2818 5601 ita.
2850 5528 3064 5601 Golden.
3103 5525 3281 5601 Felek.
3331 5527 3352 5578 1
3390 5536 3440 5579 et
3465 5525 3517 5580 5.
3553 5525 3656 5582 At.

2063 5597 2152 5656 alii
2181 5597 2237 5656 etv
2262 5602 2426 5655 editio
2459 5597 2720 5655 Cotttmel.
2748 5599 2876 5650 αὑτὸ
2901 5599 2956 5650 δὲ
2989 5597 3167 5667 ῥητόν.

2132 5674 2246 5744 (87)
2289 5672 2418 5743 Reg.
2456 5671 2670 5727 Gobler.
2706 5668 2882 5724 Felt‘k.
2918 5670 2938 5723 1
2979 5665 3118 5733 (ιιι,
3150 5665 3477 5744 συνεσςῶτσ.
