3948 6236
299 352 400 411 $.57

1451 346 1706 404 ORATIO
1733 346 1772 402 ll
1801 345 2080 401 CONTRA
2119 344 2441 404 ARIANOS.

3426 357 3538 415 258

298 467 635 535 πανταχόθεν
674 464 955 535 φαίνεσθαι
982 463 1076 517 τοῦ
1118 460 1253 517 εἶναι
1292 463 1380 516 τὸν
1415 465 1582 530 Λόγον
1615 463 1864 534 δεύτερον

1976 477 2116 514 mum
2137 462 2413 517 undelibet
2431 470 2514 517 est
2527 463 2743 516 nonnisi
2763 465 3032 532 posterius
3048 483 3210 537 quam
3231 468 3392 526 fuerit
3408 470 3539 528 Ver-

299 556 546 626 λέγεσθαι
580 558 662 620 τὸ,
686 559 906 619 ἔκτισε,
933 557 1025 609 καὶ
1060 557 1136 619 τὸ,
1165 555 1396 608 ἔπλασε
1447 554 1542 624 (8).
1599 554 1707 607 Καὶ
1759 553 1866 624 γὰρ

301 649 485 718 ὥσπερ
518 648 627 718 πρὸ
647 647 744 716 τῆς
770 646 1016 706 πλάσεως
1037 646 1280 715 ὑπῆρχον
1311 648 1366 698 αἱ
1397 645 1560 715 φυλαὶ
1583 645 1648 698 δι’
1679 645 1743 708 ἃς
1772 644 1866 699 καὶ

299 741 561 810 ἐπλάσθηο
597 739 770 802 οὕτως
791 740 1052 809 ὑπάρχειν
1084 739 1177 792 καὶ
1212 739 1278 792 τά
1317 738 1450 809 ἔργα
1488 738 1755 806 φαίνεται,
1789 740 1867 801 είς

298 831 330 884 ὃ.
365 832 459 884 καὶ
492 829 736 897 ἐκτίσθη.
770 830 878 882 Καὶ
925 831 1012 882 ὅτε
1061 828 1159 898 μὲν
1210 828 1268 881 ἐν
1303 829 1442 898 ἀρχῇ
1491 822 1559 897 ἦν
1600 829 1627 879 6
1672 826 1864 894 Λόγος,

297 920 442 974 οὔπω
473 915 540 990 ἦν
583 920 651 972 τά
700 917 854 990 ἔργα,
904 918 1043 971 καθά
1090 921 1381 990 προεῖπον·
1414 917 1501 969 ὅτε
1541 915 1597 969 δὲ
1625 917 1692 969 τὰ
1733 915 1867 985 ἔργα

297 1015 504 1082 γέγονε,
553 1013 645 1065 καὶ
699 1015 731 1082 ἡ
777 1011 934 1082 χρεία
984 1012 1250 1082 άπῄτησε,
1300 1010 1418 1063 τότε
1470 1009 1551 1072 τὸ,
1605 1010 1864 1070 ἔκτισεν,

295 1106 524 1173 εἴρηται.
563 1103 670 1155 Καὶ
705 1103 892 1175 ὥσπερ
925 1104 989 1158 ἂν
1023 1105 1180 1165 εἴτις
1211 1104 1284 1171 (9)
1314 1103 1445 1164 υἱὸς,
1483 1099 1865 1172 παραπολομέ-

296 1212 396 1245 νων
427 1194 726 1264 κτημάτων
770 1196 865 1248 κα)⁹
908 1197 1056 1266 παρὰ
1090 1195 1367 1264 πολεμίοις
1401 1194 1589 1256 όντων,
1640 1191 1697 1256 ἐξ
1730 1193 1866 1262 ἀμε-

294 1289 436 1349 λείας
455 1286 651 1349 αὐτῶν,
673 1287 859 1355 χρείας
880 1304 938 1340 τε
970 1286 1080 1356 (1Ο)
1100 1286 1510 1356 καταλαϐούσης
1533 1288 1580 1338 εἰ
1599 1285 1869 1354 πέμποιτο

297 1373 442 1441 παρὰ
475 1373 568 1425 τοῦ
605 1375 807 1445 πατρὸς
839 1374 1194 1427 συλλαϐέσθαι
1217 1375 1312 1428 καὶ
1335 1377 1660 1443 συναγαγεῖν
1691 1374 1829 1427 αὑτά
1849 1391 1862 1403 ·

295 1468 386 1518 καὶ
430 1460 585 1528 οὗτος
637 1465 1028 1536 ἀπερχόμενος,
1076 1466 1508 1519 ἐπενδιδύσκοιτο
1547 1467 1642 1537 τὴν
1677 1466 1867 1536 ὁμοίαν

295 1558 518 1610 ἐκείνων
549 1556 768 1626 ἐσθῆτα,
802 1557 894 1609 καὶ
943 1559 1261 1628 σχηματίζοι
1303 1558 1512 1622 ἑαυτὸν,
1539 1557 1611 1620 ὡς
1647 1559 1864 1622 ἐκεῖνοι,

297 1650 378 1701 ἵνα
423 1649 500 1720 μὴ
530 1649 606 1712 ὡς
637 1649 900 1720 δεσπότην
929 1651 1090 1703 αὐτὸν
1120 1651 1429 1717 ἐπιγνόντες
1460 1650 1504 1719 (1
1525 1649 1569 1716 1)
1606 1651 1654 1702 οἱ
1702 1652 1863 1702 κατέ-

295 1759 476 1812 χοντες
512 1740 744 1810 φύγωσι,
782 1743 877 1795 καὶ
908 1741 1123 1812 κωλυθῇ
1157 1743 1432 1794 κατελῐὶεῖν
1462 1747 1554 1796 καὶ
1582 1743 1713 1814 πρὸς
1741 1745 1865 1804 τοὺς

1966 553 2117 617 bum,
2136 553 2249 608 haec
2267 555 2448 620 verba,
2469 555 2681 616 creavit,
2697 567 2750 610 et
2781 556 3026 625 formavit
3045 559 3110 614 de
3131 561 3222 614 illo
3240 566 3533 622 enuntiari.

1963 642 2098 698 Nam
2136 646 2593 714 quemadmodum
2649 655 2940 716 antequam
2973 648 3144 705 Filius
3184 651 3536 725 lm-maretur,

1966 735 2140 791 tribus
2175 737 2530 801 exsistebant,
2563 747 2782 808 propter
2807 754 2947 808 quas
2973 740 3240 798 formatus
3266 744 3378 813 ipse
3413 757 3492 801 est
3521 766 3537 802 :

1967 826 2049 882 sic
2080 827 2242 881 etiam
2275 843 2458 896 opera,
2509 844 2740 898 quorum
2792 845 2958 884 causa
2993 841 3209 887 creatus
3240 842 3342 900 est,
3386 837 3543 905 prius

1967 926 2114 986 patet
2153 919 2446 974 exstitisse.
2494 917 2762 974 Praeterea
2810 935 2936 976 eum
2973 923 3026 976 in
3079 924 3345 994 principio
3393 939 3540 982 esset

1970 1007 2234 1072 Verbum,
2265 1010 2530 1072 nomium,
2568 1020 2624 1063 ut
2673 1010 2807 1073 dixi,
2845 1021 3000 1066 erant
3044 1029 3245 1083 opera:
3277 1031 3400 1070 eum
3436 1031 3540 1071 au-

1969 1105 2074 1151 tem
2129 1097 2268 1152 facta
2315 1108 2442 1153 sunt
2483 1113 2646 1167 opera
2675 1138 2690 1162 ,
2737 1110 2791 1154 et
2837 1101 3015 1172 exegit
3037 1104 3354 1171 necessitas,
3411 1117 3541 1162 tunc

1965 1184 2172 1240 dictum
2212 1196 2315 1255 est,
2351 1191 2566 1243 creavit.
2620 1194 2697 1244 Ac
2738 1194 3198 1260 quemadmodum
3248 1197 3294 1250 si
3341 1197 3544 1267 aliquis

1967 1276 2136 1343 lilius,
2179 1278 2353 1333 servis
2384 1282 2609 1348 perditis
2654 1290 2710 1336 et
2758 1283 2901 1350 apud
2957 1285 3142 1341 hostes
3171 1286 3411 1357 ipsorum
3445 1304 3541 1343 ne-

1967 1368 2226 1438 gligentia
2283 1369 2536 1436 detentis,
2571 1383 2796 1442 cogente
2825 1377 3147 1433 necessitate
3183 1395 3213 1433 a
3241 1390 3393 1449 patre
3424 1381 3543 1436 mit-

1968 1467 2194 1524 teretur,
2228 1469 2287 1514 ut
2321 1461 2442 1516 illos
2471 1462 2752 1532 adjuvaret
2798 1473 2854 1519 et
2903 1468 3206 1535 reduceret,
3239 1470 3436 1540 illeque
3483 1473 3540 1526 in

1967 1551 2162 1606 itinere
2201 1551 2431 1607 similem
2482 1554 2696 1609 illorum
2748 1557 2998 1613 indueret
3044 1572 3270 1628 vestem,
3319 1563 3540 1618 eodem-

1965 1659 2072 1714 que
2105 1660 2168 1698 ac
2213 1645 2289 1698 illi
2331 1661 2389 1700 se
2438 1647 2732 1716 appellaret
2767 1650 3009 1718 nomine,
3052 1668 3119 1706 ne
3153 1651 3294 1708 forte
3336 1655 3413 1720 lii,
3444 1655 3540 1725 qui

1969 1753 2153 1792 servos
2183 1738 2492 1806 retinerent,
2524 1741 2642 1810 ipso
2680 1751 2737 1796 ut
2762 1743 2987 1797 domino
3021 1746 3227 1816 agnito,
3262 1747 3535 1818 fugerent,

297 1834 394 1886 ὑπὸ
428 1835 532 1904 γῆν
577 1834 981 1905 κρυπτομένους
1029 1836 1156 1904 παρ’
1205 1835 1460 1888 ἐκείνων·
1516 1832 1633 1888 εἶτα
1685 1834 1739 1887 εἴ
1778 1853 1861 1898 τις

1976 1832 2191 1902 ipseque
2247 1834 2348 1888 hoc
2392 1845 2550 1901 pacto
2580 1837 2956 1904 prohiberetur
3001 1840 3066 1892 ad
3115 1855 3305 1896 servos
3350 1842 3540 1897 subter

298 1929 612 1982 πυνθάνοιτο
651 1928 837 1980 τούτου
869 1928 1000 1996 (12).
1033 1927 1130 1980 Διὰ
1163 1927 1213 1980 τί
1237 1927 1440 1992 οὖτως;
1471 1929 1498 1980 6
1523 1928 1757 1991 τοιοῦτος
1785 1925 1862 1981 εἷ-

299 2037 392 2072 πεν
423 2020 490 2072 ἄν
535 2019 666 2090 (15)·
717 2020 774 2072 '0
809 2020 988 2091 πατὴρ
1016 2019 1154 2072 οὕτω
1205 2037 1272 2090 με
1307 2019 1504 2072 ἔπλασε
1538 2021 1630 2072 καὶ⁹
1656 2021 1861 2090 κατήρ-

299 2129 439 2164 τισεν
469 2113 546 2174 είς
583 2113 651 2166 τά
677 2111 809 2183 ἔργα
840 2111 1008 2163 αὑτοῦ
1029 2129 1041 2140 ·
1076 2111 1249 2178 λέγων
1285 2128 1345 2164 τε
1372 2109 1563 2175 οὕτως,
1593 2110 1714 2164 οὔτε
1747 2111 1865 2164 δοῦ-

298 2203 380 2255 λον
413 2204 607 2256 ἑαυτὸν
640 2203 761 2257 οὗτε
792 2203 887 2256 ’ένα
917 2203 1021 2255 τῶν
1051 2203 1223 2275 ἔργων
1257 2200 1393 2256 εἶναι
1435 2204 1544 2274 (id)
1577 2205 1826 2276 σημαίνει
1847 2223 1860 2236 ο

299 2296 412 2350 οὔτε
449 2298 507 2350 δὲ
549 2297 647 2366 τὴν
675 2297 848 2368 ἀρχὴν
880 2296 980 2365 τῆς
1023 2298 1283 2364 γενέσεως
1313 2296 1477 2349 αὑτοῦ
1521 2296 1688 2365 λέγει,
1733 2299 1865 2352 ἀλλὰ

299 2390 389 2461 τὴν
425 2388 652 2458 ὕστερον
701 2387 849 2458 αὑτῷ
880 2387 1124 2440 δοθεῖσαν
1158 2391 1235 2450 εἰς
1283 2388 1350 2441 τά
1397 2389 1532 2460 ἔργα
1577 2391 1860 2460 φροντίδα’

299 2481 380 2532 τὸν
422 2480 584 2532 αὑτὸν
623 2479 822 2550 τρόπον
865 2479 958 2531 καὶ
984 2481 1011 2530 6
1038 2479 1260 2550 Κύριος,
1290 2479 1718 2549 ἐπενδυσάμενος
1753 2481 1863 2548 (15)

299 2572 387 2642 τὴν
421 2572 696 2642 ἡμετέραν
731 2571 929 2650 σάρκα,
967 2571 1058 2624 καὶ
1092 2571 1330 2642 σχήματι
1374 2572 1614 2643 εὑρεθεὶς
1655 2572 1730 2635 ὼς
1771 2573 1865 2625 ἄν·

299 2662 526 2731 θρωπος,
558 2664 607 2715 εί
639 2661 936 2733 ὲρωτηθείη
975 2660 1124 2732 παρὰ
1167 2661 1274 2715 τῶν
1307 2661 1477 2725 οὕτως
1509 2662 1668 2715 αὑτὸν
1694 2661 1866 2735 ὁρών-

295 2773 394 2807 των
423 2756 517 2808 καὶ
535 2754 938 2824 θαυμαζόντων,
958 2755 1098 2807 εἴποι
1115 2755 1179 2807 ἄν
1193 2753 1302 2823 (16)
1320 2772 1332 2783 ·
1352 2758 1564 2822 Κύριος
1583 2755 1868 2825 ἕκτισέμε

296 2848 486 2916 ἀρχὴν
527 2846 683 2900 ὁδῶν
703 2847 889 2900 αὑτοῦ
917 2849 1002 2912 εὶς
1035 2848 1177 2915 ἔργα
1204 2848 1390 2901 αὑτοῦ
1410 2865 1422 2877 ·
1450 2849 1563 2900 καίο
1596 2847 1869 2902 Ἔπλασέ

290 2955 362 3006 με
388 2939 493 2993 τοῦ
531 2939 900 3008 συναγαγεῖν
931 2939 1038 2993 τὸν
1091 2938 1354 3007 Ἰσραήλ.
1405 2939 1574 2992 Τοῦτο
1609 2939 1666 2993 δὲ
1710 2939 1868 2993 πάλιν

295 3029 383 3080 καὶ
406 3029 466 3082 τὸ
486 3028 716 3099 Πνεῦμα
752 3032 1120 3100 προσημαίνον
1149 3031 1206 3083 ἐν
1233 3031 1480 3099 Ψαλμοῖς
1513 3029 1686 3097 ἐλεγεο
1722 3033 1870 3084 Κατ-

293 3119 561 3188 έστησας
610 3121 798 3176 αὑτὸν
837 3121 936 3174 ἐπὶ
994 3120 1065 3174 τὰ
1100 3121 1244 3191 ἔργα
1292 3121 1411 3177 τῶν
1445 3122 1658 3192 χειρῶν
1711 3139 1827 3178 σου
1851 3140 1864 3153 ·

1968 1933 2166 1977 terram
2198 1923 2265 1978 ab
2293 1925 2401 1979 illis
2441 1927 2746 1984 occultatos
2777 1929 3032 1984 accedere
3065 1948 3077 1984 :
3115 1930 3159 1984 si
3197 1934 3319 2000 quis
3342 1931 3541 1988 deinde

1966 2014 2034 2068 ab
2061 2029 2126 2070 eo
2155 2015 2546 2082 sciscitaretur,
2575 2034 2744 2087 quare
2776 2019 2851 2075 ita
2875 2019 3098 2091 egisset,
3133 2033 3280 2078 recte
3308 2039 3536 2094 respon-

1965 2104 2160 2160 deret:
2198 2105 2287 2161 Sic
2343 2124 2428 2163 me
2487 2107 2743 2164 formavit
2790 2119 2844 2165 et
2899 2114 3235 2182 comparavit
3281 2125 3433 2182 pater
3480 2115 3542 2169 in

1965 2213 2132 2266 opera
2165 2213 2263 2252 sua
2293 2218 2306 2254 :
2339 2201 2540 2269 quibus
2571 2202 2790 2271 quidem
2822 2203 3002 2258 verbis
3031 2219 3204 2274 neque
3231 2219 3289 2259 se
3321 2221 3538 2260 servum

1966 2297 2061 2344 aut
2083 2306 2249 2344 unum
2289 2307 2357 2345 ex
2388 2293 2644 2362 operibus
2684 2308 2805 2348 esse
2851 2295 3212 2363 signiﬁcaret;
3248 2312 3348 2350 nec
3373 2297 3536 2351 etiam

1967 2380 2050 2434 sui
2095 2391 2248 2435 ortus
2282 2382 2544 2438 indicaret
2591 2384 2939 2454 principium,
2987 2387 3081 2441 sed
3133 2394 3343 2441 tantum
3388 2401 3542 2442 com-

1967 2472 2191 2525 missam
2227 2473 2330 2526 sibi
2367 2484 2553 2541 postea
2595 2491 2819 2544 operum
2855 2492 3067 2532 curam.
3120 2475 3293 2530 Simili
3329 2480 3542 2534 ratione

1967 2563 2012 2616 si
2044 2561 2324 2632 Dominus,
2353 2574 2536 2620 nostra
2569 2567 2755 2621 induta
2783 2583 2946 2623 carne
2973 2569 3037 2632 “,
3066 2578 3120 2623 et
3149 2570 3318 2638 figura
3349 2571 3538 2628 inven-

1967 2663 2054 2708 tus
2087 2663 2147 2708 ut
2198 2656 2382 2722 homo,
2419 2657 2487 2710 ab
2536 2657 2622 2712 liis
2655 2658 3083 2730 interrogaretur
3115 2662 3208 2731 qui
3245 2663 3422 2732 ipsum
3469 2679 3540 2718 eo

1969 2748 2023 2800 in
2084 2759 2230 2802 s:atu
2288 2749 2593 2818 suspiciunt
2638 2760 2694 2805 et
2745 2753 3105 2818 admirantur,
3139 2757 3540 2823 responderet:

1967 2837 2225 2892 Dominus
2261 2843 2454 2894 creavit
2493 2858 2575 2896 me
2596 2843 2809 2896 initium
2847 2846 3048 2898 uiarum
3071 2862 3286 2900 suarum
3308 2849 3360 2902 in
3382 2863 3546 2916 opera

1967 2946 2089 2997 sua,
2138 2940 2193 2986 et
2220 2947 2232 2981 :
2264 2930 2537 2988 Formavit
2562 2952 2641 2989 me
2662 2946 2718 2989 ut
2760 2953 3128 3008 congregare»:
3164 2938 3358 2996 Israel.
3395 2939 3541 2996 Idem

1968 3030 2147 3076 autem
2185 3022 2300 3092 ipse
2351 3039 2569 3095 quoque
2623 3025 2860 3096 Spiritus
2906 3029 2963 3085 in
3010 3029 3244 3086 Psalmis
3290 3046 3538 3101 praenun-

1971 3113 2113 3168 tians
2142 3114 2360 3170 aiebat:
2387 3114 2724 3172 Constituisti
2761 3136 2880 3174 eum
2921 3136 3076 3191 super
3113 3138 3268 3191 opera
3290 3139 3543 3176 manuum

291 3214 419 3286 ὅπερ
450 3216 548 3269 κα)⁵
577 3216 706 3286 περὶ
735 3215 926 3268 ἐαυτοῦ
966 3216 1242 3288 σημαίνων
1276 3216 1438 3279 αὐτὸς
1465 3216 1576 3285 (17)
1606 3217 1634 3268 6
1663 3215 1866 3288 Κύριός

1976 3213 2184 3258 tuarum
2233 3203 2279 3237 “
2305 3223 2320 3260 :
2361 3209 2504 3276 quod
2539 3217 2595 3264 et
2628 3208 2894 3267 Dominus
2920 3212 2987 3268 de
3013 3213 3194 3283 seipso
3223 3213 3309 3268 his
3339 3215 3540 3270 conﬁr-

294 3321 482 3376 φησιν*
537 3306 686 3376 Ἐγὼ
723 3306 791 3360 δὲ
831 3307 1205 3374 κατεστάθην
1224 3307 1524 3373 βασιλεὺς
1556 3307 1657 3360 ὑπ’
1679 3308 1863 3362 αὑτοῦ

290 3399 385 3452 ἐπὶ
417 3398 577 3453 Σιὼν
605 3399 741 3467 ὅρος
762 3398 828 3451 τὸ
861 3399 1028 3467 ἅγιον
1053 3400 1236 3453 αὐτοῦ
1255 3416 1267 3428 ·
1299 3399 1486 3471 ὥσπερ
1518 3399 1594 3463 δὲ,
1653 3401 1740 3452 ὅτε
1770 3402 1866 3452 ἐπ-

292 3491 498 3561 έλαμψε
526 3489 852 3561 σωματικῶς
869 3494 931 3561 τῇ
964 3490 1119 3554 Σιὼν,
1152 3492 1250 3544 οὐκ
1279 3491 1449 3562 ἀρχὴν
1479 3487 1622 3562 εἶχεν
1652 3491 1761 3562 (18)
1787 3487 1866 3543 εἷ-

289 3599 370 3634 ναι
401 3582 530 3634 οὐδὲ
571 3581 666 3634 τοῦ
715 3581 1049 3648 βασιλεύεινο
1083 3581 1216 3635 ἀλλὰ
1257 3581 1333 3634 ὢν
1378 3583 1549 3651 Λόγος
1594 3583 1687 3636 τοῦ
1731 3583 1864 3636 Θεοῦ

291 3673 378 3724 καὶ
418 3671 600 3734 ἀΐδιος
649 3670 919 3740 βασιλεὺς,
972 3671 1305 3742 κατηξίωσεν
1354 3672 1706 3744 ἀνθρωπίνως
1746 3675 1869 3725 ἐπι-

288 3763 492 3833 λάμψαι
548 3762 646 3833 τὴν
695 3762 970 3832 βασιλείαν
1017 3763 1207 3817 ἐαυτοῦ
1253 3763 1363 3833 (19)
1397 3765 1490 3817 καὶ
1528 3765 1584 3817 ἐν
1611 3767 1677 3835 τῇ
1710 3765 1866 3829 Σιὼν,

289 3856 385 3918 ινα,
427 3857 548 3910 ἀπὸ
582 3856 682 3926 τῆς
731 3855 1114 3927 βασιλευούσης
1145 3859 1202 3909 ἐν
1239 3857 1420 3920 αὐτοῖς
1467 3857 1734 3929 ἁμαρτίας
1781 3857 1872 3910 λυ-

284 3949 644 4021 τρωσάμενος
691 3945 887 4010 αὐτούς
931 3965 986 4000 τε
1027 3947 1119 4002 καὶ
1159 3949 1324 4017 ἡμᾶς,
1373 3949 1571 4018 ποιήσῃ
1623 3947 1728 4000 ὑπὸ
1772 3946 1870 4018 τὴν

283 4041 568 4112 πατρικὴν
604 4039 878 4110 βασιλείαν
923 4039 1146 4092 ἐαυτοῦο
1192 4039 1334 4092 οὓτω
1371 4038 1766 4108 καθιστάμενος
1791 4042 1871 4103 είς

280 4131 343 4184 τὶ
370 4132 532 4202 ἔργα,
580 4132 680 4183 οὐκ
725 4133 803 4192 εἰς
849 4129 916 4182 τὰ
965 4131 1186 4201 μηδέπω
1214 4130 1360 4191 ὅντα,
1397 4129 1510 4181 ἀλλ’
1545 4130 1624 4192 είς
1661 4132 1729 4181 τὰ
1768 4129 1868 4200 ἤδη

278 4223 402 4276 ὂντα
435 4225 535 4276 καὶ
582 4222 810 4292 δεόμενα
833 4221 1166 4293 διορθώσεως
1192 4221 1531 4275 καθίσταται.

346 4315 432 4368 55.
461 4316 539 4367 Τὸ
576 4314 709 4384 ἄρα,
733 4313 955 4376 ἔκτισε,
988 4312 1082 4364 καὶ
1112 4313 1190 4376 τὸ,
1223 4311 1478 4378 ἔπλασε,
1504 4311 1596 4364 καὶ
1625 4313 1706 4374 τὸ,
1735 4329 1872 4366 κατ-

345 4494 391 4528 “
429 4495 687 4566 Philipp.
722 4511 782 4558 ιι,
815 4494 867 4548 8.
944 4495 988 4525 ⁸⁵
1014 4493 1156 4548 Psal.
1184 4510 1302 4559 vm,
1331 4494 1386 4548 7.
1465 4493 1509 4524 “
1550 4492 1694 4547 Psal.
1718 4509 1778 4559 ll,
1811 4494 1864 4548 6.

1971 3303 2084 3349 mat
2115 3295 2295 3351 verbis
2326 3313 2340 3350 :
2377 3296 2490 3368 Ego
2543 3312 2721 3355 autem
2748 3305 3065 3359 constitutus
3096 3323 3214 3359 sum
3258 3323 3349 3360 rea:
3392 3307 3456 3361 ab
3481 3322 3541 3361 eo

1970 3403 2126 3456 super
2153 3385 2282 3441 Sion
2325 3400 2553 3444 montem
2571 3404 2812 3448 sanctum
2843 3396 2958 3465 ejus
2993 3396 3056 3450 “.
3090 3395 3258 3452 Porro
3280 3398 3541 3468 quemado

1971 3477 2190 3533 modum
2225 3495 2350 3534 cum
2385 3483 2558 3537 monti
2603 3483 2732 3539 Sion
2760 3501 2990 3556 corpore
3035 3487 3233 3557 illuxit,
3269 3497 3398 3544 tunc
3429 3505 3537 3544 non

1972 3568 2198 3640 inctepit
2247 3587 2370 3628 esse
2409 3583 2504 3628 aut
2554 3589 2781 3644 regnare
2825 3595 2838 3631 :
2895 3578 2988 3632 sed
3045 3595 3169 3634 cum
3224 3589 3371 3635 esset
3425 3581 3542 3648 ipse

1973 3658 2209 3716 Verbum
2229 3671 2287 3718 et
2313 3678 2406 3718 rex
2439 3665 3158 3734 sempiternus,humaniter
3186 3671 3358 3724 voluit
3379 3684 3544 3725 suum

1970 3770 2196 3822 regnum
2229 3757 2450 3814 illucere
2480 3775 2696 3830 quoque
2737 3762 2792 3814 in
2826 3760 2979 3827 Sion,
3013 3770 3073 3816 ut
3111 3761 3317 3816 scilicet
3358 3771 3412 3814 et
3441 3775 3541 3815 nos

1970 3856 2024 3902 et
2055 3847 2178 3904 illos
2208 3865 2238 3904 a
2264 3861 2506 3920 peccato,
2539 3853 2682 3922 quod
2716 3853 2770 3906 in
2802 3853 2881 3907 eis
2938 3853 3220 3923 regnabat,
3265 3852 3427 3924 412
3455 3868 3542 3905 re-

1971 3939 2218 4007 dimeret,
2270 3951 2325 3997 et
2373 3943 2426 3996 in
2459 3952 2742 4013 paternum
2778 3945 2860 3999 sui
2893 3945 3180 4015 imperium
3230 3946 3538 4015 redigeret:

1971 4049 2080 4103 qua
2111 4035 2298 4104 utique
2346 4036 2555 4090 ratione
2595 4037 2649 4091 in
2703 4053 2866 4107 opera
2914 4048 2997 4093 est
3039 4038 3394 4105 constitutus,
3431 4053 3544 4092 non

1976 4139 2098 4195 quae
2144 4127 2385 4180 nondum
2433 4138 2640 4195 essent,
2677 4131 2769 4184 sed
2803 4145 2925 4199 quae
2951 4130 3065 4200 jam
3111 4131 3457 4194 exsisterent,
3487 4137 3544 4183 et

1975 4225 2350 4281 emendatione
2379 4227 2684 4297 indigerent

2052 4315 2140 4370 55.
2227 4315 2392 4386 Igitur
2436 4318 2520 4373 hae
2573 4319 2859 4386 dictiones,
2896 4319 3113 4382 ereavit,
3164 4319 3432 4389 formavit,
3487 4326 3542 4372 et

347 4679 423 4745 (8)
462 4677 804 4750 Seguerian.
865 4676 1177 4734 Goblerian.
1232 4677 1374 4732 Felc.
1429 4678 1482 4741 1,
1534 4676 1863 4732 πεπλάσθαι.

1976 4667 2136 4740 Editi,
2183 4681 2404 4733 εἴποιεν.
2427 4678 2567 4750 Ibid.
2609 4677 2928 4750 Seguerian.
2961 4678 3272 4734 Goblerian.
3305 4686 3360 4733 et
3392 4677 3537 4732 Felc.

277 4752 375 4806 Alii
400 4760 454 4804 ct
480 4747 652 4816 editi,
691 4747 912 4801 ἔπλασε.

343 4824 418 4893 (9)
465 4821 565 4876 Sic
601 4821 836 4893 Seguer.
867 4817 1077 4893 Anglic.
1112 4816 1326 4893 Gobler.
1363 4816 1507 4893 lielc.
1555 4817 1580 4870 1
1619 4825 1682 4893 et
1799 4819 1869 4872 At

277 4886 411 4948 editi.
445 4903 502 4946 et
547 4886 901 4960 ειΙίἰίῶσπερ
939 4886 1002 4960 ᾷν
1049 4905 1151 4960 τις.
1190 4887 1327 4960 Ibid.
1378 4886 1600 4960 Seguer.
1644 4886 1862 4960 Gobler.

279 4965 416 5020 [ἕεις.
453 4965 478 5018 1
516 4974 579 5019 el,
610 4963 676 5026 5,
723 4957 1200 5032 παραπολομὲνων.
1241 4958 1388 5014 Felc.
1427 4957 1482 5024 4,
1518 4958 1868 5030 παραπολλυο

345 5054 452 5090 νων
458 5075 473 5089 .

505 5103 853 5177 Seguer._et
884 5098 1030 5154 Felc.
1063 5099 1115 5165 ι,
1162 5099 1348 5177 χρείας
1371 5099 1448 5177 δέ.
1493 5097 1635 5152 eam
1673 5105 1735 5177 et
1760 5097 1874 5177 alii,

278 5165 462 5252 χρείας
511 5165 618 5252 es:
672 5171 966 5252 lbid.mss.
1010 5165 1223 5238 omnes,
1276 5173 1326 5224 εί
1357 5170 1645 5240 πέμποιτο.
1694 5165 1875 5222 Editio

278 5242 548 5303 ῧῖιιιιηιρι.
588 5243 808 5299 omittit
841 5242 910 5292 εί.

343 5321 457 5391 (ll)
506 5314 848 5391 Seguerian.
877 5310 1034 5363 αὑτὸν
1066 5309 1396 5391 ἐπιγνόντες.
1419 5309 1614 5391 (ἔξιθι-1
1643 5318 1695 5390 et
1719 5310 1872 5391 editi,

281 5379 484 5445 ἑαυτῶν
519 5379 1016 5451 ἐπιγινώσκῳτες,
1071 5379 1194 5434 Mox
1225 5380 1448 5448 Seguer.
1483 5379 1793 5434 Goblerian.
1822 5388 1877 5435 ct

281 5461 415 5516 Felc.
455 5461 509 5522 1,
541 5450 662 5510 ὑπὸ
697 5453 818 5522 γῆν.
849 5450 990 5504 Editi
1015 5460 1068 5503 et
1093 5451 1203 5515 alii,
1231 5451 1487 5522 suum,

347 5530 459 5605 (l2)
497 5518 852 5605 'Seguerian.
902 5523 1276 5605 ἐπυνθάνετο..
1305 5518 1614 5605 Mdg-idem
1645 5528 1697 5574 et
1728 5518 1863 5605 Reg.

279 5589 362 5657 διά
389 5589 684 5659 τίόὖτῶς,
743 5593 772 5645 6
808 5591 1067 5655 τοιοῦτος,
1110 5602 1217 5645 etc.
1263 5589 1316 5643 In
1347 5590 1503 5644 editis
1546 5605 1674 5643 vero
1722 5589 1865 5643 nulla

281 5672 683 5741 interponitur_
727 5661 1229 5741 distincti-o._Edit.
1293 5659 1553 5714 Commel.
1607 5661 1866 5714 mendose

281 5732 566 5816 praeterea
586 5735 781 5816 habet,
814 5733 903 5814 διά
930 5733 988 5784 τὸ
1016 5732 1203 5816 Ξῦτωῆ

343 5798 461 5889 (15)
507 5811 609 5880 Sic
645 5805 976 5874 Seguerian.
1016 5801 1144 5873 Reg.
1181 5801 1398 5858 Gobler.
1444 5798 1592 5855 Felc.
1629 5798 1654 5853 1
1709 5809 1763 5854 et
1809 5799 1861 5854 ι.

1975 4751 2029 4816 1,
2060 4751 2419 4822 κατήρτησεν.
2438 4749 2668 4822 Βοιαι,
2692 4749 3025 4822 κατήγαγεν.

2047 4819 2158 4892 (14)
2186 4815 2374 4886 Ἐῐνάι,
2419 4821 2570 4875 deest
2599 4821 2654 4875 in
2693 4815 3043 4891 Seguer.-qui
3082 4833 3232 4882 mox,
3263 4816 3362 4886 τῆς
3392 4815 3544 4884 γενέ-

1976 4892 2421 4970 σεφὶέαέτοῦο.
2569 4961 2602 4970 -
2906 4959 2997 4970 ...
3093 4960 3107 4970 .
3247 4957 3333 4970 ..
3452 4955 3475 4970 .

2006 4961 2157 5084 άμὸ)
2200 4959 2516 5032 Seguerian.
2563 4960 2874 5017 Goblerian.
2906 4959 3052 5016 Felc.
3087 4960 3110 5013 1
3155 4967 3210 5014 et
3235 4957 3289 5023 4,
3316 4957 3544 5009 ἐπενδυ-

2047 5049 2223 5084 μενος.

1973 5048 2223 5095 σαμενος.

2004 5049 2422 5223 ῖῧείῖἰςὲθειιει.
2451 5110 2507 5157 et
2541 5100 2688 5157 Felc.
2728 5101 2784 5166 4,
2820 5099 3023 5154 εἴποιεν
3055 5100 3140 5154 ἄν.
3173 5097 3313 5151 Editi
3345 5104 3398 5150 et
3423 5095 3536 5161 alii,

2026 5189 2115 5223 ποι
2187 5189 2234 5223 ν.

1971 5173 2115 5226 εῐποι
2149 5173 2234 5227 ἄν.

2042 5243 2154 5311 (l7)
2194 5242 2365 5295 Αὐτόν
2392 5241 2547 5296 abest
2577 5256 2605 5294 a
2639 5240 2954 5310 Seguerian.

2042 5305 2152 5382 (18)
2195 5312 2286 5370 Sic
2319 5312 2639 5382 Seguerian.
2671 5305 2977 5382 Golilerian.
3000 5306 3181 5382 _li'elc._
3217 5305 3266 5366 1,
3307 5307 3339 5360 4
3373 5314 3431 5382 et
3479 5307 3535 5382 5,

1970 5375 2062 5451 qui
2099 5375 2342 5448 ultimus,
2367 5375 2441 5433 ὓῖν
2469 5382 2700 5449 όΛόγος.
2731 5380 2834 5451 Alii
2864 5390 2916 5432 et
2948 5378 3112 5432 editio
3142 5375 3407 5430 Commel.
3437 5378 3539 5429 οὐκ

1969 5449 2142 5523 ἀρχὴν
2175 5451 2338 5522 εἶχεν,
2375 5452 2508 5526 ἀλλὰ
2631 5453 2658 5502 6
2687 5449 2882 5526 ῥόχθει
2970 5525 2973 5526 ν
3019 5516 3032 5526 _
3099 5518 3111 5526 ,
3259 5515 3284 5526 _,
3343 5515 3376 5526 Α
3438 5525 3443 5526 ν
3519 5515 3532 5526 ,

2043 5515 2154 5591 (19)
2196 5515 2417 5591 Ségtier.
2447 5522 2663 5591 Gobler:
2687 5519 2826 5572 Felc.
2862 5518 2886 5569 1
2927 5525 2981 5591 et
3006 5516 3058 5591 4,
3095 5515 3536 5591 ἐπιπνεῖ-(Σέρρετὶ

1972 5602 2025 5648 et
2051 5584 2201 5654 editi,
2234 5584 2416 5645 αὖτοῦ.
2467 5590 2597 5643 Ibid.
2631 5589 2853 5656 Seguer.
2903 5588 2994 5639 καὶ
3037 5589 3093 5639 ἐν
3126 5590 3187 5656 τῇ
3236 5587 3392 5638 Σιών.
3428 5584 3538 5640 Go—

1973 5664 2107 5717 bler.
2164 5662 2306 5715 Felc.
2340 5663 2361 5712 1
2419 5669 2472 5712 et
2502 5661 2554 5718 4,
2591 5659 2683 5712 καὶ
2726 5659 2782 5713 ἐν
2826 5659 2894 5727 γῇ
2931 5656 3086 5711 Σιών.
3141 5658 3279 5711 hditi
3317 5671 3442 5711 vero
3483 5662 3541 5710 et

1973 5733 2085 5801 alii,
2111 5730 2272 5786 αὐτοῦ
2305 5728 2397 5784 καὶ
2419 5733 2483 5800 τῇ
2510 5728 2656 5784 Σιών.
