3948 6236
295 364 396 422 269

1432 356 1694 414 ORATIO
1742 357 1784 411 II
1824 354 2104 414 CONTRA
2142 350 2461 409 ABIANOS.

3448 355 3550 409 9.70

305 499 445 544 σου,
479 472 554 549 ἧς
586 476 825 543 ἐκτήσω
849 478 948 531 ἀπ’
986 475 1200 546 ἀρχῆς.
1231 474 1396 545 Δῆλον
1424 475 1480 528 δέ
1510 475 1657 527 ἐστιν
1696 475 1776 527 ὃτι
1815 472 1876 525 τὸ

1989 470 2179 526 Memor
2201 478 2311 524 esto
2328 469 2746 539 congregationis
2765 479 2870 522 tutu
2890 485 3046 539 quam
3063 467 3343 540 possedisti
3361 491 3392 526 α
3408 475 3555 532 prin-

239 635 246 646 .
305 575 424 627 κατ’
454 570 646 640 ἀρχὰς
687 570 971 641 γινόμενον
996 569 1170 641 ἀρχὴν
1193 567 1304 638 ἔχει
1334 567 1426 620 τοῦ
1454 565 1759 630 κτίζεσθαι,
1785 564 1881 618 καὶ

302 667 380 718 ὅτι
411 663 509 732 τὴν
545 661 870 731 συναγωγὴν
901 658 1009 712 άπύ
1049 673 1194 720 τινος
1229 656 1406 727 ἀρχῆς
1444 657 1712 726 ἐκτήσατο
1764 654 1878 725 (7i)

232 759 242 790 -'
303 757 329 808 ὁ
357 755 506 816 θεός.
543 753 668 805 Ὀτι
699 751 756 805 δὲ
784 751 844 804 τὸ
865 791 879 815 ,
925 751 1020 803 Ἐν
1047 748 1204 818 ἀρχῇ
1233 748 1542 816 ἐποίησεν,
1571 747 1636 800 ὲκ
1661 746 1757 800 τοῦ
1790 746 1880 800 λὲο

301 864 432 916 γειν,
454 846 770 915 ἐποίησεν,
796 845 858 898 τὸ
886 843 1108 913 ἤρξατο
1136 841 1329 896 ποιεῖν
1375 843 1543 906 ἐστιν,
1567 841 1727 905 αὐτὸς
1749 840 1879 894 Μω-

305 937 399 1005 σῆς
422 937 582 989 τοῦτο
603 937 753 1008 δηλοί
780 934 917 1007 μετὰ
942 933 1040 1005 τὴν
1061 933 1174 1004 (72)
1207 932 1314 986 τῶν
1337 933 1552 987 πάντων
1574 932 1876 1003 τελεσιουρ-

303 1030 421 1097 γίαν
443 1027 620 1095 λέγων
637 1046 651 1060 ·
669 1028 778 1082 Καὶ
802 1029 1140 1096 εὐλόγησεν
1160 1030 1192 1080 ὁ
1216 1024 1359 1092 Θεὸς
1377 1024 1490 1093 τὴν
1509 1024 1735 1095 ἡμέραν
1765 1023 1878 1092 τὴν

299 1120 573 1190 ἑϐδόμην,
598 1119 696 1173 καὶ
725 1119 976 1189 ἡγίασεν
995 1117 1208 1186 αὐτὴν,
1225 1118 1312 1171 ὅτι
1331 1117 1400 1171 ἐν
1420 1110 1574 1187 αὐτῇ
1594 1115 1879 1172 κατέπαυ-

299 1229 410 1266 σεν
446 1212 568 1268 ἀπὸ
597 1211 839 1266 πάντων
865 1211 983 1265 τῶν
1007 1211 1195 1282 ἔργων
1217 1209 1404 1264 αὐτοῦ
1423 1249 1439 1275 ,
1472 1203 1561 1264 ὧν
1583 1209 1805 1278 ἤρξατο
1844 1211 1876 1262 ὀ

311 1306 455 1372 Θεὸς
471 1303 738 1373 ποιῆσαι.
771 1304 979 1358 Οὐκοῦν
1003 1303 1072 1358 τὰ
1105 1304 1202 1375 μὲν
1230 1301 1503 1374 κτίσματα
1533 1303 1734 1375 ἤρξατο
1761 1300 1874 1372 (73)

299 1393 570 1463 γίνεσθαιο
604 1396 633 1448 ὁ
663 1394 720 1447 δὲ
747 1393 841 1447 τοῦ
874 1392 1009 1447 Θεοῦ
1043 1393 1246 1462 Λόγος,
1279 1393 1379 1447 ούκ
1412 1392 1550 1464 ἔχων
1575 1392 1750 1465 ἀρχὴν
1781 1391 1874 1446 τοῦ

300 1483 460 1551 εἶναι,
495 1486 721 1550 εἰκότως
747 1487 848 1541 ούκ
873 1485 1075 1558 ἡρξατο
1102 1485 1194 1540 τοῦ
1229 1482 1387 1555 εἶναι,
1413 1487 1531 1541 οὐδὲ
1560 1486 1759 1558 ἤρξατο
1791 1485 1874 1555 γι-

297 1580 500 1643 νεσθαι,
532 1578 644 1632 ἀλλ’
659 1574 726 1651 ἦν
750 1579 855 1634 ἀεί.
887 1579 996 1633 Καὶ
1020 1577 1088 1632 τά
1112 1579 1208 1650 μὲν
1237 1578 1372 1650 ἔργα
1387 1578 1558 1650 ἀρχὴν
1582 1580 1640 1632 ὲν
1661 1577 1738 1650 τῷ
1761 1596 1876 1631 ποι-

297 1672 470 1725 εῖσθαι
499 1671 613 1741 ἔχει
633 1711 648 1734 ,
671 1671 764 1725 καὶ
781 1669 1010 1742 προάγει
1028 1669 1138 1724 τῶν
1165 1671 1465 1742 γινομένων
1497 1673 1530 1742 ἡ
1562 1672 1702 1742 άρχή
1719 1687 1734 1703 ·
1767 1672 1796 1724 ὁ
1819 1670 1874 1724 δὲ

297 1761 486 1828 Λόγος,
513 1761 613 1814 οὐκ
642 1759 716 1813 ὢν
734 1760 842 1813 τῶν
859 1759 1181 1830 γινομένων,
1208 1759 1406 1832 μᾶλλον
1433 1760 1542 1814 τῶν
1568 1760 1739 1833 ἀρχὴν
1761 1761 1872 1832 (74)

1986 561 2124 630 cipio
2139 560 2205 615 “.
2232 558 2572 614 Manifestum
2601 569 2782 613 autem
2805 571 2888 614 est
2915 561 2966 615 id
2997 562 3139 631 quod
3172 562 3232 617 ﬁt
3270 566 3554 618 secundum

1985 651 2268 720 principia,
2289 649 2612 719 principium
2641 649 2839 704 habere
2857 665 2919 704 ex
2939 665 3049 720 quo
3067 662 3301 718 creatur,
3314 662 3368 708 et
3385 653 3552 708 Deum

1985 742 2459 812 congregationem
2495 741 2564 796 ah
2585 739 2770 810 aliquo
2796 742 3105 811 possedisse
3133 743 3552 812 principioJatn

1983 833 2127 903 quod
2162 833 2276 889 haec
2304 833 2489 894 verba.
2514 831 2579 886 In
2616 834 2873 903 principio
2893 834 3038 903 fecit,
3068 850 3134 889 ex
3161 850 3229 890 eo
3251 837 3395 905 quod
3416 837 3522 892 dici
3541 867 3554 878 -

1985 936 2092 993 tur,
2117 926 2262 996 fecit,
2296 925 2436 981 idem
2472 926 2543 982 sit
2567 941 2630 980 ac
2661 927 2813 996 coepit
2838 926 3029 996 facere,
3055 928 3171 996 ipse
3202 928 3362 983 docet
3401 926 3555 998 Moy-

1984 1032 2094 1080 ses,
2125 1017 2216 1086 qui
2243 1025 2365 1087 post
2390 1016 2694 1071 absolutam
2736 1032 2916 1071 rerum
2951 1017 3198 1072 omnium
3221 1018 3552 1074 creationem

1982 1108 2062 1162 sic
2089 1107 2352 1178 loquitur:
2383 1106 2449 1160 Et
2474 1107 2734 1162 benedixit
2763 1105 2898 1161 Deus
2931 1107 3037 1161 diei
3079 1108 3318 1178 septimo,
3349 1119 3399 1163 et
3431 1124 3554 1162 san—

1981 1199 2232 1269 ctiﬁcavit
2249 1198 2420 1265 illum,
2442 1199 2566 1270 quia
2584 1199 2640 1252 in
2660 1199 2772 1267 ipso
2795 1208 3085 1254 cessaverat
3102 1199 3166 1252 ab
3183 1201 3423 1256 omnibus
3436 1217 3556 1271 ope-

1983 1289 2130 1343 ribus
2154 1291 2266 1344 suis
2284 1305 2401 1359 qua:
2429 1291 2578 1359 coepit
2594 1289 2729 1344 Deus
2757 1290 2929 1359 facere
2947 1290 3017 1346 ⁸³.
3039 1290 3225 1362 Itaque
3251 1306 3338 1347 res
3362 1301 3558 1348 creata

1979 1382 2144 1454 416
2160 1383 2272 1438 ﬁeri
2291 1391 2589 1452 cmperunt.
2609 1381 2674 1437 At
2693 1381 2784 1437 Dei
2803 1381 3038 1438 Verbum
3058 1398 3182 1440 cum
3201 1385 3555 1456 principium,

1981 1491 2045 1529 ex
2079 1490 2188 1546 quo
2214 1476 2304 1542 sit,
2323 1476 2529 1530 nullum
2565 1475 2780 1541 habeat,
2809 1477 3004 1532 merito
3034 1492 3136 1533 nec
3165 1493 3286 1534 esse
3310 1494 3412 1535 nec
3437 1478 3554 1534 ﬁeri

1982 1569 2165 1636 coepit,
2184 1569 2274 1624 sed
2297 1583 2510 1638 semper
2527 1567 2649 1622 fuit.
2668 1567 2840 1638 Opera
2862 1569 3025 1640 igitur
3043 1569 3394 1640 principium,
3423 1586 3548 1626 cum

1982 1659 2138 1724 ﬁunt,
2173 1661 2392 1725 habent,
2432 1660 2577 1732 quod
2611 1660 2828 1731 quidem
2859 1662 3185 1733 principium
3220 1661 3408 1726 rebus,
3433 1679 3557 1732 quae

1973 1753 2137 1818 .tiunt,
2161 1752 2312 1823 prius
2340 1761 2424 1808 est
2453 1751 2724 1809 :Verbum
2758 1763 2938 1810 autem
2963 1771 3087 1810 cum
3119 1771 3227 1811 non
3263 1755 3336 1812 sit
3359 1771 3426 1810 ex
3456 1773 3556 1810 nu-

298 1854 530 1923 ἐχόντων
556 1853 719 1916 αύτδς
732 1852 1058 1925 δημιουργὸς
1072 1853 1300 1922 γίνεται.
1333 1855 1441 1908 Καὶ
1463 1853 1572 1910 τῶν
1599 1854 1698 1925 μὲν
1723 1871 1877 1925 γενη-

1989 1862 2132 1900 mero
2149 1861 2326 1902 rerum
2352 1861 2472 1916 quae
2497 1847 2655 1913 ﬁunt,
2675 1848 2790 1917 ipse
2811 1848 2989 1917 potius
3011 1863 3192 1904 rerum
3226 1849 3553 1919 principium

295 1945 404 1997 τῶν
433 1946 494 1997 τὸ
529 1940 668 1999 εἶναι
701 1947 758 1998 ὲν
781 1943 858 2015 τῷ
883 1944 1127 2012 γίνεσθαι
1156 1945 1566 2018 μετρεῖται,καὶ
1596 1946 1704 2000 άπό
1728 1963 1871 2010 τινος

296 2037 466 2107 ἀρχῆς
495 2037 723 2108 ἄρχεται
747 2033 922 2089 ταῦτα
937 2035 1024 2090 διὰ
1040 2035 1132 2091 τοῦ
1146 2037 1320 2106 Λόγου
1339 2038 1453 2108 (75)
1476 2041 1650 2092 ποιεῖν
1669 2039 1698 2091 ὁ
1717 2037 1869 2102 Θεὸς,

299 2128 383 2181 ἴνα
406 2132 499 2182 καὶ
519 2129 670 2200 τὸμὴ
697 2124 856 2195 εἶναι,
871 2130 998 2200 πρὶν
1014 2129 1285 2198 γενέσθαι,
1315 2129 1490 2184 ταῦτα
1517 2130 1868 2202 γινώσκηται·

293 2221 391 2274 ὅδὲ
419 2222 593 2290 Λόγος
628 2222 687 2274 τὸ
722 2217 860 2275 εἶναι
889 2221 986 2274 ούκ
1009 2223 1066 2276 ὲν
1083 2221 1216 2294 ἄλλῃ
1247 2223 1387 2294 ἀρχῇ
1413 2221 1546 2294 ἔχει,
1567 2222 1678 2279 ἀλλ’
1711 2224 1769 2276 ὲν
1795 2221 1874 2293 τῷ

296 2314 496 2384 Πατρὶ,
521 2313 602 2384 τῷ
627 2314 720 2368 καὶ
739 2314 860 2366 κατ’
887 2313 1124 2378 ἐκείνους
1146 2313 1258 2382 (76)
1281 2313 1522 2387 άνάρχῳ,
1550 2315 1637 2370 ἵνα
1657 2315 1751 2368 καὶ
1777 2314 1873 2367 αύ-

292 2405 380 2469 τὺς
425 2405 678 2478 άνάρχως
716 2406 934 2478 ὑπάρχῃ
979 2407 1038 2460 ὲν
1059 2405 1137 2477 τῷ
1166 2407 1374 2479 Πατρὶ,
1409 2406 1657 2479 γέννημα
1681 2407 1776 2462 καὶ
1811 2406 1871 2458 ού

296 2499 498 2570 κτίσμα
524 2498 807 2570 τυγχάνων
836 2498 1022 2555 αὐτοῦ.

360 2761 447 2818 58.
475 2762 665 2828 Οὕτως
688 2765 794 2836 ἄρα
818 2765 852 2835 ή
874 2763 992 2820 θεία
1013 2764 1202 2839 Γραφὴ
1227 2766 1324 2839 τὴν
1344 2765 1606 2840 διαφοράν
1627 2765 1722 2819 τοῦ
1749 2749 1873 2834 γενέ

292 2857 525 2928 νήμτος
546 2851 656 2910 οἶδε
682 2859 774 2911 καί
796 2857 904 2910 τῶν
933 2859 1270 2931 ποιημάτων,
1292 2860 1386 2914 καὶ
1413 2859 1474 2913 τὺ
1508 2860 1606 2932 μὲν
1631 2862 1876 2935 γέννημα

296 2947 418 3029 Υίρν
441 2991 454 3012 ,
485 2949 588 3001 οὐκ
632 2949 739 3002 {ubi
770 2967 915 3013 τινος
967 2951 1140 3022 ἀρχῆς
1181 2950 1516 3024 ἀρξάμενον,
1565 2951 1680 3005 ἀλλ’
1708 2954 1878 3008 ἀΐδιον

293 3037 527 3091 δείκνυσι
547 3054 562 3067 ⁶
586 3038 648 3091 τὸ
670 3039 726 3092 δὲ
753 3040 986 3110 ποίημα,
1010 3040 1085 3104 ὡς
1113 3039 1310 3104 ἔξωθεν
1340 3041 1498 3114 ἔργον
1525 3041 1619 3095 τοῦ
1646 3060 1878 3115 πεποιη-

293 3131 443 3193 adeo;
460 3130 750 3201 τυγχάνον,
768 3130 1072 3204 ἀρξάμενον
1087 3133 1181 3186 τοῦ
1199 3133 1445 3201 γίνεσθαι
1468 3135 1722 3205 σημαίνει
1740 3135 1875 3206 (77).

1981 1936 2298 1991 habentium
2315 1936 2537 1992 eﬂ'ector
2548 1944 2650 1992 est.
2669 1935 2891 2001 Deinde,
2908 1935 3084 2006 ipsum
3098 1950 3220 1992 esse
3235 1935 3348 1990 sive
3361 1945 3555 1990 natura

1980 2045 2160 2086 rerum
2214 2027 2503 2095 factarum,
2535 2028 2590 2083 in
2625 2043 2691 2084 eo
2715 2028 2832 2100 ipso
2858 2028 3006 2100 quod
3055 2029 3211 2092 ﬁunt,
3258 2029 3480 2084 modum
3502 2038 3558 2083 et

1980 2135 2292 2176 mensuram
2338 2120 2520 2186 habet,
2559 2135 2763 2192 easque
2800 2119 2940 2174 Deus
2979 2119 3048 2174 ab
3075 2120 3258 2190 aliquo
3287 2118 3556 2189 principio

1977 2226 2075 2280 per
2103 2209 2341 2266 Verbum
2371 2208 2552 2265 facere
2583 2210 2804 2281 incepit,
2835 2219 2897 2265 ut
2923 2223 3120 2280 nempe
3171 2220 3317 2265 esset
3349 2210 3557 2280 perspi-

1978 2303 2280 2358 cuumillas
2303 2318 2411 2358 non
2443 2303 2610 2358 fuisse
2635 2304 2953 2374 priusquam
2987 2302 3199 2358 ﬁerent:
3224 2302 3294 2356 At
3314 2300 3556 2358 Verbum

1977 2409 2087 2450 non
2115 2395 2170 2451 in
2200 2395 2308 2450 alio
2333 2395 2606 2467 principio
2619 2397 2778 2451 habet
2796 2406 2858 2450 ut
2888 2395 2961 2451 sit
2980 2411 3140 2466 quam
3168 2396 3285 2452 solo
3305 2396 3357 2450 in
3375 2393 3557 2458 Patre,

1977 2484 2094 2555 qui,
2121 2493 2182 2540 ut
2209 2485 2286 2540 illi
2332 2485 2494 2540 etiam
2528 2485 2899 2552 consentiunt,
2930 2486 3179 2556 principii
3216 2495 3297 2541 est
3339 2501 3557 2556 expers,

1977 2583 2039 2630 ut
2059 2573 2177 2646 ipse
2204 2590 2420 2648 quoque
2437 2575 2606 2634 Filius
2627 2577 2745 2632 sine
2759 2577 3028 2648 principio
3049 2576 3274 2633 exsistat
3296 2576 3349 2630 in
3372 2575 3555 2644 Patre,

1979 2681 2008 2720 a
2023 2681 2130 2739 quo
2144 2668 2356 2738 genitus
2374 2675 2476 2734 est,
2496 2683 2605 2724 non
2622 2676 2804 2724 autem
2826 2676 3064 2726 creatus.

2051 2759 2142 2816 58.
2173 2758 2227 2816 Id
2254 2761 2424 2832 igitur
2449 2761 2590 2816 inter
2614 2776 2741 2816 eum
2767 2762 2859 2832 qui
2891 2762 3104 2830 genitus
3125 2769 3211 2817 est
3254 2767 3309 2817 et
3345 2775 3432 2818 res
3469 2759 3556 2816 fa-

1980 2863 2095 2911 ctas
2122 2853 2416 2910 discrimen
2464 2853 2614 2909 novit
2645 2854 2827 2910 divina
2857 2853 3159 2925 Scriptura,
3193 2869 3312 2924 qua:
3344 2863 3399 2909 et
3427 2869 3557 2910 eum

1980 2947 2072 3017 qui
2103 2948 2318 3018 genitus
2353 2955 2457 3014 est,
2482 2945 2682 3000 Filium
2715 2961 2837 3003 esse
2868 2962 2969 3002 nec
3010 2946 3080 3002 ab
3109 2946 3295 3018 aliquo
3323 2947 3558 3016 cmpisse

1980 3039 2270 3110 principio,
2303 3038 2398 3094 sed
2432 3047 2695 3096 aeternum
2740 3054 2860 3098 esse
2896 3038 3170 3107 declarat;
3211 3055 3325 3096 rem
3373 3049 3557 3096 autem

1984 3130 2202 3198 factam,
2235 3142 2493 3207 tanquam
2535 3140 2674 3207 opus
2711 3141 2868 3189 extra
2908 3133 3218 3189 effectorem
3262 3135 3554 3198 exsistens,

295 3223 446 3277 Ούτω
470 3225 584 3296 γάρ
613 3225 708 3279 καὶ
732 3227 761 3279 ὁ
775 3226 1047 3298 Ἰωάννης,
1066 3228 1192 3300 περὶ
1207 3227 1302 3281 τοῦ
1321 3227 1450 3282 Υἱοῦ
1471 3227 1763 3296 Θεολογῶν,
1785 3229 1877 3283 καὶ

1989 3223 2097 3276 ﬁeri
2147 3222 2415 3297 incepisse
2457 3224 2635 3281 docet.
2686 3223 2825 3280 Hinc
2863 3225 3010 3280 enim
3040 3223 3280 3282 Joannes
3311 3226 3378 3282 de
3419 3225 3559 3282 Filio

294 3318 574 3384 γινώσκων
603 3317 701 3390 τὴν
730 3319 838 3372 τῶν
866 3318 1063 3386 λέξεων
1084 3319 1374 3392 διαφορὰν,
1403 3321 1502 3374 ούκ
1549 3317 1703 3375 εἶπεν
1721 3341 1736 3354 ·
1790 3322 1876 3375 Ἐν

293 3408 425 3478 ἀρχῇ
460 3409 707 3477 γέγονεν,
732 3409 764 3480 ἢ
789 3409 1104 3482 πεποῖηται,
1132 3411 1268 3475 ἀλλ’,
1299 3411 1396 3466 Ἐν
1417 3410 1576 3482 ἀρχῇ
1609 3411 1689 3482 ἦν
1715 3415 1748 3466 ό
1764 3414 1877 3466 Λό-

294 3519 417 3569 γος·
445 3502 534 3555 ἵνα
563 3503 623 3554 τὸ
652 3501 901 3572 γέννημα
917 3503 1017 3574 τῷ,
1042 3499 1121 3574 ἦν
1143 3503 1277 3575 (78),
1306 3503 1754 3574 συνεξακούηται,
1783 3503 1880 3559 καὶ

298 3594 366 3664 μὴ
410 3596 468 3647 ὲν
499 3593 783 3648 διαστάσει
808 3611 893 3658 τις
918 3595 1204 3666 λογίσηται
1227 3636 1243 3657 ,
1289 3595 1405 3648 ἀλλ’
1441 3596 1530 3649 ἀεὶ
1563 3596 1660 3648 καὶ
1689 3595 1881 3657 άῖδίως

296 3686 605 3758 ὑπάρχοντα
627 3687 718 3740 τὸν
740 3687 868 3740 Υἰδν
891 3687 1144 3760 πιστεύῃ.
1167 3687 1388 3742 Τούτων
1413 3687 1471 3741 δὲ
1504 3685 1649 3742 οὕτω
1672 3687 1881 3742 δεικνυ-

300 3777 487 3846 μένων,
514 3779 655 3843 πῶς,
673 3773 719 3833 ὦ
748 3780 1018 3852 Ἀρειανοὶ
1041 3780 1180 3852 (79),
1211 3781 1286 3852 μὴ
1317 3779 1607 3851 νοήσαντες
1630 3779 1698 3833 τά
1726 3781 1782 3834 ὲν
1803 3778 1881 3854 τῷ

295 3869 696 3942 Δευτερονομίῳ
717 3871 858 3942 ῥητὰ
880 3871 973 3924 καὶ
994 3873 1051 3927 ὲν
1073 3872 1248 3944 τούτῳ
1273 3873 1435 3927 πάλιν
1452 3872 1668 3926 άσεδείν
1688 3875 1767 3936 εἰς
1788 3873 1880 3926 τὸν

294 3960 490 4033 Κύριον
520 3961 856 4034 ἐτολμήσατε
883 3963 992 4036 (80)
1019 3964 1289 4034 λέγοντες,
1319 3965 1548 4036 ποίημα,
1576 3964 1610 4036 ἢ
1651 3964 1878 4037 κτίσμα,

290 4053 406 4124 ἦτοι
424 4055 673 4127 γέννημα
697 4053 836 4111 εἶναι
856 4057 1047 4124 αύτόν;
1072 4058 1280 4112 Ταύτὸν
1303 4061 1412 4130 γάρ
1437 4059 1500 4112 τὸ
1520 4059 1764 4130 γέννημα
1787 4061 1880 4114 καὶ

288 4144 349 4196 τὸ
369 4146 580 4217 ποίημα
605 4146 891 4216 σημαίνειν
907 4147 1144 4216 φάσκετε
1163 4162 1178 4176 °
1198 4148 1293 4201 καὶ
1323 4146 1574 4202 ὲντεῦοεν
1598 4147 1706 4220 γὰρ
1732 4148 1882 4202 οὐδὲν

286 4229 449 4306 ἦττον
481 4236 802 4290 ἀπαίδευτοι
835 4237 929 4290 καὶ
958 4235 1176 4301 ἀσεϐεῖς
1214 4236 1616 4310 γνωσθήσεσθε.
1654 4238 1727 4292 Τὸ
1782 4239 1882 4310 μὲν

288 4326 395 4400 γὰρ
418 4327 638 4400 πρῶτον
661 4329 825 4401 ῥητόν
842 4331 959 4382 ἐστι
985 4329 1151 4383 τοῦτο
1169 4347 1182 4360 ·
1213 4331 1336 4384 Οὐκ
1358 4331 1541 4397 αὐτὸς
1564 4326 1743 4398 οὗτός
1764 4347 1882 4386 σου

287 4420 493 4489 Πατὴρ
509 4421 810 4489 ἐκτήσατό
831 4421 941 4492 (81)
957 4437 1050 4486 σε,
1068 4421 1163 4475 καὶ
1182 4421 1432 4489 ἐποίησέ
1449 4426 1544 4489 σε,
1563 4422 1662 4476 καὶ
1683 4423 1884 4478 ἐκτισέ

289 4525 359 4562 σε
381 4527 402 4575 ;
430 4513 529 4566 καὶ
552 4514 670 4584 μετ’
699 4514 857 4583 ὀλίγα
886 4515 943 4567 ὲν
965 4516 1030 4585 τῇ
1053 4514 1192 4587 αὐτῇ
1232 4514 1353 4585 ᾭδῇ
1387 4531 1519 4585 φησι
1542 4531 1557 4545 °
1608 4514 1758 4568 Θεὸν
1778 4515 1883 4568 τὸν

290 4603 672 4669 γεννήσαντά
720 4619 795 4658 σε
843 4603 1260 4674 ἐγκατέλιπες,
1300 4603 1401 4658 καὶ
1427 4604 1728 4659 ἐπελάθου
1762 4603 1874 4675 (82)

1978 3315 2252 3372 disserens
2295 3332 2397 3373 nec
2440 3317 2636 3373 borum
2673 3320 3060 3376 vocabulorum
3102 3321 3364 3393 ignorans
3405 3322 3559 3380 dide-

1979 3408 2230 3473 rentiam,
2260 3424 2369 3462 non
2411 3408 2582 3467 dixit:
2615 3407 2674 3465 In
2705 3411 2977 3485 principio
3021 3411 3198 3471 factus
3232 3423 3329 3469 aut
3363 3413 3562 3469 forma-

1980 3508 2069 3556 tus
2092 3509 2198 3568 est,
2223 3502 2338 3566 sed,
2367 3500 2433 3556 In
2469 3503 2728 3577 principio
2767 3513 2880 3559 erat
2921 3503 3170 3571 Verbum,
3203 3515 3263 3561 ut
3293 3521 3389 3580 per
3418 3506 3560 3563 hanc

1979 3606 2191 3656 vocem,
2227 3600 2364 3656 erat,
2393 3595 2609 3663 genitus
2652 3609 2776 3651 esse
2822 3603 3231 3668 agnosceretur,
3268 3594 3560 3665 nullusque

1981 3691 2286 3757 temporum
2311 3684 2537 3755 ﬁngeret
2566 3685 2872 3752 intervalla,
2894 3687 2986 3742 sed
3018 3702 3232 3760 semper
3245 3697 3298 3741 et
3315 3685 3384 3741 ab
3405 3695 3561 3741 aster-

1984 3775 2153 3831 nitate
2195 3774 2396 3830 Filium
2423 3775 2711 3832 exstitisse
2731 3777 3098 3834 crederemus.
3148 3775 3281 3844 Quae
3325 3790 3448 3831 cum
3484 3775 3559 3830 ita

1981 3882 2102 3923 esse
2131 3866 2418 3938 probatum
2457 3867 2549 3932 sit,
2592 3868 2686 3938 qui
2713 3867 2793 3934 ﬁt,
2828 3882 2862 3922 o
2887 3867 3094 3927 Ariani,
3125 3875 3184 3921 ut
3218 3867 3324 3932 his,
3360 3881 3480 3937 qua:
3503 3866 3557 3920 in

1981 3958 2402 4015 Deutcronomio
2470 3959 2758 4026 habentur,
2835 3975 2945 4015 non
2999 3959 3303 4024 intellectis,
3367 3974 3560 4014 rursus

1985 4051 2136 4122 impii
2160 4051 2215 4106 in
2246 4050 2543 4106 Dominum
2578 4066 2703 4108 esse
2731 4052 3001 4117 audeatis,
3033 4067 3158 4107 cum
3191 4051 3375 4109 dicitis
3407 4053 3558 4108 illum

1982 4140 2186 4198 factum
2216 4143 2299 4199 vel
2330 4152 2574 4199 creatum
2622 4144 2738 4200 sive
2767 4144 3012 4215 genitum
3045 4145 3201 4201 esse?
3223 4142 3564 4202 Contenditis

1977 4235 2128 4291 enim
2160 4250 2276 4290 rem
2297 4234 2534 4305 genitam
2563 4244 2617 4290 et
2641 4251 2760 4290 rem
2806 4235 3006 4293 factam
3038 4236 3181 4292 idem
3219 4238 3567 4310 signiﬁcare?

1984 4327 2054 4383 At
2088 4328 2258 4383 nihilo
2281 4329 2460 4385 secius
2492 4345 2559 4385 ex
2590 4330 2695 4386 hoc
2722 4332 2840 4402 ipso
2867 4333 3011 4398 loco,
3046 4332 3334 4402 imperitiae
3379 4342 3433 4388 et
3463 4334 3567 4387 im-

1983 4421 2200 4492 pietatis
2225 4422 2647 4478 convincemini.
2675 4422 2858 4495 Itaque
2880 4423 2969 4479 hic
2990 4433 3074 4479 est
3104 4424 3338 4496 primus,
3369 4426 3434 4480 de
3457 4439 3567 4495 quo

1987 4515 2185 4583 agitur,
2208 4513 2362 4569 locus
2389 4531 2404 4569 :
2437 4512 2693 4586 Nunquid
2722 4533 2828 4570 non
2857 4517 2940 4570 ltic
2963 4518 3070 4587 ipse
3093 4517 3258 4572 Pater
3292 4528 3413 4572 tuus
3439 4535 3565 4588 pos-

1985 4605 2119 4660 sedit
2157 4615 2290 4675 te,et
2321 4607 2441 4677 fecit
2473 4617 2541 4675 te,
2575 4621 2621 4664 et
2657 4609 2848 4664 creavit
2882 4610 3032 4664 te"?
3073 4609 3139 4664 Et
3161 4611 3325 4683 paulo
3348 4619 3471 4682 post
3509 4610 3564 4666 in

356 4717 402 4748 "
435 4717 584 4774 Psal.
614 4737 805 4790 ικιιιι,
838 4723 893 4779 2.
960 4724 1004 4757 ⁸⁸
1028 4723 1224 4782 Genes.
1249 4741 1308 4793 ιι,
1330 4727 1394 4783 ‘5.
1471 4727 1518 4759 “
1538 4726 1696 4783 Deut.
1727 4742 1899 4792 xxxii,
1930 4726 1984 4782 6.

508 4875 799 4956 Αηεῇοοη.
827 4879 1043 4956 Oobler.
1082 4879 1226 4956 EeIc.
1258 4883 1284 4936 1
1318 4882 1450 4956 etii,
1486 4883 1761 4956 ὲξτίσατο.

389 4944 479 5018 72)
507 4944 960 5018 ξὶόὸθειιοιυίωι.
1001 4952 1053 5004 1η
1081 4953 1204 5006 aliis
1227 4961 1282 5007 et
1302 4944 1462 5008 editis
1485 4953 1591 5007 τῶν
1623 4955 1797 5009 deest.

377 5015 476 5085 75)
500 5014 742 5098 ἓεειιονῖ
762 5030 816 5073 et
847 5021 1000 5098 Reg”
1025 5021 1275 5098 ﬁpﬁa'go._
1303 5022 1468 5098 Editi_
1507 5034 1560 5078 et
1612 5025 1734 5098 alii,
1770 5026 1871 5098 ἡρ-

284 5083 469 5165 ξτιπςτο.
500 5083 669 5165 Paiin
719 5101 840 5158 post
892 5083 1141 5162 S‘egué'r.)
1173 5093 1376 5165 ἤρξατο
1416 5089 1575 5149 εἶναι.
1611 5083 1761 5150 Feic.
1793 5083 1872 5164 Ἃ,

284 5155 491 5224 ἧρξατο
527 5157 666 5222 οὐδὲ,
699 5155 804 5215 etc.

355 5227 478 5306 (7})
508 5229 734 5306 Se_guet_'.
765 5230 982 5306 G_oh|er.
1027 5241 1082 5286 et
1110 5231 1257 5289 Felc.
1293 5234 1342 5300 i,
1368 5236 1476 5288 τῶν
1504 5237 1698 5306 ἀρχήν.
1732 5235 1877 5290 Editi

283 5305 335 5349 ει
373 5299 634 5373 ilhc-(FW
662 5301 761 5373 ῖὴν
793 5302 987 5373 ἀρχήνο

351 5366 468 5436 (75)
493 5367 638 5422 Felc.
663 5366 1195 5434 2,'edii.io'CommeI.
1227 5374 1486 5428 omittunt
1517 5374 1606 5427 διὰ
1633 5376 1727 5429 τοῦ
1760 5379 1866 5431 Λό-

283 5453 408 5516 γοι).
443 5440 579 5516 Ibid.
608 5438 856 5516 Seguer.,
912 5442 996 5495 ἵνα
1048 5445 1140 5496 καὶ
1172 5443 1235 5495 τὸ
1265 5445 1339 5514 μὴ
1364 5441 1524 5496 εἷναι.
1581 5444 1636 5497 In
1666 5448 1787 5502 aliis
1816 5458 1870 5503 et

281 5509 448 5561 editis
473 5511 624 5564 deest
645 5509 757 5564 καί.

360 5580 477 5649 (76)
502 5577 770 5652 δεῖξαι-η
800 5580 880 5652 τῷ
907 5583 1001 5637 καὶ
1033 5585 1150 5637 κατ’
1180 5584 1442 5648 ἐκείνους.
1489 5583 1629 5638 Editi
1663 5595 1715 5639 et
1753 5587 1866 5647 alii,

280 5650 513 5726 sib-acati
539 5650 802 5726 ἐκείνους.
839 5650 1036 5726 Ibidem
1070 5653 1294 5726 seguer.
1346 5666 1399 5708 et
1444 5654 1666 5726 Regius,
1709 5658 1870 5719 αὐτὸς

281 5721 561 5795 ἀνάρχως.
588 5724 779 5775 tltettzri
813 5721 1235 5795 et_‘et|iti,-at‘isb;
1264 5725 1514 5795 ἄναρχος.

355 5793 473 5867 (77)
498 5792 739 5867 Unities;
757 5804 812 5846 et
860 5792 1002 5848 Fclc.
1041 5798 1093 5867 ξ,
1147 5792 1736 5866 γίνεσῢαῖτυγχάνειν
1772 5815 1868 5867 6r,—

284 5863 497 5929 μαίνει.
532 5861 668 5916 Ibid.
707 5861 958 5934 Seguer.,
992 5861 1174 5929 υῡτωξ
1210 5868 1313 5937 γάρ
1364 5868 1475 5923 καί.
1512 5861 1618 5924 ΑΙῙί
1644 5878 1695 5924 ct
1720 5861 1866 5934 editi,

1903 4892 1946 4945 ι)
1975 4883 2149 4948 οὕτως
2181 4885 2297 4938 καί.

2051 4955 2166 5022 (78)
2194 4956 2284 5010 Sic
2309 4954 2533 5024 Segner.
2571 4963 2625 5010 et
2651 4954 2796 5012 Felc.
2820 4957 2874 5011 4.
2905 4955 2976 5010 At
3005 4955 3135 5010 editi
3156 4964 3211 5009 et
3235 4953 3347 5017 alii,
3376 4953 3462 5005 ἵνα
3483 4951 3561 5022 τῷ

1975 5027 2137 5096 γεννή
2147 5043 2274 5096 ματι
2297 5022 2539 5091 τὸξτΗν.

2051 5089 2164 5167 (79)
2193 5096 2284 5151 Sic
2316 5089 2541 5167 seguer.
2575 5098 2643 5150 At
2675 5099 2766 5151 alii
2815 5107 2868 5151 et
2898 5095 3027 5152 editi
3053 5089 3097 5147 ὦ
3123 5094 3403 5146 omittunt.
3433 5091 3558 5146 Mox

1983 5166 2237 5238 Segu_er._,
2272 5168 2432 5238 ῥητά.
2452 5166 2658 5238 γβίειθιοί
2689 5181 2741 5222 et
2773 5168 2926 5230 editi,
2952 5167 3192 5238 ῥήματα.

2056 5231 2166 5307 (80)
2191 5231 2338 5307 Reg;
2356 5249 2411 5294 et
2449 5237 2591 5293 Felc.
2621 5239 2676 5302 5,
2729 5231 3052 5307 ἐτόλμησαν.
3089 5231 3562 5307 ιιιὶᾴηδοειιοτλι

1988 5302 2220 5368 Εοίοζό,
2257 5302 2504 5376 λ’έγοντες
2555 5309 2786 5377 ποίημα.
2837 5302 3014 5377 Aliiet
3062 5305 3211 5377 editi,
3241 5302 3488 5377 λέγοντες
3525 5303 3558 5372 ἢ

1976 5379 2205 5448 ποίημα.
2226 5375 2356 5433 Item
2378 5379 2575 5433 ibidem
2598 5375 2821 5447 Seguer.
2851 5387 2904 5430 et
2920 5375 3062 5448 Felc.
3088 5377 3141 5440 ι,
3159 5376 3275 5448 ἤτοι
3292 5375 3556 5448 γέννημα,

1979 5444 2292 5518 quanquam
2323 5449 2485 5503 iidem
2514 5464 2638 5503 cum
2668 5444 2788 5501 iiiis
2819 5462 2941 5502 mox
2972 5444 3193 5512 habent,
3213 5445 3418 5497 Ταύτὸν
3441 5444 3524 5513 γά

1979 5521 2038 5572 τὸ
2065 5519 2328 5589 γέννημα.
2513 5587 2549 5589 β
2643 5588 2646 5589 ν
2856 5587 2881 5589 ὴ
2941 5588 2945 5589 γ
3042 5587 3049 5589 _
3372 5587 3441 5589 4-
3516 5553 3521 5558 .

2054 5590 2179 5660 (81)-
2198 5587 2399 5659 Regius
2435 5599 2489 5642 et
2512 5587 2824 5642 Felckman.
2853 5587 2906 5653 5,
2934 5587 3207 5651 tactiost-co,
3242 5587 3390 5656 quod
3431 5587 3558 5640 item

1977 5658 2428 5714 vertit'Nannius.

2051 5730 2162 5799 (82)
2212 5729 2301 5782 Sic
2355 5727 2579 5794 Seguer.
2640 5728 2768 5799 Reg.
2831 5728 3049 5783 Goliler.
3082 5727 3222 5781 Feltz.
3287 5729 3334 5789 I,
3365 5729 3397 5778 ι
3425 5737 3475 5780 et
3505 5727 3553 5777 ΞΞ.

1978 5797 2182 5881 Αιιιμί
2236 5808 2290 5852 et
2339 5799 2488 5860 editi,
2552 5797 2841 5852 ἁπελάθου.
2901 5799 3020 5852 Mox
3073 5803 3322 5869 Seguer.,
3363 5814 3563 5866 τυγχα-

1979 5873 2144 5923 νούσά
2175 5873 2308 5922 ἐστι.
