3948 6236
257 422 353 477 ὶῖὃ

1376 414 1633 473 ORATIO
1662 416 1705 470 II
1734 410 2015 468 CONTRA
2054 410 2372 466 ARIANOS.

3422 408 3495 464 τι

267 542 389 601 ὅλως
436 537 614 608 ὄνομα
670 538 784 592 υἱοῦ
839 538 931 593 καὶ
980 538 1172 601 αὐτοὺς
1220 535 1493 607 εἰληφέναι
1518 574 1534 598 ,
1588 531 1825 602 εἴρηκεν.

1970 528 2073 583 uod
2098 543 2329 598 quorum
2353 526 2570 583 ellector
2592 535 2695 593 est,
2724 529 2915 583 horum
2949 529 3111 584 etiam
3146 537 3299 599 pater
3325 529 3499 598 gratia

280 630 407 685 Ἀλλ’
440 632 469 682 6
508 630 673 693 λαὸς.
717 630 789 693 ὡς
829 633 857 684 6
897 630 1174 701 προφήτης
1223 628 1403 697 φησιν,
1437 625 1705 695 ἠθέτησαν
1742 624 1835 676 τὸν

274 722 577 794 εὺεργέτην.
604 720 753 793 Αὕτη
774 721 829 774 δὲ
861 720 969 792 (95)
1000 720 1092 774 τοῦ
1114 718 1248 772 Θεοῦ
1271 717 1641 788 φιλανθρωπία
1667 715 1833 779 ἐστὶν,

275 817 348 868 ότι
382 807 456 867 ὧν
501 814 616 866 ἑστι
649 812 896 883 ποιητὴς,
928 812 1128 864 τούτων
1157 810 1249 863 καὶ
1289 809 1472 879 πατὴρ
1508 808 1648 862 κατὰ
1678 807 1837 879 χάριν

276 907 498 976 ὔστερον
533 903 775 973 γίνεται·
821 903 1026 971 γίνεται
1055 901 1134 965 δὲ,
1164 901 1289 954 ὅταν
1327 900 1375 953 oi
1413 898 1719 960 κτισθέντες
1754 898 1839 952 ἄν·

276 998 506 1070 θρωποι,
554 995 630 1058 ὡς
675 990 825 1048 εἶπεν
870 996 898 1047 6
938 992 1286 1058 Ἀπόστολος,
1327 990 1561 1044 λάϐωσιν
1615 990 1695 1053 είς
1741 989 1840 1053 τὰς

276 1089 496 1160 καρδίας
541 1087 749 1141 ἑαυτῶν
799 1086 861 1140 τὸ
908 1085 1128 1155 Πνεῦμα
1174 1086 1266 1153 τοῦ
1312 1084 1441 1139 Υίοῦ
1493 1082 1658 1137 αὑτοῦ
1707 1084 1841 1155 κρᾶ-

278 1180 362 1244 ζον
390 1179 527 1249 (96),
561 1177 746 1242 Ἀϐϐἆ,
775 1181 808 1233 d
835 1176 1051 1245 Πατήρ.
1082 1169 1241 1231 Οὗτοι
1272 1176 1330 1231 δέ
1361 1178 1496 1230 είσιν
1535 1176 1667 1237 ὅσοι,
1689 1173 1841 1240 δεξά-

279 1285 424 1339 μενοι
454 1268 548 1320 τδν
580 1268 770 1336 Λόγον,
806 1267 992 1321 ἔλαϐον
1029 1267 1275 1333 ἐξουσίαν
1321 1270 1450 1340 παρ’
1491 1266 1651 1321 αὐτοῦ
1678 1265 1840 1320 τέκνα

277 1358 405 1412 Θεοῦ
434 1357 721 1427 γενέσθαι·
752 1358 923 1421 ἄλλως
952 1358 1060 1427 γὰο
1087 1359 1188 1412 οὐκ
1216 1361 1279 1413 ἂν
1303 1358 1411 1431 (95)
1443 1358 1679 1427 γένοιντο
1714 1359 1839 1420 υἱοὶ,

277 1455 422 1517 ὄντες
449 1454 608 1524 φύσει
634 1452 925 1524 κτίσματα,
950 1453 998 1506 εί
1025 1452 1098 1524 μὴ
1125 1451 1219 1506 τοῦ
1248 1453 1397 1517 ὄντος
1421 1452 1577 1521 φύσει
1602 1453 1695 1505 καὶ
1719 1451 1843 1521 ἀλη-

278 1546 417 1601 θινοῦ
470 1544 602 1599 Υίοῦ
641 1545 702 1598 τὺ
746 1545 968 1617 Πνεῦμα
1011 1546 1372 1611 ὑποδέξονται.
1420 1546 1529 1609 Διὸ,
1562 1547 1646 1599 ἴνα
1686 1544 1843 1599 τοῦτο

275 1640 515 1709 γένηται,
562 1641 591 1691 6
636 1638 807 1705 Λόγος
844 1637 981 1709 σὰρξ
1016 1638 1229 1707 ἐγένετο
1248 1678 1264 1703 ,
1303 1638 1389 1692 ἵνα
1432 1638 1521 1690 τὸν
1562 1637 1841 1708 ἄνθρωπον

275 1731 516 1784 δεκτικὸν
542 1731 793 1802 θεότητος
822 1733 1021 1804 ποιήσῃ
1066 1729 1194 1800 (96).
1238 1729 1449 1801 Ταύτην
1483 1731 1581 1800 τὴν
1610 1728 1842 1783 διάνοιαν

277 1823 365 1875 καὶ
399 1822 552 1895 παρὰ
588 1823 866 1893 Μαλαχίου
893 1822 986 1876 τοῦ
1025 1823 1300 1893 προφήτου
1333 1822 1521 1892 μαθεῖν
1558 1821 1733 1888 ἔξεστι
1758 1820 1842 1874 λέ-

277 1928 489 1979 γοντος·
526 1914 669 1980 οὐχί
708 1913 850 1981 Θεὸς
889 1909 975 1979 εἷς
1012 1912 1255 1967 ἔκτισεν
1289 1911 1480 1981 ύμᾶς;
1515 1911 1660 1979 οὐχὶ
1694 1908 1842 1964 πάν-

276 2022 389 2057 των
420 2003 584 2073 ὑμῶν
604 2000 693 2070 εἶς
721 2004 947 2072 πατήρ;
973 2004 1081 2057 Καὶ
1112 2003 1341 2058 ἐνταῦθα
1372 2003 1481 2075 γὰρ
1506 2003 1663 2058 πάλιν
1689 2002 1840 2075 πρῶ-

279 2115 361 2150 τον
393 2098 471 2159 τὸ,
498 2100 719 2161 ἔκτισε,
751 2099 844 2152 καὶ
885 2096 1134 2168 δεύτερον
1165 2097 1243 2162 τὸ,
1268 2096 1482 2165 πατὴρ,
1513 2096 1725 2167 ἔθηκεν,
1756 2097 1844 2151 ἵνα

278 2188 419 2261 δείξῃ
451 2190 546 2243 καὶ
586 2189 745 2253 αὐτὸς
776 2190 905 2260 (97),
945 2190 1027 2243 ὅτι
1063 2190 1121 2254 ἐξ
1166 2189 1340 2261 ἀρχῆς
1379 2189 1476 2260 μὲν
1515 2189 1655 2243 κατὰ
1686 2188 1844 2258 φύσιν

279 2280 439 2348 ἐσμὲν
474 2280 769 2350 κτίσματα,
798 2280 891 2333 καὶ
919 2280 1141 2350 κτίστης
1172 2280 1326 2351 ἡμῶν
1355 2281 1502 2333 ἐστιν
1541 2282 1569 2333 6
1602 2278 1733 2342 Θεὸς
1758 2279 1847 2334 διὰ

279 2370 365 2422 τοῦ
402 2372 612 2439 Λόγου,
660 2370 883 2441 ὕστερον
927 2368 983 2422 δὲ
1015 2369 1425 2441 υίοποιούμεθα,
1474 2369 1566 2422 καὶ
1606 2368 1786 2422 λοιπὸν
1818 2371 1846 2422 6

280 2460 495 2529 κτίστης
534 2460 665 2524 Θεὸς
695 2461 900 2529 γίνεται
939 2462 1031 2515 καὶ
1076 2460 1258 2531 πατὴρ
1304 2458 1476 2531 ήμῶν.
1516 2458 1721 2513 Οὐκοῦν
1763 2458 1845 2523 τὸ,

282 2551 482 2623 Πατὴρ,
519 2551 614 2604 τοῦ
648 2551 777 2605 Υίοῦ
821 2554 965 2607 ἐστιν
1010 2553 1139 2606 ἴδιον
1174 2550 1311 2623 (98),
1342 2549 1435 2603 καὶ
1463 2550 1523 2604 οὐ
1556 2549 1615 2603 τὸ
1644 2550 1847 2621 κτίσμα

280 2641 407 2695 ἀλλὰ
435 2642 521 2705 τὸ,
551 2641 700 2705 Υἱὸς,
732 2641 825 2696 τοῦ
858 2643 1069 2714 Πατρός
1110 2644 1256 2696 ἐστιν
1290 2641 1441 2696 ἴδιον.
1476 2644 1635 2696 Ὥστε
1666 2643 1758 2696 καὶ
1784 2644 1847 2695 ὲκ

281 2734 463 2787 τούτου
510 2734 821 2788 δείκνυσθαι
856 2735 931 2807 μὴ
968 2732 1105 2790 εἶναι
1145 2738 1290 2808 ἡμᾶς
1322 2736 1477 2806 φύσει
1512 2736 1682 2800 υἱοὺς,
1715 2734 1849 2789 ἀλλὰ

281 2826 366 2879 τὸν
395 2829 450 2879 ὲν
480 2828 615 2897 ἡμῖν
646 2827 789 2880 Υἰόν·
824 2829 917 2881 καὶ
946 2828 1019 2899 μὴ
1052 2824 1191 2881 εἶναι
1232 2828 1391 2882 πάλιν
1426 2826 1581 2900 ἡμῶν
1611 2827 1720 2899 (99)
1749 2827 1850 2897 φύ-

286 2934 361 2969 σει
387 2918 601 2985 πατέρα
630 2916 717 2970 τὸν
746 2918 898 2984 Θεὸν,
924 2918 1059 2973 ἀλλὰ
1091 2918 1185 2972 τοῦ
1232 2921 1288 2973 ὲν
1335 2921 1465 2991 ἡμῖν
1494 2918 1687 2987 Λόγου,
1722 2920 1778 2971 ἐν
1805 2911 1850 2985 ᾧ

285 3008 370 3059 καί
390 3007 456 3059 δι’
479 3007 539 3058 ὃν
559 3008 852 3079 κράζομεν,
871 3010 1056 3071 Ἁϐϐἇ,
1081 3013 1112 3063 ό
1132 3008 1351 3077 Πατήρ.
1370 3010 1579 3079 Ὠσπερ
1600 3008 1656 3061 δὲ
1673 3007 1848 3073 τοῦτο,

285 3096 449 3159 οὕτως
467 3098 497 3148 ὁ
522 3097 711 3169 Πατὴρ
735 3100 791 3150 ὲν
807 3092 887 3161 οἷς
907 3097 1003 3153 ἐὰν
1025 3098 1195 3171 βλέπῃ
1221 3098 1311 3152 τὸν
1337 3097 1528 3152 ἑαυτοῦ
1557 3098 1701 3163 Υἱὸν,
1730 3098 1853 3151 τού-

1936 627 2117 688 postea
2141 621 2252 685 ﬁat,
2276 619 2418 689 quod
2449 627 2579 673 tunc
2601 619 2862 689 contingit
2878 634 3001 674 cum
3033 620 3196 674 creati
3225 620 3496 685 homines,

1935 718 1995 763 ut
2026 709 2101 763 ait
2130 708 2425 778 Apostolus
2452 710 2521 771 ",
2561 706 2823 778 Spiritum
2850 708 2970 764 Filii
3003 712 3120 780 ejus
3147 710 3497 774 clamantem.

1935 800 2102 865 Abba,
2134 800 2319 865 Pater,
2350 801 2403 855 in
2430 801 2545 856 suis
2575 799 2832 857 cordibus
2867 801 3189 871 suscipiunt.
3228 799 3293 854 Hi
3337 816 3500 871 porro

1937 901 2064 947 sunt
2089 893 2205 962 qui,
2237 900 2487 962 suscepto
2500 890 2695 957 Verbo,
2718 900 3038 962 potestatem
3067 892 3135 947 ab
3154 906 3219 947 eo
3248 906 3503 961 accepere

1938 982 2077 1037 ﬁlios
2100 981 2193 1037 Dei
2222 982 2360 1038 ﬁeri.
2380 980 2489 1037 Nec
2515 982 2665 1037 enim
2683 982 2792 1037 alio
2823 982 2986 1037 modo
3014 981 3107 1036 ﬁlii
3139 989 3368 1052 possunt
3384 980 3509 1034 ﬁeri

1938 1088 2060 1128 cum
2085 1089 2152 1129 ex
2182 1080 2373 1129 natura
2399 1090 2497 1131 sua
2518 1075 2627 1130 sint
2645 1074 2834 1141 creati,
2859 1075 2963 1129 nisi
2982 1074 3245 1145 Spiritum
3267 1074 3388 1143 ejus
3408 1073 3513 1144 qu'r

1939 1167 2202 1222 naturalis
2241 1176 2293 1223 et
2331 1183 2491 1223 verus
2531 1176 2615 1223 est
2656 1166 2825 1223 Filius
2864 1168 3191 1237 acceperint.
3241 1164 3398 1233 Quod
3446 1176 3513 1220 us

1940 1259 2113 1325 ﬂeret,
2153 1257 2385 1313 Verbum
2427 1274 2557 1314 caro
2598 1262 2803 1315 factum
2846 1268 2928 1315 est
2948 1262 3015 1326 ",
3039 1268 3099 1313 ut
3129 1259 3406 1313 hominem
3438 1257 3501 1312 ad

1941 1348 2277 1405 divinitatem
2328 1350 2689 1419 recipiendam
2728 1351 2981 1405 idoneum
3034 1349 3300 1405 redderet.
3344 1347 3504 1403 Eam-

1939 1440 2060 1496 dem
2092 1441 2233 1497 hanc
2256 1442 2580 1498 sententiain
2608 1443 2735 1498 licet
2766 1442 2978 1498 discere
2996 1457 3061 1497 ex
3089 1441 3356 1497 Malachia
3383 1456 3504 1509 pro.

1940 1554 2099 1624 pheta
2135 1554 2205 1610 ita
2241 1556 2492 1626 loquente
2521 1575 2533 1610 :
2569 1555 2822 1627 Nunquid
2847 1574 2951 1611 non
2982 1572 3117 1610 unus
3148 1555 3287 1610 Deus
3312 1556 3504 1609 crearit

1940 1648 2065 1701 vos?
2087 1645 2339 1717 Nunquid
2357 1663 2454 1701 non
2472 1660 2621 1716 pater
2638 1665 2772 1702 unus
2796 1650 3028 1703 omnium
3045 1656 3273 1703 vestrum
3290 1648 3372 1700 ’7?
3408 1645 3507 1701 Hic

1940 1735 2083 1791 enim
2104 1737 2337 1805 primum
2353 1736 2552 1806 posuit,
2570 1738 2785 1802 creavit,
2804 1739 3019 1803 deinde,
3038 1748 3208 1808 pater,
3231 1748 3292 1793 ut
3313 1753 3507 1807 nempe

1942 1827 2246 1882 ostenderet
2274 1842 2377 1882 nos
2390 1843 2416 1882 a
2432 1828 2699 1899 principio
2713 1836 2903 1882 natura
2922 1837 3136 1884 creatos
3152 1843 3294 1893 esse,
3316 1827 3511 1882 Deum-

1940 1934 2047 1989 que
2094 1926 2395 1973 creatorem
2444 1926 2697 1974 nostrum
2733 1934 2856 1975 esse
2889 1933 2985 1989 per
3018 1917 3256 1973 Verbum
3279 1958 3295 1981 ,
3324 1928 3512 1987 postea

1941 2022 2067 2063 vero
2098 2021 2199 2063 nos
2226 2007 2368 2063 ﬁlios
2393 2008 2683 2078 adoptione
2716 2007 2874 2073 eiiici,
2906 2022 3139 2076 cumque
3164 2006 3331 2061 Deum
3355 2020 3513 2059 crea-

1942 2104 2141 2160 torem,
2190 2105 2439 2151 nostrum
2488 2096 2653 2152 etiam
2708 2097 2821 2151 ﬁeri
2852 2105 3083 2167 patrem.
3127 2097 3314 2164 Itaque
3352 2092 3513 2151 Pater

1942 2187 2195 2257 pr0prius
2233 2197 2316 2244 est
2357 2186 2501 2255 Filii,
2532 2204 2631 2244 nec
2660 2189 2863 2258 aliquid
2915 2197 3182 2252 creatum,
3215 2186 3307 2241 sed
3343 2185 3515 2241 Filius

1942 2288 2025 2335 est
2057 2294 2274 2349 quoque
2310 2279 2486 2336 Patris
2522 2282 2793 2352 proprius.
2830 2279 3097 2348 Quocirca
3145 2280 3271 2336 inde
3305 2279 3515 2350 perspi-

1944 2386 2105 2427 cuum
2123 2372 2285 2427 etiam
2307 2382 2389 2427 est
2408 2389 2506 2428 nos
2528 2388 2636 2428 non
2661 2381 2853 2428 natura
2874 2374 3014 2428 ﬁlios
3042 2387 3185 2440 esse,
3204 2372 3298 2427 sed
3318 2370 3516 2425 Filium

1944 2465 2037 2535 qui
2066 2466 2124 2519 in
2171 2465 2329 2521 nobis
2356 2476 2474 2530 est;
2516 2481 2618 2523 nec
2656 2467 2901 2523 vicissim
2940 2467 3143 2529 Deum,
3170 2478 3377 2535 patrem
3420 2478 3519 2517 no-

1945 2566 2119 2613 strum
2160 2567 2355 2613 natura
2384 2574 2527 2625 esse,
2556 2559 2648 2614 sed
2672 2558 2832 2614 Verbi
2861 2558 3005 2630 quod
3046 2559 3101 2612 in
3138 2557 3298 2612 nobis
3318 2564 3422 2621 est,
3458 2557 3513 2609 in

1946 2662 2054 2716 quo
2078 2656 2131 2702 et
2161 2663 2256 2717 per
2278 2648 2424 2718 quod
2460 2648 2779 2713 clamamus,
2806 2648 2974 2712 Abba,
3026 2646 3208 2701 Pater.
3236 2644 3520 2725 Similiter

1946 2736 2109 2793 Pater
2130 2740 2252 2796 illos
2280 2741 2334 2794 in
2359 2741 2559 2811 quibus
2585 2756 2744 2795 suum
2776 2740 2973 2794 Filium
3005 2738 3221 2803 viderit,
3254 2738 3397 2793 ﬁlios
3423 2751 3521 2790 vo-

1948 2839 2055 2896 cat,
2090 2840 2143 2886 et
2168 2832 2323 2900 dicit,
2354 2832 2531 2903 genui,
2568 2831 3009 2902 quandoquidem
3040 2828 3278 2884 Verbum
3312 2829 3522 2897 gignere

1949 2918 2147 2975 Filium
2188 2921 2478 2992 signiﬁcat,
2511 2930 2570 2977 ut
2592 2922 2814 2977 verbum
2854 2922 3027 2991 facere
3070 2920 3137 2975 ad
3165 2934 3327 2989 opera
3354 2916 3524 2971 refer-

1951 3021 2060 3067 tur.
2111 3010 2252 3069 Hinc
2299 3029 2401 3070 nos
2450 3030 2558 3069 non
2610 3016 2849 3085 primum
2888 3013 3186 3086 gignimur,
3219 3009 3311 3065 scd
3336 3008 3521 3070 ﬁmus.

1954 3106 2093 3161 unde
2142 3108 2403 3177 scriptum
2463 3117 2586 3164 est:
2620 3106 2905 3161 Faciamus
2950 3106 3208 3159 hominem
3232 3102 3299 3156 9⁸.
3327 3101 3522 3155 Postea

285 3206 405 3251 τους
430 3191 525 3242 καὶ
546 3189 708 3254 αὐτὸς
724 3190 873 3255 υίοὺς
886 3190 1056 3256 καλεῖ,
1075 3194 1167 3245 καὶ
1186 3192 1353 3261 λέγει,
1374 3191 1691 3261 ἐγέννησα·
1707 3194 1854 3245 ἐπει.-

1964 3212 2084 3252 vero
2110 3200 2285 3269 gratia
2333 3197 2571 3270 Spiritus
2614 3208 2854 3269 accepta,
2888 3196 3033 3270 gigni
3071 3195 3326 3251 dicimur.
3365 3191 3525 3245 Certe

284 3280 450 3352 δήπερ
477 3282 541 3333 τὸ
572 3282 693 3351 μὲν,
714 3280 954 3351 γεννᾷν,
985 3283 1312 3355 σημαντικόν
1337 3284 1482 3336 ἐστιν
1513 3282 1640 3335 Υῐοῦ
1670 3282 1768 3357 (1),
1792 3283 1853 3337 τὸ

1964 3304 2185 3358 magnus
2232 3288 2444 3361 Moyses
2475 3289 2535 3343 in
2577 3288 2801 3344 Cantico
2841 3288 3041 3358 optime
3089 3285 3269 3355 priore
3302 3283 3357 3335 in
3404 3281 3523 3333 loco

287 3374 359 3434 δὲ,
406 3372 620 3437 ποιεῖν,
662 3373 957 3445 δηλωτικόν
1009 3378 1126 3429 ἐστι
1176 3374 1287 3428 τῶν
1326 3374 1520 3446 ἔργων.
1567 3375 1667 3427 Διά
1698 3374 1854 3429 τοῦτο

1964 3376 2093 3433 dixit
2139 3379 2391 3449 possedit,
2414 3378 2608 3435 deinde
2651 3379 2846 3451 genuit,
2886 3394 2974 3441 ne,
3014 3377 3295 3431 audientes
3328 3372 3522 3442 genuit,

290 3463 411 3531 γεῦν
446 3468 604 3535 ἡμεῖς
641 3466 700 3517 οὐ
741 3467 956 3537 πρῶτον
996 3466 1327 3537 γεννώμεθα,
1356 3466 1488 3519 ἀλλὰ
1520 3466 1851 3537 ποιούμεθαο

1964 3477 2155 3531 nostrae
2175 3478 2381 3524 natura:
2410 3469 2595 3539 qualis
2628 3470 2696 3523 ab
2730 3468 2883 3524 initio
2923 3466 3026 3521 fuit
3054 3464 3523 3521 oblivisceremur,

292 3556 592 3625 γέγραπται
645 3556 788 3627 γάρ’
838 3554 1189 3624 Ποιήσωμεν
1242 3555 1582 3624 ἄνθρωπον·
1634 3555 1854 3629 ὕστερον

1964 3557 2054 3615 sed
2080 3569 2139 3614 ut
2160 3558 2508 3617 disceremus
2541 3575 2640 3616 nos
2666 3561 2734 3615 ab
2769 3560 2927 3614 initio
2951 3566 3162 3613 creatos
3186 3553 3353 3625 418
3383 3564 3524 3609 esse.

294 3644 365 3708 δὲ,
394 3647 676 3716 δεξάμενοι
698 3648 795 3718 τὴν
819 3648 915 3702 τοῦ
945 3647 1261 3719 Πνεῦματος
1290 3647 1469 3719 χάριν,
1495 3649 1765 3719 λεγόμεθα
1797 3652 1854 3705 τό

1964 3659 2121 3721 atque
2144 3667 2266 3707 cum
2304 3652 2447 3723 gigni
2472 3652 2643 3723 gratia
2674 3652 2927 3718 dicimur,
2948 3648 3303 3703 nihilominus
3335 3656 3437 3697 nos
3461 3654 3527 3693 ex

298 3755 350 3790 τε
375 3739 558 3793 λοιπὸν
580 3740 673 3794 καὶ
695 3740 1003 3808 γεννᾶσθαι.
1042 3739 1256 3810 Ἀμέλει
1286 3740 1380 3793 καὶ
1402 3742 1458 3793 ἐν
1485 3743 1552 3811 τῇ
1582 3741 1703 3813 ’ῼδῇ
1725 3742 1854 3796 Μω-

1964 3755 2157 3802 natura
2188 3747 2441 3803 homines
2466 3747 2638 3802 factos
2669 3761 2810 3801 esse.

304 3830 392 3899 σῆς
418 3835 445 3885 6
471 3833 643 3903 μέγας
690 3833 827 3904 μετὰ
872 3834 1104 3892 διανοίας
1158 3833 1326 3905 καλῆς
1385 3835 1598 3905 πρῶτον
1629 3836 1708 3901 τὸ,
1745 3837 2041 3905 ἐκτήσατο
2091 3842 2190 3913 (2),
2237 3843 2330 3899 καὶ
2360 3842 2585 3913 ὕστερον
2617 3842 2695 3904 τὺ,
2723 3840 3073 3910 ἐγέννησεν,
3120 3835 3360 3907 εἴρηκεν,
3392 3830 3529 3899 ὑπὲρ

303 3925 385 3978 τθδ
418 3928 509 3999 μὴν
538 3928 873 3992 ἀκούσαντας
896 3928 977 3996 τδν
1002 3929 1347 3999 έιέννησεν,
1383 3930 1733 3985 ἐπιλαθέσθαι
1761 3933 1954 4000 αὐτοὺς
1974 3936 2074 4007 τῆς
2095 3936 2154 4003 ὲξ
2180 3938 2355 4009 ἀρχῆς
2399 3936 2604 3989 ἑαυτῶν
2651 3934 2883 4005 φύσεως,
2942 3932 3055 3986 ἀλλ’
3121 3931 3207 3982 ἵνα
3248 3924 3529 3995 γινώσκω-

308 4038 403 4086 σιν,
433 4024 512 4076 ὅτι
543 4023 603 4088 ἐξ
636 4025 809 4095 ἀρχῆς
841 4024 937 4095 μέν
967 4026 1071 4076 εἰσι
1114 4025 1406 4094 κτίσματα,
1449 4025 1577 4079 ὅταν
1620 4025 1676 4079 δὲ
1720 4027 1862 4082 κατὰ
1918 4031 2080 4104 χάριν
2140 4033 2404 4101 λέγωνται
2448 4030 2760 4100 γεννᾶσθαι,
2798 4030 2874 4093 ὡς
2920 4029 3046 4085 υἱοὶ.
3089 4026 3201 4079 ἀλλ’
3242 4021 3391 4075 οὐδὲν
3435 4014 3532 4090 ἦτ-

308 4115 389 4167 τόν
417 4118 519 4169 εἱσι
554 4115 715 4170 πάλιν
747 4118 796 4169 οι
828 4116 1100 4188 ἄνθρωποι
1132 4116 1409 4187 ποιήματα
1438 4116 1579 4170 κατὰ
1612 4116 1792 4187 φύσιν.

372 4233 453 4287 σο.
479 4232 602 4287 Ὅτι
642 4233 698 4285 δὲ
738 4234 798 4286 οὐ
839 4234 1033 4287 ταύτόν
1082 4234 1198 4286 ἐστι
1230 4233 1432 4305 κτίσμα
1474 4235 1566 4289 καὶ
1594 4237 1861 4309 γέννημα,

310 4324 433 4377 ἀλλὰ
460 4327 799 4396 διεστήκασιν
825 4324 1065 4397 ἀλλήλων
1093 4329 1159 4397 τῇ
1186 4345 1243 4380 τε
1273 4328 1428 4397 φύσει
1457 4326 1549 4379 καὶ
1576 4330 1641 4396 τῇ
1668 4330 1732 4380 ὲκ
1757 4328 1865 4381 τῶν

312 4416 493 4481 λέξεων
518 4419 783 4490 σημασίᾳ,
808 4419 967 4483 αὐτὸς
990 4422 1017 4472 6
1038 4418 1239 4491 Κύριος
1276 4422 1334 4472 ἐν
1361 4420 1547 4482 αὑταῖς
1576 4421 1695 4483 ταῖς
1723 4421 1869 4491 Παρ-

2038 4237 2125 4291 60.
2159 4235 2315 4302 Quod
2339 4245 2519 4292 autem
2550 4251 2657 4291 non
2682 4235 2822 4289 idem
2850 4233 2919 4289 sit
2941 4247 3026 4285 res
3049 4236 3228 4285 creata
3258 4236 3312 4281 et
3332 4224 3531 4295 genita,

1970 4329 2063 4383 sed
2095 4328 2234 4383 inter
2256 4344 2314 4384 se
2334 4336 2389 4383 et
2412 4337 2599 4383 natura
2631 4335 2685 4381 et
2708 4325 2994 4381 verborum
3019 4320 3410 4391 signiﬁcatione
3430 4314 3536 4368 dif-

1972 4419 2170 4485 ferant,
2206 4420 2321 4490 ipse
2384 4419 2648 4475 Dominus
2689 4419 2744 4472 in
2779 4415 2968 4471 iisdem
3016 4410 3323 4467 Proverbiis
3354 4407 3535 4463 decla-

373 4596 415 4627 ”
447 4596 620 4651 Galat.
658 4613 730 4663 tv,
757 4597 810 4651 6.
884 4599 930 4631 "
962 4596 1117 4653 Joan.
1142 4615 1195 4667 ι,
1234 4598 1319 4652 I6.
1395 4600 1441 4631 ⁵⁷
1480 4599 1711 4654 Malacb.
1744 4616 1804 4665 ιι,
1841 4600 1854 4652 l

2001 4600 2046 4631 ’⁸
2083 4598 2279 4654 Cenes.
2323 4615 2361 4663 ι,
2388 4599 2477 4653 26.

385 4748 489 4815 (95)
523 4748 616 4829 Sic
649 4747 872 4819 Seguer.
902 4750 1033 4817 Reg.
1060 4748 1279 4803 anler.
1317 4748 1463 4802 Felc.
1497 4749 1521 4800 1
1564 4758 1615 4803 et
1638 4749 1690 4801 5.
1730 4748 1872 4802 Editi
1903 4753 1950 4813 D
1973 4750 2126 4813 editi,
2164 4751 2336 4873 ὑὲὦν.
2372 4749 2496 4804 Mox
2528 4749 2688 4802 πάλιν
2715 4748 2866 4827 deest
2888 4745 2941 4799 in
2963 4743 3186 4823 Seguer.
3224 4748 3277 4793 et
3308 4738 3452 4791 Felc.
3482 4737 3535 4789 6.

385 4833 438 4870 ro
457 4820 643 4883 etaln,
669 4820 804 4889 αὐτὴ
838 4821 915 4873 δέ.
951 4817 1073 4872 Mox
1116 4818 1337 4889 Seguer.
1365 4818 1583 4874 Gubler.
1635 4826 1690 4872 et
1726 4817 1869 4872 Felc.
2050 4820 2160 4889 (97)
2228 4821 2276 4875 ic
2307 4820 2530 4889 Seguer.
2562 4818 2713 4889 Reg.
2734 4815 2900 4889 Bastl.
2931 4814 3142 4889 Anglic.
3180 4809 3323 4864 Felc.
3344 4808 3379 4860 6
3400 4816 3453 4859 et
3484 4806 3535 4859 5.

322 4831 438 4890 vero
457 4828 509 4871 et
527 4819 643 4883 alii,
669 4817 804 4890 αὐτὴ
838 4821 915 4873 δέ.
951 4817 1073 4872 Mox
1116 4818 1337 4889 Seguer.
1365 4818 1583 4874 Gubler.
1635 4826 1690 4872 et
1726 4817 1869 4872 Felc.

324 4886 368 4949 1,
386 4889 486 4962 orni
496 4890 780 4962 It_u_nt,_xal
794 4886 958 4960 ’Πατή
968 4907 1017 4962 ρζ

388 4959 492 5028 (96)
524 4958 617 5028 Sic
649 4957 871 5021 Seguer.
910 4956 1134 5013 et'Fclc.
1176 4959 1228 5012 6.
1254 4957 1322 5011 At
1355 4957 1541 5028 Basili.
1572 4956 1782 5028 Anglic.
1823 4966 1881 5010 et

323 5023 595 5111 [Μῃίτοῦ
621 5029 752 5081 Υίοῦ
789 5029 1010 5100 κρᾶζον.
1046 5028 1149 5082 Alii
1180 5038 1233 5081 et
1259 5028 1409 5094 editi,
1451 5027 1544 5080 τοῦ
1570 5026 1704 5079 Θεοῦ
1737 5030 1876 5097 κρᾶ-

324 5112 421 5157 εον.

387 5167 492 5237 (95)
520 5166 613 5222 Sic
654 5166 876 5237 Seguer.
910 5168 1126 5224 Gobler.
1152 5177 1204 5223 et
1228 5166 1373 5221 Felc.
1414 5165 1465 5218 1.
1501 5163 1645 5219 Editi
1668 5180 1796 5219 vero
1825 5173 1880 5219 et

323 5234 425 5292 alii.
454 5238 627 5300 ἄλλως
652 5240 708 5291 δὲ
730 5234 836 5291 οῦκ
866 5239 950 5292 ἄν.

388 5306 495 5373 (96)
517 5308 607 5361 Sic
636 5307 862 5378 Seguer.
886 5307 1120 5378 Gobler,
1140 5306 1302 5378 Felc._
1334 5306 1356 5359 1
1383 5313 1460 5378 _et_
1483 5303 1538 5357 6.
1571 5301 1716 5357 Editi
1749 5320 1877 5378 vero

327 5382 373 5426 et
392 5378 514 5449 alii.
533 5378 621 5429 ’ίνα
654 5374 1081 5449 τὸέὰνθρώπινον
1106 5375 1346 5428 δεκτικὸν
1377 5374 1627 5449 θεότητος
1658 5374 1880 5449 ποιήσῃ,

330 5445 415 5518 καὶ
451 5447 561 5499 υἱὸν
598 5447 820 5518 καλέσῃ.
850 5432 1084 5518 Ἰιιίᾱιτῐιι
1112 5460 1303 5518 omnes
1340 5460 1497 5518 mss.,
1522 5432 1730 5518 ταρτην
1772 5432 1882 5518 ’τήν

329 5513 568 5585 ξδιάνοιαν.
620 5512 800 5582 Βαίας
824 5517 1024 5585 ταύτην
1066 5516 1319 5569 διάνοιαν.
1375 5514 1503 5585 Item
1538 5512 1749 5585 ibidemg
1778 5514 1886 5585 _Go_-

331 5582 454 5653 bler.
498 5598 551 5640 et
605 5581 789 5641 Feick.
840 5587 893 5650 1,
927 5581 1022 5639 καὶ)⁵
1054 5581 1669 5653 Μαλαχίαςηδιδάσκειχ
1726 5582 1879 5653 Οὐχί.

333 5652 484 5709 Iidem
514 5656 715 5711 ibidem
732 5666 790 5710 et
820 5655 1042 5725 Seguer.
1072 5650 1407 5725 Reg.A'Basil.
1438 5662 1491 5704 et
1518 5650 1750 5725 Anglic,
1790 5650 1884 5725 εἷς

331 5733 444 5789 post
472 5725 603 5789 θεός
625 5727 835 5780 addunt
859 5742 871 5776 :
896 5719 996 5777 'alii
1019 5732 1073 5778 et
1093 5719 1221 5777 editi
1256 5722 1529 5776 omittunt.
1558 5719 1755 5774 Ibidem
1786 5720 1884 5776 Se-

366 5796 560 5849 uerian.
588 5796 755 5850 itasil.
778 5795 991 5863 Anglic.
1016 5802 1069 5847 et
1086 5793 1230 5847 Felc.
1252 5792 1311 5863 6,
1338 5791 1498 5863 ὑμᾶς.
1523 5789 1665 5863 Editi
1692 5799 1746 5843 ct
1769 5790 1881 5863 alii,

365 5866 484 5932 μᾶς.
516 5866 740 5921 Gobier.
779 5873 837 5919 et
870 5860 1047 5918 "Felc.
1086 5864 1150 5930 I,
1189 5860 1542 5930 ἱ1›ἱό.,ήμὼν.
1594 5860 1784 5915 Cancri
1830 5869 1886 5913 et

2050 4806 2160 4888 (ΣΠ)
2186 4806 2276 4875 Sic
2307 4820 2530 4887 Seguer.
2562 4818 2692 4888 Reg.
2734 4815 2900 4888 Basil.
2931 4806 3142 4888 Anglic.
3180 4809 3323 4864 Felc.
3344 4808 3379 4860 6
3400 4816 3453 4859 et
3484 4806 3537 4859 5.

2050 4831 2163 4901 (97)
2186 4831 2276 4875 διο
2307 4831 2530 4901 ﬁeguer.
2562 4831 2692 4888 Heg.
2734 4831 2900 4901 uasrt.
2931 4831 3142 4936 Anglic.
3180 4831 3303 4864 rete

1975 4892 2044 4945 At
2076 4891 2165 4943 ain
2197 4900 2250 4943 et
2277 4891 2443 4944 cdttto
2476 4888 2767 4959 Comntel.,
2800 4901 3012 4959 zatgu'r
3057 4924 3072 4936 .
3163 4950 3174 4959 ι
3270 4947 3303 4959 __

2049 4959 2382 5031 (98)_Basil.,
2411 4959 2596 5031 ἀΐδιον.
2637 4947 2839 5031 Ibidem
2869 4953 3130 5031 ‘Seguer‘x
3149 4947 3433 5031 Anglican.
3452 4951 3546 5031 ft

1976 5013 2127 5084 Feic.
2146 5013 2207 5093 '4,
2241 5013 2464 5094 addunt,
2491 5029 2585 5081 καὶ
2615 5029 2675 5080 οὐ
2703 5026 2764 5079 τὸ
2794 5013 3017 5094 κτίσμῐι,
3048 5021 3181 5094 ἀλλα
3212 5013 3273 5094 τᾷ)
3297 5013 3419 5094 rip;
3449 5013 3544 5094 τεφῦ

1979 5083 2363 5170 Πατρόςὲστιν
2392 5083 2541 5163 ῖδίον,
2568 5112 2690 5168 qua:
2723 5099 2779 5151 in
2812 5083 2933 5149 aliis
2960 5083 3015 5147 et
3038 5089 3197 5144 editis
3226 5083 3545 5152 desidet'att-g

1980 5180 2087 5224 tur.

2052 5220 2171 5318 (99)
2192 5236 2349 5306 “03-,
2367 5237 2839 5318 ﬁpdc._mendose.
2865 5230 3040 5286 Editio
3060 5224 3348 5287 Commel.,
3370 5220 3541 5289 ὑμῶν.

1983 5308 2626 5379 ϐωιοιέὶγοῐιιιιεείήμῶν.
2684 5375 2715 5379 __
2786 5372 2796 5379 _
2891 5370 2923 5379 __
3004 5366 3046 5379 ﬁ
3081 5366 3094 5379 ε
3189 5364 3203 5379 ,
3244 5370 3283 5379 __
3319 5360 3346 5379 μ
3402 5357 3503 5379 1“,

2056 5359 2142 5448 ω’
2158 5359 2546 5448 ἐέέᾶέὶτῖίιὲξτ
2575 5375 2739 5448 Basil.
2771 5370 2987 5448 Αιηςιιεζ
3004 5366 3162 5448 lieneA
3177 5364 3211 5416 ι
3235 5370 3296 5448 ει
3312 5360 3368 5448 ε,
3399 5359 3547 5448 εἶξιν

1987 5427 2139 5501 Υιὸΰί
2169 5427 2742 5509 Ἑὲᾗῖὲῐὲῑῖιξὲξςτι
2801 5427 2893 5492 τοῦ
2926 5436 3075 5491 Υἱοῦ.
3130 5433 3353 5502 Seguer.
3414 5427 3546 5481 ibid.

1988 5517 2212 5588 omittit,
2242 5516 2537 5588 δηλωτικόν
2567 5517 2700 5588 ἐστι.

2060 5566 2843 5657 (ἧῖεέὗᾶτᾷἓέάλιγίΜωειῆς·
2877 5576 3189 5657 Gabar-3‘
3222 5569 3365 5657 ιρις·
3382 5566 3549 5657 .13}?

1989 5635 2513 5728 τῇκῖζὶέῇέῗ-πρῶτον
2531 5652 2593 5728 τὸ
2621 5635 2889 5728 excissa-.0.
2932 5641 3331 5728 Ibidiseguerg.

1989 5704 2499 5795 Axiiglicrjetanﬁelc.‘
2526 5720 2596 5791 4‘,
2633 5718 2918 5790 ἐκτήσατο.
2956 5704 3099 5769 Edili
3130 5704 3209 5769 ρι’
3231 5708 3322 5764 alii
3343 5748 3357 5775 ,
3408 5704 3554 5758 ἐκτί-

1991 5812 2135 5849 σατο.
