3948 6236
389 347 496 405 275

979 346 1037 405 S.
1077 345 1445 404 ATHANASII
1483 349 1632 406 OPP.
1673 350 1852 409 PARS
1889 353 1929 409 1.
1972 388 2039 398 ——
2079 356 2447 414 HISTORICA
2484 359 2572 414 ET
2612 360 3026 417 DOGMATICA.

3522 368 3623 434 E76

378 472 483 518 rat.
506 461 641 517 Nam
684 470 971 532 postquam
1020 463 1196 520 dixit:
1235 464 1486 520 Dominus
1525 470 1716 523 creavit
1745 486 1825 524 me
1850 471 1946 523 ini-

2053 476 2258 545 οιμίαις
2311 475 2596 531 δείκνυσιν.
2651 477 2898 548 Εἱρηκὼς
2927 477 3036 550 γὰρ
3065 477 3125 530 τό
3155 480 3253 548 (-5),
3290 481 3500 547 Κύριος
3529 481 3628 533 ἐκ·

379 555 512 607 tium
545 554 752 608 viarum
793 571 1012 609 suarum
1040 557 1108 624 ⁸⁸,
1146 557 1418 612 subdidit:
1443 559 1579 614 Ante
1601 577 1776 616 omnes
1803 561 1958 617 colles

377 649 547 719 gignit
585 664 666 702 me
691 649 731 702 ί.
777 647 934 716 Quod
964 651 1011 706 si
1057 650 1293 707 Verbum
1321 662 1514 708 natura
1557 665 1612 711 et
1650 656 1965 712 substantia-

380 749 629 794 creatum
653 749 824 808 esset,
857 741 1103 811 nihilque
1139 758 1253 798 rem
1285 743 1521 815 gen-itam
1558 747 1699 802 inter
1723 757 1777 802 et
1804 763 1958 804 crea-

378 835 489 884 tam
511 828 770 895 differret,
790 845 900 885 non
921 831 1468 906 subjunxissetgignit
1484 851 1581 900 me,
1603 836 1697 892 sed
1713 837 1847 892 satis
1866 838 1960 892 ba-

377 920 584 984 buisset
601 921 892 978 dictionem
922 926 1116 980 creavit
1144 941 1430 997 usurpare,
1458 929 1656 999 quippe
1677 945 1797 1000 quae
1815 931 1956 987 idem

378 1028 463 1078 ac,
492 1015 689 1082 genuit,
707 1015 1057 1086 signiﬁcaret.
1089 1016 1289 1073 Verum
1315 1019 1407 1074 ubi
1436 1019 1604 1075 dixit:
1633 1020 1838 1076 Creavit
1878 1039 1958 1077 me

380 1105 593 1158 initium
614 1107 818 1160 viarum
835 1123 1054 1162 suarum
1074 1110 1132 1164 in
1157 1127 1314 1180 opera
1339 1126 1460 1176 tua,
1492 1125 1599 1165 non
1631 1111 1952 1182 simpliciter

380 1195 589 1250 addidit
618 1197 794 1268 genuit
812 1213 910 1265 me,
933 1200 1026 1254 sed
1049 1215 1173 1255 cum
1199 1199 1579 1270 conjunctione
1602 1217 1741 1268 vero,
1762 1212 1823 1257 ut
1851 1203 1956 1259 hoc

378 1287 542 1342 modo
594 1287 887 1344 dictionem
929 1291 1124 1345 creauit
1166 1292 1534 1359 conﬁrmaret,
1587 1307 1709 1347 cum
1753 1293 1886 1349 dicit
1937 1313 1950 1349 :

378 1375 513 1431 Ante
545 1394 720 1432 omnes
741 1395 859 1433 vero
883 1378 1041 1435 colles
1064 1381 1229 1451 gignit
1265 1398 1364 1436 me.
1399 1379 1535 1436 Nam
1567 1382 1789 1438 verbum
1807 1400 1955 1438 crea-

377 1475 473 1540 vit,
500 1488 625 1528 cum
644 1475 909 1531 vocabulo
924 1477 1090 1546 gignit
1105 1493 1184 1530 me
1211 1476 1588 1547 conjunctum,
1609 1494 1772 1534 unam
1792 1479 1955 1551 perﬁ-

377 1563 450 1618 cit
479 1565 828 1633 sententiam,
862 1566 1174 1636 indicatque
1207 1565 1447 1635 aliquam
1475 1567 1548 1622 ob
1581 1582 1804 1624 causam
1871 1570 1956 1625 di—

377 1663 523 1710 ctum
556 1671 698 1722 esse,
728 1659 921 1712 creauit
941 1699 960 1724 ,
999 1667 1151 1725 utet,
1173 1659 1344 1730 gignit
1372 1675 1475 1725 me,
1509 1675 1632 1716 esse
1659 1671 1787 1718 ante
1809 1679 1955 1717 crea-

376 1747 472 1801 vit.
498 1745 975 1813 Quemadmodum.
995 1749 1141 1804 enim
1169 1749 1215 1805 si
1249 1765 1441 1806 rursus
1479 1751 1732 1820 dixisset,
1765 1753 1954 1808 Denti-

379 1853 479 1891 nus
531 1840 701 1909 gignit
754 1857 856 1906 me,
919 1839 1222 1910 deindeque
1269 1841 1567 1898 addidisset
1610 1819 1732 1899 ante
1782 1861 1957 1900 omnes
1987 1819 2030 1873 Β

376 1946 495 1983 vero
525 1931 687 1986 colles.
715 1932 909 1986 creavit
954 1947 1055 1998 me,
1086 1929 1354 2000 profecto,
1382 1935 1601 2000 creavit,
1633 1935 1785 2005 prius
1807 1945 1955 1993 esset

377 2037 549 2090 quam
580 2024 757 2092 genuit
781 2038 803 2076 :.
827 2022 900 2077 ita
921 2022 1360 2092 quandoquidem
1378 2025 1612 2094 primum
1635 2028 1789 2095 dixit,
1811 2045 1956 2084 crea-

374 2116 469 2178 vit,
499 2114 693 2169 deinde
735 2114 1037 2185 subiunxit,
1065 2123 1186 2168 ante
1215 2131 1396 2170 omnes
1423 2133 1543 2171 vero
1591 2119 1761 2189 gignit
1782 2136 1864 2175 me
1912 2122 1952 2186 ¹-,

375 2205 694 2260 necessario
717 2205 954 2261 ostendit
975 2208 1152 2276 genuit
1202 2207 1351 2278 prius
1391 2224 1513 2266 esse
1539 2226 1706 2281 quam
1737 2213 1949 2268 ereavit.

374 2294 620 2366 Namque
636 2297 885 2366 dicendo,
906 2309 1027 2354 ante
1053 2317 1227 2356 omnes
1244 2318 1362 2356 vero
1387 2303 1554 2374 gignit
1577 2321 1678 2370 me,
1704 2320 1764 2360 se
1785 2304 1952 2361 alium

376 2389 446 2444 ab
474 2390 734 2447 omnibus
759 2407 882 2448 esse
927 2393 1188 2461 declarat,
1207 2410 1332 2451 cum
1358 2410 1423 2451 ex
1439 2411 1614 2466 supra,
1631 2397 1790 2454 dictis
1819 2413 1953 2453 con-

375 2487 503 2547 stet,
523 2479 727 2535 nullam
754 2497 786 2536 e
808 2482 972 2537 rebus
998 2483 1197 2539 creatis
1212 2484 1366 2554 prius
1390 2485 1558 2540 altera
1582 2484 1780 2542 factam
1802 2501 1957 2550 esse,

372 2572 468 2626 sed
494 2586 582 2628 res
614 2587 816 2629 omnes
832 2571 1005 2630 factas
1041 2589 1151 2631 uno
1173 2576 1474 2647 eodemque
1497 2579 1754 2634 mandato
1782 2581 1947 2635 simul

372 2662 672 2720 exstitisse.
690 2662 829 2722 Hinc
849 2681 952 2721 nec
972 2667 1160 2722 eadem
1187 2667 1442 2738 adjuncta
1469 2679 1597 2725 sunt
1618 2670 1949 2727 dictionibus

370 2755 600 2820 creauit,
619 2763 680 2811 et
717 2757 889 2828 gignit-
923 2773 1051 2812 me:
1099 2758 1194 2814 sed
1240 2767 1399 2829 post,
1447 2761 1664 2828 creavit,
1708 2762 1946 2827 additur,

371 2837 696 2915 principium
735 2847 942 2902 uiarum
963 2865 982 2902 :
1017 2857 1074 2904 at
1104 2863 1215 2904 non
1245 2850 1388 2905 dixit
1415 2851 1744 2921 principium
1779 2852 1980 2923 gignit-

373 2952 483 3005 me,
523 2938 642 3003 sed,
687 2946 808 2992 ante
851 2955 1026 2993 omnes
1072 2946 1238 3010 gignit
1275 2957 1374 2996 me.
1419 2942 1596 3012 Atqui
1617 2944 1662 2998 is
1691 2944 1949 3014 quiante

371 3046 566 3087 omnes
606 3038 712 3100 est,
748 3047 858 3088 non
891 3041 975 3089 est
1007 3032 1254 3089 omnium
1285 3033 1631 3105 principium,
1665 3036 1759 3091 sed
1805 3036 1956 3092 alius

367 3132 454 3180 est
477 3124 547 3180 ab
575 3123 850 3181 omnibus.
871 3125 1027 3193 Quod
1052 3125 1098 3180 si
1121 3126 1259 3181 alius
1287 3136 1372 3182 est
1401 3128 1471 3182 ab
1503 3127 1781 3194 omnibus,
1803 3127 1944 3184 inter
1967 3167 2010 3228 α

367 3216 683 3286 quaipsum
704 3232 927 3288 quoque
953 3217 1281 3288 principium
1310 3219 1555 3273 omnium
1584 3221 1942 3290 comprehen-

368 3304 547 3361 ditur:
582 3305 727 3361 haud
753 3306 977 3364 dubium
1001 3316 1086 3363 est
1112 3307 1244 3378 quin
1275 3308 1416 3365 alius
1440 3310 1511 3365 sit
1538 3325 1571 3363 a
1601 3309 1764 3366 rebus
1789 3326 1942 3366 crea-

370 3397 460 3453 tis.
479 3396 562 3465 tEt
603 3398 832 3469 proinde
855 3415 981 3456 cum
1015 3399 1249 3456 Verbum
1278 3401 1440 3456 'aliud
1467 3402 1538 3458 sit
1566 3403 1635 3457 ab
1661 3403 1940 3466 omnibus.

367 3497 530 3558 atque
549 3497 676 3545 ante
702 3489 888 3545 omnia
909 3489 1397 3557 exsistat,.evidons
1419 3505 1502 3548 est
1523 3494 1700 3563 ipsum
1732 3503 1939 3564 postea,

369 3580 607 3634 humana
635 3589 915 3651 assumpta
932 3594 1150 3645 natura,
1180 3584 1354 3639 creari
1375 3585 1700 3656 principium
1729 3586 1940 3642 viarum

365 3671 421 3726 in
469 3687 657 3741 opera,
689 3681 768 3740 ut,
808 3674 1269 3744 quemadmodum
1327 3677 1406 3732 ait
1441 3676 1742 3748 Apostolus
1762 3681 1805 3745 ³,
1848 3678 1941 3734 ille

364 3765 460 3835 qui
482 3765 883 3836 principium—et
901 3767 1300 3839 primogenitus
1326 3777 1411 3826 est
1424 3785 1497 3826 ex
1520 3771 1770 3842 mortuis,
1794 3771 1936 3830 idem

365 3855 482 3925 ipse
513 3857 570 3912 in
602 3859 856 3915 omnibus
881 3861 1178 3931 primatum
1213 3869 1418 3917 teneat.

437 4035 527 4091 6i.
550 4036 888 4110 Quapropter
923 4055 1049 4097 cum
1078 4040 1134 4096 id
1161 4039 1494 4096 discriminis
1528 4039 1826 4097 intercedat
1854 4040 1938 4095 in-

368 4137 468 4196 ter,
496 4133 712 4196 creavit,
747 4140 821 4199 et,
847 4133 1016 4203 gignit
1038 4150 1138 4199 nte,
1157 4143 1340 4203 atque,
1355 4134 1675 4204 principium
1708 4135 1934 4198 viarum,

364 4228 445 4286 et,
468 4230 590 4275 ante
621 4239 819 4292 omnes,
855 4225 1286 4280 concludendum
1311 4236 1395 4282 est
1422 4225 1592 4282 Deum
1635 4225 1727 4296 qui
1761 4224 1936 4280 homi-

362 4328 499 4367 nam
538 4325 753 4370 creator
778 4325 888 4383 est,
937 4332 1032 4387 per
1059 4332 1217 4372 suum
1253 4318 1514 4382 Verbum,
1544 4317 1690 4389 quod
1723 4317 1776 4371 in
1828 4316 1936 4372 illis

363 4403 591 4472 habitat,
632 4407 950 4462 eorumdem
976 4407 1190 4464 Patrem
1222 4420 1414 4481 postea
1465 4410 1603 4466 ﬁeri.
1648 4409 1725 4466 De
1757 4409 1934 4466 Verbo

363 4502 545 4550 autem
575 4496 847 4552 contraria
874 4497 1100 4553 omnino
1127 4507 1210 4554 est
1253 4498 1414 4556 ratio.
1451 4497 1732 4570 Siquidem
1765 4499 1937 4568 Deus,

433 4631 479 4664 ”
514 4630 677 4689 Prov.
713 4649 832 4701 vm,
856 4633 946 4689 22.
1027 4637 1045 4668 ι
1089 4636 1224 4692 ibid.
1257 4637 1349 4693 25.
1424 4639 1446 4670 ³
1476 4636 1690 4695 Coloss.
1738 4655 1778 4704 ι,
1808 4638 1894 4693 18.

430 4750 509 4820 ('5)
539 4750 631 4806 Sic
659 4750 1308 4820 Seguerian..Goblerian.
1331 4755 1477 4811 Fclc.
1509 4758 1533 4810 1
1559 4766 1612 4811 et
1641 4757 1695 4811 4.
1723 4756 1779 4810 In
1810 4759 1933 4814 aliis
1967 4761 2011 4817 ι’)

237 4817 250 4884 3,
358 4817 694 4895 etjeditisA'cé
716 4817 889 4895 deest.
913 4825 1038 4880 Mox
1080 4825 1396 4895 Seguerian.
1445 4827 1576 4894 Reg.
1610 4837 1663 4882 et
1692 4827 1840 4883 Fclc.
1877 4830 1938 4895 5,

358 4891 577 4962 πάντων
608 4891 832 4962 βουνῶν.
864 4893 967 4949 Alii
990 4903 1044 4950 et
1072 4891 1224 4958 editi,
1261 4897 1480 4950 πάντων
1513 4891 1622 4952 τῶν

434 4961 509 5028 (4)
547 4961 889 5033 Séguerian.,
924 4965 1139 5029 ἁπλῶς,
1204 4968 1330 5036 εννᾷ
1399 4985 1446 5021 ε.

434 5032 504 5088 (5)
537 5031 859 5088 Seauerian.
898 5035 1028 5088 Rea.
1061 5046 1115 5088 et
1156 4981 1300 5088 Sele.
1356 4984 1422 5088 ἕ.

429 5032 504 5107 (5)
537 5031 859 5107 δεέῃετίαη.
898 5035 1028 5106 Reg.
1061 5046 1115 5107 et
1156 5031 1316 5107 Felcf
1356 5031 1424 5107 5,
1465 5039 1682 5092 πάντων
1712 5037 1936 5107 βουνῶν.

359 5101 500 5180 Editi
527 5111 590 5180 _et
619 5101 1119 5180 είίἱηπάντῳνίτῶν
1155 5105 1388 5180 βουνῶμν.
1411 5106 1546 5162 Ibid.
1588 5101 1935 5180 Seguerian.,

360 5171 450 5245 Ἰξῴ
480 5172 772 5245 γὰρ-γεννᾷ
810 5192 876 5245 με
898 5177 962 5229 τὸ
995 5171 1196 5230 ἔκτισε.
1247 5175 1561 5232 Felekman.
1596 5171 1735 5240 εδει
1769 5171 1936 5234 editio

359 5240 647 5312 Commél.,
677 5240 884 5314 βουνῶν
917 5248 1081 5322 γεννᾷ
1106 5264 1195 5318 με,
1228 5248 1287 5301 τὸ
1307 5247 1487 5301 ἔκτισε
1517 5249 1936 5322 συμπεπλεγμέ-

360 5326 486 5372 νως.
1036 5320 1045 5330 '

433 5380 514 5460 (6)
547 5379 893 5460 Segueriann
943 5386 1397 5460 πάντων-ἔκτισέ
1432 5406 1518 5460 με.
1567 5389 1700 5459 Reg.
1759 5390 1924 5444 Basil.

360 5449 572 5530 Anglic.
595 5449 648 5530 et
668 5449 896 5530 Fclc.},
924 5458 1378 5530 gravemvﬁouvibv
1410 5449 1590 5530 ἔκτισὲ
1749 5461 1854 5514 Alii
1876 5470 1930 5514 et

357 5521 511 5600 editi,
543 5520 888 5600 adv-curvndiv
917 5520 1338 5600 ﬁOUVQYﬁ-Xttcé
1360 5546 1468 5600 με.)
1491 5520 1640 5583 Ibid:
1675 5529 1924 5598 Seguer.,

355 5589 418 5670 οἰδ
438 5589 618 5670 ἔκτισε
649 5593 744 5645 τοῦ
769 5589 1074 5670 ἐγέννησεν.
1102 5596 1264 5664 Editi,
1298 5589 1472 5652 toto?)
1511 5589 1788 5670 ἐγέννησε,
1819 5589 1924 5655 etc:

354 5661 705 5736 CafLerimss.
735 5661 877 5736 utin
901 5661 1098 5736 textu,
1250 5661 1258 5664 ν
1381 5729 1396 5736 -

427 5731 505 5797 (7)
533 5731 876 5802 Segucrian.,
902 5737 980 5797 τὸ,
1012 5733 1264 5807 ἐγέννησε
1325 5731 1464 5794 Editi
1495 5748 1547 5795 cl
1577 5740 1690 5807 alii,
1715 5739 1774 5793 τὸ
1809 5740 1928 5807 γέν-

356 5817 522 5873 νημα.

1661 4897 1886 4968 βουνῶν.

2059 566 2189 620 τισέ
2230 584 2305 635 με
2355 566 2553 636 ἀρχὴν
2595 567 2752 621 ὁδῶν
2805 565 3012 635 αὑτοῦ,
3062 571 3342 640 ἐπήγαγε·
3392 571 3511 638 Πρὸ
3557 571 3628 624 δὲ

2058 657 2296 711 πάντων
2312 657 2556 723 ,Βουνῶν
2584 659 2764 730 γεννᾷ
2787 679 2882 730 με.
2911 663 2973 715 Ei
3006 662 3103 733 μὲν
3134 659 3225 716 οὖν
3251 658 3318 733 ἦν
3348 662 3504 730 φύσει
3531 664 3627 716 καὶ

2055 751 2122 820 τῇ
2152 749 2309 821 οὐσίᾳ
2332 749 2536 821 κτίσμα
2571 750 2601 802 ὁ
2630 751 2818 820 Λόγος,
2847 751 2939 804 καὶ
2965 751 3193 824 διαφορά
3215 749 3283 824 ἦν
3308 751 3402 804 τού
3437 755 3627 825 γεννή-

2059 857 2226 911 ματος
2277 842 2414 912 πρδς
2437 841 2497 894 τὸ
2528 842 2750 912 κτίσμα,
2780 843 2877 896 οὐκ
2925 843 2992 916 ᾃν
3039 846 3278 916 ἐπήγαγε
3321 843 3400 908 τὸ,
3439 841 3625 913 γεννᾷ

2049 950 2146 1003 με,
2175 932 2290 988 ἀλλ’
2319 935 2541 1005 ἠρκεῖτο
2569 934 2667 1005 τῷ,
2695 935 2952 998 ἔκτισεν,
2979 935 3054 998 ὡς
3078 936 3176 1006 τῆς
3205 933 3399 1001 λέξεως
3423 935 3626 1005 ταύτης

2058 1025 2428 1097 σημαινούσης
2454 1026 2536 1091 τὸ,
2559 1026 2874 1096 ἐγέννησε·
2901 1027 2996 1082 νῦν
3026 1028 3082 1081 δὲ
3108 1027 3362 1100 εἰρηκὼς,
3390 1027 3627 1081 Ἕκτισέ

2049 1135 2126 1188 με
2161 1118 2360 1188 ἀρχὴν
2385 1117 2540 1174 ὁδῶν
2575 1119 2762 1174 αὐτοῦ
2806 1122 2895 1186 εὶς
2929 1119 3070 1188 ἔργα
3113 1119 3318 1184 αὐτοῦ,
3348 1119 3624 1190 ἐπήγαγεν

2053 1211 2151 1281 οὐχ
2179 1211 2364 1275 ἁπλῶς
2399 1212 2478 1278 τὺ,
2507 1212 2690 1282 γεννᾷ
2711 1229 2787 1283 με
2821 1213 2926 1284 (4),
2955 1213 3092 1268 ἀλλὰ
3129 1213 3264 1284 μετά
3309 1212 3626 1283 συμπλοκῆς

2052 1302 2167 1368 τοῦ,
2192 1303 2279 1369 δὲ,
2305 1304 2620 1375 συνδέσμου,
2650 1304 2725 1368 ὡς
2765 1301 3191 1376 ἀσφαλιζόμενος
3219 1307 3277 1357 ὲν
3313 1303 3484 1374 τούτῳ
3527 1302 3626 1374 τὴν

2053 1395 2166 1461 τοῦ,
2201 1396 2424 1460 ἔκτισε,
2470 1394 2634 1461 λέξιν,
2671 1395 2873 1463 λέγων’
2912 1395 3031 1464 Πρὸ
3083 1394 3152 1448 δὲ
3193 1393 3432 1448 πάντων
3476 1393 3628 1457 ,βου-

2052 1485 2175 1541 νῶν
2204 1472 2280 1560 (5)
2313 1486 2496 1556 γεννᾷ
2525 1503 2621 1557 με.
2666 1488 2740 1540 Τὸ
2785 1486 2914 1560 γὰρ,
2936 1485 3121 1558 γεννᾷ
3138 1502 3234 1554 με,
3273 1483 3371 1554 τῷ,
3398 1483 3623 1545 ἔκτισε,

2054 1579 2557 1650 συμπεπλεγμένως
2597 1579 2991 1651 ἐπιφερόμενον
3033 1577 3162 1648 μίαν
3197 1574 3468 1646 ποιεῖτὴν
3513 1573 3626 1629 διά-

2053 1688 2199 1724 νοιαν
2221 1673 2319 1725 κα).⁸
2349 1671 2638 1738 δείκνυσιν,
2667 1673 2745 1725 ὅτι
2789 1671 2850 1725 τὸ
2894 1671 3012 1741 μὲν,
3033 1669 3252 1732 ἔκτισε,
3282 1667 3371 1720 διά
3393 1683 3444 1719 τι
3470 1665 3625 1737 εἴρη-

2054 1780 2164 1816 ται·
2192 1765 2254 1816 τὸ
2291 1763 2348 1817 δὲ
2369 1761 2550 1833 γεννᾷ
2565 1779 2662 1832 με,
2688 1763 2792 1834 πρὸ
2811 1761 2926 1826 τοῦ,
2951 1761 3208 1826 ἔκτισεν,
3230 1757 3394 1812 ἐστίν.
3416 1757 3628 1827 Ὠσπερ

2058 1855 2167 1927 γὰρ
2193 1857 2240 1910 εί
2266 1855 2500 1927 ἔμπαλιν
2531 1855 2760 1927 εἰρήκει,
2797 1855 3008 1923 Κύριος
3043 1849 3227 1922 γεννᾷ
3254 1868 3351 1921 με,
3391 1848 3486 1904 καὶ
3527 1851 3627 1902 ὲπ-

2057 1947 2220 2018 έφερε
2239 1964 2253 1977 ’
2287 1947 2406 2015 Πρὸ
2436 1946 2504 2000 δὲ
2530 1945 2770 2001 πάντων
2793 1944 3037 2011 ,βουνῶν
3067 1944 3266 1998 ἔκτισε
3294 1941 3630 2014 με(6),πάν-

2054 2054 2161 2100 τως
2187 2038 2477 2108 προηγεῖτο
2513 2035 2629 2100 τοῦ,
2667 2035 2976 2106 ἐγέννησε,
3007 2033 3099 2099 τὸ,
3137 2032 3405 2086 ἔκτισεν·
3450 2029 3625 2092 οὕτως

2054 2127 2288 2200 εἰρηκὼς
2319 2127 2552 2198 πρῶτον,
2581 2127 2839 2191 ἔκτισεν,
2877 2122 2998 2180 εἶτα
3039 2122 3354 2193 ἐπαγαγὼν,
3399 2120 3512 2190 πρὸ
3552 2119 3624 2174 δὲ

2053 2219 2291 2274 πάντων
2315 2216 2496 2289 γεννᾷ
2524 2236 2621 2288 με,
2648 2219 2707 2285 ἐξ
2735 2217 2978 2289 ἀνάγκης
3005 2216 3239 2270 δείκνυσι
3267 2211 3624 2286 προηγεῖσθαι

2049 2311 2130 2374 τὸ,
2154 2310 2444 2381 ἐγέννησε
2470 2309 2568 2382 (7),
2593 2310 2711 2376 τοῦ,
2753 2310 2973 2364 ἔκτισε.
3015 2310 3126 2363 Καὶ
3152 2308 3260 2380 γὰρ
3301 2308 3394 2362 καὶ
3427 2306 3625 2375 λέγων,

2050 2402 2164 2471 πρὸ
2210 2402 2449 2458 πάντων
2495 2401 2678 2473 γεννᾷ
2721 2419 2799 2472 με
2822 2441 2837 2467 ,
2894 2401 3051 2456 ἄλλον
3103 2400 3290 2455 ἑαυτὸν
3327 2395 3464 2453 εἶναι
3510 2396 3627 2450 τῶν

2050 2492 2266 2546 πάντων
2295 2493 2570 2565 σημαίνει,
2601 2492 2850 2563 δειξάσης
2892 2493 2952 2545 ὲν
2990 2493 3101 2555 τοῖς
3138 2489 3244 2564 πρὸ
3283 2487 3483 2542 τούτων
3519 2486 3624 2556 τῆς

2047 2583 2322 2656 ἀληθείας,
2351 2585 2432 2638 ὅτι
2465 2584 2594 2658 περὶ
2634 2583 2710 2654 (8)
2734 2583 2841 2636 τῶν
2883 2581 3197 2653 κτισμάτων
3249 2579 3413 2632 οὐδὲψ
3437 2577 3630 2647 ἕτερον

2046 2676 2151 2730 τοῦ¹
2175 2676 2361 2749 ἐτέρου
2401 2677 2748 2748 προγέγονεν,
2787 2675 2901 2729 ἀλλ’
2949 2673 3162 2745 ἀθρόως
3208 2673 3324 2742 ἅμα
3354 2670 3527 2723 πάντα
3553 2667 3630 2720 τὰ

2046 2771 2246 2842 γενητά
2281 2770 2356 2842 (9)
2382 2771 2464 2824 ἐν).
2511 2770 2603 2823 καὶ
2649 2768 2726 2839 τῷ
2775 2767 2923 2837 αὐτῷ
2965 2765 3344 2839 προστάγματι
3390 2760 3618 2830 ὑπέστη.

2044 2863 2143 2918 Διά
2176 2863 2333 2917 τοῦτο
2376 2862 2508 2932 γοῦν
2548 2861 2669 2916 οὐδὲ
2707 2859 2778 2914 τά
2817 2861 2909 2913 ἐπὶ
2935 2859 3052 2924 τοῦ,
3086 2859 3303 2921 ἔκτισε,
3333 2853 3502 2908 ταῦτα
3525 2851 3625 2905 καὶ

2042 2954 2138 3009 ἐπὶ
2160 2953 2276 3020 τοῦ,
2305 2953 2488 3025 γεννᾷ
2509 2971 2604 3024 με,
2630 2955 2804 3008 κεῖται
2822 2971 2836 2984 ·
2865 2952 2979 3006 ἀλλ’
2999 2951 3094 3004 ἐπὶ
3126 2949 3224 3020 μὲν
3255 2946 3370 3003 τοῦ.
3395 2944 3624 3007 ἔκτισε,

2042 3048 2237 3112 κεῖται,
2261 3045 2465 3117 ἀρχὴν·
2480 3045 2661 3101 ὁδῶνο
2687 3045 2779 3099 ἐπὶ
2807 3045 2863 3098 δὲ
2884 3043 2997 3109 τοῦ,
3019 3039 3198 3112 γεννᾷ
3207 3056 3303 3110 με,
3325 3038 3422 3091 οὐκ
3443 3030 3621 3100 εἷπεν,

2041 3139 2216 3212 ἀρχὴν
2270 3138 2436 3209 γεννᾷ
2488 3154 2556 3208 με
2581 3177 2597 3204 ,
2647 3135 2782 3190 ἀλλὰ
2803 3177 2818 3202 ,
2857 3134 2968 3204 πρὸ
3015 3133 3254 3187 πάντων
3293 3126 3474 3199 γεννᾷ
3514 3144 3614 3197 με.

2056 3230 2115 3287 '0
2137 3231 2193 3284 δὲ
2215 3231 2324 3302 (10)
2342 3230 2445 3301 πρὸ
2466 3230 2680 3284 πάντων
2698 3228 2772 3283 ὢν
2796 3229 2896 3282 οὐκ
2939 3227 3083 3280 ἔστιν
3111 3223 3252 3296 ἀρχὴ
3267 3221 3375 3276 τῶν
3402 3221 3625 3276 πάντων

2043 3322 2160 3380 ἀλλ’
2183 3322 2346 3386 ἄλλος
2360 3323 2475 3377 ἐστὶ
2491 3321 2610 3376 τῶν
2627 3321 2860 3376 πάντων.
2886 3321 2948 3374 Ei
2971 3320 3026 3373 δὲ
3042 3318 3197 3381 ἄλλος
3213 3315 3328 3369 ἐστὶ
3351 3314 3460 3369 τῶν
3481 3313 3624 3366 πάν-

2041 3430 2171 3480 των,
2189 3413 2247 3466 ὲν
2267 3407 2347 3476 οἷς
2377 3413 2471 3467 καὶ
2493 3413 2531 3484 ήλ
2548 3411 2689 3484 ἀρχὴ
2715 3410 2822 3464 τῶν
2845 3410 3059 3464 πάντων
3079 3405 3416 3478 σημαίνεται,
3459 3402 3620 3472 δῆλον

2041 3501 2124 3554 ὅτι
2146 3498 2304 3564 ἀλλος
2326 3500 2443 3554 ἐστὶ
2459 3499 2571 3553 τῶν
2602 3498 2912 3570 κτισμάτων
2931 3515 2944 3528 ·
2980 3497 3075 3552 καὶ
3111 3495 3422 3550 συνίσταται
3454 3508 3622 3558 φανε-

2043 3592 2174 3664 ρῶς,
2199 3592 2280 3645 ὅτι
2315 3591 2424 3664 (11)
2464 3590 2620 3655 ἄλλος
2640 3590 2715 3644 ὢν
2743 3592 2772 3644 ὁ
2793 3590 2966 3660 Λόγος
2995 3588 3102 3642 τῶν
3133 3588 3347 3643 πάντων
3376 3584 3469 3638 καί
3508 3583 3623 3654 πρὸ

2041 3683 2256 3737 πάντων
2278 3681 2375 3746 ὢν,
2410 3681 2632 3752 ὕστερον
2660 3679 2898 3744 κτίζεται
2923 3677 3064 3750 ἁρχὴ
3087 3677 3199 3731 τῶν
3216 3675 3348 3730 ὁδῶν
3369 3676 3446 3737 είς
3479 3673 3619 3745 ἔργα

2037 3773 2126 3827 διὰ
2158 3773 2267 3846 (12)
2292 3773 2390 3844 τὴν
2410 3771 2839 3844 ὲνανθρώπησιν,
2869 3771 2976 3834 ἵνα,
3002 3769 3078 3833 ὡς
3102 3764 3253 3822 εἷπεν
3277 3769 3305 3821 ὁ
3354 3767 3610 3820 Ἀπόστο-

2037 3864 2146 3929 λος,
2191 3865 2252 3928 ὃς
2295 3865 2443 3917 ἐστιν
2476 3861 2617 3933 ἀρχὴ
2656 3861 2993 3933 πρωτότοκος
3027 3861 3091 3913 ἐκ
3123 3857 3230 3912 τῶν
3272 3855 3497 3927 νεκρῶν,
3521 3855 3613 3908 ἵνα

2037 3951 2257 4022 γένηται
2286 3951 2344 4005 ὲν
2372 3951 2536 4005 πᾶσιν
2563 3948 2725 4014 αὐτὸς
2752 3947 3046 4020 πρωτεύων
3073 3946 3216 4019 (15).

2107 4041 2194 4100 61.
2230 4039 2492 4112 Τοιαύτης
2529 4039 2706 4096 τοίνυν
2746 4038 2914 4111 οὔσης
2955 4039 3057 4110 τῆς
3089 4038 3348 4110 διαφορᾶς
3374 4037 3489 4102 τοῦ,
3513 4036 3620 4090 ἔκ-

2036 4147 2186 4199 τισε,
2211 4132 2306 4186 καὶ
2337 4131 2455 4200 τοῦ,
2483 4130 2665 4203 γεννᾷ
2692 4149 2787 4202 με,
2819 4133 2931 4196 καὶ,
2959 4130 3070 4200 τῆς
3095 4129 3287 4200 ἀρχῆς
3312 4128 3487 4192 ὁδῶν,
3517 4128 3617 4182 καὶ

2035 4225 2150 4290 τοῦ,
2175 4224 2285 4295 πρὸ
2313 4224 2552 4285 πάντων
2569 4241 2584 4256 ⁸
2613 4225 2722 4283 τῶν
2753 4225 2853 4296 μὲν
2896 4223 3196 4296 ἀνθρώπων
3234 4222 3454 4292 κτίστης
3481 4219 3558 4274 ὢν
3584 4223 3617 4274 ὁ

2037 4318 2194 4382 Θεὸς,
2214 4317 2387 4381 οὕτως
2414 4317 2544 4388 (14),
2569 4317 2755 4394 ὥσπερ
2779 4316 3011 4390 εἴρηται,
3036 4317 3242 4386 γίνεται
3271 4315 3364 4368 κα).
3386 4313 3614 4384 ὕστερον

2036 4409 2243 4481 Πατὴρ,
2270 4408 2358 4462 διὰ
2379 4407 2470 4461 τὸν
2497 4409 2555 4462 ὲν
2589 4409 2770 4472 αὐτοῖς
2790 4406 3043 4464 οἰκοῦντα
3063 4407 3236 4475 Λόγον
3267 4403 3450 4460 αὐτοῦ.
3485 4404 3613 4456 Ἐπὶ

2037 4501 2094 4557 δὲ
2132 4500 2226 4559 τοῦ
2255 4501 2426 4572 Λόγου
2452 4501 2513 4555 τὸ
2533 4500 2766 4573 ἔμπαλιν
2785 4517 2798 4533 ’
2824 4500 3012 4574 Πατὴρ
3041 4497 3147 4572 γὰρ
3171 4499 3282 4570 (15)
3325 4495 3400 4550 ὣν
3439 4493 3610 4549 αὐτοῦ

2112 4754 2190 4827 (8)
2222 4753 2567 4827 Seguerian.,
2585 4751 2673 4827 ὅτι
2694 4748 2820 4806 τῶν.

2113 4818 2190 4896 (9)
2225 4818 2612 4896 δοξυετίεηυε,
2637 4820 2770 4893 Reg.
2805 4829 2861 4876 et
2889 4820 3035 4878 Felc.
3073 4821 3127 4888 5,
3150 4821 3219 4876 τὰ
3251 4818 3609 4893 γενητάλίαξ-

2041 4893 2139 4951 teri
2166 4893 2220 4950 et
2253 4893 2404 4958 editi,
2429 4895 2495 4947 τὰ
2520 4893 2674 4962 γένη.

2107 4967 2218 5036 (10)
2245 4967 2467 5037 Seguer.
2505 4959 2863 5037 omittatis.
2905 4960 3216 5037 bioxhidem
3256 4959 3616 5037 et_Re_g.G_o-

2035 5031 2168 5091 bler.
2199 5031 2344 5091 Felc'.
2374 5037 2425 5098 1,
2450 5037 2484 5090 4
2512 5045 2565 5088 et
2592 5034 2646 5095 5,
2679 5033 2904 5097 addunt,
2929 5033 2991 5086 Et
3027 5031 3083 5086 δὲ
3123 5031 3276 5094 ἄλλος
3325 5031 3440 5083 ἐστὶ
3491 5032 3611 5084 τῶν

2035 5107 2274 5170 πάντων,
2303 5121 2424 5176 quae
2461 5108 2513 5158 in
2539 5104 2661 5157 aliis
2701 5113 2754 5158 et
2779 5102 2943 5159 editis
2964 5102 3360 5158 desiderantur.
3405 5099 3611 5155 Goble-

2035 5179 2176 5230 rian.
2195 5192 2249 5230 et
2269 5176 2413 5230 Felc.
2450 5177 2502 5230 1.
2526 5174 2719 5230 ἄλλως.

2087 5195 2176 5232 an.
2195 5192 2249 5232 et
2269 5189 2413 5231 r'elc.
2450 5189 2502 5239 1,
2526 5189 2719 5236 αΑΛως.

2035 5195 2176 5233 nan.
2195 5195 2249 5232 ει
2269 5195 2413 5231 I‘BIC.
2450 5195 2471 5228 Ἰ
2486 5215 2502 5239 ,
2526 5195 2719 5236 αΑΛως.

2051 5319 2066 5329 Δ
2112 5247 2230 5329 (li).
2265 5247 2356 5329 Sic
2379 5243 2851 5329 Segueri‘an.'Reg.
2884 5243 3193 5298 Goblerian.
3223 5241 3367 5296 Fclc.
3401 5242 3423 5294 1
3459 5250 3514 5295 et
3542 5240 3603 5296 4.

2038 5314 2785 5390 Αιίξιμὶέειθίίίιξ,δηλονότιζ
2821 5384 2833 5390 _
2929 5383 2944 5390 _
3041 5383 3052 5390 .
3109 5382 3131 5390 _
3312 5380 3346 5390 ﬂ
3403 5389 3411 5390 ί
3484 5379 3495 5390 .
3585 5389 3592 5390 ί
3649 5328 3659 5346 '

2110 5387 2219 5457 (12)
2252 5380 2618 5457 Seguerianus
2655 5393 2709 5438 et
2747 5383 2891 5438 Fclc.
2922 5383 2976 5446 1,
3006 5383 3086 5447 εἰς
3107 5382 3262 5454 ἔργα.
3306 5380 3496 5435 Cmteri
3542 5389 3602 5435 et

2034 5456 2186 5518 editi,
2213 5457 2293 5518 εἰς
2313 5457 2379 5508 τὰ
2402 5456 2556 5526 ἔργα.

2105 5527 2218 5596 (15)
2248 5521 2560 5596 Goblerian.
2610 5532 2664 5596 et
2703 5521 2928 5596 Fel-c._l,
2973 5521 3192 5596 γένηται
3219 5521 3600 5596 λπᾶσινμπρις-

2032 5590 2226 5650 τεύων.
2258 5595 2379 5650 Mox
2407 5593 2736 5664 Seguerian.
2754 5602 2807 5646 et
2822 5590 2995 5664 _Reg.,
3027 5590 3191 5662 οὔσης
3214 5591 3493 5660 διαφορᾶς.

2134 5667 2225 5741 11).
2256 5665 2346 5741 $10
2368 5659 2506 5741 ’Βδεῖ
2529 5659 2962 5741 Αίθάίιίιθῦῖοξς

2147 5729 2234 5804 15)
2266 5736 2356 5789 Sic
2379 5735 2697 5803 Seguerian.
2734 5733 3047 5787 Goblcrian.
3091 5732 3228 5786 Fclc.
3271 5733 3289 5785 l
3319 5740 3372 5784 et
3399 5730 3451 5785 ~i.
3486 5728 3600 5783 Alii

2039 5822 2169 5863 vero
2208 5815 2260 5860 ct
2283 5805 2431 5866 editi,
2465 5805 2570 5875 γάρ
2597 5804 2868 5858 omittunt.
