3948 6236
253 365 345 420 ιπ
1349 346 1614 422 ORATIO
1649 363 1688 420 ιι
1728 363 1847 422 cos

1958 365 2006 422 .A
2041 365 2361 424 ARIANOS.
3375 365 3492 422 278.

255 485 404 554 φύσει
442 487 473 540 6
503 485 658 550 Θεὸς,
685 485 888 555 γίνεται
925 487 1066 558 μετὰ
1086 484 1256 540 ταῦτα
1282 485 1376 539 καὶ
1409 486 1634 558 κτίστης
1659 485 1819 541 αὖτοῦ

1963 488 2015 542 ui
2052 485 2213 543 Verbi
2261 487 2422 543 Pater
2452 492 2645 542 natura
2685 495 2787 555 est,
2814 485 2931 557 ejus
2967 493 3085 556 post
3114 483 3242 541 biec'
3274 496 3500 541 creator

256 579 338 630 καὶ
365 578 616 648 ποιητὴς,
637 580 770 633 ὅταν
793 580 891 649 τὴν
924 578 1228 633 κτισθεῖσαν
1260 579 1354 632 καὶ
1386 579 1702 650 ποιηθεῖσαν
1736 581 1820 632 ὲν-

1958 579 2218 636 teﬂector
2244 578 2420 635 factus
2453 588 2556 643 est,
2583 594 2707 633 cum
2743 577 2950 634 scilicet
2979 575 3210 632 Verbum
3230 569 3484 631 creatam

256 670 474 740 δύσηται
503 670 708 742 ,σάρκα
760 671 789 722 6
847 671 1037 738 Λόγος,
1096 670 1193 724 καὶ
1245 670 1468 742 γένηται
1517 670 1818 742 ἄνθρωπος.

1958 681 1975 726 ι
2011 670 2208 726 factam
2259 684 2474 726 carnem
2509 668 2704 732 induit,
2740 676 2793 722 et
2819 666 2981 721 homo
3012 665 3188 722 factus
3209 675 3312 722 cst.
3348 663 3483 720 Nam

260 761 461 832 Ὥσπερ
487 761 595 834 γὰρ
622 764 672 815 oi
697 762 968 832 ἂνθρωποι
997 762 1361 832 λαμϐάνοντες
1386 763 1448 816 τὸ
1475 761 1699 834 Πνεῦμα
1729 762 1822 816 τοῦ

1958 764 2066 818 icut
2096 764 2364 830 homines,
2394 761 2597 832 Spiritu
2628 759 2750 815 Filii
2779 767 3020 829 accepto,
3051 757 3148 813 filii
3180 773 3276 828 per
3308 757 3484 828 ipsum

264 853 404 916 Υῐοῦ,
437 854 677 923 γίνονται
717 854 882 909 τέκνα
923 855 989 908 δι’
1028 855 1192 909 αὑτοῦ
1213 873 1226 886 ·
1255 856 1424 922 οὕτως
1462 859 1491 910 6
1526 856 1697 926 Λόγος
1731 853 1824 908 τοῦ

260 943 404 1008 Θεοῦ,
443 946 536 998 ὅτε
581 947 676 999 καὶ
715 948 876 1013 αὐτὸς
919 950 1203 1005 ἐνεδύσατο
1237 950 1344 1003 τῶν
1385 948 1686 1021 ἀνθρώπων
1727 947 1826 1018 τὴν

261 1037 450 1108 σάρκα,
477 1038 599 1092 τότε
635 1039 851 1107 λέγεται
901 1043 995 1096 καὶ
1036 1041 1313 1107 κτίζεσθαι
1346 1043 1441 1097 καὶ
1475 1039 1825 1112 πεποιῆσθαι.

263 1130 315 1182 Εἰ
351 1129 450 1199 μὲν
482 1125 578 1184 οὖν
601 1133 761 1202 ἡμεῖς
798 1133 940 1188 κατὰ
965 1134 1124 1206 φύσιν
1157 1136 1282 1201 υἱοὶ,
1321 1135 1482 1206 δῆλον
1531 1137 1613 1190 ὅτι
1639 1135 1828 1189 κάκεῖ-

265 1237 341 1284 νος
372 1221 514 1276 κατὰ
555 1222 716 1292 φύσιν
755 1225 957 1296 κτίσμα
988 1228 1082 1280 καὶ
1114 1227 1351 1298 ποίημαο
1387 1229 1436 1281 εἰ
1471 1227 1528 1281 δὲ
1559 1227 1718 1298 ἡμεῖς
1746 1225 1831 1280 θέ-

265 1329 336 1364 σει
373 1314 468 1366 καὶ
522 1314 665 1369 κατά
711 1316 867 1386 χάριν
912 1316 1170 1387 γινόμεθα
1215 1319 1342 1382 υἱοὶ,
1385 1318 1541 1390 δῆλον
1598 1319 1679 1373 ὅτι
1719 1316 1830 1388 (16)

264 1405 350 1458 καὶ
371 1407 399 1457 ό
424 1406 598 1474 Λόγος
617 1405 704 1459 διὰ
728 1406 827 1478 τὴν
853 1410 931 1472 εἰς
959 1409 992 1480 ἡ
1001 1409 1107 1478 μᾶς
1132 1409 1290 1481 χάριν
1315 1410 1601 1480 γενόμενος
1625 1409 1834 1481 ἄνθρω-

267 1514 357 1560 πος
391 1498 579 1569 εἴρηκε
601 1513 614 1528 ·
647 1500 865 1567 Κύριος
895 1499 1095 1554 sum
1119 1518 1212 1571 με.
1252 1497 1384 1554 Εἶτα
1421 1500 1607 1572 ἐπειδὴ
1637 1501 1697 1554 τὸ
1721 1519 1836 1555 κτι-

268 1591 382 1644 στδν
412 1590 777 1661 ἐνδυσάμενος
797 1592 1017 1661 γέγονεν
1041 1595 1174 1664 ἡμῖν
1200 1596 1384 1665 ὅμοιος
1406 1594 1545 1648 κατά
1568 1594 1628 1647 τὸ
1656 1593 1833 1664 σῶμα,

269 1681 345 1734 διὰ
371 1681 531 1735 τοῦτο
570 1682 795 1746 εἰκότως
828 1683 939 1755 (17)
973 1685 1066 1739 καὶ
1100 1685 1328 1756 ἀδελφὸς
1360 1686 1514 1758 ήμῶν
1561 1687 1654 1741 καὶ
1686 1702 1837 1758 πρω-

269 1773 478 1837 τότοκος
506 1774 731 1846 ἐκλήθη.
766 1777 829 1830 Et
851 1776 959 1849 γὰρ
999 1778 1091 1831 καὶ
1129 1778 1247 1848 μεθ’
1280 1780 1427 1850 ἡμᾶς
1457 1779 1523 1832 δι’
1547 1780 1692 1850 ἡμᾶς
1726 1777 1836 1849 (l8)

268 1867 482 1935 γέγονεν
523 1842 828 1939 ἀνθρώπος,
863 1842 967 1922 *καὶ
1013 1842 1240 1939 ἀδελφὸς
1480 1842 1702 1943 διάῃτὴν
1735 1842 1837 1926 ’τοῦ
1872 1842 1913 1897 Β

273 1957 516 2028 σώματος
537 1961 816 2030 ὁμοίωσιν,
833 1961 966 2014 ἀλλὰ
985 1962 1080 2014 καὶ
1098 1963 1154 2014 ὲν
1177 1961 1351 2034 τούτῳ
1373 1963 1711 2035 πρωτότοκος
1729 1963 1838 2036 (19)

272 2047 478 2116 λέγεται
511 2050 604 2102 καὶ
629 2049 777 2103 ἐστιν
802 2050 980 2122 ήμῶν,
1013 2052 1220 2124 ἐπειδὴ,
1243 2053 1459 2108 πάντων
1496 2054 1605 2108 τῶν
1641 2053 1842 2126 ἀνθρώ-

278 2163 386 2200 mw
429 2145 825 2216 ἀπολλυμένων
869 2146 1009 2201 κατὰ
1040 2148 1138 2218 τὴν
1175 2147 1484 2220 παράϐασιν
1521 2148 1612 2202 τοῦ
1652 2149 1839 2222 Ἀδὰμ,

279 2234 461 2306 πρώτη
496 2236 606 2289 τῶν
637 2235 810 2290 ἄλλων
840 2236 1018 2307 ἐσώθη
1064 2239 1158 2291 καὶ
1199 2239 1542 2311 ἠλευθερώθη
1576 2239 1843 2312 ἠὲκείνου

277 2327 422 2398 σὰρξ,
449 2328 528 2392 ὡς
559 2328 722 2382 αὑτοῦ
761 2328 855 2382 τοῦ
902 2329 1076 2398 Λόγου
1106 2329 1266 2402 σῶμα
1294 2332 1580 2404 γενομένη,
1615 2332 1710 2386 καὶ
1731 2332 1842 2386 λοι-

277 2421 369 2473 πὸν
397 2421 579 2490 ἡμεῖς,
622 2420 698 2483 ὡς
746 2419 1021 2492 σύσσωμοι
1059 2423 1451 2493 τυγχάνοντες,
1503 2427 1630 2479 κατ’
1671 2427 1845 2480 ἐκεῖνο

279 2509 575 2580 σωζόμεθα.
615 2512 703 2564 Ἐν
729 2512 920 2583 ἐκείνῳ
941 2512 1049 2585 γάρ
1072 2515 1226 2584 ἡμῶν
1253 2515 1348 2569 καὶ
1376 2516 1568 2587 όδηγὸς
1587 2517 1615 2569 6
1643 2517 1844 2589 Κύριος

279 2604 348 2664 εἰς
377 2603 478 2674 τὴν
513 2602 790 2673 βασιλείαν
818 2603 924 2657 τῶν
947 2605 1211 2676 οὐρανῶν,
1245 2608 1340 2660 καὶ
1365 2607 1501 2678 πρὸς
1530 2608 1622 2663 τὸν
1654 2608 1843 2662 ἑαυτοῦ

281 2693 490 2765 Πατέρα
529 2694 770 2763 γίνεται,
820 2695 1022 2764 λέγων·
1065 2695 1212 2766 Ἐγώ
1239 2697 1356 2766 ειμι
1402 2699 1440 2766 ἡ
1469 2698 1608 2765 ὁδὸς
1655 2699 1755 2752 καὶ
1804 2699 1842 2768 ἠ

231 2858 236 2862 ,
280 2788 438 2856 θύρα,
463 2787 566 2841 καὶ
591 2787 665 2840 δι’
691 2787 836 2856 ἐμοῦ
865 2786 961 2840 δεῖ
986 2785 1216 2851 πάντας
1237 2787 1548 2843 εἰσελθεῖν.
1572 2789 1734 2843 Ὅθεν
1754 2789 1850 2842 καὶ

284 2881 620 2950 πρωτότοκος
661 2879 876 2947 λέγεται
918 2879 1078 2934 πάλιν
1111 2879 1176 2933 ὲκ
1220 2880 1326 2935 τῶν
1366 2882 1592 2953 νεκρῶν,
1626 2882 1725 2952 οὐχ
1766 2883 1848 2936 ὅτι

284 2971 488 3040 πρῶτος
515 2971 674 3041 ἡμῶν
705 2969 970 3024 ἀπέθανε·
1005 2970 1494 3043 προετεθνήκειμεν
1525 2970 1632 3044 γὰρ
1660 2973 1848 3043 ἡμεῖς·

282 3063 389 3115 ἀλλ’
416 3064 498 3116 ὅτι
532 3064 626 3116 τὸν
658 3063 799 3133 ὑπὲρ
827 3062 983 3134 ἡμῶν
1029 3061 1424 3134 ἀναδεξάμενος
1473 3062 1720 3129 θάνατον,
1757 3065 1852 3118 καὶ

283 3154 460 3208 τοῦτον
493 3157 870 3259 καταργήσας,
900 3157 1095 3228 ἀνέστη
1127 3156 1342 3228 πρῶτος
1378 3155 1510 3227 (20),
1539 3156 1615 3221 ὡς
1645 3156 1854 3229 ἇνθρω-
1880 3197 1926 3259 c

288 3264 397 3312 πος,
421 3249 563 3318 ὑπὲρ
595 3246 750 3318 ήμῶν
783 3249 1093 3321 ἀναστήσας
1125 3248 1185 3302 τὸ
1219 3247 1411 3302 ἑαυτοῦ
1444 3247 1618 3319 σῶμα.
1653 3249 1854 3303 Λοιπὸν

289 3340 389 3412 γὰρ
435 3341 769 3404 ἀναστάντος
815 3341 1046 3410 ἐκείνου,
1111 3340 1346 3412 καθεξῆς
1404 3342 1497 3396 καὶ
1549 3343 1707 3412 ἡμεῖς
1760 3342 1854 3396 ἀπ’

286 3434 486 3487 ἐκείνου
521 3435 617 3488 καὶ
642 3433 707 3486 δι’
737 3436 943 3489 ἐκεῖνον
972 3437 1037 3489 ὲκ
1069 3434 1175 3489 τῶν
1200 3434 1408 3506 νεκρῶν
1436 3433 1778 3506 ὲγειρόμεθα.

355 3546 441 3600 62.
489 3548 553 3600 ΕΞ
585 3546 643 3599 δὲ
668 3547 762 3600 κα)⁹
791 3545 900 3621 (21)
932 3547 1303 3615 πρωτότοκος
1347 3546 1456 3616 τῆς
1489 3549 1737 3615 κτίσεως
1765 3549 1855 3602 λέ-

289 3654 458 3705 γεται,
494 3638 610 3692 ἀλλ’
651 3641 750 3710 οὐχ
788 3638 862 3703 ὠς
904 3639 1247 3710 ὲξισούμενος
1292 3643 1403 3704 τοῖς
1449 3639 1730 3710 κτίσμασι,
1764 3641 1859 3694 κα).

295 3731 497 3803 πρῶτος
555 3733 733 3785 αὐτῶν
783 3733 924 3787 κατὰ
972 3732 1181 3804 χρόνον,
1225 3732 1566 3806 πρωτότοκος
1608 3731 1855 3801 λέγεται·

297 3825 424 3890 (πῶς
451 3825 581 3896 γὰρ,
606 3825 741 3878 ὅπου
763 3842 827 3893 γε
853 3825 1164 3895 Μονογενής
1184 3825 1330 3878 ἐστιν
1355 3824 1515 3888 αὑτός
1539 3822 1576 3895 ;)
1615 3824 1748 3878 ἀλλὰ
1775 3824 1860 3878 διὰ

296 3916 386 3986 τὴν
434 3917 570 3988 πρὸς
611 3917 680 3970 τὰ
721 3917 992 3988 κτίσματα
1051 3915 1452 3985 συγκατάϐασιν
1503 3916 1597 3969 τοῦ
1653 3917 1860 3986 Λόγου,

296 4007 412 4061 καθ’
443 4010 509 4080 ῆν
542 4009 637 4061 καὶ
662 4007 870 4061 πολλῶν
896 4009 1112 4078 γέγονεν
1135 4009 1381 4079 ἀδελφός.
1415 4009 1474 4063 Ὀ
1496 4008 1605 4080 γάρ
1640 4026 1720 4062 τοι
1766 4026 1862 4080 μο-

297 4097 531 4168 νογενὴς,
558 4099 660 4151 οὐκ
682 4097 851 4152 όντων
872 4096 1046 4150 ἄλλων
1079 4096 1338 4166 ἀδελφῶν,
1371 4097 1661 4168 μονογενής
1684 4100 1828 4150 ἐστιν
1846 4114 1860 4127 ·

296 4192 325 4241 6
342 4190 398 4242 δὲ
423 4190 766 4261 πρωτότοκος
793 4188 880 4242 διὰ
901 4190 1026 4260 τρὺς
1067 4188 1257 4253 ἄλλους
1295 4188 1406 4260 (22)
1432 4188 1690 4258 ἀδελφοὺς
1719 4205 1867 4259 πρω-

296 4283 506 4345 τότοκος
535 4283 778 4351 λέγεται.
815 4282 914 4335 Διὰ
948 4282 1107 4336 τοῦτο
1144 4282 1273 4352 γοῦν
1318 4281 1554 4354 οὐδαμοῦ
1585 4280 1691 4335 τῶν
1729 4281 1868 4352 Γρα-

1925 856 2230 912 eﬂiciuntur
2257 875 2270 911 :
2304 856 2374 910 ita
2398 853 2492 910 Dei
2526 853 2761 910 Verbum
2793 867 2916 907 cum
2946 851 3238 905 humanam
3270 864 3486 904 carnem

1927 949 2122 1015 induit,
2154 958 2285 1005 tunc
2310 957 2365 1004 et
2396 947 2567 1003 creari
2591 957 2645 1003 et
2675 946 2878 1002 factum
2909 961 3032 1004 esse
3053 943 3268 1001 dicitur.
3306 942 3491 1012 Itaque

1927 1043 1976 1098 si
2023 1056 2126 1097 nos
2173 1055 2369 1096 natura
2412 1041 2509 1096 filii
2553 1055 2764 1107 sumus,
2816 1038 3097 1096 fatendum
3147 1051 3366 1109 quoque
3410 1045 3496 1090 est

1930 1133 2166 1191 Verbum
2194 1146 2392 1190 natura
2419 1142 2474 1190 et
2503 1141 2742 1190 creatum
2785 1144 2839 1190 et
2872 1131 3077 1189 factum
3107 1145 3248 1186 esse.
3283 1128 3390 1185 Sed
3440 1126 3488 1183 si

1930 1243 2029 1284 nos
2041 1227 2329 1297 adoptione
2345 1235 2554 1281 tantum
2582 1234 2638 1281 et
2664 1225 2834 1298 gratia
2857 1224 2951 1280 lilii
2978 1222 3260 1287 ellicimur,
3286 1220 3494 1276 clarum

1931 1320 2133 1390 pariter
2163 1328 2246 1373 est
2276 1315 2512 1372 Verbum
2550 1325 2771 1386 propter
2816 1315 3044 1388 gratiam
3084 1313 3245 1370 nobis
3286 1311 3497 1368 donan-

1933 1413 2056 1466 dam
2091 1409 2288 1466 factum
2323 1409 2600 1464 hominem
2629 1408 2853 1471 dixisse,
2884 1407 3139 1462 Dominus
3177 1404 3368 1459 creavit
3396 1419 3495 1457 me.

1934 1503 2135 1560 Deinde
2160 1501 2596 1573 quandoquidem
2611 1509 2792 1558 creato
2818 1514 3044 1571 corpore
3068 1505 3370 1568 assumpto,
3400 1509 3499 1550 no—

1937 1597 2036 1653 stri
2075 1596 2376 1653 secundum
2402 1609 2601 1665 corpus
2623 1593 2789 1666 5.19
2811 1594 3006 1650 similis
3039 1590 3214 1647 factus
3241 1598 3344 1658 est,
3377 1589 3500 1645 ideo

1938 1708 2046 1747 non
2081 1689 2355 1746 immerito
2379 1697 2434 1745 et
2466 1688 2631 1744 frater
2661 1701 2846 1744 noster
2877 1697 2932 1744 et
2980 1685 3374 1758 primogenitus
3402 1699 3501 1754 ap-

1938 1785 2171 1856 pellatus
2200 1789 2302 1838 est.
2333 1779 2468 1836 Nam
2504 1780 2720 1836 tametsi
2769 1787 2893 1850 post
2941 1793 3041 1834 nos
3073 1777 3237 1832 homo
3286 1781 3505 1844 propter

1945 1889 2045 1930 nos
2073 1873 2250 1928 factus
2283 1881 2385 1938 est,
2419 1887 2482 1926 ac
2509 1870 2736 1942 proinde
2770 1869 2935 1925 frater
2977 1877 3181 1931 noster,
3209 1866 3278 1921 ob
3308 1878 3507 1938 σοι-ροσ-

1944 1967 2024 2022 ris
2052 1964 2462 2022 similitudinem
2495 1981 2509 2019 :
2542 1978 2727 2018 rerum
2759 1976 2821 2017 ea
2848 1949 3060 2016 ratione
3107 1959 3306 2015 dicitur
3348 1965 3403 2012 et
3425 1963 3510 2012 est

1946 2065 2132 2112 noster
2155 2053 2568 2127 primogenitus,
2597 2061 2870 2125 quatenus
2907 2049 3163 2106 omnibus
3196 2046 3510 2103 hominibus

1946 2149 2075 2204 Adae
2096 2159 2320 2219 peccato
2347 2145 2594 2217 perditis,
2619 2144 2739 2214 ejus
2776 2157 2926 2209 caro,
2963 2148 3150 2213 utpote
3180 2139 3344 2195 Verbi
3390 2153 3512 2194 cor-

1947 2257 2050 2313 pus
2093 2240 2259 2307 facta,
2306 2240 2483 2310 prima
2527 2236 2770 2294 omnium
2806 2245 3015 2293 servata
3050 2242 3134 2290 est
3161 2242 3216 2288 et
3263 2231 3511 2293 liberata,

1950 2333 2180 2405 indeque
2207 2348 2330 2400 nos,
2353 2341 2411 2388 ut
2434 2331 2528 2402 qui
2555 2346 2679 2386 cum
2707 2328 2885 2385 Verbo
2906 2341 3134 2398 corpore
3163 2339 3355 2382 sumus
3378 2337 3514 2378 con-

1945 2425 2142 2495 juncti,
2176 2438 2272 2494 per
2305 2421 2447 2477 idem
2472 2420 2592 2492 ejus
2622 2435 2818 2490 corpus
2856 2417 2992 2474 salvi
3017 2416 3299 2472 eﬂicimur.
3336 2414 3393 2469 ln
3425 2412 3517 2468 illo

1950 2514 2214 2586 siquidem
2244 2511 2400 2567 nobis
2426 2509 2690 2566 Dominus
2721 2509 2790 2563 ad
2816 2521 3042 2579 regnum
3081 2505 3344 2561 caelorum
3373 2509 3427 2558 et
3449 2502 3518 2556 ad

1952 2612 2111 2655 suum
2137 2595 2352 2651 Patrem
2381 2608 2440 2651 se
2470 2594 2660 2650 ducem
2688 2592 2936 2663 praebuit,
2963 2605 3086 2646 cum
3109 2591 3184 2644 ait
3211 2607 3226 2644 :
3258 2587 3372 2658 Ego
3402 2601 3520 2640 sum

1951 2690 2038 2744 via
2070 2697 2120 2743 et
2151 2688 2346 2758 janua,
2386 2701 2448 2739 ac
2490 2700 2583 2754 per
2620 2700 2703 2738 me
2745 2698 2922 2737 omnes
2979 2680 3200 2735 introire
3252 2685 3452 2748 oportet
3475 2676 3520 2731 '.

1954 2778 2296 2851 Quapropter
2343 2775 2737 2848 primogenitus
2774 2789 2842 2830 ex
2885 2771 3116 2829 mortuis
3157 2770 3371 2834 dicitur,
3411 2782 3521 2823 non

1954 2875 2098 2945 quod
2127 2873 2336 2944 primus
2362 2878 2609 2925 nostrum
2643 2880 2889 2923 mortuus
2913 2875 3018 2934 est,
3047 2879 3148 2920 nos
3181 2863 3326 2920 enim
3369 2861 3522 2933 prius

1955 2966 2154 3022 mortui
2177 2965 2456 3020 fueramus
2481 2981 2496 3018 :
2520 2963 2614 3018 sed
2646 2960 2774 3031 quia
2808 2965 2982 3014 morte
3013 2971 3114 3028 pro
3143 2955 3303 3010 nobis
3338 2965 3526 3009 susce-

1956 3067 2047 3131 pta
2069 3067 2124 3114 et
2164 3058 2462 3123 destructa,
2513 3051 2746 3123 primus,
2792 3057 2855 3104 ut
2903 3048 3089 3114 homo,
3136 3043 3352 3110 revixit,
3398 3056 3522 3097 cum

1957 3129 2115 3206 suum
2148 3161 2346 3217 corpus
2385 3159 2483 3216 pro
2510 3141 2667 3198 nobis
2705 3156 2773 3196 ex
2806 3138 3034 3194 mortuis
3073 3133 3346 3192 excitavit.
3389 3129 3528 3186 Hinc

1958 3240 2103 3298 enim
2132 3249 2420 3311 postquam
2449 3234 2646 3291 revixit
2673 3233 2782 3297 ille,
2811 3231 2923 3302 jam
2954 3245 3052 3285 nos
3097 3228 3427 3296 deincepset
3455 3223 3524 3278 ab

1960 3333 2053 3389 illo
2076 3341 2131 3389 et
2150 3340 2368 3404 propter
2399 3328 2552 3385 illum
2584 3338 2906 3382 revocamur
2929 3334 3149 3394 quoque
3175 3319 3242 3374 ad
3264 3318 3454 3372 vitam.

2032 3529 2118 3587 62.
2152 3527 2308 3596 Quod
2333 3527 2380 3583 si
2411 3523 2788 3596 primogenitus
2818 3529 3073 3575 creaturae
3095 3515 3294 3572 dicitur
3312 3512 3336 3545 ⁸
3376 3529 3390 3567 :
3419 3523 3531 3566 non

1961 3622 2128 3680 veluti
2160 3635 2341 3678 rerum
2392 3625 2698 3674 creatarum
2740 3612 2988 3685 aqualis,
3031 3618 3125 3666 aut
3158 3607 3348 3663 iisdem
3381 3601 3534 3674 prior

1966 3727 2226 3785 tempore,
2259 3713 2365 3768 hoc
2388 3709 2690 3782 appellatur
2715 3706 2938 3762 nomine
2994 3701 3124 3774 (,qui
3153 3699 3300 3756 enim
3331 3696 3384 3752 id
3415 3693 3533 3748 fieri

1965 3817 2168 3877 posset,
2191 3819 2315 3861 cum
2338 3804 2454 3873 ipse
2479 3802 2548 3857 sit
2566 3799 2885 3871 Unigenitus
2899 3796 2942 3867 2)
2957 3793 3082 3851 :sed
3105 3793 3177 3848 ob
3205 3787 3536 3860 singularem

1968 3898 2131 3955 Verbi
2181 3913 2309 3968 erga
2358 3911 2446 3950 res
2486 3902 2696 3950 creatas
2740 3890 3126 3960 benignitatem
3151 3927 3167 3951 ,
3215 3897 3324 3954 qua
3371 3879 3536 3935 etiam

1968 3991 2261 4047 multorum
2289 3987 2466 4043 factus
2489 3995 2574 4042 est
2597 3979 3096 4052 frater.-Siquidem
3136 3978 3183 4034 is
3225 3972 3540 4045 unigenitus

1970 4084 2192 4149 dicitur,
2219 4081 2307 4138 cui
2339 4079 2474 4135 nulli
2501 4078 2753 4134 aliisunt
2781 4076 2971 4130 fratres
2998 4091 3011 4128 :
3039 4072 3086 4128 is
3128 4077 3309 4124 autem
3341 4065 3542 4121 dicitur

1971 4175 2391 4249 primogenitus,
2423 4173 2512 4230 cui
2561 4170 2653 4226 alii
2687 4179 2816 4226 sunt
2845 4168 3060 4223 fratres.
3111 4163 3249 4219 Hine
3292 4159 3443 4216 nullo
3484 4159 3540 4213 in

1972 4270 2098 4324 loco
2146 4267 2552 4336 Scripturarnm
2603 4261 2796 4331 legitur
2833 4259 3210 4330 primogenitus
3256 4253 3398 4318 Dei,
3451 4257 3547 4305 aut

300 4375 666 4448 φῶνεῖρηται,
699 4375 1069 4443 πρωτότοκος
1102 4374 1206 4428 τοῦ
1247 4372 1417 4438 Θεοῦ,
1459 4373 1602 4440 οὐδὲ,
1649 4374 1847 4442 κτίσμι

1975 4370 2215 4418 creatura
2236 4359 2367 4414 Dei:
2382 4359 2474 4414 sed
2493 4358 2617 4431 ista,
2641 4354 2970 4425 Unigenitus,
2988 4350 3185 4417 Filius,
3212 4347 3542 4414 Verbum,et,

299 4468 403 4522 τοῦ
431 4467 577 4522 Θεοῦ
598 4487 610 4497 ·
645 4467 783 4521 ἀλλά
827 4465 906 4531 τὺ,
940 4465 1306 4536 Mor-oratrix,
1341 4465 1435 4520 καὶ
1458 4467 1538 4532 τὸ,
1568 4465 1722 4532 Υἱὸς,
1753 4465 1868 4530 καὶ,

1976 4452 2364 4524 Sapientia,ad
2393 4449 2608 4504 Patrem
2639 4445 2966 4511 referuntur,
2995 4442 3063 4498 ad
3093 4455 3255 4513 quem
3278 4446 3544 4509 tanquam

303 4555 336 4605 δ
358 4555 562 4623 Λόγος,
593 4555 708 4618 και,
741 4555 780 4622 ἡ
813 4555 1021 4622 Σοφία,
1051 4531 1130 4618 et;
1161 4531 1503 4628 ebi'nacépa
1536 4557 1636 4628 τὴν
1669 4531 1847 4626 ἀναφο-

1976 4544 2410 4618 quid.proprium
2424 4540 2695 4612 pertinent
2744 4536 2982 4618 Vidimus
2996 4535 3141 4590 enim
3156 4533 3383 4604 gloriam
3407 4531 3542 4600 ejus,

306 4646 404 4716 p'zv
440 4620 550 4718 ἔχει
593 4647 689 4702 καὶ
725 4620 822 4718 τὴν
870 4620 1106 4718 ἰδιότητα
1134 4647 1242 4719 (25)
1263 4665 1277 4678 ·
1318 4620 1718 4718 Ἕθεασάιιεθα
1759 4620 1847 4720 γὰε

1973 4639 2359 4715 gtoriamquasi
2377 4634 2637 4706 Unigeniti
2653 4649 2685 4686 a
2700 4628 2914 4684 Patre“:
2929 4627 3010 4690 Et,
3021 4625 3168 4681 Misit
3193 4624 3328 4679 Deus
3346 4620 3550 4720 Fili-um

305 4739 416 4807 τὴν
439 4739 625 4804 δόξαν
647 4737 854 4804 αὐτοῦ,
881 4737 1068 4804 δόξαν
1087 4741 1166 4806 ὡς
1179 4740 1554 4810 Μονογενοῦς
1576 4741 1735 4808 παρὰ
1762 4742 1873 4793 Παρ

309 4833 470 4898 τρός⁹
502 4834 614 4898 καὶ,
655 4831 1027 4886 Ἀπέστειλεν
1052 4834 1084 4885 o'
1107 4831 1249 4898 Θεὸς
1267 4831 1372 4886 τὸν
1396 4831 1531 4886 Υὶὸν
1558 4830 1748 4885 αὐτοῦ
1767 4829 1875 4884 τὸν

1977 4710 2131 4791 suum
2166 4731 2500 4801 Unigenitum
2517 4728 2558 4780 ⁸.
2583 4725 2651 4779 Et
2679 4743 2693 4779 :
2725 4721 2793 4777 In
2821 4720 3094 4784 saeculum,
3141 4717 3383 4778 Domine,
3424 4710 3549 4765 Ver-

1981 4829 2105 4883 bunt
2148 4834 2297 4879 tuum
2345 4819 2678 4892 permanet’.
2716 4815 2821 4871 Et:
2878 4813 2945 4868 In
2972 4810 3228 4882 principio
3264 4817 3376 4861 erat
3424 4801 3550 4857 Ver-

675 4926 790 4990 καὶ,
824 4927 930 4992 Εἰς
967 4924 1075 4979 τὸν
1107 4892 1321 4992 ultima,
1368 4925 1562 4994 Κύριε,
1606 4926 1640 4978 ό
1686 4923 1847 4993 Λόγοι

1982 4921 2126 4984 bum,
2149 4926 2198 4972 et
2234 4914 2453 4970 Verbum
2479 4919 2592 4967 erat
2620 4909 2760 4981 apud
2791 4906 2958 4962 Deum
2980 4904 3023 4957 ⁸.
3051 4900 3148 4955 Ει;
3178 4898 3420 4954 Christus
3453 4892 3550 4948 Dei

383 5105 402 5135 ³
428 5103 581 5162 Joan.
602 5106 804 5174 srv,6;
840 5123 894 5176 ι,
925 5110 978 5176 7,
1011 5110 1064 5166 1.
1092 5110 1114 5144 ⁸
1145 5110 1358 5167 Coloss.
1387 5125 1426 5177 ι,
1458 5109 1542 5165 i5.
1610 5106 1847 5163 l’Joan.r

1958 5105 1988 5160 ι.
2066 5102 2088 5135 ⁸
2112 5101 2132 5158 Ι
2157 5099 2318 5158 Joan.
2349 5115 2423 5168 tv,
2449 5096 2503 5152 9.
2567 5095 2588 5128 ⁷
2622 5093 2767 5152 Psal.
2802 5105 2994 5158 cxvnr,
3037 5087 3126 5142 89.
3200 5081 3393 5139 ﬁJoan.
3420 5096 3460 5150 ι,
3497 5081 3548 5134 1.

386 5337 492 5406 (16)
530 5337 875 5408 Seguerian.,
899 5337 1130 5409 φανερὸν
1157 5338 1259 5392 ὅτι.

387 5432 496 5501 (l7)
527 5430 616 5486 Sic
644 5431 964 5502 Seguerian.
986 5429 1296 5502 Goblerian.
1327 5426 1469 5483 Fclc.
1517 5426 1538 5480 1
1609 5433 1665 5481 ει
1686 5425 1739 5481 4.
1772 5423 1878 5479 Alii

311 5500 443 5557 vero
474 5511 526 5558 et
549 5503 699 5569 editi,
725 5500 888 5582 σῶμα
919 5500 1095 5565 τοῦτο,
1117 5500 1370 5562 εἰκότως.

395 5590 498 5672 (18)
655 5591 1008 5672 Seguerian:_
1037 5589 1169 5672 Beg.
1199 5587 1511 5644 Goblerian.
1557 5584 1700 5641 Felc.
1732 5587 1784 5640 1.
1813 5585 1882 5640 At

311 5662 408 5717 alii
437 5672 487 5716 ει
508 5662 635 5718 editi
659 5663 922 5718 omittunt
944 5662 1008 5715 δι’
1039 5663 1206 5732 ἡμᾶς.

392 5752 500 5834 (19)
521 5751 842 5834 Segueriarr.
873 5750 1001 5821 Reg.
1039 5761 1090 5807 et
1125 5751 1269 5808 Fclc.
1297 5751 1350 5817 4,
1395 5747 1884 5822 «ponerent-.03:-

310 5822 420 5880 θετί
456 5832 504 5879 ει
536 5821 684 5891 editi,
706 5821 949 5893 πρῶτος.

2053 5331 2163 5404 (20)
2197 5327 2537 5401 Seguerian.,
2561 5325 2794 5399 πρῶτον.
2824 5319 2928 5374 Alii
2951 5327 3005 5373 et
3034 5313 3185 5378 editi,
3216 5310 3449 5404 πρῶτος.

2055 5400 2166 5495 (ει)
2205 5400 2296 5477 Sic
2318 5420 2643 5495 segueria‘n.
2666 5415 2796 5495 Reg.
2830 5407 3140 5467 Goblerian.
3168 5405 3316 5462 Felc.
3349 5403 3376 5458 ι
3413 5411 3468 5459 ει
3499 5400 3553 5456 5.

1985 5493 2042 5549 In
2064 5487 2196 5549 aliis
2224 5503 2278 5548 ct
2309 5487 2466 5546 ediiis
2490 5487 2582 5542 καί
2612 5487 2782 5541 deest.

2058 5586 2173 5658 (22,
2203 5581 2552 5658 Sggueriann
2600 5573 2846 5658 πολλούς.
2884 5571 3209 5658 ξοιιιοροξι
3239 5570 3403 5640 idem,
3447 5565 3560 5622 τῶν

1989 5639 2215 5729 γραφῶν
2243 5639 2477 5721 λέγεται.
2503 5639 2625 5702 Mox
2648 5645 2812 5711 idem,
2835 5639 3220 5718 κτισμαιΘεοῦ.

2066 5748 2180 5820 (25)
2213 5739 2543 5808 Basiliensis,
2574 5734 2869 5808 άῖδιότητα.
