3948 6236
381 332 490 387 285

948 329 1004 386 S.
1045 328 1410 386 ATIIANASII
1449 331 1598 388 OPP.
1641 330 1820 387 PARS
1858 331 1898 388 Ι.
1939 363 2007 373 -
2046 330 2408 388 HISTORICA
2448 332 2534 387 ET
2575 331 3022 402 DOGMATICA.~,

3500 334 3607 390 284

385 463 444 500 se
469 462 533 499 eo
562 460 952 515 progressuros
987 455 1045 500 ut
1073 447 1222 499 illum
1254 422 1537 501 brutaruiu
1587 446 1946 501 animantium

2067 466 2163 517 γων
2191 449 2283 501 καὶ
2314 449 2420 502 τῶν
2451 449 2670 520 ἀψύχων
2709 448 2869 502 αὗτὸν
2900 448 3008 521 (45)
3043 448 3268 519 ἀδελφὸν
3301 450 3391 503 καὶ
3417 451 3600 521 ὅμοιον

383 552 679 607 rerumque
726 538 1148 592 inanimataru-m
1190 538 1410 593 fratrem
1465 548 1519 593 et
1560 539 1791 594 similem
1831 554 1951 593 esse

2067 539 2434 611 inovoﬁcouow
2487 535 2644 593 εἷναι.
2706 538 2891 608 Πάσης
2943 537 3050 609 γὰρ
3093 539 3192 611 τῆς
3243 541 3473 603 κτίσεως
3515 542 3609 594 καὶ

383 629 698 696 Opinentnr.
732 628 1011 698 Siquidem
1045 629 1127 683 [ne
1157 646 1373 700 quoque
1407 639 1590 698 partes
1615 638 1742 684 sunt
1765 645 1947 684 rerum

2067 629 2220 683 ταῦτα
2268 631 2405 703 μέρη
2448 631 2700 701 τυγχάνει
2727 629 2886 682 ὄντα·
2919 629 3128 701 ἀνάγκη
3169 631 3225 684 δὲ
3273 631 3363 685 τδν
3401 634 3609 703 πρωτό-

386 720 636 773 omnium
662 729 994 774 creatantm.
1039 719 1270 776 Necesse
1301 731 1382 776 est
1405 730 1582 775 autem
1620 721 1949 793 primogeni-

385 823 500 866 tum
530 814 651 868 solo
679 823 921 884 tempore
950 814 1183 884 primum
1219 830 1360 879 esse,
1394 829 1586 884 genere
1614 830 1743 868 vero
1782 825 1836 870 et
1877 816 1953 872 si-

385 903 694 958 militudine
749 905 1000 958 eumdem
1054 920 1176 959 esse
1226 920 1290 958 ac
1348 919 1538 958 omnes
1591 919 1824 975 quorum
1871 913 1956 961 est

386 995 802 1064 primogenitus.
858 994 940 1048 An
991 1011 1098 1048 non
1149 1010 1332 1063 porro,
1385 1010 1507 1050 cum
1565 999 1676 1050 haec
1724 997 1951 1064 dicunt,

387 1101 602 1140 omnem
652 1086 1164 1156 praetergrediuntur
1226 1087 1596 1156 impietatem?
1650 1087 1785 1154 Quis
1820 1105 1947 1143 vero

388 1177 504 1232 haec
547 1175 667 1232 illos
711 1177 951 1231 dicentes
983 1175 1162 1230 ferat?
1191 1185 1287 1230 aut
1324 1177 1506 1246 potius
1550 1178 1673 1248 quis
1712 1179 1796 1233 vel
1825 1179 1954 1234 talia

387 1270 689 1336 cogitantes
744 1269 870 1322 odio
925 1284 1033 1322 non
1089 1269 1510 1339 prosequetur?
1568 1268 1752 1323 Palam
1808 1271 1955 1324 enim

386 1360 644 1414 omnibus
690 1369 774 1414 est
813 1375 989 1428 neque
1035 1374 1159 1414 eum
1209 1368 1428 1429 propter
1471 1375 1548 1426 se,
1594 1368 1851 1429 tanquam
1910 1360 1957 1415 si

388 1461 608 1507 creatus
636 1460 798 1517 esset,
825 1467 1002 1520 neque
1023 1452 1094 1506 ob
1124 1452 1364 1522 aliquam
1391 1452 1768 1522 cognationem
1793 1465 1958 1521 quam

387 1541 692 1596 secundum
741 1549 995 1595 naturam
1044 1556 1169 1596 cum
1223 1541 1474 1597 omnibus
1534 1541 1697 1597 rebus
1759 1541 1959 1598 creatis

387 1635 615 1700 habeat,
656 1650 842 1689 earum
890 1643 1033 1690 esset
1093 1629 1517 1706 primogenitum
1570 1635 1899 1705 appellatum
1942 1653 1960 1688 :

389 1727 482 1780 sed
515 1736 787 1796 quatenus
821 1727 1056 1783 Verbum
1080 1769 1095 1795 ,
1129 1743 1251 1782 cum
1299 1742 1384 1782 res
1415 1735 1627 1782 creatas
1672 1727 1828 1782 initio
1877 1726 1959 1782 el-

2048 739 2205 774 τοκον
2238 722 2383 793 μόνῳ
2413 722 2512 792 μὲν
2542 721 2617 792 τῷ
2645 722 2820 793 χρόνῳ
2848 721 3062 793 πρῶτον
3093 717 3249 788 εἶναι,
3281 723 3357 794 τῷ
3383 724 3440 777 δὲ
3465 724 3610 791 γένει

2052 814 2147 866 καὶ
2177 816 2242 885 τῇ
2268 813 2543 885 ὁμοιότητι
2571 814 2662 866 τὸν
2694 814 2852 867 αὐτὸν
2883 810 3019 869 εἶναι
3053 815 3188 886 πρδς
3220 815 3448 879 πάντας.
3486 814 3610 879 Πῶς

2051 901 2164 966 οὖν.
2211 907 2305 959 καὶ
2349 905 2506 958 τοῦτο
2536 905 2804 973 λέγοντες,
2839 906 2900 959 οὒ
2935 907 3114 961 πᾶσαν
3149 907 3402 961 ἀσέϐειαν
3443 909 3608 980 ὕπερ-

2055 997 2370 1063 6άλλουσιν;
2409 999 2478 1049 Ἢ
2517 997 2600 1061 τίς
2643 997 2885 1063 ἀνέξεται
2935 999 3135 1053 τούτων
3166 997 3340 1053 ταῦτα
3371 998 3484 1071 (46)
3527 999 3614 1054 λε-

2053 1089 2253 1158 γόντων
2275 1105 2288 1154 ;
2311 1088 2344 1158 ἢ
2377 1087 2495 1152 πῶς
2527 1088 2620 1141 καὶ
2651 1088 2806 1159 μόνον
2829 1089 3022 1153 αὐτοὺς
3045 1089 3478 1160 ἐνθυμουμένους
3501 1105 3615 1143 τοι·

2054 1181 2190 1237 αὔτα
2212 1181 2271 1232 οὐ
2315 1181 2594 1252 μισήσειεν
2620 1180 2684 1234 ἄν
2714 1194 2830 1246 τις;
2865 1181 3004 1234 Πᾶσι
3031 1181 3138 1252 γάρ
3166 1181 3282 1234 ὲστι
3323 1181 3490 1251 δῆλονι
3531 1182 3624 1234 ὅτι

2055 1270 2174 1325 οὔτε
2197 1272 2262 1326 δι’
2304 1275 2494 1326 ἑαυτὸν
2529 1272 2662 1345 (47),
2690 1272 2765 1336 ὡς
2791 1274 2991 1344 κτίσμα
3017 1270 3112 1338 ὢν,
3141 1273 3263 1326 οὔτε
3284 1273 3371 1326 διὰ
3394 1273 3456 1327 τδ
3485 1291 3617 1343 συγ-

2056 1364 2271 1432 γένειάν
2310 1383 2430 1419 τινα
2479 1366 2597 1419 κατ’
2635 1365 2822 1420 οὐσίαν
2876 1365 3008 1436 πρὸς
3062 1367 3239 1420 πᾶσαν
3293 1365 3390 1436 τὴν
3441 1365 3627 1419 κτίσιψ

2057 1458 2221 1530 ἔχειν,
2257 1459 2595 1530 πρωτότοκος
2636 1460 2804 1531 αὐτῆς
2841 1454 2952 1531 (48)
2982 1458 3218 1530 ὲκλῆθηβ
3253 1458 3364 1513 ἀλλτ
3404 1460 3483 1513 ὅτι
3524 1459 3624 1512 καὶ

2058 1552 2176 1606 κατ’
2207 1551 2380 1623 ἀρχὴν
2417 1552 2513 1624 μὲν
2540 1550 2886 1622 δημιουργῶν
2937 1550 2967 1601 ὅ
2997 1550 3167 1618 Λόγος
3203 1549 3283 1602 τά,
3307 1550 3579 1620 κτίσματα
3600 1589 3615 1610 ,

2061 1643 2507 1713 συγκαταϐέϐηκε
2548 1645 2659 1705 τοῖς
2687 1643 2966 1712 γεννητοῖς
2993 1680 3008 1703 ,
3040 1641 3126 1694 ἴνα
3170 1638 3418 1708 γενέσθαι
3450 1639 3622 1693 ταῦτα

2066 1734 2288 1806 δυνηθῇ.
2325 1735 2436 1788 Οὐκ
2469 1733 2532 1788 ἂν
2564 1733 2673 1804 γὰρ
2710 1735 2937 1805 ἤνεγκεν
2969 1730 3079 1803 (49)
3123 1731 3286 1784 αὐτοῦ
3320 1732 3415 1803 τὴν
3460 1729 3620 1799 φύσιν

387 1819 535 1886 fecit,
572 1836 631 1877 se
679 1821 746 1876 ad
795 1838 890 1878 eas
941 1823 1173 1892 benigne
1226 1822 1677 1886 accommodavit,
1733 1829 1793 1874 ut
1836 1820 1952 1874 ﬁeri

2067 1805 2292 1895 Ξκρατον
2320 1822 2414 1876 καὶ
2443 1821 2713 1892 πατρικὴν
2738 1816 2898 1875 οὖσαν
2929 1819 3309 1892 λαμπρότητα,
3340 1820 3388 1872 εί
3420 1820 3494 1891 μὴ
3529 1838 3620 1888 cpt.—

387 1920 630 1982 possent.
662 1911 770 1968 Nec
803 1914 947 1968 enim
974 1913 1095 1983 ejus
1133 1921 1405 1980 naturam,
1439 1927 1562 1982 quae
1584 1927 1754 1982 purus
1783 1919 1836 1966 et
1863 1927 1962 1981 pa-

388 2011 578 2056 ternus
607 2011 692 2058 est
721 2004 995 2076 splendor,
1033 2003 1176 2059 ferre
1211 2005 1535 2075 potuissent,
1565 2003 1668 2057 nisi
1707 2017 1765 2058 se
1797 2003 1863 2058 ad
1893 2003 1958 2057 ii-

389 2095 472 2149 las
523 2105 748 2165 paterna
781 2096 1114 2165 benignitate
1139 2096 1620 2162 accommodasset,
1652 2095 1958 2166 iisdemque

389 2195 643 2241 naturam
680 2195 739 2241 ut
762 2199 948 2243 essent
993 2186 1254 2242 dedisset.
1293 2188 1411 2243 Alia
1450 2196 1633 2242 autem
1683 2187 1827 2242 ratio
1853 2196 1957 2251 est,

387 2279 534 2348 quod
563 2279 808 2349 ejusdem
858 2279 1020 2335 Verbi
1069 2281 1421 2352 benignitate,
1467 2295 1556 2336 res
1598 2291 1796 2336 creatae
1825 2280 1961 2334 lilio-

390 2386 512 2425 rum
554 2371 873 2442 dignitatem
922 2387 1020 2442 per
1051 2371 1226 2442 ipsum
1259 2381 1693 2443 consequuntur,
1737 2381 1798 2427 ut
1842 2371 1962 2427 illa-

389 2475 534 2524 rum,
571 2459 732 2515 sicuti
763 2461 1025 2525 diximus,
1055 2461 1233 2517 modis
1272 2461 1528 2516 omnibus
1571 2462 1963 2532 primogenitus

387 2552 560 2618 ﬁeret,
587 2560 701 2606 tum
728 2567 852 2606 cum
890 2567 985 2607 eas
1022 2562 1189 2618 creat,
1220 2559 1334 2606 tum
1375 2568 1499 2607 cum
1543 2552 1658 2621 ipse
1688 2551 1742 2604 in
1774 2551 1960 2604 orbem

387 2652 658 2698 terrarum
685 2685 699 2709 ,
733 2645 986 2698 omnium
1029 2659 1193 2698 causa
1219 2685 1234 2712 ,
1284 2644 1668 2699 introducitur.
1721 2641 1963 2710 Namque

388 2737 463 2790 ita
503 2736 765 2808 scriptum
794 2749 918 2805 est,
962 2736 1098 2792 Cum
1145 2737 1438 2792 introducit
1465 2737 1876 2806 primogenitum
1907 2736 1963 2788 in

387 2829 564 2882 orbem
596 2839 771 2894 terraz,
808 2830 984 2884 dicit:
1023 2830 1087 2882 Et
1139 2830 1361 2902 adorent
1406 2845 1524 2882 eum
1561 2843 1733 2882 omnes
1783 2825 1957 2897 angeli

389 2917 489 2971 Dei
515 2919 584 2970 ".
619 2919 856 2974 Audiant
883 2919 1087 2975 Christi
1129 2921 1358 2986 inimici,
1389 2934 1556 2990 seque
1599 2919 1700 2988 ipsi
1750 2919 1957 2974 discer-

387 3019 543 3081 pant,
587 3012 734 3081 quod
780 3012 1037 3067 nimirum
1075 3013 1194 3083 ejus
1230 3013 1283 3065 in
1325 3013 1512 3068 orbem
1555 3020 1827 3067 terrarum
1874 3009 1962 3064 in-

389 3119 642 3174 gressus,
687 3119 855 3160 causa
896 3113 981 3160 est
1027 3121 1126 3160 cur
1170 3105 1417 3161 omnium
1469 3104 1864 3175 primOgenitus
1891 3104 1964 3160 sit

2057 1913 2381 1985 λανθρωπίᾳ
2429 1915 2670 1984 πατρικῇ
2725 1909 3070 1981 συγκαταϐὰς
3116 1910 3436 1963 ἀντελάϐετο
3463 1952 3478 1976 ,
3528 1912 3623 1964 καὶ

2057 2006 2336 2077 κρατήσας
2367 2005 2505 2058 αὐτά
2533 2007 2613 2067 είς
2646 2003 2835 2057 οὐσίαν
2861 2003 3077 2074 ἤνεγκε.
3120 2001 3231 2054 Καὶ
3272 2001 3522 2073 δεύτερον
3566 2002 3624 2054 δὲ

2060 2098 2240 2162 πάλιν,
2273 2099 2354 2150 ὅτι
2387 2097 2480 2150 καὶ
2505 2095 2940 2164 συγκαταϐάντος
2991 2093 3104 2165 (50)
3146 2092 3241 2146 τοῦ
3284 2094 3485 2162 Λόγου,
3513 2094 3626 2144 υἱο-

2059 2191 2291 2241 ποιεῖται
2311 2187 2405 2241 καὶ
2427 2187 2562 2258 αὐτὴ
2591 2187 2624 2257 ἡ
2650 2185 2826 2249 κτίσις
2852 2185 2920 2237 δι’
2952 2182 3116 2238 αὑτοῦ
3147 2202 3161 2215 ο
3194 2183 3279 2236 ἵνα
3307 2183 3400 2236 καὶ
3423 2182 3630 2254 αὐτῆς,

2059 2281 2307 2350 καθάπερ
2341 2279 2576 2350 εἴρηται,
2626 2277 2972 2349 πρωτότοκος
3002 2277 3144 2332 κατά
3177 2277 3356 2331 πάντα
3381 2278 3625 2348 γένηται,

2060 2371 2117 2424 ἐν
2149 2388 2207 2423 τε
2233 2369 2309 2440 τῷ
2347 2369 2571 2434 κτίζειν,
2607 2368 2703 2422 καὶ
2725 2370 2782 2422 ὲν
2805 2368 2882 2440 τῷ
2902 2368 3215 2439 εἰσάγεσθαι
3244 2369 3383 2439 ὑπὲρ
3412 2369 3629 2422 πάντων

2059 2463 2140 2526 είς
2196 2461 2364 2531 αὐτὴν
2399 2460 2511 2531 (51)
2559 2458 2657 2531 τὴν
2688 2459 3033 2532 οἰκουμένην.
3089 2460 3246 2515 Οὕτω
3291 2461 3396 2531 γὰρ
3425 2459 3628 2528 γέγρα-

2019 2570 2190 2613 ,πται
2218 2570 2231 2582 ·
2292 2552 2478 2605 Ὅταν
2523 2551 2592 2604 δὲ
2638 2553 2926 2622 εἰσαγάγῃ
2965 2553 3072 2607 τὸν
3126 2557 3499 2640 πρωτότοκον
3544 2561 3632 2620 εις

2061 2644 2175 2713 τὴν
2219 2644 2598 2714 οἰκουμένην,
2650 2642 2807 2713 λέγει
2837 2661 2849 2674 °
2877 2645 2987 2699 Καὶ
3031 2645 3636 2714 προσκυνησάτωσαν

2063 2735 2222 2802 αὐτῷ
2259 2735 2481 2802 ,πάντες
2507 2736 2750 2806 ἄγγελοι
2789 2737 2960 2791 Θεοῦ.
3005 2738 3375 2792 Ἀκουέτωσαν
3423 2737 3534 2809 (52)
3585 2741 3632 2790 οἱ

2061 2831 2414 2902 χριστομάχοι
2439 2869 2454 2894 ,
2489 2830 2585 2883 καὶ
2619 2829 3078 2901 σπαραττέτωσαν
3126 2831 3353 2896 ἑαυτοὺς
3380 2869 3395 2894 ,
3443 2833 3522 2884 δτι
3573 2831 3648 2883 τὶ

2062 2923 2320 2976 εἰσελθεῖν
2344 2922 2505 2977 αὐτὸν
2521 2925 2598 2987 είς
2621 2923 2720 2995 τὴν
2741 2924 3064 2994 οἰκουμένην
3099 2924 3321 2994 ἐποίησε
3363 2924 3455 2976 καὶ
3495 2939 3637 2993 πρω-

2061 3015 2279 3070 τότοκον
2301 3014 2515 3070 πάντων
2538 3015 2800 3085 κληθῆναι
2819 3034 2832 3046 ·
2861 3015 2997 3068 ὥστε
3023 3015 3115 3068 τοῦ
3138 3017 3233 3086 μὲν
3255 3015 3469 3086 Πατρὸς
3495 3010 3653 3067 εἶναι.

2062 3107 2344 3179 Μονογενῆ
2375 3107 2464 3160 τὸν
2488 3109 2634 3172 Υἱὸν,
2666 3108 2754 3161 διὰ
2775 3107 2836 3160 τὸ
2871 3106 2929 3170 ἐξ
2949 3106 3112 3159 αὑτοῦ
3150 3107 3306 3178 μόνον
3332 3104 3492 3159 αὑτὸν
3525 3105 3651 3176 (55).

389 3199 712 3266 appellatus.
747 3197 1014 3264 Quocirca
1048 3197 1226 3252 Patris
1258 3197 1477 3266 quidem
1512 3195 1841 3266 Unigenitus
1879 3203 1962 3249 est

2069 3194 2226 3263 εἶναι,
2251 3199 2352 3268 τῆς
2383 3197 2438 3250 δὲ
2469 3197 2697 3261 κτίσεως
2741 3196 3077 3267 πρωτότοκον
3106 3196 3192 3250 διὰ
3224 3197 3322 3265 τὴν
3354 3195 3460 3249 τῶν
3496 3197 3634 3249 πάν-

391 3289 595 3358 Filius,
632 3291 893 3361 quoniam
933 3290 1085 3345 solus
1129 3290 1245 3359 ipse
1277 3303 1345 3343 ex
1382 3288 1475 3342 illo
1507 3295 1591 3342 est
1617 3305 1631 3341 :
1662 3295 1746 3341 est
1779 3293 1960 3340 autem

2067 3307 2174 3344 των
2199 3289 2520 3360 υίοποίησιν.
2553 3291 2638 3354 Ὠς
2659 3291 2786 3344 δὲέν
2811 3290 3054 3359 ἀδελφοῖς
3082 3290 3438 3361 πρωτότοκος,
3462 3288 3554 3341 καὶ
3572 3288 3658 3340 ὲκ.

390 3398 573 3437 rerum
609 3390 920 3437 creatarum
962 3380 1380 3450 primogenitus,
1411 3380 1539 3449 quia
1564 3393 1754 3433 omnes
1785 3377 1961 3445 adop—

2068 3379 2276 3450 νεκρῶν
2315 3380 2536 3452 ἀπαρχὴ
2575 3379 2681 3432 τῶν
2722 3377 3136 3448 κεκοιμημένων
3160 3377 3355 3448 ἀνέστη
3378 3392 3391 3405 ·
3425 3375 3598 3437 οὕτως
3619 3416 3637 3438 ,

392 3473 538 3526 tione
565 3472 659 3526 lilii
693 3472 1020 3527 eﬂiciuntur.
1047 3469 1120 3526 Ut
1155 3486 1320 3540 porro
1351 3469 1493 3524 inter
1527 3469 1722 3523 fratres
1756 3467 1962 3538 primo-

2067 3471 2364 3542 ἐπειδήπερ
2407 3469 2641 3541 ἔπρεπεν
2677 3469 2734 3520 ὲν
2774 3469 2936 3520 πᾶσιν
2977 3466 3136 3520 αὐτὸν
3172 3465 3490 3537 πρωτεύειν,
3543 3464 3633 3517 διὰ

390 3564 604 3633 genitus
639 3573 742 3631 est,
774 3563 1027 3631 idemque
1066 3577 1135 3617 ex
1182 3561 1450 3628 mortuis,
1482 3561 1734 3632 primitiae
1771 3573 1961 3614 eorum

2068 3561 2225 3615 τοῦτο
2238 3563 2330 3614 καὶ
2345 3561 2487 3633 ἀρχὴ
2503 3561 2637 3614 ὁδῶν
2654 3559 2894 3624 κτίζεται
2909 3573 2922 3588 ο
2946 3559 3052 3622 ἵνα,
3071 3557 3272 3628 ταύτης
3288 3556 3397 3629 (54)
3414 3554 3640 3608 ἐπιϐάν-

390 3656 485 3724 qui
520 3656 864 3711 dormierunt
899 3657 965 3724 ¹⁹,
999 3655 1222 3711 revixit:
1259 3655 1334 3708 ita
1370 3655 1501 3724 quia
1529 3670 1655 3709 eum
1693 3654 1749 3708 in
1778 3653 1962 3709 omni-

2067 3675 2154 3720 τες
2186 3657 2278 3710 καὶ
2305 3655 2634 3718 εἰσελθόντες
2664 3653 2729 3706 δι’
2765 3649 2927 3705 αὑτοῦ
2966 3651 3238 3720 λέγοντος,
3286 3648 3424 3718 Ἐγώ
3444 3651 3560 3717 ειμι
3590 3649 3629 3716 ἠ

391 3745 495 3800 bus
521 3747 759 3815 primum
795 3745 976 3801 locum
1017 3745 1250 3801 decebat
1295 3745 1542 3800 obtinere
1567 3787 1583 3812 ,
1626 3745 1750 3800 ideo
1795 3744 1961 3798 etiam

2068 3745 2208 3810 ὁδός
2241 3745 2339 3799 καὶ
2377 3747 2415 3814 ἠ
2451 3745 2617 3813 θύρα,
2661 3741 3052 3814 μεταλαϐόντες
3098 3759 3156 3794 τε
3203 3740 3302 3810 τῆς
3355 3739 3482 3809 περὶ
3536 3737 3632 3791 τοῦ

394 3838 721 3909 principium
748 3839 965 3893 viarum
1000 3847 1237 3907 creatur,
1264 3847 1326 3892 ut
1347 3852 1442 3907 per
1467 3837 1600 3892 illud
1631 3836 1964 3903 incedentes,

391 3942 447 3987 et
469 3948 572 4002 per
598 3933 795 3988 Filium
823 3934 918 4004 qui
945 3933 1056 3989 ait:
1094 3932 1207 4003 Ego
1233 3949 1350 3986 sum
1388 3933 1476 3986 uia
1496 3940 1547 3985 et
1576 3935 1748 4000 janua
1781 3932 1847 3996 ’9,
1879 3931 1962 3984 in-

393 4026 567 4095 gressi
608 4069 622 4092 ,
666 4026 903 4096 factique
935 4025 1262 4096 cognitionis
1300 4022 1479 4078 Patris
1505 4023 1830 4093 participes,
1871 4037 1970 4078 nos

2073 3836 2285 3907 Πατρὺς
2313 3835 2585 3904 γνώσεως,
2626 3833 2946 3904 ἀκούσωμεν
2977 3833 3070 3886 καὶ
3094 3833 3254 3902 ἡμεῖς
3284 3848 3297 3860 ·
3346 3827 3639 3897 Μακάριοι

2069 3931 2123 3982 οἱ
2157 3928 2380 3997 ἄμωμοι
2412 3928 2483 3980 ἐν
2525 3924 2641 3990 ὀδῷ
2673 3925 2808 3996 (55),
2841 3925 2954 3989 καὶ,
2985 3922 3273 3993 Μακάριοι
3306 3925 3361 3976 οἱ
3394 3919 3641 3989 καθαροὶ

2068 4020 2144 4090 τῇ
2175 4020 2409 4088 καρδίᾳ,
2444 4019 2533 4072 ὅτι
2561 4019 2731 4072 αὐτοὶ
2772 4018 2876 4072 τὸν
2903 4016 3052 4070 Θεὸν
3085 4015 3355 4084 ὄψονται.

390 4114 551 4167 etiam
583 4114 910 4168 audiamus:
947 4113 1098 4168 Beati
1121 4113 1453 4167 immaculati
1495 4114 1550 4168 in
1595 4115 1703 4181 via,
1754 4113 1845 4183 qui
1885 4110 2158 4164 ambulant
2212 4111 2268 4164 in
2304 4111 2412 4180 lege
2475 4109 2684 4162 Domini
2723 4109 2804 4174 ";
2855 4117 2910 4164 et
2944 4106 3149 4180 :|Beati
3208 4105 3400 4160 mundo
3441 4104 3593 4158 cordo
3623 4165 3642 4190 ν

389 4204 637 4272 quoniam
675 4204 774 4273 ipsi
808 4204 975 4257 Deum
1002 4203 1245 4258 videbunt
1274 4205 1341 4258 “.

465 4320 507 4350 ³⁸
535 4318 698 4375 Hebr.
731 4335 770 4386 ι,
799 4320 851 4374 6.
931 4321 972 4352 ⁸⁸
1003 4319 1023 4372 ι
1056 4319 1184 4377 Cor.
1221 4336 1312 4388 xv,
1339 4318 1430 4372 9.0.
1506 4320 1550 4350 ²⁰
1578 4317 1733 4374 Joan.
1770 4333 1882 4378 xxv.
1912 4315 1962 4382 6;

2093 4313 2145 4370 7.
2220 4314 2261 4345 "
2291 4311 2434 4368 Psal.
2459 4324 2648 4376 cxvm,
2674 4309 2728 4365 1.
2801 4309 2847 4340 ⁸⁸
2869 4305 3058 4362 Matth.
3109 4321 3162 4372 γ,
3198 4304 3250 4358 8.

459 4474 571 4552 (45)
599 4473 743 4552 Felc.
760 4475 821 4552 2.
858 4473 1093 4552 etediti,
1112 4473 1334 4545 ἀψύχων
1362 4473 1775 4552 αςηῶνλϐεειοισξ
1801 4487 1961 4552 mss.,

2068 4485 2224 4533 mss.,
2261 4466 2543 4552 εἰς-ιιιὺτὴν¹
2569 4465 2712 4552 τήν,
2764 4473 2892 4544 etc...
2913 4460 3258 4552 ibid;
3271 4457 3644 4552 ‘5,Do‘i'lr‘rw‘yé:

389 4541 613 4622 ἀψυχων
642 4546 823 4622 αὐτόν.
863 4543 998 4622 ibid.
1026 4541 1709 4622 Segu’erjanaliegzliasil.
1746 4541 1960 4622 Anglic.

389 4615 542 4687 Felc.,
563 4615 596 4669 4
618 4626 687 4687 Δει
710 4617 764 4678 5,
790 4617 1197 4687 ὑπονοήσουσιν.
1230 4615 1372 4670 Editi
1401 4615 1599 4687 et__alii,
1625 4615 1964 4687 ὑπονοοῦσιν.

464 4686 574 4768 (46)
608 4683 1049 4768 S_i.c.Segue_rian.
1101 4685 1412 4741 Goblerian.
1444 4685 1587 4739 Felc.
1641 4687 1664 4739 1
1702 4695 1754 4738 et
1778 4683 1832 4736 4.
1899 4683 1969 4737 At

392 4755 481 4812 alii
505 4766 557 4810 et
587 4757 740 4820 editi,
769 4755 1014 4809 τοιαῦτα.

465 4827 579 4896 (47)
601 4827 989 4895 Seguerianus,
1046 4825 1357 4880 Goblerian.
1399 4824 1543 4880 Felc.
1601 4825 1626 4896 1
1672 4822 1811 4896 et},
1846 4823 1970 4877 οὔτε

390 4897 458 4950 δι’
483 4894 692 4951 ἑαυτόν.
722 4896 851 4965 Reg.
889 4905 943 4950 et
973 4896 1116 4951 Felc.
1142 4898 1196 4955 5.
1244 4897 1303 4950 οὐ
1354 4896 1420 4949 δι’
1463 4895 1674 4949 ἑαυτόν.
1727 4894 1890 4948 Basil.
1917 4903 1972 4965 et

390 4967 580 5089 Qtigli'c
610 5008 624 5033 ,
652 4968 774 5020 οὐδὲ
811 4964 882 5019 δι’
937 4967 1117 5021 αὐτόν.
1178 4966 1370 5022 Caeteri
1423 4978 1477 5020 et
1525 4966 1677 5029 editi,
1723 4965 1844 5018 οὐδὲ
1901 4964 1969 5018 δι’

423 5054 606 5089 αυτον.

423 5054 606 5092 αυτον.

432 5107 574 5230 6g?)
608 5107 950 5178 Seguerian.,
989 5119 1044 5164 et
1090 5107 1250 5178 Reg.,
1289 5107 1480 5176 αὐτῆς.
1525 5106 1644 5192 _Alii
1714 5115 1770 5161 et
1814 5105 1967 5172 editi,

392 5193 572 5239 αυτος.

464 5247 574 5320 (49)
615 5246 934 5320 §eguerian.
970 5249 1227 5320 ἤνεγκαν.

466 5315 580 5384 (50)
609 5315 1328 5385 Segucrianus,Goblerian.
1359 5317 1502 5373 Felc.
1539 5317 1560 5370 1
1594 5327 1648 5372 et
1677 5319 1731 5383 4,
1764 5317 1845 5371 ὅτι
1877 5316 1973 5368 καὶ

395 5387 855 5454 συγκαταϐάντος.
889 5388 947 5442 In
979 5391 1100 5446 aliis
1145 5399 1199 5445 et
1253 5390 1415 5445 editis
1463 5388 1557 5442 καί
1601 5390 1772 5443 deest.
1831 5385 1968 5439 lbid.

395 5453 552 5530 R_eg.,
578 5458 961 5530 BiQﬁOthialj)
995 5461 1171 5524 κτίσις
1206 5460 1292 5513 ἵνα
1324 5459 1441 5526 καί,
1473 5469 1576 5530 etc.
1609 5458 1968 5530 Mox_Segue_-

395 5474 552 5525 neg.,
578 5474 896 5512 υιοποιειται
927 5474 961 5530 η
995 5474 1171 5524 κτισις
1207 5474 1292 5513 ινα
1324 5474 1441 5526 και,
1473 5474 1576 5514 etc.
1609 5474 1730 5513 mox
1762 5474 1971 5527 begue-

395 5525 534 5601 ria_n_.
569 5525 878 5601 prleriarl.
905 5527 1049 5585 Felc.
1095 5532 1148 5597 1,
1185 5531 1436 5601 καθάπερ
1467 5529 1704 5601 εἴρηται.
1739 5527 1885 5601 Eelc.
1915 5525 1972 5592 4,

392 5595 538 5671 καθά
575 5595 804 5671 είρηται.
827 5597 966 5671 Editi
993 5609 1048 5653 et
1074 5595 1185 5665 alii,
1209 5600 1353 5654 καοά
1385 5595 1725 5671 προείρηται.
1748 5597 1971 5671 ibidem.

393 5666 713 5735 Seguerian.
742 5667 874 5734 Reg.
907 5669 1215 5725 Goblerian.
1247 5666 1441 5724 Fech
1477 5681 1529 5723 et
1549 5666 1612 5736 '4,
1635 5668 1776 5724 κατὰ
1798 5667 1974 5720 πάντα

389 5738 635 5862 τένέται.
660 5737 762 5792 Alii
789 5747 842 5792 et
869 5740 1020 5804 editi,
1056 5740 1197 5820 κατά
1226 5741 1400 5820 πάντα
1427 5740 1732 5828 γεγένηται.
1807 5809 1819 5822 Ἰ
1959 5810 1968 5818 ι

467 5809 485 5862 ί
531 5805 841 5862 lchlekm.
904 5807 960 5862 ‘2.
1007 5820 1058 5862 et
1119 5811 1267 5862 Cdlll.
1321 5813 1396 5862 ei:
1450 5828 1571 5862 την.
1633 5820 1736 5862 etc.
1781 5811 1968 5862 (.mten

467 5805 580 5879 (51)
605 5805 841 5864 Felckm.
904 5807 960 5877 ‘2,
1007 5820 1058 5865 et
1119 5811 1268 5877 editi,
1321 5813 1396 5874 ei;
1439 5805 1571 5881 τήν,
1611 5805 1736 5868 ὀιο.
1781 5809 1971 5866 (lactari

2067 4529 2330 4610 γραπται.
2356 4529 2989 4610 ltem'ibidfSeguerian.
3014 4531 3324 4586 Goblerian.
3350 4529 3492 4584 Felc.
3530 4530 3552 4582 1
3583 4538 3641 4583 et

2071 4608 2597 4682 4;6rav_eiaarérn-
2661 4677 2672 4682 _
2835 4673 2845 4682 .
3255 4678 3264 4682 Α

2140 4682 2250 4751 (52)
2283 4669 2623 4751 Segueriaii.,
2650 4673 3055 4730 ἀκουσάτωσαν.
3079 4671 3186 4725 Alii
3219 4678 3273 4725 et
3293 4669 3440 4734 editi,
3476 4669 3646 4722 ἀκου-

2068 4753 2295 4806 έτωσαν.
3485 4795 3491 4800 .

2144 4822 2256 4892 (55)
2285 4818 2455 4892 Αὐτόν
2482 4819 2637 4892 abest
2663 4834 2696 4892 a
2715 4816 2898 4871 Felck.
2917 4815 2971 4868 4.
3007 4812 3230 4892 Ibidem,
3262 4810 3573 4892 elckman.
3606 4808 3645 4860 2

2069 4903 2123 4946 et
2144 4882 2296 4955 editi,
2330 4891 2428 4960 τῆς
2476 4890 2532 4941 δὲ
2590 4889 2820 4950 κτίσεως
2872 4883 3234 4955 πρωτότοκος.
3265 4882 3454 4935 Cteteri
3506 4895 3643 4933 mss.

2072 4963 2270 5016 habent
2298 4960 2663 5032 πρωτότοκον.

2143 5033 2255 5102 (54)
2297 5019 2808 5102 B:isil.etFe[c._5,
2863 5027 3060 5102 raptu.
3109 5022 3228 5076 Mox
3283 5019 3427 5102 Felc.
3469 5019 3648 5102 ,εκεῖ

2071 5088 2554 5167 ειιῖιί‹›’(]οηιιιιει.,
2602 5097 2743 5167 Ἐγώ
2767 5088 2885 5168 εἰμι
2915 5088 3180 5168 ὁ-ίᾹόγος,
3218 5107 3316 5162 pro
3356 5088 3494 5159 Ἐγώ
3528 5090 3646 5168 εἰμι

2082 5176 2105 5237 ἠ
2134 5173 2270 5237 ὁδός,
2304 5181 2364 5225 ιιι
2401 5159 2601 5224 habent
2629 5159 2721 5224 alii
2763 5159 2898 5224 mss.
2950 5159 3088 5237 Ibid.
3117 5159 3382 5237 _chue_r._,
3410 5159 3647 5237 μεταλα-

2134 5192 2270 5237 οοος,
2304 5192 2364 5225 ιιι
2402 5192 2601 5224 nauem
2629 5192 2721 5224 ιιιιι
2764 5192 2898 5224 11155.
2950 5192 3082 5220 ιυιιι.
3135 5192 3382 5232 cusuc“,
3410 5192 3646 5232 μδιυυυυι-

2072 5192 2257 5316 govern;
2293 5243 2407 5316 τῆς
2449 5241 2568 5316 τοῦῌ
2603 5242 2839 5316 Πατρός,
2893 5247 3011 5316 etc;
3033 5235 3250 5316 Gobler.
3281 5231 3563 5316 elc.nlr_et
3588 5229 3646 5316 4,

2076 5297 2466 5385 μεταλαϐόῦτες
2510 5311 2610 5380 τῆς
2649 5297 2935 5381 περιττοῦ.
2968 5305 3201 5385 Πατρός,
3259 5313 3360 5358 etc.
3419 5297 3559 5354 Edit.
3594 5307 3651 5353 et

2073 5386 2186 5447 alii,
2222 5382 2694 5454 μεταλαϐόντες-τε
2717 5384 2816 5452 τῆς
2835 5377 2966 5454 περ)
2982 5394 3076 5429 του
3086 5374 3365 5454 ’,Π-ατρός,
3390 5370 3645 5454 elc.‘lter'n

2075 5439 3053 5523 ὶὺίά.’δοξυειοη-ἀκούωμενξϐόιιιεις.
3086 5439 3372 5523 Felc.;let
3399 5442 3455 5523 4”.
3485 5439 3652 5523 ἀκούτ

2074 5509 2647 5595 ομεν.1υἷᾱοιιι’Βοε.,
2692 5509 2834 5576 ’ποτὲ
2874 5519 2967 5573 καὶ
3009 5519 3190 5589 ἡμεῖς.
3221 5514 3365 5568 Felc.
3416 5512 3468 5574 5,
3517 5509 3651 5564 ποτε

2158 5613 2252 5648 εις.

2317 5663 2556 5736 Felckm.
2593 5663 2646 5727 5,
2681 5662 2874 5736 addit,_
2901 5662 2952 5736 oi
2997 5657 3347 5736 πορευόμενοι
3387 5652 3452 5736 ἐν
3497 5649 3652 5736 νόμω

2077 5722 2304 5808 Κυρίου,
2331 5751 2462 5808 quze
2512 5722 2708 5808 desunt
2737 5722 2950 5808 in‘aliis
3001 5722 3648 5808 et_'ediiione‘C_onnnel-.

2079 5791 2304 5878 Ibidem,
2331 5791 2645 5864 Coblerian.
2685 5813 2738 5858 ct
2774 5801 3010 5858 Fclckm.
3051 5801 3075 5854 1
3122 5798 3380 5855 omittunt
3416 5793 3498 5845 ὅτι
3547 5791 3651 5846 aii-
