3948 6236
301 309 404 368 289

1427 314 1682 372 ORATIO
1721 316 1761 372 11
1799 314 2077 372 CONTRA
2116 313 2438 370 ARIANOS.

3415 307 3523 363 290

363 424 453 481 67.
481 425 619 479 Πότε
639 421 732 480 οὖν
752 426 905 482 ἔλαϐε
928 428 996 482 τά
1016 429 1150 500 ἔργα
1173 432 1251 494 είς
1272 431 1331 484 τὸ
1349 431 1651 497 τελειῶσαι,
1675 427 1720 486 ὦ
1744 433 1860 488 θεο-

2035 432 2123 488 67.
2141 431 2496 498 Quandonam
2521 427 2683 500 igitur
2697 442 2858 498 opera
2879 425 3198 498 perﬁcienda
3217 425 3473 495 suscepit,
3491 441 3525 478 o

304 516 497 587 μάχοι;
533 516 626 568 Ἐκ
649 514 756 588 γᾴρ
780 516 966 571 τούτου
993 519 1087 572 καὶ
1115 519 1194 582 τὸ,
1220 521 1440 585 ἔκτισε,
1466 524 1855 595 γνωσθήσεται.

299 607 452 660 Κατά
486 607 584 677 μὲν
614 603 708 660 οὖν
735 608 833 680 τὴν
859 610 1033 682 ἀρχὴν
1051 650 1066 674 ,
1093 612 1179 664 ὅτε
1206 614 1270 667 ἐκ
1299 613 1391 668 τοῦ
1421 615 1495 685 μὴ
1521 615 1670 680 ὄντος
1691 619 1767 680 εἰς
1794 618 1860 670 τὺ

299 692 435 748 εἶναι
467 696 611 750 αὑτά
642 699 816 752 ἐποίει
848 699 995 770 (78),
1043 702 1134 753 ὲάν
1165 701 1352 773 εἴπητε
1376 742 1393 769 ,
1443 705 1636 773 ψεῦδός
1679 708 1856 760 ἐστιν’

299 785 446 839 οὔπω
467 787 577 857 γὰρ
597 782 664 857 ἦν
687 787 952 858 γενόμενα
969 806 984 819 ’
1011 789 1252 858 φαίνεται
1278 793 1334 846 δὲ
1358 793 1546 862 λέγων,
1569 795 1643 860 ὼς
1670 795 1738 849 τὰ
1759 797 1858 869 ήδη

300 879 420 930 ὅντα
437 878 750 948 λαμϐάνων.
790 879 925 932 Ἀλλ’
952 881 1069 933 οὐδὲ
1095 883 1184 936 τὸν
1212 884 1318 956 πρὸ
1338 884 1430 938 τοῦ
1452 886 1673 958 γένηται
1705 889 1733 940 6
1759 888 1860 941 Λό-

300 985 390 1036 γος
422 968 559 1038 σὰρξ
598 970 788 1041 χρόνον
818 973 987 1025 εἰπεῖν
1015 973 1238 1042 εὐαγὲς,
1271 975 1357 1029 ἵνα
1390 978 1465 1048 μὴ
1499 980 1722 1050 περιττὴ
1755 981 1862 1033 λοι-

303 1060 396 1112 πὸν
419 1060 585 1113 αὐτοῦ
627 1064 658 1130 ὴ
700 1062 957 1134 ἐπιδημία
989 1069 1127 1136 φανῇ
1153 1083 1165 1096 ·
1196 1066 1398 1122 τούτων
1430 1070 1536 1141 γὰρ
1573 1071 1730 1142 χάριν
1768 1072 1861 1126 καὶ

300 1153 330 1222 ή
353 1151 616 1222 ἐπιδημία
640 1153 853 1220 ἐγένετο
879 1155 1008 1226 (79).
1037 1156 1243 1210 υὺκοῦν
1265 1159 1437 1213 λείπει
1465 1161 1648 1215 λοιπὸν
1668 1165 1860 1227 εἰπεῖν,

299 1243 396 1307 ὅτι,
422 1243 512 1296 ὅτε
540 1244 760 1312 γέγονεν
789 1245 1091 1317 ἄνθρωπος,
1126 1250 1243 1304 τότε
1272 1251 1428 1305 ἔλαϐε
1454 1253 1522 1306 τά
1548 1253 1681 1324 ἔργα
1702 1272 1715 1284 ·
1743 1255 1862 1308 τότε

300 1331 404 1404 γὰρ
446 1334 589 1386 αὐτὰ
634 1335 728 1388 καὶ
773 1337 1079 1391 ἐτελείωσεν
1103 1382 1116 1405 ,
1154 1343 1439 1414 ἰασάμενος
1477 1344 1546 1398 τὰ
1577 1345 1864 1417 τραύματα

300 1422 474 1494 ἡμῶν,
503 1425 598 1477 καὶ
623 1427 984 1498 χαρισάμενος
1010 1432 1139 1500 ἡμῖν
1171 1430 1280 1503 (80)
1309 1433 1406 1504 τὴν
1430 1435 1494 1487 ὲκ
1510 1434 1716 1505 νεκρῶν
1735 1435 1864 1490 ἀνά-

302 1531 510 1570 στασιν.
526 1515 588 1568 Ei
607 1515 663 1568 δὲ
689 1517 774 1570 ὅτε
794 1517 1011 1588 γέγονεν
1027 1525 1055 1574 6
1075 1523 1245 1590 Λόγος
1275 1523 1428 1597 σὰρξ,
1459 1527 1576 1579 τότε
1594 1526 1747 1597 ἐδόθη
1765 1527 1862 1580 αὑ·-

298 1603 374 1674 τῷ
390 1605 460 1657 τὰ
477 1604 636 1674 ἔργα,
653 1606 826 1678 δῆλον,
847 1609 926 1661 ὅτι
945 1609 1073 1680 (81),
1095 1613 1182 1664 ὅτε
1202 1612 1418 1681 γέγονεν
1434 1613 1733 1686 ἄνθρωπος,
1746 1616 1864 1668 τότε

301 1696 393 1748 καὶ
416 1696 496 1759 εἰς
514 1695 587 1748 τὰ
620 1696 756 1767 ἔργα
790 1699 1054 1764 κτίζεται.
1099 1704 1210 1756 Οὐκ
1235 1704 1340 1775 ἄρα
1366 1705 1464 1773 τῆς
1487 1706 1674 1770 οὐσίας
1701 1705 1864 1759 αὐτοῦ

1969 524 2062 579 Dei
2087 523 2314 579 hostes?
2348 505 2482 575 liinc
2532 521 2674 574 enim
2709 519 2837 589 quid
2891 518 3056 572 dictio
3089 518 3280 571 creavit
3316 517 3523 588 signiti-

1963 625 2067 680 cet,
2100 613 2616 681 facileintelligetur.
2645 611 2702 664 Si
2740 609 3077 679 respondetis
3110 607 3375 678 principio
3403 624 3528 663 sus-

1963 709 2169 776 cepisse
2213 720 2375 776 opera
2408 702 2754 774 perficicnda,
2799 717 2923 757 cum
2967 701 3072 754 illa
3105 715 3136 754 e
3182 700 3350 754 nihilo
3400 699 3529 754 fecit

1965 809 2026 854 ut
2055 809 2236 856 essent
2261 817 2273 853 :
2301 797 2494 852 falsum
2515 797 2564 850 id
2590 796 2774 866 utique
2801 805 2884 850 est
2912 811 2926 860 ;
2955 795 3184 850 necdum
3214 795 3356 847 enim
3384 792 3526 847 facta

1964 900 2136 945 erant.
2172 891 2330 960 Atqui
2359 889 2428 944 de
2453 889 2537 943 his
2570 897 2824 958 tanquam
2849 901 2971 956 quae
2997 887 3110 957 jam
3143 892 3328 940 essent
3359 899 3528 954 appa-

1970 990 2050 1036 ret
2070 996 2192 1037 eum
2244 981 2411 1051 loqui.
2462 979 2648 1049 Neque
2688 993 2850 1034 etiam
2883 976 2966 1034 fas
3010 989 3094 1033 est
3127 977 3269 1031 istud
3295 976 3362 1030 de
3395 983 3530 1028 tem-

1967 1087 2098 1142 pore
2131 1073 2427 1142 intelligere
2453 1073 2595 1142 quod
2621 1072 2771 1141 prius
2800 1070 2901 1125 fuit
2933 1084 3098 1140 quam
3128 1066 3366 1123 Verbum
3400 1079 3530 1120 caro

1968 1165 2138 1230 fieret,
2175 1181 2243 1219 ne
2273 1165 2480 1220 inutilis
2510 1165 2628 1232 ejus
2655 1165 2900 1219 videatur
2949 1164 3230 1227 adventus,
3268 1174 3392 1215 cum
3430 1159 3531 1212 hu-

1964 1255 2118 1326 jusce
2146 1257 2219 1310 rei
2247 1271 2412 1310 causa
2454 1254 2746 1310 advenerit.
2794 1253 3116 1324 ltaque'jam
3168 1259 3336 1306 restat
3367 1256 3425 1302 ut
3452 1245 3531 1302 fa-

1970 1356 2180 1402 teamur
2205 1358 2334 1401 tunc
2367 1347 2642 1416 accepisse
2663 1361 2826 1416 opera
2850 1362 2974 1402 cum
3009 1346 3174 1399 homo
3211 1343 3386 1398 factus
3423 1350 3526 1395 est.

1971 1435 2248 1506 Siquidem
2303 1446 2429 1492 tunc
2487 1437 2576 1490 illa
2624 1437 2867 1506 perfecit,
2916 1451 3038 1490 cum
3082 1442 3266 1489 nostra
3321 1431 3533 1486 sanavit

1969 1530 2215 1592 vulnera,
2251 1529 2514 1598 nobisque
2553 1545 2615 1582 ex
2653 1528 2882 1583 mortuis
2922 1543 3205 1598 resurgere
3239 1523 3528 1580 concessit.

1970 1618 2127 1686 Quod
2159 1620 2205 1675 si
2239 1635 2364 1675 cum
2401 1619 2638 1674 Verbum
2661 1635 2789 1674 caro
2808 1619 3006 1674 factum
3041 1627 3144 1683 est,
3172 1627 3301 1672 tunc
3329 1617 3378 1671 ei
3407 1617 3530 1670 data

1973 1721 2101 1766 sunt
2144 1725 2331 1780 opera,
2380 1710 2550 1780 liquet
2582 1710 2782 1778 ipsum,
2832 1724 2956 1764 cum
3002 1708 3164 1764 homo
3209 1706 3384 1762 factus
3427 1715 3532 1771 est,

301 1788 633 1856 σημαντικόν
665 1790 781 1842 ἔστι
810 1791 898 1854 τὸ,
933 1792 1194 1859 ἔκτισεν,
1227 1795 1412 1868 ῶσπερ
1441 1796 1698 1861 πολλάκις
1720 1798 1867 1870 εἴρη-

1972 1813 2101 1860 tunc
2131 1820 2351 1876 quoque
2378 1804 2432 1859 in
2466 1819 2632 1875 Opera
2663 1819 2786 1858 esse
2817 1813 3078 1860 creatum.
3112 1800 3230 1857 Non
3260 1817 3390 1871 ergo
3431 1802 3536 1856 hoc

299 1894 417 1941 ται,
444 1877 584 1933 ἀλλά
610 1881 708 1951 τῆς
745 1884 1061 1954 σωματικῆς
1086 1886 1247 1940 αὑτοῦ
1281 1889 1562 1956 γενέσεως.
1598 1889 1728 1942 Τότε
1757 1889 1864 1961 γάρ

300 1966 384 2021 διά
417 1968 480 2021 τὸ
514 1972 843 2043 γεγενῆσθαι
885 1973 990 2027 ἀπὸ
1034 1974 1134 2046 τῆς
1182 1978 1541 2050 παραϐάσεως
1577 1979 1739 2050 ἀτελῆ
1773 1982 1866 2034 καὶ

301 2060 445 2131 χιι)λὰ
463 2060 538 2115 τὰ
563 2062 720 2135 ἔργα,
745 2065 958 2134 λέγεται
989 2069 1331 2138 σωματικῶς,
1360 2071 1441 2124 ὃτι
1470 2071 1730 2136 κτίζεται,
1758 2073 1862 2139 ἵνα,

300 2155 587 2222 τελειώσας
633 2160 772 2214 αὐτὰ
805 2161 898 2214 καὶ
939 2161 1208 2234 ὁλόκληρα
1239 2165 1502 2236 ποιήσας,
1542 2166 1864 2238 παραστήσῃ

300 2245 374 2317 τῷ
400 2247 579 2321 Πατρὶ
609 2250 708 2319 τὴν
743 2251 1065 2323 Ἐκκλησίαν
1089 2293 1104 2319 ,
1138 2254 1213 2318 ὼς
1256 2251 1407 2309 εἶπεν
1447 2258 1475 2310 6
1515 2257 1829 2322 Ἀπόστολος
1849 2275 1862 2289 ⁸

299 2336 392 2406 Μὴ
420 2339 694 2408 ἔχουσαν
717 2340 942 2395 σπῖλον
962 2344 998 2410 ἢ
1012 2343 1248 2410 ῥυτίδα,
1269 2344 1308 2413 ἦ
1338 2363 1390 2398 τι
1423 2344 1542 2398 τῶν
1565 2347 1864 2413 τοιούτων,

300 2427 434 2483 ἀλλ’
461 2430 565 2484 ἵνα
601 2425 644 2502 ᾖ
686 2432 826 2502 ἁγία
869 2434 968 2488 καὶ
1016 2433 1269 2504 ἄμωμος.
1313 2437 1664 2491 Τετελείωται
1693 2434 1784 2493 οὖν
1809 2441 1867 2493 ὲν

302 2519 446 2592 αὐτῷ
467 2524 566 2576 καὶ
591 2524 1004 2594 ἀποκατεστάθη
1023 2567 1038 2590 ,
1063 2526 1250 2599 ὥσπερ
1273 2523 1340 2600 ἦν
1364 2530 1458 2583 καὶ
1487 2527 1627 2582 κατά
1646 2529 1743 2602 τήν
1770 2532 1870 2603 ἀρ-

303 2610 398 2680 χὴν
429 2612 655 2681 γεγονὸς
687 2613 795 2685 (82)
815 2655 830 2679 ,
878 2615 938 2668 τὸ
962 2616 1296 2689 ἀνθρώπινον
1319 2619 1508 2688 γένος,
1539 2619 1631 2674 καὶ⁷
1665 2621 1867 2693 μείζονι

303 2701 500 2769 μᾶλλον
530 2703 742 2776 χάριτι·
797 2707 1124 2772 ἀναστάντες
1162 2709 1269 2780 γὰρ
1309 2711 1372 2764 ὲκ
1404 2711 1650 2784 νεκρῶν,
1687 2713 1867 2767 οὐκέτι

301 2794 610 2868 φοϐούμεθα
634 2799 858 2853 θάνατον
876 2842 890 2866 ,
919 2801 1033 2854 ἀλλ’
1060 2805 1118 2856 ὲν
1138 2804 1355 2875 Χριστῷ
1377 2805 1760 2879 βασιλεύσομεν
1783 2808 1870 2862 ἀεὶ

306 2885 366 2940 ἒν
396 2892 512 2955 τοῖς
544 2890 813 2962 οὐρανοῖς.
856 2893 1024 2947 Τοῦτο
1051 2894 1106 2948 δὲ
1135 2896 1354 2964 γέγονεν
1373 2937 1388 2959 ,
1433 2899 1618 2972 ἐπειδὴ
1649 2900 1808 2964 αὐτὸς
1837 2899 1868 2952 6

299 2979 390 3034 τοῦ
413 2979 552 3036 Θεοῦ
575 2984 748 3053 Λόγος
773 2985 902 3050 ἴδιος
936 2989 1028 3041 καὶ
1056 2989 1119 3042 ὲκ
1143 2989 1235 3042 τοῦ
1259 2990 1468 3062 Πατρὺς
1493 2989 1568 3045 ὢν
1588 2991 1870 3048 ἐνεδύσατο

1964 1899 2151 1966 verbo,
2178 1899 2394 1963 creavit,
2443 1897 2562 1967 ejus
2595 1904 2786 1950 natura
2818 1896 3178 1966 signiﬁcatur,
3207 1894 3287 1948 uti
3337 1893 3534 1962 saepius

1963 1989 2168 2044 dictum
2199 1996 2302 2051 est,
2336 1987 2430 2042 sed
2455 1995 2608 2040 ortus
2633 1986 2803 2054 ipsius
2833 1999 3150 2054 corporeus.
3179 1981 3333 2037 Tunc
3364 1982 3535 2046 enim,

1963 2080 2109 2151 quod
2141 2094 2303 2150 opera
2336 2076 2652 2148 imperfecta
2677 2085 2730 2133 et
2763 2075 2951 2131 mutila
2980 2085 3200 2145 peccato
3236 2073 3380 2128 facta
3416 2073 3534 2128 fue-

1964 2179 2108 2237 rant,
2142 2169 2315 2225 creari
2341 2169 2638 2226 secundum
2667 2183 2864 2237 corpus
2895 2167 3114 2229 dicitur,
3148 2175 3208 2220 ut
3253 2165 3362 2219 illis
3405 2179 3536 2234 per.

1964 2261 2122 2318 fectis
2170 2271 2332 2332 atque
2376 2262 2430 2315 in
2478 2261 2747 2331 integrum
2795 2267 2996 2313 statum
3026 2257 3319 2317 restitutis,
3350 2254 3536 2310 Eccle-

1966 2353 2102 2408 siam
2130 2351 2280 2407 Patri
2311 2351 2590 2407 exhiberet
2617 2367 2718 2404 non
2747 2351 3016 2404 habentem
3041 2350 3328 2415 maculam,
3374 2355 3433 2401 ut
3459 2346 3538 2400 ait

1965 2445 2282 2516 Apostolus,
2310 2453 2403 2498 aut
2427 2460 2633 2513 rugam,
2664 2454 2756 2496 aut
2784 2443 2986 2512 aliquid
3011 2441 3332 2510 Itujusmodi,
3363 2440 3451 2494 sed
3479 2446 3536 2492 ut

1965 2537 2036 2591 sit
2068 2547 2255 2591 sancta
2284 2545 2333 2590 et
2364 2534 2707 2590 immaculata
2729 2533 2796 2588 ³⁸.
2835 2532 2895 2587 In
2941 2532 3037 2586 illo
3070 2547 3197 2602 ergo
3233 2529 3537 2600 perfectum

1966 2635 2049 2683 est
2076 2628 2359 2682 hominum
2392 2642 2583 2698 genus,
2615 2627 2884 2696 qualeque
2917 2623 3072 2679 initio
3097 2622 3299 2677 factum
3332 2621 3535 2684 fuerat,

1966 2718 2052 2772 vel
2086 2718 2270 2788 potius
2315 2717 2576 2787 ampliore
2617 2732 2742 2772 cum
2794 2715 2966 2784 gratia
3013 2713 3324 2770 restitutum
3376 2719 3540 2780 atque

1967 2818 2276 2879 reparatum
2306 2818 2407 2864 est.
2442 2806 2720 2878 Siquidem
2754 2822 2821 2862 ex
2850 2805 3081 2862 mortuis
3113 2803 3355 2868 excitati,
3391 2817 3541 2856 mor-

1967 2889 2076 2957 tem
2127 2916 2236 2956 non
2283 2901 2514 2971 amplius
2558 2899 3034 2970 pertimescimus,
3081 2897 3176 2954 sed
3227 2897 3279 2951 in
3325 2895 3539 2950 Christo

1970 3007 2184 3064 semper
2211 2995 2264 3048 in
2289 2995 2440 3050 caelis
2471 3007 2661 3048 sumus
2692 2990 2984 3062 regnaturi.
3015 2989 3167 3057 Quod
3198 2989 3319 3044 ideo
3347 3001 3541 3043 conse-

297 3073 396 3145 τὴν
425 3074 605 3147 σάρκα
625 3115 641 3140 ,
673 3079 768 3131 καὶ
798 3077 1019 3148 γέγονεν
1048 3080 1351 3152 ἄνθρωπος.
1411 3084 1474 3137 Εἰ
1515 3084 1623 3158 γὰρ
1666 3085 1867 3158 κτίσμα

1971 3087 2213 3157 quimur,
2245 3086 2392 3158 quod
2435 3086 2614 3156 ipsum
2662 3084 2757 3140 Dei
2791 3082 3029 3139 Verbum
3060 3081 3338 3154 proprium
3376 3088 3541 3150 atque

298 3165 639 3240 ῶν-ὲγεγόνει
662 3172 948 3245 ἄνθρωπος
969 3215 982 3238 ,
1019 3175 1207 3246 ἔμενεν
1236 3177 1386 3230 οὐδὲν
1410 3173 1572 3251 ἦττον
1593 3181 1622 3232 ό
1652 3178 1862 3252 ἀνθρω-

298 3277 397 3325 πος
423 3262 561 3333 (85),
593 3263 781 3336 ῶσπερ
815 3267 905 3319 καὶ
936 3262 1003 3338 ἦν
1023 3307 1038 3332 ,
1069 3267 1129 3320 οὐ
1157 3268 1448 3338 συναφθεὶς
1467 3269 1546 3341 τῷ
1573 3270 1710 3342 Θεῷ.
1745 3271 1868 3336 Πῶς

298 3352 402 3426 γάρ
431 3352 498 3407 ἀν
532 3355 744 3425 ποίημα
765 3355 859 3421 ῶν,
893 3357 982 3411 διὰ
1004 3361 1302 3430 ποιήματος
1332 3364 1627 3435 συνήπτετο
1657 3364 1736 3436 τῷ
1758 3367 1872 3419 κτί-

300 3444 551 3518 πῃ(84);
571 3448 643 3500 Ἦ
659 3447 786 3502 ποία
807 3448 1022 3520 βοήθεια
1041 3451 1189 3522 παρᾶ
1207 3451 1312 3506 τῶν
1327 3453 1522 3524 ὁμοίων
1537 3457 1646 3519 τοῖς
1665 3456 1871 3527 ὁμοίοις

297 3535 491 3602 γένοιτ’
517 3535 586 3591 ἂν
605 3578 622 3602 ,
644 3537 912 3611 δεομένων
945 3543 1038 3595 καὶ
1062 3543 1239 3596 αὐτῶν
1267 3546 1364 3616 τῆς
1387 3546 1553 3617 αὐτῆς
1585 3547 1868 3618 βοηθείας;

299 3626 422 3691 Πῶς
452 3628 512 3682 δὲ
533 3667 550 3692 ,
584 3629 746 3701 ειπερ
777 3632 980 3704 κτίσμα
1007 3629 1075 3705 ἦν
1099 3637 1126 3687 6
1151 3635 1321 3703 Λόγος
1352 3635 1494 3704 (85),
1524 3637 1623 3708 τὴν
1655 3637 1869 3707 ἀπόφα-

301 3735 382 3772 σιν
403 3720 499 3775 τοῦ
525 3720 664 3775 Θεοῦ
687 3721 847 3777 λῦσαι
874 3724 1091 3791 δυνατὸς
1109 3721 1197 3798 ἦν,
1226 3727 1319 3780 καὶ
1340 3727 1552 3797 ἀφεῖναι
1576 3727 1674 3800 τὴν
1696 3729 1871 3801 ἀμαρ-

299 3809 450 3877 τὶαν,
483 3814 874 3884 γεγραμμένου
907 3816 1017 3888 (86)
1064 3817 1213 3890 παρά
1251 3821 1363 3882 τοῖς
1403 3820 1706 3891 προφήταις
1729 3862 1744 3887 ,
1789 3821 1870 3875 ὅτι

298 3899 457 3956 τοῦτο
491 3902 631 3958 Θεοῦ
663 3907 809 3972 ὲστι;
847 3909 942 3974 Τίς
973 3909 1081 3979 γὰρ
1112 3911 1255 3976 Θεὸς
1280 3909 1482 3980 ὥσπερ
1517 3910 1598 3965 σὺ
1622 3911 1871 3980 ἐξαίρων

299 3993 620 4064 ἁμαρτίας,
664 3997 764 4052 καὶ
803 4001 1175 4068 ὑπερϐαίνων
1202 4003 1484 4072 ἁνομίας;
1539 4003 1598 4056 '0
1633 4003 1732 4074 μὲν
1762 4003 1870 4078 γὰρ

299 4084 432 4148 Θεὸς
454 4081 606 4140 εἷπε·
638 4087 731 4157 Γῆ
756 4085 829 4155 εἴ,
866 4091 964 4145 καὶ
993 4096 1079 4157 εἰς
1099 4093 1216 4163 γῆν
1242 4094 1551 4164 ἀπελεύσῃ
1569 4111 1582 4126 ·
1616 4096 1666 4148 oi
1694 4095 1750 4149 δὲ
1779 4097 1871 4150 ἆν-

298 4174 507 4246 θρωποι
529 4177 787 4246 γεγόνασι
823 4179 1024 4251 θνητοί.
1070 4182 1195 4247 Πῶς
1225 4184 1404 4238 τοίνυν
1429 4185 1542 4257 (87)
1577 4179 1685 4241 οἷόν
1715 4203 1774 4239 τε
1801 4181 1870 4259 ἦν

297 4265 450 4338 παρὰ
476 4269 588 4322 τῶν
612 4271 856 4340 γενητῶν
891 4273 1116 4344 λυθῆναι
1137 4274 1233 4346 τὴν
1253 4273 1556 4348 ἁμαρτίαν;
1581 4277 1694 4331 ἀλλ’
1715 4277 1869 4331 ἔλυσὲ

296 4373 362 4426 γε
393 4358 558 4422 αὐτὸς
592 4361 621 4413 6
645 4361 871 4433 Κύριος,
899 4365 974 4429 ὡς
999 4362 1150 4420 εἶπεν
1181 4367 1370 4432 αὐτὸς,
1409 4368 1550 4422 Ἐὰν
1563 4367 1648 4438 μὴ
1675 4371 1708 4424 ό
1739 4369 1870 4435 Υἱὸς

1973 3195 2038 3235 ex
2067 3178 2226 3234 Patre
2277 3181 2515 3250 genitum
2553 3193 2769 3233 carnem
2820 3177 2996 3231 induit
3041 3176 3327 3245 factusque
3372 3173 3539 3228 homo

1971 3282 2072 3328 est.
2109 3270 2240 3327 Nam
2271 3272 2314 3328 si
2341 3280 2580 3328 creatam
2613 3285 2739 3326 cum
2770 3271 2993 3325 haberet
3041 3277 3317 3332 naturam,
3363 3265 3540 3320 factus

1971 3373 2157 3434 postea
2205 3364 2398 3419 fuisset
2445 3365 2652 3419 homo:
2702 3363 2842 3418 idem
2891 3361 3134 3434 profecto
3187 3360 3333 3430 quod
3383 3368 3539 3412 antea

1970 3455 2262 3510 mansisset
2287 3456 2568 3510 hominum
2595 3471 2786 3527 genus,
2811 3469 2990 3524 neque
3018 3467 3142 3508 cum
3166 3450 3278 3506 Deo
3308 3449 3542 3518 coniun-

1969 3553 2117 3598 ctum
2152 3543 2363 3599 fuisset.
2393 3543 2496 3611 Qui
2544 3546 2687 3599 enim
2729 3560 2819 3599 res
2863 3543 3005 3597 facta
3050 3556 3147 3611 per
3179 3555 3294 3595 rem
3338 3537 3538 3592 factam

1970 3651 2094 3690 cum
2139 3633 2396 3691 Creatore
2440 3636 2698 3707 conjungi
2745 3635 2974 3703 posset?
3007 3634 3115 3687 Aut
3165 3630 3297 3702 quid
3350 3627 3538 3683 auxilii

1971 3725 2239 3780 similibus
2266 3735 2446 3795 posset
2472 3727 2589 3780 dari
2621 3743 2650 3780 a
2681 3726 2975 3788 similibus,
3008 3737 3132 3778 cum
3175 3722 3292 3792 ipsa
3343 3719 3537 3774 eodem

1972 3818 2174 3872 auxilio
2210 3817 2530 3888 indigeant?
2557 3817 2662 3886 Qui
2695 3833 2844 3883 vero,
2888 3818 2934 3873 si
2966 3814 3206 3870 Verbum
3240 3827 3328 3868 res
3357 3821 3540 3866 creata

1969 3917 2136 3973 esset,
2174 3917 2358 3978 posset
2397 3907 2490 3964 Dei
2534 3909 2857 3964 sententiam
2903 3907 3186 3976 abrogare,
3223 3911 3538 3975 peccatum-

1971 4014 2077 4070 que
2099 3998 2392 4066 dimittere,
2424 4013 2548 4052 cum
2586 3999 2690 4054 hoc
2716 3996 2808 4052 Dei
2837 3995 3116 4068 proprium
3144 4008 3266 4049 esse
3297 3993 3538 4061 scripse-

1969 4093 2082 4146 rint
2121 4091 2438 4162 prophetaa?
2478 4088 2635 4157 Nam,
2672 4091 2824 4156 Quis,
2870 4089 3033 4153 Deus,
3065 4085 3254 4140 similis
3299 4085 3410 4149 tui,
3449 4083 3541 4153 qui

1971 4183 2149 4253 aufers
2196 4193 2428 4255 peccata,
2458 4195 2507 4238 et
2553 4182 2882 4238 transcendi:
2913 4181 3215 4250 iniquitates
3237 4177 3320 4230 "‘P
3355 4174 3540 4245 Siqui-

1970 4275 2092 4330 dem
2126 4275 2267 4330 Deus
2296 4275 2430 4329 dixit
2458 4294 2470 4329 :
2507 4273 2669 4328 Terra
2699 4291 2774 4340 es,
2803 4283 2852 4329 et
2878 4275 2932 4326 in
2953 4282 3146 4326 terram
3177 4269 3445 4323 reverteris
3467 4265 3536 4333 ‘°,

1969 4382 2143 4436 eaque
2170 4383 2335 4423 causa
2363 4377 2446 4422 est
2473 4383 2571 4423 cur
2596 4367 2847 4422 homines
2871 4364 2998 4421 facti
3026 4362 3284 4418 mortales
3314 4359 3536 4414 fuerint.

293 4445 455 4518 ὑμᾶς
487 4447 598 4519 (88)
629 4450 1034 4526 ἐλευθερώσῃ
1078 4459 1172 4511 καὶ
1205 4459 1404 4526 ἔδειξεν
1441 4459 1655 4530 ἀληθῶς
1683 4461 1710 4514 6
1742 4460 1867 4523 Υἱὸς

1972 4457 2254 4526 Quomodo
2289 4460 2452 4530 igitur
2484 4469 2764 4530 peccatum
2812 4465 3036 4529 possent
3065 4455 3230 4528 424
3259 4470 3346 4510 res
3384 4452 3540 4507 factm

294 4539 326 4592 6
354 4537 765 4609 ὲλευθερώσας,
797 4545 872 4608 ὼς
899 4548 997 4602 οὐκ
1019 4549 1134 4601 ἔστι
1165 4551 1399 4621 κτίσμα,
1428 4551 1547 4604 οὐδὲ
1580 4550 1688 4604 τῶν
1717 4567 1867 4622 γενη-

1977 4549 2230 4607 solvere?
2263 4547 2464 4606 Verum
2492 4551 2611 4621 ipse
2639 4551 2799 4606 solvit
2829 4533 3116 4615 Dominus,
3159 4556 3219 4602 ut
3252 4545 3392 4600 idem
3422 4546 3538 4614 ipse

368 4722 418 4754 ³⁸
450 4721 646 4793 Ephes.
677 4740 732 4789 γ,
757 4723 848 4778 27.
925 4727 969 4759 ³⁸
1003 4727 1168 4785 Micb.
1197 4742 1295 4793 νιι,
1321 4725 1442 4800 18.ί
1482 4726 1527 4758 ⁸⁸
1551 4725 1749 4781 Cenes.
1773 4726 1967 4794 111,19.

370 4902 487 4978 (ἒξ)
515 4903 648 4978 ῌεε.
685 4915 740 4960 ει
761 4905 905 4978 Felc.
938 4905 992 4970 5,
1030 4905 1303 4978 ἐποίησεν.

367 4974 488 5045 (79)
520 4974 770 5044 segnem,
789 4976 1016 5045 ἐγίνετο.

366 5042 860 5116 (SOLSeguerian.
916 5045 1228 5100 Gohlerian.
1269 5043 1582 5100 Felckman.
1633 5047 1657 5100 l
1711 5055 1766 5101 et
1809 5045 1868 5112 4,

292 5117 454 5185 ήμῖν.
475 5113 635 5185 Editi
667 5126 723 5170 et
745 5117 862 5179 alii,
903 5116 1087 5169 πᾶσιν.

363 5184 622 5257 (81)Α8ἰε
665 5185 988 5257 Seguerian.
1023 5185 1156 5253 Reg.
1195 5183 1402 5253 Anglic.
1454 5197 1506 5238 et
1533 5182 1679 5240 Felc.
1709 5184 1766 5238 4.
1799 5185 1869 5238 At

290 5254 470 5327 editio
495 5254 623 5327 Cum
632 5254 1043 5327 mel:,76qkov_61t
1057 5326 1060 5327 ν
1074 5257 1183 5327 ὅτε,
1203 5262 1306 5327 ειεΓ

364 5323 486 5393 (82)
523 5324 750 5394 Seguer.
783 5321 1109 5396 Re'gLBasil.
1146 5323 1362 5396 Anglic,
1390 5321 1626 5396 Fel_c._‘2,
1665 5324 1780 5396 ἀει
1809 5324 1864 5386 5,

291 5392 541 5462 γεγονός.
571 5392 791 5451 Gobler.
829 5392 890 5451 εἰ
909 5394 1054 5450 Felc.
1089 5397 1140 5458 l,
1171 5392 1426 5462 γεγονώς.
1465 5392 1628 5456 Editi,
1655 5394 1863 5461 γέγονε.

365 5459 484 5535 (83)
516 5465 766 5536 Seguer.,
795 5467 982 5536 ἔμενεν
1007 5465 1074 5519 ἂν
1104 5459 1258 5517 οὐδὲν
1287 5459 1446 5534 ἧττον
1476 5459 1780 5534 ἄνθρωπος,
1813 5473 1869 5518 et

289 5548 451 5607 mos,
481 5537 770 5605 συναφθεὶς
786 5536 925 5607 Θεῷ.

366 5605 482 5675 (ει)
518 5603 749 5690 Seguer:
784 5603 1002 5662 Gobler.
1026 5608 1170 5690 Felc.
1197 5607 1222 5660 1
1256 5606 1384 5690 et},
1412 5605 1489 5690 τῷ
1513 5607 1725 5690 κτίστῃ.
1753 5603 1865 5687 An-

289 5673 624 5749 gliam-"‘qu
648 5678 1224 5749 κτίσματιειιιειιειοεεἐ
1251 5677 1353 5749 Alii
1380 5685 1433 5730 et
1463 5673 1614 5749 editi,
1644 5673 1720 5741 τῷ
1750 5673 1865 5727 κτί-

292 5759 464 5804 σαντι.
514 5747 693 5804 Paulo
725 5747 853 5818 pest
911 5747 1156 5817 Seguer.,
1189 5747 1431 5812 Gobler.,
1469 5748 1751 5816 Anglican.
1809 5753 1861 5798 et

1902 4911 1945 4966 Ι)
1972 4904 2117 4959 Felc.
2152 4904 2202 4970 1,
2227 4902 2455 4973 δεόμενα
2477 4902 2580 4974 καὶ
2625 4902 2888 4974 αὐτὰτῆς
2918 4901 3106 4971 αὐτῆς.
3157 4897 3300 4953 Editi
3337 4904 3390 4951 et
3419 4894 3531 4948 alii:

1972 4975 2242 5045 δεομένων
2263 4975 2362 5045 καὶ
2393 4973 2570 5045 αὐτῶν
2598 4973 2698 5042 τῆς
2731 4973 2920 5045 αὐτῆς.

2045 5033 2158 5115 (85)
2186 5041 2493 5115 Felekman.
2517 5043 2574 5115 2,
2603 5033 2665 5098 et'
2685 5033 3184 5106 editio'VCommel"
3230 5033 3298 5108 ἦν
3340 5033 3532 5102 Λόγος.

1971 5109 2076 5168 Alii
2107 5109 2263 5177 niss.,
2293 5109 2360 5182 ἦν
2393 5113 2420 5165 6
2457 5113 2645 5182 Λόγος.

2045 5185 2158 5254 (86)
2192 5176 2416 5254 Seguer.
2441 5192 2495 5237 et
2525 5176 2684 5254 Reg,
2708 5176 3110 5254 γεγραμμένον.
3193 5239 3233 5254 ,Ἰ

2025 5239 2154 5338 ⁹(8Ἰ)
2206 5239 2432 5324 δεξιιει.
2476 5263 2529 5306 ει
2577 5239 2732 5321 llueg.,
2776 5239 2901 5308 Πῶέ
2935 5239 3143 5297 ’τοίνυνο
3192 5239 3358 5308 Εάίιί,
3408 5242 3535 5306 Πῶς

2011 5339 2098 5377 ao.

1972 5341 2157 5464 γαῗέὸ)
2197 5386 2736 5464 seguer._eth_lc._4,
2955 5381 3112 5464 Ibide]

1973 5449 2196 5534 Re‘giu’s,
2216 5449 2563 5534 etiamnam,
2591 5457 2730 5534 rgno.
2761 5449 2816 5513 ιζ
2837 5455 2870 5534 ι
2891 5463 2944 5506 ει
2973 5453 3040 5534 5,Δ
3061 5449 3336 5534 ἀληθῶς-δ
3347 5451 3480 5534 rte;
3506 5454 3534 5505 ὁ

1972 5521 2359 5604 ἐλευθερώσας,
2391 5529 2605 5604 ῶςΔρύκ-
2625 5526 2737 5604 ἔστι
2769 5523 2990 5604 κτίσμα.
3013 5521 3116 5604 A_Iii
3151 5531 3202 5604 ει
3231 5521 3390 5604 editi,
3403 5521 3535 5591 ἀλη-

1973 5604 2080 5667 θῶς
2124 5589 2198 5667 ὥς
2234 5589 2360 5663 Υἱδς
2400 5589 2841 5667 δὲλευθερώσας,
2888 5589 2969 5645 ὃτι
3013 5591 3112 5645 οὐκ
3157 5589 3270 5644 ἔστι
3303 5589 3530 5662 κτίσμα.

1971 5663 2104 5733 Ibid.
2137 5663 2282 5728 Felc.
2307 5672 2360 5738 5,
2396 5663 2690 5735 γεννητῶν.

2847 5385 2929 5445 ἃς.
2955 5381 3154 5436 Ibidem
3178 5378 3532 5450 (Segueriann
