3948 6236
462 333 561 389 291

1048 330 1110 387 S.
1149 327 1515 385 ATHANASII
1552 326 1702 383 OPP.
1743 325 1924 381 PARS
1961 325 2002 379 1.
2040 356 2109 365 -
2146 325 2510 382 HISTORICA
2547 327 2634 381 ET
2673 325 3091 382 DOGMATICA.

3579 301 3697 381 292'

462 448 559 513 ait,
598 445 722 499 Nisi
762 441 934 499 Filius
973 460 1062 498 eos
1090 442 1468 510 liberaverit“,
1510 455 1743 512 vereque
1791 439 2009 495 ostendi1

2122 442 2252 507 τῶν,
2286 442 2421 496 ἀλλά
2446 441 2572 506 ίδιος
2593 443 2782 511 Λόγος,
2814 442 2907 495 καὶ
2934 441 3094 495 εἰκὼν
3125 442 3223 514 τῆς
3251 443 3344 497 τοῦ
3367 444 3578 515 [ἰατρὸς
3600 444 3691 495 ού-

463 538 636 593 Filius
677 537 935 592 liberator
974 551 1034 591 se
1076 552 1178 591 nec
1217 545 1458 591 creatum
1500 548 1600 589 nec
1643 532 1844 588 factum
1884 547 2024 598 esse,

461 630 555 685 sed
589 639 797 684 naturae
839 627 1039 693 Patris,
1075 628 1170 698 qui
1200 628 1526 684 sententiam
1571 628 1719 681 illam
1747 624 1906 679 initio
1938 633 2025 678 tu-

459 702 619 784 lerat,
663 721 922 791 solusque
964 729 1186 791 peccata
1230 721 1536 783 condonat,
1582 718 1859 789 proprium
1905 731 2027 772 esse

424 810 696 869 LVerbum
728 823 782 869 et
812 814 1120 885 imaginem.
1151 812 1288 868 Cum
1321 815 1465 867 enim
1514 811 1569 864 in
1604 809 1779 866 Verbo
1821 809 2024 864 dictum

458 907 641 974 fuerit,
678 906 840 960 Terra
862 922 937 971 es,
965 914 1018 959 et
1050 906 1105 959 in
1138 915 1332 959 terram
1372 905 1664 967 reverteris,
1719 902 1871 957 valde
1901 917 2028 957 con-

455 1006 716 1068 gruenter
761 1011 857 1067 per
906 996 1051 1052 idem
1100 996 1280 1066 ipsum
1320 993 1554 1050 Verbum
1599 1003 1762 1065 atque
1805 994 1860 1049 in
1905 996 2024 1065 ipso

454 1091 676 1147 libertas
713 1097 768 1144 et
792 1088 993 1145 solutio
1014 1087 1387 1144 damnationis
1412 1085 1553 1142 facta
1585 1097 1692 1141 est.

523 1204 613 1259 68.
663 1204 866 1273 Atqui,
914 1202 1194 1272 inquiunt,
1253 1200 1469 1258 etiamsi
1517 1198 1767 1255 Salvator
1807 1209 2022 1257 creatus

452 1304 621 1361 esset,
656 1302 871 1366 poterat
903 1293 1053 1349 Deus
1091 1292 1472 1348 tantummodo
1505 1293 1710 1358 dicere,
1742 1300 1913 1364 atque
1946 1291 2021 1346 ita

452 1388 666 1444 solvere
708 1385 1174 1442 maledictionem.
1224 1385 1294 1440 At
1341 1384 1509 1440 simili
1554 1385 1718 1439 modo
1767 1383 1900 1453 ipsis
1948 1382 2021 1438 ita

452 1479 670 1535 occurri
699 1479 912 1550 possit:
948 1477 1123 1533 Etiam
1154 1477 1276 1532 sine
1308 1477 1422 1532 ullo
1451 1475 1571 1547 ejus
1606 1476 1839 1530 adventu
1873 1484 2022 1545 pote-

451 1581 538 1626 rat
561 1572 703 1628 Deus
732 1572 1112 1627 tantummodo
1141 1571 1342 1635 dicere,
1371 1578 1536 1640 atque
1563 1569 1637 1624 ita
1662 1569 1872 1624 solvere
1900 1582 2019 1623 ma-

450 1663 819 1719 ledictionem.
861 1661 1059 1718 Verum
1099 1661 1375 1718 attendere
1400 1668 1615 1731 Oportet
1649 1659 1780 1730 quid
1824 1658 1896 1715 sit
1921 1659 2021 1713 ho-

449 1755 687 1810 minibus
720 1755 875 1823 utile,
909 1769 1019 1809 non
1060 1765 1242 1809 autem
1283 1752 1414 1823 quid
1453 1752 1507 1806 in
1554 1752 1808 1808 omnibus
1848 1752 2019 1822 possit

448 1845 612 1902 Deus.
653 1843 901 1916 Namque
920 1846 1084 1901 etiam
1106 1854 1235 1900 ante
1257 1843 1371 1900 Noe
1397 1861 1603 1913 arcam,
1635 1844 1886 1900 homines
1923 1843 2017 1913 qui

445 1947 806 2008 peccaverant
842 1947 1053 2006 poterat
1093 1937 1437 1994 interimere:
1475 1945 1657 1992 tamen
1699 1935 1750 1992 id
1799 1935 2016 1991 nonnisi

446 2038 570 2099 post
614 2044 799 2084 arcam
844 2029 993 2086 fecit.
1036 2028 1255 2086 Poterat
1304 2044 1525 2101 quoque
1565 2029 1771 2101 absque
1812 2026 2015 2100 Moyse,

444 2122 791 2177 solummodo
806 2122 1008 2190 dicere,
1028 2123 1400 2193 populumque
1417 2121 1648 2177 educere
1666 2135 1733 2176 ex
1750 2118 2012 2191 Egypto:

442 2221 502 2268 at
530 2213 584 2269 id
622 2228 721 2283 per
754 2212 996 2285 Moysem
1025 2213 1155 2285 ,fieri
1206 2212 1583 2270 conveniebat.
1625 2210 2015 2267 Poteratoitem

440 2300 594 2360 Deus
624 2304 887 2376 populum
920 2305 1038 2361 sine
1060 2304 1340 2375 iudicibus
1369 2316 1734 2360 conservare:
1773 2315 1962 2358 verum
1983 2316 2016 2358 e

442 2410 502 2451 re
538 2398 726 2467 p0puli
775 2404 892 2452 erat
934 2396 1146 2468 judices
1185 2410 1286 2467 pro
1334 2405 1578 2466 tempore
1613 2395 1835 2451 habere.
1870 2391 2013 2461 Quin

438 2487 603 2543 etiam
629 2489 747 2559 ipse
782 2488 1035 2545 Salvator
1058 2496 1270 2560 poterat
1298 2488 1367 2544 ab
1402 2488 1561 2543 initio
1602 2489 1899 2556 advenire;
1930 2489 2014 2546 vel

442 2587 734 2649 postquam
760 2580 999 2647 advenit,
1018 2588 1233 2651 poterat
1257 2594 1365 2635 non
1390 2579 1528 2634 tradi
1554 2577 1758 2635 Pilato:
1777 2588 2012 2635 attamen

437 2669 496 2726 in
539 2670 647 2727 ﬁne
684 2672 1010 2728 saeculorum
1045 2671 1287 2738 advenit,
1329 2679 1385 2727 et
1416 2671 1678 2742 quassitus
1705 2671 1860 2739 dixit,
1898 2668 2011 2742 Ego

435 2777 556 2816 sum
570 2764 638 2817 δ’.
670 2762 830 2830 Quod
857 2764 1003 2820 enim
1038 2763 1130 2820 ille
1153 2762 1305 2830 facit,
1336 2762 1391 2819 id
1431 2763 1742 2818 hominibus
1775 2763 2010 2833 expedit,

435 2867 539 2908 nec
576 2852 735 2908 aliter
770 2854 887 2910 ﬁeri
934 2854 1155 2910 decuit:
1189 2853 1337 2926 quod
1384 2862 1566 2908 autem
1609 2863 1664 2910 et
1702 2854 1919 2926 expedit
1957 2864 2013 2912 et

434 2945 609 3011 decet,
645 2946 698 3002 id
734 2947 852 3017 ipse
872 2956 1028 3003 curat
1052 2955 1106 3003 et
1131 2947 1393 3018 providet.
1427 2941 1592 3002 Venit
1609 2946 1791 3019 itaque
1814 2961 1925 3002 non
1950 2955 2013 3004 ut

433 3038 514 3093 illi
542 3038 976 3106 ministraretur,
1014 3039 1109 3096 sed
1140 3047 1199 3095 ut
1228 3039 1344 3110 ipse
1370 3030 1707 3095 ministraret
1725 3038 1793 3107 “,
1830 3048 1886 3096 et
1909 3054 2011 3094 no.

433 3131 519 3188 bis
553 3131 867 3188 restitueret
896 3133 1153 3189 salutem.
1180 3131 1341 3189 Certe
1367 3131 1587 3188 tametsi
1615 3130 1787 3204 legem
1811 3148 1843 3188 e
1869 3132 2010 3190 cmlo
2035 3167 2079 3227 ο

432 3231 646 3294 poterat
659 3224 970 3291 enuntiare,
986 3223 1124 3279 vidit
1146 3232 1326 3279 tamen
1370 3222 1686 3279 hominibus
1706 3224 2012 3280 conducere

430 3328 552 3369 eam
582 3329 614 3369 e
640 3323 825 3371 monte
859 3313 994 3370 Sina
1028 3313 1301 3385 proferri:
1337 3316 1486 3386 quod
1524 3315 1743 3386 quidem
1786 3314 1915 3370 fecit
1954 3323 2013 3370 ut

429 3413 485 3460 et
526 3403 740 3476 Moyses
776 3413 961 3476 posset
996 3406 1313 3475 ascendere,
1360 3406 1544 3475 etilli,
1581 3406 1748 3462 verba
1785 3405 2011 3478 propius

429 3497 737 3567 audiendo,
781 3497 1000 3556 facilius
1035 3499 1339 3557 crederent.
1377 3498 1770 3557 Verumtamen
1805 3510 2010 3573 quanta

428 3603 554 3645 cum
594 3589 807 3646 ratione
833 3590 888 3646 id
926 3590 1130 3647 factum
1169 3590 1354 3656 fuerit,
1394 3606 1462 3647 ex
1494 3592 1580 3649 his
1605 3592 1910 3663 perspicere
1944 3592 2012 3647 li-

427 3686 535 3733 cet.
580 3675 638 3733 Si
676 3677 821 3735 Deus
866 3693 968 3750 pro
1009 3696 1108 3737 sua
1151 3681 1393 3752 potentia
1431 3681 1682 3748 dixisset,
1725 3683 2010 3755 solutaque

424 3756 945 3824 esset-maledictio:
994 3773 1343 3842 apparuisset
1380 3771 1603 3843 quidem
1637 3773 1883 3842 jubentis
1912 3789 2010 3844 po-

425 3868 620 3926 testas,
645 3861 879 3932 talisque
910 3860 1088 3919 factus
1109 3862 1305 3920 fuisset
1322 3864 1488 3919 homo
1512 3865 1691 3937 qualis
1713 3866 1815 3920 fuit
1835 3866 2005 3921 Adam

425 3955 558 4000 ante
591 3955 900 4016 peccatum,
942 3949 1038 4019 qui
1090 3948 1351 4004 nimirum
1392 3949 1621 4021 gratiam
1664 3950 2006 4007 extrinsecus

425 4035 739 4105 acciperet,
779 4054 882 4094 nec
949 4055 1070 4094 eam
1135 4039 1353 4110 corpori
1405 4055 1708 4096 connexam
1762 4040 2002 4097 haberet.

426 4125 721 4182 Enimvero
752 4144 878 4184 cum
906 4129 1217 4185 istiusmodi
1247 4139 1396 4186 esset
1433 4131 1628 4198 Adam,
1665 4131 1719 4185 in
1746 4131 2004 4203 paradiso

425 4226 511 4274 est
559 4219 897 4277 collocatus:
934 4222 1047 4277 imo
1083 4237 1213 4277 vero
1256 4221 1398 4278 forte
1444 4224 1597 4295 pejor
1646 4222 1825 4280 factus
1883 4234 2000 4289 est,

426 4310 630 4380 quippe
670 4313 765 4383 qui
804 4329 1031 4383 peccare
1077 4314 1347 4370 didicerit.
1387 4313 1544 4382 Quod
1583 4316 1662 4380 si,
1710 4331 1833 4370 eum
1881 4316 2002 4371 talis

426 4400 642 4485 fuisset.
673 4406 990 4477 contigisset
1018 4423 1237 4478 quoque
1277 4417 1338 4463 ut
1370 4423 1401 4463 a
1437 4416 1687 4478 serpente
1719 4407 1999 4478 decipere—

2130 535 2269 598 σίας,
2286 534 2377 587 τοῦ
2400 536 2493 588 καὶ
2504 535 2647 589 κατά
2657 535 2755 609 τὴν
2768 535 2941 607 ἀρχὴν
2963 536 3384 607 ἀποφηναμένου
3399 537 3493 590 καὶ
3512 537 3691 605 ἀφιέν-

2124 642 2214 690 τος
2245 627 2406 698 μόνου
2435 626 2533 692 τὰς
2558 628 2847 699 ἁμαρτίας.
2896 627 3110 700 Ἐπειδὴ
3147 627 3255 700 γὰρ
3281 622 3492 699 εἴρηται
3527 630 3585 681 ὲν
3610 625 3689 696 τῷ

2123 718 2299 789 Λόγῳ,
2334 718 2424 788 Γῆ
2455 716 2528 784 εἷ,
2555 720 2653 774 καὶ
2675 722 2762 786 εὶς
2785 718 2902 790 γῆν
2929 721 3260 790 ἀπελεύσῃ,
3287 718 3591 782 ἀκολούθως
3619 718 3687 772 δι’

2122 811 2286 864 αὑτοῦ
2311 810 2404 866 τοῦ
2435 813 2610 881 Λόγου
2649 813 2741 865 καὶ
2764 814 2821 865 ὲν
2850 812 2997 885 αὐτῷ
3023 814 3056 883 ἡ
3097 812 3375 885 ἐλευθερία
3407 811 3500 867 καὶ
3524 812 3558 882 ἡ
3589 809 3683 862 λύ-

2125 918 2208 967 σις
2241 902 2349 975 (89)
2371 905 2473 975 τῆς
2502 903 2876 977 κατακρίσεως
2900 904 3209 975 γεγένηται.

2190 1188 2278 1244 68.
2319 1187 2458 1243 Ἀλλ’
2484 1188 2710 1260 ἠδύνατο
2727 1228 2743 1253 ,
2783 1187 2946 1258 φασὶ,
2976 1186 3069 1240 καὶ
3090 1185 3384 1256 κτίσματος
3410 1185 3560 1249 ὄντος
3585 1182 3682 1238 τοῦ

2119 1280 2388 1353 Σωτῆρος,
2418 1281 2576 1353 μόνον
2603 1280 2776 1334 είπεῖν
2796 1280 2824 1332 6
2843 1278 2971 1343 Θεὸς
3002 1278 3097 1332 καὶ
3119 1276 3276 1332 λῦσαι
3296 1278 3395 1350 τὴν
3416 1277 3681 1347 κατάραν.

2117 1375 2193 1428 Τὸ
2217 1375 2347 1431 αὐτὸ
2368 1375 2412 1428 δ’
2436 1376 2501 1430 ἂν
2527 1375 2817 1430 ἀκούσαιεν
2841 1376 2936 1430 καὶ
2960 1374 3114 1429 αὐτοὶ
3136 1376 3265 1446 παρ’
3287 1372 3471 1447 ἑτέρου
3499 1372 3683 1442 λέγον-

2117 1482 2235 1529 τος·
2280 1464 2535 1521 Ἠδύνατο
2563 1466 2656 1522 καὶ
2692 1466 2813 1539 μηδ’
2840 1466 2977 1530 ὅλως
3018 1466 3450 1538 ἐπιδημήσαντος
3489 1464 3678 1529 αὑτοῦ,

2120 1558 2279 1629 μόνον
2316 1558 2488 1612 εἰπεῖν
2528 1560 2558 1613 6
2592 1559 2723 1623 Θεὸς
2757 1558 2851 1613 καὶ¹
2890 1557 3047 1612 λῦσαι
3078 1557 3178 1630 τὴν
3212 1557 3475 1630 κατάραν.
3521 1556 3682 1610 Ἀλλά

2119 1652 2338 1703 σκοπεῖν
2365 1650 2446 1704 δεῖ
2488 1650 2548 1704 τὸ
2567 1653 2678 1715 τοῖς
2718 1647 3022 1722 ἀνθρώποις
3064 1648 3372 1704 λυσιτελοῦν
3399 1649 3492 1702 καὶ
3514 1650 3592 1719 μὴ
3622 1649 3682 1702 ὲν

2118 1742 2249 1795 πᾶσι
2274 1742 2334 1796 τὸ
2362 1742 2586 1798 δυνατὸν
2616 1742 2711 1797 τοῦ
2734 1741 2868 1796 Θεοῦ
2901 1741 3234 1813 λογίζεσθαι·
3268 1743 3390 1796 ἐπεὶ
3422 1740 3530 1813 (90)
3554 1740 3684 1811 ἡδύ-

2053 1822 2095 1879 3
2119 1850 2246 1887 νατο
2269 1835 2362 1890 καὶ
2386 1835 2491 1907 πρὸ
2516 1836 2615 1908 τῆς
2636 1834 2757 1889 Νῶε
2785 1834 3020 1889 κιϐωτοῦ
3038 1835 3164 1900 τοὺς
3187 1836 3307 1889 τότε
3329 1833 3682 1905 παραϐάντας

2115 1926 2431 1998 ἀνθρώπους
2457 1927 2718 1981 ἀπολέσαι
2736 1943 2750 1957 ⁸
2774 1925 2910 1981 ἀλλά
2932 1924 3071 1999 μετά
3090 1924 3188 1998 τὴν
3211 1925 3442 1980 κιϐωτὸν
3461 1925 3683 1997 πεποίη-

2116 2036 2230 2075 κεν.
2282 2018 2540 2073 Ἢδύνατο
2567 2019 2662 2073 καὶ
2692 2017 2861 2091 χωρὶς
2895 2018 3138 2081 Μωσέως
3168 2017 3263 2071 καὶ
3298 2016 3457 2088 μόνον
3480 2018 3679 2080 εἰπεῖν,

2114 2106 2206 2165 καὶ
2229 2110 2515 2180 ἐξαγαγεῖν
2546 2109 2636 2164 τὸν
2669 2109 2796 2163 λαὸν
2824 2091 2884 2176 ἔξ
2908 2106 3214 2179 Αἰγύπτου·
3260 2108 3396 2163 ἀλλά
3419 2108 3680 2180 συνέφερε

2112 2202 2199 2258 διὰ
2230 2201 2768 2267 Μωσέως.Ἦδύνατο
2793 2200 2885 2254 καὶ
2914 2199 3084 2272 χωρὶς
3108 2200 3217 2254 τῶν
3252 2199 3452 2273 κριτῶν
3489 2198 3681 2265 σώζειν

2111 2294 2204 2349 τὸν
2227 2294 2353 2350 λαὸν
2376 2296 2405 2348 6
2426 2294 2557 2358 Θεός
2575 2310 2590 2325 ⁸
2620 2292 2755 2347 ἀλλά
2786 2292 3049 2364 συνέφερε
3074 2293 3189 2357 τοῖς
3214 2293 3364 2356 λαοῖς
3394 2290 3505 2364 (91)
3540 2289 3686 2345 κατά

2112 2387 2303 2459 καιρὸν
2339 2385 2645 2460 ἐγείρεσθαι
2681 2384 2872 2457 κριτὴν
2923 2387 3124 2448 αὐτοῖς.
3188 2383 3449 2439 Ἠδύνατο
3483 2382 3579 2438 καὶ
3620 2383 3687 2450 ἐξ

2110 2479 2284 2552 ἀρχῆς
2307 2480 2336 2532 6
2355 2477 2541 2553 Σωτὴρ
2566 2475 2900 2547 ἐπιδημῆσαι
2919 2517 2934 2542 ,
2960 2476 2994 2548 ἢ
3023 2474 3190 2531 ἐλθὼν
3215 2476 3289 2550 μὴ
3314 2475 3684 2549 παραδοθῆναι

2112 2570 2328 2642 Πιλάτῳ
2346 2586 2360 2600 ·
2382 2569 2518 2624 ἀλλὰ
2537 2571 2629 2625 καὶ
2657 2570 2750 2623 ἐπὶ
2776 2568 2888 2642 (92)
2920 2569 3197 2640 συντελείᾳ
3215 2569 3323 2625 τῶν
3350 2568 3559 2624 αἰώνων
3585 2564 3686 2640 ἦλ-

2111 2661 2170 2717 θε
2188 2703 2205 2729 ,
2234 2662 2330 2717 καὶ
2364 2661 2690 2735 ζητούμενος
2721 2657 2872 2716 εἶπεν
2891 2680 2905 2694 ο
2951 2661 3097 2732 Ἐγώ
3122 2664 3238 2734 εὶμι
3259 2678 3275 2695 ·
3323 2661 3353 2716 6
3387 2661 3684 2733 γάρποιεῖ,

2108 2753 2265 2810 τοῦτο
2312 2756 2404 2810 καὶ
2433 2753 2699 2827 συμφέρει
2735 2756 2847 2818 τοῖς
2875 2753 3181 2826 ἀνθρώποις
3199 2794 3215 2818 ,
3250 2755 3345 2810 καὶ
3375 2754 3550 2819 ἄλλως
3580 2755 3687 2808 οὐκ

2110 2846 2316 2921 ἔπρεπε
2347 2845 2632 2917 γενέσθαι·
2664 2848 2758 2900 καὶ
2783 2846 2920 2919 ὅπερ
2943 2846 3002 2901 δὲ
3031 2847 3298 2920 συμφέρει
3328 2849 3423 2902 καὶ
3454 2847 3684 2919 πρέπει,

2107 2940 2296 2996 τούτου
2315 2941 2409 2995 καὶ
2428 2939 2684 3011 πρόνοιαν
2700 2942 2954 2995 ποιεῖται.
2971 2933 3142 2994 *Ηλθε
3163 2939 3315 3009 γοῦν,
3338 2939 3435 3011 οὐχ
3454 2939 3542 2994 ἵνα
3566 2937 3687 2992 δια-

2109 3033 2308 3107 κονηθῇ
2328 3073 2345 3099 ,
2374 3032 2488 3087 ἀλλ’
2518 3033 2606 3089 ἴνα
2636 3033 2928 3104 διακονήσει]
2948 3070 2963 3096 ,
2996 3032 3090 3086 καὶ
3114 3032 3214 3104 τὴν
3251 3030 3406 3105 ἡμῶν
3436 3028 3686 3103 ἐργάση-

2109 3143 2198 3181 ται
2222 3126 2514 3198 σωτηρίαν.
2561 3123 2776 3196 Ἀμέλει
2806 3124 3100 3196 δυνάμενος
3128 3123 3240 3196 (95)
3264 3123 3370 3178 ἀπὸ
3399 3122 3492 3176 τοῦ
3516 3122 3688 3194 ούρα-

2110 3218 2204 3273 νοῦ
2235 3218 2465 3290 λαλῆσαι
2495 3218 2586 3272 τὸν
2615 3217 2778 3290 νόμον
2792 3257 2808 3284 ,
2841 3211 2981 3271 εἶδεν
3000 3256 3016 3283 ,
3048 3217 3130 3271 ὅτι
3154 3217 3419 3271 λυσιτελεῖ
3440 3218 3551 3279 τοῖς
3582 3217 3686 3269 ἀν-

2111 3308 2346 3382 θρώποις
2366 3310 2476 3363 ἀπὸ
2500 3308 2596 3363 τοῦ
2623 3309 2754 3362 Σινᾶ
2785 3307 3036 3379 λαλῆσαι,
3060 3305 3156 3360 καὶ
3183 3304 3339 3360 τοῦτο
3357 3303 3684 3376 πεποίηκεν,

2110 3401 2197 3455 ἵνα
2228 3400 2324 3454 καὶ
2353 3399 2562 3470 Μωσῆς
2608 3397 2875 3470 ἀναϐῆναι
2905 3396 3129 3470 δυνηθῇ,
3160 3398 3400 3451 κάκεῖνοι
3426 3395 3535 3467 (94)
3586 3395 3687 3448 τὸν

2107 3491 2263 3564 λόγον
2284 3491 2512 3563 ἐγγύθεν
2534 3491 2843 3556 ἀκούοντες,
2862 3489 3060 3563 μᾶλλον
3083 3487 3367 3543 πιστεῦσαι
3388 3487 3681 3559 δυνηθῶσι.

2106 3584 2255 3657 Πλὴν
2298 3586 2393 3639 καὶ
2427 3584 2487 3638 τὸ
2518 3583 2735 3654 εὔλογον
2764 3583 2860 3638 τοῦ
2890 3581 3177 3654 γενομένου
3207 3581 3430 3653 θεωρεῖν
3470 3579 3684 3644 ἔξεστιν

2106 3675 2356 3730 ἐντεῦθεν
2373 3692 2387 3707 ·
2416 3675 2480 3729 Ei
2506 3674 2594 3729 διὰ
2614 3675 2675 3730 τὸ
2698 3674 2920 3729 δυνατὸν
2943 3674 3173 3747 εἰρήκει,
3205 3673 3299 3728 καὶ
3321 3671 3534 3727 ἐλέλυτο
3564 3670 3680 3741 (95)

2106 3766 2141 3838 ἡ
2166 3766 2406 3837 κατάρα·
2436 3764 2529 3820 τοῦ
2565 3765 3036 3838 μὲνκελεύσαντος
3058 3767 3092 3837 ἡ
3118 3763 3346 3836 δύναμις
3368 3755 3688 3817 ἐπεδείκνυέ

2104 3877 2186 3925 το,
2219 3862 2248 3914 6
2284 3859 2465 3932 μέντοι
2493 3858 2779 3931 ἄνθρωπος
2802 3857 3042 3924 τοιοῦτος
3073 3858 3282 3928 ἐγίνετο
3301 3896 3317 3923 ,
3348 3852 3460 3921 οἷος
3484 3851 3553 3928 ἦν
3580 3855 3683 3910 καὶ

2103 3949 2132 4002 6
2159 3949 2330 4021 Ἀδὰμ
2359 3949 2469 4021 (96)
2495 3950 2602 4022 πρὸ
2620 3948 2721 4021 τῆς
2743 3948 3124 4022 παραϐάσεως,
3151 3947 3347 4014 ἔξωθεν
3369 3946 3549 4001 λαϐὼν
3573 3946 3682 4020 τὴν

2103 4042 2295 4114 χάριν,
2344 4042 2439 4095 καὶ
2489 4041 2565 4114 μὴ
2606 4042 3058 4115 συνηρμοσμένην
3090 4041 3229 4114 ἔχων
3261 4040 3430 4114 αὐτὴν
3456 4039 3535 4112 τῷ
3565 4038 3679 4093 σώ-

2106 4151 2235 4206 ματι
2252 4150 2263 4163 ·
2294 4132 2534 4198 τοιοῦτος
2557 4134 2667 4207 γάρ
2694 4133 2769 4188 ὣν
2798 4138 2892 4190 καὶ
2920 4136 3042 4190 τότε
3076 4133 3283 4189 τέθειτο
3307 4134 3364 4188 ὲν
3394 4132 3472 4205 τῷ
3494 4149 3684 4205 παρα-

2101 4227 2260 4297 δείσῳ
2279 4244 2292 4258 ο
2332 4226 2471 4298 τάχα
2502 4227 2560 4281 δὲ
2593 4228 2686 4282 καὶ
2710 4227 2908 4301 χείρων
2934 4228 3141 4297 ὲγίνετο
3159 4268 3174 4293 ,
3200 4228 3281 4281 ὅτι
3310 4226 3421 4298 (97)
3451 4226 3543 4279 καὶ
3566 4242 3681 4279 πα-

2103 4320 2379 4392 ραϐαίνειν
2416 4319 2754 4393 μεμάθηκεν.
2813 4321 2906 4373 Ὧν
2953 4319 3128 4375 τοίνυν
3171 4318 3407 4382 τοιοῦτος
3433 4356 3448 4383 ,
3495 4319 3545 4371 el
3575 4319 3680 4373 καὶ

2102 4414 2513 4486 παραπέπειστο
2556 4412 2662 4466 ὑπὸ
2691 4414 2785 4466 τοῦ
2826 4413 3036 4483 δφεως,
3086 4412 3295 4481 ἐγίνετο
3323 4410 3485 4464 πάλιν
3512 4410 3681 4480 χρεία

427 4505 537 4563 tur,
573 4495 746 4552 Deum
774 4500 973 4555 iterum
1004 4500 1200 4572 jubere
1238 4512 1291 4557 et
1318 4501 1754 4557 maledictionem
1785 4501 1995 4556 solvere

2114 4506 2395 4577 προστάξαι
2413 4505 2504 4561 τὸν
2525 4505 2656 4559 Θεὸν
2677 4504 2773 4559 καὶ
2789 4503 2948 4557 λῦσαι
2966 4504 3066 4575 τὴν
3087 4503 3332 4575 κατάραν
3348 4521 3362 4533 ο
3386 4503 3480 4556 καὶ
3498 4500 3679 4567 οὕτως

425 4603 564 4659 opus
593 4590 808 4662 fuisset,
842 4608 1020 4665 eoque
1057 4597 1218 4651 modo
1250 4594 1461 4651 nullum
1497 4594 1660 4649 finem
1696 4603 1990 4650 consecuta

2114 4598 2174 4660 :i;
2197 4596 2422 4668 ἄπειρον
2453 4595 2661 4666 ἐγίνετο
2693 4595 2727 4667 ἡ
2762 4594 2919 4667 χρεία
2938 4633 2955 4660 ,
2986 4595 3078 4648 καὶ
3107 4594 3258 4648 οὐδὲν
3288 4588 3448 4665 ἧττον
3492 4594 3541 4645 ol
3573 4591 3679 4646 ἄν·

494 4768 537 4800 ⁴¹
566 4767 728 4824 Joan.
752 4785 876 4838 vui,
909 4771 999 4827 '56.
1074 4773 1121 4803 "
1147 4770 1307 4826 Joan.
1341 4785 1499 4836 xvm,
1539 4771 1595 4826 5.
1670 4770 1715 4802 “
1735 4748 1928 4825 Matth.
1950 4787 2047 4839 xx,
2069 4771 2162 4826 28.

422 4997 443 5049 )
469 4997 481 5013 ,
501 4926 620 4997 (89)
647 4926 1015 4997 Seguerianus
1035 4935 1088 4981 et
1113 4925 1612 4993 Felckm.4,).6¢t;.
1640 4925 1741 4979 Alii
1773 4936 1829 4983 et
1849 4928 2001 4996 editi,

444 5014 715 5049 .υτοωσις.

444 5014 715 5060 .υτρωσις.

493 5015 895 5137 (ξῧσξέςυρνη
931 5066 1073 5139 ἐπεί,
1106 5075 1159 5120 et
1186 5066 1415 5139 ibidem,
1461 5067 1721 5139 πρὸτῆς
1746 5068 1885 5139 Νῶε
1909 5085 1998 5121 κι-

425 5137 619 5190 ϐωτοῦ.
647 5138 751 5191 Alii
781 5147 835 5191 et
870 5137 1022 5199 editi,
1062 5137 1273 5207 ἐπειδὴ,
1303 5147 1376 5201 ct,
1410 5137 1519 5207 πρὸ
1543 5137 1643 5207 τῆς
1670 5138 1922 5191 κιϐωτοῦ.

493 5207 606 5277 (91)
640 5206 890 5278 Seguer.,
925 5207 1111 5267 Basil..
1150 5206 1393 5275 Goblcr.,
1446 5206 1650 5264 Fclc.l
1687 5218 1742 5263 ct
1786 5209 1839 5271 4,
1881 5210 1997 5272 τοῖς

425 5273 597 5338 λαοῖς.
621 5273 738 5330 Alii
761 5288 813 5331 et
840 5279 990 5341 editi,
1023 5279 1135 5341 τοῖς
1163 5278 1361 5340 ἄλλοις.

502 5347 614 5418 (92)
674 5350 943 5418 chuer.,
990 5348 1117 5418 Reg.
1163 5357 1217 5402 ct
1245 5346 1391 5403 Felc.
1439 5350 1493 5413 σί,
1540 5348 1675 5403 ἀλλά
1731 5350 1826 5402 καὶ
1874 5347 1989 5403 ὲπί.

431 5411 567 5467 Eum
597 5425 650 5468 ct
682 5411 794 5479 alii,
827 5417 961 5471 ἀλλά
985 5411 1097 5472 ξεττίῖ
1482 5411 1486 5413 ‘
1701 5425 1705 5432 ’

502 5486 612 5557 (95)
654 5484 957 5542 Felckman.
986 5488 1041 5549 ‘2,
1078 5497 1132 5541 et
1162 5488 1329 5542 editio
1350 5486 1639 5546 Commel.,
1673 5486 1865 5557 ἀμέλει
1897 5488 1990 5557 κα),

427 5550 739 5628 δυνάμενος.
776 5558 880 5609 Alii
910 5576 1065 5623 mss,
1091 5558 1277 5628 ἀμέλει
1298 5559 1609 5628 δυνάμενος.
1638 5550 1757 5610 de
1790 5550 1992 5628 Segne;

431 5626 592 5681 riam,
632 5624 785 5694 licg.,
822 5628 1079 5694 Anglican
1114 5624 1490 5691 ,GobleriatL,
1516 5626 1829 5681 Εὐιιτιίιιιωι.
1868 5624 1922 5693 ἶ,
1957 5627 1990 5680 4

429 5710 478 5746 οι
514 5694 565 5745 ῐὶ,
605 5690 754 5745 εἶδεν.
790 5690 977 5749 (Σωιέέιή
1017 5707 1068 5749 et
1096 5690 1242 5759 eruti,
1274 5694 1429 5751 οἶδεν.

496 5766 605 5827 (Si)
646 5765 732 5817 διι-
768 5782 892 5818 mss.
930 5765 998 5817 At
1025 5767 1185 5819 editio
1214 5770 1503 5838 Couizncl.,
1542 5769 1808 5821 κάκεῖνον.

2176 4929 2287 4999 (95)
2322 4926 2571 5000 Seguer.,
2607 4929 2828 5000 Gobler.
2854 4928 3245 5000 etlj‘elckman.
3281 4927 3333 4992 Ι,
3357 4936 3417 5000 et
3451 4927 3506 4992 9,
3549 4928 3675 4981 ἑλέ-

2103 4995 2247 5054 λυτο.
2271 4995 2465 5054 ἈιίΓθι
2498 5000 2649 5060 editi.
2675 4998 2880 5053 λέλυτο.
2910 4999 3033 5053 Mox
3079 4998 3328 5068 Seguer..
3356 4995 3513 5066 Reg.,
3557 5001 3683 5051 An-

2102 5071 2225 5137 glic.
2251 5080 2303 5125 et
2332 5068 2478 5124 Fclc.
2511 5071 2567 5136 2,
2599 5069 2889 5124 ἐδείκνυτο.
2924 5070 3117 5124 (Ξεθῑειιὶ
3148 5067 3203 5123 et
3236 5068 3401 5133 editi,
3455 5067 3686 5121 ἐπεδεί-

2100 5156 2281 5196 κνυτο,
2315 5140 2538 5210 Seguer.
2571 5140 2733 5210 paulo
2759 5139 3160 5210 P056,50t0610;
3187 5139 3424 5210 ἐγένετο.

2170 5212 2281 5281 196)
2318 5203 2588 5281 {feignch
2625 5203 2873 5281 Gobler.,
2908 5209 3050 5264 Felc.
3072 5210 3111 5281 Α
3141 5216 3196 5281 et
3218 5203 3275 5281 ά,
3307 5203 3418 5281 οἷος
3468 5203 3537 5281 ἧν
3576 5210 3685 5262 καὶ

2110 5273 2298 5350 Ἀδάμ.
2331 5273 2488 5345 Roga
2526 5280 2714 5343 Basil.,
2742 5273 2959 5350 Anglic.
2985 5278 3213 5350 ei_Fclc.
3245 5278 3298 5350 5,
3332 5273 3461 5350 οἶος-
3482 5273 3551 5350 ἦν
3577 5281 3685 5350 καὶ

2094 5349 2122 5399 6
2152 5345 2338 5422 Ἀδάμ.
2370 5351 2546 5422 Editio
2579 5345 2872 5422 Commell,
2904 5346 3013 5412 οἷος
3039 5345 3106 5420 ἦν
3137 5345 3536 5422 6_‘A6&p.__Mok
3573 5349 3686 5400 5.--

2092 5419 2337 5486 gurrian.
2371 5431 2422 5475 et
2442 5420 2597 5491 Εἴθε..
2627 5420 2812 5491 καὶμὴ
2837 5419 3416 5491 συνηρμοσμένην.ΑΙὶἰ
3434 5432 3487 5472 et
3515 5421 3679 5483 editi,

2092 5493 2183 5543 καὶ
2206 5492 2293 5560 ⁵μὴ
2324 5491 2804 5561 συγχωρουμένην.

2165 5558 2556 5629 (εἷῖγὸοθξύὶιιιζ,
2593 5558 2820 5626 mani
2848 5571 2903 5615 et
2937 5560 3090 5625 editi,
3113 5560 3222 5613 ὅτε.
3257 5560 3379 5613 Mox
3413 5558 3681 5629 Segucr.,

2092 5630 2405 5699 Anglican,
2447 5630 2666 5685 Gobler.
2723 5630 2871 5685 Felc.
2928 5633 2947 5683 1
2988 5643 3041 5684 et
3083 5632 3135 5691 4,
3173 5634 3220 5684 εἰ
3273 5633 3366 5683 καὶ
3413 5630 3679 5701 παραπὲα

2092 5719 2296 5756 πειςτο.
2337 5701 2389 5754 In
2424 5704 2546 5756 aliis
2573 5711 2625 5756 et
2652 5702 2810 5755 editis
2846 5702 2997 5755 deest
3023 5703 3133 5758 καί,
