  <div class='ocr_page' id='page_1' title='image "/cluster/home/n/w/nwhite01/storage/ocr_20150623/26/mdp.39015019958456/154.png"; bbox 0 0 3948 6236; ppageno 0'>
   <div class='ocr_carea' id='block_1_1' title="bbox 266 330 370 388">
    <p class='ocr_par' dir='ltr' id='par_1_1' title="bbox 266 330 370 388">
     <span class='ocr_line' id='line_1_1' title="bbox 266 330 370 388; baseline -0.01 0"><span class='ocrx_word' id='word_1_1' title='bbox 266 330 370 388; x_wconf 75' lang='lat'><strong>293</strong></span> 
     </span>
    </p>
   </div>
   <div class='ocr_carea' id='block_1_2' title="bbox 1384 313 2398 376">
    <p class='ocr_par' dir='ltr' id='par_1_2' title="bbox 1384 313 2398 376">
     <span class='ocr_line' id='line_1_2' title="bbox 1384 313 2398 376; baseline -0.002 -2"><span class='ocrx_word' id='word_1_2' title='bbox 1384 317 1643 374; x_wconf 73' lang='lat' dir='ltr'><strong>ORATIO</strong></span> <span class='ocrx_word' id='word_1_3' title='bbox 1682 317 1722 372; x_wconf 89' lang='lat' dir='ltr'><strong>ll</strong></span> <span class='ocrx_word' id='word_1_4' title='bbox 1761 318 2044 376; x_wconf 79' lang='lat' dir='ltr'><strong>CONTRA</strong></span> <span class='ocrx_word' id='word_1_5' title='bbox 2082 313 2398 376; x_wconf 79' lang='lat' dir='ltr'><strong>ARIANOS.</strong></span> 
     </span>
    </p>
   </div>
   <div class='ocr_carea' id='block_1_3' title="bbox 3393 317 3503 376">
    <p class='ocr_par' dir='ltr' id='par_1_3' title="bbox 3393 317 3503 376">
     <span class='ocr_line' id='line_1_3' title="bbox 3393 317 3503 376; baseline 0 -1"><span class='ocrx_word' id='word_1_6' title='bbox 3393 317 3503 376; x_wconf 67' lang='grc'><strong>294</strong></span> 
     </span>
    </p>
   </div>
   <div class='ocr_carea' id='block_1_4' title="bbox 267 434 1833 514">
    <p class='ocr_par' dir='ltr' id='par_1_4' title="bbox 267 435 1827 514">
     <span class='ocr_line' id='line_1_4' title="bbox 267 435 1827 514; baseline -0.006 -17"><span class='ocrx_word' id='word_1_7' title='bbox 267 444 473 514; x_wconf 84' lang='grc' dir='ltr'>θρωποι</span> <span class='ocrx_word' id='word_1_8' title='bbox 501 441 688 512; x_wconf 73' lang='grc' dir='ltr'>ἔμενον</span> <span class='ocrx_word' id='word_1_9' title='bbox 715 437 1044 501; x_wconf 76' lang='grc' dir='ltr'>ὑπεύθυνοι,</span> <span class='ocrx_word' id='word_1_10' title='bbox 1079 437 1415 499; x_wconf 79' lang='grc' dir='ltr'><strong>δουλεύοντες</strong></span> <span class='ocrx_word' id='word_1_11' title='bbox 1440 438 1507 507; x_wconf 80' lang='grc' dir='ltr'>τῇ</span> <span class='ocrx_word' id='word_1_12' title='bbox 1552 435 1795 508; x_wconf 76' lang='grc' dir='ltr'><strong>ἁμαρτίᾳ</strong></span> <span class='ocrx_word' id='word_1_13' title='bbox 1813 454 1827 466; x_wconf 87' lang='grc'><strong>·</strong></span> 
     </span>
    </p>
   </div>
   <div class='ocr_carea' id='block_1_5' title="bbox 1941 434 3503 514">
    <p class='ocr_par' dir='ltr' id='par_1_5' title="bbox 1941 434 3503 505">
     <span class='ocr_line' id='line_1_5' title="bbox 1941 434 3503 505; baseline -0.001 -14"><span class='ocrx_word' id='word_1_14' title='bbox 1941 445 2078 491; x_wconf 86' lang='lat' dir='ltr'><strong>esset</strong></span> <span class='ocrx_word' id='word_1_15' title='bbox 2105 436 2422 500; x_wconf 87' lang='lat' dir='ltr'><strong>necessitas,</strong></span> <span class='ocrx_word' id='word_1_16' title='bbox 2475 434 2832 505; x_wconf 89' lang='lat' dir='ltr'><strong>hominesque</strong></span> <span class='ocrx_word' id='word_1_17' title='bbox 2857 434 3216 492; x_wconf 80' lang='lat' dir='ltr'><strong>nihilominus</strong></span> <span class='ocrx_word' id='word_1_18' title='bbox 3240 434 3320 490; x_wconf 91' lang='lat' dir='ltr'><strong>rei</strong></span> <span class='ocrx_word' id='word_1_19' title='bbox 3343 450 3503 490; x_wconf 55' lang='lat' dir='ltr'><strong>manv</strong></span> 
     </span>
    </p>
   </div>
   <div class='ocr_carea' id='block_1_6' title="bbox 267 526 1831 606">
    <p class='ocr_par' dir='ltr' id='par_1_6' title="bbox 267 526 1831 606">
     <span class='ocr_line' id='line_1_6' title="bbox 267 526 1831 606; baseline -0.007 -16"><span class='ocrx_word' id='word_1_20' title='bbox 267 536 349 591; x_wconf 77' lang='grc' dir='ltr'>ἀεὶ</span> <span class='ocrx_word' id='word_1_21' title='bbox 379 535 437 588; x_wconf 77' lang='grc' dir='ltr'>δὲ</span> <span class='ocrx_word' id='word_1_22' title='bbox 467 532 865 606; x_wconf 82' lang='grc' dir='ltr'><strong>ἁμαρτάνοντες</strong></span> <span class='ocrx_word' id='word_1_23' title='bbox 885 570 899 596; x_wconf 93' lang='grc'><strong>,</strong></span> <span class='ocrx_word' id='word_1_24' title='bbox 941 532 1027 584; x_wconf 79' lang='grc' dir='ltr'>ἀεὶ</span> <span class='ocrx_word' id='word_1_25' title='bbox 1053 529 1258 583; x_wconf 73' lang='grc' dir='ltr'>ἐδέοντο</span> <span class='ocrx_word' id='word_1_26' title='bbox 1281 528 1376 581; x_wconf 90' lang='grc' dir='ltr'><strong>τοῦ</strong></span> <span class='ocrx_word' id='word_1_27' title='bbox 1404 526 1831 598; x_wconf 79' lang='grc' dir='ltr'>συγχωροῦντος,</span> 
     </span>
    </p>
   </div>
   <div class='ocr_carea' id='block_1_7' title="bbox 270 620 1832 696">
    <p class='ocr_par' dir='ltr' id='par_1_7' title="bbox 270 620 1832 696">
     <span class='ocr_line' id='line_1_7' title="bbox 270 620 1832 696; baseline -0.006 -13"><span class='ocrx_word' id='word_1_28' title='bbox 270 630 359 683; x_wconf 77' lang='grc' dir='ltr'>καὶ</span> <span class='ocrx_word' id='word_1_29' title='bbox 382 627 638 680; x_wconf 68' lang='grc' dir='ltr'>οὐδέποτε</span> <span class='ocrx_word' id='word_1_30' title='bbox 671 624 1054 696; x_wconf 76' lang='grc' dir='ltr'><strong>ἠλευθεροῦντο</strong></span> <span class='ocrx_word' id='word_1_31' title='bbox 1100 623 1240 694; x_wconf 84' lang='grc'><strong>(98),</strong></span> <span class='ocrx_word' id='word_1_32' title='bbox 1293 622 1492 692; x_wconf 83' lang='grc' dir='ltr'><strong>σάρκες</strong></span> <span class='ocrx_word' id='word_1_33' title='bbox 1527 620 1675 685; x_wconf 79' lang='grc' dir='ltr'>ὄντες</span> <span class='ocrx_word' id='word_1_34' title='bbox 1711 621 1832 674; x_wconf 83' lang='grc' dir='ltr'>καθ’</span> 
     </span>
    </p>
   </div>
   <div class='ocr_carea' id='block_1_8' title="bbox 272 711 1833 788">
    <p class='ocr_par' dir='ltr' id='par_1_8' title="bbox 272 711 1833 788">
     <span class='ocr_line' id='line_1_8' title="bbox 272 711 1833 788; baseline -0.004 -16"><span class='ocrx_word' id='word_1_35' title='bbox 272 719 525 781; x_wconf 76' lang='grc' dir='ltr'>ἑαυτοὺς,</span> <span class='ocrx_word' id='word_1_36' title='bbox 574 718 667 770; x_wconf 71' lang='grc' dir='ltr'>καὶ</span> <span class='ocrx_word' id='word_1_37' title='bbox 699 717 786 770; x_wconf 80' lang='grc' dir='ltr'>ἀεὶ</span> <span class='ocrx_word' id='word_1_38' title='bbox 813 715 1111 788; x_wconf 77' lang='grc' dir='ltr'><strong>ἡττώμενοι</strong></span> <span class='ocrx_word' id='word_1_39' title='bbox 1152 713 1232 786; x_wconf 77' lang='grc' dir='ltr'>τῷ</span> <span class='ocrx_word' id='word_1_40' title='bbox 1262 713 1412 784; x_wconf 85' lang='grc' dir='ltr'>νόμῳ</span> <span class='ocrx_word' id='word_1_41' title='bbox 1438 711 1526 766; x_wconf 77' lang='grc' dir='ltr'><strong>διὰ</strong></span> <span class='ocrx_word' id='word_1_42' title='bbox 1550 713 1648 782; x_wconf 79' lang='grc' dir='ltr'>τὴν</span> <span class='ocrx_word' id='word_1_43' title='bbox 1675 711 1833 766; x_wconf 81' lang='grc' dir='ltr'>ἀσθέ-</span> 
     </span>
    </p>
   </div>
   <div class='ocr_carea' id='block_1_9' title="bbox 269 808 795 880">
    <p class='ocr_par' dir='ltr' id='par_1_9' title="bbox 269 808 795 880">
     <span class='ocr_line' id='line_1_9' title="bbox 269 808 795 880; baseline -0.002 -17"><span class='ocrx_word' id='word_1_44' title='bbox 269 829 411 864; x_wconf 85' lang='grc' dir='ltr'>νειαν</span> <span class='ocrx_word' id='word_1_45' title='bbox 441 811 544 880; x_wconf 74' lang='grc' dir='ltr'>τῆς</span> <span class='ocrx_word' id='word_1_46' title='bbox 570 808 795 880; x_wconf 78' lang='grc' dir='ltr'>σαρκός.</span> 
     </span>
    </p>
   </div>
   <div class='ocr_carea' id='block_1_10' title="bbox 329 1004 1834 1080">
    <p class='ocr_par' dir='ltr' id='par_1_10' title="bbox 329 1004 1834 1080">
     <span class='ocr_line' id='line_1_10' title="bbox 329 1004 1834 1080; baseline -0.003 -16"><span class='ocrx_word' id='word_1_47' title='bbox 329 1010 418 1066; x_wconf 82' lang='lat'><strong>69.</strong></span> <span class='ocrx_word' id='word_1_48' title='bbox 445 1008 614 1064; x_wconf 76' lang='grc' dir='ltr'>Πάλιν</span> <span class='ocrx_word' id='word_1_49' title='bbox 641 1025 700 1062; x_wconf 87' lang='grc' dir='ltr'><strong>τε</strong></span> <span class='ocrx_word' id='word_1_50' title='bbox 728 1010 776 1062; x_wconf 86' lang='grc' dir='ltr'>εἰ</span> <span class='ocrx_word' id='word_1_51' title='bbox 803 1008 1008 1080; x_wconf 76' lang='grc' dir='ltr'>κτίσμα</span> <span class='ocrx_word' id='word_1_52' title='bbox 1044 1004 1114 1080; x_wconf 80' lang='grc' dir='ltr'>ἦν</span> <span class='ocrx_word' id='word_1_53' title='bbox 1147 1011 1176 1063; x_wconf 83' lang='grc' dir='ltr'>ὁ</span> <span class='ocrx_word' id='word_1_54' title='bbox 1216 1007 1376 1073; x_wconf 85' lang='grc' dir='ltr'>Υἱὸς,</span> <span class='ocrx_word' id='word_1_55' title='bbox 1433 1006 1621 1079; x_wconf 71' lang='grc' dir='ltr'>ἔμενεν</span> <span class='ocrx_word' id='word_1_56' title='bbox 1663 1007 1692 1060; x_wconf 87' lang='grc' dir='ltr'>ὁ</span> <span class='ocrx_word' id='word_1_57' title='bbox 1740 1004 1834 1060; x_wconf 84' lang='grc' dir='ltr'>ἀν-</span> 
     </span>
    </p>
   </div>
   <div class='ocr_carea' id='block_1_11' title="bbox 266 1096 1834 1175">
    <p class='ocr_par' dir='ltr' id='par_1_11' title="bbox 266 1096 1834 1175">
     <span class='ocr_line' id='line_1_11' title="bbox 266 1096 1834 1175; baseline -0.003 -19"><span class='ocrx_word' id='word_1_58' title='bbox 266 1104 475 1175; x_wconf 83' lang='grc' dir='ltr'>θρωπος</span> <span class='ocrx_word' id='word_1_59' title='bbox 527 1101 682 1156; x_wconf 77' lang='grc' dir='ltr'>οὐδὲν</span> <span class='ocrx_word' id='word_1_60' title='bbox 723 1097 884 1173; x_wconf 78' lang='grc' dir='ltr'>ἦττον</span> <span class='ocrx_word' id='word_1_61' title='bbox 924 1100 1134 1172; x_wconf 84' lang='grc' dir='ltr'>θνητὸς,</span> <span class='ocrx_word' id='word_1_62' title='bbox 1183 1101 1256 1172; x_wconf 80' lang='grc' dir='ltr'>μὴ</span> <span class='ocrx_word' id='word_1_63' title='bbox 1307 1099 1706 1170; x_wconf 85' lang='grc' dir='ltr'>συναπτόμενος</span> <span class='ocrx_word' id='word_1_64' title='bbox 1753 1096 1834 1168; x_wconf 80' lang='grc' dir='ltr'><strong>τῷ</strong></span> 
     </span>
    </p>
   </div>
   <div class='ocr_carea' id='block_1_12' title="bbox 265 1191 1832 1265">
    <p class='ocr_par' dir='ltr' id='par_1_12' title="bbox 265 1191 1832 1265">
     <span class='ocr_line' id='line_1_12' title="bbox 265 1191 1832 1265; baseline -0.002 -19"><span class='ocrx_word' id='word_1_65' title='bbox 265 1195 377 1265; x_wconf 82' lang='grc' dir='ltr'><strong>Θεῷ</strong></span> <span class='ocrx_word' id='word_1_66' title='bbox 411 1193 555 1265; x_wconf 84' lang='grc'><strong>(99)·</strong></span> <span class='ocrx_word' id='word_1_67' title='bbox 586 1195 647 1246; x_wconf 84' lang='grc' dir='ltr'><strong>ού</strong></span> <span class='ocrx_word' id='word_1_68' title='bbox 692 1193 801 1264; x_wconf 86' lang='grc' dir='ltr'><strong>γάρ</strong></span> <span class='ocrx_word' id='word_1_69' title='bbox 825 1192 1030 1264; x_wconf 79' lang='grc' dir='ltr'><strong>κτίσμα</strong></span> <span class='ocrx_word' id='word_1_70' title='bbox 1073 1194 1306 1264; x_wconf 83' lang='grc' dir='ltr'><strong>συνῆπτε</strong></span> <span class='ocrx_word' id='word_1_71' title='bbox 1355 1192 1422 1247; x_wconf 85' lang='grc' dir='ltr'><strong>τά</strong></span> <span class='ocrx_word' id='word_1_72' title='bbox 1453 1192 1726 1263; x_wconf 83' lang='grc' dir='ltr'>κτίσματα</span> <span class='ocrx_word' id='word_1_73' title='bbox 1753 1191 1832 1262; x_wconf 84' lang='grc' dir='ltr'>τῷ</span> 
     </span>
    </p>
   </div>
   <div class='ocr_carea' id='block_1_13' title="bbox 264 1283 1832 1356">
    <p class='ocr_par' dir='ltr' id='par_1_13' title="bbox 264 1283 1832 1356">
     <span class='ocr_line' id='line_1_13' title="bbox 264 1283 1832 1356; baseline -0.001 -18"><span class='ocrx_word' id='word_1_74' title='bbox 264 1284 375 1356; x_wconf 86' lang='grc' dir='ltr'><strong>Θεῷ</strong></span> <span class='ocrx_word' id='word_1_75' title='bbox 393 1328 407 1350; x_wconf 91' lang='grc'><strong>,</strong></span> <span class='ocrx_word' id='word_1_76' title='bbox 433 1283 630 1356; x_wconf 73' lang='grc' dir='ltr'>ζητοῦν</span> <span class='ocrx_word' id='word_1_77' title='bbox 655 1285 750 1338; x_wconf 77' lang='grc' dir='ltr'>καὶ</span> <span class='ocrx_word' id='word_1_78' title='bbox 775 1284 906 1337; x_wconf 82' lang='grc' dir='ltr'>αὐτὸ</span> <span class='ocrx_word' id='word_1_79' title='bbox 925 1285 1017 1336; x_wconf 85' lang='grc' dir='ltr'>τὸν</span> <span class='ocrx_word' id='word_1_80' title='bbox 1043 1284 1378 1337; x_wconf 84' lang='grc' dir='ltr'>συνάπτοντα</span> <span class='ocrx_word' id='word_1_81' title='bbox 1399 1300 1413 1314; x_wconf 88' lang='grc'><strong>·</strong></span> <span class='ocrx_word' id='word_1_82' title='bbox 1433 1283 1554 1337; x_wconf 78' lang='grc' dir='ltr'>οὐδὲ</span> <span class='ocrx_word' id='word_1_83' title='bbox 1581 1283 1642 1336; x_wconf 79' lang='grc' dir='ltr'><strong>τὸ</strong></span> <span class='ocrx_word' id='word_1_84' title='bbox 1669 1283 1832 1356; x_wconf 82' lang='grc' dir='ltr'>μέρος</span> 
     </span>
    </p>
   </div>
   <div class='ocr_carea' id='block_1_14' title="bbox 265 1375 1830 1447">
    <p class='ocr_par' dir='ltr' id='par_1_14' title="bbox 265 1375 1830 1447">
     <span class='ocr_line' id='line_1_14' title="bbox 265 1375 1830 1447; baseline -0.002 -17"><span class='ocrx_word' id='word_1_85' title='bbox 265 1378 354 1447; x_wconf 83' lang='grc' dir='ltr'>τῆς</span> <span class='ocrx_word' id='word_1_86' title='bbox 397 1378 631 1439; x_wconf 77' lang='grc' dir='ltr'><strong>κτίσεως</strong></span> <span class='ocrx_word' id='word_1_87' title='bbox 664 1375 906 1447; x_wconf 78' lang='grc' dir='ltr'>σωτηρία</span> <span class='ocrx_word' id='word_1_88' title='bbox 936 1376 1033 1446; x_wconf 80' lang='grc' dir='ltr'>τῆς</span> <span class='ocrx_word' id='word_1_89' title='bbox 1064 1376 1294 1440; x_wconf 81' lang='grc' dir='ltr'>κτίσεως</span> <span class='ocrx_word' id='word_1_90' title='bbox 1333 1375 1398 1430; x_wconf 80' lang='grc' dir='ltr'>ἂν</span> <span class='ocrx_word' id='word_1_91' title='bbox 1426 1376 1511 1446; x_wconf 77' lang='grc' dir='ltr'>εἴη</span> <span class='ocrx_word' id='word_1_92' title='bbox 1533 1417 1546 1440; x_wconf 91' lang='grc'><strong>,</strong></span> <span class='ocrx_word' id='word_1_93' title='bbox 1581 1375 1830 1446; x_wconf 81' lang='grc' dir='ltr'>δεόμενον</span> 
     </span>
    </p>
   </div>
   <div class='ocr_carea' id='block_1_15' title="bbox 263 1463 1828 1540">
    <p class='ocr_par' dir='ltr' id='par_1_15' title="bbox 263 1463 1828 1540">
     <span class='ocr_line' id='line_1_15' title="bbox 263 1463 1828 1540; baseline -0.001 -19"><span class='ocrx_word' id='word_1_94' title='bbox 263 1468 347 1522; x_wconf 68' lang='grc' dir='ltr'>καὶ</span> <span class='ocrx_word' id='word_1_95' title='bbox 372 1469 505 1521; x_wconf 70' lang='grc' dir='ltr'>αὑτὸ</span> <span class='ocrx_word' id='word_1_96' title='bbox 530 1468 820 1538; x_wconf 81' lang='grc' dir='ltr'>σωτηρίας.</span> <span class='ocrx_word' id='word_1_97' title='bbox 847 1468 965 1522; x_wconf 86' lang='grc' dir='ltr'>Ἵνα</span> <span class='ocrx_word' id='word_1_98' title='bbox 993 1463 1086 1522; x_wconf 84' lang='grc' dir='ltr'>οὖν</span> <span class='ocrx_word' id='word_1_99' title='bbox 1119 1468 1254 1540; x_wconf 77' lang='grc' dir='ltr'>μηδὲ</span> <span class='ocrx_word' id='word_1_100' title='bbox 1285 1467 1444 1521; x_wconf 89' lang='grc' dir='ltr'>τοῦτο</span> <span class='ocrx_word' id='word_1_101' title='bbox 1473 1468 1700 1540; x_wconf 84' lang='grc' dir='ltr'>γένηται</span> <span class='ocrx_word' id='word_1_102' title='bbox 1731 1467 1828 1538; x_wconf 92' lang='grc'><strong>(1),</strong></span> 
     </span>
    </p>
   </div>
   <div class='ocr_carea' id='block_1_16' title="bbox 264 1559 1828 1632">
    <p class='ocr_par' dir='ltr' id='par_1_16' title="bbox 264 1559 1828 1632">
     <span class='ocr_line' id='line_1_16' title="bbox 264 1559 1828 1632; baseline -0.002 -17"><span class='ocrx_word' id='word_1_103' title='bbox 264 1562 462 1632; x_wconf 77' lang='grc' dir='ltr'>πέμπει</span> <span class='ocrx_word' id='word_1_104' title='bbox 493 1561 586 1614; x_wconf 76' lang='grc' dir='ltr'>τὸν</span> <span class='ocrx_word' id='word_1_105' title='bbox 629 1560 822 1614; x_wconf 77' lang='grc' dir='ltr'>ἑαυτοῦ</span> <span class='ocrx_word' id='word_1_106' title='bbox 872 1559 1031 1625; x_wconf 81' lang='grc' dir='ltr'>Υἱδν,</span> <span class='ocrx_word' id='word_1_107' title='bbox 1087 1561 1182 1614; x_wconf 79' lang='grc' dir='ltr'>καὶ</span> <span class='ocrx_word' id='word_1_108' title='bbox 1227 1560 1432 1629; x_wconf 82' lang='grc' dir='ltr'>γίνεται</span> <span class='ocrx_word' id='word_1_109' title='bbox 1468 1559 1580 1624; x_wconf 74' lang='grc' dir='ltr'>υίὸς</span> <span class='ocrx_word' id='word_1_110' title='bbox 1618 1559 1828 1630; x_wconf 84' lang='grc' dir='ltr'>ἀνθρὼ-</span> 
     </span>
    </p>
   </div>
   <div class='ocr_carea' id='block_1_17' title="bbox 264 1650 1831 1722">
    <p class='ocr_par' dir='ltr' id='par_1_17' title="bbox 264 1650 1831 1722">
     <span class='ocr_line' id='line_1_17' title="bbox 264 1650 1831 1722; baseline -0.001 -17"><span class='ocrx_word' id='word_1_111' title='bbox 264 1670 389 1716; x_wconf 79' lang='grc' dir='ltr'>που,</span> <span class='ocrx_word' id='word_1_112' title='bbox 423 1651 525 1722; x_wconf 80' lang='grc' dir='ltr'>τὴν</span> <span class='ocrx_word' id='word_1_113' title='bbox 574 1651 793 1722; x_wconf 81' lang='grc' dir='ltr'>κτιστὴν</span> <span class='ocrx_word' id='word_1_114' title='bbox 848 1651 1026 1721; x_wconf 88' lang='grc' dir='ltr'>σάρκα</span> <span class='ocrx_word' id='word_1_115' title='bbox 1075 1650 1287 1704; x_wconf 76' lang='grc' dir='ltr'>λαόὡνο</span> <span class='ocrx_word' id='word_1_116' title='bbox 1346 1652 1444 1715; x_wconf 83' lang='grc' dir='ltr'>ἵν’,</span> <span class='ocrx_word' id='word_1_117' title='bbox 1479 1650 1666 1722; x_wconf 73' lang='grc' dir='ltr'>ἐπειδὴ</span> <span class='ocrx_word' id='word_1_118' title='bbox 1693 1651 1831 1705; x_wconf 84' lang='grc' dir='ltr'>πάν-</span> 
     </span>
    </p>
   </div>
   <div class='ocr_carea' id='block_1_18' title="bbox 268 1742 1830 1814">
    <p class='ocr_par' dir='ltr' id='par_1_18' title="bbox 268 1742 1830 1814">
     <span class='ocr_line' id='line_1_18' title="bbox 268 1742 1830 1814; baseline 0 -18"><span class='ocrx_word' id='word_1_119' title='bbox 268 1760 340 1806; x_wconf 77' lang='grc' dir='ltr'><strong>εες</strong></span> <span class='ocrx_word' id='word_1_120' title='bbox 371 1745 510 1796; x_wconf 74' lang='grc' dir='ltr'>εἰσὶν</span> <span class='ocrx_word' id='word_1_121' title='bbox 542 1742 831 1796; x_wconf 70' lang='grc' dir='ltr'>ὑπεύθυνοι</span> <span class='ocrx_word' id='word_1_122' title='bbox 867 1743 943 1813; x_wconf 84' lang='grc' dir='ltr'>τῷ</span> <span class='ocrx_word' id='word_1_123' title='bbox 979 1743 1192 1814; x_wconf 82' lang='grc' dir='ltr'>θανάτῳ</span> <span class='ocrx_word' id='word_1_124' title='bbox 1211 1784 1226 1809; x_wconf 93' lang='grc'><strong>,</strong></span> <span class='ocrx_word' id='word_1_125' title='bbox 1261 1742 1418 1808; x_wconf 75' lang='grc' dir='ltr'>ἄλλος</span> <span class='ocrx_word' id='word_1_126' title='bbox 1449 1743 1526 1796; x_wconf 86' lang='grc' dir='ltr'>ὢν</span> <span class='ocrx_word' id='word_1_127' title='bbox 1556 1742 1664 1796; x_wconf 84' lang='grc' dir='ltr'><strong>τῶν</strong></span> <span class='ocrx_word' id='word_1_128' title='bbox 1699 1743 1830 1796; x_wconf 86' lang='grc' dir='ltr'>πάν·</span> 
     </span>
    </p>
   </div>
   <div class='ocr_carea' id='block_1_19' title="bbox 262 1805 1902 1907">
    <p class='ocr_par' dir='ltr' id='par_1_19' title="bbox 262 1805 1902 1907">
     <span class='ocr_line' id='line_1_19' title="bbox 262 1805 1902 1907; baseline -0.002 -17"><span class='ocrx_word' id='word_1_129' title='bbox 262 1855 392 1902; x_wconf 81' lang='grc' dir='ltr'>των,</span> <span class='ocrx_word' id='word_1_130' title='bbox 422 1837 587 1898; x_wconf 67' lang='grc' dir='ltr'>αὐτὸς</span> <span class='ocrx_word' id='word_1_131' title='bbox 616 1836 756 1906; x_wconf 85' lang='grc' dir='ltr'>ὑπὲρ</span> <span class='ocrx_word' id='word_1_132' title='bbox 786 1805 1002 1888; x_wconf 73' lang='grc' dir='ltr'>πάντων</span> <span class='ocrx_word' id='word_1_133' title='bbox 1037 1836 1098 1890; x_wconf 82' lang='grc' dir='ltr'>τὸ</span> <span class='ocrx_word' id='word_1_134' title='bbox 1139 1805 1268 1888; x_wconf 81' lang='grc' dir='ltr'>ῐδιον</span> <span class='ocrx_word' id='word_1_135' title='bbox 1299 1805 1458 1907; x_wconf 79' lang='grc' dir='ltr'>σῶμα</span> <span class='ocrx_word' id='word_1_136' title='bbox 1493 1835 1571 1906; x_wconf 85' lang='grc' dir='ltr'>τῷ</span> <span class='ocrx_word' id='word_1_137' title='bbox 1611 1834 1825 1905; x_wconf 84' lang='grc' dir='ltr'>Θανάτῳ</span> <span class='ocrx_word' id='word_1_138' title='bbox 1860 1805 1902 1866; x_wconf 72' lang='grc' dir='ltr'><strong><em>Β</em></strong></span> 
     </span>
    </p>
   </div>
   <div class='ocr_carea' id='block_1_20' title="bbox 262 1925 1830 1999">
    <p class='ocr_par' dir='ltr' id='par_1_20' title="bbox 262 1925 1830 1999">
     <span class='ocr_line' id='line_1_20' title="bbox 262 1925 1830 1999; baseline -0.001 -18"><span class='ocrx_word' id='word_1_139' title='bbox 262 1929 596 1999; x_wconf 74' lang='grc' dir='ltr'>προσενέγκῃ</span> <span class='ocrx_word' id='word_1_140' title='bbox 616 1968 631 1992; x_wconf 95' lang='grc'><strong>,</strong></span> <span class='ocrx_word' id='word_1_141' title='bbox 675 1928 768 1980; x_wconf 75' lang='grc' dir='ltr'>καὶ</span> <span class='ocrx_word' id='word_1_142' title='bbox 797 1927 979 1981; x_wconf 79' lang='grc' dir='ltr'>λοιπὸν</span> <span class='ocrx_word' id='word_1_143' title='bbox 999 1967 1013 1991; x_wconf 93' lang='grc'><strong>,</strong></span> <span class='ocrx_word' id='word_1_144' title='bbox 1043 1928 1118 1991; x_wconf 88' lang='grc' dir='ltr'>ὼς</span> <span class='ocrx_word' id='word_1_145' title='bbox 1147 1925 1362 1981; x_wconf 84' lang='grc' dir='ltr'>πάντων</span> <span class='ocrx_word' id='word_1_146' title='bbox 1396 1929 1461 1981; x_wconf 83' lang='grc' dir='ltr'><strong>δι’</strong></span> <span class='ocrx_word' id='word_1_147' title='bbox 1494 1927 1657 1980; x_wconf 90' lang='grc' dir='ltr'>αύτοῦ</span> <span class='ocrx_word' id='word_1_148' title='bbox 1693 1928 1830 1981; x_wconf 84' lang='grc' dir='ltr'>ἀπο-</span> 
     </span>
    </p>
   </div>
   <div class='ocr_carea' id='block_1_21' title="bbox 261 2017 1836 2090">
    <p class='ocr_par' dir='ltr' id='par_1_21' title="bbox 261 2017 1836 2090">
     <span class='ocr_line' id='line_1_21' title="bbox 261 2017 1836 2090; baseline 0 -19"><span class='ocrx_word' id='word_1_149' title='bbox 261 2017 541 2081; x_wconf 82' lang='grc' dir='ltr'>θανόντων,</span> <span class='ocrx_word' id='word_1_150' title='bbox 559 2021 589 2071; x_wconf 87' lang='grc' dir='ltr'>ὁ</span> <span class='ocrx_word' id='word_1_151' title='bbox 614 2019 711 2089; x_wconf 84' lang='grc' dir='ltr'>μὲν</span> <span class='ocrx_word' id='word_1_152' title='bbox 729 2019 883 2086; x_wconf 83' lang='grc' dir='ltr'>λόγος</span> <span class='ocrx_word' id='word_1_153' title='bbox 901 2020 1001 2090; x_wconf 85' lang='grc' dir='ltr'>τῆς</span> <span class='ocrx_word' id='word_1_154' title='bbox 1023 2019 1347 2089; x_wconf 83' lang='grc' dir='ltr'>ἀποφάσεως</span> <span class='ocrx_word' id='word_1_155' title='bbox 1375 2018 1633 2090; x_wconf 78' lang='grc' dir='ltr'><strong>πληρωθῇ</strong></span> <span class='ocrx_word' id='word_1_156' title='bbox 1674 2018 1836 2088; x_wconf 62' lang='grc' dir='ltr'>(πάν-τ</span> 
     </span>
    </p>
   </div>
   <div class='ocr_carea' id='block_1_22' title="bbox 261 2110 1830 2183">
    <p class='ocr_par' dir='ltr' id='par_1_22' title="bbox 261 2110 1830 2183">
     <span class='ocr_line' id='line_1_22' title="bbox 261 2110 1830 2183; baseline 0.001 -20"><span class='ocrx_word' id='word_1_157' title='bbox 261 2129 341 2174; x_wconf 76' lang='grc' dir='ltr'>τις</span> <span class='ocrx_word' id='word_1_158' title='bbox 367 2112 476 2183; x_wconf 79' lang='grc' dir='ltr'><strong>γὰρ</strong></span> <span class='ocrx_word' id='word_1_159' title='bbox 506 2111 776 2163; x_wconf 86' lang='grc' dir='ltr'>ἀπέθανον</span> <span class='ocrx_word' id='word_1_160' title='bbox 809 2113 867 2162; x_wconf 76' lang='grc' dir='ltr'>ἐν</span> <span class='ocrx_word' id='word_1_161' title='bbox 899 2110 1141 2182; x_wconf 78' lang='grc' dir='ltr'>Χριστῷ)</span> <span class='ocrx_word' id='word_1_162' title='bbox 1175 2111 1252 2183; x_wconf 73' lang='grc'><strong>(2)</strong></span> <span class='ocrx_word' id='word_1_163' title='bbox 1279 2129 1293 2142; x_wconf 87' lang='grc'><strong>·</strong></span> <span class='ocrx_word' id='word_1_164' title='bbox 1324 2111 1522 2174; x_wconf 86' lang='grc' dir='ltr'>πάντες</span> <span class='ocrx_word' id='word_1_165' title='bbox 1546 2111 1602 2164; x_wconf 84' lang='grc' dir='ltr'>δὲ</span> <span class='ocrx_word' id='word_1_166' title='bbox 1631 2111 1699 2163; x_wconf 85' lang='grc' dir='ltr'>δι’</span> <span class='ocrx_word' id='word_1_167' title='bbox 1729 2110 1830 2164; x_wconf 86' lang='grc' dir='ltr'><strong>αὐ-</strong></span> 
     </span>
    </p>
   </div>
   <div class='ocr_carea' id='block_1_23' title="bbox 259 2201 1830 2274">
    <p class='ocr_par' dir='ltr' id='par_1_23' title="bbox 259 2201 1830 2274">
     <span class='ocr_line' id='line_1_23' title="bbox 259 2201 1830 2274; baseline 0.001 -18"><span class='ocrx_word' id='word_1_168' title='bbox 259 2203 343 2256; x_wconf 78' lang='grc' dir='ltr'><strong>τοῦ</strong></span> <span class='ocrx_word' id='word_1_169' title='bbox 367 2203 632 2271; x_wconf 75' lang='grc' dir='ltr'>γένωνται</span> <span class='ocrx_word' id='word_1_170' title='bbox 662 2201 843 2255; x_wconf 76' lang='grc' dir='ltr'>λοιπὸν</span> <span class='ocrx_word' id='word_1_171' title='bbox 867 2202 1143 2274; x_wconf 78' lang='grc' dir='ltr'>ἐλεύθεροι</span> <span class='ocrx_word' id='word_1_172' title='bbox 1172 2202 1270 2274; x_wconf 84' lang='grc' dir='ltr'>μὲν</span> <span class='ocrx_word' id='word_1_173' title='bbox 1295 2202 1402 2256; x_wconf 79' lang='grc' dir='ltr'><strong>ἀπὸ</strong></span> <span class='ocrx_word' id='word_1_174' title='bbox 1427 2203 1523 2273; x_wconf 78' lang='grc' dir='ltr'><strong>τῆς</strong></span> <span class='ocrx_word' id='word_1_175' title='bbox 1557 2203 1830 2273; x_wconf 81' lang='grc' dir='ltr'>ἁμαρτίας</span> 
     </span>
    </p>
   </div>
   <div class='ocr_carea' id='block_1_24' title="bbox 261 2293 1826 2366">
    <p class='ocr_par' dir='ltr' id='par_1_24' title="bbox 261 2293 1826 2366">
     <span class='ocr_line' id='line_1_24' title="bbox 261 2293 1826 2366; baseline 0.001 -20"><span class='ocrx_word' id='word_1_176' title='bbox 261 2294 344 2346; x_wconf 79' lang='grc' dir='ltr'>καὶ</span> <span class='ocrx_word' id='word_1_177' title='bbox 367 2294 465 2364; x_wconf 83' lang='grc' dir='ltr'>τῆς</span> <span class='ocrx_word' id='word_1_178' title='bbox 486 2293 556 2346; x_wconf 84' lang='grc' dir='ltr'><strong>δι’</strong></span> <span class='ocrx_word' id='word_1_179' title='bbox 585 2293 754 2365; x_wconf 84' lang='grc' dir='ltr'>αὐτὴν</span> <span class='ocrx_word' id='word_1_180' title='bbox 776 2294 1042 2365; x_wconf 81' lang='grc' dir='ltr'>κατάρας,</span> <span class='ocrx_word' id='word_1_181' title='bbox 1065 2293 1278 2364; x_wconf 83' lang='grc' dir='ltr'>άληθῶς</span> <span class='ocrx_word' id='word_1_182' title='bbox 1297 2294 1353 2348; x_wconf 81' lang='grc' dir='ltr'>δὲ</span> <span class='ocrx_word' id='word_1_183' title='bbox 1380 2295 1726 2364; x_wconf 85' lang='grc' dir='ltr'>διαμείνωσιν</span> <span class='ocrx_word' id='word_1_184' title='bbox 1751 2293 1826 2366; x_wconf 77' lang='grc'><strong>(5)</strong></span> 
     </span>
    </p>
   </div>
   <div class='ocr_carea' id='block_1_25' title="bbox 259 2385 1828 2458">
    <p class='ocr_par' dir='ltr' id='par_1_25' title="bbox 259 2385 1828 2458">
     <span class='ocr_line' id='line_1_25' title="bbox 259 2385 1828 2458; baseline 0 -19"><span class='ocrx_word' id='word_1_185' title='bbox 259 2387 422 2439; x_wconf 76' lang='grc' dir='ltr'>εἰσαεὶ</span> <span class='ocrx_word' id='word_1_186' title='bbox 478 2387 810 2449; x_wconf 84' lang='grc' dir='ltr'>ἀναστάντες</span> <span class='ocrx_word' id='word_1_187' title='bbox 863 2388 927 2439; x_wconf 85' lang='grc' dir='ltr'>ὲκ</span> <span class='ocrx_word' id='word_1_188' title='bbox 981 2385 1221 2458; x_wconf 84' lang='grc' dir='ltr'>νεκρῶν,</span> <span class='ocrx_word' id='word_1_189' title='bbox 1253 2386 1346 2438; x_wconf 77' lang='grc' dir='ltr'>καὶ</span> <span class='ocrx_word' id='word_1_190' title='bbox 1397 2385 1694 2440; x_wconf 86' lang='grc' dir='ltr'>ἀθανασίαν</span> <span class='ocrx_word' id='word_1_191' title='bbox 1734 2385 1828 2439; x_wconf 83' lang='grc' dir='ltr'>καὶ</span> 
     </span>
    </p>
   </div>
   <div class='ocr_carea' id='block_1_26' title="bbox 261 2475 1827 2548">
    <p class='ocr_par' dir='ltr' id='par_1_26' title="bbox 261 2475 1827 2548">
     <span class='ocr_line' id='line_1_26' title="bbox 261 2475 1827 2548; baseline 0.001 -19"><span class='ocrx_word' id='word_1_192' title='bbox 261 2477 562 2548; x_wconf 73' lang='grc' dir='ltr'>ἀφθαρσίαν</span> <span class='ocrx_word' id='word_1_193' title='bbox 590 2477 960 2547; x_wconf 79' lang='grc' dir='ltr'>ἐνδυσάμενοι.</span> <span class='ocrx_word' id='word_1_194' title='bbox 991 2477 1098 2530; x_wconf 90' lang='grc' dir='ltr'>Τοῦ</span> <span class='ocrx_word' id='word_1_195' title='bbox 1130 2476 1240 2548; x_wconf 91' lang='grc' dir='ltr'>γάρ</span> <span class='ocrx_word' id='word_1_196' title='bbox 1259 2475 1431 2545; x_wconf 83' lang='grc' dir='ltr'>Λόγου</span> <span class='ocrx_word' id='word_1_197' title='bbox 1464 2476 1827 2548; x_wconf 82' lang='grc' dir='ltr'>ὲνδυσαμὲνου</span> 
     </span>
    </p>
   </div>
   <div class='ocr_carea' id='block_1_27' title="bbox 259 2568 1827 2642">
    <p class='ocr_par' dir='ltr' id='par_1_27' title="bbox 259 2568 1827 2642">
     <span class='ocr_line' id='line_1_27' title="bbox 259 2568 1827 2642; baseline 0.001 -22"><span class='ocrx_word' id='word_1_198' title='bbox 259 2570 348 2640; x_wconf 85' lang='grc' dir='ltr'><strong>τὴν</strong></span> <span class='ocrx_word' id='word_1_199' title='bbox 371 2570 576 2642; x_wconf 85' lang='grc' dir='ltr'>σάρκα,</span> <span class='ocrx_word' id='word_1_200' title='bbox 593 2569 776 2633; x_wconf 87' lang='grc' dir='ltr'>καθὼς</span> <span class='ocrx_word' id='word_1_201' title='bbox 797 2569 1053 2633; x_wconf 82' lang='grc' dir='ltr'>πολλάκις</span> <span class='ocrx_word' id='word_1_202' title='bbox 1077 2568 1364 2633; x_wconf 82' lang='grc' dir='ltr'>δέδεικται,</span> <span class='ocrx_word' id='word_1_203' title='bbox 1391 2570 1498 2621; x_wconf 84' lang='grc' dir='ltr'>πᾶν</span> <span class='ocrx_word' id='word_1_204' title='bbox 1524 2568 1622 2640; x_wconf 81' lang='grc' dir='ltr'>μὲν</span> <span class='ocrx_word' id='word_1_205' title='bbox 1643 2569 1827 2640; x_wconf 80' lang='grc' dir='ltr'>δῆγμα</span> 
     </span>
    </p>
   </div>
   <div class='ocr_carea' id='block_1_28' title="bbox 257 2659 1826 2730">
    <p class='ocr_par' dir='ltr' id='par_1_28' title="bbox 257 2659 1826 2730">
     <span class='ocr_line' id='line_1_28' title="bbox 257 2659 1826 2730; baseline -0.001 -16"><span class='ocrx_word' id='word_1_206' title='bbox 257 2662 344 2715; x_wconf 81' lang='grc' dir='ltr'><strong>τοῦ</strong></span> <span class='ocrx_word' id='word_1_207' title='bbox 371 2662 546 2730; x_wconf 76' lang='grc' dir='ltr'>ὃφεως</span> <span class='ocrx_word' id='word_1_208' title='bbox 572 2662 639 2715; x_wconf 91' lang='grc' dir='ltr'><strong>δι’</strong></span> <span class='ocrx_word' id='word_1_209' title='bbox 672 2660 794 2714; x_wconf 77' lang='grc' dir='ltr'>ὅλου</span> <span class='ocrx_word' id='word_1_210' title='bbox 827 2659 1220 2714; x_wconf 77' lang='grc' dir='ltr'>κατεσϐέννυτο</span> <span class='ocrx_word' id='word_1_211' title='bbox 1253 2659 1347 2712; x_wconf 85' lang='grc' dir='ltr'>ἀπ’</span> <span class='ocrx_word' id='word_1_212' title='bbox 1373 2659 1567 2730; x_wconf 82' lang='grc' dir='ltr'>αὐτῆς·</span> <span class='ocrx_word' id='word_1_213' title='bbox 1603 2659 1658 2711; x_wconf 76' lang='grc' dir='ltr'>εἴ</span> <span class='ocrx_word' id='word_1_214' title='bbox 1679 2678 1732 2712; x_wconf 91' lang='grc' dir='ltr'><strong>τι</strong></span> <span class='ocrx_word' id='word_1_215' title='bbox 1761 2661 1826 2713; x_wconf 85' lang='grc' dir='ltr'>ὲκ</span> 
     </span>
    </p>
   </div>
   <div class='ocr_carea' id='block_1_29' title="bbox 257 2749 1827 2828">
    <p class='ocr_par' dir='ltr' id='par_1_29' title="bbox 257 2749 1827 2828">
     <span class='ocr_line' id='line_1_29' title="bbox 257 2749 1827 2828; baseline -0.003 -19"><span class='ocrx_word' id='word_1_216' title='bbox 257 2757 356 2809; x_wconf 80' lang='grc' dir='ltr'><strong>τῶν</strong></span> <span class='ocrx_word' id='word_1_217' title='bbox 390 2755 669 2828; x_wconf 85' lang='grc' dir='ltr'>σαρκικῶν</span> <span class='ocrx_word' id='word_1_218' title='bbox 696 2753 1009 2824; x_wconf 86' lang='grc' dir='ltr'>κινημάτων</span> <span class='ocrx_word' id='word_1_219' title='bbox 1036 2751 1297 2821; x_wconf 75' lang='grc' dir='ltr'>ἀνεφύετο</span> <span class='ocrx_word' id='word_1_220' title='bbox 1321 2753 1510 2815; x_wconf 78' lang='grc' dir='ltr'>κακὸν,</span> <span class='ocrx_word' id='word_1_221' title='bbox 1541 2749 1827 2816; x_wconf 81' lang='grc' dir='ltr'>ὲξεκόπτε-</span> 
     </span>
    </p>
   </div>
   <div class='ocr_carea' id='block_1_30' title="bbox 256 2841 1827 2917">
    <p class='ocr_par' dir='ltr' id='par_1_30' title="bbox 256 2841 1827 2917">
     <span class='ocr_line' id='line_1_30' title="bbox 256 2841 1827 2917; baseline -0.003 -17"><span class='ocrx_word' id='word_1_222' title='bbox 256 2863 342 2914; x_wconf 78' lang='grc' dir='ltr'><strong>το,</strong></span> <span class='ocrx_word' id='word_1_223' title='bbox 370 2848 461 2900; x_wconf 80' lang='grc' dir='ltr'>καὶ</span> <span class='ocrx_word' id='word_1_224' title='bbox 492 2848 842 2917; x_wconf 84' lang='grc' dir='ltr'>συνανῃρεῖτο</span> <span class='ocrx_word' id='word_1_225' title='bbox 865 2845 940 2916; x_wconf 80' lang='grc'><strong>(4)</strong></span> <span class='ocrx_word' id='word_1_226' title='bbox 965 2843 1174 2907; x_wconf 78' lang='grc' dir='ltr'>τούτοις</span> <span class='ocrx_word' id='word_1_227' title='bbox 1205 2845 1233 2896; x_wconf 81' lang='grc' dir='ltr'><strong>ὁ</strong></span> <span class='ocrx_word' id='word_1_228' title='bbox 1259 2843 1361 2914; x_wconf 77' lang='grc' dir='ltr'>τῆς</span> <span class='ocrx_word' id='word_1_229' title='bbox 1397 2843 1672 2916; x_wconf 82' lang='grc' dir='ltr'>ἁμαρτίας</span> <span class='ocrx_word' id='word_1_230' title='bbox 1698 2841 1827 2896; x_wconf 90' lang='grc' dir='ltr'>άκό-</span> 
     </span>
    </p>
   </div>
   <div class='ocr_carea' id='block_1_31' title="bbox 256 2935 1826 3006">
    <p class='ocr_par' dir='ltr' id='par_1_31' title="bbox 256 2935 1826 3006">
     <span class='ocr_line' id='line_1_31' title="bbox 256 2935 1826 3006; baseline -0.001 -16"><span class='ocrx_word' id='word_1_231' title='bbox 256 2936 432 3002; x_wconf 82' lang='grc' dir='ltr'>λουθος</span> <span class='ocrx_word' id='word_1_232' title='bbox 457 2936 810 3001; x_wconf 82' lang='grc' dir='ltr'>θάνατος,·ὠς</span> <span class='ocrx_word' id='word_1_233' title='bbox 842 2936 1002 2998; x_wconf 78' lang='grc' dir='ltr'>αὐτὸς</span> <span class='ocrx_word' id='word_1_234' title='bbox 1023 2937 1052 2989; x_wconf 84' lang='grc' dir='ltr'>ὁ</span> <span class='ocrx_word' id='word_1_235' title='bbox 1084 2935 1289 3006; x_wconf 87' lang='grc' dir='ltr'>Κύριός</span> <span class='ocrx_word' id='word_1_236' title='bbox 1317 2951 1480 3006; x_wconf 85' lang='grc' dir='ltr'>φησιν</span> <span class='ocrx_word' id='word_1_237' title='bbox 1499 2953 1512 2966; x_wconf 83' lang='grc'><em>’</em></span> <span class='ocrx_word' id='word_1_238' title='bbox 1552 2937 1826 3005; x_wconf 82' lang='grc' dir='ltr'>Ἔρχεται</span> 
     </span>
    </p>
   </div>
   <div class='ocr_carea' id='block_1_32' title="bbox 258 3025 1823 3099">
    <p class='ocr_par' dir='ltr' id='par_1_32' title="bbox 258 3025 1823 3099">
     <span class='ocr_line' id='line_1_32' title="bbox 258 3025 1823 3099; baseline -0.001 -15"><span class='ocrx_word' id='word_1_239' title='bbox 258 3034 288 3084; x_wconf 82' lang='grc' dir='ltr'><em>ὁ</em></span> <span class='ocrx_word' id='word_1_240' title='bbox 333 3031 535 3099; x_wconf 73' lang='grc' dir='ltr'><strong>ἅρχων</strong></span> <span class='ocrx_word' id='word_1_241' title='bbox 579 3028 687 3082; x_wconf 83' lang='grc' dir='ltr'><strong>τοῦ</strong></span> <span class='ocrx_word' id='word_1_242' title='bbox 726 3029 957 3097; x_wconf 81' lang='grc' dir='ltr'>κόσμου</span> <span class='ocrx_word' id='word_1_243' title='bbox 990 3028 1232 3092; x_wconf 85' lang='grc' dir='ltr'>τούτου,</span> <span class='ocrx_word' id='word_1_244' title='bbox 1273 3027 1374 3081; x_wconf 72' lang='grc' dir='ltr'>καὶ</span> <span class='ocrx_word' id='word_1_245' title='bbox 1423 3025 1604 3082; x_wconf 81' lang='grc' dir='ltr'>οὐδὲν</span> <span class='ocrx_word' id='word_1_246' title='bbox 1662 3028 1823 3096; x_wconf 82' lang='grc' dir='ltr'>εὑρί-</span> 
     </span>
    </p>
   </div>
   <div class='ocr_carea' id='block_1_33' title="bbox 259 3116 1893 3208">
    <p class='ocr_par' dir='ltr' id='par_1_33' title="bbox 259 3116 1893 3208">
     <span class='ocr_line' id='line_1_33' title="bbox 259 3116 1893 3208; baseline -0.004 -33"><span class='ocrx_word' id='word_1_247' title='bbox 259 3137 382 3176; x_wconf 74' lang='grc' dir='ltr'>σκει</span> <span class='ocrx_word' id='word_1_248' title='bbox 400 3121 474 3191; x_wconf 78' lang='grc'><strong>(5)</strong></span> <span class='ocrx_word' id='word_1_249' title='bbox 495 3121 566 3174; x_wconf 71' lang='grc' dir='ltr'><em>ἐν</em></span> <span class='ocrx_word' id='word_1_250' title='bbox 592 3119 740 3190; x_wconf 78' lang='grc' dir='ltr'>ἐμοί·</span> <span class='ocrx_word' id='word_1_251' title='bbox 769 3119 882 3184; x_wconf 77' lang='grc' dir='ltr'>καὶ,</span> <span class='ocrx_word' id='word_1_252' title='bbox 904 3120 1006 3185; x_wconf 82' lang='grc' dir='ltr'>Είς</span> <span class='ocrx_word' id='word_1_253' title='bbox 1033 3117 1208 3172; x_wconf 86' lang='grc' dir='ltr'>τοῦτο</span> <span class='ocrx_word' id='word_1_254' title='bbox 1234 3116 1344 3188; x_wconf 60' lang='grc' dir='ltr'><strong>γὰρ</strong></span> <span class='ocrx_word' id='word_1_255' title='bbox 1368 3117 1727 3188; x_wconf 68' lang='grc' dir='ltr'>ἐφανερώθη,</span> <span class='ocrx_word' id='word_1_256' title='bbox 1749 3116 1825 3180; x_wconf 84' lang='grc' dir='ltr'><strong>ὡς</strong></span> <span class='ocrx_word' id='word_1_257' title='bbox 1852 3151 1893 3208; x_wconf 76' lang='lat' dir='ltr'>c</span> 
     </span>
    </p>
   </div>
   <div class='ocr_carea' id='block_1_34' title="bbox 259 3209 1826 3283">
    <p class='ocr_par' dir='ltr' id='par_1_34' title="bbox 259 3209 1826 3283">
     <span class='ocr_line' id='line_1_34' title="bbox 259 3209 1826 3283; baseline -0.001 -19"><span class='ocrx_word' id='word_1_258' title='bbox 259 3211 485 3283; x_wconf 68' lang='grc' dir='ltr'>ἔγραψεν</span> <span class='ocrx_word' id='word_1_259' title='bbox 515 3212 544 3264; x_wconf 83' lang='grc' dir='ltr'>ὁ</span> <span class='ocrx_word' id='word_1_260' title='bbox 586 3211 838 3281; x_wconf 82' lang='grc' dir='ltr'>Ἰωάννης</span> <span class='ocrx_word' id='word_1_261' title='bbox 860 3253 876 3277; x_wconf 91' lang='grc'><strong>,</strong></span> <span class='ocrx_word' id='word_1_262' title='bbox 918 3210 1019 3264; x_wconf 79' lang='grc' dir='ltr'><strong>ἵνα</strong></span> <span class='ocrx_word' id='word_1_263' title='bbox 1042 3211 1206 3278; x_wconf 81' lang='grc' dir='ltr'>λύσῃ</span> <span class='ocrx_word' id='word_1_264' title='bbox 1235 3210 1307 3263; x_wconf 85' lang='grc' dir='ltr'>τὰ</span> <span class='ocrx_word' id='word_1_265' title='bbox 1328 3209 1472 3281; x_wconf 73' lang='grc' dir='ltr'>ἔργα</span> <span class='ocrx_word' id='word_1_266' title='bbox 1504 3210 1608 3264; x_wconf 89' lang='grc' dir='ltr'><strong>τοῦ</strong></span> <span class='ocrx_word' id='word_1_267' title='bbox 1638 3210 1826 3264; x_wconf 74' lang='grc' dir='ltr'>διαϐό-</span> 
     </span>
    </p>
   </div>
   <div class='ocr_carea' id='block_1_35' title="bbox 258 3303 1826 3376">
    <p class='ocr_par' dir='ltr' id='par_1_35' title="bbox 258 3303 1826 3376">
     <span class='ocr_line' id='line_1_35' title="bbox 258 3303 1826 3376; baseline -0.002 -15"><span class='ocrx_word' id='word_1_268' title='bbox 258 3309 380 3361; x_wconf 73' lang='grc' dir='ltr'>λου.</span> <span class='ocrx_word' id='word_1_269' title='bbox 401 3305 618 3358; x_wconf 86' lang='grc' dir='ltr'>Τούτων</span> <span class='ocrx_word' id='word_1_270' title='bbox 643 3305 706 3358; x_wconf 87' lang='grc' dir='ltr'>δὲ</span> <span class='ocrx_word' id='word_1_271' title='bbox 731 3304 808 3375; x_wconf 82' lang='lat'><strong>(6)</strong></span> <span class='ocrx_word' id='word_1_272' title='bbox 833 3303 1100 3358; x_wconf 84' lang='grc' dir='ltr'>λυθέντων</span> <span class='ocrx_word' id='word_1_273' title='bbox 1122 3303 1230 3357; x_wconf 81' lang='grc' dir='ltr'><strong>ἀπὸ</strong></span> <span class='ocrx_word' id='word_1_274' title='bbox 1253 3305 1350 3375; x_wconf 83' lang='grc' dir='ltr'>τῆς</span> <span class='ocrx_word' id='word_1_275' title='bbox 1378 3303 1600 3376; x_wconf 82' lang='grc' dir='ltr'>σαρκὸς,</span> <span class='ocrx_word' id='word_1_276' title='bbox 1625 3304 1826 3368; x_wconf 82' lang='grc' dir='ltr'>πάντες</span> 
     </span>
    </p>
   </div>
   <div class='ocr_carea' id='block_1_36' title="bbox 259 3386 1852 3468">
    <p class='ocr_par' dir='ltr' id='par_1_36' title="bbox 259 3386 1852 3468">
     <span class='ocr_line' id='line_1_36' title="bbox 259 3386 1852 3468; baseline 0.006 -27"><span class='ocrx_word' id='word_1_277' title='bbox 259 3397 388 3452; x_wconf 70' lang='grc' dir='ltr'>οὕτω</span> <span class='ocrx_word' id='word_1_278' title='bbox 442 3398 585 3452; x_wconf 70' lang='grc' dir='ltr'>κατὰ</span> <span class='ocrx_word' id='word_1_279' title='bbox 618 3397 716 3468; x_wconf 81' lang='grc' dir='ltr'>τὴν</span> <span class='ocrx_word' id='word_1_280' title='bbox 736 3395 1057 3465; x_wconf 83' lang='grc' dir='ltr'>συγγένειαν</span> <span class='ocrx_word' id='word_1_281' title='bbox 1088 3395 1190 3466; x_wconf 83' lang='grc' dir='ltr'>τῆς</span> <span class='ocrx_word' id='word_1_282' title='bbox 1221 3395 1424 3468; x_wconf 82' lang='grc' dir='ltr'>σαρκὸς</span> <span class='ocrx_word' id='word_1_283' title='bbox 1451 3386 1852 3468; x_wconf 50' lang='grc' dir='ltr'>ἡλευθερώθηέ</span> 
     </span>
    </p>
   </div>
   <div class='ocr_carea' id='block_1_37' title="bbox 261 3491 1829 3564">
    <p class='ocr_par' dir='ltr' id='par_1_37' title="bbox 261 3491 1829 3564">
     <span class='ocr_line' id='line_1_37' title="bbox 261 3491 1829 3564; baseline 0.001 -18"><span class='ocrx_word' id='word_1_284' title='bbox 261 3509 372 3562; x_wconf 84' lang='grc' dir='ltr'>μεν,</span> <span class='ocrx_word' id='word_1_285' title='bbox 397 3492 491 3546; x_wconf 71' lang='grc' dir='ltr'>καὶ</span> <span class='ocrx_word' id='word_1_286' title='bbox 508 3492 696 3545; x_wconf 84' lang='grc' dir='ltr'>λοιπὸν</span> <span class='ocrx_word' id='word_1_287' title='bbox 724 3491 1075 3563; x_wconf 83' lang='grc' dir='ltr'>συνὴφθημεν</span> <span class='ocrx_word' id='word_1_288' title='bbox 1096 3493 1191 3546; x_wconf 79' lang='grc' dir='ltr'>καὶ</span> <span class='ocrx_word' id='word_1_289' title='bbox 1217 3493 1380 3562; x_wconf 84' lang='grc' dir='ltr'>ἡμεῖς</span> <span class='ocrx_word' id='word_1_290' title='bbox 1404 3492 1674 3564; x_wconf 73' lang='grc' dir='ltr'>τῷΛόγῳ.</span> <span class='ocrx_word' id='word_1_291' title='bbox 1695 3493 1829 3548; x_wconf 87' lang='grc' dir='ltr'>Συν-</span> 
     </span>
    </p>
   </div>
   <div class='ocr_carea' id='block_1_38' title="bbox 261 3583 1829 3656">
    <p class='ocr_par' dir='ltr' id='par_1_38' title="bbox 261 3583 1829 3656">
     <span class='ocr_line' id='line_1_38' title="bbox 261 3583 1829 3656; baseline 0.001 -19"><span class='ocrx_word' id='word_1_292' title='bbox 261 3584 511 3654; x_wconf 80' lang='grc' dir='ltr'>αφθέντες</span> <span class='ocrx_word' id='word_1_293' title='bbox 543 3586 600 3638; x_wconf 84' lang='grc' dir='ltr'>δὲ</span> <span class='ocrx_word' id='word_1_294' title='bbox 631 3583 710 3654; x_wconf 79' lang='grc' dir='ltr'><strong>τῷ</strong></span> <span class='ocrx_word' id='word_1_295' title='bbox 757 3584 917 3654; x_wconf 76' lang='grc' dir='ltr'>Θεῷ,</span> <span class='ocrx_word' id='word_1_296' title='bbox 950 3583 1132 3637; x_wconf 76' lang='grc' dir='ltr'>οὐκέτι</span> <span class='ocrx_word' id='word_1_297' title='bbox 1169 3585 1265 3654; x_wconf 78' lang='grc' dir='ltr'>μὲν</span> <span class='ocrx_word' id='word_1_298' title='bbox 1297 3585 1390 3636; x_wconf 76' lang='grc' dir='ltr'><strong>ἐπὶ</strong></span> <span class='ocrx_word' id='word_1_299' title='bbox 1423 3584 1526 3656; x_wconf 81' lang='grc' dir='ltr'>γῆς</span> <span class='ocrx_word' id='word_1_300' title='bbox 1558 3583 1829 3656; x_wconf 85' lang='grc' dir='ltr'>άπομένο-</span> 
     </span>
    </p>
   </div>
   <div class='ocr_carea' id='block_1_39' title="bbox 264 3671 1829 3748">
    <p class='ocr_par' dir='ltr' id='par_1_39' title="bbox 264 3671 1829 3748">
     <span class='ocr_line' id='line_1_39' title="bbox 264 3671 1829 3748; baseline -0.001 -17"><span class='ocrx_word' id='word_1_301' title='bbox 264 3693 353 3748; x_wconf 84' lang='grc' dir='ltr'><strong>μεν</strong></span> <span class='ocrx_word' id='word_1_302' title='bbox 384 3677 434 3748; x_wconf 88' lang='lat'><strong>(7</strong></span> <span class='ocrx_word' id='word_1_303' title='bbox 440 3682 458 3748; x_wconf 91' lang='lat'><strong>)</strong></span> <span class='ocrx_word' id='word_1_304' title='bbox 475 3717 490 3741; x_wconf 93' lang='lat'><strong>,</strong></span> <span class='ocrx_word' id='word_1_305' title='bbox 519 3678 636 3731; x_wconf 86' lang='grc' dir='ltr'>ἀλλ’</span> <span class='ocrx_word' id='word_1_306' title='bbox 662 3677 738 3740; x_wconf 85' lang='grc' dir='ltr'>ὡς</span> <span class='ocrx_word' id='word_1_307' title='bbox 767 3677 928 3740; x_wconf 77' lang='grc' dir='ltr'>αὐτὸς</span> <span class='ocrx_word' id='word_1_308' title='bbox 953 3671 1129 3742; x_wconf 71' lang='grc' dir='ltr'>εἶπεν,</span> <span class='ocrx_word' id='word_1_309' title='bbox 1155 3677 1291 3729; x_wconf 81' lang='grc' dir='ltr'>ὅπου</span> <span class='ocrx_word' id='word_1_310' title='bbox 1327 3675 1487 3739; x_wconf 64' lang='grc' dir='ltr'>αὐτὸς</span> <span class='ocrx_word' id='word_1_311' title='bbox 1507 3715 1522 3741; x_wconf 90' lang='grc'><strong>,</strong></span> <span class='ocrx_word' id='word_1_312' title='bbox 1555 3676 1649 3729; x_wconf 75' lang='grc' dir='ltr'>καὶ</span> <span class='ocrx_word' id='word_1_313' title='bbox 1667 3679 1829 3748; x_wconf 84' lang='grc' dir='ltr'>ἡμεῖς</span> 
     </span>
    </p>
   </div>
   <div class='ocr_carea' id='block_1_40' title="bbox 261 3767 1826 3842">
    <p class='ocr_par' dir='ltr' id='par_1_40' title="bbox 261 3767 1826 3842">
     <span class='ocr_line' id='line_1_40' title="bbox 261 3767 1826 3842; baseline 0 -21"><span class='ocrx_word' id='word_1_314' title='bbox 261 3770 481 3842; x_wconf 71' lang='grc' dir='ltr'>ἐσόμεθα</span> <span class='ocrx_word' id='word_1_315' title='bbox 499 3787 513 3801; x_wconf 90' lang='grc'><strong>·</strong></span> <span class='ocrx_word' id='word_1_316' title='bbox 537 3771 632 3824; x_wconf 59' lang='grc' dir='ltr'><strong>καὶ¹</strong></span> <span class='ocrx_word' id='word_1_317' title='bbox 655 3769 841 3824; x_wconf 84' lang='grc' dir='ltr'>λοιπὸν</span> <span class='ocrx_word' id='word_1_318' title='bbox 861 3768 984 3822; x_wconf 77' lang='grc' dir='ltr'>οὔτε</span> <span class='ocrx_word' id='word_1_319' title='bbox 1006 3768 1098 3821; x_wconf 82' lang='grc' dir='ltr'>τὸν</span> <span class='ocrx_word' id='word_1_320' title='bbox 1119 3768 1242 3837; x_wconf 81' lang='grc' dir='ltr'>ὅφιν</span> <span class='ocrx_word' id='word_1_321' title='bbox 1268 3767 1348 3822; x_wconf 77' lang='grc' dir='ltr'>ἔτι</span> <span class='ocrx_word' id='word_1_322' title='bbox 1373 3768 1795 3840; x_wconf 79' lang='grc' dir='ltr'>φοϐηθησόμεθα</span> <span class='ocrx_word' id='word_1_323' title='bbox 1810 3784 1826 3797; x_wconf 73' lang='grc'><strong>⁸</strong></span> 
     </span>
    </p>
   </div>
   <div class='ocr_carea' id='block_1_41' title="bbox 263 3859 1830 3935">
    <p class='ocr_par' dir='ltr' id='par_1_41' title="bbox 263 3859 1830 3935">
     <span class='ocr_line' id='line_1_41' title="bbox 263 3859 1830 3935; baseline -0.001 -21"><span class='ocrx_word' id='word_1_324' title='bbox 263 3861 571 3935; x_wconf 81' lang='grc' dir='ltr'>κατηργήθη</span> <span class='ocrx_word' id='word_1_325' title='bbox 603 3861 714 3933; x_wconf 85' lang='grc' dir='ltr'><strong>γὰρ</strong></span> <span class='ocrx_word' id='word_1_326' title='bbox 743 3864 802 3915; x_wconf 86' lang='grc' dir='ltr'>ὲν</span> <span class='ocrx_word' id='word_1_327' title='bbox 830 3863 898 3933; x_wconf 80' lang='grc' dir='ltr'>τῇ</span> <span class='ocrx_word' id='word_1_328' title='bbox 933 3862 1096 3933; x_wconf 75' lang='grc' dir='ltr'>σαρκὶ</span> <span class='ocrx_word' id='word_1_329' title='bbox 1124 3860 1374 3932; x_wconf 76' lang='grc' dir='ltr'>διωχθεὶς</span> <span class='ocrx_word' id='word_1_330' title='bbox 1410 3859 1560 3933; x_wconf 87' lang='grc' dir='ltr'><strong>παρά</strong></span> <span class='ocrx_word' id='word_1_331' title='bbox 1589 3861 1684 3914; x_wconf 87' lang='grc' dir='ltr'><strong>τοῦ</strong></span> <span class='ocrx_word' id='word_1_332' title='bbox 1717 3861 1830 3913; x_wconf 89' lang='grc' dir='ltr'><strong>Σω-</strong></span> 
     </span>
    </p>
   </div>
   <div class='ocr_carea' id='block_1_42' title="bbox 257 3949 1828 4025">
    <p class='ocr_par' dir='ltr' id='par_1_42' title="bbox 257 3949 1828 4025">
     <span class='ocr_line' id='line_1_42' title="bbox 257 3949 1828 4025; baseline 0.001 -18"><span class='ocrx_word' id='word_1_333' title='bbox 257 3953 410 4025; x_wconf 84' lang='grc' dir='ltr'>τῆρος</span> <span class='ocrx_word' id='word_1_334' title='bbox 429 3995 443 4018; x_wconf 84' lang='grc'><strong>,</strong></span> <span class='ocrx_word' id='word_1_335' title='bbox 477 3955 572 4008; x_wconf 78' lang='grc' dir='ltr'>καὶ</span> <span class='ocrx_word' id='word_1_336' title='bbox 599 3953 839 4017; x_wconf 86' lang='grc' dir='ltr'>ἀκούσας</span> <span class='ocrx_word' id='word_1_337' title='bbox 855 3970 869 3984; x_wconf 91' lang='grc'><strong>·</strong></span> <span class='ocrx_word' id='word_1_338' title='bbox 906 3955 1136 4020; x_wconf 74' lang='grc' dir='ltr'>’Ὕπαγε</span> <span class='ocrx_word' id='word_1_339' title='bbox 1159 3955 1351 4008; x_wconf 80' lang='grc' dir='ltr'>ὀπίσω</span> <span class='ocrx_word' id='word_1_340' title='bbox 1370 3970 1490 4022; x_wconf 87' lang='grc' dir='ltr'><strong>μου</strong></span> <span class='ocrx_word' id='word_1_341' title='bbox 1513 3992 1529 4018; x_wconf 92' lang='grc'><strong>,</strong></span> <span class='ocrx_word' id='word_1_342' title='bbox 1557 3949 1828 4008; x_wconf 75' lang='grc' dir='ltr'>Σατανᾶο</span> 
     </span>
    </p>
   </div>
   <div class='ocr_carea' id='block_1_43' title="bbox 262 4043 1830 4120">
    <p class='ocr_par' dir='ltr' id='par_1_43' title="bbox 262 4043 1830 4120">
     <span class='ocr_line' id='line_1_43' title="bbox 262 4043 1830 4120; baseline -0.003 -20"><span class='ocrx_word' id='word_1_343' title='bbox 262 4048 350 4100; x_wconf 75' lang='grc' dir='ltr'>καὶ</span> <span class='ocrx_word' id='word_1_344' title='bbox 385 4047 556 4110; x_wconf 80' lang='grc' dir='ltr'>οὕτως</span> <span class='ocrx_word' id='word_1_345' title='bbox 583 4046 689 4113; x_wconf 79' lang='grc' dir='ltr'><strong>ἐξω</strong></span> <span class='ocrx_word' id='word_1_346' title='bbox 717 4046 812 4100; x_wconf 87' lang='grc' dir='ltr'><strong>τοῦ</strong></span> <span class='ocrx_word' id='word_1_347' title='bbox 854 4047 1184 4120; x_wconf 80' lang='grc' dir='ltr'>παραδείσου</span> <span class='ocrx_word' id='word_1_348' title='bbox 1213 4045 1470 4116; x_wconf 86' lang='grc' dir='ltr'>τυγχάνει</span> <span class='ocrx_word' id='word_1_349' title='bbox 1503 4043 1830 4116; x_wconf 79' lang='grc' dir='ltr'>βαλλόμενος</span> 
     </span>
    </p>
   </div>
   <div class='ocr_carea' id='block_1_44' title="bbox 263 4135 1830 4212">
    <p class='ocr_par' dir='ltr' id='par_1_44' title="bbox 263 4135 1830 4212">
     <span class='ocr_line' id='line_1_44' title="bbox 263 4135 1830 4212; baseline -0.002 -21"><span class='ocrx_word' id='word_1_350' title='bbox 263 4141 335 4202; x_wconf 73' lang='grc' dir='ltr'>εἰς</span> <span class='ocrx_word' id='word_1_351' title='bbox 360 4139 420 4192; x_wconf 81' lang='grc' dir='ltr'>τὸ</span> <span class='ocrx_word' id='word_1_352' title='bbox 452 4139 562 4212; x_wconf 84' lang='grc' dir='ltr'>πῦρ</span> <span class='ocrx_word' id='word_1_353' title='bbox 594 4139 657 4192; x_wconf 80' lang='grc' dir='ltr'>τὸ</span> <span class='ocrx_word' id='word_1_354' title='bbox 685 4138 904 4193; x_wconf 82' lang='grc' dir='ltr'>αἰώνιον</span> <span class='ocrx_word' id='word_1_355' title='bbox 923 4156 936 4170; x_wconf 74' lang='grc' dir='ltr'><strong>ο</strong></span> <span class='ocrx_word' id='word_1_356' title='bbox 965 4138 1087 4192; x_wconf 75' lang='grc' dir='ltr'>οὔτε</span> <span class='ocrx_word' id='word_1_357' title='bbox 1112 4139 1169 4192; x_wconf 84' lang='grc' dir='ltr'>δὲ</span> <span class='ocrx_word' id='word_1_358' title='bbox 1203 4137 1275 4210; x_wconf 83' lang='lat'><strong>(8)</strong></span> <span class='ocrx_word' id='word_1_359' title='bbox 1301 4139 1534 4207; x_wconf 87' lang='grc' dir='ltr'>γυναῖκα</span> <span class='ocrx_word' id='word_1_360' title='bbox 1556 4135 1830 4208; x_wconf 76' lang='grc' dir='ltr'>παραπεί·</span> 
     </span>
    </p>
   </div>
   <div class='ocr_carea' id='block_1_45' title="bbox 263 4225 1832 4300">
    <p class='ocr_par' dir='ltr' id='par_1_45' title="bbox 263 4225 1832 4300">
     <span class='ocr_line' id='line_1_45' title="bbox 263 4225 1832 4300; baseline 0.001 -21"><span class='ocrx_word' id='word_1_361' title='bbox 263 4226 446 4280; x_wconf 85' lang='grc' dir='ltr'>θουσαν</span> <span class='ocrx_word' id='word_1_362' title='bbox 498 4227 845 4300; x_wconf 83' lang='grc' dir='ltr'>φυλαξόμεθα</span> <span class='ocrx_word' id='word_1_363' title='bbox 865 4246 878 4260; x_wconf 78' lang='grc' dir='ltr'><strong><em>ο</em></strong></span> <span class='ocrx_word' id='word_1_364' title='bbox 936 4229 1038 4283; x_wconf 81' lang='grc' dir='ltr'><strong>Ἐν</strong></span> <span class='ocrx_word' id='word_1_365' title='bbox 1081 4227 1190 4298; x_wconf 74' lang='grc' dir='ltr'><strong>γὰρ</strong></span> <span class='ocrx_word' id='word_1_366' title='bbox 1223 4225 1298 4295; x_wconf 76' lang='grc' dir='ltr'>τῇ</span> <span class='ocrx_word' id='word_1_367' title='bbox 1330 4225 1661 4281; x_wconf 81' lang='grc' dir='ltr'>ἀναστάσει</span> <span class='ocrx_word' id='word_1_368' title='bbox 1694 4227 1832 4281; x_wconf 81' lang='grc' dir='ltr'>οὔτε</span> 
     </span>
    </p>
   </div>
   <div class='ocr_carea' id='block_1_46' title="bbox 259 4316 1830 4391">
    <p class='ocr_par' dir='ltr' id='par_1_46' title="bbox 259 4316 1830 4391">
     <span class='ocr_line' id='line_1_46' title="bbox 259 4316 1830 4391; baseline -0.003 -17"><span class='ocrx_word' id='word_1_369' title='bbox 259 4321 565 4390; x_wconf 55' lang='grc' dir='ltr'><strong>⁸παριοῦσιν,</strong></span> <span class='ocrx_word' id='word_1_370' title='bbox 604 4322 742 4376; x_wconf 83' lang='grc' dir='ltr'>οὔτε</span> <span class='ocrx_word' id='word_1_371' title='bbox 803 4319 1141 4391; x_wconf 73' lang='grc' dir='ltr'>γαμίζονται</span> <span class='ocrx_word' id='word_1_372' title='bbox 1165 4360 1180 4384; x_wconf 92' lang='grc'><strong>,</strong></span> <span class='ocrx_word' id='word_1_373' title='bbox 1211 4321 1348 4374; x_wconf 73' lang='grc' dir='ltr'><strong>ἀλλ’</strong></span> <span class='ocrx_word' id='word_1_374' title='bbox 1372 4318 1529 4372; x_wconf 75' lang='grc' dir='ltr'>εἰσὶν</span> <span class='ocrx_word' id='word_1_375' title='bbox 1555 4319 1635 4384; x_wconf 86' lang='grc' dir='ltr'><strong>ὡς</strong></span> <span class='ocrx_word' id='word_1_376' title='bbox 1659 4316 1830 4387; x_wconf 68' lang='grc' dir='ltr'>ἄγγε-</span> 
     </span>
    </p>
   </div>
   <div class='ocr_carea' id='block_1_47' title="bbox 257 4409 1830 4484">
    <p class='ocr_par' dir='ltr' id='par_1_47' title="bbox 257 4409 1830 4484">
     <span class='ocr_line' id='line_1_47' title="bbox 257 4409 1830 4484; baseline -0.003 -18"><span class='ocrx_word' id='word_1_377' title='bbox 257 4415 352 4466; x_wconf 72' lang='grc' dir='ltr'><strong>λοι</strong></span> <span class='ocrx_word' id='word_1_378' title='bbox 382 4413 486 4482; x_wconf 79' lang='grc'><strong>(9)⁶</strong></span> <span class='ocrx_word' id='word_1_379' title='bbox 535 4414 630 4467; x_wconf 80' lang='grc' dir='ltr'>καὶ</span> <span class='ocrx_word' id='word_1_380' title='bbox 673 4414 732 4466; x_wconf 82' lang='grc' dir='ltr'>ὲν</span> <span class='ocrx_word' id='word_1_381' title='bbox 760 4412 981 4484; x_wconf 84' lang='grc' dir='ltr'>Χριστῷ</span> <span class='ocrx_word' id='word_1_382' title='bbox 1029 4412 1203 4483; x_wconf 82' lang='grc' dir='ltr'>Ἰησοῦ</span> <span class='ocrx_word' id='word_1_383' title='bbox 1237 4410 1399 4482; x_wconf 88' lang='grc' dir='ltr'>καινὴ</span> <span class='ocrx_word' id='word_1_384' title='bbox 1432 4409 1608 4474; x_wconf 83' lang='grc' dir='ltr'>κτίσις</span> <span class='ocrx_word' id='word_1_385' title='bbox 1641 4409 1830 4464; x_wconf 76' lang='grc' dir='ltr'><strong>ἔσται⁹</strong></span> 
     </span>
    </p>
   </div>
   <div class='ocr_carea' id='block_1_48' title="bbox 258 4501 1829 4577">
    <p class='ocr_par' dir='ltr' id='par_1_48' title="bbox 258 4501 1829 4577">
     <span class='ocr_line' id='line_1_48' title="bbox 258 4501 1829 4577; baseline 0.001 -23"><span class='ocrx_word' id='word_1_386' title='bbox 258 4505 349 4558; x_wconf 78' lang='grc' dir='ltr'>καὶ</span> <span class='ocrx_word' id='word_1_387' title='bbox 370 4503 486 4558; x_wconf 75' lang='grc' dir='ltr'>οὔτε</span> <span class='ocrx_word' id='word_1_388' title='bbox 511 4506 701 4577; x_wconf 85' lang='grc' dir='ltr'>ἀρσεν,</span> <span class='ocrx_word' id='word_1_389' title='bbox 729 4503 852 4558; x_wconf 74' lang='grc' dir='ltr'>οὔτε</span> <span class='ocrx_word' id='word_1_390' title='bbox 878 4504 1011 4575; x_wconf 80' lang='grc' dir='ltr'>θῆλυ</span> <span class='ocrx_word' id='word_1_391' title='bbox 1029 4543 1046 4570; x_wconf 91' lang='grc'><strong>,</strong></span> <span class='ocrx_word' id='word_1_392' title='bbox 1074 4503 1209 4557; x_wconf 89' lang='grc' dir='ltr'><strong>άλλά</strong></span> <span class='ocrx_word' id='word_1_393' title='bbox 1229 4503 1406 4557; x_wconf 83' lang='grc' dir='ltr'>πάντα</span> <span class='ocrx_word' id='word_1_394' title='bbox 1431 4501 1525 4556; x_wconf 80' lang='grc' dir='ltr'>καὶ</span> <span class='ocrx_word' id='word_1_395' title='bbox 1565 4503 1624 4556; x_wconf 86' lang='grc' dir='ltr'>ὲν</span> <span class='ocrx_word' id='word_1_396' title='bbox 1663 4503 1829 4556; x_wconf 80' lang='grc' dir='ltr'>πᾶσιν</span> 
     </span>
    </p>
   </div>
   <div class='ocr_carea' id='block_1_49' title="bbox 326 4707 1901 4778">
    <p class='ocr_par' dir='ltr' id='par_1_49' title="bbox 326 4707 1901 4778">
     <span class='ocr_line' id='line_1_49' title="bbox 326 4707 1901 4778; baseline 0.001 -14"><span class='ocrx_word' id='word_1_397' title='bbox 326 4710 541 4767; x_wconf 76' lang='lat' dir='ltr'><strong>“Joan.</strong></span> <span class='ocrx_word' id='word_1_398' title='bbox 571 4728 684 4775; x_wconf 77' lang='lat' dir='ltr'><strong>xiv,</strong></span> <span class='ocrx_word' id='word_1_399' title='bbox 716 4712 805 4767; x_wconf 79' lang='lat'><strong>30.</strong></span> <span class='ocrx_word' id='word_1_400' title='bbox 880 4712 926 4744; x_wconf 75' lang='lat'><strong>“</strong></span> <span class='ocrx_word' id='word_1_401' title='bbox 959 4711 978 4765; x_wconf 89' lang='lat' dir='ltr'><strong>l</strong></span> <span class='ocrx_word' id='word_1_402' title='bbox 1007 4710 1166 4766; x_wconf 83' lang='lat' dir='ltr'><strong>Joan.</strong></span> <span class='ocrx_word' id='word_1_403' title='bbox 1194 4726 1277 4773; x_wconf 88' lang='lat' dir='ltr'><strong>Ill,</strong></span> <span class='ocrx_word' id='word_1_404' title='bbox 1303 4711 1360 4766; x_wconf 87' lang='grc'><strong>8.</strong></span> <span class='ocrx_word' id='word_1_405' title='bbox 1435 4710 1480 4742; x_wconf 81' lang='grc'><strong>⁸⁸</strong></span> <span class='ocrx_word' id='word_1_406' title='bbox 1504 4707 1664 4766; x_wconf 77' lang='lat' dir='ltr'><strong>Joan.</strong></span> <span class='ocrx_word' id='word_1_407' title='bbox 1708 4725 1819 4778; x_wconf 80' lang='lat' dir='ltr'><strong>xw,</strong></span> <span class='ocrx_word' id='word_1_408' title='bbox 1841 4711 1901 4766; x_wconf 79' lang='grc'>5.</span> 
     </span>
    </p>
   </div>
   <div class='ocr_carea' id='block_1_50' title="bbox 261 4781 1506 4849">
    <p class='ocr_par' dir='ltr' id='par_1_50' title="bbox 261 4781 1506 4849">
     <span class='ocr_line' id='line_1_50' title="bbox 261 4781 1506 4849; baseline 0.001 -16"><span class='ocrx_word' id='word_1_409' title='bbox 261 4796 331 4848; x_wconf 69' lang='grc' dir='ltr'><strong>τι,</strong></span> <span class='ocrx_word' id='word_1_410' title='bbox 370 4782 450 4838; x_wconf 88' lang='grc'>15.</span> <span class='ocrx_word' id='word_1_411' title='bbox 522 4784 567 4814; x_wconf 80' lang='grc' dir='ltr'><strong>⁵ο</strong></span> <span class='ocrx_word' id='word_1_412' title='bbox 598 4782 774 4838; x_wconf 85' lang='lat' dir='ltr'><strong>Galat.</strong></span> <span class='ocrx_word' id='word_1_413' title='bbox 809 4798 893 4847; x_wconf 85' lang='grc' dir='ltr'>ιιι,</span> <span class='ocrx_word' id='word_1_414' title='bbox 923 4781 1052 4849; x_wconf 76' lang='lat'><strong>28.;</strong></span> <span class='ocrx_word' id='word_1_415' title='bbox 1090 4784 1110 4837; x_wconf 91' lang='lat' dir='ltr'><strong>l</strong></span> <span class='ocrx_word' id='word_1_416' title='bbox 1143 4781 1270 4837; x_wconf 87' lang='lat' dir='ltr'><strong>Cor.</strong></span> <span class='ocrx_word' id='word_1_417' title='bbox 1297 4797 1386 4849; x_wconf 80' lang='lat' dir='ltr'><strong>xv,</strong></span> <span class='ocrx_word' id='word_1_418' title='bbox 1416 4781 1506 4834; x_wconf 68' lang='grc'>28.</span> 
     </span>
    </p>
   </div>
   <div class='ocr_carea' id='block_1_51' title="bbox 330 4959 1894 5037">
    <p class='ocr_par' dir='ltr' id='par_1_51' title="bbox 330 4959 1894 5037">
     <span class='ocr_line' id='line_1_51' title="bbox 330 4959 1894 5037; baseline -0.001 -19"><span class='ocrx_word' id='word_1_419' title='bbox 330 4963 431 5037; x_wconf 82' lang='grc'><strong>(98)</strong></span> <span class='ocrx_word' id='word_1_420' title='bbox 464 4964 718 5035; x_wconf 79' lang='lat' dir='ltr'><strong>Seguer.,</strong></span> <span class='ocrx_word' id='word_1_421' title='bbox 743 4962 1149 5037; x_wconf 67' lang='grc' dir='ltr'>ἐλευθεροῦντος</span> <span class='ocrx_word' id='word_1_422' title='bbox 1169 4960 1545 5037; x_wconf 74' lang='grc' dir='ltr'>ἀρκεσθέντες.</span> <span class='ocrx_word' id='word_1_423' title='bbox 1564 4959 1815 5037; x_wconf 50' lang='grc' dir='ltr'><strong>(ἱιὶὶιῐεικ2</strong></span> <span class='ocrx_word' id='word_1_424' title='bbox 1852 4961 1894 5017; x_wconf 89' lang='lat' dir='ltr'><strong>D</strong></span> 
     </span>
    </p>
   </div>
   <div class='ocr_carea' id='block_1_52' title="bbox 1936 525 3504 596">
    <p class='ocr_par' dir='ltr' id='par_1_52' title="bbox 1936 525 3504 596">
     <span class='ocr_line' id='line_1_52' title="bbox 1936 525 3504 596; baseline 0 -16"><span class='ocrx_word' id='word_1_425' title='bbox 1936 526 2158 593; x_wconf 90' lang='lat' dir='ltr'><strong>sissent,</strong></span> <span class='ocrx_word' id='word_1_426' title='bbox 2198 540 2262 582; x_wconf 88' lang='lat' dir='ltr'><strong>ac</strong></span> <span class='ocrx_word' id='word_1_427' title='bbox 2303 535 2524 596; x_wconf 87' lang='lat' dir='ltr'><strong>peccato</strong></span> <span class='ocrx_word' id='word_1_428' title='bbox 2566 526 2901 581; x_wconf 82' lang='lat' dir='ltr'><strong>serviissent.</strong></span> <span class='ocrx_word' id='word_1_429' title='bbox 2943 525 3018 580; x_wconf 84' lang='lat' dir='ltr'><strong>ita</strong></span> <span class='ocrx_word' id='word_1_430' title='bbox 3062 535 3242 582; x_wconf 89' lang='lat' dir='ltr'><strong>autem</strong></span> <span class='ocrx_word' id='word_1_431' title='bbox 3289 542 3504 596; x_wconf 78' lang='lat' dir='ltr'><strong>semper</strong></span> 
     </span>
    </p>
   </div>
   <div class='ocr_carea' id='block_1_53' title="bbox 1937 618 3503 687">
    <p class='ocr_par' dir='ltr' id='par_1_53' title="bbox 1937 618 3503 687">
     <span class='ocr_line' id='line_1_53' title="bbox 1937 618 3503 687; baseline 0.001 -17"><span class='ocrx_word' id='word_1_432' title='bbox 1937 618 2240 687; x_wconf 82' lang='lat' dir='ltr'><strong>peccando,</strong></span> <span class='ocrx_word' id='word_1_433' title='bbox 2278 633 2493 687; x_wconf 88' lang='lat' dir='ltr'><strong>semper</strong></span> <span class='ocrx_word' id='word_1_434' title='bbox 2531 619 2870 674; x_wconf 84' lang='lat' dir='ltr'><strong>condonante</strong></span> <span class='ocrx_word' id='word_1_435' title='bbox 2899 632 3039 687; x_wconf 88' lang='lat' dir='ltr'><strong>opus</strong></span> <span class='ocrx_word' id='word_1_436' title='bbox 3067 618 3405 681; x_wconf 86' lang='lat' dir='ltr'><strong>habuissent,</strong></span> <span class='ocrx_word' id='word_1_437' title='bbox 3438 635 3503 672; x_wconf 84' lang='lat' dir='ltr'><strong>ac</strong></span> 
     </span>
    </p>
   </div>
   <div class='ocr_carea' id='block_1_54' title="bbox 1936 708 3500 779">
    <p class='ocr_par' dir='ltr' id='par_1_54' title="bbox 1936 708 3500 779">
     <span class='ocr_line' id='line_1_54' title="bbox 1936 708 3500 779; baseline 0.002 -18"><span class='ocrx_word' id='word_1_438' title='bbox 1936 708 2164 777; x_wconf 86' lang='lat' dir='ltr'><strong>proinde</strong></span> <span class='ocrx_word' id='word_1_439' title='bbox 2189 725 2468 779; x_wconf 83' lang='lat' dir='ltr'><strong>nunquam</strong></span> <span class='ocrx_word' id='word_1_440' title='bbox 2505 709 2739 766; x_wconf 77' lang='lat' dir='ltr'><strong>fuissent</strong></span> <span class='ocrx_word' id='word_1_441' title='bbox 2766 709 3001 775; x_wconf 90' lang='lat' dir='ltr'><strong>liberati,</strong></span> <span class='ocrx_word' id='word_1_442' title='bbox 3033 724 3158 764; x_wconf 91' lang='lat' dir='ltr'><strong>cum</strong></span> <span class='ocrx_word' id='word_1_443' title='bbox 3188 725 3256 764; x_wconf 77' lang='lat' dir='ltr'><strong>ex</strong></span> <span class='ocrx_word' id='word_1_444' title='bbox 3297 725 3356 764; x_wconf 89' lang='lat' dir='ltr'><strong>se</strong></span> <span class='ocrx_word' id='word_1_445' title='bbox 3401 711 3500 764; x_wconf 91' lang='lat' dir='ltr'><strong>toti</strong></span> 
     </span>
    </p>
   </div>
   <div class='ocr_carea' id='block_1_55' title="bbox 1937 799 3502 871">
    <p class='ocr_par' dir='ltr' id='par_1_55' title="bbox 1937 799 3502 871">
     <span class='ocr_line' id='line_1_55' title="bbox 1937 799 3502 871; baseline 0.001 -18"><span class='ocrx_word' id='word_1_446' title='bbox 1937 799 2049 853; x_wconf 88' lang='lat' dir='ltr'><strong>sint</strong></span> <span class='ocrx_word' id='word_1_447' title='bbox 2080 801 2288 866; x_wconf 86' lang='lat' dir='ltr'><strong>carnei,</strong></span> <span class='ocrx_word' id='word_1_448' title='bbox 2327 809 2491 870; x_wconf 90' lang='lat' dir='ltr'><strong>atque</strong></span> <span class='ocrx_word' id='word_1_449' title='bbox 2521 802 2590 856; x_wconf 90' lang='lat' dir='ltr'><strong>ob</strong></span> <span class='ocrx_word' id='word_1_450' title='bbox 2608 801 2790 857; x_wconf 88' lang='lat' dir='ltr'><strong>carnis</strong></span> <span class='ocrx_word' id='word_1_451' title='bbox 2811 801 3181 856; x_wconf 78' lang='lat' dir='ltr'><strong>inﬁrmitatem</strong></span> <span class='ocrx_word' id='word_1_452' title='bbox 3216 801 3318 871; x_wconf 79' lang='lat' dir='ltr'><strong>legi</strong></span> <span class='ocrx_word' id='word_1_453' title='bbox 3354 817 3502 856; x_wconf 81' lang='lat' dir='ltr'><strong>sem-</strong></span> 
     </span>
    </p>
   </div>
   <div class='ocr_carea' id='block_1_56' title="bbox 1936 891 2448 957">
    <p class='ocr_par' dir='ltr' id='par_1_56' title="bbox 1936 891 2448 957">
     <span class='ocr_line' id='line_1_56' title="bbox 1936 891 2448 957; baseline 0.002 -14"><span class='ocrx_word' id='word_1_454' title='bbox 1936 903 2033 957; x_wconf 88' lang='lat' dir='ltr'><strong>per</strong></span> <span class='ocrx_word' id='word_1_455' title='bbox 2070 891 2448 946; x_wconf 75' lang='lat' dir='ltr'><strong>succumbant.</strong></span> 
     </span>
    </p>
   </div>
   <div class='ocr_carea' id='block_1_57' title="bbox 2006 998 3506 1067">
    <p class='ocr_par' dir='ltr' id='par_1_57' title="bbox 2006 998 3506 1067">
     <span class='ocr_line' id='line_1_57' title="bbox 2006 998 3506 1067; baseline 0.001 -13"><span class='ocrx_word' id='word_1_456' title='bbox 2006 998 2094 1054; x_wconf 85' lang='lat'><strong>69.</strong></span> <span class='ocrx_word' id='word_1_457' title='bbox 2129 999 2395 1056; x_wconf 69' lang='lat' dir='ltr'><strong>Prazterea</strong></span> <span class='ocrx_word' id='word_1_458' title='bbox 2433 1002 2478 1056; x_wconf 88' lang='lat' dir='ltr'><strong>si</strong></span> <span class='ocrx_word' id='word_1_459' title='bbox 2509 1001 2679 1058; x_wconf 91' lang='lat' dir='ltr'><strong>Filius</strong></span> <span class='ocrx_word' id='word_1_460' title='bbox 2708 1017 2794 1058; x_wconf 84' lang='lat' dir='ltr'><strong>res</strong></span> <span class='ocrx_word' id='word_1_461' title='bbox 2822 1014 3002 1058; x_wconf 87' lang='lat' dir='ltr'><strong>creata</strong></span> <span class='ocrx_word' id='word_1_462' title='bbox 3029 1012 3194 1067; x_wconf 87' lang='lat' dir='ltr'><strong>esset,</strong></span> <span class='ocrx_word' id='word_1_463' title='bbox 3223 1003 3390 1058; x_wconf 88' lang='lat' dir='ltr'><strong>homo</strong></span> <span class='ocrx_word' id='word_1_464' title='bbox 3429 1003 3506 1057; x_wconf 78' lang='lat' dir='ltr'><strong>ni-</strong></span> 
     </span>
    </p>
   </div>
   <div class='ocr_carea' id='block_1_58' title="bbox 1937 1091 3502 1166">
    <p class='ocr_par' dir='ltr' id='par_1_58' title="bbox 1937 1091 3502 1166">
     <span class='ocr_line' id='line_1_58' title="bbox 1937 1091 3502 1166; baseline 0.003 -21"><span class='ocrx_word' id='word_1_465' title='bbox 1937 1091 2236 1147; x_wconf 82' lang='lat' dir='ltr'><strong>hilominus</strong></span> <span class='ocrx_word' id='word_1_466' title='bbox 2268 1095 2514 1149; x_wconf 86' lang='lat' dir='ltr'><strong>mortalis</strong></span> <span class='ocrx_word' id='word_1_467' title='bbox 2554 1105 2880 1162; x_wconf 81' lang='lat' dir='ltr'><strong>remaneret,</strong></span> <span class='ocrx_word' id='word_1_468' title='bbox 2909 1106 3094 1166; x_wconf 87' lang='lat' dir='ltr'><strong>utpote</strong></span> <span class='ocrx_word' id='word_1_469' title='bbox 3125 1097 3348 1150; x_wconf 89' lang='lat' dir='ltr'><strong>minime</strong></span> <span class='ocrx_word' id='word_1_470' title='bbox 3376 1111 3502 1151; x_wconf 91' lang='lat' dir='ltr'><strong>eum</strong></span> 
     </span>
    </p>
   </div>
   <div class='ocr_carea' id='block_1_59' title="bbox 1935 1182 3504 1259">
    <p class='ocr_par' dir='ltr' id='par_1_59' title="bbox 1935 1182 3504 1259">
     <span class='ocr_line' id='line_1_59' title="bbox 1935 1182 3504 1259; baseline 0.004 -21"><span class='ocrx_word' id='word_1_471' title='bbox 1935 1182 2048 1239; x_wconf 86' lang='lat' dir='ltr'><strong>Deo</strong></span> <span class='ocrx_word' id='word_1_472' title='bbox 2071 1186 2375 1254; x_wconf 90' lang='lat' dir='ltr'><strong>copulatus.</strong></span> <span class='ocrx_word' id='word_1_473' title='bbox 2404 1185 2513 1242; x_wconf 86' lang='lat' dir='ltr'><strong>Nec</strong></span> <span class='ocrx_word' id='word_1_474' title='bbox 2535 1189 2680 1242; x_wconf 91' lang='lat' dir='ltr'><strong>enim</strong></span> <span class='ocrx_word' id='word_1_475' title='bbox 2712 1204 2798 1245; x_wconf 92' lang='lat' dir='ltr'><strong>res</strong></span> <span class='ocrx_word' id='word_1_476' title='bbox 2830 1190 3013 1259; x_wconf 90' lang='lat' dir='ltr'><strong>aliqua</strong></span> <span class='ocrx_word' id='word_1_477' title='bbox 3043 1199 3224 1246; x_wconf 87' lang='lat' dir='ltr'><strong>creata</strong></span> <span class='ocrx_word' id='word_1_478' title='bbox 3255 1205 3342 1244; x_wconf 89' lang='lat' dir='ltr'><strong>res</strong></span> <span class='ocrx_word' id='word_1_479' title='bbox 3367 1190 3504 1245; x_wconf 86' lang='lat' dir='ltr'><strong>alias</strong></span> 
     </span>
    </p>
   </div>
   <div class='ocr_carea' id='block_1_60' title="bbox 1933 1278 3505 1352">
    <p class='ocr_par' dir='ltr' id='par_1_60' title="bbox 1933 1278 3505 1352">
     <span class='ocr_line' id='line_1_60' title="bbox 1933 1278 3505 1352; baseline 0.001 -20"><span class='ocrx_word' id='word_1_480' title='bbox 1933 1285 2148 1332; x_wconf 84' lang='lat' dir='ltr'><strong>creatas</strong></span> <span class='ocrx_word' id='word_1_481' title='bbox 2182 1293 2307 1332; x_wconf 90' lang='lat' dir='ltr'><strong>cum</strong></span> <span class='ocrx_word' id='word_1_482' title='bbox 2344 1278 2454 1334; x_wconf 85' lang='lat' dir='ltr'><strong>Deo</strong></span> <span class='ocrx_word' id='word_1_483' title='bbox 2484 1291 2662 1350; x_wconf 86' lang='lat' dir='ltr'><strong>potest</strong></span> <span class='ocrx_word' id='word_1_484' title='bbox 2687 1282 3037 1352; x_wconf 79' lang='lat' dir='ltr'><strong>conjungere,</strong></span> <span class='ocrx_word' id='word_1_485' title='bbox 3080 1296 3205 1336; x_wconf 91' lang='lat' dir='ltr'><strong>cum</strong></span> <span class='ocrx_word' id='word_1_486' title='bbox 3231 1281 3347 1351; x_wconf 88' lang='lat' dir='ltr'><strong>ipsa</strong></span> <span class='ocrx_word' id='word_1_487' title='bbox 3372 1297 3505 1336; x_wconf 85' lang='lat' dir='ltr'><strong>con-</strong></span> 
     </span>
    </p>
   </div>
   <div class='ocr_carea' id='block_1_61' title="bbox 1929 1370 3504 1445">
    <p class='ocr_par' dir='ltr' id='par_1_61' title="bbox 1929 1370 3504 1445">
     <span class='ocr_line' id='line_1_61' title="bbox 1929 1370 3504 1445; baseline 0.003 -22"><span class='ocrx_word' id='word_1_488' title='bbox 1929 1370 2242 1440; x_wconf 81' lang='lat' dir='ltr'><strong>jungentem</strong></span> <span class='ocrx_word' id='word_1_489' title='bbox 2305 1373 2539 1442; x_wconf 81' lang='lat' dir='ltr'><strong>aliquem</strong></span> <span class='ocrx_word' id='word_1_490' title='bbox 2605 1383 2832 1444; x_wconf 67' lang='lat' dir='ltr'><strong>quaerat.</strong></span> <span class='ocrx_word' id='word_1_491' title='bbox 2896 1373 3081 1445; x_wconf 86' lang='lat' dir='ltr'><strong>Neque</strong></span> <span class='ocrx_word' id='word_1_492' title='bbox 3136 1391 3264 1445; x_wconf 87' lang='lat' dir='ltr'><strong>pars</strong></span> <span class='ocrx_word' id='word_1_493' title='bbox 3321 1375 3504 1444; x_wconf 86' lang='lat' dir='ltr'><strong>aliqua</strong></span> 
     </span>
    </p>
   </div>
   <div class='ocr_carea' id='block_1_62' title="bbox 1935 1462 3505 1538">
    <p class='ocr_par' dir='ltr' id='par_1_62' title="bbox 1935 1462 3505 1538">
     <span class='ocr_line' id='line_1_62' title="bbox 1935 1462 3505 1538; baseline 0.003 -22"><span class='ocrx_word' id='word_1_494' title='bbox 1935 1471 2128 1517; x_wconf 72' lang='lat' dir='ltr'><strong>creata:</strong></span> <span class='ocrx_word' id='word_1_495' title='bbox 2156 1470 2364 1518; x_wconf 75' lang='lat' dir='ltr'><strong>natura:</strong></span> <span class='ocrx_word' id='word_1_496' title='bbox 2387 1465 2616 1519; x_wconf 87' lang='lat' dir='ltr'><strong>salutem</strong></span> <span class='ocrx_word' id='word_1_497' title='bbox 2645 1467 2721 1520; x_wconf 93' lang='lat' dir='ltr'><strong>illi</strong></span> <span class='ocrx_word' id='word_1_498' title='bbox 2752 1462 2935 1536; x_wconf 83' lang='lat' dir='ltr'><strong>posset</strong></span> <span class='ocrx_word' id='word_1_499' title='bbox 2967 1466 3159 1521; x_wconf 79' lang='lat' dir='ltr'><strong>aliene</strong></span> <span class='ocrx_word' id='word_1_500' title='bbox 3183 1465 3344 1538; x_wconf 64' lang='grc'><strong>425</strong></span> <span class='ocrx_word' id='word_1_501' title='bbox 3377 1482 3505 1521; x_wconf 87' lang='lat' dir='ltr'><strong>eum</strong></span> 
     </span>
    </p>
   </div>
   <div class='ocr_carea' id='block_1_63' title="bbox 1933 1553 3504 1630">
    <p class='ocr_par' dir='ltr' id='par_1_63' title="bbox 1933 1553 3504 1630">
     <span class='ocr_line' id='line_1_63' title="bbox 1933 1553 3504 1630; baseline 0.004 -22"><span class='ocrx_word' id='word_1_502' title='bbox 1933 1553 2050 1624; x_wconf 88' lang='lat' dir='ltr'><strong>ipsa</strong></span> <span class='ocrx_word' id='word_1_503' title='bbox 2086 1557 2260 1610; x_wconf 85' lang='lat' dir='ltr'><strong>salute</strong></span> <span class='ocrx_word' id='word_1_504' title='bbox 2287 1571 2507 1627; x_wconf 89' lang='lat' dir='ltr'><strong>quoque</strong></span> <span class='ocrx_word' id='word_1_505' title='bbox 2551 1558 2808 1630; x_wconf 79' lang='lat' dir='ltr'><strong>indigeat.</strong></span> <span class='ocrx_word' id='word_1_506' title='bbox 2851 1559 3007 1626; x_wconf 85' lang='lat' dir='ltr'><strong>Quod</strong></span> <span class='ocrx_word' id='word_1_507' title='bbox 3053 1576 3120 1615; x_wconf 90' lang='lat' dir='ltr'><strong>ne</strong></span> <span class='ocrx_word' id='word_1_508' title='bbox 3155 1559 3325 1626; x_wconf 82' lang='lat' dir='ltr'><strong>ﬁeret,</strong></span> <span class='ocrx_word' id='word_1_509' title='bbox 3359 1559 3504 1615; x_wconf 85' lang='lat' dir='ltr'><strong>Deus</strong></span> 
     </span>
    </p>
   </div>
   <div class='ocr_carea' id='block_1_64' title="bbox 1933 1643 3506 1722">
    <p class='ocr_par' dir='ltr' id='par_1_64' title="bbox 1933 1643 3506 1722">
     <span class='ocr_line' id='line_1_64' title="bbox 1933 1643 3506 1722; baseline 0.004 -22"><span class='ocrx_word' id='word_1_510' title='bbox 1933 1646 2020 1700; x_wconf 89' lang='lat' dir='ltr'><strong>sui</strong></span> <span class='ocrx_word' id='word_1_511' title='bbox 2050 1646 2222 1716; x_wconf 89' lang='lat' dir='ltr'><strong>ipsius</strong></span> <span class='ocrx_word' id='word_1_512' title='bbox 2252 1647 2450 1702; x_wconf 85' lang='lat' dir='ltr'><strong>Filium</strong></span> <span class='ocrx_word' id='word_1_513' title='bbox 2476 1649 2646 1717; x_wconf 86' lang='lat' dir='ltr'><strong>misit,</strong></span> <span class='ocrx_word' id='word_1_514' title='bbox 2681 1651 2775 1720; x_wconf 93' lang='lat' dir='ltr'><strong>qui</strong></span> <span class='ocrx_word' id='word_1_515' title='bbox 2817 1663 2997 1707; x_wconf 88' lang='lat' dir='ltr'><strong>creata</strong></span> <span class='ocrx_word' id='word_1_516' title='bbox 3025 1643 3190 1707; x_wconf 70' lang='lat' dir='ltr'><strong>carne</strong></span> <span class='ocrx_word' id='word_1_517' title='bbox 3223 1661 3506 1722; x_wconf 86' lang='lat' dir='ltr'><strong>assumpta</strong></span> 
     </span>
    </p>
   </div>
   <div class='ocr_carea' id='block_1_65' title="bbox 1933 1735 3505 1814">
    <p class='ocr_par' dir='ltr' id='par_1_65' title="bbox 1933 1735 3505 1814">
     <span class='ocr_line' id='line_1_65' title="bbox 1933 1735 3505 1814; baseline 0.004 -21"><span class='ocrx_word' id='word_1_518' title='bbox 1933 1735 2111 1794; x_wconf 80' lang='lat' dir='ltr'><strong>factus</strong></span> <span class='ocrx_word' id='word_1_519' title='bbox 2158 1749 2241 1795; x_wconf 91' lang='lat' dir='ltr'><strong>est</strong></span> <span class='ocrx_word' id='word_1_520' title='bbox 2294 1740 2438 1796; x_wconf 84' lang='lat' dir='ltr'><strong>ﬁlius</strong></span> <span class='ocrx_word' id='word_1_521' title='bbox 2475 1741 2731 1808; x_wconf 85' lang='lat' dir='ltr'><strong>hominis,</strong></span> <span class='ocrx_word' id='word_1_522' title='bbox 2774 1752 2834 1799; x_wconf 90' lang='lat' dir='ltr'><strong>ut</strong></span> <span class='ocrx_word' id='word_1_523' title='bbox 2881 1745 3142 1814; x_wconf 89' lang='lat' dir='ltr'><strong>quoniam</strong></span> <span class='ocrx_word' id='word_1_524' title='bbox 3189 1760 3382 1800; x_wconf 90' lang='lat' dir='ltr'><strong>omnes</strong></span> <span class='ocrx_word' id='word_1_525' title='bbox 3426 1746 3505 1800; x_wconf 91' lang='lat' dir='ltr'><strong>rei</strong></span> 
     </span>
    </p>
   </div>
   <div class='ocr_carea' id='block_1_66' title="bbox 1928 1830 3505 1904">
    <p class='ocr_par' dir='ltr' id='par_1_66' title="bbox 1928 1830 3505 1904">
     <span class='ocr_line' id='line_1_66' title="bbox 1928 1830 3505 1904; baseline 0.002 -21"><span class='ocrx_word' id='word_1_526' title='bbox 1928 1837 2118 1883; x_wconf 88' lang='lat' dir='ltr'><strong>essent</strong></span> <span class='ocrx_word' id='word_1_527' title='bbox 2149 1830 2363 1899; x_wconf 90' lang='lat' dir='ltr'><strong>mortis,</strong></span> <span class='ocrx_word' id='word_1_528' title='bbox 2397 1831 2487 1886; x_wconf 89' lang='lat' dir='ltr'><strong>ille</strong></span> <span class='ocrx_word' id='word_1_529' title='bbox 2516 1833 2607 1902; x_wconf 88' lang='lat' dir='ltr'><strong>qui</strong></span> <span class='ocrx_word' id='word_1_530' title='bbox 2642 1833 2781 1888; x_wconf 89' lang='lat' dir='ltr'><strong>alius</strong></span> <span class='ocrx_word' id='word_1_531' title='bbox 2808 1843 2895 1888; x_wconf 86' lang='lat' dir='ltr'><strong>est</strong></span> <span class='ocrx_word' id='word_1_532' title='bbox 2941 1835 3010 1888; x_wconf 90' lang='lat' dir='ltr'><strong>ab</strong></span> <span class='ocrx_word' id='word_1_533' title='bbox 3051 1835 3330 1899; x_wconf 90' lang='lat' dir='ltr'><strong>omnibus,</strong></span> <span class='ocrx_word' id='word_1_534' title='bbox 3376 1849 3505 1904; x_wconf 87' lang='lat' dir='ltr'><strong>pro-</strong></span> 
     </span>
    </p>
   </div>
   <div class='ocr_carea' id='block_1_67' title="bbox 1928 1921 3504 1997">
    <p class='ocr_par' dir='ltr' id='par_1_67' title="bbox 1928 1921 3504 1997">
     <span class='ocr_line' id='line_1_67' title="bbox 1928 1921 3504 1997; baseline 0.004 -24"><span class='ocrx_word' id='word_1_535' title='bbox 1928 1921 2106 1991; x_wconf 85' lang='lat' dir='ltr'><strong>prium</strong></span> <span class='ocrx_word' id='word_1_536' title='bbox 2139 1937 2339 1992; x_wconf 85' lang='lat' dir='ltr'><strong>corpus</strong></span> <span class='ocrx_word' id='word_1_537' title='bbox 2367 1939 2464 1993; x_wconf 92' lang='lat' dir='ltr'><strong>pro</strong></span> <span class='ocrx_word' id='word_1_538' title='bbox 2491 1926 2745 1980; x_wconf 87' lang='lat' dir='ltr'><strong>omnibus</strong></span> <span class='ocrx_word' id='word_1_539' title='bbox 2779 1928 2939 1980; x_wconf 87' lang='lat' dir='ltr'><strong>morti</strong></span> <span class='ocrx_word' id='word_1_540' title='bbox 2969 1927 3208 1992; x_wconf 70' lang='lat' dir='ltr'><strong>oﬂ‘erret,</strong></span> <span class='ocrx_word' id='word_1_541' title='bbox 3239 1938 3402 1997; x_wconf 89' lang='lat' dir='ltr'><strong>atque</strong></span> <span class='ocrx_word' id='word_1_542' title='bbox 3430 1927 3504 1980; x_wconf 88' lang='lat' dir='ltr'><strong>ita</strong></span> 
     </span>
    </p>
   </div>
   <div class='ocr_carea' id='block_1_68' title="bbox 1928 2014 3506 2088">
    <p class='ocr_par' dir='ltr' id='par_1_68' title="bbox 1928 2014 3506 2088">
     <span class='ocr_line' id='line_1_68' title="bbox 1928 2014 3506 2088; baseline 0.006 -21"><span class='ocrx_word' id='word_1_543' title='bbox 1928 2014 2190 2070; x_wconf 87' lang='lat' dir='ltr'><strong>omnibus</strong></span> <span class='ocrx_word' id='word_1_544' title='bbox 2222 2016 2390 2070; x_wconf 87' lang='lat' dir='ltr'><strong>veluti</strong></span> <span class='ocrx_word' id='word_1_545' title='bbox 2415 2032 2510 2086; x_wconf 89' lang='lat' dir='ltr'><strong>per</strong></span> <span class='ocrx_word' id='word_1_546' title='bbox 2539 2017 2719 2088; x_wconf 88' lang='lat' dir='ltr'><strong>ipsum</strong></span> <span class='ocrx_word' id='word_1_547' title='bbox 2750 2021 3007 2085; x_wconf 88' lang='lat' dir='ltr'><strong>mortuis,</strong></span> <span class='ocrx_word' id='word_1_548' title='bbox 3041 2029 3094 2074; x_wconf 91' lang='lat' dir='ltr'><strong>ct</strong></span> <span class='ocrx_word' id='word_1_549' title='bbox 3123 2021 3388 2076; x_wconf 87' lang='lat' dir='ltr'><strong>sententia</strong></span> <span class='ocrx_word' id='word_1_550' title='bbox 3409 2022 3506 2076; x_wconf 87' lang='lat' dir='ltr'><strong>ad-</strong></span> 
     </span>
    </p>
   </div>
   <div class='ocr_carea' id='block_1_69' title="bbox 1929 2111 3504 2183">
    <p class='ocr_par' dir='ltr' id='par_1_69' title="bbox 1929 2111 3504 2183">
     <span class='ocr_line' id='line_1_69' title="bbox 1929 2111 3504 2183; baseline 0.004 -22"><span class='ocrx_word' id='word_1_551' title='bbox 1929 2122 2148 2162; x_wconf 79' lang='lat' dir='ltr'><strong>versum</strong></span> <span class='ocrx_word' id='word_1_552' title='bbox 2214 2125 2316 2165; x_wconf 87' lang='lat' dir='ltr'><strong>nos</strong></span> <span class='ocrx_word' id='word_1_553' title='bbox 2363 2111 2470 2166; x_wconf 87' lang='lat' dir='ltr'><strong>lata</strong></span> <span class='ocrx_word' id='word_1_554' title='bbox 2519 2113 2887 2182; x_wconf 87' lang='lat' dir='ltr'><strong>compleretur</strong></span> <span class='ocrx_word' id='word_1_555' title='bbox 2945 2114 3176 2183; x_wconf 90' lang='lat' dir='ltr'><strong>(omnes</strong></span> <span class='ocrx_word' id='word_1_556' title='bbox 3235 2114 3378 2168; x_wconf 91' lang='lat' dir='ltr'><strong>enim</strong></span> <span class='ocrx_word' id='word_1_557' title='bbox 3447 2113 3504 2168; x_wconf 91' lang='lat' dir='ltr'><strong>in</strong></span> 
     </span>
    </p>
   </div>
   <div class='ocr_carea' id='block_1_70' title="bbox 1929 2199 3506 2275">
    <p class='ocr_par' dir='ltr' id='par_1_70' title="bbox 1929 2199 3506 2275">
     <span class='ocr_line' id='line_1_70' title="bbox 1929 2199 3506 2275; baseline 0.002 -19"><span class='ocrx_word' id='word_1_558' title='bbox 1929 2199 2146 2256; x_wconf 87' lang='lat' dir='ltr'><strong>Christo</strong></span> <span class='ocrx_word' id='word_1_559' title='bbox 2177 2203 2378 2257; x_wconf 91' lang='lat' dir='ltr'><strong>mortui</strong></span> <span class='ocrx_word' id='word_1_560' title='bbox 2409 2206 2587 2273; x_wconf 88' lang='lat' dir='ltr'><strong>sunt),</strong></span> <span class='ocrx_word' id='word_1_561' title='bbox 2628 2214 2680 2260; x_wconf 90' lang='lat' dir='ltr'><strong>et</strong></span> <span class='ocrx_word' id='word_1_562' title='bbox 2710 2220 2900 2260; x_wconf 90' lang='lat' dir='ltr'><strong>omnes</strong></span> <span class='ocrx_word' id='word_1_563' title='bbox 2935 2205 3190 2275; x_wconf 88' lang='lat' dir='ltr'><strong>deinceps</strong></span> <span class='ocrx_word' id='word_1_564' title='bbox 3224 2220 3254 2259; x_wconf 91' lang='lat' dir='ltr'><strong>a</strong></span> <span class='ocrx_word' id='word_1_565' title='bbox 3281 2214 3506 2275; x_wconf 88' lang='lat' dir='ltr'><strong>peccato</strong></span> 
     </span>
    </p>
   </div>
   <div class='ocr_carea' id='block_1_71' title="bbox 1927 2289 3506 2365">
    <p class='ocr_par' dir='ltr' id='par_1_71' title="bbox 1927 2289 3506 2365">
     <span class='ocr_line' id='line_1_71' title="bbox 1927 2289 3506 2365; baseline 0.007 -24"><span class='ocrx_word' id='word_1_566' title='bbox 1927 2297 1982 2342; x_wconf 89' lang='lat' dir='ltr'><strong>et</strong></span> <span class='ocrx_word' id='word_1_567' title='bbox 2019 2289 2419 2357; x_wconf 89' lang='lat' dir='ltr'><strong>maledictione,</strong></span> <span class='ocrx_word' id='word_1_568' title='bbox 2455 2307 2576 2362; x_wconf 72' lang='lat' dir='ltr'><strong>quae</strong></span> <span class='ocrx_word' id='word_1_569' title='bbox 2603 2310 2669 2348; x_wconf 75' lang='lat' dir='ltr'><strong>ex</strong></span> <span class='ocrx_word' id='word_1_570' title='bbox 2705 2309 2772 2348; x_wconf 89' lang='lat' dir='ltr'><strong>eo</strong></span> <span class='ocrx_word' id='word_1_571' title='bbox 2802 2305 2987 2350; x_wconf 90' lang='lat' dir='ltr'><strong>secuta</strong></span> <span class='ocrx_word' id='word_1_572' title='bbox 3032 2304 3135 2361; x_wconf 90' lang='lat' dir='ltr'><strong>est,</strong></span> <span class='ocrx_word' id='word_1_573' title='bbox 3180 2310 3275 2365; x_wconf 89' lang='lat' dir='ltr'><strong>per</strong></span> <span class='ocrx_word' id='word_1_574' title='bbox 3324 2295 3506 2365; x_wconf 87' lang='lat' dir='ltr'><strong>ipsum</strong></span> 
     </span>
    </p>
   </div>
   <div class='ocr_carea' id='block_1_72' title="bbox 1929 2381 3504 2456">
    <p class='ocr_par' dir='ltr' id='par_1_72' title="bbox 1929 2381 3504 2456">
     <span class='ocr_line' id='line_1_72' title="bbox 1929 2381 3504 2456; baseline 0.006 -23"><span class='ocrx_word' id='word_1_575' title='bbox 1929 2381 2123 2435; x_wconf 79' lang='lat' dir='ltr'><strong>tierent</strong></span> <span class='ocrx_word' id='word_1_576' title='bbox 2158 2381 2334 2447; x_wconf 86' lang='lat' dir='ltr'><strong>liberi,</strong></span> <span class='ocrx_word' id='word_1_577' title='bbox 2372 2399 2605 2454; x_wconf 86' lang='lat' dir='ltr'><strong>vereque</strong></span> <span class='ocrx_word' id='word_1_578' title='bbox 2631 2385 2690 2439; x_wconf 90' lang='lat' dir='ltr'><strong>in</strong></span> <span class='ocrx_word' id='word_1_579' title='bbox 2728 2394 3052 2455; x_wconf 89' lang='lat' dir='ltr'><strong>perpetuum</strong></span> <span class='ocrx_word' id='word_1_580' title='bbox 3097 2398 3504 2456; x_wconf 87' lang='lat' dir='ltr'><strong>permanerent,</strong></span> 
     </span>
    </p>
   </div>
   <div class='ocr_carea' id='block_1_73' title="bbox 1929 2471 3510 2549">
    <p class='ocr_par' dir='ltr' id='par_1_73' title="bbox 1929 2471 3510 2549">
     <span class='ocr_line' id='line_1_73' title="bbox 1929 2471 3510 2549; baseline 0.006 -24"><span class='ocrx_word' id='word_1_581' title='bbox 1929 2471 2343 2530; x_wconf 87' lang='lat' dir='ltr'><strong>immortalitate</strong></span> <span class='ocrx_word' id='word_1_582' title='bbox 2391 2484 2446 2530; x_wconf 91' lang='lat' dir='ltr'><strong>et</strong></span> <span class='ocrx_word' id='word_1_583' title='bbox 2471 2477 2898 2547; x_wconf 88' lang='lat' dir='ltr'><strong>incorruptione,</strong></span> <span class='ocrx_word' id='word_1_584' title='bbox 2936 2489 3227 2549; x_wconf 89' lang='lat' dir='ltr'><strong>postquam</strong></span> <span class='ocrx_word' id='word_1_585' title='bbox 3260 2495 3510 2535; x_wconf 82' lang='lat' dir='ltr'><strong>resurre-</strong></span> 
     </span>
    </p>
   </div>
   <div class='ocr_carea' id='block_1_74' title="bbox 1928 2565 3508 2640">
    <p class='ocr_par' dir='ltr' id='par_1_74' title="bbox 1928 2565 3508 2640">
     <span class='ocr_line' id='line_1_74' title="bbox 1928 2565 3508 2640; baseline 0.006 -22"><span class='ocrx_word' id='word_1_586' title='bbox 1928 2565 2157 2630; x_wconf 82' lang='lat' dir='ltr'><strong>xissent,</strong></span> <span class='ocrx_word' id='word_1_587' title='bbox 2186 2567 2383 2622; x_wconf 91' lang='lat' dir='ltr'><strong>induti.</strong></span> <span class='ocrx_word' id='word_1_588' title='bbox 2416 2566 2662 2639; x_wconf 88' lang='lat' dir='ltr'><strong>Namque</strong></span> <span class='ocrx_word' id='word_1_589' title='bbox 2693 2579 2981 2640; x_wconf 86' lang='lat' dir='ltr'><strong>postquam</strong></span> <span class='ocrx_word' id='word_1_590' title='bbox 3016 2572 3252 2627; x_wconf 84' lang='lat' dir='ltr'><strong>Verbum</strong></span> <span class='ocrx_word' id='word_1_591' title='bbox 3283 2588 3508 2627; x_wconf 89' lang='lat' dir='ltr'><strong>carnem</strong></span> 
     </span>
    </p>
   </div>
   <div class='ocr_carea' id='block_1_75' title="bbox 1928 2658 3508 2733">
    <p class='ocr_par' dir='ltr' id='par_1_75' title="bbox 1928 2658 3508 2733">
     <span class='ocr_line' id='line_1_75' title="bbox 1928 2658 3508 2733; baseline 0.004 -21"><span class='ocrx_word' id='word_1_592' title='bbox 1928 2658 2126 2725; x_wconf 83' lang='lat' dir='ltr'><strong>induit,</strong></span> <span class='ocrx_word' id='word_1_593' title='bbox 2157 2667 2216 2714; x_wconf 85' lang='lat' dir='ltr'><strong>ut</strong></span> <span class='ocrx_word' id='word_1_594' title='bbox 2237 2675 2380 2731; x_wconf 63' lang='lat' dir='ltr'><strong>saepe</strong></span> <span class='ocrx_word' id='word_1_595' title='bbox 2408 2659 2615 2716; x_wconf 91' lang='lat' dir='ltr'><strong>dictum</strong></span> <span class='ocrx_word' id='word_1_596' title='bbox 2643 2670 2746 2727; x_wconf 91' lang='lat' dir='ltr'><strong>est,</strong></span> <span class='ocrx_word' id='word_1_597' title='bbox 2777 2663 2847 2716; x_wconf 87' lang='lat' dir='ltr'><strong>ab</strong></span> <span class='ocrx_word' id='word_1_598' title='bbox 2865 2679 2927 2716; x_wconf 90' lang='lat' dir='ltr'><strong>ea</strong></span> <span class='ocrx_word' id='word_1_599' title='bbox 2959 2664 3262 2718; x_wconf 74' lang='lat' dir='ltr'><strong>exstincuus</strong></span> <span class='ocrx_word' id='word_1_600' title='bbox 3292 2665 3508 2733; x_wconf 88' lang='lat' dir='ltr'><strong>penitus</strong></span> 
     </span>
    </p>
   </div>
   <div class='ocr_carea' id='block_1_76' title="bbox 1927 2753 3510 2824">
    <p class='ocr_par' dir='ltr' id='par_1_76' title="bbox 1927 2753 3510 2824">
     <span class='ocr_line' id='line_1_76' title="bbox 1927 2753 3510 2824; baseline 0.003 -18"><span class='ocrx_word' id='word_1_601' title='bbox 1927 2762 2012 2806; x_wconf 89' lang='lat' dir='ltr'><strong>est</strong></span> <span class='ocrx_word' id='word_1_602' title='bbox 2035 2753 2303 2821; x_wconf 88' lang='lat' dir='ltr'><strong>serpentis</strong></span> <span class='ocrx_word' id='word_1_603' title='bbox 2338 2767 2578 2816; x_wconf 90' lang='lat' dir='ltr'><strong>morsus,</strong></span> <span class='ocrx_word' id='word_1_604' title='bbox 2608 2764 2668 2808; x_wconf 86' lang='lat' dir='ltr'><strong>et</strong></span> <span class='ocrx_word' id='word_1_605' title='bbox 2697 2753 2963 2824; x_wconf 90' lang='lat' dir='ltr'><strong>quidquid</strong></span> <span class='ocrx_word' id='word_1_606' title='bbox 3000 2755 3126 2808; x_wconf 92' lang='lat' dir='ltr'><strong>mali</strong></span> <span class='ocrx_word' id='word_1_607' title='bbox 3158 2755 3510 2810; x_wconf 74' lang='lat' dir='ltr'><strong>cxoriebatur</strong></span> 
     </span>
    </p>
   </div>
   <div class='ocr_carea' id='block_1_77' title="bbox 1925 2844 3510 2915">
    <p class='ocr_par' dir='ltr' id='par_1_77' title="bbox 1925 2844 3510 2915">
     <span class='ocr_line' id='line_1_77' title="bbox 1925 2844 3510 2915; baseline 0.001 -15"><span class='ocrx_word' id='word_1_608' title='bbox 1925 2859 1992 2900; x_wconf 83' lang='lat' dir='ltr'><strong>ex</strong></span> <span class='ocrx_word' id='word_1_609' title='bbox 2025 2844 2210 2899; x_wconf 89' lang='lat' dir='ltr'><strong>carnis</strong></span> <span class='ocrx_word' id='word_1_610' title='bbox 2251 2845 2510 2910; x_wconf 87' lang='lat' dir='ltr'><strong>motibus,</strong></span> <span class='ocrx_word' id='word_1_611' title='bbox 2547 2845 2837 2915; x_wconf 67' lang='lat' dir='ltr'><strong>praecisum</strong></span> <span class='ocrx_word' id='word_1_612' title='bbox 2867 2846 3090 2900; x_wconf 90' lang='lat' dir='ltr'><strong>omnino</strong></span> <span class='ocrx_word' id='word_1_613' title='bbox 3125 2856 3227 2912; x_wconf 90' lang='lat' dir='ltr'><strong>est,</strong></span> <span class='ocrx_word' id='word_1_614' title='bbox 3255 2863 3323 2902; x_wconf 91' lang='lat' dir='ltr'><strong>ac</strong></span> <span class='ocrx_word' id='word_1_615' title='bbox 3351 2847 3510 2902; x_wconf 90' lang='lat' dir='ltr'><strong>deni-</strong></span> 
     </span>
    </p>
   </div>
   <div class='ocr_carea' id='block_1_78' title="bbox 1925 2937 3508 3010">
    <p class='ocr_par' dir='ltr' id='par_1_78' title="bbox 1925 2937 3508 3010">
     <span class='ocr_line' id='line_1_78' title="bbox 1925 2937 3508 3010; baseline 0.002 -19"><span class='ocrx_word' id='word_1_616' title='bbox 1925 2952 2031 3008; x_wconf 78' lang='lat' dir='ltr'><strong>que</strong></span> <span class='ocrx_word' id='word_1_617' title='bbox 2058 2937 2175 3008; x_wconf 91' lang='lat' dir='ltr'><strong>ipsa</strong></span> <span class='ocrx_word' id='word_1_618' title='bbox 2206 2953 2354 2993; x_wconf 89' lang='lat' dir='ltr'><strong>mors</strong></span> <span class='ocrx_word' id='word_1_619' title='bbox 2386 2937 2593 3008; x_wconf 89' lang='lat' dir='ltr'><strong>peccati</strong></span> <span class='ocrx_word' id='word_1_620' title='bbox 2621 2954 2808 2996; x_wconf 88' lang='lat' dir='ltr'><strong>comes</strong></span> <span class='ocrx_word' id='word_1_621' title='bbox 2834 2940 2936 2995; x_wconf 81' lang='lat' dir='ltr'><strong>fuit</strong></span> <span class='ocrx_word' id='word_1_622' title='bbox 2965 2940 3128 2995; x_wconf 90' lang='lat' dir='ltr'><strong>simul</strong></span> <span class='ocrx_word' id='word_1_623' title='bbox 3163 2941 3508 3010; x_wconf 80' lang='lat' dir='ltr'><strong>interempta,</strong></span> 
     </span>
    </p>
   </div>
   <div class='ocr_carea' id='block_1_79' title="bbox 1925 3026 3509 3099">
    <p class='ocr_par' dir='ltr' id='par_1_79' title="bbox 1925 3026 3509 3099">
     <span class='ocr_line' id='line_1_79' title="bbox 1925 3026 3509 3099; baseline 0.001 -17"><span class='ocrx_word' id='word_1_624' title='bbox 1925 3036 1986 3082; x_wconf 89' lang='lat' dir='ltr'><strong>ut</strong></span> <span class='ocrx_word' id='word_1_625' title='bbox 2010 3028 2125 3096; x_wconf 90' lang='lat' dir='ltr'><strong>ipse</strong></span> <span class='ocrx_word' id='word_1_626' title='bbox 2160 3026 2422 3084; x_wconf 90' lang='lat' dir='ltr'><strong>Dominus</strong></span> <span class='ocrx_word' id='word_1_627' title='bbox 2460 3029 2773 3099; x_wconf 90' lang='lat' dir='ltr'><strong>hujusmodi</strong></span> <span class='ocrx_word' id='word_1_628' title='bbox 2815 3031 2998 3086; x_wconf 81' lang='lat' dir='ltr'><strong>verbis</strong></span> <span class='ocrx_word' id='word_1_629' title='bbox 3035 3031 3310 3087; x_wconf 89' lang='lat' dir='ltr'><strong>declarat:</strong></span> <span class='ocrx_word' id='word_1_630' title='bbox 3355 3029 3509 3084; x_wconf 83' lang='lat' dir='ltr'><strong>Venit</strong></span> 
     </span>
    </p>
   </div>
   <div class='ocr_carea' id='block_1_80' title="bbox 1925 3121 3510 3191">
    <p class='ocr_par' dir='ltr' id='par_1_80' title="bbox 1925 3121 3510 3191">
     <span class='ocr_line' id='line_1_80' title="bbox 1925 3121 3510 3191; baseline 0.005 -19"><span class='ocrx_word' id='word_1_631' title='bbox 1925 3122 2162 3190; x_wconf 78' lang='lat' dir='ltr'><strong>princeps</strong></span> <span class='ocrx_word' id='word_1_632' title='bbox 2182 3121 2337 3191; x_wconf 77' lang='lat' dir='ltr'><strong>hujus</strong></span> <span class='ocrx_word' id='word_1_633' title='bbox 2371 3122 2576 3188; x_wconf 84' lang='lat' dir='ltr'><strong>mundi,</strong></span> <span class='ocrx_word' id='word_1_634' title='bbox 2599 3135 2648 3177; x_wconf 86' lang='lat' dir='ltr'><strong>et</strong></span> <span class='ocrx_word' id='word_1_635' title='bbox 2669 3124 2802 3177; x_wconf 84' lang='lat' dir='ltr'><strong>nihil</strong></span> <span class='ocrx_word' id='word_1_636' title='bbox 2827 3125 2881 3178; x_wconf 89' lang='lat' dir='ltr'><strong>in</strong></span> <span class='ocrx_word' id='word_1_637' title='bbox 2911 3141 2990 3179; x_wconf 89' lang='lat' dir='ltr'><strong>me</strong></span> <span class='ocrx_word' id='word_1_638' title='bbox 3016 3127 3211 3180; x_wconf 81' lang='lat' dir='ltr'><strong>invenit</strong></span> <span class='ocrx_word' id='word_1_639' title='bbox 3235 3125 3302 3180; x_wconf 77' lang='lat'><strong>“.</strong></span> <span class='ocrx_word' id='word_1_640' title='bbox 3325 3126 3418 3180; x_wconf 89' lang='lat' dir='ltr'><strong>Et:</strong></span> <span class='ocrx_word' id='word_1_641' title='bbox 3441 3121 3510 3180; x_wconf 77' lang='lat' dir='ltr'><strong>In</strong></span> 
     </span>
    </p>
   </div>
   <div class='ocr_carea' id='block_1_81' title="bbox 1926 3213 3511 3287">
    <p class='ocr_par' dir='ltr' id='par_1_81' title="bbox 1926 3213 3511 3287">
     <span class='ocr_line' id='line_1_81' title="bbox 1926 3213 3511 3287; baseline 0.003 -21"><span class='ocrx_word' id='word_1_642' title='bbox 1926 3213 2022 3267; x_wconf 82' lang='lat' dir='ltr'><strong>hoc</strong></span> <span class='ocrx_word' id='word_1_643' title='bbox 2054 3217 2196 3268; x_wconf 88' lang='lat' dir='ltr'><strong>enim</strong></span> <span class='ocrx_word' id='word_1_644' title='bbox 2226 3217 2497 3284; x_wconf 76' lang='lat' dir='ltr'><strong>apparuit,</strong></span> <span class='ocrx_word' id='word_1_645' title='bbox 2530 3217 2608 3271; x_wconf 90' lang='lat' dir='ltr'><strong>uti</strong></span> <span class='ocrx_word' id='word_1_646' title='bbox 2630 3215 3130 3287; x_wconf 79' lang='lat' dir='ltr'><strong>scripsitJoannes,</strong></span> <span class='ocrx_word' id='word_1_647' title='bbox 3170 3228 3224 3271; x_wconf 84' lang='lat' dir='ltr'><strong>ut</strong></span> <span class='ocrx_word' id='word_1_648' title='bbox 3253 3217 3511 3272; x_wconf 77' lang='lat' dir='ltr'><strong>dissolvat</strong></span> 
     </span>
    </p>
   </div>
   <div class='ocr_carea' id='block_1_82' title="bbox 1928 3307 3509 3378">
    <p class='ocr_par' dir='ltr' id='par_1_82' title="bbox 1928 3307 3509 3378">
     <span class='ocr_line' id='line_1_82' title="bbox 1928 3307 3509 3378; baseline 0.003 -17"><span class='ocrx_word' id='word_1_649' title='bbox 1928 3323 2084 3375; x_wconf 83' lang='lat' dir='ltr'><strong>opera</strong></span> <span class='ocrx_word' id='word_1_650' title='bbox 2111 3307 2315 3362; x_wconf 86' lang='lat' dir='ltr'><strong>diaboli</strong></span> <span class='ocrx_word' id='word_1_651' title='bbox 2334 3308 2403 3364; x_wconf 75' lang='lat'><strong>&quot;.</strong></span> <span class='ocrx_word' id='word_1_652' title='bbox 2432 3307 2528 3363; x_wconf 87' lang='lat' dir='ltr'><strong>His</strong></span> <span class='ocrx_word' id='word_1_653' title='bbox 2562 3320 2747 3364; x_wconf 88' lang='lat' dir='ltr'><strong>autem</strong></span> <span class='ocrx_word' id='word_1_654' title='bbox 2779 3325 2944 3366; x_wconf 90' lang='lat' dir='ltr'><strong>carne</strong></span> <span class='ocrx_word' id='word_1_655' title='bbox 2984 3310 3285 3378; x_wconf 90' lang='lat' dir='ltr'><strong>dissolutis,</strong></span> <span class='ocrx_word' id='word_1_656' title='bbox 3317 3325 3509 3366; x_wconf 88' lang='lat' dir='ltr'><strong>omnes</strong></span> 
     </span>
    </p>
   </div>
   <div class='ocr_carea' id='block_1_83' title="bbox 1927 3400 3506 3472">
    <p class='ocr_par' dir='ltr' id='par_1_83' title="bbox 1927 3400 3506 3472">
     <span class='ocr_line' id='line_1_83' title="bbox 1927 3400 3506 3472; baseline 0.003 -18"><span class='ocrx_word' id='word_1_657' title='bbox 1927 3409 2146 3470; x_wconf 88' lang='lat' dir='ltr'><strong>propter</strong></span> <span class='ocrx_word' id='word_1_658' title='bbox 2172 3400 2354 3456; x_wconf 83' lang='lat' dir='ltr'><strong>carnis</strong></span> <span class='ocrx_word' id='word_1_659' title='bbox 2375 3403 2758 3470; x_wconf 83' lang='lat' dir='ltr'><strong>cognationem</strong></span> <span class='ocrx_word' id='word_1_660' title='bbox 2788 3402 3003 3457; x_wconf 82' lang='lat' dir='ltr'><strong>liberati</strong></span> <span class='ocrx_word' id='word_1_661' title='bbox 3031 3419 3246 3469; x_wconf 90' lang='lat' dir='ltr'><strong>sumus,</strong></span> <span class='ocrx_word' id='word_1_662' title='bbox 3275 3403 3506 3472; x_wconf 85' lang='lat' dir='ltr'><strong>jamque</strong></span> 
     </span>
    </p>
   </div>
   <div class='ocr_carea' id='block_1_84' title="bbox 1927 3490 3511 3563">
    <p class='ocr_par' dir='ltr' id='par_1_84' title="bbox 1927 3490 3511 3563">
     <span class='ocr_line' id='line_1_84' title="bbox 1927 3490 3511 3563; baseline 0.001 -17"><span class='ocrx_word' id='word_1_663' title='bbox 1927 3506 2031 3546; x_wconf 84' lang='lat' dir='ltr'><strong>nos</strong></span> <span class='ocrx_word' id='word_1_664' title='bbox 2057 3491 2220 3546; x_wconf 89' lang='lat' dir='ltr'><strong>etiam</strong></span> <span class='ocrx_word' id='word_1_665' title='bbox 2245 3507 2371 3547; x_wconf 90' lang='lat' dir='ltr'><strong>cum</strong></span> <span class='ocrx_word' id='word_1_666' title='bbox 2408 3490 2590 3548; x_wconf 82' lang='lat' dir='ltr'><strong>Verbo</strong></span> <span class='ocrx_word' id='word_1_667' title='bbox 2629 3493 2867 3563; x_wconf 90' lang='lat' dir='ltr'><strong>copulati</strong></span> <span class='ocrx_word' id='word_1_668' title='bbox 2902 3493 3130 3550; x_wconf 79' lang='lat' dir='ltr'><strong>fuimus.</strong></span> <span class='ocrx_word' id='word_1_669' title='bbox 3180 3492 3351 3548; x_wconf 88' lang='lat' dir='ltr'><strong>Porro</strong></span> <span class='ocrx_word' id='word_1_670' title='bbox 3385 3510 3511 3550; x_wconf 91' lang='lat' dir='ltr'><strong>eum</strong></span> 
     </span>
    </p>
   </div>
   <div class='ocr_carea' id='block_1_85' title="bbox 1927 3581 3506 3656">
    <p class='ocr_par' dir='ltr' id='par_1_85' title="bbox 1927 3581 3506 3656">
     <span class='ocr_line' id='line_1_85' title="bbox 1927 3581 3506 3656; baseline 0.003 -20"><span class='ocrx_word' id='word_1_671' title='bbox 1927 3581 2040 3639; x_wconf 89' lang='lat' dir='ltr'><strong>Deo</strong></span> <span class='ocrx_word' id='word_1_672' title='bbox 2065 3584 2366 3652; x_wconf 78' lang='lat' dir='ltr'><strong>conjuncti,</strong></span> <span class='ocrx_word' id='word_1_673' title='bbox 2400 3601 2508 3640; x_wconf 90' lang='lat' dir='ltr'><strong>non</strong></span> <span class='ocrx_word' id='word_1_674' title='bbox 2541 3587 2778 3656; x_wconf 90' lang='lat' dir='ltr'><strong>amplius</strong></span> <span class='ocrx_word' id='word_1_675' title='bbox 2809 3587 2862 3640; x_wconf 90' lang='lat' dir='ltr'><strong>in</strong></span> <span class='ocrx_word' id='word_1_676' title='bbox 2901 3596 3044 3642; x_wconf 88' lang='lat' dir='ltr'><strong>terra</strong></span> <span class='ocrx_word' id='word_1_677' title='bbox 3073 3587 3506 3650; x_wconf 84' lang='lat' dir='ltr'><strong>remanebimus,</strong></span> 
     </span>
    </p>
   </div>
   <div class='ocr_carea' id='block_1_86' title="bbox 1927 3676 3512 3748">
    <p class='ocr_par' dir='ltr' id='par_1_86' title="bbox 1927 3676 3512 3748">
     <span class='ocr_line' id='line_1_86' title="bbox 1927 3676 3512 3748; baseline -0.002 -15"><span class='ocrx_word' id='word_1_678' title='bbox 1927 3678 2047 3742; x_wconf 88' lang='lat' dir='ltr'><strong>sed,</strong></span> <span class='ocrx_word' id='word_1_679' title='bbox 2080 3686 2143 3731; x_wconf 91' lang='grc' dir='ltr'><strong>ιιι</strong></span> <span class='ocrx_word' id='word_1_680' title='bbox 2179 3677 2296 3747; x_wconf 86' lang='lat' dir='ltr'><strong>ipse</strong></span> <span class='ocrx_word' id='word_1_681' title='bbox 2328 3676 2467 3732; x_wconf 76' lang='lat' dir='ltr'><strong>dixit</strong></span> <span class='ocrx_word' id='word_1_682' title='bbox 2487 3677 2554 3742; x_wconf 81' lang='lat'><strong>“,</strong></span> <span class='ocrx_word' id='word_1_683' title='bbox 2591 3678 2684 3732; x_wconf 90' lang='lat' dir='ltr'><strong>ubi</strong></span> <span class='ocrx_word' id='word_1_684' title='bbox 2715 3677 2804 3733; x_wconf 92' lang='lat' dir='ltr'><strong>ille</strong></span> <span class='ocrx_word' id='word_1_685' title='bbox 2849 3678 2974 3745; x_wconf 88' lang='lat' dir='ltr'><strong>erit,</strong></span> <span class='ocrx_word' id='word_1_686' title='bbox 3005 3693 3106 3733; x_wconf 91' lang='lat' dir='ltr'><strong>nos</strong></span> <span class='ocrx_word' id='word_1_687' title='bbox 3133 3692 3350 3748; x_wconf 89' lang='lat' dir='ltr'><strong>quoque</strong></span> <span class='ocrx_word' id='word_1_688' title='bbox 3398 3677 3512 3731; x_wconf 71' lang='lat' dir='ltr'><strong>eri~</strong></span> 
     </span>
    </p>
   </div>
   <div class='ocr_carea' id='block_1_87' title="bbox 1928 3767 3508 3838">
    <p class='ocr_par' dir='ltr' id='par_1_87' title="bbox 1928 3767 3508 3838">
     <span class='ocr_line' id='line_1_87' title="bbox 1928 3767 3508 3838; baseline 0 -16"><span class='ocrx_word' id='word_1_689' title='bbox 1928 3783 2075 3832; x_wconf 87' lang='lat' dir='ltr'><strong>mus,</strong></span> <span class='ocrx_word' id='word_1_690' title='bbox 2121 3783 2221 3823; x_wconf 88' lang='lat' dir='ltr'><strong>nec</strong></span> <span class='ocrx_word' id='word_1_691' title='bbox 2271 3777 2578 3838; x_wconf 88' lang='lat' dir='ltr'><strong>serpentem</strong></span> <span class='ocrx_word' id='word_1_692' title='bbox 2616 3769 2851 3838; x_wconf 88' lang='lat' dir='ltr'><strong>amplius</strong></span> <span class='ocrx_word' id='word_1_693' title='bbox 2894 3784 3088 3824; x_wconf 91' lang='lat' dir='ltr'><strong>sumus</strong></span> <span class='ocrx_word' id='word_1_694' title='bbox 3136 3767 3508 3823; x_wconf 82' lang='lat' dir='ltr'><strong>formidaturi.</strong></span> 
     </span>
    </p>
   </div>
   <div class='ocr_carea' id='block_1_88' title="bbox 1928 3859 3511 3932">
    <p class='ocr_par' dir='ltr' id='par_1_88' title="bbox 1928 3859 3511 3932">
     <span class='ocr_line' id='line_1_88' title="bbox 1928 3859 3511 3932; baseline 0.001 -18"><span class='ocrx_word' id='word_1_695' title='bbox 1928 3859 2253 3932; x_wconf 78' lang='lat' dir='ltr'><strong>Proﬂigatus</strong></span> <span class='ocrx_word' id='word_1_696' title='bbox 2291 3861 2435 3916; x_wconf 91' lang='lat' dir='ltr'><strong>enim</strong></span> <span class='ocrx_word' id='word_1_697' title='bbox 2487 3860 2581 3916; x_wconf 90' lang='lat' dir='ltr'><strong>ille</strong></span> <span class='ocrx_word' id='word_1_698' title='bbox 2614 3869 2699 3916; x_wconf 88' lang='lat' dir='ltr'><strong>est</strong></span> <span class='ocrx_word' id='word_1_699' title='bbox 2739 3875 2773 3915; x_wconf 89' lang='lat' dir='ltr'><strong>a</strong></span> <span class='ocrx_word' id='word_1_700' title='bbox 2819 3859 3102 3916; x_wconf 85' lang='lat' dir='ltr'><strong>Salvatore</strong></span> <span class='ocrx_word' id='word_1_701' title='bbox 3134 3877 3258 3916; x_wconf 91' lang='lat' dir='ltr'><strong>eum</strong></span> <span class='ocrx_word' id='word_1_702' title='bbox 3309 3861 3364 3916; x_wconf 88' lang='lat' dir='ltr'><strong>in</strong></span> <span class='ocrx_word' id='word_1_703' title='bbox 3411 3877 3511 3916; x_wconf 86' lang='lat' dir='ltr'><strong>sua</strong></span> 
     </span>
    </p>
   </div>
   <div class='ocr_carea' id='block_1_89' title="bbox 1930 3952 3514 4024">
    <p class='ocr_par' dir='ltr' id='par_1_89' title="bbox 1930 3952 3514 4024">
     <span class='ocr_line' id='line_1_89' title="bbox 1930 3952 3514 4024; baseline 0 -16"><span class='ocrx_word' id='word_1_704' title='bbox 1930 3967 2095 4008; x_wconf 91' lang='lat' dir='ltr'><strong>carne</strong></span> <span class='ocrx_word' id='word_1_705' title='bbox 2116 3962 2473 4023; x_wconf 85' lang='lat' dir='ltr'><strong>persequente</strong></span> <span class='ocrx_word' id='word_1_706' title='bbox 2495 3968 2559 4008; x_wconf 89' lang='lat' dir='ltr'><strong>ac</strong></span> <span class='ocrx_word' id='word_1_707' title='bbox 2586 3953 2823 4020; x_wconf 88' lang='lat' dir='ltr'><strong>dicente,</strong></span> <span class='ocrx_word' id='word_1_708' title='bbox 2875 3952 3014 4008; x_wconf 84' lang='lat' dir='ltr'><strong>Vade</strong></span> <span class='ocrx_word' id='word_1_709' title='bbox 3045 3965 3165 4024; x_wconf 80' lang='lat' dir='ltr'><strong>post</strong></span> <span class='ocrx_word' id='word_1_710' title='bbox 3209 3971 3312 4016; x_wconf 88' lang='lat' dir='ltr'><strong>me,</strong></span> <span class='ocrx_word' id='word_1_711' title='bbox 3348 3952 3514 4011; x_wconf 80' lang='lat' dir='ltr'><strong>Sata-</strong></span> 
     </span>
    </p>
   </div>
   <div class='ocr_carea' id='block_1_90' title="bbox 1932 4043 3510 4117">
    <p class='ocr_par' dir='ltr' id='par_1_90' title="bbox 1932 4043 3510 4117">
     <span class='ocr_line' id='line_1_90' title="bbox 1932 4043 3510 4117; baseline 0.001 -17"><span class='ocrx_word' id='word_1_712' title='bbox 1932 4062 2005 4100; x_wconf 90' lang='lat' dir='ltr'><strong>na</strong></span> <span class='ocrx_word' id='word_1_713' title='bbox 2025 4043 2070 4076; x_wconf 69' lang='grc' dir='ltr'><strong>δτ</strong></span> <span class='ocrx_word' id='word_1_714' title='bbox 2103 4064 2118 4100; x_wconf 89' lang='lat'><strong>:</strong></span> <span class='ocrx_word' id='word_1_715' title='bbox 2149 4054 2314 4115; x_wconf 87' lang='lat' dir='ltr'><strong>atque</strong></span> <span class='ocrx_word' id='word_1_716' title='bbox 2337 4045 2410 4099; x_wconf 87' lang='lat' dir='ltr'><strong>ita</strong></span> <span class='ocrx_word' id='word_1_717' title='bbox 2438 4055 2594 4100; x_wconf 75' lang='lat' dir='ltr'><strong>extra</strong></span> <span class='ocrx_word' id='word_1_718' title='bbox 2622 4045 2934 4116; x_wconf 87' lang='lat' dir='ltr'><strong>paradisum</strong></span> <span class='ocrx_word' id='word_1_719' title='bbox 2963 4046 3016 4101; x_wconf 90' lang='lat' dir='ltr'><strong>in</strong></span> <span class='ocrx_word' id='word_1_720' title='bbox 3040 4046 3218 4117; x_wconf 84' lang='lat' dir='ltr'><strong>ignem</strong></span> <span class='ocrx_word' id='word_1_721' title='bbox 3247 4054 3510 4102; x_wconf 72' lang='lat' dir='ltr'><strong>aeternum</strong></span> 
     </span>
    </p>
   </div>
   <div class='ocr_carea' id='block_1_91' title="bbox 1933 4126 3516 4206">
    <p class='ocr_par' dir='ltr' id='par_1_91' title="bbox 1933 4126 3516 4206">
     <span class='ocr_line' id='line_1_91' title="bbox 1933 4126 3516 4206; baseline -0.002 -14"><span class='ocrx_word' id='word_1_722' title='bbox 1933 4147 2015 4192; x_wconf 89' lang='lat' dir='ltr'><strong>est</strong></span> <span class='ocrx_word' id='word_1_723' title='bbox 2060 4135 2325 4206; x_wconf 77' lang='lat' dir='ltr'><strong>deiectus.</strong></span> <span class='ocrx_word' id='word_1_724' title='bbox 2373 4134 2484 4192; x_wconf 89' lang='lat' dir='ltr'><strong>Nec</strong></span> <span class='ocrx_word' id='word_1_725' title='bbox 2529 4137 2695 4191; x_wconf 89' lang='lat' dir='ltr'><strong>etiam</strong></span> <span class='ocrx_word' id='word_1_726' title='bbox 2750 4126 2874 4191; x_wconf 74' lang='lat' dir='ltr'><strong>ulla:</strong></span> <span class='ocrx_word' id='word_1_727' title='bbox 2897 4137 3192 4191; x_wconf 89' lang='lat' dir='ltr'><strong>muliebres</strong></span> <span class='ocrx_word' id='word_1_728' title='bbox 3246 4136 3516 4191; x_wconf 72' lang='lat' dir='ltr'><strong>illecebrae</strong></span> 
     </span>
    </p>
   </div>
   <div class='ocr_carea' id='block_1_92' title="bbox 1932 4223 3514 4284">
    <p class='ocr_par' dir='ltr' id='par_1_92' title="bbox 1932 4223 3514 4284">
     <span class='ocr_line' id='line_1_92' title="bbox 1932 4223 3514 4284; baseline 0 -3"><span class='ocrx_word' id='word_1_729' title='bbox 1932 4226 2186 4281; x_wconf 62' lang='lat' dir='ltr'><strong>cavendae</strong></span> <span class='ocrx_word' id='word_1_730' title='bbox 2202 4226 2360 4281; x_wconf 91' lang='lat' dir='ltr'><strong>nobis</strong></span> <span class='ocrx_word' id='word_1_731' title='bbox 2401 4236 2563 4281; x_wconf 90' lang='lat' dir='ltr'><strong>erunt</strong></span> <span class='ocrx_word' id='word_1_732' title='bbox 2591 4245 2604 4280; x_wconf 88' lang='lat'>:</span> <span class='ocrx_word' id='word_1_733' title='bbox 2632 4223 2697 4279; x_wconf 85' lang='lat' dir='ltr'><strong>In</strong></span> <span class='ocrx_word' id='word_1_734' title='bbox 2727 4226 3110 4284; x_wconf 76' lang='lat' dir='ltr'><strong>resurrectione</strong></span> <span class='ocrx_word' id='word_1_735' title='bbox 3132 4227 3272 4281; x_wconf 85' lang='lat' dir='ltr'><strong>enim</strong></span> <span class='ocrx_word' id='word_1_736' title='bbox 3295 4243 3386 4280; x_wconf 86' lang='lat' dir='ltr'><strong>nee</strong></span> <span class='ocrx_word' id='word_1_737' title='bbox 3411 4243 3514 4281; x_wconf 73' lang='lat' dir='ltr'><strong>nu-</strong></span> 
     </span>
    </p>
   </div>
   <div class='ocr_carea' id='block_1_93' title="bbox 1935 4318 3515 4391">
    <p class='ocr_par' dir='ltr' id='par_1_93' title="bbox 1935 4318 3515 4391">
     <span class='ocr_line' id='line_1_93' title="bbox 1935 4318 3515 4391; baseline -0.001 -20"><span class='ocrx_word' id='word_1_738' title='bbox 1935 4318 2052 4374; x_wconf 85' lang='lat' dir='ltr'><strong>bent</strong></span> <span class='ocrx_word' id='word_1_739' title='bbox 2070 4335 2162 4374; x_wconf 88' lang='lat' dir='ltr'><strong>nec</strong></span> <span class='ocrx_word' id='word_1_740' title='bbox 2182 4320 2568 4388; x_wconf 77' lang='lat' dir='ltr'><strong>nubentur,sed</strong></span> <span class='ocrx_word' id='word_1_741' title='bbox 2593 4328 2716 4374; x_wconf 83' lang='lat' dir='ltr'><strong>sunt</strong></span> <span class='ocrx_word' id='word_1_742' title='bbox 2737 4319 2875 4376; x_wconf 73' lang='lat' dir='ltr'><strong>sicut</strong></span> <span class='ocrx_word' id='word_1_743' title='bbox 2892 4321 3067 4391; x_wconf 86' lang='lat' dir='ltr'><strong>angeli</strong></span> <span class='ocrx_word' id='word_1_744' title='bbox 3091 4320 3156 4374; x_wconf 71' lang='grc'><strong>⁸⁸.</strong></span> <span class='ocrx_word' id='word_1_745' title='bbox 3182 4319 3246 4374; x_wconf 79' lang='lat' dir='ltr'><strong>Et</strong></span> <span class='ocrx_word' id='word_1_746' title='bbox 3275 4320 3330 4374; x_wconf 90' lang='lat' dir='ltr'><strong>in</strong></span> <span class='ocrx_word' id='word_1_747' title='bbox 3358 4319 3515 4374; x_wconf 90' lang='lat' dir='ltr'><strong>Chri-</strong></span> 
     </span>
    </p>
   </div>
   <div class='ocr_carea' id='block_1_94' title="bbox 1931 4408 3517 4480">
    <p class='ocr_par' dir='ltr' id='par_1_94' title="bbox 1931 4408 3517 4480">
     <span class='ocr_line' id='line_1_94' title="bbox 1931 4408 3517 4480; baseline -0.004 -14"><span class='ocrx_word' id='word_1_748' title='bbox 1931 4421 2018 4466; x_wconf 84' lang='lat' dir='ltr'><strong>sto</strong></span> <span class='ocrx_word' id='word_1_749' title='bbox 2046 4409 2180 4466; x_wconf 82' lang='lat' dir='ltr'><strong>Jesu</strong></span> <span class='ocrx_word' id='word_1_750' title='bbox 2215 4425 2356 4465; x_wconf 83' lang='lat' dir='ltr'><strong>nova</strong></span> <span class='ocrx_word' id='word_1_751' title='bbox 2396 4419 2647 4466; x_wconf 86' lang='lat' dir='ltr'><strong>creatura</strong></span> <span class='ocrx_word' id='word_1_752' title='bbox 2684 4411 2790 4466; x_wconf 88' lang='lat' dir='ltr'><strong>erit</strong></span> <span class='ocrx_word' id='word_1_753' title='bbox 2810 4410 2876 4476; x_wconf 77' lang='lat'><strong>“,</strong></span> <span class='ocrx_word' id='word_1_754' title='bbox 2905 4425 3082 4480; x_wconf 86' lang='lat' dir='ltr'><strong>neque</strong></span> <span class='ocrx_word' id='word_1_755' title='bbox 3109 4408 3388 4464; x_wconf 89' lang='lat' dir='ltr'><strong>masculus</strong></span> <span class='ocrx_word' id='word_1_756' title='bbox 3419 4414 3517 4460; x_wconf 89' lang='lat' dir='ltr'><strong>aut</strong></span> 
     </span>
    </p>
   </div>
   <div class='ocr_carea' id='block_1_95' title="bbox 1935 4497 3512 4567">
    <p class='ocr_par' dir='ltr' id='par_1_95' title="bbox 1935 4497 3512 4567">
     <span class='ocr_line' id='line_1_95' title="bbox 1935 4497 3512 4567; baseline -0.004 -10"><span class='ocrx_word' id='word_1_757' title='bbox 1935 4497 2160 4567; x_wconf 77' lang='lat' dir='ltr'><strong>femina,</strong></span> <span class='ocrx_word' id='word_1_758' title='bbox 2207 4503 2301 4559; x_wconf 88' lang='lat' dir='ltr'><strong>sed</strong></span> <span class='ocrx_word' id='word_1_759' title='bbox 2333 4503 2518 4559; x_wconf 88' lang='lat' dir='ltr'><strong>omnia</strong></span> <span class='ocrx_word' id='word_1_760' title='bbox 2546 4510 2602 4558; x_wconf 90' lang='lat' dir='ltr'><strong>et</strong></span> <span class='ocrx_word' id='word_1_761' title='bbox 2651 4503 2706 4556; x_wconf 90' lang='lat' dir='ltr'><strong>in</strong></span> <span class='ocrx_word' id='word_1_762' title='bbox 2737 4502 2996 4558; x_wconf 91' lang='lat' dir='ltr'><strong>omnibus</strong></span> <span class='ocrx_word' id='word_1_763' title='bbox 3025 4501 3132 4555; x_wconf 89' lang='lat' dir='ltr'><strong>erit</strong></span> <span class='ocrx_word' id='word_1_764' title='bbox 3164 4499 3418 4556; x_wconf 86' lang='lat' dir='ltr'><strong>Christus</strong></span> <span class='ocrx_word' id='word_1_765' title='bbox 3442 4498 3512 4550; x_wconf 83' lang='grc'><strong>⁸⁸.</strong></span> 
     </span>
    </p>
   </div>
   <div class='ocr_carea' id='block_1_96' title="bbox 2011 4702 3510 4782">
    <p class='ocr_par' dir='ltr' id='par_1_96' title="bbox 2011 4702 3510 4782">
     <span class='ocr_line' id='line_1_96' title="bbox 2011 4702 3510 4782; baseline -0.006 -17"><span class='ocrx_word' id='word_1_766' title='bbox 2011 4710 2058 4742; x_wconf 69' lang='grc'>⁸⁷</span> <span class='ocrx_word' id='word_1_767' title='bbox 2081 4709 2274 4764; x_wconf 83' lang='lat' dir='ltr'><strong>Matth.</strong></span> <span class='ocrx_word' id='word_1_768' title='bbox 2305 4725 2378 4782; x_wconf 67' lang='lat' dir='ltr'><strong>ty,</strong></span> <span class='ocrx_word' id='word_1_769' title='bbox 2412 4709 2496 4762; x_wconf 87' lang='grc'>10.</span> <span class='ocrx_word' id='word_1_770' title='bbox 2600 4708 2648 4740; x_wconf 72' lang='grc'><strong>⁸⁸</strong></span> <span class='ocrx_word' id='word_1_771' title='bbox 2674 4705 2866 4762; x_wconf 83' lang='lat' dir='ltr'><strong>Matth.</strong></span> <span class='ocrx_word' id='word_1_772' title='bbox 2893 4721 3029 4772; x_wconf 78' lang='lat' dir='ltr'><strong>xx&quot;,</strong></span> <span class='ocrx_word' id='word_1_773' title='bbox 3065 4705 3156 4760; x_wconf 76' lang='lat'><strong>30.</strong></span> <span class='ocrx_word' id='word_1_774' title='bbox 3268 4704 3312 4735; x_wconf 71' lang='grc' dir='ltr'><strong>δ’</strong></span> <span class='ocrx_word' id='word_1_775' title='bbox 3337 4702 3510 4758; x_wconf 80' lang='lat' dir='ltr'><strong>Galat.</strong></span> 
     </span>
    </p>
   </div>
   <div class='ocr_carea' id='block_1_97' title="bbox 1995 4948 3513 5028">
    <p class='ocr_par' dir='ltr' id='par_1_97' title="bbox 1995 4948 3513 5028">
     <span class='ocr_line' id='line_1_97' title="bbox 1995 4948 3513 5028; baseline -0.011 -16"><span class='ocrx_word' id='word_1_776' title='bbox 1995 4959 2074 5027; x_wconf 77' lang='grc' dir='ltr'><strong>(ι)</strong></span> <span class='ocrx_word' id='word_1_777' title='bbox 2117 4959 2369 5028; x_wconf 84' lang='lat' dir='ltr'><strong>Seguer.,</strong></span> <span class='ocrx_word' id='word_1_778' title='bbox 2410 4953 2838 5028; x_wconf 79' lang='lat' dir='ltr'><strong>Go_bler.,_Felc.</strong></span> <span class='ocrx_word' id='word_1_779' title='bbox 2871 4953 2897 5028; x_wconf 65' lang='lat' dir='ltr'><strong>l</strong></span> <span class='ocrx_word' id='word_1_780' title='bbox 2927 4961 2984 5006; x_wconf 90' lang='lat' dir='ltr'><strong>et</strong></span> <span class='ocrx_word' id='word_1_781' title='bbox 3025 4950 3082 5028; x_wconf 57' lang='grc'>1,</span> <span class='ocrx_word' id='word_1_782' title='bbox 3134 4948 3513 5028; x_wconf 36' lang='grc' dir='ltr'>συνανῃιρεῖτο.</span> 
     </span>
    </p>
   </div>
   <div class='ocr_carea' id='block_1_98' title="bbox 260 5017 1833 5105">
    <p class='ocr_par' dir='ltr' id='par_1_98' title="bbox 260 5017 1819 5105">
     <span class='ocr_line' id='line_1_98' title="bbox 260 5017 1819 5105; baseline -0.001 -19"><span class='ocrx_word' id='word_1_783' title='bbox 260 5017 719 5100; x_wconf 50' lang='grc' dir='ltr'><strong>Ρεῖιεί¹1ξῒέί5ξ</strong></span> <span class='ocrx_word' id='word_1_784' title='bbox 767 5017 1156 5105; x_wconf 69' lang='grc' dir='ltr'>ἠλευθεροῦντο</span> <span class='ocrx_word' id='word_1_785' title='bbox 1203 5017 1583 5105; x_wconf 71' lang='grc' dir='ltr'>ἀρκεσθέντες.</span> <span class='ocrx_word' id='word_1_786' title='bbox 1623 5017 1819 5105; x_wconf 66' lang='lat' dir='ltr'><strong>Caneri</strong></span> 
     </span>
    </p>
   </div>
   <div class='ocr_carea' id='block_1_99' title="bbox 1941 5017 3514 5105">
    <p class='ocr_par' dir='ltr' id='par_1_99' title="bbox 1941 5017 3514 5105">
     <span class='ocr_line' id='line_1_99' title="bbox 1941 5017 3514 5105; baseline -0.009 -23"><span class='ocrx_word' id='word_1_787' title='bbox 1941 5017 2144 5105; x_wconf 35' lang='lat' dir='ltr'><strong>[insilia</strong></span> <span class='ocrx_word' id='word_1_788' title='bbox 2191 5017 2440 5105; x_wconf 58' lang='grc' dir='ltr'>ᾌιιειῖρη</span> <span class='ocrx_word' id='word_1_789' title='bbox 2479 5017 2816 5105; x_wconf 59' lang='grc' dir='ltr'>ΒρεηἚειο.</span> <span class='ocrx_word' id='word_1_790' title='bbox 2867 5023 2902 5076; x_wconf 75' lang='lat'><strong>2</strong></span> <span class='ocrx_word' id='word_1_791' title='bbox 2947 5030 3002 5076; x_wconf 90' lang='lat' dir='ltr'><strong>et</strong></span> <span class='ocrx_word' id='word_1_792' title='bbox 3047 5021 3102 5085; x_wconf 83' lang='lat'><strong>5,</strong></span> <span class='ocrx_word' id='word_1_793' title='bbox 3152 5017 3514 5088; x_wconf 82' lang='grc' dir='ltr'>συνανῄρητο.</span> 
     </span>
    </p>
   </div>
   <div class='ocr_carea' id='block_1_100' title="bbox 263 5101 1823 5178">
    <p class='ocr_par' dir='ltr' id='par_1_100' title="bbox 263 5101 1823 5178">
     <span class='ocr_line' id='line_1_100' title="bbox 263 5101 1823 5178; baseline -0.002 -21"><span class='ocrx_word' id='word_1_794' title='bbox 263 5114 317 5178; x_wconf 77' lang='lat' dir='ltr'><strong>et</strong></span> <span class='ocrx_word' id='word_1_795' title='bbox 351 5109 494 5178; x_wconf 73' lang='lat' dir='ltr'><strong>editi,</strong></span> <span class='ocrx_word' id='word_1_796' title='bbox 524 5101 940 5178; x_wconf 67' lang='grc' dir='ltr'>ἠλευθεροῦντο,</span> <span class='ocrx_word' id='word_1_797' title='bbox 967 5101 1172 5175; x_wconf 81' lang='grc' dir='ltr'>σάρκες</span> <span class='ocrx_word' id='word_1_798' title='bbox 1198 5101 1526 5166; x_wconf 73' lang='grc' dir='ltr'>ὄντες.11)ἰι1.</span> <span class='ocrx_word' id='word_1_799' title='bbox 1555 5101 1647 5154; x_wconf 79' lang='grc' dir='ltr'><strong>καί</strong></span> <span class='ocrx_word' id='word_1_800' title='bbox 1671 5101 1823 5156; x_wconf 88' lang='lat' dir='ltr'><strong>deest</strong></span> 
     </span>
    </p>
   </div>
   <div class='ocr_carea' id='block_1_101' title="bbox 263 5175 897 5234">
    <p class='ocr_par' dir='ltr' id='par_1_101' title="bbox 263 5175 897 5234">
     <span class='ocr_line' id='line_1_101' title="bbox 263 5175 897 5234; baseline 0 -6"><span class='ocrx_word' id='word_1_801' title='bbox 263 5175 316 5229; x_wconf 92' lang='lat' dir='ltr'><strong>in</strong></span> <span class='ocrx_word' id='word_1_802' title='bbox 346 5175 559 5234; x_wconf 69' lang='lat' dir='ltr'><strong>Gobler.</strong></span> <span class='ocrx_word' id='word_1_803' title='bbox 585 5186 641 5232; x_wconf 90' lang='lat' dir='ltr'><strong>et</strong></span> <span class='ocrx_word' id='word_1_804' title='bbox 663 5175 810 5232; x_wconf 46' lang='lat' dir='ltr'><strong>Fe’lc.</strong></span> <span class='ocrx_word' id='word_1_805' title='bbox 845 5176 870 5228; x_wconf 92' lang='grc'><strong>1</strong></span> <span class='ocrx_word' id='word_1_806' title='bbox 885 5216 897 5228; x_wconf 93' lang='grc'><strong>.</strong></span> 
     </span>
    </p>
   </div>
   <div class='ocr_carea' id='block_1_102' title="bbox 331 5241 1655 5318">
    <p class='ocr_par' dir='ltr' id='par_1_102' title="bbox 331 5241 1655 5318">
     <span class='ocr_line' id='line_1_102' title="bbox 331 5241 1655 5318; baseline -0.004 -17"><span class='ocrx_word' id='word_1_807' title='bbox 331 5246 436 5318; x_wconf 82' lang='lat'><strong>(99)</strong></span> <span class='ocrx_word' id='word_1_808' title='bbox 464 5249 692 5318; x_wconf 79' lang='lat' dir='ltr'><strong>Seguer.</strong></span> <span class='ocrx_word' id='word_1_809' title='bbox 726 5256 780 5302; x_wconf 89' lang='lat' dir='ltr'><strong>et</strong></span> <span class='ocrx_word' id='word_1_810' title='bbox 807 5244 952 5318; x_wconf 73' lang='lat' dir='ltr'><strong>Felc.</strong></span> <span class='ocrx_word' id='word_1_811' title='bbox 981 5244 1049 5318; x_wconf 29' lang='lat'><strong>4,“</strong></span> <span class='ocrx_word' id='word_1_812' title='bbox 1068 5244 1475 5318; x_wconf 64' lang='grc' dir='ltr'>συνατιτόμενος</span> <span class='ocrx_word' id='word_1_813' title='bbox 1515 5241 1655 5318; x_wconf 51' lang='grc' dir='ltr'>Θειῖέ.</span> 
     </span>
    </p>
   </div>
   <div class='ocr_carea' id='block_1_103' title="bbox 333 5311 1822 5389">
    <p class='ocr_par' dir='ltr' id='par_1_103' title="bbox 333 5311 1822 5389">
     <span class='ocr_line' id='line_1_103' title="bbox 333 5311 1822 5389; baseline -0.001 -19"><span class='ocrx_word' id='word_1_814' title='bbox 333 5311 374 5386; x_wconf 88' lang='grc'><strong>(1</strong></span> <span class='ocrx_word' id='word_1_815' title='bbox 385 5311 668 5389; x_wconf 68' lang='grc' dir='ltr'>)’δεςῖιει·.</span> <span class='ocrx_word' id='word_1_816' title='bbox 719 5318 784 5370; x_wconf 82' lang='grc' dir='ltr'>ἵν’</span> <span class='ocrx_word' id='word_1_817' title='bbox 819 5311 912 5389; x_wconf 57' lang='grc' dir='ltr'><strong>οῦν</strong></span> <span class='ocrx_word' id='word_1_818' title='bbox 959 5315 1250 5389; x_wconf 30' lang='grc' dir='ltr'>τοῦτο*μὴ</span> <span class='ocrx_word' id='word_1_819' title='bbox 1291 5311 1536 5389; x_wconf 45' lang='grc' dir='ltr'>γένηται,</span> <span class='ocrx_word' id='word_1_820' title='bbox 1569 5311 1822 5389; x_wconf 71' lang='lat' dir='ltr'><strong>_G0ble_l_&#39;.</strong></span> 
     </span>
    </p>
   </div>
   <div class='ocr_carea' id='block_1_104' title="bbox 261 5382 1822 5457">
    <p class='ocr_par' dir='ltr' id='par_1_104' title="bbox 261 5382 1822 5457">
     <span class='ocr_line' id='line_1_104' title="bbox 261 5382 1822 5457; baseline -0.003 -17"><span class='ocrx_word' id='word_1_821' title='bbox 261 5382 413 5444; x_wconf 51' lang='lat' dir='ltr'><strong>Felc&#39;.‘</strong></span> <span class='ocrx_word' id='word_1_822' title='bbox 442 5391 461 5443; x_wconf 89' lang='lat' dir='ltr'><strong>l</strong></span> <span class='ocrx_word' id='word_1_823' title='bbox 495 5382 549 5443; x_wconf 77' lang='lat' dir='ltr'><strong>et</strong></span> <span class='ocrx_word' id='word_1_824' title='bbox 585 5390 642 5443; x_wconf 81' lang='grc'>4.</span> <span class='ocrx_word' id='word_1_825' title='bbox 676 5389 794 5440; x_wconf 79' lang='grc' dir='ltr'>ἰνα</span> <span class='ocrx_word' id='word_1_826' title='bbox 827 5382 918 5439; x_wconf 81' lang='grc' dir='ltr'>οὖν</span> <span class='ocrx_word' id='word_1_827' title='bbox 962 5386 1034 5457; x_wconf 81' lang='grc' dir='ltr'>μὴ</span> <span class='ocrx_word' id='word_1_828' title='bbox 1069 5382 1250 5449; x_wconf 74' lang='grc' dir='ltr'>τοῦτο,</span> <span class='ocrx_word' id='word_1_829' title='bbox 1276 5394 1382 5438; x_wconf 90' lang='lat' dir='ltr'><strong>etc.</strong></span> <span class='ocrx_word' id='word_1_830' title='bbox 1439 5384 1580 5437; x_wconf 84' lang='lat' dir='ltr'><strong>Editi</strong></span> <span class='ocrx_word' id='word_1_831' title='bbox 1621 5393 1674 5438; x_wconf 87' lang='lat' dir='ltr'><strong>et</strong></span> <span class='ocrx_word' id='word_1_832' title='bbox 1706 5383 1822 5446; x_wconf 85' lang='lat' dir='ltr'><strong>alii,</strong></span> 
     </span>
    </p>
   </div>
   <div class='ocr_carea' id='block_1_105' title="bbox 265 5456 999 5531">
    <p class='ocr_par' dir='ltr' id='par_1_105' title="bbox 265 5456 999 5531">
     <span class='ocr_line' id='line_1_105' title="bbox 265 5456 999 5531; baseline -0.001 -20"><span class='ocrx_word' id='word_1_833' title='bbox 265 5459 379 5531; x_wconf 14' lang='grc' dir='ltr'>Ἴννα</span> <span class='ocrx_word' id='word_1_834' title='bbox 403 5456 490 5514; x_wconf 75' lang='grc' dir='ltr'><strong>οὖν</strong></span> <span class='ocrx_word' id='word_1_835' title='bbox 519 5459 657 5531; x_wconf 80' lang='grc' dir='ltr'>μηδὲ</span> <span class='ocrx_word' id='word_1_836' title='bbox 686 5457 866 5531; x_wconf 83' lang='grc' dir='ltr'>τοῦτο,</span> <span class='ocrx_word' id='word_1_837' title='bbox 894 5465 999 5531; x_wconf 70' lang='lat' dir='ltr'><strong>etc.</strong></span> 
     </span>
    </p>
   </div>
   <div class='ocr_carea' id='block_1_106' title="bbox 333 5523 1826 5601">
    <p class='ocr_par' dir='ltr' id='par_1_106' title="bbox 333 5523 1826 5601">
     <span class='ocr_line' id='line_1_106' title="bbox 333 5523 1826 5601; baseline -0.005 -19"><span class='ocrx_word' id='word_1_838' title='bbox 333 5530 402 5597; x_wconf 70' lang='grc' dir='ltr'><strong>(Ξ)</strong></span> <span class='ocrx_word' id='word_1_839' title='bbox 426 5523 676 5601; x_wconf 62' lang='grc' dir='ltr'>δοέυὲιη,</span> <span class='ocrx_word' id='word_1_840' title='bbox 704 5527 975 5601; x_wconf 54' lang='grc' dir='ltr'>ἀπέθανον</span> <span class='ocrx_word' id='word_1_841' title='bbox 992 5524 1237 5601; x_wconf 62' lang='grc' dir='ltr'>Χριστῷ.</span> <span class='ocrx_word' id='word_1_842' title='bbox 1258 5524 1426 5601; x_wconf 68' lang='lat' dir='ltr'><strong>Paulo</strong></span> <span class='ocrx_word' id='word_1_843' title='bbox 1449 5532 1572 5601; x_wconf 82' lang='lat' dir='ltr'><strong>post</strong></span> <span class='ocrx_word' id='word_1_844' title='bbox 1601 5523 1826 5601; x_wconf 66' lang='lat' dir='ltr'><strong>Sgguer.</strong></span> 
     </span>
    </p>
   </div>
   <div class='ocr_carea' id='block_1_107' title="bbox 264 5594 1825 5671">
    <p class='ocr_par' dir='ltr' id='par_1_107' title="bbox 264 5594 1825 5671">
     <span class='ocr_line' id='line_1_107' title="bbox 264 5594 1825 5671; baseline -0.006 -16"><span class='ocrx_word' id='word_1_845' title='bbox 264 5594 391 5671; x_wconf 71' lang='lat' dir='ltr'><strong>Reg.</strong></span> <span class='ocrx_word' id='word_1_846' title='bbox 433 5594 666 5658; x_wconf 54' lang='lat' dir='ltr'><strong>Go&#39;bler.</strong></span> <span class='ocrx_word' id='word_1_847' title='bbox 713 5597 866 5671; x_wconf 51' lang='lat' dir='ltr'><strong>Felc,</strong></span> <span class='ocrx_word' id='word_1_848' title='bbox 903 5599 942 5671; x_wconf 68' lang='grc' dir='ltr'><strong>Δ1</strong></span> <span class='ocrx_word' id='word_1_849' title='bbox 978 5594 1193 5671; x_wconf 20' lang='grc' dir='ltr'>Αειξῦέ</span> <span class='ocrx_word' id='word_1_850' title='bbox 1214 5597 1279 5648; x_wconf 88' lang='grc' dir='ltr'><strong>δι’</strong></span> <span class='ocrx_word' id='word_1_851' title='bbox 1315 5594 1478 5671; x_wconf 84' lang='grc' dir='ltr'>αὑτοῦ</span> <span class='ocrx_word' id='word_1_852' title='bbox 1499 5594 1825 5671; x_wconf 67' lang='grc' dir='ltr'>γεννῶνται.</span> 
     </span>
    </p>
   </div>
   <div class='ocr_carea' id='block_1_108' title="bbox 266 5665 1828 5741">
    <p class='ocr_par' dir='ltr' id='par_1_108' title="bbox 266 5665 1828 5741">
     <span class='ocr_line' id='line_1_108' title="bbox 266 5665 1828 5741; baseline -0.004 -17"><span class='ocrx_word' id='word_1_853' title='bbox 266 5665 459 5741; x_wconf 51' lang='lat' dir='ltr'><strong>Anglic.</strong></span> <span class='ocrx_word' id='word_1_854' title='bbox 491 5683 545 5728; x_wconf 88' lang='lat' dir='ltr'><strong>et</strong></span> <span class='ocrx_word' id='word_1_855' title='bbox 574 5671 723 5725; x_wconf 82' lang='lat' dir='ltr'><strong>Felc.</strong></span> <span class='ocrx_word' id='word_1_856' title='bbox 758 5670 816 5741; x_wconf 74' lang='grc'>4,</span> <span class='ocrx_word' id='word_1_857' title='bbox 833 5666 913 5741; x_wconf 86' lang='grc' dir='ltr'>δι’</span> <span class='ocrx_word' id='word_1_858' title='bbox 934 5667 1096 5741; x_wconf 82' lang='grc' dir='ltr'>αὑτοῦ</span> <span class='ocrx_word' id='word_1_859' title='bbox 1117 5667 1405 5735; x_wconf 86' lang='grc' dir='ltr'>γένωνται.</span> <span class='ocrx_word' id='word_1_860' title='bbox 1448 5665 1553 5720; x_wconf 78' lang='lat' dir='ltr'><strong>Alii</strong></span> <span class='ocrx_word' id='word_1_861' title='bbox 1577 5675 1632 5721; x_wconf 89' lang='lat' dir='ltr'><strong>et</strong></span> <span class='ocrx_word' id='word_1_862' title='bbox 1661 5665 1828 5720; x_wconf 86' lang='lat' dir='ltr'><strong>editio</strong></span> 
     </span>
    </p>
   </div>
   <div class='ocr_carea' id='block_1_109' title="bbox 267 5738 1168 5809">
    <p class='ocr_par' dir='ltr' id='par_1_109' title="bbox 267 5738 1168 5809">
     <span class='ocr_line' id='line_1_109' title="bbox 267 5738 1168 5809; baseline -0.004 -13"><span class='ocrx_word' id='word_1_863' title='bbox 267 5738 538 5809; x_wconf 80' lang='lat' dir='ltr'><strong>Commcl.,</strong></span> <span class='ocrx_word' id='word_1_864' title='bbox 568 5742 775 5803; x_wconf 84' lang='grc' dir='ltr'>πάντες</span> <span class='ocrx_word' id='word_1_865' title='bbox 798 5740 855 5792; x_wconf 89' lang='grc' dir='ltr'>δὲ</span> <span class='ocrx_word' id='word_1_866' title='bbox 883 5738 1168 5806; x_wconf 87' lang='grc' dir='ltr'>γένωνται.</span> 
     </span>
    </p>
   </div>
   <div class='ocr_carea' id='block_1_110' title="bbox 331 5809 1070 5887">
    <p class='ocr_par' dir='ltr' id='par_1_110' title="bbox 331 5809 1070 5887">
     <span class='ocr_line' id='line_1_110' title="bbox 331 5809 1070 5887; baseline -0.008 -21"><span class='ocrx_word' id='word_1_867' title='bbox 331 5814 400 5885; x_wconf 76' lang='grc'><strong>(5)</strong></span> <span class='ocrx_word' id='word_1_868' title='bbox 434 5813 688 5887; x_wconf 81' lang='lat' dir='ltr'><strong>Seguer.,</strong></span> <span class='ocrx_word' id='word_1_869' title='bbox 723 5809 1070 5880; x_wconf 84' lang='grc' dir='ltr'>διαμένωσιν.</span> 
     </span>
    </p>
   </div>
   <div class='ocr_carea' id='block_1_111' title="bbox 1934 5098 3191 5169">
    <p class='ocr_par' dir='ltr' id='par_1_111' title="bbox 1934 5098 3191 5169">
     <span class='ocr_line' id='line_1_111' title="bbox 1934 5098 3191 5169; baseline 0.002 -17"><span class='ocrx_word' id='word_1_870' title='bbox 1934 5099 2076 5153; x_wconf 86' lang='lat' dir='ltr'><strong>Editi</strong></span> <span class='ocrx_word' id='word_1_871' title='bbox 2108 5108 2163 5153; x_wconf 89' lang='lat' dir='ltr'><strong>et</strong></span> <span class='ocrx_word' id='word_1_872' title='bbox 2198 5099 2313 5164; x_wconf 89' lang='lat' dir='ltr'><strong>alii,</strong></span> <span class='ocrx_word' id='word_1_873' title='bbox 2343 5098 2707 5169; x_wconf 59' lang='grc' dir='ltr'>συναρὴρῃτο.</span> <span class='ocrx_word' id='word_1_874' title='bbox 2753 5165 2766 5169; x_wconf 91' lang='lat'>_</span> <span class='ocrx_word' id='word_1_875' title='bbox 2862 5163 2876 5169; x_wconf 91' lang='lat'>_</span> <span class='ocrx_word' id='word_1_876' title='bbox 2939 5162 2949 5169; x_wconf 91' lang='lat'><strong>_</strong></span> <span class='ocrx_word' id='word_1_877' title='bbox 3115 5157 3152 5169; x_wconf 87' lang='lat'><em>__</em></span> <span class='ocrx_word' id='word_1_878' title='bbox 3179 5157 3191 5169; x_wconf 71' lang='grc'><strong>,</strong></span> 
     </span>
    </p>
   </div>
   <div class='ocr_carea' id='block_1_112' title="bbox 2007 5155 3514 5239">
    <p class='ocr_par' dir='ltr' id='par_1_112' title="bbox 2007 5155 3514 5239">
     <span class='ocr_line' id='line_1_112' title="bbox 2007 5155 3514 5239; baseline -0.011 -14"><span class='ocrx_word' id='word_1_879' title='bbox 2007 5171 2086 5239; x_wconf 87' lang='grc'><strong>(5)</strong></span> <span class='ocrx_word' id='word_1_880' title='bbox 2119 5155 2362 5233; x_wconf 74' lang='lat' dir='ltr'><strong>Gobler.,</strong></span> <span class='ocrx_word' id='word_1_881' title='bbox 2397 5155 2694 5239; x_wconf 55' lang='lat' dir='ltr'><strong>Feief&#39;j&#39;et</strong></span> <span class='ocrx_word' id='word_1_882' title='bbox 2740 5165 2795 5239; x_wconf 60' lang='lat'><strong>1},</strong></span> <span class='ocrx_word' id='word_1_883' title='bbox 2825 5162 3066 5239; x_wconf 81' lang='grc' dir='ltr'>εὑρήσει.</span> <span class='ocrx_word' id='word_1_884' title='bbox 3115 5157 3251 5212; x_wconf 91' lang='lat' dir='ltr'><strong>lbid.</strong></span> <span class='ocrx_word' id='word_1_885' title='bbox 3290 5155 3514 5211; x_wconf 89' lang='lat' dir='ltr'><strong>Gobler.</strong></span> 
     </span>
    </p>
   </div>
   <div class='ocr_carea' id='block_1_113' title="bbox 1935 5232 3509 5312">
    <p class='ocr_par' dir='ltr' id='par_1_113' title="bbox 1935 5232 3509 5312">
     <span class='ocr_line' id='line_1_113' title="bbox 1935 5232 3509 5312; baseline -0.009 -17"><span class='ocrx_word' id='word_1_886' title='bbox 1935 5249 1990 5296; x_wconf 82' lang='lat' dir='ltr'><strong>et</strong></span> <span class='ocrx_word' id='word_1_887' title='bbox 2016 5232 2174 5312; x_wconf 56' lang='grc' dir='ltr'>Ἔρις.</span> <span class='ocrx_word' id='word_1_888' title='bbox 2209 5240 2261 5304; x_wconf 88' lang='grc'>1,</span> <span class='ocrx_word' id='word_1_889' title='bbox 2291 5232 2356 5291; x_wconf 81' lang='grc' dir='ltr'>ὲν</span> <span class='ocrx_word' id='word_1_890' title='bbox 2374 5238 2526 5312; x_wconf 30' lang='grc' dir='ltr'>ἐμοί..</span> <span class='ocrx_word' id='word_1_891' title='bbox 2554 5237 2648 5299; x_wconf 86' lang='grc' dir='ltr'>Εἰς</span> <span class='ocrx_word' id='word_1_892' title='bbox 2667 5232 3157 5312; x_wconf 43' lang='grc' dir='ltr'><strong>,τοῦιτοςτάιρη(ιιι).⁹</strong></span> <span class='ocrx_word' id='word_1_893' title='bbox 3305 5295 3354 5312; x_wconf 50' lang='grc' dir='ltr'>Μ</span> <span class='ocrx_word' id='word_1_894' title='bbox 3419 5297 3435 5312; x_wconf 43' lang='grc' dir='ltr'><strong>Δ</strong></span> 
     </span>
    </p>
   </div>
   <div class='ocr_carea' id='block_1_114' title="bbox 2012 5295 3513 5380">
    <p class='ocr_par' dir='ltr' id='par_1_114' title="bbox 2012 5295 3513 5380">
     <span class='ocr_line' id='line_1_114' title="bbox 2012 5295 3513 5380; baseline -0.011 -14"><span class='ocrx_word' id='word_1_895' title='bbox 2012 5311 2088 5380; x_wconf 78' lang='grc'><strong>(6)</strong></span> <span class='ocrx_word' id='word_1_896' title='bbox 2116 5295 2366 5380; x_wconf 57' lang='grc' dir='ltr'>ὃθειιειη</span> <span class='ocrx_word' id='word_1_897' title='bbox 2395 5295 2641 5380; x_wconf 71' lang='lat' dir='ltr'><strong>Gobler.,</strong></span> <span class='ocrx_word' id='word_1_898' title='bbox 2665 5305 2810 5360; x_wconf 82' lang='lat' dir='ltr'><strong>Felc.</strong></span> <span class='ocrx_word' id='word_1_899' title='bbox 2840 5295 2952 5356; x_wconf 61' lang='grc' dir='ltr'><strong>1⁷θί</strong></span> <span class='ocrx_word' id='word_1_900' title='bbox 2984 5301 3038 5365; x_wconf 68' lang='grc'>4,</span> <span class='ocrx_word' id='word_1_901' title='bbox 3070 5298 3273 5352; x_wconf 88' lang='grc' dir='ltr'>τούτων</span> <span class='ocrx_word' id='word_1_902' title='bbox 3301 5295 3378 5350; x_wconf 85' lang='grc' dir='ltr'><strong>δέ.</strong></span> <span class='ocrx_word' id='word_1_903' title='bbox 3405 5295 3513 5350; x_wconf 87' lang='lat' dir='ltr'><strong>Alii</strong></span> 
     </span>
    </p>
   </div>
   <div class='ocr_carea' id='block_1_115' title="bbox 1937 5375 2560 5443">
    <p class='ocr_par' dir='ltr' id='par_1_115' title="bbox 1937 5375 2560 5443">
     <span class='ocr_line' id='line_1_115' title="bbox 1937 5375 2560 5443; baseline -0.008 -8"><span class='ocrx_word' id='word_1_904' title='bbox 1937 5389 1992 5435; x_wconf 83' lang='lat' dir='ltr'><strong>et</strong></span> <span class='ocrx_word' id='word_1_905' title='bbox 2025 5375 2415 5443; x_wconf 69' lang='grc' dir='ltr'>ἐιιιίιι,’τούτων</span> <span class='ocrx_word' id='word_1_906' title='bbox 2446 5375 2560 5431; x_wconf 79' lang='grc' dir='ltr'>οὖν.</span> 
     </span>
    </p>
   </div>
   <div class='ocr_carea' id='block_1_116' title="bbox 2016 5439 3510 5522">
    <p class='ocr_par' dir='ltr' id='par_1_116' title="bbox 2016 5439 3510 5522">
     <span class='ocr_line' id='line_1_116' title="bbox 2016 5439 3510 5522; baseline -0.008 -18"><span class='ocrx_word' id='word_1_907' title='bbox 2016 5452 2090 5522; x_wconf 89' lang='lat'><strong>(7)</strong></span> <span class='ocrx_word' id='word_1_908' title='bbox 2144 5439 2364 5522; x_wconf 77' lang='lat' dir='ltr'><strong>Gobler.</strong></span> <span class='ocrx_word' id='word_1_909' title='bbox 2404 5459 2456 5503; x_wconf 91' lang='lat' dir='ltr'><strong>et</strong></span> <span class='ocrx_word' id='word_1_910' title='bbox 2484 5447 2627 5522; x_wconf 50' lang='lat' dir='ltr'><strong>licio.</strong></span> <span class='ocrx_word' id='word_1_911' title='bbox 2663 5449 2715 5522; x_wconf 82' lang='lat' dir='ltr'><strong>l_,</strong></span> <span class='ocrx_word' id='word_1_912' title='bbox 2739 5442 3120 5522; x_wconf 73' lang='grc' dir='ltr'>ἀπομένωμεν.</span> <span class='ocrx_word' id='word_1_913' title='bbox 3143 5439 3510 5522; x_wconf 48' lang='grc' dir='ltr'>,ΡειιΙσρςξεῃ</span> 
     </span>
    </p>
   </div>
   <div class='ocr_carea' id='block_1_117' title="bbox 1944 5509 3623 5591">
    <p class='ocr_par' dir='ltr' id='par_1_117' title="bbox 1944 5509 3623 5591">
     <span class='ocr_line' id='line_1_117' title="bbox 1944 5509 3623 5591; baseline -0.008 -15"><span class='ocrx_word' id='word_1_914' title='bbox 1944 5509 2191 5591; x_wconf 61' lang='grc' dir='ltr'>δεὲιίειιη</span> <span class='ocrx_word' id='word_1_915' title='bbox 2225 5520 2469 5591; x_wconf 47' lang='lat' dir='ltr'><strong>Gobler.,</strong></span> <span class='ocrx_word' id='word_1_916' title='bbox 2504 5517 2700 5591; x_wconf 69' lang='lat' dir='ltr'><strong>Felc._i</strong></span> <span class='ocrx_word' id='word_1_917' title='bbox 2731 5509 2868 5591; x_wconf 41' lang='lat' dir='ltr'><strong>et},</strong></span> <span class='ocrx_word' id='word_1_918' title='bbox 2889 5514 2982 5591; x_wconf 70' lang='grc' dir='ltr'>καὶ</span> <span class='ocrx_word' id='word_1_919' title='bbox 3004 5509 3206 5567; x_wconf 90' lang='grc' dir='ltr'>λοιπόν.</span> <span class='ocrx_word' id='word_1_920' title='bbox 3240 5511 3375 5566; x_wconf 84' lang='lat' dir='ltr'><strong>Ibid.</strong></span> <span class='ocrx_word' id='word_1_921' title='bbox 3412 5509 3515 5563; x_wconf 82' lang='lat' dir='ltr'><strong>Se-</strong></span> <span class='ocrx_word' id='word_1_922' title='bbox 3621 5559 3623 5562; x_wconf 32' lang='lat'><strong>.</strong></span> 
     </span>
    </p>
   </div>
   <div class='ocr_carea' id='block_1_118' title="bbox 1939 5584 3125 5663">
    <p class='ocr_par' dir='ltr' id='par_1_118' title="bbox 1939 5584 3125 5663">
     <span class='ocr_line' id='line_1_118' title="bbox 1939 5584 3125 5663; baseline -0.006 -19"><span class='ocrx_word' id='word_1_923' title='bbox 1939 5584 2118 5663; x_wconf 65' lang='lat' dir='ltr'><strong>guér.,</strong></span> <span class='ocrx_word' id='word_1_924' title='bbox 2151 5584 2291 5663; x_wconf 65' lang='grc' dir='ltr'>οὐδε.</span> <span class='ocrx_word' id='word_1_925' title='bbox 2325 5588 2466 5641; x_wconf 86' lang='lat' dir='ltr'><strong>Editi</strong></span> <span class='ocrx_word' id='word_1_926' title='bbox 2495 5598 2562 5663; x_wconf 58' lang='lat' dir='ltr'><strong>et</strong></span> <span class='ocrx_word' id='word_1_927' title='bbox 2583 5587 2674 5663; x_wconf 81' lang='lat' dir='ltr'><strong>alii</strong></span> <span class='ocrx_word' id='word_1_928' title='bbox 2707 5584 3125 5663; x_wconf 47' lang='lat' dir='ltr'><strong>xaiﬁoniittunt.</strong></span> 
     </span>
    </p>
   </div>
   <div class='ocr_carea' id='block_1_119' title="bbox 2011 5651 3516 5733">
    <p class='ocr_par' dir='ltr' id='par_1_119' title="bbox 2011 5651 3516 5733">
     <span class='ocr_line' id='line_1_119' title="bbox 2011 5651 3516 5733; baseline -0.007 -18"><span class='ocrx_word' id='word_1_929' title='bbox 2011 5663 2086 5733; x_wconf 83' lang='lat'><strong>(8)</strong></span> <span class='ocrx_word' id='word_1_930' title='bbox 2108 5651 2495 5733; x_wconf 39' lang='lat' dir='ltr'><strong>&#39;Sie_Seguer.,</strong></span> <span class='ocrx_word' id='word_1_931' title='bbox 2525 5655 2768 5723; x_wconf 86' lang='lat' dir='ltr'><strong>Gobler.,</strong></span> <span class='ocrx_word' id='word_1_932' title='bbox 2801 5653 2948 5708; x_wconf 85' lang='lat' dir='ltr'><strong>Felc.</strong></span> <span class='ocrx_word' id='word_1_933' title='bbox 2981 5657 3004 5707; x_wconf 91' lang='grc'><strong>1</strong></span> <span class='ocrx_word' id='word_1_934' title='bbox 3043 5663 3096 5710; x_wconf 84' lang='lat' dir='ltr'><strong>et</strong></span> <span class='ocrx_word' id='word_1_935' title='bbox 3127 5653 3182 5710; x_wconf 76' lang='grc'>4.</span> <span class='ocrx_word' id='word_1_936' title='bbox 3213 5652 3282 5707; x_wconf 84' lang='lat' dir='ltr'><strong>At</strong></span> <span class='ocrx_word' id='word_1_937' title='bbox 3306 5653 3360 5706; x_wconf 87' lang='lat' dir='ltr'><strong>in</strong></span> <span class='ocrx_word' id='word_1_938' title='bbox 3393 5651 3516 5706; x_wconf 82' lang='lat' dir='ltr'><strong>aliis</strong></span> 
     </span>
    </p>
   </div>
   <div class='ocr_carea' id='block_1_120' title="bbox 1939 5731 2468 5788">
    <p class='ocr_par' dir='ltr' id='par_1_120' title="bbox 1939 5731 2468 5788">
     <span class='ocr_line' id='line_1_120' title="bbox 1939 5731 2468 5788; baseline -0.021 0"><span class='ocrx_word' id='word_1_939' title='bbox 1939 5743 1993 5788; x_wconf 88' lang='lat' dir='ltr'><strong>et</strong></span> <span class='ocrx_word' id='word_1_940' title='bbox 2024 5731 2194 5785; x_wconf 73' lang='lat' dir='ltr'><strong>editis</strong></span> <span class='ocrx_word' id='word_1_941' title='bbox 2220 5731 2274 5781; x_wconf 78' lang='grc' dir='ltr'><strong>δέ</strong></span> <span class='ocrx_word' id='word_1_942' title='bbox 2299 5732 2468 5781; x_wconf 82' lang='lat' dir='ltr'><strong>deest.</strong></span> 
     </span>
    </p>
   </div>
   <div class='ocr_carea' id='block_1_121' title="bbox 2008 5795 2952 5873">
    <p class='ocr_par' dir='ltr' id='par_1_121' title="bbox 2008 5795 2952 5873">
     <span class='ocr_line' id='line_1_121' title="bbox 2008 5795 2952 5873; baseline -0.006 -17"><span class='ocrx_word' id='word_1_943' title='bbox 2008 5802 2085 5873; x_wconf 85' lang='lat'><strong>(9)</strong></span> <span class='ocrx_word' id='word_1_944' title='bbox 2112 5800 2422 5856; x_wconf 78' lang='lat' dir='ltr'><strong>Felekman.</strong></span> <span class='ocrx_word' id='word_1_945' title='bbox 2455 5798 2508 5864; x_wconf 82' lang='lat'><strong>5,</strong></span> <span class='ocrx_word' id='word_1_946' title='bbox 2536 5796 2609 5859; x_wconf 82' lang='grc' dir='ltr'>ὡς</span> <span class='ocrx_word' id='word_1_947' title='bbox 2637 5796 2686 5849; x_wconf 81' lang='grc' dir='ltr'>οἱ</span> <span class='ocrx_word' id='word_1_948' title='bbox 2710 5795 2952 5863; x_wconf 80' lang='grc' dir='ltr'>ἄγγελοι.</span> 
     </span>
    </p>
   </div>
  </div>
