  <div class='ocr_page' id='page_1' title='image "/cluster/home/n/w/nwhite01/storage/ocr_20150623/26/mdp.39015019958456/157.png"; bbox 0 0 3948 6236; ppageno 0'>
   <div class='ocr_carea' id='block_1_1' title="bbox 323 5811 358 5828">
    <p class='ocr_par' dir='ltr' id='par_1_1' title="bbox 323 5811 358 5828">
     <span class='ocr_line' id='line_1_1' title="bbox 323 5811 358 5828; baseline 0 0"><span class='ocrx_word' id='word_1_1' title='bbox 323 5811 358 5828; x_wconf 51' lang='grc' dir='ltr'><strong>ἢ.</strong></span> 
     </span>
    </p>
   </div>
   <div class='ocr_carea' id='block_1_2' title="bbox 449 297 553 354">
    <p class='ocr_par' dir='ltr' id='par_1_2' title="bbox 449 297 553 354">
     <span class='ocr_line' id='line_1_2' title="bbox 449 297 553 354; baseline 0 -2"><span class='ocrx_word' id='word_1_2' title='bbox 449 297 553 354; x_wconf 77' lang='lat'><strong>9.99</strong></span> 
     </span>
    </p>
   </div>
   <div class='ocr_carea' id='block_1_3' title="bbox 430 497 2008 570">
    <p class='ocr_par' dir='ltr' id='par_1_3' title="bbox 430 497 2008 570">
     <span class='ocr_line' id='line_1_3' title="bbox 430 497 2008 570; baseline -0.004 -12"><span class='ocrx_word' id='word_1_3' title='bbox 430 501 707 565; x_wconf 77' lang='lat' dir='ltr'><strong>&#39;Verbum,</strong></span> <span class='ocrx_word' id='word_1_4' title='bbox 727 509 781 555; x_wconf 89' lang='lat' dir='ltr'><strong>et</strong></span> <span class='ocrx_word' id='word_1_5' title='bbox 794 499 976 568; x_wconf 87' lang='lat' dir='ltr'><strong>lauda,</strong></span> <span class='ocrx_word' id='word_1_6' title='bbox 1013 501 1276 570; x_wconf 77' lang='lat' dir='ltr'><strong>sapientia</strong></span> <span class='ocrx_word' id='word_1_7' title='bbox 1305 519 1317 556; x_wconf 92' lang='lat'><strong>:</strong></span> <span class='ocrx_word' id='word_1_8' title='bbox 1353 515 1544 569; x_wconf 84' lang='lat' dir='ltr'><strong>nempe</strong></span> <span class='ocrx_word' id='word_1_9' title='bbox 1574 507 1632 552; x_wconf 94' lang='lat' dir='ltr'><strong>ut</strong></span> <span class='ocrx_word' id='word_1_10' title='bbox 1659 497 2008 554; x_wconf 75' lang='lat' dir='ltr'><strong>ostenderent</strong></span> 
     </span>
    </p>
   </div>
   <div class='ocr_carea' id='block_1_4' title="bbox 446 586 2004 660">
    <p class='ocr_par' dir='ltr' id='par_1_4' title="bbox 446 586 2004 660">
     <span class='ocr_line' id='line_1_4' title="bbox 446 586 2004 660; baseline -0.004 -13"><span class='ocrx_word' id='word_1_11' title='bbox 446 608 534 647; x_wconf 87' lang='lat' dir='ltr'><strong>res</strong></span> <span class='ocrx_word' id='word_1_12' title='bbox 569 591 706 646; x_wconf 91' lang='lat' dir='ltr'><strong>alias</strong></span> <span class='ocrx_word' id='word_1_13' title='bbox 728 605 918 646; x_wconf 89' lang='lat' dir='ltr'><strong>omnes</strong></span> <span class='ocrx_word' id='word_1_14' title='bbox 944 601 998 645; x_wconf 91' lang='lat' dir='ltr'><strong>et</strong></span> <span class='ocrx_word' id='word_1_15' title='bbox 1019 590 1300 645; x_wconf 77' lang='lat' dir='ltr'><strong>laudantes</strong></span> <span class='ocrx_word' id='word_1_16' title='bbox 1328 598 1383 644; x_wconf 91' lang='lat' dir='ltr'><strong>et</strong></span> <span class='ocrx_word' id='word_1_17' title='bbox 1407 605 1569 660; x_wconf 81' lang='lat' dir='ltr'><strong>opera</strong></span> <span class='ocrx_word' id='word_1_18' title='bbox 1595 604 1736 654; x_wconf 90' lang='lat' dir='ltr'><strong>esse,</strong></span> <span class='ocrx_word' id='word_1_19' title='bbox 1768 586 2004 643; x_wconf 82' lang='lat' dir='ltr'><strong>Verbum</strong></span> 
     </span>
    </p>
   </div>
   <div class='ocr_carea' id='block_1_5' title="bbox 444 681 2005 752">
    <p class='ocr_par' dir='ltr' id='par_1_5' title="bbox 444 681 2005 752">
     <span class='ocr_line' id='line_1_5' title="bbox 444 681 2005 752; baseline -0.002 -15"><span class='ocrx_word' id='word_1_20' title='bbox 444 691 627 738; x_wconf 85' lang='lat' dir='ltr'><strong>autem</strong></span> <span class='ocrx_word' id='word_1_21' title='bbox 686 697 788 736; x_wconf 88' lang='lat' dir='ltr'><strong>nec</strong></span> <span class='ocrx_word' id='word_1_22' title='bbox 821 697 957 752; x_wconf 89' lang='lat' dir='ltr'><strong>opus</strong></span> <span class='ocrx_word' id='word_1_23' title='bbox 1000 697 1101 736; x_wconf 89' lang='lat' dir='ltr'><strong>nec</strong></span> <span class='ocrx_word' id='word_1_24' title='bbox 1140 697 1169 734; x_wconf 93' lang='lat' dir='ltr'><strong>e</strong></span> <span class='ocrx_word' id='word_1_25' title='bbox 1208 681 1545 734; x_wconf 78' lang='lat' dir='ltr'><strong>laudantium</strong></span> <span class='ocrx_word' id='word_1_26' title='bbox 1583 694 1702 734; x_wconf 92' lang='lat' dir='ltr'><strong>esse</strong></span> <span class='ocrx_word' id='word_1_27' title='bbox 1757 695 2005 746; x_wconf 91' lang='lat' dir='ltr'><strong>numero,</strong></span> 
     </span>
    </p>
   </div>
   <div class='ocr_carea' id='block_1_6' title="bbox 443 770 2009 841">
    <p class='ocr_par' dir='ltr' id='par_1_6' title="bbox 443 770 2009 841">
     <span class='ocr_line' id='line_1_6' title="bbox 443 770 2009 841; baseline -0.003 -11"><span class='ocrx_word' id='word_1_28' title='bbox 443 774 672 830; x_wconf 18' lang='lat' dir='ltr'><strong>sedtuna</strong></span> <span class='ocrx_word' id='word_1_29' title='bbox 707 789 829 827; x_wconf 93' lang='lat' dir='ltr'><strong>cum</strong></span> <span class='ocrx_word' id='word_1_30' title='bbox 855 772 1017 828; x_wconf 82' lang='lat' dir='ltr'><strong>Patre</strong></span> <span class='ocrx_word' id='word_1_31' title='bbox 1046 773 1275 838; x_wconf 87' lang='lat' dir='ltr'><strong>laudari,</strong></span> <span class='ocrx_word' id='word_1_32' title='bbox 1299 773 1535 834; x_wconf 85' lang='lat' dir='ltr'><strong>adorari,</strong></span> <span class='ocrx_word' id='word_1_33' title='bbox 1561 779 1616 826; x_wconf 89' lang='lat' dir='ltr'><strong>et</strong></span> <span class='ocrx_word' id='word_1_34' title='bbox 1645 770 1812 826; x_wconf 86' lang='lat' dir='ltr'><strong>Deum</strong></span> <span class='ocrx_word' id='word_1_35' title='bbox 1844 786 2009 841; x_wconf 80' lang='lat' dir='ltr'><strong>agno—</strong></span> 
     </span>
    </p>
   </div>
   <div class='ocr_carea' id='block_1_7' title="bbox 443 861 2004 935">
    <p class='ocr_par' dir='ltr' id='par_1_7' title="bbox 443 861 2004 935">
     <span class='ocr_line' id='line_1_7' title="bbox 443 861 2004 935; baseline -0.003 -14"><span class='ocrx_word' id='word_1_36' title='bbox 443 865 546 933; x_wconf 89' lang='lat' dir='ltr'><strong>sci,</strong></span> <span class='ocrx_word' id='word_1_37' title='bbox 581 874 743 935; x_wconf 90' lang='lat' dir='ltr'><strong>atque</strong></span> <span class='ocrx_word' id='word_1_38' title='bbox 773 865 891 934; x_wconf 85' lang='lat' dir='ltr'><strong>ejus</strong></span> <span class='ocrx_word' id='word_1_39' title='bbox 921 865 1142 934; x_wconf 88' lang='lat' dir='ltr'><strong>quidem</strong></span> <span class='ocrx_word' id='word_1_40' title='bbox 1176 863 1410 919; x_wconf 83' lang='lat' dir='ltr'><strong>Verbum</strong></span> <span class='ocrx_word' id='word_1_41' title='bbox 1442 872 1495 917; x_wconf 92' lang='lat' dir='ltr'><strong>et</strong></span> <span class='ocrx_word' id='word_1_42' title='bbox 1522 861 1841 930; x_wconf 86' lang='lat' dir='ltr'><strong>sapientiam</strong></span> <span class='ocrx_word' id='word_1_43' title='bbox 1863 876 2004 928; x_wconf 88' lang='lat' dir='ltr'><strong>esse,</strong></span> 
     </span>
    </p>
   </div>
   <div class='ocr_carea' id='block_1_8' title="bbox 443 953 2006 1030">
    <p class='ocr_par' dir='ltr' id='par_1_8' title="bbox 443 953 2006 1030">
     <span class='ocr_line' id='line_1_8' title="bbox 443 953 2006 1030; baseline -0.004 -16"><span class='ocrx_word' id='word_1_44' title='bbox 443 976 666 1030; x_wconf 89' lang='lat' dir='ltr'><strong>operum</strong></span> <span class='ocrx_word' id='word_1_45' title='bbox 701 973 832 1014; x_wconf 79' lang='lat' dir='ltr'><strong>vero</strong></span> <span class='ocrx_word' id='word_1_46' title='bbox 866 966 1190 1012; x_wconf 85' lang='lat' dir='ltr'><strong>creatorem.</strong></span> <span class='ocrx_word' id='word_1_47' title='bbox 1224 958 1279 1011; x_wconf 85' lang='lat' dir='ltr'><strong>Id</strong></span> <span class='ocrx_word' id='word_1_48' title='bbox 1313 957 1472 1011; x_wconf 88' lang='lat' dir='ltr'><strong>etiam</strong></span> <span class='ocrx_word' id='word_1_49' title='bbox 1508 954 1744 1024; x_wconf 89' lang='lat' dir='ltr'><strong>Spiritus</strong></span> <span class='ocrx_word' id='word_1_50' title='bbox 1767 955 1820 1008; x_wconf 91' lang='lat' dir='ltr'><strong>in</strong></span> <span class='ocrx_word' id='word_1_51' title='bbox 1859 953 2006 1010; x_wconf 85' lang='lat' dir='ltr'><strong>Psal-</strong></span> 
     </span>
    </p>
   </div>
   <div class='ocr_carea' id='block_1_9' title="bbox 442 1045 2005 1104">
    <p class='ocr_par' dir='ltr' id='par_1_9' title="bbox 442 1045 2005 1104">
     <span class='ocr_line' id='line_1_9' title="bbox 442 1045 2005 1104; baseline -0.003 0"><span class='ocrx_word' id='word_1_52' title='bbox 442 1049 548 1104; x_wconf 87' lang='lat' dir='ltr'><strong>mis</strong></span> <span class='ocrx_word' id='word_1_53' title='bbox 579 1049 812 1104; x_wconf 77' lang='lat' dir='ltr'><strong>dilueide</strong></span> <span class='ocrx_word' id='word_1_54' title='bbox 833 1049 1124 1103; x_wconf 89' lang='lat' dir='ltr'><strong>admodum</strong></span> <span class='ocrx_word' id='word_1_55' title='bbox 1157 1047 1404 1104; x_wconf 79' lang='lat' dir='ltr'><strong>distinxit</strong></span> <span class='ocrx_word' id='word_1_56' title='bbox 1441 1048 1524 1100; x_wconf 87' lang='lat' dir='ltr'><strong>his</strong></span> <span class='ocrx_word' id='word_1_57' title='bbox 1555 1045 2005 1102; x_wconf 76' lang='lat' dir='ltr'><strong>verbiszﬂectum</strong></span> 
     </span>
    </p>
   </div>
   <div class='ocr_carea' id='block_1_10' title="bbox 437 1138 2004 1208">
    <p class='ocr_par' dir='ltr' id='par_1_10' title="bbox 437 1138 2004 1208">
     <span class='ocr_line' id='line_1_10' title="bbox 437 1138 2004 1208; baseline -0.004 -10"><span class='ocrx_word' id='word_1_58' title='bbox 437 1155 514 1198; x_wconf 85' lang='lat' dir='ltr'><strong>est</strong></span> <span class='ocrx_word' id='word_1_59' title='bbox 553 1140 792 1196; x_wconf 59' lang='lat' dir='ltr'><strong>«Verbum</strong></span> <span class='ocrx_word' id='word_1_60' title='bbox 830 1139 1038 1194; x_wconf 78' lang='lat' dir='ltr'><strong>Domini</strong></span> <span class='ocrx_word' id='word_1_61' title='bbox 1068 1149 1117 1192; x_wconf 83' lang='lat' dir='ltr'><strong>et</strong></span> <span class='ocrx_word' id='word_1_62' title='bbox 1160 1139 1338 1192; x_wconf 84' lang='lat' dir='ltr'><strong>omnia</strong></span> <span class='ocrx_word' id='word_1_63' title='bbox 1375 1155 1531 1207; x_wconf 82' lang='lat' dir='ltr'><strong>opera</strong></span> <span class='ocrx_word' id='word_1_64' title='bbox 1559 1138 1672 1206; x_wconf 89' lang='lat' dir='ltr'><strong>ejus</strong></span> <span class='ocrx_word' id='word_1_65' title='bbox 1713 1140 1768 1192; x_wconf 88' lang='lat' dir='ltr'><strong>in</strong></span> <span class='ocrx_word' id='word_1_66' title='bbox 1805 1139 1906 1208; x_wconf 79' lang='lat' dir='ltr'><strong>ﬁde</strong></span> <span class='ocrx_word' id='word_1_67' title='bbox 1924 1139 2004 1205; x_wconf 79' lang='grc'><strong>⁸⁸·;</strong></span> 
     </span>
    </p>
   </div>
   <div class='ocr_carea' id='block_1_11' title="bbox 437 1227 2005 1300">
    <p class='ocr_par' dir='ltr' id='par_1_11' title="bbox 437 1227 2005 1300">
     <span class='ocr_line' id='line_1_11' title="bbox 437 1227 2005 1300; baseline -0.003 -15"><span class='ocrx_word' id='word_1_68' title='bbox 437 1244 491 1286; x_wconf 81' lang='lat' dir='ltr'><strong>et</strong></span> <span class='ocrx_word' id='word_1_69' title='bbox 525 1235 686 1289; x_wconf 88' lang='lat' dir='ltr'><strong>alibi:</strong></span> <span class='ocrx_word' id='word_1_70' title='bbox 715 1233 890 1298; x_wconf 81' lang='lat' dir='ltr'><strong>Quam</strong></span> <span class='ocrx_word' id='word_1_71' title='bbox 920 1231 1259 1300; x_wconf 75' lang='lat' dir='ltr'><strong>magniﬁcam</strong></span> <span class='ocrx_word' id='word_1_72' title='bbox 1286 1239 1407 1284; x_wconf 89' lang='lat' dir='ltr'><strong>sunt</strong></span> <span class='ocrx_word' id='word_1_73' title='bbox 1434 1245 1589 1299; x_wconf 82' lang='lat' dir='ltr'><strong>opera</strong></span> <span class='ocrx_word' id='word_1_74' title='bbox 1616 1239 1728 1296; x_wconf 91' lang='lat' dir='ltr'><strong>tua,</strong></span> <span class='ocrx_word' id='word_1_75' title='bbox 1751 1227 2005 1283; x_wconf 88' lang='lat' dir='ltr'><strong>Domine!</strong></span> 
     </span>
    </p>
   </div>
   <div class='ocr_carea' id='block_1_12' title="bbox 437 1325 1288 1394">
    <p class='ocr_par' dir='ltr' id='par_1_12' title="bbox 437 1325 1288 1394">
     <span class='ocr_line' id='line_1_12' title="bbox 437 1325 1288 1394; baseline 0 -17"><span class='ocrx_word' id='word_1_76' title='bbox 437 1329 616 1380; x_wconf 85' lang='lat' dir='ltr'><strong>omnia</strong></span> <span class='ocrx_word' id='word_1_77' title='bbox 647 1327 703 1379; x_wconf 87' lang='lat' dir='ltr'><strong>in</strong></span> <span class='ocrx_word' id='word_1_78' title='bbox 736 1325 996 1394; x_wconf 79' lang='lat' dir='ltr'><strong>sapientia</strong></span> <span class='ocrx_word' id='word_1_79' title='bbox 1027 1325 1197 1394; x_wconf 75' lang='lat' dir='ltr'><strong>fecisti</strong></span> <span class='ocrx_word' id='word_1_80' title='bbox 1220 1325 1288 1378; x_wconf 74' lang='grc'><strong>⁵⁵.</strong></span> 
     </span>
    </p>
   </div>
   <div class='ocr_carea' id='block_1_13' title="bbox 1048 290 3082 351">
    <p class='ocr_par' dir='ltr' id='par_1_13' title="bbox 1048 290 3082 351">
     <span class='ocr_line' id='line_1_13' title="bbox 1048 290 3082 351; baseline 0.001 -3"><span class='ocrx_word' id='word_1_81' title='bbox 1048 293 1105 348; x_wconf 82' lang='grc'><strong>8.</strong></span> <span class='ocrx_word' id='word_1_82' title='bbox 1140 291 1507 347; x_wconf 78' lang='lat' dir='ltr'><strong>ATHANASII</strong></span> <span class='ocrx_word' id='word_1_83' title='bbox 1545 291 1696 348; x_wconf 84' lang='lat' dir='ltr'><strong>OPP.</strong></span> <span class='ocrx_word' id='word_1_84' title='bbox 1736 291 1916 348; x_wconf 80' lang='lat' dir='ltr'><strong>PARS</strong></span> <span class='ocrx_word' id='word_1_85' title='bbox 1955 290 1993 344; x_wconf 92' lang='grc' dir='ltr'><strong>Ι.</strong></span> <span class='ocrx_word' id='word_1_86' title='bbox 2035 321 2104 330; x_wconf 91' lang='grc'><strong><em>-</em></strong></span> <span class='ocrx_word' id='word_1_87' title='bbox 2141 291 2507 348; x_wconf 75' lang='lat' dir='ltr'><strong>HISTORICA</strong></span> <span class='ocrx_word' id='word_1_88' title='bbox 2546 295 2631 349; x_wconf 84' lang='lat' dir='ltr'><strong>ET</strong></span> <span class='ocrx_word' id='word_1_89' title='bbox 2673 294 3082 351; x_wconf 71' lang='lat' dir='ltr'><strong>l206MA&#39;l&#39;lCA.</strong></span> 
     </span>
    </p>
   </div>
   <div class='ocr_carea' id='block_1_14' title="bbox 418 405 1995 481">
    <p class='ocr_par' dir='ltr' id='par_1_14' title="bbox 418 407 1995 478">
     <span class='ocr_line' id='line_1_14' title="bbox 418 407 1995 478; baseline -0.006 -10"><span class='ocrx_word' id='word_1_90' title='bbox 418 413 489 467; x_wconf 57' lang='grc' dir='ltr'>σιτ</span> <span class='ocrx_word' id='word_1_91' title='bbox 494 411 642 468; x_wconf 88' lang='lat' dir='ltr'><strong>ilium</strong></span> <span class='ocrx_word' id='word_1_92' title='bbox 676 408 1154 478; x_wconf 65' lang='lat' dir='ltr'><strong>praetermiserunt.</strong></span> <span class='ocrx_word' id='word_1_93' title='bbox 1184 408 1292 464; x_wconf 87' lang='lat' dir='ltr'><strong>Nec</strong></span> <span class='ocrx_word' id='word_1_94' title='bbox 1318 408 1463 462; x_wconf 90' lang='lat' dir='ltr'><strong>enim</strong></span> <span class='ocrx_word' id='word_1_95' title='bbox 1503 408 1723 463; x_wconf 85' lang='lat' dir='ltr'><strong>dixere:</strong></span> <span class='ocrx_word' id='word_1_96' title='bbox 1760 407 1995 461; x_wconf 24' lang='lat' dir='ltr'><strong>Benedic.</strong></span> 
     </span>
    </p>
   </div>
   <div class='ocr_carea' id='block_1_15' title="bbox 2104 405 3678 481">
    <p class='ocr_par' dir='ltr' id='par_1_15' title="bbox 2112 405 3678 481">
     <span class='ocr_line' id='line_1_15' title="bbox 2112 405 3678 481; baseline 0.002 -21"><span class='ocrx_word' id='word_1_97' title='bbox 2112 409 2307 461; x_wconf 84' lang='grc' dir='ltr'>πάντα</span> <span class='ocrx_word' id='word_1_98' title='bbox 2322 410 2393 463; x_wconf 80' lang='grc' dir='ltr'>τὰ</span> <span class='ocrx_word' id='word_1_99' title='bbox 2413 410 2555 478; x_wconf 76' lang='grc' dir='ltr'>ἔργα</span> <span class='ocrx_word' id='word_1_100' title='bbox 2579 411 2816 477; x_wconf 84' lang='grc' dir='ltr'>Κυρίου,</span> <span class='ocrx_word' id='word_1_101' title='bbox 2842 412 2945 465; x_wconf 78' lang='grc' dir='ltr'><strong>τόν</strong></span> <span class='ocrx_word' id='word_1_102' title='bbox 2960 413 3192 480; x_wconf 79' lang='grc' dir='ltr'><strong>Κύριον·</strong></span> <span class='ocrx_word' id='word_1_103' title='bbox 3220 412 3286 464; x_wconf 82' lang='grc' dir='ltr'><strong>τὰ</strong></span> <span class='ocrx_word' id='word_1_104' title='bbox 3317 410 3413 480; x_wconf 84' lang='grc' dir='ltr'><strong>μὲν</strong></span> <span class='ocrx_word' id='word_1_105' title='bbox 3439 405 3496 464; x_wconf 74' lang='grc' dir='ltr'>ἐν</span> <span class='ocrx_word' id='word_1_106' title='bbox 3515 408 3678 481; x_wconf 74' lang='grc' dir='ltr'>οὖρα-</span> 
     </span>
    </p>
   </div>
   <div class='ocr_carea' id='block_1_16' title="bbox 3573 297 3676 348">
    <p class='ocr_par' dir='ltr' id='par_1_16' title="bbox 3573 297 3676 348">
     <span class='ocr_line' id='line_1_16' title="bbox 3573 297 3676 348; baseline -0.01 0"><span class='ocrx_word' id='word_1_107' title='bbox 3573 297 3676 348; x_wconf 77' lang='lat'><strong>300</strong></span> 
     </span>
    </p>
   </div>
   <div class='ocr_carea' id='block_1_17' title="bbox 2114 490 3680 574">
    <p class='ocr_par' dir='ltr' id='par_1_17' title="bbox 2114 490 3680 574">
     <span class='ocr_line' id='line_1_17' title="bbox 2114 490 3680 574; baseline 0.001 -20"><span class='ocrx_word' id='word_1_108' title='bbox 2114 500 2189 570; x_wconf 88' lang='grc' dir='ltr'><strong>νῷ</strong></span> <span class='ocrx_word' id='word_1_109' title='bbox 2223 490 2407 555; x_wconf 65' lang='grc' dir='ltr'>καὶτὰ</span> <span class='ocrx_word' id='word_1_110' title='bbox 2433 501 2524 554; x_wconf 75' lang='grc' dir='ltr'><strong>ἐπὶ</strong></span> <span class='ocrx_word' id='word_1_111' title='bbox 2556 502 2692 572; x_wconf 80' lang='grc' dir='ltr'>γῆς,</span> <span class='ocrx_word' id='word_1_112' title='bbox 2741 505 2834 556; x_wconf 75' lang='grc' dir='ltr'>καὶ</span> <span class='ocrx_word' id='word_1_113' title='bbox 2861 505 3039 558; x_wconf 81' lang='grc' dir='ltr'>πᾶσαν</span> <span class='ocrx_word' id='word_1_114' title='bbox 3067 503 3163 574; x_wconf 82' lang='grc' dir='ltr'>τὴν</span> <span class='ocrx_word' id='word_1_115' title='bbox 3196 503 3372 555; x_wconf 81' lang='grc' dir='ltr'>κτίσιν</span> <span class='ocrx_word' id='word_1_116' title='bbox 3391 543 3406 567; x_wconf 89' lang='grc'><strong>,</strong></span> <span class='ocrx_word' id='word_1_117' title='bbox 3436 502 3510 566; x_wconf 85' lang='grc' dir='ltr'>ὡς</span> <span class='ocrx_word' id='word_1_118' title='bbox 3540 501 3680 573; x_wconf 86' lang='grc' dir='ltr'>ἔργα</span> 
     </span>
    </p>
   </div>
   <div class='ocr_carea' id='block_1_18' title="bbox 2112 591 3682 666">
    <p class='ocr_par' dir='ltr' id='par_1_18' title="bbox 2112 591 3682 666">
     <span class='ocr_line' id='line_1_18' title="bbox 2112 591 3682 666; baseline 0 -20"><span class='ocrx_word' id='word_1_119' title='bbox 2112 591 2434 656; x_wconf 80' lang='grc' dir='ltr'><strong>κατέλεξαν·</strong></span> <span class='ocrx_word' id='word_1_120' title='bbox 2464 592 2555 646; x_wconf 84' lang='grc' dir='ltr'><strong>τὸν</strong></span> <span class='ocrx_word' id='word_1_121' title='bbox 2583 593 2640 646; x_wconf 84' lang='grc' dir='ltr'>δὲ</span> <span class='ocrx_word' id='word_1_122' title='bbox 2669 593 2795 647; x_wconf 84' lang='grc' dir='ltr'>Υίδν</span> <span class='ocrx_word' id='word_1_123' title='bbox 2824 597 2922 648; x_wconf 88' lang='grc' dir='ltr'><strong>οὑκ</strong></span> <span class='ocrx_word' id='word_1_124' title='bbox 2947 595 3262 666; x_wconf 75' lang='grc' dir='ltr'><strong>ὠνόμασαν⁶</strong></span> <span class='ocrx_word' id='word_1_125' title='bbox 3299 594 3359 647; x_wconf 85' lang='grc' dir='ltr'><strong>οὑ</strong></span> <span class='ocrx_word' id='word_1_126' title='bbox 3390 592 3499 664; x_wconf 81' lang='grc' dir='ltr'><strong>γὰρ</strong></span> <span class='ocrx_word' id='word_1_127' title='bbox 3527 594 3682 664; x_wconf 73' lang='grc' dir='ltr'>εἰρή-</span> 
     </span>
    </p>
   </div>
   <div class='ocr_carea' id='block_1_19' title="bbox 2114 683 3682 757">
    <p class='ocr_par' dir='ltr' id='par_1_19' title="bbox 2114 683 3682 757">
     <span class='ocr_line' id='line_1_19' title="bbox 2114 683 3682 757; baseline -0.001 -20"><span class='ocrx_word' id='word_1_128' title='bbox 2114 701 2271 737; x_wconf 80' lang='grc' dir='ltr'>κασιν</span> <span class='ocrx_word' id='word_1_129' title='bbox 2299 684 2433 755; x_wconf 80' lang='grc'>(54)·</span> <span class='ocrx_word' id='word_1_130' title='bbox 2461 683 2706 754; x_wconf 85' lang='grc' dir='ltr'>Εὑλόγει,</span> <span class='ocrx_word' id='word_1_131' title='bbox 2736 687 2897 755; x_wconf 90' lang='grc' dir='ltr'>Λόγε,</span> <span class='ocrx_word' id='word_1_132' title='bbox 2924 685 3018 741; x_wconf 72' lang='grc' dir='ltr'><strong>καὶ</strong></span> <span class='ocrx_word' id='word_1_133' title='bbox 3046 685 3222 757; x_wconf 76' lang='grc' dir='ltr'>ὕμνει,</span> <span class='ocrx_word' id='word_1_134' title='bbox 3246 685 3405 754; x_wconf 78' lang='grc' dir='ltr'>σοφία</span> <span class='ocrx_word' id='word_1_135' title='bbox 3426 701 3443 719; x_wconf 78' lang='grc' dir='ltr'><strong>ο</strong></span> <span class='ocrx_word' id='word_1_136' title='bbox 3465 685 3552 738; x_wconf 78' lang='grc' dir='ltr'>ἵνα</span> <span class='ocrx_word' id='word_1_137' title='bbox 3573 683 3682 738; x_wconf 86' lang='grc' dir='ltr'>δεί-</span> 
     </span>
    </p>
   </div>
   <div class='ocr_carea' id='block_1_20' title="bbox 2117 774 3682 848">
    <p class='ocr_par' dir='ltr' id='par_1_20' title="bbox 2117 774 3682 848">
     <span class='ocr_line' id='line_1_20' title="bbox 2117 774 3682 848; baseline -0.001 -20"><span class='ocrx_word' id='word_1_138' title='bbox 2117 774 2308 841; x_wconf 84' lang='grc' dir='ltr'>ξωσιν,</span> <span class='ocrx_word' id='word_1_139' title='bbox 2341 777 2422 830; x_wconf 84' lang='grc' dir='ltr'>ὅτι</span> <span class='ocrx_word' id='word_1_140' title='bbox 2466 775 2536 830; x_wconf 84' lang='grc' dir='ltr'>τὰ</span> <span class='ocrx_word' id='word_1_141' title='bbox 2579 777 2674 848; x_wconf 79' lang='grc' dir='ltr'>μὲν</span> <span class='ocrx_word' id='word_1_142' title='bbox 2705 777 2836 831; x_wconf 82' lang='grc' dir='ltr'>ἄλλα</span> <span class='ocrx_word' id='word_1_143' title='bbox 2866 779 3041 832; x_wconf 84' lang='grc' dir='ltr'>πάντα</span> <span class='ocrx_word' id='word_1_144' title='bbox 3074 776 3343 848; x_wconf 86' lang='grc' dir='ltr'>ὑμνοῦντὰ</span> <span class='ocrx_word' id='word_1_145' title='bbox 3391 778 3536 838; x_wconf 78' lang='grc' dir='ltr'>ἐστι,</span> <span class='ocrx_word' id='word_1_146' title='bbox 3585 777 3682 828; x_wconf 75' lang='grc' dir='ltr'><strong>καὶ</strong></span> 
     </span>
    </p>
   </div>
   <div class='ocr_carea' id='block_1_21' title="bbox 2113 864 3679 939">
    <p class='ocr_par' dir='ltr' id='par_1_21' title="bbox 2113 864 3679 939">
     <span class='ocr_line' id='line_1_21' title="bbox 2113 864 3679 939; baseline 0 -21"><span class='ocrx_word' id='word_1_147' title='bbox 2113 864 2248 937; x_wconf 84' lang='grc' dir='ltr'>ἔργα</span> <span class='ocrx_word' id='word_1_148' title='bbox 2296 868 2444 920; x_wconf 79' lang='grc' dir='ltr'>ἐστί·</span> <span class='ocrx_word' id='word_1_149' title='bbox 2503 869 2531 919; x_wconf 87' lang='grc' dir='ltr'><strong>δ</strong></span> <span class='ocrx_word' id='word_1_150' title='bbox 2580 869 2635 921; x_wconf 83' lang='grc' dir='ltr'>δὲ</span> <span class='ocrx_word' id='word_1_151' title='bbox 2680 869 2848 937; x_wconf 86' lang='grc' dir='ltr'><strong>Λόγος</strong></span> <span class='ocrx_word' id='word_1_152' title='bbox 2875 870 2975 922; x_wconf 80' lang='grc' dir='ltr'><strong>οὐκ</strong></span> <span class='ocrx_word' id='word_1_153' title='bbox 3001 868 3146 921; x_wconf 87' lang='grc' dir='ltr'>ἔστιν</span> <span class='ocrx_word' id='word_1_154' title='bbox 3203 867 3359 939; x_wconf 93' lang='grc' dir='ltr'>ἔργον</span> <span class='ocrx_word' id='word_1_155' title='bbox 3400 866 3520 919; x_wconf 82' lang='grc' dir='ltr'>οὐδὲ</span> <span class='ocrx_word' id='word_1_156' title='bbox 3570 865 3679 920; x_wconf 84' lang='grc' dir='ltr'><strong>τῶν</strong></span> 
     </span>
    </p>
   </div>
   <div class='ocr_carea' id='block_1_22' title="bbox 2113 958 3684 1032">
    <p class='ocr_par' dir='ltr' id='par_1_22' title="bbox 2113 958 3684 1032">
     <span class='ocr_line' id='line_1_22' title="bbox 2113 958 3684 1032; baseline -0.002 -20"><span class='ocrx_word' id='word_1_157' title='bbox 2113 959 2438 1029; x_wconf 80' lang='grc' dir='ltr'>ὑμνούντων,</span> <span class='ocrx_word' id='word_1_158' title='bbox 2458 959 2591 1014; x_wconf 86' lang='grc' dir='ltr'>ἀλλὰ</span> <span class='ocrx_word' id='word_1_159' title='bbox 2612 961 2709 1013; x_wconf 79' lang='grc' dir='ltr'><strong>σὺν</strong></span> <span class='ocrx_word' id='word_1_160' title='bbox 2732 960 3001 1032; x_wconf 72' lang='grc' dir='ltr'>τῷιΠατρὶ</span> <span class='ocrx_word' id='word_1_161' title='bbox 3022 959 3375 1030; x_wconf 76' lang='grc' dir='ltr'>ὑμνούμενος,</span> <span class='ocrx_word' id='word_1_162' title='bbox 3393 958 3486 1012; x_wconf 74' lang='grc' dir='ltr'><strong>καὶ</strong></span> <span class='ocrx_word' id='word_1_163' title='bbox 3513 974 3684 1030; x_wconf 84' lang='grc' dir='ltr'>προσ-</span> 
     </span>
    </p>
   </div>
   <div class='ocr_carea' id='block_1_23' title="bbox 2111 1045 3680 1120">
    <p class='ocr_par' dir='ltr' id='par_1_23' title="bbox 2111 1045 3680 1120">
     <span class='ocr_line' id='line_1_23' title="bbox 2111 1045 3680 1120; baseline -0.001 -18"><span class='ocrx_word' id='word_1_164' title='bbox 2111 1049 2437 1120; x_wconf 80' lang='grc' dir='ltr'>κυνοὺμενός</span> <span class='ocrx_word' id='word_1_165' title='bbox 2464 1049 2573 1119; x_wconf 82' lang='grc'>(55)</span> <span class='ocrx_word' id='word_1_166' title='bbox 2608 1051 2722 1102; x_wconf 81' lang='grc' dir='ltr'>ἐστι</span> <span class='ocrx_word' id='word_1_167' title='bbox 2755 1051 2845 1102; x_wconf 80' lang='grc' dir='ltr'><strong>καὶ</strong></span> <span class='ocrx_word' id='word_1_168' title='bbox 2877 1049 3289 1120; x_wconf 82' lang='grc' dir='ltr'>Θεολογούμενος</span> <span class='ocrx_word' id='word_1_169' title='bbox 3310 1087 3325 1112; x_wconf 91' lang='grc'><strong>,</strong></span> <span class='ocrx_word' id='word_1_170' title='bbox 3373 1047 3544 1115; x_wconf 88' lang='grc' dir='ltr'>Λόγος</span> <span class='ocrx_word' id='word_1_171' title='bbox 3578 1045 3680 1117; x_wconf 83' lang='grc' dir='ltr'><strong>μὲν</strong></span> 
     </span>
    </p>
   </div>
   <div class='ocr_carea' id='block_1_24' title="bbox 2112 1137 3682 1212">
    <p class='ocr_par' dir='ltr' id='par_1_24' title="bbox 2112 1137 3682 1212">
     <span class='ocr_line' id='line_1_24' title="bbox 2112 1137 3682 1212; baseline -0.001 -21"><span class='ocrx_word' id='word_1_172' title='bbox 2112 1139 2275 1192; x_wconf 89' lang='grc' dir='ltr'>αὑτοῦ</span> <span class='ocrx_word' id='word_1_173' title='bbox 2306 1141 2397 1194; x_wconf 76' lang='grc' dir='ltr'><strong>καὶ</strong></span> <span class='ocrx_word' id='word_1_174' title='bbox 2423 1141 2584 1210; x_wconf 78' lang='grc' dir='ltr'>σοφία</span> <span class='ocrx_word' id='word_1_175' title='bbox 2609 1139 2704 1206; x_wconf 86' lang='grc' dir='ltr'><strong>ὢν,</strong></span> <span class='ocrx_word' id='word_1_176' title='bbox 2730 1140 2838 1194; x_wconf 85' lang='grc' dir='ltr'><strong>τῶν</strong></span> <span class='ocrx_word' id='word_1_177' title='bbox 2869 1141 2924 1194; x_wconf 84' lang='grc' dir='ltr'><strong>δὲ</strong></span> <span class='ocrx_word' id='word_1_178' title='bbox 2950 1140 3122 1212; x_wconf 85' lang='grc' dir='ltr'>ἔργων</span> <span class='ocrx_word' id='word_1_179' title='bbox 3143 1139 3486 1210; x_wconf 89' lang='grc' dir='ltr'>δημιουργός.</span> <span class='ocrx_word' id='word_1_180' title='bbox 3510 1137 3682 1191; x_wconf 89' lang='grc' dir='ltr'>Τοῦτο</span> 
     </span>
    </p>
   </div>
   <div class='ocr_carea' id='block_1_25' title="bbox 2107 1231 3681 1306">
    <p class='ocr_par' dir='ltr' id='par_1_25' title="bbox 2107 1231 3681 1306">
     <span class='ocr_line' id='line_1_25' title="bbox 2107 1231 3681 1306; baseline -0.001 -21"><span class='ocrx_word' id='word_1_181' title='bbox 2107 1232 2203 1286; x_wconf 78' lang='grc' dir='ltr'>καὶ</span> <span class='ocrx_word' id='word_1_182' title='bbox 2227 1232 2287 1286; x_wconf 86' lang='grc' dir='ltr'><strong>τὸ</strong></span> <span class='ocrx_word' id='word_1_183' title='bbox 2322 1232 2546 1304; x_wconf 80' lang='grc' dir='ltr'>Πνεῦμα</span> <span class='ocrx_word' id='word_1_184' title='bbox 2580 1236 2637 1287; x_wconf 84' lang='grc' dir='ltr'>ὲν</span> <span class='ocrx_word' id='word_1_185' title='bbox 2664 1234 2910 1305; x_wconf 81' lang='grc' dir='ltr'>Ψαλμοῖς</span> <span class='ocrx_word' id='word_1_186' title='bbox 2938 1233 3048 1306; x_wconf 81' lang='grc'>(56)</span> <span class='ocrx_word' id='word_1_187' title='bbox 3083 1234 3218 1306; x_wconf 76' lang='grc' dir='ltr'>μετὰ</span> <span class='ocrx_word' id='word_1_188' title='bbox 3249 1233 3538 1302; x_wconf 80' lang='grc' dir='ltr'><strong>καλλίστης</strong></span> <span class='ocrx_word' id='word_1_189' title='bbox 3566 1231 3681 1284; x_wconf 81' lang='grc' dir='ltr'>δια-</span> 
     </span>
    </p>
   </div>
   <div class='ocr_carea' id='block_1_26' title="bbox 2109 1321 3678 1398">
    <p class='ocr_par' dir='ltr' id='par_1_26' title="bbox 2109 1321 3678 1398">
     <span class='ocr_line' id='line_1_26' title="bbox 2109 1321 3678 1398; baseline -0.001 -23"><span class='ocrx_word' id='word_1_190' title='bbox 2109 1325 2300 1396; x_wconf 80' lang='grc' dir='ltr'>στολῆς</span> <span class='ocrx_word' id='word_1_191' title='bbox 2322 1326 2560 1398; x_wconf 71' lang='grc' dir='ltr'>εἴρηκεν,</span> <span class='ocrx_word' id='word_1_192' title='bbox 2589 1325 2669 1379; x_wconf 84' lang='grc' dir='ltr'>ὅτι</span> <span class='ocrx_word' id='word_1_193' title='bbox 2697 1326 2893 1392; x_wconf 79' lang='grc' dir='ltr'><strong>Εὐθὺς</strong></span> <span class='ocrx_word' id='word_1_194' title='bbox 2915 1330 2946 1380; x_wconf 72' lang='grc' dir='ltr'><em>ὁ</em></span> <span class='ocrx_word' id='word_1_195' title='bbox 2966 1327 3154 1394; x_wconf 72' lang='grc' dir='ltr'>Λόγος</span> <span class='ocrx_word' id='word_1_196' title='bbox 3179 1325 3285 1379; x_wconf 85' lang='grc' dir='ltr'><strong>τοῦ</strong></span> <span class='ocrx_word' id='word_1_197' title='bbox 3313 1325 3555 1393; x_wconf 84' lang='grc' dir='ltr'><strong>Κυρίου,</strong></span> <span class='ocrx_word' id='word_1_198' title='bbox 3577 1321 3678 1376; x_wconf 75' lang='grc' dir='ltr'><strong>καί</strong></span> 
     </span>
    </p>
   </div>
   <div class='ocr_carea' id='block_1_27' title="bbox 436 1418 3675 1492">
    <p class='ocr_par' dir='ltr' id='par_1_27' title="bbox 436 1418 3675 1492">
     <span class='ocr_line' id='line_1_27' title="bbox 436 1418 3675 1492; baseline -0 -19"><span class='ocrx_word' id='word_1_199' title='bbox 436 1420 733 1475; x_wconf 72' lang='grc' dir='ltr'>πάντατὰ</span> <span class='ocrx_word' id='word_1_200' title='bbox 768 1419 910 1489; x_wconf 74' lang='grc' dir='ltr'>ἔργα</span> <span class='ocrx_word' id='word_1_201' title='bbox 947 1420 1130 1473; x_wconf 84' lang='grc' dir='ltr'>αὐτοῦ</span> <span class='ocrx_word' id='word_1_202' title='bbox 1179 1419 1249 1472; x_wconf 81' lang='grc' dir='ltr'>ἐν</span> <span class='ocrx_word' id='word_1_203' title='bbox 1283 1419 1513 1473; x_wconf 76' lang='grc' dir='ltr'>πίστειο</span> <span class='ocrx_word' id='word_1_204' title='bbox 1541 1418 1786 1491; x_wconf 79' lang='grc' dir='ltr'>καθάπερ</span> <span class='ocrx_word' id='word_1_205' title='bbox 1822 1420 1914 1474; x_wconf 76' lang='grc' dir='ltr'>καὶ</span> <span class='ocrx_word' id='word_1_206' title='bbox 1941 1421 1998 1474; x_wconf 80' lang='grc' dir='ltr'>ἐν</span> <span class='ocrx_word' id='word_1_207' title='bbox 2031 1418 2200 1490; x_wconf 78' lang='grc' dir='ltr'>ἑτέρῳ</span> <span class='ocrx_word' id='word_1_208' title='bbox 2224 1422 2416 1492; x_wconf 83' lang='grc' dir='ltr'>φησίν·</span> <span class='ocrx_word' id='word_1_209' title='bbox 2459 1423 2554 1487; x_wconf 87' lang='grc' dir='ltr'>Ὡς</span> <span class='ocrx_word' id='word_1_210' title='bbox 2600 1423 2972 1491; x_wconf 76' lang='grc' dir='ltr'>ἐμεγαλύνθη</span> <span class='ocrx_word' id='word_1_211' title='bbox 3013 1422 3085 1476; x_wconf 82' lang='grc' dir='ltr'>τὰ</span> <span class='ocrx_word' id='word_1_212' title='bbox 3135 1421 3276 1491; x_wconf 66' lang='grc' dir='ltr'>ἔργα</span> <span class='ocrx_word' id='word_1_213' title='bbox 3300 1436 3436 1485; x_wconf 89' lang='grc' dir='ltr'>σου,</span> <span class='ocrx_word' id='word_1_214' title='bbox 3465 1421 3640 1488; x_wconf 82' lang='grc' dir='ltr'>Κύριε</span> <span class='ocrx_word' id='word_1_215' title='bbox 3662 1435 3675 1449; x_wconf 84' lang='grc'><em>’</em></span> 
     </span>
    </p>
   </div>
   <div class='ocr_carea' id='block_1_28' title="bbox 435 1511 1306 1579">
    <p class='ocr_par' dir='ltr' id='par_1_28' title="bbox 435 1511 1306 1579">
     <span class='ocr_line' id='line_1_28' title="bbox 435 1511 1306 1579; baseline -0.002 -14"><span class='ocrx_word' id='word_1_216' title='bbox 435 1512 631 1566; x_wconf 79' lang='grc' dir='ltr'>πάντα</span> <span class='ocrx_word' id='word_1_217' title='bbox 665 1513 735 1565; x_wconf 83' lang='grc' dir='ltr'>ὲν</span> <span class='ocrx_word' id='word_1_218' title='bbox 773 1511 958 1579; x_wconf 67' lang='grc' dir='ltr'>σοφίᾳ</span> <span class='ocrx_word' id='word_1_219' title='bbox 985 1511 1306 1579; x_wconf 78' lang='grc' dir='ltr'>ἐποίησας.</span> 
     </span>
    </p>
   </div>
   <div class='ocr_carea' id='block_1_29' title="bbox 509 1599 1995 1677">
    <p class='ocr_par' dir='ltr' id='par_1_29' title="bbox 509 1601 1995 1677">
     <span class='ocr_line' id='line_1_29' title="bbox 509 1601 1995 1677; baseline 0.001 -20"><span class='ocrx_word' id='word_1_220' title='bbox 509 1605 592 1657; x_wconf 73' lang='lat'><strong>72.</strong></span> <span class='ocrx_word' id='word_1_221' title='bbox 633 1603 794 1673; x_wconf 87' lang='lat' dir='ltr'><strong>Atqui</strong></span> <span class='ocrx_word' id='word_1_222' title='bbox 839 1603 886 1658; x_wconf 92' lang='lat' dir='ltr'><strong>si</strong></span> <span class='ocrx_word' id='word_1_223' title='bbox 917 1601 1152 1658; x_wconf 76' lang='lat' dir='ltr'><strong>Verbum</strong></span> <span class='ocrx_word' id='word_1_224' title='bbox 1181 1618 1320 1674; x_wconf 84' lang='lat' dir='ltr'><strong>Opus</strong></span> <span class='ocrx_word' id='word_1_225' title='bbox 1356 1615 1530 1672; x_wconf 86' lang='lat' dir='ltr'><strong>esset,</strong></span> <span class='ocrx_word' id='word_1_226' title='bbox 1559 1606 1772 1677; x_wconf 83' lang='lat' dir='ltr'><strong>absque</strong></span> <span class='ocrx_word' id='word_1_227' title='bbox 1829 1605 1995 1661; x_wconf 90' lang='lat' dir='ltr'><strong>dubio</strong></span> 
     </span>
    </p>
   </div>
   <div class='ocr_carea' id='block_1_30' title="bbox 2104 1599 3677 1677">
    <p class='ocr_par' dir='ltr' id='par_1_30' title="bbox 2167 1599 3677 1674">
     <span class='ocr_line' id='line_1_30' title="bbox 2167 1599 3677 1674; baseline 0 -19"><span class='ocrx_word' id='word_1_228' title='bbox 2167 1602 2255 1656; x_wconf 76' lang='lat'><strong>72.</strong></span> <span class='ocrx_word' id='word_1_229' title='bbox 2283 1603 2345 1655; x_wconf 79' lang='grc' dir='ltr'>Εἰ</span> <span class='ocrx_word' id='word_1_230' title='bbox 2371 1603 2426 1656; x_wconf 78' lang='grc' dir='ltr'>δὲ</span> <span class='ocrx_word' id='word_1_231' title='bbox 2455 1603 2613 1674; x_wconf 80' lang='grc' dir='ltr'>ἔργον</span> <span class='ocrx_word' id='word_1_232' title='bbox 2633 1599 2700 1674; x_wconf 81' lang='grc' dir='ltr'>ἦν</span> <span class='ocrx_word' id='word_1_233' title='bbox 2723 1604 2753 1655; x_wconf 86' lang='grc' dir='ltr'><strong>ὁ</strong></span> <span class='ocrx_word' id='word_1_234' title='bbox 2785 1603 2977 1671; x_wconf 87' lang='grc' dir='ltr'>Λόγος,</span> <span class='ocrx_word' id='word_1_235' title='bbox 2996 1603 3210 1665; x_wconf 86' lang='grc' dir='ltr'>πάντως</span> <span class='ocrx_word' id='word_1_236' title='bbox 3233 1601 3298 1655; x_wconf 84' lang='grc' dir='ltr'>ἂν</span> <span class='ocrx_word' id='word_1_237' title='bbox 3319 1602 3430 1673; x_wconf 78' lang='grc'>(57)</span> <span class='ocrx_word' id='word_1_238' title='bbox 3455 1603 3548 1656; x_wconf 78' lang='grc' dir='ltr'>καὶ</span> <span class='ocrx_word' id='word_1_239' title='bbox 3575 1603 3677 1657; x_wconf 87' lang='grc' dir='ltr'><strong>αὺ-</strong></span> 
     </span>
    </p>
   </div>
   <div class='ocr_carea' id='block_1_31' title="bbox 435 1694 1998 1769">
    <p class='ocr_par' dir='ltr' id='par_1_31' title="bbox 435 1694 1998 1769">
     <span class='ocr_line' id='line_1_31' title="bbox 435 1694 1998 1769; baseline 0.002 -20"><span class='ocrx_word' id='word_1_240' title='bbox 435 1697 490 1749; x_wconf 87' lang='lat' dir='ltr'><strong>in</strong></span> <span class='ocrx_word' id='word_1_241' title='bbox 554 1696 815 1766; x_wconf 89' lang='lat' dir='ltr'><strong>sapientia</strong></span> <span class='ocrx_word' id='word_1_242' title='bbox 858 1711 1078 1766; x_wconf 84' lang='lat' dir='ltr'><strong>quoque</strong></span> <span class='ocrx_word' id='word_1_243' title='bbox 1131 1694 1326 1752; x_wconf 80' lang='lat' dir='ltr'><strong>fuisset</strong></span> <span class='ocrx_word' id='word_1_244' title='bbox 1379 1696 1618 1763; x_wconf 79' lang='lat' dir='ltr'><strong>factum,</strong></span> <span class='ocrx_word' id='word_1_245' title='bbox 1675 1714 1776 1754; x_wconf 90' lang='lat' dir='ltr'><strong>nec</strong></span> <span class='ocrx_word' id='word_1_246' title='bbox 1821 1699 1998 1769; x_wconf 84' lang='lat' dir='ltr'><strong>ipsum</strong></span> 
     </span>
    </p>
   </div>
   <div class='ocr_carea' id='block_1_32' title="bbox 436 1787 2001 1862">
    <p class='ocr_par' dir='ltr' id='par_1_32' title="bbox 436 1787 2001 1862">
     <span class='ocr_line' id='line_1_32' title="bbox 436 1787 2001 1862; baseline 0.004 -21"><span class='ocrx_word' id='word_1_247' title='bbox 436 1787 716 1857; x_wconf 85' lang='lat' dir='ltr'><strong>Scriptura</strong></span> <span class='ocrx_word' id='word_1_248' title='bbox 747 1787 816 1842; x_wconf 88' lang='lat' dir='ltr'><strong>ab</strong></span> <span class='ocrx_word' id='word_1_249' title='bbox 865 1787 1121 1857; x_wconf 86' lang='lat' dir='ltr'><strong>operibus</strong></span> <span class='ocrx_word' id='word_1_250' title='bbox 1171 1788 1628 1858; x_wconf 89' lang='lat' dir='ltr'><strong>discriminasset,</strong></span> <span class='ocrx_word' id='word_1_251' title='bbox 1683 1806 1859 1862; x_wconf 82' lang='lat' dir='ltr'><strong>neque</strong></span> <span class='ocrx_word' id='word_1_252' title='bbox 1909 1792 2001 1847; x_wconf 90' lang='lat' dir='ltr'><strong>illa</strong></span> 
     </span>
    </p>
   </div>
   <div class='ocr_carea' id='block_1_33' title="bbox 432 1879 1999 1954">
    <p class='ocr_par' dir='ltr' id='par_1_33' title="bbox 432 1879 1999 1954">
     <span class='ocr_line' id='line_1_33' title="bbox 432 1879 1999 1954; baseline 0.004 -23"><span class='ocrx_word' id='word_1_253' title='bbox 432 1879 652 1948; x_wconf 83' lang='lat' dir='ltr'><strong>quidem</strong></span> <span class='ocrx_word' id='word_1_254' title='bbox 703 1895 898 1948; x_wconf 88' lang='lat' dir='ltr'><strong>opera;</strong></span> <span class='ocrx_word' id='word_1_255' title='bbox 948 1879 1051 1934; x_wconf 88' lang='lat' dir='ltr'><strong>hoc</strong></span> <span class='ocrx_word' id='word_1_256' title='bbox 1081 1889 1260 1935; x_wconf 89' lang='lat' dir='ltr'><strong>autem</strong></span> <span class='ocrx_word' id='word_1_257' title='bbox 1287 1921 1302 1945; x_wconf 92' lang='lat'><strong>,</strong></span> <span class='ocrx_word' id='word_1_258' title='bbox 1353 1880 1591 1938; x_wconf 78' lang='lat' dir='ltr'><strong>Verbum</strong></span> <span class='ocrx_word' id='word_1_259' title='bbox 1625 1893 1679 1938; x_wconf 88' lang='lat' dir='ltr'><strong>et</strong></span> <span class='ocrx_word' id='word_1_260' title='bbox 1723 1886 1999 1954; x_wconf 86' lang='lat' dir='ltr'><strong>propriam</strong></span> 
     </span>
    </p>
   </div>
   <div class='ocr_carea' id='block_1_34' title="bbox 433 1969 1998 2046">
    <p class='ocr_par' dir='ltr' id='par_1_34' title="bbox 433 1969 1998 2046">
     <span class='ocr_line' id='line_1_34' title="bbox 433 1969 1998 2046; baseline 0.006 -25"><span class='ocrx_word' id='word_1_261' title='bbox 433 1969 527 2025; x_wconf 87' lang='lat' dir='ltr'><strong>Dei</strong></span> <span class='ocrx_word' id='word_1_262' title='bbox 561 1969 884 2040; x_wconf 82' lang='lat' dir='ltr'><strong>sapientiam</strong></span> <span class='ocrx_word' id='word_1_263' title='bbox 929 1971 1276 2041; x_wconf 89' lang='lat' dir='ltr'><strong>appellasset.</strong></span> <span class='ocrx_word' id='word_1_264' title='bbox 1317 1973 1452 2028; x_wconf 90' lang='lat' dir='ltr'><strong>Cum</strong></span> <span class='ocrx_word' id='word_1_265' title='bbox 1503 1984 1682 2030; x_wconf 91' lang='lat' dir='ltr'><strong>autem</strong></span> <span class='ocrx_word' id='word_1_266' title='bbox 1721 1974 1998 2046; x_wconf 87' lang='lat' dir='ltr'><strong>Scriptura</strong></span> 
     </span>
    </p>
   </div>
   <div class='ocr_carea' id='block_1_35' title="bbox 431 2061 2002 2137">
    <p class='ocr_par' dir='ltr' id='par_1_35' title="bbox 431 2061 2002 2137">
     <span class='ocr_line' id='line_1_35' title="bbox 431 2061 2002 2137; baseline 0.004 -21"><span class='ocrx_word' id='word_1_267' title='bbox 431 2064 608 2130; x_wconf 88' lang='lat' dir='ltr'><strong>ipsum</strong></span> <span class='ocrx_word' id='word_1_268' title='bbox 643 2062 712 2116; x_wconf 92' lang='lat' dir='ltr'><strong>ab</strong></span> <span class='ocrx_word' id='word_1_269' title='bbox 747 2061 1004 2131; x_wconf 88' lang='lat' dir='ltr'><strong>operibus</strong></span> <span class='ocrx_word' id='word_1_270' title='bbox 1033 2073 1305 2131; x_wconf 85' lang='lat' dir='ltr'><strong>secernat,</strong></span> <span class='ocrx_word' id='word_1_271' title='bbox 1329 2065 1489 2121; x_wconf 87' lang='lat' dir='ltr'><strong>docet</strong></span> <span class='ocrx_word' id='word_1_272' title='bbox 1511 2065 1754 2136; x_wconf 80' lang='lat' dir='ltr'><strong>profecto</strong></span> <span class='ocrx_word' id='word_1_273' title='bbox 1782 2068 2002 2137; x_wconf 87' lang='lat' dir='ltr'><strong>sapien-</strong></span> 
     </span>
    </p>
   </div>
   <div class='ocr_carea' id='block_1_36' title="bbox 429 2155 1998 2228">
    <p class='ocr_par' dir='ltr' id='par_1_36' title="bbox 429 2155 1998 2228">
     <span class='ocr_line' id='line_1_36' title="bbox 429 2155 1998 2228; baseline 0.003 -20"><span class='ocrx_word' id='word_1_274' title='bbox 429 2155 559 2208; x_wconf 87' lang='lat' dir='ltr'><strong>tiam</strong></span> <span class='ocrx_word' id='word_1_275' title='bbox 589 2170 711 2209; x_wconf 89' lang='lat' dir='ltr'><strong>esse</strong></span> <span class='ocrx_word' id='word_1_276' title='bbox 741 2171 967 2226; x_wconf 89' lang='lat' dir='ltr'><strong>operum</strong></span> <span class='ocrx_word' id='word_1_277' title='bbox 999 2156 1324 2212; x_wconf 78' lang='lat' dir='ltr'><strong>eﬂ‘ectricem</strong></span> <span class='ocrx_word' id='word_1_278' title='bbox 1351 2195 1366 2221; x_wconf 89' lang='lat'><strong>,</strong></span> <span class='ocrx_word' id='word_1_279' title='bbox 1399 2173 1506 2212; x_wconf 89' lang='lat' dir='ltr'><strong>non</strong></span> <span class='ocrx_word' id='word_1_280' title='bbox 1542 2173 1673 2213; x_wconf 82' lang='lat' dir='ltr'><strong>vero</strong></span> <span class='ocrx_word' id='word_1_281' title='bbox 1701 2175 1857 2228; x_wconf 90' lang='lat' dir='ltr'><strong>opus.</strong></span> <span class='ocrx_word' id='word_1_282' title='bbox 1892 2159 1998 2213; x_wconf 89' lang='lat' dir='ltr'><strong>Ea-</strong></span> 
     </span>
    </p>
   </div>
   <div class='ocr_carea' id='block_1_37' title="bbox 429 2245 2000 2318">
    <p class='ocr_par' dir='ltr' id='par_1_37' title="bbox 429 2245 2000 2318">
     <span class='ocr_line' id='line_1_37' title="bbox 429 2245 2000 2318; baseline 0.005 -20"><span class='ocrx_word' id='word_1_283' title='bbox 429 2248 552 2300; x_wconf 91' lang='lat' dir='ltr'><strong>dem</strong></span> <span class='ocrx_word' id='word_1_284' title='bbox 578 2245 931 2304; x_wconf 83' lang='lat' dir='ltr'><strong>distinctione</strong></span> <span class='ocrx_word' id='word_1_285' title='bbox 986 2265 1119 2304; x_wconf 89' lang='lat' dir='ltr'><strong>usus</strong></span> <span class='ocrx_word' id='word_1_286' title='bbox 1150 2257 1234 2304; x_wconf 90' lang='lat' dir='ltr'><strong>est</strong></span> <span class='ocrx_word' id='word_1_287' title='bbox 1262 2247 1462 2305; x_wconf 87' lang='lat' dir='ltr'><strong>Paulus</strong></span> <span class='ocrx_word' id='word_1_288' title='bbox 1511 2249 1750 2318; x_wconf 77' lang='lat' dir='ltr'><strong>Epistula</strong></span> <span class='ocrx_word' id='word_1_289' title='bbox 1796 2252 1863 2306; x_wconf 92' lang='lat' dir='ltr'><strong>ad</strong></span> <span class='ocrx_word' id='word_1_290' title='bbox 1896 2251 2000 2306; x_wconf 75' lang='lat' dir='ltr'><strong>lle—</strong></span> 
     </span>
    </p>
   </div>
   <div class='ocr_carea' id='block_1_38' title="bbox 429 2334 1998 2397">
    <p class='ocr_par' dir='ltr' id='par_1_38' title="bbox 429 2334 1998 2397">
     <span class='ocr_line' id='line_1_38' title="bbox 429 2334 1998 2397; baseline 0.004 -9"><span class='ocrx_word' id='word_1_291' title='bbox 429 2334 634 2395; x_wconf 68' lang='lat' dir='ltr'><strong>breues.</strong></span> <span class='ocrx_word' id='word_1_292' title='bbox 667 2337 757 2390; x_wconf 88' lang='lat' dir='ltr'><strong>ubi</strong></span> <span class='ocrx_word' id='word_1_293' title='bbox 796 2338 911 2394; x_wconf 71' lang='lat' dir='ltr'><strong>haec</strong></span> <span class='ocrx_word' id='word_1_294' title='bbox 963 2339 1195 2394; x_wconf 85' lang='lat' dir='ltr'><strong>scribit:</strong></span> <span class='ocrx_word' id='word_1_295' title='bbox 1236 2339 1420 2393; x_wconf 81' lang='lat' dir='ltr'><strong>Vivum</strong></span> <span class='ocrx_word' id='word_1_296' title='bbox 1461 2341 1600 2395; x_wconf 86' lang='lat' dir='ltr'><strong>enim</strong></span> <span class='ocrx_word' id='word_1_297' title='bbox 1656 2351 1732 2396; x_wconf 84' lang='lat' dir='ltr'><strong>est</strong></span> <span class='ocrx_word' id='word_1_298' title='bbox 1776 2341 1998 2397; x_wconf 83' lang='lat' dir='ltr'><strong>Verbum</strong></span> 
     </span>
    </p>
   </div>
   <div class='ocr_carea' id='block_1_39' title="bbox 429 2427 1998 2504">
    <p class='ocr_par' dir='ltr' id='par_1_39' title="bbox 429 2427 1998 2504">
     <span class='ocr_line' id='line_1_39' title="bbox 429 2427 1998 2504; baseline 0.006 -23"><span class='ocrx_word' id='word_1_299' title='bbox 429 2427 530 2482; x_wconf 87' lang='lat' dir='ltr'><strong>Dei</strong></span> <span class='ocrx_word' id='word_1_300' title='bbox 582 2437 631 2483; x_wconf 86' lang='lat' dir='ltr'><strong>et</strong></span> <span class='ocrx_word' id='word_1_301' title='bbox 661 2431 841 2500; x_wconf 70' lang='lat' dir='ltr'><strong>efﬁcax</strong></span> <span class='ocrx_word' id='word_1_302' title='bbox 873 2440 922 2486; x_wconf 86' lang='lat' dir='ltr'><strong>et</strong></span> <span class='ocrx_word' id='word_1_303' title='bbox 980 2433 1188 2486; x_wconf 75' lang='lat' dir='ltr'><strong>acutius</strong></span> <span class='ocrx_word' id='word_1_304' title='bbox 1237 2435 1379 2487; x_wconf 89' lang='lat' dir='ltr'><strong>omni</strong></span> <span class='ocrx_word' id='word_1_305' title='bbox 1435 2434 1614 2504; x_wconf 86' lang='lat' dir='ltr'><strong>gladio</strong></span> <span class='ocrx_word' id='word_1_306' title='bbox 1648 2435 1903 2504; x_wconf 80' lang='lat' dir='ltr'><strong>ancipiti,</strong></span> <span class='ocrx_word' id='word_1_307' title='bbox 1947 2445 1998 2491; x_wconf 90' lang='lat' dir='ltr'><strong>et</strong></span> 
     </span>
    </p>
   </div>
   <div class='ocr_carea' id='block_1_40' title="bbox 427 2521 1998 2596">
    <p class='ocr_par' dir='ltr' id='par_1_40' title="bbox 427 2521 1998 2596">
     <span class='ocr_line' id='line_1_40' title="bbox 427 2521 1998 2596; baseline 0.006 -25"><span class='ocrx_word' id='word_1_308' title='bbox 427 2521 676 2590; x_wconf 78' lang='lat' dir='ltr'><strong>pertingit</strong></span> <span class='ocrx_word' id='word_1_309' title='bbox 701 2538 860 2592; x_wconf 87' lang='lat' dir='ltr'><strong>usque</strong></span> <span class='ocrx_word' id='word_1_310' title='bbox 877 2523 945 2576; x_wconf 88' lang='lat' dir='ltr'><strong>ad</strong></span> <span class='ocrx_word' id='word_1_311' title='bbox 973 2523 1279 2579; x_wconf 86' lang='lat' dir='ltr'><strong>divisionem</strong></span> <span class='ocrx_word' id='word_1_312' title='bbox 1301 2526 1492 2581; x_wconf 74' lang='lat' dir='ltr'><strong>anima:</strong></span> <span class='ocrx_word' id='word_1_313' title='bbox 1513 2535 1563 2579; x_wconf 89' lang='lat' dir='ltr'><strong>et</strong></span> <span class='ocrx_word' id='word_1_314' title='bbox 1589 2527 1828 2596; x_wconf 77' lang='lat' dir='ltr'><strong>spiritus,</strong></span> <span class='ocrx_word' id='word_1_315' title='bbox 1855 2545 1998 2581; x_wconf 90' lang='lat' dir='ltr'><strong>com-</strong></span> 
     </span>
    </p>
   </div>
   <div class='ocr_carea' id='block_1_41' title="bbox 427 2614 1998 2687">
    <p class='ocr_par' dir='ltr' id='par_1_41' title="bbox 427 2614 1998 2687">
     <span class='ocr_line' id='line_1_41' title="bbox 427 2614 1998 2687; baseline 0.003 -22"><span class='ocrx_word' id='word_1_316' title='bbox 427 2628 622 2682; x_wconf 85' lang='lat' dir='ltr'><strong>pagum</strong></span> <span class='ocrx_word' id='word_1_317' title='bbox 660 2629 863 2682; x_wconf 67' lang='lat' dir='ltr'><strong>quoque</strong></span> <span class='ocrx_word' id='word_1_318' title='bbox 893 2629 954 2667; x_wconf 88' lang='lat' dir='ltr'><strong>ac</strong></span> <span class='ocrx_word' id='word_1_319' title='bbox 999 2614 1386 2681; x_wconf 82' lang='lat' dir='ltr'><strong>medullarum,</strong></span> <span class='ocrx_word' id='word_1_320' title='bbox 1445 2625 1494 2670; x_wconf 89' lang='lat' dir='ltr'><strong>et</strong></span> <span class='ocrx_word' id='word_1_321' title='bbox 1522 2616 1688 2685; x_wconf 80' lang='lat' dir='ltr'><strong>judea:</strong></span> <span class='ocrx_word' id='word_1_322' title='bbox 1715 2616 1998 2687; x_wconf 88' lang='lat' dir='ltr'><strong>cogitatio-</strong></span> 
     </span>
    </p>
   </div>
   <div class='ocr_carea' id='block_1_42' title="bbox 427 2704 1998 2769">
    <p class='ocr_par' dir='ltr' id='par_1_42' title="bbox 427 2704 1998 2769">
     <span class='ocr_line' id='line_1_42' title="bbox 427 2704 1998 2769; baseline 0.003 -13"><span class='ocrx_word' id='word_1_323' title='bbox 427 2720 552 2757; x_wconf 86' lang='lat' dir='ltr'><strong>num</strong></span> <span class='ocrx_word' id='word_1_324' title='bbox 592 2715 641 2758; x_wconf 91' lang='lat' dir='ltr'><strong>et</strong></span> <span class='ocrx_word' id='word_1_325' title='bbox 686 2704 1089 2760; x_wconf 87' lang='lat' dir='ltr'><strong>meditationum</strong></span> <span class='ocrx_word' id='word_1_326' title='bbox 1135 2705 1338 2769; x_wconf 85' lang='lat' dir='ltr'><strong>cordis,</strong></span> <span class='ocrx_word' id='word_1_327' title='bbox 1372 2723 1462 2760; x_wconf 89' lang='lat' dir='ltr'><strong>nec</strong></span> <span class='ocrx_word' id='word_1_328' title='bbox 1505 2706 1620 2760; x_wconf 89' lang='lat' dir='ltr'><strong>ulla</strong></span> <span class='ocrx_word' id='word_1_329' title='bbox 1647 2716 1723 2760; x_wconf 88' lang='lat' dir='ltr'><strong>est</strong></span> <span class='ocrx_word' id='word_1_330' title='bbox 1752 2715 1998 2761; x_wconf 85' lang='lat' dir='ltr'><strong>creatura</strong></span> 
     </span>
    </p>
   </div>
   <div class='ocr_carea' id='block_1_43' title="bbox 426 2795 1995 2867">
    <p class='ocr_par' dir='ltr' id='par_1_43' title="bbox 426 2795 1995 2867">
     <span class='ocr_line' id='line_1_43' title="bbox 426 2795 1995 2867; baseline 0.003 -20"><span class='ocrx_word' id='word_1_331' title='bbox 426 2795 708 2848; x_wconf 83' lang='lat' dir='ltr'><strong>invisibilis</strong></span> <span class='ocrx_word' id='word_1_332' title='bbox 742 2796 795 2850; x_wconf 88' lang='lat' dir='ltr'><strong>in</strong></span> <span class='ocrx_word' id='word_1_333' title='bbox 822 2806 1099 2866; x_wconf 84' lang='lat' dir='ltr'><strong>conspectu</strong></span> <span class='ocrx_word' id='word_1_334' title='bbox 1129 2798 1243 2867; x_wconf 85' lang='lat' dir='ltr'><strong>ejus</strong></span> <span class='ocrx_word' id='word_1_335' title='bbox 1277 2799 1497 2852; x_wconf 61' lang='lat' dir='ltr'><strong>:ont&#39;nia</strong></span> <span class='ocrx_word' id='word_1_336' title='bbox 1546 2809 1721 2852; x_wconf 88' lang='lat' dir='ltr'><strong>autem</strong></span> <span class='ocrx_word' id='word_1_337' title='bbox 1758 2799 1902 2852; x_wconf 77' lang='lat' dir='ltr'><strong>nuda</strong></span> <span class='ocrx_word' id='word_1_338' title='bbox 1945 2806 1995 2852; x_wconf 90' lang='lat' dir='ltr'><strong>et</strong></span> 
     </span>
    </p>
   </div>
   <div class='ocr_carea' id='block_1_44' title="bbox 429 2887 1989 2958">
    <p class='ocr_par' dir='ltr' id='par_1_44' title="bbox 429 2887 1989 2958">
     <span class='ocr_line' id='line_1_44' title="bbox 429 2887 1989 2958; baseline 0.004 -21"><span class='ocrx_word' id='word_1_339' title='bbox 429 2895 611 2955; x_wconf 79' lang='lat' dir='ltr'><strong>aperta</strong></span> <span class='ocrx_word' id='word_1_340' title='bbox 637 2897 759 2940; x_wconf 88' lang='lat' dir='ltr'><strong>sunt</strong></span> <span class='ocrx_word' id='word_1_341' title='bbox 793 2888 959 2940; x_wconf 85' lang='lat' dir='ltr'><strong>oculis</strong></span> <span class='ocrx_word' id='word_1_342' title='bbox 987 2887 1131 2956; x_wconf 86' lang='lat' dir='ltr'><strong>ejus,</strong></span> <span class='ocrx_word' id='word_1_343' title='bbox 1161 2888 1230 2942; x_wconf 89' lang='lat' dir='ltr'><strong>ad</strong></span> <span class='ocrx_word' id='word_1_344' title='bbox 1262 2888 1399 2958; x_wconf 87' lang='lat' dir='ltr'><strong>quod</strong></span> <span class='ocrx_word' id='word_1_345' title='bbox 1423 2888 1571 2943; x_wconf 87' lang='lat' dir='ltr'><strong>nobis</strong></span> <span class='ocrx_word' id='word_1_346' title='bbox 1597 2898 1674 2942; x_wconf 89' lang='lat' dir='ltr'><strong>est</strong></span> <span class='ocrx_word' id='word_1_347' title='bbox 1721 2905 1892 2943; x_wconf 89' lang='lat' dir='ltr'><strong>sermo</strong></span> <span class='ocrx_word' id='word_1_348' title='bbox 1923 2890 1989 2943; x_wconf 82' lang='lat'><strong>°°.</strong></span> 
     </span>
    </p>
   </div>
   <div class='ocr_carea' id='block_1_45' title="bbox 2103 1693 3678 1766">
    <p class='ocr_par' dir='ltr' id='par_1_45' title="bbox 2103 1693 3678 1766">
     <span class='ocr_line' id='line_1_45' title="bbox 2103 1693 3678 1766; baseline 0 -18"><span class='ocrx_word' id='word_1_349' title='bbox 2103 1695 2193 1759; x_wconf 74' lang='grc' dir='ltr'><strong>τὸς</strong></span> <span class='ocrx_word' id='word_1_350' title='bbox 2235 1697 2292 1748; x_wconf 84' lang='grc' dir='ltr'>ὲν</span> <span class='ocrx_word' id='word_1_351' title='bbox 2321 1694 2481 1766; x_wconf 72' lang='grc' dir='ltr'>σοφίᾳ</span> <span class='ocrx_word' id='word_1_352' title='bbox 2509 1695 2782 1764; x_wconf 85' lang='grc' dir='ltr'>ἐγεγόνει,</span> <span class='ocrx_word' id='word_1_353' title='bbox 2827 1695 2921 1748; x_wconf 71' lang='grc' dir='ltr'><strong>καὶ</strong></span> <span class='ocrx_word' id='word_1_354' title='bbox 2950 1693 3060 1748; x_wconf 77' lang='grc' dir='ltr'>οὖτ⁹</span> <span class='ocrx_word' id='word_1_355' title='bbox 3093 1693 3158 1747; x_wconf 85' lang='grc' dir='ltr'><strong>ἂν</strong></span> <span class='ocrx_word' id='word_1_356' title='bbox 3183 1694 3479 1747; x_wconf 80' lang='grc' dir='ltr'>διέστελλεν</span> <span class='ocrx_word' id='word_1_357' title='bbox 3515 1695 3678 1748; x_wconf 81' lang='grc' dir='ltr'>αὑτὸν</span> 
     </span>
    </p>
   </div>
   <div class='ocr_carea' id='block_1_46' title="bbox 2102 1786 3676 1858">
    <p class='ocr_par' dir='ltr' id='par_1_46' title="bbox 2102 1786 3676 1858">
     <span class='ocr_line' id='line_1_46' title="bbox 2102 1786 3676 1858; baseline -0.001 -18"><span class='ocrx_word' id='word_1_358' title='bbox 2102 1786 2211 1840; x_wconf 83' lang='grc' dir='ltr'>ἀπὸ</span> <span class='ocrx_word' id='word_1_359' title='bbox 2231 1786 2336 1840; x_wconf 85' lang='grc' dir='ltr'><strong>τῶν</strong></span> <span class='ocrx_word' id='word_1_360' title='bbox 2359 1787 2533 1858; x_wconf 87' lang='grc' dir='ltr'>ἔργων</span> <span class='ocrx_word' id='word_1_361' title='bbox 2629 1787 2841 1858; x_wconf 80' lang='grc' dir='ltr'>Γραφὴ,</span> <span class='ocrx_word' id='word_1_362' title='bbox 2876 1786 2996 1841; x_wconf 84' lang='grc' dir='ltr'>οῦτε</span> <span class='ocrx_word' id='word_1_363' title='bbox 3021 1787 3088 1840; x_wconf 83' lang='grc' dir='ltr'><strong>τὰ</strong></span> <span class='ocrx_word' id='word_1_364' title='bbox 3115 1787 3214 1858; x_wconf 85' lang='grc' dir='ltr'><strong>μὲν</strong></span> <span class='ocrx_word' id='word_1_365' title='bbox 3241 1787 3376 1857; x_wconf 83' lang='grc' dir='ltr'>ἔργα</span> <span class='ocrx_word' id='word_1_366' title='bbox 3401 1787 3676 1857; x_wconf 74' lang='grc' dir='ltr'>ὠνόμαζε,</span> 
     </span>
    </p>
   </div>
   <div class='ocr_carea' id='block_1_47' title="bbox 2100 1877 3672 1950">
    <p class='ocr_par' dir='ltr' id='par_1_47' title="bbox 2100 1877 3672 1950">
     <span class='ocr_line' id='line_1_47' title="bbox 2100 1877 3672 1950; baseline 0.001 -18"><span class='ocrx_word' id='word_1_367' title='bbox 2100 1877 2191 1932; x_wconf 76' lang='grc' dir='ltr'><strong>τὸν</strong></span> <span class='ocrx_word' id='word_1_368' title='bbox 2221 1879 2276 1932; x_wconf 81' lang='grc' dir='ltr'>δὲ</span> <span class='ocrx_word' id='word_1_369' title='bbox 2306 1879 2476 1948; x_wconf 85' lang='grc' dir='ltr'>Λόγον</span> <span class='ocrx_word' id='word_1_370' title='bbox 2501 1880 2593 1932; x_wconf 71' lang='grc' dir='ltr'>καὶ</span> <span class='ocrx_word' id='word_1_371' title='bbox 2611 1881 2800 1948; x_wconf 79' lang='grc' dir='ltr'>σοφίαν</span> <span class='ocrx_word' id='word_1_372' title='bbox 2829 1879 2966 1932; x_wconf 85' lang='grc' dir='ltr'>ἰδίαν</span> <span class='ocrx_word' id='word_1_373' title='bbox 2989 1879 3081 1932; x_wconf 84' lang='grc' dir='ltr'><strong>τοῦ</strong></span> <span class='ocrx_word' id='word_1_374' title='bbox 3110 1879 3245 1932; x_wconf 79' lang='grc' dir='ltr'>Θεοῦ</span> <span class='ocrx_word' id='word_1_375' title='bbox 3269 1880 3672 1950; x_wconf 79' lang='grc' dir='ltr'>εὐηγγελίζετο.</span> 
     </span>
    </p>
   </div>
   <div class='ocr_carea' id='block_1_48' title="bbox 2099 1967 3677 2042">
    <p class='ocr_par' dir='ltr' id='par_1_48' title="bbox 2099 1967 3677 2042">
     <span class='ocr_line' id='line_1_48' title="bbox 2099 1967 3677 2042; baseline 0 -20"><span class='ocrx_word' id='word_1_376' title='bbox 2099 1967 2212 2022; x_wconf 86' lang='grc' dir='ltr'>Νῦν</span> <span class='ocrx_word' id='word_1_377' title='bbox 2234 1969 2309 2032; x_wconf 83' lang='grc' dir='ltr'>δὲ,</span> <span class='ocrx_word' id='word_1_378' title='bbox 2341 1969 2720 2022; x_wconf 82' lang='grc' dir='ltr'>διαστέλλουσα</span> <span class='ocrx_word' id='word_1_379' title='bbox 2748 1968 2856 2022; x_wconf 85' lang='grc' dir='ltr'><strong>τῶν</strong></span> <span class='ocrx_word' id='word_1_380' title='bbox 2885 1968 3060 2042; x_wconf 79' lang='grc' dir='ltr'>ἔργων</span> <span class='ocrx_word' id='word_1_381' title='bbox 3087 1969 3248 2023; x_wconf 78' lang='grc' dir='ltr'>αὑτὸν</span> <span class='ocrx_word' id='word_1_382' title='bbox 3269 1972 3302 2040; x_wconf 85' lang='grc' dir='ltr'>ἡ</span> <span class='ocrx_word' id='word_1_383' title='bbox 3323 1969 3533 2041; x_wconf 84' lang='grc' dir='ltr'>Γραφὴ.</span> <span class='ocrx_word' id='word_1_384' title='bbox 3563 1969 3677 2022; x_wconf 80' lang='grc' dir='ltr'>δεί-</span> 
     </span>
    </p>
   </div>
   <div class='ocr_carea' id='block_1_49' title="bbox 2099 2060 3676 2133">
    <p class='ocr_par' dir='ltr' id='par_1_49' title="bbox 2099 2060 3676 2133">
     <span class='ocr_line' id='line_1_49' title="bbox 2099 2060 3676 2133; baseline 0.002 -19"><span class='ocrx_word' id='word_1_385' title='bbox 2099 2077 2307 2124; x_wconf 89' lang='grc' dir='ltr'>κνυσιν,</span> <span class='ocrx_word' id='word_1_386' title='bbox 2332 2061 2412 2114; x_wconf 82' lang='grc' dir='ltr'>ὅτι</span> <span class='ocrx_word' id='word_1_387' title='bbox 2441 2060 2547 2113; x_wconf 83' lang='grc' dir='ltr'><strong>τῶν</strong></span> <span class='ocrx_word' id='word_1_388' title='bbox 2571 2060 2746 2131; x_wconf 84' lang='grc' dir='ltr'>ἔργων</span> <span class='ocrx_word' id='word_1_389' title='bbox 2773 2061 3099 2132; x_wconf 79' lang='grc' dir='ltr'>δημιουργός</span> <span class='ocrx_word' id='word_1_390' title='bbox 3120 2064 3268 2115; x_wconf 77' lang='grc' dir='ltr'>ἐστιν</span> <span class='ocrx_word' id='word_1_391' title='bbox 3291 2063 3324 2133; x_wconf 85' lang='grc' dir='ltr'>ἡ</span> <span class='ocrx_word' id='word_1_392' title='bbox 3356 2063 3545 2131; x_wconf 83' lang='grc' dir='ltr'>σοφία,</span> <span class='ocrx_word' id='word_1_393' title='bbox 3578 2065 3676 2117; x_wconf 68' lang='grc' dir='ltr'><strong>κα)⁵</strong></span> 
     </span>
    </p>
   </div>
   <div class='ocr_carea' id='block_1_50' title="bbox 2099 2150 3678 2226">
    <p class='ocr_par' dir='ltr' id='par_1_50' title="bbox 2099 2150 3678 2226">
     <span class='ocr_line' id='line_1_50' title="bbox 2099 2150 3678 2226; baseline 0.003 -22"><span class='ocrx_word' id='word_1_394' title='bbox 2099 2151 2197 2205; x_wconf 86' lang='grc' dir='ltr'><strong>οὑκ</strong></span> <span class='ocrx_word' id='word_1_395' title='bbox 2218 2150 2396 2223; x_wconf 85' lang='grc' dir='ltr'>ἔργον.</span> <span class='ocrx_word' id='word_1_396' title='bbox 2429 2151 2608 2222; x_wconf 79' lang='grc' dir='ltr'>Ταύτῃ</span> <span class='ocrx_word' id='word_1_397' title='bbox 2633 2154 2698 2223; x_wconf 80' lang='grc' dir='ltr'>τῇ</span> <span class='ocrx_word' id='word_1_398' title='bbox 2720 2152 2970 2222; x_wconf 79' lang='grc' dir='ltr'>διαστολῇ</span> <span class='ocrx_word' id='word_1_399' title='bbox 3003 2153 3095 2206; x_wconf 80' lang='grc' dir='ltr'><strong>καὶ</strong></span> <span class='ocrx_word' id='word_1_400' title='bbox 3117 2155 3146 2206; x_wconf 83' lang='grc' dir='ltr'>ὁ</span> <span class='ocrx_word' id='word_1_401' title='bbox 3175 2152 3384 2218; x_wconf 84' lang='grc' dir='ltr'>Παῦλος</span> <span class='ocrx_word' id='word_1_402' title='bbox 3411 2155 3678 2226; x_wconf 78' lang='grc' dir='ltr'>κέχρηται</span> 
     </span>
    </p>
   </div>
   <div class='ocr_carea' id='block_1_51' title="bbox 2098 2241 3669 2314">
    <p class='ocr_par' dir='ltr' id='par_1_51' title="bbox 2098 2241 3669 2314">
     <span class='ocr_line' id='line_1_51' title="bbox 2098 2241 3669 2314; baseline 0.001 -17"><span class='ocrx_word' id='word_1_403' title='bbox 2098 2243 2325 2314; x_wconf 84' lang='grc' dir='ltr'>γράφων</span> <span class='ocrx_word' id='word_1_404' title='bbox 2371 2241 2670 2314; x_wconf 77' lang='grc' dir='ltr'>Ἑϐραίοιςο</span> <span class='ocrx_word' id='word_1_405' title='bbox 2737 2242 2868 2296; x_wconf 91' lang='grc' dir='ltr'>Ζῶν</span> <span class='ocrx_word' id='word_1_406' title='bbox 2914 2246 3023 2312; x_wconf 62' lang='grc' dir='ltr'>γὰρ</span> <span class='ocrx_word' id='word_1_407' title='bbox 3055 2247 3086 2298; x_wconf 86' lang='grc' dir='ltr'><strong>ό</strong></span> <span class='ocrx_word' id='word_1_408' title='bbox 3136 2245 3327 2313; x_wconf 76' lang='grc' dir='ltr'>Λόγος</span> <span class='ocrx_word' id='word_1_409' title='bbox 3357 2245 3462 2298; x_wconf 86' lang='grc' dir='ltr'><strong>τοῦ</strong></span> <span class='ocrx_word' id='word_1_410' title='bbox 3496 2244 3669 2308; x_wconf 85' lang='grc' dir='ltr'>Θεοῦ,</span> 
     </span>
    </p>
   </div>
   <div class='ocr_carea' id='block_1_52' title="bbox 2097 2335 3672 2406">
    <p class='ocr_par' dir='ltr' id='par_1_52' title="bbox 2097 2335 3672 2406">
     <span class='ocr_line' id='line_1_52' title="bbox 2097 2335 3672 2406; baseline 0.002 -18"><span class='ocrx_word' id='word_1_411' title='bbox 2097 2335 2194 2389; x_wconf 81' lang='grc' dir='ltr'>καὶ</span> <span class='ocrx_word' id='word_1_412' title='bbox 2217 2335 2465 2405; x_wconf 76' lang='grc' dir='ltr'>ἐνεργὴς</span> <span class='ocrx_word' id='word_1_413' title='bbox 2489 2376 2503 2399; x_wconf 91' lang='grc'><strong>,</strong></span> <span class='ocrx_word' id='word_1_414' title='bbox 2534 2335 2634 2388; x_wconf 79' lang='grc' dir='ltr'>καὶ</span> <span class='ocrx_word' id='word_1_415' title='bbox 2662 2335 2986 2406; x_wconf 84' lang='grc' dir='ltr'>τομώτερος</span> <span class='ocrx_word' id='word_1_416' title='bbox 3021 2335 3172 2406; x_wconf 78' lang='grc' dir='ltr'>ὑπὲρ</span> <span class='ocrx_word' id='word_1_417' title='bbox 3209 2336 3416 2390; x_wconf 81' lang='grc' dir='ltr'>πᾶσαν</span> <span class='ocrx_word' id='word_1_418' title='bbox 3451 2337 3672 2406; x_wconf 77' lang='grc' dir='ltr'>μαχαι-</span> 
     </span>
    </p>
   </div>
   <div class='ocr_carea' id='block_1_53' title="bbox 2089 2424 3674 2498">
    <p class='ocr_par' dir='ltr' id='par_1_53' title="bbox 2089 2424 3674 2498">
     <span class='ocr_line' id='line_1_53' title="bbox 2089 2424 3674 2498; baseline 0.004 -21"><span class='ocrx_word' id='word_1_419' title='bbox 2089 2442 2208 2495; x_wconf 89' lang='grc' dir='ltr'><strong>ραν</strong></span> <span class='ocrx_word' id='word_1_420' title='bbox 2225 2424 2531 2494; x_wconf 84' lang='grc' dir='ltr'>δίστομον,</span> <span class='ocrx_word' id='word_1_421' title='bbox 2554 2426 2650 2478; x_wconf 78' lang='grc' dir='ltr'>καὶ</span> <span class='ocrx_word' id='word_1_422' title='bbox 2675 2427 3088 2496; x_wconf 77' lang='grc' dir='ltr'>διικνούμενος</span> <span class='ocrx_word' id='word_1_423' title='bbox 3106 2427 3240 2497; x_wconf 82' lang='grc' dir='ltr'>ἄχρι</span> <span class='ocrx_word' id='word_1_424' title='bbox 3260 2428 3367 2498; x_wconf 80' lang='grc'>(58)</span> <span class='ocrx_word' id='word_1_425' title='bbox 3380 2429 3674 2498; x_wconf 79' lang='grc' dir='ltr'>μερισμοῦ</span> 
     </span>
    </p>
   </div>
   <div class='ocr_carea' id='block_1_54' title="bbox 2095 2515 3662 2590">
    <p class='ocr_par' dir='ltr' id='par_1_54' title="bbox 2095 2515 3662 2590">
     <span class='ocr_line' id='line_1_54' title="bbox 2095 2515 3662 2590; baseline 0.003 -20"><span class='ocrx_word' id='word_1_426' title='bbox 2095 2515 2304 2588; x_wconf 74' lang='grc' dir='ltr'><strong>ψυχῆς</strong></span> <span class='ocrx_word' id='word_1_427' title='bbox 2328 2518 2425 2571; x_wconf 81' lang='grc' dir='ltr'>καὶ</span> <span class='ocrx_word' id='word_1_428' title='bbox 2457 2519 2812 2587; x_wconf 81' lang='grc' dir='ltr'>πνεύματος,</span> <span class='ocrx_word' id='word_1_429' title='bbox 2844 2517 3046 2589; x_wconf 80' lang='grc' dir='ltr'>ἁρμῶν</span> <span class='ocrx_word' id='word_1_430' title='bbox 3069 2537 3131 2572; x_wconf 89' lang='grc' dir='ltr'><strong>τε</strong></span> <span class='ocrx_word' id='word_1_431' title='bbox 3161 2521 3259 2574; x_wconf 76' lang='grc' dir='ltr'>καὶ</span> <span class='ocrx_word' id='word_1_432' title='bbox 3279 2521 3538 2590; x_wconf 80' lang='grc' dir='ltr'>μυελῶν,</span> <span class='ocrx_word' id='word_1_433' title='bbox 3563 2522 3662 2574; x_wconf 73' lang='grc' dir='ltr'>καὶ</span> 
     </span>
    </p>
   </div>
   <div class='ocr_carea' id='block_1_55' title="bbox 2095 2607 3675 2678">
    <p class='ocr_par' dir='ltr' id='par_1_55' title="bbox 2095 2607 3675 2678">
     <span class='ocr_line' id='line_1_55' title="bbox 2095 2607 3675 2678; baseline 0 -16"><span class='ocrx_word' id='word_1_434' title='bbox 2095 2607 2354 2677; x_wconf 79' lang='grc' dir='ltr'>κριτικὸς</span> <span class='ocrx_word' id='word_1_435' title='bbox 2377 2609 2764 2678; x_wconf 79' lang='grc' dir='ltr'>ἐνθυμήσεων</span> <span class='ocrx_word' id='word_1_436' title='bbox 2779 2609 2875 2662; x_wconf 79' lang='grc' dir='ltr'>καὶ</span> <span class='ocrx_word' id='word_1_437' title='bbox 2895 2609 3141 2663; x_wconf 78' lang='grc' dir='ltr'>ἐννοιῶν</span> <span class='ocrx_word' id='word_1_438' title='bbox 3159 2610 3421 2678; x_wconf 79' lang='grc' dir='ltr'>καρδίας,</span> <span class='ocrx_word' id='word_1_439' title='bbox 3441 2610 3533 2664; x_wconf 76' lang='grc' dir='ltr'>καὶ</span> <span class='ocrx_word' id='word_1_440' title='bbox 3561 2613 3675 2664; x_wconf 84' lang='grc' dir='ltr'>οὐκ</span> 
     </span>
    </p>
   </div>
   <div class='ocr_carea' id='block_1_56' title="bbox 2094 2699 3676 2771">
    <p class='ocr_par' dir='ltr' id='par_1_56' title="bbox 2094 2699 3676 2771">
     <span class='ocr_line' id='line_1_56' title="bbox 2094 2699 3676 2771; baseline 0.002 -19"><span class='ocrx_word' id='word_1_441' title='bbox 2094 2699 2226 2754; x_wconf 78' lang='grc' dir='ltr'>ἐστι</span> <span class='ocrx_word' id='word_1_442' title='bbox 2240 2701 2437 2766; x_wconf 86' lang='grc' dir='ltr'>κτίσις</span> <span class='ocrx_word' id='word_1_443' title='bbox 2451 2699 2689 2769; x_wconf 72' lang='grc' dir='ltr'>ἀφανὴς</span> <span class='ocrx_word' id='word_1_444' title='bbox 2705 2701 3172 2763; x_wconf 75' lang='grc' dir='ltr'>ἐνώπιοναὺτοῦ,</span> <span class='ocrx_word' id='word_1_445' title='bbox 3187 2701 3381 2755; x_wconf 82' lang='grc' dir='ltr'>πάντα</span> <span class='ocrx_word' id='word_1_446' title='bbox 3397 2701 3462 2754; x_wconf 86' lang='grc' dir='ltr'>δὲ</span> <span class='ocrx_word' id='word_1_447' title='bbox 3479 2703 3676 2771; x_wconf 77' lang='grc' dir='ltr'>γυμνὰ</span> 
     </span>
    </p>
   </div>
   <div class='ocr_carea' id='block_1_57' title="bbox 2094 2791 3672 2863">
    <p class='ocr_par' dir='ltr' id='par_1_57' title="bbox 2094 2791 3672 2863">
     <span class='ocr_line' id='line_1_57' title="bbox 2094 2791 3672 2863; baseline 0.001 -17"><span class='ocrx_word' id='word_1_448' title='bbox 2094 2793 2192 2847; x_wconf 81' lang='grc' dir='ltr'>καὶ</span> <span class='ocrx_word' id='word_1_449' title='bbox 2211 2791 2719 2862; x_wconf 72' lang='grc' dir='ltr'>τετραχηλισμένα</span> <span class='ocrx_word' id='word_1_450' title='bbox 2733 2793 2854 2856; x_wconf 83' lang='grc' dir='ltr'>τοῖς</span> <span class='ocrx_word' id='word_1_451' title='bbox 2872 2794 3197 2863; x_wconf 59' lang='grc' dir='ltr'>ὀρθαᾴμοῖς</span> <span class='ocrx_word' id='word_1_452' title='bbox 3214 2793 3419 2859; x_wconf 82' lang='grc' dir='ltr'>αὐτοῦ,</span> <span class='ocrx_word' id='word_1_453' title='bbox 3437 2797 3582 2863; x_wconf 72' lang='grc' dir='ltr'>πρὸς</span> <span class='ocrx_word' id='word_1_454' title='bbox 3599 2795 3672 2848; x_wconf 81' lang='grc' dir='ltr'>ὃν</span> 
     </span>
    </p>
   </div>
   <div class='ocr_carea' id='block_1_58' title="bbox 2098 2884 3677 2956">
    <p class='ocr_par' dir='ltr' id='par_1_58' title="bbox 2098 2884 3677 2956">
     <span class='ocr_line' id='line_1_58' title="bbox 2098 2884 3677 2956; baseline 0.002 -19"><span class='ocrx_word' id='word_1_455' title='bbox 2098 2885 2244 2956; x_wconf 78' lang='grc' dir='ltr'>ἡμῖν</span> <span class='ocrx_word' id='word_1_456' title='bbox 2275 2889 2308 2939; x_wconf 80' lang='grc' dir='ltr'><em>ὁ</em></span> <span class='ocrx_word' id='word_1_457' title='bbox 2348 2888 2551 2954; x_wconf 73' lang='grc' dir='ltr'>λόγος.</span> <span class='ocrx_word' id='word_1_458' title='bbox 2595 2885 2725 2938; x_wconf 83' lang='grc' dir='ltr'>Ἰδοὺ</span> <span class='ocrx_word' id='word_1_459' title='bbox 2754 2884 2861 2956; x_wconf 77' lang='grc' dir='ltr'>γὰρ</span> <span class='ocrx_word' id='word_1_460' title='bbox 2889 2884 2956 2938; x_wconf 77' lang='grc' dir='ltr'>τὰ</span> <span class='ocrx_word' id='word_1_461' title='bbox 2987 2886 3084 2956; x_wconf 84' lang='grc' dir='ltr'><strong>μὲν</strong></span> <span class='ocrx_word' id='word_1_462' title='bbox 3108 2887 3308 2956; x_wconf 75' lang='grc' dir='ltr'>γενητὰ</span> <span class='ocrx_word' id='word_1_463' title='bbox 3335 2886 3510 2939; x_wconf 84' lang='grc' dir='ltr'>κτίσιν</span> <span class='ocrx_word' id='word_1_464' title='bbox 3543 2887 3677 2940; x_wconf 83' lang='grc' dir='ltr'>ὠνό-</span> 
     </span>
    </p>
   </div>
   <div class='ocr_carea' id='block_1_59' title="bbox 428 2973 1995 3051">
    <p class='ocr_par' dir='ltr' id='par_1_59' title="bbox 428 2975 1995 3048">
     <span class='ocr_line' id='line_1_59' title="bbox 428 2975 1995 3048; baseline 0.003 -20"><span class='ocrx_word' id='word_1_465' title='bbox 428 2975 569 3032; x_wconf 87' lang='lat' dir='ltr'><strong>Ecce</strong></span> <span class='ocrx_word' id='word_1_466' title='bbox 595 2993 682 3032; x_wconf 88' lang='lat' dir='ltr'><strong>res</strong></span> <span class='ocrx_word' id='word_1_467' title='bbox 720 2977 939 3046; x_wconf 86' lang='lat' dir='ltr'><strong>quidem</strong></span> <span class='ocrx_word' id='word_1_468' title='bbox 974 2976 1183 3043; x_wconf 81' lang='lat' dir='ltr'><strong>factas,</strong></span> <span class='ocrx_word' id='word_1_469' title='bbox 1219 2985 1552 3045; x_wconf 89' lang='lat' dir='ltr'><strong>creaturam,</strong></span> <span class='ocrx_word' id='word_1_470' title='bbox 1596 2977 1828 3048; x_wconf 85' lang='lat' dir='ltr'><strong>appellat</strong></span> <span class='ocrx_word' id='word_1_471' title='bbox 1858 2996 1871 3031; x_wconf 91' lang='lat'><strong>:</strong></span> <span class='ocrx_word' id='word_1_472' title='bbox 1906 2976 1995 3032; x_wconf 88' lang='lat' dir='ltr'><strong>Fi-</strong></span> 
     </span>
    </p>
   </div>
   <div class='ocr_carea' id='block_1_60' title="bbox 2104 2973 3673 3051">
    <p class='ocr_par' dir='ltr' id='par_1_60' title="bbox 2104 2973 3673 3051">
     <span class='ocr_line' id='line_1_60' title="bbox 2104 2973 3673 3051; baseline -0.001 -19"><span class='ocrx_word' id='word_1_473' title='bbox 2104 2996 2240 3051; x_wconf 83' lang='grc' dir='ltr'>μασε</span> <span class='ocrx_word' id='word_1_474' title='bbox 2278 2976 2419 3050; x_wconf 79' lang='lat'><strong>(59)°</strong></span> <span class='ocrx_word' id='word_1_475' title='bbox 2453 2977 2543 3031; x_wconf 82' lang='grc' dir='ltr'><strong>τὸν</strong></span> <span class='ocrx_word' id='word_1_476' title='bbox 2591 2977 2647 3030; x_wconf 84' lang='grc' dir='ltr'><strong>δὲ</strong></span> <span class='ocrx_word' id='word_1_477' title='bbox 2689 2977 2817 3031; x_wconf 81' lang='grc' dir='ltr'>Υίδν</span> <span class='ocrx_word' id='word_1_478' title='bbox 2850 2977 3020 3046; x_wconf 86' lang='grc' dir='ltr'>Λόγον</span> <span class='ocrx_word' id='word_1_479' title='bbox 3051 2973 3187 3030; x_wconf 80' lang='grc' dir='ltr'>οἶδεν</span> <span class='ocrx_word' id='word_1_480' title='bbox 3229 2977 3357 3030; x_wconf 75' lang='grc' dir='ltr'>ὄντα</span> <span class='ocrx_word' id='word_1_481' title='bbox 3393 2977 3484 3030; x_wconf 87' lang='grc' dir='ltr'><strong>τοῦ</strong></span> <span class='ocrx_word' id='word_1_482' title='bbox 3513 2977 3673 3041; x_wconf 87' lang='grc' dir='ltr'>Θεοῦ,</span> 
     </span>
    </p>
   </div>
   <div class='ocr_carea' id='block_1_61' title="bbox 427 3065 1996 3144">
    <p class='ocr_par' dir='ltr' id='par_1_61' title="bbox 427 3065 1996 3144">
     <span class='ocr_line' id='line_1_61' title="bbox 427 3065 1996 3144; baseline 0.005 -24"><span class='ocrx_word' id='word_1_483' title='bbox 427 3065 562 3121; x_wconf 77' lang='lat' dir='ltr'><strong>lium</strong></span> <span class='ocrx_word' id='word_1_484' title='bbox 584 3083 716 3122; x_wconf 83' lang='lat' dir='ltr'><strong>vero</strong></span> <span class='ocrx_word' id='word_1_485' title='bbox 747 3066 984 3124; x_wconf 80' lang='lat' dir='ltr'><strong>Verbum</strong></span> <span class='ocrx_word' id='word_1_486' title='bbox 1016 3069 1110 3124; x_wconf 87' lang='lat' dir='ltr'><strong>Dei</strong></span> <span class='ocrx_word' id='word_1_487' title='bbox 1137 3085 1259 3127; x_wconf 88' lang='lat' dir='ltr'><strong>esse</strong></span> <span class='ocrx_word' id='word_1_488' title='bbox 1301 3073 1451 3127; x_wconf 83' lang='lat' dir='ltr'><strong>novit</strong></span> <span class='ocrx_word' id='word_1_489' title='bbox 1473 3114 1489 3140; x_wconf 94' lang='lat'><strong>,</strong></span> <span class='ocrx_word' id='word_1_490' title='bbox 1518 3081 1704 3144; x_wconf 89' lang='lat' dir='ltr'><strong>utpote</strong></span> <span class='ocrx_word' id='word_1_491' title='bbox 1731 3073 1826 3143; x_wconf 81' lang='lat' dir='ltr'><strong>qui</strong></span> <span class='ocrx_word' id='word_1_492' title='bbox 1855 3073 1996 3128; x_wconf 87' lang='lat' dir='ltr'><strong>alius</strong></span> 
     </span>
    </p>
   </div>
   <div class='ocr_carea' id='block_1_62' title="bbox 427 3156 1997 3218">
    <p class='ocr_par' dir='ltr' id='par_1_62' title="bbox 427 3156 1997 3218">
     <span class='ocr_line' id='line_1_62' title="bbox 427 3156 1997 3218; baseline 0.003 -6"><span class='ocrx_word' id='word_1_493' title='bbox 427 3156 501 3212; x_wconf 75' lang='lat' dir='ltr'><strong>sit</strong></span> <span class='ocrx_word' id='word_1_494' title='bbox 533 3173 562 3210; x_wconf 91' lang='lat' dir='ltr'><strong>a</strong></span> <span class='ocrx_word' id='word_1_495' title='bbox 588 3158 750 3213; x_wconf 86' lang='lat' dir='ltr'><strong>rebus</strong></span> <span class='ocrx_word' id='word_1_496' title='bbox 781 3161 997 3214; x_wconf 86' lang='lat' dir='ltr'><strong>creatis.</strong></span> <span class='ocrx_word' id='word_1_497' title='bbox 1034 3158 1170 3215; x_wconf 88' lang='lat' dir='ltr'><strong>Cum</strong></span> <span class='ocrx_word' id='word_1_498' title='bbox 1221 3162 1348 3217; x_wconf 89' lang='lat' dir='ltr'><strong>item</strong></span> <span class='ocrx_word' id='word_1_499' title='bbox 1378 3162 1563 3218; x_wconf 84' lang='lat' dir='ltr'><strong>addit:</strong></span> <span class='ocrx_word' id='word_1_500' title='bbox 1595 3161 1789 3218; x_wconf 86' lang='lat' dir='ltr'><strong>Omnia</strong></span> <span class='ocrx_word' id='word_1_501' title='bbox 1821 3175 1997 3218; x_wconf 79' lang='lat' dir='ltr'><strong>autent</strong></span> 
     </span>
    </p>
   </div>
   <div class='ocr_carea' id='block_1_63' title="bbox 429 3247 1996 3323">
    <p class='ocr_par' dir='ltr' id='par_1_63' title="bbox 429 3247 1996 3323">
     <span class='ocr_line' id='line_1_63' title="bbox 429 3247 1996 3323; baseline 0.004 -23"><span class='ocrx_word' id='word_1_502' title='bbox 429 3247 572 3301; x_wconf 86' lang='lat' dir='ltr'><strong>nuda</strong></span> <span class='ocrx_word' id='word_1_503' title='bbox 598 3257 647 3302; x_wconf 90' lang='lat' dir='ltr'><strong>et</strong></span> <span class='ocrx_word' id='word_1_504' title='bbox 682 3260 866 3316; x_wconf 88' lang='lat' dir='ltr'><strong>aperta</strong></span> <span class='ocrx_word' id='word_1_505' title='bbox 897 3263 1015 3306; x_wconf 91' lang='lat' dir='ltr'><strong>sunt</strong></span> <span class='ocrx_word' id='word_1_506' title='bbox 1052 3250 1221 3305; x_wconf 86' lang='lat' dir='ltr'><strong>oculis</strong></span> <span class='ocrx_word' id='word_1_507' title='bbox 1254 3252 1396 3320; x_wconf 86' lang='lat' dir='ltr'><strong>ejus,</strong></span> <span class='ocrx_word' id='word_1_508' title='bbox 1437 3254 1506 3306; x_wconf 84' lang='lat' dir='ltr'><strong>ad</strong></span> <span class='ocrx_word' id='word_1_509' title='bbox 1549 3256 1687 3323; x_wconf 84' lang='lat' dir='ltr'><strong>quod</strong></span> <span class='ocrx_word' id='word_1_510' title='bbox 1718 3255 1867 3307; x_wconf 82' lang='lat' dir='ltr'><strong>nobis</strong></span> <span class='ocrx_word' id='word_1_511' title='bbox 1919 3263 1996 3307; x_wconf 91' lang='lat' dir='ltr'><strong>est</strong></span> 
     </span>
    </p>
   </div>
   <div class='ocr_carea' id='block_1_64' title="bbox 427 3343 1992 3417">
    <p class='ocr_par' dir='ltr' id='par_1_64' title="bbox 427 3343 1992 3417">
     <span class='ocr_line' id='line_1_64' title="bbox 427 3343 1992 3417; baseline 0.003 -23"><span class='ocrx_word' id='word_1_512' title='bbox 427 3357 619 3407; x_wconf 80' lang='lat' dir='ltr'><strong>sermo,</strong></span> <span class='ocrx_word' id='word_1_513' title='bbox 657 3343 822 3395; x_wconf 89' lang='lat' dir='ltr'><strong>alium</strong></span> <span class='ocrx_word' id='word_1_514' title='bbox 859 3354 1004 3398; x_wconf 87' lang='lat' dir='ltr'><strong>certe</strong></span> <span class='ocrx_word' id='word_1_515' title='bbox 1041 3360 1164 3399; x_wconf 92' lang='lat' dir='ltr'><strong>eum</strong></span> <span class='ocrx_word' id='word_1_516' title='bbox 1191 3345 1259 3400; x_wconf 90' lang='lat' dir='ltr'><strong>ab</strong></span> <span class='ocrx_word' id='word_1_517' title='bbox 1289 3347 1544 3402; x_wconf 88' lang='lat' dir='ltr'><strong>omnibus</strong></span> <span class='ocrx_word' id='word_1_518' title='bbox 1561 3361 1680 3401; x_wconf 85' lang='lat' dir='ltr'><strong>esse</strong></span> <span class='ocrx_word' id='word_1_519' title='bbox 1703 3345 1992 3417; x_wconf 77' lang='lat' dir='ltr'><strong>signiﬁcat.</strong></span> 
     </span>
    </p>
   </div>
   <div class='ocr_carea' id='block_1_65' title="bbox 425 3430 1998 3507">
    <p class='ocr_par' dir='ltr' id='par_1_65' title="bbox 425 3430 1998 3507">
     <span class='ocr_line' id='line_1_65' title="bbox 425 3430 1998 3507; baseline 0.004 -22"><span class='ocrx_word' id='word_1_520' title='bbox 425 3430 564 3486; x_wconf 76' lang='lat' dir='ltr'><strong>Hinc</strong></span> <span class='ocrx_word' id='word_1_521' title='bbox 595 3433 684 3488; x_wconf 91' lang='lat' dir='ltr'><strong>ille</strong></span> <span class='ocrx_word' id='word_1_522' title='bbox 716 3434 936 3504; x_wconf 84' lang='lat' dir='ltr'><strong>quidem</strong></span> <span class='ocrx_word' id='word_1_523' title='bbox 963 3435 1173 3506; x_wconf 87' lang='lat' dir='ltr'><strong>judicat</strong></span> <span class='ocrx_word' id='word_1_524' title='bbox 1202 3456 1215 3491; x_wconf 88' lang='lat'><strong>:</strong></span> <span class='ocrx_word' id='word_1_525' title='bbox 1247 3437 1474 3507; x_wconf 69' lang='lat' dir='ltr'><strong>singula:</strong></span> <span class='ocrx_word' id='word_1_526' title='bbox 1515 3453 1645 3492; x_wconf 87' lang='lat' dir='ltr'><strong>vero</strong></span> <span class='ocrx_word' id='word_1_527' title='bbox 1677 3453 1764 3492; x_wconf 90' lang='lat' dir='ltr'><strong>res</strong></span> <span class='ocrx_word' id='word_1_528' title='bbox 1803 3445 1998 3492; x_wconf 73' lang='lat' dir='ltr'><strong>creata:</strong></span> 
     </span>
    </p>
   </div>
   <div class='ocr_carea' id='block_1_66' title="bbox 423 3525 1993 3592">
    <p class='ocr_par' dir='ltr' id='par_1_66' title="bbox 423 3525 1993 3592">
     <span class='ocr_line' id='line_1_66' title="bbox 423 3525 1993 3592; baseline 0.002 -13"><span class='ocrx_word' id='word_1_529' title='bbox 423 3525 476 3579; x_wconf 87' lang='lat' dir='ltr'><strong>ei</strong></span> <span class='ocrx_word' id='word_1_530' title='bbox 510 3526 779 3581; x_wconf 87' lang='lat' dir='ltr'><strong>rationem</strong></span> <span class='ocrx_word' id='word_1_531' title='bbox 843 3527 1052 3583; x_wconf 78' lang='lat' dir='ltr'><strong>referre</strong></span> <span class='ocrx_word' id='word_1_532' title='bbox 1113 3537 1385 3583; x_wconf 87' lang='lat' dir='ltr'><strong>tenentur.</strong></span> <span class='ocrx_word' id='word_1_533' title='bbox 1421 3528 1500 3583; x_wconf 79' lang='lat' dir='ltr'><strong>Ex</strong></span> <span class='ocrx_word' id='word_1_534' title='bbox 1534 3544 1600 3585; x_wconf 93' lang='lat' dir='ltr'><strong>eo</strong></span> <span class='ocrx_word' id='word_1_535' title='bbox 1629 3529 1792 3584; x_wconf 89' lang='lat' dir='ltr'><strong>etiam</strong></span> <span class='ocrx_word' id='word_1_536' title='bbox 1843 3530 1993 3592; x_wconf 90' lang='lat' dir='ltr'><strong>loco,</strong></span> 
     </span>
    </p>
   </div>
   <div class='ocr_carea' id='block_1_67' title="bbox 427 3614 1998 3676">
    <p class='ocr_par' dir='ltr' id='par_1_67' title="bbox 427 3614 1998 3676">
     <span class='ocr_line' id='line_1_67' title="bbox 427 3614 1998 3676; baseline 0.003 -7"><span class='ocrx_word' id='word_1_537' title='bbox 427 3614 522 3670; x_wconf 89' lang='lat' dir='ltr'><strong>ubi</strong></span> <span class='ocrx_word' id='word_1_538' title='bbox 555 3616 810 3672; x_wconf 84' lang='lat' dir='ltr'><strong>universa</strong></span> <span class='ocrx_word' id='word_1_539' title='bbox 841 3627 1095 3674; x_wconf 88' lang='lat' dir='ltr'><strong>creatura</strong></span> <span class='ocrx_word' id='word_1_540' title='bbox 1155 3621 1440 3676; x_wconf 83' lang='lat' dir='ltr'><strong>nobiscum</strong></span> <span class='ocrx_word' id='word_1_541' title='bbox 1473 3636 1580 3674; x_wconf 88' lang='lat' dir='ltr'><strong>una</strong></span> <span class='ocrx_word' id='word_1_542' title='bbox 1635 3620 1836 3676; x_wconf 88' lang='lat' dir='ltr'><strong>dicitur</strong></span> <span class='ocrx_word' id='word_1_543' title='bbox 1873 3635 1998 3673; x_wconf 82' lang='lat' dir='ltr'><strong>eon-</strong></span> 
     </span>
    </p>
   </div>
   <div class='ocr_carea' id='block_1_68' title="bbox 425 3707 1997 3781">
    <p class='ocr_par' dir='ltr' id='par_1_68' title="bbox 425 3707 1997 3781">
     <span class='ocr_line' id='line_1_68' title="bbox 425 3707 1997 3781; baseline 0.003 -22"><span class='ocrx_word' id='word_1_544' title='bbox 425 3722 639 3775; x_wconf 74' lang='lat' dir='ltr'><strong>gemere</strong></span> <span class='ocrx_word' id='word_1_545' title='bbox 670 3717 729 3761; x_wconf 90' lang='lat' dir='ltr'><strong>ut</strong></span> <span class='ocrx_word' id='word_1_546' title='bbox 754 3707 1014 3765; x_wconf 86' lang='lat' dir='ltr'><strong>liberetur</strong></span> <span class='ocrx_word' id='word_1_547' title='bbox 1034 3726 1065 3766; x_wconf 90' lang='lat' dir='ltr'><strong>a</strong></span> <span class='ocrx_word' id='word_1_548' title='bbox 1107 3713 1368 3768; x_wconf 86' lang='lat' dir='ltr'><strong>servitute</strong></span> <span class='ocrx_word' id='word_1_549' title='bbox 1415 3711 1780 3781; x_wconf 88' lang='lat' dir='ltr'><strong>corruptionis</strong></span> <span class='ocrx_word' id='word_1_550' title='bbox 1809 3713 1878 3777; x_wconf 81' lang='lat'><strong>“,</strong></span> <span class='ocrx_word' id='word_1_551' title='bbox 1903 3708 1997 3764; x_wconf 80' lang='lat' dir='ltr'><strong>Fi-</strong></span> 
     </span>
    </p>
   </div>
   <div class='ocr_carea' id='block_1_69' title="bbox 426 3799 1997 3860">
    <p class='ocr_par' dir='ltr' id='par_1_69' title="bbox 426 3799 1997 3860">
     <span class='ocr_line' id='line_1_69' title="bbox 426 3799 1997 3860; baseline 0.002 -8"><span class='ocrx_word' id='word_1_552' title='bbox 426 3800 556 3853; x_wconf 89' lang='lat' dir='ltr'><strong>lium</strong></span> <span class='ocrx_word' id='word_1_553' title='bbox 585 3799 753 3854; x_wconf 88' lang='lat' dir='ltr'><strong>alium</strong></span> <span class='ocrx_word' id='word_1_554' title='bbox 784 3817 816 3855; x_wconf 91' lang='lat' dir='ltr'><strong>a</strong></span> <span class='ocrx_word' id='word_1_555' title='bbox 849 3803 1009 3859; x_wconf 90' lang='lat' dir='ltr'><strong>rebus</strong></span> <span class='ocrx_word' id='word_1_556' title='bbox 1039 3805 1239 3860; x_wconf 89' lang='lat' dir='ltr'><strong>creatis</strong></span> <span class='ocrx_word' id='word_1_557' title='bbox 1287 3820 1408 3860; x_wconf 89' lang='lat' dir='ltr'><strong>esse</strong></span> <span class='ocrx_word' id='word_1_558' title='bbox 1442 3803 1776 3860; x_wconf 84' lang='lat' dir='ltr'><strong>ostenditur.</strong></span> <span class='ocrx_word' id='word_1_559' title='bbox 1807 3801 1997 3857; x_wconf 87' lang='lat' dir='ltr'><strong>Enim-</strong></span> 
     </span>
    </p>
   </div>
   <div class='ocr_carea' id='block_1_70' title="bbox 427 3896 1992 3967">
    <p class='ocr_par' dir='ltr' id='par_1_70' title="bbox 427 3896 1992 3967">
     <span class='ocr_line' id='line_1_70' title="bbox 427 3896 1992 3967; baseline 0.003 -22"><span class='ocrx_word' id='word_1_560' title='bbox 427 3909 553 3950; x_wconf 68' lang='lat' dir='ltr'><strong>vero</strong></span> <span class='ocrx_word' id='word_1_561' title='bbox 583 3898 628 3952; x_wconf 89' lang='lat' dir='ltr'><strong>si</strong></span> <span class='ocrx_word' id='word_1_562' title='bbox 656 3909 876 3954; x_wconf 88' lang='lat' dir='ltr'><strong>creatus</strong></span> <span class='ocrx_word' id='word_1_563' title='bbox 897 3910 1062 3962; x_wconf 90' lang='lat' dir='ltr'><strong>esset,</strong></span> <span class='ocrx_word' id='word_1_564' title='bbox 1092 3914 1236 3953; x_wconf 90' lang='lat' dir='ltr'><strong>unus</strong></span> <span class='ocrx_word' id='word_1_565' title='bbox 1256 3906 1309 3952; x_wconf 89' lang='lat' dir='ltr'><strong>et</strong></span> <span class='ocrx_word' id='word_1_566' title='bbox 1338 3897 1452 3967; x_wconf 90' lang='lat' dir='ltr'><strong>ipse</strong></span> <span class='ocrx_word' id='word_1_567' title='bbox 1476 3905 1620 3952; x_wconf 88' lang='lat' dir='ltr'><strong>esset</strong></span> <span class='ocrx_word' id='word_1_568' title='bbox 1638 3896 1992 3967; x_wconf 78' lang='lat' dir='ltr'><strong>gementium,</strong></span> 
     </span>
    </p>
   </div>
   <div class='ocr_carea' id='block_1_71' title="bbox 423 3988 1994 4060">
    <p class='ocr_par' dir='ltr' id='par_1_71' title="bbox 423 3988 1994 4060">
     <span class='ocr_line' id='line_1_71' title="bbox 423 3988 1994 4060; baseline 0.001 -20"><span class='ocrx_word' id='word_1_569' title='bbox 423 3989 516 4055; x_wconf 83' lang='lat' dir='ltr'><strong>qui</strong></span> <span class='ocrx_word' id='word_1_570' title='bbox 535 3989 642 4043; x_wconf 93' lang='lat' dir='ltr'><strong>alio</strong></span> <span class='ocrx_word' id='word_1_571' title='bbox 663 3991 864 4060; x_wconf 89' lang='lat' dir='ltr'><strong>pariter</strong></span> <span class='ocrx_word' id='word_1_572' title='bbox 893 4006 1030 4059; x_wconf 91' lang='lat' dir='ltr'><strong>opus</strong></span> <span class='ocrx_word' id='word_1_573' title='bbox 1053 3990 1310 4056; x_wconf 88' lang='lat' dir='ltr'><strong>haberet,</strong></span> <span class='ocrx_word' id='word_1_574' title='bbox 1343 4005 1374 4044; x_wconf 90' lang='lat' dir='ltr'><strong>a</strong></span> <span class='ocrx_word' id='word_1_575' title='bbox 1397 4005 1506 4059; x_wconf 91' lang='lat' dir='ltr'><strong>quo</strong></span> <span class='ocrx_word' id='word_1_576' title='bbox 1533 3989 1697 4044; x_wconf 88' lang='lat' dir='ltr'><strong>simul</strong></span> <span class='ocrx_word' id='word_1_577' title='bbox 1723 3988 1840 4058; x_wconf 89' lang='lat' dir='ltr'><strong>ipse</strong></span> <span class='ocrx_word' id='word_1_578' title='bbox 1871 4003 1994 4042; x_wconf 92' lang='lat' dir='ltr'><strong>cum</strong></span> 
     </span>
    </p>
   </div>
   <div class='ocr_carea' id='block_1_72' title="bbox 423 4077 1996 4148">
    <p class='ocr_par' dir='ltr' id='par_1_72' title="bbox 423 4077 1996 4148">
     <span class='ocr_line' id='line_1_72' title="bbox 423 4077 1996 4148; baseline 0.001 -19"><span class='ocrx_word' id='word_1_579' title='bbox 423 4078 681 4133; x_wconf 89' lang='lat' dir='ltr'><strong>omnibus</strong></span> <span class='ocrx_word' id='word_1_580' title='bbox 720 4079 866 4134; x_wconf 82' lang='lat' dir='ltr'><strong>ﬁlius</strong></span> <span class='ocrx_word' id='word_1_581' title='bbox 915 4078 1220 4135; x_wconf 83' lang='lat' dir='ltr'><strong>elliceretur</strong></span> <span class='ocrx_word' id='word_1_582' title='bbox 1244 4093 1298 4134; x_wconf 88' lang='lat' dir='ltr'><strong>et</strong></span> <span class='ocrx_word' id='word_1_583' title='bbox 1348 4079 1693 4134; x_wconf 90' lang='lat' dir='ltr'><strong>liberaretur.</strong></span> <span class='ocrx_word' id='word_1_584' title='bbox 1735 4077 1792 4132; x_wconf 89' lang='lat' dir='ltr'><strong>Si</strong></span> <span class='ocrx_word' id='word_1_585' title='bbox 1831 4092 1996 4148; x_wconf 90' lang='lat' dir='ltr'><strong>porro</strong></span> 
     </span>
    </p>
   </div>
   <div class='ocr_carea' id='block_1_73' title="bbox 425 4168 1994 4238">
    <p class='ocr_par' dir='ltr' id='par_1_73' title="bbox 425 4168 1994 4238">
     <span class='ocr_line' id='line_1_73' title="bbox 425 4168 1994 4238; baseline 0.001 -19"><span class='ocrx_word' id='word_1_586' title='bbox 425 4181 513 4220; x_wconf 91' lang='lat' dir='ltr'><strong>res</strong></span> <span class='ocrx_word' id='word_1_587' title='bbox 539 4168 720 4222; x_wconf 88' lang='lat' dir='ltr'><strong>omnis</strong></span> <span class='ocrx_word' id='word_1_588' title='bbox 763 4177 947 4223; x_wconf 90' lang='lat' dir='ltr'><strong>creata</strong></span> <span class='ocrx_word' id='word_1_589' title='bbox 995 4169 1269 4238; x_wconf 85' lang='lat' dir='ltr'><strong>congemit</strong></span> <span class='ocrx_word' id='word_1_590' title='bbox 1319 4178 1379 4222; x_wconf 90' lang='lat' dir='ltr'><strong>ut</strong></span> <span class='ocrx_word' id='word_1_591' title='bbox 1426 4169 1690 4225; x_wconf 88' lang='lat' dir='ltr'><strong>liberetur</strong></span> <span class='ocrx_word' id='word_1_592' title='bbox 1720 4183 1750 4222; x_wconf 86' lang='lat' dir='ltr'><strong>a</strong></span> <span class='ocrx_word' id='word_1_593' title='bbox 1796 4182 1994 4222; x_wconf 93' lang='lat' dir='ltr'><strong>corru-</strong></span> 
     </span>
    </p>
   </div>
   <div class='ocr_carea' id='block_1_74' title="bbox 411 4258 1992 4329">
    <p class='ocr_par' dir='ltr' id='par_1_74' title="bbox 411 4258 1992 4329">
     <span class='ocr_line' id='line_1_74' title="bbox 411 4258 1992 4329; baseline 0.001 -18"><span class='ocrx_word' id='word_1_594' title='bbox 411 4258 606 4326; x_wconf 64' lang='lat' dir='ltr'><strong>ptione</strong></span> <span class='ocrx_word' id='word_1_595' title='bbox 641 4259 917 4315; x_wconf 84' lang='lat' dir='ltr'><strong>servitutis</strong></span> <span class='ocrx_word' id='word_1_596' title='bbox 939 4301 955 4327; x_wconf 95' lang='lat'><strong>,</strong></span> <span class='ocrx_word' id='word_1_597' title='bbox 985 4260 1100 4329; x_wconf 91' lang='lat' dir='ltr'><strong>ipse</strong></span> <span class='ocrx_word' id='word_1_598' title='bbox 1149 4270 1330 4314; x_wconf 89' lang='lat' dir='ltr'><strong>autem</strong></span> <span class='ocrx_word' id='word_1_599' title='bbox 1375 4258 1548 4315; x_wconf 89' lang='lat' dir='ltr'><strong>Filius</strong></span> <span class='ocrx_word' id='word_1_600' title='bbox 1591 4275 1700 4313; x_wconf 80' lang='lat' dir='ltr'><strong>non</strong></span> <span class='ocrx_word' id='word_1_601' title='bbox 1733 4274 1880 4324; x_wconf 79' lang='lat' dir='ltr'><strong>unus</strong></span> <span class='ocrx_word' id='word_1_602' title='bbox 1909 4265 1992 4313; x_wconf 81' lang='lat' dir='ltr'><strong>est</strong></span> 
     </span>
    </p>
   </div>
   <div class='ocr_carea' id='block_1_75' title="bbox 424 4347 1993 4419">
    <p class='ocr_par' dir='ltr' id='par_1_75' title="bbox 424 4347 1993 4419">
     <span class='ocr_line' id='line_1_75' title="bbox 424 4347 1993 4419; baseline 0.003 -19"><span class='ocrx_word' id='word_1_603' title='bbox 424 4347 752 4416; x_wconf 76' lang='lat' dir='ltr'><strong>gementium</strong></span> <span class='ocrx_word' id='word_1_604' title='bbox 774 4389 790 4416; x_wconf 95' lang='lat'><strong>,</strong></span> <span class='ocrx_word' id='word_1_605' title='bbox 821 4364 922 4404; x_wconf 93' lang='lat' dir='ltr'><strong>nee</strong></span> <span class='ocrx_word' id='word_1_606' title='bbox 955 4347 1308 4418; x_wconf 82' lang='lat' dir='ltr'><strong>indigentium</strong></span> <span class='ocrx_word' id='word_1_607' title='bbox 1341 4349 1617 4416; x_wconf 73' lang='lat' dir='ltr'><strong>libertate,</strong></span> <span class='ocrx_word' id='word_1_608' title='bbox 1652 4349 1746 4405; x_wconf 91' lang='lat' dir='ltr'><strong>sed</strong></span> <span class='ocrx_word' id='word_1_609' title='bbox 1776 4349 1891 4419; x_wconf 89' lang='lat' dir='ltr'><strong>ipse</strong></span> <span class='ocrx_word' id='word_1_610' title='bbox 1909 4359 1993 4404; x_wconf 87' lang='lat' dir='ltr'><strong>est</strong></span> 
     </span>
    </p>
   </div>
   <div class='ocr_carea' id='block_1_76' title="bbox 423 4438 1986 4508">
    <p class='ocr_par' dir='ltr' id='par_1_76' title="bbox 423 4438 1986 4508">
     <span class='ocr_line' id='line_1_76' title="bbox 423 4438 1986 4508; baseline 0.003 -16"><span class='ocrx_word' id='word_1_611' title='bbox 423 4438 518 4508; x_wconf 78' lang='lat' dir='ltr'><strong>qui</strong></span> <span class='ocrx_word' id='word_1_612' title='bbox 547 4454 739 4496; x_wconf 85' lang='lat' dir='ltr'><strong>omnes</strong></span> <span class='ocrx_word' id='word_1_613' title='bbox 773 4448 828 4495; x_wconf 92' lang='lat' dir='ltr'><strong>et</strong></span> <span class='ocrx_word' id='word_1_614' title='bbox 851 4439 991 4496; x_wconf 85' lang='lat' dir='ltr'><strong>ﬁlios</strong></span> <span class='ocrx_word' id='word_1_615' title='bbox 1013 4440 1174 4496; x_wconf 82' lang='lat' dir='ltr'><strong>ellicit</strong></span> <span class='ocrx_word' id='word_1_616' title='bbox 1205 4449 1260 4496; x_wconf 92' lang='lat' dir='ltr'><strong>et</strong></span> <span class='ocrx_word' id='word_1_617' title='bbox 1290 4441 1494 4496; x_wconf 88' lang='lat' dir='ltr'><strong>liberos</strong></span> <span class='ocrx_word' id='word_1_618' title='bbox 1528 4442 1742 4506; x_wconf 86' lang='lat' dir='ltr'><strong>reddit,</strong></span> <span class='ocrx_word' id='word_1_619' title='bbox 1773 4449 1832 4495; x_wconf 93' lang='lat' dir='ltr'><strong>ut</strong></span> <span class='ocrx_word' id='word_1_620' title='bbox 1857 4441 1986 4496; x_wconf 86' lang='lat' dir='ltr'><strong>olim</strong></span> 
     </span>
    </p>
   </div>
   <div class='ocr_carea' id='block_1_77' title="bbox 2096 3070 3677 3142">
    <p class='ocr_par' dir='ltr' id='par_1_77' title="bbox 2096 3070 3677 3142">
     <span class='ocr_line' id='line_1_77' title="bbox 2096 3070 3677 3142; baseline -0.001 -16"><span class='ocrx_word' id='word_1_621' title='bbox 2096 3070 2172 3135; x_wconf 82' lang='grc' dir='ltr'>ὡς</span> <span class='ocrx_word' id='word_1_622' title='bbox 2205 3071 2366 3127; x_wconf 81' lang='grc' dir='ltr'>ἄλλου</span> <span class='ocrx_word' id='word_1_623' title='bbox 2399 3071 2552 3136; x_wconf 78' lang='grc' dir='ltr'>ὄντος</span> <span class='ocrx_word' id='word_1_624' title='bbox 2590 3070 2752 3124; x_wconf 86' lang='grc' dir='ltr'>αὑτοῦ</span> <span class='ocrx_word' id='word_1_625' title='bbox 2796 3071 2946 3142; x_wconf 85' lang='grc' dir='ltr'>παρὰ</span> <span class='ocrx_word' id='word_1_626' title='bbox 2984 3070 3051 3125; x_wconf 84' lang='grc' dir='ltr'>τὰ</span> <span class='ocrx_word' id='word_1_627' title='bbox 3083 3071 3374 3142; x_wconf 87' lang='grc' dir='ltr'>κτίσματα.</span> <span class='ocrx_word' id='word_1_628' title='bbox 3415 3070 3584 3125; x_wconf 86' lang='grc' dir='ltr'>Πάλιν</span> <span class='ocrx_word' id='word_1_629' title='bbox 3616 3071 3677 3124; x_wconf 69' lang='grc' dir='ltr'>δὲ</span> 
     </span>
    </p>
   </div>
   <div class='ocr_carea' id='block_1_78' title="bbox 2098 3160 3678 3232">
    <p class='ocr_par' dir='ltr' id='par_1_78' title="bbox 2098 3160 3678 3232">
     <span class='ocr_line' id='line_1_78' title="bbox 2098 3160 3678 3232; baseline -0.001 -16"><span class='ocrx_word' id='word_1_630' title='bbox 2098 3162 2270 3232; x_wconf 86' lang='grc' dir='ltr'>λέγων</span> <span class='ocrx_word' id='word_1_631' title='bbox 2290 3179 2302 3192; x_wconf 91' lang='grc'><strong>·</strong></span> <span class='ocrx_word' id='word_1_632' title='bbox 2340 3164 2542 3217; x_wconf 80' lang='grc' dir='ltr'>Πάντα</span> <span class='ocrx_word' id='word_1_633' title='bbox 2587 3161 2654 3216; x_wconf 85' lang='grc' dir='ltr'>δὲ</span> <span class='ocrx_word' id='word_1_634' title='bbox 2681 3161 2790 3232; x_wconf 72' lang='grc'>(40)</span> <span class='ocrx_word' id='word_1_635' title='bbox 2822 3162 3016 3231; x_wconf 78' lang='grc' dir='ltr'>γυμνὰ</span> <span class='ocrx_word' id='word_1_636' title='bbox 3039 3163 3135 3216; x_wconf 74' lang='grc' dir='ltr'><strong>καί</strong></span> <span class='ocrx_word' id='word_1_637' title='bbox 3160 3160 3678 3232; x_wconf 67' lang='grc' dir='ltr'>τετραχηλισμένα</span> 
     </span>
    </p>
   </div>
   <div class='ocr_carea' id='block_1_79' title="bbox 2097 3253 3675 3326">
    <p class='ocr_par' dir='ltr' id='par_1_79' title="bbox 2097 3253 3675 3326">
     <span class='ocr_line' id='line_1_79' title="bbox 2097 3253 3675 3326; baseline -0.001 -17"><span class='ocrx_word' id='word_1_638' title='bbox 2097 3255 2221 3322; x_wconf 84' lang='grc' dir='ltr'>τοῖς</span> <span class='ocrx_word' id='word_1_639' title='bbox 2253 3255 2580 3326; x_wconf 66' lang='grc' dir='ltr'>ὀφθαλμοῖς</span> <span class='ocrx_word' id='word_1_640' title='bbox 2604 3255 2813 3320; x_wconf 84' lang='grc' dir='ltr'>αὑτοῦ,</span> <span class='ocrx_word' id='word_1_641' title='bbox 2838 3256 2987 3324; x_wconf 72' lang='grc' dir='ltr'>πρὸς</span> <span class='ocrx_word' id='word_1_642' title='bbox 3009 3255 3080 3309; x_wconf 74' lang='grc' dir='ltr'>ὃν</span> <span class='ocrx_word' id='word_1_643' title='bbox 3105 3256 3247 3324; x_wconf 80' lang='grc' dir='ltr'>ἡμῖν</span> <span class='ocrx_word' id='word_1_644' title='bbox 3274 3259 3306 3310; x_wconf 85' lang='grc' dir='ltr'><strong>ό</strong></span> <span class='ocrx_word' id='word_1_645' title='bbox 3334 3256 3516 3325; x_wconf 82' lang='grc' dir='ltr'>λόγος</span> <span class='ocrx_word' id='word_1_646' title='bbox 3535 3272 3549 3285; x_wconf 88' lang='grc'><strong>·</strong></span> <span class='ocrx_word' id='word_1_647' title='bbox 3581 3253 3675 3308; x_wconf 81' lang='grc' dir='ltr'><strong>ἄλ-</strong></span> 
     </span>
    </p>
   </div>
   <div class='ocr_carea' id='block_1_80' title="bbox 2096 3345 3674 3419">
    <p class='ocr_par' dir='ltr' id='par_1_80' title="bbox 2096 3345 3674 3419">
     <span class='ocr_line' id='line_1_80' title="bbox 2096 3345 3674 3419; baseline -0.001 -20"><span class='ocrx_word' id='word_1_648' title='bbox 2096 3345 2184 3400; x_wconf 88' lang='grc' dir='ltr'><strong>λον</strong></span> <span class='ocrx_word' id='word_1_649' title='bbox 2208 3347 2370 3402; x_wconf 81' lang='grc' dir='ltr'>αὑτδν</span> <span class='ocrx_word' id='word_1_650' title='bbox 2396 3345 2533 3401; x_wconf 81' lang='grc' dir='ltr'>εἶναι</span> <span class='ocrx_word' id='word_1_651' title='bbox 2561 3349 2814 3419; x_wconf 87' lang='grc' dir='ltr'>σημαίνει</span> <span class='ocrx_word' id='word_1_652' title='bbox 2841 3347 2950 3400; x_wconf 84' lang='grc' dir='ltr'><strong>τῶν</strong></span> <span class='ocrx_word' id='word_1_653' title='bbox 2975 3347 3210 3400; x_wconf 84' lang='grc' dir='ltr'>πάντων.</span> <span class='ocrx_word' id='word_1_654' title='bbox 3240 3346 3338 3400; x_wconf 86' lang='grc' dir='ltr'><strong>Διὰ</strong></span> <span class='ocrx_word' id='word_1_655' title='bbox 3366 3346 3524 3400; x_wconf 86' lang='grc' dir='ltr'>τοῦτο</span> <span class='ocrx_word' id='word_1_656' title='bbox 3562 3347 3674 3416; x_wconf 75' lang='grc' dir='ltr'>γὰρ</span> 
     </span>
    </p>
   </div>
   <div class='ocr_carea' id='block_1_81' title="bbox 2097 3438 3676 3510">
    <p class='ocr_par' dir='ltr' id='par_1_81' title="bbox 2097 3438 3676 3510">
     <span class='ocr_line' id='line_1_81' title="bbox 2097 3438 3676 3510; baseline -0.001 -18"><span class='ocrx_word' id='word_1_657' title='bbox 2097 3438 2192 3492; x_wconf 75' lang='grc' dir='ltr'>καὶ</span> <span class='ocrx_word' id='word_1_658' title='bbox 2218 3441 2247 3492; x_wconf 85' lang='grc' dir='ltr'>ὁ</span> <span class='ocrx_word' id='word_1_659' title='bbox 2277 3439 2376 3510; x_wconf 86' lang='grc' dir='ltr'><strong>μὲν</strong></span> <span class='ocrx_word' id='word_1_660' title='bbox 2425 3439 2632 3508; x_wconf 85' lang='grc' dir='ltr'>κρίνει,</span> <span class='ocrx_word' id='word_1_661' title='bbox 2683 3439 2790 3492; x_wconf 87' lang='grc' dir='ltr'><strong>τῶν</strong></span> <span class='ocrx_word' id='word_1_662' title='bbox 2816 3439 2873 3492; x_wconf 84' lang='grc' dir='ltr'>δὲ</span> <span class='ocrx_word' id='word_1_663' title='bbox 2908 3439 3149 3510; x_wconf 85' lang='grc' dir='ltr'>γενητῶν</span> <span class='ocrx_word' id='word_1_664' title='bbox 3182 3439 3398 3492; x_wconf 81' lang='grc' dir='ltr'>πάντων</span> <span class='ocrx_word' id='word_1_665' title='bbox 3442 3439 3676 3500; x_wconf 87' lang='grc' dir='ltr'>ἔκαστος</span> 
     </span>
    </p>
   </div>
   <div class='ocr_carea' id='block_1_82' title="bbox 2099 3529 3675 3602">
    <p class='ocr_par' dir='ltr' id='par_1_82' title="bbox 2099 3529 3675 3602">
     <span class='ocr_line' id='line_1_82' title="bbox 2099 3529 3675 3602; baseline 0 -18"><span class='ocrx_word' id='word_1_666' title='bbox 2099 3529 2396 3594; x_wconf 85' lang='grc' dir='ltr'>ὑπεύθυνός</span> <span class='ocrx_word' id='word_1_667' title='bbox 2423 3533 2569 3584; x_wconf 78' lang='grc' dir='ltr'>ἐστιν</span> <span class='ocrx_word' id='word_1_668' title='bbox 2597 3530 2744 3601; x_wconf 84' lang='grc' dir='ltr'>αὐτῷ</span> <span class='ocrx_word' id='word_1_669' title='bbox 2766 3531 2962 3584; x_wconf 87' lang='grc' dir='ltr'>διδόναι</span> <span class='ocrx_word' id='word_1_670' title='bbox 2989 3531 3165 3600; x_wconf 85' lang='grc' dir='ltr'>λόγον.</span> <span class='ocrx_word' id='word_1_671' title='bbox 3221 3531 3406 3594; x_wconf 78' lang='grc' dir='ltr'>Οὕτως</span> <span class='ocrx_word' id='word_1_672' title='bbox 3432 3530 3538 3602; x_wconf 80' lang='grc' dir='ltr'>ἄρα</span> <span class='ocrx_word' id='word_1_673' title='bbox 3577 3532 3675 3584; x_wconf 80' lang='grc' dir='ltr'><strong>καὶ</strong></span> 
     </span>
    </p>
   </div>
   <div class='ocr_carea' id='block_1_83' title="bbox 2095 3621 3676 3693">
    <p class='ocr_par' dir='ltr' id='par_1_83' title="bbox 2095 3621 3676 3693">
     <span class='ocr_line' id='line_1_83' title="bbox 2095 3621 3676 3693; baseline -0.001 -18"><span class='ocrx_word' id='word_1_674' title='bbox 2095 3624 2194 3693; x_wconf 77' lang='grc' dir='ltr'>τῆς</span> <span class='ocrx_word' id='word_1_675' title='bbox 2235 3622 2464 3685; x_wconf 88' lang='grc' dir='ltr'>κτίσεως</span> <span class='ocrx_word' id='word_1_676' title='bbox 2503 3621 2684 3691; x_wconf 79' lang='grc' dir='ltr'>πάσης</span> <span class='ocrx_word' id='word_1_677' title='bbox 2713 3621 3142 3693; x_wconf 75' lang='grc' dir='ltr'>συστεναζοὺσης</span> <span class='ocrx_word' id='word_1_678' title='bbox 3162 3625 3293 3692; x_wconf 74' lang='grc' dir='ltr'>ἡμῖν</span> <span class='ocrx_word' id='word_1_679' title='bbox 3320 3623 3398 3684; x_wconf 79' lang='grc' dir='ltr'>εἰς</span> <span class='ocrx_word' id='word_1_680' title='bbox 3429 3621 3488 3674; x_wconf 83' lang='grc' dir='ltr'><strong>τὸ</strong></span> <span class='ocrx_word' id='word_1_681' title='bbox 3521 3621 3676 3674; x_wconf 84' lang='grc' dir='ltr'>ἐλευ-</span> 
     </span>
    </p>
   </div>
   <div class='ocr_carea' id='block_1_84' title="bbox 2097 3713 3672 3786">
    <p class='ocr_par' dir='ltr' id='par_1_84' title="bbox 2097 3713 3672 3786">
     <span class='ocr_line' id='line_1_84' title="bbox 2097 3713 3672 3786; baseline -0.003 -17"><span class='ocrx_word' id='word_1_682' title='bbox 2097 3714 2398 3786; x_wconf 85' lang='grc' dir='ltr'>Θερωθῆναι</span> <span class='ocrx_word' id='word_1_683' title='bbox 2427 3715 2536 3768; x_wconf 83' lang='grc' dir='ltr'><strong>ἀπὸ</strong></span> <span class='ocrx_word' id='word_1_684' title='bbox 2576 3718 2673 3784; x_wconf 86' lang='grc' dir='ltr'>τῆς</span> <span class='ocrx_word' id='word_1_685' title='bbox 2698 3714 2940 3778; x_wconf 80' lang='grc' dir='ltr'>δουλείας</span> <span class='ocrx_word' id='word_1_686' title='bbox 2977 3715 3074 3784; x_wconf 80' lang='grc' dir='ltr'>τῆς</span> <span class='ocrx_word' id='word_1_687' title='bbox 3111 3713 3344 3785; x_wconf 80' lang='grc' dir='ltr'>φθορᾶς,</span> <span class='ocrx_word' id='word_1_688' title='bbox 3379 3713 3535 3778; x_wconf 80' lang='grc' dir='ltr'>ἄλλος</span> <span class='ocrx_word' id='word_1_689' title='bbox 3563 3714 3672 3766; x_wconf 86' lang='grc' dir='ltr'><strong>τῶν</strong></span> 
     </span>
    </p>
   </div>
   <div class='ocr_carea' id='block_1_85' title="bbox 2097 3799 3676 3875">
    <p class='ocr_par' dir='ltr' id='par_1_85' title="bbox 2097 3799 3676 3875">
     <span class='ocr_line' id='line_1_85' title="bbox 2097 3799 3676 3875; baseline -0.005 -17"><span class='ocrx_word' id='word_1_690' title='bbox 2097 3805 2406 3875; x_wconf 84' lang='grc' dir='ltr'>κτισμάτων</span> <span class='ocrx_word' id='word_1_691' title='bbox 2431 3803 2702 3857; x_wconf 83' lang='grc' dir='ltr'>δείκνυται</span> <span class='ocrx_word' id='word_1_692' title='bbox 2732 3799 2868 3857; x_wconf 84' lang='grc' dir='ltr'>εἶναι</span> <span class='ocrx_word' id='word_1_693' title='bbox 2892 3803 2973 3870; x_wconf 68' lang='grc'><strong>(41</strong></span> <span class='ocrx_word' id='word_1_694' title='bbox 2993 3813 3001 3852; x_wconf 77' lang='grc' dir='ltr'>ὶ</span> <span class='ocrx_word' id='word_1_695' title='bbox 3024 3805 3051 3854; x_wconf 84' lang='grc' dir='ltr'>ὀ</span> <span class='ocrx_word' id='word_1_696' title='bbox 3070 3803 3214 3864; x_wconf 80' lang='grc' dir='ltr'>Υἱός.</span> <span class='ocrx_word' id='word_1_697' title='bbox 3250 3803 3310 3855; x_wconf 89' lang='grc' dir='ltr'><strong>Εἰ</strong></span> <span class='ocrx_word' id='word_1_698' title='bbox 3339 3802 3446 3872; x_wconf 79' lang='grc' dir='ltr'><strong>γὰρ</strong></span> <span class='ocrx_word' id='word_1_699' title='bbox 3468 3799 3534 3872; x_wconf 82' lang='grc' dir='ltr'>ἦν</span> <span class='ocrx_word' id='word_1_700' title='bbox 3555 3801 3676 3853; x_wconf 83' lang='grc' dir='ltr'>κτί-</span> 
     </span>
    </p>
   </div>
   <div class='ocr_carea' id='block_1_86' title="bbox 2099 3890 3674 3967">
    <p class='ocr_par' dir='ltr' id='par_1_86' title="bbox 2099 3890 3674 3967">
     <span class='ocr_line' id='line_1_86' title="bbox 2099 3890 3674 3967; baseline -0.003 -19"><span class='ocrx_word' id='word_1_701' title='bbox 2099 3913 2231 3967; x_wconf 87' lang='grc' dir='ltr'>σμα,</span> <span class='ocrx_word' id='word_1_702' title='bbox 2244 3890 2322 3960; x_wconf 79' lang='grc' dir='ltr'>εἷς</span> <span class='ocrx_word' id='word_1_703' title='bbox 2341 3892 2408 3966; x_wconf 80' lang='grc' dir='ltr'>ἧν</span> <span class='ocrx_word' id='word_1_704' title='bbox 2421 3896 2511 3948; x_wconf 71' lang='grc' dir='ltr'><strong>καὶ</strong></span> <span class='ocrx_word' id='word_1_705' title='bbox 2533 3895 2691 3960; x_wconf 83' lang='grc' dir='ltr'>αὐτὸς</span> <span class='ocrx_word' id='word_1_706' title='bbox 2702 3894 2808 3947; x_wconf 85' lang='grc' dir='ltr'><strong>τῶν</strong></span> <span class='ocrx_word' id='word_1_707' title='bbox 2822 3896 3195 3959; x_wconf 75' lang='grc' dir='ltr'>στεναςόντων,</span> <span class='ocrx_word' id='word_1_708' title='bbox 3209 3893 3302 3946; x_wconf 82' lang='grc' dir='ltr'><strong>καὶ</strong></span> <span class='ocrx_word' id='word_1_709' title='bbox 3318 3893 3565 3962; x_wconf 79' lang='grc' dir='ltr'>δεόμενος</span> <span class='ocrx_word' id='word_1_710' title='bbox 3577 3892 3674 3943; x_wconf 82' lang='grc' dir='ltr'><strong>τοῦ</strong></span> 
     </span>
    </p>
   </div>
   <div class='ocr_carea' id='block_1_87' title="bbox 2097 3983 3662 4056">
    <p class='ocr_par' dir='ltr' id='par_1_87' title="bbox 2097 3983 3662 4056">
     <span class='ocr_line' id='line_1_87' title="bbox 2097 3983 3662 4056; baseline -0.002 -17"><span class='ocrx_word' id='word_1_711' title='bbox 2097 3985 2459 4047; x_wconf 86' lang='grc' dir='ltr'>υἱοποιοῦντος</span> <span class='ocrx_word' id='word_1_712' title='bbox 2482 3985 2578 4037; x_wconf 79' lang='grc' dir='ltr'>καὶ</span> <span class='ocrx_word' id='word_1_713' title='bbox 2598 3983 3005 4056; x_wconf 83' lang='grc' dir='ltr'>ἐλευθεροῦντος</span> <span class='ocrx_word' id='word_1_714' title='bbox 3030 3987 3122 4038; x_wconf 75' lang='grc' dir='ltr'><strong>καὶ</strong></span> <span class='ocrx_word' id='word_1_715' title='bbox 3153 3987 3313 4038; x_wconf 77' lang='grc' dir='ltr'>αὑτὸν</span> <span class='ocrx_word' id='word_1_716' title='bbox 3349 3984 3487 4054; x_wconf 81' lang='grc' dir='ltr'>μετὰ</span> <span class='ocrx_word' id='word_1_717' title='bbox 3523 3983 3662 4036; x_wconf 83' lang='grc' dir='ltr'><strong>πάν-</strong></span> 
     </span>
    </p>
   </div>
   <div class='ocr_carea' id='block_1_88' title="bbox 2095 4075 3672 4148">
    <p class='ocr_par' dir='ltr' id='par_1_88' title="bbox 2095 4075 3672 4148">
     <span class='ocr_line' id='line_1_88' title="bbox 2095 4075 3672 4148; baseline -0.001 -18"><span class='ocrx_word' id='word_1_718' title='bbox 2095 4094 2220 4132; x_wconf 88' lang='grc' dir='ltr'>των.</span> <span class='ocrx_word' id='word_1_719' title='bbox 2277 4078 2340 4130; x_wconf 87' lang='grc' dir='ltr'><strong>Εἰ</strong></span> <span class='ocrx_word' id='word_1_720' title='bbox 2364 4077 2420 4128; x_wconf 82' lang='grc' dir='ltr'>δὲ</span> <span class='ocrx_word' id='word_1_721' title='bbox 2447 4078 2594 4130; x_wconf 85' lang='grc' dir='ltr'>πᾶσα</span> <span class='ocrx_word' id='word_1_722' title='bbox 2619 4077 2716 4148; x_wconf 85' lang='grc' dir='ltr'>μὲν</span> <span class='ocrx_word' id='word_1_723' title='bbox 2743 4079 2776 4147; x_wconf 82' lang='grc' dir='ltr'>ἡ</span> <span class='ocrx_word' id='word_1_724' title='bbox 2806 4077 2982 4140; x_wconf 85' lang='grc' dir='ltr'>κτίσις</span> <span class='ocrx_word' id='word_1_725' title='bbox 3011 4077 3322 4142; x_wconf 76' lang='grc' dir='ltr'>συστενάζει</span> <span class='ocrx_word' id='word_1_726' title='bbox 3357 4075 3672 4148; x_wconf 79' lang='grc' dir='ltr'>ἐλευθερίας</span> 
     </span>
    </p>
   </div>
   <div class='ocr_carea' id='block_1_89' title="bbox 2096 4166 3678 4241">
    <p class='ocr_par' dir='ltr' id='par_1_89' title="bbox 2096 4166 3678 4241">
     <span class='ocr_line' id='line_1_89' title="bbox 2096 4166 3678 4241; baseline -0.003 -19"><span class='ocrx_word' id='word_1_727' title='bbox 2096 4169 2253 4241; x_wconf 83' lang='grc' dir='ltr'>χάριν</span> <span class='ocrx_word' id='word_1_728' title='bbox 2283 4169 2381 4239; x_wconf 77' lang='grc' dir='ltr'>τῆς</span> <span class='ocrx_word' id='word_1_729' title='bbox 2411 4168 2518 4220; x_wconf 86' lang='grc' dir='ltr'><strong>ἀπὸ</strong></span> <span class='ocrx_word' id='word_1_730' title='bbox 2561 4167 2660 4237; x_wconf 85' lang='grc' dir='ltr'>τῆς</span> <span class='ocrx_word' id='word_1_731' title='bbox 2699 4167 2904 4239; x_wconf 80' lang='grc' dir='ltr'>φθορᾶς</span> <span class='ocrx_word' id='word_1_732' title='bbox 2943 4169 3041 4240; x_wconf 84' lang='grc' dir='ltr'><strong>τῆς</strong></span> <span class='ocrx_word' id='word_1_733' title='bbox 3082 4168 3356 4231; x_wconf 87' lang='grc' dir='ltr'>δουλείας,</span> <span class='ocrx_word' id='word_1_734' title='bbox 3385 4170 3413 4220; x_wconf 90' lang='grc' dir='ltr'>ὁ</span> <span class='ocrx_word' id='word_1_735' title='bbox 3455 4167 3513 4220; x_wconf 82' lang='grc' dir='ltr'>δὲ</span> <span class='ocrx_word' id='word_1_736' title='bbox 3544 4166 3678 4228; x_wconf 84' lang='grc' dir='ltr'>Υἱὸς</span> 
     </span>
    </p>
   </div>
   <div class='ocr_carea' id='block_1_90' title="bbox 2096 4259 3676 4331">
    <p class='ocr_par' dir='ltr' id='par_1_90' title="bbox 2096 4259 3676 4331">
     <span class='ocr_line' id='line_1_90' title="bbox 2096 4259 3676 4331; baseline -0.002 -18"><span class='ocrx_word' id='word_1_737' title='bbox 2096 4260 2196 4314; x_wconf 88' lang='grc' dir='ltr'><strong>οὑκ</strong></span> <span class='ocrx_word' id='word_1_738' title='bbox 2226 4260 2340 4312; x_wconf 87' lang='grc' dir='ltr'>ἔστι</span> <span class='ocrx_word' id='word_1_739' title='bbox 2367 4259 2475 4311; x_wconf 81' lang='grc' dir='ltr'><strong>τῶν</strong></span> <span class='ocrx_word' id='word_1_740' title='bbox 2508 4259 2868 4324; x_wconf 79' lang='grc' dir='ltr'>στεναζόντων</span> <span class='ocrx_word' id='word_1_741' title='bbox 2889 4299 2904 4323; x_wconf 88' lang='grc'><strong>,</strong></span> <span class='ocrx_word' id='word_1_742' title='bbox 2939 4261 3056 4314; x_wconf 84' lang='grc' dir='ltr'>οὑδὲ</span> <span class='ocrx_word' id='word_1_743' title='bbox 3083 4261 3191 4313; x_wconf 86' lang='grc' dir='ltr'><strong>τῶν</strong></span> <span class='ocrx_word' id='word_1_744' title='bbox 3222 4259 3488 4331; x_wconf 83' lang='grc' dir='ltr'>δεομένων</span> <span class='ocrx_word' id='word_1_745' title='bbox 3519 4259 3676 4311; x_wconf 78' lang='grc' dir='ltr'>ἐλευ-</span> 
     </span>
    </p>
   </div>
   <div class='ocr_carea' id='block_1_91' title="bbox 2099 4349 3678 4424">
    <p class='ocr_par' dir='ltr' id='par_1_91' title="bbox 2099 4349 3678 4424">
     <span class='ocr_line' id='line_1_91' title="bbox 2099 4349 3678 4424; baseline -0.003 -18"><span class='ocrx_word' id='word_1_746' title='bbox 2099 4353 2283 4424; x_wconf 84' lang='grc' dir='ltr'>Θερίας</span> <span class='ocrx_word' id='word_1_747' title='bbox 2302 4393 2314 4412; x_wconf 90' lang='grc'><strong>,</strong></span> <span class='ocrx_word' id='word_1_748' title='bbox 2344 4352 2457 4404; x_wconf 76' lang='grc' dir='ltr'>ἀλλ’</span> <span class='ocrx_word' id='word_1_749' title='bbox 2493 4351 2654 4414; x_wconf 89' lang='grc' dir='ltr'>αὑτός</span> <span class='ocrx_word' id='word_1_750' title='bbox 2691 4353 2836 4404; x_wconf 77' lang='grc' dir='ltr'>ἐστιν</span> <span class='ocrx_word' id='word_1_751' title='bbox 2860 4355 2888 4405; x_wconf 87' lang='grc' dir='ltr'>ὁ</span> <span class='ocrx_word' id='word_1_752' title='bbox 2913 4352 3166 4406; x_wconf 85' lang='grc' dir='ltr'>υίοποιῶν</span> <span class='ocrx_word' id='word_1_753' title='bbox 3200 4352 3308 4423; x_wconf 66' lang='grc'>(42)</span> <span class='ocrx_word' id='word_1_754' title='bbox 3334 4352 3427 4404; x_wconf 72' lang='grc' dir='ltr'>καὶ</span> <span class='ocrx_word' id='word_1_755' title='bbox 3454 4349 3678 4404; x_wconf 69' lang='grc' dir='ltr'>ἐλευθε-</span> 
     </span>
    </p>
   </div>
   <div class='ocr_carea' id='block_1_92' title="bbox 2099 4438 3680 4514">
    <p class='ocr_par' dir='ltr' id='par_1_92' title="bbox 2099 4438 3680 4514">
     <span class='ocr_line' id='line_1_92' title="bbox 2099 4438 3680 4514; baseline -0.002 -20"><span class='ocrx_word' id='word_1_756' title='bbox 2099 4440 2207 4514; x_wconf 86' lang='grc' dir='ltr'><strong>ρῶν</strong></span> <span class='ocrx_word' id='word_1_757' title='bbox 2247 4441 2314 4494; x_wconf 82' lang='grc' dir='ltr'>τὰ</span> <span class='ocrx_word' id='word_1_758' title='bbox 2351 4441 2563 4505; x_wconf 80' lang='grc' dir='ltr'>πάντα,</span> <span class='ocrx_word' id='word_1_759' title='bbox 2610 4440 2782 4509; x_wconf 87' lang='grc' dir='ltr'>λέγων</span> <span class='ocrx_word' id='word_1_760' title='bbox 2815 4444 2932 4506; x_wconf 83' lang='grc' dir='ltr'>τοῖς</span> <span class='ocrx_word' id='word_1_761' title='bbox 2976 4441 3094 4495; x_wconf 86' lang='grc' dir='ltr'>τότε</span> <span class='ocrx_word' id='word_1_762' title='bbox 3155 4442 3462 4504; x_wconf 88' lang='grc' dir='ltr'>Ἰουδαίοις·</span> <span class='ocrx_word' id='word_1_763' title='bbox 3515 4439 3566 4491; x_wconf 92' lang='lat'><strong>&#39;0</strong></span> <span class='ocrx_word' id='word_1_764' title='bbox 3602 4438 3680 4492; x_wconf 80' lang='grc' dir='ltr'>δὲ</span> 
     </span>
    </p>
   </div>
   <div class='ocr_carea' id='block_1_93' title="bbox 469 4572 1995 4641">
    <p class='ocr_par' dir='ltr' id='par_1_93' title="bbox 469 4573 1960 4641">
     <span class='ocr_line' id='line_1_93' title="bbox 469 4573 1960 4641; baseline 0.006 -18"><span class='ocrx_word' id='word_1_765' title='bbox 469 4575 538 4606; x_wconf 70' lang='grc' dir='ltr'><strong>’τ’</strong></span> <span class='ocrx_word' id='word_1_766' title='bbox 567 4573 711 4629; x_wconf 88' lang='lat' dir='ltr'><strong>Psal.</strong></span> <span class='ocrx_word' id='word_1_767' title='bbox 739 4589 913 4639; x_wconf 70' lang='lat' dir='ltr'><strong>sunt,</strong></span> <span class='ocrx_word' id='word_1_768' title='bbox 942 4574 996 4632; x_wconf 70' lang='grc'><strong>4.</strong></span> <span class='ocrx_word' id='word_1_769' title='bbox 1073 4575 1118 4605; x_wconf 81' lang='grc'><strong>⁸⁹</strong></span> <span class='ocrx_word' id='word_1_770' title='bbox 1142 4573 1286 4629; x_wconf 88' lang='lat' dir='ltr'><strong>Psal.</strong></span> <span class='ocrx_word' id='word_1_771' title='bbox 1315 4590 1428 4641; x_wconf 86' lang='lat' dir='ltr'><strong>cm,</strong></span> <span class='ocrx_word' id='word_1_772' title='bbox 1449 4574 1540 4627; x_wconf 65' lang='grc'><strong>24.</strong></span> <span class='ocrx_word' id='word_1_773' title='bbox 1617 4576 1660 4605; x_wconf 81' lang='grc' dir='ltr'><strong>⁸ο</strong></span> <span class='ocrx_word' id='word_1_774' title='bbox 1685 4575 1849 4630; x_wconf 84' lang='lat' dir='ltr'><strong>llebr.</strong></span> <span class='ocrx_word' id='word_1_775' title='bbox 1887 4593 1960 4638; x_wconf 76' lang='lat' dir='ltr'><strong>Iv,</strong></span> 
     </span>
    </p>
   </div>
   <div class='ocr_carea' id='block_1_94' title="bbox 2104 4572 2925 4641">
    <p class='ocr_par' dir='ltr' id='par_1_94' title="bbox 2130 4572 2925 4639">
     <span class='ocr_line' id='line_1_94' title="bbox 2130 4572 2925 4639; baseline -0.001 -11"><span class='ocrx_word' id='word_1_776' title='bbox 2130 4574 2218 4628; x_wconf 78' lang='lat' dir='ltr'><strong>l3.</strong></span> <span class='ocrx_word' id='word_1_777' title='bbox 2297 4575 2338 4606; x_wconf 82' lang='grc'><strong>⁶¹</strong></span> <span class='ocrx_word' id='word_1_778' title='bbox 2375 4573 2534 4628; x_wconf 83' lang='lat' dir='ltr'><strong>Rom.</strong></span> <span class='ocrx_word' id='word_1_779' title='bbox 2567 4588 2689 4638; x_wconf 79' lang='lat' dir='ltr'><strong>vm,</strong></span> <span class='ocrx_word' id='word_1_780' title='bbox 2720 4572 2810 4639; x_wconf 73' lang='lat'><strong>2|,</strong></span> <span class='ocrx_word' id='word_1_781' title='bbox 2833 4574 2925 4628; x_wconf 68' lang='lat'><strong>22.</strong></span> 
     </span>
    </p>
   </div>
   <div class='ocr_carea' id='block_1_95' title="bbox 493 4730 1995 4824">
    <p class='ocr_par' dir='ltr' id='par_1_95' title="bbox 493 4730 1987 4824">
     <span class='ocr_line' id='line_1_95' title="bbox 493 4730 1987 4824; baseline -0.002 -38"><span class='ocrx_word' id='word_1_782' title='bbox 493 4733 605 4802; x_wconf 71' lang='grc'>(54)</span> <span class='ocrx_word' id='word_1_783' title='bbox 631 4731 864 4824; x_wconf 50' lang='lat' dir='ltr'><strong>[Seguetu</strong></span> <span class='ocrx_word' id='word_1_784' title='bbox 906 4733 1187 4824; x_wconf 55' lang='lat' dir='ltr'><strong>Angli‘ca&#39;n.</strong></span> <span class='ocrx_word' id='word_1_785' title='bbox 1230 4745 1297 4824; x_wconf 67' lang='grc' dir='ltr'><strong>¹ιιι</strong></span> <span class='ocrx_word' id='word_1_786' title='bbox 1328 4730 1475 4824; x_wconf 49' lang='grc' dir='ltr'><strong>ιῖειιε,ἶ</strong></span> <span class='ocrx_word' id='word_1_787' title='bbox 1505 4733 1556 4790; x_wconf 73' lang='grc'>4,</span> <span class='ocrx_word' id='word_1_788' title='bbox 1577 4734 1670 4824; x_wconf 42' lang='grc' dir='ltr'><strong>¹,οὑ</strong></span> <span class='ocrx_word' id='word_1_789' title='bbox 1702 4732 1987 4824; x_wconf 44' lang='grc' dir='ltr'>γὰρλειίρήῑ</span> 
     </span>
    </p>
   </div>
   <div class='ocr_carea' id='block_1_96' title="bbox 2104 4730 3677 4824">
    <p class='ocr_par' dir='ltr' id='par_1_96' title="bbox 2104 4730 3677 4824">
     <span class='ocr_line' id='line_1_96' title="bbox 2104 4730 3677 4824; baseline -0.001 -40"><span class='ocrx_word' id='word_1_790' title='bbox 2104 4730 2575 4824; x_wconf 51' lang='grc' dir='ltr'>τῆξιν-ὀνομάζει.</span> <span class='ocrx_word' id='word_1_791' title='bbox 2597 4731 2768 4816; x_wconf 75' lang='lat' dir='ltr'><strong>Paulo</strong></span> <span class='ocrx_word' id='word_1_792' title='bbox 2791 4731 3099 4824; x_wconf 43' lang='lat' dir='ltr'><strong>po&#39;s‘t,‘Fe.lc.</strong></span> <span class='ocrx_word' id='word_1_793' title='bbox 3143 4733 3178 4786; x_wconf 77' lang='lat'><strong>2</strong></span> <span class='ocrx_word' id='word_1_794' title='bbox 3209 4743 3262 4787; x_wconf 86' lang='lat' dir='ltr'><strong>et</strong></span> <span class='ocrx_word' id='word_1_795' title='bbox 3296 4731 3473 4824; x_wconf 70' lang='lat' dir='ltr'><strong>Ileditio</strong></span> <span class='ocrx_word' id='word_1_796' title='bbox 3505 4731 3677 4815; x_wconf 65' lang='lat' dir='ltr'><strong>com:</strong></span> 
     </span>
    </p>
   </div>
   <div class='ocr_carea' id='block_1_97' title="bbox 420 4801 1995 4873">
    <p class='ocr_par' dir='ltr' id='par_1_97' title="bbox 420 4801 1989 4873">
     <span class='ocr_line' id='line_1_97' title="bbox 420 4801 1989 4873; baseline -0.001 -18"><span class='ocrx_word' id='word_1_797' title='bbox 420 4819 600 4873; x_wconf 79' lang='grc' dir='ltr'>κασιν.</span> <span class='ocrx_word' id='word_1_798' title='bbox 631 4801 940 4857; x_wconf 86' lang='lat' dir='ltr'><strong>Goblerian.</strong></span> <span class='ocrx_word' id='word_1_799' title='bbox 968 4801 1021 4856; x_wconf 79' lang='lat' dir='ltr'><strong>et</strong></span> <span class='ocrx_word' id='word_1_800' title='bbox 1043 4802 1194 4858; x_wconf 83' lang='lat' dir='ltr'><strong>Felc.</strong></span> <span class='ocrx_word' id='word_1_801' title='bbox 1227 4804 1277 4867; x_wconf 79' lang='grc'>1,</span> <span class='ocrx_word' id='word_1_802' title='bbox 1307 4803 1366 4855; x_wconf 89' lang='grc' dir='ltr'><strong>οὑ</strong></span> <span class='ocrx_word' id='word_1_803' title='bbox 1404 4801 1513 4873; x_wconf 83' lang='grc' dir='ltr'><strong>γὰρ</strong></span> <span class='ocrx_word' id='word_1_804' title='bbox 1541 4801 1788 4857; x_wconf 67' lang='grc' dir='ltr'>είπασινζ</span> <span class='ocrx_word' id='word_1_805' title='bbox 1809 4801 1913 4856; x_wconf 74' lang='lat' dir='ltr'><strong>Alii</strong></span> <span class='ocrx_word' id='word_1_806' title='bbox 1934 4810 1989 4856; x_wconf 91' lang='lat' dir='ltr'><strong>et</strong></span> 
     </span>
    </p>
   </div>
   <div class='ocr_carea' id='block_1_98' title="bbox 2104 4801 3676 4873">
    <p class='ocr_par' dir='ltr' id='par_1_98' title="bbox 2104 4801 3676 4872">
     <span class='ocr_line' id='line_1_98' title="bbox 2104 4801 3676 4872; baseline -0.001 -16"><span class='ocrx_word' id='word_1_807' title='bbox 2104 4803 2220 4856; x_wconf 86' lang='lat' dir='ltr'><strong>mel.</strong></span> <span class='ocrx_word' id='word_1_808' title='bbox 2276 4801 2428 4865; x_wconf 81' lang='grc' dir='ltr'>δντες</span> <span class='ocrx_word' id='word_1_809' title='bbox 2474 4801 2569 4854; x_wconf 88' lang='grc' dir='ltr'><strong>τοῦ</strong></span> <span class='ocrx_word' id='word_1_810' title='bbox 2617 4801 2803 4872; x_wconf 51' lang='grc' dir='ltr'>παρά(</span> <span class='ocrx_word' id='word_1_811' title='bbox 2850 4801 3043 4856; x_wconf 63' lang='lat' dir='ltr'><strong>Caneri</strong></span> <span class='ocrx_word' id='word_1_812' title='bbox 3103 4818 3235 4858; x_wconf 84' lang='lat' dir='ltr'><strong>mss.</strong></span> <span class='ocrx_word' id='word_1_813' title='bbox 3294 4802 3446 4864; x_wconf 72' lang='grc' dir='ltr'>ὄντος</span> <span class='ocrx_word' id='word_1_814' title='bbox 3497 4802 3676 4855; x_wconf 81' lang='grc' dir='ltr'>αὑτοῦ</span> 
     </span>
    </p>
   </div>
   <div class='ocr_carea' id='block_1_99' title="bbox 420 4872 1175 4942">
    <p class='ocr_par' dir='ltr' id='par_1_99' title="bbox 420 4872 1175 4942">
     <span class='ocr_line' id='line_1_99' title="bbox 420 4872 1175 4942; baseline 0 -16"><span class='ocrx_word' id='word_1_815' title='bbox 420 4872 550 4926; x_wconf 84' lang='lat' dir='ltr'><strong>editi</strong></span> <span class='ocrx_word' id='word_1_816' title='bbox 581 4881 876 4942; x_wconf 86' lang='lat' dir='ltr'><strong>utrumque</strong></span> <span class='ocrx_word' id='word_1_817' title='bbox 902 4873 1175 4926; x_wconf 90' lang='lat' dir='ltr'><strong>omittunt.</strong></span> 
     </span>
    </p>
   </div>
   <div class='ocr_carea' id='block_1_100' title="bbox 507 4940 1982 5014">
    <p class='ocr_par' dir='ltr' id='par_1_100' title="bbox 507 4940 1982 5014">
     <span class='ocr_line' id='line_1_100' title="bbox 507 4940 1982 5014; baseline 0.001 -19"><span class='ocrx_word' id='word_1_818' title='bbox 507 4943 603 5014; x_wconf 68' lang='lat'><strong>§5)</strong></span> <span class='ocrx_word' id='word_1_819' title='bbox 627 4943 744 5014; x_wconf 62' lang='grc' dir='ltr'><strong>Καὶ</strong></span> <span class='ocrx_word' id='word_1_820' title='bbox 774 4940 1244 5014; x_wconf 65' lang='grc' dir='ltr'>’ἱεροσκυνούμενος</span> <span class='ocrx_word' id='word_1_821' title='bbox 1289 4943 1441 4997; x_wconf 89' lang='lat' dir='ltr'><strong>deest</strong></span> <span class='ocrx_word' id='word_1_822' title='bbox 1475 4941 1527 4995; x_wconf 85' lang='lat' dir='ltr'><strong>in</strong></span> <span class='ocrx_word' id='word_1_823' title='bbox 1551 4941 1717 4997; x_wconf 78' lang='lat' dir='ltr'><strong>Basil.</strong></span> <span class='ocrx_word' id='word_1_824' title='bbox 1766 4940 1982 4997; x_wconf 87' lang='lat' dir='ltr'><strong>Gobler.</strong></span> 
     </span>
    </p>
   </div>
   <div class='ocr_carea' id='block_1_101' title="bbox 407 5012 894 5067">
    <p class='ocr_par' dir='ltr' id='par_1_101' title="bbox 407 5012 894 5067">
     <span class='ocr_line' id='line_1_101' title="bbox 407 5012 894 5067; baseline -0.002 0"><span class='ocrx_word' id='word_1_825' title='bbox 407 5012 828 5067; x_wconf 44' lang='lat' dir='ltr'><strong>.ct-Felckman.’</strong></span> <span class='ocrx_word' id='word_1_826' title='bbox 845 5013 866 5064; x_wconf 80' lang='lat' dir='ltr'><strong>l</strong></span> <span class='ocrx_word' id='word_1_827' title='bbox 881 5053 894 5066; x_wconf 86' lang='lat'><strong>.</strong></span> 
     </span>
    </p>
   </div>
   <div class='ocr_carea' id='block_1_102' title="bbox 491 5081 1984 5164">
    <p class='ocr_par' dir='ltr' id='par_1_102' title="bbox 491 5081 1984 5164">
     <span class='ocr_line' id='line_1_102' title="bbox 491 5081 1984 5164; baseline -0.002 -27"><span class='ocrx_word' id='word_1_828' title='bbox 491 5083 600 5164; x_wconf 58' lang='grc' dir='ltr'>(ὅςῆ)</span> <span class='ocrx_word' id='word_1_829' title='bbox 641 5082 864 5164; x_wconf 71' lang='lat' dir='ltr'><strong>Se_g_uer.</strong></span> <span class='ocrx_word' id='word_1_830' title='bbox 898 5082 1027 5164; x_wconf 62' lang='lat' dir='ltr'><strong>Reg.</strong></span> <span class='ocrx_word' id='word_1_831' title='bbox 1045 5093 1099 5138; x_wconf 94' lang='lat' dir='ltr'><strong>et</strong></span> <span class='ocrx_word' id='word_1_832' title='bbox 1112 5081 1262 5164; x_wconf 57' lang='lat' dir='ltr'><strong>Fele.</strong></span> <span class='ocrx_word' id='word_1_833' title='bbox 1292 5083 1574 5164; x_wconf 63' lang='lat' dir='ltr'><strong>addunt,</strong></span> <span class='ocrx_word' id='word_1_834' title='bbox 1607 5081 1665 5134; x_wconf 81' lang='grc' dir='ltr'>ὲν</span> <span class='ocrx_word' id='word_1_835' title='bbox 1716 5081 1984 5164; x_wconf 55' lang='grc' dir='ltr'>Ψςαλμρῖς,</span> 
     </span>
    </p>
   </div>
   <div class='ocr_carea' id='block_1_103' title="bbox 419 5151 1976 5234">
    <p class='ocr_par' dir='ltr' id='par_1_103' title="bbox 419 5151 1976 5234">
     <span class='ocr_line' id='line_1_103' title="bbox 419 5151 1976 5234; baseline 0.001 -29"><span class='ocrx_word' id='word_1_836' title='bbox 419 5151 640 5234; x_wconf 61' lang='lat' dir='ltr'><strong>ﬂupdin</strong></span> <span class='ocrx_word' id='word_1_837' title='bbox 669 5154 793 5234; x_wconf 74' lang='lat' dir='ltr'><strong>aliis</strong></span> <span class='ocrx_word' id='word_1_838' title='bbox 819 5162 872 5207; x_wconf 89' lang='lat' dir='ltr'><strong>et</strong></span> <span class='ocrx_word' id='word_1_839' title='bbox 901 5153 1062 5234; x_wconf 68' lang='lat' dir='ltr'><strong>editis</strong></span> <span class='ocrx_word' id='word_1_840' title='bbox 1089 5153 1275 5234; x_wconf 53' lang='lat' dir='ltr'><strong>deest;</strong></span> <span class='ocrx_word' id='word_1_841' title='bbox 1311 5151 1445 5234; x_wconf 52' lang='lat' dir='ltr'><strong>Ibid.</strong></span> <span class='ocrx_word' id='word_1_842' title='bbox 1477 5151 1709 5234; x_wconf 35' lang='grc' dir='ltr'>’ξοδ-αρτ.</span> <span class='ocrx_word' id='word_1_843' title='bbox 1748 5151 1976 5234; x_wconf 56' lang='grc' dir='ltr'>ροῦμεν.</span> 
     </span>
    </p>
   </div>
   <div class='ocr_carea' id='block_1_104' title="bbox 415 5218 1980 5347">
    <p class='ocr_par' dir='ltr' id='par_1_104' title="bbox 415 5218 1980 5347">
     <span class='ocr_line' id='line_1_104' title="bbox 419 5218 1980 5295; baseline 0.001 -22"><span class='ocrx_word' id='word_1_844' title='bbox 419 5218 562 5276; x_wconf 67' lang='grc' dir='ltr'><strong>ιῗοιο.</strong></span> <span class='ocrx_word' id='word_1_845' title='bbox 605 5222 630 5275; x_wconf 76' lang='grc'><strong>1</strong></span> <span class='ocrx_word' id='word_1_846' title='bbox 668 5233 722 5277; x_wconf 89' lang='lat' dir='ltr'><strong>et</strong></span> <span class='ocrx_word' id='word_1_847' title='bbox 743 5225 806 5286; x_wconf 76' lang='grc'><strong>,4,</strong></span> <span class='ocrx_word' id='word_1_848' title='bbox 847 5223 985 5294; x_wconf 74' lang='grc' dir='ltr'>μετὰ</span> <span class='ocrx_word' id='word_1_849' title='bbox 1016 5223 1188 5294; x_wconf 82' lang='grc' dir='ltr'>καλῆς</span> <span class='ocrx_word' id='word_1_850' title='bbox 1215 5224 1333 5295; x_wconf 83' lang='grc' dir='ltr'>τῆς.</span> <span class='ocrx_word' id='word_1_851' title='bbox 1357 5223 1534 5278; x_wconf 66' lang='grc' dir='ltr'><strong>ιΒθεὶΙ.</strong></span> <span class='ocrx_word' id='word_1_852' title='bbox 1562 5218 1696 5278; x_wconf 84' lang='lat' dir='ltr'><strong>ibid.</strong></span> <span class='ocrx_word' id='word_1_853' title='bbox 1739 5223 1766 5276; x_wconf 76' lang='grc' dir='ltr'>ὁ</span> <span class='ocrx_word' id='word_1_854' title='bbox 1813 5222 1980 5291; x_wconf 87' lang='grc' dir='ltr'>Λόγος</span> 
     </span>
     <span class='ocr_line' id='line_1_105' title="bbox 415 5288 823 5347; baseline 0.015 -6"><span class='ocrx_word' id='word_1_855' title='bbox 415 5288 448 5342; x_wconf 84' lang='grc' dir='ltr'><strong>ὁ</strong></span> <span class='ocrx_word' id='word_1_856' title='bbox 479 5289 573 5344; x_wconf 85' lang='grc' dir='ltr'><strong>τοῦ</strong></span> <span class='ocrx_word' id='word_1_857' title='bbox 597 5292 823 5347; x_wconf 79' lang='grc' dir='ltr'>Κυρίου.</span> 
     </span>
    </p>
   </div>
   <div class='ocr_carea' id='block_1_105' title="bbox 407 5309 823 5348">
    <p class='ocr_par' dir='ltr' id='par_1_105' title="bbox 407 5309 823 5348">
     <span class='ocr_line' id='line_1_106' title="bbox 407 5309 823 5348; baseline 0.017 -7"><span class='ocrx_word' id='word_1_858' title='bbox 407 5309 448 5342; x_wconf 77' lang='grc' dir='ltr'><strong>ὀ</strong></span> <span class='ocrx_word' id='word_1_859' title='bbox 479 5309 573 5344; x_wconf 82' lang='grc' dir='ltr'><strong>του</strong></span> <span class='ocrx_word' id='word_1_860' title='bbox 599 5309 680 5344; x_wconf 67' lang='grc' dir='ltr'><strong>λυ</strong></span> <span class='ocrx_word' id='word_1_861' title='bbox 689 5309 823 5348; x_wconf 81' lang='grc' dir='ltr'>ρίου.</span> 
     </span>
    </p>
   </div>
   <div class='ocr_carea' id='block_1_106' title="bbox 492 5310 1984 5431">
    <p class='ocr_par' dir='ltr' id='par_1_106' title="bbox 492 5310 1984 5431">
     <span class='ocr_line' id='line_1_107' title="bbox 492 5310 823 5363; baseline 0.018 -21"><span class='ocrx_word' id='word_1_862' title='bbox 492 5310 573 5344; x_wconf 68' lang='grc' dir='ltr'>που</span> <span class='ocrx_word' id='word_1_863' title='bbox 599 5310 823 5363; x_wconf 66' lang='grc' dir='ltr'>λυριου.</span> 
     </span>
     <span class='ocr_line' id='line_1_108' title="bbox 492 5360 1984 5431; baseline -0.002 -15"><span class='ocrx_word' id='word_1_864' title='bbox 492 5360 603 5431; x_wconf 79' lang='lat'><strong>(&#39;57)</strong></span> <span class='ocrx_word' id='word_1_865' title='bbox 628 5360 778 5431; x_wconf 12' lang='lat' dir='ltr'><strong>,Felc.</strong></span> <span class='ocrx_word' id='word_1_866' title='bbox 801 5362 836 5416; x_wconf 88' lang='lat'><strong>5</strong></span> <span class='ocrx_word' id='word_1_867' title='bbox 863 5363 931 5418; x_wconf 77' lang='grc' dir='ltr'>ἀν</span> <span class='ocrx_word' id='word_1_868' title='bbox 954 5363 1177 5419; x_wconf 88' lang='lat' dir='ltr'><strong>omittit.</strong></span> <span class='ocrx_word' id='word_1_869' title='bbox 1214 5361 1340 5419; x_wconf 76' lang='lat' dir='ltr'><strong>Mox</strong></span> <span class='ocrx_word' id='word_1_870' title='bbox 1368 5361 1515 5419; x_wconf 86' lang='lat' dir='ltr'><strong>Fele.</strong></span> <span class='ocrx_word' id='word_1_871' title='bbox 1550 5363 1604 5428; x_wconf 74' lang='grc'>4,</span> <span class='ocrx_word' id='word_1_872' title='bbox 1657 5362 1752 5416; x_wconf 71' lang='grc' dir='ltr'>καὶ</span> <span class='ocrx_word' id='word_1_873' title='bbox 1782 5362 1882 5415; x_wconf 81' lang='grc' dir='ltr'><strong>οὐκ</strong></span> <span class='ocrx_word' id='word_1_874' title='bbox 1919 5360 1984 5414; x_wconf 87' lang='grc' dir='ltr'><strong>ἂν</strong></span> 
     </span>
    </p>
   </div>
   <div class='ocr_carea' id='block_1_107' title="bbox 415 5425 736 5486">
    <p class='ocr_par' dir='ltr' id='par_1_107' title="bbox 415 5425 736 5486">
     <span class='ocr_line' id='line_1_109' title="bbox 415 5425 736 5486; baseline 0.016 -6"><span class='ocrx_word' id='word_1_875' title='bbox 415 5425 736 5486; x_wconf 52' lang='lat' dir='ltr'><strong>magna.</strong></span> 
     </span>
    </p>
   </div>
   <div class='ocr_carea' id='block_1_108' title="bbox 492 5499 1994 5574">
    <p class='ocr_par' dir='ltr' id='par_1_108' title="bbox 492 5499 1994 5574">
     <span class='ocr_line' id='line_1_110' title="bbox 492 5499 1994 5574; baseline -0.003 -17"><span class='ocrx_word' id='word_1_876' title='bbox 492 5499 606 5574; x_wconf 55' lang='grc' dir='ltr'>(ἦε)</span> <span class='ocrx_word' id='word_1_877' title='bbox 648 5499 878 5574; x_wconf 59' lang='grc' dir='ltr'>ἕτερον.</span> <span class='ocrx_word' id='word_1_878' title='bbox 931 5513 985 5557; x_wconf 89' lang='lat' dir='ltr'><strong>et</strong></span> <span class='ocrx_word' id='word_1_879' title='bbox 1029 5502 1183 5574; x_wconf 68' lang='lat' dir='ltr'><strong>Fele.</strong></span> <span class='ocrx_word' id='word_1_880' title='bbox 1233 5504 1302 5569; x_wconf 74' lang='grc'>4,</span> <span class='ocrx_word' id='word_1_881' title='bbox 1374 5504 1557 5574; x_wconf 82' lang='grc' dir='ltr'>μέχρι.</span> <span class='ocrx_word' id='word_1_882' title='bbox 1617 5501 1814 5574; x_wconf 81' lang='lat' dir='ltr'><strong>_B_asil._</strong></span> <span class='ocrx_word' id='word_1_883' title='bbox 1861 5501 1994 5574; x_wconf 83' lang='lat' dir='ltr'><strong>ibid.</strong></span> 
     </span>
    </p>
   </div>
   <div class='ocr_carea' id='block_1_109' title="bbox 421 5521 1982 5654">
    <p class='ocr_par' dir='ltr' id='par_1_109' title="bbox 421 5521 1982 5654">
     <span class='ocr_line' id='line_1_111' title="bbox 492 5521 1982 5586; baseline -0.001 -32"><span class='ocrx_word' id='word_1_884' title='bbox 492 5521 606 5579; x_wconf 58' lang='grc' dir='ltr'>περ)</span> <span class='ocrx_word' id='word_1_885' title='bbox 648 5521 878 5571; x_wconf 49' lang='grc' dir='ltr'>τῡθειιϐτ.</span> <span class='ocrx_word' id='word_1_886' title='bbox 931 5521 985 5557; x_wconf 87' lang='lat' dir='ltr'><strong>et</strong></span> <span class='ocrx_word' id='word_1_887' title='bbox 1035 5521 1183 5560; x_wconf 79' lang='lat' dir='ltr'><strong>rete.</strong></span> <span class='ocrx_word' id='word_1_888' title='bbox 1233 5521 1302 5586; x_wconf 60' lang='grc' dir='ltr'><strong>ρ,</strong></span> <span class='ocrx_word' id='word_1_889' title='bbox 1415 5521 1557 5574; x_wconf 83' lang='grc' dir='ltr'>εχρι.</span> <span class='ocrx_word' id='word_1_890' title='bbox 1617 5521 1787 5556; x_wconf 78' lang='lat' dir='ltr'><strong>basu.</strong></span> <span class='ocrx_word' id='word_1_891' title='bbox 1861 5521 1982 5554; x_wconf 59' lang='lat' dir='ltr'><strong>IDlu.</strong></span> 
     </span>
     <span class='ocr_line' id='line_1_112' title="bbox 421 5521 1982 5654; baseline 0.002 -34"><span class='ocrx_word' id='word_1_892' title='bbox 421 5554 623 5654; x_wconf 56' lang='grc' dir='ltr'>μελῶν.</span> <span class='ocrx_word' id='word_1_893' title='bbox 650 5568 997 5654; x_wconf 54' lang='grc' dir='ltr'>Ραυίοροει,</span> <span class='ocrx_word' id='word_1_894' title='bbox 1021 5573 1339 5654; x_wconf 70' lang='lat' dir='ltr'><strong>Seguerian.</strong></span> <span class='ocrx_word' id='word_1_895' title='bbox 1372 5521 1588 5628; x_wconf 53' lang='grc' dir='ltr'>ἔθυιεν.</span> <span class='ocrx_word' id='word_1_896' title='bbox 1623 5571 1768 5626; x_wconf 84' lang='lat' dir='ltr'><strong>Fele.</strong></span> <span class='ocrx_word' id='word_1_897' title='bbox 1797 5571 1820 5623; x_wconf 77' lang='grc' dir='ltr'><strong>ί</strong></span> <span class='ocrx_word' id='word_1_898' title='bbox 1851 5581 1906 5623; x_wconf 90' lang='lat' dir='ltr'><strong>et</strong></span> <span class='ocrx_word' id='word_1_899' title='bbox 1926 5570 1982 5632; x_wconf 79' lang='grc'>4,</span> 
     </span>
    </p>
   </div>
   <div class='ocr_carea' id='block_1_110' title="bbox 415 5641 1315 5714">
    <p class='ocr_par' dir='ltr' id='par_1_110' title="bbox 415 5641 1315 5714">
     <span class='ocr_line' id='line_1_113' title="bbox 415 5641 1315 5714; baseline 0.008 -24"><span class='ocrx_word' id='word_1_900' title='bbox 415 5641 675 5714; x_wconf 61' lang='lat' dir='ltr'><strong>omittunt</strong></span> <span class='ocrx_word' id='word_1_901' title='bbox 699 5641 794 5693; x_wconf 80' lang='grc' dir='ltr'><strong>καὶ</strong></span> <span class='ocrx_word' id='word_1_902' title='bbox 824 5642 1048 5714; x_wconf 48' lang='lat' dir='ltr'><strong>hvmum</strong></span> <span class='ocrx_word' id='word_1_903' title='bbox 1071 5641 1315 5714; x_wconf 70' lang='grc' dir='ltr'>καρδίας.</span> 
     </span>
    </p>
   </div>
   <div class='ocr_carea' id='block_1_111' title="bbox 488 5707 1981 5788">
    <p class='ocr_par' dir='ltr' id='par_1_111' title="bbox 488 5707 1981 5788">
     <span class='ocr_line' id='line_1_114' title="bbox 488 5707 1981 5788; baseline 0 -24"><span class='ocrx_word' id='word_1_904' title='bbox 488 5707 600 5782; x_wconf 72' lang='grc'>(59)</span> <span class='ocrx_word' id='word_1_905' title='bbox 641 5707 863 5781; x_wconf 65' lang='lat' dir='ltr'><strong>Seguer.</strong></span> <span class='ocrx_word' id='word_1_906' title='bbox 916 5707 1325 5769; x_wconf 72' lang='lat' dir='ltr'><strong>Gobler.&#39;Felc.</strong></span> <span class='ocrx_word' id='word_1_907' title='bbox 1370 5714 1396 5768; x_wconf 78' lang='grc'><strong>1</strong></span> <span class='ocrx_word' id='word_1_908' title='bbox 1451 5723 1504 5769; x_wconf 91' lang='lat' dir='ltr'><strong>et</strong></span> <span class='ocrx_word' id='word_1_909' title='bbox 1550 5714 1605 5782; x_wconf 73' lang='grc' dir='ltr'><strong>ι,</strong></span> <span class='ocrx_word' id='word_1_910' title='bbox 1640 5713 1726 5788; x_wconf 46' lang='grc' dir='ltr'><strong>,τὰ</strong></span> <span class='ocrx_word' id='word_1_911' title='bbox 1781 5711 1981 5782; x_wconf 70' lang='grc' dir='ltr'>γενητὰ</span> 
     </span>
    </p>
   </div>
   <div class='ocr_carea' id='block_1_112' title="bbox 2092 4873 2260 4925">
    <p class='ocr_par' dir='ltr' id='par_1_112' title="bbox 2092 4873 2260 4925">
     <span class='ocr_line' id='line_1_115' title="bbox 2092 4873 2260 4925; baseline -0.024 -1"><span class='ocrx_word' id='word_1_912' title='bbox 2092 4889 2166 4924; x_wconf 82' lang='grc' dir='ltr'>πα</span> <span class='ocrx_word' id='word_1_913' title='bbox 2175 4873 2260 4925; x_wconf 86' lang='grc' dir='ltr'><strong>οά.</strong></span> 
     </span>
    </p>
   </div>
   <div class='ocr_carea' id='block_1_113' title="bbox 2162 4889 3676 5012">
    <p class='ocr_par' dir='ltr' id='par_1_113' title="bbox 2162 4889 3676 5012">
     <span class='ocr_line' id='line_1_116' title="bbox 2162 4889 3676 5012; baseline 0.001 -20"><span class='ocrx_word' id='word_1_914' title='bbox 2300 4941 2522 5009; x_wconf 73' lang='lat' dir='ltr'><strong>Seguer.</strong></span> <span class='ocrx_word' id='word_1_915' title='bbox 2564 4939 2698 5012; x_wconf 57' lang='lat' dir='ltr'><strong>Eeg.</strong></span> <span class='ocrx_word' id='word_1_916' title='bbox 2765 4941 2978 5012; x_wconf 48' lang='lat' dir='ltr'><strong>Anglic.</strong></span> <span class='ocrx_word' id='word_1_917' title='bbox 3039 4940 3284 5012; x_wconf 63' lang='lat' dir='ltr'><strong>Gobler.</strong></span> <span class='ocrx_word' id='word_1_918' title='bbox 3315 4939 3466 5012; x_wconf 61' lang='lat' dir='ltr'><strong>Felc.</strong></span> <span class='ocrx_word' id='word_1_919' title='bbox 3523 4940 3571 5012; x_wconf 70' lang='grc' dir='ltr'><strong>ί,</strong></span> <span class='ocrx_word' id='word_1_920' title='bbox 3617 4945 3676 5012; x_wconf 14' lang='grc' dir='ltr'><strong>ἐξ).</strong></span> 
     </span>
    </p>
   </div>
   <div class='ocr_carea' id='block_1_114' title="bbox 2088 5009 3677 5077">
    <p class='ocr_par' dir='ltr' id='par_1_114' title="bbox 2088 5009 3677 5077">
     <span class='ocr_line' id='line_1_117' title="bbox 2088 5009 3677 5077; baseline -0.001 -12"><span class='ocrx_word' id='word_1_921' title='bbox 2088 5020 2143 5065; x_wconf 85' lang='lat' dir='ltr'><strong>ct</strong></span> <span class='ocrx_word' id='word_1_922' title='bbox 2171 5009 2224 5077; x_wconf 65' lang='grc' dir='ltr'><strong>ι,</strong></span> <span class='ocrx_word' id='word_1_923' title='bbox 2254 5009 2439 5065; x_wconf 80' lang='grc' dir='ltr'>Πάντα</span> <span class='ocrx_word' id='word_1_924' title='bbox 2462 5012 2538 5064; x_wconf 83' lang='grc' dir='ltr'><strong>δέ.</strong></span> <span class='ocrx_word' id='word_1_925' title='bbox 2574 5009 2738 5075; x_wconf 89' lang='lat' dir='ltr'><strong>Editi,</strong></span> <span class='ocrx_word' id='word_1_926' title='bbox 2768 5011 2955 5064; x_wconf 78' lang='grc' dir='ltr'>Πάντα</span> <span class='ocrx_word' id='word_1_927' title='bbox 2997 5011 3108 5064; x_wconf 87' lang='grc' dir='ltr'>καί.</span> <span class='ocrx_word' id='word_1_928' title='bbox 3148 5011 3314 5065; x_wconf 87' lang='lat' dir='ltr'><strong>Basil.</strong></span> <span class='ocrx_word' id='word_1_929' title='bbox 3363 5009 3562 5063; x_wconf 89' lang='lat' dir='ltr'><strong>omittit</strong></span> <span class='ocrx_word' id='word_1_930' title='bbox 3609 5011 3677 5063; x_wconf 81' lang='grc' dir='ltr'><em>δέ</em></span> 
     </span>
    </p>
   </div>
   <div class='ocr_carea' id='block_1_115' title="bbox 2089 5080 3679 5151">
    <p class='ocr_par' dir='ltr' id='par_1_115' title="bbox 2089 5080 3679 5151">
     <span class='ocr_line' id='line_1_118' title="bbox 2089 5080 3679 5151; baseline -0.004 -15"><span class='ocrx_word' id='word_1_931' title='bbox 2089 5093 2142 5136; x_wconf 90' lang='lat' dir='ltr'><strong>et</strong></span> <span class='ocrx_word' id='word_1_932' title='bbox 2199 5083 2310 5136; x_wconf 87' lang='grc' dir='ltr'>καί.</span> <span class='ocrx_word' id='word_1_933' title='bbox 2372 5081 2576 5136; x_wconf 83' lang='lat' dir='ltr'><strong>Ibidem</strong></span> <span class='ocrx_word' id='word_1_934' title='bbox 2643 5080 2790 5136; x_wconf 87' lang='lat' dir='ltr'><strong>Fele.</strong></span> <span class='ocrx_word' id='word_1_935' title='bbox 2855 5082 2890 5134; x_wconf 75' lang='grc'><strong>2</strong></span> <span class='ocrx_word' id='word_1_936' title='bbox 2938 5091 2991 5151; x_wconf 88' lang='lat' dir='ltr'><strong>et</strong></span> <span class='ocrx_word' id='word_1_937' title='bbox 3041 5081 3206 5135; x_wconf 89' lang='lat' dir='ltr'><strong>editio</strong></span> <span class='ocrx_word' id='word_1_938' title='bbox 3272 5081 3534 5134; x_wconf 82' lang='lat' dir='ltr'><strong>Commel.</strong></span> <span class='ocrx_word' id='word_1_939' title='bbox 3585 5081 3679 5151; x_wconf 77' lang='grc' dir='ltr'>τῷ</span> 
     </span>
    </p>
   </div>
   <div class='ocr_carea' id='block_1_116' title="bbox 2088 5150 3680 5223">
    <p class='ocr_par' dir='ltr' id='par_1_116' title="bbox 2088 5150 3680 5223">
     <span class='ocr_line' id='line_1_119' title="bbox 2088 5150 3680 5223; baseline -0.001 -19"><span class='ocrx_word' id='word_1_940' title='bbox 2088 5151 2372 5223; x_wconf 53' lang='lat' dir='ltr'><strong>sesamo.</strong></span> <span class='ocrx_word' id='word_1_941' title='bbox 2405 5153 2510 5205; x_wconf 84' lang='lat' dir='ltr'><strong>Alii</strong></span> <span class='ocrx_word' id='word_1_942' title='bbox 2544 5167 2704 5223; x_wconf 15' lang='lat' dir='ltr'><strong>rmss._</strong></span> <span class='ocrx_word' id='word_1_943' title='bbox 2748 5150 3217 5223; x_wconf 52' lang='grc' dir='ltr'>τοῖςὸφδαλμοίς.</span> <span class='ocrx_word' id='word_1_944' title='bbox 3255 5151 3375 5223; x_wconf 75' lang='lat' dir='ltr'><strong>Mox</strong></span> <span class='ocrx_word' id='word_1_945' title='bbox 3439 5150 3680 5223; x_wconf 62' lang='lat' dir='ltr'><strong>Segnior.</strong></span> 
     </span>
    </p>
   </div>
   <div class='ocr_carea' id='block_1_117' title="bbox 2091 5216 3685 5291">
    <p class='ocr_par' dir='ltr' id='par_1_117' title="bbox 2091 5216 3685 5291">
     <span class='ocr_line' id='line_1_120' title="bbox 2091 5216 3685 5291; baseline 0 -16"><span class='ocrx_word' id='word_1_946' title='bbox 2091 5216 2654 5291; x_wconf 43' lang='lat' dir='ltr'><strong>G&#39;oblei&#39;fFelcﬁLet</strong></span> <span class='ocrx_word' id='word_1_947' title='bbox 2680 5221 2734 5287; x_wconf 75' lang='grc'>4,</span> <span class='ocrx_word' id='word_1_948' title='bbox 2770 5216 3098 5275; x_wconf 76' lang='grc' dir='ltr'>αὑτὸνέἷναί</span> <span class='ocrx_word' id='word_1_949' title='bbox 3138 5221 3416 5291; x_wconf 83' lang='grc' dir='ltr'>σημαίνει.</span> <span class='ocrx_word' id='word_1_950' title='bbox 3454 5216 3685 5275; x_wconf 61' lang='grc' dir='ltr'>ΙιίεΙίἱε</span> 
     </span>
    </p>
   </div>
   <div class='ocr_carea' id='block_1_118' title="bbox 2091 5287 2710 5347">
    <p class='ocr_par' dir='ltr' id='par_1_118' title="bbox 2091 5287 2710 5347">
     <span class='ocr_line' id='line_1_121' title="bbox 2091 5287 2710 5347; baseline -0.005 -1"><span class='ocrx_word' id='word_1_951' title='bbox 2091 5302 2146 5346; x_wconf 86' lang='lat' dir='ltr'><strong>ct</strong></span> <span class='ocrx_word' id='word_1_952' title='bbox 2177 5293 2338 5347; x_wconf 84' lang='lat' dir='ltr'><strong>editis</strong></span> <span class='ocrx_word' id='word_1_953' title='bbox 2375 5294 2528 5346; x_wconf 86' lang='lat' dir='ltr'><strong>deest</strong></span> <span class='ocrx_word' id='word_1_954' title='bbox 2551 5287 2710 5344; x_wconf 82' lang='grc' dir='ltr'>εἶναι.</span> 
     </span>
    </p>
   </div>
   <div class='ocr_carea' id='block_1_119' title="bbox 2173 5358 3684 5442">
    <p class='ocr_par' dir='ltr' id='par_1_119' title="bbox 2173 5358 3684 5442">
     <span class='ocr_line' id='line_1_122' title="bbox 2173 5358 3684 5442; baseline 0 -28"><span class='ocrx_word' id='word_1_955' title='bbox 2173 5361 2284 5442; x_wconf 45' lang='lat' dir='ltr'><strong>(si)</strong></span> <span class='ocrx_word' id='word_1_956' title='bbox 2335 5361 2431 5442; x_wconf 68' lang='lat' dir='ltr'><strong>Sic</strong></span> <span class='ocrx_word' id='word_1_957' title='bbox 2484 5359 2904 5442; x_wconf 36' lang='lat' dir='ltr'><strong>’Seguer.LReg.</strong></span> <span class='ocrx_word' id='word_1_958' title='bbox 2957 5361 3173 5416; x_wconf 87' lang='lat' dir='ltr'><strong>Gobler.</strong></span> <span class='ocrx_word' id='word_1_959' title='bbox 3220 5371 3273 5416; x_wconf 89' lang='lat' dir='ltr'><strong>et</strong></span> <span class='ocrx_word' id='word_1_960' title='bbox 3329 5361 3474 5416; x_wconf 80' lang='lat' dir='ltr'><strong>Felc.</strong></span> <span class='ocrx_word' id='word_1_961' title='bbox 3511 5358 3561 5411; x_wconf 78' lang='grc'><strong>1.</strong></span> <span class='ocrx_word' id='word_1_962' title='bbox 3597 5359 3684 5414; x_wconf 79' lang='lat' dir='ltr'><strong>At</strong></span> 
     </span>
    </p>
   </div>
   <div class='ocr_carea' id='block_1_120' title="bbox 2102 5428 2897 5486">
    <p class='ocr_par' dir='ltr' id='par_1_120' title="bbox 2102 5428 2897 5486">
     <span class='ocr_line' id='line_1_123' title="bbox 2102 5428 2897 5486; baseline 0.001 -2"><span class='ocrx_word' id='word_1_963' title='bbox 2102 5428 2231 5485; x_wconf 82' lang='lat' dir='ltr'><strong>editi</strong></span> <span class='ocrx_word' id='word_1_964' title='bbox 2263 5428 2318 5486; x_wconf 80' lang='lat' dir='ltr'><strong>et</strong></span> <span class='ocrx_word' id='word_1_965' title='bbox 2343 5433 2434 5486; x_wconf 88' lang='lat' dir='ltr'><strong>alii</strong></span> <span class='ocrx_word' id='word_1_966' title='bbox 2456 5428 2594 5484; x_wconf 65' lang='grc' dir='ltr'>εἶναι</span> <span class='ocrx_word' id='word_1_967' title='bbox 2621 5428 2897 5485; x_wconf 77' lang='lat' dir='ltr'><strong>omittunt.</strong></span> 
     </span>
    </p>
   </div>
   <div class='ocr_carea' id='block_1_121' title="bbox 2171 5499 3679 5572">
    <p class='ocr_par' dir='ltr' id='par_1_121' title="bbox 2171 5499 3679 5572">
     <span class='ocr_line' id='line_1_124' title="bbox 2171 5499 3679 5572; baseline -0.001 -17"><span class='ocrx_word' id='word_1_968' title='bbox 2171 5501 2282 5571; x_wconf 67' lang='lat'><strong>(4‘2)</strong></span> <span class='ocrx_word' id='word_1_969' title='bbox 2333 5501 2558 5572; x_wconf 79' lang='lat' dir='ltr'><strong>Seguer.</strong></span> <span class='ocrx_word' id='word_1_970' title='bbox 2606 5505 2750 5554; x_wconf 82' lang='grc' dir='ltr'>ἐστιν</span> <span class='ocrx_word' id='word_1_971' title='bbox 2778 5503 2807 5554; x_wconf 85' lang='grc' dir='ltr'>ὁ</span> <span class='ocrx_word' id='word_1_972' title='bbox 2843 5501 3119 5572; x_wconf 77' lang='grc' dir='ltr'>υίοποιῷν.</span> <span class='ocrx_word' id='word_1_973' title='bbox 3164 5502 3354 5556; x_wconf 68' lang='lat' dir='ltr'><strong>Creteri</strong></span> <span class='ocrx_word' id='word_1_974' title='bbox 3396 5512 3449 5572; x_wconf 86' lang='lat' dir='ltr'><strong>et</strong></span> <span class='ocrx_word' id='word_1_975' title='bbox 3504 5499 3679 5572; x_wconf 74' lang='lat' dir='ltr'><strong>editi,</strong></span> 
     </span>
    </p>
   </div>
   <div class='ocr_carea' id='block_1_122' title="bbox 2101 5571 3684 5640">
    <p class='ocr_par' dir='ltr' id='par_1_122' title="bbox 2101 5571 3684 5640">
     <span class='ocr_line' id='line_1_125' title="bbox 2101 5571 3684 5640; baseline 0.003 -19"><span class='ocrx_word' id='word_1_976' title='bbox 2101 5571 2247 5624; x_wconf 74' lang='grc' dir='ltr'>ἔστιν</span> <span class='ocrx_word' id='word_1_977' title='bbox 2282 5571 2554 5625; x_wconf 84' lang='grc' dir='ltr'>υἱοποιῶν.</span> <span class='ocrx_word' id='word_1_978' title='bbox 2598 5572 2758 5625; x_wconf 84' lang='lat' dir='ltr'><strong>Basil.</strong></span> <span class='ocrx_word' id='word_1_979' title='bbox 2789 5572 2918 5625; x_wconf 85' lang='lat' dir='ltr'><strong>ibid.</strong></span> <span class='ocrx_word' id='word_1_980' title='bbox 2973 5571 3152 5640; x_wconf 80' lang='grc' dir='ltr'>δῆλον,</span> <span class='ocrx_word' id='word_1_981' title='bbox 3187 5573 3261 5636; x_wconf 83' lang='grc' dir='ltr'>ὡς</span> <span class='ocrx_word' id='word_1_982' title='bbox 3311 5571 3472 5634; x_wconf 85' lang='grc' dir='ltr'>αὑτός</span> <span class='ocrx_word' id='word_1_983' title='bbox 3516 5571 3684 5625; x_wconf 78' lang='grc' dir='ltr'>ἐστιν</span> 
     </span>
    </p>
   </div>
   <div class='ocr_carea' id='block_1_123' title="bbox 2098 5641 3174 5710">
    <p class='ocr_par' dir='ltr' id='par_1_123' title="bbox 2098 5641 3174 5710">
     <span class='ocr_line' id='line_1_126' title="bbox 2098 5641 3174 5710; baseline 0.004 -18"><span class='ocrx_word' id='word_1_984' title='bbox 2098 5642 2366 5696; x_wconf 79' lang='grc' dir='ltr'>υἱοποιῶν.</span> <span class='ocrx_word' id='word_1_985' title='bbox 2405 5642 2524 5697; x_wconf 74' lang='lat' dir='ltr'><strong>Mox</strong></span> <span class='ocrx_word' id='word_1_986' title='bbox 2556 5641 2872 5710; x_wconf 75' lang='lat' dir='ltr'><strong>Seguerian.</strong></span> <span class='ocrx_word' id='word_1_987' title='bbox 2919 5643 2946 5694; x_wconf 83' lang='lat'>6</span> <span class='ocrx_word' id='word_1_988' title='bbox 2974 5641 3174 5705; x_wconf 76' lang='grc' dir='ltr'>δδῦλος.</span> 
     </span>
    </p>
   </div>
  </div>
