3948 6236
330 315 422 370 501

1423 313 1682 369 ORATIO
1722 313 1761 369 II
1800 313 2076 370 CONTRA
2114 311 2434 368 ARIANOS.

3452 319 3558 373 50!

328 428 544 496 δοῦλος
581 430 652 483 οὐ
674 429 839 498 μένει
865 430 936 484 ἐν
967 429 1042 500 τῇ
1069 433 1225 499 οἰκίᾳ
1261 437 1346 499 είς
1376 434 1481 487 τὸν
1514 435 1696 491 αἰῶνα
1719 455 1731 467 ο
1767 439 1798 490 ὀ
1826 435 1882 488 δὲ

1993 431 2193 486 Iudaeis
2210 430 2386 485 aiebat
2406 430 2520 500 ipse
2545 447 2556 481 :
2579 427 2765 482 Servus
2795 445 2893 482 non
2914 440 3081 484 manet
3101 430 3154 484 in
3169 431 3392 485 domoin
3409 443 3557 488 ater-

325 523 451 587 υἱὸς
490 523 658 591 μένει
687 526 774 591 είς
809 523 916 577 τὸν
943 524 1156 578 αἰῶνα·
1196 525 1303 578 ἐὰν
1335 521 1447 579 οὖν
1485 530 1518 580 d
1571 528 1700 593 Υἱὸς
1739 525 1893 597 ὑμᾶς

325 611 694 682 ἐλευθερώσῃ
717 655 733 678 ,
771 613 956 681 ὄντως
981 615 1274 682 ἐλεύθεροι
1300 618 1516 670 ἔσεσθε
1535 634 1548 646 ·
1577 618 1893 689 λευκότερον

325 702 498 771 φωτὸς
543 703 924 758 ἀποδείκνυται
974 707 1068 759 καὶ
1106 708 1170 759 ὲκ
1210 707 1448 772 τούτων,
1503 710 1583 763 ὅτι
1633 711 1731 764 οὐκ
1779 711 1891 764 ἔστι

323 795 524 864 κτίσμα
555 796 584 847 ὁ
611 795 705 849 τοῦ
739 797 872 850 Θεοῦ
907 798 1078 866 Λόγος
1103 839 1117 861 ,
1166 799 1282 852 ἀλλ’
1328 800 1454 864 Υἱὸς
1503 802 1750 872 ἀληθινὸς
1798 804 1890 857 καὶ

322 887 474 954 φύσει
504 888 726 958 γνήσιος
753 889 845 943 τοῦ
871 890 1102 962 Πατρός.
1134 893 1270 964 Περὶ
1300 895 1398 963 μὲν
1420 891 1510 947 οὖν
1537 895 1652 958 τοῦ,
1681 897 1891 964 Κύριος

319 976 518 1032 ἐκτισέ
535 997 614 1048 με
637 981 836 1049 ἀρχὴν
858 981 1032 1045 ὁδῶν,
1061 986 1109 1036 εί
1141 986 1234 1037 καὶ
1264 985 1332 1037 δι’
1353 986 1567 1054 ὀλίγων,
1590 987 1704 1040 ἀλλ’
1731 989 1890 1043 ἱκανά

319 1071 482 1135 ἐστιν,
508 1070 584 1136 ὥς
611 1089 677 1140 γε
709 1073 932 1144 νομίζω,
962 1074 1234 1143 πρόφασιν
1266 1081 1564 1150 παρασχεῖν
1586 1079 1756 1132 ταῦτα
1778 1083 1888 1144 τοῖς

318 1159 658 1231 λογιωτέροις
695 1161 912 1217 πλείονα
938 1167 1363 1230 κατασκευάζειν
1389 1170 1467 1231 εἰς
1490 1169 1764 1241 ἀναίρεσιν
1792 1171 1889 1241 τῆς

330 1251 610 1322 Ἀρειανῆς
630 1254 924 1325 αἱρέσεως’
947 1257 1129 1328 ἐπειδὴ
1164 1257 1220 1310 δὲ
1247 1260 1339 1312 καὶ
1373 1260 1486 1328 (45)
1514 1260 1605 1313 τὸν
1626 1261 1750 1332 ἑξῆς
1777 1261 1889 1314 στί-

317 1358 402 1410 χον
424 1343 888 1413 ἀναγινὼσκοντες
911 1349 960 1400 οἱ
983 1349 1264 1418 αἰρετικοὶ,
1290 1352 1473 1415 κακῶς
1503 1352 1595 1404 καὶ
1621 1353 1747 1424 περὶ
1769 1353 1890 1407 τού-

315 1449 401 1485 του
425 1433 659 1504 ἐνθυμοῦ
670 1454 819 1506 μενοι
848 1438 1175 1509 νομίζουσιν,
1207 1441 1394 1512 ἐπειδὴ
1416 1442 1742 1513 γέγραπται,
1771 1442 1887 1510 Πρὸ

316 1523 414 1577 τοῦ
459 1524 680 1592 αἰῶνος
726 1528 1080 1598 ἐθεμελίωσέ
1121 1549 1230 1600 με,
1285 1533 1364 1594 εἰς
1413 1531 1510 1603 τὴν
1542 1533 1768 1605 θεότητα
1794 1533 1886 1587 τοῦ

315 1616 482 1684 Λόγου
513 1619 611 1670 καὶ
645 1618 719 1688 μὴ
746 1621 824 1682 είς
855 1621 950 1690 τὴν
981 1620 1242 1692 ἕνσαρκον
1274 1621 1438 1674 αὑτοῦ
1475 1623 1777 1694 παρουσίαν
1807 1625 1886 1676 εί-

319 1709 506 1778 ρῆσθαι
541 1711 637 1763 καὶ
682 1710 854 1764 ταῦτα
899 1713 1045 1783 (44),
1093 1714 1418 1782 ἀναγκαῖον,
1447 1715 1540 1768 καὶ
1581 1715 1765 1769 τοῦτον
1796 1714 1887 1770 τὸν

317 1799 490 1870 στίχον
515 1799 851 1865 διαλύοντας,
886 1802 1053 1870 δεῖξαι
1079 1805 1177 1873 τὴν
1205 1805 1410 1875 πλάνην
1437 1806 1679 1858 ἐκείνων,

379 1891 468 1948 75.
496 1891 832 1964 Γέγραπται·
851 1894 912 1947 '0
931 1895 1072 1961 Θεὸς
1098 1895 1172 1964 τῇ
1192 1898 1373 1965 σοφίᾳ
1391 1897 1744 1966 ἑϐεμελίωσε
1774 1895 1888 1966 τὴν

321 1980 426 2050 γῆν
444 1999 457 2011 ·
480 1985 528 2034 εἰ
546 1985 726 2037 τοίνυν
833 1987 995 2057 σοφίᾳ
1076 1989 1144 2059 γῆ
1165 1988 1548 2059 τεθεμελίωται
1568 1989 1702 2060 (45),
1722 1989 1838 2054 πῶς
1859 1991 1887 2044 ὁ

315 2071 575 2142 θεμελιῶν
599 2073 940 2145 θεμελιοῦται
956 2092 969 2140 ;
988 2076 1145 2130 Ἀλλὰ
1177 2079 1558 2150 παροιμιωδῶς
1585 2081 1728 2132 ἐστιν
1747 2081 1890 2152 εἰρη-

317 2165 471 2234 μένον
485 2166 770 2219 καὶτοῦτο·
796 2168 888 2220 καὶ
901 2168 980 2221 δεῖ
998 2171 1090 2223 καὶ
1107 2170 1291 2223 τούτου
1303 2171 1394 2224 τὸν
1411 2171 1532 2224 νοῦν
1554 2172 1665 2243 (46)
1683 2172 1884 2244 ζητεῖν,

315 2255 397 2307 ἵνα
428 2254 811 2327 γινώσκωμεν,
848 2259 928 2312 ὅτι
956 2263 1021 2330 τῇ
1051 2261 1148 2331 μὲν
1177 2262 1337 2332 σοφίᾳ
1362 2263 1390 2315 ὁ
1417 2263 1606 2335 Πατὴρ
1635 2246 1888 2336 δημιουρ-

314 2347 412 2410 γεῖ,
439 2346 532 2398 καὶ
557 2345 798 2422 θεμελιοῖ
819 2348 916 2419 τὴν
935 2349 1038 2418 γῆν
1059 2351 1138 2413 εἰς
1165 2349 1223 2403 τὸ
1245 2345 1380 2404 εἶναι
1406 2351 1626 2422 ἑδραίαν
1653 2354 1745 2406 καὶ
1769 2353 1887 2408 δια-

317 2437 494 2504 μένειν
526 2438 699 2508 αὐτήν
720 2455 734 2468 ·
765 2439 902 2512 αὐτὴ
929 2439 984 2492 δὲ
1026 2442 1058 2512 ἠ
1105 2442 1263 2510 σοφία
1290 2442 1631 2512 ἐθεμελιοῦτο
1662 2445 1774 2516 (47)
1806 2448 1888 2510 είς

315 2531 475 2597 ἡμεῖς,
501 2530 591 2584 ἵνα
612 2531 752 2602 ἀρχὴ
768 2533 860 2584 καὶ
876 2531 1120 2602 θεμέλιος
1143 2535 1240 2604 τῆς
1263 2535 1455 2605 καινῆς
1476 2538 1507 2606 ἠ
1516 2537 1632 2607 μῶν
1657 2538 1887 2602 κτίσεως

317 2622 404 2673 καὶ
436 2622 828 2685 ἀνακαινίσεως
863 2622 1105 2693 γένηται.
1164 2625 1276 2678 Οὐκ
1308 2626 1494 2697 εἴρηκε
1521 2626 1650 2695 γοῦν
1680 2627 1800 2681 οὐδὲ
1829 2629 1886 2682 ἐν

317 2711 519 2777 τούτοις
544 2713 676 2783 (48),
705 2713 817 2785 Πρὸ
846 2714 938 2766 τοῦ
958 2712 1150 2778 αἰῶνος
1171 2715 1391 2787 Λόγονῆ
1413 2717 1540 2770 Υἱόν
1571 2734 1639 2788 με
1657 2717 1886 2790 πεποίη-

319 2821 408 2856 κεν
427 2843 442 2867 ,
475 2805 563 2857 ἵνα
598 2804 673 2876 μὴ
698 2805 772 2868 ὡς
805 2805 976 2876 ἀρχὴν
1001 2807 1097 2878 ἔχῃ
1125 2806 1218 2859 τοῦ
1251 2808 1514 2861 ποιεῖσθαι
1535 2826 1546 2838 ·
1596 2809 1754 2862 τοῦτο
1779 2810 1886 2881 γὰρ

318 2897 418 2969 πρὸ
445 2898 664 2951 πάντων
685 2899 766 2952 δεῖ
793 2899 992 2970 ζητεῖν,
1024 2903 1072 2953 εί
1103 2901 1230 2965 Υἱός
1256 2902 1390 2964 ἐστι,
1421 2901 1516 2955 καὶ
1544 2903 1671 2974 περὶ
1692 2903 1884 2956 τούτου

314 2985 408 3049 τὰς
439 2986 478 3037 Γ
483 2987 664 3057 ραφὰς
697 2990 1118 3060 προηγουμένως
1149 2992 1391 3062 ὲρευνᾷν.
1438 2991 1608 3046 Τοῦτο
1637 2993 1744 3066 γὰρ
1771 2993 1884 3066 (49)

314 3079 525 3132 καὶτῶν
540 3081 851 3134 ἀποστόλων
879 3082 1256 3152 ἐρωτηθέντων
1275 3086 1302 3136 ὁ
1324 3084 1527 3157 Πέτρος
1558 3085 1886 3156 ἀπεκρίνατο

314 3169 478 3237 λέγων
496 3189 510 3201 ’
535 3171 620 3225 Σὺ
648 3169 704 3225 εἷ
727 3175 760 3226 ὁ
790 3173 1063 3242 Χριστὸς,
1097 3177 1129 3228 ὁ
1161 3175 1292 3241 Υἱὸς
1316 3176 1419 3230 τοῦ
1443 3177 1589 3231 Θεοῦ
1621 3177 1725 3231 τοῦ
1747 3177 1884 3239 ζῶν-

314 3278 408 3328 τος
439 3263 554 3332 (50)
576 3280 593 3294 °
626 3264 782 3317 τοῦτο
816 3265 925 3335 γὰρ
958 3268 1050 3320 καὶ
1077 3268 1105 3320 ὁ
1138 3269 1319 3340 πατὴρ
1345 3270 1444 3337 τῆς
1487 3270 1772 3341 Ἀρειανῆς
1803 3271 1882 3326 αι-

317 3353 510 3421 ρέσεως
534 3355 593 3407 ὲν
623 3353 860 3426 πρώτοις
883 3355 1182 3427 ἠρώτησεν,
1229 3361 1297 3412 Et
1331 3359 1462 3427 Υἱὸς
1488 3356 1543 3413 εἷ
1562 3360 1668 3414 τοῦ
1709 3361 1876 3414 Θεοῦ.

316 3448 461 3518 ᾝδει
489 3447 601 3520 γὰρ
622 3489 638 3512 ,
667 3449 747 3502 ὃτι
772 3449 927 3504 τοῦτό
954 3452 1100 3507 ἐστιν
1127 3454 1160 3523 ἡ
1187 3452 1408 3525 ἀλήθεια
1433 3493 1449 3516 ,
1497 3453 1589 3507 καὶ
1608 3453 1670 3507 τὸ
1696 3454 1881 3525 κύριον

313 3538 403 3608 τῆς
424 3539 663 3604 πίστεως
680 3542 713 3611 ἡ
722 3540 836 3611 μῶν
851 3559 864 3571 °
886 3543 978 3595 καὶ
993 3543 1094 3606 ὅτι,
1111 3543 1205 3596 ἐὰν
1227 3544 1324 3614 μὲν
1343 3544 1502 3607 αὐτὸς
1521 3541 1593 3618 ᾗὸ
1607 3543 1733 3608 Υἰός
1747 3546 1879 3614 (51),

315 3627 453 3692 τέλος
481 3630 594 3694 ἔξει
619 3631 653 3702 ή
678 3631 956 3704 διαϐολικὴ
985 3636 1233 3706 τυραννίς
1250 3654 1262 3665 ·
1290 3636 1382 3689 ἐὰν
1408 3637 1462 3690 δὲ
1487 3637 1689 3708 κτίσμα
1713 3633 1769 3712 ᾖ,
1800 3633 1881 3702 εἷς

315 3717 421 3770 iactr.
447 3722 543 3773 καὶ
581 3721 747 3785 αὐτὸς
789 3721 898 3776 τῶν
928 3724 992 3776 ὲκ
1034 3724 1125 3777 τοῦ
1181 3725 1350 3796 Ἀδὰμ
1374 3726 1466 3779 τοῦ
1512 3728 1880 3798 ἀπατηθέντος

317 3813 438 3879 παρ’
468 3811 638 3864 αὑτοῦ
674 3812 833 3885 (51⁸),
864 3815 956 3868 καὶ
984 3817 1205 3888 οὐδεμία
1238 3819 1456 3890 φροντὶς
1492 3814 1558 3890 ἦν
1589 3818 1752 3888 αὐτῷ.
1784 3819 1880 3873 Διὰ

315 3901 460 3954 τοῦτο
485 3903 581 3956 καὶ
608 3905 660 3956 οἰ
689 3903 809 3957 τότε
839 3906 1076 3980 Ἰουδαῖοι
1102 3911 1465 3977 ἠγανάκτουν,
1493 3912 1572 3964 ὅτι
1619 3913 1646 3963 ὁ
1674 3912 1879 3985 Κύριος

314 3988 432 4041 Υῑὸν
451 3991 585 4045 Θεοῦ
612 3994 804 4047 ἑαυτὸν
826 3997 920 4050 καὶ
947 3998 1168 4069 Πατέρα
1190 4000 1318 4054 ἴδιον
1342 4000 1526 4068 ἔλεγεν
1548 3999 1738 4054 ἑαυτοῦ
1765 3999 1878 4070 (52)

313 4075 444 4134 εῖναι
471 4084 564 4138 τὸν
593 4084 746 4140 Θεόν.
780 4088 841 4140 Εἰ
869 4089 975 4160 γὰρ
1009 4086 1076 4163 ἦν
1097 4092 1285 4145 ἑαυτὸν
1318 4091 1414 4144 ἕνα
1435 4091 1539 4144 τῶν
1564 4092 1878 4160 κτισμάτων

313 4173 542 4242 εἰρηκὼς
561 4215 575 4237 ,
615 4176 649 4248 ἢ
675 4179 756 4230 ὅτι
781 4181 999 4252 Ποίημά
1027 4183 1142 4252 είμι
1163 4223 1177 4246 ,
1209 4184 1308 4237 οὐκ
1336 4181 1880 4251 ἐξενίζοντορκούον-

312 4281 429 4328 τες,
464 4268 583 4321 οὐδὲ
621 4270 968 4343 βλασφημίαν
997 4274 1242 4345 ἐνόμιζον
1275 4274 1343 4328 τὰ
1373 4273 1596 4329 τοιαῦτα
1634 4277 1874 4348 ῥήματα,

313 4356 503 4421 εἰδότες
540 4363 635 4414 καὶ
666 4363 910 4430 ἀγγέλων
939 4367 1234 4438 ἐπιδημίαν
1259 4369 1553 4440 γενομένην
1587 4368 1721 4438 πρὸς
1751 4369 1875 4431 τοὺς

315 4448 549 4521 πατέρας
569 4469 581 4480 ·
611 4451 724 4505 ἀλλ’
750 4453 935 4526 ἐπειδὴ
968 4456 1092 4509 Υἱδν
1117 4458 1307 4510 ἑαυτὸν
1342 4458 1523 4526 ἔλεγεν
1553 4458 1689 4528 (53),
1717 4456 1877 4511 ἐθεώ-

1993 538 2155 574 num:
2184 522 2329 590 ﬁlius
2371 531 2537 572 autem
2559 528 2736 572 manet
2765 521 2819 572 in
2850 530 3120 576 (uernum.
3154 520 3214 576 Si
3239 539 3360 593 ergo
3382 522 3554 578 Filius

1993 635 2079 672 vos
2106 617 2424 683 liberaverit,
2443 631 2556 669 rere
2574 613 2725 668 liberi
2742 615 2888 669 erilis
2905 615 2950 646 “
2972 632 2984 668 :
3003 629 3068 669 ex
3084 615 3169 671 his
3186 616 3424 686 profecto
3439 619 3556 673 luco

1993 710 2108 778 ipsa
2127 708 2324 763 clarius
2340 715 2422 762 est
2439 707 2529 762 Dei
2547 705 2782 763 Verbum
2804 722 2910 762 non
2931 717 3173 762 creatum
3192 723 3332 770 esse.
3355 711 3446 763 sed
3463 725 3557 764 ve-

1992 816 2111 853 rum
2130 810 2181 853 et
2198 808 2386 854 natura
2405 799 2678 870 proprium
2697 798 2871 855 Patris
2887 798 3104 854 Filium.
3127 798 3248 854 Haec
3264 817 3383 870 qua:
3402 804 3466 856 de
3480 804 3558 858 lo-

1990 904 2054 944 co
2071 889 2162 943 illo
2179 888 2615 954 Proverbiorum,
2649 889 2902 942 Dominus
2919 889 3108 942 creavit
3128 905 3206 942 me
3220 889 3432 944 initium
3451 892 3558 944 uia-

1991 998 2108 1035 runt
2134 983 2177 1014 ⁸³
2195 1023 2208 1046 ,
2246 984 2370 1037 licet
2397 982 2584 1053 paucis
2608 981 2986 1047 disseruimus,
3015 983 3554 1052 tamen,ute.1uidem

1992 1087 2134 1137 reor,
2158 1073 2472 1142 ampliorem
2492 1071 3050 1127 doctioribusdicendi
3068 1072 3278 1143 copiam
3295 1073 3556 1129 adversus

1991 1165 2245 1219 Arianam
2275 1165 2522 1220 haeresim
2550 1175 2756 1236 queunt
2785 1166 3150 1236 suppeditare.
3175 1165 3405 1233 Quando
3427 1183 3556 1222 vero

1990 1256 2230 1312 haeretici
2266 1256 2429 1311 etiam
2462 1265 2776 1325 sequentem
2809 1257 2953 1311 hunc
2973 1273 3191 1314 versum
3223 1258 3390 1330 428
3417 1260 3559 1314 male

1991 1348 2413 1417 interpretantur
2433 1387 2446 1411 ,
2483 1348 2617 1402 Ante
2643 1364 2810 1403 rerum
2839 1349 3078 1412 ftmdauit
3104 1366 3184 1403 me
3203 1351 3267 1416 “,
3293 1367 3413 1422 quat
3452 1353 3558 1406 sci-

1989 1439 2110 1493 licet
2139 1439 2300 1492 verba
2336 1439 2402 1493 de
2432 1439 2735 1504 divinitate,
2776 1454 2885 1494 non
2915 1439 2982 1494 de
3011 1440 3129 1510 ejus
3183 1441 3411 1496 adventu
3446 1457 3558 1497 cor-

1989 1544 2156 1599 poreo
2181 1529 2323 1584 dicta
2356 1545 2478 1585 esse
2517 1538 2806 1584 autumant
2834 1546 2847 1580 :
2881 1545 3103 1587 necesse
3131 1534 3354 1588 omnino
3381 1543 3466 1589 est
3499 1544 3556 1590 ut

1989 1621 2132 1677 hunc
2154 1623 2315 1676 etiam
2349 1638 2568 1678 versum
2594 1623 2961 1693 explicemus,
3009 1624 3336 1695 ilIorumqne
3391 1642 3550 1682 erro—

1990 1729 2101 1766 rem
2133 1713 2546 1783 patefaciamus.

2058 1887 2144 1945 75.
2179 1889 2452 1962 Scriptum
2509 1901 2592 1947 est
2639 1911 2652 1946 :
2704 1891 2959 1946 Dominus
3006 1895 3269 1962 sapientia
3313 1893 3554 1964 fuiidavit

1991 1991 2182 2036 terram
2217 1985 2285 2039 ⁸⁸.
2327 1983 2384 2038 Si
2413 1984 2580 2055 igitur
2609 1985 2877 2054 sapientia
2917 1993 3117 2040 terram
3149 1985 3426 2051 fundavit,
3461 1987 3553 2058 qui

1989 2075 2103 2130 fieri
2138 2084 2314 2145 potest
2337 2085 2396 2129 ut
2433 2075 2482 2131 is
2533 2076 2626 2146 qui
2672 2075 2893 2143 fundat,
2935 2075 3230 2132 fundetur?
3263 2076 3464 2133 Verum
3501 2079 3555 2133 id

1988 2168 2150 2222 etiam
2180 2168 2452 2238 proverbii
2502 2168 2674 2223 instar
2716 2169 2922 2224 dictum
2975 2177 3092 2237 est,
3127 2168 3354 2239 ejusque
3398 2170 3557 2226 nobis

1989 2262 2279 2331 quaerenda
2311 2260 2634 2330 significatio
2665 2273 2750 2316 est
2773 2301 2788 2327 ,
2825 2270 2886 2317 ut
2915 2278 3313 2334 cognoscamus
3339 2262 3556 2318 Patrem

1989 2353 2255 2423 sapientia
2287 2366 2475 2407 creare
2506 2360 2560 2406 et
2589 2352 2818 2408 fundare
2845 2361 3074 2418 terram,
3108 2361 3170 2407 ut
3194 2353 3348 2407 firma
3371 2362 3424 2408 et
3445 2362 3558 2408 sta-

1988 2445 2114 2501 bilis
2171 2453 2484 2515 permaneat
2543 2463 2556 2498 :
2621 2444 2792 2514 ipsam
2843 2459 2974 2498 vero
3022 2444 3338 2513 sapientiam
3383 2446 3556 2500 nostri

1987 2552 2153 2593 causa
2175 2551 2298 2592 esse
2321 2535 2622 2603 fundatam,
2647 2544 2706 2590 ut
2728 2535 2977 2590 videlicet
3001 2545 3201 2590 nostra:
3224 2551 3377 2590 novae
3401 2551 3557 2591 crea-

1989 2623 2152 2680 tionis
2202 2632 2256 2679 et
2299 2625 2672 2680 renovationis
2717 2623 3043 2694 principium
3079 2624 3229 2678 fieret
3259 2633 3314 2678 et
3363 2623 3558 2680 funda-

1987 2723 2252 2770 mentum.
2280 2713 2421 2770 Hinc
2441 2731 2544 2771 nec
2574 2731 2639 2770 eo
2669 2715 2724 2770 in
2755 2716 2876 2770 loco
2909 2715 3018 2770 ait:
3054 2714 3193 2770 Ante
3227 2731 3400 2770 :evum
3430 2714 3557 2770 Ver-

1987 2806 2116 2862 bum
2145 2807 2230 2862 vel
2267 2805 2469 2862 Filium
2514 2822 2602 2861 me
2647 2805 2808 2870 fecit,
2845 2821 2912 2862 ne
2949 2806 3108 2876 quasi
3161 2806 3408 2875 initium,
3448 2823 3556 2878 quo

1986 2898 2104 2953 ﬁeri
2130 2897 2412 2969 coepisset,
2451 2899 2651 2954 habere
2677 2899 3007 2954 crederetur.
3046 2897 3293 2971 Namque
3337 2901 3391 2955 id
3431 2909 3556 2954 ante

1987 2987 2170 3045 omnia
2200 2989 2555 3060 querendum
2587 2997 2703 3056 est,
2733 2990 2778 3045 si
2830 3005 3025 3060 nempe
3069 2989 3238 3046 Filius
3288 2991 3402 3060 ipse
3436 3001 3552 3053 est,

1985 3095 2159 3151 eaque
2190 3081 2258 3136 de
2279 3095 2338 3134 re
2369 3079 2665 3150 Scriptum
2694 3089 2823 3136 sunt
2841 3081 3111 3151 praecipue
3142 3082 3468 3136 scrutandae.
3497 3080 3554 3135 Id

1911 3151 1954 3210 ο
1987 3171 2131 3223 enim
2161 3186 2286 3225 cum
2326 3171 2795 3240 interrogarentur
2827 3179 2881 3225 et
2927 3170 3028 3241 ipsi
3059 3170 3324 3241 apostoli,
3357 3169 3555 3226 Petrus

1984 3263 2056 3315 ita
2080 3262 2388 3332 respondit:
2421 3260 2498 3316 Tu
2527 3278 2579 3317 es
2611 3261 2875 3329 Christus,
2903 3261 3080 3316 Filius
3112 3261 3214 3316 Dei
3246 3263 3460 3317 viventis
3487 3263 3552 3316 “.

1983 3349 2129 3406 Idem
2185 3367 2315 3407 vero
2369 3361 2423 3405 et
2476 3351 2591 3422 ipse
2621 3361 2772 3422 pater
2819 3352 3035 3407 Arianae
3073 3353 3295 3407 haeresis
3345 3353 3399 3406 in
3443 3353 3556 3421 pri-

1982 3447 2088 3501 mis
2115 3453 2503 3515 percunctatus
2532 3455 2615 3501 est
2633 3487 2646 3512 ,
2673 3445 2731 3500 Si
2760 3445 2938 3500 Filius
2966 3446 3064 3500 Dei
3095 3463 3148 3501 es
3180 3447 3246 3501 ".
3271 3444 3386 3500 Hoc
3409 3445 3552 3500 enim

1981 3536 2270 3592 veritatem
2299 3546 2352 3590 et
2383 3538 2714 3606 prrecipuum
2747 3547 2947 3593 nostra:
2977 3537 3101 3592 fidei
3141 3537 3552 3592 fundamentum

1983 3644 2104 3684 esse
2135 3645 2244 3684 non
2279 3631 2602 3700 ignorabat,
2635 3639 2721 3695 et,
2760 3631 2806 3684 si
2839 3631 2954 3699 ipse
2986 3639 3132 3684 esset
3162 3627 3356 3694 Filius,
3390 3627 3551 3681 ﬁnem

1983 3720 2290 3774 habituram
2323 3736 2446 3776 esse
2478 3721 2802 3775 diabolicam
2837 3720 3178 3793 tyrannidem
3213 3739 3228 3775 :
3255 3723 3340 3774 sin
3371 3730 3554 3772 autem

1983 3821 2202 3867 creatus
2239 3822 2425 3881 esset,
2462 3829 2631 3867 unum
2688 3827 2908 3882 quoque
2960 3827 3086 3866 eum
3139 3828 3261 3869 esse
3300 3826 3367 3867 ex
3423 3811 3556 3866 Adae

1981 3905 2219 3976 posteris
2258 3919 2420 3975 quem
2455 3905 2586 3958 olim
2611 3904 2859 3973 decepit,
2901 3904 3238 3975 proindeque
3275 3903 3410 3958 nihil
3449 3903 3555 3958 hoc

1985 3997 2286 4052 curandum
2309 4011 2450 4052 esse.
2470 3994 2545 4049 Ea
2571 3995 2821 4050 similiter
2844 3995 2912 4050 de
2935 4010 3099 4051 causa
3115 3994 3287 4050 Judaei
3309 3995 3554 4066 indigna-

1981 4089 2182 4143 bantur
2201 4127 2217 4152 ,
2253 4088 2399 4158 quod
2424 4086 2689 4141 Dominus
2720 4102 2780 4142 se
2808 4085 3006 4142 Filium
3032 4086 3161 4154 Dei,
3185 4095 3239 4142 et
3262 4086 3430 4142 Deum
3466 4087 3553 4142 sui

1981 4179 2264 4251 proprium
2295 4178 2510 4234 Patrem
2538 4179 2764 4235 diceret.
2799 4178 2934 4233 Nam
2966 4179 3011 4235 si
3048 4195 3108 4235 se
3139 4195 3305 4234 unam
3339 4194 3370 4234 e
3399 4195 3555 4234 crea-

1981 4273 2051 4326 tis
2073 4271 2237 4327 rebus
2263 4271 2346 4325 vel
2375 4270 2576 4326 factum
2605 4285 2725 4326 esse
2771 4271 3032 4337 dixisset,
3087 4271 3224 4326 nihil
3280 4271 3403 4326 illos
3431 4286 3553 4340 pcr-

1983 4365 2298 4418 turbassent
2332 4361 2649 4432 hujusmodi
2670 4362 2866 4425 verba.
2896 4377 2997 4418 nec
3049 4361 3216 4434 impia
3249 4378 3368 4418 esse
3413 4362 3554 4432 judi-

1981 4466 2227 4528 cassent',
2263 4462 2454 4524 utpote
2485 4453 2685 4527 quibus
2704 4469 2822 4522 non
2849 4452 3050 4509 latebat
3069 4455 3296 4524 angelos
3329 4451 3457 4506 olim
3481 4450 3552 4505 ad

378 4613 420 4644 ⁶¹
447 4612 606 4670 Joan.
633 4628 751 4680 vtn,
781 4615 866 4670 55.
945 4617 988 4647 ⁸³
1012 4616 1171 4672 Prov.
1202 4633 1320 4682 vtn,
1347 4617 1438 4672 22.
1515 4616 1562 4648 “
1589 4615 1723 4672 ibid.
1746 4611 1840 4670 25$

2008 4613 2164 4666 Prov.
2204 4629 2281 4676 ιιι,
2341 4611 2427 4666 19.
2505 4612 2550 4642 ⁸⁸
2581 4611 2766 4666 Matth.
2793 4626 2906 4674 va,
2936 4611 3023 4665 I6.
3089 4608 3146 4642 ’⁸⁷
3168 4610 3357 4665 Matth.
3386 4627 3457 4676 tv,
3489 4611 3545 4666 6.

378 4751 486 4832 (ᾧ)
504 4751 824 4832 “Anglican.
876 4753 1061 4832 ὲτςειδὴ
1101 4754 1217 4832 κοιίἶ
1254 4752 1390 4832 Ibid.
1447 4768 1583 4832 mss:
1622 4754 1669 4806 oi
1719 4755 1873 4832 αίρε-
1903 4759 1952 4818 D

311 4820 475 4872 τικοί.’
504 4820 648 4876 Editi
679 4838 806 4876 vero
837 4820 1090 4877 omittunt
1119 4823 1406 4877 articulum
1449 4825 1518 4876 οἱ.
1567 4822 1700 4876 Item
1731 4820 1864 4875 ibid.

313 4888 626 4964 _Seguerian.
674 4891 983 4964 Goblerian.
1039 4893 1185 4948 Felc.
1231 4892 1341 4947 Iet
1386 4893 1439 4960 4,
1473 4892 1868 4964 -περὶΑτούτου

312 4960 714 5032 ἐνθυμούμενοι.
764 4961 869 5016 Alii
899 4972 954 5018 et
1002 4965 1152 5026 editi,
1207 4964 1335 5034 περὶ
1396 4960 1583 5016 τούτού
1632 4961 1873 5018 διανοού-

544 5100 782 5173 5εειιειι,
829 5100 1044 5173 Gobler.
1078 5103 1309 5173 'FeIcLi
1363 5110 1418 5158 et
1459 5101 1514 5170 4,
1547 5104 1642 5157 καὶ
1668 5101 1862 5156 ταῦτα.

313 5167 482 5250 Εῷιὶζ
533 5167 645 5226 καῖ
686 5172 912 5244 ταύτην.
980 5172 1182 5228 Ibidem
1235 5171 1381 5228 Felc.
1447 5167 1863 5242 4,;ἀναγκαῖον

312 5255 504 5385 ωίῖἓῖ.
521 5312 746 5385 Sgguer.
787 5313 889 5385 τὴν
911 5313 1014 5385 γῆν
1027 5383 1034 5385 _
1048 5313 1429 5385 τεθεμελίωκε.

373 5379 486 5464 £46)
545 5379 634 5438 Si'c
677 5399 813 5439 mss.
841 5379 934 5438 Ἀι
973 5379 1140 5439 editio
1178 5379 1491 5440 'Commel.'
1527 5383 1714 5438 τοῦτον
1775 5382 1868 5436 τὸν

519 5522 746 5598 segner.
795 5523 1013 5598 Gobler.
1059 5523 1258 5598 Felc._I
1291 5529 1343 5577 et
1387 5519 1866 5598 4,_é05peittoiiso.

319 5589 409 5664 alii
441 5589 494 5650 et
530 5589 685 5662 editi,
709 5594 1074 5664 θεμελέποῦται.
1100 5593 1269 5648 Paulo
1301 5601 1422 5662 post
1450 5589 1674 5664 Seguer.
1726 5592 1862 5664 Beg.

316 5661 464 5720 Basil.
503 5661 820 5734 Goblerian.
853 5663 999 5721 Felc.
1045 5665 1068 5717 1
1103 5674 1159 5719 ει
1194 5665 1249 5734 4,
1273 5661 1680 5727 ἀνακαινίσεως.
1723 5661 1865 5721 Editi

312 5744 356 5787 et
385 5735 492 5806 alii,
523 5733 970 5820 dvaxatvéaem.

2051 4747 2336 4822 (48)_FeIc.
2367 4744 2495 4822 εει
2516 4747 2699 4822 _editio
2727 4748 2994 4822 commel.
3030 4748 3290 4822 omittunt
3336 4749 3396 4801 ιν
3427 4749 3551 4801 τού-

1974 4817 2108 4882 τοις.
2144 4817 2222 4872 Ἀι
2253 4819 2323 4889 _in
2367 4819 2489 4873 aliis
2515 4819 2732 4888 legitur.
2764 4817 2886 4873 Mox
2919 4817 3145 4888 Seguer.
3191 4817 3317 4871 Υίόν
3349 4837 3416 4889 με
3446 4835 3547 4871 πε-

1975 4890 2220 4960 ποίηκενέ
2252 4887 2310 4942 In
2340 4889 2462 4942 aliis
2475 4887 2726 4960 _eteditis
2751 4890 2904 4960 deest
2929 4887 3018 4960 us.

2045 4956 2158 5039 (49)
2183 4957 2418 5039 Segne];
2451 4956 2688 5039 ~Gobler.
2751 4957 2900 5014 Felc.
2953 4958 2979 5010 1
3023 4965 3078 5012 et
3111 4957 3167 5022 4,
3205 4956 3375 5010 Τοῦτο
3412 4959 3542 5031 γάρ.

1972 5027 2078 5082 Alii
2117 5027 2170 5082 et
2195 5027 2342 5090 editi,
2375 5027 2543 5080 Τοῦτο
2578 5027 2657 5081 δέ.

2046 5098 2159 5168 (50)
2193 5097 2283 5152 Sic
2313 5098 2537 5166 Seguer.
2560 5096 2729 5168 iReg.
2770 5097 2990 5152 GobIer.
3028 5105 3084 5151 et
3131 5095 3279 5154 FeIc.
3333 5096 3358 5148 1
3398 5106 3454 5152 ει
3486 5097 3542 5155 4.

1973 5166 2078 5222 Alii
2113 5166 2240 5222 vero
2277 5178 2328 5221 et
2362 5168 2513 5233 editi,
2544 5166 2686 5221 Θεοῦ
2713 5167 2932 5231 ζῶντος.

2049 5238 2162 5310 (51)
2198 5235 2412 5310 ijegius~
2431 5229 2660 5310 etfelc.
2683 5229 2964 5310 _quintus,
2999 5235 3108 5310 ξαν-
3128 5233 3227 5310 μὲν
3258 5229 3412 5299 οὗτος
3515 5240 3546 5290 ὁ

1971 5298 2114 5386 Elei
2141 5298 2241 5386 seti
2279 5298 2435 5386 ὒεοιξ.
2493 5307 2615 5386 ligo;
2677 5298 2917 5386 segner._
2942 5298 3229 5386 διαξολίκη
3247 5298 3505 5386 rupe-{avia
3529 5327 3542 5339 ·

1974 5378 2043 5432 ἂν
2155 5377 2357 5451 κτίσμα
2394 5374 2452 5451 ᾗ,
2480 5371 2708 5451 είςῇἐστι
2735 5371 2831 5451 καί
2859 5375 3020 5451 αὐτος
3042 5376 3107 5451 ὲὶι
3136 5371 3232 5428 τοῦ
3275 5371 3464 5450 ’Ᾱδὰρη

2048 5443 2528 5520 (iii'LGoblerZet
2553 5445 2699 5520 Felc.
2726 5446 2778 5510 1,
2806 5444 2897 5495 ὑπ’
2925 5443 3112 5500 αὐτοῦ.

2047 5515 2332 5587 (52)Ἰῖ“ειο.
2369 5519 2422 5585 4,
2453 5515 2651 5587 ἑαυτῷ.
2730 5583 2771 5587 _
2810 5583 2822 5587 _
2937 5583 2949 5587 Δ
3040 5570 3046 5580 ,

2201 5583 2423 5660 seguer.
2464 5583 2957 5660 Gohler.__Felc.__I
3005 5593 3060 5660 e_t
3102 5583 3157 5650 4,
3198 5585 3540 5660 ἀλλ’-ἐπειδὴ

1973 5653 2099 5728 Ὶζίὸν
2126 5653 2316 5728 ἑαυτδν
2351 5656 2556 5728 ἔλεγενἵ
2616 5653 2721 5728 ᾼᾷιίἰ
2745 5664 2800 5708 ει
2829 5654 2998 5712 editio
3017 5654 3283 5712 Commel.
3326 5653 3542 5728 Ἐπειίῆ

1973 5726 2066 5782 οὖν
2096 5727 2219 5780 Υἰὸν
2243 5725 2377 5780 Θεοῦ
2414 5725 2600 5779 ἑαυτὸν
2632 5725 2834 5796 ἔλεγεν.
