3948 6236
199 430 381 495 ,505

1351 430 1604 485 ORATIO
1643 431 1676 484 ll
1718 431 1995 486 CONTRA
2033 429 2345 486 ΔΗΙΑΝΟᾶ

3392 426 3450 480 5ἱέ
3462 429 3493 478 6

419 544 546 596 ὅταν
581 542 643 607 ἐξ
671 543 828 614 ὅρους
860 542 1148 614 μετενεχθῇ
1177 543 1339 606 λίθος,
1373 544 1464 596 καὶ
1490 545 1566 605 εἰς
1589 544 1649 594 τὸ
1677 542 1836 612 βάθος

1953 544 2277 598 iccasionem
2308 540 2644 610 impudenter
2666 540 2999 610 arriperent;
3031 540 3122 598 sed
3149 541 3282 596 dixit
3309 561 3321 596 :
3349 539 3494 595 Fun-

282 637 377 704 τῆς
395 634 497 703 γῆς
519 633 809 704 κατατεθῇ.
831 635 940 686 Καὶ
960 633 1062 696 ἕως
1086 634 1182 703 μὲν
1207 634 1262 685 ὲν
1285 630 1360 702 τῷ
1375 632 1489 703 δρει
1510 631 1651 694 λίθος
1674 632 1840 696 ἐστὶν,

282 727 425 778 οὖπω
454 725 840 796 τεθεμελίωται
860 745 871 754 ·
910 725 1128 779 ἐπειδάν
1155 725 1211 778 δὲ
1233 725 1266 796 ἡ
1290 725 1448 794 χρεία
1470 725 1693 793 ἀπαιτῇ,
1751 726 1845 777 καὶ

285 817 575 888 μετενεχθῇ
608 817 749 887 (67),
781 818 871 871 καὶ
899 816 1255 889 περιϐάληται
1283 817 1342 869 τὸ
1388 815 1547 886 βάθος
1574 815 1675 884 τῆς
1707 816 1807 884 γῆς
1826 831 1840 847 ο

282 907 394 959 τότε
421 907 608 960 λοιπὸν
627 948 643 972 ,
683 909 730 961 εί
758 907 909 961 λάϐοι
938 907 1120 979 φωνὴν
1149 909 1176 959 ὁ
1207 906 1352 970 λίθος
1371 948 1388 971 ,
1425 906 1568 960 εἴποι
1599 907 1663 961 ἄν
1683 924 1694 935 ·
1729 905 1844 959 Νῦν

285 997 603 1068 ἐθεμελίωσέ
624 1015 709 1069 με,
724 997 830 1068 (68)
845 995 946 1065 δ’ἐξ
964 998 1118 1069 ὅρους
1129 992 1228 1051 ὦδε
1245 996 1512 1068 μεταθείς.
1529 996 1732 1052 Οὐκοῦν
1747 997 1854 1066 οὐχ’

282 1091 310 1141 ὁ
330 1087 535 1160 Κύριος
562 1090 656 1141 καὶ
686 1089 774 1142 ὅτε
802 1087 1218 1159 τεθεμελίωται,
1236 1087 1406 1160 ἀρχὴν
1436 1088 1544 1158 ἔχει
1576 1087 1668 1141 τοῦ
1709 1085 1843 1141 εἶναι

284 1174 380 1251 (ἧν
403 1179 514 1250 γὰρ
536 1179 630 1232 καὶ
657 1179 762 1251 πρὸ
788 1179 976 1232 τούτου
1005 1179 1192 1249 Λόγος)
1209 1197 1222 1209 ·
1255 1180 1366 1232 ἀλλ’
1392 1180 1480 1233 ὅτε
1500 1181 1560 1232 τὸ
1583 1180 1842 1251 ἡμέτερον

282 1269 566 1323 ἐνεδύσατο
591 1269 770 1340 σῶμα,
805 1269 938 1341 ὅπερ
960 1269 1026 1322 ὲκ
1052 1270 1270 1342 Μαρίας
1294 1270 1497 1340 τμηθὲν
1524 1268 1702 1334 ἔλαϐε,
1723 1269 1842 1322 τότε

281 1360 464 1432 φησιν,
483 1359 598 1430 (69)
628 1359 1010 1428 Ἐθεμελίωσέ
1033 1376 1138 1429 με·
1176 1360 1286 1413 ίσον
1314 1359 1390 1430 τῷ
1417 1361 1588 1412 εἰπεῖν
1609 1376 1622 1389 ·
1670 1359 1843 1426 Λόγον

280 1451 405 1504 εντα
430 1467 498 1521 με
527 1449 814 1521 περιέϐαλε
846 1450 1016 1521 γηΐνῳ
1042 1449 1271 1520 σώματι.
1304 1449 1458 1503 Οὖτω
1481 1449 1584 1522 γὰρ
1607 1449 1671 1502 δι’
1697 1452 1846 1521 ἡμᾶς

279 1539 616 1610 θεμλιοῦται
634 1580 649 1604 ,
678 1539 747 1593 τὰ
775 1539 933 1610 ἡμῶν
965 1538 1348 1609 ἀναδεχόμενος
1367 1578 1380 1601 ,
1426 1537 1514 1590 ἵνα
1539 1538 1697 1608 ἡμεῖς
1719 1577 1734 1602 ,
1768 1537 1844 1601 ὼς

281 1631 559 1701 σόσσωμοι
591 1628 1140 1702 συναρμολογούμενοι
1169 1629 1263 1682 καὶ
1289 1626 1629 1690 συνδεθέντες
1657 1629 1714 1680 ἐν
1746 1628 1843 1681 αὐ-

278 1723 666 1795 τῷ(“ῑο)διάτῆς
679 1721 988 1794 ὁμοιώσεως
998 1721 1096 1791 τῆς
1117 1720 1335 1791 σαρκὸς,
1353 1721 1432 1784 εις
1451 1719 1617 1789 ἄνδρα
1637 1719 1842 1773 τέλειον

277 1815 729 1886 καταντήσαντες,
761 1811 1016 1866 ἀθάνατοι
1047 1812 1140 1865 καὶ
1167 1809 1432 1882 ἄφθαρτοι
1453 1810 1838 1880 διαμείνωμεν.

1945 635 2087 688 davit
2123 649 2221 688 me.
2254 631 2424 686 Porro
2473 633 2616 702 quod
2672 633 2958 697 fundatur,
3020 632 3286 702 lapidibus
3335 649 3496 703 super

1945 725 2121 795 ipsum
2154 723 2407 794 projectis
2436 722 2724 788 fundatur,
2760 725 2904 795 quod
2931 723 3150 795 quidem
3173 737 3279 777 non
3303 724 3496 793 quovis

1943 813 2105 866 modo
2139 812 2447 881 perﬁcitur,
2473 812 2566 866 sed
2591 827 2711 868 cum
2745 813 2880 883 lapis
2906 827 2935 867 e
2964 821 3149 866 monte
3181 812 3496 879 translatus,

1945 887 2010 957 ni.
2042 903 2164 956 imis
2196 903 2351 957 terris
2383 902 2696 957 collocatur.
2725 901 2859 956 Nam
2885 902 3124 972 quandiu
3155 902 3295 973 lapis
3336 902 3512 958 estin.

1945 1004 2158 1056 monte,
2196 995 2436 1048 nondum
2468 995 2676 1064 positus
2696 1003 2778 1050 est
2809 996 2862 1048 in
2894 994 3327 1049 fundamentum.
3361 993 3515 1047 Cum.

1945 1100 2072 1140 vero
2101 1086 2350 1156 exigente
2391 1100 2589 1150 causa,
2640 1087 2935 1142 translatus
2980 1084 3180 1150 fuerit,
3231 1095 3287 1141 et
3345 1094 3504 1140 terra:

1941 1176 2208 1246 profundo
2230 1185 2544 1247 coopertus,
2581 1186 2708 1232 tunc
2740 1178 2784 1231 si
2819 1194 2922 1232 vox
2940 1177 3103 1248 lapidi
3125 1177 3364 1242 daretur,
3385 1177 3507 1232 haec

1943 1268 2130 1336 utique
2158 1276 2341 1335 posset
2364 1266 2540 1322 dicere
2565 1287 2583 1321 τ
2605 1266 2707 1334 Qui
2741 1283 2827 1322 me
2860 1269 2968 1324 huc
2996 1267 3330 1338 Itranstulit,
3358 1281 3505 1322 nunc

1943 1354 2190 1409 fundavit
2212 1369 2316 1407 me.
2353 1354 2516 1424 Igitur
2539 1355 2656 1424 ipse
2681 1371 2899 1426 quoque
2924 1355 3216 1423 Dominus,
3245 1371 3354 1410 non
3374 1365 3505 1412 tunc

1941 1461 2060 1500 esse
2108 1445 2300 1512 cmpit,
2351 1461 2471 1498 cum
2529 1443 2785 1501 fundatus
2844 1454 2927 1501 est
2978 1446 3283 1518 (siquidem
3350 1453 3518 1500 antea-

1940 1545 2056 1591 erat
2090 1533 2388 1603 Verbum),
2425 1536 2516 1591 sed
2545 1547 2834 1607 postquam
2868 1544 3117 1593 nostrum
3156 1537 3331 1592 induit
3383 1552 3507 1592 cor-

1945 1643 2044 1696 pus
2069 1667 2082 1691 ,
2113 1628 2257 1696 quod
2289 1643 2354 1682 ex
2377 1627 2546 1682 Maria
2579 1628 2854 1683 desectum
2885 1629 3127 1699 accepit,
3174 1637 3303 1683 tunc
3335 1627 3504 1692 dixit,

1945 1718 2208 1774 Fundavit
2259 1737 2338 1774 me
2371 1737 2388 1774 :
2427 1722 2569 1790 quod
2604 1721 2742 1776 idem
2784 1731 2868 1776 est
2916 1737 2980 1777 ac
3027 1722 3073 1776 si
3102 1721 3304 1776 diceret
3337 1740 3349 1774 :
3381 1719 3462 1774 Me
3489 1760 3504 1783 ,

1941 1811 2034 1879 qui
2067 1825 2185 1865 sum
2218 1810 2453 1864 Verbum
2491 1830 2504 1864 :
2538 1820 2754 1866 terreno
2799 1825 3028 1880 corpore
3084 1810 3380 1880 coeperuit.
3416 1808 3508 1862 Sic

276 1904 420 1957 enim
453 1903 582 1970 ille,
638 1903 731 1974 qui
788 1910 974 1957 nostra
1034 1901 1298 1970 suscipit,
1349 1900 1520 1956 nostri
1551 1915 1717 1955 causa
1781 1899 2070 1965 fundatur,
2114 1909 2174 1956 ut
2201 1916 2338 1966 nos,
2389 1901 2481 1971 qui
2525 1901 2700 1957 simile
2744 1901 3006 1956 habemus
3053 1917 3285 1972 corpus,
3328 1899 3508 1954 carnis

281 1998 634 2056 similitudine
659 1999 713 2051 in
739 1997 829 2052 illo
875 1996 1039 2067 aptati
1067 2004 1120 2050 et
1172 1994 1444 2064 colligati,
1513 1993 1568 2048 in
1623 1994 1802 2048 virum
1854 1995 2151 2064 perfectum
2185 2009 2539 2050 occurramus
2567 1996 2634 2062 ",
2663 1994 3108 2062 immortalesque
3134 1988 3507 2062 etincorrupti

277 2107 614 2147 maneamus.

343 2185 432 2238 75.
465 2184 539 2236 Τὸ
559 2183 634 2247 δὲ,
663 2181 784 2252 Πρὸ
802 2181 908 2236 τοῦ
929 2183 1159 2248 αἰῶνος,
1186 2181 1300 2246 καὶ,
1329 2180 1448 2250 Πρὸ
1471 2181 1574 2235 τοῦ
1596 2181 1710 2250 τὴν
1730 2179 1845 2249 γῆν

2019 2175 2106 2230 75.
2131 2173 2302 2231 Nemo
2336 2190 2466 2231 vero
2505 2175 2593 2232 bis
2630 2175 2796 2231 etiam
2844 2176 3102 2246 loquendi
3157 2177 3333 2231 modis
3378 2194 3513 2232 con-

279 2277 522 2348 ποιῆσαι
549 2315 565 2340 ,
600 2276 722 2337 καὶ,
765 2274 885 2343 Πρὸ
925 2275 1031 2330 τοῦ
1061 2274 1168 2343 ὄρη
1215 2272 1609 2343 ἑδρασθῆναι,
1645 2271 1846 2344 μηδένα

279 2370 592 2439 ταραττέτω
627 2368 768 2438 (71)’
826 2369 966 2422 πάνυ
995 2367 1101 2440 γάρ
1134 2368 1228 2420 καὶ
1250 2365 1405 2419 τοῦτο
1437 2363 1616 2428 καλῶς
1646 2363 1846 2434 συνῆψε

278 2462 352 2534 τῷ
369 2502 384 2525 ,
411 2461 798 2530 ὲθεμελίωσε,
828 2460 920 2512 καὶ
948 2457 1026 2528 τνῷ
1045 2499 1058 2522 ,
1105 2458 1306 2514 ἔκτισε
1325 2473 1338 2486 ·
1370 2457 1527 2510 τοῦτο
1552 2456 1660 2528 γὰρ
1687 2455 1848 2510 πάλιν

281 2547 374 2618 τῆς
408 2546 548 2600 κατά
590 2547 767 2616 σάρκα
795 2546 1102 2617 οἰκονομίας
1151 2546 1400 2600 ἅπτεται.
1463 2545 1530 2599 Ἦ
1556 2543 1665 2617 γὰρ
1697 2543 1849 2616 παρά

280 2638 368 2691 τοῦ
398 2639 652 2710 Σωτῆρος
678 2641 759 2702 εἰς
787 2640 931 2709 ἡμᾶς
959 2638 1220 2709 γενομένη
1239 2637 1415 2709 χάρις,
1442 2638 1564 2710 ἄρτι
1593 2637 1688 2708 μὲν
1715 2638 1843 2689 επε-

281 2730 420 2800 φάνη
445 2773 460 2796 ,
492 2731 569 2794 ὡς
595 2727 747 2784 εἶπεν
781 2732 809 2782 ὁ
849 2730 1187 2794 Ἀπόστολος,
1218 2731 1310 2782 καὶ
1338 2730 1556 2799 γέγονεν
1583 2729 1848 2801 ἐπιδημή-

283 2839 468 2885 σαντος
489 2822 650 2875 αὐτοῦ
668 2839 681 2852 °
702 2824 1099 2894 προητοίμαστο
1114 2821 1169 2874 δὲ
1189 2821 1327 2892 αὕτη
1344 2821 1435 2875 καὶ
1455 2821 1579 2892 πρὶν
1599 2819 1849 2888 γενέσθαι

279 2918 457 2985 ἡμᾶς,
490 2915 688 2987 μᾶλλον
731 2916 788 2968 δὲ
817 2917 911 2970 καὶ
955 2916 1059 2987 πρὸ
1106 2914 1217 2986 (72)
1258 2913 1358 2984 τῆς
1405 2912 1708 2983 καταϐολῆς
1754 2911 1849 2965 τοῦ

282 3005 516 3074 κόσμου·
568 3005 721 3076 καὶὴ
778 3004 926 3057 αἰτία
977 3005 1184 3077 χρηστὴ
1237 3004 1330 3057 καὶ
1390 3003 1675 3073 θαυμαστὴ
1735 3000 1851 3064 πῶς

280 3097 438 3150 ἐστιν.
477 3097 591 3150 Οὐκ
622 3095 827 3165 ἔπρεπε
847 3095 934 3148 τὸν
957 3095 1087 3148 Θεὸν
1113 3094 1333 3166 ὕστερον
1372 3093 1500 3164 περὶ
1521 3092 1678 3164 ἡμῶν
1732 3091 1852 3163 βου-

281 3184 550 3248 λεύεσθαι,
588 3187 675 3239 ἵνα
703 3186 776 3259 μὴ
807 3186 882 3250 ὡς
907 3185 1114 3254 ἀγνοῶν
1140 3185 1209 3238 τὰ
1234 3186 1355 3240 καθ’
1392 3188 1537 3257 ἡμᾶς
1567 3185 1864 3256 φαίνηται...

280 3277 489 3341 Κτίζων
516 3277 693 3332 τοίνυν
732 3279 876 3350 ἡμᾶς
903 3277 989 3331 διὰ
1021 3277 1112 3331 τοῦ
1158 3277 1286 3331 ἰδίου
1317 3277 1490 3346 Λόγου
1520 3278 1548 3330 ὁ
1577 3275 1685 3330 τῶν
1716 3276 1853 3330 ὅλων

280 3367 435 3433 Θεὸς,
467 3369 563 3422 καὶ
589 3367 742 3432 εἰδὼς
783 3369 848 3424 τὰ
879 3369 1038 3440 ἡμῶν
1069 3370 1207 3444 ὑπὲρ
1241 3371 1387 3441 ἡμᾶς
1407 3409 1422 3433 ,
1459 3368 1850 3442 προγινώσκων

281 3477 354 3523 τε,
389 3462 492 3526 ὅτι,
522 3460 677 3514 καλοὶ
702 3462 979 3532 γενόμενοι
1006 3501 1021 3524 ,
1058 3461 1279 3534 ὕστερον
1304 3461 1614 3534 παραϐάται
1638 3461 1736 3532 τῆς
1758 3462 1848 3514 ἐν·

1949 2267 2195 2322 turbetur
2229 2286 2243 2323 :
2274 2269 2404 2322 Ante
2425 2283 2624 2331 arvum,
2657 2276 2734 2331 et,
2781 2265 3100 2338 Priusquam
3134 2277 3328 2323 terram
3363 2270 3505 2339 face-

1945 2369 2044 2423 ret,
2098 2367 2172 2421 et,
2213 2359 2507 2414 Anteauam
2556 2368 2755 2414 montes
2805 2359 3191 2413 collocarentur
3235 2361 3301 2416 ⁷⁸.
3350 2360 3516 2417 Recte

1945 2452 2090 2506 enim
2121 2453 2221 2507 ista
2244 2452 2528 2521 conjunxit
2555 2467 2678 2506 cum
2717 2451 2927 2516 verbis,
2967 2451 3244 2520 fundavit,
3275 2463 3329 2507 et
3362 2469 3504 2507 crea-

1946 2545 2038 2597 vit.
2077 2542 2323 2614 Namque
2348 2545 2465 2599 haec
2493 2544 2612 2614 ejus
2637 2545 2935 2600 secundum
2971 2558 3189 2598 carnem
3230 2546 3515 2615 dispensa-

1953 2637 2154 2690 tionem
2185 2645 2448 2705 spectant.
2485 2634 2695 2690 Etenim
2729 2635 2901 2706 gratia
2928 2651 3048 2705 quae
3077 2636 3235 2690 nobis
3266 2652 3295 2690 a
3327 2636 3513 2691 Salva—

1951 2738 2064 2784 tore
2111 2727 2311 2783 donata
2343 2738 2462 2792 est,
2516 2729 2679 2784 modo
2731 2727 2945 2798 quidem
2991 2729 3279 2798 apparuit,
3331 2738 3404 2790 ut,
3437 2730 3514 2784 ait

1948 2820 2240 2892 Apostolus
2270 2820 2339 2887 '“,
2372 2828 2670 2890 exortaque
2695 2828 2778 2874 est
2798 2829 3083 2890 postquam
3115 2820 3229 2889 ipse
3254 2820 3509 2876 advenit:

1949 2929 2136 2969 verum
2163 2921 2452 2983 antequam
2497 2929 2596 2968 nos
2624 2928 2972 2969 nasceremur
3000 2954 3017 2978 ,
3053 2913 3130 2966 vel
3166 2913 3348 2983 potius
3390 2924 3516 2969 ante

1949 3005 2142 3060 mundi
2188 3005 2630 3060 constitutionem
2682 3014 2984 3074 praeparata
3030 3003 3162 3071 fuit,
3212 3004 3370 3074 cujus
3399 3004 3517 3060 haec

1955 3112 2120 3152 causa
2150 3107 2204 3152 et
2247 3107 2391 3151 recta
2429 3104 2512 3151 est
2558 3104 2611 3150 et
2650 3094 2988 3149 admiranda.
3039 3097 3208 3150 Deum
3238 3095 3306 3150 de
3357 3096 3516 3151 nobis

1950 3189 2223 3260 posterius
2252 3189 2554 3243 deliberare
2607 3186 2829 3241 minime
2852 3186 3107 3254 decebat,
3161 3202 3228 3241 ne
3273 3202 3362 3242 res
3418 3202 3518 3240 no-

1950 3294 2093 3336 stras
2130 3281 2384 3351 ignorare
2421 3280 2715 3335 videretur.
2755 3277 3021 3346 Quocirca
3051 3293 3174 3334 cum
3198 3293 3300 3333 nos
3330 3293 3515 3333 rerum

1951 3371 2326 3426 universarum
2351 3368 2493 3426 Deus
2511 3386 2604 3440 per
2627 3370 2906 3440 proprium
2931 3368 3165 3425 Verbum
3193 3378 3436 3434 crearet,
3463 3379 3517 3424 et

1950 3475 2012 3514 ea
2034 3501 2048 3524 ,
2071 3475 2192 3531 qua:
2230 3459 2297 3513 ad
2329 3475 2429 3515 nos
2459 3460 2762 3530 pertinent,
2799 3475 2962 3530 supra
2994 3476 3096 3516 nos
3141 3462 3506 3531 prospiceret,

280 3552 431 3623 τολῆς
455 3552 710 3623 ἐσόμεθα,
732 3554 824 3607 καὶ
849 3555 912 3607 ὲκ
932 3555 1023 3608 τοῦ
1045 3555 1370 3627 παραδείσου
1397 3553 1845 3625 ἐκϐληθησόμεθα

1953 3561 2415 3621 ρι-ιευοεεει-ειιιυε
2441 3568 2539 3606 nos
2573 3561 2856 3622 postquam
2882 3552 3010 3608 boni
3042 3551 3169 3607 facti
3195 3553 3514 3618 fuissemus,

281 3642 359 3696 διὰ
384 3644 486 3713 τὴν
512 3643 796 3715 παρακοὴν
823 3644 955 3714 (75),
992 3645 1368 3717 φιλάνθρωπος
1397 3645 1490 3698 καὶ
1517 3644 1718 3714 ἀγαθὸς
1748 3644 1843 3710 ῶν,

284 3732 661 3805 προετοιμάζει
685 3736 742 3788 ὲν
769 3733 878 3806 (74)
901 3734 979 3806 τῷ
1004 3736 1115 3805 ἰδίῳ
1130 3737 1307 3804 Λόγῳ,
1331 3735 1396 3788 δι’
1421 3730 1481 3789 οὗ
1514 3735 1609 3788 καὶ
1635 3735 1848 3788 ἔκτισεν

282 3825 440 3892 ἡμᾶς,
475 3824 576 3896 τὴν
604 3825 734 3896 περὶ
757 3825 857 3896 τῆς
888 3827 1159 3897 σωτηρίας
1185 3826 1341 3898 ήμῶν
1371 3824 1700 3896 οἰκονομίαν,
1737 3825 1846 3889 ἵνα,

285 3914 379 3967 κᾶν
405 3914 774 3987 ἀπατηθέντες
799 3915 950 3988 παρὰ
973 3915 1065 3982 τοῦ
1093 3915 1268 3985 ὄφεως
1289 3916 1631 3987 ἐκπέσωμεν,
1660 3917 1734 3988 μὴ
1764 3917 1852 3968 τέ-

283 4003 392 4058 λεον
421 4005 808 4076 ἅπομείνωμεν
837 4006 1056 4078 νεκροὶ,
1104 4005 1217 4060 ἀλλ’
1244 4006 1458 4076 ἔχοντες
1495 4008 1552 4060 ἐν
1579 4005 1657 4076 τῷ
1689 4005 1848 4076 Λόγῳ

281 4098 372 4169 τὴν
395 4100 910 4172 προητοιμασμένην
953 4103 1085 4172 ἡμῖν
1131 4098 1396 4170 λύτρωσιν
1444 4099 1620 4154 τεκαὶ
1670 4117 1846 4170 σωτη-

284 4192 422 4260 ρίαν,
457 4192 620 4245 πὰλιν
644 4193 990 4258 ἀναστάντες,
1026 4191 1281 4247 ἀθάνατοι
1305 4192 1691 4263 διαμείνωμεν,
1720 4191 1847 4246 ὅταν

281 4284 435 4347 αὐτὸς
466 4285 605 4356 ὑπὲρ
629 4284 788 4357 ήμῶν
819 4285 959 4359 ἀρχὴ
990 4284 1096 4338 τῶν
1118 4284 1252 4338 ὁδῶν
1284 4284 1497 4356 κτισθῇ,
1528 4284 1673 4337 καὶ-ό
1699 4300 1845 4354 πρω-

284 4374 492 4439 τότοκος
541 4376 640 4447 τῆς
689 4377 919 4441 κτίσεως
950 4377 1172 4448 γένηται
1210 4375 1551 4448 πρωτότοκος
1580 4374 1844 4444 ἀδελφῶν,

285 4466 370 4518 καὶ
402 4467 566 4529 αὐτὸς
598 4467 819 4538 ἀπαρχὴ
842 4467 959 4521 ¹τῶν
992 4467 1198 4540 νεκρῶν
1233 4469 1458 4538 ἀναστῇ.
1493 4465 1663 4520 Τοῦτο
1692 4465 1839 4518 Παῦ-

283 4555 366 4620 λος
389 4558 418 4610 ὁ
456 4558 723 4629 μακάριος
748 4559 1042 4623 ἀπόστολος
1085 4559 1198 4631 (75)
1228 4559 1453 4641 γράφωθ
1478 4557 1716 4612 διδάσκει
1736 4573 1750 4588 ο
1781 4557 1842 4610 τὸ

349 4674 392 4706 ⁶²
416 4669 613 4743 Ephes.
647 4689 721 4738 tv,
755 4674 842 4728 15.

347 4789 456 4860 (67)
493 4789 810 4860 Seguerian.
832 4787 1042 4860 omittit
1063 4789 1156 4843 καὶ
1170 4787 1492 4860 μετενεχθῇ.

348 4853 458 4931 (68)
493 4853 595 4931 Sic
618 4859 1116 4931 Seguerian._Gobl.
1170 4853 1314 4931 Felc.
1356 4853 1470 4931 {et
1498 4857 1549 4910 4.
1578 4853 1634 4931 In
1676 4855 1839 4931 editis

282 4924 404 4984 m‘o
428 4924 483 4985 et
510 4924 878 4998 aliisb'deest.
910 4929 1111 4983 Ibidem
1164 4927 1547 4998 Seguerianus,
1589 4924 1746 4998 G_o_bl.
1783 4935 1838 4981 et

282 5000 418 5070 Felc.
445 5001 497 5066 1,
533 5001 648 5053 Οὐκ
675 4996 767 5053 οὖν
803 5001 896 5053 καὶ
920 5002 946 5052 ὁ
966 4998 1166 5070 Κύριος
1193 4995 1290 5070 οὔχ
1321 5000 1408 5051 ὅτε
1429 4995 1831 5070 τεθεμελίωται.

284 5069 417 5151 ξειο.
448 5065 524 5151 ’4,
550 5149 557 5151 _
579 5071 774 5151 οὐκοίξν
901 5065 1122 5151 Κόριος.
1155 5065 1379 5151 οὐχ’ήδτι
1426 5065 1830 5151 τεθεμελίωται.

283 5141 464 5263 galeri
509 5149 566 5195 et
613 5141 766 5207 editi,
816 5136 1021 5194 Οὐκοῦν
1067 5138 1190 5193 οὔτε
1219 5136 1264 5193 ’ὃ
1299 5139 1501 5212 Κύριος
1553 5136 1641 5189 ὅτε
1684 5136 1845 5206 θεμε-

331 5228 496 5263 ουται.

331 5228 496 5266 ουται.

346 5281 468 5353 (69)
477 5281 568 5353 Sic
592 5279 909 5353 Seguerian.
953 5278 1082 5350 Reg.
1121 5279 1285 5335 Basil.
1314 5276 1842 5353 Anglican.,__(_}oble-

282 5346 595 5407 ria'n.'l"elc.
623 5346 691 5414 1ξ
705 5351 739 5405 4
762 5363 814 5405 ει
837 5351 892 5414 5,
917 5359 972 5404 ει
1020 5346 1143 5405 mox
1202 5348 1510 5421 περιέϐαλε.
1570 5346 1674 5400 Alii
1715 5360 1862 5421 vero-

282 5423 530 5544 aﬁditi,
577 5421 712 5476 'tdrts.
765 5421 952 5475 λοιπὸν
1007 5417 1332 5491 ἐθεμελίωσέ
1386 5437 1473 5490 με,
1521 5427 1596 5481 et,
1666 5417 1847 5489 περιέτ

409 5511 456 5544 ε.

409 5511 456 5547 ε.

351 5563 460 5632 (70)
515 5563 834 5632 Seguerian.
882 5559 1192 5616 Geblerian.
1255 5558 1490 5614 Felckm.
1545 5559 1568 5613 1
1632 5568 1685 5614 ει
1713 5559 1852 5623 4,.ὲν.

283 5633 440 5688 αὐτῶ.
471 5634 525 5688 In
557 5632 682 5688 aliis
711 5641 768 5687 et
789 5632 948 5686 editis
974 5635 1031 5684 ὲν
1057 5632 1226 5686 deest.

341 5687 1050 5783 (7'l)_‘Anglic_anus,_p‘.3§éva
1095 5701 1264 5783 μηδὲν
1295 5702 1626 5783 ταραττέτω.
1667 5699 1849 5783 ξεινισ-

286 5769 1049 5845 ροὲι.’5εεῦετίοιι..ειῬειειί.
1096 5769 1275 5839 Liui
1309 5769 1388 5844 τῷ
1424 5771 1622 5827 ἔκτισε.
1652 5769 1756 5825 Alii
1787 5778 1854 5823 et;

283 5844 423 5910 editi,
454 5844 546 5900 καὶ
571 5845 775 5899 ἔκτισε.

1947 3641 2119 3709 legem
2155 3641 2483 3708 violaturos,
2515 3651 2677 3711 atque
2704 3641 2907 3697 idcirco
2956 3655 2988 3696 e
3043 3642 3298 3710 paradiso
3329 3644 3517 3712 expel-

1948 3731 2139 3786 lendos
2170 3750 2183 3786 :
2219 3732 2307 3787 ille
2343 3732 2434 3802 qui
2482 3733 2853 3801 perhumanus
2897 3740 2951 3786 et
2993 3732 3259 3802 benignus
3295 3740 3406 3798 est,
3460 3734 3514 3787 in

1948 3823 2170 3894 prOprio
2209 3821 2417 3885 Verbo,
2451 3839 2547 3892 per
2578 3824 2724 3893 quod
2751 3838 2852 3879 nos
2881 3822 3107 3890 creavit,
3131 3822 3294 3894 5.30
3315 3832 3516 3877 nostrae

1950 3915 2144 3971 salutis
2191 3915 2653 3984 dispensationem
2714 3915 3069 3986 praeparavit,
3109 3923 3169 3969 ut
3229 3915 3512 3981 videlicet,

1952 4006 2166 4062 etiamsi
2194 4006 2533 4077 contingeret
2554 4015 2613 4060 ut
2638 4021 2669 4060 a
2699 4006 2945 4060 daemone
2973 4005 3334 4060 circumventi
3359 4005 3518 4060 cade-

1951 4113 2172 4163 remus,
2226 4113 2293 4152 ne
2342 4098 2541 4153 mortui
2584 4098 2801 4168 penitus
2851 4112 3292 4164 remaneremus,
3332 4098 3427 4153 sed
3459 4106 3520 4152 ut

1948 4189 2373 4259 redemptionem
2405 4196 2458 4242 et
2481 4189 2711 4244 salutem
2758 4189 2812 4242 in
2851 4187 3030 4243 Verbo
3058 4189 3218 4244 nobis
3255 4203 3518 4260 praepara-

1949 4290 2058 4334 tam
2094 4280 2388 4349 habentes,
2413 4281 2862 4336 revivisceremus
2900 4288 2953 4334 et
2994 4280 3329 4336 immortales
3376 4296 3518 4336 esse-

1954 4387 2105 4437 nzus,
2141 4381 2430 4442 postquam
2455 4372 2574 4443 ipse
2605 4385 2705 4441 pro
2738 4371 2900 4425 nobis
2937 4370 3270 4441 principium
3302 4372 3515 4426 viarum

1946 4471 2031 4519 est
2063 4473 2277 4517 creatus
2297 4505 2312 4527 ,
2339 4470 2394 4516 et
2417 4463 2509 4532 qui
2538 4470 2801 4518 creaturae
2827 4461 3222 4533 primogenitus
3268 4471 3378 4526 est,
3409 4461 3518 4516 fra-

1950 4566 2091 4609 trum
2117 4554 2292 4610 factus
2322 4553 2425 4608 fuit
2454 4553 2880 4626 primogenitus,
2903 4561 2958 4608 et
2988 4553 3135 4622 ipse,
3176 4562 3517 4610 mortuorum

947 4673 993 4705 '°
1022 4671 1183 4728 Prov.
1217 4689 1336 4739 V-lll,
1368 4673 1556 4730 23-25.
1632 4674 1674 4705 '“
1695 4671 1803 4726 Tit.
1837 4686 1898 4738 tt,
1937 4670 2021 4724 11.

1869 4793 1917 4851 ῐ)

2014 4780 2124 4903 912)
2167 4777 2324 4847 Reg..
2352 4778 2550 4848 μᾶλλον
2599 4774 2677 4861 δὲ,
2708 4774 2834 4856 πρό,
2881 4783 2986 4829 etc.
3029 4773 3207 4860 Editio
3252 4772 3514 4856 Commel.

2014 4853 2024 4903 ί
2056 4851 2146 4903 λον
2174 4849 2268 4902 mi.
2296 4848 2423 4903 πρό.
2480 4855 2584 4901 etc.
2638 4845 2831 4899 (latter!
2896 4860 3028 4898 mss.
3101 4841 3297 4903 μαλλον
3335 4842 3391 4894 δὲ
3423 4845 3514 4894 καὶ

1947 4851 2146 4922 μᾶλλον
2174 4851 2268 4902 καὶ
2296 4851 2423 4919 πρό,
2480 4855 2584 4901 etc.
2638 4851 2831 4899 Cattet'i
2896 4860 3028 4898 mss.
3101 4851 3297 4914 μᾶλλον
3335 4851 3394 4894 δὲ
3423 4851 3516 4894 καὶ

1946 4922 2072 4994 πρό,
2102 4918 2367 4994 etc.ol_bid.
2415 4915 2802 4994 seguerianus,
2857 4908 3512 4994 Gobleriatius,~Eelckni.

1946 4982 2067 5045 l'et
2089 4991 2143 5055 4,
2165 4982 2630 5060 πρὸκαταϐὄλῆς.
2657 4985 2801 5041 Editi
2847 4995 2898 5040 et
2927 4985 3040 5048 alii,
3093 4982 3199 5053 πρὸ
3220 4982 3320 5051 τῆς
3351 4997 3518 5035 κατα-

1941 5061 2123 5115 ϐολῆς.

2161 5129 2248 5184 Sic
2281 5123 3072 5203 Seguerianus,G‘obletjanus,
3124 5119 3267 5203 Feic.
3309 5123 3330 5176 l
3387 5131 3441 5177 et
3461 5122 3511 5176 4.

1950 5193 2128 5257 Αιέίίἰ
2156 5210 2210 5255 et
2241 5193 2408 5253 editio
2435 5198 2697 5252 Commel.
2721 5196 2808 5248 διὰ
2843 5194 2944 5262 τῆς
2971 5193 3273 5262 παρακοῆς.

2025 5271 2137 5338 (74)
2185 5269 2343 5324 Felc-
2375 5270 2408 5323 5
2456 5270 2514 5321 ἐν
2561 5268 2806 5338 omittit.‘
2839 5261 2960 5338 no;
3014 5261 3333 5338 Seguerian.
3383 5262 3516 5333 Reg.

1946 5331 2258 5418 Goblei‘iaji.
2291 5339 2434 5418 F_eic.
2453 5339 2478 5390 1
2510 5345 2564 5418 et
2591 5337 2670 5418 4,‘
2693 5335 2860 5418 ῇμᾶς,
2891 5333 2988 5418 τὴν
3040 5331 3169 5418 περὶ
3192 5332 3290 5404 τῆς
3339 5331 3517 5418 quitri-

1950 5414 2071 5485 ρίας
2101 5411 2258 5490 ﬂeti?
2283 5409 2612 5490 οῖκρνομίαῖ·
2642 5403 2748 5459 Al“
2773 5414 2827 5490 ξεί
2854 5403 3202 5490 θίέίὲξνίὶμές
3248 5403 3386 5487 περὶ
3417 5403 3520 5475 τῆς
3547 5420 3550 5422 ⁷

1949 5472 2322 5553 σωτηρίώδονς
2358 5472 2516 5550 ἡμῶν
2545 5475 2872 5544 οἰκονομίας.
2906 5473 3108 5527 Ibidem
3129 5472 3516 5546 Seguerianus,

1948 5553 2261 5608 Goblerian.
2296 5548 2533 5605 Felckm.
2584 5547 2608 5600 1
2657 5555 2712 5599 et
2747 5542 3378 5618 1,-ἀπατῃθέντεςίπαρά
3422 5547 3516 5600 τοῦ

1949 5583 2261 5608 υυυιειισιι.
2296 5583 2533 5605 ι’ῠιυιιιιι.
2588 5583 2608 5600 ι
2657 5583 2712 5599 ι.
2747 5583 2800 5610 π,
2831 5583 3200 5615 -..πυιηηυς
3232 5583 3378 5618 ..ινα

1949 5625 2144 5694 ὄφεως.
2176 5621 2328 5694 Editi
2363 5629 2421 5694 et
2441 5619 2554 5681 alii,
2586 5615 3048 5694 dchnliév‘cegtx
3082 5614 3407 5694 redderem;

2021 5685 2470 5763 (757)AGobler_ian.
2521 5696 2574 5741 et
2607 5685 2750 5763 Felc.
2789 5687 2813 5738 1
2874 5686 3134 5763 omittunt
3180 5689 3208 5763 ό
3247 5685 3519 5763 μακάριος

1948 5755 2258 5824 ἀπόστολος.
2291 5757 2457 5812 Iidem
2508 5773 2658 5817 mox,
2688 5755 3056 5827 διερμηνεύων
3082 5757 3214 5827 φησι
3246 5755 3494 5826 Τιμοθέῳ

1949 5835 2078 5901 Reg.
2105 5831 2238 5901 φησὶ
2280 5828 2411 5897 πρὸς
2455 5828 2543 5880 τὸν
2576 5825 2854 5897 Τιμόθεον.
