  <div class='ocr_page' id='page_1' title='image "/cluster/home/n/w/nwhite01/storage/ocr_20150623/26/mdp.39015019958456/161.png"; bbox 0 0 3948 6236; ppageno 0'>
   <div class='ocr_carea' id='block_1_1' title="bbox 372 329 476 386">
    <p class='ocr_par' dir='ltr' id='par_1_1' title="bbox 372 329 476 386">
     <span class='ocr_line' id='line_1_1' title="bbox 372 329 476 386; baseline -0.01 0"><span class='ocrx_word' id='word_1_1' title='bbox 372 329 476 386; x_wconf 77' lang='lat'><strong>507</strong></span> 
     </span>
    </p>
   </div>
   <div class='ocr_carea' id='block_1_2' title="bbox 993 323 1927 387">
    <p class='ocr_par' dir='ltr' id='par_1_2' title="bbox 993 323 1927 383">
     <span class='ocr_line' id='line_1_2' title="bbox 993 323 1927 383; baseline 0.002 -2"><span class='ocrx_word' id='word_1_2' title='bbox 993 323 1052 381; x_wconf 75' lang='grc' dir='ltr'><em>Β.</em></span> <span class='ocrx_word' id='word_1_3' title='bbox 1082 323 1456 381; x_wconf 75' lang='grc' dir='ltr'><strong>ΔΤΗΑΝΛδΙΙ</strong></span> <span class='ocrx_word' id='word_1_4' title='bbox 1495 324 1647 381; x_wconf 86' lang='grc' dir='ltr'>ΟΡΡ.</span> <span class='ocrx_word' id='word_1_5' title='bbox 1686 326 1868 383; x_wconf 82' lang='lat' dir='ltr'><strong>PARS</strong></span> <span class='ocrx_word' id='word_1_6' title='bbox 1908 329 1927 383; x_wconf 86' lang='grc' dir='ltr'><strong>ι</strong></span> 
     </span>
    </p>
   </div>
   <div class='ocr_carea' id='block_1_3' title="bbox 2022 323 3041 387">
    <p class='ocr_par' dir='ltr' id='par_1_3' title="bbox 2022 327 3041 387">
     <span class='ocr_line' id='line_1_3' title="bbox 2022 327 3041 387; baseline 0.005 -5"><span class='ocrx_word' id='word_1_7' title='bbox 2022 358 2059 371; x_wconf 91' lang='lat'><strong>--</strong></span> <span class='ocrx_word' id='word_1_8' title='bbox 2097 327 2465 385; x_wconf 76' lang='lat' dir='ltr'><strong>iilSTORiCA</strong></span> <span class='ocrx_word' id='word_1_9' title='bbox 2503 330 2591 386; x_wconf 83' lang='grc' dir='ltr'>ΕΤ</span> <span class='ocrx_word' id='word_1_10' title='bbox 2629 329 3041 387; x_wconf 76' lang='lat' dir='ltr'><strong>DOGMATICA.</strong></span> 
     </span>
    </p>
   </div>
   <div class='ocr_carea' id='block_1_4' title="bbox 3487 338 3591 395">
    <p class='ocr_par' dir='ltr' id='par_1_4' title="bbox 3487 338 3591 395">
     <span class='ocr_line' id='line_1_4' title="bbox 3487 338 3591 395; baseline 0.01 -1"><span class='ocrx_word' id='word_1_11' title='bbox 3487 338 3591 395; x_wconf 79' lang='lat'><strong>508</strong></span> 
     </span>
    </p>
   </div>
   <div class='ocr_carea' id='block_1_5' title="bbox 368 434 1927 517">
    <p class='ocr_par' dir='ltr' id='par_1_5' title="bbox 368 434 1927 514">
     <span class='ocr_line' id='line_1_5' title="bbox 368 434 1927 514; baseline -0.003 -17"><span class='ocrx_word' id='word_1_12' title='bbox 368 439 659 514; x_wconf 72' lang='lat' dir='ltr'><strong>primitiae,</strong></span> <span class='ocrx_word' id='word_1_13' title='bbox 681 437 897 494; x_wconf 79' lang='lat' dir='ltr'><strong>revixit.</strong></span> <span class='ocrx_word' id='word_1_14' title='bbox 928 434 1058 493; x_wconf 67' lang='lat' dir='ltr'><strong>Haec</strong></span> <span class='ocrx_word' id='word_1_15' title='bbox 1082 436 1198 508; x_wconf 89' lang='lat' dir='ltr'><strong>ipsa</strong></span> <span class='ocrx_word' id='word_1_16' title='bbox 1229 445 1314 493; x_wconf 79' lang='lat' dir='ltr'><strong>est</strong></span> <span class='ocrx_word' id='word_1_17' title='bbox 1341 436 1484 493; x_wconf 90' lang='lat' dir='ltr'><strong>beati</strong></span> <span class='ocrx_word' id='word_1_18' title='bbox 1518 436 1750 508; x_wconf 77' lang='lat' dir='ltr'><strong>apostoli</strong></span> <span class='ocrx_word' id='word_1_19' title='bbox 1778 436 1927 492; x_wconf 88' lang='lat' dir='ltr'><strong>Pauli</strong></span> 
     </span>
    </p>
   </div>
   <div class='ocr_carea' id='block_1_6' title="bbox 2022 434 3591 517">
    <p class='ocr_par' dir='ltr' id='par_1_6' title="bbox 2033 436 3591 517">
     <span class='ocr_line' id='line_1_6' title="bbox 2033 436 3591 517; baseline 0.007 -27"><span class='ocrx_word' id='word_1_20' title='bbox 2033 436 2142 509; x_wconf 84' lang='grc' dir='ltr'><em>γὰρ</em></span> <span class='ocrx_word' id='word_1_21' title='bbox 2173 438 2232 493; x_wconf 78' lang='grc' dir='ltr'><strong>ἐν</strong></span> <span class='ocrx_word' id='word_1_22' title='bbox 2256 440 2376 503; x_wconf 85' lang='grc' dir='ltr'><em>ταῖς</em></span> <span class='ocrx_word' id='word_1_23' title='bbox 2403 439 2749 512; x_wconf 85' lang='grc' dir='ltr'><em>Παροιμίαις,</em></span> <span class='ocrx_word' id='word_1_24' title='bbox 2778 439 2899 509; x_wconf 87' lang='grc' dir='ltr'><strong>Πρὸ</strong></span> <span class='ocrx_word' id='word_1_25' title='bbox 2928 441 3033 496; x_wconf 90' lang='grc' dir='ltr'><strong>τοῦ</strong></span> <span class='ocrx_word' id='word_1_26' title='bbox 3061 440 3296 510; x_wconf 83' lang='grc' dir='ltr'><em>αἰῶνος,</em></span> <span class='ocrx_word' id='word_1_27' title='bbox 3326 441 3439 510; x_wconf 75' lang='grc' dir='ltr'><em>καὶ,</em></span> <span class='ocrx_word' id='word_1_28' title='bbox 3469 448 3591 517; x_wconf 86' lang='grc' dir='ltr'><strong>Πρὸ</strong></span> 
     </span>
    </p>
   </div>
   <div class='ocr_carea' id='block_1_7' title="bbox 367 527 1929 601">
    <p class='ocr_par' dir='ltr' id='par_1_7' title="bbox 367 527 1929 601">
     <span class='ocr_line' id='line_1_7' title="bbox 367 527 1929 601; baseline -0.004 -13"><span class='ocrx_word' id='word_1_29' title='bbox 367 531 613 589; x_wconf 77' lang='lat' dir='ltr'><strong>doctrina</strong></span> <span class='ocrx_word' id='word_1_30' title='bbox 630 570 646 597; x_wconf 94' lang='lat'><strong>,</strong></span> <span class='ocrx_word' id='word_1_31' title='bbox 680 529 775 601; x_wconf 86' lang='lat' dir='ltr'><strong>qui</strong></span> <span class='ocrx_word' id='word_1_32' title='bbox 807 528 899 584; x_wconf 87' lang='lat' dir='ltr'><strong>illa</strong></span> <span class='ocrx_word' id='word_1_33' title='bbox 929 527 1347 583; x_wconf 87' lang='lat' dir='ltr'><strong>Proverbiorum</strong></span> <span class='ocrx_word' id='word_1_34' title='bbox 1375 527 1537 583; x_wconf 88' lang='lat' dir='ltr'><strong>verba</strong></span> <span class='ocrx_word' id='word_1_35' title='bbox 1555 568 1572 596; x_wconf 88' lang='lat'><strong>,</strong></span> <span class='ocrx_word' id='word_1_36' title='bbox 1594 536 1714 581; x_wconf 87' lang='lat' dir='ltr'><strong>ante</strong></span> <span class='ocrx_word' id='word_1_37' title='bbox 1740 542 1929 593; x_wconf 73' lang='lat' dir='ltr'><strong>sevum,</strong></span> 
     </span>
    </p>
   </div>
   <div class='ocr_carea' id='block_1_8' title="bbox 365 618 1931 695">
    <p class='ocr_par' dir='ltr' id='par_1_8' title="bbox 365 618 1931 695">
     <span class='ocr_line' id='line_1_8' title="bbox 365 618 1931 695; baseline -0.003 -16"><span class='ocrx_word' id='word_1_38' title='bbox 365 633 443 691; x_wconf 78' lang='lat' dir='ltr'><strong>et,</strong></span> <span class='ocrx_word' id='word_1_39' title='bbox 474 630 754 695; x_wconf 79' lang='lat' dir='ltr'><strong>antequam</strong></span> <span class='ocrx_word' id='word_1_40' title='bbox 786 630 933 676; x_wconf 79' lang='lat' dir='ltr'><strong>terra</strong></span> <span class='ocrx_word' id='word_1_41' title='bbox 962 621 1136 692; x_wconf 88' lang='lat' dir='ltr'><strong>ﬁeret,</strong></span> <span class='ocrx_word' id='word_1_42' title='bbox 1169 621 1243 676; x_wconf 91' lang='lat' dir='ltr'><strong>ita</strong></span> <span class='ocrx_word' id='word_1_43' title='bbox 1281 619 1523 691; x_wconf 89' lang='lat' dir='ltr'><strong>Epistola</strong></span> <span class='ocrx_word' id='word_1_44' title='bbox 1563 620 1631 675; x_wconf 89' lang='lat' dir='ltr'><strong>ad</strong></span> <span class='ocrx_word' id='word_1_45' title='bbox 1659 618 1931 676; x_wconf 87' lang='lat' dir='ltr'><strong>Timothe-</strong></span> 
     </span>
    </p>
   </div>
   <div class='ocr_carea' id='block_1_9' title="bbox 364 711 1931 787">
    <p class='ocr_par' dir='ltr' id='par_1_9' title="bbox 364 711 1931 787">
     <span class='ocr_line' id='line_1_9' title="bbox 364 711 1931 787; baseline -0.003 -16"><span class='ocrx_word' id='word_1_46' title='bbox 364 732 457 771; x_wconf 88' lang='lat' dir='ltr'><strong>um</strong></span> <span class='ocrx_word' id='word_1_47' title='bbox 492 716 877 787; x_wconf 84' lang='lat' dir='ltr'><strong>interpretatur</strong></span> <span class='ocrx_word' id='word_1_48' title='bbox 898 715 983 768; x_wconf 70' lang='grc' dir='ltr'><em>ηε</em></span> <span class='ocrx_word' id='word_1_49' title='bbox 1025 713 1305 768; x_wconf 86' lang='lat' dir='ltr'><strong>Collabora</strong></span> <span class='ocrx_word' id='word_1_50' title='bbox 1337 711 1620 782; x_wconf 82' lang='lat' dir='ltr'><strong>Evangelio</strong></span> <span class='ocrx_word' id='word_1_51' title='bbox 1644 712 1931 767; x_wconf 83' lang='lat' dir='ltr'><strong>secundum</strong></span> 
     </span>
    </p>
   </div>
   <div class='ocr_carea' id='block_1_10' title="bbox 363 806 1930 878">
    <p class='ocr_par' dir='ltr' id='par_1_10' title="bbox 363 806 1930 878">
     <span class='ocr_line' id='line_1_10' title="bbox 363 806 1930 878; baseline -0.001 -18"><span class='ocrx_word' id='word_1_52' title='bbox 363 806 464 861; x_wconf 85' lang='lat' dir='ltr'><strong>Dei</strong></span> <span class='ocrx_word' id='word_1_53' title='bbox 491 807 766 873; x_wconf 81' lang='lat' dir='ltr'><strong>virtutem,</strong></span> <span class='ocrx_word' id='word_1_54' title='bbox 796 806 887 878; x_wconf 93' lang='lat' dir='ltr'><strong>qui</strong></span> <span class='ocrx_word' id='word_1_55' title='bbox 919 806 1089 862; x_wconf 89' lang='lat' dir='ltr'><strong>salvos</strong></span> <span class='ocrx_word' id='word_1_56' title='bbox 1142 823 1233 861; x_wconf 91' lang='lat' dir='ltr'><strong>nos</strong></span> <span class='ocrx_word' id='word_1_57' title='bbox 1279 806 1405 877; x_wconf 77' lang='lat' dir='ltr'><strong>fecit</strong></span> <span class='ocrx_word' id='word_1_58' title='bbox 1433 816 1481 861; x_wconf 89' lang='lat' dir='ltr'><strong>et</strong></span> <span class='ocrx_word' id='word_1_59' title='bbox 1538 806 1738 860; x_wconf 82' lang='lat' dir='ltr'><strong>vocavit</strong></span> <span class='ocrx_word' id='word_1_60' title='bbox 1778 821 1930 871; x_wconf 63' lang='lat' dir='ltr'><strong>voca,-</strong></span> 
     </span>
    </p>
   </div>
   <div class='ocr_carea' id='block_1_11' title="bbox 363 898 1929 968">
    <p class='ocr_par' dir='ltr' id='par_1_11' title="bbox 363 898 1929 968">
     <span class='ocr_line' id='line_1_11' title="bbox 363 898 1929 968; baseline 0 -15"><span class='ocrx_word' id='word_1_61' title='bbox 363 900 503 953; x_wconf 89' lang='lat' dir='ltr'><strong>tione</strong></span> <span class='ocrx_word' id='word_1_62' title='bbox 535 909 751 958; x_wconf 84' lang='lat' dir='ltr'><strong>sancta,</strong></span> <span class='ocrx_word' id='word_1_63' title='bbox 788 914 890 953; x_wconf 91' lang='lat' dir='ltr'><strong>non</strong></span> <span class='ocrx_word' id='word_1_64' title='bbox 923 898 1208 953; x_wconf 87' lang='lat' dir='ltr'><strong>secundum</strong></span> <span class='ocrx_word' id='word_1_65' title='bbox 1249 915 1405 968; x_wconf 96' lang='lat' dir='ltr'><strong>opera</strong></span> <span class='ocrx_word' id='word_1_66' title='bbox 1439 909 1655 964; x_wconf 91' lang='lat' dir='ltr'><strong>nostra,</strong></span> <span class='ocrx_word' id='word_1_67' title='bbox 1703 901 1793 952; x_wconf 86' lang='lat' dir='ltr'><strong>sed</strong></span> <span class='ocrx_word' id='word_1_68' title='bbox 1845 915 1929 953; x_wconf 88' lang='lat' dir='ltr'><strong>se-</strong></span> 
     </span>
    </p>
   </div>
   <div class='ocr_carea' id='block_1_12' title="bbox 363 989 1924 1061">
    <p class='ocr_par' dir='ltr' id='par_1_12' title="bbox 363 989 1924 1061">
     <span class='ocr_line' id='line_1_12' title="bbox 363 989 1924 1061; baseline 0.001 -18"><span class='ocrx_word' id='word_1_69' title='bbox 363 989 590 1044; x_wconf 86' lang='lat' dir='ltr'><strong>cundum</strong></span> <span class='ocrx_word' id='word_1_70' title='bbox 613 991 886 1060; x_wconf 85' lang='lat' dir='ltr'><strong>proprium</strong></span> <span class='ocrx_word' id='word_1_71' title='bbox 918 992 1241 1061; x_wconf 84' lang='lat' dir='ltr'><strong>propositum</strong></span> <span class='ocrx_word' id='word_1_72' title='bbox 1260 1002 1310 1045; x_wconf 91' lang='lat' dir='ltr'><strong>et</strong></span> <span class='ocrx_word' id='word_1_73' title='bbox 1338 992 1565 1059; x_wconf 80' lang='lat' dir='ltr'><strong>gratiam</strong></span> <span class='ocrx_word' id='word_1_74' title='bbox 1587 1031 1601 1055; x_wconf 92' lang='lat'><strong>,</strong></span> <span class='ocrx_word' id='word_1_75' title='bbox 1637 1007 1753 1061; x_wconf 68' lang='lat' dir='ltr'><strong>qua:</strong></span> <span class='ocrx_word' id='word_1_76' title='bbox 1778 990 1924 1045; x_wconf 86' lang='lat' dir='ltr'><strong>nobis</strong></span> 
     </span>
    </p>
   </div>
   <div class='ocr_carea' id='block_1_13' title="bbox 360 1081 1927 1150">
    <p class='ocr_par' dir='ltr' id='par_1_13' title="bbox 360 1081 1927 1150">
     <span class='ocr_line' id='line_1_13' title="bbox 360 1081 1927 1150; baseline 0 -14"><span class='ocrx_word' id='word_1_77' title='bbox 360 1085 490 1136; x_wconf 83' lang='lat' dir='ltr'><strong>data</strong></span> <span class='ocrx_word' id='word_1_78' title='bbox 515 1092 591 1137; x_wconf 86' lang='lat' dir='ltr'><strong>est</strong></span> <span class='ocrx_word' id='word_1_79' title='bbox 619 1082 673 1136; x_wconf 86' lang='lat' dir='ltr'><strong>in</strong></span> <span class='ocrx_word' id='word_1_80' title='bbox 734 1081 944 1138; x_wconf 83' lang='lat' dir='ltr'><strong>Christo</strong></span> <span class='ocrx_word' id='word_1_81' title='bbox 979 1081 1108 1136; x_wconf 74' lang='lat' dir='ltr'><strong>Iesu</strong></span> <span class='ocrx_word' id='word_1_82' title='bbox 1156 1091 1276 1135; x_wconf 90' lang='lat' dir='ltr'><strong>ante</strong></span> <span class='ocrx_word' id='word_1_83' title='bbox 1321 1092 1521 1135; x_wconf 72' lang='lat' dir='ltr'><strong>a&#39;terna</strong></span> <span class='ocrx_word' id='word_1_84' title='bbox 1568 1091 1831 1150; x_wconf 88' lang='lat' dir='ltr'><strong>tempora,</strong></span> <span class='ocrx_word' id='word_1_85' title='bbox 1874 1090 1927 1136; x_wconf 89' lang='lat' dir='ltr'><strong>et</strong></span> 
     </span>
    </p>
   </div>
   <div class='ocr_carea' id='block_1_14' title="bbox 359 1169 1924 1245">
    <p class='ocr_par' dir='ltr' id='par_1_14' title="bbox 359 1169 1924 1245">
     <span class='ocr_line' id='line_1_14' title="bbox 359 1169 1924 1245; baseline 0 -19"><span class='ocrx_word' id='word_1_86' title='bbox 359 1189 497 1227; x_wconf 87' lang='lat' dir='ltr'><strong>nunc</strong></span> <span class='ocrx_word' id='word_1_87' title='bbox 522 1175 766 1243; x_wconf 85' lang='lat' dir='ltr'><strong>apparuit</strong></span> <span class='ocrx_word' id='word_1_88' title='bbox 796 1190 890 1245; x_wconf 91' lang='lat' dir='ltr'><strong>per</strong></span> <span class='ocrx_word' id='word_1_89' title='bbox 935 1175 1211 1229; x_wconf 82' lang='lat' dir='ltr'><strong>adventum</strong></span> <span class='ocrx_word' id='word_1_90' title='bbox 1257 1169 1549 1227; x_wconf 71' lang='lat' dir='ltr'><strong>Saluatoris</strong></span> <span class='ocrx_word' id='word_1_91' title='bbox 1589 1175 1757 1228; x_wconf 80' lang='lat' dir='ltr'><strong>nostri</strong></span> <span class='ocrx_word' id='word_1_92' title='bbox 1794 1173 1924 1228; x_wconf 77' lang='lat' dir='ltr'><strong>Iesu</strong></span> 
     </span>
    </p>
   </div>
   <div class='ocr_carea' id='block_1_15' title="bbox 357 1264 1921 1337">
    <p class='ocr_par' dir='ltr' id='par_1_15' title="bbox 357 1264 1921 1337">
     <span class='ocr_line' id='line_1_15' title="bbox 357 1264 1921 1337; baseline 0.001 -22"><span class='ocrx_word' id='word_1_93' title='bbox 357 1264 585 1333; x_wconf 85' lang='lat' dir='ltr'><strong>Christi,</strong></span> <span class='ocrx_word' id='word_1_94' title='bbox 615 1265 706 1337; x_wconf 86' lang='lat' dir='ltr'><strong>qui</strong></span> <span class='ocrx_word' id='word_1_95' title='bbox 742 1276 960 1319; x_wconf 86' lang='lat' dir='ltr'><strong>mortem</strong></span> <span class='ocrx_word' id='word_1_96' title='bbox 988 1266 1199 1337; x_wconf 85' lang='lat' dir='ltr'><strong>quidem</strong></span> <span class='ocrx_word' id='word_1_97' title='bbox 1225 1266 1487 1321; x_wconf 75' lang='lat' dir='ltr'><strong>destruxit</strong></span> <span class='ocrx_word' id='word_1_98' title='bbox 1509 1307 1525 1328; x_wconf 89' lang='lat'><strong>,</strong></span> <span class='ocrx_word' id='word_1_99' title='bbox 1554 1266 1717 1319; x_wconf 89' lang='lat' dir='ltr'><strong>vitam</strong></span> <span class='ocrx_word' id='word_1_100' title='bbox 1746 1274 1921 1318; x_wconf 92' lang='lat' dir='ltr'><strong>autem</strong></span> 
     </span>
    </p>
   </div>
   <div class='ocr_carea' id='block_1_16' title="bbox 355 1352 1919 1425">
    <p class='ocr_par' dir='ltr' id='par_1_16' title="bbox 355 1352 1919 1425">
     <span class='ocr_line' id='line_1_16' title="bbox 355 1352 1919 1425; baseline 0 -18"><span class='ocrx_word' id='word_1_101' title='bbox 355 1354 701 1408; x_wconf 71' lang='lat' dir='ltr'><strong>illuminavit.</strong></span> <span class='ocrx_word' id='word_1_102' title='bbox 763 1352 828 1409; x_wconf 85' lang='lat' dir='ltr'><strong>Et</strong></span> <span class='ocrx_word' id='word_1_103' title='bbox 872 1354 937 1409; x_wconf 89' lang='lat' dir='ltr'><strong>ad</strong></span> <span class='ocrx_word' id='word_1_104' title='bbox 991 1353 1298 1425; x_wconf 87' lang='lat' dir='ltr'><strong>Ephesios:</strong></span> <span class='ocrx_word' id='word_1_105' title='bbox 1332 1354 1643 1408; x_wconf 77' lang='lat' dir='ltr'><strong>Benedictus</strong></span> <span class='ocrx_word' id='word_1_106' title='bbox 1688 1352 1830 1407; x_wconf 86' lang='lat' dir='ltr'><strong>Deus</strong></span> <span class='ocrx_word' id='word_1_107' title='bbox 1869 1362 1919 1407; x_wconf 89' lang='lat' dir='ltr'><strong>et</strong></span> 
     </span>
    </p>
   </div>
   <div class='ocr_carea' id='block_1_17' title="bbox 358 1444 1920 1518">
    <p class='ocr_par' dir='ltr' id='par_1_17' title="bbox 358 1444 1920 1518">
     <span class='ocr_line' id='line_1_17' title="bbox 358 1444 1920 1518; baseline 0.001 -20"><span class='ocrx_word' id='word_1_108' title='bbox 358 1444 523 1499; x_wconf 90' lang='lat' dir='ltr'><strong>Pater</strong></span> <span class='ocrx_word' id='word_1_109' title='bbox 556 1445 766 1500; x_wconf 86' lang='lat' dir='ltr'><strong>Domini</strong></span> <span class='ocrx_word' id='word_1_110' title='bbox 786 1448 955 1501; x_wconf 78' lang='lat' dir='ltr'><strong>nostri</strong></span> <span class='ocrx_word' id='word_1_111' title='bbox 980 1444 1109 1502; x_wconf 73' lang='lat' dir='ltr'><strong>Iesu</strong></span> <span class='ocrx_word' id='word_1_112' title='bbox 1127 1446 1350 1513; x_wconf 84' lang='lat' dir='ltr'><strong>Christi,</strong></span> <span class='ocrx_word' id='word_1_113' title='bbox 1372 1448 1462 1518; x_wconf 85' lang='lat' dir='ltr'><strong>qui</strong></span> <span class='ocrx_word' id='word_1_114' title='bbox 1484 1447 1746 1501; x_wconf 75' lang='lat' dir='ltr'><strong>benedixit</strong></span> <span class='ocrx_word' id='word_1_115' title='bbox 1769 1446 1920 1501; x_wconf 88' lang='lat' dir='ltr'><strong>nobis</strong></span> 
     </span>
    </p>
   </div>
   <div class='ocr_carea' id='block_1_18' title="bbox 355 1536 1919 1608">
    <p class='ocr_par' dir='ltr' id='par_1_18' title="bbox 355 1536 1919 1608">
     <span class='ocr_line' id='line_1_18' title="bbox 355 1536 1919 1608; baseline 0.001 -19"><span class='ocrx_word' id='word_1_116' title='bbox 355 1536 411 1589; x_wconf 89' lang='lat' dir='ltr'><strong>in</strong></span> <span class='ocrx_word' id='word_1_117' title='bbox 439 1538 580 1591; x_wconf 89' lang='lat' dir='ltr'><strong>omni</strong></span> <span class='ocrx_word' id='word_1_118' title='bbox 642 1536 996 1593; x_wconf 83' lang='lat' dir='ltr'><strong>benedictione</strong></span> <span class='ocrx_word' id='word_1_119' title='bbox 1045 1538 1348 1608; x_wconf 86' lang='lat' dir='ltr'><strong>spirituali,</strong></span> <span class='ocrx_word' id='word_1_120' title='bbox 1406 1538 1463 1591; x_wconf 91' lang='lat' dir='ltr'><strong>in</strong></span> <span class='ocrx_word' id='word_1_121' title='bbox 1506 1537 1831 1602; x_wconf 72' lang='lat' dir='ltr'><strong>caelestibus,</strong></span> <span class='ocrx_word' id='word_1_122' title='bbox 1861 1538 1919 1591; x_wconf 88' lang='lat' dir='ltr'><strong>in</strong></span> 
     </span>
    </p>
   </div>
   <div class='ocr_carea' id='block_1_19' title="bbox 354 1627 1919 1702">
    <p class='ocr_par' dir='ltr' id='par_1_19' title="bbox 354 1627 1919 1702">
     <span class='ocr_line' id='line_1_19' title="bbox 354 1627 1919 1702; baseline 0.001 -21"><span class='ocrx_word' id='word_1_123' title='bbox 354 1627 567 1683; x_wconf 87' lang='lat' dir='ltr'><strong>Christo</strong></span> <span class='ocrx_word' id='word_1_124' title='bbox 602 1627 766 1698; x_wconf 86' lang='lat' dir='ltr'><strong>Jesu,</strong></span> <span class='ocrx_word' id='word_1_125' title='bbox 805 1633 944 1686; x_wconf 81' lang='lat' dir='ltr'><strong>sicut</strong></span> <span class='ocrx_word' id='word_1_126' title='bbox 982 1631 1137 1702; x_wconf 86' lang='lat' dir='ltr'><strong>elegit</strong></span> <span class='ocrx_word' id='word_1_127' title='bbox 1186 1648 1279 1685; x_wconf 89' lang='lat' dir='ltr'><strong>nos</strong></span> <span class='ocrx_word' id='word_1_128' title='bbox 1325 1631 1383 1684; x_wconf 88' lang='lat' dir='ltr'><strong>in</strong></span> <span class='ocrx_word' id='word_1_129' title='bbox 1420 1632 1535 1701; x_wconf 77' lang='lat' dir='ltr'><strong>ipse</strong></span> <span class='ocrx_word' id='word_1_130' title='bbox 1576 1640 1698 1685; x_wconf 91' lang='lat' dir='ltr'><strong>ante</strong></span> <span class='ocrx_word' id='word_1_131' title='bbox 1734 1628 1919 1683; x_wconf 88' lang='lat' dir='ltr'><strong>mundi</strong></span> 
     </span>
    </p>
   </div>
   <div class='ocr_carea' id='block_1_20' title="bbox 2031 528 3591 611">
    <p class='ocr_par' dir='ltr' id='par_1_20' title="bbox 2031 528 3591 611">
     <span class='ocr_line' id='line_1_20' title="bbox 2031 528 3591 611; baseline 0.005 -29"><span class='ocrx_word' id='word_1_132' title='bbox 2031 528 2140 583; x_wconf 92' lang='grc' dir='ltr'><strong>τοῦ</strong></span> <span class='ocrx_word' id='word_1_133' title='bbox 2161 528 2275 598; x_wconf 81' lang='grc' dir='ltr'><em>τὴν</em></span> <span class='ocrx_word' id='word_1_134' title='bbox 2291 528 2407 599; x_wconf 76' lang='grc' dir='ltr'><strong>γῆν</strong></span> <span class='ocrx_word' id='word_1_135' title='bbox 2425 531 2722 600; x_wconf 76' lang='grc' dir='ltr'><em>γενέσθαι,</em></span> <span class='ocrx_word' id='word_1_136' title='bbox 2743 528 3128 604; x_wconf 70' lang='grc' dir='ltr'><em>διερμηνεῦων,</em></span> <span class='ocrx_word' id='word_1_137' title='bbox 3145 534 3288 588; x_wconf 77' lang='grc' dir='ltr'><em>οὕτω</em></span> <span class='ocrx_word' id='word_1_138' title='bbox 3305 537 3436 607; x_wconf 82' lang='grc' dir='ltr'><em>φησί</em></span> <span class='ocrx_word' id='word_1_139' title='bbox 3456 539 3591 611; x_wconf 83' lang='grc' dir='ltr'><em>πρὸς</em></span> 
     </span>
    </p>
   </div>
   <div class='ocr_carea' id='block_1_21' title="bbox 2034 618 3588 697">
    <p class='ocr_par' dir='ltr' id='par_1_21' title="bbox 2034 618 3588 697">
     <span class='ocr_line' id='line_1_21' title="bbox 2034 618 3588 697; baseline 0.006 -27"><span class='ocrx_word' id='word_1_140' title='bbox 2034 618 2134 688; x_wconf 83' lang='grc' dir='ltr'><em>μὲν</em></span> <span class='ocrx_word' id='word_1_141' title='bbox 2185 618 2475 690; x_wconf 78' lang='grc' dir='ltr'><em>Τιμόθεονο</em></span> <span class='ocrx_word' id='word_1_142' title='bbox 2528 619 3075 690; x_wconf 78' lang='grc' dir='ltr'><em>Συγκακοπάθησον</em></span> <span class='ocrx_word' id='word_1_143' title='bbox 3110 622 3190 688; x_wconf 86' lang='grc' dir='ltr'><em>τῷ</em></span> <span class='ocrx_word' id='word_1_144' title='bbox 3230 626 3588 697; x_wconf 66' lang='grc' dir='ltr'><em>Εὐωγγελίῳ,</em></span> 
     </span>
    </p>
   </div>
   <div class='ocr_carea' id='block_1_22' title="bbox 2030 709 3591 785">
    <p class='ocr_par' dir='ltr' id='par_1_22' title="bbox 2030 709 3591 785">
     <span class='ocr_line' id='line_1_22' title="bbox 2030 709 3591 785; baseline 0.007 -23"><span class='ocrx_word' id='word_1_145' title='bbox 2030 709 2180 763; x_wconf 82' lang='grc' dir='ltr'><em>κατὰ</em></span> <span class='ocrx_word' id='word_1_146' title='bbox 2209 709 2461 780; x_wconf 81' lang='grc' dir='ltr'><em>δύναμιν</em></span> <span class='ocrx_word' id='word_1_147' title='bbox 2480 711 2627 766; x_wconf 86' lang='grc' dir='ltr'><strong>Θεοῦ</strong></span> <span class='ocrx_word' id='word_1_148' title='bbox 2645 712 2753 767; x_wconf 93' lang='grc' dir='ltr'><strong>τοῦ</strong></span> <span class='ocrx_word' id='word_1_149' title='bbox 2774 712 3086 781; x_wconf 82' lang='grc' dir='ltr'><strong>σώσαντος</strong></span> <span class='ocrx_word' id='word_1_150' title='bbox 3110 713 3267 785; x_wconf 73' lang='grc' dir='ltr'><em>ἡμᾶς</em></span> <span class='ocrx_word' id='word_1_151' title='bbox 3289 718 3387 771; x_wconf 83' lang='grc' dir='ltr'><strong>καί</strong></span> <span class='ocrx_word' id='word_1_152' title='bbox 3415 718 3591 773; x_wconf 58' lang='grc' dir='ltr'><em>καλέω</em></span> 
     </span>
    </p>
   </div>
   <div class='ocr_carea' id='block_1_23' title="bbox 2029 804 3587 884">
    <p class='ocr_par' dir='ltr' id='par_1_23' title="bbox 2029 804 3587 884">
     <span class='ocr_line' id='line_1_23' title="bbox 2029 804 3587 884; baseline 0.006 -28"><span class='ocrx_word' id='word_1_153' title='bbox 2029 817 2250 869; x_wconf 74' lang='grc' dir='ltr'><em>σαντες</em></span> <span class='ocrx_word' id='word_1_154' title='bbox 2285 804 2501 870; x_wconf 82' lang='grc' dir='ltr'><em>κλήσει</em></span> <span class='ocrx_word' id='word_1_155' title='bbox 2532 805 2695 875; x_wconf 68' lang='grc' dir='ltr'><em>ἁγίᾳθ</em></span> <span class='ocrx_word' id='word_1_156' title='bbox 2727 809 2798 860; x_wconf 91' lang='grc' dir='ltr'><strong>οὐ</strong></span> <span class='ocrx_word' id='word_1_157' title='bbox 2825 806 2973 861; x_wconf 83' lang='grc' dir='ltr'><em>κατὰ</em></span> <span class='ocrx_word' id='word_1_158' title='bbox 2996 808 3071 863; x_wconf 85' lang='grc' dir='ltr'><strong>τὰ</strong></span> <span class='ocrx_word' id='word_1_159' title='bbox 3091 809 3234 880; x_wconf 72' lang='grc' dir='ltr'><em>ἔργα</em></span> <span class='ocrx_word' id='word_1_160' title='bbox 3261 809 3429 880; x_wconf 81' lang='grc' dir='ltr'><em>ήμῶν</em></span> <span class='ocrx_word' id='word_1_161' title='bbox 3453 812 3587 884; x_wconf 88' lang='grc'><strong>(76),</strong></span> 
     </span>
    </p>
   </div>
   <div class='ocr_carea' id='block_1_24' title="bbox 2027 893 3587 971">
    <p class='ocr_par' dir='ltr' id='par_1_24' title="bbox 2027 893 3587 971">
     <span class='ocr_line' id='line_1_24' title="bbox 2027 893 3587 971; baseline 0.006 -25"><span class='ocrx_word' id='word_1_162' title='bbox 2027 893 2187 947; x_wconf 83' lang='grc' dir='ltr'><strong>ἀλλὰ</strong></span> <span class='ocrx_word' id='word_1_163' title='bbox 2230 895 2380 949; x_wconf 88' lang='grc' dir='ltr'><em>κατὰ</em></span> <span class='ocrx_word' id='word_1_164' title='bbox 2422 893 2537 962; x_wconf 79' lang='grc' dir='ltr'><em>τὴν</em></span> <span class='ocrx_word' id='word_1_165' title='bbox 2586 894 2743 951; x_wconf 81' lang='grc' dir='ltr'><em>ιδίαν</em></span> <span class='ocrx_word' id='word_1_166' title='bbox 2777 899 3061 965; x_wconf 75' lang='grc' dir='ltr'><strong>πρόθεσιν</strong></span> <span class='ocrx_word' id='word_1_167' title='bbox 3087 900 3182 953; x_wconf 81' lang='grc' dir='ltr'><strong>καί</strong></span> <span class='ocrx_word' id='word_1_168' title='bbox 3211 900 3417 970; x_wconf 83' lang='grc' dir='ltr'><em>χάριν,</em></span> <span class='ocrx_word' id='word_1_169' title='bbox 3473 903 3587 971; x_wconf 80' lang='grc' dir='ltr'><em>τὴν</em></span> 
     </span>
    </p>
   </div>
   <div class='ocr_carea' id='block_1_25' title="bbox 2026 984 3589 1062">
    <p class='ocr_par' dir='ltr' id='par_1_25' title="bbox 2026 984 3589 1062">
     <span class='ocr_line' id='line_1_25' title="bbox 2026 984 3589 1062; baseline 0.007 -24"><span class='ocrx_word' id='word_1_170' title='bbox 2026 984 2306 1041; x_wconf 79' lang='grc' dir='ltr'><em>δοθεῖσαν</em></span> <span class='ocrx_word' id='word_1_171' title='bbox 2330 987 2474 1055; x_wconf 75' lang='grc' dir='ltr'><em>ἡμῖν</em></span> <span class='ocrx_word' id='word_1_172' title='bbox 2499 988 2570 1041; x_wconf 81' lang='grc' dir='ltr'><strong>ἐν</strong></span> <span class='ocrx_word' id='word_1_173' title='bbox 2587 989 2815 1058; x_wconf 84' lang='grc' dir='ltr'><em>Χριστῷ</em></span> <span class='ocrx_word' id='word_1_174' title='bbox 2851 990 3043 1058; x_wconf 84' lang='grc' dir='ltr'><strong>Ἰησοῦ</strong></span> <span class='ocrx_word' id='word_1_175' title='bbox 3064 991 3173 1059; x_wconf 83' lang='grc' dir='ltr'><em>πρὸ</em></span> <span class='ocrx_word' id='word_1_176' title='bbox 3201 995 3436 1062; x_wconf 78' lang='grc' dir='ltr'><strong>χρόνων</strong></span> <span class='ocrx_word' id='word_1_177' title='bbox 3455 996 3589 1049; x_wconf 76' lang='lat' dir='ltr'><strong>alw-</strong></span> 
     </span>
    </p>
   </div>
   <div class='ocr_carea' id='block_1_26' title="bbox 2024 1077 3588 1152">
    <p class='ocr_par' dir='ltr' id='par_1_26' title="bbox 2024 1077 3588 1152">
     <span class='ocr_line' id='line_1_26' title="bbox 2024 1077 3588 1152; baseline 0.005 -23"><span class='ocrx_word' id='word_1_178' title='bbox 2024 1077 2170 1130; x_wconf 91' lang='grc' dir='ltr'><em>νίων</em></span> <span class='ocrx_word' id='word_1_179' title='bbox 2186 1116 2201 1140; x_wconf 91' lang='grc'><strong>,</strong></span> <span class='ocrx_word' id='word_1_180' title='bbox 2248 1077 2690 1146; x_wconf 78' lang='grc' dir='ltr'><strong>φανερωθεῖσαν</strong></span> <span class='ocrx_word' id='word_1_181' title='bbox 2728 1078 2797 1132; x_wconf 81' lang='grc' dir='ltr'><em>δὲ</em></span> <span class='ocrx_word' id='word_1_182' title='bbox 2821 1080 2937 1134; x_wconf 89' lang='grc' dir='ltr'><strong>νῦν</strong></span> <span class='ocrx_word' id='word_1_183' title='bbox 2968 1079 3064 1133; x_wconf 82' lang='grc' dir='ltr'><strong>διὰ</strong></span> <span class='ocrx_word' id='word_1_184' title='bbox 3103 1079 3210 1149; x_wconf 82' lang='grc' dir='ltr'><strong>τῆς</strong></span> <span class='ocrx_word' id='word_1_185' title='bbox 3237 1082 3588 1152; x_wconf 67' lang='grc' dir='ltr'><em>ἐπιφανείας</em></span> 
     </span>
    </p>
   </div>
   <div class='ocr_carea' id='block_1_27' title="bbox 2024 1168 3587 1244">
    <p class='ocr_par' dir='ltr' id='par_1_27' title="bbox 2024 1168 3587 1244">
     <span class='ocr_line' id='line_1_27' title="bbox 2024 1168 3587 1244; baseline 0.004 -23"><span class='ocrx_word' id='word_1_186' title='bbox 2024 1168 2130 1222; x_wconf 92' lang='grc' dir='ltr'><strong>τοῦ</strong></span> <span class='ocrx_word' id='word_1_187' title='bbox 2153 1168 2426 1237; x_wconf 81' lang='grc' dir='ltr'><strong>Σωτῆρος</strong></span> <span class='ocrx_word' id='word_1_188' title='bbox 2456 1168 2625 1238; x_wconf 68' lang='grc' dir='ltr'><em>ἡμῶν</em></span> <span class='ocrx_word' id='word_1_189' title='bbox 2663 1170 2862 1244; x_wconf 49' lang='grc' dir='ltr'><em>Ἰησοῦ,</em></span> <span class='ocrx_word' id='word_1_190' title='bbox 2880 1173 3156 1240; x_wconf 87' lang='grc' dir='ltr'><em>Χριστοῦ,</em></span> <span class='ocrx_word' id='word_1_191' title='bbox 3184 1173 3587 1242; x_wconf 75' lang='grc' dir='ltr'><em>καταργήσαν-</em></span> 
     </span>
    </p>
   </div>
   <div class='ocr_carea' id='block_1_28' title="bbox 2022 1258 3581 1336">
    <p class='ocr_par' dir='ltr' id='par_1_28' title="bbox 2022 1258 3581 1336">
     <span class='ocr_line' id='line_1_28' title="bbox 2022 1258 3581 1336; baseline 0.005 -25"><span class='ocrx_word' id='word_1_192' title='bbox 2022 1276 2125 1325; x_wconf 87' lang='grc' dir='ltr'><strong>τος</strong></span> <span class='ocrx_word' id='word_1_193' title='bbox 2133 1258 2249 1327; x_wconf 81' lang='grc' dir='ltr'><em>μὲν</em></span> <span class='ocrx_word' id='word_1_194' title='bbox 2262 1259 2369 1313; x_wconf 85' lang='grc' dir='ltr'><strong>τὸν</strong></span> <span class='ocrx_word' id='word_1_195' title='bbox 2382 1258 2655 1328; x_wconf 81' lang='grc' dir='ltr'><em>θάνατον,</em></span> <span class='ocrx_word' id='word_1_196' title='bbox 2668 1263 3039 1330; x_wconf 76' lang='grc' dir='ltr'><em>φωτίσαντος</em></span> <span class='ocrx_word' id='word_1_197' title='bbox 3061 1263 3129 1317; x_wconf 83' lang='grc' dir='ltr'><em>δὲ</em></span> <span class='ocrx_word' id='word_1_198' title='bbox 3145 1263 3260 1332; x_wconf 81' lang='grc' dir='ltr'><em>τὴν</em></span> <span class='ocrx_word' id='word_1_199' title='bbox 3276 1266 3327 1336; x_wconf 88' lang='grc'><strong>(7</strong></span> <span class='ocrx_word' id='word_1_200' title='bbox 3336 1265 3387 1336; x_wconf 92' lang='lat'><strong>7)</strong></span> <span class='ocrx_word' id='word_1_201' title='bbox 3410 1264 3581 1335; x_wconf 80' lang='grc' dir='ltr'><em>ζωήν.</em></span> 
     </span>
    </p>
   </div>
   <div class='ocr_carea' id='block_1_29' title="bbox 2022 1349 3581 1422">
    <p class='ocr_par' dir='ltr' id='par_1_29' title="bbox 2022 1349 3581 1422">
     <span class='ocr_line' id='line_1_29' title="bbox 2022 1349 3581 1422; baseline 0.003 -21"><span class='ocrx_word' id='word_1_202' title='bbox 2022 1349 2166 1421; x_wconf 79' lang='grc' dir='ltr'><em>Πρὸς</em></span> <span class='ocrx_word' id='word_1_203' title='bbox 2215 1350 2273 1403; x_wconf 81' lang='grc' dir='ltr'><strong>δέ</strong></span> <span class='ocrx_word' id='word_1_204' title='bbox 2326 1352 2452 1415; x_wconf 83' lang='grc' dir='ltr'><em>τοὺς</em></span> <span class='ocrx_word' id='word_1_205' title='bbox 2495 1351 2804 1421; x_wconf 75' lang='grc' dir='ltr'><strong>Ἐφεσίους·</strong></span> <span class='ocrx_word' id='word_1_206' title='bbox 2851 1353 3197 1422; x_wconf 71' lang='grc' dir='ltr'><em>Εὐλογητὸς</em></span> <span class='ocrx_word' id='word_1_207' title='bbox 3233 1357 3267 1408; x_wconf 89' lang='grc' dir='ltr'><strong>ό</strong></span> <span class='ocrx_word' id='word_1_208' title='bbox 3298 1354 3443 1422; x_wconf 83' lang='grc' dir='ltr'><strong>Θεὸς</strong></span> <span class='ocrx_word' id='word_1_209' title='bbox 3478 1355 3581 1409; x_wconf 84' lang='grc' dir='ltr'><strong>καί</strong></span> 
     </span>
    </p>
   </div>
   <div class='ocr_carea' id='block_1_30' title="bbox 2020 1437 3584 1513">
    <p class='ocr_par' dir='ltr' id='par_1_30' title="bbox 2020 1437 3584 1513">
     <span class='ocr_line' id='line_1_30' title="bbox 2020 1437 3584 1513; baseline 0.006 -22"><span class='ocrx_word' id='word_1_210' title='bbox 2020 1437 2222 1507; x_wconf 81' lang='grc' dir='ltr'><em>Πατὴρ</em></span> <span class='ocrx_word' id='word_1_211' title='bbox 2254 1439 2359 1494; x_wconf 92' lang='grc' dir='ltr'><strong>τοῦ</strong></span> <span class='ocrx_word' id='word_1_212' title='bbox 2387 1442 2605 1510; x_wconf 82' lang='grc' dir='ltr'><strong>Κυρίου</strong></span> <span class='ocrx_word' id='word_1_213' title='bbox 2630 1441 2797 1511; x_wconf 76' lang='grc' dir='ltr'><em>ἡμῶν</em></span> <span class='ocrx_word' id='word_1_214' title='bbox 2829 1442 3031 1511; x_wconf 83' lang='grc' dir='ltr'><em>Ἰησοῦ</em></span> <span class='ocrx_word' id='word_1_215' title='bbox 3055 1445 3330 1513; x_wconf 87' lang='grc' dir='ltr'><em>Χριστοῦ,</em></span> <span class='ocrx_word' id='word_1_216' title='bbox 3355 1450 3388 1500; x_wconf 90' lang='grc' dir='ltr'><strong>ό</strong></span> <span class='ocrx_word' id='word_1_217' title='bbox 3410 1449 3584 1500; x_wconf 83' lang='grc' dir='ltr'><em>εὐλο-</em></span> 
     </span>
    </p>
   </div>
   <div class='ocr_carea' id='block_1_31' title="bbox 2018 1530 3583 1606">
    <p class='ocr_par' dir='ltr' id='par_1_31' title="bbox 2018 1530 3583 1606">
     <span class='ocr_line' id='line_1_31' title="bbox 2018 1530 3583 1606; baseline 0.003 -21"><span class='ocrx_word' id='word_1_218' title='bbox 2018 1530 2214 1601; x_wconf 72' lang='grc' dir='ltr'><em>γήσας</em></span> <span class='ocrx_word' id='word_1_219' title='bbox 2241 1531 2398 1602; x_wconf 76' lang='grc' dir='ltr'><em>ἡμᾶς</em></span> <span class='ocrx_word' id='word_1_220' title='bbox 2428 1533 2498 1587; x_wconf 79' lang='grc' dir='ltr'><strong>ἐν</strong></span> <span class='ocrx_word' id='word_1_221' title='bbox 2523 1532 2689 1603; x_wconf 81' lang='grc' dir='ltr'><em>πάσῃ</em></span> <span class='ocrx_word' id='word_1_222' title='bbox 2708 1536 2951 1605; x_wconf 75' lang='grc' dir='ltr'><em>εὐλογίᾳ</em></span> <span class='ocrx_word' id='word_1_223' title='bbox 2971 1535 3342 1606; x_wconf 77' lang='grc' dir='ltr'><em>πνευματικῇ</em></span> <span class='ocrx_word' id='word_1_224' title='bbox 3368 1538 3439 1590; x_wconf 81' lang='grc' dir='ltr'><strong>ἐν</strong></span> <span class='ocrx_word' id='word_1_225' title='bbox 3458 1538 3583 1603; x_wconf 81' lang='grc' dir='ltr'><em>τοῖς</em></span> 
     </span>
    </p>
   </div>
   <div class='ocr_carea' id='block_1_32' title="bbox 2016 1622 3583 1695">
    <p class='ocr_par' dir='ltr' id='par_1_32' title="bbox 2016 1622 3583 1695">
     <span class='ocr_line' id='line_1_32' title="bbox 2016 1622 3583 1695; baseline 0.003 -19"><span class='ocrx_word' id='word_1_226' title='bbox 2016 1622 2393 1692; x_wconf 79' lang='grc' dir='ltr'><em>ἐπουρανίοις</em></span> <span class='ocrx_word' id='word_1_227' title='bbox 2421 1624 2490 1678; x_wconf 84' lang='grc' dir='ltr'><em>ὲν</em></span> <span class='ocrx_word' id='word_1_228' title='bbox 2508 1624 2737 1694; x_wconf 80' lang='grc' dir='ltr'><em>Χριστῷ</em></span> <span class='ocrx_word' id='word_1_229' title='bbox 2770 1625 2964 1693; x_wconf 85' lang='grc' dir='ltr'><em>Ἰησοῦ</em></span> <span class='ocrx_word' id='word_1_230' title='bbox 2990 1625 3102 1695; x_wconf 88' lang='grc'><strong>(78)</strong></span> <span class='ocrx_word' id='word_1_231' title='bbox 3122 1642 3137 1656; x_wconf 74' lang='grc' dir='ltr'><strong>ο</strong></span> <span class='ocrx_word' id='word_1_232' title='bbox 3168 1626 3361 1692; x_wconf 84' lang='grc' dir='ltr'><em>καθὼς</em></span> <span class='ocrx_word' id='word_1_233' title='bbox 3378 1626 3583 1690; x_wconf 80' lang='grc' dir='ltr'><em>ἐξελέ-</em></span> 
     </span>
    </p>
   </div>
   <div class='ocr_carea' id='block_1_33' title="bbox 353 1711 1927 1787">
    <p class='ocr_par' dir='ltr' id='par_1_33' title="bbox 353 1719 1916 1787">
     <span class='ocr_line' id='line_1_33' title="bbox 353 1719 1916 1787; baseline 0.002 -16"><span class='ocrx_word' id='word_1_234' title='bbox 353 1721 799 1787; x_wconf 87' lang='lat' dir='ltr'><strong>constitutionem,</strong></span> <span class='ocrx_word' id='word_1_235' title='bbox 841 1731 899 1776; x_wconf 82' lang='lat' dir='ltr'><strong>ut</strong></span> <span class='ocrx_word' id='word_1_236' title='bbox 935 1738 1164 1777; x_wconf 82' lang='lat' dir='ltr'><strong>essemus</strong></span> <span class='ocrx_word' id='word_1_237' title='bbox 1208 1721 1381 1775; x_wconf 86' lang='lat' dir='ltr'><strong>sancti</strong></span> <span class='ocrx_word' id='word_1_238' title='bbox 1406 1730 1454 1775; x_wconf 93' lang='lat' dir='ltr'><strong>et</strong></span> <span class='ocrx_word' id='word_1_239' title='bbox 1496 1719 1827 1774; x_wconf 86' lang='lat' dir='ltr'><strong>immaculati</strong></span> <span class='ocrx_word' id='word_1_240' title='bbox 1859 1720 1916 1774; x_wconf 90' lang='lat' dir='ltr'><strong>in</strong></span> 
     </span>
    </p>
   </div>
   <div class='ocr_carea' id='block_1_34' title="bbox 2022 1711 3581 1787">
    <p class='ocr_par' dir='ltr' id='par_1_34' title="bbox 2022 1711 3581 1785">
     <span class='ocr_line' id='line_1_34' title="bbox 2022 1711 3581 1785; baseline 0.001 -17"><span class='ocrx_word' id='word_1_241' title='bbox 2022 1713 2163 1778; x_wconf 81' lang='grc' dir='ltr'><em>ξατο</em></span> <span class='ocrx_word' id='word_1_242' title='bbox 2202 1711 2359 1783; x_wconf 67' lang='grc' dir='ltr'><em>’ἡμᾶς</em></span> <span class='ocrx_word' id='word_1_243' title='bbox 2385 1715 2455 1769; x_wconf 89' lang='grc' dir='ltr'><strong>ἐν</strong></span> <span class='ocrx_word' id='word_1_244' title='bbox 2478 1715 2636 1781; x_wconf 83' lang='grc' dir='ltr'><em>αὐτῷ</em></span> <span class='ocrx_word' id='word_1_245' title='bbox 2660 1714 2774 1783; x_wconf 88' lang='grc' dir='ltr'><em>πρὸ</em></span> <span class='ocrx_word' id='word_1_246' title='bbox 2809 1715 3145 1785; x_wconf 76' lang='grc' dir='ltr'><em>καταϐολῆς</em></span> <span class='ocrx_word' id='word_1_247' title='bbox 3169 1717 3397 1784; x_wconf 82' lang='grc' dir='ltr'><em>κόσμου</em></span> <span class='ocrx_word' id='word_1_248' title='bbox 3427 1712 3581 1771; x_wconf 78' lang='grc' dir='ltr'><em>εἶναι</em></span> 
     </span>
    </p>
   </div>
   <div class='ocr_carea' id='block_1_35' title="bbox 352 1790 1927 1885">
    <p class='ocr_par' dir='ltr' id='par_1_35' title="bbox 352 1813 1911 1885">
     <span class='ocr_line' id='line_1_35' title="bbox 352 1813 1911 1885; baseline 0.002 -22"><span class='ocrx_word' id='word_1_249' title='bbox 352 1821 628 1881; x_wconf 80' lang='lat' dir='ltr'><strong>conspectu</strong></span> <span class='ocrx_word' id='word_1_250' title='bbox 664 1813 776 1883; x_wconf 86' lang='lat' dir='ltr'><strong>ejus</strong></span> <span class='ocrx_word' id='word_1_251' title='bbox 803 1814 858 1867; x_wconf 90' lang='lat' dir='ltr'><strong>in</strong></span> <span class='ocrx_word' id='word_1_252' title='bbox 880 1813 1161 1882; x_wconf 86' lang='lat' dir='ltr'><strong>charitate,</strong></span> <span class='ocrx_word' id='word_1_253' title='bbox 1200 1814 1291 1885; x_wconf 88' lang='lat' dir='ltr'><strong>qui</strong></span> <span class='ocrx_word' id='word_1_254' title='bbox 1314 1813 1703 1883; x_wconf 75' lang='lat' dir='ltr'><strong>prwdestinavit</strong></span> <span class='ocrx_word' id='word_1_255' title='bbox 1730 1828 1823 1867; x_wconf 89' lang='lat' dir='ltr'><strong>nos</strong></span> <span class='ocrx_word' id='word_1_256' title='bbox 1853 1813 1911 1867; x_wconf 89' lang='lat' dir='ltr'><strong>in</strong></span> 
     </span>
    </p>
   </div>
   <div class='ocr_carea' id='block_1_36' title="bbox 2022 1790 3583 1885">
    <p class='ocr_par' dir='ltr' id='par_1_36' title="bbox 2022 1802 3583 1876">
     <span class='ocr_line' id='line_1_36' title="bbox 2022 1802 3583 1876; baseline 0 -15"><span class='ocrx_word' id='word_1_257' title='bbox 2022 1802 2173 1875; x_wconf 75' lang='grc' dir='ltr'><em>ἡμᾶς</em></span> <span class='ocrx_word' id='word_1_258' title='bbox 2195 1805 2400 1876; x_wconf 80' lang='grc' dir='ltr'><em>ἁγίους</em></span> <span class='ocrx_word' id='word_1_259' title='bbox 2426 1806 2524 1860; x_wconf 84' lang='grc' dir='ltr'><strong>καί</strong></span> <span class='ocrx_word' id='word_1_260' title='bbox 2548 1805 2824 1876; x_wconf 82' lang='grc' dir='ltr'><em>ἀμώμους</em></span> <span class='ocrx_word' id='word_1_261' title='bbox 2855 1808 2979 1861; x_wconf 83' lang='grc' dir='ltr'><em>κατ’</em></span> <span class='ocrx_word' id='word_1_262' title='bbox 3015 1807 3270 1862; x_wconf 83' lang='grc' dir='ltr'><em>ἐνώπιον</em></span> <span class='ocrx_word' id='word_1_263' title='bbox 3298 1808 3483 1863; x_wconf 87' lang='grc' dir='ltr'><em>αὐτοῦ</em></span> <span class='ocrx_word' id='word_1_264' title='bbox 3510 1809 3583 1861; x_wconf 78' lang='grc' dir='ltr'><em>ἐν</em></span> 
     </span>
    </p>
   </div>
   <div class='ocr_carea' id='block_1_37' title="bbox 352 1904 1676 1977">
    <p class='ocr_par' dir='ltr' id='par_1_37' title="bbox 352 1904 1676 1977">
     <span class='ocr_line' id='line_1_37' title="bbox 352 1904 1676 1977; baseline 0.003 -20"><span class='ocrx_word' id='word_1_265' title='bbox 352 1906 680 1975; x_wconf 84' lang='lat' dir='ltr'><strong>adoptionem</strong></span> <span class='ocrx_word' id='word_1_266' title='bbox 709 1922 800 1975; x_wconf 91' lang='lat' dir='ltr'><strong>per</strong></span> <span class='ocrx_word' id='word_1_267' title='bbox 819 1904 1003 1962; x_wconf 72' lang='lat' dir='ltr'><strong>Iesum</strong></span> <span class='ocrx_word' id='word_1_268' title='bbox 1037 1905 1308 1962; x_wconf 87' lang='lat' dir='ltr'><strong>Christum</strong></span> <span class='ocrx_word' id='word_1_269' title='bbox 1334 1906 1392 1960; x_wconf 88' lang='lat' dir='ltr'><strong>in</strong></span> <span class='ocrx_word' id='word_1_270' title='bbox 1416 1907 1589 1977; x_wconf 88' lang='lat' dir='ltr'><strong>ipsum</strong></span> <span class='ocrx_word' id='word_1_271' title='bbox 1610 1907 1676 1961; x_wconf 80' lang='grc'><strong>⁷³.</strong></span> 
     </span>
    </p>
   </div>
   <div class='ocr_carea' id='block_1_38' title="bbox 422 2103 1909 2178">
    <p class='ocr_par' dir='ltr' id='par_1_38' title="bbox 422 2103 1909 2178">
     <span class='ocr_line' id='line_1_38' title="bbox 422 2103 1909 2178; baseline 0.003 -21"><span class='ocrx_word' id='word_1_272' title='bbox 422 2103 509 2158; x_wconf 81' lang='grc'><strong>76.</strong></span> <span class='ocrx_word' id='word_1_273' title='bbox 529 2104 812 2171; x_wconf 87' lang='lat' dir='ltr'><strong>Quomodo</strong></span> <span class='ocrx_word' id='word_1_274' title='bbox 838 2119 968 2177; x_wconf 88' lang='lat' dir='ltr'><strong>ergo</strong></span> <span class='ocrx_word' id='word_1_275' title='bbox 989 2121 1091 2163; x_wconf 88' lang='lat' dir='ltr'><strong>nos</strong></span> <span class='ocrx_word' id='word_1_276' title='bbox 1126 2107 1291 2178; x_wconf 81' lang='lat' dir='ltr'><strong>elegit</strong></span> <span class='ocrx_word' id='word_1_277' title='bbox 1318 2117 1607 2178; x_wconf 85' lang='lat' dir='ltr'><strong>antequam</strong></span> <span class='ocrx_word' id='word_1_278' title='bbox 1635 2121 1909 2170; x_wconf 88' lang='lat' dir='ltr'><strong>essemus,</strong></span> 
     </span>
    </p>
   </div>
   <div class='ocr_carea' id='block_1_39' title="bbox 2017 1894 3581 1966">
    <p class='ocr_par' dir='ltr' id='par_1_39' title="bbox 2017 1894 3581 1966">
     <span class='ocr_line' id='line_1_39' title="bbox 2017 1894 3581 1966; baseline 0.001 -15"><span class='ocrx_word' id='word_1_279' title='bbox 2017 1894 2579 1965; x_wconf 77' lang='grc' dir='ltr'><em>ἀγάπῃ,προορίσας</em></span> <span class='ocrx_word' id='word_1_280' title='bbox 2606 1895 2762 1966; x_wconf 80' lang='grc' dir='ltr'><em>ἡμᾶς</em></span> <span class='ocrx_word' id='word_1_281' title='bbox 2796 1900 2883 1964; x_wconf 63' lang='grc' dir='ltr'><strong>εἰς</strong></span> <span class='ocrx_word' id='word_1_282' title='bbox 2904 1898 3211 1953; x_wconf 75' lang='grc' dir='ltr'><em>υἱοθεσίαν</em></span> <span class='ocrx_word' id='word_1_283' title='bbox 3240 1898 3339 1952; x_wconf 85' lang='grc' dir='ltr'><strong>διὰ</strong></span> <span class='ocrx_word' id='word_1_284' title='bbox 3378 1897 3581 1966; x_wconf 88' lang='grc' dir='ltr'><em>Ἰησοῦ</em></span> 
     </span>
    </p>
   </div>
   <div class='ocr_carea' id='block_1_40' title="bbox 2022 1988 2757 2061">
    <p class='ocr_par' dir='ltr' id='par_1_40' title="bbox 2022 1988 2757 2061">
     <span class='ocr_line' id='line_1_40' title="bbox 2022 1988 2757 2061; baseline -0.001 -18"><span class='ocrx_word' id='word_1_285' title='bbox 2022 1988 2277 2059; x_wconf 78' lang='grc' dir='ltr'><em>Χριστοῦ</em></span> <span class='ocrx_word' id='word_1_286' title='bbox 2298 1991 2385 2054; x_wconf 84' lang='grc' dir='ltr'><strong>εἰς</strong></span> <span class='ocrx_word' id='word_1_287' title='bbox 2413 1990 2599 2044; x_wconf 88' lang='grc' dir='ltr'><em>αὐτόν</em></span> <span class='ocrx_word' id='word_1_288' title='bbox 2626 1989 2757 2061; x_wconf 88' lang='grc'>(79).</span> 
     </span>
    </p>
   </div>
   <div class='ocr_carea' id='block_1_41' title="bbox 2080 2095 3579 2176">
    <p class='ocr_par' dir='ltr' id='par_1_41' title="bbox 2080 2095 3579 2176">
     <span class='ocr_line' id='line_1_41' title="bbox 2080 2095 3579 2176; baseline 0.03 -33"><span class='ocrx_word' id='word_1_289' title='bbox 2080 2100 2167 2155; x_wconf 82' lang='grc'><strong>76,</strong></span> <span class='ocrx_word' id='word_1_290' title='bbox 2199 2099 2325 2165; x_wconf 83' lang='grc' dir='ltr'><em>Πῶς</em></span> <span class='ocrx_word' id='word_1_291' title='bbox 2348 2095 2440 2154; x_wconf 78' lang='grc' dir='ltr'><em>οὖν</em></span> <span class='ocrx_word' id='word_1_292' title='bbox 2463 2100 2763 2168; x_wconf 76' lang='grc' dir='ltr'><em>ἐξελέξατο,</em></span> <span class='ocrx_word' id='word_1_293' title='bbox 2794 2101 2924 2173; x_wconf 75' lang='grc' dir='ltr'><em>πρὶν</em></span> <span class='ocrx_word' id='word_1_294' title='bbox 2939 2102 3189 2171; x_wconf 78' lang='grc' dir='ltr'><em>γενέσθαι</em></span> <span class='ocrx_word' id='word_1_295' title='bbox 3210 2104 3376 2175; x_wconf 69' lang='grc' dir='ltr'><strong>ἡμᾶς’</strong></span> <span class='ocrx_word' id='word_1_296' title='bbox 3408 2106 3456 2157; x_wconf 68' lang='grc' dir='ltr'><em>εί</em></span> <span class='ocrx_word' id='word_1_297' title='bbox 3480 2105 3579 2176; x_wconf 64' lang='grc' dir='ltr'><strong>μὴ’</strong></span> 
     </span>
    </p>
   </div>
   <div class='ocr_carea' id='block_1_42' title="bbox 350 2189 1927 2269">
    <p class='ocr_par' dir='ltr' id='par_1_42' title="bbox 350 2194 1912 2269">
     <span class='ocr_line' id='line_1_42' title="bbox 350 2194 1912 2269; baseline 0.002 -20"><span class='ocrx_word' id='word_1_298' title='bbox 350 2194 482 2261; x_wconf 82' lang='lat' dir='ltr'><strong>nisi,</strong></span> <span class='ocrx_word' id='word_1_299' title='bbox 530 2204 590 2250; x_wconf 88' lang='lat' dir='ltr'><strong>ut</strong></span> <span class='ocrx_word' id='word_1_300' title='bbox 634 2197 752 2265; x_wconf 88' lang='lat' dir='ltr'><strong>ipse</strong></span> <span class='ocrx_word' id='word_1_301' title='bbox 788 2196 943 2264; x_wconf 81' lang='lat' dir='ltr'><strong>dixit,</strong></span> <span class='ocrx_word' id='word_1_302' title='bbox 979 2198 1033 2251; x_wconf 89' lang='lat' dir='ltr'><strong>in</strong></span> <span class='ocrx_word' id='word_1_303' title='bbox 1062 2197 1181 2269; x_wconf 90' lang='lat' dir='ltr'><strong>ipso</strong></span> <span class='ocrx_word' id='word_1_304' title='bbox 1221 2196 1517 2255; x_wconf 81' lang='lat' dir='ltr'><strong>fuissemus</strong></span> <span class='ocrx_word' id='word_1_305' title='bbox 1550 2198 1912 2269; x_wconf 76' lang='lat' dir='ltr'><strong>praesignati‘t</strong></span> 
     </span>
    </p>
   </div>
   <div class='ocr_carea' id='block_1_43' title="bbox 2022 2189 3577 2269">
    <p class='ocr_par' dir='ltr' id='par_1_43' title="bbox 2022 2189 3577 2269">
     <span class='ocr_line' id='line_1_43' title="bbox 2022 2189 3577 2269; baseline 0.003 -24"><span class='ocrx_word' id='word_1_306' title='bbox 2022 2193 2083 2257; x_wconf 75' lang='lat' dir='ltr'><strong>in;</strong></span> <span class='ocrx_word' id='word_1_307' title='bbox 2105 2192 2265 2256; x_wconf 73' lang='grc' dir='ltr'><em>αὐτὸς</em></span> <span class='ocrx_word' id='word_1_308' title='bbox 2300 2191 2554 2264; x_wconf 77' lang='grc' dir='ltr'><em>εἴρηκεν,</em></span> <span class='ocrx_word' id='word_1_309' title='bbox 2603 2195 2661 2247; x_wconf 87' lang='grc' dir='ltr'><strong>ἐν</strong></span> <span class='ocrx_word' id='word_1_310' title='bbox 2692 2193 2839 2265; x_wconf 84' lang='grc' dir='ltr'><em>αὐτῷ</em></span> <span class='ocrx_word' id='word_1_311' title='bbox 2873 2189 3013 2266; x_wconf 84' lang='grc' dir='ltr'><em>ἦμεν</em></span> <span class='ocrx_word' id='word_1_312' title='bbox 3062 2197 3577 2269; x_wconf 75' lang='grc' dir='ltr'><em>προτετυπωμένοις</em></span> 
     </span>
    </p>
   </div>
   <div class='ocr_carea' id='block_1_44' title="bbox 348 2284 1912 2359">
    <p class='ocr_par' dir='ltr' id='par_1_44' title="bbox 348 2284 1912 2359">
     <span class='ocr_line' id='line_1_44' title="bbox 348 2284 1912 2359; baseline 0.002 -19"><span class='ocrx_word' id='word_1_313' title='bbox 348 2284 453 2353; x_wconf 85' lang='lat' dir='ltr'><strong>Qui</strong></span> <span class='ocrx_word' id='word_1_314' title='bbox 479 2300 608 2341; x_wconf 88' lang='lat' dir='ltr'><strong>vero</strong></span> <span class='ocrx_word' id='word_1_315' title='bbox 643 2287 759 2342; x_wconf 88' lang='lat' dir='ltr'><strong>tleri</strong></span> <span class='ocrx_word' id='word_1_316' title='bbox 806 2286 1020 2358; x_wconf 86' lang='lat' dir='ltr'><strong>potuit,</strong></span> <span class='ocrx_word' id='word_1_317' title='bbox 1050 2295 1112 2343; x_wconf 87' lang='lat' dir='ltr'><strong>ut</strong></span> <span class='ocrx_word' id='word_1_318' title='bbox 1138 2304 1258 2355; x_wconf 89' lang='lat' dir='ltr'><strong>nos,</strong></span> <span class='ocrx_word' id='word_1_319' title='bbox 1300 2288 1619 2359; x_wconf 87' lang='lat' dir='ltr'><strong>priusquam</strong></span> <span class='ocrx_word' id='word_1_320' title='bbox 1660 2287 1912 2343; x_wconf 86' lang='lat' dir='ltr'><strong>homines</strong></span> 
     </span>
    </p>
   </div>
   <div class='ocr_carea' id='block_1_45' title="bbox 345 2378 1909 2451">
    <p class='ocr_par' dir='ltr' id='par_1_45' title="bbox 345 2378 1909 2451">
     <span class='ocr_line' id='line_1_45' title="bbox 345 2378 1909 2451; baseline -0.001 -17"><span class='ocrx_word' id='word_1_321' title='bbox 345 2385 702 2445; x_wconf 88' lang='lat' dir='ltr'><strong>crearentur,</strong></span> <span class='ocrx_word' id='word_1_322' title='bbox 752 2379 806 2434; x_wconf 92' lang='lat' dir='ltr'><strong>in</strong></span> <span class='ocrx_word' id='word_1_323' title='bbox 849 2379 1194 2450; x_wconf 88' lang='lat' dir='ltr'><strong>adoptionem</strong></span> <span class='ocrx_word' id='word_1_324' title='bbox 1244 2380 1748 2451; x_wconf 70' lang='lat' dir='ltr'><strong>praedestinaverit.</strong></span> <span class='ocrx_word' id='word_1_325' title='bbox 1802 2378 1909 2435; x_wconf 89' lang='lat' dir='ltr'><strong>nisi</strong></span> 
     </span>
    </p>
   </div>
   <div class='ocr_carea' id='block_1_46' title="bbox 344 2467 1907 2538">
    <p class='ocr_par' dir='ltr' id='par_1_46' title="bbox 344 2467 1907 2538">
     <span class='ocr_line' id='line_1_46' title="bbox 344 2467 1907 2538; baseline -0.001 -16"><span class='ocrx_word' id='word_1_326' title='bbox 344 2468 462 2538; x_wconf 86' lang='lat' dir='ltr'><strong>ipse</strong></span> <span class='ocrx_word' id='word_1_327' title='bbox 510 2467 682 2524; x_wconf 87' lang='lat' dir='ltr'><strong>Filius</strong></span> <span class='ocrx_word' id='word_1_328' title='bbox 733 2477 859 2525; x_wconf 86' lang='lat' dir='ltr'><strong>ante</strong></span> <span class='ocrx_word' id='word_1_329' title='bbox 896 2484 1073 2525; x_wconf 63' lang='lat' dir='ltr'><strong>aevum</strong></span> <span class='ocrx_word' id='word_1_330' title='bbox 1105 2468 1364 2524; x_wconf 79' lang='lat' dir='ltr'><strong>fundatus</strong></span> <span class='ocrx_word' id='word_1_331' title='bbox 1406 2476 1589 2534; x_wconf 88' lang='lat' dir='ltr'><strong>esset,</strong></span> <span class='ocrx_word' id='word_1_332' title='bbox 1618 2476 1907 2537; x_wconf 87' lang='lat' dir='ltr'><strong>suscepta,</strong></span> 
     </span>
    </p>
   </div>
   <div class='ocr_carea' id='block_1_47' title="bbox 343 2559 1910 2633">
    <p class='ocr_par' dir='ltr' id='par_1_47' title="bbox 343 2559 1910 2633">
     <span class='ocr_line' id='line_1_47' title="bbox 343 2559 1910 2633; baseline -0.002 -18"><span class='ocrx_word' id='word_1_333' title='bbox 343 2561 519 2618; x_wconf 88' lang='lat' dir='ltr'><strong>nostri</strong></span> <span class='ocrx_word' id='word_1_334' title='bbox 571 2563 745 2632; x_wconf 84' lang='lat' dir='ltr'><strong>gratia</strong></span> <span class='ocrx_word' id='word_1_335' title='bbox 774 2603 790 2629; x_wconf 92' lang='lat'><strong>,</strong></span> <span class='ocrx_word' id='word_1_336' title='bbox 840 2562 1289 2633; x_wconf 81' lang='lat' dir='ltr'><strong>dispensatione?</strong></span> <span class='ocrx_word' id='word_1_337' title='bbox 1339 2560 1436 2616; x_wconf 81' lang='lat' dir='ltr'><strong>Vel</strong></span> <span class='ocrx_word' id='word_1_338' title='bbox 1484 2559 1758 2631; x_wconf 88' lang='lat' dir='ltr'><strong>quomodo</strong></span> <span class='ocrx_word' id='word_1_339' title='bbox 1791 2598 1806 2623; x_wconf 91' lang='lat'><strong>,</strong></span> <span class='ocrx_word' id='word_1_340' title='bbox 1848 2564 1910 2612; x_wconf 88' lang='lat' dir='ltr'><strong>ut</strong></span> 
     </span>
    </p>
   </div>
   <div class='ocr_carea' id='block_1_48' title="bbox 345 2649 1905 2725">
    <p class='ocr_par' dir='ltr' id='par_1_48' title="bbox 345 2649 1905 2725">
     <span class='ocr_line' id='line_1_48' title="bbox 345 2649 1905 2725; baseline -0.003 -17"><span class='ocrx_word' id='word_1_341' title='bbox 345 2653 567 2725; x_wconf 71' lang='lat' dir='ltr'><strong>subiicit</strong></span> <span class='ocrx_word' id='word_1_342' title='bbox 618 2655 913 2725; x_wconf 86' lang='lat' dir='ltr'><strong>Apostolus</strong></span> <span class='ocrx_word' id='word_1_343' title='bbox 938 2695 954 2720; x_wconf 90' lang='lat'><strong>,</strong></span> <span class='ocrx_word' id='word_1_344' title='bbox 996 2667 1138 2710; x_wconf 89' lang='lat' dir='ltr'><strong>sorte</strong></span> <span class='ocrx_word' id='word_1_345' title='bbox 1182 2669 1364 2713; x_wconf 86' lang='lat' dir='ltr'><strong>sumus</strong></span> <span class='ocrx_word' id='word_1_346' title='bbox 1415 2651 1780 2723; x_wconf 66' lang='lat' dir='ltr'><strong>praedestinati</strong></span> <span class='ocrx_word' id='word_1_347' title='bbox 1817 2649 1864 2682; x_wconf 75' lang='grc'>⁷⁸</span> <span class='ocrx_word' id='word_1_348' title='bbox 1889 2690 1905 2716; x_wconf 96' lang='grc'><strong>,</strong></span> 
     </span>
    </p>
   </div>
   <div class='ocr_carea' id='block_1_49' title="bbox 341 2741 1903 2817">
    <p class='ocr_par' dir='ltr' id='par_1_49' title="bbox 341 2741 1903 2817">
     <span class='ocr_line' id='line_1_49' title="bbox 341 2741 1903 2817; baseline -0.004 -16"><span class='ocrx_word' id='word_1_349' title='bbox 341 2747 451 2803; x_wconf 88' lang='lat' dir='ltr'><strong>nisi</strong></span> <span class='ocrx_word' id='word_1_350' title='bbox 483 2746 598 2817; x_wconf 91' lang='lat' dir='ltr'><strong>ipse</strong></span> <span class='ocrx_word' id='word_1_351' title='bbox 625 2746 887 2803; x_wconf 84' lang='lat' dir='ltr'><strong>Dominus</strong></span> <span class='ocrx_word' id='word_1_352' title='bbox 922 2755 1047 2802; x_wconf 83' lang='lat' dir='ltr'><strong>ante</strong></span> <span class='ocrx_word' id='word_1_353' title='bbox 1075 2760 1250 2804; x_wconf 64' lang='lat' dir='ltr'><strong>aevum</strong></span> <span class='ocrx_word' id='word_1_354' title='bbox 1281 2743 1543 2799; x_wconf 81' lang='lat' dir='ltr'><strong>fundatus</strong></span> <span class='ocrx_word' id='word_1_355' title='bbox 1568 2743 1783 2810; x_wconf 81' lang='lat' dir='ltr'><strong>fuisset,</strong></span> <span class='ocrx_word' id='word_1_356' title='bbox 1825 2741 1903 2796; x_wconf 90' lang='lat' dir='ltr'><strong>ita</strong></span> 
     </span>
    </p>
   </div>
   <div class='ocr_carea' id='block_1_50' title="bbox 343 2835 1906 2910">
    <p class='ocr_par' dir='ltr' id='par_1_50' title="bbox 343 2835 1906 2910">
     <span class='ocr_line' id='line_1_50' title="bbox 343 2835 1906 2910; baseline -0.004 -17"><span class='ocrx_word' id='word_1_357' title='bbox 343 2847 406 2894; x_wconf 88' lang='lat' dir='ltr'><strong>ut</strong></span> <span class='ocrx_word' id='word_1_358' title='bbox 431 2838 530 2909; x_wconf 88' lang='lat' dir='ltr'><strong>ipsi</strong></span> <span class='ocrx_word' id='word_1_359' title='bbox 554 2840 893 2910; x_wconf 89' lang='lat' dir='ltr'><strong>propositum</strong></span> <span class='ocrx_word' id='word_1_360' title='bbox 925 2837 1090 2893; x_wconf 82' lang='lat' dir='ltr'><strong>fuerit</strong></span> <span class='ocrx_word' id='word_1_361' title='bbox 1120 2852 1335 2893; x_wconf 91' lang='lat' dir='ltr'><strong>omnem</strong></span> <span class='ocrx_word' id='word_1_362' title='bbox 1376 2836 1570 2908; x_wconf 88' lang='lat' dir='ltr'><strong>judicii</strong></span> <span class='ocrx_word' id='word_1_363' title='bbox 1616 2835 1906 2889; x_wconf 87' lang='lat' dir='ltr'><strong>adversum</strong></span> 
     </span>
    </p>
   </div>
   <div class='ocr_carea' id='block_1_51' title="bbox 342 2925 1904 2999">
    <p class='ocr_par' dir='ltr' id='par_1_51' title="bbox 342 2925 1904 2999">
     <span class='ocr_line' id='line_1_51' title="bbox 342 2925 1904 2999; baseline -0.003 -15"><span class='ocrx_word' id='word_1_364' title='bbox 342 2944 443 2985; x_wconf 86' lang='lat' dir='ltr'><strong>nos</strong></span> <span class='ocrx_word' id='word_1_365' title='bbox 468 2929 560 2985; x_wconf 85' lang='lat' dir='ltr'><strong>lati</strong></span> <span class='ocrx_word' id='word_1_366' title='bbox 595 2939 795 2985; x_wconf 86' lang='lat' dir='ltr'><strong>sortem</strong></span> <span class='ocrx_word' id='word_1_367' title='bbox 837 2943 1002 2985; x_wconf 84' lang='lat' dir='ltr'><strong>carne</strong></span> <span class='ocrx_word' id='word_1_368' title='bbox 1041 2928 1337 2999; x_wconf 88' lang='lat' dir='ltr'><strong>suscipere,</strong></span> <span class='ocrx_word' id='word_1_369' title='bbox 1373 2942 1485 2999; x_wconf 88' lang='lat' dir='ltr'><strong>quo</strong></span> <span class='ocrx_word' id='word_1_370' title='bbox 1520 2942 1618 2981; x_wconf 92' lang='lat' dir='ltr'><strong>nos</strong></span> <span class='ocrx_word' id='word_1_371' title='bbox 1652 2925 1904 2996; x_wconf 86' lang='lat' dir='ltr'><strong>deinceps</strong></span> 
     </span>
    </p>
   </div>
   <div class='ocr_carea' id='block_1_52' title="bbox 340 3015 1903 3091">
    <p class='ocr_par' dir='ltr' id='par_1_52' title="bbox 340 3015 1903 3091">
     <span class='ocr_line' id='line_1_52' title="bbox 340 3015 1903 3091; baseline -0.003 -17"><span class='ocrx_word' id='word_1_372' title='bbox 340 3019 438 3075; x_wconf 76' lang='lat' dir='ltr'><strong>ﬁlii</strong></span> <span class='ocrx_word' id='word_1_373' title='bbox 487 3019 542 3075; x_wconf 91' lang='lat' dir='ltr'><strong>in</strong></span> <span class='ocrx_word' id='word_1_374' title='bbox 598 3021 718 3091; x_wconf 89' lang='lat' dir='ltr'><strong>ipso</strong></span> <span class='ocrx_word' id='word_1_375' title='bbox 749 3018 1126 3076; x_wconf 82' lang='lat' dir='ltr'><strong>cﬂiceremur?</strong></span> <span class='ocrx_word' id='word_1_376' title='bbox 1167 3017 1455 3086; x_wconf 82' lang='lat' dir='ltr'><strong>Quomodo</strong></span> <span class='ocrx_word' id='word_1_377' title='bbox 1489 3016 1615 3072; x_wconf 89' lang='lat' dir='ltr'><strong>item</strong></span> <span class='ocrx_word' id='word_1_378' title='bbox 1655 3032 1776 3084; x_wconf 89' lang='lat' dir='ltr'><strong>nos,</strong></span> <span class='ocrx_word' id='word_1_379' title='bbox 1813 3015 1903 3087; x_wconf 91' lang='lat' dir='ltr'><strong>qui</strong></span> 
     </span>
    </p>
   </div>
   <div class='ocr_carea' id='block_1_53' title="bbox 2009 2283 3584 2360">
    <p class='ocr_par' dir='ltr' id='par_1_53' title="bbox 2009 2283 3584 2360">
     <span class='ocr_line' id='line_1_53' title="bbox 2009 2283 3584 2360; baseline 0.003 -22"><span class='ocrx_word' id='word_1_380' title='bbox 2009 2284 2134 2347; x_wconf 90' lang='grc' dir='ltr'><em>Πῶς</em></span> <span class='ocrx_word' id='word_1_381' title='bbox 2154 2284 2211 2337; x_wconf 87' lang='grc' dir='ltr'><strong>δέ</strong></span> <span class='ocrx_word' id='word_1_382' title='bbox 2235 2284 2389 2348; x_wconf 83' lang='grc' dir='ltr'><em>ὅλως,</em></span> <span class='ocrx_word' id='word_1_383' title='bbox 2420 2284 2548 2355; x_wconf 74' lang='grc' dir='ltr'><em>πρὶν</em></span> <span class='ocrx_word' id='word_1_384' title='bbox 2568 2283 2884 2358; x_wconf 80' lang='grc' dir='ltr'><em>ἀνθρώπους</em></span> <span class='ocrx_word' id='word_1_385' title='bbox 2905 2286 3207 2359; x_wconf 83' lang='grc' dir='ltr'><em>κτισθῆναι,</em></span> <span class='ocrx_word' id='word_1_386' title='bbox 3236 2290 3380 2360; x_wconf 78' lang='grc' dir='ltr'><em>ἡμᾶς</em></span> <span class='ocrx_word' id='word_1_387' title='bbox 3402 2289 3584 2360; x_wconf 83' lang='grc' dir='ltr'><em>προώ-</em></span> 
     </span>
    </p>
   </div>
   <div class='ocr_carea' id='block_1_54' title="bbox 2016 2374 3579 2452">
    <p class='ocr_par' dir='ltr' id='par_1_54' title="bbox 2016 2374 3579 2452">
     <span class='ocr_line' id='line_1_54' title="bbox 2016 2374 3579 2452; baseline 0.003 -24"><span class='ocrx_word' id='word_1_388' title='bbox 2016 2391 2165 2446; x_wconf 87' lang='grc' dir='ltr'><em>ρισεν</em></span> <span class='ocrx_word' id='word_1_389' title='bbox 2195 2376 2273 2438; x_wconf 89' lang='grc' dir='ltr'><strong>εἰς</strong></span> <span class='ocrx_word' id='word_1_390' title='bbox 2300 2374 2569 2429; x_wconf 78' lang='grc' dir='ltr'><em>υἱοθεσίαν</em></span> <span class='ocrx_word' id='word_1_391' title='bbox 2600 2374 2742 2447; x_wconf 88' lang='lat'><strong>(80),</strong></span> <span class='ocrx_word' id='word_1_392' title='bbox 2773 2377 2822 2429; x_wconf 90' lang='grc' dir='ltr'><strong>εἰ</strong></span> <span class='ocrx_word' id='word_1_393' title='bbox 2852 2377 2927 2449; x_wconf 83' lang='grc' dir='ltr'><em>μὴ</em></span> <span class='ocrx_word' id='word_1_394' title='bbox 2959 2378 3120 2443; x_wconf 80' lang='grc' dir='ltr'><em>αὐτὸς</em></span> <span class='ocrx_word' id='word_1_395' title='bbox 3142 2381 3171 2432; x_wconf 98' lang='lat'><strong>6</strong></span> <span class='ocrx_word' id='word_1_396' title='bbox 3195 2378 3320 2443; x_wconf 83' lang='grc' dir='ltr'><strong>Υἱὸς</strong></span> <span class='ocrx_word' id='word_1_397' title='bbox 3351 2380 3456 2452; x_wconf 71' lang='grc' dir='ltr'><em>πρὸ</em></span> <span class='ocrx_word' id='word_1_398' title='bbox 3482 2378 3579 2433; x_wconf 78' lang='grc' dir='ltr'><strong>τοῦ</strong></span> 
     </span>
    </p>
   </div>
   <div class='ocr_carea' id='block_1_55' title="bbox 2012 2465 3581 2544">
    <p class='ocr_par' dir='ltr' id='par_1_55' title="bbox 2012 2465 3581 2544">
     <span class='ocr_line' id='line_1_55' title="bbox 2012 2465 3581 2544; baseline 0.004 -25"><span class='ocrx_word' id='word_1_399' title='bbox 2012 2467 2208 2531; x_wconf 86' lang='grc' dir='ltr'><em>αἰῶνος</em></span> <span class='ocrx_word' id='word_1_400' title='bbox 2248 2465 2639 2538; x_wconf 83' lang='grc' dir='ltr'><em>τεθεμελίωτο,</em></span> <span class='ocrx_word' id='word_1_401' title='bbox 2686 2468 3077 2540; x_wconf 79' lang='grc' dir='ltr'><em>ἀναδεξάμενος</em></span> <span class='ocrx_word' id='word_1_402' title='bbox 3113 2469 3210 2543; x_wconf 83' lang='grc' dir='ltr'><em>τὴν</em></span> <span class='ocrx_word' id='word_1_403' title='bbox 3251 2472 3390 2544; x_wconf 82' lang='grc' dir='ltr'><em>ὑπὲρ</em></span> <span class='ocrx_word' id='word_1_404' title='bbox 3421 2473 3581 2544; x_wconf 80' lang='grc' dir='ltr'><em>ἡμῶν</em></span> 
     </span>
    </p>
   </div>
   <div class='ocr_carea' id='block_1_56' title="bbox 2013 2559 3577 2633">
    <p class='ocr_par' dir='ltr' id='par_1_56' title="bbox 2013 2559 3577 2633">
     <span class='ocr_line' id='line_1_56' title="bbox 2013 2559 3577 2633; baseline 0.003 -19"><span class='ocrx_word' id='word_1_405' title='bbox 2013 2559 2347 2631; x_wconf 87' lang='grc' dir='ltr'><em>οἰκονομίαν;</em></span> <span class='ocrx_word' id='word_1_406' title='bbox 2376 2562 2445 2615; x_wconf 88' lang='grc' dir='ltr'><strong>Ἦ</strong></span> <span class='ocrx_word' id='word_1_407' title='bbox 2470 2560 2607 2627; x_wconf 87' lang='grc' dir='ltr'><em>πῶς,</em></span> <span class='ocrx_word' id='word_1_408' title='bbox 2625 2560 2701 2625; x_wconf 85' lang='grc' dir='ltr'><em>ὡς</em></span> <span class='ocrx_word' id='word_1_409' title='bbox 2720 2561 2971 2633; x_wconf 76' lang='grc' dir='ltr'><em>ἐπιφέρει</em></span> <span class='ocrx_word' id='word_1_410' title='bbox 2994 2561 3163 2631; x_wconf 90' lang='grc' dir='ltr'><em>λέγων</em></span> <span class='ocrx_word' id='word_1_411' title='bbox 3184 2566 3213 2618; x_wconf 89' lang='lat'><strong>6</strong></span> <span class='ocrx_word' id='word_1_412' title='bbox 3241 2564 3577 2630; x_wconf 84' lang='grc' dir='ltr'><em>Ἀπόστολος,</em></span> 
     </span>
    </p>
   </div>
   <div class='ocr_carea' id='block_1_57' title="bbox 2010 2650 3577 2729">
    <p class='ocr_par' dir='ltr' id='par_1_57' title="bbox 2010 2650 3577 2729">
     <span class='ocr_line' id='line_1_57' title="bbox 2010 2650 3577 2729; baseline 0.004 -24"><span class='ocrx_word' id='word_1_413' title='bbox 2010 2650 2428 2721; x_wconf 73' lang='grc' dir='ltr'><em>ἐκληρώθημεν</em></span> <span class='ocrx_word' id='word_1_414' title='bbox 2449 2652 2922 2722; x_wconf 80' lang='grc' dir='ltr'><em>προορισθέντες,</em></span> <span class='ocrx_word' id='word_1_415' title='bbox 2941 2656 2989 2709; x_wconf 88' lang='grc' dir='ltr'><strong>εί</strong></span> <span class='ocrx_word' id='word_1_416' title='bbox 3015 2655 3088 2727; x_wconf 84' lang='grc' dir='ltr'><em>μὴ</em></span> <span class='ocrx_word' id='word_1_417' title='bbox 3117 2655 3277 2721; x_wconf 82' lang='grc' dir='ltr'><em>αὐτὸς</em></span> <span class='ocrx_word' id='word_1_418' title='bbox 3302 2659 3329 2711; x_wconf 89' lang='lat'><strong>6</strong></span> <span class='ocrx_word' id='word_1_419' title='bbox 3352 2656 3577 2729; x_wconf 80' lang='grc' dir='ltr'><em>Κύριος,</em></span> 
     </span>
    </p>
   </div>
   <div class='ocr_carea' id='block_1_58' title="bbox 2012 2741 3581 2823">
    <p class='ocr_par' dir='ltr' id='par_1_58' title="bbox 2012 2741 3581 2823">
     <span class='ocr_line' id='line_1_58' title="bbox 2012 2741 3581 2823; baseline 0.006 -27"><span class='ocrx_word' id='word_1_420' title='bbox 2012 2744 2120 2816; x_wconf 84' lang='grc' dir='ltr'><em>πρὸ</em></span> <span class='ocrx_word' id='word_1_421' title='bbox 2138 2742 2231 2797; x_wconf 79' lang='grc' dir='ltr'><strong>τοῦ</strong></span> <span class='ocrx_word' id='word_1_422' title='bbox 2258 2744 2450 2810; x_wconf 88' lang='grc' dir='ltr'><em>αἰῶνος</em></span> <span class='ocrx_word' id='word_1_423' title='bbox 2474 2741 2543 2818; x_wconf 82' lang='grc' dir='ltr'><em>ἦν</em></span> <span class='ocrx_word' id='word_1_424' title='bbox 2568 2745 2934 2818; x_wconf 84' lang='grc' dir='ltr'><em>θεμελιωθείς,</em></span> <span class='ocrx_word' id='word_1_425' title='bbox 2962 2747 3104 2802; x_wconf 83' lang='grc' dir='ltr'><em>ὥστε</em></span> <span class='ocrx_word' id='word_1_426' title='bbox 3132 2749 3292 2804; x_wconf 78' lang='grc' dir='ltr'><em>αὐτὸν</em></span> <span class='ocrx_word' id='word_1_427' title='bbox 3320 2751 3581 2823; x_wconf 86' lang='grc' dir='ltr'><em>πρόθεσιν</em></span> 
     </span>
    </p>
   </div>
   <div class='ocr_carea' id='block_1_59' title="bbox 2009 2834 3579 2913">
    <p class='ocr_par' dir='ltr' id='par_1_59' title="bbox 2009 2834 3579 2913">
     <span class='ocr_line' id='line_1_59' title="bbox 2009 2834 3579 2913; baseline 0.005 -25"><span class='ocrx_word' id='word_1_428' title='bbox 2009 2834 2153 2906; x_wconf 80' lang='grc' dir='ltr'><em>ἐχειν</em></span> <span class='ocrx_word' id='word_1_429' title='bbox 2186 2834 2327 2906; x_wconf 79' lang='grc' dir='ltr'><em>ὑπὲρ</em></span> <span class='ocrx_word' id='word_1_430' title='bbox 2370 2836 2528 2907; x_wconf 78' lang='grc' dir='ltr'><em>ἡμῶν</em></span> <span class='ocrx_word' id='word_1_431' title='bbox 2569 2838 2749 2893; x_wconf 83' lang='grc' dir='ltr'><em>πάντα</em></span> <span class='ocrx_word' id='word_1_432' title='bbox 2777 2838 2869 2892; x_wconf 85' lang='grc' dir='ltr'><em>τὸν</em></span> <span class='ocrx_word' id='word_1_433' title='bbox 2905 2839 3029 2894; x_wconf 87' lang='grc' dir='ltr'><em>καθ’</em></span> <span class='ocrx_word' id='word_1_434' title='bbox 3061 2840 3217 2912; x_wconf 87' lang='grc' dir='ltr'><em>ήμῶν</em></span> <span class='ocrx_word' id='word_1_435' title='bbox 3260 2842 3454 2913; x_wconf 85' lang='grc' dir='ltr'><em>κλῆρον</em></span> <span class='ocrx_word' id='word_1_436' title='bbox 3483 2843 3579 2896; x_wconf 79' lang='grc' dir='ltr'><strong>τοῦ</strong></span> 
     </span>
    </p>
   </div>
   <div class='ocr_carea' id='block_1_60' title="bbox 2009 2925 3575 3005">
    <p class='ocr_par' dir='ltr' id='par_1_60' title="bbox 2009 2925 3575 3005">
     <span class='ocr_line' id='line_1_60' title="bbox 2009 2925 3575 3005; baseline 0.004 -27"><span class='ocrx_word' id='word_1_437' title='bbox 2009 2925 2276 2998; x_wconf 85' lang='grc' dir='ltr'><em>κρίματος</em></span> <span class='ocrx_word' id='word_1_438' title='bbox 2305 2926 2419 2999; x_wconf 82' lang='grc'>(81)</span> <span class='ocrx_word' id='word_1_439' title='bbox 2451 2927 2807 2995; x_wconf 81' lang='grc' dir='ltr'><em>ἀναδέξασθαι</em></span> <span class='ocrx_word' id='word_1_440' title='bbox 2835 2929 2923 2983; x_wconf 82' lang='grc' dir='ltr'><em>διὰ</em></span> <span class='ocrx_word' id='word_1_441' title='bbox 2953 2930 3053 3001; x_wconf 85' lang='grc' dir='ltr'><strong>τῆς</strong></span> <span class='ocrx_word' id='word_1_442' title='bbox 3081 2933 3282 3005; x_wconf 79' lang='grc' dir='ltr'><em>σαρκὸς</em></span> <span class='ocrx_word' id='word_1_443' title='bbox 3302 2972 3317 2997; x_wconf 93' lang='grc'><strong>,</strong></span> <span class='ocrx_word' id='word_1_444' title='bbox 3350 2934 3443 2987; x_wconf 74' lang='grc' dir='ltr'><em>καὶ</em></span> <span class='ocrx_word' id='word_1_445' title='bbox 3467 2932 3575 2987; x_wconf 85' lang='grc' dir='ltr'><em>λοι-</em></span> 
     </span>
    </p>
   </div>
   <div class='ocr_carea' id='block_1_61' title="bbox 2008 3015 3583 3096">
    <p class='ocr_par' dir='ltr' id='par_1_61' title="bbox 2008 3015 3583 3096">
     <span class='ocr_line' id='line_1_61' title="bbox 2008 3015 3583 3096; baseline 0.005 -26"><span class='ocrx_word' id='word_1_446' title='bbox 2008 3015 2108 3070; x_wconf 83' lang='grc' dir='ltr'><em>πὸν</em></span> <span class='ocrx_word' id='word_1_447' title='bbox 2134 3018 2283 3089; x_wconf 74' lang='grc' dir='ltr'><em>ἡμᾶς</em></span> <span class='ocrx_word' id='word_1_448' title='bbox 2306 3019 2363 3072; x_wconf 91' lang='grc' dir='ltr'><strong>ἐν</strong></span> <span class='ocrx_word' id='word_1_449' title='bbox 2384 3018 2531 3091; x_wconf 80' lang='grc' dir='ltr'><em>αὐτῷ</em></span> <span class='ocrx_word' id='word_1_450' title='bbox 2550 3020 2923 3093; x_wconf 78' lang='grc' dir='ltr'><em>υίοποιηθῆναι</em></span> <span class='ocrx_word' id='word_1_451' title='bbox 2942 3038 2957 3087; x_wconf 89' lang='grc'><strong>;</strong></span> <span class='ocrx_word' id='word_1_452' title='bbox 2975 3021 3100 3087; x_wconf 82' lang='grc' dir='ltr'><em>Πῶς</em></span> <span class='ocrx_word' id='word_1_453' title='bbox 3126 3023 3182 3077; x_wconf 87' lang='grc' dir='ltr'><strong>δέ</strong></span> <span class='ocrx_word' id='word_1_454' title='bbox 3212 3024 3307 3078; x_wconf 73' lang='grc' dir='ltr'><em>καὶ</em></span> <span class='ocrx_word' id='word_1_455' title='bbox 3333 3024 3437 3096; x_wconf 80' lang='grc' dir='ltr'><em>πρὸ</em></span> <span class='ocrx_word' id='word_1_456' title='bbox 3451 3025 3583 3095; x_wconf 82' lang='grc' dir='ltr'><strong>χρό⁴</strong></span> 
     </span>
    </p>
   </div>
   <div class='ocr_carea' id='block_1_62' title="bbox 340 3108 1927 3183">
    <p class='ocr_par' dir='ltr' id='par_1_62' title="bbox 340 3110 1901 3182">
     <span class='ocr_line' id='line_1_62' title="bbox 340 3110 1901 3182; baseline -0.002 -14"><span class='ocrx_word' id='word_1_457' title='bbox 340 3113 584 3170; x_wconf 87' lang='lat' dir='ltr'><strong>nondum</strong></span> <span class='ocrx_word' id='word_1_458' title='bbox 633 3128 887 3181; x_wconf 87' lang='lat' dir='ltr'><strong>eramus,</strong></span> <span class='ocrx_word' id='word_1_459' title='bbox 946 3110 1041 3168; x_wconf 85' lang='lat' dir='ltr'><strong>sed</strong></span> <span class='ocrx_word' id='word_1_460' title='bbox 1100 3120 1342 3182; x_wconf 87' lang='lat' dir='ltr'><strong>tempore</strong></span> <span class='ocrx_word' id='word_1_461' title='bbox 1385 3111 1739 3178; x_wconf 85' lang='lat' dir='ltr'><strong>exstitimus,</strong></span> <span class='ocrx_word' id='word_1_462' title='bbox 1774 3118 1901 3165; x_wconf 89' lang='lat' dir='ltr'><strong>ante</strong></span> 
     </span>
    </p>
   </div>
   <div class='ocr_carea' id='block_1_63' title="bbox 2022 3108 3582 3183">
    <p class='ocr_par' dir='ltr' id='par_1_63' title="bbox 2022 3108 3582 3183">
     <span class='ocr_line' id='line_1_63' title="bbox 2022 3108 3582 3183; baseline 0.004 -22"><span class='ocrx_word' id='word_1_463' title='bbox 2022 3123 2107 3161; x_wconf 71' lang='grc' dir='ltr'><em>νων</em></span> <span class='ocrx_word' id='word_1_464' title='bbox 2133 3109 2368 3162; x_wconf 80' lang='grc' dir='ltr'><em>αἰωνίων</em></span> <span class='ocrx_word' id='word_1_465' title='bbox 2396 3108 2792 3183; x_wconf 80' lang='grc' dir='ltr'><em>ἐλαμϐάνομεν,</em></span> <span class='ocrx_word' id='word_1_466' title='bbox 2829 3113 2997 3183; x_wconf 84' lang='grc' dir='ltr'><em>μήπω</em></span> <span class='ocrx_word' id='word_1_467' title='bbox 3028 3115 3312 3182; x_wconf 81' lang='grc' dir='ltr'><em>γεγονότες</em></span> <span class='ocrx_word' id='word_1_468' title='bbox 3330 3156 3345 3180; x_wconf 96' lang='grc'><strong>,</strong></span> <span class='ocrx_word' id='word_1_469' title='bbox 3383 3114 3497 3169; x_wconf 79' lang='grc' dir='ltr'><em>ἀλλ’</em></span> <span class='ocrx_word' id='word_1_470' title='bbox 3521 3118 3582 3169; x_wconf 86' lang='grc' dir='ltr'><strong>ἐν</strong></span> 
     </span>
    </p>
   </div>
   <div class='ocr_carea' id='block_1_64' title="bbox 339 3201 1905 3275">
    <p class='ocr_par' dir='ltr' id='par_1_64' title="bbox 339 3201 1905 3275">
     <span class='ocr_line' id='line_1_64' title="bbox 339 3201 1905 3275; baseline -0.001 -15"><span class='ocrx_word' id='word_1_471' title='bbox 339 3214 541 3261; x_wconf 70' lang='lat' dir='ltr'><strong>aeterna</strong></span> <span class='ocrx_word' id='word_1_472' title='bbox 598 3214 841 3275; x_wconf 88' lang='lat' dir='ltr'><strong>tempora</strong></span> <span class='ocrx_word' id='word_1_473' title='bbox 888 3204 1199 3275; x_wconf 86' lang='lat' dir='ltr'><strong>accepimus</strong></span> <span class='ocrx_word' id='word_1_474' title='bbox 1224 3244 1239 3266; x_wconf 85' lang='lat'><strong>,</strong></span> <span class='ocrx_word' id='word_1_475' title='bbox 1284 3203 1391 3257; x_wconf 91' lang='lat' dir='ltr'><strong>nisi</strong></span> <span class='ocrx_word' id='word_1_476' title='bbox 1419 3204 1590 3274; x_wconf 89' lang='lat' dir='ltr'><strong>gratia</strong></span> <span class='ocrx_word' id='word_1_477' title='bbox 1616 3242 1631 3267; x_wconf 94' lang='lat'><strong>,</strong></span> <span class='ocrx_word' id='word_1_478' title='bbox 1672 3218 1793 3273; x_wconf 67' lang='lat' dir='ltr'><strong>quae</strong></span> <span class='ocrx_word' id='word_1_479' title='bbox 1836 3201 1905 3258; x_wconf 89' lang='lat' dir='ltr'><strong>ad</strong></span> 
     </span>
    </p>
   </div>
   <div class='ocr_carea' id='block_1_65' title="bbox 338 3292 1905 3368">
    <p class='ocr_par' dir='ltr' id='par_1_65' title="bbox 338 3292 1905 3368">
     <span class='ocr_line' id='line_1_65' title="bbox 338 3292 1905 3368; baseline -0.001 -17"><span class='ocrx_word' id='word_1_480' title='bbox 338 3313 442 3353; x_wconf 87' lang='lat' dir='ltr'><strong>nos</strong></span> <span class='ocrx_word' id='word_1_481' title='bbox 496 3297 784 3368; x_wconf 79' lang='lat' dir='ltr'><strong>pervenit,</strong></span> <span class='ocrx_word' id='word_1_482' title='bbox 840 3295 895 3350; x_wconf 90' lang='lat' dir='ltr'><strong>in</strong></span> <span class='ocrx_word' id='word_1_483' title='bbox 932 3294 1163 3351; x_wconf 86' lang='lat' dir='ltr'><strong>Domino</strong></span> <span class='ocrx_word' id='word_1_484' title='bbox 1210 3293 1405 3351; x_wconf 79' lang='lat' dir='ltr'><strong>fuisset</strong></span> <span class='ocrx_word' id='word_1_485' title='bbox 1455 3294 1738 3366; x_wconf 84' lang='lat' dir='ltr'><strong>reposita?</strong></span> <span class='ocrx_word' id='word_1_486' title='bbox 1767 3292 1905 3349; x_wconf 79' lang='lat' dir='ltr'><strong>Hinc</strong></span> 
     </span>
    </p>
   </div>
   <div class='ocr_carea' id='block_1_66' title="bbox 340 3383 1905 3459">
    <p class='ocr_par' dir='ltr' id='par_1_66' title="bbox 340 3383 1905 3459">
     <span class='ocr_line' id='line_1_66' title="bbox 340 3383 1905 3459; baseline -0.003 -16"><span class='ocrx_word' id='word_1_487' title='bbox 340 3389 431 3445; x_wconf 91' lang='lat' dir='ltr'><strong>ille</strong></span> <span class='ocrx_word' id='word_1_488' title='bbox 468 3389 521 3443; x_wconf 93' lang='lat' dir='ltr'><strong>in</strong></span> <span class='ocrx_word' id='word_1_489' title='bbox 563 3387 795 3459; x_wconf 88' lang='lat' dir='ltr'><strong>judicio,</strong></span> <span class='ocrx_word' id='word_1_490' title='bbox 845 3402 970 3443; x_wconf 90' lang='lat' dir='ltr'><strong>cum</strong></span> <span class='ocrx_word' id='word_1_491' title='bbox 1020 3387 1397 3457; x_wconf 84' lang='lat' dir='ltr'><strong>unusquisque</strong></span> <span class='ocrx_word' id='word_1_492' title='bbox 1430 3400 1530 3456; x_wconf 90' lang='lat' dir='ltr'><strong>pro</strong></span> <span class='ocrx_word' id='word_1_493' title='bbox 1588 3386 1701 3441; x_wconf 89' lang='lat' dir='ltr'><strong>suis</strong></span> <span class='ocrx_word' id='word_1_494' title='bbox 1744 3383 1905 3439; x_wconf 79' lang='lat' dir='ltr'><strong>iactis</strong></span> 
     </span>
    </p>
   </div>
   <div class='ocr_carea' id='block_1_67' title="bbox 339 3477 1905 3550">
    <p class='ocr_par' dir='ltr' id='par_1_67' title="bbox 339 3477 1905 3550">
     <span class='ocr_line' id='line_1_67' title="bbox 339 3477 1905 3550; baseline -0.004 -15"><span class='ocrx_word' id='word_1_495' title='bbox 339 3481 644 3539; x_wconf 88' lang='lat' dir='ltr'><strong>mercedem</strong></span> <span class='ocrx_word' id='word_1_496' title='bbox 683 3490 768 3535; x_wconf 87' lang='lat' dir='ltr'><strong>est</strong></span> <span class='ocrx_word' id='word_1_497' title='bbox 797 3487 1119 3550; x_wconf 82' lang='lat' dir='ltr'><strong>accepturus</strong></span> <span class='ocrx_word' id='word_1_498' title='bbox 1138 3518 1154 3542; x_wconf 91' lang='lat'><strong>,</strong></span> <span class='ocrx_word' id='word_1_499' title='bbox 1185 3480 1327 3534; x_wconf 87' lang='lat' dir='ltr'><strong>dicet</strong></span> <span class='ocrx_word' id='word_1_500' title='bbox 1357 3498 1371 3534; x_wconf 89' lang='lat'><strong>:</strong></span> <span class='ocrx_word' id='word_1_501' title='bbox 1416 3478 1616 3543; x_wconf 86' lang='lat' dir='ltr'><strong>Venite,</strong></span> <span class='ocrx_word' id='word_1_502' title='bbox 1650 3477 1905 3533; x_wconf 85' lang='lat' dir='ltr'><strong>benedicti</strong></span> 
     </span>
    </p>
   </div>
   <div class='ocr_carea' id='block_1_68' title="bbox 339 3571 1901 3643">
    <p class='ocr_par' dir='ltr' id='par_1_68' title="bbox 339 3571 1901 3643">
     <span class='ocr_line' id='line_1_68' title="bbox 339 3571 1901 3643; baseline -0.003 -16"><span class='ocrx_word' id='word_1_503' title='bbox 339 3573 525 3629; x_wconf 84' lang='lat' dir='ltr'><strong>Patris</strong></span> <span class='ocrx_word' id='word_1_504' title='bbox 556 3574 658 3628; x_wconf 78' lang='lat' dir='ltr'><strong>mei</strong></span> <span class='ocrx_word' id='word_1_505' title='bbox 685 3589 704 3627; x_wconf 90' lang='lat'><strong><em>:</em></strong></span> <span class='ocrx_word' id='word_1_506' title='bbox 732 3573 995 3643; x_wconf 87' lang='lat' dir='ltr'><strong>possidete</strong></span> <span class='ocrx_word' id='word_1_507' title='bbox 1020 3579 1270 3640; x_wconf 89' lang='lat' dir='ltr'><strong>paratum</strong></span> <span class='ocrx_word' id='word_1_508' title='bbox 1298 3571 1436 3625; x_wconf 85' lang='lat' dir='ltr'><strong>vobis</strong></span> <span class='ocrx_word' id='word_1_509' title='bbox 1462 3586 1675 3641; x_wconf 84' lang='lat' dir='ltr'><strong>regnum</strong></span> <span class='ocrx_word' id='word_1_510' title='bbox 1708 3586 1741 3623; x_wconf 93' lang='lat' dir='ltr'><strong>a</strong></span> <span class='ocrx_word' id='word_1_511' title='bbox 1776 3585 1901 3624; x_wconf 85' lang='lat' dir='ltr'><strong>con-</strong></span> 
     </span>
    </p>
   </div>
   <div class='ocr_carea' id='block_1_69' title="bbox 337 3657 1900 3729">
    <p class='ocr_par' dir='ltr' id='par_1_69' title="bbox 337 3657 1900 3729">
     <span class='ocr_line' id='line_1_69' title="bbox 337 3657 1900 3729; baseline -0.001 -15"><span class='ocrx_word' id='word_1_512' title='bbox 337 3661 612 3715; x_wconf 85' lang='lat' dir='ltr'><strong>stitutione</strong></span> <span class='ocrx_word' id='word_1_513' title='bbox 648 3660 831 3715; x_wconf 88' lang='lat' dir='ltr'><strong>mundi</strong></span> <span class='ocrx_word' id='word_1_514' title='bbox 863 3659 928 3712; x_wconf 84' lang='grc'><strong>⁷⁸.</strong></span> <span class='ocrx_word' id='word_1_515' title='bbox 971 3657 1259 3725; x_wconf 82' lang='lat' dir='ltr'><strong>Quomodo</strong></span> <span class='ocrx_word' id='word_1_516' title='bbox 1308 3657 1495 3728; x_wconf 78' lang='lat' dir='ltr'><strong>igitur,</strong></span> <span class='ocrx_word' id='word_1_517' title='bbox 1546 3658 1628 3713; x_wconf 91' lang='lat' dir='ltr'><strong>vel</strong></span> <span class='ocrx_word' id='word_1_518' title='bbox 1680 3658 1736 3713; x_wconf 90' lang='lat' dir='ltr'><strong>in</strong></span> <span class='ocrx_word' id='word_1_519' title='bbox 1770 3672 1900 3729; x_wconf 91' lang='lat' dir='ltr'><strong>quo,</strong></span> 
     </span>
    </p>
   </div>
   <div class='ocr_carea' id='block_1_70' title="bbox 336 3748 1902 3825">
    <p class='ocr_par' dir='ltr' id='par_1_70' title="bbox 336 3748 1902 3825">
     <span class='ocr_line' id='line_1_70' title="bbox 336 3748 1902 3825; baseline -0.004 -17"><span class='ocrx_word' id='word_1_520' title='bbox 336 3760 631 3825; x_wconf 80' lang='lat' dir='ltr'><strong>antequam</strong></span> <span class='ocrx_word' id='word_1_521' title='bbox 664 3766 934 3817; x_wconf 90' lang='lat' dir='ltr'><strong>essemus,</strong></span> <span class='ocrx_word' id='word_1_522' title='bbox 974 3759 1226 3822; x_wconf 88' lang='lat' dir='ltr'><strong>paratum</strong></span> <span class='ocrx_word' id='word_1_523' title='bbox 1264 3759 1366 3815; x_wconf 89' lang='lat' dir='ltr'><strong>est,</strong></span> <span class='ocrx_word' id='word_1_524' title='bbox 1409 3749 1516 3806; x_wconf 89' lang='lat' dir='ltr'><strong>nisi</strong></span> <span class='ocrx_word' id='word_1_525' title='bbox 1548 3749 1604 3804; x_wconf 92' lang='lat' dir='ltr'><strong>in</strong></span> <span class='ocrx_word' id='word_1_526' title='bbox 1650 3748 1902 3814; x_wconf 90' lang='lat' dir='ltr'><strong>Domino,</strong></span> 
     </span>
    </p>
   </div>
   <div class='ocr_carea' id='block_1_71' title="bbox 335 3841 1904 3915">
    <p class='ocr_par' dir='ltr' id='par_1_71' title="bbox 335 3841 1904 3915">
     <span class='ocr_line' id='line_1_71' title="bbox 335 3841 1904 3915; baseline -0.002 -16"><span class='ocrx_word' id='word_1_527' title='bbox 335 3843 432 3915; x_wconf 90' lang='lat' dir='ltr'><strong>qui</strong></span> <span class='ocrx_word' id='word_1_528' title='bbox 480 3852 607 3901; x_wconf 86' lang='lat' dir='ltr'><strong>ante</strong></span> <span class='ocrx_word' id='word_1_529' title='bbox 653 3860 827 3900; x_wconf 66' lang='lat' dir='ltr'><strong>aevum</strong></span> <span class='ocrx_word' id='word_1_530' title='bbox 862 3858 983 3898; x_wconf 91' lang='lat' dir='ltr'><strong>eam</strong></span> <span class='ocrx_word' id='word_1_531' title='bbox 1035 3842 1106 3898; x_wconf 91' lang='lat' dir='ltr'><strong>ob</strong></span> <span class='ocrx_word' id='word_1_532' title='bbox 1153 3857 1376 3897; x_wconf 89' lang='lat' dir='ltr'><strong>causam</strong></span> <span class='ocrx_word' id='word_1_533' title='bbox 1417 3841 1674 3897; x_wconf 83' lang='lat' dir='ltr'><strong>fundatus</strong></span> <span class='ocrx_word' id='word_1_534' title='bbox 1705 3850 1807 3905; x_wconf 85' lang='lat' dir='ltr'><strong>est,</strong></span> <span class='ocrx_word' id='word_1_535' title='bbox 1845 3849 1904 3896; x_wconf 90' lang='lat' dir='ltr'><strong>ut</strong></span> 
     </span>
    </p>
   </div>
   <div class='ocr_carea' id='block_1_72' title="bbox 336 3932 1906 4007">
    <p class='ocr_par' dir='ltr' id='par_1_72' title="bbox 336 3932 1906 4007">
     <span class='ocr_line' id='line_1_72' title="bbox 336 3932 1906 4007; baseline -0.002 -16"><span class='ocrx_word' id='word_1_536' title='bbox 336 3950 440 3991; x_wconf 89' lang='lat' dir='ltr'><strong>nos</strong></span> <span class='ocrx_word' id='word_1_537' title='bbox 471 3950 633 4007; x_wconf 90' lang='lat' dir='ltr'><strong>super</strong></span> <span class='ocrx_word' id='word_1_538' title='bbox 661 3936 840 4005; x_wconf 91' lang='lat' dir='ltr'><strong>ipsum</strong></span> <span class='ocrx_word' id='word_1_539' title='bbox 886 3944 1143 4003; x_wconf 82' lang='lat' dir='ltr'><strong>tanquam</strong></span> <span class='ocrx_word' id='word_1_540' title='bbox 1175 3932 1444 4001; x_wconf 64' lang='lat' dir='ltr'><strong>aediﬁcati,</strong></span> <span class='ocrx_word' id='word_1_541' title='bbox 1468 3933 1594 4006; x_wconf 66' lang='lat' dir='ltr'><strong>vita:</strong></span> <span class='ocrx_word' id='word_1_542' title='bbox 1622 3943 1676 3989; x_wconf 87' lang='lat' dir='ltr'><strong>et</strong></span> <span class='ocrx_word' id='word_1_543' title='bbox 1718 3932 1906 4003; x_wconf 75' lang='lat' dir='ltr'><strong>gratia:</strong></span> 
     </span>
    </p>
   </div>
   <div class='ocr_carea' id='block_1_73' title="bbox 336 4024 1903 4097">
    <p class='ocr_par' dir='ltr' id='par_1_73' title="bbox 336 4024 1903 4097">
     <span class='ocr_line' id='line_1_73' title="bbox 336 4024 1903 4097; baseline -0.001 -15"><span class='ocrx_word' id='word_1_544' title='bbox 336 4042 459 4096; x_wconf 66' lang='lat' dir='ltr'><strong>quae</strong></span> <span class='ocrx_word' id='word_1_545' title='bbox 486 4027 556 4082; x_wconf 89' lang='lat' dir='ltr'><strong>ab</strong></span> <span class='ocrx_word' id='word_1_546' title='bbox 588 4026 684 4082; x_wconf 89' lang='lat' dir='ltr'><strong>illo</strong></span> <span class='ocrx_word' id='word_1_547' title='bbox 739 4028 915 4082; x_wconf 89' lang='lat' dir='ltr'><strong>oritur</strong></span> <span class='ocrx_word' id='word_1_548' title='bbox 938 4068 951 4091; x_wconf 93' lang='lat'><strong>,</strong></span> <span class='ocrx_word' id='word_1_549' title='bbox 985 4024 1132 4079; x_wconf 82' lang='lat' dir='ltr'><strong>velut</strong></span> <span class='ocrx_word' id='word_1_550' title='bbox 1187 4027 1298 4096; x_wconf 87' lang='lat' dir='ltr'><strong>apti</strong></span> <span class='ocrx_word' id='word_1_551' title='bbox 1336 4025 1561 4097; x_wconf 88' lang='lat' dir='ltr'><strong>lapides,</strong></span> <span class='ocrx_word' id='word_1_552' title='bbox 1611 4024 1903 4096; x_wconf 88' lang='lat' dir='ltr'><strong>participes</strong></span> 
     </span>
    </p>
   </div>
   <div class='ocr_carea' id='block_1_74' title="bbox 335 4116 1904 4188">
    <p class='ocr_par' dir='ltr' id='par_1_74' title="bbox 335 4116 1904 4188">
     <span class='ocr_line' id='line_1_74' title="bbox 335 4116 1904 4188; baseline 0 -16"><span class='ocrx_word' id='word_1_553' title='bbox 335 4118 630 4173; x_wconf 84' lang='lat' dir='ltr'><strong>essemus?</strong></span> <span class='ocrx_word' id='word_1_554' title='bbox 665 4116 720 4171; x_wconf 85' lang='lat' dir='ltr'><strong>id</strong></span> <span class='ocrx_word' id='word_1_555' title='bbox 756 4128 938 4173; x_wconf 89' lang='lat' dir='ltr'><strong>autem</strong></span> <span class='ocrx_word' id='word_1_556' title='bbox 986 4135 1052 4174; x_wconf 90' lang='lat' dir='ltr'><strong>eo</strong></span> <span class='ocrx_word' id='word_1_557' title='bbox 1094 4119 1299 4174; x_wconf 84' lang='lat' dir='ltr'><strong>factum</strong></span> <span class='ocrx_word' id='word_1_558' title='bbox 1347 4124 1452 4184; x_wconf 88' lang='lat' dir='ltr'><strong>est,</strong></span> <span class='ocrx_word' id='word_1_559' title='bbox 1503 4129 1768 4188; x_wconf 82' lang='lat' dir='ltr'><strong>quantum</strong></span> <span class='ocrx_word' id='word_1_560' title='bbox 1816 4116 1904 4187; x_wconf 88' lang='lat' dir='ltr'><strong>pie</strong></span> 
     </span>
    </p>
   </div>
   <div class='ocr_carea' id='block_1_75' title="bbox 334 4207 1904 4280">
    <p class='ocr_par' dir='ltr' id='par_1_75' title="bbox 334 4207 1904 4280">
     <span class='ocr_line' id='line_1_75' title="bbox 334 4207 1904 4280; baseline 0.001 -18"><span class='ocrx_word' id='word_1_561' title='bbox 334 4217 516 4278; x_wconf 87' lang='lat' dir='ltr'><strong>potest</strong></span> <span class='ocrx_word' id='word_1_562' title='bbox 556 4208 807 4280; x_wconf 84' lang='lat' dir='ltr'><strong>cogitari,</strong></span> <span class='ocrx_word' id='word_1_563' title='bbox 838 4218 919 4275; x_wconf 87' lang='lat' dir='ltr'><strong>ut,</strong></span> <span class='ocrx_word' id='word_1_564' title='bbox 969 4207 1428 4280; x_wconf 87' lang='lat' dir='ltr'><strong>quemadmodum</strong></span> <span class='ocrx_word' id='word_1_565' title='bbox 1462 4209 1598 4273; x_wconf 79' lang='lat' dir='ltr'><strong>dixi,</strong></span> <span class='ocrx_word' id='word_1_566' title='bbox 1648 4224 1679 4264; x_wconf 89' lang='lat' dir='ltr'><strong>a</strong></span> <span class='ocrx_word' id='word_1_567' title='bbox 1730 4217 1904 4264; x_wconf 87' lang='lat' dir='ltr'><strong>morte</strong></span> 
     </span>
    </p>
   </div>
   <div class='ocr_carea' id='block_1_76' title="bbox 336 4300 1900 4374">
    <p class='ocr_par' dir='ltr' id='par_1_76' title="bbox 336 4300 1900 4374">
     <span class='ocr_line' id='line_1_76' title="bbox 336 4300 1900 4374; baseline 0 -19"><span class='ocrx_word' id='word_1_568' title='bbox 336 4301 666 4371; x_wconf 88' lang='lat' dir='ltr'><strong>temporaria</strong></span> <span class='ocrx_word' id='word_1_569' title='bbox 725 4302 990 4366; x_wconf 80' lang='lat' dir='ltr'><strong>excitati,</strong></span> <span class='ocrx_word' id='word_1_570' title='bbox 1038 4312 1300 4374; x_wconf 88' lang='lat' dir='ltr'><strong>perpetuo</strong></span> <span class='ocrx_word' id='word_1_571' title='bbox 1344 4300 1528 4357; x_wconf 86' lang='lat' dir='ltr'><strong>vivere</strong></span> <span class='ocrx_word' id='word_1_572' title='bbox 1584 4300 1859 4371; x_wconf 87' lang='lat' dir='ltr'><strong>possimus</strong></span> <span class='ocrx_word' id='word_1_573' title='bbox 1884 4340 1900 4368; x_wconf 94' lang='lat'><strong>,</strong></span> 
     </span>
    </p>
   </div>
   <div class='ocr_carea' id='block_1_77' title="bbox 334 4393 1904 4467">
    <p class='ocr_par' dir='ltr' id='par_1_77' title="bbox 334 4393 1904 4467">
     <span class='ocr_line' id='line_1_77' title="bbox 334 4393 1904 4467; baseline 0 -19"><span class='ocrx_word' id='word_1_574' title='bbox 334 4398 479 4464; x_wconf 62' lang='lat' dir='ltr'><strong>Quod</strong></span> <span class='ocrx_word' id='word_1_575' title='bbox 516 4395 675 4451; x_wconf 85' lang='lat' dir='ltr'><strong>nobis</strong></span> <span class='ocrx_word' id='word_1_576' title='bbox 703 4410 1052 4467; x_wconf 87' lang='lat' dir='ltr'><strong>nequaquam</strong></span> <span class='ocrx_word' id='word_1_577' title='bbox 1084 4395 1334 4452; x_wconf 90' lang='lat' dir='ltr'><strong>licuisset</strong></span> <span class='ocrx_word' id='word_1_578' title='bbox 1356 4394 1452 4464; x_wconf 92' lang='lat' dir='ltr'><strong>qui</strong></span> <span class='ocrx_word' id='word_1_579' title='bbox 1481 4393 1682 4450; x_wconf 88' lang='lat' dir='ltr'><strong>terreni</strong></span> <span class='ocrx_word' id='word_1_580' title='bbox 1713 4409 1904 4450; x_wconf 84' lang='lat' dir='ltr'><strong>sumus</strong></span> 
     </span>
    </p>
   </div>
   <div class='ocr_carea' id='block_1_78' title="bbox 399 4576 1938 4655">
    <p class='ocr_par' dir='ltr' id='par_1_78' title="bbox 399 4576 1938 4655">
     <span class='ocr_line' id='line_1_78' title="bbox 399 4576 1938 4655; baseline 0.006 -23"><span class='ocrx_word' id='word_1_581' title='bbox 399 4576 448 4611; x_wconf 83' lang='lat'><strong>&quot;</strong></span> <span class='ocrx_word' id='word_1_582' title='bbox 486 4576 526 4632; x_wconf 87' lang='lat' dir='ltr'><strong>ll</strong></span> <span class='ocrx_word' id='word_1_583' title='bbox 560 4578 702 4636; x_wconf 90' lang='lat' dir='ltr'><strong>Tim.</strong></span> <span class='ocrx_word' id='word_1_584' title='bbox 738 4597 777 4648; x_wconf 88' lang='lat' dir='ltr'><strong>l,</strong></span> <span class='ocrx_word' id='word_1_585' title='bbox 806 4580 950 4638; x_wconf 67' lang='lat'><strong>8-10.</strong></span> <span class='ocrx_word' id='word_1_586' title='bbox 1024 4583 1072 4616; x_wconf 80' lang='lat'>&quot;</span> <span class='ocrx_word' id='word_1_587' title='bbox 1104 4582 1308 4655; x_wconf 83' lang='lat' dir='ltr'><strong>Ephes.</strong></span> <span class='ocrx_word' id='word_1_588' title='bbox 1339 4598 1379 4651; x_wconf 90' lang='lat' dir='ltr'><strong>l,</strong></span> <span class='ocrx_word' id='word_1_589' title='bbox 1404 4584 1520 4641; x_wconf 78' lang='grc'><strong>5-5.</strong></span> <span class='ocrx_word' id='word_1_590' title='bbox 1599 4584 1646 4616; x_wconf 69' lang='grc'><strong>⁷⁵</strong></span> <span class='ocrx_word' id='word_1_591' title='bbox 1683 4585 1817 4640; x_wconf 89' lang='lat' dir='ltr'><strong>ibid.</strong></span> <span class='ocrx_word' id='word_1_592' title='bbox 1853 4587 1938 4642; x_wconf 78' lang='grc'><strong>11.</strong></span> 
     </span>
    </p>
   </div>
   <div class='ocr_carea' id='block_1_79' title="bbox 2004 3200 3584 3278">
    <p class='ocr_par' dir='ltr' id='par_1_79' title="bbox 2004 3200 3584 3278">
     <span class='ocr_line' id='line_1_79' title="bbox 2004 3200 3584 3278; baseline 0.005 -26"><span class='ocrx_word' id='word_1_593' title='bbox 2004 3200 2183 3271; x_wconf 85' lang='grc' dir='ltr'><em>χρόνῳ</em></span> <span class='ocrx_word' id='word_1_594' title='bbox 2206 3200 2490 3270; x_wconf 84' lang='grc' dir='ltr'><em>γεγονότες</em></span> <span class='ocrx_word' id='word_1_595' title='bbox 2512 3202 2715 3274; x_wconf 78' lang='grc' dir='ltr'><em>(82),εἰ</em></span> <span class='ocrx_word' id='word_1_596' title='bbox 2734 3202 2810 3276; x_wconf 80' lang='grc' dir='ltr'><em>μὴ</em></span> <span class='ocrx_word' id='word_1_597' title='bbox 2825 3205 2882 3257; x_wconf 89' lang='grc' dir='ltr'><strong>ἐν</strong></span> <span class='ocrx_word' id='word_1_598' title='bbox 2898 3203 2977 3276; x_wconf 80' lang='grc' dir='ltr'><em>τῷ</em></span> <span class='ocrx_word' id='word_1_599' title='bbox 2996 3205 3216 3277; x_wconf 78' lang='grc' dir='ltr'><em>Χριστῷ</em></span> <span class='ocrx_word' id='word_1_600' title='bbox 3232 3207 3339 3277; x_wconf 75' lang='grc'>(83)</span> <span class='ocrx_word' id='word_1_601' title='bbox 3356 3202 3418 3278; x_wconf 60' lang='grc' dir='ltr'><strong>ἦν</strong></span> <span class='ocrx_word' id='word_1_602' title='bbox 3447 3207 3584 3260; x_wconf 86' lang='grc' dir='ltr'><em>ἀπο-</em></span> 
     </span>
    </p>
   </div>
   <div class='ocr_carea' id='block_1_80' title="bbox 2006 3293 3584 3373">
    <p class='ocr_par' dir='ltr' id='par_1_80' title="bbox 2006 3293 3584 3373">
     <span class='ocr_line' id='line_1_80' title="bbox 2006 3293 3584 3373; baseline 0.004 -26"><span class='ocrx_word' id='word_1_603' title='bbox 2006 3293 2230 3365; x_wconf 85' lang='grc' dir='ltr'><em>κειμένη</em></span> <span class='ocrx_word' id='word_1_604' title='bbox 2274 3296 2307 3367; x_wconf 81' lang='grc' dir='ltr'><strong>ή</strong></span> <span class='ocrx_word' id='word_1_605' title='bbox 2341 3296 2421 3360; x_wconf 88' lang='grc' dir='ltr'><strong>εἰς</strong></span> <span class='ocrx_word' id='word_1_606' title='bbox 2452 3297 2599 3368; x_wconf 79' lang='grc' dir='ltr'><em>ἡμᾶς</em></span> <span class='ocrx_word' id='word_1_607' title='bbox 2627 3296 2904 3367; x_wconf 82' lang='grc' dir='ltr'><em>φθάνουσα</em></span> <span class='ocrx_word' id='word_1_608' title='bbox 2953 3298 3146 3371; x_wconf 89' lang='grc' dir='ltr'><em>χάρις;</em></span> <span class='ocrx_word' id='word_1_609' title='bbox 3175 3299 3255 3353; x_wconf 80' lang='grc' dir='ltr'><em>διὸ</em></span> <span class='ocrx_word' id='word_1_610' title='bbox 3287 3300 3382 3354; x_wconf 76' lang='grc' dir='ltr'><em>καὶ</em></span> <span class='ocrx_word' id='word_1_611' title='bbox 3420 3303 3478 3355; x_wconf 88' lang='grc' dir='ltr'><strong>ἐν</strong></span> <span class='ocrx_word' id='word_1_612' title='bbox 3508 3303 3584 3373; x_wconf 75' lang='grc' dir='ltr'><em>τῇ</em></span> 
     </span>
    </p>
   </div>
   <div class='ocr_carea' id='block_1_81' title="bbox 2005 3384 3574 3464">
    <p class='ocr_par' dir='ltr' id='par_1_81' title="bbox 2005 3384 3574 3464">
     <span class='ocr_line' id='line_1_81' title="bbox 2005 3384 3574 3464; baseline 0.006 -27"><span class='ocrx_word' id='word_1_613' title='bbox 2005 3384 2206 3459; x_wconf 86' lang='grc' dir='ltr'><em>κρίσει,</em></span> <span class='ocrx_word' id='word_1_614' title='bbox 2229 3386 2354 3440; x_wconf 79' lang='grc' dir='ltr'><em>ὅταν</em></span> <span class='ocrx_word' id='word_1_615' title='bbox 2370 3387 2597 3453; x_wconf 74' lang='grc' dir='ltr'><em>ἕκαστος</em></span> <span class='ocrx_word' id='word_1_616' title='bbox 2621 3389 2759 3444; x_wconf 71' lang='grc' dir='ltr'><em>κατὰ</em></span> <span class='ocrx_word' id='word_1_617' title='bbox 2786 3390 2885 3461; x_wconf 86' lang='grc' dir='ltr'><em>τὴν</em></span> <span class='ocrx_word' id='word_1_618' title='bbox 2906 3390 3232 3464; x_wconf 66' lang='grc' dir='ltr'><strong>πρᾶξινξ(84)</strong></span> <span class='ocrx_word' id='word_1_619' title='bbox 3254 3390 3574 3463; x_wconf 78' lang='grc' dir='ltr'><em>ἀπολαμϐά-</em></span> 
     </span>
    </p>
   </div>
   <div class='ocr_carea' id='block_1_82' title="bbox 2005 3477 3579 3553">
    <p class='ocr_par' dir='ltr' id='par_1_82' title="bbox 2005 3477 3579 3553">
     <span class='ocr_line' id='line_1_82' title="bbox 2005 3477 3579 3553; baseline -0.011 -2"><span class='ocrx_word' id='word_1_620' title='bbox 2005 3492 2091 3550; x_wconf 72' lang='grc' dir='ltr'><strong>νῐιν</strong></span> <span class='ocrx_word' id='word_1_621' title='bbox 2116 3477 2267 3549; x_wconf 82' lang='grc' dir='ltr'><strong>φησί’</strong></span> <span class='ocrx_word' id='word_1_622' title='bbox 2296 3478 2474 3533; x_wconf 82' lang='grc' dir='ltr'><em>Δεῦτε</em></span> <span class='ocrx_word' id='word_1_623' title='bbox 2492 3518 2509 3545; x_wconf 86' lang='grc'><strong>,</strong></span> <span class='ocrx_word' id='word_1_624' title='bbox 2542 3482 2598 3533; x_wconf 86' lang='grc' dir='ltr'><strong>οί</strong></span> <span class='ocrx_word' id='word_1_625' title='bbox 2616 3480 3009 3551; x_wconf 77' lang='grc' dir='ltr'><em>εὐλογημένοι</em></span> <span class='ocrx_word' id='word_1_626' title='bbox 3048 3481 3154 3536; x_wconf 89' lang='grc' dir='ltr'><strong>τοῦ</strong></span> <span class='ocrx_word' id='word_1_627' title='bbox 3175 3485 3405 3551; x_wconf 87' lang='grc' dir='ltr'><em>Πατρός</em></span> <span class='ocrx_word' id='word_1_628' title='bbox 3420 3501 3538 3553; x_wconf 89' lang='grc' dir='ltr'><strong>μου</strong></span> <span class='ocrx_word' id='word_1_629' title='bbox 3560 3502 3579 3515; x_wconf 84' lang='lat'><strong>-</strong></span> 
     </span>
    </p>
   </div>
   <div class='ocr_carea' id='block_1_83' title="bbox 2004 3569 3586 3644">
    <p class='ocr_par' dir='ltr' id='par_1_83' title="bbox 2004 3569 3586 3644">
     <span class='ocr_line' id='line_1_83' title="bbox 2004 3569 3586 3644; baseline 0.006 -23"><span class='ocrx_word' id='word_1_630' title='bbox 2004 3569 2497 3639; x_wconf 80' lang='grc' dir='ltr'><em>κληρονομήσατε</em></span> <span class='ocrx_word' id='word_1_631' title='bbox 2514 3569 2627 3639; x_wconf 80' lang='grc' dir='ltr'><em>τὴν</em></span> <span class='ocrx_word' id='word_1_632' title='bbox 2644 3572 3089 3642; x_wconf 82' lang='grc' dir='ltr'><em>ἡτοιμασμένην</em></span> <span class='ocrx_word' id='word_1_633' title='bbox 3107 3576 3586 3644; x_wconf 77' lang='grc' dir='ltr'><em>ὐμῖνβασιλείαν</em></span> 
     </span>
    </p>
   </div>
   <div class='ocr_carea' id='block_1_84' title="bbox 2003 3660 3583 3742">
    <p class='ocr_par' dir='ltr' id='par_1_84' title="bbox 2003 3660 3583 3742">
     <span class='ocr_line' id='line_1_84' title="bbox 2003 3660 3583 3742; baseline 0.004 -25"><span class='ocrx_word' id='word_1_634' title='bbox 2003 3660 2121 3717; x_wconf 83' lang='grc' dir='ltr'><strong>ἀπὸ</strong></span> <span class='ocrx_word' id='word_1_635' title='bbox 2151 3662 2491 3732; x_wconf 79' lang='grc' dir='ltr'><em>καταϐολῆς</em></span> <span class='ocrx_word' id='word_1_636' title='bbox 2526 3665 2778 3734; x_wconf 84' lang='grc' dir='ltr'><em>κόσμου.</em></span> <span class='ocrx_word' id='word_1_637' title='bbox 2838 3666 2964 3731; x_wconf 86' lang='grc' dir='ltr'><strong>Πῶς</strong></span> <span class='ocrx_word' id='word_1_638' title='bbox 2994 3662 3087 3722; x_wconf 82' lang='grc' dir='ltr'><em>οὖν</em></span> <span class='ocrx_word' id='word_1_639' title='bbox 3117 3667 3154 3740; x_wconf 76' lang='grc' dir='ltr'><strong>ἢ</strong></span> <span class='ocrx_word' id='word_1_640' title='bbox 3185 3668 3242 3723; x_wconf 85' lang='grc' dir='ltr'><strong>ἐν</strong></span> <span class='ocrx_word' id='word_1_641' title='bbox 3270 3667 3375 3722; x_wconf 86' lang='grc' dir='ltr'><em>τίνι</em></span> <span class='ocrx_word' id='word_1_642' title='bbox 3403 3709 3419 3732; x_wconf 90' lang='grc'><strong>,</strong></span> <span class='ocrx_word' id='word_1_643' title='bbox 3451 3671 3583 3742; x_wconf 72' lang='grc' dir='ltr'><em>πρὶν</em></span> 
     </span>
    </p>
   </div>
   <div class='ocr_carea' id='block_1_85' title="bbox 2003 3753 3584 3835">
    <p class='ocr_par' dir='ltr' id='par_1_85' title="bbox 2003 3753 3584 3835">
     <span class='ocr_line' id='line_1_85' title="bbox 2003 3753 3584 3835; baseline 0.006 -29"><span class='ocrx_word' id='word_1_644' title='bbox 2003 3753 2257 3822; x_wconf 86' lang='grc' dir='ltr'><em>γενέσθαι</em></span> <span class='ocrx_word' id='word_1_645' title='bbox 2281 3756 2461 3826; x_wconf 80' lang='grc' dir='ltr'><em>ἡμᾶς,</em></span> <span class='ocrx_word' id='word_1_646' title='bbox 2498 3755 2801 3830; x_wconf 76' lang='grc' dir='ltr'><em>ἡτοιμάσθη</em></span> <span class='ocrx_word' id='word_1_647' title='bbox 2824 3798 2839 3823; x_wconf 93' lang='grc'><strong>,</strong></span> <span class='ocrx_word' id='word_1_648' title='bbox 2875 3760 2924 3812; x_wconf 92' lang='grc' dir='ltr'><strong>εἰ</strong></span> <span class='ocrx_word' id='word_1_649' title='bbox 2961 3759 3036 3832; x_wconf 83' lang='grc' dir='ltr'><em>μὴ</em></span> <span class='ocrx_word' id='word_1_650' title='bbox 3067 3761 3125 3815; x_wconf 87' lang='grc' dir='ltr'><strong>ἐν</strong></span> <span class='ocrx_word' id='word_1_651' title='bbox 3158 3759 3236 3832; x_wconf 80' lang='grc' dir='ltr'><em>τῷ</em></span> <span class='ocrx_word' id='word_1_652' title='bbox 3266 3762 3453 3835; x_wconf 82' lang='grc' dir='ltr'><em>Κυρίῳ</em></span> <span class='ocrx_word' id='word_1_653' title='bbox 3501 3761 3584 3833; x_wconf 79' lang='grc' dir='ltr'><em>τῷ</em></span> 
     </span>
    </p>
   </div>
   <div class='ocr_carea' id='block_1_86' title="bbox 2004 3844 3581 3922">
    <p class='ocr_par' dir='ltr' id='par_1_86' title="bbox 2004 3844 3581 3922">
     <span class='ocr_line' id='line_1_86' title="bbox 2004 3844 3581 3922; baseline 0.006 -26"><span class='ocrx_word' id='word_1_654' title='bbox 2004 3844 2111 3916; x_wconf 84' lang='grc' dir='ltr'><em>πρὸ</em></span> <span class='ocrx_word' id='word_1_655' title='bbox 2143 3844 2337 3910; x_wconf 87' lang='grc' dir='ltr'><em>αἰῶνος</em></span> <span class='ocrx_word' id='word_1_656' title='bbox 2365 3846 2445 3910; x_wconf 81' lang='grc' dir='ltr'><strong>εἰς</strong></span> <span class='ocrx_word' id='word_1_657' title='bbox 2475 3845 2634 3900; x_wconf 80' lang='grc' dir='ltr'><em>τοῦτο</em></span> <span class='ocrx_word' id='word_1_658' title='bbox 2658 3846 3058 3919; x_wconf 84' lang='grc' dir='ltr'><em>θεμελιωθέντι,</em></span> <span class='ocrx_word' id='word_1_659' title='bbox 3095 3850 3356 3922; x_wconf 81' lang='grc' dir='ltr'><em>ἶν’ήμεῖς,</em></span> <span class='ocrx_word' id='word_1_660' title='bbox 3383 3851 3458 3915; x_wconf 84' lang='grc' dir='ltr'><em>ὼς</em></span> <span class='ocrx_word' id='word_1_661' title='bbox 3489 3851 3581 3904; x_wconf 77' lang='grc' dir='ltr'><em>ἐπ’</em></span> 
     </span>
    </p>
   </div>
   <div class='ocr_carea' id='block_1_87' title="bbox 2004 3935 3583 4013">
    <p class='ocr_par' dir='ltr' id='par_1_87' title="bbox 2004 3935 3583 4013">
     <span class='ocr_line' id='line_1_87' title="bbox 2004 3935 3583 4013; baseline 0.005 -25"><span class='ocrx_word' id='word_1_662' title='bbox 2004 3935 2167 3989; x_wconf 81' lang='grc' dir='ltr'><em>αὐτὸν</em></span> <span class='ocrx_word' id='word_1_663' title='bbox 2194 3936 2703 4010; x_wconf 77' lang='grc' dir='ltr'><em>ἐποικοδομούμενοι</em></span> <span class='ocrx_word' id='word_1_664' title='bbox 2737 3939 2875 4010; x_wconf 83' lang='grc'>(85),</span> <span class='ocrx_word' id='word_1_665' title='bbox 2903 3939 3311 4013; x_wconf 78' lang='grc' dir='ltr'><em>μεταλάϐωμεν,</em></span> <span class='ocrx_word' id='word_1_666' title='bbox 3341 3942 3416 4006; x_wconf 84' lang='grc' dir='ltr'><em>ὡς</em></span> <span class='ocrx_word' id='word_1_667' title='bbox 3441 3941 3583 3996; x_wconf 89' lang='grc' dir='ltr'><em>λίθοι</em></span> 
     </span>
    </p>
   </div>
   <div class='ocr_carea' id='block_1_88' title="bbox 2003 4026 3576 4107">
    <p class='ocr_par' dir='ltr' id='par_1_88' title="bbox 2003 4026 3576 4107">
     <span class='ocr_line' id='line_1_88' title="bbox 2003 4026 3576 4107; baseline 0.007 -29"><span class='ocrx_word' id='word_1_668' title='bbox 2003 4026 2368 4099; x_wconf 80' lang='grc' dir='ltr'><em>εὐάρμοστοι,</em></span> <span class='ocrx_word' id='word_1_669' title='bbox 2414 4031 2515 4101; x_wconf 82' lang='grc' dir='ltr'><strong>τῆς</strong></span> <span class='ocrx_word' id='word_1_670' title='bbox 2573 4032 2704 4104; x_wconf 85' lang='grc' dir='ltr'><em>παρ’</em></span> <span class='ocrx_word' id='word_1_671' title='bbox 2738 4033 2903 4087; x_wconf 78' lang='grc' dir='ltr'><em>αὐτοῦ</em></span> <span class='ocrx_word' id='word_1_672' title='bbox 2932 4034 3079 4105; x_wconf 79' lang='grc' dir='ltr'><em>ζωῆς</em></span> <span class='ocrx_word' id='word_1_673' title='bbox 3123 4052 3183 4088; x_wconf 89' lang='grc' dir='ltr'><strong>τε</strong></span> <span class='ocrx_word' id='word_1_674' title='bbox 3215 4036 3309 4089; x_wconf 75' lang='grc' dir='ltr'><em>καὶ</em></span> <span class='ocrx_word' id='word_1_675' title='bbox 3336 4035 3576 4107; x_wconf 84' lang='grc' dir='ltr'><em>χάριτος.</em></span> 
     </span>
    </p>
   </div>
   <div class='ocr_carea' id='block_1_89' title="bbox 2004 4118 3582 4199">
    <p class='ocr_par' dir='ltr' id='par_1_89' title="bbox 2004 4118 3582 4199">
     <span class='ocr_line' id='line_1_89' title="bbox 2004 4118 3582 4199; baseline 0.005 -28"><span class='ocrx_word' id='word_1_676' title='bbox 2004 4118 2171 4172; x_wconf 82' lang='grc' dir='ltr'><em>Τοῦτο</em></span> <span class='ocrx_word' id='word_1_677' title='bbox 2201 4120 2257 4173; x_wconf 87' lang='grc' dir='ltr'><strong>δέ</strong></span> <span class='ocrx_word' id='word_1_678' title='bbox 2289 4121 2531 4189; x_wconf 88' lang='grc' dir='ltr'><em>γέγονεν,</em></span> <span class='ocrx_word' id='word_1_679' title='bbox 2558 4121 2634 4187; x_wconf 83' lang='grc' dir='ltr'><em>ὣς</em></span> <span class='ocrx_word' id='word_1_680' title='bbox 2660 4139 2724 4192; x_wconf 87' lang='grc' dir='ltr'><strong>γε</strong></span> <span class='ocrx_word' id='word_1_681' title='bbox 2752 4125 2987 4197; x_wconf 82' lang='grc' dir='ltr'><em>μετρίως</em></span> <span class='ocrx_word' id='word_1_682' title='bbox 3012 4125 3122 4197; x_wconf 87' lang='grc'><strong>(86)</strong></span> <span class='ocrx_word' id='word_1_683' title='bbox 3155 4124 3447 4199; x_wconf 79' lang='grc' dir='ltr'><em>ἐπέρχεταί</em></span> <span class='ocrx_word' id='word_1_684' title='bbox 3470 4142 3582 4179; x_wconf 82' lang='grc' dir='ltr'><em>τινι</em></span> 
     </span>
    </p>
   </div>
   <div class='ocr_carea' id='block_1_90' title="bbox 2003 4212 3584 4290">
    <p class='ocr_par' dir='ltr' id='par_1_90' title="bbox 2003 4212 3584 4290">
     <span class='ocr_line' id='line_1_90' title="bbox 2003 4212 3584 4290; baseline 0.003 -25"><span class='ocrx_word' id='word_1_685' title='bbox 2003 4212 2142 4265; x_wconf 84' lang='grc' dir='ltr'><em>νοεῖν</em></span> <span class='ocrx_word' id='word_1_686' title='bbox 2178 4212 2444 4280; x_wconf 79' lang='grc' dir='ltr'><em>εὐσεϐῶς,</em></span> <span class='ocrx_word' id='word_1_687' title='bbox 2477 4215 2565 4268; x_wconf 82' lang='grc' dir='ltr'><em>ἵνα</em></span> <span class='ocrx_word' id='word_1_688' title='bbox 2587 4254 2602 4279; x_wconf 95' lang='grc'><strong>,</strong></span> <span class='ocrx_word' id='word_1_689' title='bbox 2632 4215 2774 4270; x_wconf 87' lang='grc' dir='ltr'><em>καθὰ</em></span> <span class='ocrx_word' id='word_1_690' title='bbox 2801 4220 3080 4290; x_wconf 87' lang='grc' dir='ltr'><em>προεῖπον,</em></span> <span class='ocrx_word' id='word_1_691' title='bbox 3112 4218 3442 4282; x_wconf 80' lang='grc' dir='ltr'><em>ἀναστάντες</em></span> <span class='ocrx_word' id='word_1_692' title='bbox 3470 4217 3584 4271; x_wconf 82' lang='grc' dir='ltr'><strong>ἀπὸ</strong></span> 
     </span>
    </p>
   </div>
   <div class='ocr_carea' id='block_1_91' title="bbox 2002 4301 3582 4381">
    <p class='ocr_par' dir='ltr' id='par_1_91' title="bbox 2002 4301 3582 4381">
     <span class='ocr_line' id='line_1_91' title="bbox 2002 4301 3582 4381; baseline 0.005 -26"><span class='ocrx_word' id='word_1_693' title='bbox 2002 4301 2096 4356; x_wconf 79' lang='grc' dir='ltr'><strong>τοῦ</strong></span> <span class='ocrx_word' id='word_1_694' title='bbox 2129 4305 2263 4376; x_wconf 86' lang='grc' dir='ltr'><em>πρὸς</em></span> <span class='ocrx_word' id='word_1_695' title='bbox 2297 4304 2477 4375; x_wconf 85' lang='grc' dir='ltr'><em>ὀλίγον</em></span> <span class='ocrx_word' id='word_1_696' title='bbox 2505 4306 2733 4363; x_wconf 85' lang='grc' dir='ltr'><em>θανάτου</em></span> <span class='ocrx_word' id='word_1_697' title='bbox 2754 4348 2771 4374; x_wconf 88' lang='grc'><strong>,</strong></span> <span class='ocrx_word' id='word_1_698' title='bbox 2808 4310 3043 4375; x_wconf 89' lang='grc' dir='ltr'><em>αἰωνίως</em></span> <span class='ocrx_word' id='word_1_699' title='bbox 3073 4310 3233 4381; x_wconf 80' lang='grc' dir='ltr'><em>ζῆσαι</em></span> <span class='ocrx_word' id='word_1_700' title='bbox 3274 4310 3386 4381; x_wconf 81' lang='grc'>(87)</span> <span class='ocrx_word' id='word_1_701' title='bbox 3416 4310 3582 4379; x_wconf 89' lang='grc' dir='ltr'><em>δυνη-</em></span> 
     </span>
    </p>
   </div>
   <div class='ocr_carea' id='block_1_92' title="bbox 2003 4394 3582 4473">
    <p class='ocr_par' dir='ltr' id='par_1_92' title="bbox 2003 4394 3582 4473">
     <span class='ocr_line' id='line_1_92' title="bbox 2003 4394 3582 4473; baseline 0.004 -25"><span class='ocrx_word' id='word_1_702' title='bbox 2003 4394 2185 4467; x_wconf 80' lang='grc' dir='ltr'><em>θῶμεν</em></span> <span class='ocrx_word' id='word_1_703' title='bbox 2201 4413 2216 4427; x_wconf 91' lang='grc'><strong>·</strong></span> <span class='ocrx_word' id='word_1_704' title='bbox 2251 4397 2349 4451; x_wconf 81' lang='grc' dir='ltr'><strong>οὐκ</strong></span> <span class='ocrx_word' id='word_1_705' title='bbox 2377 4398 2444 4453; x_wconf 84' lang='grc' dir='ltr'><em>ἂν</em></span> <span class='ocrx_word' id='word_1_706' title='bbox 2468 4398 2783 4470; x_wconf 84' lang='grc' dir='ltr'><em>δυνηθέντες</em></span> <span class='ocrx_word' id='word_1_707' title='bbox 2804 4400 2901 4457; x_wconf 81' lang='grc' dir='ltr'><em>ἄνθ</em></span> <span class='ocrx_word' id='word_1_708' title='bbox 2910 4418 3082 4472; x_wconf 84' lang='grc' dir='ltr'><em>ρωποι</em></span> <span class='ocrx_word' id='word_1_709' title='bbox 3102 4402 3453 4473; x_wconf 85' lang='grc' dir='ltr'><em>τυγχάνοντες</em></span> <span class='ocrx_word' id='word_1_710' title='bbox 3468 4401 3582 4455; x_wconf 79' lang='grc' dir='ltr'><strong>ἀπὸ</strong></span> 
     </span>
    </p>
   </div>
   <div class='ocr_carea' id='block_1_93' title="bbox 2013 4579 2569 4660">
    <p class='ocr_par' dir='ltr' id='par_1_93' title="bbox 2013 4579 2569 4660">
     <span class='ocr_line' id='line_1_93' title="bbox 2013 4579 2569 4660; baseline 0.013 -17"><span class='ocrx_word' id='word_1_711' title='bbox 2013 4589 2060 4622; x_wconf 79' lang='grc'><strong>’⁸</strong></span> <span class='ocrx_word' id='word_1_712' title='bbox 2082 4590 2278 4648; x_wconf 87' lang='lat' dir='ltr'><strong>Matth.</strong></span> <span class='ocrx_word' id='word_1_713' title='bbox 2314 4579 2569 4660; x_wconf 70' lang='lat' dir='ltr'><strong>xxv,‘54.</strong></span> 
     </span>
    </p>
   </div>
   <div class='ocr_carea' id='block_1_94' title="bbox 404 4772 1927 4860">
    <p class='ocr_par' dir='ltr' id='par_1_94' title="bbox 404 4772 1908 4860">
     <span class='ocr_line' id='line_1_94' title="bbox 404 4772 1908 4860; baseline 0.004 -32"><span class='ocrx_word' id='word_1_714' title='bbox 404 4772 515 4859; x_wconf 59' lang='lat'>(:16)</span> <span class='ocrx_word' id='word_1_715' title='bbox 543 4773 752 4860; x_wconf 40' lang='lat' dir='ltr'><strong>ﬁeg&#39;iu‘s</strong></span> <span class='ocrx_word' id='word_1_716' title='bbox 773 4786 827 4860; x_wconf 73' lang='lat' dir='ltr'><strong>et</strong></span> <span class='ocrx_word' id='word_1_717' title='bbox 852 4776 999 4842; x_wconf 79' lang='lat' dir='ltr'><strong>Felc.</strong></span> <span class='ocrx_word' id='word_1_718' title='bbox 1031 4777 1379 4860; x_wconf 39' lang='lat' dir='ltr'><strong>domintum,</strong></span> <span class='ocrx_word' id='word_1_719' title='bbox 1426 4776 1487 4859; x_wconf 61' lang='grc' dir='ltr'><strong>οὐ</strong></span> <span class='ocrx_word' id='word_1_720' title='bbox 1504 4777 1646 4860; x_wconf 49' lang='grc' dir='ltr'><em>κατέ</em></span> <span class='ocrx_word' id='word_1_721' title='bbox 1676 4777 1749 4860; x_wconf 57' lang='grc' dir='ltr'><strong>τά</strong></span> <span class='ocrx_word' id='word_1_722' title='bbox 1769 4777 1908 4860; x_wconf 75' lang='grc' dir='ltr'><em>ἔργα</em></span> 
     </span>
    </p>
   </div>
   <div class='ocr_carea' id='block_1_95' title="bbox 2022 4772 3586 4860">
    <p class='ocr_par' dir='ltr' id='par_1_95' title="bbox 2022 4778 3586 4860">
     <span class='ocr_line' id='line_1_95' title="bbox 2022 4778 3586 4860; baseline -0.006 -19"><span class='ocrx_word' id='word_1_723' title='bbox 2022 4778 2173 4860; x_wconf 62' lang='lat' dir='ltr'><strong>iidem</strong></span> <span class='ocrx_word' id='word_1_724' title='bbox 2225 4788 2288 4860; x_wconf 56' lang='lat' dir='ltr'><strong>et</strong></span> <span class='ocrx_word' id='word_1_725' title='bbox 2335 4779 2652 4860; x_wconf 62' lang='lat' dir='ltr'><strong>Segrterian:</strong></span> <span class='ocrx_word' id='word_1_726' title='bbox 2694 4780 2826 4851; x_wconf 81' lang='lat' dir='ltr'><strong>Reg.</strong></span> <span class='ocrx_word' id='word_1_727' title='bbox 2871 4779 3063 4860; x_wconf 43' lang='grc' dir='ltr'><strong>ἔδεις..</strong></span> <span class='ocrx_word' id='word_1_728' title='bbox 3116 4779 3144 4833; x_wconf 86' lang='grc' dir='ltr'><strong>ι</strong></span> <span class='ocrx_word' id='word_1_729' title='bbox 3172 4788 3227 4860; x_wconf 76' lang='lat' dir='ltr'><strong>et</strong></span> <span class='ocrx_word' id='word_1_730' title='bbox 3261 4781 3314 4860; x_wconf 67' lang='grc' dir='ltr'><em>ξ,</em></span> <span class='ocrx_word' id='word_1_731' title='bbox 3346 4780 3403 4860; x_wconf 62' lang='grc' dir='ltr'><strong>ἐν</strong></span> <span class='ocrx_word' id='word_1_732' title='bbox 3430 4779 3586 4851; x_wconf 75' lang='grc' dir='ltr'><em>αὐτῷ</em></span> 
     </span>
    </p>
   </div>
   <div class='ocr_carea' id='block_1_96' title="bbox 327 4844 1927 4970">
    <p class='ocr_par' dir='ltr' id='par_1_96' title="bbox 327 4844 1901 4970">
     <span class='ocr_line' id='line_1_96' title="bbox 327 4844 1901 4970; baseline 0.003 -70"><span class='ocrx_word' id='word_1_733' title='bbox 327 4844 507 4970; x_wconf 39' lang='grc' dir='ltr'><em>ἶᾼμῶν,</em></span> <span class='ocrx_word' id='word_1_734' title='bbox 537 4844 690 4899; x_wconf 75' lang='grc' dir='ltr'><em>ἀλλά.</em></span> <span class='ocrx_word' id='word_1_735' title='bbox 714 4844 941 4913; x_wconf 87' lang='lat' dir='ltr'><strong>lbidem,</strong></span> <span class='ocrx_word' id='word_1_736' title='bbox 960 4862 1057 4917; x_wconf 88' lang='lat' dir='ltr'><strong>pro</strong></span> <span class='ocrx_word' id='word_1_737' title='bbox 1073 4846 1229 4913; x_wconf 81' lang='grc' dir='ltr'><em>ἰδίαν,</em></span> <span class='ocrx_word' id='word_1_738' title='bbox 1250 4845 1565 4929; x_wconf 68' lang='lat' dir='ltr'><strong>Seguerian.</strong></span> <span class='ocrx_word' id='word_1_739' title='bbox 1582 4844 1901 4919; x_wconf 30' lang='lat' dir='ltr'><strong>.Gobleria&#39;n.</strong></span> 
     </span>
     <span class='ocr_line' id='line_1_97' title="bbox 376 4915 1900 4970; baseline 0 0"><span class='ocrx_word' id='word_1_740' title='bbox 376 4915 530 4970; x_wconf 67' lang='lat' dir='ltr'><strong>ech</strong></span> <span class='ocrx_word' id='word_1_741' title='bbox 568 4927 622 4970; x_wconf 90' lang='lat' dir='ltr'><strong>et</strong></span> <span class='ocrx_word' id='word_1_742' title='bbox 653 4915 713 4970; x_wconf 79' lang='grc'><em>4.</em></span> <span class='ocrx_word' id='word_1_743' title='bbox 770 4916 976 4970; x_wconf 84' lang='lat' dir='ltr'><strong>habent</strong></span> <span class='ocrx_word' id='word_1_744' title='bbox 1021 4917 1245 4970; x_wconf 86' lang='grc' dir='ltr'><em>οἰκείαν.</em></span> <span class='ocrx_word' id='word_1_745' title='bbox 1274 4917 1591 4970; x_wconf 79' lang='lat' dir='ltr'><strong>Seauenan.</strong></span> <span class='ocrx_word' id='word_1_746' title='bbox 1642 4930 1900 4970; x_wconf 66' lang='lat' dir='ltr'><strong>praeterea</strong></span> 
     </span>
    </p>
   </div>
   <div class='ocr_carea' id='block_1_97' title="bbox 2022 4844 3580 4970">
    <p class='ocr_par' dir='ltr' id='par_1_97' title="bbox 2022 4844 3580 4970">
     <span class='ocr_line' id='line_1_98' title="bbox 2022 4844 3580 4970; baseline 0.001 -68"><span class='ocrx_word' id='word_1_747' title='bbox 2022 4844 2434 4970; x_wconf 51' lang='grc' dir='ltr'><em>δέόποιηθῆναιῖ</em></span> <span class='ocrx_word' id='word_1_748' title='bbox 2460 4849 2651 4906; x_wconf 68' lang='lat' dir='ltr'><strong>Caneri</strong></span> <span class='ocrx_word' id='word_1_749' title='bbox 2719 4844 2804 4906; x_wconf 56' lang='grc' dir='ltr'><em>εἴ</em></span> <span class='ocrx_word' id='word_1_750' title='bbox 2822 4850 2986 4918; x_wconf 83' lang='lat' dir='ltr'><strong>editi,</strong></span> <span class='ocrx_word' id='word_1_751' title='bbox 3047 4851 3105 4903; x_wconf 83' lang='grc' dir='ltr'><strong>ἐν</strong></span> <span class='ocrx_word' id='word_1_752' title='bbox 3157 4849 3307 4921; x_wconf 83' lang='grc' dir='ltr'><em>αὐτῷ</em></span> <span class='ocrx_word' id='word_1_753' title='bbox 3346 4844 3580 4915; x_wconf 75' lang='grc' dir='ltr'><em>ζωοποιὲ</em></span> 
     </span>
     <span class='ocr_line' id='line_1_99' title="bbox 2022 4937 2224 4970; baseline 0 0"><span class='ocrx_word' id='word_1_754' title='bbox 2022 4938 2041 4970; x_wconf 73' lang='grc' dir='ltr'><strong>ίῖ</strong></span> <span class='ocrx_word' id='word_1_755' title='bbox 2080 4937 2224 4970; x_wconf 75' lang='grc' dir='ltr'><em>ηναι.</em></span> 
     </span>
    </p>
   </div>
   <div class='ocr_carea' id='block_1_98' title="bbox 376 4915 1901 4990">
    <p class='ocr_par' dir='ltr' id='par_1_98' title="bbox 376 4915 1901 4990">
     <span class='ocr_line' id='line_1_100' title="bbox 376 4915 1901 4990; baseline 0.003 -20"><span class='ocrx_word' id='word_1_756' title='bbox 376 4915 477 4990; x_wconf 75' lang='grc' dir='ltr'><em>ειε.</em></span> <span class='ocrx_word' id='word_1_757' title='bbox 506 4915 622 4990; x_wconf 70' lang='lat' dir='ltr'><strong>iet</strong></span> <span class='ocrx_word' id='word_1_758' title='bbox 653 4915 713 4981; x_wconf 79' lang='grc'><em>4,</em></span> <span class='ocrx_word' id='word_1_759' title='bbox 770 4915 976 4973; x_wconf 78' lang='lat' dir='ltr'><strong>habent</strong></span> <span class='ocrx_word' id='word_1_760' title='bbox 1021 4917 1245 4971; x_wconf 84' lang='grc' dir='ltr'><em>οἰκείαν.</em></span> <span class='ocrx_word' id='word_1_761' title='bbox 1274 4915 1591 4990; x_wconf 77' lang='lat' dir='ltr'><strong>Ségucrian.</strong></span> <span class='ocrx_word' id='word_1_762' title='bbox 1642 4930 1901 4990; x_wconf 70' lang='lat' dir='ltr'><strong>praeterea</strong></span> 
     </span>
    </p>
   </div>
   <div class='ocr_carea' id='block_1_99' title="bbox 2010 4919 2224 4993">
    <p class='ocr_par' dir='ltr' id='par_1_99' title="bbox 2010 4919 2224 4993">
     <span class='ocr_line' id='line_1_101' title="bbox 2010 4919 2224 4993; baseline 0 0"><span class='ocrx_word' id='word_1_763' title='bbox 2010 4919 2224 4993; x_wconf 58' lang='grc' dir='ltr'><em>ηθῆγειιέ</em></span> 
     </span>
    </p>
   </div>
   <div class='ocr_carea' id='block_1_100' title="bbox 2085 4987 3581 5063">
    <p class='ocr_par' dir='ltr' id='par_1_100' title="bbox 2085 4987 3581 5063">
     <span class='ocr_line' id='line_1_102' title="bbox 2085 4987 3581 5063; baseline 0 -20"><span class='ocrx_word' id='word_1_764' title='bbox 2085 4987 2195 5063; x_wconf 65' lang='grc' dir='ltr'>(ξε)</span> <span class='ocrx_word' id='word_1_765' title='bbox 2223 4987 2348 5063; x_wconf 65' lang='lat' dir='ltr'><strong>Haec</strong></span> <span class='ocrx_word' id='word_1_766' title='bbox 2378 4989 2703 5063; x_wconf 55' lang='lat' dir='ltr'><strong>verbman‘</strong></span> <span class='ocrx_word' id='word_1_767' title='bbox 2741 4993 2798 5045; x_wconf 87' lang='grc' dir='ltr'><strong>ἐν</strong></span> <span class='ocrx_word' id='word_1_768' title='bbox 2816 4990 3009 5063; x_wconf 55' lang='grc' dir='ltr'><em>λρόνῳ</em></span> <span class='ocrx_word' id='word_1_769' title='bbox 3040 4991 3342 5063; x_wconf 75' lang='grc' dir='ltr'><em>γεγονότες,</em></span> <span class='ocrx_word' id='word_1_770' title='bbox 3378 4988 3581 5044; x_wconf 86' lang='lat' dir='ltr'><strong>desunt</strong></span> 
     </span>
    </p>
   </div>
   <div class='ocr_carea' id='block_1_101' title="bbox 2014 5058 3307 5132">
    <p class='ocr_par' dir='ltr' id='par_1_101' title="bbox 2014 5058 3307 5132">
     <span class='ocr_line' id='line_1_103' title="bbox 2014 5058 3307 5132; baseline -0.002 -17"><span class='ocrx_word' id='word_1_771' title='bbox 2014 5060 2067 5115; x_wconf 90' lang='lat' dir='ltr'><strong>in</strong></span> <span class='ocrx_word' id='word_1_772' title='bbox 2096 5058 2424 5132; x_wconf 27' lang='lat' dir='ltr'><strong>‘Seguerian.</strong></span> <span class='ocrx_word' id='word_1_773' title='bbox 2480 5058 2997 5132; x_wconf 55' lang='lat' dir='ltr'><strong>Goblerian.Felgk&#39;.</strong></span> <span class='ocrx_word' id='word_1_774' title='bbox 3053 5058 3083 5114; x_wconf 55' lang='grc'><strong>⁷1</strong></span> <span class='ocrx_word' id='word_1_775' title='bbox 3120 5058 3198 5115; x_wconf 69' lang='grc' dir='ltr'><strong>ει</strong></span> <span class='ocrx_word' id='word_1_776' title='bbox 3255 5061 3307 5132; x_wconf 56' lang='grc' dir='ltr'><strong>ᾧ.</strong></span> 
     </span>
    </p>
   </div>
   <div class='ocr_carea' id='block_1_102' title="bbox 2083 5128 3580 5202">
    <p class='ocr_par' dir='ltr' id='par_1_102' title="bbox 2083 5128 3580 5202">
     <span class='ocr_line' id='line_1_104' title="bbox 2083 5128 3580 5202; baseline 0 -18"><span class='ocrx_word' id='word_1_777' title='bbox 2083 5128 2203 5202; x_wconf 69' lang='grc'>(85)</span> <span class='ocrx_word' id='word_1_778' title='bbox 2221 5130 2537 5202; x_wconf 85' lang='lat' dir='ltr'><strong>Seguerian.</strong></span> <span class='ocrx_word' id='word_1_779' title='bbox 2568 5131 2882 5187; x_wconf 77' lang='lat' dir='ltr'><strong>Goblerian.</strong></span> <span class='ocrx_word' id='word_1_780' title='bbox 2914 5128 3058 5187; x_wconf 88' lang='lat' dir='ltr'><strong>Felc.</strong></span> <span class='ocrx_word' id='word_1_781' title='bbox 3095 5132 3117 5184; x_wconf 81' lang='grc'><strong>1</strong></span> <span class='ocrx_word' id='word_1_782' title='bbox 3173 5141 3227 5186; x_wconf 86' lang='grc' dir='ltr'><strong>ει</strong></span> <span class='ocrx_word' id='word_1_783' title='bbox 3253 5130 3309 5197; x_wconf 77' lang='grc'><em>4,</em></span> <span class='ocrx_word' id='word_1_784' title='bbox 3363 5129 3580 5202; x_wconf 83' lang='grc' dir='ltr'><em>Κυρίῳ.</em></span> 
     </span>
    </p>
   </div>
   <div class='ocr_carea' id='block_1_103' title="bbox 1004 5194 2639 5284">
    <p class='ocr_par' dir='ltr' id='par_1_103' title="bbox 1004 5194 2639 5284">
     <span class='ocr_line' id='line_1_105' title="bbox 1004 5194 2639 5284; baseline 0.001 -31"><span class='ocrx_word' id='word_1_785' title='bbox 1004 5194 1425 5284; x_wconf 46' lang='lat' dir='ltr'><strong>Salues-iamet</strong></span> <span class='ocrx_word' id='word_1_786' title='bbox 1470 5198 1905 5284; x_wconf 46' lang='lat' dir='ltr'><strong>Scripturaﬁox</strong></span> <span class='ocrx_word' id='word_1_787' title='bbox 2010 5194 2369 5284; x_wconf 31' lang='lat' dir='ltr'><strong>EdLilti-et’al&#39;ii,</strong></span> <span class='ocrx_word' id='word_1_788' title='bbox 2400 5202 2639 5284; x_wconf 67' lang='grc' dir='ltr'><strong>ΧριστῷΖ</strong></span> 
     </span>
    </p>
   </div>
   <div class='ocr_carea' id='block_1_104' title="bbox 2082 5269 3582 5342">
    <p class='ocr_par' dir='ltr' id='par_1_104' title="bbox 2082 5269 3582 5342">
     <span class='ocr_line' id='line_1_106' title="bbox 2082 5269 3582 5342; baseline -0.001 -17"><span class='ocrx_word' id='word_1_789' title='bbox 2082 5270 2192 5342; x_wconf 76' lang='grc'>(84)</span> <span class='ocrx_word' id='word_1_790' title='bbox 2244 5269 2563 5341; x_wconf 84' lang='lat' dir='ltr'><strong>Seguerian.</strong></span> <span class='ocrx_word' id='word_1_791' title='bbox 2591 5269 2949 5342; x_wconf 50' lang='lat' dir='ltr'><strong>’Goblerian.</strong></span> <span class='ocrx_word' id='word_1_792' title='bbox 2989 5280 3045 5327; x_wconf 88' lang='lat' dir='ltr'><strong>et</strong></span> <span class='ocrx_word' id='word_1_793' title='bbox 3092 5269 3238 5327; x_wconf 86' lang='lat' dir='ltr'><strong>Felc.</strong></span> <span class='ocrx_word' id='word_1_794' title='bbox 3296 5271 3350 5330; x_wconf 81' lang='lat' dir='ltr'><strong>t.</strong></span> <span class='ocrx_word' id='word_1_795' title='bbox 3408 5270 3582 5335; x_wconf 79' lang='grc' dir='ltr'><em>τάξιν.</em></span> 
     </span>
    </p>
   </div>
   <div class='ocr_carea' id='block_1_105' title="bbox 2010 5340 3039 5414">
    <p class='ocr_par' dir='ltr' id='par_1_105' title="bbox 2010 5340 3039 5414">
     <span class='ocr_line' id='line_1_107' title="bbox 2010 5340 3039 5414; baseline 0.001 -19"><span class='ocrx_word' id='word_1_796' title='bbox 2205 5340 2407 5414; x_wconf 80' lang='grc' dir='ltr'><em>κρίσιν.</em></span> <span class='ocrx_word' id='word_1_797' title='bbox 2437 5343 2545 5414; x_wconf 73' lang='lat' dir='ltr'><strong>Alii</strong></span> <span class='ocrx_word' id='word_1_798' title='bbox 2567 5350 2621 5397; x_wconf 78' lang='lat' dir='ltr'><strong>et</strong></span> <span class='ocrx_word' id='word_1_799' title='bbox 2643 5342 2794 5414; x_wconf 65' lang='lat' dir='ltr'><strong>editi,</strong></span> <span class='ocrx_word' id='word_1_800' title='bbox 2820 5341 3039 5414; x_wconf 76' lang='grc' dir='ltr'><em>πρᾶξιν.</em></span> 
     </span>
    </p>
   </div>
   <div class='ocr_carea' id='block_1_106' title="bbox 2082 5361 3585 5484">
    <p class='ocr_par' dir='ltr' id='par_1_106' title="bbox 2082 5361 3585 5484">
     <span class='ocr_line' id='line_1_108' title="bbox 2082 5361 3039 5414; baseline 0.002 -20"><span class='ocrx_word' id='word_1_801' title='bbox 2082 5361 2174 5395; x_wconf 77' lang='grc' dir='ltr'><em>διι.</em></span> <span class='ocrx_word' id='word_1_802' title='bbox 2205 5361 2240 5395; x_wconf 88' lang='grc' dir='ltr'><strong>κ</strong></span> <span class='ocrx_word' id='word_1_803' title='bbox 2282 5361 2407 5396; x_wconf 87' lang='grc' dir='ltr'><em>ισιν.</em></span> <span class='ocrx_word' id='word_1_804' title='bbox 2437 5361 2545 5396; x_wconf 74' lang='lat' dir='ltr'><strong>Alll</strong></span> <span class='ocrx_word' id='word_1_805' title='bbox 2567 5361 2621 5397; x_wconf 81' lang='grc' dir='ltr'><strong>ει</strong></span> <span class='ocrx_word' id='word_1_806' title='bbox 2643 5361 2794 5404; x_wconf 75' lang='grc' dir='ltr'><em>οαιιι,</em></span> <span class='ocrx_word' id='word_1_807' title='bbox 2820 5361 3039 5414; x_wconf 82' lang='grc' dir='ltr'><em>πραςιν.</em></span> 
     </span>
     <span class='ocr_line' id='line_1_109' title="bbox 2082 5361 3585 5484; baseline 0.001 -19"><span class='ocrx_word' id='word_1_808' title='bbox 2082 5411 2196 5484; x_wconf 80' lang='grc'>(85)</span> <span class='ocrx_word' id='word_1_809' title='bbox 2231 5361 2595 5484; x_wconf 62' lang='grc' dir='ltr'><em>ἕεευειιίεηυε</em></span> <span class='ocrx_word' id='word_1_810' title='bbox 2644 5421 2699 5467; x_wconf 89' lang='lat' dir='ltr'><strong>et</strong></span> <span class='ocrx_word' id='word_1_811' title='bbox 2727 5411 2862 5483; x_wconf 79' lang='lat' dir='ltr'><strong>Reg.</strong></span> <span class='ocrx_word' id='word_1_812' title='bbox 2898 5411 3427 5483; x_wconf 75' lang='grc' dir='ltr'><em>ἐποικοδομούμενοι.</em></span> <span class='ocrx_word' id='word_1_813' title='bbox 3473 5411 3585 5466; x_wconf 81' lang='lat' dir='ltr'><strong>Alii</strong></span> 
     </span>
    </p>
   </div>
   <div class='ocr_carea' id='block_1_107' title="bbox 2007 5480 2743 5553">
    <p class='ocr_par' dir='ltr' id='par_1_107' title="bbox 2007 5480 2743 5553">
     <span class='ocr_line' id='line_1_110' title="bbox 2007 5480 2743 5553; baseline 0 -16"><span class='ocrx_word' id='word_1_814' title='bbox 2007 5490 2064 5537; x_wconf 84' lang='lat' dir='ltr'><strong>et</strong></span> <span class='ocrx_word' id='word_1_815' title='bbox 2093 5480 2250 5553; x_wconf 74' lang='lat' dir='ltr'><strong>editi,</strong></span> <span class='ocrx_word' id='word_1_816' title='bbox 2289 5480 2743 5553; x_wconf 68' lang='grc' dir='ltr'><em>οἰκοδομούμενοι.</em></span> 
     </span>
    </p>
   </div>
   <div class='ocr_carea' id='block_1_108' title="bbox 2078 5549 3591 5624">
    <p class='ocr_par' dir='ltr' id='par_1_108' title="bbox 2078 5549 3591 5624">
     <span class='ocr_line' id='line_1_111' title="bbox 2078 5549 3591 5624; baseline 0.001 -18"><span class='ocrx_word' id='word_1_817' title='bbox 2078 5551 2188 5624; x_wconf 87' lang='lat'>(86)</span> <span class='ocrx_word' id='word_1_818' title='bbox 2218 5549 2533 5624; x_wconf 65' lang='lat' dir='ltr'><strong>Segneria&#39;n.</strong></span> <span class='ocrx_word' id='word_1_819' title='bbox 2573 5549 2882 5624; x_wconf 80' lang='lat' dir='ltr'><strong>Goblerian.</strong></span> <span class='ocrx_word' id='word_1_820' title='bbox 2927 5549 3084 5624; x_wconf 87' lang='lat' dir='ltr'><strong>_Felc.</strong></span> <span class='ocrx_word' id='word_1_821' title='bbox 3121 5551 3264 5624; x_wconf 45' lang='lat' dir='ltr'><strong>iet</strong></span> <span class='ocrx_word' id='word_1_822' title='bbox 3288 5552 3342 5615; x_wconf 73' lang='grc'><em>4,</em></span> <span class='ocrx_word' id='word_1_823' title='bbox 3366 5549 3487 5624; x_wconf 28' lang='grc' dir='ltr'><strong>*ὥς</strong></span> <span class='ocrx_word' id='word_1_824' title='bbox 3518 5568 3591 5621; x_wconf 80' lang='grc' dir='ltr'><strong>γε</strong></span> 
     </span>
    </p>
   </div>
   <div class='ocr_carea' id='block_1_109' title="bbox 2013 5619 3580 5694">
    <p class='ocr_par' dir='ltr' id='par_1_109' title="bbox 2013 5619 3580 5694">
     <span class='ocr_line' id='line_1_112' title="bbox 2013 5619 3580 5694; baseline 0.001 -18"><span class='ocrx_word' id='word_1_825' title='bbox 2013 5619 2267 5694; x_wconf 78' lang='grc' dir='ltr'><em>μετρίως.</em></span> <span class='ocrx_word' id='word_1_826' title='bbox 2294 5619 2352 5676; x_wconf 84' lang='lat' dir='ltr'><strong>In</strong></span> <span class='ocrx_word' id='word_1_827' title='bbox 2377 5623 2499 5694; x_wconf 87' lang='lat' dir='ltr'><strong>aliis</strong></span> <span class='ocrx_word' id='word_1_828' title='bbox 2518 5631 2573 5677; x_wconf 88' lang='lat' dir='ltr'><strong>et</strong></span> <span class='ocrx_word' id='word_1_829' title='bbox 2592 5622 2773 5694; x_wconf 80' lang='lat' dir='ltr'><strong>editis,</strong></span> <span class='ocrx_word' id='word_1_830' title='bbox 2800 5639 2864 5690; x_wconf 87' lang='grc' dir='ltr'><strong>γε</strong></span> <span class='ocrx_word' id='word_1_831' title='bbox 2909 5620 3079 5678; x_wconf 88' lang='lat' dir='ltr'><strong>deest.</strong></span> <span class='ocrx_word' id='word_1_832' title='bbox 3120 5619 3322 5678; x_wconf 84' lang='lat' dir='ltr'><strong>ibidem</strong></span> <span class='ocrx_word' id='word_1_833' title='bbox 3355 5619 3580 5678; x_wconf 80' lang='lat' dir='ltr'><strong>Gobler.</strong></span> 
     </span>
    </p>
   </div>
   <div class='ocr_carea' id='block_1_110' title="bbox 2009 5692 2694 5763">
    <p class='ocr_par' dir='ltr' id='par_1_110' title="bbox 2009 5692 2694 5763">
     <span class='ocr_line' id='line_1_113' title="bbox 2009 5692 2694 5763; baseline -0.007 -13"><span class='ocrx_word' id='word_1_834' title='bbox 2009 5692 2057 5750; x_wconf 78' lang='lat' dir='ltr'><strong>et</strong></span> <span class='ocrx_word' id='word_1_835' title='bbox 2091 5692 2239 5763; x_wconf 80' lang='lat' dir='ltr'><strong>Feic.</strong></span> <span class='ocrx_word' id='word_1_836' title='bbox 2266 5694 2313 5758; x_wconf 87' lang='lat' dir='ltr'><strong>l,</strong></span> <span class='ocrx_word' id='word_1_837' title='bbox 2344 5692 2694 5763; x_wconf 79' lang='grc' dir='ltr'><em>ἐπέρχεσθαι.</em></span> 
     </span>
    </p>
   </div>
   <div class='ocr_carea' id='block_1_111' title="bbox 2084 5758 3268 5835">
    <p class='ocr_par' dir='ltr' id='par_1_111' title="bbox 2084 5758 3268 5835">
     <span class='ocr_line' id='line_1_114' title="bbox 2084 5758 3268 5835; baseline 0.001 -19"><span class='ocrx_word' id='word_1_838' title='bbox 2084 5763 2197 5835; x_wconf 83' lang='grc'>(87)</span> <span class='ocrx_word' id='word_1_839' title='bbox 2222 5762 2312 5818; x_wconf 90' lang='lat' dir='ltr'><strong>Sic</strong></span> <span class='ocrx_word' id='word_1_840' title='bbox 2340 5758 2569 5818; x_wconf 56' lang='lat' dir='ltr'><strong>mssl&#39;At</strong></span> <span class='ocrx_word' id='word_1_841' title='bbox 2589 5762 2742 5827; x_wconf 88' lang='lat' dir='ltr'><strong>editi,</strong></span> <span class='ocrx_word' id='word_1_842' title='bbox 2769 5758 2963 5825; x_wconf 71' lang='grc' dir='ltr'><em>ζῶσαι,</em></span> <span class='ocrx_word' id='word_1_843' title='bbox 2991 5761 3268 5818; x_wconf 82' lang='lat' dir='ltr'><strong>mendose.</strong></span> 
     </span>
    </p>
   </div>
   <div class='ocr_carea' id='block_1_112' title="bbox 327 4986 671 5058">
    <p class='ocr_par' dir='ltr' id='par_1_112' title="bbox 327 4986 671 5058">
     <span class='ocr_line' id='line_1_115' title="bbox 327 4986 671 5058; baseline 0 -17"><span class='ocrx_word' id='word_1_844' title='bbox 327 4986 671 5058; x_wconf 21' lang='lat' dir='ltr'><strong>TﬁVthiltil.</strong></span> 
     </span>
    </p>
   </div>
   <div class='ocr_carea' id='block_1_113' title="bbox 402 5056 1913 5130">
    <p class='ocr_par' dir='ltr' id='par_1_113' title="bbox 402 5056 1913 5130">
     <span class='ocr_line' id='line_1_116' title="bbox 402 5056 1913 5130; baseline 0.002 -20"><span class='ocrx_word' id='word_1_845' title='bbox 402 5056 516 5127; x_wconf 87' lang='lat'><strong>(77)</strong></span> <span class='ocrx_word' id='word_1_846' title='bbox 552 5056 607 5111; x_wconf 90' lang='lat' dir='ltr'><strong>In</strong></span> <span class='ocrx_word' id='word_1_847' title='bbox 637 5058 956 5129; x_wconf 87' lang='lat' dir='ltr'><strong>Seguerian.</strong></span> <span class='ocrx_word' id='word_1_848' title='bbox 997 5059 1098 5130; x_wconf 83' lang='grc' dir='ltr'><em>τήν</em></span> <span class='ocrx_word' id='word_1_849' title='bbox 1121 5059 1292 5123; x_wconf 88' lang='lat' dir='ltr'><strong>deest,</strong></span> <span class='ocrx_word' id='word_1_850' title='bbox 1341 5068 1396 5115; x_wconf 87' lang='lat' dir='ltr'><strong>et</strong></span> <span class='ocrx_word' id='word_1_851' title='bbox 1441 5059 1494 5115; x_wconf 93' lang='lat' dir='ltr'><strong>in</strong></span> <span class='ocrx_word' id='word_1_852' title='bbox 1535 5058 1720 5116; x_wconf 70' lang='lat' dir='ltr'><strong>Graeco</strong></span> <span class='ocrx_word' id='word_1_853' title='bbox 1764 5059 1913 5115; x_wconf 87' lang='lat' dir='ltr'><strong>Scri-</strong></span> 
     </span>
    </p>
   </div>
   <div class='ocr_carea' id='block_1_114' title="bbox 331 5135 698 5195">
    <p class='ocr_par' dir='ltr' id='par_1_114' title="bbox 331 5135 698 5195">
     <span class='ocr_line' id='line_1_117' title="bbox 331 5135 698 5195; baseline 0.005 -13"><span class='ocrx_word' id='word_1_854' title='bbox 331 5136 505 5195; x_wconf 77' lang='lat' dir='ltr'><strong>ptura:</strong></span> <span class='ocrx_word' id='word_1_855' title='bbox 530 5135 698 5184; x_wconf 73' lang='lat' dir='ltr'><strong>textu.</strong></span> 
     </span>
    </p>
   </div>
   <div class='ocr_carea' id='block_1_115' title="bbox 405 5196 967 5270">
    <p class='ocr_par' dir='ltr' id='par_1_115' title="bbox 405 5196 967 5270">
     <span class='ocr_line' id='line_1_118' title="bbox 405 5196 967 5270; baseline 0.004 -1"><span class='ocrx_word' id='word_1_856' title='bbox 405 5196 517 5269; x_wconf 73' lang='grc'>(78)</span> <span class='ocrx_word' id='word_1_857' title='bbox 542 5197 732 5270; x_wconf 71' lang='grc' dir='ltr'><strong>,Ἰησοῦ</strong></span> <span class='ocrx_word' id='word_1_858' title='bbox 760 5198 915 5270; x_wconf 66' lang='lat' dir='ltr'><strong>abest</strong></span> <span class='ocrx_word' id='word_1_859' title='bbox 937 5213 967 5270; x_wconf 62' lang='grc' dir='ltr'>ἒ</span> 
     </span>
    </p>
   </div>
   <div class='ocr_carea' id='block_1_116' title="bbox 332 5265 1903 5341">
    <p class='ocr_par' dir='ltr' id='par_1_116' title="bbox 332 5265 1903 5341">
     <span class='ocr_line' id='line_1_119' title="bbox 332 5265 1903 5341; baseline 0.005 -24"><span class='ocrx_word' id='word_1_860' title='bbox 332 5265 718 5341; x_wconf 36' lang='lat' dir='ltr'><strong>‘Se&#39;gucrian&#39;ns,</strong></span> <span class='ocrx_word' id='word_1_861' title='bbox 744 5268 1060 5341; x_wconf 81' lang='lat' dir='ltr'><strong>Goblerian.</strong></span> <span class='ocrx_word' id='word_1_862' title='bbox 1079 5265 1223 5341; x_wconf 83' lang='lat' dir='ltr'><strong>Felc.</strong></span> <span class='ocrx_word' id='word_1_863' title='bbox 1250 5272 1276 5326; x_wconf 82' lang='grc'><strong>1</strong></span> <span class='ocrx_word' id='word_1_864' title='bbox 1299 5281 1355 5327; x_wconf 83' lang='grc' dir='ltr'><strong>ει</strong></span> <span class='ocrx_word' id='word_1_865' title='bbox 1371 5269 1426 5335; x_wconf 73' lang='grc'><em>4,</em></span> <span class='ocrx_word' id='word_1_866' title='bbox 1456 5286 1579 5326; x_wconf 91' lang='lat' dir='ltr'><strong>cum</strong></span> <span class='ocrx_word' id='word_1_867' title='bbox 1594 5265 1903 5341; x_wconf 77' lang='lat' dir='ltr'><strong>Scriptura,</strong></span> 
     </span>
    </p>
   </div>
   <div class='ocr_carea' id='block_1_117' title="bbox 330 5334 1230 5410">
    <p class='ocr_par' dir='ltr' id='par_1_117' title="bbox 330 5334 1230 5410">
     <span class='ocr_line' id='line_1_120' title="bbox 330 5334 1230 5410; baseline 0.006 -19"><span class='ocrx_word' id='word_1_868' title='bbox 330 5334 390 5393; x_wconf 83' lang='grc' dir='ltr'><strong>ἐν</strong></span> <span class='ocrx_word' id='word_1_869' title='bbox 411 5334 762 5410; x_wconf 35' lang='grc' dir='ltr'><em>ίαςιτῷζΕάἰιί</em></span> <span class='ocrx_word' id='word_1_870' title='bbox 788 5349 842 5395; x_wconf 82' lang='grc' dir='ltr'><strong>ει</strong></span> <span class='ocrx_word' id='word_1_871' title='bbox 884 5340 997 5406; x_wconf 87' lang='lat' dir='ltr'><strong>alii,</strong></span> <span class='ocrx_word' id='word_1_872' title='bbox 1034 5340 1230 5410; x_wconf 84' lang='grc' dir='ltr'><em>ἐαυτῷ.</em></span> 
     </span>
    </p>
   </div>
   <div class='ocr_carea' id='block_1_118' title="bbox 399 5406 1904 5479">
    <p class='ocr_par' dir='ltr' id='par_1_118' title="bbox 399 5406 1904 5479">
     <span class='ocr_line' id='line_1_121' title="bbox 399 5406 1904 5479; baseline -0.002 -10"><span class='ocrx_word' id='word_1_873' title='bbox 399 5406 899 5479; x_wconf 55' lang='grc' dir='ltr'><em>(79)’8εευει’ἱιιη.</em></span> <span class='ocrx_word' id='word_1_874' title='bbox 954 5412 1121 5468; x_wconf 87' lang='lat' dir='ltr'><strong>Basil.</strong></span> <span class='ocrx_word' id='word_1_875' title='bbox 1176 5406 1488 5468; x_wconf 81' lang='lat' dir='ltr'><strong>Goblerian.</strong></span> <span class='ocrx_word' id='word_1_876' title='bbox 1550 5419 1606 5465; x_wconf 87' lang='lat' dir='ltr'><strong>et</strong></span> <span class='ocrx_word' id='word_1_877' title='bbox 1650 5410 1789 5466; x_wconf 80' lang='lat' dir='ltr'><strong>Felc.</strong></span> <span class='ocrx_word' id='word_1_878' title='bbox 1850 5412 1904 5479; x_wconf 81' lang='grc'><em>1,</em></span> 
     </span>
    </p>
   </div>
   <div class='ocr_carea' id='block_1_119' title="bbox 330 5476 1627 5546">
    <p class='ocr_par' dir='ltr' id='par_1_119' title="bbox 330 5476 1627 5546">
     <span class='ocr_line' id='line_1_122' title="bbox 330 5476 1627 5546; baseline 0.001 -12"><span class='ocrx_word' id='word_1_879' title='bbox 330 5493 456 5534; x_wconf 73' lang='lat' dir='ltr'><strong>cum</strong></span> <span class='ocrx_word' id='word_1_880' title='bbox 492 5476 788 5546; x_wconf 72' lang='lat' dir='ltr'><strong>Scriptura,</strong></span> <span class='ocrx_word' id='word_1_881' title='bbox 824 5482 1005 5537; x_wconf 75' lang='grc' dir='ltr'><em>αὐτόν.</em></span> <span class='ocrx_word' id='word_1_882' title='bbox 1039 5480 1144 5538; x_wconf 84' lang='lat' dir='ltr'><strong>Alii</strong></span> <span class='ocrx_word' id='word_1_883' title='bbox 1172 5492 1225 5537; x_wconf 89' lang='lat' dir='ltr'><strong>et</strong></span> <span class='ocrx_word' id='word_1_884' title='bbox 1246 5483 1397 5546; x_wconf 89' lang='lat' dir='ltr'><strong>editi,</strong></span> <span class='ocrx_word' id='word_1_885' title='bbox 1419 5482 1627 5535; x_wconf 80' lang='grc' dir='ltr'><em>ἑαυτόν.</em></span> 
     </span>
    </p>
   </div>
   <div class='ocr_carea' id='block_1_120' title="bbox 399 5545 1906 5616">
    <p class='ocr_par' dir='ltr' id='par_1_120' title="bbox 399 5545 1906 5616">
     <span class='ocr_line' id='line_1_123' title="bbox 399 5545 1906 5616; baseline 0.003 -16"><span class='ocrx_word' id='word_1_886' title='bbox 399 5546 512 5615; x_wconf 86' lang='grc'>(80)</span> <span class='ocrx_word' id='word_1_887' title='bbox 566 5545 712 5603; x_wconf 81' lang='lat' dir='ltr'><strong>Felc.</strong></span> <span class='ocrx_word' id='word_1_888' title='bbox 745 5552 801 5611; x_wconf 70' lang='lat'><strong>2,</strong></span> <span class='ocrx_word' id='word_1_889' title='bbox 863 5561 918 5606; x_wconf 89' lang='lat' dir='ltr'><strong>et</strong></span> <span class='ocrx_word' id='word_1_890' title='bbox 969 5553 1136 5608; x_wconf 87' lang='lat' dir='ltr'><strong>editio</strong></span> <span class='ocrx_word' id='word_1_891' title='bbox 1202 5550 1467 5607; x_wconf 84' lang='lat' dir='ltr'><strong>Commel.</strong></span> <span class='ocrx_word' id='word_1_892' title='bbox 1513 5552 1770 5607; x_wconf 91' lang='lat' dir='ltr'><strong>omittunt</strong></span> <span class='ocrx_word' id='word_1_893' title='bbox 1827 5554 1906 5616; x_wconf 79' lang='grc' dir='ltr'><strong>εἰς</strong></span> 
     </span>
    </p>
   </div>
   <div class='ocr_carea' id='block_1_121' title="bbox 330 5617 1904 5688">
    <p class='ocr_par' dir='ltr' id='par_1_121' title="bbox 330 5617 1904 5688">
     <span class='ocr_line' id='line_1_124' title="bbox 330 5617 1904 5688; baseline 0.004 -16"><span class='ocrx_word' id='word_1_894' title='bbox 330 5617 625 5688; x_wconf 73' lang='grc' dir='ltr'><em>υἱοθεσίαν,</em></span> <span class='ocrx_word' id='word_1_895' title='bbox 656 5620 801 5686; x_wconf 84' lang='lat' dir='ltr'><strong>quod</strong></span> <span class='ocrx_word' id='word_1_896' title='bbox 823 5621 1024 5677; x_wconf 88' lang='lat' dir='ltr'><strong>habent</strong></span> <span class='ocrx_word' id='word_1_897' title='bbox 1051 5623 1141 5677; x_wconf 91' lang='lat' dir='ltr'><strong>alii</strong></span> <span class='ocrx_word' id='word_1_898' title='bbox 1180 5638 1316 5679; x_wconf 87' lang='lat' dir='ltr'><strong>mss.</strong></span> <span class='ocrx_word' id='word_1_899' title='bbox 1336 5621 1507 5677; x_wconf 89' lang='lat' dir='ltr'><strong>Paulo</strong></span> <span class='ocrx_word' id='word_1_900' title='bbox 1540 5632 1681 5688; x_wconf 88' lang='lat' dir='ltr'><strong>post,</strong></span> <span class='ocrx_word' id='word_1_901' title='bbox 1709 5621 1904 5678; x_wconf 86' lang='lat' dir='ltr'><strong>Goble-</strong></span> 
     </span>
    </p>
   </div>
   <div class='ocr_carea' id='block_1_122' title="bbox 300 5687 1761 5766">
    <p class='ocr_par' dir='ltr' id='par_1_122' title="bbox 300 5687 1761 5766">
     <span class='ocr_line' id='line_1_125' title="bbox 300 5687 1761 5766; baseline 0.001 -19"><span class='ocrx_word' id='word_1_902' title='bbox 300 5687 733 5766; x_wconf 62' lang='lat' dir='ltr'><strong>&quot;rian.__et_Feic.</strong></span> <span class='ocrx_word' id='word_1_903' title='bbox 752 5690 825 5766; x_wconf 82' lang='lat' dir='ltr'><strong>_i,</strong></span> <span class='ocrx_word' id='word_1_904' title='bbox 859 5692 931 5746; x_wconf 82' lang='grc' dir='ltr'><strong>Ἦ</strong></span> <span class='ocrx_word' id='word_1_905' title='bbox 964 5692 1099 5766; x_wconf 63' lang='grc' dir='ltr'><em>πῶς,</em></span> <span class='ocrx_word' id='word_1_906' title='bbox 1126 5692 1206 5766; x_wconf 76' lang='grc' dir='ltr'><strong>ῶς</strong></span> <span class='ocrx_word' id='word_1_907' title='bbox 1226 5709 1391 5766; x_wconf 79' lang='grc' dir='ltr'><em>φησιν</em></span> <span class='ocrx_word' id='word_1_908' title='bbox 1416 5687 1761 5766; x_wconf 14' lang='grc' dir='ltr'><em>γᾎπόστολος.</em></span> 
     </span>
    </p>
   </div>
   <div class='ocr_carea' id='block_1_123' title="bbox 402 5758 1901 5836">
    <p class='ocr_par' dir='ltr' id='par_1_123' title="bbox 402 5758 1901 5836">
     <span class='ocr_line' id='line_1_126' title="bbox 402 5758 1901 5836; baseline 0.003 -21"><span class='ocrx_word' id='word_1_909' title='bbox 402 5758 515 5831; x_wconf 87' lang='lat' dir='ltr'><strong>(8i)</strong></span> <span class='ocrx_word' id='word_1_910' title='bbox 550 5758 910 5818; x_wconf 83' lang='lat' dir='ltr'><strong>Goblerianus</strong></span> <span class='ocrx_word' id='word_1_911' title='bbox 967 5772 1022 5817; x_wconf 88' lang='lat' dir='ltr'><strong>et</strong></span> <span class='ocrx_word' id='word_1_912' title='bbox 1049 5758 1300 5821; x_wconf 51' lang='lat' dir='ltr'><strong>Fclckmf</strong></span> <span class='ocrx_word' id='word_1_913' title='bbox 1328 5765 1379 5832; x_wconf 79' lang='grc' dir='ltr'><strong>ἰ,</strong></span> <span class='ocrx_word' id='word_1_914' title='bbox 1413 5764 1745 5836; x_wconf 73' lang='grc' dir='ltr'><em>Πνεῦματος.</em></span> <span class='ocrx_word' id='word_1_915' title='bbox 1781 5763 1901 5820; x_wconf 79' lang='lat' dir='ltr'><strong>Mox</strong></span> 
     </span>
    </p>
   </div>
  </div>
