3948 6236
338 288 436 343 3H

979 290 1036 345 S.
1075 288 1447 345 ATHANASII
1489 289 1641 345 OPP.
1678 287 1859 344 PARS
1897 287 1936 341 1.
1987 317 2049 327 -
2093 283 2459 340 HISTORICA
2499 283 2587 337 ET
2627 281 3042 339 DOGMATICA.

3462 283 3497 338 5
3507 283 3570 338 1³2

339 415 370 452 e
397 416 455 455 re
490 414 611 456 esse
637 400 849 455 videtur
895 418 994 458 nec
1028 403 1189 458 istum
1218 404 1445 461 reticere
1476 424 1490 459 :
1526 405 1664 460 forte
1691 403 1899 460 accidet
1926 459 1927 462 η

2036 402 2091 456 δν
2119 403 2260 468 νοῦν,
2293 401 2581 456 ἀκόλουθον
2609 401 2702 454 καὶ
2730 399 2914 453 τοῦτον
2945 399 3034 452 τὸν
3061 397 3182 452 νοῦν
3202 397 3403 451 εἰπεῖν·
3440 397 3571 464 ῐσως

342 500 400 544 ιιι
447 491 634 545 multis
663 490 950 550 afferendis
975 494 1179 564 pudore
1221 495 1523 550 aﬂiciantur
1576 495 1774 550 insani.
1805 493 1901 550 llis

340 588 521 634 autem
556 597 676 651 quae
702 582 814 652 jam
870 592 1097 658 tractata
1127 595 1253 640 sunt
1290 602 1426 655 opus
1459 585 1614 640 nobis
1641 596 1725 640 est
1759 603 1771 638 :
1814 584 1903 639 hic

339 671 485 724 enim
524 670 590 726 de
639 673 829 727 eodem
869 675 1154 744 proverbio
1185 677 1250 730 de
1282 677 1580 746 eademque
1635 675 1903 746 sapientia

342 762 539 832 agitur.
586 760 705 819 Non
735 765 870 819 dixit
905 765 1139 822 Verbum
1168 783 1225 823 se
1257 778 1449 822 natura
1487 783 1610 823 esse
1636 776 1901 833 creatum,

340 855 436 909 sed
462 855 517 908 in
555 853 860 913 Proverbiis
889 859 1043 923 dixit,
1079 859 1332 914 Dominus
1364 861 1555 915 creavit
1586 877 1666 915 me
1697 860 1760 914 ⁷⁸.
1793 858 1904 914 Ma-

342 944 598 1000 nifestum
645 960 728 1003 est
766 959 947 1005 autem
997 951 1086 1007 hic
1139 967 1358 1007 sensum
1387 953 1619 1022 aliquem
1651 967 1760 1006 non
1805 952 1905 1006 ob-

343 1040 488 1094 vium
529 1039 620 1094 sed
653 1039 909 1095 latentem
940 1041 1263 1112 signiﬁcari,
1295 1059 1455 1113 quem
1499 1044 1714 1115 quidem
1773 1059 1905 1098 con-

342 1146 653 1201 sequemur,
704 1131 750 1186 si
798 1133 1067 1202 proverbii
1097 1135 1274 1189 velum
1306 1135 1676 1190 detrahamus.
1710 1134 1908 1205 Ecquis

343 1225 488 1279 enim
516 1224 765 1294 opiﬁcem
797 1223 1131 1295 Sapientiam
1182 1227 1452 1282 dicentem
1491 1227 1755 1291 audiens,
1799 1227 1906 1282 Do-

345 1317 518 1370 minus
559 1317 754 1371 creavit
800 1334 880 1372 me
930 1318 1253 1388 principium
1304 1320 1510 1373 viarum
1555 1335 1775 1374 suarum
1824 1319 1908 1385 τ’,

345 1423 454 1462 non
483 1409 742 1466 continuo
799 1424 1022 1465 sensum
1071 1410 1342 1480 exquirat,
1391 1426 1684 1481 secumque
1717 1411 1913 1482 cogitet

346 1501 620 1570 quomodo
643 1502 876 1557 creatrix
900 1505 1072 1559 creari
1107 1504 1327 1573 possit?
1394 1502 1526 1570 Quis
1574 1505 1911 1575 unigenitum

347 1592 444 1648 Dei
477 1593 672 1648 Filium
725 1609 784 1650 se
837 1594 1050 1650 viarum
1082 1594 1411 1664 principium
1451 1597 1624 1651 creari
1678 1596 1911 1651 aientem

347 1680 594 1746 audiens,
628 1697 736 1737 non
770 1698 877 1752 qua
911 1683 1125 1738 ratione
1158 1683 1209 1738 id
1240 1683 1438 1740 dixerit
1482 1685 1787 1756 investiget,
1819 1686 1914 1741 ad-

2004 497 2068 548 ὲκ
2099 493 2305 548 πολλῶν
2363 491 2698 562 ὲντραπῶσιν
2738 493 2786 544 οἱ
2835 491 3066 560 ἀνόητοι.
3107 489 3276 561 Χρεία
3309 489 3367 542 δὲ
3408 489 3572 545 πάλιν

2003 587 2110 642 τῶν
2155 586 2594 658 προειρημένωνο
2643 584 2769 655 περὶ
2810 582 2918 652 γὰρ
2944 583 3043 653 τῆς
3077 582 3241 652 αὐτῆς
3277 582 3571 653 παροιμίας

2003 679 2096 732 καὶ
2121 679 2218 748 τῆς
2250 678 2416 746 αὐτῆς
2440 675 2627 744 σοφίας
2650 675 2766 727 ἐστὶ
2795 674 2853 726 τὸ
2885 673 3256 743 προκείμενον.
3292 673 3404 725 Οὐκ
3431 671 3573 743 είρη·

2005 788 2101 823 κεν
2133 769 2322 822 ἑαυτὸν
2354 764 2490 820 εἶναι
2525 769 2590 837 τῇ
2643 765 2798 835 φύσει
2844 765 3045 834 κτίσμα
3074 767 3102 817 6
3131 764 3318 833 Λόγος,
3365 763 3477 816 ἀλλ’
3514 766 3570 818 ἐν

2007 861 2330 932 Παροιμίαις
2381 860 2571 931 εἴρηκε
2597 858 2677 922 τὸ,
2710 858 2921 925 Κύριος
2953 855 3152 910 ἕκτισέ
3181 873 3286 925 με·
3307 857 3400 910 καὶ
3415 855 3572 926 δῆλόν

2004 954 2151 1007 ἐστιν
2170 954 2250 1006 ὅτι
2273 950 2395 1005 νοῦν
2431 967 2549 1002 τινα
2573 949 2631 1002 οὺ
2655 948 2950 1019 παρρησίᾳ,
2968 945 3100 1000 ἀλλὰ
3123 946 3309 1000 τοῦτον
3329 964 3572 1017 κεκρυμο

2010 1046 2170 1116 μένον
2205 1042 2474 1114 σημαίνει,
2518 1042 2696 1094 ὅντινα
2729 1039 2821 1093 καὶ
2861 1040 3007 1110 ἡμᾶς
3032 1037 3249 1092 δυνατὸν
3292 1039 3491 1108 εὑρεῖν,
3524 1040 3573 1091 εί

2009 1135 2358 1207 Περιέλοιμεν
2399 1133 2460 1186 τὸ
2492 1131 2749 1202 κάλυμμα
2791 1129 2890 1200 τῆς
2937 1129 3252 1202 παροιμίας.
3307 1128 3403 1190 Τίς
3465 1126 3574 1200 γὰρ

2011 1228 2222 1282 ἀκούων
2249 1227 2346 1298 τῆς
2369 1222 2696 1297 δημιουργοῦ
2723 1221 2932 1292 σοφίας,
2956 1223 3167 1290 Κύριος
3184 1222 3255 1292 (1)
3279 1221 3480 1276 ἐκτισέ
3498 1237 3578 1292 με

2011 1323 2206 1393 ἀρχὴν
2246 1321 2400 1376 ὁδῶν
2446 1318 2652 1381 αὑτοῦ,
2705 1315 3034 1387 φασκούσης,
3080 1314 3180 1368 οὐκ
3223 1312 3380 1377 εὐθὺς
3428 1311 3579 1384 ζητεῖ

2011 1418 2109 1488 τὴν
2145 1416 2400 1478 διάνοιαν,
2438 1410 2781 1481 λογιζόμενος
2830 1406 2948 1471 πῶς
2983 1406 3200 1460 δύναται
3242 1407 3275 1476 ἡ
3323 1404 3579 1468 κτίζουσα

2013 1507 2322 1573 κτίζεσθαι;
2371 1506 2486 1569 Τίς,
2531 1501 2768 1564 ἀκούσας
2816 1498 2909 1552 τοῦ
2947 1496 3267 1570 μονογενοῦς
3310 1494 3437 1549 Υίοῦ
3481 1493 3577 1549 τοῦ

2015 1599 2148 1656 Θεοῦ
2191 1600 2468 1669 λέγοντος,
2513 1596 2684 1668 ἀρχὴν
2727 1592 2858 1647 ὁδῶν
2902 1591 3092 1644 ἑαυτὸν
3129 1588 3436 1654 κτίζεσθαι,
3481 1586 3581 1640 οὐκ

2016 1697 2210 1769 ἐρευνᾷ
2233 1695 2325 1749 τὸν
2367 1691 2510 1758 νοῦν,
2544 1689 2856 1761 θαυμάζων,
2894 1687 3010 1751 πῶς
3040 1685 3260 1741 δύναται
3296 1687 3324 1738 6
3359 1699 3581 1754 μονογε-

347 1770 703 1841 mireturque,
755 1772 851 1843 qui
908 1771 1026 1828 ﬁeri
1060 1782 1223 1843 queat
1278 1782 1337 1828 ut
1383 1774 1696 1846 unigenitus
1740 1774 1914 1833 Filius

2036 1757 2112 1859 νίὴς
2140 1757 2267 1852 Tib;
2296 1786 2466 1842 ἄλλων
2497 1784 2572 1855 (2)
2605 1757 2812 1837 πολλῶν
2847 1780 2990 1853 ἀρχὴ
3034 1777 3312 1848 γίνεσθαι;
3348 1775 3582 1845 Αῐνιγμα

348 1862 643 1916 multorum
684 1861 916 1918 aliorum
946 1864 1018 1918 sit
1059 1865 1388 1935 principium
1421 1866 1444 1920 ?
1493 1865 1748 1938 [Enigma
1783 1884 1914 1923 sane

348 1953 480 2007 illud
520 1963 623 2009 est.
667 1952 868 2008 Verum
902 1955 983 2010 vir
1023 1955 1346 2028 intelligens,
1389 1958 1566 2028 inquit
1611 1959 1912 2030 Scriptura,

347 2045 606 2115 intelliget
647 2045 960 2115 parabolam
988 2055 1037 2102 et
1072 2048 1353 2104 obscurant
1382 2066 1692 2118 sermonem,
1735 2053 1915 2106 verba-

347 2153 444 2205 que
472 2147 521 2191 et
551 2139 836 2209 (enigmata
865 2140 1162 2210 sapientum
1188 2141 1257 2197 ⁸ο.

423 2227 510 2282 78.
531 2227 818 2300 Unigenita
839 2231 1003 2301 igitur
1018 2233 1242 2304 ipsaque
1254 2234 1348 2290 Dei
1369 2237 1654 2307 sapientia,
1671 2237 1916 2292 omnium

351 2320 582 2375 creatrix
616 2330 700 2378 est
760 2335 813 2379 et
840 2325 1102 2381 eﬂ'ectrix.
1139 2325 1330 2382 Omnia
1371 2331 1539 2397 enim,
1591 2331 1807 2399 inquit,
1863 2331 1917 2384 in

352 2415 611 2482 sapientia
636 2416 808 2486 fecisti
835 2418 902 2487 3‘,
933 2429 987 2476 et
1015 2420 1208 2493 :532
1249 2421 1472 2492 Impleta
1493 2432 1568 2476 est
1610 2433 1751 2476 terra
1776 2440 1921 2477 crea-

353 2508 492 2562 tione
531 2518 622 2562 tua
655 2509 722 2564 3'.
757 2508 828 2565 Ut
878 2521 1058 2568 autem
1088 2530 1176 2570 res
1210 2514 1363 2570 factae
1406 2530 1514 2569 non
1546 2525 1753 2570 tantum
1776 2517 1922 2571 exsi-

2019 1884 2115 1954 μὲν
2147 1881 2319 1934 ἐστιν’
2368 1880 2421 1933 Ὁ
2475 1879 2532 1932 δὲ
2575 1877 2834 1948 νοήμων,
2875 1872 3028 1946 φησὶ,
3067 1871 3276 1938 νοήσει
3327 1870 3583 1938 παραϐο-

2014 1975 2137 2043 λὴν
2164 1974 2261 2027 καὶ
2295 1969 2608 2027 σκοτεινὸν
2640 1971 2859 2038 λόγον,
2901 1965 3113 2036 ῥήσεις
3155 1980 3221 2018 τε
3251 1960 3458 2031 σοφῶν
3486 1960 3584 2014 καὶ

2015 2067 2348 2135 αἰνίγματα.

2088 2245 2174 2299 78.
2218 2245 2283 2298 Ἢ
2314 2244 2410 2314 μὲν
2439 2235 2531 2295 οῦν
2565 2238 2852 2311 μονογενὴς
2883 2238 2977 2290 καὶ
3007 2233 3296 2302 αὐτοσοφία
3328 2233 3421 2287 τοῦ
3452 2233 3586 2286 Θεοῦ

2019 2339 2276 2402 κτίζουσα
2320 2337 2412 2392 κα)¹
2441 2334 2768 2407 δημιουργός
2800 2333 2914 2384 ἐστι
2948 2329 3056 2383 τῶν
3097 2328 3338 2382 πάντωνο
3389 2325 3590 2379 Πάντα

2019 2433 2148 2504 γὰρ,
2197 2432 2380 2501 φησιν,
2408 2429 2477 2482 ἐν
2523 2427 2707 2496 σοφίᾳ
2756 2423 3068 2490 ἐποίησας,
3119 2420 3213 2474 καὶ
3243 2418 3339 2488 (5),
3381 2419 3592 2486 Emin-

2011 2523 2173 2592 ρὼθη
2212 2524 2251 2592 ἠ
2296 2519 2369 2591 γῆ
2422 2521 2534 2588 τῆς
2572 2517 2818 2583 κτίσεὼς
2871 2531 3007 2570 σου.
3036 2516 3151 2567 Ἵνα
3191 2513 3246 2566 δὲ
3298 2511 3370 2582 μὴ
3432 2510 3591 2580 μόνον

353 2606 592 2666 sterent,
621 2601 716 2657 sed
752 2601 914 2658 etiam
948 2604 1443 2670 beneexsisterent,
1479 2606 1682 2676 placuit
1717 2605 1823 2660 Deo
1864 2619 1923 2660 ut

2036 2614 2242 2686 ὒπάρχῃ
2270 2612 2338 2666 τὰ
2365 2612 2651 2681 γενόμενα,
2691 2608 2825 2662 ἀλλὰ
2860 2607 2951 2660 καὶ
2998 2604 3176 2668 καλῶς
3214 2602 3432 2673 ὑπάρχῃ
3451 2639 3467 2662 ,
3497 2601 3594 2670 ηὑ-

355 2706 454 2745 sua
495 2693 772 2763 Sapientia
811 2711 870 2752 se
907 2697 974 2752 ad
1010 2714 1096 2754 res
1128 2708 1342 2755 creatas
1376 2699 1834 2760 accommodaret,
1865 2712 1923 2754 ut

2036 2708 2248 2778 Ξόκησεν
2271 2709 2299 2760 6
2324 2706 2454 2770 Θεὸς
2480 2701 2884 2772 συγκαταϐῆναι
2912 2700 3011 2770 τὴν
3036 2697 3225 2751 ἑαυτοῦ
3256 2695 3450 2764 Σοφίαν
3484 2694 3596 2755 τοῖς

355 2782 586 2838 formam
635 2789 982 2860 speciemque
1028 2790 1268 2860 aliquam
1309 2790 1480 2860 ipsius
1516 2790 1767 2861 imaginis
1799 2806 1923 2847 cum

2036 2802 2337 2871 κτίσμασιν·
2381 2798 2519 2850 ὥστε
2564 2796 2730 2848 τύπον
2771 2793 2890 2848 τινὰ
2941 2793 3034 2845 καὶ
3063 2789 3359 2859 φαντασίαν
3391 2785 3598 2848 εἰκόνος

357 2873 412 2928 in
439 2876 694 2932 omnibus
729 2878 891 2933 simul
919 2887 1036 2934 tum
1076 2880 1130 2934 in
1165 2881 1395 2950 singulis
1427 2880 1785 2950 imprimeret,
1814 2895 1924 2951 quo

2036 2895 2192 2966 ιὺτῆς
2220 2892 2292 2963 (4)
2322 2894 2379 2944 έν
2409 2890 2540 2943 πᾶσί
2579 2906 2638 2940 τε
2663 2890 2812 2958 κοινῇ
2863 2886 2955 2938 καὶ
2986 2884 3199 2952 ἑκάστῳ
3224 2881 3474 2942 ἐνθεῖναι,
3511 2878 3599 2930 ἵνα

357 2965 617 3020 nimirum
665 2970 1012 3039 perspicuum
1073 2971 1225 3028 ﬁeret
1291 2981 1345 3026 et
1393 2972 1657 3042 sapientia
1703 2983 1924 3028 ornatas

2036 2986 2120 3040 Ital.
2151 2965 2287 3054 σοφὰ
2321 2983 2388 3037 τὰ
2413 2982 2697 3051 γενόμενα,
2736 2978 2828 3032 καὶ
2861 2976 2984 3040 ἄξια
3021 2974 3116 3028 τοῦ
3155 2972 3287 3027 Θεοῦ
3319 2972 3452 3043 ἔργα
3486 2970 3598 3023 δεί-

358 3073 480 3112 esse
518 3075 604 3114 res
655 3059 849 3125 factas,
885 3070 940 3117 et
971 3062 1134 3134 digna
1169 3062 1276 3118 Deo
1305 3079 1426 3119 esse
1460 3079 1642 3134 opera.
1674 3061 1747 3118 Ut
1778 3065 1922 3120 enim

2036 3096 2238 3134 κνυται.
2283 3077 2369 3140 Ὠς
2405 3076 2514 3146 γὰρ
2554 3073 2724 3140 Λόγου
2764 3071 2916 3132 ὄντος
2947 3067 3039 3120 τοῦ
3077 3065 3206 3119 Υἱοῦ
3236 3064 3330 3116 τοῦ
3362 3060 3496 3114 Θεοῦ
3524 3061 3601 3112 εἱ-

362 3159 610 3205 nostrum
660 3153 881 3207 verbum
913 3194 929 3221 ,
965 3151 1165 3220 Verbi,
1206 3155 1298 3226 qui
1332 3154 1425 3210 Dei
1458 3165 1539 3210 est
1585 3155 1754 3212 Filius
1782 3199 1794 3222 ,
1845 3165 1928 3212 est

362 3244 542 3314 imago
579 3263 592 3297 :
631 3245 705 3300 ita
745 3247 1007 3316 sapientia
1041 3251 1093 3302 in
1125 3249 1282 3302 nobis
1308 3248 1450 3303 facta
1475 3249 1718 3318 ejusdem
1741 3249 1926 3315 Verbi,

363 3348 486 3402 qua:
517 3333 632 3404 ipsa
662 3343 746 3390 est
777 3334 1077 3406 Sapientia,
1119 3338 1299 3409 imago
1327 3355 1545 3409 quoque
1595 3349 1698 3402 est,
1732 3339 1788 3393 in
1822 3355 1929 3410 qua

365 3447 489 3485 cum
539 3433 648 3486 vim
702 3433 910 3489 sciendi
941 3443 996 3489 et
1025 3433 1361 3505 intelligendi
1393 3436 1713 3502 habeamus,
1750 3435 1930 3493 idonei

317 3517 322 3524 ’
365 3522 629 3578 ellicimur
687 3525 778 3594 qui
829 3527 1147 3582 creatriccm
1201 3527 1536 3600 Sapientiam
1581 3529 1932 3599 recipiamus,

365 3618 723 3689 ejusdemque
772 3619 988 3675 Patrem
1039 3637 1135 3692 per
1185 3621 1356 3687 ipsam
1407 3639 1699 3692 possumus
1732 3639 1936 3694 cogno-

367 3725 538 3765 scere.
569 3710 705 3767 Nam
735 3713 824 3784 qui
861 3713 1015 3768 habet
1063 3713 1282 3782 F-ilium,
1322 3715 1519 3786 inquit,
1558 3717 1710 3770 habet
1744 3727 1792 3769 et
1825 3714 1935 3768 Ρα-

369 3814 502 3856 trem
531 3805 598 3868 ⁸⁸,
639 3813 713 3869 ct,
776 3804 881 3869 Qui
911 3822 990 3860 me
1041 3807 1246 3877 rec-ipit,
1279 3809 1462 3877 recipit
1511 3824 1630 3862 eum
1673 3809 1764 3879 qui
1792 3808 1936 3862 misit

369 3911 449 3949 me
481 3895 546 3949 ⁸⁵.
583 3896 855 3962 Quoniam
906 3913 1034 3968 ergo
1062 3898 1377 3969 hujusmodi
1417 3899 1708 3970 Sapientiae
1761 3899 1938 3955 forma

370 3998 554 4042 creata
587 3988 640 4042 in
676 3989 833 4046 nobis
861 4000 914 4044 et
943 3991 998 4044 in
1048 3992 1306 4046 omnibus
1341 4000 1445 4060 est,
1503 4007 1612 4046 non
1665 3991 1938 4046 immerito

372 4093 502 4131 vera
537 4089 591 4133 et
636 4078 818 4148 opifex
864 4079 1141 4151 Sapientia
1183 4099 1247 4138 ea
1303 4099 1424 4153 qua:
1457 4099 1570 4138 suae
1601 4081 1790 4139 formae
1821 4098 1942 4152 pro-

374 4169 488 4238 pria
521 4179 647 4224 sunt
681 4172 783 4226 sibi
817 4171 921 4241 ipsi
959 4172 1232 4229 asciscens
1281 4175 1393 4240 ait,
1433 4173 1690 4228 Dominus
1747 4174 1941 4228 creavit

375 4276 456 4313 me
479 4262 534 4313 in
571 4276 727 4329 opera
751 4278 870 4316 sua.
901 4261 1113 4333 Quippe
1149 4279 1211 4318 ea
1259 4280 1380 4334 quae
1408 4264 1698 4333 sapientia,
1733 4279 1854 4333 qua:
1886 4264 1942 4318 in

377 4354 536 4408 nobis
579 4363 682 4420 est,
728 4354 992 4424 loquitur,
1044 4355 1159 4410 [nec
1209 4355 1325 4424 ipse
1375 4353 1642 4410 Dominus
1685 4364 1942 4425 tanquam

375 4447 591 4516 propria
646 4456 893 4517 usurpat.
952 4445 1220 4513 Quocirca
1267 4464 1377 4503 non
1436 4447 1524 4501 ille
1578 4456 1796 4502 creatur
1848 4448 1943 4518 qui

2036 3169 2145 3225 κών
2177 3171 2321 3221 ἐστιν
2357 3170 2385 3221 6
2417 3165 2680 3238 ἡμέτερος
2701 3163 2876 3230 λόγος,
2907 3160 3077 3222 οὕτως
3113 3157 3264 3218 ὄντος
3298 3153 3459 3208 αὑτοῦ
3497 3154 3599 3205 Σο-

2036 3261 2163 3332 φίας
2187 3261 2262 3331 (5)
2287 3258 2447 3312 εἰκὼν
2481 3257 2639 3311 πάλιν
2667 3257 2809 3308 ἐστὶν
2830 3257 2863 3324 ἡ
2888 3255 2945 3306 ὲν
2970 3254 3098 3322 ἡμῖν
3122 3248 3384 3319 γενομένη
3408 3246 3564 3312 σοφία
3582 3261 3598 3276 ο

2036 3352 2093 3402 ὲν
2178 3350 2236 3403 τὸ
2262 3349 2456 3402 εἰδέναι
2486 3348 2577 3400 καὶ
2605 3346 2664 3399 τὸ
2700 3346 2911 3415 φρονεῖν
2931 3342 3162 3413 ἔχοντες,
3187 3338 3422 3392 δεκτικοὶ
3459 3336 3608 3404 γινόο

2043 3442 2182 3513 μεθα
2214 3441 2313 3510 τῆς
2336 3437 2664 3510 δημιουργοῦ
2688 3435 2905 3505 Σοφίας,
2927 3433 3021 3486 καὶ
3039 3432 3104 3486 δι’
3126 3431 3292 3501 αὐτῆς
3319 3426 3608 3498 γινώσκειν

2038 3533 2310 3604 δυνάμεθα
2354 3533 2444 3585 τὸν
2485 3529 2650 3598 αὐτῆς
2700 3527 2935 3597 Πατέρα.
2984 3525 3046 3578 '0
3091 3523 3198 3595 γὰρ
3239 3520 3412 3590 ἔχων,
3451 3517 3608 3588 φησὶ,

2039 3623 2146 3678 τὸν
2185 3622 2341 3686 Υἱὸν,
2371 3621 2495 3689 ἔχει
2516 3620 2612 3673 καὶ
2638 3617 2744 3672 τὸν
2765 3614 3025 3683 Πατέρα’
3062 3611 3176 3676 καὶ,
3194 3612 3255 3662 '0
3285 3608 3612 3677 δεχόμενός

2036 3735 2112 3786 με
2133 3714 2229 3786 (6),
2260 3712 2492 3782 δέχεται
2516 3711 2622 3764 τὸν
2643 3702 3088 3764 ἀποστείλαντά
3111 3719 3202 3773 με.
3233 3698 3479 3754 Τοιοῦτον
3503 3699 3611 3751 τοί-

2041 3827 2134 3864 νυν
2165 3808 2334 3861 τύπου
2365 3807 2460 3876 τῆς
2495 3804 2690 3872 Σοφίας
2722 3799 3029 3860 κτισθέντος
3071 3798 3129 3852 ὲν
3170 3797 3300 3866 ἡμῖν
3335 3810 3394 3846 τε
3429 3793 3522 3846 καὶ
3551 3794 3613 3844 ὲν

2043 3902 2175 3954 πᾶσι
2203 3901 2316 3962 τοῖς
2353 3897 2531 3968 ἔργοις
2573 3894 2742 3955 ὄντος,
2781 3889 3004 3950 εἰκότως
3038 3888 3072 3956 ἡ
3121 3882 3344 3956 ἀληθινὴ
3389 3882 3479 3935 καὶ
3514 3880 3612 3948 δη·-

2048 3992 2303 4065 μιουργὺς
2347 3987 2541 4057 Σοφία,
2576 3985 2644 4039 τὰ
2696 3981 2790 4036 τοῦ
2843 3979 3014 4032 τύπου
3059 3976 3259 4045 ἑαυτῆς
3298 3977 3374 4037 είς
3417 3970 3614 4065 ἑαυτὴν

2044 4063 2518 4153 ἀναλαμϐάνουσα,
2550 4075 2682 4148 φησὶ
2707 4074 2788 4137 τὸ,
2817 4073 3028 4140 Κύριος
3049 4065 3248 4123 ἐκτισέ
3270 4082 3345 4134 με
3365 4066 3450 4129 είς
3471 4063 3614 4130 ἔργα

2044 4176 2249 4231 αὑτοῦ.
2284 4175 2352 4227 Ἃ
2375 4173 2482 4243 γὰρ
2513 4172 2547 4242 ἡ
2579 4171 2635 4223 ὲν
2667 4169 2797 4239 ἡμῖν
2828 4164 2988 4232 σοφία
3015 4157 3155 4223 εἶπε,
3189 4158 3360 4212 ταῦτα
3396 4155 3554 4218 αὐτὸς
3587 4157 3616 4209 6

2047 4269 2251 4340 Κύριος
2279 4267 2352 4330 ὡς
2387 4265 2493 4320 ἴδια
2541 4262 2687 4330 λέγει
2732 4258 2842 4330 (7)ο
2881 4255 2976 4310 κα).
3013 4255 3113 4308 οὑκ
3157 4252 3271 4306 ἔστι
3317 4251 3413 4321 μὲν
3455 4247 3617 4311 αὐτὸς

2049 4360 2362 4432 κτιζόμενος
2398 4356 2620 4425 κτίστης
2651 4353 2746 4415 ὢν,
2779 4349 2866 4403 διὰ
2895 4348 2951 4401 δὲ
2986 4347 3083 4417 τὴν
3115 4347 3172 4399 ὲν
3204 4348 3312 4408 τοῖς
3343 4343 3520 4414 ἔργοις
3549 4341 3600 4432 ei

2051 4452 2181 4505 κόνα
2209 4431 2516 4504 κτισθεῖσαν
2559 4441 2745 4509 αὐτοῦ,
2779 4440 2948 4494 ταῦτα
2982 4437 3144 4501 αὐτὸς
3165 4437 3240 4500 ὡς
3263 4435 3389 4505 περὶ
3423 4431 3618 4486 ἑαυτοῦ

377 4549 590 4592 creator
620 4548 724 4606 est,
778 4539 871 4594 sed
911 4548 1131 4610 propter
1185 4554 1338 4595 suam
1373 4539 1670 4610 imaginem
1709 4540 1764 4593 in
1809 4539 1927 4609 ipsi:

2047 4545 2216 4613 λέγει.
2243 4543 2354 4596 Καὶ
2383 4540 2573 4610 ὥσπερ
2599 4534 2756 4598 αὐτὸς
2783 4536 2811 4586 6
2842 4531 3045 4602 Κύριος
3073 4528 3314 4600 εἴρηκεν·
3349 4527 3411 4578 '0
3446 4524 3620 4592 δεχό-

450 4647 700 4719 ⁷⁸ίΡιτοιη
733 4665 850 4714 vnt,
880 4649 970 4704 22.
1048 4651 1094 4683 ⁷³
1124 4649 1264 4706 ibid.
1341 4649 1388 4684 ”
1424 4649 1584 4705 Prov.
1620 4668 1659 4719 ι,
1689 4649 1743 4714 5,
1776 4651 1830 4704 6,
1907 4653 1927 4685 ε

2037 4654 2136 4710 sal.
2163 4641 2278 4718 cnt',
2306 4650 2396 4706 24.
2473 4649 2516 4681 θ’
2559 4644 2691 4704 ibid.
2773 4640 2820 4672 ⁸³
2860 4636 3056 4693 IJoan.
3093 4652 3155 4703 ιι,
3184 4634 3274 4688 25.
3343 4633 3389 4664 ⁸⁵
3427 4631 3619 4684 Matth.

375 4737 434 4787 ι,
460 4718 554 4775 40.

449 4879 526 4952 (1)
564 4878 948 4952 Felck._4,_'c6,
978 4876 1202 4952 Κύριος.
1239 4877 1446 4952 ibidem
1480 4875 1620 4952 idem
1646 4875 1952 4952 et__Segner.

379 4945 562 5024 ἐκτισέ
603 4969 670 5024 με
708 4945 984 5024 είςξξέργα
1005 4945 1334 5024 αὐτοῦ.“Α-Ιῇι
1361 4947 1637 5024 etneditio
1680 4945 1948 5024 Cor-nine].

380 5023 560 5094 έκτισέ
593 5014 658 5094 με
695 5014 1027 5094 ἀρχὴν”όδῶν
1050 5018 1232 5094 αὐτ-οῦ.
1261 5017 1397 5070 lhid.
1437 5016 1662 5094 Seguer.
1691 5026 1744 5094 et
1769 5014 1948 5094 Eelck.

382 5093 436 5156 4,
471 5085 747 5147 οιιιὶίιιιηι’
769 5085 1115 5159 ’φασκούσης
1142 5088 1286 5159 ιιοιιι
1309 5104 1438 5159 mss.
1468 5085 1535 5159 et
1580 5085 1771 5159 editio
1791 5087 1954 5159 Com-

381 5155 508 5217 mel.
562 5165 761 5218 ibidem
793 5155 995 5214 habent
1027 5155 1127 5212 οῦκ
1163 5158 1344 5220 εὐθύς.
1384 5157 1559 5210 Editio
1603 5155 1950 5220 Parisiensis,

383 5233 752 5305 acupeujlbgou
789 5229 1135 5305 qusi.__hl_ox
1187 5226 1820 5305 ξιξςιιειι.-ιὶίεῧλ-Αιιςιίεξἶ
1847 5225 1957 5305 βο.-

385 5249 660 5302 παρευυυς
689 5249 752 5287 οῡ
789 5249 960 5355 Strat.
1013 5249 1135 5284 mox
1187 5249 1407 5298 acguer.
1443 5249 1578 5305 negt
1605 5249 1820 5306 sanguis.-
1847 5249 1952 5305 γυ·

385 5303 519 5357 bler.
546 5302 728 5359 Felck.
755 5305 811 5367 1,
889 5310 942 5354 et
970 5301 1024 5368 5,
1050 5302 1084 5371 ἡ
1112 5298 1389 5362 κτίζουσα.
1421 5297 1478 5351 ln
1515 5298 1636 5352 aliis
1657 5307 1711 5351 et
1739 5297 1898 5350 editis
1918 5297 1952 5364 ἡ

386 5373 477 5428 der
487 5383 556 5428 st.
867 5392 874 5399 ·

458 5443 535 5515 (‘2)
574 5441 802 5515 Seguer.
837 5455 904 5515 et
924 5443 1058 5515 Reg:
1116 5439 1408 5515 μονογενὴς
1439 5438 1513 5500 ὡς
1546 5435 1740 5515 ᾇλλων.
1772 5434 1951 5490 Felck.

387 5515 442 5574 δ.
467 5508 610 5567 ibid.
863 5514 987 5570 Mox
1011 5508 1246 5583 :Seg‘uer.
1266 5512 1323 5583 ΪΟ
1349 5508 1722 5583 γὰρ-νοήμων.

477 5525 610 5567 uno.
639 5525 832 5578 αλλως.
863 5525 987 5570 Mox
1022 5525 1246 5583 Seguer.
1271 5525 1323 5563 υ
1349 5525 1455 5580 γαρ
1487 5525 1722 5630 νοηὲνων.

461 5584 537 5657 (⁸5)
580 5584 672 5637 Sic
726 5582 948 5657 Seguer.
999 5582 1129 5657 Reg.
1163 5581 1415 5657 _Gobler;
1461 5578 1582 5657 Felc
1629 5616 1641 5629 .
1678 5575 1787 5657 1,}
1822 5584 1870 5627 et
1898 5575 1951 5629 5.

387 5644 533 5708 Fditi
573 5668 704 5707 vero
738 5644 913 5712 etvalii
945 5655 1038 5706 καί
1068 5644 1344 5706 omittunt.
1379 5649 1548 5703 Paulo
1578 5655 1702 5716 post
1729 5644 1950 5716 Seguer.

388 5725 553 5782 Basil.
587 5723 816 5781 Goblerr
836 5722 1018 5780 Felck.
1050 5727 1074 5776 ἰ
1109 5732 1161 5776 et
1199 5722 1250 5787 4,
1281 5720 1350 5774 τὰ
1387 5715 1671 5788 γενόμενα.
1726 5715 1784 5770 ln
1832 5716 1953 5770 aliis

2062 4885 2116 4930 et
2144 4874 2302 4929 editis
2331 4873 2402 4926 τά
2427 4873 2596 4927 deest.

2129 4946 2204 5014 (4)
2247 4943 2470 5014 Seguer.
2507 4939 2935 5014 G_obler._Felck.
3033 4945 3089 4991 et.
3113 4936 3166 5014 ᾧ,
3199 4936 3383 4998 αὐτός.
3428 4933 3625 4988 Caneri

2058 5027 2112 5072 et
2138 5007 2292 5086 editi,
2322 5007 2675 5086 abrﬁc._lbid.
2717 5009 2941 5086 Segne}
2975 5008 3032 5086 ὲν
3066 5007 3235 5086 πάρ’-ῃἶ
3268 5077 3280 5086 _
3349 5084 3356 5086 _

2131 5085 2207 5154 (5)
2251 5073 2486 5154 Seguer.
2507 5081 2658 5154 ὖντος
2693 5073 2856 5154 αὑτοῦ
2886 5079 3103 5154 Σοφίας.
3143 5073 3283 5131 ΕἶΙίιί
3308 5074 3504 5154 et_a|ii,
3539 5073 3610 5126 δνι

2059 5145 2150 5218 τος
2165 5145 2264 5223 τῆς
2281 5145 2478 5223 Σοφίας
2507 5152 2687 5223 αὑτοῦ.
2711 5149 2881 5223 Paulo
2905 5145 3028 5218 po’st
3051 5147 3272 5223 Seguer.
3298 5145 3477 5223 καὶτὸ
3498 5160 3605 5215 φρο

2060 5215 2190 5280 νεῖν.
2222 5215 2378 5278 Ἐᾱίιῖ
2408 5215 2469 5278 et
2501 5222 2615 5283 alii,
2662 5222 2756 5293 καὶ
2804 5215 3036 5293 φρονεῖν.
3072 5215 3275 5272 Ibidem
3319 5215 3537 5271 Gobler.
3575 5223 3626 5268 el

2061 5297 2243 5352 Felck.
2271 5296 2323 5358 1,
2351 5293 2584 5348 δεκτικοὶ
2617 5291 2904 5361 γενόμεθα.

2134 5367 2215 5439 (6)-
2253 5355 2476 5439 seguer.
2529 5355 2814 5439 δεχόμενος
2871 5358 3210 5439 épé._Paulo
3243 5367 3382 5426 post,
3434 5355 3573 5409 idem
3612 5395 3629 5420 ,

2063 5427 2315 5490 Τοὶοῦτου
2326 5427 2522 5489 ντοίνυν
2548 5427 3136 5503 τῆ’ς’Σοφίας,ὀιιιίεεοᾉ
3153 5427 3343 5503 τύπου.

2133 5508 2207 5579 (7)
2245 5506 2427 5561 Felck.
2458 5505 2506 5579 2
2527 5514 2580 5579 et
2603 5493 2779 5579 editio
2801 5493 3066 5579 geminet.
3097 5496 3429 5579 Kgptogni’ata
3458 5493 3630 5579 λέγει..

2060 5564 2250 5633 Caneri
2301 5592 2431 5631 mss.
2466 5573 2667 5644 Κύριος
2699 5573 2772 5644 ᾡς
2800 5571 2907 5644 ίδια
2937 5570 3101 5637 λέγει.
3133 5564 3252 5622 Min:
3291 5566 3511 5637 Segner.
3544 5564 3633 5617 διὰ

2063 5649 2117 5703 δὲ
2139 5649 2238 5719 τὴν
2269 5651 2325 5700 ἐν
2351 5646 2531 5708 αὐτοῖς
2557 5641 2669 5706 τοῖς
2698 5641 2896 5710 ἔργοις.
