3948 6236
243 352 338 409 315

1302 365 1559 423 ORATIO
1599 369 1639 424 11
1677 371 1958 428 CONTRA
1998 375 2318 435 ARIANOS.

3381 392 3486 449 3M

246 483 417 538 μενος
457 467 621 539 ὑμᾶς
636 471 757 574 νἐμὲ
785 473 1041 544 δέχεται,
1078 478 1165 531 διὰ
1196 479 1257 532 τὸ
1294 481 1384 536 τὸν
1421 484 1589 539 τύπον
1618 486 1692 556 (8)
1725 489 1823 541 αὐ-

1937 497 2190 564 operibus
2219 507 2481 564 creatam,
2533 500 2635 556 ista
2660 501 2808 558 velut
2851 502 2920 558 de
2955 519 3015 559 se
3060 504 3175 574 ipse
3221 506 3314 562 ait.
3349 507 3487 564 Hinc

248 559 333 613 τοῦ
357 560 418 612 ἐν
450 561 582 632 ἡμῖν
607 558 744 618 εἶναι
765 583 779 597 ο
812 566 1006 633 οὓτως,
1042 569 1216 623 καίτοι
1245 573 1317 643 μὴ
1343 572 1417 628 ὣν
1444 575 1551 629 τῶν
1575 574 1824 648 κτιζομέ-

250 671 370 715 νων,
392 655 544 724 ὅμως
564 655 655 710 διὰ
689 658 750 710 τὸ
785 660 884 732 τὴν
906 661 1087 715 είκὸνα
1124 664 1287 718 αὑτοῦ
1311 667 1405 720 καὶ
1429 667 1598 723 τύπον
1626 672 1682 722 ὲν
1712 675 1826 736 τοῖς

249 745 424 815 ἔργοις
474 745 774 814 κτίζεσθαι,
820 749 896 814 ὡς
945 752 1105 816 αὐτὸς
1133 751 1208 808 ὢν
1244 754 1340 825 (9),
1383 757 1567 825 λέγει’
1613 761 1827 828 Κύριος

249 833 447 888 ἐκτισέ
483 854 561 906 με
618 838 814 907 ἀρχὴν
853 839 1008 895 ὁδῶν
1052 844 1236 898 αὑτοῦ
1294 849 1381 912 εἰς
1428 847 1572 918 ἔργα
1618 851 1822 905 αὐτοῦ.

249 925 398 979 οὕτω
425 927 486 979 δὲ
514 929 736 997 γέγονεν
768 933 797 984 ὁ
827 932 886 985 ὲν
915 936 1028 998 τοῖς
1063 933 1246 1007 ἔργοις
1283 939 1382 1009 τῆς
1422 941 1612 1008 σοφίας
1637 941 1824 1007 τύπος,

251 1016 348 1079 ἴνα,
381 1018 529 1072 καθὰ
563 1024 845 1091 προεῖπον,
879 1026 909 1077 ὁ
946 1025 1148 1098 κόσμος
1185 1030 1242 1081 ὲν
1281 1029 1417 1101 αὐτῇ
1452 1031 1694 1106 γινώσκῃ
1735 1035 1828 1089 τὸν

249 1109 436 1161 ἑαυτοῦ
461 1109 792 1184 δημιουργὸν
820 1115 1010 1184 Λόγον,
1041 1119 1133 1172 καὶ
1155 1119 1223 1172 δι’
1253 1121 1418 1174 αὑτοῦ
1451 1123 1544 1177 τὸν
1581 1124 1824 1197 Πατέρα.

250 1197 354 1250 Καὶ
403 1199 566 1254 τοῦτὸ
611 1205 759 1259 ἐστιν
808 1205 1038 1276 ὃέλεγεν
1062 1209 1173 1282 (10)
1205 1213 1234 1266 ὁ
1278 1212 1519 1279 Παῦλοςο
1565 1219 1720 1271 Διότι
1760 1218 1829 1272 τὸ

251 1295 521 1361 γνωστὸν
547 1297 654 1352 τοῦ
685 1301 832 1355 Θεοῦ
858 1306 1122 1372 φανερόν
1143 1306 1274 1360 ἐστι
1298 1308 1369 1362 ἐν
1391 1310 1598 1377 αὐτοῖς
1615 1328 1627 1342 ·
1659 1315 1692 1366 ό
1719 1313 1828 1382 γὰρ

253 1385 390 1452 Θεὸς
433 1388 637 1456 αὐτοῖς
683 1391 1042 1461 ἐφανέρωσε.
1099 1396 1173 1450 Τὰ
1229 1399 1340 1470 γὰρ
1381 1401 1604 1469 ἀόρατα
1643 1403 1830 1458 αὐτοῦ

251 1477 362 1532 ἀπὸ
386 1481 643 1548 κτίσεως
657 1483 887 1553 κόσμου
905 1486 1029 1553 τοῖς
1052 1489 1339 1558 ποιήμασι
1366 1494 1664 1562 νοούμενα
1693 1499 1831 1549 καθ-

250 1567 472 1636 ορᾶται.
505 1571 670 1625 Ὥστε
712 1575 812 1627 οὐκ
839 1575 956 1628 ἐστι
984 1577 1094 1649 (11)
1124 1581 1328 1652 κτίσμα
1359 1586 1426 1654 τῇ
1473 1585 1632 1657 οὐσίᾳ
1665 1588 1694 1640 ὁ
1735 1586 1831 1640 Λό-

251 1679 360 1731 γος,
394 1663 532 1717 ἀλλὰ
565 1667 692 1737 περὶ
722 1669 822 1739 τῆς
845 1670 902 1722 ὲν
935 1672 1066 1742 ἡμῖν
1096 1671 1262 1746 οῦσης
1303 1677 1396 1729 καὶ
1423 1677 1721 1750 λεγομένης
1746 1695 1831 1732 σο-

251 1756 392 1822 φίας,
411 1758 532 1810 ἐστὶ
555 1758 615 1811 τὸ
638 1760 694 1812 ὲν
727 1764 846 1825 ταῖς
867 1763 1196 1836 Παροιμίαις
1228 1769 1408 1838 ῥητόν.

1927 587 2385 655 quemadmodum
2419 591 2532 660 ipse
2562 590 2826 649 Dominus
2861 594 3016 660 dixit,
3050 597 3155 661 Qui
3184 614 3271 652 vos
3303 601 3486 670 recipit

1924 697 2005 734 me
2039 681 2219 750 recipit
2248 683 2315 747 ⁸⁸,
2337 697 2403 738 eo
2438 684 2581 753 quod
2612 686 2732 754 ejus
2764 685 2941 740 forma
2975 687 3030 741 in
3063 689 3219 743 nobis
3247 700 3328 744 est
3358 709 3371 745 :
3409 692 3489 747 sic

1925 773 2137 828 etiamsi
2171 775 2314 829 inter
2352 791 2438 830 res
2469 787 2678 833 creatas
2721 794 2829 835 non
2867 790 3280 848 annumeretur,
3307 793 3488 837 tamen

1925 863 2051 932 quia
2074 863 2195 934 ejus
2226 864 2400 920 forma
2422 875 2476 921 et
2500 867 2679 938 imago
2710 869 2764 923 in
2791 871 3050 940 operibus
3067 883 3306 939 creatur,
3330 874 3491 942 quasi

1927 954 2040 1024 ipse
2069 965 2234 1022 esset,
2271 959 2347 1012 ait
2372 976 2386 1012 :
2416 957 2672 1013 Dominus
2700 964 2895 1015 creauit
2924 979 3005 1016 me
3044 964 3259 1017 initium
3286 965 3494 1018 viarum

1926 1061 2148 1100 suarum
2198 1049 2254 1102 in
2295 1067 2453 1120 opera
2503 1071 2604 1109 sua
2654 1056 2720 1110 ⁸⁸.
2759 1055 2929 1113 Porro
2963 1059 3164 1114 idcirco
3217 1061 3496 1130 sapientiae

1926 1134 2103 1193 forma
2154 1139 2208 1194 in
2265 1144 2522 1212 operibus
2565 1144 2706 1201 facta
2755 1158 2858 1211 est,
2907 1157 2986 1214 ut,
3032 1151 3494 1219 quemadmodum

1928 1244 2091 1300 supra
2139 1233 2407 1299 memini,
2454 1237 2690 1292 mundus
2742 1239 2796 1292 in
2857 1239 2975 1310 ipsa
3020 1241 3255 1296 Verbum
3283 1282 3298 1308 ,
3334 1258 3494 1298 suum

1929 1322 2201 1391 Opiﬁcem,
2226 1333 2280 1379 et
2306 1324 2521 1381 Patrem
2547 1344 2642 1398 per
2663 1327 2898 1384 Verbum
2935 1342 3273 1400 agnosceret.
3311 1331 3498 1386 Enim-

1927 1428 2058 1468 vero
2088 1417 2192 1470 hoc
2227 1417 2404 1485 ipsum
2431 1427 2515 1473 est
2546 1421 2689 1489 quod
2724 1420 2926 1478 Paulus
2953 1423 3112 1477 docet
3137 1443 3150 1478 :
3179 1423 3318 1488 Quia
3355 1424 3497 1494 quod

1928 1514 2112 1560 notum
2142 1517 2218 1560 est
2255 1507 2371 1576 Dei,
2397 1511 2736 1580 manifestum
2766 1524 2844 1568 est
2888 1516 2943 1568 in
2989 1515 3135 1580 illis;
3184 1515 3323 1570 Deus
3357 1517 3498 1569 enim

1928 1598 2037 1651 illis
2091 1601 2428 1670 manifestum
2472 1603 2616 1671 fecit.
2669 1603 2970 1660 Invisibilia
3020 1609 3158 1662 enim
3214 1609 3378 1677 ipsius
3431 1621 3498 1660 ex

1930 1691 2193 1744 creatione
2218 1692 2402 1746 mundi
2443 1693 2688 1762 operibus
2718 1696 2984 1750 intellecta
3010 1697 3406 1768 conspiciuntur
3426 1698 3495 1754 ⁸⁷.

1931 1777 2272 1850 Quapropter
2323 1779 2558 1837 Verbum
2599 1792 2791 1838 natura
2832 1800 3174 1856 nequaquam
3217 1796 3300 1842 est
3342 1801 3498 1842 crea-

254 1855 381 1910 tum,
440 1849 538 1902 sed
590 1849 680 1904 ille
728 1849 1150 1909 Proverbiorum
1193 1857 1344 1914 locus
1396 1858 1464 1915 de
1493 1860 1786 1931 sapientia,
1827 1879 1950 1934 qua:
1979 1870 2031 1923 in
2067 1849 2227 1925 nobis
2265 1880 2320 1926 et
2358 1886 2484 1926 vere
2511 1879 2593 1928 est
2633 1881 2688 1927 et
2728 1887 2850 1931 esse
2904 1849 3104 1934 dicitur
3134 1919 3150 1945 ,
3207 1887 3292 1935 est
3337 1876 3499 1932 intel-

252 1935 519 2008 ligendus.

314 2035 399 2089 79.
439 2038 504 2089 Εί
543 2038 601 2091 δὲ
641 2040 734 2092 καὶ
772 2040 981 2106 τούτοις
1011 2042 1319 2108 ἀπιστοῦσι,
1359 2044 1663 2113 λεγέτωσαν
1695 2048 1827 2118 ἡμῖν

2005 2045 2091 2101 79.
2121 2044 2504 2102 Verumtamen
2537 2050 2582 2102 si
2618 2046 2704 2102 his
2749 2048 2906 2102 ﬁdem
2959 2048 3161 2104 habere
3203 2051 3499 2123 noluerint,

249 2129 414 2191 αὐτοὶ,
461 2131 510 2181 εί
553 2129 668 2183 ἔστι
721 2149 803 2196 τις
854 2135 1014 2203 σοφία
1055 2137 1112 2188 ἐν
1167 2139 1279 2200 τοῖς
1332 2137 1613 2208 κτίσμασι,
1655 2139 1688 2210 ἢ
1731 2139 1832 2192 οὐκ

251 2219 426 2283 ἑστινς
457 2221 520 2272 El
553 2223 653 2292 μὲν
674 2219 766 2277 οῦν
804 2225 903 2277 οὐκ
933 2226 1068 2289 ἐστι,
1093 2227 1209 2290 πῶς
1248 2228 1277 2279 ὁ
1310 2228 1627 2293 Ἀπόστολος
1653 2232 1830 2284 αἰτιᾶ-

249 2327 352 2372 ται,
387 2311 595 2380 λέγων·
640 2314 879 2384 Ἐπειδὴ
927 2317 1037 2387 γὰρ
1082 2318 1222 2389 (12)
1266 2319 1336 2373 ἐν
1376 2319 1450 2389 τῇ
1490 2323 1675 2390 σοφίᾳ
1721 2323 1829 2376 τοῦ

251 2404 393 2458 Θεοῦ
436 2406 550 2458 οὐκ
600 2404 755 2474 ἔγνω
801 2411 834 2462 ὁ
885 2410 1110 2478 κόσμος
1155 2409 1252 2463 διὰ
1297 2411 1406 2479 τῆς
1457 2415 1678 2482 σοφίας
1725 2413 1830 2467 τὸν

252 2495 427 2558 Θεόν;
457 2495 529 2548 Ἦ
558 2497 694 2561 πῶς,
725 2499 772 2551 εί
799 2502 870 2571 μή
898 2501 1013 2554 ἐστι
1044 2501 1224 2570 σοφία,
1249 2502 1450 2574 πλῆθος
1473 2505 1649 2574 σοψῶν
1675 2507 1732 2558 ὲν
1761 2509 1828 2578 τῇ

249 2586 433 2660 Γραφῇ
484 2590 836 2660 εὐρίσκεταις
872 2595 1003 2658 Καὶ,
1034 2595 1230 2663 Σοφὸς
1269 2596 1376 2668 γὰρ
1412 2599 1522 2669 (15)
1553 2601 1831 2668 φοϐηθείς

248 2681 553 2746 ἐξέκλινεν
586 2685 704 2738 ἀπὸ
739 2687 948 2740 κακοῦ·
987 2691 1111 2753 καὶ,
1146 2692 1308 2745 Μετὰ
1340 2693 1559 2760 σοφίας
1597 2693 1830 2747 οἰκοδοο

244 2773 430 2841 μεῖται
451 2771 635 2842 οἶκος.
669 2775 727 2829 '0
754 2776 810 2830 δὲ
843 2778 1269 2850 Ἐκκλησιαστὴς
1296 2782 1441 2852 λέγει
1471 2784 1580 2856 (14)
1599 2802 1610 2814 ·
1645 2787 1834 2856 Σοφία

247 2865 557 2931 ἀνθρώπου
594 2867 800 2934 φωτιεῖ
820 2872 1143 2938 πρόσωπον
1163 2875 1354 2929 αὑτοῦ
1375 2891 1389 2905 ’
1422 2877 1513 2930 καὶ
1554 2877 1830 2948 μέμφεται

247 2959 351 3019 τοῖς
374 2960 885 3029 προπετευομένοις,
903 2962 1074 3027 λέγων
1094 2982 1108 2995 ο
1139 2966 1237 3034 Μὴ
1264 2967 1462 3036 εἴπῃςο
1486 2970 1546 3022 Τί
1571 2970 1826 3038 ἐγένετο,

249 3047 330 3103 ὄτι
353 3053 412 3103 al
446 3051 660 3119 ἡμέραι
683 3056 740 3106 al
770 3055 1056 3122 πρότερον
1086 3053 1247 3127 ἦσαν
1271 3059 1382 3130 (15)
1425 3061 1636 3129 ἀγαθαὶ
1673 3064 1828 3133 ὑπὲρ

250 3143 485 3207 ταύτας
502 3143 626 3196 Ὅτι
655 3146 766 3198 οὐκ
799 3145 868 3198 ὲν
891 3148 1079 3217 σοφίᾳ
1103 3149 1417 3218 ἠρώτησας
1440 3154 1571 3220 περὶ
1595 3155 1826 3209 τούτου.

253 3233 309 3284 Εἰ
344 3233 400 3286 δέ
425 3235 597 3298 ἐστιν,
626 3235 814 3308 ὥσπερ
837 3234 928 3292 οῦν
962 3240 1056 3293 καὶ
1091 3242 1120 3293 ὁ
1150 3242 1245 3295 τοῦ
1280 3243 1449 3314 Σιράχ
1475 3260 1636 3314 φησιν
1657 3262 1670 3275 ο
1715 3246 1831 3310 Ἐξ-

250 3322 411 3392 ἐχεεν
435 3326 634 3393 αὐτὴν
645 3328 742 3381 ἐπὶ
765 3328 960 3383 πάντα
985 3331 1057 3385 τὰ
1081 3332 1225 3403 ἔργα
1248 3333 1434 3388 αὐτοῦ
1449 3336 1600 3404 μετὰ
1627 3337 1829 3405 πάσης

1933 2139 2038 2209 ipsl
2073 2137 2232 2193 nobis
2286 2139 2689 2207 respondeant,
2747 2148 2927 2193 utrum
2978 2140 3032 2193 in
3077 2141 3241 2198 rebus
3297 2147 3498 2204 creatis

1932 2229 2112 2298 aliqua
2145 2229 2216 2284 sit
2243 2229 2528 2298 sapientia,
2567 2230 2650 2283 vel
2687 2230 2844 2283 non?
2901 2229 2959 2283 Si
2989 2230 3137 2285 nulla
3179 2231 3246 2287 sit
3277 2273 3292 2297 ,
3329 2249 3503 2304 quare

1932 2322 2222 2392 Apostolus
2270 2321 2355 2376 his
2411 2321 2590 2376 verbis
2638 2323 3032 2392 conqueritur:
3091 2323 3236 2378 Nam
3283 2329 3408 2397 quia
3447 2329 3504 2383 in

1932 2414 2028 2469 Dei
2081 2415 2343 2483 sapientia
2373 2430 2475 2467 non
2512 2415 2747 2484 cognovit
2799 2417 3024 2470 mundus
3055 2434 3147 2486 per
3185 2421 3503 2488 sapientiam

1931 2505 2102 2560 Deum
2131 2506 2176 2538 ³⁸
2202 2505 2226 2559 ἲ
2261 2507 2358 2561 Vel
2381 2505 2426 2560 si
2463 2506 2607 2559 nulla
2643 2515 2728 2560 est
2759 2507 3048 2575 sapientia,
3079 2524 3177 2562 cur
3213 2511 3504 2568 multitudo

1933 2597 2234 2667 sapientum
2282 2597 2337 2651 in
2395 2595 2676 2666 Scriptura
2721 2599 3182 2654 memoratur"?
3234 2598 3500 2672 Namque,

1935 2691 2156 2760 Sapiens
2185 2691 2493 2760 perterritus
2526 2689 2754 2743 declinat
2789 2707 2822 2743 a
2852 2691 2992 2744 malo
3021 2692 3088 2758 ’°,
3126 2701 3179 2746 et
3204 2732 3218 2756 ,
3253 2691 3386 2747 Cum
3415 2711 3504 2748 sa-

1934 2782 2134 2852 pientia
2183 2781 2484 2849 wdiﬁcatur
2531 2781 2714 2832 domus
2767 2780 2836 2835 ".
2896 2779 3253 2839 Ecclesiastes
3285 2797 3506 2853 quoque

1930 2875 2061 2929 dicit
2089 2892 2102 2927 :
2136 2872 2409 2942 Sapientia
2434 2873 2658 2925 hominis
2691 2871 3016 2927 illuminabit
3041 2875 3242 2928 vultum
3271 2875 3388 2944 ejus
3413 2877 3459 2906 "
3487 2893 3500 2930 :

1931 2967 2180 3036 idemque
2211 2965 2527 3020 temerarios
2545 2965 2630 3019 his
2651 2965 2830 3018 verbis
2855 2966 3102 3035 increpat
3126 2986 3137 3021 :
3169 2965 3250 3021 Ne
3267 2967 3466 3021 dixeris
3485 2983 3504 3022 :

1933 3054 2073 3120 Quid
2099 3053 2304 3122 factum
2323 3063 2422 3119 est,
2459 3053 2600 3123 quod
2631 3055 2810 3123 priora
2852 3063 3084 3125 tempora
3107 3055 3186 3109 Itis
3232 3059 3506 3127 praesenti-

1931 3145 2024 3200 bus
2071 3145 2291 3199 meliora
2340 3146 2606 3214 fuerunt?
2659 3145 2769 3200 Nec
2802 3149 2938 3200 enim
2979 3149 3033 3200 in
3063 3149 3323 3218 sapientia
3364 3149 3506 3203 istud

1929 3240 2228 3292 sciscitatus
2243 3255 2296 3292 es
2315 3239 2379 3292 ”.
2400 3237 2554 3304 Quod
2575 3240 2619 3293 si
2643 3239 2696 3292 in
2727 3239 2890 3293 rebus
2907 3240 3103 3294 creatis
3119 3250 3200 3294 est
3216 3241 3505 3310 sapientia,

1929 3337 1988 3383 ut
2019 3330 2168 3385 hisce
2203 3331 2384 3384 verbis
2419 3338 2643 3384 testatur
2674 3329 2817 3385 ﬁlius
2844 3329 3055 3385 Sirachi
3086 3349 3100 3385 :
3129 3330 3331 3400 E/j'udit
3355 3331 3508 3385 illam

252 3417 466 3484 σαρκὸς
488 3419 639 3473 κατὰ
659 3419 772 3486 τὴν
796 3421 971 3476 δόσιν
987 3425 1194 3489 αὐτοῦ,
1213 3427 1312 3480 καὶ
1331 3427 1703 3497 ἐχορήγησεν
1723 3432 1822 3484 αὑ-

1937 3435 1974 3473 ‘n
1993 3422 2168 3474 omnia
2191 3437 2347 3490 opera
2369 3437 2465 3474 sua
2501 3437 2618 3473 cum
2647 3424 2790 3474 omni
2825 3438 2982 3475 carne
3021 3425 3306 3475 secundum
3337 3423 3507 3475 dona-

252 3508 357 3574 τὴν
378 3509 503 3574 τοῖς
528 3511 843 3579 ἀγαπῶσιν
885 3517 1091 3571 αὐτόν.
1129 3517 1192 3569 Ἡ
1211 3517 1266 3571 δὲ
1294 3519 1514 3590 τοιαύτη
1539 3520 1650 3589 (16)
1674 3521 1828 3592 ἔκχυσ-

255 3615 328 3661 ct;
355 3601 417 3652 οὐ
440 3602 540 3670 τῆς
563 3603 750 3666 οὐσίας
771 3605 868 3674 τῆς
891 3607 1224 3677 Αὑτοσοφίας
1248 3611 1338 3662 καὶ
1367 3613 1686 3681 μονογενοῦς
1708 3617 1826 3669 ἐστι

257 3691 552 3762 γνώρισμα,
589 3693 724 3746 ἀλλὰ
745 3694 843 3765 τῆς
866 3696 924 3748 ὲν
952 3696 1030 3767 τῷ
1055 3699 1244 3769 κόσμῳ
1271 3700 1719 3773 ὲξεικονισθείσης
1735 3723 1748 3737 ο
1773 3705 1828 3758 τί

255 3779 468 3833 ἄπιστον
495 3783 544 3834 εἰ
581 3783 719 3854 αὑτὴ
753 3785 785 3854 ἡ
824 3784 1152 3858 δημιουργὸς
1181 3791 1275 3843 καὶ
1305 3791 1533 3864 ἀληθινὴ
1555 3795 1742 3862 Σοφία,
1763 3790 1828 3867 ἧς

257 3873 410 3937 τύπος
425 3875 573 3926 ἐστὶν
589 3877 622 3944 ἡ
644 3877 702 3928 ὲν
721 3877 909 3948 κόσμῳ
929 3879 1218 3950 ἐκχυθεῖσα
1240 3884 1399 3953 σοφία
1417 3885 1508 3938 καὶ
1531 3887 1827 3959 ἐπιστήμη,

231 3961 462 4039 ²ὼςπερὶ
485 3967 808 4039 ἑαυτῆςῌῚ)
833 3972 967 4035 ἐστι,
992 3972 1134 4026 καθὰ
1157 3976 1698 4046 προεῖπον,λέγουσα·
1727 3981 1834 4032 Κύ-

251 4077 369 4126 ριος
393 4060 596 4114 ἕκτισέ
620 4079 697 4130 με
722 4065 809 4129 είς
834 4062 977 4133 ἔργα
997 4065 1204 4120 αὑτοῦ.
1234 4068 1307 4120 Οὐ
1353 4067 1460 4140 γὰρ
1492 4071 1524 4140 ἡ
1559 4070 1618 4122 ὲν
1641 4069 1831 4142 κόσμῳ

263 4151 403 4219 σοφία
423 4151 550 4216 κτίζ
551 4153 688 4206 ουσά
706 4155 872 4216 ἐστιν,
893 4154 1007 4208 ἀλλ’
1030 4157 1063 4227 ἡ
1091 4156 1200 4228 (18)
1225 4159 1582 4232 ὲγκτιζομένη
1608 4163 1719 4225 τοῖς
1741 4161 1765 4213 ἔ
1774 4179 1831 4232 ρ-

263 4259 382 4306 γοις,
430 4243 552 4296 καθ’
593 4244 662 4314 ἢν
710 4247 764 4297 οἱ
802 4244 918 4313 μὲν
963 4249 1207 4315 οὐρανοί
1256 4249 1600 4322 διηγοῦνται
1643 4252 1831 4317 δόξαν

266 4333 427 4396 Θεοῦ,
475 4335 724 4400 ποίησιν
772 4335 840 4388 δὲ
879 4337 1090 4405 χειρῶν
1123 4341 1310 4395 αὐτοῦ
1354 4343 1708 4412 ἀναγγέλλει
1757 4345 1823 4396 τὸ

265 4424 564 4493 στερέωμα.
589 4426 651 4477 Οί
685 4425 740 4478 δὲ
765 4426 1060 4497 ἄνθρωποι,
1089 4433 1138 4484 εί
1169 4432 1372 4504 ταύτην
1413 4435 1472 4486 ἐν
1505 4436 1715 4498 ἑαυτοῖς
1737 4435 1826 4504 φέ-

267 4529 412 4581 ροιεν,
446 4515 836 4585 ὲπιγνώσονται
874 4517 972 4590 τὴν
1014 4521 1273 4596 ἀληθινὴν
1311 4524 1402 4578 τοῦ
1429 4526 1563 4579 Θεοῦ
1592 4526 1788 4595 Σοφίαν
1807 4542 1821 4554 ·

329 4697 369 4729 ⁸³
405 4697 590 4754 Matth.
624 4702 712 4766 t0,
743 4701 832 4758 40.
945 4703 992 4736 ⁸⁸
1028 4699 1188 4756 Prov.
1224 4718 1340 4764 vm.
1369 4703 1460 4758 22.

1930 3513 2118 3564 tionem
2137 3528 2312 3578 suam,
2343 3525 2388 3564 et
2417 3513 2642 3580 praebuit
2671 3513 2821 3566 illam
2847 3513 3186 3584 diligentibus
3217 3531 3272 3567 se
3295 3516 3360 3579 ";
3387 3529 3509 3583 qua:

1931 3603 2146 3673 quidem
2179 3604 2372 3658 ell‘usio
2392 3605 2613 3659 minime
2642 3604 2910 3675 signiﬁcat
2938 3616 3186 3659 naturam
3210 3605 3507 3674 Sapientize

1933 3712 2053 3765 qua:
2105 3713 2198 3766 per
2255 3713 2313 3752 se
2363 3697 2480 3766 ipsa
2515 3707 2596 3752 est
2637 3709 2798 3767 atque
2848 3699 3122 3769 unigenita
3153 3740 3167 3765 ,
3210 3698 3304 3753 sed
3360 3697 3506 3751 illius

1935 3803 2056 3856 qua!
2091 3803 2346 3858 expressa
2382 3790 2435 3842 in
2473 3790 2677 3844 mundo
2715 3798 2835 3844 est:
2873 3789 3003 3858 quid
3030 3803 3159 3857 ergo
3188 3785 3506 3841 incredibile

1934 3879 2165 3941 videtur,
2189 3879 2235 3933 si
2255 3879 2372 3949 ipsa
2391 3879 2568 3949 opifex
2597 3889 2651 3934 et
2673 3895 2800 3934 vera
2835 3879 3132 3949 Sapientia,
3159 3880 3316 3950 cujus
3332 3879 3507 3933 forma

1933 3985 2027 4026 seu
2059 3972 2231 4040 ligura
2254 3980 2337 4024 est
2359 3970 2624 4039 sapientia
2657 3986 2720 4024 ac
2758 3971 2987 4025 scientia
3017 3985 3137 4040 quae
3160 3969 3214 4024 in
3241 3969 3505 4024 mundum

1935 4062 2114 4117 eﬂusa
2167 4071 2271 4126 est,
2333 4071 2594 4133 tanquam
2648 4064 2714 4118 de
2775 4064 2954 4133 seipsa
3013 4063 3180 4126 dicat,
3255 4062 3507 4116 Dominus

1929 4153 2090 4225 5,33
2109 4153 2298 4208 crearit
2317 4170 2396 4208 me
2412 4156 2466 4206 in
2479 4171 2635 4222 opera
2647 4171 2745 4208 sua
2760 4155 2784 4208 ἱ)
2809 4152 2921 4209 Nec
2940 4154 3084 4209 enim
3109 4155 3373 4224 sapientia
3389 4168 3510 4222 quae

1930 4247 1985 4302 in
2013 4248 2218 4302 mundo
2244 4255 2347 4314 est,
2372 4247 2607 4301 creatrix
2623 4256 2726 4313 est,
2747 4248 2839 4303 sed
2866 4248 2918 4302 in
2934 4247 3190 4319 operibus
3207 4255 3289 4302 est
3304 4257 3506 4308 creata,

1935 4341 2237 4396 secundum
2271 4355 2434 4409 quam
2479 4339 2594 4392 ειείί
2615 4349 2868 4394 enarrant
2893 4339 3116 4410 gloriam
3144 4339 3257 4403 Dei,
3287 4350 3334 4392 et
3351 4353 3509 4408 Opera

1932 4447 2185 4485 manuum
2207 4431 2320 4500 ejus
2350 4433 2632 4484 annuntiat
2665 4432 3057 4500 ﬁrmamentum
3081 4430 3147 4484 ”.
3180 4427 3312 4484 Eam
3337 4429 3381 4482 si
3415 4429 3508 4480 ho-

1933 4523 2107 4578 mines
2145 4522 2198 4576 in
2243 4521 2434 4592 seipsis
2465 4522 2774 4586 habuerint,
2815 4538 3000 4576 veram
3046 4521 3137 4576 Dei
3174 4519 3507 4592 Sapientiam

1568 4706 1611 4737 θ’
1655 4705 1812 4759 Rom.

1937 4705 2005 4768 .9,
2033 4703 2125 4758 20.
2214 4702 2260 4734 ⁸⁸
2299 4699 2472 4754 lCor.
2514 4715 2552 4763 ι,
2584 4700 2676 4754 21.
2752 4699 2798 4731 ⁸⁸
2837 4697 2966 4768 Sap.
2989 4715 3065 4758 v1,
3095 4698 3184 4752 26.
3263 4700 3308 4730 ⁹⁰
3343 4699 3501 4754 Prov.

270 4781 363 4830 xw,
396 4769 476 4823 16.
555 4771 598 4802 ⁹¹
642 4771 803 4827 Prov.
837 4789 984 4836 xxrv,
1013 4775 1068 4829 δ.
1141 4773 1187 4803 ⁹¹
1226 4771 1402 4829 Eccle.
1435 4791 1552 4838 vm,
1583 4777 1633 4830 1.
1711 4777 1757 4808 ⁸³
1796 4776 1827 4830 Ε

1937 4789 2096 4837 3.vu,
2131 4773 2217 4828 11.
2296 4773 2344 4804 ’δ
2382 4770 2546 4825 Eccli.
2581 4769 2728 4837 1,10.
2768 4771 2812 4802 ”
2853 4769 2998 4824 Psal.
3035 4785 3192 4836 xvnl,
3231 4770 3285 4824 Ξ.

331 4949 898 5030 (8)nSegiIer._Gobler.
929 4955 1109 5030 Felck.
1149 4959 1258 5030 Iret
1288 4960 1340 5024 4,
1372 4959 1458 5012 διὰ
1499 4961 1559 5014 τὸ
1608 4962 1698 5015 τδν
1728 4962 1824 5015 τύ-

1937 4961 2235 5027 Scriptura.
2265 4958 2369 5012 Alii
2397 4967 2451 5030 et
2480 4957 2634 5030 editi,
2653 4955 3001 5030 ’ξπειδήπεμ

270 5035 370 5072 πον.
395 5019 554 5076 Basil.
586 5023 677 5076 διὰ
711 5027 771 5078 τί)
795 5026 981 5081 τύπον.
1011 5027 1204 5083 Caneri
1231 5038 1284 5084 et
1315 5019 1465 5095 editi,
1498 5031 1585 5087 διὰ
1616 5033 1707 5086 τὸν
1730 5033 1822 5086 τύ-

269 5106 390 5229 ποῖέ)
429 5162 646 5218 Gobler.
675 5175 728 5220 et
761 5164 944 5221 Felck.
977 5167 1030 5233 1,
1058 5167 1316 5233 ὡσαύτως
1349 5168 1443 5223 ὧν.
1465 5171 1654 5228 Creteri
1688 5191 1817 5228 mss.

267 5239 312 5312 et
338 5233 490 5312 editio
520 5235 790 5312 commel.
819 5235 894 5300 ὡς
936 5237 1237 5312 αὐτος-ῶν.
1269 5239 1392 5295 Mox
1426 5257 1559 5298 mss.
1594 5243 1818 5312 addunt,

269 5301 486 5375 sigma
521 5305 710 5375 αὐτοῦ,
747 5322 868 5375 quae
902 5307 970 5361 ab
1001 5309 1159 5363 editis
1193 5311 1410 5365 absunt.

329 5355 1453 5450 nugs};sagugafazgisga[litigas
1493 5381 1674 5437 Felck.
1712 5385 1746 5438 ι
1771 5394 1827 5439 et

268 5437 313 5519 ξ.
338 5437 636 5519 Αιςευωετ,
667 5437 722 5500 ét
749 5444 929 5519 Felck.
951 5437 1010 5519 ig,
1043 5449 1071 5501 δ
1091 5448 1258 5518 λέγει,
1284 5437 1375 5519 qui
1403 5451 1564 5506 iidem
1600 5437 1822 5518 ibidem,

266 5508 415 5566 ὅτιτὸ
444 5516 686 5584 γνωστὸν
731 5515 827 5569 τοῦ
875 5517 1010 5570 Θεοῦ
1051 5508 1440 5591 φανερόν’ἐστι
1478 5526 1588 5588 τοῖς
1617 5508 1826 5596 ἀνθρὼλ

256 5595 690 5794 ἕξῗίλιςοιίιετ.
735 5667 791 5713 et
818 5656 997 5714 Fclck.
1022 5659 1077 5726 ι,
1113 5662 1214 5715 οὐκ
1243 5661 1342 5716 ἔτι.
1379 5663 1501 5718 Mox
1535 5665 1696 5720 iidem
1731 5684 1828 5718 πε-

336 5739 435 5778 01111
489 5745 559 5781 un
593 5768 606 5780 .

336 5739 606 5781 οηιιιῐυηι.

312 5791 419 5866 (12)
459 5798 694 5868 chucr.
731 5804 786 5852 et
810 5796 990 5852 Felck.
1026 5800 1078 5866 1,
1098 5801 1315 5872 Ἐπειδὴ
1343 5805 1468 5875 γάρ,
1501 5815 1557 5861 ut
1591 5816 1642 5860 et
1665 5805 1825 5860 habet

2002 5021 2113 5100 (13)
2155 5029 2383 5100 Seguer.
2419 5021 2637 5083 Gobler.
2674 5028 2817 5100 Felc.
2854 5021 2871 5080 1
2911 5021 3037 5089 cH,
3065 5024 3171 5076 Καὶ
3195 5021 3354 5092 σοφὸς
3375 5021 3504 5090 γάρ.

1929 5102 1985 5157 In
2013 5099 2148 5155 aliis
2177 5110 2232 5155 et
2262 5099 2421 5153 editis
2452 5099 2604 5169 deest
2634 5099 2761 5169 γάρ.

1999 5172 2110 5242 (14)
2152 5171 2313 5239 Λέγει
2343 5171 2553 5242 abesta
2580 5161 2796 5242 Gobl'er.
2827 5165 3080 5242 etgFelcli.
3110 5164 3158 5216 1.
3193 5161 3502 5242 Mux‘iiilcm

1927 5233 2251 5313 et‘Se'guer;
2282 5249 2336 5295 et
2371 5239 2564 5313 Felclt.
2599 5239 2653 5303 ι1,
2707 5240 2894 5307 φωτιεί
2941 5237 3250 5305 πρόσωπον.
3305 5233 3409 5286 Alii
3451 5243 3505 5287 ct

1927 5313 2079 5372 editi.
2106 5311 2308 5380 ἱρωτιεῖ
2334 5311 2396 5364 τὸ
2435 5311 2744 5381 πρόσωπον.

2001 5373 2380 5453 (15)’5εξειιοι·.
2410 5373 2984 5453 προτερον-οὑκῆσαν.
3017 5373 3186 5453 Paulo
3212 5383 3352 5453 post.
3392 5373 3505 5428 Go-

1929 5442 2378 5526 bletj.:et‘li“elck.
2405 5442 2652 5526 1'6;
2685 5442 2856 5526 ἐστιν,
2886 5446 2968 5526 ,ὡς
3011 5445 3104 5526 ναὶ
3147 5442 3316 5526 Σιράχ
3340 5461 3503 5526 gnat.

2003 5523 2115 5594 (16)
2157 5522 2378 5594 Gobler.
2405 5520 2588 5594 Felck.
2625 5519 2649 5570 1
2685 5527 2739 5571 ct
2772 5518 2827 5580 4,
2853 5517 2900 5568 εἰ
2925 5515 2980 5567 δὲ
3012 5514 3309 5587 ἡτοιαύτη.
3339 5514 3502 5569 Iidem

1931 5591 2103 5662 paulo
2127 5603 2271 5662 post,
2305 5593 2362 5645 ὲν
2394 5591 2603 5662 κῃόσμῳ.

2003 5654 2382 5737 (17)’5εέιιειδ.
2417 5654 2804 5737 ίῖςέἶέίϐιῖιιῇθτ..
2835 5654 3017 5737 Ifelck.
3053 5656 3101 5722 l,
3147 5655 3181 5709 4
3209 5665 3264 5712 et
3289 5657 3345 5722 5,
3375 5671 3501 5724 περ·

1932 5727 2147 5800 eat-3:71;.
2175 5733 2278 5785 Alii
2314 5740 2366 5783 et
2397 5729 2547 5792 editi,
2589 5727 2716 5797 περὶ
2746 5727 2933 5796 αὒτῆς.

2006 5806 2116 5871 (l8)
2169 5803 2232 5854 'H
2267 5801 2415 5855 deest
2439 5801 2491 5852 in
2527 5800 2748 5866 chucr.

2089 6062 2120 6083 θ’
