3948 6236
423 381 527 434 315

1001 379 1060 435 S.
1105 377 1473 434 ATHANASII
1512 378 1663 434 OPP.
1704 377 1885 433 PARS
1923 377 1964 432 l.
2000 410 2069 421 —
2108 375 2483 434 HISTOBICA
2523 379 2610 434 ΕΤ
2651 376 3066 435 DOGMATICA.

3554 377 3657 437 316

424 501 736 562 agnoscent,
764 495 1072 563 patebitque
1099 493 1222 548 illos
1255 493 1319 548 ad
1348 493 1636 563 imaginem
1676 491 1769 547 Dei
1814 490 1972 546 facto:

2089 492 2184 545 καὶ
2217 491 2636 564 γνωσθήσονται,
2683 495 2762 547 ὅτι
2799 493 2966 558 ὅντως
3007 491 3117 564 (19)
3158 510 3259 547 κατ
3307 493 3488 547 είκόνα
3521 493 3658 546 Θεοῦ

421 597 562 638 esse.
595 583 1061 651 Quemadmodum
1085 587 1230 641 enim
1258 587 1304 642 si
1321 588 1444 656 quis
1463 587 1803 656 imperatoris
1820 585 1984 650 ﬁlius,

421 684 574 746 patre
611 677 803 732 urbem
832 679 1068 748 aliquam
1109 679 1376 734 aediﬁcare
1401 680 1670 749 cupiente,
1699 695 1856 734 suum
1889 695 1988 734 no-

420 782 547 822 men
581 768 809 840 singulis
841 770 1084 826 aadiﬁciis
1122 771 1429 827 securitatis
1457 786 1621 826 causa
1651 771 1985 836 inscriberet,

419 868 480 916 ut
512 875 707 932 nempe
733 861 985 926 aediﬁcia,
1019 863 1104 918 sui
1131 863 1201 917 ob
1231 863 1468 918 nominis
1497 861 1727 933 speciem
1758 862 1988 934 singulis

419 952 692 1023 impressi,
720 961 942 1024 possent
973 955 1288 1024 persistere,
1319 969 1493 1024 eoque
1514 970 1580 1008 ex
1613 954 1832 1008 nomine
1863 970 1986 1008 cum

420 1045 506 1101 sui
537 1045 708 1115 ipsius
758 1054 874 1099 tum
922 1047 1096 1115 patris
1154 1045 1514 1101 meminisse:
1555 1045 1602 1100 si
1649 1046 1716 1110 is,
1742 1045 1986 1115 inquam,

417 1133 554 1188 urbe
598 1133 861 1189 aediﬁcata
895 1135 1339 1206 interrogaretur,
1373 1150 1610 1206 quonam
1650 1119 1813 1190 modo
1846 1135 1984 1190 facta

416 1233 580 1290 esset,
612 1235 757 1280 recte
799 1227 1151 1295 responderet
1183 1245 1197 1280 :
1236 1225 1374 1282 Tute
1403 1236 1486 1282 est
1525 1226 1817 1293 aediﬁcata;
1869 1244 1986 1282 mea

416 1311 614 1380 quippe
636 1311 834 1382 imago,
851 1312 992 1368 sicut
1019 1313 1189 1368 voluit
1206 1322 1377 1384 pater,
1399 1313 1451 1368 in
1476 1315 1703 1384 singulis
1732 1331 1986 1385 expressa

415 1407 501 1454 est
535 1398 820 1468 mdiﬁciis;
852 1418 1033 1456 meum
1085 1405 1229 1458 enim
1264 1421 1462 1460 nomen
1507 1413 1747 1461 creatum
1786 1407 1840 1462 in
1879 1408 1986 1463 illis

415 1499 518 1544 est.
557 1489 652 1544 His
683 1500 863 1547 autem
896 1493 984 1548 ille
1013 1495 1196 1550 verbis
1228 1510 1337 1550 non
1372 1512 1526 1551 suam
1555 1512 1686 1553 sane
1711 1510 1984 1564 naturam,

415 1586 507 1638 sed
536 1601 691 1641 suam
736 1588 1005 1644 duntaxat
1057 1590 1286 1661 ﬁguram
1333 1606 1434 1646 suo
1479 1593 1698 1648 nomine
1747 1603 1983 1649 creatam

413 1692 532 1731 esse
563 1678 913 1749 signiﬁcaret.
947 1680 1148 1736 Eodem
1173 1683 1331 1751 plane
1366 1683 1526 1738 modo
1547 1683 1699 1754 juxta
1730 1685 1782 1740 id
1798 1702 1985 1741 exem-

413 1769 509 1837 pii,
544 1769 628 1823 his
661 1771 756 1841 qui
782 1773 1128 1842 sapientiam,
1169 1789 1291 1843 quae
1336 1775 1388 1828 in
1420 1777 1582 1832 rebus
1609 1779 1806 1833 creatis
1839 1781 1983 1835 exsi-

2088 583 2361 652 γεγόνασι.
2401 586 2508 638 Καὶ
2537 583 2724 657 ὥσπερ
2748 585 2812 639 ἂν
2837 587 2997 648 εῐ-τις
3027 585 3285 655 βασιλέως
3319 586 3453 649 υἱὸς,
3485 584 3662 639 θέλον-

2088 691 2177 737 τος
2203 674 2404 745 πατρὸς
2430 674 2776 745 οἰκοδομῆσαι
2828 675 2998 739 πόλιν,
3031 674 3123 728 καὶ
3147 675 3314 728 ποιῶν
3349 677 3405 730 ὲν
3439 675 3654 746 ἑκάστῳ

2087 765 2193 817 τῶν
2242 765 2539 836 γινομένων
2586 766 2760 837 ἔργων
2809 767 3148 838 ἐγγραφῆναι
3196 767 3255 819 τὸ
3303 767 3491 820 ἑαυτοῦ
3535 767 3656 821 δνο-

2091 875 2167 927 μα
2195 858 2327 928 (20),
2360 859 2654 927 ἀσφαλείας
2692 876 2752 911 τε
2801 859 2958 930 χάριν
2980 859 3074 910 τοῦ
3116 859 3384 930 διαμένειν
3416 859 3482 914 τὰ
3515 853 3668 932 ἔργα“

2087 948 2174 1002 διὰ
2207 949 2304 1020 τὴν
2339 951 2396 1002 ὲν
2435 950 2647 1020 ἑκάστῳ
2689 949 2782 1003 τοῦ
2825 950 3083 1021 ὀνόματος
3119 949 3280 1002 αὑτοῦ
3321 951 3668 1020 φαντασίαϊ.

2087 1041 2178 1093 καὶ
2205 1040 2271 1092 ἵν’
2317 1041 2382 1092 ἐκ
2419 1041 2512 1094 τοῦ
2547 1042 2804 1111 ὀνόματος
2841 1041 3343 1112 ἀναμιμνήσκεσθαι
3387 1043 3545 1096 αὐτοῦ
3591 1059 3652 1095 τε

2088 1132 2180 1185 καὶ
2206 1131 2298 1184 τοῦ
2329 1133 2532 1204 πατρὸς
2568 1131 2731 1186 αὐτοῦ
2761 1131 3044 1185 δύνωνται·
3071 1130 3360 1195 τελειώσας
3383 1131 3438 1185 δὲ
3472 1131 3651 1200 (21)εί

2087 1225 2385 1298 ὲρωτηθείη
2425 1227 2550 1296 περὶ
2580 1225 2679 1296 τῆς
2712 1225 2934 1288 πόλεως,
2976 1225 3091 1287 πῶς
3122 1224 3360 1293 γέγονεν,
3382 1225 3522 1276 εἴποι
3552 1223 3615 1276 ἄν
3635 1241 3668 1298 ·,

2099 1317 2378 1385 ’Δσφαλῶς
2415 1316 2600 1386 γέγονε
2623 1333 2636 1346 ·
2691 1315 2830 1368 κατὰ
2876 1313 2982 1386 γὰρ
3024 1315 3084 1368 τὸ
3129 1314 3373 1386 βούλημα
3421 1313 3514 1366 τοῦ
3553 1331 3652 1368 πα-

2084 1409 2231 1480 τρὸς,
2259 1409 2316 1461 ὲν
2347 1409 2559 1480 ἑκάστῳ
2584 1407 2729 1479 ἔργῳ
2749 1406 3112 1478 ὲξεικονίσθην
3139 1406 3246 1477 (22)
3263 1424 3276 1436 ·
3302 1406 3363 1459 τὸ
3382 1406 3486 1477 γὰρ
3518 1406 3650 1476 ἐμὸν

2085 1497 2253 1569 ὄνομα
2286 1500 2342 1552 ὲν
2375 1502 2486 1561 τοῖς
2513 1498 2692 1570 ἔργοις
2728 1497 3028 1568 ὲνεκτίσθη.
3069 1495 3239 1550 Τοῦτο
3275 1497 3332 1550 δὲ
3367 1495 3556 1564 λέγων,
3585 1497 3646 1549 ού

2085 1590 2183 1662 τὴν
2229 1589 2420 1643 ἑαυτοῦ
2464 1589 2647 1643 οὐσίαν
2686 1589 2995 1643 κτισθεῖσαν
3045 1590 3295 1661 σημαίνει
3320 1630 3334 1653 ,
3383 1589 3515 1643 ἀλλὰ
3557 1589 3647 1643 τὸν

2085 1681 2276 1735 ἑαυτοῦ
2320 1681 2488 1735 τύπον
2533 1680 2619 1734 διὰ
2655 1680 2747 1734 τοῦ
2787 1680 3076 1752 ὀνόματος·
3124 1678 3213 1733 τὸν
3258 1680 3418 1734 αὐτὸν
3451 1682 3648 1750 τρόπον

2086 1773 2228 1827 κατὰ
2266 1773 2364 1844 τὴν
2389 1774 2677 1844 ὁμοιότητα
2713 1771 2806 1826 τοῦ
2845 1772 3281 1843 παραδείγματος
3307 1775 3416 1836 τοῖς
3441 1772 3647 1843 θαυμά-

415 1857 538 1922 εῑίι,
565 1858 928 1927 admirantur,
949 1863 1238 1932 respondet
1253 1879 1378 1918 vera
1395 1864 1669 1934 Sapientia
1691 1885 1704 1920 :
1725 1867 1972 1924 Dominus

2083 1863 2233 1926 ζουσι
2275 1865 2373 1936 τὴν
2413 1866 2470 1916 ἐν
2517 1867 2628 1928 τοῖς
2670 1864 2930 1934 κτίσμασι
2981 1863 3170 1932 σοφίαν
3211 1864 3558 1935 ἀποκρίνεται
3609 1867 3641 1934 ἡ

411 1949 605 2001 creavit
627 1965 706 2003 me
733 1952 788 2004 in
819 1967 996 2020 opera.
1048 1953 1162 2008 Mea
1188 1955 1332 2008 enim
1365 1956 1534 2026 ﬁgura
1576 1957 1630 2011 in
1662 1958 1772 2014 illis
1800 1971 1900 2027 est,
1929 1971 1972 2016 cl

2082 1957 2305 2029 ἀληθινὴ
2352 1957 2549 2027 Σοφία·
2599 1957 2813 2026 Κύριος
2864 1957 3061 2010 ἕκτισέ
3094 1974 3170 2025 με
3201 1959 3285 2021 είς
3309 1956 3473 2026 ἔργα·
3508 1955 3642 2027 ἐμοῦ

406 2053 510 2110 ego
538 2040 619 2095 sic
649 2056 736 2096 me
761 2044 833 2096 ad
857 2059 949 2098 res
975 2043 1287 2100 eﬁiciendas
1317 2048 1747 2104 accommodavi.

2082 2050 2187 2122 γὰρ
2215 2049 2382 2112 τύπος
2430 2050 2575 2102 ἐστὶν
2625 2050 2653 2101 6
2701 2050 2756 2100 ὲν
2799 2047 3186 2117 αὑτοῖς·κὰγὼ
3218 2047 3357 2101 οὕτω
3414 2065 3646 2117 συγκατ-

2081 2139 2213 2211 ἐόην
2243 2143 2310 2212 τῇ
2341 2139 2691 2210 δημιουργίᾳ.

479 2217 568 2271 80.
588 2214 696 2273 Nec
720 2234 850 2274 vero
869 2225 1066 2276 mirum
1099 2223 1361 2288 videatur,
1386 2225 1430 2281 si
1463 2225 1632 2284 Filius
1656 2229 1719 2283 de
1747 2245 1844 2285 sua
1860 2245 1972 2301 qua!

2148 2231 2234 2286 80.
2267 2234 2341 2285 Ού
2378 2233 2539 2286 δεῖδὲ
2566 2233 2724 2286 πάλιν
2751 2231 3068 2298 ξενίζεσθαι,
3097 2235 3144 2287 εί
3179 2233 3269 2288 τὸν
3298 2235 3356 2287 ὲν
3392 2235 3524 2304 ἡμῖν
3554 2233 3647 2286 τύο

409 2305 467 2360 in
502 2307 661 2363 nobis
689 2319 772 2364 est
809 2311 1014 2382 ﬁgura,
1048 2323 1305 2385 tanquam
1359 2317 1426 2372 de
1480 2319 1660 2388 seipso
1703 2321 1972 2392 loquatur,

2082 2342 2179 2379 πον
2201 2326 2328 2380 ὄντα
2349 2324 2424 2388 ὡς
2453 2323 2579 2395 περὶ
2612 2323 2804 2376 ἑαυτοῦ
2831 2326 2948 2377 ἐστι
2982 2325 3154 2393 λέγων
3176 2326 3204 2378 6
3248 2324 3393 2389 Υἱὸς,
3425 2326 3556 2378 ὅπου
3581 2342 3644 2394 γε

409 2414 533 2490 cum
561 2401 725 2471 (idem
759 2403 906 2458 enim
939 2416 1184 2476 repetere
1207 2409 1343 2462 nihil
1374 2418 1458 2466 est
1491 2410 1972 2489 reformidandum)

2082 2419 2160 2490 (τὺ
2197 2417 2330 2470 αὐτὸ
2363 2417 2470 2488 γὰρ
2491 2415 2664 2486 λέγειν
2689 2416 2798 2487 (2'5)
2830 2417 2929 2471 οὐκ
2964 2418 3234 2490 ὀκνητέον)
3261 2434 3274 2448 ·
3306 2419 3399 2472 καὶ
3436 2418 3640 2472 Σαύλου

409 2489 577 2546 Saulo
615 2493 938 2564 Ecclesiam,
968 2497 1022 2552 in
1053 2514 1160 2568 qua
1193 2501 1311 2570 ejus
1350 2502 1525 2574 ﬁgura
1549 2515 1603 2561 et
1633 2507 1810 2578 imago
1837 2518 1972 2576 erat,

2082 2489 2196 2564 τότε
2223 2507 2507 2572 διώκοντος
2531 2509 2630 2580 τὴν
2667 2509 3010 2580 Ἐκκλησίαν,
3036 2489 3092 2562 ὲν
3186 2489 3353 2574 τύπος
3379 2507 3446 2582 ἦν
3475 2511 3642 2565 αὐτοῦ

406 2593 786 2672 persequente,
815 2588 971 2657 quasi
1001 2588 1114 2658 ipse
1139 2600 1283 2645 esset
1311 2607 1471 2662 quem
1500 2595 1590 2651 ille
1626 2612 1972 2668 persequere-

2082 2601 2170 2655 καὶ
2213 2599 2395 2665 εἰκὼν,
2425 2601 2502 2664 ὡς
2546 2600 2707 2663 αὐτὸς
2736 2601 3062 2672 διωκόμενος
3104 2601 3289 2670 ἔλεγε·
3337 2603 3552 2665 Σαῦλε,
3587 2605 3646 2656 τί

406 2677 515 2733 tur,
551 2671 773 2739 dixerit,
803 2672 985 2742 Saule,
1019 2678 1144 2747 quid
1183 2695 1262 2733 me
1290 2685 1612 2753 persequeris
1635 2686 1720 2738 “5?
1755 2685 1821 2741 Ut
1849 2703 1972 2758 ergo

2082 2711 2148 2762 με
2183 2693 2449 2758 (Seducere;
2475 2692 2682 2746 Οὐκοῦν
2715 2693 2902 2765 ὥσπερ
2935 2692 3166 2764 εἴρηται,
3201 2697 3249 2747 εί
3276 2692 3456 2762 ἔλεγεν
3481 2693 3643 2757 αὐτὸς

405 2763 609 2818 nemini
652 2766 850 2821 mirum
891 2768 1182 2837 videretur,
1221 2773 1296 2827 uti
1329 2773 1586 2840 diximus,
1614 2778 1659 2831 si
1702 2779 1972 2848 sapientiae

2082 2787 2104 2837 ὑ
2134 2785 2300 2848 τύπος
2331 2788 2429 2855 τῆς
2463 2785 2650 2853 σοφίας
2671 2786 2699 2838 6
2737 2783 2812 2837 ὢν
2844 2763 2902 2837 ὲν
2927 2763 3038 2848 τοῖς
3076 2784 3256 2857 ἔργοις
3297 2785 3377 2848 τὸ,
3425 2786 3639 2853 Κύριος

405 2851 600 2918 forma,
627 2871 748 2926 qua:
775 2859 830 2912 in
861 2859 1118 2928 operibus
1147 2870 1253 2930 est,
1293 2863 1518 2931 diceret,
1541 2866 1796 2923 Dominus
1826 2886 1970 2924 crea-

403 2944 476 2998 uit
503 2961 584 2999 me
609 2947 663 3000 in
692 2965 885 3017 opera;
928 2950 1004 3005 ita
1038 2953 1082 3006 si
1115 2953 1232 3022 ipsa
1258 2970 1382 3010 vera
1411 2965 1464 3011 et
1492 2958 1721 3012 creatrix
1753 2958 1976 3029 Sapien-

401 3033 498 3098 tia,
516 3036 660 3104 quod
688 3045 742 3091 et
770 3040 1108 3110 unigenitum
1140 3043 1231 3099 Dei
1263 3045 1614 3115 estVerbum,
1637 3064 1700 3105 ea
1720 3067 1840 3120 quae
1864 3068 1975 3108 suae

402 3126 622 3194 propria
664 3138 789 3184 sunt
827 3129 1080 3201 imaginis
1131 3139 1492 3207 usurpaverit.
1527 3155 1591 3196 ac
1624 3142 1768 3198 velut
1806 3145 1871 3198 de
1917 3161 1976 3201 se

402 3217 521 3286 ipsa
551 3218 768 3285 dixerit,
793 3221 1003 3277 Creavit
1032 3241 1112 3280 me
1139 3228 1194 3281 in
1238 3245 1418 3298 opera,
1451 3247 1613 3287 nemo
1633 3233 1858 3292 dimissa
1887 3253 1975 3292 sa-

401 3309 625 3378 pientia,
655 3328 782 3383 qum
801 3312 854 3368 in
883 3315 1088 3371 mundo
1110 3327 1165 3372 et
1193 3321 1448 3390 operibus
1483 3332 1664 3379 creata
1697 3334 1802 3391 est,
1831 3328 1978 3382 arbi-

401 3409 574 3455 tretur
610 3403 833 3458 verbum
880 3405 1062 3474 istud,
1090 3410 1305 3475 creavit,
1350 3411 1416 3465 de
1455 3421 1647 3469 natura
1692 3414 1978 3486 Sapientiae

398 3504 520 3559 qua:
548 3507 644 3562 per
667 3509 724 3549 se
742 3494 860 3565 ipsa
880 3504 966 3551 est
987 3497 1196 3552 dictum
1219 3514 1360 3566 esse,
1393 3518 1461 3557 ne
1484 3503 1668 3558 vinum
1689 3520 1810 3561 cum
1834 3524 1976 3578 aqua

399 3582 637 3640 miscens
679 3585 747 3652 ’⁷,
785 3588 1065 3642 veritatem
1113 3591 1395 3661 subripere
1429 3594 1693 3652 videatur.
1733 3598 1977 3669 Namque

400 3671 490 3726 illa
514 3675 746 3729 creatrix
767 3676 1018 3746 etopifex
1035 3689 1119 3733 est
1137 3683 1401 3750 sapientia
1423 3704 1436 3738 :
1456 3684 1575 3754 ejus
1590 3695 1771 3742 autem
1803 3687 1976 3744 forma

405 3760 459 3814 in
507 3766 764 3834 operibus
799 3777 1018 3824 creatur
1066 3779 1324 3842 tanquam
1370 3775 1622 3846 imaginis
1652 3778 1970 3835 similitudo.

399 3851 725 3923 Hujusmodi
759 3873 924 3927 porro
955 3861 1221 3931 sapientia
1260 3867 1582 3936 principium
1623 3871 1824 3923 viarum
1855 3887 1975 3926 esse

397 3944 618 4010 dicitur,
643 3949 771 4018 quia
804 3953 1077 4021 quoddam
1107 3963 1192 4010 est
1210 3957 1532 4028 principium
1560 3969 1612 4015 et
1645 3961 1971 4017 elementum

397 4037 720 4105 cognitionis
747 4039 862 4095 Dei.
902 4042 1031 4098 Eam
1067 4047 1210 4101 enim
1235 4050 1357 4118 quis
1380 4051 1609 4118 primam
1639 4053 1803 4107 veluti
1829 4055 1970 4109 viam

404 4124 703 4195 ingressus,
735 4140 789 4185 et
825 4133 1024 4190 timore
1055 4137 1147 4191 Dei
1176 4142 1506 4207 custodiens,
1544 4153 1600 4197 ut
1645 4145 1782 4200 dixit
1812 4145 1970 4201 Salo-

404 4230 553 4281 mon,
582 4220 904 4290 principium
927 4227 1204 4288 sapientice
1239 4230 1395 4284 timor
1419 4232 1633 4286 Domini
1659 4235 1725 4298 ³⁸,
1752 4237 1971 4292 deinde-

397 4322 506 4398 que
528 4319 705 4366 mente
727 4315 1098 4385 progrediens,
1130 4329 1183 4374 et
1207 4325 1486 4380 creatrieis
1509 4324 1818 4395 Sapientiae,
1849 4345 1971 4398 quae

397 4396 455 4454 in
487 4399 648 4455 rebus
681 4406 878 4460 creatis
907 4419 1151 4476 apparet,
1176 4413 1539 4480 cognitionem
1574 4396 1880 4486 assecutus,
1912 4421 1967 4474 in

2077 2876 2284 2931 ἐκτισέ
2304 2894 2380 2946 με
2403 2879 2490 2943 είς
2526 2876 2689 2945 ἔργα,
2719 2877 2818 2929 οὐκ
2850 2876 2914 2930 ἄν
2941 2893 3024 2938 τις
3045 2875 3286 2946 ἐξενίσθη
3306 2893 3318 2906 ·
3346 2875 3515 2940 οὕτως
3548 2876 3642 2930 ἐὰν

2080 2967 2176 3021 καὶ
2205 2967 2342 3038 αὐτὴ
2386 2969 2418 3037 ή
2468 2965 2692 3037 ἀληθινὴ
2723 2966 2816 3019 καὶ
2853 2966 3178 3037 δημιουργὸς
3205 2967 3390 3036 Σοφία,
3425 2969 3452 3018 ὁ
3489 2983 3641 3036 μονο-

2075 3060 2234 3132 γενὴς
2263 3058 2354 3114 τοῦ
2385 3058 2518 3113 Θεοῦ
2547 3059 2716 3127 Λόγος
2749 3058 2880 3130 (24),
2905 3057 3037 3130 λέγῃ
3061 3057 3130 3112 τὰ
3154 3059 3251 3129 τῆς
3283 3059 3488 3122 εἰκόνος
3517 3061 3642 3112 ἑαυ-

2001 3184 2044 3243 c
2076 3152 2168 3207 τοῦ
2195 3153 2270 3216 ὡς
2296 3151 2420 3224 περί
2443 3150 2635 3205 ἑαυτοῦ
2667 3150 2745 3214 τὸ,
2784 3151 2994 3219 Κύριος
3023 3149 3224 3204 ἐκτισέ
3249 3167 3324 3220 με
3360 3153 3447 3215 εὶς
3477 3151 3639 3220 ἔργα,

2083 3245 2289 3316 μηδεὶς,
2318 3244 2477 3314 ἀφεὶς
2522 3243 2620 3316 τὴν
2668 3243 2726 3296 ἐν
2755 3243 2945 3313 κόσμῳ
2975 3244 3069 3296 καὶ
3108 3245 3219 3306 τοῖς
3253 3243 3433 3315 ἔργοις
3461 3245 3642 3311 ἐγκτι-

2081 3334 2315 3398 σθεῖσαν,
2345 3332 2609 3404 νομιζέτω
2659 3332 2786 3404 περὶ
2833 3332 2932 3404 τῆς
2967 3331 3149 3395 οὐσίας
3178 3333 3274 3402 τῆς
3303 3332 3636 3400 Αὐτσσοφίας

2077 3425 2326 3498 είρῆσθαι
2355 3425 2435 3491 τὸ,
2500 3426 2751 3491 ἔκτισεν,
2807 3424 2895 3477 ἵνα
2925 3423 3018 3494 μὴ.
3045 3423 3136 3476 τὸν
3165 3419 3301 3476 οἶνον
3327 3421 3478 3475 ὕδατι
3516 3422 3636 3491 μίσ-

2077 3529 2214 3580 γων,
2274 3511 2528 3566 κλέπτειν
2568 3511 2696 3582 δοκῇ
2743 3511 2840 3582 τὴν
2873 3511 3150 3582 ἀλήθειαν.
3200 3511 3346 3583 Αὕτη
3391 3510 3502 3580 (25)
3539 3511 3637 3580 μὲν

2076 3603 2184 3674 γὰρ
2233 3602 2489 3666 κτίζουσα
2535 3603 2628 3655 καὶ
2673 3601 2998 3674 δημιουργός
3038 3604 3218 3655 ἐστιν·
3268 3603 3297 3650 ὁ
3341 3601 3398 3654 δὲ
3435 3600 3639 3670 ταύτης

2074 3693 2243 3757 τύπος
2283 3693 2589 3762 ὲγκτίζεται
2617 3694 2727 3756 τοῖς
2752 3692 2954 3764 ἔργοις,
2981 3692 3167 3764 ὥσπερ
3205 3693 3296 3744 καὶ
3315 3692 3412 3761 τῆς
3434 3691 3640 3754 εἰκόνος

2073 3785 2134 3840 τὸ
2181 3785 2302 3840 κατ’
2337 3785 2538 3838 εἰκόνα.
2578 3783 2797 3854 Ἀρχὴν
2845 3784 2904 3837 δὲ
2949 3783 3104 3838 ὁδῶν
3145 3783 3310 3852 λέγει,
3361 3782 3548 3854 ἐπειδὴ
3600 3784 3635 3852 ἡ

2074 3876 2294 3946 τοιαύτη
2321 3875 2505 3945 σοφία,
2541 3877 2681 3948 ἀρχή
2710 3893 2794 3940 τις
2826 3877 2919 3928 καὶ
2951 3874 3138 3947 ὥσπερ
3169 3874 3498 3945 στοιχείιοισις
3533 3871 3639 3942 τῆς

2075 3967 2164 4020 ἐπὶ
2189 3967 2320 4020 Θεὸν
2343 3965 2594 4035 γνώσεως
2618 3965 2858 4033 γίνεται·
2890 3964 3060 4036 ταύτῃ
3095 3963 3201 4036 γὰρ
3229 3963 3417 4036 πρώτῃ
3448 3963 3638 4032 ὥσπερ
3709 3965 3714 3970 ’

2075 4057 2267 4121 ὲπιὸάς
2318 4056 2427 4128 (26)
2473 4073 2555 4120 τις
2584 4059 2650 4127 τῇ
2699 4054 2823 4126 ὁδῷ,
2870 4055 2963 4108 καὶ
2992 4055 3190 4124 ταύτην
3238 4054 3519 4123 φυλάττων
3554 4051 3637 4122 τῷ

2073 4149 2222 4219 φόϐῳ
2235 4148 2327 4203 τοῦ
2344 4148 2499 4212 Θεοῦ,
2514 4147 2588 4211 ὡς
2603 4140 2754 4200 εἷπεν
2770 4149 2798 4200 ὁ
2814 4145 3083 4218 Σολομὼν,
3110 4146 3278 4216 Ἀρχὴ
3300 4147 3519 4214 σοφίας
3536 4145 3639 4212 scd.

2073 4243 2173 4308 σος
2186 4241 2426 4309 Κυρίου,
2452 4237 2576 4295 εἶτα
2596 4239 2964 4294 ὲπαναὸαίνων
2985 4242 3048 4309 τῇ
3073 4239 3295 4309 διανοίᾳ,
3320 4237 3414 4292 καὶ
3437 4238 3638 4306 νοήσας

2069 4333 2168 4402 τὴν
2192 4333 2250 4384 ὲν
2285 4333 2350 4402 τῇ
2382 4331 2551 4384 κτίσει
2579 4330 2904 4401 δημιουργὸν
2941 4330 3159 4398 Σοφίαν,
3190 4330 3369 4400 νοήσει
3400 4328 3456 4380 ὲν
3490 4327 3630 4397 αύτῇ

2070 4425 2163 4476 καὶ
2193 4421 2282 4476 τὸν
2304 4423 2472 4494 αὐτῆς
2500 4423 2718 4493 Πατέρα
2753 4421 2886 4492 (27),
2914 4421 2990 4485 ὼς
3007 4421 3167 4482 αὐτὸς
3197 4421 3224 4472 6
3251 4419 3450 4489 Κύριος
3479 4418 3633 4488 εῐρη-

399 4488 513 4559 ipsa
530 4491 646 4562 ejus
666 4509 880 4565 quoque
903 4496 1117 4556 Patrem
1152 4503 1292 4557 haud
1316 4505 1479 4560 dubie
1494 4511 1962 4579 contemplaturus

2082 4533 2162 4569 ιεν
2181 4533 2193 4546 ·
2214 4516 2273 4568 Ὀ
2288 4514 2392 4584 ἐμὲ
2413 4488 2690 4583 ἔωρακὸξ,
2718 4488 2934 4581 ἑώρακε
2953 4511 3056 4566 τὸν
3085 4509 3311 4579 Πατέρα
3328 4488 3468 4562 ,Καὶ
3495 4507 3570 4570 ὼς
3604 4509 3634 4560 ὁ

467 4649 513 4680 ’⁸
549 4651 670 4710 Act.
704 4671 793 4720 Ix,
815 4659 870 4714 4.
945 4663 988 4693 ³⁷
1031 4662 1132 4718 lsa.
1185 4683 1230 4729 ι,
1253 4667 1342 4720 22.
1419 4669 1464 4700 ⁸⁸
1501 4668 1660 4724 Prov.
1693 4690 1729 4737 ι,
1757 4675 1807 4730 7.

467 4837 708 4914 (i9)_Sic
738 4841 903 4914 Basil.
953 4843 1084 4914 Reg.
1115 4855 1167 4900 et
1200 4846 1340 4902 Felc.
1389 4850 1440 4903 5.
1489 4850 1544 4904 In
1579 4853 1738 4910 editis
1776 4867 1954 4912 autem

395 4908 566 4988 deest)
580 4909 768 4988 δντως.
813 4908 1142 4988 seguerian.
1177 4915 1394 4988 Gobler.
1444 4920 1586 4976 Felc.
1622 4923 1647 4976 '1
1681 4908 1736 4978 et
1772 4908 1958 4988 ἱξίἱάι

401 4979 793 5116 ξξζυασὲἒσζονται
837 4979 1072 5055 ἀληθῶς,
1127 4987 1207 5039 ὅτι
1263 4987 1432 5054 ὅντως
1478 4992 1642 5047 τέκνα
1685 4979 1826 5050 Θεοξ
1867 4979 1957 5066 fg;

617 5119 932 5192 Seguerian.
979 5125 1276 5198 γινομένων
1322 5129 1379 5181 ὲν
1443 5135 1624 5204 γραφῇ
1681 5135 1742 5188 τὸ
1791 5136 1954 5190 αὐτοῦ

467 5257 592 5344 (2l)_
621 5258 851 5344 scguer.
868 5263 1171 5344 τελειώσας.
1190 5285 1269 5322 τε.
1291 5268 1440 5344 _Mox
1477 5270 1698 5344 §eguer.
1736 5275 1953 5330 Gobler.

396 5325 600 5412 licio;
638 5325 767 5412 ειί,
798 5342 858 5386 ut
892 5344 944 5412 et
979 5336 1104 5412 legit
1128 5325 1403 5412 Nannius,
1429 5325 1955 5412 πῷςῡγέγονενῖλίίί

393 5404 447 5448 et
473 5397 640 5451 editio
665 5399 929 5458 Commel.
955 5407 1004 5458 si
1029 5397 1270 5477 γέγονεν.
1296 5397 1428 5464 ibid.
1456 5397 1597 5467 Feic:
1621 5397 1674 5481 ε’,
1698 5397 1953 5484 ἀσφαλῶς

394 5468 690 5532 γεγονέναι.

464 5535 710 5616 _Sic
763 5539 984 5616 Segucr.
1039 5545 1258 5604 Gobler.
1291 5558 1344 5604 et
1375 5551 1520 5606 Felc.
1567 5552 1619 5608 1.
1670 5553 1737 5608 At
1781 5554 1870 5608 alii
1902 5563 1956 5610 et

395 5603 922 5683 edi't‘il‘éﬁftxoviaﬁq.

397 5740 440 5796 Ρ
467 5673 579 5799 (23)
621 5675 841 5748 chuer.
873 5673 934 5734 τὸ
973 5684 1102 5739 αὐτὸ
1155 5689 1264 5760 γὰρ
1313 5690 1508 5759 λέγειν.
1559 5693 1691 5763 Reg.
1735 5693 1952 5750 Gobler.

440 5759 542 5799 ec.
577 5746 627 5799 1.
660 5748 692 5799 ιι
729 5758 781 5799 et
820 5749 874 5799 5*.
918 5752 977 5799 τὸ
1007 5755 1116 5799 γὰο
1148 5759 1276 5799 arma
1308 5759 1486 5799 λέγω
1545 5762 1600 5799 ,ιι
1655 5765 1705 5799 ς..
1751 5765 1864 5799 nunc
1905 5777 1952 5799 ο.

440 5746 542 5800 elc.
577 5746 627 5814 1,
660 5746 781 5802 [et
820 5749 874 5817 5’,
906 5752 977 5820 ,τὸ
1007 5755 1116 5825 γὰρ
1148 5746 1276 5811 αὐτὸ
1307 5746 1505 5830 λέγειν.
1540 5746 1715 5821 Atia
1748 5746 1957 5824 aliisvet

2063 4858 2579 4928 cditisdeestyip,
2625 4923 2673 4928 __
2789 4921 2827 4928 _
2863 4922 2876 4928 _
2971 4921 2984 4928 _
3116 4919 3129 4928 _
3185 4918 3208 4928 _
3449 4917 3462 4928 .
3599 4917 3625 4928 -

2134 4928 2246 4991 (2i)
2289 4917 2518 4987 Seguerf
2542 4923 2757 4979 Gobler.
2789 4921 2989 4991 Felcai
3026 4929 3081 4991 et
3104 4919 3156 4979 4.
3180 4917 3502 4991 δημιουργὸς
3531 4917 3628 4971 τοῦ

2062 4986 2196 5050 Θεοῦ
2229 4986 2394 5064 Σοφία
2420 4999 2447 5049 6
2482 4993 2770 5066 μονογενὴς
2791 4989 2966 5066 αὐτοῦ
3011 4990 3199 5066 Λόγος.
3237 4986 3355 5066 Mox
3378 4986 3627 5066 lseguer:

2061 5066 2191 5137 Reg.
2223 5057 2365 5121 Fel'c.
2393 5067 2425 5119 4
2453 5057 2506 5121 et
2533 5067 2586 5128 5,
2605 5057 2818 5137 ἐαυτῷ
2855 5061 2930 5137 ὡς
2967 5060 3095 5137 περ).
3127 5057 3420 5137 ἑαυτοῦπὸ,
3448 5057 3633 5137 ἔκτισὲ

2037 5126 2169 5208 ’μεΪ
2183 5138 2252 5208 At
2275 5137 2489 5208 Gobler.
2520 5126 2581 5208 iet—
2605 5134 2748 5208 Feic.
2785 5133 2841 5208 i,_
2865 5126 3127 5208 0.6105316;
3161 5127 3288 5208 περὶ
3320 5126 3512 5180 ἑαυτοῦ
3541 5127 3627 5192 τό,

2061 5199 2162 5262 etc.
2197 5207 2299 5259 Alii
2325 5215 2378 5260 et
2404 5207 2554 5272 editi,
2586 5199 3127 5272 είκόνοςγέαυτοῦ-τό,
3167 5207 3270 5272 etc.

2133 5276 2244 5346 (25)
2287 5267 2610 5346 Seguerian.
2629 5273 2759 5346 Reg.
2783 5271 2999 5346 _Gobler.
3019 5268 3162 5323 Felc.
3189 5268 3240 5332 1,
3257 5267 3290 5320 1
3313 5276 3364 5321 et
3388 5267 3442 5332 5,
3465 5267 3628 5338 αὕτη.

2061 5346 2162 5399 Alii
2202 5343 2381 5428 autem
2407 5355 2459 5399 et
2486 5344 2635 5424 editi,
2667 5343 2824 5466 αύτὲ.
2962 5412 2974 5422 .
3131 5407 3150 5424 q

2132 5416 2242 5466 (26)
2287 5415 2377 5466 Sic
2416 5415 2730 5466 Seauertan.
2808 5411 3048 5464 ohlerlan
3111 5407 3139 5461 it

2132 5416 2242 5486 (26)
2287 5415 2377 5470 Sic
2416 5407 3048 5486 SeguerianLGohlerian
3081 5407 3255 5486 _Felc.
3309 5407 3632 5486 {_et_4._At

2055 5475 2151 5540 alii
2186 5475 2239 5567 et
2285 5475 2684 5567 editi,fp£brov
2716 5481 2902 5552 ὥσπερ
2934 5480 3028 5534 καὶ
3078 5476 3290 5540 ἐπιϐάς.
3341 5475 3475 5531 ibid.
3529 5475 3633 5532 Se-

2063 5557 2306 5626 gucriau.
2335 5574 2416 5619 τις
2443 5557 2569 5625 ὀδῷ.

2132 5627 2243 5696 (27)
2283 5614 2494 5696 Anglic.
2520 5614 2586 5678 ’ὲν
2610 5617 3194 5696 ὰρχῇηιιιίιιηξςευρν.
3228 5614 3630 5696 ϐοὺιειςεξθιρ.

2067 5697 2087 5748 1
2113 5685 2181 5768 ct
2209 5685 2261 5760 ι1,
2295 5685 2399 5768 ab;
2413 5696 2611 5768 ταύτης
2650 5685 2896 5763 Πατέρα.
2927 5690 3030 5744 Alii
3053 5685 3242 5742 autem
3276 5695 3328 5740 ct
3358 5687 3508 5749 editi,
3538 5685 3636 5742 τὸν

2064 5767 2232 5831 αὐτῆς
2263 5767 2495 5822 Πατέρα.
