3948 6236
421 342 523 398 519

1039 341 1096 397 S.
1134 341 1502 401 ATHANASII
1539 345 1689 402 OPP.
1731 347 1910 405 PARS
1947 349 1988 405 Ι.
2027 381 2097 394 -
2135 349 2501 408 HISTORICA
2541 349 2628 404 ET
2670 349 3079 406 DOGMATICA.

3545 351 3649 403 5’20

425 459 548 525 tori,
576 465 668 528 qui
719 451 800 514 est.
836 457 1226 512 beneatctus'in
1268 462 1482 516 swcula.
1523 463 1744 517 Amen".
1773 463 1986 521 Pudore

2100 467 2158 521 τὰ
2200 467 2394 520 πάντα
2425 465 2557 536 (41),
2587 465 2654 530 ὅς
2679 465 2848 517 ἐστιν
2878 463 3199 532 εὐλογητὸς
3231 463 3318 527 είς
3351 464 3492 530 τοὺς
3517 463 3649 518 αἰῶ-

422 564 641 620 quoque
671 561 813 604 certe
848 548 1162 614 allicientur,
1196 551 1310 606 haec
1331 553 1646 607 audientes:
1687 553 1830 607 Nam
1863 563 1988 625 quia

424 640 480 692 in
507 639 769 708 sapientia
804 637 920 702 Dei,
941 649 1102 708 prout
1126 641 1540 709 explicavimus,
1571 643 1798 697 mundus
1822 643 1987 698 Deum

419 747 516 800 per
543 731 855 798 sapientiam
884 747 987 784 non
1017 734 1272 801 cognovit,
1301 731 1500 801 placuit
1538 733 1644 788 Deo
1689 751 1780 804 per
1808 736 1987 790 stulti-

425 822 556 875 tiam
569 821 965 890 praedicationis
989 823 1159 876 salvos
1181 823 1352 893 facere
1383 825 1647 880 credentes
1659 827 1702 880 ³.
1716 825 1987 882 Nec-enim

419 912 531 981 jam
563 912 823 981 amplius,
856 921 913 966 ut
945 899 1317 983 superioribus
1356 916 1709 986 temporibus,
1728 910 1870 972 Deus
1895 934 1990 986 per

424 1001 714 1072 imaginem
748 1013 801 1057 et
819 1003 1065 1057 umbram
1093 1004 1370 1074 sapientia:
1392 1021 1512 1074 quae
1534 1008 1587 1060 in
1606 1007 1768 1062 rebus
1794 1009 1991 1064 creatis

423 1101 528 1160 est,
572 1095 828 1164 cognosci
879 1096 1068 1159 voluit,
1101 1097 1196 1152 sed
1241 1096 1442 1166 placuit
1469 1097 1572 1166 ipsi
1615 1106 1672 1152 ut
1716 1097 1831 1168 ipsa
1866 1113 1991 1152 vera

429 1182 702 1253 Sapientia
736 1199 955 1240 carnem
989 1195 1312 1252 assumeret,
1344 1189 1507 1243 homo
1534 1187 1709 1251 ﬁeret,
1736 1196 1790 1242 et
1815 1187 1992 1243 crucis

427 1283 657 1329 mortem
692 1284 988 1344 pateretur,
1025 1285 1083 1330 ut
1110 1292 1206 1346 per
1233 1277 1392 1332 [idem
1419 1295 1541 1349 qua:
1567 1280 1620 1332 in
1651 1295 1713 1333 ea
1740 1281 1994 1334 consistit

427 1382 620 1438 omnes
651 1367 906 1438 deinceps
942 1369 1224 1425 credentes
1261 1370 1394 1426 salvi
1430 1386 1553 1426 esse
1590 1381 1831 1441 possent.
1874 1371 1994 1442 Ipsa

427 1474 556 1528 ergo
584 1458 858 1529 Sapientia
889 1460 985 1516 Dei
1028 1471 1131 1526 est,
1165 1477 1286 1531 qua:
1313 1471 1473 1516 antea
1498 1478 1593 1532 per
1618 1479 1770 1518 suam
1804 1463 1995 1536 imagi-

427 1567 551 1606 nem
575 1551 631 1605 in
661 1551 826 1606 rebus
855 1552 1055 1608 creatis
1082 1552 1400 1622 impressam
1438 1553 1624 1623 (quam
1659 1554 1730 1609 ob
1770 1570 1992 1610 causam

427 1644 602 1698 creari
631 1642 876 1714 dicitur),
899 1653 955 1699 et
997 1644 1252 1714 seipsam,
1283 1652 1339 1699 et
1377 1659 1473 1714 per
1500 1660 1559 1700 se
1589 1662 1748 1701 suum
1777 1645 1992 1701 Patrem

428 1744 620 1789 notum
664 1737 940 1792 reddebat.
984 1735 1181 1790 Postea
1223 1749 1353 1790 vero
1392 1737 1580 1790 eadem
1620 1737 1758 1805 ipsa,
1793 1753 1914 1807 quae
1941 1746 1995 1792 et

2088 575 2217 624 νας,
2249 558 2426 627 ἀμήν.
2451 556 2560 610 Kal.
2587 554 3009 626 ἐντραπήσονται
3032 571 3094 623 γε
3115 553 3399 617 ἀκούοντες
3421 571 3434 584 ·
3468 554 3652 606 Ἐπει-

2089 648 2166 717 δὴ
2199 649 2308 719 γὰρ
2335 651 2405 702 ἐν
2449 647 2523 717 τῇ
2549 647 2734 716 σοφίᾳ
2769 646 2873 700 τοῦ
2909 645 3075 708 Θεοῦ,
3109 643 3249 698 κατὰ
3278 644 3369 697 τὸν
3398 661 3654 714 προειρη-

2095 741 2249 812 μένον
2278 738 2496 810 τρόπον,
2533 740 2645 792 οὐκ
2679 739 2828 807 ἔγνω
2863 739 2896 790 ὁ
2937 736 3159 804 κόσμος
3183 733 3279 787 διὰ
3299 733 3410 803 τῆς
3435 735 3654 802 σοφίας

2090 830 2194 883 τὸν
2229 831 2394 893 Θεὸν,
2426 828 2768 897 ηὐδόκησεν
2800 827 2911 898 (42)
2943 829 2975 880 ὁ
3000 825 3142 890 Θεὸς
3168 824 3264 879 διὰ
3291 825 3402 893 τῆς
3430 826 3655 895 μωρίας

2090 920 2194 974 τοῦ
2243 920 2614 990 κηρύγματος
2663 917 2857 972 σῶσαι
2886 916 3026 983 τοὺς
3064 916 3477 982 πιστεύοντας.
3507 916 3655 968 Οὐκ-

2090 1011 2168 1064 έτι
2226 1011 2349 1082 γὰρ,
2385 1011 2459 1074 ὡς
2490 1013 2547 1064 ἐν
2586 1013 2696 1076 τοῖς
2743 1009 3026 1081 προτέροις
3051 1008 3293 1081 χρόνοις,
3347 1007 3415 1061 δι’
3447 1007 3657 1070 εἰκόνος

2090 1103 2184 1156 καὶ
2215 1104 2371 1166 σκιᾶς
2398 1102 2499 1172 τῆς
2543 1101 2750 1170 σοφίας,
2782 1103 2880 1172 τῆς
2913 1101 2970 1152 ἐν
3001 1103 3110 1163 τοῖς
3143 1099 3434 1168 κτίσμασιν
3467 1095 3654 1165 οὐσης,

2087 1194 2316 1265 ἠθέλησε
2341 1191 2700 1262 γινώσκεσθαι
2744 1193 2774 1244 ὁ
2797 1190 2927 1255 Θεός
2949 1209 2962 1222 ·
2997 1190 3109 1243 ἀλλ’
3139 1189 3308 1260 αὐτὴν
3340 1189 3438 1258 τὴν
3468 1186 3657 1258 ἀληθι-

2091 1286 2186 1356 νὴν
2219 1286 2415 1355 Σοφίαν
2455 1284 2676 1355 ἐποίησε
2709 1284 2885 1355 σάρκα
2916 1282 3122 1346 λαϐεῖν,
3165 1281 3259 1335 καί⁵
3281 1278 3528 1350 γενέσθαι
3561 1279 3655 1333 ἄν·

2091 1373 2324 1445 θρωπον,
2361 1375 2586 1429 θάνατόν
2623 1392 2683 1426 τε
2717 1375 3001 1444 ὑπομεῖναι
3032 1369 3286 1442 σταυροῦ,
3319 1370 3404 1424 ἵνα
3434 1368 3520 1423 διὰ
3555 1369 3657 1438 τῆς

2092 1466 2148 1518 ἐν
2177 1465 2349 1536 τούτῳ
2377 1466 2610 1530 πίστεως
2655 1466 2852 1525 πάντες
2884 1463 3065 1516 λοιπὸν
3093 1464 3144 1515 οἰ
3180 1459 3522 1522 πιστεύοντες
3553 1457 3660 1510 σώ-

2091 1555 2276 1619 ζεσθαι
2323 1555 2605 1609 δύνωνται.
2661 1557 2723 1608 Ἦ
2766 1554 2904 1625 αὐτὴ
2954 1554 3132 1624 μέντοι
3183 1551 3353 1620 Σοφία
3399 1549 3493 1603 τοῦ
3520 1546 3658 1601 θεοῦ

2091 1648 2258 1710 ἐστιν,
2287 1649 2406 1718 ἥτις
2433 1647 2694 1719 πρότερον
2736 1646 2833 1717 μὲν
2860 1645 2949 1698 διὰ
2985 1645 3084 1714 τῆς
3131 1647 3187 1697 ἐν
3230 1644 3340 1706 τοῖς
3367 1641 3660 1712 κτίσμασιν

2092 1740 2296 1804 εἰκόνος
2344 1741 2538 1811 ἑαυτῆς
2587 1739 2720 1810 (45),
2767 1740 2836 1793 δι’
2882 1740 2946 1811 ἣν
2977 1739 3069 1792 καὶ
3105 1738 3321 1807 λέγεται
3354 1733 3656 1798 κτίζεσοαι,

430 1827 665 1882 Verbum
713 1838 817 1897 εει,
864 1842 994 1884 caro
1022 1827 1162 1882 facta
1216 1836 1320 1894 est,
1346 1834 1406 1882 ut
1441 1828 1517 1881 ait
1557 1827 1792 1884 Joannes
1816 1830 1860 1895 ⁹·,
1889 1828 1991 1893 ,de-

2100 1831 2353 1902 ἐφανέρου
2383 1832 2598 1902 ἑαυτὴν,
2631 1831 2724 1884 καὶ
2748 1831 2816 1884 δι’
2845 1831 3038 1902 ἑαυτῆς
3065 1830 3154 1884 τὸν
3181 1828 3379 1898 ἑαυτῆς
3401 1826 3617 1894 Πατέρα
3641 1841 3656 1854 ·

427 1928 740 1989 structaque
771 1927 1041 1986 morte,ac
1071 1926 1259 1974 nostro
1283 1933 1478 1988 genere
1515 1919 1761 1984 liberato,
1788 1927 1842 1973 et
1860 1933 1920 1974 se
1942 1928 1996 1974 et

426 2025 523 2080 per
565 2026 624 2066 se
669 2009 882 2064 Patrem
935 2009 1136 2065 clarius
1179 2008 1468 2078 patefecit:
1522 2010 1665 2064 unde
1703 2010 1819 2064 haec
1870 2008 1989 2078 ejus

427 2101 625 2156 verba:
677 2101 758 2154 Da
777 2103 852 2156 eis
882 2112 941 2155 ut
965 2111 1280 2172 cognoscant
1319 2111 1367 2156 te
1391 2102 1562 2155 solum
1592 2118 1770 2156 verum
1795 2101 1984 2167 Deum,

427 2201 476 2244 et
511 2209 660 2261 quem
693 2193 884 2248 misisti
913 2192 1097 2248 Jesum
1131 2191 1404 2247 Christum
1429 2193 1494 2244 ¹⁰.

2100 1920 2322 1992 ὔστερον
2362 1920 2418 1973 δὲ
2461 1922 2627 1993 αὐτὴ,
2663 1917 2796 1975 οὖσα
2827 1921 3014 1990 Λόγος,
3052 1921 3239 1989 γέγονε
3274 1918 3429 1991 σὰρξ,
3470 1917 3544 1980 ὡς
3581 1911 3661 1968 εἷ·-

2096 2027 2195 2062 πεν
2211 2011 2238 2062 ὁ
2251 2009 2500 2080 Ἰωάννης
2520 2009 2652 2079 (44),
2670 2010 2764 2063 καί
2787 2010 2922 2081 μετὰ
2941 2009 3000 2062 τὸ
3016 2009 3356 2079 καταργῆσαι
3387 2007 3476 2060 τὸν
3495 2005 3664 2058 θάνα-

2092 2119 2182 2156 τον
2206 2102 2298 2156 καὶ
2331 2102 2498 2155 σῶσαι
2528 2101 2588 2155 τὸ
2623 2103 2775 2170 γένος
2795 2104 2827 2173 ή
2837 2101 2951 2172 μῶν
2977 2101 3055 2154 ἔτι
3076 2103 3168 2155 κα)⁸
3202 2100 3358 2154 πλέον
3394 2097 3664 2151 ἀπεκάλυ-

2089 2195 2189 2265 ψεν
2212 2193 2402 2248 ἑαυτόν
2420 2211 2480 2248 τε
2508 2193 2604 2248 καὶ
2625 2193 2690 2246 δι’
2730 2192 2920 2247 ἐαυτοῦ
2951 2192 3040 2246 τὸν
3081 2191 3269 2245 ἑαυτοῦ
3299 2189 3537 2260 Πατέρα,
3573 2187 3661 2240 λέ-

428 2303 538 2355 γων
560 2287 694 2358 (45)’
718 2289 824 2355 Δὸς
837 2288 1059 2354 αὐτοῖς,
1076 2289 1177 2342 ἵνα
1194 2286 1529 2359 γινώσκωσι
1555 2303 1629 2342 σε
1644 2288 1750 2342 τὸν
1771 2289 1964 2360 μόνον
1989 2287 2277 2358 ἀληθινὸν
2305 2285 2470 2347 Θεὸν,
2489 2286 2586 2340 καὶ
2604 2285 2678 2339 ὃν
2697 2286 3057 2354 ἀπέστειλας
3084 2287 3326 2355 Ἰησοῦν
3355 2286 3635 2350 Χριστόν.

498 2379 588 2432 82.
625 2378 809 2449 Itaque
844 2381 1093 2436 universa
1130 2391 1276 2437 terra
1311 2384 1621 2454 cognitione
1646 2384 1766 2453 ejus
1790 2384 1993 2452 repleta

425 2482 526 2526 est.
549 2470 824 2540 Siquidem
845 2488 952 2526 una
965 2483 1047 2527 est
1062 2472 1238 2528 Patris
1264 2489 1357 2542 per
1375 2473 1597 2540 Filium,
1615 2483 1667 2528 et
1691 2473 1812 2528 Filii
1828 2471 1992 2544 435

423 2579 493 2617 ex
539 2561 700 2618 Patre
733 2564 972 2635 cognitio
1020 2583 1033 2619 :
1084 2565 1205 2634 ipso
1251 2567 1447 2636 gaudet
1485 2565 1665 2631 Pater,
1699 2566 1997 2634 eodemque

425 2656 624 2725 gaudio
647 2655 815 2711 Filius
851 2657 906 2710 in
930 2654 1091 2710 Patre
1121 2657 1420 2712 delectatur
1453 2657 1674 2712 dicens:
1711 2654 1823 2726 Ego
1848 2671 1994 2709 eram

425 2765 525 2816 quo
548 2747 928 2811 delectabatur,
961 2765 1053 2817 per
1079 2750 1315 2819 singulos
1345 2750 1456 2803 dies
1488 2750 1542 2802 in
1573 2757 1848 2817 conspectu
1874 2747 1989 2816 ejus

425 2839 724 2894 delectabar
754 2841 817 2894 υ.
849 2840 973 2896 Haec
1009 2845 1198 2914 procul
1223 2842 1389 2898 dubio
1421 2857 1614 2896 rursus
1646 2841 1873 2910 probant
1901 2838 1992 2893 Fi-

426 2930 559 2984 lium
588 2945 694 2984 non
711 2932 970 2999 alienum,
988 2934 1082 2987 sed
1106 2934 1386 3004 proprium
1411 2941 1618 2988 natura:
1643 2931 1820 2987 Patris
1845 2946 1985 2986 esse.

427 3018 568 3074 Ecce
593 3021 738 3074 enim
776 3037 883 3076 non
911 3031 1130 3092 propter
1156 3039 1276 3090 nos,
1312 3032 1371 3077 ut
1412 3023 1562 3092 impii
1600 3022 1872 3086 dictitant,
1915 3020 1998 3077 fa—

2160 2381 2248 2438 82.
2303 2380 2625 2452 Ἑπληρώθη
2663 2381 2790 2450 γοῦν
2825 2383 2972 2436 πᾶσα
3001 2385 3034 2453 ἡ
3065 2384 3134 2452 γῆ
3166 2382 3263 2453 τῆς
3293 2379 3543 2450 γνώσεως
3566 2379 3665 2432 αὐ-

2087 2471 2182 2527 τοῦ
2208 2490 2221 2503 ·
2262 2472 2357 2544 μία
2393 2473 2500 2544 γὰρ
2532 2473 2730 2542 γνῶσις
2761 2474 2973 2545 Πατρδς
2998 2474 3064 2527 δι’
3089 2473 3217 2527 Υἰοῧ
3249 2476 3382 2539 ἐστι,
3408 2473 3501 2527 καὶ
3526 2470 3658 2525 Υἱοῦ

2091 2565 2244 2638 παρὰ
2266 2565 2498 2637 Πατρὸς,
2526 2565 2618 2619 καὶ
2645 2565 2820 2637 χαίρει
2847 2567 3020 2637 τούτῳ
3045 2568 3073 2618 ὁ
3092 2567 3280 2637 Πατήρ
3299 2583 3311 2595 ·
3349 2566 3447 2618 καὶ
3471 2567 3536 2634 τῇ
3568 2579 3663 2632 χα-

2095 2659 2164 2729 ρᾷ
2191 2657 2364 2731 ταύτῃ
2395 2658 2741 2730 εὐφραίνεται
2784 2659 2841 2710 ἐν
2887 2659 2964 2729 τῷ
2997 2659 3171 2726 Πατρὶ
3199 2661 3226 2711 ὁ
3269 2657 3416 2719 Υἱὸς,
3448 2656 3617 2723 λέγων
3640 2671 3658 2685 ο

2105 2751 2251 2821 Ἐγὼ
2291 2751 2471 2821 ἢμην,
2503 2745 2542 2822 ᾖ
2583 2751 2937 2819 προσέχαιρε
2959 2768 2973 2780 θ
3037 2751 3162 2803 καθ’
3197 2748 3423 2817 ἡμέραν
3458 2745 3525 2799 δὲ
3548 2747 3660 2814 ηὐ-

2097 2843 2430 2911 φραινόμην
2455 2841 2524 2894 ἐν·
2556 2841 2849 2908 προσώπῳ
2886 2840 3090 2894 αὑτοῦ.
3121 2840 3306 2892 Ταῦτα
3335 2839 3389 2892 δὲ
3421 2837 3659 2890 δείκνυσι

2095 2933 2255 2987 πάλιν
2301 2932 2376 3004 μὴ
2429 2927 2565 2985 εἶναι
2597 2932 2687 2984 τὸν
2738 2932 2866 2984 Υίδν
2911 2930 3203 3001 ἀλλότριον,
3251 2928 3363 2982 ἀλλ’
3395 2927 3524 2981 ἴδιον
3559 2927 3661 2996 τῆς

2097 3024 2192 3079 τοῦ
2238 3024 2451 3096 Πατρὸς
2492 3023 2699 3088 οὐσίας.
2749 3025 2877 3076 Ἰδοὺ
2922 3023 3031 3094 γὰρ
3076 3022 3136 3075 οὐ
3184 3021 3249 3074 δι’
3277 3022 3442 3092 ἡμᾶς,
3489 3020 3564 3082 ὡς
3609 3019 3660 3070 οἱ

427 3122 664 3176 ctusest,
695 3130 870 3184 neque
920 3117 1146 3171 omnino
1171 3133 1202 3171 e
1223 3117 1392 3172 nihilo
1421 3126 1524 3185 cst,
1539 3133 1712 3188 neque
1732 3116 1874 3172 Deus
1891 3117 1991 3172 sibi

2100 3114 2312 3178 ἀσεϐεῖς
2360 3085 2596 3183 λέξουσι,
2628 3085 2867 3184 γέγονεν,
2915 3085 3036 3167 odiis
3081 3113 3216 3176 ὅλως
3241 3085 3434 3178 ἐξϋούκ
3486 3111 3658 3162 ὅντων

429 3214 705 3261 auctorem
739 3206 922 3277 gaudii
952 3209 1288 3278 comparavit
1330 3209 1709 3275 extrinsecus;
1744 3209 1839 3264 sed
1889 3209 1996 3263 illa:

428 3309 590 3350 voces
641 3296 866 3364 aliquid,
898 3296 1043 3366 quod
1087 3297 1369 3367 preprium
1397 3297 1470 3351 sit
1504 3307 1557 3352 et
1584 3297 1761 3353 simile
1792 3297 1998 3367 signiﬁ-

430 3392 578 3440 cant.
609 3384 838 3451 Quando
872 3401 1001 3457 ergo
1036 3387 1262 3458 contigit
1294 3398 1352 3443 ut
1378 3387 1539 3443 Pater
1561 3403 1670 3442 nou
1700 3387 1995 3458 gauderet?

431 3475 587 3541 Quod
627 3477 672 3532 si
712 3492 925 3548 semper
954 3478 1173 3547 gavisus
1210 3488 1314 3543 est,
1344 3493 1558 3548 semper
1587 3477 1752 3532 fuerit
1777 3493 1996 3532 necesse

427 3581 512 3624 est
553 3570 599 3626 is
631 3571 684 3625 in
716 3586 826 3641 quo
851 3572 1136 3642 gaudebat.
1173 3571 1230 3626 in
1259 3587 1370 3642 quo
1403 3587 1568 3641 porro
1607 3572 1804 3642 gaudet
1829 3579 1883 3626 et
1905 3571 1996 3626 lae-

431 3671 575 3717 tatur
627 3661 808 3726 Pater,
841 3679 1006 3733 quam
1047 3679 1173 3719 cum
1216 3679 1276 3719 se
1307 3665 1420 3734 ipse
1457 3664 1631 3718 cernit
1673 3664 1727 3717 in
1777 3663 1994 3733 propria

429 3753 684 3824 imagine,
716 3770 838 3825 qua:
853 3754 1089 3810 Verbum
1114 3771 1273 3811 suum
1292 3756 1411 3811 est?
1431 3754 1587 3822 Quod
1615 3755 1660 3811 si
1689 3756 1851 3810 etiam
1873 3764 1998 3826 post

429 3844 726 3915 perfectum
761 3847 1024 3902 mundum
1055 3847 1181 3902 filiis
1212 3847 1497 3901 hominum
1528 3846 1917 3912 delectabatur,
1938 3852 1996 3899 ut

431 3938 629 3993 ibidem
653 3938 913 4008 scriptum
944 3947 1048 4006 est,
1077 3953 1179 3994 nec
1211 3937 1266 3992 id
1295 3937 1482 4008 utique
1509 3937 1616 4009 alio
1648 3937 1808 3992 modo
1837 3935 1996 3990 intel-

429 4027 700 4097 ligendum
721 4037 823 4085 εει.
853 4028 930 4084 lta
956 4030 1101 4085 enim
1127 4029 1516 4096 delectabatur,
1547 4044 1656 4084 non
1683 4030 1836 4100 quasi
1858 4043 1992 4100 gau-

430 4121 580 4175 dium
614 4121 717 4190 ipsi
752 4121 1058 4188 accidisset,
1089 4122 1186 4176 sed
1226 4129 1494 4192 quatenus
1537 4136 1701 4190 opera
1732 4121 1798 4176 ad
1837 4136 1992 4175 suam

432 4211 723 4282 imaginem
764 4211 906 4268 facta
943 4213 1275 4268 intuebatur.
1305 4212 1398 4268 llla
1449 4212 1673 4282 proinde
1714 4211 1810 4267 Dei
1839 4213 1993 4268 oble-

429 4306 596 4360 ctatio
623 4321 777 4361 suam
812 4306 1100 4376 imaginem
1136 4321 1357 4362 causam
1389 4307 1564 4361 habet.
1606 4304 1671 4360 Et
1713 4307 1829 4376 ipse
1863 4321 1993 4361 vero

429 4397 599 4454 Filius
621 4413 688 4452 an
710 4398 816 4453 alio
836 4399 1136 4453 oblectatur
1167 4399 1347 4465 modo,
1377 4414 1539 4468 quam
1565 4413 1687 4452 cum
1720 4398 1912 4468 seipse
1935 4398 1990 4453 in

428 4487 589 4544 Patre
632 4490 1062 4559 contemplatur?
1109 4489 1252 4544 idem
1300 4492 1443 4544 enim
1483 4490 1632 4545 hisce
1657 4490 1776 4559 ejus
1811 4491 1988 4546 verbis

2093 3205 2238 3258 ἐστίν
2259 3223 2272 3236 ·
2314 3205 2433 3259 οὐδὲ
2461 3205 2569 3277 γὰρ
2597 3204 2793 3270 ἔξωθεν
2820 3203 2994 3274 ἐαυτῷ
3025 3207 3052 3258 ὁ
3077 3204 3207 3261 Θεὸς
3239 3202 3666 3274 περιεποιήσατο

2093 3298 2267 3367 χαρᾶς
2313 3297 2622 3368 ποιητικόν·
2678 3296 2790 3350 ἀλλ’
2842 3295 2973 3350 ἰδίου
3005 3296 3098 3348 καὶ
3149 3293 3332 3364 ὁμοίου
3374 3291 3662 3364 γνώρισμά

2093 3387 2208 3440 ἐστι
2237 3387 2298 3439 τὸ
2348 3386 2658 3458 λεγόμενον.
2691 3386 2828 3439 Πότε
2859 3381 2950 3439 οὖν
2993 3380 3062 3457 ἦν
3107 3386 3194 3438 ὅτε
3238 3384 3337 3437 οὐκ
3381 3384 3595 3454 ἔχαιρεν
3629 3382 3660 3432 ὁ

2094 3478 2317 3549 Πατήρ;
2346 3479 2410 3532 Εἰ
2441 3479 2497 3530 δέ
2530 3479 2616 3532 ἀεὶ
2649 3477 2883 3548 ἔχαιρεν,
2919 3477 3004 3530 ἀεὶ
3027 3472 3093 3548 ἦν
3121 3478 3177 3530 ὲν
3206 3469 3249 3544 ᾧ
3281 3475 3494 3545 ἔχαιρεν
3522 3472 3656 3544 (46).

2105 3571 2194 3622 Ἐν
2230 3570 2334 3623 τίνι
2366 3570 2424 3623 δέ
2447 3572 2475 3623 ό
2504 3569 2693 3639 Πατὴρ
2729 3568 2927 3639 χαίρει,
2969 3568 3002 3638 ἢ
3047 3567 3255 3637 βλέπων
3282 3566 3469 3618 ἑαυτὸν
3503 3567 3560 3617 ἐν
3587 3567 3657 3633 τῇ

2098 3661 2204 3733 ἰδίᾳ
2235 3661 2423 3727 εἰκόνι,
2453 3663 2574 3732 ἥτις
2602 3660 2748 3713 ἐστὶν
2788 3659 2816 3711 ὁ
2847 3660 3018 3727 Λόγος
3048 3658 3247 3723 αὐτοῦς
3283 3659 3346 3711 Εἰ
3373 3657 3430 3710 δὲ
3457 3656 3550 3709 καὶ
3599 3656 3660 3706 ἐν

2094 3756 2228 3818 υἱοῖς
2271 3753 2571 3826 ἀνθρώπων
2604 3753 2929 3825 ηὐφραίνετο
2975 3753 3072 3824 τὴν
3104 3749 3423 3820 οἰκουμένην
3474 3763 3664 3800 συντε-

2093 3845 2272 3911 λέσας,
2295 3847 2370 3909 ὡς
2395 3848 2450 3898 ἐν
2483 3846 2671 3907 αὐταῖς
2694 3847 2810 3907 ταῖς
2835 3843 2945 3914 (47)
2973 3842 3298 3915 Παροιμίαις
3325 3841 3657 3911 γέγραπται,

2094 3939 2227 3993 ἀλλὰ
2275 3940 2369 3991 καὶ
2414 3937 2570 3991 τοῦτο
2598 3939 2695 4011 τὴν
2731 3937 2900 4009 αὐτὴν
2945 3937 3056 4007 ἔχει
3114 3936 3368 3989 διάνοιαν.
3407 3933 3658 4004 Ηύφραί-

2094 4053 2213 4089 νετο
2257 4035 2366 4106 (48)
2396 4035 2504 4108 γὰρ
2545 4037 2640 4090 καὶ
2683 4035 2880 4098 οὕτως,
2930 4035 3028 4086 οὐκ
3077 4026 3466 4098 ἐπιγενομένης
3507 4025 3667 4094 αὐτῷ.

2093 4128 2289 4198 χαρᾶς,
2324 4125 2460 4179 ἀλλὰ
2493 4125 2652 4179 πάλιν
2697 4125 2907 4196 βλέπων
2953 4121 3092 4176 κατὰ
3122 4121 3219 4191 τὴν
3253 4116 3444 4172 ἑαυτοῦ
3473 4113 3660 4169 εἰκόνα

2093 4219 2359 4290 γενόμενα
2400 4217 2467 4271 τὰ
2496 4218 2662 4290 ἔργω
2716 4218 2855 4271 ὥστε
2899 4217 2993 4270 καὶ
3033 4215 3092 4268 τὸ
3135 4212 3276 4266 οὕτω
3328 4209 3534 4282 χαίρειν
3563 4205 3657 4258 τὸν

2092 4311 2222 4364 Θεὸν
2255 4311 2353 4381 τῆς
2377 4310 2580 4374 εἰκόνος
2606 4310 2714 4381 (49)
2741 4310 2902 4364 αὐτοῦ
2924 4309 3021 4379 τὴν
3049 4306 3319 4377 πρόφασιν
3350 4299 3506 4354 εἶναι.
3531 4298 3666 4358 Πῶς

2092 4401 2150 4454 δὲ
2181 4402 2275 4455 καὶ
2316 4403 2345 4454 ό
2387 4401 2514 4464 Υἱὸς
2559 4401 2925 4470 εὐφραίνεται,
2960 4399 2992 4469 ἢ
3025 4395 3232 4466 βλέπων
3262 4389 3451 4445 ἑαυτὸν
3481 4391 3537 4442 ἐν
3576 4385 3657 4456 τῷ

2093 4492 2266 4564 Πατρί
2289 4510 2302 4558 ;
2337 4495 2480 4547 Ἴσον
2511 4495 2616 4565 γάρ
2649 4495 2762 4546 ἐστι
2790 4492 2883 4545 καὶ
2907 4488 3066 4544 τοῦτο
3095 4486 3170 4558 τῷ
3195 4485 3374 4553 λέγειν
3395 4500 3406 4512 ·
3455 4481 3508 4533 '0
3550 4479 3658 4548 ἐμὲ

430 4581 765 4637 declaratur:
802 4582 905 4648 Qui
935 4583 1059 4637 vidit
1097 4599 1196 4648 me,
1225 4583 1354 4636 vidit
1407 4581 1618 4634 Patrem
1650 4583 1724 4634 "z
1753 4591 1827 4648 et,
1873 4581 1985 4652 Ego

2100 4584 2373 4655 ἑωρακὼς,
2395 4586 2611 4655 ἑώρακε
2643 4586 2748 4640 τὸν
2771 4583 3018 4652 Πατέρα,
3055 4580 3167 4644 καὶ,
3183 4575 3238 4634 Ἐ
3243 4578 3323 4646 νὼ
3350 4575 3456 4646 (50)
3485 4573 3555 4626 ἐν
3575 4590 3606 4625 τ
3609 4569 3658 4636 ᾧ

411 4709 420 4718 -
504 4676 524 4706 ⁷
564 4676 720 4732 Rom.
752 4677 1112 4741 :,l9.2l.25.
1189 4675 1246 4728 ⁸1
1271 4678 1394 4732 Cor.
1427 4675 1573 4740 1,2l.
1648 4675 1669 4706 ’
1707 4675 1864 4732 Joan.
1891 4679 2034 4744 1,14.
2114 4678 2554 4745 '°Joaii.xvn,5.
2637 4681 2677 4711 “
2711 4679 2867 4734 Prov.
2893 4693 3011 4740 VIII,
3042 4672 3129 4731 '50.
3208 4675 3250 4706 ¹¹
3274 4671 3429 4727 Joan.
3456 4685 3565 4735 xw,
3597 4667 3654 4722 9.

499 4791 610 4861 (41)
650 4789 830 4846 Felck.
865 4791 918 4856 5,
953 4789 1151 4861 omittit
1183 4788 1251 4861 τὰ
1287 4787 1481 4861 πάντα.
1508 4787 1633 4861 lllox
1669 4787 1982 4861 Segperian.

429 4857 520 4916 καῖ
548 4857 971 4933 ἐντραπήσονται
1000 4877 1062 4933 γε
1087 4859 1392 4933 ᾁκούοντες.
1421 4858 1637 4933 Qubler.
1678 4869 1730 4912 ει
1745 4857 1796 4933 ΔΙῗ
1800 4859 1903 4933 elc.
1932 4862 1985 4924 1,

428 4934 521 4986 καὶ
558 4927 982 5003 ἐντραπήσονται
1001 4930 1062 5003 ὀἱ
1095 4929 1399 5003 ἀκούοντες.
1434 4927 1584 5003 Felc_._
1601 4928 1654 5003 1,
1675 4930 1769 5003 καί
1799 4932 1991 5003 ἐντρα-

430 4999 690 5072 πήσονται
717 4999 857 5072 γεήοἰ
882 4999 1188 5072 ἀκούοντες.
1213 4999 1402 5053 Caeteri
1421 5008 1492 5072 et
1503 4999 1652 5072 editi,
1676 5000 1778 5072 zeal.
1801 4999 1991 5072 ἐντρα-

429 5067 691 5144 πήσονται
724 5067 816 5125 καί
856 5088 919 5139 γε
960 5071 1008 5123 οἰ
1053 5069 1359 5131 ἀκούοντες.
1420 5067 1620 5151 Ibidem
1672 5067 1988 5138 Seguerian.

431 5139 558 5212 Reg.
607 5143 810 5209 Anglic.
846 5141 1001 5212 Gobl.
1039 5139 1338 5212 Felc.-1,4
1365 5147 1420 5192 et
1455 5139 1508 5205 5,
1557 5137 1770 5210 Ἐπειδὴ
1801 5139 1991 5212 γὰρέν

547 5181 558 5193 .
607 5159 810 5209 angue.
846 5159 1001 5196 UODI.
1039 5159 1268 5199 retc.-1,
1304 5159 1338 5192 σε
1365 5159 1420 5192 ει
1455 5159 1508 5205 o,
1573 5159 1770 5209 mceror]
1801 5159 1991 5209 γαρέν

431 5159 558 5212 neg.
607 5159 810 5209 angue.
846 5159 1001 5196 UODI.
1039 5159 1268 5199 reic.-i,
1304 5159 1338 5192 α

430 5214 516 5281 τῇ.
548 5212 602 5265 In
639 5212 760 5266 aliis
779 5221 833 5281 et
855 5211 1016 5266 editis
1049 5209 1350 5281 ἀθεεὶ-γάρ.

501 5281 612 5349 (42)
655 5283 745 5335 Sic
777 5280 1162 5351 Seguerianus,
1192 5278 1665 5351 Reg._Goblerian.
1696 5277 1840 5333 Felc.
1881 5279 1931 5343 1,
1957 5279 1991 5334 4

430 5359 483 5403 ει
515 5351 566 5402 5.
596 5348 668 5403 ⁷Αι
700 5351 789 5404 alii
811 5348 872 5406 et
890 5351 1040 5415 editi,
1077 5350 1188 5402 ἀλλ’
1217 5348 1531 5418 ηὐδόκησεν.

503 5420 610 5490 (45)
631 5417 876 5490 κδεςυετ.
909 5419 1126 5476 Gobler.
1155 5417 1391 5476 Felckm.
1425 5418 1444 5470 1
1479 5431 1534 5474 ει
1561 5419 1615 5485 1,
1647 5420 1837 5490 αὐτῆς.
1880 5419 1989 5474 Alii

429 5496 485 5544 ⁸³
505 5489 689 5570 .‘i‘il‘iz.
702 5490 916 5570 ὲὲιὲτῆςο

500 5557 610 5632 (14)
652 5555 959 5632 Qoblcrian.
1005 5568 1059 5614 et
1094 5557 1274 5632 ξριτιξ.
1315 5562 1365 5625 1,
1404 5561 1479 5624 ὦς
1517 5558 1988 5632 φησιν-Ἰωάννης.

434 5625 636 5702 Ibidem
664 5625 974 5702 Segierian.
1002 5627 1138 5702 μετὰ
1160 5628 1252 5702 τοῦ
1274 5625 1643 5702 καταργῆσαι.
1670 5629 1802 5702 Μοιι-
1825 5625 1988 5702 idern,

435 5644 630 5680 Iumem
664 5644 732 5680 be
771 5644 974 5681 uenan.
1002 5645 1138 5698 μετα
1160 5644 1252 5680 του
1274 5648 1636 5702 καταργτσαι.
1670 5644 1791 5684 ΜοΧ
1825 5644 1987 5695 ιαειη,

428 5706 487 5778 et
505 5644 886 5778 (iobler‘j'elc.
919 5697 1112 5778 1ηειι1ζ
1130 5697 1474 5778 nkéov.nﬂeg.
1511 5675 1686 5778 11εεὶ1.-
1703 5709 1756 5752 ει
1782 5699 1987 5778 Anglic.

431 5766 630 5820 πλεῖον.
668 5766 807 5822 Editi
829 5774 881 5820 et
913 5767 1027 5833 alii,
1055 5765 1288 5821 πλείονα.
1322 5765 1542 5840 Segiier.
1581 5772 1796 5834 ibidem,
1832 5765 1991 5822 αὐτόν

2091 4808 2151 4843 τε
2176 4790 2270 4843 καί
2295 4789 2362 4843 δι’
2394 4786 2584 4842 ἑαυτοῦ
2612 4787 2703 4841 τὸν
2733 4785 2970 4858 Πατέρα.

2162 4859 2275 4931 (45)
2321 4859 2412 4914 Sic
2436 4859 2750 4931 Seguerian.
2785 4850 2916 4931 n93.
2947 4854 3157 4931 Gobler.
3197 4851 3344 4931 Felc.
3379 4851 3431 4914 1,
3455 4852 3489 4904 4
3511 4858 3565 4904 et
3597 4850 3654 4905 5.

2085 4929 2142 4984 In
2164 4921 2292 5006 aliis
2308 4944 2445 5006 fero
2472 4921 2536 5006 εξ
2553 4929 2788 5006 edition'e
2817 4921 3082 5006 C_6mmel.
3108 4923 3256 5006 deest
3281 4921 3474 5006 hermi].
3521 4990 3535 5006 ,
3617 4982 3646 5006 τ

2156 5000 2267 5070 (46)
2306 4998 2622 5070 Seguerian.
2655 4999 2712 5051 ἐν
2740 4989 2784 5064 ᾧ
2841 4996 3076 5067 ἔχαιρεν.
3120 4991 3227 5046 Alii
3257 5002 3312 5049 et
3336 4990 3487 5054 editi,
3516 4990 3575 5042 ὲν
3609 4989 3658 5058 ᾧ

2086 5072 2178 5126 καὶ
2206 5070 2442 5126 έναιοεν.

2156 5087 2525 5209 (ᾅῗίξαὲὲἒνιίετ.
2565 5146 2618 5192 ει
2637 5136 2782 5192 Felc.
2834 5138 2889 5202 4,
2925 5138 2981 5188 ἐν
3036 5135 3227 5196 αὐταῖς
3273 5133 3412 5194 ταῖς.
3463 5128 3566 5183 Alii
3599 5136 3656 5182 et

2085 5210 2235 5271 editi,
2276 5213 2332 5262 ἐν
2359 5212 2496 5271 ταῖς.

2159 5269 2540 5351 (48)5εειιειῖ.⁸
2563 5287 2616 5333 ει
2641 5276 2783 5351 Eelc.
2811 5277 2865 5340 4,
2900 5273 3246 5351 ηὐφραίνετο.
3282 5269 3436 5351 Editi
3455 5278 3510 5351 ei.
3534 5269 3654 5332 alii,

2096 5339 2466 5421 εὐφραίνεται.
2496 5339 2869 5421 Μυχ-δεςυεις.
2900 5339 3118 5421 Gobjer.
3155 5343 3298 5421 Felc.
3331 5342 3356 5396 1
3389 5349 3443 5421 ει
3470 5339 3524 5397 4.
3556 5356 3656 5421 γε-

2085 5411 2284 5494 νόμενα
2314 5419 2381 5472 τὰ
2412 5419 2570 5494 ἔργα,
2599 5411 2742 5494 ὥστε
2769 5417 2945 5494 καὶητὸ
2971 5413 3161 5494 οὕτως.
3198 5413 3330 5494 Reg.
3388 5411 3515 5494 item
3558 5411 3657 5494 ha:

2087 5479 2175 5543 be't
2211 5489 2350 5542 ὥστε
2394 5479 2579 5542 κάλ’τὸ
2610 5488 2799 5550 οὓτως.
2849 5484 3043 5540 Caeleri
3089 5495 3144 5538 et
3197 5479 3360 5538 editio
3385 5479 3655 5534 Commcl.

2087 5559 2345 5634 γινρεενε
2372 5559 2527 5634 ἔργα,
2555 5558 2696 5634 ibam
2726 5558 2818 5634 xei
2847 5555 3061 5634 οὓτξυςο.
3131 5622 3142 5634 .

2157 5577 2345 5628 νομενα
2372 5577 2397 5610 ε
2437 5577 2527 5627 γα,
2555 5577 2696 5611 ωστε
2726 5577 2818 5610 και
2847 5577 3038 5617 ουτως.

2157 5629 2268 5700 (49)
2293 5629 2379 5683 Sic
2403 5577 2884 5700 (Segueriari._l{eg.
2930 5618 3412 5700 Qubleriau..Felc.
3449 5619 3496 5680 1,
3523 5619 3558 5672 4
3604 5628 3660 5673 ει

2089 5697 2142 5754 5.
2165 5690 2357 5753 Ἀιέιῑί
2387 5709 2439 5753 et
2468 5690 2617 5760 aditi,
2653 5697 2782 5748 Θεὸν
2813 5690 2870 5746 ἐν
2908 5693 2985 5762 τῷ
3015 5693 3113 5762 τῆς
3141 5690 3364 5762 εἰκόνος.

2757 5763 2898 5820 Felc.
2933 5743 2985 5826 ιί,
3022 5733 3192 5829 κδιέὠ.
