3948 6236
429 287 530 342 327

1043 285 1101 342 S.
1141 285 1505 342 ATHANASII
1547 285 1694 341 OPP.
1733 284 1912 341 PARS
1950 286 1992 339 l.
2029 316 2098 325 —
2136 284 2500 340 HISTORICA
2539 285 2626 339 ET
2669 283 3079 340 DOGMATICA.

3533 288 3638 344 328

430 401 541 471 Ego
587 399 642 452 in
669 399 851 463 Patre,
874 409 924 452 et
948 399 1110 454 Pater
1141 402 1194 453 in
1229 417 1308 454 me
1353 411 1449 467 est,
1491 416 1590 456 nec
1617 401 1842 470 proinde
1875 399 1974 468 jaa

2089 397 2256 464 Λόγον
2287 399 2396 468 (77)
2428 400 2518 452 καὶ
2547 401 2762 468 Σοφίαν,
2791 401 2901 455 ἀλλ’
2930 401 2993 454 ἐκ
3035 400 3238 452 πολλων
3271 408 3363 454 ενα
3394 405 3487 458 καὶ
3519 407 3640 462 τοῦ-

427 505 594 545 unum
629 489 775 544 hunc
803 504 923 546 esse
955 490 1048 546 Dei
1077 491 1272 546 Filium
1297 501 1353 546 et
1384 491 1624 548 Verbum
1658 508 1722 546 ac
1755 491 1984 561 Sapien-

426 583 581 645 tiam,
620 581 714 636 sed
741 595 865 637 eum
897 597 1063 636 unum
1088 597 1312 652 quoque
1337 598 1403 638 ex
1443 582 1630 636 multis
1667 597 1807 636 esse.

496 671 547 725 5.
586 669 750 740 Atqui
783 671 831 726 si
875 671 990 727 hinc
1022 681 1166 727 esset
1199 674 1489 727 verborum
1524 671 1737 726 Domini
1770 679 1988 726 senten-

429 763 524 828 tia,
554 778 664 817 non
691 763 764 817 ita
795 779 920 818 eum
966 765 1112 834 loqui
1162 765 1514 834 oportuisset,
1546 764 1658 835 Ego
1700 765 1755 818 in
1801 763 1983 829 Patre,

423 864 473 908 σι
505 853 672 908 Pater
699 855 756 909 in
783 871 862 910 me
894 868 991 924 est,
1029 857 1122 912 sed
1158 857 1340 928 potius
1383 876 1395 911 :
1433 855 1545 928 Ego
1585 859 1746 910 etiam
1775 871 1894 911 sum
1929 856 1985 909 in

424 946 606 1014 Patre,
637 955 691 1003 et
723 946 882 1002 Pater
913 948 972 1002 in
1005 963 1090 1004 me
1127 949 1290 1004 etiam
1316 957 1433 1014 est;
1482 957 1542 1003 ut
1571 948 1817 1004 videlicet
1849 947 1985 1004 nihil

426 1054 485 1094 se
515 1039 793 1109 proprium
842 1049 896 1094 et
927 1040 1205 1110 singulare
1245 1041 1389 1110 apud
1446 1039 1680 1106 Patrem,
1724 1048 1982 1111 tanquam

425 1127 642 1195 Filium,
672 1131 890 1196 habere,
927 1132 1019 1187 sed
1051 1133 1328 1187 communi
1357 1148 1480 1188 cum
1517 1133 1772 1189 omnibus
1809 1135 1982 1204 gratia

424 1221 658 1292 gaudere
687 1221 1036 1292 signiﬁcaret.
1078 1223 1280 1279 Verum
1329 1240 1440 1279 non
1481 1226 1550 1280 ita
1582 1241 1640 1280 se
1672 1240 1759 1280 res
1801 1225 1979 1294 habet,

423 1316 485 1363 ut
536 1309 831 1380 opinantur
875 1311 975 1378 illi,
1023 1313 1118 1382 qui
1166 1329 1291 1370 cum
1341 1329 1464 1370 eum
1497 1330 1685 1369 verum
1725 1330 1793 1370 ex
1823 1315 1983 1371 Patre

421 1396 620 1453 Filium
648 1415 771 1455 esse
798 1414 907 1455 non
943 1403 1202 1466 sentiant,
1250 1403 1385 1459 falsa
1437 1403 1504 1458 de
1552 1419 1682 1458 vero
1729 1404 1978 1475 ﬁngunt,

421 1488 510 1543 cui
538 1489 642 1544 soli
670 1489 848 1546 dicere
877 1493 1148 1558 convenit,
1187 1492 1300 1564 Ego
1332 1495 1388 1547 in
1421 1493 1606 1559 Patre,
1639 1502 1691 1547 et
1721 1493 1885 1548 Pater
1923 1495 1982 1548 in

419 1595 503 1634 me
528 1589 626 1634 est.
657 1578 828 1637 Filius
855 1583 1000 1637 enim
1041 1583 1099 1638 in
1125 1583 1282 1638 Patre
1312 1591 1418 1651 est,
1441 1593 1705 1654 quantum
1740 1585 1864 1640 licet
1896 1586 1980 1640 iu-

420 1671 679 1742 telligere,
721 1673 848 1743 quia
879 1682 1050 1729 totum
1083 1675 1228 1745 quod
1262 1685 1346 1731 est
1389 1675 1580 1743 Filius,
1625 1679 1729 1734 hoc
1769 1687 1977 1734 naturae

418 1759 596 1817 Patris
634 1764 913 1832 proprium
941 1774 1048 1830 est,
1077 1780 1144 1820 eo
1186 1767 1348 1822 modo
1379 1783 1490 1839 quo
1521 1785 1587 1825 ex
1638 1770 1759 1826 luce
1786 1771 1976 1842 splen-
2005 1748 2050 1804 Β

418 1854 534 1920 dor,
567 1862 622 1909 et
649 1870 718 1909 ex
749 1856 897 1913 fonte
939 1857 1137 1914 ﬂuvius
1169 1861 1434 1927 exoritur,
1485 1863 1618 1917 adeo
1648 1871 1706 1918 ut
1739 1863 1833 1933 qui
1889 1863 1979 1918 Fi-

417 1943 549 1996 lium
586 1943 747 2010 videt,
776 1945 829 2000 id
849 1947 993 2015 quod
1018 1948 1298 2016 proprium
1343 1958 1427 2004 est
1463 1951 1638 2015 Patris
1669 1950 1865 2017 videat,
1893 1952 1978 2008 in-

419 2035 728 2106 telligatque
764 2035 960 2092 Filium
1009 2038 1212 2094 idcirco
1262 2041 1315 2095 in
1366 2041 1524 2097 Patre
1569 2059 1690 2100 esse
1741 2045 1868 2114 quia
1909 2060 1976 2100 ex

418 2121 582 2179 Patre
616 2125 780 2180 habet
831 2136 892 2181 ut
939 2128 1043 2195 sit;
1095 2138 1148 2184 et
1189 2131 1431 2186 vicissim
1485 2131 1698 2189 Patrem
1744 2135 1798 2189 in
1836 2135 1976 2192 Filio

415 2227 556 2278 esse,
588 2213 715 2283 quia
761 2212 934 2273 Filius
970 2225 1054 2274 est
1081 2218 1134 2274 id
1162 2220 1308 2290 quod
1340 2222 1619 2292 proprium
1651 2231 1734 2280 est
1777 2239 1840 2280 ex
1872 2225 1977 2281 Pa-

417 2310 521 2368 tre,
555 2304 720 2360 sicuti
754 2307 838 2362 sol
865 2317 948 2364 est
977 2309 1035 2364 in
1068 2311 1375 2381 splendore,
1403 2329 1558 2370 mens
1600 2315 1653 2370 in
1692 2316 1878 2384 verbo,
1920 2325 1976 2373 et

418 2392 543 2451 fons
569 2396 624 2451 in
651 2397 840 2456 ﬂuvio.
887 2399 966 2456 Ita
1009 2404 1154 2458 enim
1187 2405 1280 2474 qui
1311 2405 1509 2461 Filium
1552 2410 1970 2481 contemplatur,

417 2485 469 2540 id
503 2488 644 2556 quod
691 2497 899 2547 naturae
919 2491 1096 2549 Patris
1123 2496 1402 2565 proprium
1425 2507 1506 2553 est
1537 2500 1701 2554 simul
1727 2510 1974 2556 contem-

415 2578 614 2647 platur,
628 2579 947 2653 Patremque
974 2584 1030 2639 in
1055 2584 1191 2641 Filio
1214 2585 1380 2658 438
1399 2603 1519 2644 esse
1542 2590 1807 2662 intelligit.
1835 2591 1972 2647 Nam

417 2684 542 2724 cum
576 2670 754 2728 forma
781 2683 834 2730 et
881 2675 1136 2732 divinitas
1165 2675 1342 2734 Patris
1383 2682 1486 2735 hoc
1516 2681 1692 2751 ipsum
1725 2684 1796 2739 sit
1828 2685 1973 2754 quod

413 2769 498 2815 est
525 2761 714 2829 Filius,
749 2765 973 2823 omnino
1019 2770 1266 2838 sequitur
1290 2777 1351 2825 ut
1382 2771 1552 2827 Filius
1595 2774 1667 2828 sit
1695 2774 1750 2828 in
1792 2775 1968 2841 Patre,

413 2862 467 2909 et
498 2853 659 2911 Pater
711 2858 767 2912 in
812 2858 971 2916 Filio.
1023 2860 1290 2926 Quocirca
1340 2879 1464 2919 cum
1498 2876 1656 2922 antea
1701 2868 1969 2937 dixisset,

421 2944 533 3016 Ego
555 2957 606 3002 et
633 2948 799 3004 Pater
824 2968 985 3006 unum
1022 2970 1202 3008 sumus
1241 2955 1307 3022 ",
1346 2956 1433 3011 hic
1463 2970 1607 3013 recte
1639 2961 1734 3025 ait,
1767 2959 1878 3034 Ego
1915 2963 1972 3015 in

415 3032 582 3091 Patre
609 3047 659 3092 et
679 3038 842 3094 Pater
860 3042 914 3094 in
944 3058 1024 3097 me
1047 3051 1124 3097 est
1154 3043 1221 3106 ”,
1263 3053 1322 3098 ut
1353 3046 1562 3103 scilicet
1587 3032 1842 3106 eamdem“
1862 3067 1972 3106 am-
1997 3085 2041 3147 ε

413 3128 605 3184 borum
643 3130 978 3188 divinitatem
1008 3150 1282 3206 unamque
1307 3147 1557 3194 naturam
1585 3156 1706 3198 esse
1726 3143 1964 3200 doceret.

483 3219 536 3274 4.
574 3218 755 3276 Unum
783 3223 929 3278 enim
957 3225 1034 3279 illi
1063 3235 1209 3292 sunt,
1246 3243 1352 3282 non
1381 3232 1520 3298 quod
1556 3249 1723 3287 unum
1751 3235 1804 3288 in
1832 3237 1970 3293 duas

414 3317 596 3378 partes
627 3309 698 3366 sit
741 3311 995 3380 divisum,
1043 3330 1164 3385 quae
1209 3318 1341 3373 nihil
1385 3320 1493 3376 sint
1523 3335 1718 3392 praeter
1751 3342 1965 3394 unum;

413 3415 591 3471 neque
621 3403 766 3472 quod
793 3421 960 3460 unum
991 3406 1074 3462 bis
1103 3410 1433 3478 nominetur,
1477 3413 1551 3468 ita
1591 3425 1651 3470 ut
1693 3416 1832 3472 idem
1869 3419 1969 3472 ali-

412 3489 631 3558 quando
668 3490 848 3558 Pater,
881 3495 1173 3566 aliquando
1211 3501 1297 3554 sui
1331 3500 1502 3559 Filius
1534 3505 1656 3571 ﬁat;
1687 3523 1809 3577 quae
1843 3525 1966 3565 cum

412 3579 642 3636 sentiret
674 3580 966 3653 Sabellius,
997 3587 1283 3646 haereticus
1319 3601 1405 3648 est
1438 3593 1733 3664 judicatus.
1766 3598 1966 3655 Verum

409 3669 778 3763 duo_quidem
823 3685 970 3741 sunt,
1011 3679 1137 3748 quia
1168 3679 1346 3750 Pater,
1378 3683 1539 3741 Pater
1575 3698 1676 3754 est,
1715 3707 1815 3746 nec
1854 3694 1969 3763 ipse

409 3769 493 3816 est
525 3761 732 3831 Filius;
763 3774 817 3820 et
852 3767 1093 3825 vicissim
1133 3771 1304 3830 Filius
1343 3787 1426 3832 est
1454 3777 1660 3846 Filius,
1711 3798 1809 3838 nec
1853 3761 1970 3854 ipse

410 3850 571 3909 Pater
601 3865 704 3911 est.
737 3854 858 3914 Una
886 3875 1017 3917 vero
1037 3861 1253 3919 illorum
1295 3876 1490 3924 natura
1514 3880 1598 3926 est
1632 3890 1647 3928 :
1687 3888 1786 3928 nec
1820 3850 1966 3930 enim

410 3945 669 4015 genitoris
695 3951 908 4020 genitus
933 3961 1017 4009 est
1045 3955 1346 4026 dissimilis,
1363 3977 1484 4016 cum
1511 3963 1690 4036 imago
1729 3967 1849 4038 ejus
1872 3971 1964 4036 sit,

410 4045 464 4127 et
483 4039 668 4093 omnia
705 4057 826 4111 qua;
853 4043 1030 4102 Patris
1065 4058 1227 4114 sunt,
1259 4053 1370 4107 sint
1394 4070 1613 4127 quoque
1647 4058 1791 4114 Filii.
1829 4061 1967 4119 Hinc

411 4125 580 4185 Filius
621 4132 760 4188 alius
798 4149 909 4192 non
953 4148 1039 4194 est
1076 4139 1251 4206 Deus,
1296 4145 1426 4215 quia
1475 4125 1585 4204 n6n
1626 4153 1967 4212 extrinsecus

410 4216 617 4319 ellictus
651 4231 737 4279 est
771 4241 785 4279 :
821 4227 1062 4299 alioquin
1104 4236 1414 4306 complures
1437 4239 1525 4309 :dii
1557 4241 1962 4312 inducerentur,

410 4322 459 4400 si
504 4319 765 4400 extranea
809 4318 1210 4386 excogitaretur
1254 4325 1509 4383 divinitas
1551 4342 1744 4400 praeter
1786 4334 1964 4393 Patris

409 4395 765 4489 divinitatem.
799 4400 1035 4462 Tametsi
1061 4411 1211 4466 enim
1253 4413 1367 4486 (88)
1397 4417 1540 4472 aliud
1555 4395 1656 4474 ἐει
1680 4421 1872 4489 Filius,
1904 4437 1962 4482 ut

480 4490 524 4522 "
545 4487 702 4545 Joan.
730 4508 786 4559 ι,
816 4493 906 4550 30.
982 4497 1026 4530 ³⁸
1046 4496 1204 4557 Joan.
1239 4519 1349 4571 xw,
1381 4506 1467 4562 10.

2087 506 2177 542 τον
2207 488 2508 558 τυγχάνειν.

2155 684 2206 736 5.
2261 682 2399 735 Ἀλλ’
2451 683 2604 753 εἴπερ
2653 678 2720 753 ἦν
2776 683 2946 747 οὕτως
3001 685 3029 735 6
3086 685 3290 755 Κύριος
3352 687 3590 758 εἰρηκὼς
3619 728 3636 752 ,

2084 774 2189 827 ἔδει
2221 772 2331 843 (78)
2369 774 2441 844 μὴ
2476 775 2648 843 εἰπεῖν
2680 775 2839 828 αὐτόν
2859 792 2873 807 ·
2919 775 3063 844 Ἐγὼ
3096 777 3165 829 ἐν
3193 775 3271 840 τῷ
3297 781 3499 847 Πατρὶ,
3541 783 3638 835 καὶ

2084 867 2117 918 d
2144 863 2345 930 Πατὴρ
2373 863 2442 915 ἐν
2463 863 2619 931 ἐμοί·
2653 864 2785 916 ἀλλὰ
2813 864 3009 934 μᾶλλον
3030 882 3042 894 ·
3064 864 3232 934 Κάγὼ
3264 869 3320 920 ὲν
3341 868 3417 938 τῷ
3445 869 3636 940 Πατρὶ,

2083 959 2445 1028 καὶόΠατὴρ
2477 958 2533 1011 δὲ
2578 959 2673 1012 καὶ
2721 962 2778 1013 ὲν
2825 960 2948 1030 ἐμοί
2993 960 3106 1031 (79)
3150 963 3317 1026 ἐστιν,
3365 963 3450 1015 ἵνα
3503 963 3639 1034 μηδὲ

2085 1048 2212 1102 ἴδιον
2241 1050 2334 1102 καὶ
2374 1048 2647 1120 ἐξαίρετον
2691 1049 2788 1122 ἔχῃ
2837 1050 2969 1122 πρὸς
3001 1051 3091 1104 τὸν
3124 1053 3341 1123 Πατέρα
3367 1053 3440 1118 ὡς
3469 1056 3596 1118 Υἱὸς
3619 1097 3634 1119 ,

2081 1139 2262 1210 κοινὴν
2289 1139 2346 1193 δὲ
2389 1139 2522 1210 μετὰ
2547 1139 2762 1194 πάντων
2802 1141 2898 1212 ἔχῃ
2941 1141 3037 1212 τὴν
3067 1143 3234 1214 αὐτὴν
3267 1144 3443 1216 χάριν.
3500 1145 3637 1198 Ἀλλ’

2079 1231 2178 1283 οὐκ
2201 1230 2366 1296 ἐστιν,
2392 1231 2466 1295 ὡς
2487 1232 2793 1304 νομίζουσιν
2820 1233 3015 1286 ἐκεῖνοι
3036 1251 3050 1264 ·
3085 1235 3158 1305 μὴ
3188 1235 3502 1308 φρονοῦντες
3528 1237 3638 1307 γὰρ

2079 1321 2205 1376 Υἱὸν
2238 1317 2374 1376 εἶναι
2405 1325 2646 1394 γνήσιον-
2673 1322 2738 1376 ὲκ
2785 1324 3026 1395 Πατρὸς,
3075 1326 3497 1394 καταψεύδονται
3542 1329 3635 1381 τοῦ

2078 1411 2317 1482 γνησίου,
2349 1409 2393 1481 ᾧ
2428 1414 2573 1484 μόνῳ
2592 1413 2818 1485 ἁρμόζει
2858 1414 3036 1483 λέγειν
3059 1433 3072 1444 ·
3125 1417 3266 1486 Ἐγὼ
3303 1419 3372 1472 ἐν
3401 1419 3480 1485 τῷ
3518 1425 3630 1475 Πα-

2075 1501 2166 1567 τρὶ
2199 1501 2296 1554 καὶ
2337 1505 2370 1555 ὁ
2411 1501 2611 1571 Πατὴρ
2644 1504 2713 1557 ὲν
2743 1503 2892 1572 ἐμοι.
2925 1505 3078 1558 Ἔστι
3109 1506 3216 1579 γὰρ
3254 1509 3282 1560 6
3314 1509 3442 1572 Υίὸς
3473 1510 3530 1563 ὲν
3560 1511 3637 1582 τῷ

2076 1591 2251 1662 Πατρὶ
2270 1631 2284 1654 ,
2311 1591 2384 1655 ὥς
2429 1610 2491 1662 γε
2523 1596 2663 1646 νοεῖν
2687 1591 2912 1659 ἔξεστιν,
2946 1595 3132 1667 ἐπειδὴ
3172 1597 3389 1668 σύμπαν
3412 1601 3471 1652 τὸ
3501 1597 3637 1654 εἶναι

2074 1679 2168 1734 τοῦ
2197 1681 2350 1750 Υίοῦ,
2379 1681 2535 1735 τοῦτο
2561 1683 2658 1753 τῆς
2701 1683 2797 1735 τοῦ
2841 1685 3051 1755 Πατρὸς
3093 1687 3276 1751 οὐσίας
3318 1688 3444 1742 ίδιόν
3469 1691 3634 1756 ἐστιν,

2075 1771 2150 1834 ὡς
2194 1775 2258 1826 ὲκ
2296 1773 2472 1842 φωτὸς
2513 1773 2870 1845 ἀπαύγασμα,
2901 1777 2994 1830 καὶ
3027 1778 3091 1830 ἐκ
3123 1779 3303 1850 πηγῆς
3338 1779 3448 1849 (80)
3473 1799 3638 1835 ποτα-

2081 1863 2196 1934 μὸς,
2229 1862 2368 1918 ὥστε
2399 1863 2489 1918 τὸν
2530 1865 2739 1936 ὁρῶντα
2767 1867 2856 1920 τὸν
2897 1867 3024 1921 Υἱὸν
3055 1870 3184 1940 όρᾷν
3212 1870 3270 1923 τὸ
3301 1871 3394 1925 τοῦ
3427 1872 3637 1944 Πατρὸς

2077 1954 2224 2019 ῐδιον,
2258 1956 2352 2007 καὶ
2395 1957 2554 2020 νοεῖν,
2595 1957 2675 2010 ὅτι
2717 1956 2811 2010 τοῦ
2845 1958 2976 2010 Υἱοῦ
3008 1959 3069 2012 τὸ
3098 1957 3267 2024 εἶναι,
3289 1962 3363 2014 ἐκ
3399 1961 3492 2014 τοῦ
3527 1964 3636 2016 Πα-

2073 2045 2202 2116 τρὸς
2230 2044 2308 2109 ὃν,
2339 2045 2507 2111 οὕτως
2533 2046 2644 2116 (81)
2682 2048 2739 2099 ἐν
2767 2048 2842 2118 τῷ
2875 2050 3046 2120 Πατρί
3078 2051 3242 2106 ἐστιν.
3272 2050 3424 2106 Ἐστι
3453 2053 3510 2107 δὲ
3545 2055 3638 2108 καὶ

2075 2135 2104 2187 6
2129 2133 2316 2206 Πατὴρ
2343 2136 2400 2189 ὲν
2431 2135 2509 2206 τῷ
2535 2136 2670 2207 Υίῷ,
2705 2138 2891 2209 ἐπειδὴ
2921 2139 2981 2192 τὸ
3018 2141 3083 2193 ἐκ
3119 2139 3211 2194 τοῦ
3241 2142 3452 2214 Πατρὸς
3485 2144 3633 2208 ἴδιον,

2074 2221 2229 2276 τοῦτο
2253 2224 2282 2277 6
2311 2223 2431 2288 Υἱὸς
2472 2224 2726 2296 τυγχάνει
2755 2225 2850 2293 ὣν,
2885 2226 2960 2290 ὡς
2993 2230 3050 2280 ὲν
3090 2228 3166 2299 τῷ
3196 2229 3583 2302 ἀπαυγάσματι
3609 2237 3637 2287 ό

2072 2315 2220 2386 ἥλιος
2244 2314 2377 2384 (82),
2410 2315 2504 2369 καὶ
2533 2317 2590 2370 ὲν
2614 2315 2691 2386 τῷ
2720 2316 2863 2388 λόγῳ
2883 2319 2912 2370 6
2938 2317 3082 2384 νοῦς,
3105 2318 3198 2372 καὶ
3223 2323 3279 2374 ἐν
3301 2321 3381 2390 τῷ
3408 2325 3637 2395 ποταμῷ

2071 2409 2104 2480 ὴ
2141 2408 2308 2479 πηγή·
2329 2407 2470 2461 οὕτω
2497 2408 2604 2480 γὰρ
2630 2412 2658 2463 6
2681 2409 2898 2481 θεωρῶν
2921 2411 3010 2465 τὸν
3033 2412 3179 2478 Υίὸν,
3206 2412 3400 2484 θεωρεῖ
3421 2415 3519 2486 τῆς
3543 2419 3634 2471 τοῦ

2073 2497 2284 2569 Πατρὸς
2335 2499 2519 2562 οὐσίας
2557 2499 2618 2552 τὸ
2668 2499 2816 2566 ἴδιον,
2867 2501 2962 2555 καὶ
2992 2504 3121 2567 νοεῖ,
3177 2504 3257 2556 ὅτι
3287 2507 3315 2557 6
3340 2506 3526 2577 Πατὴρ
3577 2511 3635 2561 ὲν

2070 2587 2148 2659 τῷ
2172 2588 2287 2660 Υίῷ
2324 2591 2459 2645 ἐστι.
2505 2591 2610 2644 Τοῦ
2649 2592 2758 2664 γὰρ
2796 2592 2968 2657 εἴδους
2997 2593 3108 2665 (83)
3139 2596 3232 2649 καὶ
3257 2599 3354 2668 τῆς
3387 2598 3634 2670 θεότητος

2070 2681 2162 2734 τοῦ
2189 2681 2398 2754 Πατρὸς
2421 2681 2586 2754 οῠσης
2611 2684 2670 2737 τὸ
2694 2681 2830 2739 εἶναι
2857 2685 2951 2738 τοῦ
2983 2685 3110 2740 Υίοῦ
3141 2688 3445 2753 ἀκολούθως
3462 2692 3490 2744 6
3511 2693 3636 2757 Υἱὸς

2073 2772 2130 2825 ὲν
2155 2769 2232 2842 τῷ
2256 2771 2430 2844 Πατρί
2451 2774 2586 2838 ἐστι,
2621 2774 2715 2827 καὶ
2746 2776 2774 2829 6
2797 2775 2987 2846 Πατὴρ
3014 2776 3072 2827 ὲν
3098 2775 3176 2846 τῷ
3197 2777 3330 2848 Υἰῷ.
3357 2779 3456 2832 Διὰ
3480 2781 3636 2834 τοῦτο

2067 2861 2177 2934 γὰρ
2210 2863 2303 2916 καὶ
2339 2864 2562 2928 εἰκότως
2592 2864 2706 2937 (84)
2737 2866 2971 2938 εἰρηκὼς
3009 2868 3298 2941 πρότερον·
3365 2871 3504 2942 Ἐγὼ
3535 2874 3633 2926 καὶ

2071 2955 2105 3007 ὁ
2129 2953 2332 3023 Πατὴρ
2361 2955 2432 3009 ἐν
2465 2956 2684 3026 ἐσμεν,
2730 2959 2974 3028 ἐπήγαγε
3021 2961 3099 3012 τό·
3143 2961 3288 3030 Ἐγὼ
3317 2962 3387 3016 ἐν
3409 2963 3489 3028 τῷ
3520 2968 3636 3018 Πα-

2070 3043 2182 3112 τρί,
2212 3044 2308 3099 καὶ
2343 3047 2376 3098 ό
2407 3045 2607 3113 Πατὴρ
2650 3046 2719 3100 ἐν
2758 3046 2906 3115 ἐμοι·
2944 3048 3030 3102 ἵνα
3066 3047 3164 3119 τὴν
3205 3049 3304 3119 μὲν
3336 3051 3635 3122 ταύτότητα

2073 3136 2174 3206 τῆς
2201 3137 2467 3209 θεότητος,
2501 3137 2598 3210 τὴν
2632 3139 2690 3193 δὲ
2727 3140 2951 3214 ἑνότητα
2985 3140 3097 3212 (85)
3127 3142 3224 3213 τῆς
3259 3141 3630 3216 οὐσίας’δείξῃ.

2141 3225 2195 3278 4.
2239 3227 2333 3278 Ἓν
2361 3226 2468 3297 γάρ
2496 3227 2654 3295 εἰσιν,
2682 3229 2778 3299 οὐχ
2807 3229 2882 3292 ὡς
2913 3229 3034 3293 ἑνὸς
3072 3230 3229 3285 πάλιν
3261 3233 3341 3295 εἰς
3368 3233 3460 3286 δύο
3495 3235 3633 3304 μέρη
3744 3305 3749 3308 _

2071 3315 2449 3387 διαιρεθέντος,
2501 3319 2594 3371 καὶ
2636 3319 2800 3390 μηδὲν
2837 3321 3006 3375 όντων
3055 3322 3193 3392 πλὴν
3236 3321 3381 3386 ἑνός·
3411 3324 3533 3376 οὐδὲ
3559 3325 3636 3386 ὡς

2071 3406 2165 3461 τοῦ
2197 3409 2314 3472 ἑνὸς
2351 3409 2434 3473 δὶς
2468 3409 2882 3481 ὀνομαζομένου,
2915 3412 3056 3466 ὥστε
3089 3413 3200 3484 (86)
3231 3415 3321 3468 τὸν
3350 3416 3511 3469 αὐτὸν
3538 3416 3633 3469 ἄλ-

2073 3499 2190 3551 λοτε
2238 3499 2337 3570 μὲν
2380 3501 2619 3572 Πατέρα,
2659 3502 2845 3556 ἄλλοτε
2869 3502 2926 3556 δὲ
2972 3504 3096 3557 Υίὸν
3134 3504 3326 3558 ἑαυτοῦ
3369 3505 3631 3573 γίνεσθαι·

2071 3587 2227 3641 τοῦτο
2271 3589 2379 3658 γὰρ
2427 3589 2711 3654 Σαὸέλλιος
2751 3592 3048 3662 φρονήσας,
3099 3594 3370 3665 αἱρετικὸς
3416 3595 3630 3666 ἐκρίθη.

2086 3679 2243 3732 Ἀλλὰ
2279 3679 2371 3732 δύο
2418 3680 2515 3751 μέν
2559 3683 2717 3744 εἰσιν,
2752 3682 2832 3735 ὅτι
2863 3683 2890 3734 6
2927 3682 3112 3753 Πατὴρ
3153 3685 3342 3756 Πατήρ
3375 3686 3507 3750 ἐστι,
3541 3687 3636 3738 κα).

2072 3771 2170 3842 οὐχ
2200 3773 2228 3824 6
2251 3771 2410 3836 αὐτὸς
2445 3771 2572 3837 Υἱός
2604 3776 2738 3828 ἐστι·
2774 3776 2867 3828 καὶ
2900 3778 2928 3829 6
2951 3776 3080 3839 Tib;
3108 3776 3233 3840 Υἱός
3261 3778 3396 3841 ἐστι,
3425 3777 3516 3830 καὶ
3537 3779 3635 3848 οὐχ

2071 3864 2100 3914 6
2138 3863 2298 3927 αὐτὸς
2344 3864 2534 3937 Πατήρ
2581 3865 2717 3921 ἐστι.
2765 3866 2880 3920 Μία
2906 3867 2962 3920 δὲ
2994 3869 3026 3939 ἡ
3067 3867 3245 3937 φύσις·
3297 3869 3356 3921 οὐ
3391 3868 3498 3940 γὰρ
3538 3870 3634 3922 ἀν-

2071 3951 2253 4022 όμοιον
2284 3953 2344 4006 τὸ
2377 3953 2621 4026 γέννημα
2647 3953 2740 4008 τοῦ
2778 3957 3149 4026 γεννήσαντος·
3178 3954 3337 4010 εἰκὼν
3359 3957 3466 4029 γάρ
3490 3959 3634 4009 ἐστιν

2071 4043 2254 4108 αὐτοῦ,
2289 4044 2382 4097 καὶ
2405 4045 2581 4098 πάντα
2608 4045 2676 4099 τὰ
2702 4047 2911 4118 Πατρὸς
2936 4045 3028 4100 τοῦ
3069 4047 3199 4100 Υίοῦ
3231 4048 3367 4100 ἐστι.
3399 4047 3487 4100 Διὸ
3514 4048 3636 4100 οὐδὲ

2071 4133 2225 4199 ἄλλος
2264 4133 2394 4198 Θεὸς
2435 4138 2464 4189 6
2506 4136 2632 4200 Υἱός
2673 4137 2805 4208 (87)·
2844 4139 2904 4191 ού
2946 4136 3076 4209 γὰρ,
3101 4136 3297 4203 ἔξωθεν
3340 4137 3630 4208 ἐπενοήθη·

2072 4225 2191 4278 ἐπεὶ
2222 4225 2437 4289 πάντως
2454 4227 2548 4280 καὶ
2572 4226 2774 4291 πολλοὶ,
2802 4227 2958 4298 ξένης
2991 4227 3141 4299 παρὰ
3163 4227 3260 4299 τὴν
3299 4228 3390 4280 τοῦ
3421 4228 3634 4298 Πατρὸς

2070 4317 2457 4390 ὲπινοουμένης
2497 4318 2764 4391 θεότητος·
2808 4323 2857 4374 εί
2898 4319 3006 4390 γὰρ
3038 4319 3132 4373 καὶ
3172 4319 3355 4392 ἕτερόν
3386 4322 3532 4374 ἐστιν
3557 4321 3635 4383 ὡς

2069 4411 2312 4482 γέννημα
2338 4411 2367 4465 6
2403 4412 2549 4478 Υἱὸς,
2579 4412 2714 4467 ἀλλὰ
2744 4413 2938 4467 ταύτόν
2967 4414 3113 4466 ἐστιν
3152 4413 3228 4477 ὡς
3267 4413 3417 4476 Θεός·
3451 4413 3542 4466 καὶ
3573 4413 3634 4464 ἓν

479 4578 588 4650 (77)
629 4579 720 4637 Sic
745 4581 949 4707 Reg},
987 4587 1209 4662 Seguer.
1239 4593 1456 4674 ngler.
1483 4607 1536 4653 et
1567 4596 1746 4680 Felck.
1781 4599 1830 4685 1‘.
1851 4599 1968 4686 Ed'i-

482 4657 658 4730 autem
699 4661 754 4730 et
796 4669 825 4707 a
853 4671 908 4730 ιι,
939 4653 1075 4730 slva:
1103 4662 1193 4716 τὸν
1219 4681 1312 4717 του
1341 4667 1548 4730 Πατρὸς
1577 4667 1703 4719 Υιὸν
1737 4685 1831 4722 και
1864 4673 1966 4724 Λο-

2081 4604 2144 4677 τῷ
2173 4581 2348 4729 Λόγιᾶ.
2383 4607 2486 4661 Alii
2515 4617 2568 4662 et
2594 4608 2744 4676 editi,
2763 4609 2855 4662 και
2877 4612 2936 4664 έν
2963 4611 3039 4682 τῷ
3062 4612 3236 4684 Λόγῳ.

2139 4675 2251 4730 (85)
2341 4694 2423 4730 ea.
2463 4679 2514 4730 1.
2550 4676 2774 4730 Seauer.
2803 4679 3021 4730 Gobler.
3054 4691 3109 4730 et
3137 4681 3236 4730 Fel

407 4649 669 4739 iii"???
699 4661 766 4739 ει.
789 4649 908 4739 BHE:
936 4649 1090 4739 εέναῖ
1103 4662 1193 4716 τὸν
1217 4665 1312 4739 £09
1329 4649 1831 4739 ξΠᾶεέρὸὲΑΥίῑδὲἶὶιᾶἱ
1853 4649 1966 4724 λῖ-

409 4735 522 4805 γον.
553 4718 837 4805 Μρξιβεε.
863 4718 1173 4805 l',__Se_guer.
1209 4718 1425 4805 Gobler.
1441 4718 1444 4719 ν
1460 4718 1514 4792 Et
1530 4718 1830 4805 “Felckri,
1849 4718 1964 4793 ἀλλ’

410 4788 590 4876 εἴτ-τερ.
619 4788 844 4876 ξᾳίιῃι
867 4788 979 4876 alii,
1007 4788 1121 4876 ἄλλ’
1147 4788 1398 4876 ἐπείπερ.

482 4858 592 4928 (18)
637 4858 728 4945 sic
755 4861 886 4984 Βεέ.
924 4858 1044 4922 rei
1069 4868 1292 4942 Seguer.
1315 4858 1494 4930 A't‘alii
1525 4886 1578 4931 et
1609 4877 1759 4943 editi,
1791 4872 1970 4950 ἦν-οὗ-

482 4945 499 4984 :
527 4931 556 4982 6
582 4930 806 4984 Kumoc.
860 4933 959 4984 δει-
993 4946 1098 4984 etc-

409 4930 806 5001 10;_6_Kg'ptog,
833 4930 959 5000 ἔδει,
993 4946 1098 4994 etc.

481 4998 590 5085 (79)
630 4998 812 5085 Ρξιιείε.
841 5002 889 5085 Ξ
919 4998 972 5060 et
999 5009 1253 5085 _editi,_6e
1280 5014 1338 5085 εν
1369 5015 1510 5085 ἐμοί.
1542 5011 1732 5069 Caneri
1763 5019 1967 5073 mss.6é

664 5070 813 5156 ἐμοί..
834 5071 965 5156 Emit
1218 5067 1426 5156 et_2,_et
1458 5067 1678 5156 Seguet'.

407 5137 622 5258 liras.”
649 5137 722 5203 ὡς
750 5139 898 5206 Υἱός.
930 5144 999 5198 At
1022 5137 1114 5201 aii'i
1148 5157 1203 5204 et
1230 5137 1394 5218 editi,
1414 5137 1558 5225 1::pr
1570 5137 1959 5229 τδνΠοὶέέέροῖδ

447 5275 762 5369 είβθλξξεξς
792 5279 1098 5369 hﬁegger.
1133 5286 1352 5369 Gobler.
1385 5299 1440 5346 et
1461 5291 1641 5369 Feick.
1675 5295 1726 5360 1,
1759 5297 1821 5351 ὲκ
1856 5316 1962 5369 πη-

409 5345 672 5432 γῆςᾹΙᾼΙΞξ
693 5345 761 5432 rét
782 5345 1250 5432 editLd'Commel.
1271 5359 1346 5432 ᾡς
1378 5345 1579 5432 πηγῇς.

481 5413 600 5500 psi).
631 5415 869 5500 βόε,
901 5419 1124 5500 §eguer.
1160 5413 1377 5484 Goble}.
1405 5413 1657 5490 εἱῑέὲιξιι.
1685 5433 1738 5499 1,
1769 5434 1959 5500 οὕτως.

411 5479 604 5558 Crateri
627 5493 680 5558 et
707 5479 867 5558 editi,
886 5479 1058 5556 οὗτὸς.

607 5551 826 5640 ,βεεκέ
846 5551 913 5613 et
937 5551 1159 5640 _Seguer.
1184 5566 1212 5616 6
1232 5565 1396 5640 ἥλιος.
1423 5567 1480 5621 In
1505 5570 1627 5640 aliis
1655 5581 1708 5624 et
1733 5574 1910 5640 editis,
1933 5578 1962 5629 6

409 5619 579 5676 deest.
607 5619 735 5677 Ibid:
769 5623 900 5698 Reg.
932 5631 983 5698 1,
1007 5619 1234 5701 ἒεςυετ.
1253 5619 1480 5695 ’ϐοὗίεῖξ
1506 5619 1961 5711 εἰῗεῖείῖἷῖαἶ.

2139 4675 2251 4746 (85)
2295 4675 2423 4749 Reg.
2463 4679 2514 4743 1,
2550 4675 2774 4748 Seguer.
2803 4675 3022 4735 Gobler.
3054 4691 3109 4736 et
3137 4675 3318 4738 Félck.
3356 4684 3404 4747 -Ι,
3438 4683 3632 4749 εἴδους.

2069 4743 2889 4825 1η⁷.Αιιειὶ(εε’ςιυρηυείηξιι·είῃε
2918 4758 3157 4817 notatur,
3181 4770 3270 4825 γρ.
3296 4743 3486 4817 είδόυς.
3515 4743 3634 4812 Cae-

2068 4815 2167 4870 teri
2203 4815 2262 4870 et
2288 4815 2453 4870 editio
2473 4815 2736 4873 COmmel.
2770 4815 2929 4874 ῖδίου.

2139 4884 2248 4956 (84)
2280 4885 2508 4960 Regni,
2541 4886 2764 4958 Seguer.
2796 4890 2905 4959 γὰρ
2948 4889 3190 4954 εἰκότως.
3221 4891 3326 4947 Alii
3377 4902 3431 4949 et
3480 4895 3634 4960 editi,

2067 4953 2186 5026 γὰρ
2205 4953 2575 5026 καὶᾲείκότως.

2142 5023 2254 5099 ἐβὲ)
2292 5023 2518 5099 ἔφερον·
2546 5027 2645 5099 τὴν
2675 5027 2922 5099 ἑνότηταο

2137 5092 2246 5167 (86)
2286 5092 2390 5167 δίο
2411 5092 2630 5167 Βεςᾼ,
2671 5092 2894 5167 seguer.
2928 5103 3147 5159 Gobler.
3175 5115 3228 5160 et
3265 5101 3447 5158 Felck.
3479 5104 3528 5157 1.
3566 5108 3640 5161 At

2065 5163 2154 5240 alii
2164 5163 2388 5240 etiedjti,
2406 5163 2525 5240 ούδέ
2540 5163 2890 5240 ὥστελῐῖευιο
2914 5183 3052 5240 post,
3072 5174 3254 5230 Felck.
3284 5174 3336 5233 5,
3356 5173 3633 5240 Σαϐελιος.

2137 5233 2247 5356 (87)
2290 5233 2472 5316 Πεεᾼ
2503 5244 2558 5289 et
2587 5236 2641 5301 2,
2679 5233 3103 5324 SeguerXBas‘il.
3155 5245 3364 5326 Anglic.
3411 5233 3633 5301 Gobler.

2066 5300 2246 5378 Ferit.
2283 5305 2309 5378 1
2337 5315 2391 5358 et
2413 5305 2469 5368 5,
2503 5306 2634 5370 Θεὸς
2658 5310 2687 5360 6
2719 5308 2866 5371 Υιός.
2898 5309 3042 5372 Εὼιι
3066 5321 3119 5368 et
3142 5317 3256 5378 alii,
3289 5314 3420 5376 Θεὸς
3449 5315 3599 5378 Υίός.

2142 5372 2250 5447 (88)
2272 5372 2367 5447 _ita
2418 5377 2702 5441 vertimus,
2736 5387 2942 5434 textum
2994 5372 3254 5440 Graecum,
3290 5372 3480 5447 secuti,
3511 5372 3639 5440 licet

2065 5445 2229 5511 vulgo
2256 5444 2746 5517 d_oceant__theologi
2770 5447 2965 5504 Filium
2997 5469 3103 5508 non
3145 5454 3315 5516 aliud,
3339 5455 3429 5508 sed
3466 5444 3636 5508 alium

2065 5528 2246 5587 essea
2271 5513 2449 5569 Patre.
2479 5513 2678 5572 Verum
2701 5513 2826 5572 'ista
2857 5521 3117 5585 dictione,
3160 5513 3330 5587 aliud,
3374 5524 3513 5578 idem
3547 5527 3638 5579 hic

2068 5581 2334 5664 significat
2360 5593 2582 5664 sanctus
2613 5587 2966 5655 Athanasius,
2994 5581 3140 5662 quod
3173 5581 3408 5664 theologi
3439 5595 3657 5649 dictio-'

2066 5651 2156 5715 ne,
2181 5651 2339 5717 alius,
2376 5662 2433 5708 ut
2455 5664 2618 5724 patet.
