3948 6236
440 356 535 413 351

1015 357 1069 411 S.
1113 356 1479 413 ATHANASII
1521 357 1669 415 OPP.
1712 359 1897 417 PARS
1934 361 1974 417 Ι.
2024 393 2094 406 —-
2132 336 2499 418 IllSTORlCA
2543 362 2628 417 ET
2674 362 3095 419 DOGMATIGA.

3555 362 3664 416 532

440 490 544 528 una
570 474 862 544 eademque
889 485 970 531 est
998 477 1282 533 sententia.
1307 475 1408 544 Qui
1431 479 1573 532 enim
1603 480 1674 533 ita
1697 481 1800 535 scit
1826 495 1990 534 unum

2101 483 2157 534 ἐν
2182 484 2292 546 τοῖς
2319 480 2464 552 τρισὶ
2489 480 2696 545 τούτοις
2729 483 2929 552 ῥητοῖς.
2966 481 3023 534 ὀ
3048 481 3155 552 γὰρ
3186 480 3355 544 οὕτως
3384 480 3661 548 ἐγνωκὼς,

434 581 555 623 esse
588 565 784 620 Filium
819 575 872 620 et
912 566 1146 636 Patrem,
1171 571 1323 623 novit
1365 581 1509 624 certe
1542 586 1673 625 eum
1723 570 1776 623 in
1812 570 1992 635 Patre,

435 671 486 713 et
512 658 726 714 Patrem
764 659 818 713 in
847 658 985 713 Filio
1019 675 1157 715 esse.
1188 659 1454 716 Divinitas
1481 663 1624 716 enim
1651 661 1794 728 Filii,
1820 661 1998 718 Patris

433 767 652 822 quoque
703 751 817 822 ipsa
859 760 959 819 est,
991 753 1290 822 eademque
1318 763 1401 808 est
1435 755 1487 807 in
1516 753 1656 808 Filio
1684 772 1696 808 :
1724 756 1869 825 quod
1904 755 1998 825 qui

434 844 918 913 comprehenderit,
970 845 1014 898 is
1049 859 1368 913 persuasum
1406 844 1563 899 facile
1609 846 1847 911 habebit,
1872 862 1996 900 eum

433 934 525 1004 qui
551 932 745 987 Filium
772 932 903 987 vidit
936 932 1148 987 Patrem
1183 934 1383 988 vidisse
1412 953 1424 987 :
1453 934 1650 1002 quippe
1678 948 1800 987 cum
1823 932 1999 988 Patris

431 1025 688 1079 divinitas
713 1027 766 1100 in
810 1024 945 1079 Filio
978 1025 1363 1095 conspiciatur.
1415 1025 1467 1079 Id
1524 1034 1705 1079 autem
1761 1024 1996 1089 facilius,

433 1119 682 1188 imaginis
700 1119 1039 1188 imperatoris
1053 1121 1320 1187 exemplo,
1336 1119 1533 1187 poterit
1547 1117 1999 1190 intelligi.Nempe

431 1210 485 1263 in
516 1208 749 1279 imagine
773 1209 983 1278 species
1001 1209 1220 1278 quidem
1248 1217 1303 1263 et
1327 1208 1503 1262 forma
1530 1208 1874 1277 imperatoris
1894 1220 1996 1274 est,

430 1302 484 1355 in
519 1304 839 1372 imperatore
863 1309 1044 1354 autem
1069 1301 1258 1355 eadem
1288 1301 1499 1370 species
1518 1308 1602 1357 cst
1632 1315 1753 1368 qua:
1775 1300 1827 1353 in
1858 1300 1997 1353 ima-

436 1395 567 1464 gine
597 1394 828 1448 videtur.
862 1391 1110 1448 Perlecta
1139 1393 1283 1447 enim
1313 1392 1608 1447 similitudo
1636 1400 1718 1445 est
1743 1390 1796 1443 iu
1825 1391 1998 1461 impe~

432 1487 626 1541 ratoris
664 1485 938 1557 imagine,
993 1486 1066 1540 ita
1096 1494 1156 1540 ut
1202 1495 1256 1540 et
1302 1487 1348 1539 is
1387 1485 1479 1555 qui
1522 1484 1810 1555 imaginem
1852 1484 1997 1537 viale—

430 1579 535 1644 rit,
594 1577 649 1631 in
728 1577 842 1646 ipsa
905 1579 1283 1647 imperatorem
1342 1576 1655 1641 intueatur,
1719 1583 1773 1629 et
1833 1572 1997 1627 vicis-

428 1672 528 1725 sim
568 1670 662 1741 qui
718 1670 1095 1741 imperatorem
1151 1667 1369 1729 viderit,
1413 1676 1672 1737 agnoscat
1703 1665 1852 1720 illum
1911 1664 1995 1733 ip~

427 1777 547 1817 sum
571 1776 692 1817 esse
727 1762 821 1832 qui
859 1762 912 1816 in
949 1761 1182 1830 imagine
1209 1759 1570 1828 conspicitur.
1607 1756 1684 1810 Ex
1722 1770 1786 1811 co
1814 1764 1992 1810 autem

2099 575 2179 627 ὅτι
2207 573 2264 627 ἓν
2295 574 2433 627 εἰσιν
2470 574 2499 626 6
2533 573 2659 637 Υἱὸς
2690 573 2782 627 καὶ
2810 575 2838 625 6
2866 569 3073 645 Πατὴρ,
3108 569 3265 635 οἶδεν,
3304 573 3383 625 ὅτι
3415 574 3575 637 αὐτὸς
3605 576 3664 634 ὲν

2096 666 2174 736 τῷ
2210 666 2384 737 Πατρί
2413 668 2546 732 ἐστι,
2578 667 2672 719 καὶ
2698 667 2726 719 6
2759 667 2948 737 Πατὴρ
2980 668 3036 719 ὲν
3068 665 3145 737 τῷ
3171 666 3285 737 Υἰῷ
3305 683 3318 696 ·
3354 670 3386 738 ἠ
3415 666 3525 739 γὰρ
3565 669 3661 721 τοῦ

2098 757 2225 810 Υἱοῦ
2265 757 2455 828 θεότης
2485 756 2840 829 τοῢ,Πατρός
2885 759 3022 820 ἐστι,
3079 758 3173 811 καὶ
3222 756 3360 829 αὐτὴ
3390 755 3465 829 (Γ)
3498 760 3554 810 ἐν
3583 759 3664 828 τῴ

2099 847 2213 919 Υίῷ
2243 852 2355 900 ἐστι
2376 864 2389 878 ·
2425 848 2518 900 καὶ
2552 848 2579 899 6
2607 848 2761 900 10610
2791 847 2848 900 δὲ
2884 846 3201 901 καταλαϐὼν
3240 847 3548 910 πέπεισται,
3579 849 3665 901 ὅτι

2096 941 2126 992 6
2156 938 2413 1011 ἑωρακὼς
2446 940 2535 992 τὸν
2564 939 2688 992 Υἰὺν
2719 939 2929 1010 ἑώρακε
2958 940 3049 992 τὸν
3079 940 3296 1013 Πατέρα
3314 957 3329 970 ο
3366 942 3424 994 ἐν
3449 939 3554 1013 γὰρ
3585 939 3663 1010 τῷ

2099 1031 2214 1102 Υἱῷ
2239 1034 2271 1102 ἡ
2299 1033 2393 1086 τοῦ
2422 1034 2631 1105 Πατρὸς
2653 1032 2842 1104 θεότης
2867 1033 3166 1104 θεωρεῖται.
3194 1033 3362 1086 Τοῦτο
3386 1033 3442 1086 δὲ
3469 1036 3561 1087 καὶ
3584 1034 3661 1104 (2)

2097 1121 2203 1175 ἀπὸ
2252 1123 2345 1175 106
2391 1123 2829 1195 παραδείγματος
2875 1124 2973 1195 τῆς
3016 1124 3217 1186 εἰκόνος
3262 1122 3355 1175 106
3399 1122 3662 1193 βασιλέως

2096 1212 2521 1284 προσεχέστερόν
2552 1230 2633 1275 τις
2676 1214 2951 1266 κατανοεῖν
2983 1212 3290 1283 δυνήσεται.
3338 1212 3426 1265 Ἐν
3454 1210 3562 1283 γὰρ
3593 1214 3660 1283 τῇ

2096 1304 2261 1359 εἰκόνι
2285 1303 2346 1356 16
2377 1300 2514 1367 εἶδος
2552 1305 2645 1357 καὶ
2676 1304 2709 1375 ὴ
2746 1304 2926 1374 μορφὴ
2958 1302 3052 1357 τοῦ
3088 1302 3345 1373 βασιλέως
3383 1302 3520 1365 ἐστὶ,
3568 1303 3663 1356 καὶ

2097 1397 2155 1448 ὲν
2182 1395 2259 1467 τῷ
2302 1394 2511 1466 βασιλεῖ
2540 1395 2596 1448 δὲ
2632 1396 2693 1448 16
2725 1398 2782 1448 ὲν
2811 1398 2875 1467 τῇ
2922 1395 3088 1448 εἰκόνι
3113 1391 3252 1458 εἶδός
3277 1396 3441 1447 ἐστιν.
3492 1395 3662 1449 Ἀπα-

2099 1484 2397 1557 ράλλακτος
2435 1483 2545 1556 γάρ
2592 1485 2740 1538 ἐστιν
2786 1486 2819 1554 ἡ
2852 1487 2910 1537 ἐν
2946 1486 3011 1555 τῇ
3047 1483 3213 1536 εἰκόνι
3257 1480 3351 1536 106
3403 1481 3662 1552 βασιλέως

2096 1577 2379 1648 ὁμοιότης·
2417 1576 2557 1630 ὥστε
2591 1578 2681 1631 τὸν
2711 1575 2978 1648 ἐνορῶντα
3013 1578 3080 1647 τῇ
3125 1575 3294 1628 εἰκόνι
3332 1574 3410 1647 (5)
3440 1574 3663 1658 όρᾷνβν

2097 1671 2233 1739 αὐτῇ
2264 1668 2354 1721 τὸν
2388 1666 2630 1738 βασιλέα,
2666 1669 2759 1721 καὶ
2782 1668 2874 1720 τὸν
2902 1667 3061 1722 πάλιν
3084 1666 3296 1736 ὁρῶντα
3324 1667 3414 1720 τὸν
3441 1665 3664 1737 βασιλέα

2098 1758 2477 1829 ἐπιγινώσκειν
2495 1798 2510 1824 ,
2544 1759 2625 1811 ὅτι
2652 1752 2804 1841 οὗτός
2830 1761 2975 1811 ἐστιν
3002 1760 3031 1811 6
3061 1760 3118 1811 ὲν
3146 1759 3212 1828 τῇ
3241 1757 3429 1811 εἰκόνι.
3474 1756 3568 1810 Ἐκ
3602 1757 3663 1811 δὲ

428 1855 573 1923 quod
613 1854 762 1909 nulla
806 1855 1114 1922 discrepent
1162 1851 1700 1915 dissimilitudine,si
1727 1850 1851 1919 quis
1880 1859 1990 1920 post

2097 1849 2191 1904 106
2228 1849 2302 1921 μὴ
2340 1850 2668 1904 διαλλάττειν
2698 1849 2796 1921 τὴν
2827 1850 3136 1921 ὁμοιότητα,
3172 1850 3247 1921 τῷ
3275 1849 3478 1903 θέλοντι
3525 1851 3663 1920 μετὰ

430 1946 740 2016 imaginem,
765 1945 922 1999 vellet
942 1945 1320 2014 imperatorem
1343 1942 1544 2009 videre,
1561 1953 1703 1997 recte
1725 1942 1798 1997 illi
1816 1942 1994 2012 imago

427 2037 665 2090 diceret:
703 2034 814 2106 Ego
856 2044 910 2090 et
942 2036 1234 2105 imperator
1267 2050 1436 2089 unum
1464 2049 1682 2101 sumus;
1714 2048 1814 2105 ego
1845 2033 1989 2088 enim

428 2128 483 2181 in
530 2128 623 2181 illo
659 2142 802 2192 sum,
835 2136 889 2182 et
927 2127 1017 2182 ille
1048 2128 1101 2182 in
1134 2142 1260 2182 me:
1308 2126 1557 2196 qvodque
1605 2126 1658 2180 in
1696 2141 1783 2180 me
1819 2125 1990 2191 vides,

429 2218 567 2272 idem
600 2220 655 2272 in
684 2220 776 2274 illo
807 2219 1026 2290 aspicis,
1054 2231 1107 2275 et
1140 2218 1286 2290 quod
1324 2219 1378 2272 in
1409 2218 1502 2273 illo
1533 2218 1734 2284 vidisti,
1767 2218 1906 2272 idem
1935 2217 1987 2272 in

426 2327 515 2366 me
545 2313 743 2368 cernis.
772 2312 955 2382 Itaque
995 2313 1088 2382 qui
1122 2313 1412 2383 imaginem
1445 2311 1655 2378 adorat,
1682 2311 1824 2365 inea
1845 2324 1987 2379 quo-

426 2421 531 2476 que
554 2406 932 2476 imperatorem
949 2408 1174 2463 adorat:
1216 2408 1394 2479 imago
1419 2408 1683 2478 siquidem
1715 2407 1833 2477 ejus
1866 2422 1987 2476 spe-

425 2498 536 2553 cies
568 2507 621 2552 et
653 2496 829 2552 forma
852 2506 953 2553 est.
989 2497 1126 2553 Cum
1162 2498 1326 2568 igitur
1359 2496 1528 2553 Filius
1559 2499 1739 2570 imago
1771 2511 1990 2568 quoque

424 2589 495 2644 sit
523 2588 730 2656 Patris;
755 2590 1058 2662 intelligere
1084 2606 1308 2646 necesse
1332 2599 1417 2647 est
1435 2591 1770 2646 divinitatem
1792 2598 1845 2645 et
1864 2605 1989 2661 pro.

422 2678 706 2753 prietatem
732 2683 927 2753 Patris,
953 2686 1058 2741 hoc
1100 2685 1278 2755 ipsum
1324 2700 1447 2741 esse
1479 2685 1622 2755 quod
1673 2693 1760 2740 est
1799 2683 1992 2739 Filius.

423 2775 537 2833 Hoc
573 2787 754 2833 autem
778 2786 861 2834 est
892 2780 1034 2849 quod
1082 2779 1165 2835 his
1196 2779 1384 2834 verbis
1412 2778 1769 2849 signiﬁcatur,
1800 2776 1905 2843 Qui
1940 2778 1995 2830 in

423 2866 595 2936 {arma
625 2866 722 2921 Dei
756 2869 1008 2923 exsistens
1034 2867 1076 2901 ⁸³
1099 2877 1210 2935 ζει,
1243 2867 1405 2923 Pater
1433 2869 1485 2922 in
1516 2885 1597 2922 me
1620 2869 1685 2922 “.

492 2959 546 3014 6.
580 2959 846 3015 Caeterum
873 2978 981 3016 non
1004 2977 1067 3017 ex
1090 2971 1241 3033 parte
1262 2969 1467 3016 tantum
1494 2960 1791 3016 divinitatis
1816 2958 1989 3013 forma

421 3060 523 3118 est,
548 3052 640 3107 sed
672 3052 776 3107 hoc
799 3053 942 3123 quod
965 3063 1048 3108 est
1071 3054 1260 3118 Filius,
1284 3051 1562 3122 plenitudo
1590 3061 1673 3107 est
1692 3049 1990 3106 divinitatis

421 3143 618 3214 Patris,
649 3146 721 3201 ita
746 3154 805 3200 ut
834 3145 1004 3200 Filius
1033 3155 1178 3202 totus
1203 3147 1271 3203 sit
1294 3147 1452 3201 Deus.
1492 3147 1629 3201 Hinc
1655 3160 1779 3201 cum
1811 3158 1992 3214 mqua-

2098 1941 2196 2013 τὴν
2233 1942 2416 1996 εἰκόνα
2444 1941 2714 2014 θεωρῆσαι
2743 1942 2833 1996 τὸν
2871 1942 3091 2012 βασιλέα
3129 1945 3271 1996 εἴποι
3299 1942 3366 1996 ἃν
3403 1944 3437 2014 ἡ
3467 1941 3656 1996 εἰκών·

2109 2033 2249 2103 Ἐγὼ
2289 2034 2384 2088 καὶ
2429 2036 2458 2086 6
2504 2034 2755 2105 βασιλεὺς
2807 2035 2864 2087 ἓν
2914 2037 3079 2106 ἐσμεν
3128 2034 3232 2107 (4)·
3281 2033 3393 2104 ἐγὼ
3444 2035 3551 2105 γὰρ
3602 2035 3665 2086 ἐν

2094 2128 2286 2197 ἐκείνῳ
2315 2128 2449 2197 εἰμί,
2487 2129 2736 2192 κάκεῖνος
2777 2130 2834 2181 ὲν
2867 2129 2989 2199 ὲμοί
3010 2144 3023 2160 ο
3057 2129 3151 2182 καὶ
3178 2128 3206 2181 ὃ
3245 2129 3375 2199 ὁρᾷς
3422 2129 3479 2181 ὲν
3512 2125 3661 2197 ἐμοὶ,

2090 2220 2247 2273 τοῦτο
2290 2223 2347 2273 ὲν
2380 2220 2570 2291 ἐκείνῳ
2597 2219 2833 2291 βλέπεις·
2858 2221 2952 2275 καὶ
2982 2220 3012 2273 6
3041 2219 3289 2292 ἑώρακας
3330 2223 3388 2273 ὲν
3430 2219 3625 2289 ἐκείνῳ
3643 2257 3662 2282 ,

2091 2312 2246 2367 τοῦτο
2269 2312 2484 2384 βλέπεις
2510 2316 2566 2367 ὲν
2590 2315 2732 2384 ἐμοί.
2774 2315 2830 2367 '0
2856 2311 2987 2383 γοῦν
3021 2311 3340 2381 προσκυνῶν
3364 2312 3439 2384 (5)
3461 2310 3661 2384 τὴνὲξ-

2091 2404 2255 2470 κόνα,
2303 2406 2361 2458 ὲν
2403 2407 2539 2477 αὑτῇ
2581 2407 2874 2477 προσκυνεί
2904 2406 2998 2459 καὶ
3034 2404 3124 2459 τὸν
3169 2403 3420 2474 βασιλέα·
3469 2406 3504 2476 ὴ
3552 2404 3664 2474 γὰρ

2093 2496 2299 2550 ἐκείνου
2343 2497 2522 2569 μορφὴ
2556 2497 2731 2551 καὶτὸ
2753 2488 2889 2562 εἶδός
2920 2499 3065 2551 ἐστιν
3104 2496 3180 2567 (6)
3215 2498 3248 2568 ἡ
3277 2496 3459 2550 εἰκών.
3509 2496 3663 2550 Ἐπεὶ

2092 2591 2269 2646 τοίνυν
2297 2593 2389 2647 καὶ
2414 2592 2442 2644 6
2472 2592 2597 2655 Υἰὸς
2619 2591 2780 2645 εἰκών
2807 2594 2925 2645 ὲστι
2953 2591 3048 2645 τοῦ
3077 2593 3307 2664 Πατρὸς,
3338 2590 3396 2656 ἐξ
3419 2591 3663 2661 ἀνάγκης

2091 2684 2209 2737 ἐστί
2264 2686 2427 2748 νοεῖν,
2452 2684 2531 2738 ὅτι
2559 2686 2591 2755 ὴ
2614 2684 2809 2755 ηθεότης
2835 2686 2928 2740 καί
2962 2688 2994 2756 ἡ
3024 2684 3221 2757 ἰδιότης
3246 2685 3339 2738 106
3365 2684 3575 2755 Πατρὸς
3600 2684 3664 2734 16

2092 2768 2229 2827 εἶναι
2264 2772 2357 2826 106
2396 2773 2523 2828 Υἰοῦ
2559 2776 2695 2828 ὲστι.
2738 2775 2847 2829 Καὶ
2880 2774 3039 2828 τοῦτό
3075 2775 3257 2840 ἐστιν,
3315 2777 3418 2841 Ὃς
3467 2774 3546 2845 (7)
3592 2774 3666 2827 ἐν

2088 2863 2295 2933 μορφῇ
2321 2864 2468 2918 Θεοῦ
2495 2863 2801 2932 ὑπάρχων,
2831 2865 2942 2932 καὶ,
2983 2866 3045 2918 Ὀ
3073 2865 3275 2932 Πατὴρ
3303 2865 3371 2918 ἐν
3395 2866 3544 2934 ἐμοί.

2165 2956 2218 3010 6.
2261 2956 2373 3009 Οὐκ
2405 2957 2468 3008 ὲκ
2500 2956 2698 3028 μέρους
2727 2955 2785 3008 δὲ
2814 2957 2847 3026 ἡ
2879 2956 2977 3026 τῆς
3010 2955 3260 3024 θεότητος
3293 2956 3492 3028 μορφὴ,
3526 2954 3662 3011 ἀλλὰ

2092 3046 2154 3099 τὸ
2187 3046 2456 3119 πλήρωμα
2491 3047 2587 3118 τῆς
2619 3046 2712 3100 τοῦ
2757 3047 2970 3117 Πατρὸς
3009 3045 3264 3118 θεότητός
3292 3048 3406 3101 ὲστι
3435 3047 3496 3101 τὸ
3523 3044 3665 3101 εἰναι

2093 3138 2186 3192 τοῦ
2223 3140 2375 3203 Υίοῦ,
2416 3142 2507 3193 καὶ
2535 3141 2653 3202 ὅλος
2683 3138 2756 3209 (8)
2789 3140 2918 3203 Θεός
2951 3142 3099 3194 ἐστιν
3132 3140 3162 3191 6
3203 3139 3347 3204 Υἰός.
3379 3140 3478 3194 Διὰ
3503 3142 3665 3197 τοῦτο

422 3238 490 3292 lis
513 3236 620 3292 Dco
647 3250 809 3305 esset,
835 3253 943 3292 non
968 3238 1211 3307 rapinam
1238 3239 1539 3294 arbitratus
1566 3246 1646 3292 est
1668 3235 1776 3291 Deo
1806 3252 1989 3306 aequa-

2097 3234 2188 3288 xal.
2217 3232 2306 3285 ίσα
2333 3232 2452 3304 Θεῷ
2477 3232 2572 3297 ὢν,
2602 3233 2699 3303 οὐχ
2734 3234 3027 3305 ἁρπαγμὸν
3059 3234 3304 3305 ἡγήσατο
3327 3234 3387 3287 τὸ
3406 3229 3544 3289 εἶναι
3571 3238 3662 3290 ἶσα

422 3330 528 3383 lem
563 3344 681 3385 esse
709 3329 774 3384 “.
810 3328 1090 3407 Similiter,
1117 3330 1243 3399 quia
1284 3329 1404 3383 Filii
1432 3328 1684 3384 divinitas
1713 3337 1767 3382 et
1786 3330 1991 3397 species

423 3436 516 3475 seu
550 3419 723 3475 forma
750 3422 954 3475 nullius
981 3422 1119 3477 alius
1148 3437 1309 3492 quam
1346 3421 1525 3475 Patris
1553 3428 1654 3485 est,
1683 3422 1787 3476 hoc
1811 3420 1989 3489 ipsum

421 3521 506 3567 est
531 3506 677 3582 quod
701 3512 860 3577 dixit,
894 3511 1006 3583 Ego
1039 3513 1096 3567 in
1132 3510 1290 3567 Patre
1314 3513 1382 3568 ⁸⁵.
1410 3513 1502 3568 Sic
1535 3511 1672 3566 Deus
1699 3516 1753 3566 in
1781 3511 1990 3568 Christo

420 3614 534 3658 erat
570 3606 825 3658 mundum
860 3606 1205 3660 reconcilians
1247 3606 1349 3659 sibi
1389 3605 1455 3660 ⁸⁵.
1492 3603 1739 3675 Namque
1783 3614 1992 3660 natum

421 3692 598 3748 Patris
620 3695 874 3766 proprius
901 3704 983 3751 est
1012 3694 1203 3760 Filius,
1231 3696 1285 3750 in
1312 3710 1424 3766 quo
1446 3703 1635 3749 natura
1663 3703 1841 3750 creata
1865 3709 1988 3749 cum

423 3783 535 3838 Deo
580 3785 982 3841 reconciliatur.
1025 3784 1117 3841 Sic
1164 3802 1226 3841 ea
1261 3802 1382 3857 quae
1423 3785 1595 3841 Filius
1615 3788 1810 3856 agebat
1829 3801 1989 3856 opera

422 3875 595 3931 Patris
614 3886 791 3942 erant,
816 3878 942 3948 quia
962 3877 1134 3933 Filius
1154 3878 1362 3948 species
1378 3893 1473 3934 seu
1490 3878 1664 3933 forma
1685 3888 1799 3933 erat
1814 3877 1990 3934 Patris

421 3964 741 4030 divinitatis,
773 3983 896 4036 qua)
932 3969 1047 4038 ipsa
1089 3984 1254 4039 opera
1285 3968 1567 4026 eﬂiciebat.
1610 3968 1700 4024 Sic
1726 3971 1818 4039 qui
1849 3970 1989 4024 videt

423 4053 643 4124 Filium,
665 4058 878 4114 Patrem
908 4060 1071 4114 simul
1101 4060 1263 4126 videt,
1292 4061 1419 4130 quia
1455 4061 1508 4114 in
1542 4071 1760 4129 paterna
1792 4059 1989 4114 divini-

424 4159 534 4205 tate
565 4159 617 4204 et
638 4159 723 4204 est
741 4159 794 4204 et
811 4151 1045 4205 cernitur
1069 4149 1268 4215 Filius;
1288 4162 1619 4220 paternaque
1646 4152 1853 4221 species
1868 4167 1988 4222 qua:

394 4273 402 4279 η
424 4243 476 4296 in
508 4243 598 4295 illo
618 4251 721 4304 est,
735 4241 948 4296 Patrem
980 4242 1034 4295 in
1062 4243 1250 4296 eodem
1269 4242 1680 4312 exhibet,atque
1702 4244 1805 4296 hoc
1825 4243 1985 4297 modo

423 4330 581 4386 Pater
603 4341 686 4387 est
711 4332 764 4385 in
786 4331 942 4385 Filio.
964 4331 1270 4401 Proprietas
1297 4342 1477 4386 autem
1502 4341 1557 4386 et
1577 4333 1986 4403 divinitas.quac

425 4439 490 4478 cx
516 4423 670 4479 Patre
705 4425 759 4478 in
791 4423 926 4477 Filio
950 4421 1238 4490 cxsistit,F
1245 4423 1391 4477 ilium
1424 4423 1479 4477 in
1513 4422 1672 4478 Patre
1706 4439 1985 4480 commou-

423 4526 579 4581 strat,
597 4514 957 4586 eumlemque
972 4516 1040 4571 ab
1060 4531 1124 4572 eo
1141 4515 1305 4571 dividi
1328 4532 1547 4586 nunqua
1560 4533 1609 4570 m
1627 4533 1785 4587 posse
1801 4528 1984 4573 osten-

2093 3324 2242 3395 Θεῷ·
2301 3325 2393 3378 καὶ
2425 3324 2584 3377 πάλιν
2625 3324 2810 3396 ἐπειδὴ
2858 3326 2952 3378 τοῦ
2994 3325 3125 3379 Υἱοῦ
3164 3328 3196 3397 ὴ
3245 3326 3434 3398 θεότης
3475 3328 3570 3381 καὶ
3601 3328 3664 3382 16

2090 3412 2228 3480 εἶδος
2253 3415 2466 3480 οὐδενὸς
2497 3416 2678 3481 ἄλλου,
2707 3416 2739 3487 ἦ
2770 3416 2865 3469 106
2899 3417 3112 3489 Πατρός
3140 3419 3275 3482 ἐστι,
3308 3419 3464 3472 τοῦτό
3490 3422 3657 3485 ἐστιν,

2090 3511 2224 3582 ὅπερ
2256 3507 2377 3564 εἷπε
2418 3510 2480 3563 16
2508 3510 2603 3582 (9),
2656 3509 2797 3580 Ἐγὼ
2835 3512 2904 3564 ὲν
2933 3509 3013 3577 τῷ
3058 3513 3269 3580 Πατρί·
3319 3511 3474 3566 Οὕτω
3517 3515 3664 3579 686(-

2088 3597 2169 3672 ἦν
2208 3602 2279 3655 ἐν
2318 3601 2548 3670 Χριστῷ
2592 3603 2824 3671 κόσμον
2858 3602 3050 3670 ἐαυτῷ
3085 3605 3557 3659 καταλλάσσων·
3599 3607 3663 3659 16

2089 3692 2197 3764 γὰρ
2219 3693 2349 3747 ῐδιον
2369 3694 2468 3764 τῆς
2490 3692 2584 3746 τοῦ
2613 3694 2826 3766 Πατρὸς
2850 3694 3037 3758 οὐσίας
3062 3696 3208 3750 ἐστὶν
3232 3697 3260 3748 6
3286 3695 3431 3760 Υἱὸς,
3459 3697 3516 3751 ὲν
3548 3690 3594 3764 ᾧ
3625 3701 3660 3766 ή

2088 3784 2266 3848 κτίσις
2291 3784 2427 3856 πρὸς
2448 3785 2539 3840 τὸν
2567 3784 2700 3839 Θεὸν
2732 3785 3151 3857 κατηλλάσσετο.
3176 3787 3358 3852 Οὕτως
3397 3787 3433 3842 ἃ
3469 3788 3659 3859 είργά-

2089 3874 2212 3939 ζετο
2237 3876 2345 3948 (10)
2365 3877 2394 3929 6
2414 3875 2560 3941 Υἱὸς,
2580 3876 2673 3929 106
2695 3877 2907 3948 Πατρός
2937 3879 3083 3931 ἐστιν
3105 3878 3240 3949 ἔργα
3258 3895 3272 3908 ·
3300 3879 3364 3931 16
3386 3876 3493 3950 γὰρ
3520 3874 3661 3941 εἶδος

2086 3968 2186 4039 τῆς
2202 3967 2296 4021 106
2323 3968 2536 4040 Πατρὺς
2560 3967 2813 4038 θεότητός
2835 3971 2981 4022 ἐστιν
3001 3970 3030 4021 6
3055 3968 3203 4033 Υἰὸς,
3230 3970 3352 4040 ἥτις
3374 3968 3660 4040 εἰργάζετο

2084 4059 2153 4114 τὰ
2199 4059 2364 4132 ἔργα·
2400 4059 2542 4113 οὕτω
2585 4059 2641 4112 δὲ
2679 4061 2709 4113 ὁ
2748 4059 2956 4131 βλέπων
2987 4061 3080 4114 τὸν
3122 4060 3251 4114 Υίὸν
3287 4063 3389 4132 ὁρᾷ
3419 4061 3510 4115 τὸν
3541 4062 3660 4114 Πα-

2084 4153 2236 4225 τέρα·
2273 4154 2330 4206 ὲν
2357 4153 2465 4224 γὰρ
2502 4154 2566 4223 τῇ
2604 4151 2833 4224 πατρῴᾳ
2864 4152 3076 4223 θεότητί
3102 4154 3219 4206 ὲστι
3250 4153 3344 4207 καὶ
3375 4152 3660 4224 θεωρεῖται

2084 4247 2113 4297 6
2139 4245 2265 4308 Υἱός
2284 4262 2297 4274 ·
2327 4246 2422 4298 καὶ
2451 4245 2510 4298 16
2538 4246 2596 4298 ἐν
2623 4244 2770 4315 αὐτῷ
2811 4244 3075 4317 πατρικὸν
3122 4240 3257 4307 εἶδος
3292 4243 3561 4297 δείκνυσιν
3597 4244 3659 4294 ὲν

2083 4335 2231 4407 αὐτῷ
2261 4336 2369 4406 (11)
2400 4336 2490 4390 τὸν
2523 4335 2772 4406 Πατέρα·
2804 4337 2900 4389 καὶ
2937 4336 3108 4400 οὕτως
3140 4337 3286 4389 ἐστὶν
3318 4337 3346 4388 6
3376 4335 3565 4408 Πατὴρ
3598 4338 3659 4388 ὲν

2084 4426 2161 4496 τῷ
2188 4425 2321 4496 Υἱῷ.
2349 4426 2457 4478 Kal.
2489 4427 2522 4496 ἡ
2558 4427 2622 4479 ὲκ
2658 4423 2752 4477 τοῦ
2778 4426 2990 4498 Πατρὸς
3015 4426 3071 4479 δὲ
3102 4428 3159 4480 ἐν
3191 4426 3306 4496 Υίῷ
3339 4426 3536 4496 ἰδιότης
3563 4429 3662 4483 καὶ

2085 4519 2273 4590 θεότης
2301 4519 2540 4572 δείκνυσι
2558 4518 2649 4571 τὸν
2672 4518 2799 4572 Υἱὸν
2823 4520 2880 4572 ἐν
2908 4518 2986 4589 τῷ
3011 4520 3207 4590 Πατρὶ,
3230 4519 3325 4572 καὶ
3342 4519 3405 4573 16
3428 4522 3516 4574 ἀεὶ
3541 4512 3652 4585 με)

492 4631 536 4661 ⁸⁸
576 4629 771 4700 Philip.
805 4647 862 4695 ιι,
891 4629 944 4684 6.
1020 4630 1065 4662 "
1100 4629 1257 4685 Joan‘
1290 4646 1402 4696 xiv,
1441 4629 1527 4684 10.
1564 4630 1611 4663 ⁸³
1647 4630 1841 4701 Pliilip.
1876 4650 1938 4699 ιι,
1968 4634 1990 4688 Ε

2098 4635 2143 4667 ⁸⁸
2179 4634 2337 4689 Joan.
2371 4650 2482 4700 xiv,
2519 4632 2606 4687 10.
2685 4635 2731 4667 ⁸⁸
2772 4635 2818 4689 ll
2844 4633 2971 4689 Cor.
3008 4651 3063 4702 ν,
3101 4634 3187 4690 19.

497 4753 570 4824 (1)
612 4751 741 4822 Reg.
773 4761 825 4807 et
868 4752 1092 4874 Seium.
1144 4753 1303 4874 «612.
1331 4751 1522 4807 Castori
1556 4764 1610 4809 et
1633 4755 1784 4822 editi,
1820 4757 1978 4874 αὕτη.
2013 4764 2057 4818 ι)
2158 4756 2233 4828 (7)
2275 4757 2366 4812 Sic
2398 4755 2530 4826 Reg.
2565 4757 2618 4820 1,
2670 4755 2893 4827 Seguer.
2944 4767 2998 4811 et
3024 4756 3257 4826 Anglic..
3290 4759 3352 4806 ut
3396 4760 3450 4805 et
3490 4749 3656 4833 habet

497 4840 544 4874 ix
616 4823 746 4874 Best.
785 4825 808 4874 1
856 4834 909 4874 ιιι
964 4824 1175 4874 ‘egucr.
1211 4844 1251 4874 π
1283 4840 1517 4874 πεισται.
1556 4825 1805 4874 Damnsr-
1864 4830 1933 4874 ὲπ
1957 4857 1983 4868 -
2091 4827 2392 4874 Scrintnra-
2433 4827 2537 4874 Alii
2573 4837 2752 4874 autem
2782 4841 2829 4874 et
2864 4830 3013 4874 mliti-
3038 4829 3086 4874 ὁ-

421 4823 559 4878 mox
616 4823 746 4891 Reg.
785 4825 808 4875 1
856 4834 909 4877 et
953 4823 1175 4894 Segucr.
1211 4823 1517 4878 πέπεισται.
1556 4825 1805 4880 Βᾶιιιίιεν.
1864 4823 1983 4881 ὲπί-

423 4912 636 4948 σταται.
665 4894 857 4947 Czcteri
887 4905 940 4948 et
962 4897 1113 4959 editi,
1145 4893 1525 4947 πεπίστευκεν.

492 4967 566 5037 (2)
609 4965 699 5017 Sic
750 4980 908 5037 inss._
936 4965 1186 5020 Dainasc.
1215 4974 1293 5037 iet
1334 4967 1625 5037 concilium
1649 4966 1982 5037 _secundum

420 5033 720 5101 Nicianum,
751 5042 857 5087 act.
883 5033 937 5096 4,
975 5036 1063 5089 ubi
1096 5037 1179 5090 hic
1213 5036 1364 5090 locus
1383 5034 1827 5102 alfertur.f.Editio
1857 5054 1984 5093 vero

423 5105 687 5159 Commel.
718 5104 875 5157 τοῦτο
905 5107 1015 5159 καί.
1984 5108 1987 5111 ’

496 5176 570 5250 (5)
609 5176 822 5250 Concil.
846 5173 1347 5250 Niceen_._évopt“ov1a
1369 5179 1465 5250 τὴν
1486 5175 1687 5250 εἰκόνα.
1708 5174 1983 5250 Damasc.,

423 5244 630 5365 ἱδρῶντα
655 5246 753 5314 τὴν
778 5246 979 5331 εἰκόνα.
1017 5246 1134 5300 Mox
1170 5244 1388 5329 ψιλὴ.
1411 5244 1590 5304 Felck.
1634 5247 1659 5299 1
1704 5259 1757 5305 et
1787 5249 1981 5304 concil.

476 5329 648 5365 ιοιριι..
680 5315 775 5365 καὶ
808 5316 966 5365 παλιν
1000 5317 1089 5365 τὸν
1120 5318 1349 5365 όοωντα-

476 5316 648 5389 ιιςιειι2
680 5315 775 5367 καὶ
808 5316 966 5389 πάλιν
1000 5317 1093 5389 τὸν
1120 5318 1350 5389 ὁρῶντα.

498 5383 570 5461 (4.)
611 5382 854 5461 D_a1na5c.
888 5385 1030 5439 εἴποι
1070 5386 1133 5439 ἂν
1156 5382 1329 5461 τούτῳ
1360 5392 1393 5461 ὴ
1422 5388 1603 5455 εἰκὼν,
1632 5387 1742 5457 ἐγὼ
1768 5389 1861 5444 καὶ
1891 5387 1987 5458 βα-

432 5451 606 5523 σιλευς
619 5452 693 5523 ἓν
721 5454 773 5504 τί
807 5456 984 5523 ἐσμεν.

501 5520 575 5591 (5)
617 5519 937 5576 Damasc."0
984 5525 1091 5597 γὰρ
1144 5530 1483 5597 προσκυνῶν.
1520 5527 1645 5582 Mox
1687 5526 1821 5595 Reg.
1875 5528 1985 5582 iet

430 5588 653 5712 Signa.
707 5588 1007 5659 προσκυνεῖ
1030 5588 1123 5649 κάἰ
1154 5588 1264 5655 τόν.
1298 5598 1356 5654 In
1401 5598 1521 5655 aliis
1544 5608 1598 5653 et
1620 5588 1798 5664 editis:
1832 5598 1982 5654 deest

428 5675 540 5715 και.

449 5700 574 5800 "(6)
614 5729 861 5786 Damasc.
890 5731 952 5787 16
977 5729 1113 5801 εῐδος
1147 5736 1307 5790 αὐτοῦ
1338 5738 1506 5804 ἐστιν,
1537 5748 1653 5811 etc._

2091 4827 2392 4898 Scriptura.
2432 4827 2551 4898 Alii,
2573 4837 2752 4881 autem
2782 4841 2831 4881 et
2864 4830 3013 4891 editi,
3038 4829 3086 4881 6.

2140 4889 2235 5021 (8)
2276 4898 2485 4966 Anglic.
2512 4897 2648 4979 ὅλως
2705 4898 2836 4968 Reg.
2864 4898 2919 4961 2,
2946 4889 3037 4952 καὶ
3064 4900 3092 4949 6
3122 4892 3320 4976 Λόγος,
3339 4889 3470 4952 Θεὸς
3504 4891 3654 4944 ἐστιν

2085 4971 2114 5022 6
2191 4971 2286 5022 ἰός.
2321 4966 2499 5020 Felck.
2533 4969 2587 5022 ὃ.
2621 4970 2715 5021 καὶ
2743 4972 2771 5021 6
2800 4969 2968 5022 Λόγος
3000 4968 3145 5021 ἐστὶν
3173 4967 3200 5016 ό
3229 4963 3373 5022 T10;-

2160 4996 2286 5032 ιιυς.
2322 4996 2499 5020 Pctus.
2533 4996 2587 5030 υ,
2623 4996 2715 5021 aut
2743 4996 2771 5021 υ
2800 4996 2965 5037 nuit);
3000 4996 3144 5021 conv
3173 4996 3200 5016 υ
3238 4996 3254 5015 ι
3278 4996 3373 5023 ιν».

2160 5038 2233 5109 (9)
2277 5036 2752 5109 Reg._i,_Seguer.
2785 5038 3088 5109 Golilcraet
3110 5031 3291 5109 Fclck;
3323 5029 3650 5109 1,.είῖομεγ.

2086 5099 2190 5162 Alii
2217 5099 2275 5162 et
2304 5099 2453 5167 editi,
2477 5099 2626 5161 ἐῖπεῖ
2664 5107 2798 5166 lliid.
2839 5119 2958 5178 post
3008 5104 3204 5175 Πατρί,
3251 5099 3432 5156 Felck.
3468 5099 3656 5173 5,‘ad-_

2088 5179 2201 5251 dit,
2226 5178 2378 5251 καί-ό
2410 5178 2599 5251 Πατὴρ
2624 5180 2689 5251 ὲνΔ
2712 5179 2850 5249 ἐμοί.

2160 5249 2280 5324 (1θ)
2313 5247 2442 5324 Reg.
2480 5239 2618 5324 l,'e_t
2657 5239 2881 5324 Sx-gguer.
2910 5243 3313 5324 εἰργάζετο,,ςι
3338 5239 3654 5324 ρουξοκροει

2085 5314 2538 5419 ᾗτιςιὲἰργάζετο,
2578 5314 2771 5373 Οιιειεὶι
2802 5329 2856 5373 et
2904 5314 3056 5380 editi,
3107 5314 3394 5387 ἐργάζεται
3419 5320 3467 5364 et
3502 5314 3652 5375 ὅστις

2089 5391 2402 5459 ἐργάζεται.

2158 5459 2267 5529 (ll)
2311 5459 2401 5531 Sic
2425 5457 2556 5531 Reg.
2590 5457 2613 5510 1
2664 5466 2717 5514 et
2767 5457 2989 5531 Seguer.
3017 5456 3086 5507 At
3139 5454 3229 5507 alii
3280 5460 3334 5505 et
3362 5449 3513 5516 editi,
3538 5447 3652 5503 δεί-

2088 5545 2185 5581 κνυ
2194 5528 2275 5583 σιν
2307 5528 2502 5598 ἑαυτῷ.

2160 5599 2270 5668 (ιε)
2310 5587 2547 5652 Basilici
2579 5597 2812 5668 Anglic,
2833 5595 2938 5668 m1
2967 5593 3026 5668 16
3054 5588 3418 5668 dei,_etc.hAlii
3446 5597 3503 5643 et
3528 5587 3650 5668 edi-

2086 5658 2476 5733 tio‘Co'mmelq
2513 5671 2605 5722 καὶ
2630 5658 2733 5721 ἀὲί.
2770 5665 2969 5720 lbidem
2992 5665 3047 5719 in
3079 5663 3263 5719 codice
3291 5658 3515 5729 Seguer.
3550 5661 3655 5715 ab-

2087 5742 2317 5796 scissum
2350 5748 2432 5795 est
2465 5738 2651 5795 folium
2680 5739 2971 5799 integrum.
