3948 6236
371 375 468 428 533

1465 375 1721 431 ORATIO
1761 374 1823 430 ill
1862 373 2139 429 CONTRA
2181 374 2498 430 ARIANOS.

3511 378 3610 431 531

366 491 663 562 ἀδιαίρετον
697 491 862 547 αὐτοῦ
885 512 897 524 ·
941 497 1033 550 καὶ
1071 499 1099 550 6
1142 495 1351 549 ἀκούων
1391 495 1448 548 δὲ
1493 497 1586 549 καὶ
1622 496 1831 566 βλέπων
1862 494 1923 548 τὰ

2033 496 2131 550 dit.
2185 494 2450 562 Quocirca
2486 497 2580 566 qui
2627 498 2777 552 audit
2828 508 2882 553 et
2926 499 3071 554 vide:
3094 515 3180 563 ea,
3213 516 3336 570 quae
3363 500 3431 554 de
3453 498 3614 554 Patre

366 584 626 656 λεγόμενα
654 589 786 659 περὶ
811 588 903 640 τοῦ
935 590 1161 661 Πατρὸς,
1190 588 1364 642 ταῦτα
1394 589 1659 658 λεγόμενα
1686 587 1812 659 περὶ
1840 586 1934 639 τοῦ

369 675 513 741 Υίοῦ,
547 679 608 730 οὐ
644 680 785 733 κατὰ
814 680 973 752 χάριν
1003 682 1035 751 ἢ
1075 681 1307 754 μετοχὴν
1341 681 1701 750 ἐπιγενόμενα
1730 679 1840 747 (ίδ)
1867 680 1932 749 τῇ

365 770 517 840 οὐσίᾳ
547 771 735 834 αὐτοῦ,
785 772 897 825 ἀλλ’
930 774 1009 826 ὅτι
1053 773 1182 826 αὐτὸ
1218 774 1280 827 τὸ
1312 771 1451 827 εἶναι
1489 774 1582 826 τοῦ
1632 770 1761 824 Υίοῦ
1807 769 1934 822 ἴδιον

365 865 459 934 τῆς
490 866 769 936 πατρικῆς
796 866 978 930 οὐσίας
1007 867 1122 920 ὲστὶ
1149 867 1394 938 γέννημα
1415 906 1430 928 ,
1458 868 1639 936 νοήσει
1668 862 1846 926 καλῶς
1874 862 1935 914 τὸ

365 957 670 1027 εἰρημένον,
705 956 848 1010 καθὰ
885 962 1164 1028 προεῖπον,
1204 959 1351 1030 Ἐγὼ
1389 960 1458 1012 ἐν
1487 957 1566 1023 τῷ
1589 957 1794 1024 Πατρὶ,
1835 955 1932 1008 καὶ

366 1052 396 1101 ό
426 1049 631 1117 Πατὴρ
656 1050 726 1103 ἐν
750 1050 900 1120 ἐμοί·
931 1051 1044 1115 καὶ,
1062 1051 1202 1120 Ἐγὼ
1232 1051 1327 1104 καὶ
1352 1054 1384 1105 ὀ
1411 1049 1610 1118 Πατὴρ
1630 1049 1700 1102 ἓν
1725 1049 1930 1115 ἐσμεν.

368 1139 519 1192 Ἐστι
544 1141 655 1211 γὰρ
673 1143 700 1194 6
723 1141 870 1207 Υίὸς,
890 1135 999 1205 οἶος
1017 1145 1044 1194 6
1070 1143 1278 1214 Πατὴρ,
1303 1141 1378 1212 τῷ
1401 1143 1577 1195 πάντα
1612 1140 1679 1193 τὰ
1703 1140 1795 1193 τοῦ
1825 1141 1934 1193 Πα-

272 1272 276 1274 .
363 1229 488 1300 τρὸς
528 1229 705 1299 ἔχειν⁹
743 1231 825 1284 διὸ
867 1233 960 1285 καὶ
1012 1233 1149 1303 μετὰ
1178 1231 1270 1285 τοῦ
1319 1232 1531 1303 Πατρὸς
1581 1232 1930 1301 σημαίνεται.

363 1320 580 1392 Πατέρα
610 1323 718 1393 γὰρ
741 1322 840 1376 οὐκ
872 1324 936 1378 ἄν
955 1341 1037 1386 τις
1056 1324 1218 1388 είποι,
1243 1325 1316 1395 μὴ
1336 1325 1665 1393 ὑπάρχοντος
1686 1322 1834 1376 Υἱοῦ.
1877 1323 1934 1375 Ὀ

367 1412 543 1481 μέντοι
580 1413 807 1485 ποιητὴν
861 1414 1032 1484 λέγων
1059 1415 1150 1468 τὸν
1181 1415 1341 1478 Θεὸν,
1389 1416 1448 1469 οὐ
1481 1415 1697 1479 πάντως
1740 1415 1833 1468 καὶ
1864 1413 1934 1468 τὰ

362 1505 626 1575 γενόμενα
654 1505 764 1576 (id)
789 1506 967 1576 δηλοῖ·
1003 1506 1118 1559 ἐστι
1151 1506 1260 1578 γὰρ
1293 1508 1386 1561 καὶ
1415 1508 1519 1579 πρὸ
1547 1507 1658 1560 τῶν
1691 1507 1930 1578 ποιημά-

361 1615 465 1652 των
488 1601 718 1671 ποιητής
736 1618 750 1631 ο
775 1601 803 1652 6
827 1601 882 1653 δὲ
907 1600 1124 1672 Πατέρα
1152 1601 1323 1668 λέγων
1349 1601 1510 1664 εὐθὺς
1540 1599 1678 1672 μετὰ
1702 1599 1796 1654 τοῦ
1821 1602 1932 1654 Πα-

361 1691 483 1764 τρός
517 1692 630 1763 (15)
667 1693 917 1764 σημαίνει
950 1694 1045 1746 καὶ
1088 1694 1184 1763 τὴν
1217 1693 1310 1747 τοῦ
1345 1694 1474 1748 Υίοῦ
1523 1693 1776 1764 ὓπαρξιν.
1836 1691 1932 1746 Διὰ

360 1779 515 1832 τοῦτο
535 1782 630 1833 καὶ
657 1783 685 1834 6
708 1781 974 1835 πιστεύων
1007 1785 1086 1846 εἰς
1107 1783 1198 1836 τὸν
1218 1783 1343 1836 Υίὸν
1373 1786 1451 1847 είς
1474 1783 1564 1838 τὸν
1591 1785 1807 1857 Πατέρα
1837 1804 1928 1838 πι-

363 1869 537 1924 στεύει
560 1888 574 1901 ·
629 1875 707 1936 εἰς
738 1873 848 1943 γὰρ
875 1874 934 1926 τὸ
963 1873 1092 1928 ἴδιον
1115 1876 1216 1946 τῆς
1245 1875 1339 1928 τοῦ
1378 1877 1591 1948 Πατρδς
1619 1878 1806 1942 οὐσίας
1841 1894 1930 1930 πι-

363 1963 538 2016 στεύει
581 1963 726 2033 (16)·
771 1966 865 2018 καὶ
910 1965 1050 2019 οὕτω
1099 1968 1196 2037 μία
1229 1968 1375 2021 ἐστὶν
1410 1971 1442 2040 ἡ
1477 1969 1658 2032 πίστις
1711 1971 1791 2032 εἰς
1835 1970 1929 2022 ἕνα

359 2055 518 2108 Θεόνο
549 2058 645 2110 καὶ
671 2058 698 2109 6
723 2057 1040 2128 προσκυνῶν
1066 2058 1124 2111 δὲ
1157 2060 1250 2112 καί¹
1276 2060 1447 2130 τιμῶν
1472 2060 1563 2114 τὸν
1585 2061 1712 2114 Υίὸν
1737 2064 1792 2114 ὲν
1815 2061 1928 2131 Υίῷ

362 2150 656 2217 προσκυνεῖ
673 2147 764 2200 καὶ
787 2149 922 2218 τιμᾷ
947 2148 1037 2200 τὸν
1056 2149 1294 2218 Πατέρα.
1321 2149 1436 2204 Μία
1457 2151 1562 2220 γάρ
1589 2153 1735 2205 ἐστιν
1758 2153 1789 2222 ἡ
1813 2152 1927 2206 θεό-

355 2256 455 2308 της
475 2256 488 2270 ·
513 2239 608 2292 καὶ
629 2239 716 2292 διὰ
735 2239 892 2292 τοῦτο
914 2239 1012 2309 μία
1028 2239 1160 2311 τιμὴ
1182 2241 1274 2293 καὶ
1303 2240 1400 2312 μία
1423 2242 1538 2294 ἐστὶ
1560 2243 1928 2314 προσκύνησις

361 2332 392 2399 ἡ
426 2332 483 2383 ὲν
509 2328 627 2400 Υίῷ
657 2330 766 2400 (17)
797 2329 889 2382 καὶ
911 2329 976 2382 δι’
1011 2329 1173 2384 αὐτοῦ
1204 2333 1462 2403 γινομένη
1490 2333 1568 2404 τῷ
1600 2334 1773 2405 Πατρί
1795 2351 1808 2364 ·
1838 2337 1928 2387 καὶ

357 2425 386 2475 ὀ
410 2421 553 2474 οὕτω
583 2420 904 2493 προσκυνῶν
931 2423 1026 2475 ἕνα
1045 2422 1176 2476 Θεὸν
1206 2427 1532 2495 προσκυνεῖ·
1557 2419 1638 2488 εἷς
1664 2425 1773 2496 γὰρ
1796 2426 1927 2491 Θεός

357 2515 473 2568 ἐστι
491 2554 504 2578 ,
535 2515 629 2567 καὶ
652 2515 752 2568 οὐκ
777 2515 920 2569 ἔστιν
948 2515 1104 2580 ἄλλος
1130 2515 1268 2588 πλὴν
1293 2517 1477 2572 αὐτοῦ.
1514 2519 1642 2572 Ὅτε
1673 2519 1800 2589 γοῦν
1833 2522 1928 2591 μό-

358 2622 444 2669 νος
464 2605 682 2674 λέγεται
706 2609 733 2658 6
763 2607 951 2678 Πατὴρ
977 2607 1108 2672 Θεός
1127 2625 1142 2639 ·
1172 2610 1266 2662 καὶ
1297 2610 1378 2662 ὅτι
1408 2605 1488 2674 εἷς
1509 2611 1640 2674 Θεός
1667 2612 1800 2688 ἐστι,
1832 2613 1925 2666 καὶ

357 2697 438 2763 τὸ,
471 2696 620 2767 Ἐ’μῦ
643 2699 778 2764 ειμι,
813 2699 925 2762 καὶ,
953 2700 1127 2768 Πλὴν
1148 2701 1292 2770 ἐμοῦ
1321 2701 1432 2772 (18)
1453 2704 1564 2756 οὐκ
1587 2703 1720 2757 ἐστι
1746 2705 1889 2770 Θεός
1907 2720 1924 2736 °

358 2790 449 2843 καὶ
479 2791 562 2852 τὸ,
610 2789 750 2859 Ἐγὼ
784 2789 1031 2860 πρῶτος,
1063 2793 1161 2846 καὶ
1194 2794 1307 2863 ἐγὼ
1331 2796 1482 2864 μετὰ
1505 2797 1711 2861 ταῦτα,
1747 2797 1926 2861 καλῶς

357 2881 574 2948 λέγεται
597 2897 609 2910 ’
647 2875 725 2945 εἷς
763 2883 870 2953 γὰρ
898 2881 1031 2946 Θεὸς
1065 2885 1156 2936 καὶ
1184 2885 1340 2955 μόνος
1368 2887 1462 2939 καὶ
1497 2887 1712 2958 πρῶτός
1753 2889 1921 2942 ἐστιν.

355 2973 467 3024 Οὐκ
497 2974 580 3035 είς
618 2972 896 3042 ἀναίρεσιν
925 2973 980 3026 δὲ
1006 2972 1100 3026 τοῦ
1126 2974 1256 3027 Υίοῦ
1281 2975 1512 3044 λέγεται.
1559 2978 1650 3049 Μὴ
1683 2977 1920 3048 γένοιτοο

254 3063 257 3065 ’
357 3064 466 3116 ἐστι
493 3062 605 3134 γὰρ
633 3064 723 3116 καὶ
756 3064 913 3127 αὐτὸς
943 3065 999 3116 ὲν
1027 3063 1104 3134 τῷ
1134 3065 1241 3129 ἐνὶ,
1275 3067 1369 3120 καὶ
1391 3065 1610 3138 πρώτῳ,
1635 3070 1727 3122 καὶ
1759 3071 1921 3140 μόνῳ,

355 3154 428 3218 ὡς
442 3153 536 3207 τοῦ
555 3154 673 3217 ἑνὸς
688 3154 782 3206 καὶ
801 3155 958 3224 μόνου
977 3155 1070 3206 καὶ
1089 3154 1305 3224 πρώτου
1322 3158 1412 3210 καὶ
1431 3157 1589 3227 μόνος
1602 3159 1771 3227 Λόγος
1787 3160 1920 3229 (19),
1951 3175 1992 3232 C

353 3246 446 3300 καὶ
464 3244 646 3314 σοφία,
660 3248 754 3299 καὶ
772 3245 1111 3317 ἀπαύγασμα
1124 3244 1383 3302 ῶν.¹Έστι
1398 3250 1454 3303 δὲ
1471 3250 1564 3304 καὶ
1581 3251 1793 3323 πρῶτος
1810 3253 1920 3324 (20)

355 3339 444 3391 καὶ
472 3338 655 3401 αὐτὸς,
689 3337 958 3408 πλήρωμα
989 3337 1090 3409 τῆς
1124 3339 1218 3392 τοῦ
1249 3339 1462 3413 πρώτου
1498 3343 1592 3395 καὶ
1617 3341 1777 3413 μόνου
1806 3343 1921 3396 θεό-

353 3446 532 3498 τητος,
562 3429 684 3491 ὅλος
714 3429 806 3481 καὶ
831 3428 1040 3499 πλήρης
1069 3429 1142 3482 ὣν
1165 3429 1317 3493 Θεός.
1346 3431 1553 3484 Οὐκοῦν
1577 3433 1637 3484 οὐ
1665 3433 1730 3486 δι’
1758 3434 1919 3486 αὑτὸν

353 3523 596 3593 εἴρηται,
631 3520 744 3574 ἀλλ’
772 3522 851 3584 είς
876 3521 1151 3592 ἀναίρεσιν
1176 3521 1270 3576 τοῦ
1304 3523 1378 3593 μὴ
1409 3520 1547 3576 εἶναι
1579 3525 1781 3596 ἕτερον,
1808 3524 1920 3590 οἷός

354 3616 496 3667 ἐστιν
541 3614 571 3665 6
604 3613 794 3683 Πατὴρ
816 3654 831 3678 ,
861 3613 953 3666 καὶ
984 3616 1012 3666 6
1043 3614 1231 3667 τούτου
1269 3614 1440 3684 Λόγος
1461 3632 1474 3645 ·
1537 3617 1629 3670 καὶ
1671 3618 1785 3671 ἔστι
1822 3620 1920 3689 μὲν

351 3704 509 3767 αὐτὸς
549 3706 578 3756 ὁ
617 3703 741 3767 νοῦς
791 3703 903 3775 (21)
941 3705 1034 3757 τοῦ
1069 3707 1345 3777 προφήτου
1381 3708 1611 3778 φανερὸς
1653 3710 1748 3762 καὶ
1787 3713 1924 3763 πᾶσι

356 3796 634 3866 πρόδηλος.

421 3885 472 3942 7.
512 3884 733 3957 Ἐπειδὴ
773 3885 832 3938 δὲ
864 3889 911 3940 oi
943 3886 1158 3952 ἀσεϐεῖς
1185 3890 1280 3942 καὶ
1306 3889 1475 3944 ταῦτα
1505 3891 1762 3964 φέροντες
1793 3895 1919 3948 δυσ-

356 3975 592 4045 φημοῦσι
625 3977 721 4047 μὲν
749 3978 840 4031 τὸν
871 3979 1072 4050 Κύριον
1096 4018 1110 4043 ,
1140 3981 1456 4046 ὀνειδίζουσι
1487 3983 1544 4036 δὲ
1570 3987 1703 4054 ἡμῖν
1735 3985 1918 4054 λέγον-

351 4083 436 4130 τες
453 4083 468 4097 ·
514 4067 644 4122 Ἰδοὺ
669 4064 769 4131 εἷς,
796 4069 888 4122 καὶ
916 4071 1094 4140 μόνος,
1121 4073 1214 4125 καὶ
1240 4074 1452 4143 πρῶτος
1477 4073 1692 4143 λέγεται
1717 4079 1745 4130 6
1765 4078 1916 4141 Θεὸς,

353 4158 463 4221 πῶς
490 4160 649 4229 ὑμεῖς
683 4159 867 4229 λέγετε
924 4162 1014 4214 τὸν
1050 4162 1177 4216 Υἱδν
1205 4158 1346 4218 εἶναι
1373 4166 1504 4219 Θεόν
1540 4168 1686 4236 (‘22);
1713 4171 1774 4223 Εἰ
1809 4170 1916 4241 γὰρ

349 4244 416 4320 ἦν
442 4250 576 4315 Θεὸς
597 4291 614 4315 ,
639 4252 740 4304 οὐκ
773 4251 839 4305 ἂν
865 4252 1046 4321 ἔλεγεν
1069 4297 1083 4319 ,
1133 4255 1270 4323 Ἐγὼ
1309 4259 1527 4324 μόνος,
1557 4260 1675 4313 οὐδὲ
1714 4261 1796 4315 ὅτι
1828 4257 1915 4328 εἷς

351 4336 516 4388 ἐστιν
547 4341 581 4389 ὀ
615 4340 784 4404 Θεός·
821 4340 1115 4408 ἀναγκαῖον
1156 4343 1247 4396 τὸν
1282 4344 1404 4398 νοῦν
1449 4349 1541 4399 καὶ
1572 4349 1774 4403 τούτων
1803 4351 1915 4423 (25)

421 4446 666 4501 ".Joan.
701 4466 813 4512 xw,
849 4451 936 4506 10.
1035 4452 1078 4482 ⁸⁷
1116 4451 1272 4509 Joan.
1308 4472 1362 4516 χ,
1390 4457 1476 4510 50.

355 4531 520 4584 xxxn,
547 4518 619 4571 59
725 4521 767 4552 "
783 4519 935 4574 Deut.
974 4537 1046 4584 vi,
1079 4522 1132 4576 4.

1581 4460 1626 4491 ⁸⁸
1664 4460 1836 4516 Exod.
1871 4477 1956 4529 Ill,
1989 4462 2076 4518 M.

2035 588 2311 652 dicuntur,
2338 588 2404 642 de
2441 585 2579 642 Filio
2620 603 2838 660 quoque
2868 589 2996 654 dici,
3035 605 3144 644 non
3187 591 3335 660 quod
3362 591 3477 646 haec
3519 606 3614 660 per

2035 681 2262 750 gratiam
2289 679 2408 749 ejus
2446 679 2694 736 accidant
2726 691 2955 748 natura,
2985 691 3080 736 aut
3118 691 3389 752 quatenus
3413 680 3486 737 sit
3514 681 3608 734 ho-

2036 785 2156 827 rum
2182 772 2470 842 particeps,
2503 773 2598 827 sed
2629 773 2756 842 quia
2779 774 2882 828 hoc
2910 773 3028 843 ipso
3079 773 3224 842 quod
3269 781 3354 828 est
3420 772 3610 834 Filius,

2033 865 2286 933 proprius
2307 874 2389 920 est
2422 877 2626 920 naturae
2657 866 2834 921 Patris
2867 865 3044 920 fetus:
3075 864 3184 929 ille,
3217 865 3408 934 procul
3439 864 3608 918 dubio

2034 956 2257 1024 optime,
2303 965 2362 1011 ut
2403 957 2518 1027 jam
2556 957 2690 1021 dixi,
2727 959 2841 1013 haec
2877 958 3043 1012 verba
3080 957 3364 1025 intelliget,
3399 955 3513 1025 Ego
3553 957 3609 1008 in

2033 1045 2195 1099 Patre
2221 1057 2267 1100 et
2301 1045 2463 1101 Pater
2502 1049 2555 1101 in
2582 1065 2662 1101 me
2686 1057 2762 1102 εει
2813 1048 2858 1079 ⁸⁸
2880 1063 2896 1113 ;
2922 1057 2994 1113 ct,
3027 1047 3138 1118 Ego
3169 1057 3217 1101 et
3246 1046 3410 1101 Pater
3447 1062 3608 1100 unum

2033 1151 2212 1188 sumus
2233 1136 2298 1189 ⁸⁷.
2328 1134 2473 1191 Talis
2503 1136 2771 1207 siquidem
2811 1146 2894 1192 est
2919 1137 3088 1191 Filius
3123 1136 3302 1207 qualis
3331 1135 3509 1199 Pater,
3543 1150 3610 1188 eo

2033 1225 2179 1295 quod
2199 1223 2362 1296 uo
2387 1227 2570 1280 omnia
2596 1227 2797 1281 habent
2821 1243 2945 1297 quae
2972 1226 3152 1282 Patris
3185 1237 3350 1282 sunt:
3387 1243 3498 1296 quo
3550 1225 3605 1280 iit

2035 1324 2168 1370 utet
2206 1318 2322 1386 ipse
2355 1333 2462 1372 una
2495 1333 2618 1372 cum
2661 1316 2821 1373 Patre
2856 1319 3211 1389 signiﬁcetur.
3245 1317 3416 1374 Nemo
3458 1319 3600 1373 enim

2033 1405 2245 1460 Patrem
2289 1409 2659 1477 appellaverit,
2693 1410 2799 1464 nisi
2844 1410 3072 1465 exsistat
3094 1409 3288 1466 Filius.
3336 1408 3446 1465 Nec
3477 1423 3604 1465 vero

2032 1499 2125 1568 qui
2164 1498 2331 1555 Deum
2370 1499 2678 1556 eﬂ‘ectorem
2723 1502 2874 1568 dicit,
2907 1503 3112 1558 idcirco
3142 1518 3229 1558 res
3263 1502 3482 1558 eﬂ‘eclas
3508 1519 3582 1557 ne

2031 1593 2268 1646 cessario
2310 1594 2610 1665 signiﬁcat;
2640 1595 2908 1664 siquidem
2952 1595 3130 1665 opifex
3168 1599 3331 1650 etiam
3369 1605 3452 1651 est
3479 1603 3606 1651 ante

2031 1698 2215 1753 opera.
2255 1682 2360 1740 Sed
2382 1687 2476 1756 qui
2501 1685 2719 1742 Patrem
2750 1687 2884 1742 dicit
2911 1689 3138 1743 omnino
3167 1703 3290 1742 cum
3315 1688 3475 1742 Patre
3513 1686 3604 1741 Fio

2038 1770 2170 1826 lium
2193 1790 2411 1845 quoque
2435 1777 2697 1832 exsistere
2728 1776 3014 1848 signiﬁcat.
3049 1776 3203 1833 Unde
3224 1779 3313 1847 qui
3345 1779 3516 1832 credit
3547 1779 3602 1833 in

2032 1857 2248 1924 Filium,
2281 1859 2336 1913 in
2360 1856 2573 1916 Patrem
2614 1861 2806 1925 credit,
2833 1862 3030 1932 quippe
3049 1863 3142 1932 qui
3168 1862 3223 1916 in
3248 1877 3374 1916 eum
3395 1863 3602 1924 credat.

2030 1949 2120 2019 qui
2149 1949 2400 2019 proprius
2428 1959 2511 2004 est
2533 1959 2740 2006 naturae
2762 1949 2972 2006 Patris:
2996 1962 3163 2022 atque
3189 1953 3292 2006 hoc
3320 1961 3474 2021 pacto
3496 1966 3602 2006 una

2029 2043 2112 2088 est
2130 2032 2262 2088 ﬁdes
2284 2034 2338 2088 in
2360 2049 2526 2088 unum
2555 2034 2724 2089 Deum
2748 2054 2761 2090 :
2791 2045 2841 2090 et
2865 2036 2956 2092 ille
2983 2051 3112 2090 vero
3133 2037 3224 2106 qui
3252 2035 3448 2091 Filium
3473 2037 3602 2090 ado-

2029 2132 2115 2177 rat
2138 2131 2190 2176 et
2225 2123 2479 2187 honorat,
2501 2125 2572 2191 ,in
2616 2123 2756 2178 Filio
2800 2127 2992 2180 adorat
3022 2133 3076 2180 et
3097 2127 3330 2181 honorat
3359 2125 3599 2184 Patrem.

2029 2214 2158 2282 quia
2191 2228 2299 2267 una
2335 2221 2419 2267 est
2441 2214 2726 2268 amborum
2754 2213 3028 2268 divinitas.
3049 2213 3166 2280 Qua
3181 2213 3248 2267 de
3264 2228 3430 2268 causa
3460 2228 3602 2265 unus
3674 2230 3676 2233 ·

2027 2312 2109 2356 est
2140 2302 2333 2365 honor,
2365 2316 2582 2372 unaque
2629 2302 2896 2363 adoratio.
2935 2318 3044 2373 qua
3091 2301 3251 2357 Pater
3283 2302 3336 2356 in
3375 2300 3514 2355 Filio
3549 2311 3603 2356 et

2027 2408 2122 2462 per
2160 2391 2355 2447 Filium
2398 2391 2611 2460 colitur,
2650 2402 2704 2448 et
2736 2394 2830 2464 qui
2869 2394 2943 2449 ita
2978 2394 3190 2458 adorat,
3225 2409 3394 2448 unum
3431 2393 3598 2448 Deum

2030 2486 2240 2551 adorat,
2271 2485 2398 2555 quia
2447 2501 2592 2542 unus
2633 2495 2716 2541 est
2760 2487 2922 2552 Deus,
2949 2501 3049 2543 nec
3097 2487 3239 2543 alius
3276 2495 3361 2542 est
3406 2494 3602 2556 praeter

2026 2590 2171 2630 eum.
2198 2575 2337 2630 Cum
2365 2591 2495 2648 ergo
2522 2576 2672 2633 solus
2702 2576 2861 2634 Pater
2881 2578 3078 2632 dicitur
3100 2576 3279 2632 Deus:
3311 2592 3437 2632 cum
3463 2577 3590 2630 item

2025 2668 2225 2723 dicitur
2249 2685 2390 2726 unus
2409 2685 2529 2725 esse
2544 2669 2706 2736 Deus,
2727 2679 2800 2737 et,
2826 2669 2936 2740 Ego
2962 2686 3080 2724 sum
3096 2669 3174 2737 Ml;
3201 2677 3274 2735 et,
3297 2666 3499 2723 Ρνωιεν
3522 2683 3602 2722 me

2027 2774 2128 2810 non
2159 2767 2235 2812 est
2260 2757 2398 2812 Deus
2430 2760 2508 2825 ";
2541 2769 2616 2824 et,
2649 2759 2760 2830 Ego
2786 2761 3008 2828 primus,
3038 2771 3086 2811 ει
3114 2775 3209 2829 ego
3245 2759 3492 2827 post/uec
3509 2757 3594 2811 l"’:

2027 2851 2170 2916 haec,
2212 2851 2457 2921 inquam,
2493 2854 2676 2907 omnia
2718 2861 2866 2907 recte
2900 2853 3181 2916 dicuntur,
3210 2852 3337 2921 quia
3366 2865 3508 2904 unus
3539 2858 3594 2904 et

2025 2943 2176 2997 solus
2199 2951 2254 2998 et
2273 2944 2483 3014 primus
2508 2953 2592 3000 est
2624 2943 2787 2999 Deus.
2822 2944 2931 3000 Nec
2966 2959 3095 3000 vero
3127 2943 3440 3014 hujusmoji
3465 2958 3589 2997 ver-

2027 3035 2109 3090 bis
2145 3036 2449 3092 excluditur
2485 3036 2675 3092 Filius.
2703 3038 2878 3093 Absit.
2911 3039 3033 3107 ipse
3080 3036 3224 3091 enim
3255 3044 3339 3090 est
3367 3037 3424 3089 in
3457 3048 3588 3097 uno,

2024 3127 2204 3198 primo
2237 3138 2292 3183 et
2310 3129 2460 3195 solo,
2491 3138 2748 3201 tanquam
2783 3130 2969 3195 unius,
2999 3129 3170 3184 solius
3206 3137 3262 3183 et
3299 3126 3461 3198 primi
3495 3142 3594 3181 so-

2026 3219 2138 3274 lum
2167 3219 2296 3275 item
2326 3218 2584 3287 Verbum,
2613 3223 2878 3291 sapientia
2910 3234 2964 3277 et
2996 3221 3271 3292 splendor.
3305 3219 3422 3291 Ipse
3461 3220 3589 3274 item

2025 3313 2237 3382 primus
2277 3322 2399 3379 est,
2443 3314 2642 3384 quippe
2671 3315 2763 3384 qui
2795 3314 3093 3369 divinitatis
3132 3315 3292 3384 primi
3325 3322 3380 3368 et
3421 3313 3593 3368 solius

2026 3405 2304 3474 plenitudo
2337 3406 2428 3470 sit,
2460 3415 2714 3477 totusque
2744 3417 2796 3462 et
2815 3409 3012 3478 plenus
3061 3407 3223 3462 Deus.
3265 3406 3451 3476 Itaque
3484 3421 3594 3459 non

2026 3497 2143 3566 ejus
2172 3513 2335 3552 causa
2371 3498 2458 3551 illa
2481 3498 2624 3552 dicta
2652 3509 2798 3563 sunt,
2841 3499 2933 3554 sed
2969 3499 3035 3552 ad
3069 3498 3452 3552 declarandum
3486 3509 3594 3551 non

2025 3604 2145 3643 esse
2169 3589 2334 3643 alium
2360 3589 2536 3660 qualis
2578 3599 2661 3644 est
2689 3590 2850 3644 Pater
2887 3590 3113 3659 ejusque
3143 3588 3415 3643 Verbum:
3445 3603 3597 3642 eam-

2026 3695 2132 3749 que
2163 3681 2440 3751 prophetze
2469 3691 2704 3737 mentem
2736 3696 2855 3736 csse
2897 3681 3104 3736 clarum
3136 3679 3593 3748 manifestumque

2026 3779 2108 3826 est
2142 3771 2210 3825 ab
2239 3773 2514 3827 omnibus.

2096 3887 2146 3940 7.
2181 3887 2382 3942 Verum
2406 3885 2844 3957 quandoquidem
2876 3887 3027 3958 impii
3060 3887 3178 3942 haec
3199 3887 3594 3944 circumferen-

2021 3989 2126 4046 tes,
2158 3979 2320 4050 impie
2347 3979 2415 4033 de
2465 3979 2692 4032 Domino
2739 3978 3054 4047 loquuntur,
3083 3978 3350 4049 nobisque
3394 3979 3592 4047 hujus-

2021 4072 2171 4129 modi
2200 4071 2376 4126 verbis
2402 4071 2708 4124 obtrectant
2735 4087 2746 4122 :
2783 4067 2921 4123 Ecce
2955 4082 3097 4124 unus
3125 4078 3179 4124 et
3205 4070 3356 4124 solus
3393 4077 3447 4125 et
3479 4071 3593 4140 pri-

2021 4181 2146 4220 mus
2190 4165 2390 4219 dicitur
2432 4161 2596 4223 Deus,
2627 4175 2797 4230 quare
2847 4175 2977 4230 ergo
3027 4175 3128 4216 vos
3180 4159 3376 4216 Filium
3421 4161 3592 4217 Deum

2022 4271 2239 4327 quoque
2270 4270 2391 4310 esse
2432 4254 2803 4310 contenditis?
2835 4253 2880 4307 si
2924 4253 3069 4307 enim
3103 4261 3248 4308 esset
3287 4253 3448 4318 Deus,
3481 4270 3590 4310 non

2023 4349 2246 4411 diceret,
2276 4347 2388 4417 Ego
2408 4347 2550 4400 solus
2574 4347 2642 4413 ⁸¹,
2676 4361 2850 4416 neque
2881 4346 3048 4415 quod,
3081 4361 3217 4400 unus
3245 4354 3325 4399 est
3354 4344 3490 4400 Deus
3504 4347 3548 4378 ⁸³
3573 4365 3587 4399 :

2174 4463 2217 4494 ⁵ο
2258 4462 2412 4517 Deut.
2446 4478 2621 4528 xxx",
2663 4461 2751 4516 59.
2857 4461 2903 4492 "
2945 4458 3049 4514 lsa.
3084 4477 3172 4524 η,
3209 4459 3264 4514 6.
3343 4459 3389 4491 ⁸⁸
3429 4458 3585 4514 Deut.

427 4631 532 4724 115)
572 4635 705 4724 Reg.
731 4636 785 4724 1,
808 4637 1184 4724 ξπιγενόμενα.
1207 4638 1378 4724 Editil.‘
1398 4640 1911 4724 érri7iv695v‘1.‘liiqx
1944 4645 1987 4698 D
2015 4645 2180 4724 verro}
2209 4644 2336 4724 ἐστι
2350 4644 2408 4724 σε
2430 4645 2533 4724 ’καὶ
2562 4643 2721 4724 αὐτὸς
2749 4645 2807 4696 ὲν
2835 4643 2914 4724 τῶ
2934 4644 3013 4697 ἐνὶ
3043 4647 3136 4724 καὶ
3161 4647 3306 4724 μόνῳ
3326 4649 3417 4724 καί
3441 4654 3590 4724 πρώ-

358 4703 756 4768 ιηεεηαύτδτὺ
788 4703 948 4761 εἶναι.
981 4703 1158 4763 Eiliiio
1193 4724 1320 4763 vero
1334 4703 1628 4774 Commel.,
1661 4712 1792 4764 αὐτὸ
1831 4708 1910 4764 εἷ-

356 4786 770 4918 Ϊαδιλξίεείυε
790 4845 1018 4918 primus,
1045 4845 1136 4918 τὰν
1158 4847 1446 4918 λεγόμενα,
1476 4858 1535 4904 ut
1575 4859 1629 4902 et
1671 4849 1915 4905 Nannius

354 4907 632 4984 legitifAlji
653 4907 722 4967 ἐι
745 4914 896 4984 editi,
921 4918 989 4969 τὰ
1004 4907 1298 4984 ’γενόμεναξ

449 4981 531 5053 15)
572 4980 706 5052 Reg.
744 4983 798 5048 1,
831 4985 971 5056 μετὰ
1005 4980 1098 5038 τοῦ
1126 4980 1356 5059 Πατρός.
1410 4988 1571 5053 Editi,
1621 4990 1757 5060 μετᾶ
1799 4991 1914 5043 [Ια-

567 5119 696 5176 Haec
739 5125 923 5203 verba,
959 5126 1038 5188 είς
1067 5125 1269 5203 γὰρτὸ-
1289 5127 1415 5203 ίδιον
1445 5129 1547 5203 ei;
1568 5128 1662 5203 τοῦ
1696 5129 1908 5203 Πατρδς

352 5191 538 5254 οὐσίας
567 5191 829 5258 πιστεύει,
859 5200 1057 5249 desunt
1080 5191 1155 5248 Vin'
1176 5195 1462 5252 Gobler.ct
1493 5191 1676 5253 Felck.
1716 5201 1767 5254 1.

423 5261 545 5382 (UA
570 5261 702 5329 Reg.
741 5263 794 5323 1,
823 5267 855 5334 ἡ
887 5267 944 5317 ἐν
972 5265 1106 5334 Υίῷ.
1147 5265 1285 5320 Editi
1333 5270 1366 5337 ἡ
1415 5271 1691 5322 omittunt.
1743 5269 1911 5324 Paulo

424 5339 471 5382 ει
550 5348 632 5382 ΘΕ.
664 5333 854 5382 1.”οτε
876 5335 1187 5382 νοῦνῗιιὸνοε
1207 5336 1437 5382 λέγεται
1476 5338 1769 5382 ΙιῖιΙίιίῙῚΊτε
1784 5340 1910 5382 γοῦν

350 5339 471 5395 post
501 5333 632 5400 Reg.
664 5333 854 5391 ποτε
876 5333 1187 5404 γοῦνξμὸνος
1207 5333 1440 5404 λέγεται.
1472 5338 1769 5403 Ειιίιί,”οτε
1784 5340 1910 5409 γοῦν

351 5399 444 5450 καὶ
480 5401 652 5455 μόνος.
679 5412 785 5455 etc.

351 5416 444 5450 και
481 5418 490 5438 ι
545 5419 652 5464 νος,
679 5416 785 5455 etc.

352 5536 393 5552 Β
569 5470 712 5552 Reg.
735 5475 787 5536 l,
820 5472 1357 5552 Q-obleriaquelck.
1385 5478 1547 5552 1-,καὶ
1578 5479 1717 5552 πλὴν
1751 5481 1904 5552 ἐμοῦ.

351 5536 919 5616 ξίιιιὶίὶιαξιξτὸηπλῂν
966 5544 1119 5616 tum}.
1143 5536 1358 5616 ibidem
1411 5548 1539 5616 Reg.
1570 5550 1618 5610 1,
1649 5536 1748 5604 οῗῦκ
1782 5536 1907 5604 ’ἐστι

345 5606 496 5690 Θεός.
527 5609 692 5695 ῌιΙὶιὶ,
720 5612 824 5702 ρῦκ
850 5606 1168 5702 ξστινξᾴλλος
1189 5606 1729 5702 Θεόςλιιςῐηῗιῖεςᾼ,
1751 5621 1904 5699 ibid,

349 5681 442 5729 mi.
468 5681 575 5755 ἐγὼ
607 5681 746 5760 μετὰ
774 5681 965 5736 ταῦτα.
1000 5683 1162 5751 Ετιίιὶ,
1184 5685 1274 5736 καὶ
1301 5687 1379 5751 τὸ,
1411 5687 1518 5755 ἐγὼ
1546 5681 1686 5768 μετὰ
1715 5681 1904 5746 ταῦτα,

421 5745 527 5812 (l9)
569 5749 660 5805 Sic
695 5750 827 5817 Reg.
857 5752 908 5805 1.
941 5753 1008 5806 At
1037 5752 1165 5822 Reg.
1201 5755 1254 5814 Ξ,
1287 5756 1431 5825 λέγει
1471 5775 1639 5812 ταυτα
1666 5775 1676 5790 α
1714 5761 1786 5830 μὴ
1817 5761 1897 5827 γὲ-

2015 4731 2111 4784 τῳ,
2143 4714 2345 4790 εἷρςμτοῆ
2369 4715 2485 4790 ένὸς
2515 4717 2608 4790 κα).
2639 4715 2801 4790 μόνου
2831 4716 2926 4790 κα).
2955 4714 3171 4790 πρώτου
3205 4714 3365 4790 μόνος
3393 4714 3581 4790 Λόγος,

2015 4783 2118 4838 etc.
2146 4783 2308 4863 Editi,
2332 4784 2478 4863 λέγει
2506 4785 2678 4863 ταύτᾳ.
2695 4801 2708 4812 ·
2745 4785 2818 4863 μὴ
2849 4783 3057 4863 γένοιτο
3073 4788 3092 4863 !_
3116 4783 3307 4863 ἔστιδὲ
3330 4790 3422 4863 καί
3443 4783 3584 4863 πρῶ-

2013 4870 2104 4928 τος
2152 4854 2313 4928 αὑςδς
2359 4858 2418 4928 ἐγ
2463 4855 2542 4924 τῷ
2585 4855 2666 4928 ἐνὶ
2701 4854 2815 4928 τιατ
2837 4855 2981 4928 μόνῳ
3010 4859 3104 4910 καὶ
3135 4857 3352 4928 πρώτῳ,
3382 4860 3459 4924 ὡς
3487 4854 3580 4915 τοῦ

2015 4924 2131 4988 ἐνὸς
2153 4926 2276 4996 καὶ
2287 4925 2501 4996 πρώτου
2532 4927 2624 4977 καὶ
2657 4925 2819 4996 μόνου
2853 4924 3010 4994 μόνος
3039 4924 3225 4994 Λόγος.

2087 4992 2416 5067 (20)_Feli:k.
2445 4996 2480 5049 2
2507 5004 2562 5049 et
2607 4992 2922 5067 editi,:Es'..jt
2965 4998 3059 5049 καὶ
3109 4992 3340 5067 πρῶτος.
3388 4997 3578 5053 (ἔκιετὶ

2017 5064 2306 5138 ῐηδξηὲστι
2321 5064 2378 5138 δὲ
2392 5067 2486 5138 καὶ
2515 5064 2756 5138 πρῶτος..
2771 5063 2939 5138 Paulo
2955 5075 3078 5138 ροσε
3101 5063 3335 5138 Anglic,
3357 5067 3575 5138 Gobler.

2014 5133 2280 5208 et‘Felck.
2313 5137 2365 5201 1,
2394 5136 2541 5208 ὅλως
2560 5133 2662 5189 ’καὶ
2704 5135 2935 5204 πλήρης.
2958 5133 3244 5208 δὶεειὶεηι
3275 5137 3326 5190 in
3361 5137 3490 5208 Reg.
3526 5141 3576 5201 1.

2017 5205 2189 5270 prima
2231 5222 2395 5260 manu
2441 5207 2701 5275 scriptum
2743 5215 2880 5265 erat,
2909 5207 3001 5259 sed
3033 5206 3199 5258 altera
3231 5205 3579 5276 emendatum

2011 5283 2114 5326 csl.

2088 5343 2198 5412 (21)
2226 5344 2329 5412 ﬁSic
2354 5343 2482 5411 Reg.
2523 5345 2570 5404 1.
2605 5344 2913 5400 Goblerian.
2943 5353 2996 5398 et
3022 5345 3201 5399 Felck.
3226 5346 3277 5400 1.
3309 5347 3378 5401 At
3403 5347 3492 5402 alii
3523 5358 3578 5404 et

2012 5415 2112 5466 edi:
2127 5416 2160 5474 i,
2183 5411 2342 5477 οὗτος
2369 5417 2397 5467 ὁ
2429 5415 2570 5477 νοῦς.

2086 5485 2195 5552 (‘29.)
2238 5484 2368 5554 Reg.
2399 5486 2450 5544 1,
2483 5486 2572 5536 τὸν
2602 5483 2849 5554 Χριστόν.

2090 5555 2200 5622 (25)
2243 5553 2372 5616 Reg.
2410 5557 2458 5614 1,
2489 5555 2578 5606 τὸν
2629 5552 2750 5605 νοῦν
2799 5552 2892 5605 καὶ
2921 5553 3142 5606 τούτων.
3175 5554 3486 5612 Goblerian.
3521 5567 3576 5610 et

2011 5622 2190 5676 Fv'ck.
2223 5626 2274 5681 1.
2305 5624 2392 5674 τὸν
2421 5622 2544 5692 νοῦν
2572 5623 2666 5675 καὶ
2696 5624 2820 5692 περὶ
2849 5623 3069 5676 τούτων.
3102 5623 3260 5689 Editi,
3282 5625 3461 5679 τοίνυν
3481 5623 3582 5682 καὶ

2013 5694 2137 5745 περὶ
2167 5693 2387 5745 τούτων.
2430 5691 2628 5747 Ibidem
2663 5687 2790 5760 Regi
2833 5694 2880 5758 1,
2913 5693 2986 5757 ὼς
3013 5687 3255 5761 δυνατὸν,
3286 5697 3472 5751 εἰπεῖν.
