3948 6236
317 356 412 410 557

1421 353 1687 410 ORATIO
1725 353 1790 408 Ill
1831 353 2108 409 CONTRA
2147 353 2450 411 ARIANOS

3454 362 3558 418 338

315 475 401 528 τοί
426 472 601 542 φωτός
620 471 731 542 (53)
748 489 760 501 ’
787 473 815 524 6
837 471 894 524 δὲ
909 472 1058 541 ἦλιος
1073 469 1228 522 τοῦτο
1247 468 1458 540 βλέπων
1477 471 1524 522 εἰ
1540 469 1687 537 λέγοι
1701 485 1715 502 ο
1752 467 1889 538 Ἐγὼ

2000 467 2137 523 solus
2163 484 2282 523 sum
2309 468 2399 522 lux
2425 469 2551 532 diei,
2573 484 2672 524 nec
2690 479 2774 525 est
2793 472 2895 526 alia
2920 474 3008 528 lux
3039 487 3230 543 praeter
3245 493 3330 532 me
3355 498 3367 544 ;
3397 496 3557 536 nemo

318 566 469 635 μόνος
500 562 615 632 εἰμὶ
642 563 704 615 τὸ
737 561 849 631 φῶς
898 563 993 631 τῆς
1033 562 1244 632 ἡμέρας
1268 603 1283 627 ,
1325 562 1414 614 καὶ
1448 561 1545 614 ούκ
1577 560 1720 614 ἐστιν
1755 561 1882 615 ἄλλο

317 658 424 726 φῶς
447 657 549 726 τῆς
571 655 783 728 ἡμέρας
817 655 950 726 πλὴν
975 655 1106 725 ὲμοῦ
1124 673 1136 686 ·
1161 655 1221 709 οὐ
1245 655 1380 724 πρὸς
1405 654 1467 706 τὸ
1492 653 1682 708 ἑαυτοῦ
1707 653 1882 708 ἀπαύ-

316 765 499 820 γασμα
532 747 744 819 βλέπων
781 746 951 801 ταῦτα
980 746 1126 815 λέγει
1146 785 1160 806 ,
1194 744 1328 799 ἀλλὰ
1357 744 1494 817 πρὸς
1529 744 1627 816 τὴν
1675 743 1880 816 πλάνην

313 840 398 894 διὰ
421 841 522 910 τὴν
542 840 726 892 εἰκόνα
742 837 833 891 τοῦ
855 837 1010 904 ξύλου
1032 838 1123 890 καὶ
1144 837 1501 908 ἀνομοιότητα
1526 835 1624 906 τῆς
1650 837 1882 906 ματαίας

317 930 644 1001 φαντασίας·
677 928 847 992 οὕτως
879 929 996 980 ἐστὶ
1017 930 1110 981 καὶ
1136 929 1216 992 τὸ,
1254 926 1394 996 Ἐγώ
1418 929 1556 991 ειμι,
1590 927 1702 992 καὶ,
1738 925 1884 996 Ἐγὼ

311 1025 494 1093 μόνος
511 1022 622 1092 (31)
642 1021 805 1087 Θεὸς,
833 1023 946 1084 καὶ,
971 1023 1090 1074 Οὐκ
1114 1019 1285 1073 ἐστιν
1304 1019 1494 1085 ἄλλος
1516 1021 1598 1072 πλ
1609 1018 1682 1086 ὴν
1705 1017 1850 1088 ἐμοῦ
1867 1036 1880 1050 ·

316 1116 399 1167 ἴνα
423 1114 532 1168 τῶν
559 1111 926 1184 ψευδωνύμων
958 1113 1243 1184 ἀποστήσῃ
1271 1111 1395 1175 τοὺς
1421 1109 1517 1164 ἀνθ
1529 1109 1762 1180 ρώπους,
1792 1111 1885 1164 καὶ

320 1205 558 1274 μάθωσιν
599 1205 760 1258 αὑτὸν
795 1203 977 1256 λοιπὸν
1019 1202 1110 1255 τὸν
1157 1201 1406 1273 ἀληθινὸν
1448 1202 1598 1255 Θεόν.
1671 1201 1884 1272 Ἀμέλει

316 1295 482 1348 ταῦτα
513 1295 688 1363 λέγων
718 1295 746 1346 6
772 1294 901 1357 Θεὸς
933 1293 1018 1347 διὰ
1043 1291 1136 1346 τοῦ
1169 1293 1342 1362 Λόγου
1369 1292 1560 1346 ἑαυτοῦ
1594 1291 1776 1361 ἔλεγεν
1795 1309 1807 1321 ·
1837 1294 1885 1346 εἰ

321 1384 390 1453 μὴ
419 1384 529 1456 ἄρα
551 1383 825 1437 καὶτοῦτο
855 1380 1164 1453 πῳσθῶσιν
1191 1383 1237 1434 οἰ
1265 1379 1360 1434 νῦν
1404 1379 1673 1443 Ἰουδαῖοι,
1705 1380 1784 1432 ότι
1811 1377 1886 1449 μὴ

317 1473 398 1528 διὰ
427 1473 522 1527 τοῦ
553 1474 726 1542 Λόγου
759 1473 931 1526 ταῦτα
954 1471 1278 1544 λελάληκεν*
1312 1471 1424 1526 ἀλλ’
1449 1471 1618 1534 οὕτως
1650 1471 1883 1543 εἴρηται,

319 1566 417 1620 κᾶν
448 1567 749 1636 μαίνωνται
772 1567 820 1618 οἱ
839 1565 1151 1619 διαϐολικοί.
1183 1563 1425 1633 Ἐγένετο
1445 1563 1554 1636 γὰρ
1580 1563 1748 1632 Λόγος
1771 1564 1884 1633 ('55)

319 1657 519 1728 Κυρίου
549 1657 685 1727 πρὸς
721 1657 812 1710 τὸν
841 1657 1127 1729 προφήτην
1146 1696 1162 1720 ,
1197 1655 1291 1710 καὶ
1323 1654 1494 1708 ταῦτα
1519 1655 1764 1724 ἠκούετο.
1823 1655 1888 1708 Εἰ

318 1748 369 1801 δὲ
398 1749 564 1802 αὐτοῦ
593 1745 661 1820 ἦν
683 1752 711 1802 6
736 1749 923 1817 Λόγος,
951 1748 1044 1802 καὶ
1068 1748 1133 1800 δι’
1159 1747 1322 1802 αὑτοῦ
1348 1747 1498 1800 ταῦτ’
1521 1745 1738 1815 ἐλέγετο
1755 1763 1768 1776 ⁵
1796 1747 1889 1800 καὶ

318 1839 412 1893 οὐκ
439 1838 556 1892 ἔστι
573 1819 626 1892 τι
652 1839 680 1892 ὃ
705 1838 851 1908 λέγει
886 1838 979 1891 καὶ
1005 1840 1151 1892 ποιεῖ
1170 1838 1198 1890 6
1229 1837 1380 1900 Θεὸς,
1407 1837 1435 1890 ὃ
1459 1835 1534 1908 μὴ
1553 1838 1610 1889 ἐν
1628 1834 1704 1905 τῷ
1729 1835 1888 1906 Λόγῳ
1922 1819 1963 1878 Β

317 1929 456 1999 λέγει
475 1929 588 2001 (56)
607 1932 701 1984 καὶ
717 1933 878 1984 ποιεῖ’
895 1931 994 1983 οὐκ
1009 1930 1115 2002 ἄρα
1129 1930 1192 1982 δι’
1209 1930 1368 1983 αὐτὸν
1384 1930 1613 2000 εἴρηται,
1630 1920 1675 1980 ὧ
1691 1927 1889 1998 θεομά-

320 2038 424 2089 χοι,
456 2021 593 2074 ἀλλὰ
625 2021 713 2074 διὰ
742 2020 812 2074 τὰ
850 2020 1102 2092 ἀλλότρια
1135 2019 1228 2073 καὶ
1264 2018 1338 2090 μὴ
1371 2017 1498 2070 ὄντα
1533 2020 1660 2090 παρ’
1699 2015 1885 2072 αὑτοῦ.

321 2114 421 2166 Καὶ
445 2113 554 2186 γὰρ
583 2113 677 2165 καὶ
710 2111 852 2166 κατὰ
881 2111 989 2182 (57)
1019 2112 1116 2183 τὴν
1151 2109 1446 2182 εἰρημένην
1487 2109 1669 2162 εἰκόνα
1693 2149 1708 2174 ,
1743 2108 1834 2162 καὶ
1861 2109 1890 2161 6

318 2206 461 2273 ἣλιος
493 2206 543 2256 εἰ
575 2204 675 2268 τὰς
723 2203 904 2274 φωνὰς
948 2203 1131 2271 ἔλεγεν
1161 2203 1404 2265 ὲκείνας,
1434 2201 1534 2254 οὐκ
1565 2199 1720 2264 ἐκτὸς
1752 2199 1889 2270 ἔχων

317 2295 373 2351 τὸ
385 2295 582 2350 ἑαυτοῦ
601 2295 961 2366 ἀπαύγασμα,
979 2295 1092 2348 ἀλλ’
1110 2297 1166 2349 ὲν
1181 2293 1258 2364 τῷ
1274 2293 1663 2362 ἀπαυγάσματι
1679 2291 1890 2356 δεικνὺς

318 2388 506 2442 ἑαυτοῦ
540 2388 605 2440 τὸ
630 2388 746 2458 φῶς
775 2388 970 2460 ήλεγχε
999 2386 1096 2459 τὴν
1123 2386 1328 2456 πλάνην
1357 2383 1488 2457 (58),
1522 2384 1615 2437 καὶ
1645 2380 1796 2436 εἶπεν
1825 2383 1890 2436 ἂν

320 2480 557 2534 τοιαῦτα.
593 2480 801 2533 υύκοῦν
825 2481 924 2533 οὐκ
951 2481 1032 2543 εἰς
1063 2477 1338 2550 ἀναίρεσιν
1362 2474 1457 2529 τοῦ
1492 2474 1642 2540 Υίοῦ,
1677 2475 1794 2528 οὐδὲ
1821 2475 1887 2528 δι’

321 2572 475 2625 αὐτόν
505 2574 622 2625 ἐστι
665 2571 734 2625 τὰ
761 2570 983 2625 τοιαῦτα
1022 2570 1160 2642 ῥητὰ
1183 2610 1196 2632 ,
1237 2568 1352 2622 ἀλλ’
1385 2569 1464 2631 εἰς
1497 2567 1751 2640 ἀθέτησιν
1793 2565 1888 2622 τοῦ

320 2665 563 2732 ψεύδους.
629 2663 718 2729 Ἐξ
749 2664 922 2734 ἀρχῆς
943 2662 1071 2732 γοῦν
1117 2665 1144 2716 ὁ
1168 2662 1298 2724 Θεὸς
1330 2663 1429 2714 οὐκ
1462 2654 1583 2714 εἷπε
1606 2659 1684 2731 τῷ
1719 2659 1890 2730 Ἀδὰμ

320 2758 411 2820 τὰς
440 2755 699 2816 τοιαύτας
725 2757 924 2824 φωνὰς,
961 2754 1136 2808 καίτοι
1168 2755 1319 2816 liv-co;
1349 2752 1440 2806 τοῦ
1468 2751 1640 2819 Λόγου
1668 2752 1763 2805 σὺν
1795 2753 1890 2805 αύ-

319 2847 411 2920 τῷ,
445 2848 512 2903 δι’
546 2840 608 2901 οὗ
637 2847 706 2901 τὰ
735 2846 911 2901 πάντα
936 2847 1174 2916 ἐγένετοο
1199 2848 1260 2899 οὐ
1289 2844 1399 2917 γὰρ
1421 2842 1487 2916 ἦν
1516 2846 1691 2918 χρεία,
1725 2847 1892 2916 μήπω

319 2941 623 3012 γενομένων
649 2940 900 2994 εἰδώλων.
930 2942 1056 2994 Ὅτε
1086 2940 1143 2993 δὲ
1175 2940 1414 3012 ἀντῆραν
1447 2938 1720 3008 ἄνθρωποι
1753 2938 1891 2991 κατὰ

319 3035 410 3104 τῆς
439 3033 700 3105 ἀληθείας
727 3031 819 3086 καὶ
841 3033 1126 3102 ὠνόμασαν
1155 3033 1362 3095 ἑαυτοῖς
1389 3029 1482 3094 οὒς
1505 3029 1692 3102 ἦθελον
1713 3030 1888 3094 θεοὺς,

1984 558 2226 630 profecto
2249 560 2361 615 haec
2388 575 2418 615 a
2449 561 2562 616 sole
2588 561 2732 617 dicta
2761 579 2885 619 esse
2906 566 3286 636 arbitraretur,
3314 581 3374 626 ut
3393 588 3555 627 suum

1981 653 2293 707 excluderet
2316 653 2680 724 splendorem,
2706 658 2798 712 sed
2821 666 3028 713 tantum
3057 660 3204 718 illius
3227 666 3430 721 erroris
3457 668 3558 720 tol-

1983 743 2125 797 lendi
2155 758 2341 806 causa,
2370 745 2462 814 qui
2499 747 2550 799 in
2583 747 2759 818 lignea
2797 749 3030 818 imagine
3057 752 3342 822 inanisque
3374 756 3560 826 figurae

1982 835 2428 892 dissimilitudine
2453 838 2817 908 objiceretur:
2847 842 2923 896 ita
2948 843 3200 898 similiter
3224 845 3360 900 dixit
3397 846 3556 911 Deus,

1985 925 2096 996 Ego
2125 945 2275 993 sum;
2300 937 2372 996 et,
2407 929 2515 1000 Ego
2536 931 2675 984 solus
2703 931 2873 997 Deus;
2903 944 2977 999 et,
3003 934 3122 988 Non
3143 945 3218 990 est
3244 937 3388 994 alius
3423 955 3561 1007 prc-

1987 1027 2064 1072 ler
2089 1036 2188 1083 me,
2226 1029 2284 1074 ut
2312 1021 2559 1078 homines
2589 1038 2620 1078 a
2656 1023 2807 1080 falsis
2848 1026 2952 1081 diis
2991 1037 3288 1093 averteret,
3324 1028 3562 1100 indeque

1984 1109 2256 1164 discerent
2274 1127 2461 1167 verum
2485 1129 2610 1169 eum
2635 1131 2757 1170 esse
2786 1117 2978 1172 Deum.
3005 1118 3270 1174 Caeterum
3295 1136 3418 1176 cum
3447 1124 3562 1177 haec

1986 1201 2128 1256 Deus
2173 1201 2396 1268 diceret,
2430 1220 2490 1259 ea
2523 1207 2642 1262 sine
2666 1208 2830 1263 dubio
2863 1226 2958 1278 per
2985 1227 3144 1266 suum
3174 1211 3412 1268 Verbum
3444 1214 3561 1286 ipso

1985 1290 2216 1356 dicebat,
2252 1293 2356 1348 nisi
2393 1294 2534 1350 forte
2562 1297 2807 1353 hodierni
2829 1297 2999 1355 Judaai
3033 1303 3238 1358 addunt
3261 1306 3363 1360 ista
3391 1304 3558 1361 Deum

1986 1382 2210 1439 minime
2249 1401 2343 1454 per
2384 1402 2544 1442 suum
2589 1388 2826 1444 Verbum
2859 1391 3098 1448 locutum
3139 1394 3328 1450 fuisse.
3359 1395 3559 1453 Verum

1990 1476 2063 1530 ita
2090 1475 2180 1529 illa
2211 1476 2352 1531 dicta
2384 1488 2531 1544 sunt,
2562 1484 2915 1550 quantumvis
2945 1484 3125 1540 [urant
3148 1487 3401 1542 diaboliei
3433 1489 3555 1544 viri.

1986 1564 2119 1621 Nam
2173 1565 2412 1622 Verbum
2461 1569 2674 1624 Domini
2722 1571 2924 1628 factum
2977 1585 3062 1630 est
3102 1577 3168 1631 ad
3219 1580 3556 1648 prophetam.

1988 1656 2212 1726 haecque
2243 1657 2425 1712 audita
2459 1669 2606 1714 sunt.
2644 1659 2798 1727 Quod
2838 1663 2882 1719 si
2909 1664 3029 1734 ejus
3061 1677 3178 1721 erat
3211 1667 3468 1735 Verbum,
3497 1687 3560 1724 ac

1990 1763 2084 1818 per
2109 1748 2284 1817 ipsum
2329 1751 2443 1805 haec
2483 1751 2823 1821 dicebantur,
2849 1756 3092 1827 nihilque
3119 1768 3201 1814 est
3239 1761 3383 1828 quod
3416 1760 3562 1816 dicat

1991 1843 2075 1898 vel
2122 1841 2285 1898 faciat
2325 1842 2486 1908 Deus,
2522 1844 2622 1899 nisi
2667 1848 2720 1900 in
2756 1847 2966 1903 Verbo:
3003 1865 3113 1904 non
3146 1851 3309 1920 igitur
3346 1863 3563 1922 propter

1990 1934 2164 2004 ipsum
2188 1935 2327 1990 dicta
2353 1936 2452 1990 ista
2472 1946 2616 2003 sunt,
2631 1953 2663 1990 ο
2689 1936 2778 1992 Dei
2802 1941 3009 2006 hostes,
3037 1943 3127 1995 sed
3145 1953 3362 2012 propter
3383 1943 3561 2000 aliena

1988 2034 2041 2080 et
2056 2043 2174 2096 qua:
2193 2029 2260 2080 ab
2279 2027 2394 2097 ipso
2422 2044 2529 2082 non
2555 2038 2703 2083 sunt.
2729 2028 2963 2096 Etenim,
2996 2040 3055 2085 ut
3085 2033 3137 2085 in
3187 2035 3375 2088 eodem
3425 2033 3557 2090 insi-

1989 2127 2198 2174 stamus
2215 2121 2481 2190 exemplo,
2502 2123 2544 2175 si
2571 2123 2651 2176 sol
2678 2122 2767 2176 illa
2791 2122 2951 2177 verba
2981 2125 3316 2192 protulisset,
3346 2142 3454 2179 non
3479 2125 3565 2181 his

1991 2210 2177 2278 utique
2209 2211 2372 2264 dictis
2413 2212 2710 2267 indicasset
2742 2229 2800 2268 se
2831 2213 3174 2283 splendorem
3216 2230 3377 2270 suum
3411 2227 3563 2270 extra

1989 2315 2047 2354 se
2075 2301 2290 2364 habere,
2327 2302 2416 2354 sed
2451 2302 2632 2370 potius
2653 2302 2837 2356 lumen
2864 2318 3022 2357 suum
3059 2303 3110 2358 in
3140 2305 3426 2373 splendore
3446 2320 3567 2359 esse

1990 2391 2301 2457 ostendens,
2336 2407 2575 2446 errorem
2609 2393 2760 2446 illum
2801 2391 3104 2448 rel'ellisset.
3163 2392 3273 2450 Nec
3301 2409 3432 2464 ergo
3473 2411 3568 2464 pa-

1990 2484 2121 2536 riter
2153 2483 2294 2538 dicta
2323 2484 2412 2538 illa
2445 2492 2571 2538 sunt
2601 2486 2667 2538 ad
2703 2484 3100 2539 excludendum
3137 2485 3358 2552 Filium,
3390 2501 3566 2555 neque

1989 2585 2207 2644 propter
2267 2576 2440 2638 illum,
2493 2576 2584 2631 sed
2637 2575 2702 2630 ad
2756 2575 3150 2631 confutandum
3197 2577 3562 2632 mendacium.

1991 2662 2128 2720 Hine
2147 2665 2286 2722 Deus
2299 2666 2452 2720 initio
2468 2667 2651 2721 mundi
2669 2685 2934 2738 nusquam
2953 2668 3058 2722 illis
3072 2676 3152 2722 est
3171 2683 3302 2722 usus
3317 2668 3563 2733 vocibus,

1990 2773 2113 2811 cum
2146 2756 2353 2812 Adamo
2380 2757 2711 2827 loqueretur,
2743 2760 2992 2828 quamvis
3021 2755 3280 2823 Verbum,
3302 2773 3398 2828 per
3421 2760 3565 2826 quod

1990 2848 2171 2904 omnia
2207 2847 2348 2903 facta
2381 2857 2528 2912 sunt,
2551 2859 2675 2903 eum
2711 2849 2803 2902 illo
2833 2858 2998 2905 esset.
3032 2845 3141 2902 Nec
3169 2848 3312 2902 enim
3343 2856 3455 2901 tum
3480 2846 3564 2901 his

1992 2959 2129 3012 opus
2150 2950 2287 3005 erat,
2319 2957 2442 2996 cum
2481 2940 2721 2995 nondum
2751 2939 2894 2995 idola
2932 2939 3146 2994 fuerant
3174 2939 3412 2993 inventa.
3457 2936 3565 2991 Po-

1991 3049 2104 3090 stea
2131 3045 2309 3090 autem
2339 3049 2501 3104 quam
2534 3034 2779 3088 homines
2815 3047 2846 3087 α
2879 3032 3103 3086 veritate
3128 3030 3460 3096 defecerunt,
3492 3031 3568 3084 si-

319 3126 433 3180 τότε
461 3125 526 3196 δὴ
552 3126 644 3178 καὶ
670 3124 923 3178 τοιούτων
949 3123 1106 3194 χρεία
1127 3123 1315 3192 γέγονε
1351 3122 1609 3194 ῥημάτων
1636 3125 1716 3186 εἰς
1748 3122 1889 3175 ἀναί-

2000 3129 2156 3198 bique
2186 3127 2318 3183 deos
2349 3126 2414 3180 ad
2445 3125 2733 3180 arbitrium
2771 3124 3172 3192 confinxerunt,
3199 3133 3329 3178 tunc
3363 3123 3431 3178 ad
3469 3122 3570 3177 fal-

323 3237 464 3288 ρεσιν
493 3218 604 3272 τῶν
640 3217 716 3289 μὴ
746 3218 912 3271 ὄντων
937 3216 1092 3273 θεῶν.
1148 3213 1288 3284 Ἐγὼ
1312 3215 1355 3268 δ’
1382 3216 1449 3268 ἂν
1483 3215 1692 3285 εἴποιμι
1719 3231 1888 3284 προσ-

321 3311 428 3374 θεὶς
447 3351 462 3375 ,
489 3312 574 3364 ὅτι
607 3311 701 3364 καὶ
730 3309 865 3380 πρὸς
895 3310 992 3382 τὴν
1013 3308 1122 3362 τῶν
1162 3306 1545 3378 χριστομάχων
1579 3305 1891 3376 ἀφροσύνην

320 3403 640 3474 προείρηται
663 3400 730 3454 τὰ
759 3399 982 3453 τοιαῦτα
1011 3398 1148 3471 ῥητὰ
1173 3398 1306 3469 (59),
1336 3398 1422 3451 ἴνα
1454 3395 1652 3466 γνῶσιν
1675 3435 1689 3462 ,
1726 3396 1806 3450 ὅτι
1831 3395 1890 3449 ὃν

323 3493 382 3545 ἂν
413 3493 614 3560 ἔξωθεν
645 3491 745 3562 τῆς
791 3490 978 3554 οὐσίας
1015 3488 1108 3543 τοῦ
1139 3489 1349 3560 Πατρὸς
1379 3489 1705 3558 έπινοήσωσι
1735 3486 1888 3550 Θεὸν,

321 3578 468 3647 οὗτος
490 3585 592 3636 οὐκ
611 3582 759 3635 ἐστιν
780 3580 1049 3651 ἀληθινὸς,
1067 3578 1300 3635 οὐδὲτοῦ
1326 3581 1486 3651 μόνου
1511 3579 1622 3652 (40)
1643 3579 1733 3632 καὶ
1751 3578 1893 3650 πρώ·

321 3693 408 3729 του
443 3673 611 3728 εἰκὼν
639 3677 733 3728 καὶ
759 3674 891 3738 υἱός.

387 3767 439 3821 9.
489 3764 616 3818 Ἐὰν
655 3763 833 3818 τοίνυν
867 3763 960 3816 κα)⁸
1007 3762 1162 3834 μόνος
1193 3760 1446 3832 ἀληθινὸς
1487 3759 1619 3824 Θεὸς
1649 3763 1677 3813 6
1707 3760 1893 3832 Πατὴρ

323 3855 574 3928 λέγηται,
627 3857 727 3910 οὐκ
757 3858 836 3919 εἰς
864 3855 1116 3925 ἀθέτησιν
1144 3853 1236 3908 τοῦ
1263 3853 1512 3922 λέγοντος
1530 3893 1544 3917 ,
1583 3850 1751 3920 ’Ἐγώ
1780 3855 1896 3921 ειμι

324 3945 359 4009 ἡ
414 3941 666 4008 ἀλήθεια
693 3985 707 4007 ,
738 3941 985 4013 εἴρηται,
1020 3941 1134 3995 ἀλλ’
1159 3944 1239 4005 εἰς
1270 3941 1548 4012 ἀναίρεσιν
1589 3940 1746 3994 πάλιν
1781 3940 1864 4010 (41
1873 3945 1892 4009 )

323 4035 425 4087 τῶν
457 4036 534 4105 μὴ
563 4035 886 4104 πεφυκότων
916 4030 1053 4088 εἶναι
1085 4032 1352 4105 ἀληθινῶν
1371 4073 1385 4098 ,
1410 4025 1519 4096 οἷός
1546 4034 1694 4085 ἐστιν
1721 4033 1749 4084 ὁ
1778 4033 1892 4086 Πα-

322 4124 419 4198 τὴρ
445 4128 542 4180 καί⁵
570 4129 599 4179 6
629 4126 823 4179 τούτου
857 4125 1044 4194 Λόγος.
1106 4124 1262 4179 Οὕτω
1293 4124 1402 4194 γὰρ
1425 4124 1520 4176 καὶ
1545 4123 1706 4186 αὐτὸς
1729 4125 1757 4176 6
1777 4121 1891 4174 Κύ-

324 4233 430 4287 99;
477 4218 639 4282 εὖθὺῖ
675 4217 911 4290 συνῆψε,
967 4218 1072 4272 Καὶ
1127 4217 1198 4270 ὃν
1244 4217 1605 4281 ἀπέστειλας
1659 4214 1907 4283 Ἰησοῦνε

385 4415 428 4448 ⁶¹
469 4413 629 4471 Joau.
656 4432 767 4478 xw,
799 4417 850 4469 εἰ.
931 4417 974 4447 ⁶⁹
1006 4415 1164 4472 Joan.
1195 4433 1328 4477 xvu,
1365 4417 1416 4470 5.

389 4627 519 4697 (ὃὸλ
544 4623 671 4679 Haec
703 4625 1014 4697 γει-1η,καί
1055 4624 1204 4697 λέγοι
1230 4627 1326 4697 τῂν
1356 4623 1782 4697 εἰκόναλταύτην
1813 4625 1889 4697 αἰ-

2000 4623 2159 4697 editi,
2184 4623 2288 4674 Καὶ
2313 4623 2445 4697 ’γαρ
2471 4623 2630 4697 κατά.
2656 4621 2778 4697 Mox
2798 4621 3185 4697 Δξριξ;,νιιιξ1·.,ηείς
3217 4619 3317 4682 τὰς

319 4693 437 4750 τίαν
466 4693 606 4749 εἶναι
634 4694 729 4764 τοῦ
761 4695 958 4762 φωτός,
978 4695 1174 4749 desunt
1197 4696 1248 4747 in
1270 4693 1434 4749 Basil.
1457 4695 1655 4764 Ibidem
1682 4693 1890 4764 κερ-1,

319 4781 370 4820 et
389 4767 642 4836 Seguer.,
668 4763 882 4836 βλέπων
914 4767 963 4817 εἰ
991 4764 1157 4832 λέγοι.
1185 4765 1289 4836 Alii
1322 4775 1373 4820 et
1401 4766 1552 4836 editi,
1579 4762 1898 4836 pumilae-

319 4853 419 4918 γοι.
457 4833 633 4918 gauli!
663 4844 784 4916 post
816 4833 950 4918 Reg.
984 4836 1007 4888 1
1049 4847 1101 4918 et
1126 4836 1180 4901 2,
1218 4835 1443 4918 Seguer:
1473 4833 1691 4917 Gobler.
1712 4833 1889 4918 Felck.

322 4909 345 4960 1
378 4918 433 4962 et
457 4908 512 4970 5,
549 4905 679 4958 ἄλλο
708 4905 843 4973 φῶς.
869 4917 922 4958 et
958 4915 1079 4974 post
1114 4905 1309 4974 pauca,
1331 4905 1392 4958 τὸ
1422 4905 1613 4959 ἐαυτοῦ
1645 4905 1897 4972 ἀπαύγα-

321 4992 451 5047 σμα.
483 4977 591 5031 Alii
615 4985 669 5029 et
696 4976 846 5041 editi,
875 4975 1004 5030 ἄλλο
1046 4977 1106 5030 τὸ
1156 4976 1291 5046 φῶς,
1319 4987 1392 5044 et,
1421 4976 1481 5030 τὸ
1510 4975 1674 5030 αὐτοῦ
1721 4974 1897 5028 ἀπαύ-

317 5063 528 5189 “grai
544 5115 770 5189 Regi,
803 5126 857 5189 et
885 5115 1280 5189 Seguer.,!xat‘t,
1299 5116 1440 5186 Ἐγὼ
1470 5118 1649 5188 μόνος.
1667 5114 1886 5189 Gobler.

318 5198 389 5270 et.
415 5187 454 5239 F
459 5187 658 5243 elekml
672 5187 741 5252 1,
768 5188 860 5240 καὶ
894 5187 1071 5257 μόνος.
1118 5187 1262 5243 Editi
1291 5197 1345 5242 et
1377 5189 1490 5254 alii,
1526 5189 1620 5241 καὶ
1651 5187 1732 5253 τὸ,
1751 5187 1891 5255 Ἐγὼ

541 5327 674 5398 Reg.
707 5328 759 5390 1,
790 5326 1006 5408 ἐγένετο
1029 5329 1217 5395 Λόγος.
1252 5325 1475 5407 Seguer.
1504 5325 1814 5385 Goblerian.
1842 5335 1896 5380 et

325 5395 393 5448 Fr.-
419 5398 507 5450 (ιιι.
542 5399 592 5450 1.
611 5398 858 5450 Ἐγένετο
897 5413 1003 5450 γαο
1050 5399 1242 5450 Λόγος.
1277 5396 1704 5450 Ειιιιι.Ἐγένετο
1733 5397 1840 5450 γὰο
1867 5399 1895 5449 6

321 5395 507 5510 ἱ
542 5395 858 5467 1,Ἑγένετο
897 5397 1003 5469 γὰρ
1050 5399 1242 5466 Λόγος.
1277 5395 1704 5464 Εὐίιὶ,Ἐγένετο
1733 5397 1840 5468 γὰρ
1867 5399 1895 5449 6

324 5476 518 5606 Λύέξῶ
549 5537 640 5594 Sic
665 5537 800 5608 Reg.
841 5537 895 5601 1,
922 5535 1415 5608 SeguerLGobler.
1432 5548 1485 5608 et
1514 5534 1696 5608 Felelt.
1723 5537 1775 5608 1,
1801 5537 1896 5605 qui

323 5610 491 5675 paulo
517 5619 659 5679 post,
689 5606 851 5679 Λόγῳ
877 5608 1044 5674 λέγει.
1074 5606 1178 5659 Alii
1208 5616 1263 5659 et
1294 5607 1442 5671 editi,
1461 5606 1549 5659 διὰ
1578 5606 1672 5659 τοῦ
1698 5607 1894 5675 Λόγου,

321 5690 396 5738 et,
432 5677 584 5747 Λόγῳ
614 5679 711 5735 καὶ
739 5677 910 5746 λέγει.

395 5735 526 5811 (ὄπ
547 5735 680 5822 Reg.
771 5735 826 5804 ei
863 5749 1114 5818 Seguer..
1137 5749 1246 5801 Καὶ
1275 5747 1381 5818 γὰρ
1406 5749 1496 5802 καὶ
1525 5748 1686 5802 κατά.
1715 5747 1818 5802 Alii
1843 5757 1896 5802 et

1997 3237 2087 3278 sos
2137 3220 2268 3273 deos
2317 3216 2764 3272 exterminandos
2792 3216 2951 3271 verba
2992 3216 3368 3285 hujuscemodi
3416 3215 3568 3270 fuere

1998 3307 2322 3362 necessaria.
2364 3307 2493 3361 Mihi
2522 3322 2650 3361 vero
2691 3307 2850 3362 liceat
2875 3307 3036 3362 etiam
3067 3305 3288 3372 addere,
3320 3307 3409 3360 illa
3439 3318 3567 3360 ante

1998 3397 2372 3453 [hereticorum
2396 3397 2661 3452 insaniam
2687 3397 2828 3452 dicta
2845 3412 2985 3463 esse,
3005 3406 3063 3451 ut
3085 3397 3207 3451 inde
3229 3396 3567 3465 exploratum

1998 3488 2277 3553 haberent,
2321 3502 2444 3542 eum
2490 3502 2648 3557 quem
2693 3495 2844 3540 extra
2886 3484 3062 3540 Patris
3107 3495 3356 3540 naturam
3395 3483 3565 3539 Deum

1997 3581 2224 3651 tingunt,
2254 3595 2361 3634 non
2391 3595 2512 3634 esse
2535 3595 2718 3634 verum
2758 3578 2947 3644 Deum,
2969 3594 3146 3648 neque
3180 3579 3348 3635 solius
3379 3577 3557 3646 primi-

2000 3687 2107 3741 que
2128 3670 2416 3741 imaginem
2445 3679 2500 3724 et
2527 3671 2746 3726 Filium.

2067 3761 2122 3814 9.
2159 3759 2424 3825 Quocirca
2454 3760 2555 3813 etsi
2591 3758 2750 3814 Pater
2784 3760 2934 3814 solus
2972 3774 3135 3812 verus
3168 3755 3310 3812 Deus
3345 3756 3563 3818 dicitur,

2001 3868 2108 3905 non
2132 3850 2374 3919 profecto
2401 3851 2600 3907 dicitur
2621 3853 2686 3906 ad
2718 3851 3112 3922 repudiandum
3139 3866 3264 3904 eum
3298 3848 3391 3920 qui
3412 3849 3566 3915 dicit,

2002 3941 2113 4013 Ego
2129 3941 2291 4014 442
2307 3959 2417 3996 sum
2449 3945 2641 3997 veritas
2668 3945 2735 4008 “,
2768 3943 2859 3997 sed
2887 3943 2952 3997 ad
2979 3943 3099 3997 illos
3127 3940 3451 4010 rejicicndos
3473 3941 3566 4009 qui

2001 4043 2191 4089 natura
2226 4037 2335 4089 veri
2369 4050 2474 4089 non
2509 4045 2670 4099 sunt,
2694 4035 2873 4105 qualis
2902 4036 3016 4104 ipse
3039 4042 3124 4089 est
3155 4031 3316 4087 Pater
3339 4031 3569 4102 ejusque

2003 4125 2258 4181 Verbum.
2303 4125 2394 4182 Sic
2423 4128 2566 4180 enim
2621 4125 2882 4181 Dominus
2912 4127 3026 4196 ipse
3054 4125 3235 4180 statim
3263 4123 3566 4194 conjunxit,

2006 4216 2071 4270 Et
2100 4235 2248 4287 quem
2281 4217 2683 4273 misistilesum
2717 4218 2981 4274 Christum
3011 4219 3075 4272 ⁸³.
3109 4217 3210 4284 Qui
3243 4217 3285 4273 si
3317 4232 3403 4271 res
3425 4223 3570 4270 esset

3367 4620 3566 4688 φωνάς,

2005 4695 2279 4748 mendose.
2313 4688 2514 4747 Ibidem
2547 4693 2674 4763 Reg.
2714 4693 2766 4756 ’1,
2795 4688 3017 4760 Seguet'.
3053 4691 3360 4763 Goliler._et
3385 4688 3564 4763 Felck.

2007 4767 2057 4830 1,
2086 4763 2270 4831 ἔλεγεν
2301 4764 2531 4826 ὲκείνας.
2568 4759 2706 4818 Edili
2763 4772 2816 4817 et
2858 4759 2972 4822 alii,
3001 4762 3234 4823 εἰκόνας.
3265 4759 3484 4814 Gobler.
3516 4769 3572 4812 et

2005 4833 2188 4889 Felck.
2229 4836 2280 4898 1,
2311 4834 2505 4887 ibidem
2534 4848 2632 4902 pro
2663 4833 2821 4902 ἔχων,
2857 4833 3076 4895 habent,
3107 4832 3282 4902 ἔσχον.

2073 4905 2182 4974 (58)
2223 4897 2436 4959 Grobler.
2471 4897 2880 4974 etiFelck'm.’i,
2913 4903 3064 4970 ἑλεγε
3092 4897 3568 4974 καῖτὴν-πλάνῃν.

2005 4966 2175 5029 Ιίιῖυιιί
2209 4975 2406 5028 ibidth
2435 4981 2488 5027 et
2515 4973 2646 5040 Reg.
2682 4975 2734 5036 1,
2757 4991 2821 5028 ac
2846 4966 3069 5042 Seguer.
3100 4971 3164 5026 ἂν
3192 4966 3438 5023 τοιαῦτα.
3463 4968 3566 5020 Atii

2002 5055 2058 5100 et
2079 5044 2244 5099 editio
2269 5044 2557 5108 Commel.,
2578 5043 2643 5097 ἂν
2672 5043 2738 5097 τὰ
2765 5043 3006 5097 τοιαῦτα.

2071 5114 2180 5185 (59)
2221 5112 2354 5184 Reg.
2390 5115 2411 5168 1
2448 5123 2502 5168 et
2546 5107 2798 5186 Seguer.,
2837 5113 3003 5186 ῥητά.
3032 5108 3176 5164 Editi
3225 5117 3280 5163 et
3325 5107 3438 5172 alii,
3471 5109 3569 5179 ῥή-

2003 5203 2141 5239 ιιατα
2150 5224 2159 5237 .

2071 5255 2180 5324 (10)
2222 5254 2319 5324 δίο
2341 5252 2474 5321 Reg.
2503 5256 2520 5307 1
2539 5296 2552 5316 ,
2573 5253 2794 5324 St'guer.
2815 5251 3096 5324 (ἐρωεῖ-ζει
3119 5246 3297 5324 Felck.
3319 5249 3368 5324 1.
3387 5247 3456 5301 At
3476 5248 3577 5301 alii

2000 5335 2052 5380 et
2079 5317 2237 5385 editi,
2267 5323 2388 5377 οὔτε
2417 5317 2474 5376 δὲ
2507 5325 2600 5377 τοῦ
2636 5317 3137 5394 μόνουηΜοκ-Βθε.
3176 5320 3192 5372 1
3232 5329 3292 5394 e_t_
3316 5317 3566 5394 Seguer.,

1999 5395 2252 5519 ἓλὲθινὸς
2298 5395 2432 5458 Θεὸς
2478 5395 2506 5446 6
2553 5387 2762 5464 Πατήρ.
2827 5392 2886 5444 In
2943 5389 3064 5444 aliis
3095 5387 3167 5444 et
3208 5387 3574 5445 editis'deest

2043 5485 2067 5519 ε
2101 5484 2148 5519 ς.

1997 5469 2148 5521 Θεός.

2069 5484 2180 5607 Eii)
2224 5535 2329 5607 Sie
2366 5533 2572 5607 Regius
2618 5533 2826 5607 primnus
2853 5539 2905 5607 et
2939 5528 3326 5607 Seguerianus.
3378 5526 3448 5581 At
3473 5527 3568 5607 alii

1997 5617 2050 5660 et
2075 5595 2202 5680 editi
2241 5605 2400 5680 πόιλιν
2431 5595 2688 5680 Emittunt
2743 5595 3058 5680 Paulo-post
3095 5599 3225 5680 Reg.
3259 5599 3330 5680 1,..
3362 5607 3416 5652 et
3472 5595 3571 5680 Sf:—

1997 5678 2265 5796 gutlariang,
2290 5674 2450 5725 Οὕτω
2489 5670 2596 5742 γὰρ
2628 5670 2809 5734 αὐτός.
2842 5667 2964 5741 Alii.
2985 5679 3038 5724 et
3062 5667 3212 5735 editi,
3262 5668 3418 5721 (ὶῦτω
3460 5667 3583 5738 γὰρ.

1999 5764 2070 5796 κα.
2120 5761 2218 5796 αυτ
2255 5762 2300 5796 ς.

1999 5746 2091 5800 καὶ
2120 5746 2300 5807 αὑτός.
