3944 6222
309 379 413 436 375

1399 371 1660 429 ORATIO
1697 372 1765 428 ill
1805 371 2085 430 CONTRA
2108 361 2441 432 ’ARIANOS.

3430 381 3536 439 376

372 491 460 546 24.
506 492 695 562 Ἡμεῖς
726 490 824 562 μὲν
854 485 965 554 οῦν,
987 491 1109 544 ὅσον
1134 490 1300 555 αύτάς
1330 489 1428 555 τὰς
1451 491 1621 557 λέξεις
1649 494 1740 546 τοῦ
1771 495 1866 565 ρη-

2037 492 2126 548 24.
2153 491 2260 546 Nos
2286 492 2484 561 itaque,
2511 501 2780 561 quatenus
2812 491 2972 546 allata
3017 490 3310 564 Scriptura:
3348 496 3534 562 verba,

305 582 396 636 τοῦ
446 582 669 635 δυνατὸν
714 576 782 653 ἦν
829 581 1189 653 ἁπλούστερον
1233 582 1536 654 θεωρῆσαι,
1583 583 1752 636 ταῦτα
1782 582 1868 636 διὰ

308 672 513 726 πολλῶν
534 673 857 744 εἰρήκαμεν·
905 674 932 725 6
977 672 1032 726 δὲ
1067 672 1330 745 μακάριος
1372 673 1622 745 Ἰωάννης
1663 673 1773 743 (15)
1807 675 1870 726 ὲκ

307 765 401 834 τῆς
444 762 761 833 Ἐπιστολῆς
809 765 867 815 εν
904 763 1104 831 ὀλίγοις
1149 764 1242 818 καὶ
1287 763 1630 836 τελειώτερον
1673 765 1870 835 μᾶλλον

308 853 462 924 ἡμῶν
484 853 647 918 δείξει
669 853 777 906 τῶν
800 854 1196 926 γεγραμμένων
1218 853 1308 908 τὸν
1331 854 1474 920 νοῦν,
1497 855 1590 910 καὶ
1613 854 1868 925 διελέγξει

313 945 405 1014 μὲν
454 945 552 1016 τὴν
595 949 703 999 τῶν
750 945 960 998 ἀσεϐῶν
1007 945 1278 1010 διάνοιαν,
1323 946 1519 1013 διδάξει
1569 947 1624 1001 δὲ
1669 945 1782 1010 πῶς
1810 964 1869 999 τε

309 1037 466 1105 ἡμεῖς
500 1034 609 1107 (iii)
638 1038 695 1090 ὲν
726 1035 804 1106 τῷ
840 1035 956 1107 Θεῷ
987 1036 1266 1107 γινόμεθα,
1295 1039 1387 1091 καὶ
1411 1040 1438 1092 6
1469 1039 1600 1103 Θεὸς
1632 1040 1689 1092 ὲν
1717 1039 1865 1110 ἡμῖν·

309 1126 399 1179 καὶ
428 1126 547 1190 πῶς
588 1127 747 1181 πάλιν
776 1129 935 1198 ἡμεῖς
966 1128 1062 1199 μὲν
1097 1130 1154 1181 ἐν
1184 1127 1330 1198 αύτῷ
1372 1129 1630 1200 γινόμεθα
1655 1130 1734 1196 ἓν,
1767 1130 1870 1183 πό-

309 1234 395 1269 σον
422 1216 480 1270 δὲ
511 1217 760 1289 διέστηκε
789 1217 886 1289 τὴν
916 1218 1074 1288 φύσιν
1104 1218 1213 1291 (15)
1235 1221 1263 1272 6
1295 1219 1421 1284 Υἱὸς
1453 1221 1546 1290 ἀφ’
1573 1221 1747 1292 ἡμῶν·
1776 1222 1868 1275 καὶ

307 1307 504 1362 παύσει
535 1308 717 1363 λοιπὸν
740 1309 866 1372 τοὺς
912 1309 1218 1380 ’Δρειανοὺς
1254 1312 1448 1383 μηκέτι
1479 1314 1718 1384 νομίζειν
1745 1316 1869 1368 ἐαυ-

308 1399 428 1461 τοὺς
457 1397 675 1452 ἔσεσθαι
707 1399 783 1463 ὡς
825 1399 916 1453 τόν
950 1399 1110 1464 Υἱδν,
1149 1400 1236 1456 ἵνα
1263 1403 1336 1474 μὴ
1375 1405 1468 1457 καὶ
1512 1405 1664 1458 αὐτοὶ
1707 1404 1868 1459 άκούν

311 1505 458 1541 σωσι·
495 1490 578 1544 Σὺ
621 1489 690 1544 δὲ
727 1487 788 1545 εἶ
824 1490 1132 1560 ἄνθρωπος
1169 1493 1268 1548 καὶ
1315 1496 1387 1548 οὐ
1423 1497 1585 1562 Θεόςο
1618 1497 1732 1561 καὶ,
1769 1497 1865 1567 Μὴ

308 1582 816 1649 συμπαρεκτείνου
849 1583 1038 1651 πένης
1076 1581 1160 1635 ὢν
1190 1585 1485 1652 πλουσίῳ.
1524 1586 1740 1656 Γράφει.
1757 1588 1868 1640 τοί-

307 1688 394 1724 νυν
430 1675 459 1725 ὁ
500 1672 754 1744 Ἰωάννης
788 1671 931 1726 οὓτω
973 1673 1146 1742 λέγων
1177 1672 1308 1744 (16)’
1356 1675 1456 1730 Ἐν
1484 1677 1672 1746 τούτῳ
1705 1677 1868 1747 τινώ-

307 1780 550 1834 σκομεν,
580 1765 668 1818 ὅτι
698 1765 768 1818 ἐν
793 1764 950 1830 αὐτῷ
970 1765 1250 1835 μένομεν,
1276 1769 1372 1821 καὶ
1401 1768 1584 1834 αὐτὸς
1611 1769 1678 1822 ἐν
1702 1768 1876 1838 ἡμῖν,

1972 582 2127 637 licuit
2155 583 2454 652 simplicius
2492 583 2840 653 perpendere,
2874 583 2986 637 bare
3009 583 3125 638 fuse
3152 584 3531 642 disseruimus.

1970 671 2170 728 Beatus
2196 682 2375 728 autem
2401 671 2636 728 Joannes
2659 673 2891 729 breviter
2917 685 2970 730 et
2997 675 3155 744 longe
3187 675 3342 731 nobis
3372 692 3551 732 accue-

1970 764 2142 820 ratius
2182 780 2304 835 qua:
2351 765 2425 820 sit
2452 765 2595 820 illius
2620 765 2723 820 loci
2759 766 3045 828 sententia,
3075 781 3142 820 ex.
3165 764 3404 835 Epistula
3433 783 3545 823 suav

1969 856 2343 912 declaraturus
2367 864 2470 921 est,
2490 873 2594 925 qua
2623 866 2684 912 et
2705 873 2922 928 pravam
2952 858 3244 928 impiorum
3269 858 3534 928 interpre-

1969 947 2223 1002 tationem
2270 947 2546 1012 refutabit.
2582 958 2645 1004 et"
2674 949 2835 1004 simul
2868 949 3100 1015 docebit,
3128 951 3401 1020 quomodo
3434 967 3558 1006 nos.

1969 1036 2023 1090 in
2057 1035 2165 1091 Deo
2200 1053 2321 1094 esse
2349 1049 2742 1108 possumus,,et
2771 1039 2911 1095 Deus
2946 1040 3188 1098 innobis
3217 1062 3230 1096 ;
3261 1057 3372 1112 quo
3404 1041 3548 1097 item.

1968 1133 2128 1194 pacto
2155 1141 2256 1182 nos
2301 1143 2469 1182 unum
2513 1129 2566 1182 in
2604 1129 2722 1199 ipso
2762 1128 3044 1194 eﬂlcimur,
3075 1140 3128 1185 et
3149 1143 3412 1201 quantum
3438 1132 3546 1187 Fi-

1968 1215 2076 1271 lius
2119 1227 2309 1272 natura
2356 1232 2402 1272 at
2428 1219 2585 1273 nobis
2629 1219 2874 1284 diﬂ‘erat;
2923 1221 3246 1293 tandemque
3300 1225 3536 1282 Arianos

1968 1308 2258 1372 coercebit,
2285 1310 2576 1379 quominus
2614 1310 2847 1380 amplius
2886 1323 3106 1382 sperent
3150 1329 3208 1368 se
3250 1323 3310 1369 ut
3335 1315 3536 1371 Filium

1970 1397 2183 1453 futuros
2210 1399 2502 1469 aliquando
2537 1415 2676 1466 esse,
2707 1416 2774 1455 ne
2807 1402 2952 1471 ipsos
2977 1419 3194 1474 quoque
3225 1405 3340 1461 haec
3370 1407 3535 1462 verba

1968 1490 2289 1560 respiciant:
2327 1493 2405 1546 Tu
2427 1502 2600 1546 autem
2631 1495 2782 1548 homo
2805 1511 2858 1548 es
2887 1503 2935 1549 et
2962 1511 3064 1548 non
3089 1495 3224 1550 Deus
3247 1498 3323 1564 ³¹;
3356 1507 3431 1564 et,
3452 1497 3536 1552 Ne

1970 1589 2048 1644 tu,
2085 1583 2186 1651 qui
2217 1598 2414 1652 pauper
2441 1599 2518 1649 es,
2559 1595 2607 1638 te
2647 1585 2804 1639 diviti
2839 1587 3121 1657 mquaveris
3145 1587 3213 1644 ³⁸.
3253 1587 3378 1645 Haec
3408 1599 3537 1646 sunt

1968 1686 2097 1742 ergo
2133 1689 2253 1742 qua:
2277 1674 2464 1729 scribit
2489 1673 2724 1731 Joannes
2762 1694 2775 1731 :
2813 1675 2880 1730 In
2901 1677 2996 1730 hoc
3023 1679 3380 1748 cognoscimus
3405 1696 3535 1750 quo-

1973 1764 2114 1816 niam
2158 1765 2214 1817 in
2256 1781 2316 1818 eo
2353 1782 2642 1830 manemus,
2676 1774 2727 1820 et
2767 1766 2876 1836 ipse
2903 1767 2958 1820 in
2986 1769 3134 1822 nobis
3156 1785 3175 1823 :
3195 1770 3444 1839 quoniam
3474 1768 3538 1822 de

307 1855 390 1908 ὅτι
413 1856 483 1908 ἐκ
524 1857 630 1910 τοῦ
657 1857 999 1926 Πνεύματος
1034 1859 1219 1912 αὐτοῦ
1252 1857 1509 1912 δέδωκεν
1531 1857 1695 1928 ἡμῖν.
1731 1861 1869 1914 Οὐκ-

1980 1852 2176 1923 Spiritu
2219 1871 2314 1909 suo
2355 1855 2498 1909 dedit
2545 1856 2693 1910 nobis
2713 1855 2990 1928 “.ltaque
3037 1867 3257 1929 propter
3302 1858 3540 1930 Spiritus

305 1945 392 1997 οὖν
443 1944 532 1998 διὰ
578 1945 674 2016 τὴν
717 1947 1004 2018 δεδομένην
1045 1949 1174 2018 ἡμῖν
1215 1948 1306 2001 τοῦ
1357 1948 1669 2019 Πνεύματος
1712 1950 1868 2021 χάριν

307 2037 460 2104 ἡμεῖς
486 2053 548 2088 τε
575 2039 632 2090 ὲν
671 2036 819 2108 αύτῷ
853 2038 1135 2109 γινόμεθα,
1169 2039 1262 2093 καὶ
1303 2039 1462 2102 αύτδς
1503 2041 1559 2092 ὲν
1591 2040 1740 2110 ἡμῖν’
1775 2041 1870 2093 καὶ

309 2128 488 2197 ἐπειδὴ
518 2128 580 2180 τὸ
611 2130 833 2200 Πνεῦμα
861 2130 953 2183 τοῦ
987 2130 1121 2183 Θεοῦ
1156 2132 1292 2195 ἐστι,
1317 2129 1404 2184 διὰ
1431 2131 1618 2184 τούτου
1651 2131 1867 2203 γινομέ-

307 2235 390 2271 νου
426 2221 484 2270 ὲν
525 2221 657 2291 ἡμῖν
689 2219 912 2283 εἰκότως
942 2222 1036 2274 καὶ
1069 2223 1247 2292 ἡμεῖς,
1293 2221 1504 2292 ἔχοντες
1523 2223 1583 2275 τὸ
1622 2221 1866 2293 Πνεῦμα,

307 2311 637 2381 νομιζόμεθα
683 2314 739 2366 ὲν
794 2313 870 2382 τῷ
920 2312 1037 2384 Θεῷ
1088 2312 1339 2382 γενέσθαι
1389 2314 1523 2386 (17)ο
1567 2315 1659 2368 καὶ
1699 2314 1871 2379 οὕτως

308 2405 448 2457 ἐστὶν
483 2406 512 2457 6
540 2403 669 2468 Θεὸς
692 2407 749 2458 ὲν
772 2409 921 2477 ἡμῖν.
954 2409 1065 2461 Ούκ
1098 2408 1203 2479 ἄρα
1227 2406 1300 2470 ὠς
1323 2404 1466 2459 ἔστιν
1489 2409 1518 2460 6
1541 2406 1668 2470 Υἱὸς
1705 2407 1761 2460 ὲν
1793 2407 1870 2479 τῷ

309 2498 498 2569 lla-:91,
533 2497 673 2551 οὕτω
718 2499 811 2552 καὶ
844 2502 1009 2570 ἡμεῖς
1035 2498 1297 2568 γινόμεθα
1335 2499 1392 2552 tv
1421 2497 1498 2568 τῷ
1530 2498 1704 2570 Πατρί
1733 2496 1866 2570 (18)⁶

307 2589 364 2640 οὗ
397 2589 504 2659 γὰρ
540 2589 634 2642 καὶ
661 2593 689 2642 ὁ
719 2591 845 2654 Υἱὸς
879 2593 1117 2664 μετέχων
1150 2591 1266 2644 ἐστὶ
1288 2591 1378 2644 τοῦ
1417 2590 1750 2662 Πνεύματος,
1785 2593 1871 2648 ἵνα

307 2678 391 2734 διὰ
415 2681 573 2734 τοῦτο
601 2683 694 2735 καὶ
723 2685 780 2735 ὲν
813 2683 890 2754 τῷ
933 2684 1106 2756 Πατρὶ
1137 2685 1379 2755 γένηται·
1426 2683 1544 2738 οὐδὲ
1583 2684 1872 2756 λαμϐάνων

310 2772 421 2824 ἐστὶ
451 2773 512 2826 τὸ
537 2774 648 2844 (19)
683 2775 926 2845 Πνεῦμα,
973 2777 1107 2830 ἀλλὰ
1155 2777 1352 2847 μᾶλλον
1397 2778 1558 2836 αὐτὸς
1588 2780 1698 2842 τοῖς
1739 2780 1872 2832 πᾶσι

307 2864 461 2916 τοῦτο
484 2867 728 2936 χορηγεῖ
765 2868 858 2920 καὶ
883 2868 944 2919 οὐ
970 2868 1031 2920 τὸ
1057 2868 1276 2939 Πνεῦμα
1302 2868 1393 2922 τὸν
1419 2869 1587 2938 Λόγον
1617 2869 1872 2924 συνάπτει

311 2954 385 3024 τῷ
426 2957 622 3025 Πατρὶ,
651 2956 786 3010 ἀλλὰ
817 2958 1014 3028 μᾶλλον
1044 2959 1105 3012 τὸ
1135 2959 1356 3030 Πνεῦμα
1392 2961 1540 3032 παρὰ
1577 2961 1670 3015 τοῦ
1699 2961 1872 3031 Λόγου

310 3043 594 3117 λαμϐάνει.
629 3049 739 3102 και
783 3049 811 3102 6
859 3050 956 3120 μὲν
996 3037 1124 3116 ris;
1166 3053 1222 3104 ὲν
1263 3051 1340 3122 τῷ
1380 3053 1554 3124 Πατρί
1593 3056 1767 3120 ἐστιν,
1797 3054 1875 3118 ὡς

311 3136 476 3203 Λόγος
532 3136 658 3198 ἴδιος
699 3139 794 3191 καὶ
831 3138 1167 3210 ἀπαύγασμα
1210 3139 1394 3193 αὐτοῦ’
1425 3142 1584 3212 ἡμεῖς
1609 3141 1666 3194 δὲ
1706 3144 1874 3214 χωρὶς

314 3227 406 3294 μὲν
424 3227 520 3281 τοῦ
545 3228 684 3281 Πνεύ
692 3247 856 3299 ματος
880 3230 1016 3295 ξένοι
1042 3231 1138 3284 καὶ
1165 3232 1382 3304 μακράν
1411 3234 1576 3304 ἐσμεν
1598 3233 1692 3288 τοῦ
1715 3234 1870 3287 Θεοῦ·

308 3321 377 3390 τῇ,
405 3319 464 3372 δὲ
508 3319 604 3374 τοῦ
633 3320 947 3392 Πνεύματος
985 3325 1184 3394 μετοχῇ
1229 3323 1606 3396 συναπτόμεθα
1642 3327 1708 3399 τῇ
1756 3325 1874 3380 θεό-

310 3425 444 3479 τητιο
477 3410 622 3464 ὥστε
651 3410 712 3463 τὸ
743 3405 882 3464 εἶναι
908 3411 1055 3481 ἡμᾶς
1088 3411 1144 3463 ὲν
1185 3409 1264 3481 τῷ
1303 3410 1478 3480 Πατρὶ
1513 3411 1587 3482 μὴ
1611 3412 1877 3483 ἡμέτερον

311 3497 466 3564 εἶναι,
502 3500 640 3554 ἀλλὰ
669 3500 762 3554 τοῦ
795 3501 932 3554 Πνεύ
942 3519 1107 3572 ματος
1145 3501 1238 3554 τοῦ
1270 3503 1327 3554 ὲν
1354 3503 1486 3572 ἡμῖν
1516 3501 1666 3565 ὄντος
1697 3504 1789 3556 καὶ
1819 3504 1877 3556 ὲν

311 3593 436 3662 ἡμῖν
465 3591 717 3661 μένοντος
734 3631 748 3654 ,
776 3592 880 3654 ἕως
905 3593 1035 3645 αὐτὸ
1071 3594 1136 3664 τῇ
1176 3592 1431 3663 ὁμολογίᾳ
1459 3591 1792 3664 φυλάττομεν
1820 3595 1876 3646 ὲν

314 3685 472 3753 ἡμῖν,
522 3682 773 3751 λέγοντος
817 3682 978 3736 πάλιν
1028 3682 1139 3753 (20)
1178 3676 1272 3736 τοῦ
1326 3683 1569 3737 Ἰωάννου
1589 3702 1602 3715 ο
1661 3686 1758 3749 Ὃς
1802 3684 1878 3737 ἂν

313 3773 683 3843 ὁμολογήσῃ,
715 3773 805 3827 ὅτι
849 3775 1084 3841 Ἰησοῦς
1125 3775 1297 3828 ἐστιν
1334 3777 1376 3829 ὁ·
1397 3774 1532 3841 Υἱὸς
1567 3775 1674 3829 τοῦ
1708 3775 1874 3839 Θεοῦ,

315 3871 344 3920 ό
385 3866 531 3932 Θεὸς
573 3866 646 3920 ὲν
691 3864 849 3931 αὺτῷ
891 3867 1087 3935 μένει,
1136 3865 1242 3920 καὶ
1281 3865 1463 3932 αὐτὸς
1502 3867 1571 3920 ἐν
1613 3865 1694 3931 τῷ
1733 3866 1874 3932 Θεῷ.

317 3958 443 4012 Ποία
469 3957 652 4010 τοίνυν
674 3955 782 4026 (21)
805 3958 1054 4028 ὁμοιότης
1076 3959 1168 4011 καὶ
1198 3956 1324 4010 ποία
1357 3957 1538 4028 ἰσότης
1561 3957 1714 4028 ἡμῶν
1742 3957 1877 4030 πρὸς

316 4045 398 4098 τὸν
447 4045 611 4111 Υἱόν;
663 4046 733 4099 Ἦ
783 4044 902 4108 πῶς
945 4047 1044 4098 οὐκ
1089 4046 1397 4118 ἐλέγχονται
1438 4044 1771 4115 πανταχόθεν
1827 4045 1887 4097 οἴ

329 4137 625 4208 ’Ᾱρειανοὶ,
670 4137 762 4190 καὶ
798 4137 1037 4208 μάλιστα·
1076 4138 1224 4208 παρὰ
1251 4136 1341 4190 τοῦ
1387 4135 1651 4200 Ἰωάννου,
1678 4136 1759 4189 ὃτι
1785 4135 1877 4190 άλ-

319 4223 417 4288 λως
446 4226 545 4296 μὲν
575 4227 603 4277 6
628 4225 756 4289 Υἱός
797 4227 942 4279 ἐστιν
983 4225 1041 4279 ὲν
1077 4225 1154 4292 τῷ
1185 4226 1386 4297 Πατρὶ,
1416 4225 1590 4288 ἄλλως
1627 4224 1689 4278 δὲ
1718 4226 1876 4296 ἡμεῖς

322 4314 371 4366 ὲν
412 4315 561 4387 αὐτῷ
601 4316 894 4387 γινόμεθα·
928 4317 1028 4369 καὶ
1059 4315 1182 4368 οὕτε
1219 4318 1377 4386 ἡμεῖς
1408 4316 1482 4380 ὼς
1522 4317 1724 4379 ἐκεῖνος
1756 4315 1875 4369 ἐσό-

326 4405 454 4473 μεθά
484 4424 637 4470 ποτε,
664 4405 787 4460 οὔτε
825 4407 854 4459 6
883 4407 1053 4474 Λόγος
1099 4406 1181 4478 ὡς,
1213 4409 1375 4476 ἡμεῖς
1410 4406 1664 4477 τυγχάνει
1696 4405 1792 4473 ὢν,
1828 4409 1875 4460 εί

1970 1945 2219 2016 gratiam,
2247 1961 2370 2017 qua)
2413 1947 2571 2004 nobis
2604 1949 2728 2005 data
2759 1957 2939 2016 est,et
2977 1964 3079 2005 nos
3121 1949 3177 2004 in
3211 1949 3302 2004 illo
3323 1965 3539 2016 sumus,

1969 2042 2022 2090 et
2051 2036 2138 2091 ille
2161 2046 2244 2092 est
2272 2037 2326 2092 in
2350 2039 2506 2094 nobis
2531 2059 2544 2094 :
2569 2055 2634 2096 ac
2673 2041 2898 2111 proinde
2918 2055 3042 2096 cum
3061 2039 3158 2095 Dei
3181 2041 3270 2097 ille
3300 2040 3550 2110 Spiritus

1971 2129 2063 2190 sit,
2090 2128 2294 2183 idcirco
2313 2129 2528 2198 quando
2549 2131 2706 2185 illein
2737 2130 2896 2186 nobis
2919 2129 3093 2196 adest,
3122 2145 3244 2197 nos,
3275 2131 3366 2200 qui
3391 2145 3555 2185 eums

1969 2217 2090 2272 dem
2131 2216 2392 2288 Spiritum
2427 2219 2712 2286 habemus,
2754 2219 2878 2290 jure
2918 2219 3112 2274 merito
3162 2218 3217 2273 in
3262 2218 3374 2274 Deo
3418 2235 3540 2274 esse

1969 2308 2347 2364 existimamur
2375 2327 2388 2363 :
2419 2325 2591 2379 eaque
2620 2309 2832 2364 ratione
2854 2307 2996 2364 Deus
3020 2317 3102 2362 est
3134 2308 3188 2362 in
3220 2308 3399 2363 nobis.
3421 2306 3542 2364 Non

1971 2399 2137 2471 igitur
2175 2409 2236 2454 ut
2275 2408 2358 2454 est
2385 2398 2556 2455 Filius
2590 2401 2643 2454 in
2669 2400 2852 2468 Patre,
2878 2401 2954 2456 ita
2978 2411 3033 2456 et
3059 2415 3158 2456 nos
3185 2401 3239 2454 in
3273 2398 3434 2454 Patre
3454 2413 3542 2454 su-

1971 2507 2113 2546 mus.
2145 2489 2390 2562 Namque
2427 2491 2598 2546 Filius
2638 2507 2746 2546 non
2787 2493 2846 2546 iit
2891 2490 3147 2562 Spiritus,
3179 2490 3448 2560 particeps
3480 2497 3540 2543 ut

1971 2583 2044 2639 sit
2089 2583 2142 2638 in
2187 2581 2369 2650 Patre,
2395 2599 2569 2653 neque
2597 2584 2714 2653 ipse
2753 2583 3014 2653 Spiritum
3048 2582 3263 2650 accipit,
3291 2581 3384 2636 sed
3411 2596 3538 2636 eum

1969 2673 2152 2745 potius
2178 2674 2429 2732 omnibus
2457 2674 2714 2743 impertit.
2739 2671 2847 2728 Nec
2879 2673 3004 2727 item
3033 2671 3268 2741 Spiritus
3298 2667 3536 2723 Verbum

1972 2781 2097 2820 cum
2146 2764 2307 2820 Patre
2356 2765 2656 2835 coniungit,
2703 2763 2796 2818 sed
2846 2763 3028 2834 potius
3083 2760 3316 2831 Spiritus
3363 2759 3466 2814 hoc
3507 2774 3538 2813 a

1972 2855 2152 2912 Verbo
2201 2857 2418 2927 accipit.
2458 2855 2699 2926 Denique
2737 2854 2910 2909 Filius
2963 2855 3018 2910 in
3063 2852 3227 2908 Patre
3263 2850 3425 2924 455
3457 2859 3542 2906 est

1972 2959 2231 3020 tanquam
2271 2949 2548 3019 proprium
2585 2949 2706 3017 ejus
2737 2945 2974 3001 Verbum
3019 2954 3075 3000 et
3115 2944 3408 3014 splendor:
3439 2957 3544 2998 nos

1973 3049 2179 3106 autem,
2227 3039 2493 3114 siquidem
2540 3039 2682 3093 absit
2727 3035 2985 3106 Spiritus,
3023 3036 3186 3091 alieni
3220 3043 3273 3091 et
3297 3034 3542 3106 procula

1975 3131 2088 3187 Deo
2107 3147 2331 3198 sumus;
2357 3131 2449 3186 sed
2474 3129 2710 3199 Spiritus
2730 3128 3022 3199 participes
3042 3127 3237 3194 eﬂ‘ecti,
3268 3141 3392 3182 cum
3422 3125 3542 3195 ipsa

1977 3222 2360 3292 conjungimur
2382 3221 2684 3285 divinitate,
2709 3235 2774 3275 ac
2802 3219 3029 3290 proinde
3049 3235 3156 3274 non
3189 3226 3436 3273 nostrum
3458 3225 3543 3272 cst

1977 3327 2081 3367 nos
2107 3327 2229 3367 esse
2258 3312 2312 3366 in
2337 3311 2518 3376 Patre,
2544 3311 2637 3366 sed
2660 3309 2898 3385 Spiritus
2921 3312 3014 3381 qui
3037 3311 3091 3364 in
3122 3309 3278 3364 nobis
3299 3317 3382 3364 est
3407 3316 3461 3363 et
3485 3308 3540 3362 in

1976 3404 2134 3458 nobis
2160 3412 2362 3468 manet,
2391 3401 2632 3474 quandiu
2664 3403 2871 3457 scilicet
2897 3417 3019 3456 eum
3045 3401 3099 3456 in
3135 3401 3294 3456 nobis
3326 3398 3544 3455 confes-

1977 3495 2127 3548 sione
2148 3493 2506 3559 servabimus,
2527 3503 2586 3548 ut
2610 3494 2748 3547 idem
2777 3491 3016 3548 Joannes
3041 3493 3126 3547 his
3147 3492 3325 3547 verbis
3349 3491 3536 3545 docet:

1978 3585 2224 3654 Quisquis
2269 3585 2539 3654 confessus
2587 3585 2747 3654 fuerit
2792 3581 2974 3636 Iesum
3023 3598 3136 3637 esse
3181 3581 3382 3635 Filium
3421 3579 3544 3645 Dei,

1976 3675 2114 3729 Deus
2149 3677 2205 3729 in
2231 3692 2289 3730 eo
2317 3685 2512 3740 manet,
2538 3685 2587 3730 et
2613 3676 2722 3744 ipse
2747 3675 2802 3728 in
2843 3674 2949 3727 Deo
2973 3674 3038 3728 ³⁸.
3065 3671 3196 3738 Quae
3223 3687 3352 3741 ergo
3384 3669 3542 3724 nobis

1977 3767 2274 3823 similitudo
2301 3768 2385 3823 vel
2411 3767 2694 3838 aequalitas
2731 3777 2816 3822 est
2842 3782 2966 3822 cum
2999 3764 3178 3820 Filio?
3213 3763 3302 3819 Vel
3334 3763 3539 3834 potius.

1977 3874 2160 3914 annon
2207 3859 2446 3928 undique
2473 3860 2814 3928 maximeque
2845 3875 2873 3913 a
2905 3857 3114 3912 Joanne
3145 3855 3543 3911 convincuntur

1977 3951 2184 4014 Ariani,
2217 3951 2374 4006 aliter
2395 3951 2593 4006 Filium
2630 3951 2684 4005 in
2720 3951 2879 4005 Patre
2911 3964 3055 4012 esse,
3084 3955 3139 4004 et
3175 3946 3331 4002 aliter
3355 3961 3458 4000 nos
3485 3945 3546 3999 in

1975 4044 2165 4098 eodem
2187 4057 2328 4107 esse,
2359 4058 2536 4112 neque
2564 4057 2668 4098 nos
2692 4056 2932 4112 unquam
2971 4039 3111 4096 sicut
3129 4039 3279 4094 illum
3305 4037 3542 4100 futuros,

1977 4149 2151 4206 neque
2164 4133 2400 4190 Verbum
2436 4134 2693 4189 sicutnos
2711 4148 2852 4197 esse,
2881 4131 2986 4187 nisi
3018 4132 3179 4199 forte,
3206 4139 3265 4186 ut
3293 4145 3411 4183 mos
3436 4128 3548 4184 illis

1975 4233 2079 4290 est,
2120 4224 2211 4279 bic
2255 4239 2467 4294 quoque
2515 4233 2718 4279 temere
2766 4223 3096 4278 contendant
3144 4221 3305 4276 etiam
3342 4217 3540 4274 Filium

1978 4316 2182 4386 ipsum,
2204 4315 2422 4370 nonnisi
2455 4313 2690 4384 Spiritus
2708 4314 3022 4384 participem
3052 4311 3303 4367 elfectum
3327 4320 3380 4365 et
3399 4318 3545 4364 recte

1977 4407 2136 4462 iactis
2164 4406 2432 4461 meruisse
2460 4415 2520 4460 ut
2551 4406 2606 4460 iu
2633 4405 2791 4460 Patre
2820 4411 2984 4470 esset,
3008 4403 3152 4474 quod
3176 4411 3322 4458 certe
3347 4401 3429 4457 vel
3457 4416 3546 4456 so-

325 4495 393 4567 μὴ
414 4495 521 4569 ἄρα
549 4499 932 4568 τολμήσουσιν,
951 4497 1024 4562 ὡς
1043 4498 1102 4551 ὲν
1130 4499 1281 4564 πᾶσι,
1309 4498 1404 4552 καὶ
1428 4498 1523 4552 νῦν
1544 4499 1714 4551 εἰπεῖν
1737 4497 1872 4570 (22),

1980 4501 2090 4555 lum
2133 4498 2357 4570 uagitari
2403 4498 2610 4569 absque
2630 4512 2841 4553 summa
2865 4496 3143 4566 impietate
3184 4509 3292 4549 non
3347 4498 3542 4564 potest.

389 4677 646 4735 “Ezecb.
672 4695 861 4746 xxvm,
885 4680 939 4735 ἓ.
1019 4681 1064 4714 ³³
1086 4679 1244 4738 Prov.
1275 4697 1438 4750 xxm,
1471 4683 1525 4737 4.
1603 4683 1648 4715 ³³
1680 4680 1700 4736 1
1725 4681 1872 4739 Joan.

2005 4683 2092 4739 15.
2166 4681 2212 4714 ⁸⁸
2251 4679 2382 4736 ibid.
2423 4677 2514 4734 i5.

389 4861 495 4933 (I3)
525 4861 746 4933 G_obler.
775 4870 830 4915 et
853 4860 997 4933 Felc.
1029 4861 1053 4933 1
1077 4901 1094 4925 ,
1129 4863 1165 4920 6.
1179 4860 1234 4913 δὲ
1257 4861 1556 4933 άπόστολος
1599 4864 1869 4933 Ἰωάννης.

394 4931 500 4998 (14)
515 4930 640 5001 ᾉΒίο
668 4938 892 5000 uterque
922 4930 1122 5001 Regius
1145 4941 1215 5001 iet
1251 4930 1565 5001 seguerian.
1611 4935 1680 4987 At
1710 4930 1872 4988 Basil.

329 4999 474 5088 92?}:
509 4999 871 5088 Ξςιςτιςι
892 4999 1350 5088 eadem
1391 5003 1574 5088 ἡμεῖε
1605 5003 1798 5088 επεξετί
1825 5012 1879 5088 εξ

327 5071 480 5142 editio
508 5071 798 5142 Comme|.,
835 5069 1034 5142 διδάξει
1065 5087 1126 5142 τε
1165 5069 1282 5142 πῶς
1313 5069 1491 5142 ἡμεῖς.
1528 5072 1647 5126 Mos
1680 5071 1809 5142 Reg.
1835 5071 1872 5142 41

324 5139 623 5263 ἓὲεὸῗευειυ,
658 5141 818 5211 ἡμεῖς
844 5141 944 5210 μὲν
969 5143 1028 5193 ὲν
1065 5139 1232 5211 αὐτῷ.
1258 5139 1314 5194 In
1336 5139 1477 5196 "aliis
1501 5150 1557 5196 et
1590 5142 1750 5197 editis
1764 5139 1878 5212 ’μέν

416 5225 440 5262 s
468 5246 482 5261 .

392 5278 496 5350 (l5)
523 5277 713 5350 Rasil.,
735 5278 890 5350 κατά
912 5278 1091 5348 φύσιν.
1118 5278 1354 5350 Anglic.,
1387 5281 1453 5350 τῇ
1485 5279 1664 5350 φύσει.

391 5333 496 5414 (16)
522 5333 740 5419 Goblei‘.
765 5363 819 5419 et
850 5333 994 5405 Feic.
1027 5333 1301 5413 1,ίτοίνυυνί
1320 5333 1577 5419 Ἰωάννης
1596 5349 1798 5418 λέγων..

359 5419 494 5539 697)
523 5417 658 5490 Reg.
691 5419 743 5486 1,
788 5413 1010 5490 Seguer.
1052 5419 1266 5475 Gobler.
1297 5429 1356 5473 et
1377 5413 1578 5474 Felcﬁl
1600 5458 1617 5485 ,
1656 5413 1880 5490 γεγενῆ-

327 5503 464 5541 συαι.

395 5558 512 5630 (18)
548 5557 640 5613 Sic
669 5557 804 5630 Reg.
841 5559 893 5630 l,
926 5557 1242 5630 Segueriau.
1271 5559 1557 5630 Anglican.
1578 5558 1802 5630 ,Gobler.
1828 5568 1882 5614 et

329 5625 462 5704 licio.
484 5625 543 5704 1,
577 5625 850 5704 214111ςῖιᾶ
881 5625 1024 5704 legit'
1049 5628 1313 5704 Nannius.
1345 5625 1512 5704 Ktjn
1541 5629 1669 5704 aliis
1687 5638 1745 5704 et_
1767 5629 1882 5704 edi-

331 5697 460 5770 tione
487 5698 762 5770 (ξοηιιηιειἒ
787 5698 902 5770 h_:pc
939 5697 1134 5770 desunt
1169 5699 1361 5763 verba,
1401 5697 1543 5752 οὕτω
1593 5701 1682 5754 καὶ
1724 5700 1884 5770 ἡμεῖς

329 5767 573 5868 γινόμεθα
602 5770 659 5823 ὲν
691 5767 773 5838 τῷ
805 5767 996 5838 Πατρί.
1576 5801 1583 5807 -

2047 4862 2160 4947 (t9)
2191 4861 2459 4947 δίειμι·
2499 4862 2525 4915 ί
2546 4860 2842 4947 εὲθεξιοετ.
2862 4857 3548 4947 βρυιθτκεξεξεὲξτ,ἐ;ἑξ

1978 4931 2069 4988 alii
2107 4931 2163 4988 et
2204 4932 2334 4987 editi
2367 4931 2428 4984 τό
2455 4931 2728 4988 omittunt.
2770 4931 2901 4985 Ibid.
2932 4932 3045 4985 huic
3084 4944 3203 4998 qua:
3246 4937 3548 4997 sequuntur

1979 5003 2174 5080 verba,
2391 5000 2590 5080 μᾶλλον
2616 5001 2779 5080 astu;
2816 5003 2927 5080 τοῖς
2951 4997 3277 5080 ςπᾷσιίτοαῦτο
3302 4999 3563 5080 χορηγεῖ,

1978 5073 2073 5126 κα)⁵
2105 5071 2166 5124 οὐ
2199 5071 2260 5124 τὸ
2281 5067 2504 5140 Πνεῦμα
2536 5071 2792 5124 συνάπτει
2820 5070 2911 5122 τὸν
2935 5071 3104 5140 Λόγολι
3128 5067 3205 5136 τῷ
3228 5067 3422 5140 lla-9i,
3455 5067 3549 5140 dg-

1980 5151 2110 5197 sunt
2137 5141 2191 5194 in
2224 5135 2441 5196 Goblerl
2473 5149 2528 5195 et
2550 5139 2694 5196 Felc.
2735 5141 2783 5194 1.
2817 5135 3032 5193 ibidem
3061 5135 3191 5201 Reg.
3226 5137 3282 5201 2,
3312 5135 3456 5190 Felc.
3491 5135 3548 5199 5,

1981 5221 2036 5266 et
2061 5211 2298 5282 Anglia,
2329 5209 2608 5282 παρά-τοῦ
2629 5209 2801 5278 Λόγου
2831 5207 2990 5261 τοῦτο
3020 5205 3304 5276 λαμὸάνει.
3334 5207 3394 5260 In
3426 5205 3554 5259 aliis

1983 5291 2038 5336 et
2063 5279 2222 5335 ediiis
2249 5279 2594 5334 ἀθεειτοῦτο.

2059 5349 2172 5421 (20)
2210 5347 2412 5421 Regius
2449 5350 2660 5421 primus
2681 5356 2736 5402 et
2755 5345 2996 5421 “Seguer.
3018 5384 3034 5409 ,
3075 5342 3325 5412 λέγοντος
3367 5343 3547 5398 πάλιν.

1986 5415 2180 5475 Caéter'i
2207 5428 2260 5472 et
2289 5415 2716 5486 ἑᾱίιὶ,”λέγοντος
2750 5416 2807 5468 δὲ
2844 5415 3022 5486 πάλιν.

2061 5489 2173 5558 (21)
2216 5489 2307 5558 Sic
2333 5487 2460 5558 Reg.
2500 5483 2617 5558 ir'et
2645 5484 2870 5558 Seguer.
2908 5485 2967 5558 in
2990 5483 3112 5558 aliis
3143 5491 3198 5538 et
3219 5483 3381 5558 editis
3402 5484 3554 5558 deest

1987 5553 2184 5613 τοίνυν.
2213 5557 2333 5612 Mox
2351 5553 2497 5626 Reg.
2526 5557 2547 5608 1
2582 5553 2908 5626 ethe‘gnen,
2929 5555 3237 5626 ἐλέγχονται
3268 5553 3549 5626 πάντοθεν,

2059 5629 2172 5702 (Ξὲ)
2214 5627 2306 5702 Sic
2340 5623 2470 5702 Regi
2505 5626 2526 5677 l
2560 5633 2614 5702 et
2637 5623 2860 5702 Seguer.
2889 5626 2958 5702 At
2996 5623 3311 5702 ngler._et
3339 5623 3482 5702 Felc.
3503 5626 3551 5702 _i

1989 5694 2230 5767 τολμῶσι
2269 5698 2326 5748 ἐν
2356 5695 2486 5767 πᾶσι
2532 5697 2630 5767 και
2665 5694 2785 5767 νῦνμ
2810 5695 3001 5767 εἰπεῖν.
3031 5694 3264 5767 _Ca:teriA
3299 5704 3354 5767 et
3391 5694 3558 5767 editio
3607 5755 3619 5763 ,

1991 5761 2277 5823 Οοὼωο1.,
2315 5761 2581 5833 τολμῶσιν
2616 5764 2673 5816 ἐν
2713 5763 2845 5818 πᾶσι
2875 5765 2967 5820 καὶ
2996 5761 3092 5820 νῦν
3117 5765 3195 5828 εἰς
3221 5761 3279 5817 τδ
3306 5766 3492 5817 εἰπεῖν.
