3944 6222
370 307 479 368 573

934 308 990 362 S.
1035 308 1408 366 ATllANASII
1450 311 1604 370 OPP.
1639 311 1821 369 PARS
1861 313 1898 367 Ι.
1937 345 2008 353 —
2045 310 2418 367 RISTORICA
2458 309 2546 364 ET
2587 309 3008 367 DOGMATICA.

3505 312 3611 368 576

369 423 633 492 Namque,
667 430 724 475 ut
761 421 962 476 dictum
1001 432 1104 488 est,
1141 424 1255 494 ipse
1287 425 1379 480 dat
1420 424 1667 496 Spiritui,
1699 437 1754 482 et
1795 443 1935 496 quato

2055 429 2118 481 ict
2152 428 2245 480 καὶ
2276 429 2303 480 6
2337 426 2466 490 Υἱὸς
2507 429 2704 498 μετοχῇ
2734 427 2826 480 τοῦ
2869 427 3179 498 Πνεύματος
3216 427 3309 481 καὶ
3341 427 3613 496 βελτιώσει

369 528 583 583 cunque
609 511 844 582 Spiritus
865 512 1048 578 habet,
1077 515 1193 569 haec
1211 530 1242 569 a
1263 511 1443 569 Verbo
1472 517 1655 571 habet.

2039 517 2290 590 πράξεως
2336 516 2526 586 γέγονε
2567 518 2661 571 xat
2702 518 2861 582 αὐτὸς
2899 521 2954 574 ἐν
2982 519 3059 590 τῷ
3092 521 3284 592 Πατρί.
3331 521 3490 575 Ἀλλὰ
3520 525 3615 579 καὶ

365 604 522 658 τοῦτο
550 605 708 660 πάλιν
763 606 1024 679 ὑπερλίαν
1076 610 1220 662 ἐστὶν
1266 610 1457 674 ἀσεϐὲς
1517 610 1619 665 κᾶν
1670 611 1805 674 ὅλως
1865 611 1945 675 είς
2003 609 2296 682 ἐνθύμησιν
2344 610 2545 665 λαϐεῖν,
2593 605 2762 674 Ὰὺτὺς
2807 611 2948 684 γὰρ,
3002 611 3186 682 ὥσπερ
3239 614 3480 685 εἴρηται,
3535 615 3615 688 τῷ

369 696 643 766 Πνεύματι
675 697 786 768 (24)
817 698 1032 768 δίδωσι,
1063 700 1157 754 καὶ
1184 701 1282 754 ὅσα
1308 701 1418 771 ἔχει
1447 701 1506 754 c6
1533 702 1755 772 Πνεῦμα
1790 701 1941 774 παρά
1977 701 2071 755 τοῦ
2103 701 2275 771 Λόγου
2308 701 2439 774 ἔχει.

436 789 525 842 25.
566 789 700 842 Cum
733 791 895 858 igitur
923 791 990 847 de
1015 793 1174 847 nobis
1204 792 1341 847 dixit
1372 791 1640 857 Salvator,
1675 792 1823 847 Sicut
1859 804 1940 860 tu,

375 880 576 944 Pater,
638 881 692 933 in
735 897 845 948 me,
879 891 928 936 et
963 899 1055 952 ego
1098 884 1154 936 in
1209 892 1294 945 te,
1344 891 1400 935 ut
1461 893 1510 937 et
1550 885 1653 951 ipsi
1698 885 1750 937 in
1792 883 1942 937 nobis

369 986 531 1024 unum
568 973 672 1026 sint
697 969 762 1040 ³⁸,
808 988 917 1027 non
962 989 1062 1029 nos
1096 973 1312 1028 eosdem
1349 988 1413 1027 ac
1443 975 1682 1044 seipsum
1718 974 1830 1029 fore
1870 975 1944 1030 si-

369 1062 661 1132 gniﬁcavit,
699 1071 756 1118 ut
782 1080 850 1119 ex
873 1064 1024 1120 Jonas
1052 1068 1299 1137 exemplo
1326 1069 1705 1137 probavimus;
1737 1067 1830 1122 sed
1861 1077 1946 1123 est

371 1155 662 1224 postulatio
686 1172 792 1226 qua
821 1155 1033 1212 Patrem
1062 1167 1335 1228 precatur,
1363 1160 1439 1213 uti
1467 1160 1653 1214 Scribit
1682 1158 1940 1226 Joannes,

375 1252 435 1298 ut
470 1242 728 1315 Spiritum
762 1261 856 1316 per
883 1262 941 1302 se
959 1247 1232 1318 impertiat
1261 1251 1627 1316 credentibus,
1661 1268 1755 1322 per
1780 1268 1941 1322 quem

369 1335 618 1390 videmur
645 1345 697 1390 et
722 1336 775 1390 in
804 1336 915 1392 Deo
939 1353 1081 1404 esse,
1105 1349 1158 1394 et
1183 1356 1280 1411 per
1303 1343 1554 1396 eumdem
1586 1343 1638 1396 in
1673 1343 1789 1411 ipso
1814 1358 1944 1396 con—

369 1430 542 1496 jttngi.
575 1427 712 1496 Quia
740 1431 885 1485 enim
912 1429 1151 1487 Verbum
1190 1443 1274 1491 est
1321 1436 1377 1490 in
1413 1435 1595 1501 Patre,
1624 1446 1678 1490 et
1709 1435 1944 1505 Spiritus

371 1538 439 1576 ex
468 1522 645 1584 Verbo
669 1523 849 1588 datur,
891 1539 992 1578 nos
1023 1525 1227 1581 idcirco
1262 1526 1523 1597 Spiritum
1555 1528 1702 1598 cupit
1729 1527 1944 1596 accipe-

374 1632 452 1676 re,
485 1623 545 1669 ut
575 1632 697 1671 cum
729 1633 853 1672 eum
881 1622 1276 1692 acceperimus,
1315 1632 1445 1677 tunc
1481 1620 1744 1691 Spiritum
1783 1619 1942 1675 Verbi

371 1708 427 1760 in
462 1707 618 1763 Patre
662 1711 974 1766 exsistentis
1011 1712 1295 1777 habentes,
1348 1713 1514 1767 etiam
1554 1728 1656 1768 nos
1701 1712 1802 1782 ipsi
1849 1726 1946 1782 per

374 1796 656 1864 Spiritum,
692 1816 863 1855 unum
894 1800 950 1856 in
991 1800 1167 1858 Verbo
1193 1810 1248 1858 et
1276 1818 1372 1873 per
1402 1801 1638 1857 Verbum
1684 1803 1740 1857 in
1787 1800 1944 1858 Patre

369 1889 546 1944 cli‘ccti
573 1905 692 1947 esse
732 1893 1038 1949 videamur.
1079 1893 1139 1949 Id
1181 1902 1364 1949 autem
1397 1894 1542 1964 quod
1586 1895 1685 1959 ait,
1720 1903 1776 1947 ut
1828 1910 1941 1960 nos,

371 1980 504 2035 nihil
553 1981 700 2036 aliud
759 1982 965 2038 indicat
1003 1999 1190 2054 quam,
1225 1991 1286 2039 ut
1338 1982 1653 2054 huiusmodi
1710 1984 1946 2053 Spiritus

370 2071 545 2142 gratia
575 2073 630 2126 in
666 2070 966 2142 discipulos
995 2073 1200 2141 infusa,
1236 2075 1445 2131 stabilis
1482 2083 1536 2130 et
1574 2074 1946 2129 irrevocabilis

371 2167 649 2220 reddatur.
685 2165 908 2238 Nempe,
941 2178 1000 2224 ut
1039 2185 1203 2241 supra
1229 2170 1514 2241 explicavi,
1553 2169 1605 2224 id
1634 2172 1778 2240 quod
1815 2168 1948 2224 Ver-

373 2255 442 2309 bo
482 2256 536 2310 in
569 2255 727 2312 Patre
756 2269 952 2314 natura
999 2260 1162 2327 inest,
1212 2262 1319 2318 hoc
1363 2261 1522 2318 nobis
1551 2278 1645 2332 per
1681 2261 1946 2331 Spiritum

372 2346 446 2400 ita
502 2347 615 2401 vult
652 2347 770 2403 dari
821 2358 882 2404 ut
919 2350 989 2405 sit
1037 2351 1412 2408 irrevocabile.
1470 2350 1624 2419 Quod
1671 2367 1794 2406 cum
1839 2369 1946 2408 non

371 2438 644 2510 ignoraret
659 2441 968 2510 Apostolus,
992 2443 1094 2497 ait:
1114 2442 1245 2507 Quis
1262 2460 1356 2497 nos
1375 2443 1640 2514 separabit
1662 2461 1696 2497 a
1711 2445 1949 2498 cltarita—
1979 2481 1986 2488 ρ

373 2538 422 2582 te
450 2529 651 2584 Christi
671 2530 749 2582 '7?
783 2530 925 2585 Nam
956 2532 1055 2588 Dei
1080 2536 1219 2589 dona
1239 2544 1290 2590 et
1313 2536 1489 2606 gratia
1519 2536 1809 2590 vocationis
1834 2535 1947 2606 (25)

370 2624 741 2680 irrevocabilia
779 2637 903 2680 sunt
932 2627 998 2681 ³⁸.
1041 2626 1228 2699 itaque
1261 2629 1495 2699 Spiritus
1523 2637 1608 2684 est
1629 2630 1721 2698 qui
1753 2629 1807 2683 in
1841 2628 1950 2684 Deo

369 2716 601 2779 exsistit,
630 2731 738 2771 non
766 2725 945 2773 antem
972 2735 1072 2774 nos
1103 2720 1400 2774 secundum
1430 2735 1549 2774 nos.
1578 2716 1728 2773 Unde
1759 2735 1946 2788 quem-

371 2807 666 2862 admodum
699 2807 795 2862 ﬁlii
825 2819 879 2864 et
909 2810 984 2864 dii
1023 2809 1287 2864 emcimur
1320 2811 1390 2865 ob
1428 2808 1666 2864 Verbum
1706 2809 1851 2879 quod
1895 2810 1947 2864 in

369 2898 528 2952 nobis
576 2897 891 2954 habemus:
938 2900 1011 2954 ita
1058 2900 1110 2954 in
1159 2899 1297 2954 Filio
1341 2909 1395 2956 et
1436 2901 1492 2955 in
1529 2899 1691 2958 Patre
1722 2901 1950 2968 erimus,

375 3003 657 3058 unumque
701 2990 756 3043 in
817 2991 1010 3045 iisdem
1069 2991 1244 3049 effecti
1295 3008 1416 3049 esse
1473 2994 1947 3060 existimabimur,

2113 794 2202 848 25.
2229 793 2434 846 Οὐκοῦν
2467 795 2495 847 6
2523 793 2708 867 Σωτὴρ
2734 794 2908 863 λέγων
2949 793 3076 864 περὶ
3108 793 3262 865 ἡμῶν
3293 795 3374 858 c6,
3409 795 3613 863 Καθὼς

2043 885 2147 950 σὺ,
2175 885 2384 952 Πάτερ,
2418 885 2488 936 ἐν
2520 885 2669 954 ἐμοὶ,
2699 883 2856 953 κάγὼ
2880 884 2948 937 ἐν
2976 884 3096 947 σοὶ,
3122 885 3220 936 ἵνα
3245 885 3522 938 καὶαύτω
3547 887 3616 939 ἐν

2045 979 2188 1048 ἡμῖν
2219 978 2288 1032 ἓν
2326 974 2508 1042 ὦσιν,
2552 977 2612 1030 οὐ
2644 976 2743 1046 τὴν
2787 975 3088 1047 ταυτότητα
3130 977 3274 1048 ἡμᾶς
3304 976 3451 1047 αὐτῷ
3487 977 3614 1047 μέλ-

2045 1068 2234 1132 λοντας
2265 1069 2376 1137 (25)
2402 1067 2545 1140 ἐχειν
2578 1065 2852 1138 σημαίνει·
2887 1065 3096 1137 ἐδείχθη
3122 1067 3228 1137 γὰρ
3262 1069 3325 1119 ἐκ
3347 1065 3441 1118 τοῦ
3477 1067 3617 1122 κατά

2044 1159 2135 1210 τὸν
2175 1159 2356 1212 Ἰωνᾶν
2397 1157 2837 1230 παραδείγματος
2875 1157 2968 1210 καὶ
3000 1156 3188 1209 τοῦτο·
3232 1157 3366 1210 ἀλλά
3398 1157 3616 1222 ἁξίωσίς

2045 1249 2158 1301 ἐστι
2177 1248 2312 1322 πρὸς
2333 1249 2422 1302 τὸν
2454 1247 2692 1318 Πατέρα,
2709 1245 2784 1309 ὡς
2814 1246 3108 1316 ὀἸωάννης
3127 1246 3362 1318 ἔγραψεν
3381 1248 3511 1316 (26),
3531 1248 3618 1301 ἵνα

2042 1339 2104 1392 τὸ
2154 1339 2377 1409 Πνεῦμα
2412 1337 2702 1410 χαρίσηται
2732 1337 2798 1390 δι’
2831 1336 2994 1391 αὑτοῦ
3039 1340 3150 1401 τοῖς
3189 1335 3520 1399 πιστεύουσι,
3551 1337 3616 1390 δι’

2043 1424 2103 1485 οῦ
2137 1432 2233 1484 καὶ
2261 1430 2521 1501 δοκοῦμεν
2555 1431 2612 1483 ἐν
2639 1429 2718 1500 τῷ
2739 1429 2856 1500 Θεῷ
2879 1427 3144 1498 γίνεσθαι,
3170 1429 3264 1482 καὶ
3294 1427 3436 1482 κατὰ
3461 1428 3619 1481 τοῦτο

2047 1521 2414 1577 συνάπτεσθαι
2442 1524 2499 1574 ἐν
2527 1521 2694 1592 αὐτῷ.
2742 1521 2956 1592 Ἐπειδὴ
2993 1521 3102 1591 γὰρ
3133 1522 3161 1573 6
3188 1519 3358 1587 Λόγος
3391 1520 3534 1572 ἐστὶν
3559 1521 3618 1572 ἐν

2047 1612 2123 1683 τῷ
2162 1611 2354 1682 Πατρὶ,
2401 1611 2464 1664 τὸ
2492 1611 2549 1664 δέ
2578 1609 2800 1680 Πνεῦμα
2835 1611 2900 1663 ἐκ
2932 1608 3023 1662 τοῦ
3055 1608 3226 1678 Λόγου
3263 1609 3371 1679 (27)
3398 1607 3615 1670 δίδοται,

2050 1704 2192 1757 θέλει
2225 1703 2410 1757 λαϐεῖν
2456 1705 2603 1775 ἡμᾶς
2643 1703 2705 1756 τὸ
2745 1701 2990 1773 Πνεῦμα,
3020 1701 3126 1765 ἴνα,
3158 1703 3284 1755 ὅταν
3317 1702 3490 1754 ἐκεῖνο
3518 1699 3615 1753 λά-

2048 1794 2249 1866 6ωμεν,
2277 1794 2397 1847 τότε
2429 1793 2642 1864 ἔχοντες
2671 1791 2732 1845 τὸ
2756 1791 2979 1863 Πνεῦμα
3016 1790 3109 1845 τοῦ
3140 1791 3316 1860 Λόγου
3347 1788 3439 1843 τοῦ
3468 1789 3618 1853 ὄντος

2046 1891 2104 1942 ἐν
2135 1886 2211 1958 τῷ
2248 1886 2455 1957 Ila-cpt,
2499 1883 2735 1955 δόξωμεν
2777 1885 2873 1938 καὶ
2914 1885 3072 1955 ἡμεῖς
3099 1883 3188 1938 διὰ
3219 1883 3278 1936 τὺ
3310 1881 3531 1952 Πνεῦμα
3560 1881 3620 1933 ἓν

2045 1980 2287 2051 γίνεσθαι
2323 1980 2435 2050 (28)
2476 1979 2534 2032 ἐν
2565 1977 2642 2050 τῷ
2671 1977 2849 2048 Λόγῳ,
2881 1977 2975 2030 καὶ
3013 1977 3078 2031 δι’
3117 1975 3280 2029 αὑτοῦ
3311 1974 3388 2046 τῷ
3421 1974 3616 2040 Πατρί.

2047 2074 2119 2126 Τὸ
2146 2073 2224 2137 δέ,
2255 2073 2336 2138 ὡς
2358 2069 2550 2140 ἡμεῖς,
2582 2070 2674 2122 ἐὰν
2701 2069 2855 2142 λέγῃ,
2884 2067 3033 2122 οὐδὲν
3056 2069 3240 2138 ἕτερον
3269 2066 3428 2120 πάλιν
3449 2065 3618 2130 ἐστὶν,

2045 2165 2079 2235 ἢ
2109 2165 2196 2219 ἵνα
2242 2164 2276 2235 ἡ
2314 2162 2571 2233 γινομένη
2609 2161 2831 2231 τοιαύτη
2874 2159 2966 2214 τοῦ
3006 2157 3319 2230 Πνεύματος
3351 2158 3507 2229 χάρις
3540 2157 3621 2220 είς

2046 2257 2172 2320 τοὺς
2202 2255 2444 2328 μαθητὰς
2469 2254 2800 2317 ἀδιάπτωτος
2825 2252 2917 2306 καὶ
2945 2250 3354 2324 ἀμεταμέλητος
3383 2250 3494 2321 (29)
3526 2249 3620 2319 γε’

2046 2366 2224 2421 νηται.
2260 2348 2333 2400 Τὸ
2361 2347 2469 2418 γὰρ
2499 2346 2638 2400 κατὰ
2663 2345 2841 2415 φύσιν,
2866 2345 2940 2408 ὡς
2965 2345 3241 2413 προεῖπον,
3274 2341 3516 2413 ὑπάρχον
3543 2340 3621 2412 τῷ

2049 2439 2206 2509 Λόγῳ
2239 2440 2297 2492 ἐν
2330 2437 2407 2509 τῷ
2447 2438 2658 2508 Πατρὶ,
2697 2436 2853 2490 τοῦτο
2901 2437 3031 2507 ἡμῖν
3075 2434 3504 2506 ἀμεταμελήτως
3534 2432 3621 2486 διὰ

2047 2527 2140 2581 τοῦ
2182 2527 2495 2598 Πνεύματος
2539 2527 2758 2597 δοθῆναι
2792 2525 3052 2596 βούλεται·
3082 2525 3216 2595 ὅπερ
3243 2526 3272 2577 6
3308 2522 3622 2586 Ἀπόστολος

2049 2619 2389 2690 γιγνώσκων,
2415 2618 2590 2687 ἔλεγε·
2630 2618 2724 2684 Τίς
2754 2616 2912 2687 ἡμᾶς
2939 2616 3179 2686 χωρίσει
3200 2614 3315 2670 ἀπὸ
3349 2613 3459 2683 τῆς
3487 2613 3622 2684 ἀτά-

2049 2725 2169 2778 πης
2191 2709 2298 2763 τοῦ
2314 2709 2571 2778 Χριστοῦ
2587 2725 2605 2772 ;
2620 2707 3168 2778 Ἀμεταμέληταγὰρ
3191 2706 3262 2780 τὰ
3280 2707 3620 2775 χαρίσματα

2048 2804 2156 2860 τοῦ
2215 2803 2362 2858 Θεοῦ
2413 2801 2513 2856 καὶ
2562 2804 2601 2870 ἡ
2647 2799 2821 2872 χάρις
2875 2799 2983 2868 τῆς
3033 2798 3326 2865 κλήσεως.
3387 2798 3460 2852 Τὸ
3515 2799 3622 2868 ἄρα

2051 2895 2278 2968 Πνεῦμά
2307 2898 2422 2950 ἐστι
2459 2895 2571 2968 (50)
2603 2895 2664 2948 τὸ
2707 2895 2765 2946 ἐν
2807 2892 2884 2964 τῷ
2916 2893 3034 2964 Θεῷ
3082 2891 3363 2962 τυγχάνον,
3403 2890 3497 2944 καὶ
3525 2891 3622 2960 οὐχ

2053 2989 2212 3059 ἡμεῖς
2262 2985 2388 3040 καθ’
2438 2984 2683 3049 ἑαυτούς·
2729 2985 2825 3038 καὶ
2877 2983 3064 3056 ὥσπερ
3113 2983 3218 3036 uiot
3248 2982 3342 3035 καὶ
3382 2980 3493 3034 θεοὶ
3533 2981 3622 3034 διὰ

372 3087 657 3149 propterea
693 3079 839 3151 quod
876 3080 932 3136 in
982 3084 1140 3139 nobis
1178 3085 1250 3140 sit
1281 3084 1518 3154 Spiritus
1551 3083 1645 3154 qui
1685 3085 1741 3139 in
1770 3083 1947 3141 Verbo

2055 3080 2142 3134 τὸν
2174 3081 2230 3132 ἐν
2255 3081 2388 3151 ἡμῖν
2419 3079 2610 3145 Λόγον,
2649 3075 2822 3140 οὕτως
2850 3077 2910 3129 ἐν
2946 3076 3023 3147 τῷ
3050 3074 3163 3146 Υἱῷ
3195 3074 3286 3129 καὶ
3318 3076 3375 3128 ἐν
3407 3074 3485 3144 τῷ
3509 3077 3622 3129 [Ια-

371 3179 474 3236 est,
521 3171 668 3241 quod
720 3173 898 3243 ipsum
939 3171 1178 3230 Verbum
1229 3184 1316 3230 est
1355 3175 1410 3229 in
1464 3174 1644 3230 Patre.
1681 3175 1946 3242 Quocirca

371 3280 496 3320 cnm
538 3266 735 3336 aliquis
767 3268 902 3322 vitio
945 3267 1130 3338 aliquo
1170 3285 1202 3324 a
1248 3267 1454 3338 Spiritu
1507 3268 1795 3332 defecerit,
1854 3269 1948 3324 illa

372 3357 590 3425 quidem
623 3359 794 3427 gratia
844 3360 986 3430 apud
1021 3376 1114 3418 eos
1145 3362 1238 3432 qui
1269 3361 1545 3416 voluerint
1579 3361 1950 3417 irrevocabilis

374 3456 687 3514 permanet,
719 3447 764 3503 si
798 3449 960 3504 modo
991 3449 1164 3519 ipsos,
1180 3459 1471 3520 postquam
1489 3449 1808 3514 ceciderint,
1827 3465 1947 3519 poe-

376 3539 544 3592 niteat
573 3557 586 3593 :
623 3551 1001 3596 verumtamen
1047 3541 1137 3596 ille
1172 3542 1267 3612 qui
1316 3543 1546 3609 cecidit,
1576 3557 1685 3597 non
1718 3543 1953 3612 amplius

377 3630 430 3684 in
471 3628 582 3685 Deo
612 3638 715 3695 est,
753 3646 819 3686 eo
850 3632 995 3702 quod
1029 3641 1254 3689 sanctus
1279 3641 1334 3690 et
1359 3635 1666 3704 paracletus
1692 3635 1950 3704 Spiritus,

373 3721 467 3792 qui
507 3721 563 3776 in
596 3721 706 3778 Deo
745 3732 850 3789 est,
885 3725 953 3778 ab
983 3725 1103 3795 ipso
1133 3727 1448 3794 recesserit;
1499 3726 1592 3782 sed
1630 3726 1946 3797 huiusmodi

375 3825 628 3885 peccator
648 3815 702 3870 in
737 3817 832 3871 illo
860 3817 964 3870 erit
987 3817 1076 3872 cui
1100 3832 1222 3873 sese
1242 3818 1358 3888 ipse
1379 3817 1629 3887 subjecit,
1655 3819 1800 3888 quod
1835 3818 1942 3873 uti-

375 3922 480 3975 qne
509 3905 658 3961 Sauli
684 3909 885 3975 evenit,
921 3923 952 3963 a
987 3925 1096 3979 quo
1125 3909 1384 3963 nimirum
1412 3909 1666 3964 discessit
1694 3908 1790 3964 Dei
1821 3907 1946 3979 Spi-

375 3997 534 4062 ritus,
566 4013 839 4070 quemque
877 4000 1052 4056 malus
1092 4000 1320 4070 spiritus
1348 4001 1567 4056 vexavit
1599 4001 1664 4054 ”.
1695 3999 1947 4056 Profecto

377 4086 463 4140 his
491 4090 691 4145 auditis
725 4091 1047 4147 erubescere
1078 4093 1339 4148 deberent
1375 4091 1471 4148 Dei
1521 4093 1726 4160 hostes,
1762 4107 1864 4149 nec
1891 4108 1950 4150 se

376 4179 608 4248 amplius
645 4179 756 4234 Deo
807 4181 1044 4250 aequales
1091 4182 1312 4253 ﬁngere.
1351 4181 1555 4238 Verum
1601 4198 1710 4238 nec
1750 4183 1951 4238 intelli-

377 4274 529 4338 gunt;
548 4283 694 4335 nam,
709 4267 934 4339 Impius,
949 4269 1113 4343 456
1128 4272 1324 4343 inquit,
1342 4274 1620 4328 scientiam
1637 4289 1739 4327 non
1754 4273 1954 4327 intelli-

451 4444 498 4476 ³⁸
529 4444 687 4501 Joan.
730 4461 864 4514 xvu,
905 4446 994 4500 21.
1076 4448 1119 4479 ³⁷
1161 4446 1323 4505 Rom.
1365 4465 1487 4515 vm,
1530 4449 1620 4508 55.

451 4667 564 4751 (25)
600 4665 680 4751 Ita
713 4670 1000 4751 commode
1031 4673 1313 4751 vertimus.
1353 4673 1790 4751 Vulgata_habe_t,
1822 4678 1948 4734 Sine
1978 4667 2025 4721 Β
2048 4681 2212 4751 paulo
2239 4688 2364 4751 post
2394 4688 2451 4751 et
2477 4679 2660 4751 ialter__
2676 4676 2898 4751 Regius,

380 4740 685 4818 {renitentia
717 4741 856 4794 enim
886 4752 1008 4818 sunt
1041 4743 1183 4797 dona
1223 4754 1275 4798 et
1314 4740 1517 4818 uacatio
1559 4746 1692 4813 Dei,
1741 4740 1794 4803 id
1821 4759 1945 4818 est,

378 4809 660 4876 Ejusmodi
690 4821 836 4876 sunt,
866 4821 928 4867 ut
956 4811 1125 4889 Deum
1161 4829 1270 4870 non
1297 4817 1556 4889 poeniteat
1600 4809 1690 4872 illa
1712 4809 1946 4889 dedisse,

380 4894 575 4952 ηερ-εει
599 4891 864 4952 revocet,_
882 4882 1028 4952 quod
1057 4882 1198 4937 idem
1231 4882 1457 4939 omnino
1487 4897 1591 4940 est.

449 4949 562 5022 (24)
580 4949 729 5029 Reg.
755 4954 807 5016 1,
827 4949 1311 5029 __Seguer._Go_bler.
1346 4968 1400 5011 et
1430 4955 1573 5011 Felc.
1601 4959 1653 5022 1,
1677 4957 1754 5029 τῷ
1782 4956 1951 5012 Πνεῦ-

383 5019 670 5090 ματι.’ΛΙίἰ
688 5019 749 5075 et
778 5019 938 5087 editi;
953 5021 1014 5075 c6
1043 5023 1289 5095 Πνεῦμα.

452 5111 918 5186 (25)-81εγῐίεεῑιιε
939 5115 1172 5186 primus,
1208 5117 1526 5186 Seguerian.
1551 5119 1866 5174 Goblerian.
1898 5129 1953 5175 et

380 5178 524 5260 ξἐἱς.
548 5178 616 5260 ’1.
646 5185 748 5238 Alii
796 5178 1052 5260 éteditio
1085 5178 1377 5260 comma,
1412 5189 1472 5260 οὐ
1510 5189 1953 5260 τὴνίταυτότητα

382 5252 526 5330 ἡμεῖς
551 5254 866 5330 μένοντας(
891 5272 1024 5330 mss.
1061 5255 1389 5330 μέλλοντας)
1423 5259 1481 5311 ἐν
1513 5252 1660 5330 αὑτῷ
1685 5260 1826 5330 ἔχειν
1861 5252 1957 5330 ση-

385 5312 584 5408 ρζαίνέἰ.
633 5323 760 5408 illo}:
789 5312 994 5408 Regni
1030 5312 1082 5408 ei.
1118 5312 1346 5408 Seguer:
1437 5330 1502 5382 ἐκ
1546 5312 1644 5382 τοῦ
1686 5312 1826 5383 fama
1862 5312 1955 5383 τόν

411 5391 596 5446 Ima».
621 5393 724 5446 Alii
754 5405 808 5449 et
835 5391 964 5451 editi
989 5397 1082 5449 τόν
1107 5391 1384 5452 omittunt.

607 5461 830 5540 gobler.
854 5475 908 5540 et
932 5465 1165 5540 Felc._i.
1200 5467 1386 5540 φησίν.

448 5529 647 5651 £2961:
649 5533 750 5651 sic.
799 5535 852 5601 5,
885 5535 976 5591 διὰ
1011 5535 1106 5589 τοῦ
1136 5529 1335 5606 Λόγου.
1381 5538 1574 5596 Cameri
1614 5549 1668 5594 et
1697 5539 1848 5604 editi,
1885 5541 1952 5595 ἐκ

381 5610 474 5650 του
507 5610 698 5666 Myos.

455 5688 566 5760 (28)
599 5689 797 5760 Regius
822 5697 1025 5763 primus
1053 5710 1106 5756 et
1131 5700 1378 5774 Seguer.,
1404 5703 1747 5773 γεγενῆσθαι.
1783 5703 1946 5758 Iidem

2049 3175 2139 3246 cpt
2182 3172 2450 3245 ἐσόμεθα,
2475 3173 2568 3226 καὶ
2611 3171 3048 3244 νομισθησόμεθα
3075 3172 3133 3223 ἐν
3163 3170 3275 3241 Υίῷ
3307 3173 3397 3224 καὶ
3425 3172 3482 3223 ἐν
3515 3172 3625 3224 Πα-

2051 3266 2138 3337 cpt
2166 3265 2277 3337 (51)
2303 3265 2362 3319 ἓν
2387 3264 2714 3335 γεγενῆσθαι
2743 3262 2832 3317 διὰ
2862 3263 2922 3316 τὸ
2960 3265 3016 3316 ἐν
3048 3265 3178 3334 ἡμῖν
3207 3259 3342 3314 εἶναι
3381 3261 3622 3333 Πνεῦμα,

2030 3359 2188 3430 -ὄπερ
2232 3357 2378 3411 ἐστὶν
2407 3359 2466 3412 ἐν
2500 3356 2578 3429 τῷ
2612 3356 2769 3426 Λόγῳ
2801 3355 2877 3426 τῷ
2906 3355 3020 3409 ὖντι
3049 3355 3106 3406 ἐν
3149 3353 3226 3425 τῷ
3257 3352 3449 3424 Πατρί.
3492 3353 3624 3405 Ὅτε

2047 3449 2176 3517 γοῦν
2221 3450 2475 3504 ἐκπίπτει
2506 3467 2591 3515 τις
2623 3448 2732 3502 ἀπὸ
2764 3447 2856 3502 τοῦ
2887 3445 3202 3517 Πνεύματος
3233 3445 3322 3498 διὰ
3360 3461 3481 3497 τινα
3520 3460 3624 3496 κα-

2047 3540 2194 3604 κίαν,
2224 3541 2258 3612 ἡ
2299 3539 2397 3610 μὲν
2440 3540 2600 3613 χάρις
2628 3536 3045 3610 ἀμεταμέλητος
3095 3535 3336 3608 διαμένει
3372 3534 3483 3605 (52)
3511 3536 3625 3595 τοῖς

2049 3632 2413 3704 βουλομένοις,
2439 3634 2541 3689 κάν
2572 3651 2654 3697 τις
2699 3629 2948 3686 ἐκπεσὼν
2982 3632 3238 3704 μετανοῇο
3263 3628 3443 3684 οὐκέτι
3475 3625 3532 3680 δέ
3563 3626 3624 3679 ἐν

2049 3723 2127 3794 τῷ
2149 3723 2267 3794 Θεῷ
2295 3725 2440 3780 ἐστιν
2462 3726 2668 3789 ἐκεῖνος
2699 3725 2728 3777 6
2766 3723 2968 3790 πεσὼν,
3001 3723 3090 3778 διὰ
3113 3723 3171 3776 c6
3199 3723 3496 3792 ἀποστῆναι
3528 3719 3622 3771 ἀπ’

2051 3814 2216 3870 αὐτοῦ
2239 3815 2301 3868 τὸ
2342 3817 2398 3869 ἐν
2431 3815 2509 3887 τῷ
2538 3815 2656 3887 Θεῷ
2689 3816 2843 3886 ἅγιον
2886 3817 2980 3870 καὶ
3005 3814 3349 3888 παράκλητον
3376 3812 3621 3882 Πνεῦμα,

2049 3906 2163 3960 ἀλλ’
2197 3909 2254 3961 ἐν
2283 3907 2475 3978 ἐκείνῳ
2507 3908 2619 3979 (55)
2645 3908 2798 3962 ἔσται
2822 3901 2866 3976 ᾧ
2888 3909 3077 3963 ἐαυτὸν
3107 3906 3367 3973 ὑπέταξεν
3391 3907 3419 3957 ὁ
3442 3906 3624 3975 ἀμαρ-

2049 3997 2248 4064 τάνων,
2271 3999 2348 4062 ὡς
2377 3997 2470 4051 ἐπὶ
2515 3998 2608 4052 τοῦ
2652 3999 2824 4054 Σαοὺλ
2860 3999 3083 4068 γέγονεν
3106 4017 3120 4030 ο
3150 3999 3356 4068 ἀπέστη
3390 3995 3497 4066 γὰρ
3526 3993 3621 4047 ἀπ’

2050 4088 2213 4143 αὐτοῦ
2242 4088 2303 4142 τὸ
2323 4089 2550 4161 Πνεῦμα
2575 4091 2667 4143 τοῦ
2690 4090 2846 4154 Θεοῦ,
2868 4091 2958 4143 καὶ
2988 4088 3195 4144 ἕθλιϐεν
3217 4087 3379 4143 αὑτὸν
3409 4085 3623 4155 πνεῦμα

2051 4180 2305 4252 πονηρόν.
2331 4180 2518 4234 Ταῦτα
2559 4179 2854 4244 ἀκούοντας
2884 4182 3010 4245 τοὺς
3047 4180 3344 4252 θεομαχους
3383 4178 3486 4231 ἔδει
3515 4177 3626 4229 λοι·-

2059 4273 2159 4328 πὸν
2197 4271 2589 4344 ἐντρέπεσθαι,
2622 4273 2715 4325 καὶ
2761 4271 2957 4342 μηκέτι
2995 4271 3219 4335 ἑαυτοὺς
3254 4268 3625 4324 ἀναπλάπτειν

1699 4450 1744 4481 ³⁸
1784 4447 1947 4505 Rom.
1985 4465 2064 4514 ιι,
2101 4449 2195 4505 25.
2276 4449 2320 4481 ³⁹
2362 4449 2384 4503 1
2424 4447 2558 4519 Reg.
2597 4464 2712 4515 xvi,
2754 4448 2842 4502 14.

2112 4681 2212 4734 ιιιιο
2239 4688 2364 4760 post
2393 4688 2451 4760 et
2491 4679 2628 4733 alter
2676 4676 2898 4760 Regius,
2943 4676 3110 4800 Ἆῖνα
3151 4677 3184 4746 ἡ
3217 4676 3510 4800 ἔινομένη.
3559 4674 3618 4728 In

2112 4751 2177 4800 iis
2200 4761 2255 4800 et
2279 4751 2438 4800 edllls
2458 4750 2610 4800 deest
2634 4749 2689 4800 ἦ.
2725 4749 2926 4800 Ibidem
2995 4747 3114 4800 asul.
3141 4757 3196 4800 et
3259 4748 3360 4800 elc.
3388 4746 3440 4800 5.
3469 4763 3618 4800 γενο-

2055 4747 2177 4806 aliis
2200 4747 2258 4806 et
2279 4749 2438 4805 editis
2458 4750 2610 4805 deest
2634 4749 2689 4818 ἥ.
2725 4749 2926 4804 Ibidem
2951 4747 3114 4803 Basil.
3141 4757 3196 4802 et
3217 4747 3360 4802 Felc.
3388 4747 3440 4808 5,
3469 4763 3621 4813 γενο-

2279 4887 2720 4971 Rasillensis_hic
2741 4897 2796 4941 et
2826 4886 3404 4971 ntox,&_usca6tﬁ1w§.

2130 4953 2240 5027 (50)
2286 4958 2376 5013 Sic
2419 4958 2552 5028 Reg.
2585 4961 2636 5022 1,
2690 4960 2913 5026 Segner.
2947 4953 3162 5028 Gobler.
3199 4953 3434 5028 et'rFelc.
3466 4953 3516 5009 1.
3550 4955 3623 5010 At

2056 4995 2240 5083 aliiuelt’
2267 4995 2432 5083 εἶίίῖίο
2462 4995 2851 5092 ἆῗ)’ω”ιίιρῖῖ,³“Τδ
2881 4995 3242 5099 γὰρυΠνεῦμά
3271 5027 3403 5077 ἐστι.

2130 5118 2243 5186 (⁸51)
2287 5117 2376 5190 Sic
2402 5119 2536 5190 Reg.
2581 5122 2644 5190 1,
2692 5118 2914 5189 Seguer.
2949 5118 3164 5190 Golder.
3201 5127 3254 5171 et
3285 5117 3428 5190 Eclc.
3472 5117 3537 5190 1,Δ
3560 5125 3621 5169 ut

2057 5203 2110 5246 et
2140 5185 2268 5260 legit
2293 5185 2556 5243 Nannitis.
2586 5189 2641 5242 In
2671 5185 2794 5260 aliis
2820 5198 2871 5243 et
2890 5189 3276 5260 editisdesunt
3300 5185 3616 5260 haec_ver_ba,

2056 5263 2117 5313 ἐν
2143 5255 2258 5337 Iit?)
2289 5260 2383 5337 καὶ
2412 5262 2477 5337 ἐν
2504 5258 2854 5337 HaEpi._Mox
2883 5258 3020 5337 Reg.
3051 5259 3104 5337 i,_
3129 5256 3378 5337 Seguerz‘
3397 5255 3615 5337 Galiler.

2054 5345 2108 5411 et
2133 5325 2288 5411 _Fel'g.
2329 5331 2394 5411 1',
2427 5326 2565 5411 εἶναι
2590 5325 2840 5411 Πνεῦμα.
2873 5325 3057 5411 ,ῌθεὶικ
3077 5329 3292 5411 Anglic.
3339 5325 3470 5411 Reg.
3497 5325 3532 5378 2
3565 5337 3622 5411 et

2054 5399 2200 5524 IFIelc:
2235 5401 2268 5454 5
2287 5441 2302 5465 ,
2332 5397 2470 5453 εἶναι
2499 5400 2560 5452 τὸ
2589 5399 2834 5468 Πνεῦμα.
2869 5398 3058 5452 Caneri
3085 5406 3140 5451 et
3169 5397 3296 5450 editi
3320 5438 3335 5462 ,
3361 5397 3495 5449 εἶναι
3525 5397 3623 5449 καὶ

2104 5488 2298 5541 νευμα.

2103 5562 2238 5684 é('52)
2279 5561 2410 5633 Reg.
2449 5563 2471 5614 1
2506 5572 2558 5616 et
2605 5561 2852 5631 Seguer.,
2894 5557 3157 5629 διαμένει.
3205 5557 3310 5612 Alii
3352 5566 3405 5612 et
3449 5554 3618 5622 editi,

2133 5650 2230 5684 νει.

2060 5650 2230 5703 μενει.

2130 5724 2244 5792 (5⁸5)
2288 5723 2418 5794 Reg.
2459 5725 2474 5777 l
2520 5737 2570 5779 et
2605 5723 2852 5792 chuer.,
2886 5721 2998 5774 ἀλλ’
3038 5718 3247 5788 ἐκείνῳ.

3512 5808 3543 5841 ο
