3944 6222
334 295 442 353 385

936 291 993 345 S.
1037 285 1414 344 ATHANASII
1451 287 1600 342 OPP.
1643 252 1823 341 PARS
1852 284 1892 340 1.
1933 312 2002 325 —-
2039 281 2408 337 HISTORICA
2439 240 2534 333 ET
2575 277 2992 334 DOGMATICA.

3454 282 3560 337 584

338 417 413 469 tio
440 427 548 467 non
582 409 922 479 displiceant,
957 416 1070 462 tum
1111 408 1324 462 illorum
1361 407 1533 476 gratia
1566 420 1704 475 quos
1732 405 1887 459 dece-
1919 439 1929 463 λ

2034 401 2098 471 ἀρ
2129 402 2226 470 τῆς
2260 399 2518 469 αἱρέσεως
2549 397 2726 450 αὐτῶν
2757 398 2956 450 οἰκεῖον
2999 397 3060 450 τὸ
3107 397 3360 469 φρόνημα
3382 414 3394 428 ·
3431 400 3462 469 ἢ
3512 403 3561 454 εί

336 511 551 573 perunt,
587 500 896 556 Judzeorum
928 501 1064 555 ritus
1095 502 1269 571 palam
1292 499 1539 570 amplecti
1576 508 1630 552 et
1670 500 1903 551 circum-

339 593 446 648 cidi
502 607 610 645 non
661 590 880 656 audent,
939 591 1190 648 desinant
1229 608 1356 661 ergo
1408 590 1590 645 eadem
1630 605 1693 643 ac
1738 587 1901 642 Judaei

337 682 507 752 loqui.
538 681 804 736 Convenit
836 682 978 736 enim
1020 696 1115 737 eos
1161 682 1228 735 ab
1268 682 1483 734 illorum
1526 687 1703 732 mente
1727 678 1903 732 disce-

336 775 504 839 dere,
557 788 790 843 quorum
845 754 1044 828 nomen
1105 771 1399 842 refugiunt.
1460 770 1744 824 Enimvero
1804 783 1904 822 nos

337 865 636 922 Christiani
677 881 888 931 sumus,
915 883 947 920 ο
975 864 1186 930 Ariani,
1217 879 1337 924 nos,
1368 863 1610 932 inquam,
1638 859 1905 914 Christia-

339 958 395 1011 ni
421 951 633 1023 sumus',
661 958 1054 1026 propriumque
1098 963 1344 1011 nostrum
1386 964 1470 1009 est
1509 953 1794 1024 Evangelia
1840 953 1907 1008 de

344 1048 626 1102 Salvatore
659 1056 804 1102 recte
831 1047 1147 1117 intelligere,
1172 1062 1280 1100 non
1310 1055 1489 1100 autem
1518 1060 1641 1099 eum
1669 1059 1790 1097 cum
1813 1041 1909 1097 Ju-

343 1137 475 1192 daeis
502 1136 770 1206 lapidibus
798 1145 1101 1206 percutere,
1135 1135 1180 1191 si
1211 1136 1385 1206 ipsum
1413 1135 1478 1189 de
1501 1149 1601 1188 sua
1629 1132 1910 1186 divinitate

344 1237 400 1281 et
419 1226 716 1279 :eternitate
745 1225 1052 1292 loquentem
1075 1225 1382 1289 audiamus,
1401 1238 1572 1291 neque
1594 1220 1909 1276 scandalum

345 1317 626 1371 vobiscum
653 1315 784 1385 pati,
828 1315 899 1370 ob
924 1315 1148 1369 humilia
1196 1315 1360 1369 verba
1401 1313 1598 1383 quibus
1644 1321 1704 1365 ut
1751 1311 1911 1364 homo

349 1408 538 1462 utitur.
576 1405 914 1476 Quapropter
967 1407 1014 1460 si
1059 1420 1157 1461 vos
1202 1404 1500 1460 Christiani
1539 1417 1758 1472 quoque
1795 1416 1914 1456 esse

349 1502 567 1567 Optatis,
599 1498 711 1550 Arii
759 1496 1028 1552 insaniam
1079 1495 1348 1564 deponite,
1389 1499 1705 1560 vestrasque
1755 1505 1913 1545 aures

353 1590 532 1658 impiis
561 1588 863 1642 maledictis
896 1587 1235 1652 sordidatos,
1277 1584 1382 1654 piis
1416 1582 1618 1638 able-ite
1640 1569 1910 1636 [sermoni-

2005 493 2298 545 δεδοίκασιν
2323 489 2623 553 ’ἰουδαΐζειν
2645 491 2708 542 ἐκ
2729 488 2981 559 φανεροῦ,
3009 489 3102 542 καὶ
3125 491 3559 562 περιτέμνεσθαι,

2004 583 2092 636 διὰ
2129 584 2226 655 τὴν
2253 582 2388 653 πρὸς
2433 583 2804 634 Κωνστάντιον
2849 580 3138 652 ἀρέσκειαν
3173 583 3281 653 (67)
3311 586 3404 637 καὶ
3441 587 3563 649 τοὺς

2005 673 2377 742 ἀπατηθέντας
2410 671 2537 742 παρ’
2586 670 2799 734 αὐτῶν,
2843 668 2975 740 μηδὲ
3021 668 3322 738 λεγέτωσαν
3347 673 3415 726 τὰ
3458 675 3564 729 τῶν

2019 765 2279 818 Ἰουδαίων
2300 779 2314 794 ο
2346 763 2548 816 δίκαιον
2569 763 2676 834 γὰρ
2696 755 2769 816 ὧν
2788 761 2861 815 τὰ
2895 761 3129 832 ὀνόματα
3157 765 3561 834 παραιτοῦνται,

2007 857 2210 910 τούτων
2255 853 2688 926 ἀποστρέφεσθαι
2722 854 2819 908 καὶ
2844 852 2906 907 τὸ
2949 855 3219 926 φρόνημα.
3259 856 3567 928 Χριστιανοὶ

2008 949 2116 1019 γάρ
2139 946 2248 1019 (68)
2277 948 2460 1017 ἐσμεν,
2491 940 2537 1000 ὦ
2562 946 3172 1018 Ἀρειανοὶ,Χριστιανοί
3194 948 3357 1018 ἐσμεν
3379 949 3564 1018 ἡμεῖς·

2007 1039 2164 1112 ἡμῶν
2201 1056 2261 1092 τε
2313 1038 2440 1090 ἴδιον
2477 1035 2652 1100 καλῶς
2679 1037 2748 1090 τὰ
2786 1037 3093 1107 Εὐαγγέλια
3138 1041 3275 1092 νοεῖν
3304 1041 3430 1111 περὶ
3473 1039 3565 1094 τοῦ

2009 1131 2256 1202 Σωτῆρος
2281 1170 2295 1194 ,
2333 1129 2425 1182 καὶ
2461 1128 2595 1198 μήτε
2632 1127 2767 1199 μετά
2815 1128 3082 1182 Ἰουδαίων
3107 1128 3341 1194 λιθάζειν
3373 1131 3566 1197 αὑτὸν,

2010 1221 2103 1273 ὲάν
2139 1221 2264 1291 περὶ¹
2298 1219 2395 1290 τῆς
2420 1217 2668 1287 θεότητος
2699 1219 2793 1271 καὶ
2825 1218 2922 1289 τῆς
2945 1218 3240 1290 ἀῖδιότητος
3281 1221 3566 1290 ἀκούωμεν

2011 1310 2206 1370 αὑτοῦ,
2279 1311 2413 1380 μήτε
2471 1308 2584 1378 μεθ’
2639 1308 2789 1378 ὑμῶν
2834 1308 3317 1374 σκανδα).ίζεσθαι-,
3358 1311 3438 1378 ἐφ’
3489 1306 3569 1374 οἷς

2011 1401 2077 1454 ἂν
2111 1401 2242 1470 (69),
2281 1400 2354 1464 ὡς
2385 1398 2696 1471 ἄνθρωπος,
2738 1399 2876 1470 ὑπὲρ
2913 1399 3066 1470 ἡμῶν
3113 1402 3379 1462 ταπεινοῦς
3410 1399 3563 1468 φθέγ-

2013 1511 2158 1563 γοιτο
2198 1495 2454 1565 ῥήμασιν.
2502 1493 2564 1544 Εἰ
2602 1491 2782 1544 θέλετε
2819 1490 2948 1559 γοῦν
2992 1491 3084 1544 καὶ
3127 1492 3283 1561 ὑμεῖς
3322 1491 3572 1559 γενέσθαι

2014 1585 2364 1656 Χριστιανοὶ,
2408 1583 2673 1637 ἀπόθεσθε
2717 1582 2815 1653 τὴν
2864 1582 3068 1654 Ἀρείου
3117 1583 3344 1653 μανίαν,
3384 1584 3482 1652 τήν
3512 1600 3571 1638 τε

353 1679 476 1742 bus,
504 1678 948 1745 exploratumque
974 1675 1042 1728 sit
1084 1675 1259 1738 vobis,
1308 1673 1490 1728 statim
1525 1680 1684 1741 atque
1725 1668 1913 1723 Ariani

2034 1678 2184 1746 ὶκοὴν
2238 1675 2392 1746 ὑμῶν
2426 1676 2525 1745 τὴν
2575 1674 2915 1746 ρυπωθεῖσαν
2950 1676 3058 1728 ἀπὸ
3089 1675 3197 1728 τῶν
3244 1674 3573 1745 βλασφήμων

351 1784 472 1822 esse
519 1767 855 1830 destiteritis,
895 1764 1209 1819 Judzeorum
1259 1778 1473 1832 quoque
1509 1762 1916 1832 perversitatem

355 1855 700 1918 dimissuros,
743 1853 964 1921 fereque
994 1862 1053 1906 ut
1086 1853 1320 1906 tenebris
1348 1851 1622 1920 dissipatis
1651 1853 1742 1905 lux
1773 1853 1918 1907 veri--

359 1945 485 1999 tatis
517 1945 667 1998 vobis
691 1944 948 1998 continuo
979 1942 1251 2013 aliulgeat,
1285 1957 1383 1996 nec
1410 1958 1511 1997 nos
1549 1941 1662 2011 jam
1689 1943 1926 2012 amplius

357 2035 735 2091 ealumniaturi
768 2035 904 2094 sitis,
933 2034 1089 2101 quasi
1133 2033 1242 2087 duo
1276 2042 1476 2087 aeterna
1508 2048 1872 2103 agnoscamus
1903 2051 1925 2086 ;

357 2145 455 2184 vos
483 2128 680 2198 quippe
720 2127 823 2196 ipsi
861 2126 1170 2197 intelligetis
1194 2125 1484 2180 Dominum
1512 2142 1700 2181 verum
1737 2135 1791 2181 et
1824 2143 1923 2182 na-

359 2221 588 2274 turalem
616 2219 708 2273 Dei
729 2219 926 2272 Filium
958 2234 1098 2284 esse,
1126 2233 1226 2274 nec
1258 2219 1635 2273 tantummodo
1661 2228 1924 2273 aeternum

359 2325 480 2377 esse
510 2311 752 2379 agnosci,
790 2311 880 2364 sed
915 2311 1076 2363 etiam
1113 2308 1274 2363 simul
1320 2323 1444 2364 eum
1488 2310 1788 2364 aeternitate
1820 2309 1925 2362 Pa-

361 2400 460 2456 tris
485 2401 764 2455 exsistere.
789 2400 908 2452 Alia
946 2399 1214 2469 siquidem
1240 2409 1366 2453 sunt
1403 2414 1526 2468 qua
1557 2407 1756 2455 aeterna
1787 2415 1924 2470 quo-

358 2507 465 2561 que
488 2492 765 2558 dicuntur,
796 2506 1029 2561 quorum
1064 2502 1242 2546 tamen
1274 2492 1388 2561 ipse
1410 2490 1631 2546 eﬂ‘ector
1660 2501 1774 2546 est:
1800 2507 1926 2546 nam

361 2581 570 2652 psalmo
597 2581 856 2636 vicesimo
877 2583 1033 2636 tertio
1050 2583 1312 2651 scriptum
1336 2590 1440 2645 est,
1467 2580 1706 2635 Attollite
1725 2590 1924 2650 portas,

360 2674 639 2743 principes,
665 2683 881 2740 vestras,
909 2683 956 2728 et
983 2675 1278 2740 elevamini,
1300 2683 1467 2742 porta:
1491 2684 1700 2727 aeterna:
1732 2674 1797 2725 ⁸ο.
1831 2672 1929 2728 Ve-

362 2781 483 2820 rum
513 2773 596 2820 est
623 2774 802 2819 autem
834 2767 946 2819 haec
978 2767 1046 2818 ab
1081 2766 1172 2819 illo
1204 2765 1344 2818 facta
1375 2780 1496 2819 esse
1543 2780 1556 2816 :
1603 2772 1928 2833 quapropter

364 2856 412 2910 si
457 2856 547 2910 ille
592 2872 777 2911 rerum
813 2866 1136 2911 aeternarum
1170 2855 1348 2925 epifex
1379 2865 1494 2922 est,
1525 2856 1649 2925 quis
1682 2865 1930 2910 nostrum

361 2946 475 3015 jam
506 2947 560 3000 in
593 2946 817 3001 dubium
843 2948 1113 3001 vocaverit
1138 2948 1313 3016 ipsum
1342 2963 1462 3002 esse
1483 2956 1608 3002 ante
1628 2962 1714 3000 res
1740 2947 1929 3016 hujus-

2020 1768 2276 1840 ῥημάτων
2317 1766 2648 1836 ἀπονίψασθε
2673 1768 2783 1829 τοῖς
2806 1769 2902 1837 τῆς
2930 1766 3204 1828 εὐσεϐείας
3232 1766 3408 1833 λόγοις
3440 1766 3570 1833 (70)-

2017 1857 2390 1928 γινώσκοντες,
2421 1856 2494 1918 ὡς
2523 1855 2816 1926 παυόμενοι
2843 1854 2934 1907 τοῦ
2963 1850 3096 1908 εἶναι
3129 1856 3410 1926 Ἀρειανοὶ,
3440 1853 3577 1907 παῦ-

2020 1951 2179 2004 σεσθε
2214 1950 2306 2004 καὶ
2335 1949 2436 2018 τῆς
2465 1950 2570 2001 τῶν
2608 1947 2711 2002 νῦν
2740 1945 3004 2000 Ἰουδαίων
3043 1945 3471 2018 κακοφροσῦνης,
3495 1946 3577 1997 εὕ-

2021 2045 2118 2108 θύς
2142 2061 2200 2095 τε
2229 2043 2304 2106 ὡς
2333 2042 2441 2096 ἀπὸ
2474 2042 2695 2105 σκότους
2733 2043 2766 2111 ἡ
2808 2039 3030 2108 ἀλήθεια
3076 2040 3202 2110 ὑμῖν
3228 2039 3427 2109 λάμψει
3445 2054 3460 2070 ο
3483 2038 3576 2092 καὶ

2019 2135 2200 2188 οὐκέτι
2242 2135 2338 2204 μὲν
2365 2135 2495 2203 ἡμῖν
2523 2132 2828 2195 ὀνειδίσετε,
2877 2129 2952 2192 ὡς
2994 2128 3086 2182 δύο
3114 2130 3256 2184 ἀΐδια
3297 2129 3577 2197 λέγουσιν,

2023 2224 2384 2293 ἐπιγνώσεσθε
2415 2223 2471 2276 δὲ
2501 2223 2612 2293 (71)
2642 2223 2733 2274 καὶ
2766 2224 2920 2291 ὑμεῖς
2939 2262 2954 2284 ,
2985 2223 3065 2276 ὅτι
3100 2238 3158 2273 τε
3201 2219 3449 2292 ἀληθινὸς
3486 2219 3581 2274 καὶ

2023 2317 2181 2386 φύσει
2211 2316 2336 2378 Υίός
2369 2317 2482 2367 ἐστι
2511 2313 2604 2366 τοῦ
2630 2311 2762 2366 Θεοῦ
2795 2316 2824 2366 ὁ
2848 2312 3048 2384 Κύριος
3075 2352 3090 2376 ,
3141 2312 3236 2365 καὶ
3271 2312 3367 2382 οὐχ
3396 2311 3581 2374 ἁπλῶς

2023 2409 2208 2472 ἀΐδιος,
2237 2407 2371 2461 ἀλλὰ
2399 2409 2465 2476 τῇ
2494 2405 2588 2458 τοῦ
2627 2405 2839 2477 Πατρδς
2866 2403 3123 2474 ἀῖδιότητι
3154 2403 3263 2473 (72)
3296 2400 3468 2455 συνὼν
3492 2420 3579 2471 γι-

2024 2499 2305 2552 νώσκεται.
2354 2499 2514 2550 Ἔστι
2573 2496 2681 2567 γὰρ
2735 2496 3000 2566 λεγόμενα
3063 2495 3240 2559 ἀΐδια,
3293 2487 3368 2549 ὧν
3424 2495 3583 2559 αὐτὸς

2025 2589 2349 2660 δημιουργός
2382 2591 2529 2641 ἐστιν
2547 2605 2560 2619 ·
2598 2589 2654 2641 ὲν
2683 2587 2792 2658 γὰρ
2817 2588 2893 2658 τῷ
2917 2584 3002 2656 κγ’
3023 2585 3221 2657 ψαλμῷ
3255 2586 3578 2658 γέγραπται·

2031 2683 2231 2748 Ἄρατε
2255 2680 2454 2744 πύλας
2477 2718 2491 2743 ,
2517 2681 2571 2731 οἱ
2598 2677 2880 2746 ἄρχοντες
2903 2719 2917 2742 ,
2949 2675 3132 2745 ὑμῶν,
3157 2674 3253 2728 καί
3274 2673 3580 2742 ἐπάρθητε,

2027 2773 2210 2824 πύλαι
2241 2769 2482 2823 alain-loc.
2506 2769 2673 2838 Δῆλον
2700 2768 2756 2820 δέ
2787 2769 2932 2821 ὲστιν
2957 2761 3090 2838 (75),
3114 2767 3195 2819 ὅτι
3223 2765 3287 2818 δι’
3309 2763 3472 2818 αὐτοῦ
3494 2765 3586 2818 καὶ

2027 2861 2197 2915 ταῦτα
2226 2860 2476 2928 γέγονεν·
2522 2861 2571 2911 εί
2615 2858 2672 2911 δέ
2719 2857 2812 2910 καὶ
2847 2857 2952 2910 τῶν
2995 2855 3224 2909 αἰωνίων
3268 2855 3432 2918 αὑτός
3473 2856 3586 2907 ἐστι

2028 2953 2089 3017 δη
2099 2951 2352 3021 μιουργδς
2370 2991 2383 3014 ,
2415 2950 2499 3012 τίς
2527 2951 2559 3020 ἡ
2569 2948 2679 3020 μῶν
2722 2949 2801 3001 ἔτι
2830 2948 3012 3001 λοιπὸν
3038 2946 3390 3018 ἀμφιόάλλειν
3426 2945 3585 3015 δυνή-

367 3037 514 3091 modi
546 3036 810 3092 :eternas?
837 3037 908 3090 At
931 3052 1061 3092 vero
1093 3051 1199 3090 non
1233 3047 1340 3090 tam
1373 3038 1440 3091 ob
1468 3037 1817 3090 aeternitatem
1848 3053 1929 3091 co-

2037 3059 2202 3104 σεται,
2228 3043 2313 3094 ὅτι
2335 3042 2427 3094 καὶ
2453 3041 2656 3093 τούτων
2676 3040 2784 3093 τῶν
2809 3039 2991 3092 ἀϊδίων
3020 3037 3285 3110 ἀνώτερός
3315 3039 3458 3102 ὲστι;
3480 3037 3588 3089 Καὶ

367 3127 645 3198 gnoscitur
669 3126 953 3189 Dominus,
979 3142 1140 3196 quam
1163 3127 1307 3196 quod
1332 3125 1425 3181 Dei
1458 3126 1627 3180 Filius
1656 3136 1756 3180 est.
1794 3126 1929 3192 Quia

367 3217 513 3270 enim
551 3227 635 3272 est
666 3217 859 3279 Filius.
901 3217 1028 3271 hinc
1065 3233 1096 3271 a
1129 3216 1291 3272 Patre
1335 3219 1653 3287 separaliitis
1696 3228 1929 3282 nonest,

368 3321 548 3378 neque
579 3306 682 3362 fuit
705 3323 942 3377 unquam
965 3323 1088 3362 cum
1114 3321 1221 3360 non
1245 3316 1408 3373 esset,
1445 3307 1537 3362 sed
1568 3323 1779 3376 semper
1807 3307 1930 3373 fuit,

369 3413 604 3470 cumque
633 3400 702 3454 sit
737 3399 914 3468 imago
947 3407 1001 3454 et
1047 3397 1300 3468 splendor
1349 3397 1544 3460 Patris,
1576 3398 1932 3452 aeternitatem

370 3505 590 3560 quoque
619 3490 795 3545 Patris
827 3489 1085 3559 possidet.
1121 3489 1308 3559 Itaque
1337 3505 1445 3559 qua
1471 3489 1687 3558 quidem
1725 3490 1934 3545 ratione

372 3581 605 3638 convicti
638 3581 841 3637 iuerint
866 3584 1005 3637 male
1034 3583 1125 3636 illa
1157 3582 1450 3651 Scriptura:
1486 3582 1604 3635 loca
1637 3582 1935 3650 intelligere

375 3689 496 3744 quae
526 3675 908 3743 obtendebant,
938 3692 1006 3730 ex
1047 3675 1133 3729 his
1166 3691 1286 3744 qua:
1323 3690 1486 3744 supra
1522 3675 1711 3742 paucis
1749 3675 1936 3743 dispu-

375 3774 485 3820 tata
515 3775 641 3821 sunt
671 3766 807 3822 disci
845 3776 1022 3837 potest
1058 3787 1070 3821 :
1106 3767 1251 3839 quod
1292 3775 1472 3820 autem
1503 3767 1665 3820 etiam
1702 3782 1786 3831 ea,
1818 3782 1938 3835 quae

378 3873 523 3912 nunc
568 3866 623 3912 et
670 3857 975 3930 Evangeliis
1008 3866 1313 3929 Opponunt,
1350 3856 1523 3912 iutilia
1554 3858 1846 3912 admodum
1874 3873 1939 3912 ac

379 3948 514 4002 levia
549 3948 676 4017 sint,
702 3949 860 4005 facile
887 3951 1193 4020 perspicere
1213 3958 1316 4018 est,
1345 3949 1390 4005 si
1420 3949 1474 4002 in
1501 3949 1692 4019 primis
1716 3949 1838 4019 quis
1868 3949 1940 4004 sit

452 4084 495 4116 '°
539 4084 681 4139 Psal.
720 4101 879 4151 xxm,
907 4086 958 4139 7.

455 4217 567 4286 (67)
595 4218 904 4274 Goblerian.
936 4229 989 4274 et
1035 4219 1180 4275 Fele.
1207 4219 1257 4284 1,
1296 4220 1567 4285 ἀσέϐειαν,
1617 4218 1777 4274 male.
1803 4217 1937 4273 Ibid.

386 4288 440 4358 in
473 4288 716 4358 margine
741 4289 884 4343 Fele.
907 4289 962 4354 2,
988 4289 1102 4344 haec
1125 4290 1352 4343 habetur
1390 4299 1517 4342 nota
1550 4307 1562 4342 :
1595 4289 1792 4341 Σκόπει
1818 4287 1944 4358 ,πῶς

384 4357 554 4420 ἀδεῶς
603 4357 696 4410 τοῦ
745 4359 1119 4429 Κωνσταντίου
1177 4359 1442 4429 μέμνηται
1495 4361 1523 4411 ὁ
1571 4359 1778 4429 Πατήρ.
1815 4357 1942 4411 Vide

386 4443 543 4496 quam
575 4444 750 4496 secure
779 4427 1076 4483 Constantii
1103 4427 1340 4482 meminit
1375 4429 1553 4481 Pater.

459 4495 570 4568 (68)
605 4495 694 4552 Sic
719 4497 857 4568 Beg.
888 4499 923 4551 2
952 4508 1006 4552 et
1049 4498 1369 4568 Seguerian.
1396 4500 1470 4568 At
1497 4497 1586 4552 alii
1611 4507 1664 4552 et
1687 4497 1816 4568 editi
1839 4497 1946 4566 γάρ

389 4566 667 4638 omittunt.
717 4566 884 4638 Paulo
914 4577 1036 4637 post
1057 4566 1186 4638 Reg.
1227 4568 1252 4619 1
1287 4567 1636 4638 οιδεςιιβη,
1676 4567 1768 4619 καὶ
1811 4569 1946 4638 μήτε

393 4637 681 4709 μετάμειο.
710 4637 901 4691 Casteri
926 4646 990 4709 et_
1006 4637 1156 4704 editi,
1180 4637 1276 4709 καὶ
1311 4637 1384 4709 μὴ
1416 4637 1710 4709 perducto.

463 4706 575 4788 (69)
605 4707 695 4788 Sic
713 4716 937 4777 uterque
959 4706 1090 4777 Reg.
1117 4717 1170 4762 et
1194 4705 1427 4779 Seguer.
1445 4706 1512 4760 At
1533 4708 1625 4760 alii
1646 4716 1701 4761 et
1726 4707 1855 4760 editi
1883 4705 1948 4760 ἄν

390 4786 668 4831 omittunt.

465 4843 574 4916 (70)
603 4845 702 4918 Sie
729 4862 888 4912 mss.,
916 4856 1077 4918 atque
1107 4849 1179 4902 ita
1197 4847 1345 4918 _legit
1369 4844 1572 4918 Nann.’
1586 4846 1765 4902 Editio
1787 4846 1948 4918 Coin—

394 4915 846 4983 ιιιρίηάσεϐείας,
886 4915 1160 4972 mendose.
1197 4915 1366 4972 Paulo
1396 4926 1518 4985 post
1544 4916 1674 4987 Reg.
1707 4918 1730 4969 1
1771 4927 1824 4987 et
1857 4915 1953 4970 Se-

396 4989 663 5056 guerian.,
699 4987 806 5040 τῶν
841 4987 963 5040 νοῦν
1003 4987 1269 5056 Ἰουδαίων
1300 4986 1728 5056 κακοφροσύνης.
1762 4986 1951 5041 Caeteri

395 5055 451 5110 et
481 5058 629 5127 editi,
648 5058 754 5110 τῶν
789 5057 1056 5110 Ἰουδαίων
1088 5056 1195 5110 τῶν
1223 5055 1315 5109 νῦν
1345 5055 1774 5127 κακοφροσύνης.

469 5127 582 5195 (71)
610 5126 741 5197 Reg.
774 5129 798 5183 1
824 5137 878 5182 ct
906 5127 1220 5197 Seguerian.
1249 5125 1614 5194 ἐπιγνώσεσθέ
1647 5143 1727 5179 τε.
1762 5126 1955 5181 Goble-

401 5194 539 5249 rian.
565 5194 621 5250 et
647 5194 790 5251 Fele.
825 5198 877 5262 1,
905 5194 1326 5264 ὲπίγινώσκεσθέ
1351 5214 1430 5250 τε.

472 5265 583 5335 (72)
624 5266 841 5336 ϐοιιιεν.
873 5279 926 5321 et
957 5266 1103 5336 Felc.
1141 5269 1192 5326 1,
1225 5267 1464 5336 ἰδιότητι.
1494 5264 1684 5320 Caeteri
1711 5275 1761 5318 et
1790 5265 1954 5319 editio

402 5332 690 5408 Commel.,
707 5338 989 5408 ἀῖδιότητι.
1012 5335 1181 5408 Paulo
1199 5345 1321 5408 post
1337 5332 1467 5408 Reg.
1498 5337 1519 5388 1
1544 5344 1594 5390 et
1611 5335 1952 5408 S_cgue[ian_.,

401 5403 560 5465 αὐτὸς
588 5403 912 5477 δημιουργός
945 5409 1132 5477 ἐστριῂ
1164 5403 1358 5477 ὲνμγάρ
1390 5403 1465 5477 τῷ
1498 5411 1583 5477 κγ’
1627 5403 1824 5477 ψαλμῴ
1861 5404 1958 5477 γέ-

403 5460 672 5556 γραπταίῖ
702 5460 920 5530 ϐοἱιίθιῗ.
957 5484 1011 5529 et
1046 5475 1190 5530 Felc.
1227 5460 1285 5541 i',
1328 5460 1490 5539 αὑτός
1633 5460 1957 5554 δημιουργὸς

404 5541 607 5614 Κυρξος
627 5544 768 5614 ἐστι.
797 5546 906 5597 Καὶ
928 5545 1217 5614 γάρΔαείὸ
1245 5563 1429 5614 φησιν.
1464 5545 1569 5599 Alti
1608 5554 1662 5600 et
1690 5543 1841 5614 edttt,
1865 5544 1957 5614 αυ-

386 5585 604 5672 esses;
622 5585 952 5683 έῆμξδςτςξιςε
967 5585 1430 5684 semissis
1459 5585 1569 5686 at;
1595 5585 1844 5684 ιῑεαῑῖιξέξ

404 5696 639 5749 γραπτα·
652 5720 664 5733 .

2032 3135 2091 3186 οὐ
2121 3133 2370 3186 τοσοῦτον
2413 3135 2475 3185 ὲκ
2509 3131 2600 3185 τοῦ
2651 3132 2818 3184 ἀῖδίου
2851 3129 3171 3201 γνωρίζεται
3207 3129 3409 3199 Κύριος
3443 3128 3604 3200 (74),.

2031 3229 2151 3280 ὅσον
2177 3228 2257 3279 ὅτι
2277 3226 2404 3289 Υἱός
2435 3227 2549 3277 ἐστι
2578 3222 2671 3277 τοῦ
2694 3222 2827 3276 Θεοῦ
2847 3241 2862 3254 ·
2890 3223 3017 3285 ria;
3045 3223 3154 3296 γὰρ
3181 3222 3276 3284 ὢν,
3293 3221 3590 3292 ἀχώριστός

2034 3319 2148 3369 ὲστι
2180 3317 2273 3369 τοῦ
2303 3316 2534 3386 Πατρὸς,
2561 3314 2655 3368 καὶ
2681 3314 2780 3368 οὐκ
2803 3308 2870 3384 ἦν
2891 3312 2978 3366 ὅτε
3006 3313 3105 3366 οὐκ
3133 3309 3221 3384 ἦν,
3253 3311 3364 3366 ἀλλ’
3389 3312 3475 3365 ἀεὶ
3500 3307 3604 3382 ἦνοη

2033 3407 2127 3460 καὶ
2158 3405 2318 3459 εἰκῶν
2344 3407 2437 3459 καὶ
2475 3404 2812 3474 ἀπαύγασμα
2850 3404 2924 3456 ὢν
2949 3403 3038 3458 τοῦ
3073 3404 3284 3475 Πατρὸζ
3309 3443 3323 3468 ,
3359 3402 3469 3472 ἔχει
3501 3403 3593 3455 καὶ

2033 3497 2130 3569 τὴν
2160 3497 2438 3568 ἁῖδιότητα
2458 3495 2549 3549 τοῦ
2576 3496 2786 3564 Πατρός
2813 3495 2946 3567 (75).
2974 3496 3159 3557 Ὀπως
3193 3495 3289 3564 μὲν
3317 3489 3408 3547 οὗν
3433 3493 3594 3562 ἠλέγι

2035 3591 2238 3661 χθησαν
2265 3590 2450 3654 κακῶς
2475 3589 2718 3653 νοοῦντες
2745 3589 2780 3643 ἃ
2811 3587 3238 3660 προεφασίζοντο
3264 3586 3420 3659 ῥητὰ,
3446 3585 3597 3638 δυνα-

2034 3686 2124 3738 τόν
2153 3701 2267 3746 πως
2287 3683 2352 3735 ἐκ
2370 3683 2476 3735 τῶν
2507 3681 2815 3753 ἔμπροσθεν
2838 3681 2905 3735 δι’
2933 3681 3126 3749 ὀλίγων
3159 3678 3456 3751 εἰρημένων
3490 3695 3591 3731 κα-

2036 3772 2294 3844 ταμαθεῖν
2313 3788 2328 3802 ο
2355 3772 2438 3824 ὅτι
2463 3771 2518 3823 δὲ
2542 3771 2634 3823 καὶ
2662 3772 2728 3823 ὲν·
2745 3765 2825 3834 οἷς
2862 3769 3022 3823 πάλιν
3049 3767 3465 3840 προφασίζονται
3498 3765 3592 3818 νῦν

2042 3865 2105 3916 ὲκ
2132 3861 2242 3914 τῶν
2271 3859 2614 3928 Εὐαγγελίων
2649 3859 2760 3929 (76)
2785 3899 2799 3922 ,
2835 3857 3185 3929 γνωρίζονται
3217 3854 3416 3928 σαθρὰν
3447 3855 3595 3925 ἔχον-

2042 3972 2133 4018 τες
2161 3953 2259 4024 τὴν
2301 3951 2558 4015 διάνοιαν,
2607 3950 2784 4022 ῥᾴδιόν
2826 3952 2940 4002 ἐστι
2971 3950 3213 4011 συνιδεῖν,
3242 3947 3335 4001 ἐὰν
3366 3946 3607 4018 μάλιστα·

2115 4217 2224 4288 (75)
2249 4215 2426 4285 Rng
2469 4224 2524 4288 et
2547 4213 2894 4288 _Segue_rian.,
2931 4207 3163 4288 Δῇλονδιέ
3191 4210 3355 4288 ἐστιν.
3397 4203 3598 4284 ln_aliis

2042 4298 2096 4344 et
2117 4274 2276 4343 editis
2317 4274 2467 4340 deest
2504 4283 2582 4337 δέ.
2616 4274 2780 4336 Paulo
2810 4292 2929 4348 post
2963 4274 3094 4348 lieg.
3126 4279 3149 4330 1
3177 4285 3230 4330 et
3251 4274 3596 4348 _Seguerian.,

2043 4356 2303 4440 τίςέιμιῐδν
2323 4355 2400 4440 έῖι
2434 4354 2784 4440 λοιπάνςὲιοι
2801 4343 3487 4440 Εοᾏθέετέέξῖμθιρῗὲἓὲεηέν
3514 4343 3612 4440 Eii

1975 4414 2016 4466 θ
2047 4414 2202 4499 ὑμῖῷν
2237 4426 2319 4499 έτι
2355 4414 2712 4499 λοιπόνᾍρω.
2752 4421 2856 4474 Alii
2890 4430 2943 4474 et
2989 4419 3152 4472 editio
3205 4414 3488 4477 Commel.,
3517 4414 3601 4475 τίς

2049 4492 2200 4569 ὑμῶν
2213 4567 2218 4569 Α
2233 4496 2315 4569 ἔτι
2347 4492 2724 4569 ἀμφιϐαλλειν.

2096 4559 2228 4635 qm
2262 4564 2353 4619 Sic
2379 4551 2510 4633 hég.
2542 4564 2590 4622 ι,
2635 4563 2856 4635 S_eguer_.
2898 4556 3127 4635 _G_obt_er.
3180 4563 3235 4634 et
3277 4553 3420 4635 ξςιο.
3452 4551 3502 4604 ι.
3532 4552 3602 4605 At

2049 4624 2138 4690 alii
2163 4624 2224 4690 eti
2239 4635 2389 4698 editi,
2421 4624 2488 4686 οὗ
2531 4624 2779 4684 τοσοῦτ’ον
2822 4627 3003 4698 ἁπλῶς
3033 4628 3095 4678 ὲκ
3130 4624 3223 4698 τοῦ
3244 4624 3434 4698 ’ἀιδίου
3463 4637 3602 4698 γνω-

2051 4707 2255 4778 ρίζετσμ
2278 4707 2305 4756 ὁ
2332 4691 2551 4778 Κύριος.
2583 4701 2788 4778 Anglic.
2828 4697 3060 4778 ιιιξιξηεκ
3090 4694 3197 4778 τῶν
3232 4693 3434 4778 ἀϊδίων.
3469 4691 3599 4778 Item

2051 4761 2182 4830 ibid.
2215 4773 2345 4843 Reg.
2384 4761 2437 4827 ei
2463 4761 2709 4842 Seguerr,
2730 4770 2812 4821 ὅτι
2850 4765 2964 4829 υἱός
2991 4767 3129 4821 ἐστι.
3156 4763 3348 4818 Cameri
3372 4770 3424 4817 et
3445 4761 3598 4825 editi,

2048 4847 2130 4900 ὅτι
2155 4847 2183 4897 ὁ
2215 4845 2340 4905 Υἱός
2368 4845 2500 4894 ἐστι.

2120 4915 2236 4984 (75)
2271 4901 2393 4966 Ηὲο
2424 4909 2748 4984 νθιίιιηέχει
2770 4907 2863 4961 καὶ
2893 4903 3302 4984 τῂν-ἀῖδιότητα
3339 4901 3612 4984 106‘“le-

2050 4954 3081 5056 τρὲςῖᾏίιξῖιιιι
3205 4954 3303 5051 iiec
3328 4971 3487 5051 vertit
3519 4971 3602 5022 in-

2053 5042 2258 5123 tet-pres
2283 5054 2336 5105 in
2367 5051 2602 5123 editione
2627 5047 2888 5123 Commel.
2928 5046 3125 5123 Ibidem
3144 5042 3344 5123 Regius
3373 5042 3615 5123 primus,

2056 5110 2371 5193 Seguerian.
2421 5121 2703 5193 Anglican.
2727 5116 3063 5193 ‘Cobleri‘an.
3106 5124 3158 5167 et
3187 5111 3351 5193 fele;
3379 5111 3428 5174 1,
3450 5110 3605 5193 ,ὅπως

2057 5177 2158 5264 μὲῖἷ
2187 5189 2298 5246 οὖν.
2329 5193 2385 5245 in
2421 5177 2543 5245 aliis
2579 5200 2633 5243 et
2677 5188 2914 5243 editione
2961 5183 3245 5245 Commel.,
3296 5177 3387 5234 οὖν
3431 5180 3604 5233 deest.

2054 5263 2174 5316 Mox
2206 5263 2335 5316 Rea.
2370 5261 2420 5316 1.
2450 5259 2672 5316 Seguer.
2697 5255 3006 5310 Goblerian.
3031 5261 3085 5306 et
3115 5251 3256 5305 Felc.
3293 5251 3344 5314 1,
3371 5265 3604 5316 προεφα-

2269 5277 2335 5311 ιιῐ.
2370 5270 2420 5311 1.
2450 5270 2672 5311 δθριιθι.
2697 5270 3006 5310 υοῡιετιξιιι.
3031 5270 3085 5306 et
3115 5270 3256 5305 rete.
3293 5270 3344 5311 1,
3371 5270 3608 5311 προεφα-

2058 5265 2174 5316 Mox
2206 5265 2335 5331 Reg.
2370 5265 2420 5325 1,
2450 5265 2672 5329 Seguer.
2697 5265 3006 5310 Coblertan.
3031 5265 3085 5306 et
3115 5265 3256 5305 r'elc.
3293 5265 3344 5314 1,
3371 5265 3542 5319 προεφ

2058 5333 2286 5395 σίζοντο.
2313 5331 2416 5383 Alii
2435 5338 2488 5383 et
2512 5330 2678 5400 editio
2714 5321 3498 5400 Comluel=._,hé7:po<pataiCo_yto-.h

2128 5390 2237 5472 (76)
2264 5401 2394 5472 Reg.
2432 5402 2452 5452 1
2489 5408 2542 5453 et
2565 5398 2713 5472 δοες,
2742 5392 3182 5472 προφασίζονται,
3215 5395 3288 5472 ἐξ
3304 5390 3411 5442 τῶν
3434 5390 3610 5469 Εὐαγ-

2056 5457 2247 5539 γελίων
2288 5457 2576 5523 δείκνυται.
2604 5457 2710 5520 Alii
2751 5457 2985 5539 etediti,
3019 5461 3437 5539 προφασίζονται
3472 5457 3606 5539 νῦν,

2057 5526 2120 5594 ἐκ
2145 5542 2250 5594 τῶν
2279 5539 2619 5608 Εὑαγγελίων
2649 5533 3016 5608 γνωρίζονται,
3051 5526 3171 5608 Mox
3204 5529 3332 5598 Reg.
3357 5530 3381 5582 1
3433 5536 3488 5582 et
3511 5526 3611 5582 Se-

2058 5612 2300 5683 gucrian.
2339 5601 2458 5680 post
2488 5601 2686 5680 ῥᾴδιον,
2721 5601 2973 5657 omittunt
2999 5601 3130 5653 ἐστί.
