3944 6222
362 288 465 344 587

961 283 1017 338 S.
1058 282 1430 338 ATIlANASIl
1468 281 1617 339 OPP.
1664 281 1845 337 PARS
1883 281 1922 335 I.
1966 310 2033 322 --
2072 279 2444 336 IIISTORICA
2484 281 2572 336 ET
2611 280 3033 339 DOGMATICA.

3493 286 3607 342 383

365 411 440 462 tio
465 406 625 462 Pater
649 405 726 460 illi
756 405 896 460 dixit
925 423 938 460 :
976 403 1105 459 Fiat
1138 405 1231 459 tua:
1256 406 1326 470 ⁸⁷,
1357 413 1432 469 et,
1473 404 1597 458 Fiat
1625 406 1932 474 ﬁrmamen-

2052 403 2146 464 ιαί,
2179 402 2493 470 Γενηθήτω
2525 401 2844 473 στερέωμα,
2871 406 2983 469 καὶ,
3019 403 3372 473 Ποιήσωμεν
3393 403 3611 474 ἅνθρω-

366 515 474 552 tum
495 499 562 563 ⁸⁸,
590 506 664 564 et,
705 495 992 551 Faciamus
1032 497 1295 551 hominem
1321 498 1364 528 ”
1393 514 1406 552 :
1437 511 1537 551 cur
1567 497 1696 550 item
1722 509 1847 548 eum
1878 494 1934 546 in

365 592 470 644 line
510 589 833 644 saeculorum
873 589 927 642 in
958 589 1224 643 mundum
1253 588 1487 651 miserit,
1523 604 1636 642 non
1677 597 1739 640 ut
1780 601 1940 640 mun-

363 681 493 735 dum
542 680 834 750 judicaret,
879 680 973 736 sed
1012 689 1073 734 ut
1109 679 1348 734 mundus
1380 693 1478 748 per
1527 677 1707 748 ipsum
1756 675 1940 731 salvus

364 773 517 827 ﬁeret
538 772 585 804 '°
611 789 627 828 :
651 772 903 826 similiter
926 787 1026 826 cur
1056 771 1318 841 scriptum
1343 771 1444 826 sit:
1469 768 1602 824 Ec‘ce
1644 768 1802 839 Virgo
1823 784 1943 822 con-

364 863 521 932 cipiet
563 871 615 916 et
662 863 838 932 pariet
884 861 1112 926 Filium,
1156 871 1206 915 et
1263 859 1522 915 vocabunt
1580 877 1769 914 nomen
1825 860 1940 929 ejus

366 953 734 1023 Emmanuel,
801 954 941 1024 quod
1014 962 1092 1008 est
1155 954 1600 1024 interpretatum,
1653 951 1942 1007 Nobiscum

366 1046 506 1099 Deus
533 1046 624 1097 ⁷⁸³⁸.

435 1137 525 1191 50.
562 1136 666 1203 Qui
694 1135 859 1206 igitur
887 1136 1124 1191 divinam
1167 1136 1506 1206 Scripturam
1535 1135 1746 1205 legerit,
1770 1134 1946 1190 discat

365 1228 586 1297 quidem
622 1228 786 1283 verba
815 1243 880 1283 ex
912 1229 1104 1283 Vetere
1127 1224 1498 1293 Testamento,
1534 1228 1629 1282 sed
1670 1243 1737 1282 ex
1762 1225 1941 1281 Evan-

363 1319 506 1389 gelio
568 1321 809 1374 attendat
862 1319 1152 1376 Dominum
1210 1323 1485 1376 hominem
1543 1320 1745 1375 factum
1798 1334 1940 1374 esse.

364 1413 524 1478 Nam,
567 1411 810 1477 Verbum,
839 1414 1034 1482 inquit,
1067 1431 1190 1469 caro
1225 1415 1426 1484 factum
1449 1423 1561 1475 est.
1597 1423 1646 1467 et
1683 1411 1942 1466 habitavit

364 1506 420 1557 in
446 1505 596 1558 nobis
623 1505 692 1559 τί.
736 1503 933 1570 Homo,
971 1506 1218 1576 inquam,
1254 1504 1430 1560 factus
1455 1514 1557 1570 est,
1602 1519 1714 1558 non
1757 1513 1942 1558 autem

367 1595 421 1647 in
455 1594 730 1649 hominem
756 1597 926 1650 venit.
957 1594 1012 1650 Id
1050 1596 1196 1650 enim
1226 1597 1370 1650 scire
1399 1595 1563 1650 etiam
1592 1609 1814 1650 necesse
1837 1603 1940 1663 est,

366 1701 436 1740 ne
469 1685 609 1740 forte
640 1687 695 1740 in
730 1687 1044 1757 hujusmodi
1085 1689 1414 1743 sententiam
1453 1687 1799 1744 deﬂectentes
1836 1687 1943 1743 im-

2040 507 2188 547 πον·
2221 496 2314 547 ἐπὶ
2335 495 2390 547 δὲ
2419 496 2696 568 συντελείᾳ
2717 496 2825 550 τῶν
2865 495 3074 551 αἰώνων
3100 495 3418 550 ἀπέστειλεν
3444 497 3611 554 αὑτὸν

2040 584 2120 648 εἰς
2145 585 2236 639 τὸν
2267 587 2490 658 κόσμον,
2530 590 2628 658 οὐχ
2671 590 2758 642 ἵνα
2789 589 2952 662 κρίνῃ
2976 588 3066 642 τὸν
3092 589 3315 660 κόσμον,
3361 589 3477 642 ἀλλ’
3519 591 3609 644 ἵνα

2045 677 2189 749 σωθῇ
2221 678 2331 749 (84)
2354 681 2384 732 ὁ
2411 680 2615 751 κόσμος
2638 681 2704 732 δι’
2735 680 2900 734 αὐτοῦ
2923 697 2935 710 ·
2961 681 3057 733 καὶ
3083 680 3388 752 γέγραπται
3405 697 3422 713 ο
3463 681 3610 736 Ἰδοὺ

2041 771 2081 838 ἡ
2114 772 2417 840 Παρθένος
2450 773 2522 826 ἐν
2564 772 2776 841 γαστρὶ
2815 771 2936 836 ἕξει
2960 814 2976 838 ,
3012 771 3112 825 καὶ
3151 771 3381 836 τέξεται
3426 774 3565 826 ΥΙόν
3591 790 3606 802 ·

2042 861 2144 914 καὶ
2189 861 2523 916 καλέσουσι
2555 861 2620 914 τό
2663 862 2849 930 ὄνομα
2892 863 3077 918 αὐτοῦ
3131 861 3507 931 Ἐμμιινουὴλ
3530 904 3545 928 ,
3575 861 3609 915 ὅ

2042 949 2172 1006 ἐστι
2195 952 2801 1022 μεθερμηνευόμενον,
2834 955 2975 1008 Μεθ’
2998 952 3169 1022 ἡμῶν
3201 955 3234 1006 ὀ
3267 954 3433 1018 Θεός.

2114 1135 2204 1190 50.
2259 1135 2317 1188 Ὀ
2358 1134 2536 1189 τοίνυν
2572 1137 2908 1206 ἐντυγχάνων
2951 1138 3017 1207 τῇ
3067 1135 3186 1208 θείᾳ
3229 1136 3455 1208 Γραφῇ,
3501 1136 3610 1189 ἀπὸ

2048 1225 2147 1296 μὲν
2173 1225 2279 1280 τῶν
2311 1225 2561 1279 Παλαιῶν
2590 1225 2660 1278 τὰ
2691 1226 2830 1298 ρητά
2857 1225 3312 1297 καταμανθανέτω
3346 1224 3482 1297 (85),
3504 1225 3612 1278 ἀπὸ

2042 1316 2101 1369 δὲ
2136 1316 2245 1369 τῶν
2288 1316 2632 1385 Εὐαγγελίων
2663 1315 2935 1388 θεωρείτω
2965 1316 3057 1369 τὸν
3087 1316 3287 1388 Κύριον
3321 1316 3610 1388 γενόμενον

2045 1408 2360 1482 ἄνθρωπον·
2406 1409 2470 1462 '0
2502 1409 2693 1479 Λόγος
2751 1409 2882 1479 γὰρ,
2932 1409 3104 1479 φησὶ,
3153 1408 3309 1477 σὰρξ
3351 1407 3606 1480 ἐγένετο,

2046 1502 2142 1555 καὶ
2174 1499 2529 1567 ἐσκήνωσεν
2550 1501 2620 1555 ἐν
2646 1500 2813 1570 ἡμῖν.
2846 1501 3164 1571 Ἀνθρωπος
3194 1499 3250 1552 δὲ
3282 1500 3491 1569 γέγονε,
3517 1502 3612 1555 καὶ

2044 1592 2144 1645 οὐκ
2181 1594 2262 1655 είς
2301 1591 2584 1664 ἄνθρωπον
2622 1587 2752 1664 ἦλθε
2777 1607 2793 1622 ·
2844 1591 2938 1645 καὶ
2969 1590 3125 1644 τοῦτο
3163 1591 3270 1662 γὰρ
3317 1591 3611 1660 ἀναγκαῖον

2047 1684 2271 1738 εἰδέναι·
2305 1686 2514 1757 μήποτε
2552 1685 2666 1750 καὶ,
2701 1687 2782 1749 εἰς
2813 1684 2971 1738 τοῦτο
2998 1685 3254 1747 πεσόντες
3283 1685 3332 1737 οἱ
3373 1685 3608 1750 ἀσεϐεῖς,

365 1775 460 1844 pii,
498 1776 714 1847 aliquos
753 1755 1047 1847 decipiant,
1080 1777 1269 1847 illique
1313 1777 1645 1845 existiment,
1671 1778 1938 1849 quemad-

2052 1755 2376 1849 ᾰπατήσωσί-
2428 1795 2613 1843 τινας,
2664 1778 2904 1831 κάκεῖνοι
2956 1777 3251 1849 νομίσωσιν
3293 1775 3437 1846 (86),
3491 1778 3609 1839 ὅτι,

365 1868 586 1922 modum
621 1869 749 1923 olim
781 1867 1018 1923 Verbum
1056 1869 1110 1924 in
1140 1885 1583 1941 unumquemque
1625 1880 1942 1926 sanctorum

364 1960 679 2028 descendit,
713 1961 785 2016 ita
826 1963 988 2016 etiam
1026 1962 1081 2016 in
1106 1963 1384 2018 hominem
1431 1965 1646 2020 venisse
1669 2007 1684 2031 ,
1715 1975 1772 2019 ut
1818 1980 1943 2019 eum

364 2060 618 2105 sanetum
663 2049 932 2117 redderet,
967 2060 1023 2106 et
1052 2051 1105 2106 in
1131 2053 1250 2122 ipso
1288 2063 1594 2123 appareret,
1631 2054 1710 2108 uti
1742 2055 1795 2108 in
1821 2054 1945 2108 aliis

364 2142 612 2211 contigit.
647 2141 703 2196 Si
735 2143 880 2198 enim
926 2143 1001 2197 ita
1043 2159 1104 2199 se
1131 2160 1220 2199 res
1249 2145 1510 2213 haberet,
1551 2154 1605 2200 et
1633 2147 1688 2201 in
1725 2147 1945 2201 homine

368 2233 745 2288 tantummodo
776 2236 1155 2304 apparuisset:
1182 2237 1318 2290 nihil
1346 2253 1479 2292 sane
1506 2247 1650 2293 esset
1673 2238 1817 2308 quod
1847 2237 1945 2292 ad-

366 2324 712 2379 mirationem
741 2335 923 2394 posset
967 2342 1206 2394 movere,
1245 2344 1346 2384 nec
1387 2329 1481 2398 qui
1512 2345 1636 2384 eum
1665 2329 1828 2402 460
1868 2330 1947 2384 vi-

366 2416 587 2481 debant,
620 2416 979 2487 obstupefacti
1013 2418 1315 2475 dixissent:
1337 2421 1619 2476 Undenam
1644 2422 1946 2478 isteest"?

366 2515 442 2570 et,
466 2507 647 2561 Curtu
667 2507 830 2560 homo
846 2523 970 2561 eum
998 2508 1096 2576 sis,
1124 2510 1357 2580 teipsum
1390 2509 1526 2566 facis
1545 2511 1713 2566 Deum
1742 2510 1946 2565 "'?Au-

366 2597 485 2652 dire
499 2597 765 2667 siquidem
797 2598 875 2652 illi
901 2614 1331 2655 consueverant:
1355 2601 1578 2657 Factum
1607 2613 1690 2658 est
1709 2601 1944 2658 Verbum

368 2689 585 2743 Domini
627 2690 692 2743 ad
729 2691 972 2760 singulos
1010 2693 1325 2763 prophetas.
1371 2692 1529 2749 Nunc
1580 2704 1757 2749 autem
1801 2705 1947 2765 post—

368 2793 532 2847 quam
585 2777 680 2832 Dei
727 2777 985 2846 Verbum,
1033 2796 1130 2850 per
1177 2783 1325 2849 quod
1376 2783 1560 2837 omnia
1607 2782 1750 2838 facta
1797 2793 1944 2848 sunt,

367 2874 530 2927 etiam
567 2872 708 2927 ﬁlius
754 2874 993 2929 hominis
1024 2875 1142 2929 ﬁeri
1183 2891 1294 2929 non
1341 2877 1541 2942 renuit,
1571 2892 1737 2948 seque
1768 2877 1944 2948 ipsum

368 2964 698 3028 humiliavit,
725 2965 866 3019 servi
896 2964 1073 3019 forma
1110 2977 1330 3037 accepta
1361 2985 1375 3020 :
1407 2968 1612 3022 idcirco
1637 2986 1771 3024 crux
1796 2970 1949 3024 Chri-

371 3053 440 3107 sti
468 3051 670 3107 Judaeis
699 3061 783 3109 est
811 3055 1152 3123 scandalum,
1188 3057 1343 3114 nobis
1374 3068 1554 3114 autem
1577 3060 1829 3116 Christus
1853 3059 1944 3117 Dei

368 3145 542 3200 virtus
585 3153 640 3198 et
686 3145 780 3200 Dei
817 3147 1081 3216 sapientia
1111 3159 1195 3204 est
1227 3149 1296 3203 “.
1330 3148 1465 3205 Nam
1503 3150 1745 3219 Verbum,
1787 3162 1844 3208 ut
1872 3155 1950 3209 ait

368 3235 645 3301 Joannes,
686 3254 809 3290 caro
861 3239 1063 3308 factum
1113 3250 1193 3294 est
1227 3242 1294 3296 ⁷⁵.
1362 3240 1644 3314 Siquidem
1691 3261 1812 3301 mos
1865 3255 1950 3301 est

373 3325 668 3397 Scriptura!
695 3345 866 3386 sacra:
900 3331 1176 3387 hominem
1217 3349 1436 3389 carnem
1479 3337 1772 3407 appellare.
1811 3337 1950 3393 Hinc

370 3418 510 3485 apud
542 3415 745 3472 .Ioelem
775 3421 1095 3490 prophetam
1125 3424 1325 3478 dicitur
1354 3442 1368 3477 :
1406 3424 1694 3495 Effundam
1729 3429 1791 3482 de
1823 3427 1948 3498 Spi-

370 3513 480 3564 ritu
511 3527 623 3565 meo
657 3514 713 3565 in
743 3529 949 3567 omnem
991 3530 1200 3568 carnem
1227 3516 1292 3571 7‘.
1335 3515 1466 3571 Item
1508 3517 1697 3573 Daniel
1725 3520 1947 3596 Astyagi

370 3601 508 3655 dixit
535 3621 548 3656 :
585 3601 695 3672 Ego
718 3603 864 3656 idola
891 3605 1201 3674 manufacta
1228 3623 1333 3660 non
1361 3607 1495 3671 colo,
1526 3610 1615 3662 sed
1663 3609 1830 3663 Deum
1872 3612 1950 3664 vi-

370 3703 600 3757 ventem,
641 3695 733 3764 qui
769 3693 957 3747 ccelum
989 3707 1037 3749 et
1082 3708 1278 3751 terram
1320 3701 1534 3765 creavit,
1566 3711 1614 3754 et
1644 3702 1698 3754 in
1744 3718 1949 3757 omnem

371 3797 585 3835 carnem
625 3782 960 3837 dominatum
1009 3783 1162 3838 habet
1184 3786 1250 3839 ⁷⁷.
1284 3784 1385 3841 Hic
1418 3788 1586 3852 enim,
1625 3798 1686 3843 ut
1723 3800 1777 3845 et
1807 3788 1947 3858 Joel,

371 3870 655 3925 hominum
685 3887 858 3942 genus
884 3874 1067 3928 carnis
1099 3876 1320 3930 nomine
1347 3877 1638 3948 signiﬁcat.

439 3962 528 4016 51.
571 3960 710 4016 Olim
751 3963 917 4033 igitur
962 3965 1028 4018 ad
1068 3965 1312 4036 singulos
1357 3978 1575 4024 sanctos
1628 3969 1832 4027 factum
1866 3979 1950 4026 est

378 4048 636 4111 Verbum.
663 4067 869 4122 eosque
889 4095 905 4119 ,
941 4055 1034 4124 qui
1065 4056 1240 4125 ipsum
1277 4058 1436 4129 digne
1465 4071 1845 4130 susceperunt,
1867 4061 1949 4117 ef-

373 4140 501 4195 fecit
537 4153 755 4198 sanctos
786 4161 799 4197 :
837 4160 936 4199 nec
963 4155 1143 4201 tamen
1184 4164 1309 4203 cum
1343 4151 1420 4204 illi
1451 4167 1826 4220 nascerentur,
1861 4156 1946 4208 di-

372 4241 519 4286 ctum
565 4242 649 4287 est
694 4234 872 4302 ipsum
926 4234 1205 4291 hominem
1241 4237 1446 4295 factum
1479 4259 1621 4310 esse,
1671 4260 1773 4300 nec
1822 4261 1948 4300 cum

370 4329 702 4389 paterentur,
733 4335 955 4390 passum
989 4338 1130 4379 esse.
1162 4326 1298 4381 Cum
1327 4339 1509 4386 autem
1549 4334 1603 4388 in
1637 4333 1744 4390 line
1776 4351 1949 4391 sarcu-

1973 3100 2020 3163 C

2045 1868 2234 1940 ὧσπερ
2269 1871 2325 1922 ἐν
2361 1872 2474 1933 τοῖς
2507 1868 2815 1940 ἔμπροσθεν
2859 1869 3071 1940 χρόνοις
3112 1869 3190 1932 είς
3233 1868 3460 1921 ἕκαστον
3503 1869 3612 1922 τῶν

2045 1960 2215 2028 ἁγίων
2244 1959 2474 2028 ἐγίνετο,
2517 1960 2660 2013 οὕτω
2691 1960 2784 2013 καὶ
2827 1959 2921 2013 νῦν
2958 1960 3037 2022 είς
3087 1959 3371 2029 ἄνθρωπον
3414 1958 3610 2029 ἐπεδή-

2049 2068 2218 2123 μησεν
2249 2052 2278 2104 ὁ
2315 2051 2484 2120 Λόγος
2511 2049 2750 2119 ἁγιάζων
2779 2051 2873 2104 καὶ
2899 2050 3110 2114 τοῦτον,
3147 2050 3240 2102 καὶ
3267 2049 3607 2120 φανερούμε-

2044 2161 2135 2208 νος
2155 2144 2344 2215 ὥσπερ
2366 2143 2459 2197 καὶ
2492 2146 2548 2196 ἐν
2579 2147 2690 2206 τοῖς
2730 2142 2928 2206 ἄλλοις.
2975 2142 3038 2194 EE
3063 2141 3167 2210 γὰρ
3201 2141 3373 2203 οὕτως
3396 2136 3483 2211 ἦν,
3516 2143 3613 2193 καὶ

2049 2239 2206 2308 μόνον
2233 2239 2290 2290 ἐν
2307 2235 2576 2308 ἀνθρώπῳ
2600 2235 2786 2305 φανεὶς
2807 2230 2894 2304 ἦν,
2909 2234 3056 2287 οὐδὲν
3073 2229 3140 2304 ἦν
3165 2232 3462 2304 παράδοξον
3479 2232 3612 2302 (8'7),

2045 2327 2168 2381 οὔτε
2205 2330 2255 2381 οἱ
2291 2327 2527 2400 ὁρῶντες
2571 2324 2867 2391 ἐξενίζοντο
2893 2325 3174 2394 λέγοντες·
3221 2323 3470 2387 Ποταπὺς
3507 2325 3614 2394 ἄρα

2046 2421 2193 2472 ἐστὶν
2225 2413 2416 2485 οῦτος;
2461 2419 2579 2483 καὶ,
2627 2417 2729 2471 Διά
2766 2418 2821 2471 τί
2854 2418 2952 2482 σὺ,
2997 2417 3280 2487 ἄνθρωπος
3311 2415 3405 2480 ὢν,
3442 2419 3614 2478 ποιεῖς

2049 2511 2271 2566 σεαυτὸν
2300 2510 2473 2577 Θεόν;
2510 2507 2670 2582 Εἶχον
2707 2511 2816 2582 γὰρ
2855 2510 2954 2582 τὴν
2987 2507 3270 2582 συνήθειαν
3303 2507 3610 2569 ἀκούοντες·

2047 2605 2158 2656 Καὶ
2187 2604 2401 2672 ἐγένετο
2424 2604 2594 2672 Λόγος
2616 2602 2819 2674 Κυρίου
2849 2603 2984 2674 πρὸς
3013 2604 3236 2656 ἕκαστον
3260 2601 3366 2654 τῶν
3399 2619 3610 2672 προφη-

2046 2696 2173 2750 τῶν.
2209 2695 2325 2749 Νῦν
2355 2696 2434 2761 δὲ,
2473 2695 2659 2767 ἐπειδὴ
2684 2697 2714 2747 ὁ
2744 2694 2838 2748 τοῦ
2865 2694 2997 2747 Θεοῦ
3024 2694 3215 2761 Λόγος,
3240 2694 3307 2746 δι’
3331 2686 3392 2746 οὗ
3421 2694 3612 2762 γέγονε

2046 2788 2116 2842 τὰ
2158 2788 2354 2852 πάντα,
2392 2787 2651 2858 ὑπέμεινε
2691 2787 2785 2840 καὶ
2831 2787 2959 2839 Υἱὸν
3005 2784 3291 2855 ἀνθρώπου
3337 2785 3610 2854 γενέσθαι,

2047 2880 2142 2933 καὶ
2173 2878 2531 2932 ἐταπείνωσεν
2564 2876 2778 2937 ἐαυτὸν.
2810 2875 2988 2928 λαϐὼν
3015 2875 3200 2927 δούλου
3251 2880 3461 2946 μορφήν
3480 2894 3493 2906 ·
3526 2877 3614 2931 διὰ

2046 2970 2205 3024 τοῦτο
2242 2971 2516 3033 Ἰουδαίοις
2543 2969 2640 3040 μὲν
2671 2968 2964 3022 σκάνδαλόν
2994 2970 3139 3020 ἐστιν
3172 2970 3200 3020 ὁ
3239 2968 3332 3021 τοῦ
3379 2969 3613 3039 Χριστοῦ

2051 3061 2299 3132 σταυρὸς,
2333 3062 2464 3132 ἡμῖν
2483 3059 2541 3112 δὲ
2567 3057 2800 3130 Χριστὸς
2827 3056 2960 3110 Θεοῦ
2988 3057 3213 3128 δύναμις
3238 3058 3332 3110 καὶ
3366 3058 3499 3111 Θεοῦ
3523 3075 3612 3112 σο-

2052 3155 2184 3224 φίαο
2227 3153 2280 3205 '0
2313 3153 2503 3222 Λόγος
2534 3149 2642 3222 γὰρ
2666 3191 2681 3218 ,
2730 3150 2805 3213 ὼς
2843 3145 2995 3202 εἶπεν
3035 3150 3063 3202 ὁ
3127 3149 3415 3220 Ἰωάννης,
3459 3151 3614 3218 σὰρξ

2049 3246 2284 3317 ἐγένετο
2303 3263 2316 3276 ·
2342 3245 2442 3314 τῆς
2471 3243 2692 3315 Γραφῆς
2717 3241 2836 3304 ἔθος
2861 3241 3090 3313 ἐχούσης
3115 3240 3296 3310 λέγειν
3320 3242 3498 3313 σάρκα
3525 3240 3616 3293 τὸν

2046 3339 2351 3410 ἄνθρωπον,
2369 3336 2445 3400 ὡς
2471 3336 2560 3389 διὰ
2584 3335 2737 3408 Ἰωὴλ
2765 3333 2858 3388 τοῦ
2889 3335 3164 3405 προφήτου
3190 3334 3370 3405 φησιν·
3403 3331 3616 3401 Ἐκχεῶ

2049 3431 2167 3488 ἀπὸ
2197 3430 2302 3484 τοῦ
2338 3428 2684 3497 Πνεύματός
2711 3444 2830 3496 μου
2859 3426 2956 3480 ἐπὶ
2988 3425 3193 3480 πᾶσαν
3231 3425 3426 3492 σάρκα
3453 3441 3467 3455 ·
3521 3426 3616 3478 καὶ

2049 3525 2124 3588 ὡς
2154 3523 2268 3595 (88)
2315 3521 2512 3591 Δανιὴλ
2556 3521 2744 3591 εἴρηκε
2784 3519 2861 3590 τῷ
2907 3518 3208 3588 ’Λστυὰγῃ’
3247 3520 3329 3570 Οὐ
3372 3517 3616 3585 σέϐομαι

2048 3617 2268 3671 εἴδωλα
2294 3613 2695 3685 χειροποίητα,
2739 3611 2900 3666 ἀλλὰ
2925 3610 3032 3664 τὸν
3075 3609 3258 3670 ζῶντα
3297 3610 3465 3673 Θεὸν,
3509 3611 3617 3662 τὸν

2048 3709 2342 3761 κτίσαντα
2373 3705 2479 3759 τὸν
2511 3704 2770 3773 οὐρανὸν
2800 3702 2900 3756 καὶ
2932 3702 3046 3770 τὴν
3079 3701 3224 3773 γῆν,
3268 3702 3366 3755 καὶ
3397 3701 3618 3770 ἔχοντα

2048 3795 2252 3864 πάσης
2282 3794 2509 3864 σαρκὸς
2538 3795 2782 3862 κυρείαν
2809 3809 2822 3823 °
2859 3793 3037 3864 σάρκα
3076 3791 3185 3864 γὰρ
3219 3792 3314 3846 καὶ
3339 3785 3493 3856 οὗτος
3523 3794 3616 3847 καὶ

2060 3889 2213 3960 Ἶωὴλ
2240 3887 2301 3940 τὸ
2324 3886 2432 3939 τῶν
2461 3885 2556 3938 ἀνθ
2565 3885 2759 3956 ρώπων
2781 3884 2936 3952 γένος
2959 3883 3224 3951 λέγουσιν.

2118 3980 2205 4035 51.
2239 3979 2416 4034 Πάλαι
2467 3980 2562 4049 μὲν
2597 3974 2689 4030 οὖν
2733 3976 2869 4048 πρὸς
2906 3977 3133 4028 ’ἑκαστον
3161 3974 3273 4045 (89)
3303 3973 3410 4028 τῶν
3447 3975 3618 4043 ἁγίων

2049 4066 2277 4135 ἐγίνετο,
2304 4068 2398 4120 καὶ
2423 4064 2614 4137 ἠγίαζε
2645 4065 2742 4134 μὲν
2768 4065 2895 4126 τοὺς
2921 4065 3156 4134 γνησίως
3179 4063 3500 4135 δεχομένους
3521 4065 3617 4118 αὺ-

2048 4159 2158 4212 τόν·
2180 4157 2301 4211 οὔτε
2321 4145 2399 4225 δέ,
2439 4155 2792 4228 γεννωμένων
2814 4154 3057 4218 ἐκείνων,
3085 4155 3319 4226 εἴρηται,
3341 4158 3420 4211 ὅτι
3455 4157 3618 4220 αὐτὸς

2049 4251 2338 4323 γεγένηται
2385 4250 2687 4321 ἅνθρωπος.
2721 4247 2865 4314 οὔτε,
2903 4248 3219 4318 πασχόντων
3253 4249 3495 4312 ἐκείνων,
3541 4249 3617 4301 εῖ-

2055 4357 2244 4413 ρηται·
2287 4339 2561 4395 Πέπονθεν
2593 4339 2775 4402 αὐτός.
2813 4339 2941 4392 Ὅτε
2979 4339 3035 4391 δὲ
3073 4341 3137 4392 ἐκ
3183 4338 3401 4410 Μαρίας
3425 4337 3616 4408 ἐπεδὴο

372 4411 548 4465 Iorum
580 4410 648 4466 ad
684 4412 1070 4469 destruendum
1103 4428 1387 4487 peccatum
1426 4439 1490 4477 ex
1538 4425 1704 4480 Maria
1747 4429 1943 4498 prodiit

2054 4410 2225 4504 μήσεν
2257 4430 2402 4495 ἆπαξ
2431 4432 2542 4502 (90)
2581 4430 2675 4483 ἐπὶ
2701 4429 2979 4500 συντελείᾳ
2996 4428 3106 4481 τῶν
3139 4427 3348 4482 αίώνων
3377 4430 3458 4492 εἰς
3485 4425 3612 4481 ἀθέ-

371 4503 468 4573 (ita
488 4502 633 4557 enim
653 4501 796 4557 Patri
817 4505 990 4560 visum
1010 4516 1094 4562 est
1110 4524 1270 4564 suum
1289 4514 1504 4570 mittere
1519 4515 1717 4573 Filium
1735 4520 1941 4577 factum

441 4659 484 4731 ej
524 4659 657 4715 Gen.
702 4664 837 4728 .,5.
951 4667 994 4698 οε
1035 4668 1163 4724 ibid.
1203 4669 1255 4724 6.
1387 4671 1432 4701 ου
1472 4673 1601 4727 ibid.
1643 4676 1733 4731 26.

588 4918 805 5002 Eobler.
833 4932 886 4975 et
899 4921 1055 5002 Felc.
1089 4923 1140 4986 I,
1169 4923 1248 5002 εἰς
1275 4921 1366 5002 τὸν
1398 4924 1620 5002 κόσμον,
1649 4928 1736 5002 ἵνα
1766 4929 1936 5002 σωθῇ.

438 4987 558 5067 (85)-
589 4987 787 5067 Reg._l_
815 4993 1146 5067 et_Seguer.,
1190 4991 1256 5042 τὰ
1283 4991 1422 5067 ῥητᾲ
1451 4987 1933 5067 καταμανθανέτῶ.

438 5010 548 5057 (θοι
589 5010 718 5060 neg.
758 5010 781 5044 ι
815 5010 870 5045 et
899 5010 967 5045 ae
1007 5010 1146 5057 uer.,
1190 5010 1256 5042 τα
1283 5010 1422 5062 ρητα
1451 5012 1519 5047 κα

366 5055 560 5147 (ἔδειξῇ
587 5070 640 5147 et
662 5062 814 5147 editi,
841 5010 1150 5147 eenpgpata
1185 5061 1522 5146 μανθανέτω.

591 5127 723 5201 fieg.
763 5135 790 5201 1
827 5143 881 5186 ct
910 5127 1522 5201 Seguernﬂogtioouatv.

437 5198 549 5272 (87)
591 5197 722 5272 Reg.
763 5200 825 5272 1Δ
879 5197 1103 5272 Seguer.
1145 5197 1362 5254 Gob'ler.
1400 5212 1454 5257 et
1488 5204 1633 5261 Felc.
1683 5208 1737 5262 I.
1776 5209 1847 5262 At
1879 5208 1932 5263 in

367 5264 573 5342 aliisﬁet
594 5264 759 5342 editis
797 5268 864 5342 ἦν
895 5264 1062 5328 ἀθῖεει.

441 5335 680 5418 (88)"95
709 5335 860 5396 abeét
887 5357 917 5418 τι
935 5342 1164 5418 Δ(ἳποὶιΙ-εεικ
1196 5353 1250 5418 et
1273 5345 1421 5418 ,Eelc.
1454 5347 1513 5418 Ir.)
1542 5345 1674 5402 Ibid.
1705 5356 1934 5418 uterque

368 5402 502 5488 Beg.
535 5402 589 5459 et
624 5406 872 5488 Seguer.,
904 5412 1326 5488 Ἀστυάγῃ.Λίίἰ
1353 5425 1415 5488 et
1432 5417 1584 5482 editi,
1623 5402 1930 5485 ’Λστυάξειι

368 4727 415 4760 ιη
441 4679 657 4760 LX.”
702 4679 745 4728 "
784 4679 837 4760 ‘2’;
927 4679 1163 4760 ,1³.¹¹)¹⁴¹’
1203 4679 1255 4724 δ·
1297 4679 1432 4760 .."
1472 4679 1601 4760 ‘3”;
1627 4679 1733 4760 36-
1849 4679 1943 4760 ’°.-‘

2052 4696 2114 4760 t_._
2155 4689 2245 4760 ιιι,
2288 4680 2375 4733 17.

450 4727 608 4786 Joan.
645 4727 758 4797 nx,
796 4737 850 4788 9.
927 4736 973 4768 ⁷⁸
1003 4736 1158 4794 Joan.
1203 4757 1256 4807 Χ,
1297 4740 1384 4795 55.
1481 4743 1528 4775 ⁶¹⁴
1567 4741 1587 4795 1
1624 4727 1752 4801 (fdi.
1796 4765 1835 4814 I,
1875 4727 1967 4805 24'.

2045 5074 2212 5126 editio
2243 5072 2532 5136 Commel.,

2045 5144 2396 5214 γεννωμένων
2422 5143 2664 5197 ἐκείνων.
2714 5143 2891 5197 Editio
2916 5154 3094 5214 au_tem
3130 5143 3416 5214 Commel.,
3445 5162 3617 5213 γενω-

2049 4541 2204 4595 τησιν
2269 4522 2540 4595 ἁμαρτίας
2591 4520 2771 4592 (οὕτω
2836 4520 2946 4591 γὰρ
2999 4520 3298 4589 εὐδοκήσας
3349 4523 3378 4573 ό
3426 4518 3613 4589 Πατὴρ

2513 4677 2584 4708 ⁷ο·
2625 4675 2818 4729 Matth.
2857 4690 2898 4738 ι,
2941 4675 3030 4729 25.
3159 4677 3201 4707 '”
3243 4673 3399 4728 Jorm.
3442 4691 3483 4739 ι,
3525 4678 3610 4734 11.

2067 4752 2114 4783 ⁷⁵
2148 4749 2307 4807 Joan.
2348 4765 2389 4816 I,
2435 4750 2517 4803 I4.
2622 4748 2668 4785 ⁷⁸
2701 4744 2814 4800 .Ioel
2855 4761 2917 4812 II,
2954 4744 3046 4799 28.
3107 4747 3151 4778 ’⁷
3193 4743 3329 4800 Dan.
3368 4759 3482 4813 xrv,
3522 4747 3574 4802 4.

2119 4931 2230 5005 (89)
2250 4932 2456 5007 [regius
2489 4935 2712 5007 pgirnus
2725 4943 2777 4988 et
2803 4932 3050 5007 Segtter.,
3072 4933 3175 5007 μὲν
3205 4929 3298 4987 οὖν
3327 4934 3462 5007 πρὸς
3478 4935 3618 5007 ἐκα-

2049 5019 2192 5055 στον.
2212 4999 2221 5005 ’
2242 4999 2660 5074 (ξοΒΙοΓηἚυΙο.
2694 5005 2745 5066 1,
2779 4999 3004 5074 μὲνόὗν
3035 4999 3114 5074 εἷς
3145 4999 3392 5058 ἒκαστονξ
3427 5005 3533 5059 Alii
3562 5016 3618 5060 et

2565 5076 2670 5144 μὲν·
2699 5072 3049 5144 είς-ἕκαστον.
3088 5072 3257 5144 Paulo
3297 5084 3418 5143 post
3455 5090 3614 5134 mss.,

2047 5212 2493 5284 μένωνέκείνων.
2528 5214 2664 5267 Ibid.
2708 5222 2934 5284 uterque
2976 5212 3143 5284 Ileg._
3160 5223 3212 5284 et
3241 5212 3488 5284 Seguer.,
3524 5231 3618 5281 γε-

2043 5282 2318 5404 γέννηται.
2371 5283 2475 5338 Alii
2534 5300 2690 5348 mss.,
2739 5281 3051 5353 γεγένηται.
3103 5281 3282 5339 Editio
3316 5281 3614 5346 ‘Commelq

2043 5367 2073 5404 Υ
2107 5369 2284 5404 νηται.
3257 5365 3263 5372 ’

2039 5365 2284 5424 γενηται
2358 5422 2385 5424 ν-
2531 5422 2538 5424 Α
2638 5422 2666 5424 η
3063 5422 3091 5424 _
3257 5365 3263 5372 ’

2109 5421 2222 5494 (90)
2247 5421 2488 5494 Βιιείιεει
2514 5422 2751 5494 Anglic"
2773 5425 2876 5476 ὅτι.
2901 5422 3034 5477 Ibid.
3062 5422 3196 5494 Reg.
3228 5425 3253 5476 1
3285 5433 3336 5477 et
3365 5423 3613 5494 Seguer.,

367 5472 670 5564 gert-onor)
696 5472 767 5564 ad
794 5472 1216 5564 Astyagem,'qiti
1247 5487 1360 5554 jam
1388 5472 1716 5564 decesserat.
1744 5472 1844 5542 sed.
1864 5489 1932 5543 ad

2052 5472 2199 5564 ιπὲὲῇ
2206 5472 2281 5562 ξιῆ
2287 5472 2726 5564 ξέν’-’ᾶῆαξῖῗὰῑίἷ
2736 5472 2807 5564 ἐἰ
2817 5472 2974 5547 ’ἔάὶῖἰ
2984 5472 3200 5563 Ϊιὲὲέἓῆ
3210 5472 3282 5564 ei}
3288 5472 3398 5547 ἔτὲκῖ
3406 5472 3504 5564 ἒξμό
3512 5472 3617 5564 ῥώὶ

368 5509 391 5527 ι
413 5509 540 5526 υ-ιυ
567 5509 670 5530 uuu
700 5509 767 5533 au
794 5509 1106 5553 natyagcm,
1122 5509 1216 5555 qm
1247 5509 1360 5554 jam
1388 5509 1716 5548 accesserat.
1744 5509 1836 5542 seu
1864 5509 1932 5543 au

367 5542 723 5634 (ivnonia-ejus
752 5553 1126 5634 successorem
1164 5557 1278 5634 luet;
1322 5572 1368 5634 τι
1391 5554 1610 5634 Daniele
1637 5559 1783 5634 dicta
1813 5573 1936 5634 esse

2052 5509 2572 5574 imoquqcev‘amg.
2611 5509 2716 5546 nm
2752 5509 2807 5546 et
2837 5509 3004 5574 eunt,
3040 5509 3378 5564 επεοημησεν
3406 5509 3617 5616 avulsam-

2052 5579 2139 5634 πος
2168 5562 2333 5634 ἅπαξ.
2354 5561 2605 5634 μαιιιιίιιε
2629 5577 2736 5634 non
2766 5563 2895 5632 legit
2922 5579 3141 5634 quoque
3164 5564 3468 5634 ἄνθρωπος,
3510 5578 3617 5634 ηομ

368 5625 635 5706 Igilii-DE“
661 5617 959 5706 §eriptura.
997 5621 1126 5676 Item
1163 5625 1295 5706 ibid.
1328 5624 1473 5706 elc.
1504 5627 1540 5679 2
1579 5637 1635 5706 et
1657 5629 1786 5706 editi
1815 5669 1830 5693 ,
1871 5628 1931 5680 οὐ

2209 5631 2233 5683 1
2263 5617 2314 5685 υἱ
2347 5633 2593 5706 S_eguer.,
2625 5617 2886 5706 dﬁémc'iv
2914 5617 3208 5706 ἁίμαρτίας.
3250 5617 3352 5688 Alii
3376 5617 3613 5697 et’editi,

369 5679 618 5752 σέδομεν.
653 5685 720 5744 At
756 5679 935 5772 εἰσίοι-ἰ
969 5705 1101 5746 mss.
1139 5702 1194 5748 et
1238 5679 1518 5765 Scriptura
1539 5738 1553 5764 ,
1585 5679 1644 5749 οῦ
1669 5679 1930 5768 Eisele};

2041 5701 2299 5771 ἀθέτησιν
2330 5701 2428 5772 τῆς
2458 5701 2753 5775 ἁμαρτίας.
