3944 6222
337 365 442 420 339

1425 367 1683 426 ORATIO
1725 368 1794 424 lll
1830 368 2114 426 CONTRA
2152 363 2478 430 ARIANOS.

3465 372 3574 429 390

337 478 545 550 ἔπεμψε
571 479 663 533 τὸν
697 479 888 533 ἑαυτοῦ
916 480 1045 534 Υἱδν
1071 479 1356 551 γενόμενον
1379 479 1491 553 (91)
1522 482 1586 535 ὲκ
1618 482 1895 550 γυναικὸς,

2011 498 2063 536 3x
2080 483 2324 552 muliere,
2339 483 2540 541 factum
2560 487 2662 543 sub
2679 487 2796 557 lege
2810 486 2900 558 ⁷⁸),
2922 493 3056 543 tunc
3069 487 3273 542 dictum
3291 497 3373 542 est
3395 487 3573 558 ipsum

335 572 620 643 γενόμενον
648 567 752 627 ὑπὸ
775 573 980 644 νόμον),
1009 572 1130 626 τότε
1161 574 1392 644 εἰρηται,
1426 574 1507 626 ὅτι
1537 573 1712 646 σάρκα
1737 590 1903 645 προσ-

334 662 512 718 λαϐὼν
542 664 833 735 γεγένηται
867 664 1173 736 ἄνθρωπος,
1212 665 1304 717 καὶ
1335 665 1393 717 ὲν
1433 664 1605 736 ταύτῃ
1640 664 1902 718 πέπονθεν

336 757 474 828 ὑπὲρ
499 758 675 829 ἡμῶν,
709 757 784 822 ὡς
816 753 968 811 εἶπεν
1012 760 1040 812 ὁ
1085 757 1288 828 Πέτρος
1309 773 1323 787 ·
1344 757 1606 824 Χριστοῦ
1641 753 1754 812 οὖν
1789 773 1902 810 πα-

335 849 545 914 θόντος
573 847 724 916 ὑπὲρ
771 848 940 918 ἡμῶν
985 848 1093 919 (92)
1140 848 1353 916 σαρκί·
1398 849 1484 902 ἵνα
1527 849 1710 919 δειχθῇ
1746 889 1761 912 ,
1811 849 1902 901 καὶ

336 939 536 1002 πάντες
567 939 966 1011 πιστεύσωμεν,
993 943 1096 1004 ὅτι,
1123 942 1210 995 ἀεὶ
1231 939 1305 992 ὢν
1335 940 1487 1003 Θεὸς,
1515 940 1610 993 καὶ
1634 940 1899 1008 ἁγιάζων,

339 1031 473 1100 πρὸς
506 1029 599 1094 οὓς
632 1031 865 1100 ἐγένετο,
899 1031 1208 1102 διακοσμῶν
1258 1049 1318 1085 τε
1368 1031 1504 1084 κατὰ
1550 1031 1610 1084 τὸ
1658 1030 1901 1101 βούλημα

338 1121 428 1174 τοῦ
477 1123 690 1192 Πατρὸς
723 1122 792 1176 τὰ
827 1122 1038 1186 πάντα,
1082 1122 1306 1194 ὕστερον
1353 1123 1444 1176 καὶ
1493 1124 1603 1192 (95)
1645 1123 1711 1175 δι’
1757 1125 1902 1194 ἡμᾶς

337 1215 561 1282 γέγονεν
617 1213 936 1285 ἄνθρωπος,
991 1214 1086 1268 καὶ
1137 1213 1461 1283 σωματικῶς
1491 1254 1506 1276 ,
1555 1211 1630 1276 ὥς
1683 1213 1901 1282 φησινὸ

350 1303 690 1368 Ἀπόστολος,
726 1303 1100 1374 κατῴκησενή
1139 1303 1328 1372 θεότης
1357 1303 1415 1358 ὲν
1455 1304 1522 1373 τῇ
1561 1301 1758 1372 σαρκί·
1790 1301 1902 1354 ἴσον

335 1394 410 1464 τῷ
461 1395 661 1463 φάναι,
703 1393 835 1458 θεὸς
870 1392 944 1447 ὣν
969 1436 983 1459 ,
1021 1394 1150 1447 ἴδιον
1185 1393 1310 1464 ἔσχε
1359 1393 1519 1464 σῶμα
1546 1435 1561 1458 ,
1607 1392 1699 1446 καὶ
1729 1390 1902 1462 τούτῳ

337 1484 615 1556 χρώμενος
630 1486 864 1557 ὀργάνῳ,
882 1485 1100 1554 γέγονεν
1118 1483 1212 1539 ἄνθ
1222 1502 1398 1555 ρωπος
1412 1485 1478 1537 δι’
1489 1486 1521 1554 ὴ
1532 1486 1637 1554 μᾶς
1652 1483 1781 1555 (91).
1795 1484 1902 1536 Καὶ

335 1577 418 1628 διὰ
440 1577 602 1630 τοῦτο
632 1576 700 1630 τὰ
738 1577 836 1648 μὲν
860 1577 966 1631 ἴδια
989 1576 1192 1648 ταύτης
1233 1575 1396 1629 αὑτοῦ
1438 1575 1672 1646 λέγεται,
1717 1574 1902 1646 ἐπειδὴ

337 1667 391 1717 ἐν
421 1667 558 1738 αὐτῇ
586 1662 674 1737 ἦν,
709 1661 797 1719 οἷά
818 1668 932 1719 ἐστι
950 1666 1012 1718 τὸ
1038 1667 1244 1736 πεινῇν,
1271 1665 1332 1718 τὸ
1357 1665 1536 1736 διψῇν,
1563 1664 1624 1717 τὸ
1641 1666 1868 1735 πάσχειν
1885 1705 1899 1730 ,

334 1755 393 1806 τὸ
421 1757 644 1826 κοπιᾷν,
692 1755 785 1807 καί⁵
828 1755 896 1808 τὰ
935 1755 1114 1826 ὃμοια,
1149 1748 1224 1807 ὧν
1253 1755 1398 1807 ἐστιν
1431 1756 1464 1823 ἡ
1501 1752 1637 1824 σὰρξ
1659 1753 1898 1824 δεκτική·

334 1847 400 1898 τὰ
425 1847 482 1899 δὲ
519 1821 687 1900 αύτοῦ
727 1845 819 1899 τοῦ
847 1821 1020 1916 Λόγου
1053 1847 1160 1900 ῐδια
1193 1845 1346 1918 ἔργα,
1392 1821 1483 1898 οἶά
1513 1821 1649 1911 ἐστι,
1678 1845 1740 1898 τὸ
1767 1821 1900 1915 ὲγεί-
1935 1821 1976 1875 Β

336 1955 448 2007 ρειν
472 1939 720 2008 νεκροὺς,
740 1938 832 1990 καὶ
853 1937 1082 2007 τυφλοὺς
1107 1941 1276 1992 ποιεῖν
1309 1937 1650 2002 ἀναὸλέπειν,
1681 1938 1774 1991 καὶ
1800 1937 1898 2008 τὴν

334 2028 734 2101 αἰμορωὖσαν
763 2030 940 2083 ἰᾶσθαι
962 2031 1121 2083 αὑτὸν
1145 2029 1277 2101 (95),
1299 2029 1388 2083 διὰ
1424 2029 1518 2083 τοῦ
1548 2029 1676 2083 ἰδίου
1715 2030 1898 2100 σώμα-

331 2137 420 2184 τος
452 2120 619 2184 αὐτὸς
654 2122 824 2175 ἐποίει
845 2139 857 2152 ο
892 2122 986 2174 καὶ
1025 2121 1054 2173 ὁ
1089 2123 1187 2192 μὲν
1225 2121 1394 2190 Λόγος
1425 2123 1526 2186 τὰς
1562 2123 1661 2194 τῆς
1701 2121 1898 2193 σαρκὸς

335 2209 632 2275 ἐϐάσταζεν
675 2212 976 2277 ἀσθενείας,
1025 2211 1099 2275 ὡς
1136 2212 1269 2276 ἰδίας
1302 2228 1316 2240 ·
1375 2211 1538 2267 αὑτοῦ
1585 2213 1694 2285 γὰρ
1742 2208 1810 2284 ἦν
1865 2215 1898 2284 ή

336 2299 472 2372 σάρξ
494 2301 612 2371 (96)
638 2316 653 2332 ⁶
689 2303 782 2355 καὶ
813 2303 846 2372 ἡ
879 2301 1016 2370 σὰρξ
1039 2301 1095 2354 δὲ
1125 2300 1387 2372 ὑπούργει
1422 2305 1534 2366 τοῖς
1575 2303 1672 2374 τῆς
1715 2303 1900 2374 θεότη-

331 2410 420 2457 τος
453 2393 660 2463 ἕργοις,
694 2394 774 2447 ὅτι
816 2395 872 2447 ὲν
906 2394 1042 2465 αὐτῇ
1075 2394 1292 2462 ἐγένετο
1336 2394 1479 2466 (97)·
1515 2395 1647 2448 Θεοῦ
1691 2396 1798 2468 γὰρ
1832 2392 1899 2467 ἦν

335 2485 514 2556 σῶμα.
547 2482 621 2538 Εὖ
661 2486 718 2539 δὲ
754 2486 782 2537 ὁ
824 2487 1107 2558 προφήτης
1157 2486 1396 2560 εἴρηκεν,
1443 2487 1737 2553 ὲόάσταξε
1759 2507 1774 2522 ο
1807 2493 1901 2545 καὶ

329 2581 431 2632 οὐκ
457 2580 673 2651 εἴρηκε,
703 2579 813 2643 Τὰς
845 2580 1125 2643 ἀσθενείας
1145 2583 1177 2652 ἡ
1188 2581 1302 2651 μῶν
1327 2581 1486 2645 αὐτὸς
1515 2582 1896 2653 ἐθεράπευσεν,

334 2672 420 2724 Da
450 2671 549 2740 μὴ,
591 2669 666 2733 ὡς
695 2670 850 2732 ἐκτὸς
895 2668 970 2722 ὣν
1011 2669 1106 2722 τοῦ
1151 2669 1419 2740 σώματος,
1464 2671 1558 2723 καὶ
1599 2671 1760 2741 μόνον
1804 2672 1900 2726 ab.

333 2763 392 2814 τὸ
435 2761 547 2832 (98)
589 2761 912 2832 ἰασάμενος,
948 2762 1023 2825 ὡς
1069 2761 1155 2814 ἀεὶ
1199 2761 1533 2832 πεποίηκεν,
1569 2763 1900 2828 ὑπευθύνους

336 2854 494 2906 πάλιν
523 2853 617 2908 τοῦ
651 2853 880 2907 θανάτου
922 2854 1048 2916 τοὺς
1086 2853 1403 2924 ἀνθρώπους
1437 2853 1752 2926 καταλείψῃ.
1789 2855 1899 2919 Τὰς

332 2947 386 2998 δὲ
417 2946 701 3008 ἀσθενείας
729 2945 887 3016 ἡμῶν
916 2943 1170 3016 βαστάζει
1211 2943 1350 3016 (99),
1383 2945 1478 2997 καὶ
1507 2945 1605 3009 τὰς
1627 2947 1900 3017 ἁμαρτίας

332 3036 486 3106 ἡμῶν
536 3036 699 3100 αὐτὸς
744 3037 916 3108 φέρει,
957 3037 1045 3089 ἵνα
1082 3036 1264 3107 δειχθῇ
1296 3037 1375 3089 ὅτι
1413 3053 1472 3089 τε
1515 3037 1799 3108 ἄνθρωπος
1830 3037 1898 3090 δι’

333 3128 477 3195 ἡμᾶς
507 3128 720 3195 γέγονε,
755 3129 848 3180 καὶ
886 3127 1043 3196 σῶμα
1074 3127 1135 3180 τὸ
1168 3129 1226 3181 ὲν
1257 3126 1405 3199 αὐτῷ
1438 3128 1600 3201 φέρον
1631 3129 1839 3200 αὐτὰς(

333 3219 493 3271 αὖτοῦ
547 3218 678 3271 ἴδιόν
714 3221 860 3271 ἐστι·
913 3220 1008 3272 καὶ
1047 3219 1208 3282 αὐτὸς
1258 3220 1355 3291 μὲν
1400 3220 1551 3274 οὐδὲν
1596 3220 1898 3275 ἐϐλάπτετο

331 3315 620 3384 ἀναφέρων
656 3313 754 3377 τὰς
788 3314 1059 3386 ἁμαρτίας
1103 3315 1259 3387 ἡμῶν
1283 3318 1374 3370 ἐπὶ
1401 3318 1462 3371 τὺ
1508 3317 1660 3384 ξύλον
1687 3320 1765 3390 τῷ
1798 3321 1900 3372 σώ-

339 3424 462 3474 ματι
493 3406 680 3468 αὑτοῦ,
722 3407 798 3470 ὼς
824 3403 974 3460 εἶπεν
1007 3410 1034 3460 6
1060 3409 1293 3480 Πέτροςο
1325 3412 1485 3480 ἡμεῖς
1514 3411 1569 3464 δὲ
1615 3412 1662 3463 οἱ
1694 3410 1902 3483 ἄνθρω-

337 3512 446 3559 ποι,
473 3495 585 3548 ἀπὸ
621 3495 719 3565 μὲν
749 3495 854 3548 τῶν
899 3495 1042 3550 ἰδίων
1077 3497 1265 3550 παθῶν
1294 3498 1682 3571 ἐλυτρούμεθα,
1715 3501 1812 3572 τῆς
1840 3503 1898 3557 δὲ

334 3587 424 3640 τοῦ
452 3588 627 3655 Λόγου
653 3587 996 3659 δικαιοσύνης
1017 3589 1402 3661 ὲπληρούμεθα
1429 3590 1530 3662 (2).

405 3679 496 3733 52.
535 3678 697 3732 Ὅθεν
740 3679 836 3749 τῆς
885 3680 1084 3750 σαρκὸς
1117 3681 1450 3751 πασχούσης,
1503 3681 1602 3735 οὐκ
1628 3679 1696 3754 ἦν
1745 3683 1901 3745 ἐκτὸς

341 3769 540 3841 ταύτης
560 3770 589 3821 ὁ
611 3769 783 3837 Λόγος
805 3786 818 3800 ο
853 3769 942 3822 διὰ
967 3768 1123 3822 τοῦτο
1143 3769 1252 3842 γὰρ
1283 3770 1446 3824 αὑτοῦ
1481 3770 1695 3840 λέγεται
1727 3772 1821 3825 καὶ
1842 3773 1903 3825 τὸ

341 3863 541 3926 πάθοςο
576 3861 674 3916 καὶ
708 3861 902 3924 θεῖκῶς
936 3862 992 3914 δὲ
1027 3862 1304 3926 ποιοῦντος
1342 3862 1506 3916 αὑτοῦ
1546 3863 1615 3916 τὰ
1639 3864 1774 3935 ἔργα
1805 3863 1906 3936 τοῦ,

341 3955 570 4028 Πατρὺς,
603 3956 703 4008 οὐκ
727 3952 794 4028 ἦν
814 3955 1010 4020 ἔξωθεν
1042 3955 1205 4009 αὑτοῦ
1232 3958 1265 4026 ἡ
1297 3955 1430 4027 σάρξ
1452 3972 1468 3988 ο
1499 3955 1612 4010 ἀλλ’
1653 3958 1710 4012 ὲν
1755 3957 1903 4028 αύτῷ

339 4046 412 4116 τῷ
436 4046 647 4117 σώματι
688 4047 856 4100 ταῦτα
879 4046 1039 4102 πάλιν
1077 4048 1106 4100 ὁ
1140 4047 1340 4120 Κύριος
1376 4047 1550 4102 ἐποίει
1571 4063 1584 4077 ³
1617 4047 1707 4101 διὰ
1744 4048 1903 4102 τοῦτο

411 4201 452 4233 ⁷³
488 4200 664 4256 Galat.
711 4219 797 4269 tv,
838 4202 894 4258 1.
969 4202 1014 4234 ⁷⁸
1052 4202 1072 4256 ι
1111 4200 1256 4257 Petr.
1298 4217 1372 4268 IV,
1413 4201 1466 4255 1.
1542 4203 1589 4234 ⁸⁸
1626 4202 1839 4257 Coloss.
1879 4218 1939 4270 ιι,
1981 4202 2033 4258 9.

343 4287 398 4332 ιι,
431 4271 502 4323 24

413 4439 535 4529 (91)¹
564 4437 763 4520 Regius
809 4434 1039 4529 primus,
1086 4433 1308 4503 Seguer.
1345 4433 1558 4505 Anglic.
1591 4433 1807 4489 Gobler.
1850 4445 1902 4491 et
1937 4475 1978 4529 θ
2227 4437 2446 4529 thler.
2478 4437 2697 4521 et'Felc.
2740 4438 2792 4529 1.,

343 4505 478 4569 Felc.
502 4505 537 4563 ’1
552 4549 566 4572 .
600 4505 944 4576 γεννώμενον.

408 4580 518 4647 (92)
557 4571 694 4647 Reg.
730 4571 789 4647 1,
815 4577 1038 4647 Seguer.
1070 4573 1288 4647 Gobler.
1319 4583 1372 4627 et
1406 4571 1550 4627 Felc.
1585 4573 1609 4627 1
1645 4573 1905 4647 omittunt

341 4654 476 4723 ὑπὲρ
727 4646 877 4723 |l_iid._
899 4644 1030 4714 Reg.
1063 4645 1088 4698 1
1124 4653 1176 4723 et
1210 4644 1432 4710 Seguer.
1454 4682 1490 4723 ,ι
1515 4642 1898 4723 πιστεύσομεν.

342 4712 458 4775 Μοἱ
495 4712 724 4785 uterque
749 4716 948 4784 Regius
969 4712 1378 4785 cum__Seguer..
1399 4713 1533 4785 πρὸς
1556 4712 1650 4776 οὓς
1673 4712 1900 4785 ἐγίνετο,

342 4781 650 4859 διακοσμῶν
674 4805 739 4859 τε
765 4781 904 4839 κατὰ
930 4784 1004 4859 τὸ-
1026 4783 1286 4859 βούλημα.
1332 4781 1468 4859 Reg.
1497 4784 1559 4850 2,
1598 4785 1738 4859 κατᾲ
1782 4783 1906 4859 βού-

342 4864 485 4934 λημα
513 4852 619 4921 ,ἰιι
651 4857 742 4910 alii
785 4867 838 4910 et
881 4855 1008 4908 editi
1027 4852 1049 4921 ἡ,
1095 4852 1350 4924 qui'item
1385 4853 1585 4907 habent
1631 4852 1766 4923 πρὸς
1812 4852 1905 4918 οὓς

344 4935 573 4986 ἐγένετο.

381 4979 680 5068 ’λθ-ἐγιζαί
723 4996 873 5068 deest
899 4994 956 5068 _in
985 4993 1201 5048 Gobler.
1228 5001 1290 5068 _et
1330 4991 1472 5068 Felc.
1512 4993 1560 5068 1.
1614 4991 1714 5068 Hie
1752 4993 1905 5068 locus

344 5063 526 5127 exstat
551 5067 605 5120 in
637 5065 868 5121 concilio
899 5063 1242 5118 Lateranensi
1274 5064 1377 5117 sub
1408 5063 1639 5117 Martino
1691 5063 1727 5123 I,
1771 5073 1809 5116 t.
1838 5063 1905 5116 Vl

346 5140 671 5201 Concilion,
720 5151 773 5204 p.
823 5133 957 5196 501,
1009 5134 1317 5202 diciturque
1357 5148 1477 5188 esse
1524 5135 1588 5185 ὲκ
1631 5132 1726 5185 τοῦ
1765 5133 1906 5186 κατὰ

355 5205 837 5284 Ἀρειανῶν-λὸγου
867 5210 935 5272 γ’,
963 5219 1026 5284 ea:
1056 5205 1290 5284 oratione
1333 5213 1488 5284 terti?
1524 5212 1708 5256 contra
1743 5204 1904 5284 Aria-

346 5273 435 5336 ιιοὲ
465 5297 484 5334 :
515 5293 618 5349 pro
649 5277 872 5346 ὕστερον
906 5274 1034 5337 καί,
1072 5274 1143 5327 ibi
1176 5275 1425 5338 habetur,
1449 5273 1675 5345 ὕστερον
1702 5275 1831 5345 γάρ.

419 5352 528 5416 (94)
573 5347 705 5416 Reg.
748 5347 773 5398 1
815 5355 870 5400 et
901 5345 1126 5414 Seguer.
1155 5354 1208 5398 et
1231 5342 1486 5398 Lateran.
1515 5343 1712 5398 coneil.
1744 5345 1907 5398 omit-

348 5433 460 5476 lunt
492 5419 558 5474 δι’
588 5419 756 5480 ἡμᾶς.

417 5419 542 5563 ait?)l
813 5486 858 5563 1
888 5491 942 5540 et
981 5483 1204 5563 _Seguer.
1229 5522 1245 5547 ,
1283 5481 1483 5563 tigerit:
1516 5481 1631 5563 Alii
1669 5493 1721 5563 et
1748 5485 1904 5563 editi,

353 5551 621 5616 ἰάσασθαι.
653 5551 774 5610 Mox
819 5553 949 5622 Reg.
983 5555 1031 5618 l,
1083 5553 1304 5621 Seguer.
1339 5551 1556 5606 Gobler.
1587 5561 1640 5606 et
1670 5552 1812 5608 Felc.
1853 5555 1904 5620 1,

351 5632 503 5694 αὐτὸς
539 5628 735 5682 ἐποίει.
766 5625 973 5680 Coucil.
1006 5624 1255 5694 Lateran.
1286 5623 1485 5694 omittit
1510 5622 1688 5694 αὑτός,
1716 5625 1906 5678 habet-

352 5720 449 5770 que
485 5692 616 5770 item
651 5695 827 5751 ἐποίει
853 5735 868 5758 ,
898 5692 1246 5770 ubiudcsinit
1292 5693 1465 5770 locus.
1498 5692 1602 5748 Alii
1648 5703 1701 5750 et
1738 5695 1865 5750 editi
1887 5732 1903 5760 ,

353 5761 508 5826 ποιεῖ.
535 5769 708 5824 Paulo
733 5777 853 5836 post
886 5765 1114 5836 Anglic,
1147 5761 1461 5828 ὲϐάσταξεν.

1845 3129 1968 3234 UC

2001 589 2165 630 carne
2211 588 2488 648 assumpta
2523 579 2800 633 hominem
2845 577 3047 633 factum
3077 594 3198 634 esse
3222 619 3239 645 ,
3281 589 3442 650 atque
3474 597 3573 649 pro

2002 664 2159 719 nobis
2191 665 2246 718 in
2267 681 2329 720 ea
2347 683 2467 722 esse
2489 684 2732 738 passum,
2750 677 2810 722 ut
2825 667 3137 723 aitPetrus:
3162 668 3373 724 Christo
3409 671 3576 741 igitur

2000 769 2096 822 pro
2121 755 2268 806 nobis
2293 770 2449 824 passo
2472 758 2528 810 in
2555 759 2797 824 carne",
2823 766 2884 812 ut
2912 758 3118 812 scilicet
3144 757 3364 828 planum
3396 761 3572 825 ﬁeret,

2002 858 2301 915 omnesque
2359 848 2702 905 crederemus
2758 865 2883 904 eum
2939 849 3162 918 ipsum,
3215 849 3310 918 qui
3361 865 3572 921 semper

2003 933 2147 991 Deus
2175 935 2297 1005 fuit,
2331 948 2386 994 et
2423 955 2538 1006 eos,
2565 939 2634 994 ad
2674 956 2811 1009 quos
2837 941 3086 1008 accessit,
3125 949 3347 996 sanctos
3375 941 3568 1008 effecit,

2001 1029 2294 1099 omniaque
2344 1030 2498 1101 juxta
2551 1030 2730 1088 Patris
2779 1033 3112 1088 voluntatem
3183 1031 3569 1097 administrat,

2001 1129 2219 1189 propter
2251 1137 2349 1177 nos
2384 1123 2662 1177 hominem
2724 1132 2909 1194 postea
2940 1123 3142 1178 factum
3174 1123 3345 1178 fuisse
3389 1132 3570 1194 atque,

2002 1211 2322 1281 utloquitur
2355 1213 2684 1283 Apostolus,
2725 1214 3062 1269 divinitatem
3109 1213 3464 1284 corporaliter
3514 1214 3570 1268 in

2002 1317 2165 1358 carne
2215 1304 2490 1360 habitasse
2514 1307 2580 1373 ⁸ο,
2651 1307 2794 1378 quod
2829 1307 2970 1361 idem
3017 1315 3100 1361 est
3138 1322 3201 1362 ac
3252 1307 3296 1362 si
3346 1308 3570 1371 diceret,

2001 1391 2137 1446 Cum
2172 1391 2313 1448 Deus
2341 1404 2514 1460 esset,
2544 1397 2825 1465 preprium
2861 1395 3051 1449 habuit
3094 1409 3289 1466 corpus
3311 1436 3325 1460 ,
3361 1411 3470 1465 quo
3512 1404 3574 1449 ut

2002 1485 2364 1540 instrumento
2405 1497 2596 1552 utens,
2633 1487 2797 1541 homo
2839 1497 3060 1558 propter
3103 1503 3205 1542 nos
3249 1487 3421 1543 factus
3463 1496 3567 1543 est.

2003 1572 2159 1639 Hinc,
2183 1592 2304 1646 qua:
2321 1577 2502 1632 carnis
2524 1586 2648 1633 sunt
2666 1579 2905 1649 propria,
2923 1580 2999 1633 illi
3032 1579 3418 1643 attribuuntur,
3442 1578 3570 1647 quia

2003 1679 2196 1735 nempe
2237 1667 2290 1721 in
2337 1682 2399 1721 ea
2443 1668 2738 1724 exsistebat
2771 1686 2786 1722 :
2820 1670 2898 1726 sic
2942 1687 3070 1741 ergo
3112 1671 3310 1726 dicitur
3340 1671 3568 1732 esurire,

2005 1754 2176 1821 sitire,
2205 1756 2336 1824 pati,
2356 1756 2624 1821 laborare,
2645 1766 2698 1811 et
2723 1759 2919 1813 similia
2949 1775 3070 1829 qum
3099 1760 3164 1814 ad
3198 1775 3414 1814 carnem
3449 1776 3571 1829 per-

2005 1847 2196 1902 tinent.
2239 1847 2308 1902 At
2333 1863 2455 1918 quae
2481 1851 2703 1918 propria
2734 1847 2896 1904 Verbi
2931 1859 3086 1904 erant
3117 1866 3301 1921 opera,
3336 1861 3392 1904 ut
3422 1866 3570 1904 mor-

2006 1949 2126 1996 tuos
2173 1941 2239 1996 ad
2283 1941 2449 1996 vitam
2504 1954 2796 2009 revocare,
2837 1941 2996 1997 caacis
3041 1941 3217 1996 visum
3264 1942 3568 2006 restituere,

2005 2033 2482 2089 haemorrhoissam
2537 2049 2752 2100 sanare,
2807 2047 2901 2103 per
2955 2033 3232 2101 pr0prium
3283 2033 3572 2102 praestabat

2003 2140 2221 2194 corpus.
2255 2123 2488 2179 Proinde
2524 2123 2754 2180 Verbum
2785 2125 3034 2194 proprias
3061 2125 3242 2178 carnis
3282 2124 3570 2178 inﬁrmita-

2005 2229 2085 2271 tes
2108 2217 2375 2286 portabat,
2409 2218 2536 2288 quia
2577 2232 2706 2271 caro
2749 2232 2847 2271 sua
2887 2224 3004 2270 erat
3034 2233 3047 2270 :
3084 2223 3137 2269 et
3170 2215 3407 2270 vicissim
3442 2229 3570 2269 caro

2003 2308 2299 2364 divinitatis
2340 2307 2594 2378 operibus
2641 2307 2903 2363 faciendis
2951 2305 3297 2371 inserviebat,
3344 2307 3469 2374 quia
3512 2305 3568 2359 in

2005 2397 2093 2452 illa
2130 2406 2266 2465 erat,
2302 2399 2501 2469 quippe
2527 2412 2649 2468 quae
2675 2396 2770 2451 Dei
2801 2412 2999 2466 corpus
3028 2406 3194 2452 esset.
3226 2395 3362 2465 Apte
3387 2403 3568 2449 autem

2004 2487 2260 2558 propheta
2293 2503 2426 2542 voce
2451 2528 2466 2552 ,
2494 2489 2724 2557 portavit
2749 2489 2815 2552 εί,
2847 2503 2980 2542 usus
3000 2494 3083 2541 est
3107 2514 3123 2550 ,
3153 2501 3254 2540 nec
3281 2485 3435 2550 dixit,
3483 2485 3572 2537 In-

2003 2580 2283 2636 ﬁrmitates
2309 2590 2526 2636 nostras
2558 2581 2804 2653 sanavit,
2835 2595 2903 2634 ne
2931 2588 3081 2633 extra
3107 2594 3304 2647 corpus
3337 2593 3478 2640 esse,
3511 2575 3572 2629 il-

2003 2672 2203 2742 ludque
2232 2673 2494 2726 duntaxat
2521 2687 2733 2735 sanare,
2765 2671 2840 2725 uti
2866 2685 3078 2739 semper
3104 2669 3249 2735 fecit,
3275 2669 3566 2732 videretur,

2003 2775 2166 2833 atque
2195 2763 2389 2818 iterum
2420 2764 2664 2818 homines
2711 2763 2874 2815 morti
2919 2760 3186 2815 obnoxios
3221 2759 3566 2828 relinqueret.

2004 2851 2203 2907 Verum
2252 2861 2470 2907 nostras
2500 2852 2844 2906 inﬁrmitates
2873 2860 3169 2920 nostraque
3205 2859 3420 2918 peccata
3457 2848 3571 2916 ipse

2003 2956 2203 3016 portat,
2233 2955 2291 2998 ut
2316 2945 2569 2999 omnibus
2595 2943 2819 2998 evidens
2848 2943 2938 3005 sit,
2979 2951 3033 2995 et
3054 2942 3329 2995 hominem
3356 2950 3572 3009 propter

2003 3052 2105 3092 nos
2128 3053 2250 3091 eum
2283 3051 2404 3092 esse
2427 3035 2651 3099 factum,
2681 3044 2734 3088 et
2755 3049 2974 3104 corpus,
3003 3034 3147 3104 quod
3175 3033 3229 3088 in
3265 3032 3355 3085 illo
3385 3040 3572 3084 nostra

2001 3137 2217 3198 peccata
2245 3129 2512 3197 portabat,
2542 3127 2822 3196 proprium
2852 3125 3021 3195 ipsius
3047 3140 3186 3179 esse.
3213 3123 3358 3177 Nihil
3391 3133 3570 3176 autem

1999 3223 2048 3277 ei
2079 3221 2262 3276 nocuit
2295 3229 2512 3290 peccata
2549 3230 2737 3275 nostra
2779 3233 2881 3274 suo
2914 3233 3140 3287 corpore
3169 3218 3222 3272 in
3251 3217 3454 3287 lignum
3487 3225 3571 3268 tu-

1998 3312 2150 3380 lisse,
2198 3323 2257 3366 ut
2303 3312 2381 3366 ait
2423 3301 2615 3366 Petrus
2637 3311 2685 3344 ⁸³
2711 3331 2725 3366 :
2755 3319 2810 3365 at
2838 3324 2941 3364 nos
2968 3309 3214 3364 homines
3245 3307 3403 3379 46],
3442 3321 3574 3376 pro-

1999 3406 2132 3476 priis
2175 3404 2551 3460 aﬂectionibus
2585 3402 2795 3459 liberati
2831 3417 3044 3468 sumus,
3083 3410 3137 3457 et
3164 3399 3326 3455 Verbi
3358 3396 3572 3468 justitia

2001 3495 2206 3566 repleti.
3370 3509 3372 3511 '

2070 3678 2157 3732 52.
2190 3676 2327 3732 llinc
2350 3693 2473 3733 cum
2508 3692 2636 3732 caro
2666 3683 2958 3747 pateretur,
2989 3683 3140 3729 extra
3172 3689 3291 3728 eam
3322 3689 3428 3728 non
3455 3683 3573 3729 erat

2003 3769 2261 3838 Verbum,
2289 3786 2410 3841 quae
2440 3786 2604 3826 causa
2635 3779 2717 3824 est
2750 3784 2847 3823 cur
2890 3767 3010 3837 ejus
3051 3783 3172 3822 esse
3203 3768 3384 3836 passio
3416 3765 3564 3823 dica-

2004 3870 2110 3914 tur.
2161 3861 2297 3916 Cum
2338 3861 2462 3915 item
2504 3861 2620 3930 ipse
2668 3857 2847 3913 Patris
2886 3873 3049 3926 opera
3093 3858 3273 3913 divine
3315 3858 3569 3923 ediceret,

2002 3963 2153 4007 extra
2182 3954 2358 4023 ipsum
2393 3969 2500 4008 non
2527 3963 2642 4007 erat
2669 3967 2817 4015 caro,
2849 3952 2942 4006 sed
2967 3951 3018 4005 in
3054 3951 3171 4021 ipso
3202 3965 3429 4020 corpore
3459 3952 3572 4007 hac

2003 4043 2266 4100 efﬁciebat
2295 4043 2575 4099 Dominus.
2606 4043 2812 4098 Idcirco
2853 4045 2998 4097 enim
3035 4042 3211 4098 factus
3253 4043 3418 4097 homo
3462 4045 3574 4097 aie-

2150 4200 2193 4230 ⁸¹
2235 4199 2341 4255 Isa.
2384 4216 2517 4267 Llll,
2558 4200 2629 4267 4;
2669 4199 2860 4255 Matth.
2905 4214 3025 4264 vm,
3069 4199 3156 4254 17.
3273 4199 3319 4229 ⁸³
3363 4200 3382 4253 1
3421 4199 3569 4256 Petr.

2890 4437 3025 4510 σάρξ
3049 4453 3062 4466 ’
3100 4438 3134 4509 ἡ
3163 4437 3219 4510 δὲ
3255 4437 3422 4510 σάρξ»
3463 4449 3568 4510 elc-

2077 4507 2188 4577 (97)
2231 4507 2428 4579 Regius
2475 4511 2685 4578 primus
2731 4507 3083 4579 etiseguer”
3124 4507 3376 4579 ἐγίνετο.
3405 4509 3569 4564 Iidem

2005 4591 2136 4664 mox,
2161 4577 2392 4664 etnRe'g.‘
2429 4577 2499 4645 2,
2547 4580 2756 4664 Agglic.
2790 4578 3250 4664 Goble‘r.‘Feli-.‘i
3281 4578 3414 4664 etii,

2006 4647 2185 4719 σταξε.
2220 4646 2498 4719 Scriptura
2521 4690 2536 4715 ,
2568 4646 2884 4704 ἐϐάστασεν.
2930 4647 3121 4704 Caateri
3153 4658 3207 4703 et
3249 4649 3409 4710 editi,
3440 4649 3568 4704 ἐϐά-

2008 4718 2189 4770 σταζε.

2076 4787 2188 4858 (98)
2231 4785 2430 4855 Regius
2464 4789 2514 4852 1,
2565 4787 2788 4857 Seguer.
2843 4789 3133 4858 etAnglic.
3184 4787 3388 4858 addunt
3416 4789 3566 4852 αὐτό,

2005 4857 2235 4928 quodin
2270 4859 2390 4928 aliis
2415 4867 2469 4912 et
2491 4859 2651 4912 editis
2679 4858 2850 4913 deest.
2883 4857 3051 4928 Paulo
3083 4867 3199 4928 post
3223 4857 3564 4928 Basilina-

2005 4926 2087 5050 λὲιν
2110 4926 2185 4997 τῷ
2211 4926 2442 5000 θανάτῳ.
2470 4928 2574 4982 Alii
2601 4938 2654 4983 et
2677 4929 2842 4983 editio
2872 4925 3323 4995 Commel.,7rd).w
3351 4925 3445 4978 τοῦ
3475 4927 3570 4979 θα·-

2005 5013 2032 5048 ν
2073 5013 2180 5050 του.

2004 5013 2162 5050 νατου
2171 5040 2180 5050 .

2079 5066 2188 5138 (99)
2229 5065 2430 5137 Regius
2476 5068 2500 5121 1
2555 5078 2609 5123 et
2649 5067 2893 5137 Seguer.,
2937 5068 3105 5130 αὐτὸς
3133 5050 3408 5138 βαστάζει.
3445 5065 3567 5138 Mox

2006 5135 2146 5211 Felc.
2165 5135 2210 5211 2
2237 5149 2290 5191 et
2316 5135 2578 5200 Vedili,'61t
2605 5139 2696 5192 καὶ
2724 5135 3024 5211 ἄνθρωπος.
3066 5135 3258 5191 Castori
3299 5153 3459 5200 mss.,
3485 5137 3566 5190 ὅτι

2005 5223 2064 5259 τε
2091 5206 2394 5270 ἄνθρωπος.

2078 5277 2155 5401 (ἒ)
2193 5275 2338 5332 Felc.
2383 5277 2418 5331 2
2447 5288 2501 5335 et
2522 5279 2689 5334 editio
2718 5277 3005 5344 Commel.,
3033 5275 3214 5340 αὐτός.
3257 5275 3364 5330 Alii
3408 5291 3564 5338 mss.,

2078 5365 2106 5398 τ
2145 5365 2192 5401 ς.

2005 5348 2192 5411 αὐτάς.

2077 5418 2153 5486 (2)
2199 5416 2321 5473 Hice
2375 5418 2570 5481 verba,
2617 5417 2715 5487 τῆς
2759 5417 2814 5470 δὲ
2841 5413 2967 5487 (τοῦ,
3004 5413 3566 5487 Λόγου-δικαιοσύνης

2007 5483 2420 5559 ἐπλήρούμεθα,
2453 5489 2648 5559 absunt
2673 5483 2721 5559 :a
2756 5484 3063 5559 Goblerian.
3094 5483 3147 5559 et
3175 5483 3320 5559 Felc.
3368 5487 3388 5538 1
3417 5526 3431 5549 ,
3467 5483 3565 5559 nec

2005 5554 2166 5612 vertit
2193 5554 2440 5610 Nannius
2476 5558 2528 5609 in
2561 5556 2794 5608 editione
2821 5555 3088 5608 Commel.
3115 5555 3180 5608 At
3215 5555 3483 5610 habentur
3509 5554 3563 5608 iu

2008 5626 2449 5751 ultroqusllegio,
2484 5625 2800 5695 Seguerian.
2828 5623 2990 5680 Basil.
3021 5625 3232 5695 Anglic.
3257 5623 3404 5681 Felc.
3432 5623 3565 5692 2,5,

2008 5712 2036 5750 e
2088 5712 2143 5750 ιιι
2173 5711 2203 5751 e
2243 5712 2256 5748 ι
2285 5713 2350 5751 ιε.

2007 5705 2059 5750 et
2088 5697 2143 5750 in
2173 5697 2350 5752 editis.
