3944 6222
299 360 392 418 597

1396 327 1653 422 omne
1687 363 1754 421 ill
1785 364 2065 421 CONTRA
2103 365 2426 421 ARIANOS.

3443 371 3546 425 39.x

298 485 744 557 άπηλειμμὲνων,
777 488 1004 550 ἀπαθεῖς
1028 486 1120 540 καὶ
1145 485 1417 558 ἐλεύθεροι
1449 487 1650 542 τούτων
1679 488 1855 542 λοιπὸν

1969 499 2140 543 catum
2159 489 2211 542 in
2236 505 2295 542 eo
2327 505 2426 542 non
2455 499 2531 542 est
2551 491 2619 542 ’¹.
2645 490 2776 556 Qua:
2805 507 2927 547 cum
2958 493 3027 546 ita
3058 493 3372 559 sint,nu|lus
3396 505 3545 548 certe

299 577 389 629 καὶ
419 577 573 630 αὐτοὶ
602 580 682 642 είς
704 579 827 642 τοὺς
847 577 1048 641 αἰῶνας
1077 577 1371 646 γίγνονται,
1403 578 1586 642 καθὼς
1628 581 1864 647 ἐδίδαξεν

297 668 326 720 6
365 667 617 739 Ἰωάννης
657 668 828 739 λέγων
856 686 870 700 ο
912 669 1022 722 Kal
1053 667 1283 731 οἴδατε,
1323 668 1413 721 ὅτι
1455 669 1686 735 ἐκεῖνος
1719 670 1862 740 ἐφα-

296 759 541 824 νερώθη,
583 759 686 812 ἵνα
726 758 832 824 τὰς
879 758 1165 827 ἁμαρτίας
1196 758 1306 828 (55)
1358 757 1528 827 ἡμῶν
1564 757 1676 826 ἄρῃ
1700 775 1714 788 ο
1762 759 1860 812 καὶ

297 848 549 916 ἁμαρτία
575 849 646 902 ἐν
665 848 824 914 αὐτῷ
846 850 956 903 οὐκ
987 849 1139 903 ἐστι.
1173 849 1375 901 Τούτου
1410 848 1466 901 δὲ
1493 847 1664 911 οὕτως
1687 849 1859 913 ὄντος,

295 938 392 993 οῦκ
425 940 712 1009 ἐγκαλέσει
734 960 816 1006 τις
846 942 1139 1014 αἱρετικὸς,
1157 941 1258 994 Διὰ
1283 941 1334 994 τί
1358 941 1638 994 ἀνίσταται
1661 944 1693 1011 ὴ
1727 940 1862 1012 σάρξ

297 1033 454 1100 φύσει
477 1032 646 1103 θνητὴ
679 1034 1016 1104 τυγχάνουσα
1050 1033 1196 1104 (54);
1232 1035 1295 1086 Εἰ
1336 1032 1394 1085 δὲ
1437 1033 1532 1086 καὶ
1558 1033 1859 1094 ἀνίσταται,

293 1125 379 1178 διὰ
412 1125 464 1177 τί
522 1127 597 1197 μὴ
649 1125 810 1180 πάλιν
859 1128 1018 1197 πεινᾷ
1061 1127 1157 1179 καὶ
1185 1125 1334 1196 διψᾷ,
1375 1125 1469 1178 καὶ
1514 1124 1734 1194 πάσχει,
1771 1125 1862 1178 καὶ

296 1217 445 1287 μένει
478 1217 687 1289 θνητῆς
735 1219 828 1272 Ἐκ
853 1220 961 1290 γὰρ
993 1219 1092 1289 τῆς
1119 1219 1223 1288 γῆς
1251 1219 1464 1287 γέγονε,
1505 1218 1681 1272 καὶτὸ
1720 1218 1862 1271 κατά

295 1307 457 1376 φύσιν
490 1309 607 1372 πῶς
635 1308 700 1362 ἂν
739 1311 834 1362 ἀπ’
865 1309 1032 1380 αὐτῆς
1062 1309 1356 1370 παύσοντος
1389 1309 1702 1378 Δυναμένης
1741 1308 1860 1360 τότε

291 1397 390 1468 τῆς
432 1399 636 1469 σαρκὸς
661 1398 1052 1470 ἀποκρίνεσθαι
1088 1399 1200 1470 (55)
1230 1399 1365 1468 πρὸς
1405 1398 1496 1450 τὸν
1530 1397 1672 1450 οὕτω
1716 1397 1863 1464 φιλό-

292 1505 471 1543 νεικον
498 1491 773 1563 αἱρετικὸν
789 1507 802 1521 ⁸
832 1493 962 1562 Εἰμὶ
987 1491 1084 1562 μὲν
1109 1492 1173 1543 ὲκ
1198 1491 1300 1561 γῆς
1325 1490 1465 1544 κατὰ
1489 1489 1650 1560 φύσιν
1672 1487 1857 1559 θνητὴ,

290 1584 405 1636 ἀλλ’
459 1583 685 1655 ὕστερον
740 1584 832 1636 τοῦ
887 1584 1058 1650 Λόγου
1093 1583 1294 1651 γέγονα
1345 1582 1502 1653 σὰρξ,
1557 1581 1651 1635 καὶ
1699 1581 1860 1644 αὐτὸς

290 1673 558 1740 ἐϐάσταξὲ
594 1675 703 1746 (56)
738 1693 839 1746 μου
869 1675 937 1729 τά
965 1675 1132 1747 πάθη,
1163 1674 1338 1728 καίτοι
1365 1673 1579 1743 ἀπαθὴς
1605 1673 1680 1724 ὢν
1701 1690 1714 1704 ·
1750 1671 1862 1740 ἐγὼ

288 1767 344 1820 δὲ
363 1767 568 1835 γέγονα
590 1767 794 1820 τούτων
823 1767 1080 1838 ἐλευθέρα
1106 1807 1120 1830 ,
1151 1767 1250 1819 οὐκ
1282 1765 1547 1836 άφιεμένη
1592 1763 1860 1817 δουλεύειν

1971 582 2124 636 locus
2168 581 2421 637 heretico
2461 582 2787 653 relinquitur
2817 585 2923 640 hoc
2969 587 3130 640 modo
3158 589 3496 644 obtrectandi
3525 610 3540 646 :

1969 671 2148 738 Quare
2167 688 2294 728 caro
2309 689 2430 743 qua!
2457 684 2649 729 natura
2671 677 2918 732 mortalis
2934 687 3017 732 est
3043 677 3355 734 reviviscit?
3385 678 3542 746 Quod

1969 767 2016 818 si
2048 763 2341 828 reviviscit,
2373 779 2474 818 cur
2505 780 2612 819 non
2653 767 2846 821 iterum
2877 769 3052 822 esurit
3085 778 3139 823 ct
3165 769 3298 833 sitit,
3327 782 3376 824 et
3401 773 3543 840 pati-

1968 863 2076 916 tur,
2108 853 2460 924 mortalisque
2485 866 2666 910 manet
2687 871 2810 910 cum
2832 873 2897 911 ex
2926 870 3066 912 terra
3093 860 3164 912 sit
3197 858 3372 912 facta?
3398 859 3546 925 Quo-

1969 947 2132 1000 modo
2167 962 2295 1002 vero
2341 950 2490 1018 quod
2545 949 2620 1001 illi
2670 950 2916 1003 naturale
2948 959 3030 1004 est
3063 950 3133 1004 ab
3161 965 3224 1004 ea
3253 950 3544 1006 discessit?

1969 1034 2123 1091 Tunc
2149 1039 2292 1092 enim
2325 1054 2452 1094 caro
2485 1040 2553 1093 ad
2586 1040 2897 1109 huiusmodi
2929 1056 3194 1111 nugacem
3227 1041 3543 1096 haereticum

1968 1142 2153 1197 posset
2186 1133 2557 1200 respondere:
2589 1131 2701 1201 Ego
2739 1132 2956 1202 quidem
3005 1149 3069 1186 ex
3121 1142 3264 1187 terra
3299 1149 3418 1187 sum
3459 1148 3547 1187 se-

1969 1221 2207 1274 cundum
2249 1232 2498 1276 naturam
2546 1223 2812 1283 mortalis,
2842 1223 2935 1276 sed
2983 1231 3168 1291 postea
3214 1221 3376 1278 Verbi
3417 1239 3545 1278 caro

1968 1309 2109 1364 facta
2129 1325 2273 1371 sum,
2297 1311 2441 1379 quod
2464 1325 2612 1364 meas
2638 1310 2971 1374 aﬂ‘ectioues,
2998 1313 3210 1366 tametsi
3233 1328 3420 1366 earum
3444 1327 3542 1366 ex-

1967 1416 2112 1470 pers,
2147 1401 2404 1470 portavit,
2441 1402 2633 1471 hisque
2677 1403 2789 1471 ipsa
2832 1402 2998 1455 libera
3041 1403 3231 1458 ell‘ecta
3267 1419 3413 1466 sum,
3445 1419 3545 1457 nec

1963 1493 2075 1560 jam
2123 1492 2383 1561 deinceps
2419 1493 2523 1546 illis
2572 1495 2752 1548 servio
2793 1493 2863 1547 ob
2904 1491 3194 1547 Dominum
3223 1494 3317 1563 qui
3355 1509 3442 1548 me
3475 1495 3545 1548 ab

1969 1585 2158 1637 iisdem
2187 1585 2456 1639 liberavit.
2479 1583 2615 1638 Nam
2644 1584 2690 1638 si
2716 1599 2802 1638 me
2831 1585 3184 1652 reprehendis
3209 1584 3355 1653 quod
3383 1601 3415 1639 a
3446 1599 3545 1638 na-

1967 1678 2127 1730 turali
2169 1677 2518 1747 corruptione
2563 1677 2759 1731 fuerim
2813 1676 3041 1732 Iiberata
3070 1693 3082 1729 :
3112 1676 3235 1728 vide
3275 1690 3341 1728 ne
3377 1676 3542 1729 etiam

1967 1768 2352 1837 reprehendas,
2373 1769 2516 1837 quod
2538 1767 2632 1822 Dei
2664 1765 2902 1823 Verbum
2923 1782 3100 1822 meam
3131 1766 3405 1822 servitutis
3431 1767 3547 1821 for-

290 1857 368 1909 ετι
397 1858 610 1921 τούτοις
641 1859 735 1912 διὰ
784 1857 874 1910 τὸν
913 1853 1356 1926 ὲλευθερώσαντά
1399 1870 1466 1924 με
1512 1851 1713 1923 Κύριον
1757 1850 1855 1903 ἀπὸ

1969 1875 2109 1913 mam
2137 1860 2426 1929 acceperit.
2469 1858 2540 1914 Ut
2571 1859 2715 1914 enim
2749 1858 3034 1922 Dominus,
3065 1861 3254 1913 induto
3289 1874 3539 1928 corpore,

286 1950 514 2003 τούτων.
543 1951 606 2003 Εἰ
633 1950 739 2022 γὰρ
769 1949 1039 2017 ἐγκαλεῖς,
1077 1947 1157 1999 ὅτι.
1194 1946 1290 2016 τῆς
1317 1944 1456 1999 κατὰ
1489 1943 1648 2012 φύσιν
1687 1943 1861 2014 ἀπηλ-

287 2039 460 2111 λάγην
488 2040 713 2112 φθορᾶς,
733 2041 835 2110 ὅρα
866 2039 974 2109 (57)
1005 2037 1078 2108 μὴ
1109 2036 1426 2106 ὲγκαλέσῃς,
1457 2037 1542 2087 ὅτι
1568 2033 1702 2087 ὁτοῦ
1725 2029 1858 2086 Θεοῦ

287 2135 458 2200 Λόγος
482 2133 582 2204 τὴν
613 2131 750 2202 ἐμὴν
773 2132 870 2201 τῆς
896 2131 1135 2192 δουλείας
1168 2128 1327 2181 ἔλαϐε
1357 2128 1569 2198 μορφήν
1606 2126 1736 2195 (58).
1776 2127 1862 2188 Ὠς

1968 1952 2132 2006 homo
2157 1963 2240 2008 est
2273 1953 2479 2017 factus;
2510 1953 2584 2007 ita
2617 1967 2718 2006 nos
2750 1952 2998 2006 homines
3017 1967 3115 2020 per
3131 1950 3289 2005 Verbi
3318 1966 3540 2006 carnem

1968 2042 2256 2112 assumpti,
2296 2043 2464 2097 divini
2509 2044 2578 2097 ab
2626 2058 2689 2098 eo
2731 2042 3016 2106 ellicimur,
3065 2053 3386 2112 aeternaeque
3416 2043 3542 2096 vita:

1967 2131 2208 2188 haeredes
2254 2135 2308 2188 iu
2339 2145 2618 2204 posterum
2651 2150 2864 2190 sumus.

287 2224 440 2296 γάρὸ
474 2222 1066 2296 Κύριος,ὲνδυσάμενος
1095 2221 1157 2273 τὸ
1185 2220 1360 2290 σῶμα,
1392 2220 1612 2288 γέγονεν
1644 2220 1946 2289 ἄνθρωπος,
1977 2221 2148 2288 οὕτως
2179 2227 2338 2295 ἡμεῖς
2371 2228 2420 2279 οἱ
2469 2227 2745 2298 ἄνθρωποι
2781 2226 2930 2296 παρά
2963 2225 3054 2279 τοῦ
3103 2226 3276 2294 Λόγου
3324 2243 3385 2278 τι
3426 2225 3542 2279 θεο-

287 2317 589 2388 ποιούμεθα
633 2317 741 2388 (59)
783 2315 1219 2388 προσληφθέντες
1270 2315 1357 2367 διὰ
1401 2314 1500 2384 τῆς
1544 2313 1744 2384 σαρκὸς
1781 2312 1966 2378 αὑτοῦ,
2002 2318 2096 2370 καὶ
2128 2318 2312 2372 λοιπὸν
2342 2319 2485 2390 ζωὴν
2508 2319 2722 2373 αἰώνιον
2757 2319 3223 2391 κληρονομοῦμεν.

353 2411 442 2464 55.
479 2408 592 2479 (40)
617 2408 802 2461 Ταῦτα
850 2407 1165 2477 ἀναγκαίως
1228 2393 1700 2477 προεξητάσαμεν,
1752 2406 1860 2471 ἵνα,

285 2503 378 2555 ἐὰν
438 2501 639 2570 ῐδωμεν
699 2499 857 2552 αὐτὸν
897 2499 961 2552 δι’
992 2499 1222 2570 ὀργάνου
1278 2499 1373 2550 τοῦ
1432 2497 1558 2550 ἰδίου
1614 2495 1865 2566 σώματος

281 2590 484 2654 θεῐκῶς
505 2590 808 2660 πράττοντά
856 2607 907 2642 τι
969 2589 1003 2660 ἢ
1053 2589 1297 2656 λέγοντα,
1346 2585 1724 2657 γινώσκωμεν,
1781 2587 1862 2640 ὅτι

285 2679 414 2743 Θεὸς
436 2677 533 2742 ὣν,
567 2677 737 2730 ταῦτα
765 2677 1074 2749 ὲργάζεται’
1106 2678 1199 2730 καὶ
1225 2677 1405 2741 πάλιν,
1429 2675 1524 2729 ἐὰν
1557 2676 1752 2746 ἴδωμεν
1774 2676 1864 2729 αύ-

282 2772 373 2824 τὸν
408 2770 764 2842 ἀνθρωπίνως
807 2769 1146 2840 λαλοῦντα,ἢ
1195 2769 1494 2838 πάσχοντα,
1537 2768 1611 2839 μὴ
1660 2767 1865 2835 άγνοῶ-

287 2882 408 2935 μεν,
438 2867 523 2918 ὅτι
559 2865 736 2935 σάρκα
763 2864 942 2935 φορῶν
986 2865 1205 2933 γέγονεν
1255 2863 1556 2934 ἄνθρωπος,
1608 2863 1700 2916 καὶ
1723 2862 1864 2915 οὕτω

279 2955 458 3009 ’ταῦτα
499 2959 643 3008 ποιεῖ
676 2957 769 3009 καὶ
797 2956 964 3008 λαλεῖ.
1011 2957 1269 3009 Ἐκάστου
1296 2954 1405 3024 γὰρ
1455 2954 1517 3007 τὸ
1548 2954 1677 3007 ῐδιον
1703 2954 1866 3022 γινώ-

284 3063 525 3110 σκοντες,
553 3049 644 3099 καὶ
671 3048 950 3118 ἀμφότερα
975 3044 1034 3110 ἐξ
1057 3047 1173 3109 ἑνὸς
1199 3046 1546 3115 πραττόμενα
1575 3043 1861 3113 βλέποντες

282 3139 376 3190 καὶ
401 3138 672 3201 νοοῦντες,
695 3137 870 3208 ὀρθῶς
899 3137 1242 3207 πιστεύομεν,
1275 3137 1368 3189 καὶ
1388 3138 1487 3189 οὐκ
1513 3137 1578 3190 ἄν
1601 3153 1730 3189 ποτε
1750 3135 1862 3205 (Μ)

2029 2410 2118 2464 55.
2145 2409 2266 2466 Haec
2290 2412 2522 2480 primum
2541 2413 2841 2479 expendere
2868 2426 3092 2465 necesse
3128 2411 3250 2475 fuit,
3271 2420 3327 2464 ut
3351 2410 3396 2464 si
3433 2409 3540 2465 Do-

1960 2500 2168 2554 minum
2192 2500 2510 2564 viderimus,
2545 2502 2629 2554 sui
2661 2501 2905 2569 corporis
2933 2502 3314 2563 instrumento,
3335 2501 3537 2569 aliquid

1958 2589 2140 2645 divine
2162 2601 2407 2662 agentem
2427 2600 2519 2646 aut
2533 2594 2821 2655 dicentem,
2836 2591 3246 2645 meminerimus
3263 2607 3386 2644 eum
3409 2607 3534 2645 cum

1958 2677 2101 2736 Deus
2122 2682 2212 2746 sit,
2237 2683 2340 2737 ista
2358 2682 2586 2737 ellicere.
2619 2681 2673 2736 Si
2692 2697 2820 2736 vero
2848 2696 3036 2734 rursus
3067 2681 3319 2734 eumdem
3347 2681 3542 2734 videi-i-

1967 2789 2092 2827 mus
2105 2774 2344 2829 humano
2366 2791 2516 2829 more
2530 2775 2678 2845 loqui
2696 2784 2749 2829 et
2765 2775 2897 2844 pati,
2911 2789 3016 2826 non
3032 2774 3346 2842 ignoremus
3360 2773 3532 2830 illum,

1965 2881 2131 2920 carne
2154 2867 2364 2933 induta,
2387 2866 2589 2921 factum
2627 2883 2746 2922 esse
2787 2867 3084 2927 hominem,
3128 2865 3312 2932 sicque
3350 2865 3437 2916 illa
3483 2874 3538 2916 et

1965 2972 2125 3030 agere
2148 2959 2381 3027 etloqui.
2406 2957 2462 3010 Si
2486 2958 2630 3011 enim
2661 2957 2808 3026 quod
2846 2957 3128 3026 utriusque
3154 2958 3430 3026 proprium
3453 2965 3539 3010 est

1966 3049 2442 3118 perceperimus,et
2455 3058 2682 3116 utraque
2695 3046 2766 3102 ab
2785 3060 2894 3099 uno
2909 3045 2994 3116 agi
3015 3045 3537 3103 consideraverimus

1966 3150 2020 3194 et
2036 3138 2483 3200 intellexerimus,
2503 3149 2648 3192 reeta
2661 3137 2906 3207 profecto
2921 3138 3025 3192 erit
3043 3138 3175 3192 ﬁdes
3204 3147 3410 3204 nostra,
3437 3154 3537 3192 nec

283 3228 763 3298 πλανηθησόμεθα.
808 3229 934 3281 Ἐὰν
972 3228 1028 3281 δέ
1078 3245 1181 3290 τις,
1231 3225 1427 3289 θεῐκῶς
1478 3225 1548 3278 τά
1581 3233 1731 3296 παρὰ
1767 3226 1855 3278 τοῦ

1969 3245 2204 3298 unquam
2224 3228 2465 3282 futurum
2490 3239 2574 3284 est
2595 3239 2654 3284 ut
2683 3245 2948 3283 erremus.
2970 3229 3038 3280 At
3056 3229 3100 3280 si
3132 3229 3277 3297 quis,
3311 3228 3536 3298 hisqua‘:

285 3320 456 3386 Λόγου
491 3320 751 3389 γινόμενα
780 3320 1010 3390 βλέπων,
1045 3320 1346 3390 άρνήσηται
1379 3317 1440 3370 τὸ
1485 3317 1722 3387 σῶμα,ἢ
1766 3318 1860 3370 καὶ

278 3413 346 3464 τὰ
380 3411 478 3464 τοῦ
520 3411 770 3481 σώματος
835 3411 941 3464 ἴδια
987 3411 1218 3482 βλέπων,
1273 3410 1578 3480 άρνήσηται
1627 3409 1724 3478 τὴν
1762 3407 1856 3460 τοῦ

283 3509 452 3575 Λόγου
486 3507 601 3577 (ιὲ)
633 3507 890 3578 ἐνσαρκον
919 3505 1238 3577 παρουσίαν,
1268 3505 1300 3574 ἢ
1341 3507 1405 3557 ἐκ
1447 3503 1555 3556 τῶν
1589 3502 1862 3572 ἀνθρωπί-

280 3617 386 3652 νων
414 3599 650 3652 ταπεινὰ
673 3601 798 3670 περὶ
826 3598 918 3651 τοῦ
937 3599 1106 3665 Λόγου
1130 3599 1373 3669 φρονήσῃ
1398 3597 1530 3664 (45).
1547 3598 1575 3648 ὁ
1598 3595 1856 3658 τοιοῦτος.

281 3691 355 3754 ὡς
387 3692 489 3761 μὲν
531 3691 813 3754 Ἰουδαῖκδς
844 3691 1082 3760 κάπηλος
1131 3691 1337 3760 μίσγων
1391 3690 1480 3741 τὸν
1511 3684 1650 3741 οἶνον
1683 3688 1857 3752 ὕδατι,

281 3780 579 3833 σκάνδαλον
630 3782 838 3850 νομίσει
892 3779 1002 3849 (44)
1036 3780 1125 3832 τὸν
1161 3777 1410 3847 σταυρὸν,
1449 3778 1523 3838 ὡς
1553 3777 1610 3830 δὲ
1640 3777 1857 3848 Ἕλλην,

353 3937 395 3967 ³³
438 3936 458 3988 Ι
491 3934 651 3990 Joau.
675 3951 755 4001 ιιι,
785 3936 837 3988 5.
912 3935 956 3964 ⁹²
997 3934 1098 3989 Isa.
1135 3935 1282 3998 1,22.

348 4095 463 4168 K55)
505 4092 650 4168 Fele.
685 4097 721 4150 2
775 4104 831 4151 et
864 4095 1028 4150 editio
1057 4094 1508 4158 Commeliniana,
1538 4095 1637 4166 τῆς
1670 4096 1847 4168 ἁμαρο

284 4167 419 4229 τίας,
446 4167 742 4220 πιεηόοδε.

353 4237 465 4307 (54)
511 4235 603 4288 Sic
649 4237 857 4307 primus
909 4236 1074 4289 codex
1122 4234 1324 4305 Regius
1368 4244 1421 4289 et
1456 4232 1841 4305 Seguerianus.

285 4308 382 4362 Alii
413 4306 595 4360 autem
625 4317 676 4359 et
696 4306 846 4376 pediti,
870 4307 1208 4376 ὑπάρχουσα.

349 4377 462 4457 (55)
507 4375 598 4457 Sic
621 4375 832 4457 primus
866 4372 1264 4457 codex'ltegius
1291 4383 1344 4430 et
1377 4372 1846 4444 Seguerianus.At

284 4445 456 4501 caeteri
488 4456 541 4515 et
567 4447 718 4506 editi,
753 4445 1165 4515 ἀποκρίνασθαι.

1961 3336 1993 3375 a
2016 3318 2194 3375 Verbo
2217 3321 2397 3374 divine
2423 3323 2558 3374 liunt
2583 3321 2911 3390 conspectis,
2936 3320 3055 3387 ejus
3077 3334 3276 3388 corpus
3302 3335 3536 3390 negave-

1969 3412 2046 3464 rit
2076 3430 2089 3464 :
2128 3411 2212 3465 vel
2246 3412 2291 3465 si
2323 3427 2387 3464 ea
2429 3428 2550 3481 quae
2575 3413 2820 3481 corporis
2866 3412 3081 3480 propria
3121 3422 3248 3464 sunt
3281 3411 3532 3474 intuitus.

1963 3501 2128 3575 m
2154 3518 2476 3572 corporeum
2508 3501 2668 3558 Verbi
2699 3504 2990 3557 adventum
3023 3519 3189 3557 ausus
3215 3503 3380 3557 fuerit
3409 3505 3533 3558 inli-

1963 3595 2120 3658 ciari,
2147 3605 2241 3648 aut
2267 3610 2331 3648 ex
2365 3595 2618 3648 humanis
2662 3595 2830 3662 gestis
2859 3594 3067 3662 abiecte
3109 3592 3175 3646 de
3203 3591 3380 3646 Verbo
3408 3608 3533 3647 seu-

1962 3687 2115 3754 serit,
2138 3687 2228 3741 isti
2265 3703 2370 3740 non
2398 3703 2554 3742 secus
2577 3703 2640 3740 ac
2665 3685 2892 3740 Iudaico
2914 3686 3169 3754 cauponi,
3196 3685 3380 3738 vinum
3404 3702 3528 3739 cum

1968 3795 2108 3847 aqua
2144 3780 2390 3833 miscenti
2408 3781 2475 3843 θ’,
2500 3795 2632 3834 crux
2650 3777 2962 3832 scandalum
2989 3777 3108 3841 erit,
3131 3777 3378 3844 idemque
3402 3793 3531 3846 gen-

1953 4097 2104 4151 tismi
2141 4112 2218 4160 XI,
2251 4096 2305 4148 in
2334 4093 2566 4148 concilio
2592 4091 2884 4160 Ephesium,
2909 4107 2960 4160 p.
2993 4090 3118 4154 879,
3151 4090 3528 4160 habenturque

1857 4177 1863 4187 '
1954 4169 2146 4222 Latine
2178 4159 2230 4220 in
2264 4163 2615 4218 etmcilioLat
2644 4159 2867 4214 raneusi
2886 4159 2984 4215 sub
3006 4161 3234 4214 Martino
3253 4159 3294 4220 I,
3320 4177 3370 4227 ιι.
3398 4159 3522 4216 501.

1956 4238 2157 4291 Ibidem
2213 4247 2440 4302 uterque
2482 4232 2683 4297 Regius
2713 4242 2765 4282 et
2800 4229 3525 4302 Seguerianus,_npos§mdi-

1954 4324 2148 4378 σαμεν,
2178 4317 2235 4359 ιιι
2267 4315 2322 4359 et
2353 4300 2796 4378 Iegit_iu_terpres_
2837 4301 2976 4367 apud
3020 4300 3311 4353 concilium
3337 4300 3524 4378 _Late-

1954 4369 2199 4440 raucus;
2234 4390 2356 4428 nam
2389 4369 2467 4426 sic
2499 4372 2661 4425 habet
2695 4387 2708 4423 :
2751 4369 2874 4422 Ηηέ
2910 4380 3065 4440 antea
3089 4372 3379 4422 necessario
3399 4387 3529 4423 exa-

1952 4443 2414 4500 minavimus.Alii
2437 4452 2617 4512 autem
2650 4439 3358 4512 eteditioCommeliuiana,
3393 4457 3528 4512 προ·

492 4495 1292 4602 οόιιθὶοῐὶθέξιιε,
1318 4514 1702 4602 ὃθξυθςὶαξιιιε,
1733 4515 1845 4602 go-

2349 4513 2488 4602 ‘Itlem
2515 4511 2712 4602 illidet"
2745 4510 3001 4602 CA'riIlus,
3031 4508 3106 4571 ὡς
3133 4509 3199 4602 ἤι’
3222 4495 3524 4590 ᾲργάνού...

283 4578 558 4658 ᾐίέιῆειήυε
606 4578 660 4638 et
704 4584 1054 4658 Felckutanni
1080 4578 1465 4658 ⁸ρῖ·ἱιιιιιε.]ὶι
1509 4585 1688 4658 Εειυιι.
1729 4585 1770 4658 57
1793 4597 1847 4658 et

1969 4578 2254 4658 πράττοντα
2281 4585 2316 4654 ἢ
2349 4582 2596 4658 λέγοντα.
2631 4579 2835 4632 Concil.
2871 4578 3124 4632 Lateran.
3154 4578 3281 4648 legit
3309 4595 3528 4648 quoque

279 4654 806 4788 42:35;]:6s'ecun,dus.
839 4649 994 4717 οὗτος
1041 4649 1327 4719 gaianas.
1356 4653 1548 4707 Caetm‘i
1594 4667 1647 4710 et
1691 4656 1843 4721 editi,

401 4744 427 4760 λ-
525 4741 746 4787 ασταςε.

401 4744 427 4787 ς
457 4741 746 4787 εοασταςε.

1944 4655 2018 4719 ὡς
2050 4675 2063 4709 :
2096 4657 2256 4709 habet
2292 4655 2460 4716 enim,
2496 4667 2614 4704 eum
2663 4661 2914 4715 tauquam
2953 4665 3044 4719 per
3091 4666 3347 4718 organum
3398 4667 3523 4716 pro-

1945 4717 2120 4794 prium
2146 4741 2356 4794 corpus,
2389 4735 2492 4794 etc.
2528 4719 2648 4773 Mox
2681 4731 2802 4788 post
2845 4717 3164 4792 ἐργάζεται,
3193 4719 3394 4773 desiuit
3435 4719 3524 4771 hic

348 4796 462 4864 (57)
503 4793 743 4865 Felckm.
769 4795 805 4847 2
831 4806 886 4850 et
907 4793 1547 4865 editio_(_lommelini_ana,
1575 4793 1712 4865 ὥρα.
1731 4795 1846 4849 Cae-
1947 4793 2104 4849 Iocus
2137 4797 2277 4848 anud
2292 4793 2593 4865 _Cyrill_um_.

280 4861 376 4934 teri
407 4861 571 4924 mss.,
602 4864 722 4934 ὅρα,
751 4873 812 4917 ιιι
839 4874 891 4918 et
924 4864 1060 4934 legit
1083 4861 1350 4934 Nannius.
1385 4861 1584 4934 Ibidem
1621 4861 1849 4934 uterque

2020 4865 2132 4932 (41)
2173 4865 2264 4918 Sic
2292 4856 2428 4932 Reg.
2463 4863 2514 4922 1,
2546 4861 2772 4932 Seguer.
2806 4857 3032 4932 pobler.
3083 4866 3138 4912 et
3188 4856 3428 4932 Felckm.
3468 4857 3519 4932 I_.

285 4933 480 5002 Regius
529 4943 584 5003 et
635 4925 1020 5003 Seguei'ianus,
1049 4933 1130 4985 ὅτι
1178 4935 1206 4986 6
1247 4932 1340 4985 τοῦ
1371 4925 1526 4985 Θεοῦ.
1558 4933 1614 4988 In
1651 4925 1772 4988 aliis
1794 4945 1850 4989 et

1969 4925 2132 4989 λιθιιί
2166 4943 2222 4989 et
2248 4925 2401 4992 editi:
2429 4932 2524 5003 καὶ
2547 4928 2768 5003 ούποτε.
2805 4928 3006 5003 Ibidem
3039 4936 3160 4994 post
3189 4925 3522 5003 πλανηθησό-

279 5006 435 5058 editis
457 5007 489 5056 6
517 5002 690 5058 deest.

348 5075 456 5154 (58)
638 5073 1029 5154 locuscitatur
1057 5072 1346 5154 in_synodo
1374 5089 1449 5137 Vl,
1485 5073 1840 5154 meuntiieuica,

2021 5003 2109 5065 θα,
2137 5004 2337 5058 desinit
2366 5003 2453 5054 hic
2487 5002 2636 5054 locus
2671 4998 2725 5051 in
2760 4998 2966 5068 synodo
2999 5013 3074 5068 vi,
3103 5005 3157 5049 et
3195 4998 3251 5068 in
3285 4996 3520 5050 concilio

1991 5073 2320 5128 aterauensi.
2341 5071 2460 5124 Mox
2489 5069 2690 5140 Regius
2719 5065 2926 5133 primus
2953 5077 3007 5120 et
3026 5065 3420 5140 Seguerianus,
3443 5081 3522 5132 γιδ

282 5134 492 5198 actione
526 5142 617 5204 I5,
655 5143 708 5195 in
737 5143 964 5209 epistola
978 5134 1272 5212 Agathonis
1303 5134 1474 5212 papae,
1513 5159 1566 5211 p.
1595 5145 1720 5206 655,
1751 5134 1842 5198 ubi

1969 5143 2141 5212 Ιὀμενα
2175 5143 2402 5212 βλέπων.
2429 5134 2619 5195 Caeteri
2653 5146 2706 5190 et
2735 5140 2884 5212 editi,
2914 5138 3180 5212 γενόμενα
3212 5134 3446 5212 βλέπων.

281 5213 333 5264 in
363 5213 555 5266 Latino
587 5222 735 5265 textu
763 5213 836 5265 ita
874 5217 1100 5267 habetur
1130 5232 1142 5265 :
1185 5213 1414 5266 Sanctus
1449 5230 1566 5265 vero
1603 5215 1840 5266 Atrianu-

283 5285 383 5333 siue
415 5284 632 5350 udaque
665 5281 863 5336 Christi
909 5283 1172 5350 confessor
1195 5283 1250 5334 in
1281 5282 1414 5336 libro
1450 5285 1602 5335 tertio
1644 5285 1836 5336 adver—

285 5367 371 5405 sus
392 5354 645 5415 Arianos,
674 5360 779 5405 etc.
813 5351 869 5404 In
903 5351 1090 5406 Graeco
1113 5362 1316 5412 autem,
1351 5354 1378 5403 6
1409 5351 1561 5418 ἆγιος
1589 5351 1644 5404 δὲ
1678 5352 1840 5404 Ἀθά-ο

284 5421 454 5501 νάσιος
474 5420 679 5501 ὁμοίως
700 5421 1075 5501 ὀιόμολογτλτὴς
1094 5422 1189 5474 τοῦ
1211 5421 1446 5492 Χριστοῦ
1471 5423 1529 5473 ὲν
1551 5421 1628 5490 τῷ
1652 5423 1840 5490 τετάρο

287 5506 355 5558 τῳ
382 5489 518 5560 λόγῳ
550 5489 695 5542 κατὰ
728 5489 1043 5559 ’Λρειανῶν,
1074 5501 1176 5544 etc.

349 5560 457 5627 (59)
492 5558 592 5612 Sic
639 5558 841 5630 Regius
893 5562 1101 5629 primus
1129 5573 1181 5613 et
1215 5558 1602 5630 Seguerianus.
1642 5559 1708 5612 At
1739 5559 1843 5613 Re-

286 5629 395 5700 gius
422 5629 994 5700 seettndus,s_ynodus
1035 5646 1112 5693 v1,
1151 5629 1598 5700 τεθεοποιήμεθα.
1644 5631 1746 5683 Alii
1791 5641 1845 5684 ct

287 5699 421 5757 editi,
444 5698 859 5767 θεοποιούμεθα.

351 5770 457 5838 (10)
501 5769 626 5824 Haec
651 5772 786 5824 citat
813 5767 1049 5838 Cyrillus
1085 5769 1139 5822 in
1169 5767 1495 5824 Defensione
1524 5771 1842 5824 anathema-

2017 5206 2128 5282 (42)
2170 5205 2369 5274 Regius
2420 5214 2631 5278 primus
2677 5221 2730 5263 et
2781 5207 3171 5282 Septierianiis,
3206 5205 3374 5282 ἢ⁸ῖὴν
3425 5205 3520 5257 τοῦ

1941 5272 2136 5350 Λόγου.
2159 5283 2215 5336 In
2244 5272 2365 5335 aliis
2391 5272 2445 5333 et
2471 5282 2630 5335 editis
2665 5277 2900 5350 deestﬁ.
2928 5275 3052 5350 aliut
3074 5273 3206 5350 Reg.
3228 5272 3256 5326 ⁷1
3289 5272 3514 5350 Seguer.

1944 5343 2155 5406 Gobler.
2187 5363 2240 5405 et
2274 5351 2508 5404 Felckm.
2548 5353 2597 5408 I,
2632 5349 2663 5418 ἢ
2699 5349 2762 5398 ἐκ
2786 5343 2890 5396 τῶν
2916 5343 3296 5412 ἀνθρωπίνων.
3326 5346 3429 5397 Alii
3462 5357 3522 5399 et

1944 5424 2094 5480 editi.
2128 5423 2288 5493 ﬁjta‘t
2312 5423 2375 5474 ὲκ
2413 5421 2540 5493 τῷν,
2575 5430 2678 5472 etc.
2745 5486 2757 5493 _
2960 5483 2990 5493 _
3177 5486 3187 5493 _

2195 5423 2288 5474 καὶ
2312 5423 2375 5474 ὲκ
2413 5421 2540 5479 τῶν,
2575 5430 2678 5472 etc.

2018 5483 2369 5560 (£5)'Regius
2405 5492 2614 5553 primus
2661 5486 2829 5560 codex
2870 5493 2923 5538 et
2959 5483 3355 5553 Seguerianus,
3385 5501 3515 5558 φρο-

1946 5557 2120 5631 νήσει.
2147 5557 2327 5612 ΑΙίἰίξι
2350 5560 2499 5631 editi,
2530 5557 2792 5631 φρονήσῃ.

2024 5632 2134 5699 (44)
2179 5631 2374 5696 Regius
2424 5623 3122 5699 priuit'tsetSegueriamls,
3155 5626 3377 5696 νομίσῃ.
3407 5624 3521 5699 Cm-

1948 5694 2047 5754 teri
2091 5694 2143 5753 et
2176 5694 2322 5755 editi,
2355 5698 2585 5764 νομίσει.
2613 5694 2812 5746 Ibidem
2849 5694 3049 5761 Regius
3093 5711 3302 5761 prunus
3328 5694 3390 5764 et
3418 5696 3510 5764 Se-

1949 5771 2260 5839 guerianus,
2291 5767 2365 5826 ὡς
2397 5763 2450 5817 δὲ
2475 5767 2672 5834 Ἕλλην
2711 5763 2940 5835 μωρίαν.
2975 5764 3076 5815 Alii
3111 5775 3164 5815 et
3190 5765 3341 5826 editi,
3366 5763 3437 5823 ὡς
3465 5763 3518 5816 ὁὶ
