  <div class='ocr_page' id='page_1' title='image "/cluster/home/n/w/nwhite01/storage/ocr_20150623/26/mdp.39015019958456/207.png"; bbox 0 0 3944 6222; ppageno 0'>
   <div class='ocr_carea' id='block_1_1' title="bbox 425 364 623 421">
    <p class='ocr_par' dir='ltr' id='par_1_1' title="bbox 425 364 623 421">
     <span class='ocr_line' id='line_1_1' title="bbox 425 364 623 421; baseline 0 -1"><span class='ocrx_word' id='word_1_1' title='bbox 425 364 532 421; x_wconf 79' lang='lat'><strong>590</strong></span> <span class='ocrx_word' id='word_1_2' title='bbox 615 382 623 389; x_wconf 87' lang='lat'><strong>&#39;</strong></span> 
     </span>
    </p>
   </div>
   <div class='ocr_carea' id='block_1_2' title="bbox 990 361 3082 424">
    <p class='ocr_par' dir='ltr' id='par_1_2' title="bbox 990 361 3082 424">
     <span class='ocr_line' id='line_1_2' title="bbox 990 361 3082 424; baseline 0.002 -5"><span class='ocrx_word' id='word_1_3' title='bbox 990 362 1049 419; x_wconf 86' lang='lat' dir='ltr'><strong>S.</strong></span> <span class='ocrx_word' id='word_1_4' title='bbox 1092 361 1464 418; x_wconf 79' lang='lat' dir='ltr'><strong>ATHANASII</strong></span> <span class='ocrx_word' id='word_1_5' title='bbox 1504 361 1656 418; x_wconf 77' lang='lat' dir='ltr'><strong>OPP.</strong></span> <span class='ocrx_word' id='word_1_6' title='bbox 1701 361 1885 418; x_wconf 82' lang='lat' dir='ltr'><strong>PARS</strong></span> <span class='ocrx_word' id='word_1_7' title='bbox 1926 364 1964 416; x_wconf 86' lang='grc' dir='ltr'>Ῐ.</span> <span class='ocrx_word' id='word_1_8' title='bbox 2007 390 2078 405; x_wconf 84' lang='lat'><strong>--</strong></span> <span class='ocrx_word' id='word_1_9' title='bbox 2120 361 2492 419; x_wconf 75' lang='lat' dir='ltr'><strong>HISTORICA</strong></span> <span class='ocrx_word' id='word_1_10' title='bbox 2534 365 2621 420; x_wconf 83' lang='grc' dir='ltr'><strong>ΕΤ</strong></span> <span class='ocrx_word' id='word_1_11' title='bbox 2662 366 3082 424; x_wconf 76' lang='lat' dir='ltr'><strong>DOGMATlCA.</strong></span> 
     </span>
    </p>
   </div>
   <div class='ocr_carea' id='block_1_3' title="bbox 3570 374 3675 430">
    <p class='ocr_par' dir='ltr' id='par_1_3' title="bbox 3570 374 3675 430">
     <span class='ocr_line' id='line_1_3' title="bbox 3570 374 3675 430; baseline 0.01 -2"><span class='ocrx_word' id='word_1_12' title='bbox 3570 374 3675 430; x_wconf 63' lang='lat'><strong>100</strong></span> 
     </span>
    </p>
   </div>
   <div class='ocr_carea' id='block_1_4' title="bbox 425 475 1972 561">
    <p class='ocr_par' dir='ltr' id='par_1_4' title="bbox 425 475 1972 547">
     <span class='ocr_line' id='line_1_4' title="bbox 425 475 1972 547; baseline -0.001 -13"><span class='ocrx_word' id='word_1_13' title='bbox 425 480 507 534; x_wconf 85' lang='lat' dir='ltr'><strong>ti-li</strong></span> <span class='ocrx_word' id='word_1_14' title='bbox 525 476 742 544; x_wconf 76' lang='lat' dir='ltr'><strong>similis,</strong></span> <span class='ocrx_word' id='word_1_15' title='bbox 758 475 1191 547; x_wconf 75' lang='lat' dir='ltr'><strong>prtedicationem</strong></span> <span class='ocrx_word' id='word_1_16' title='bbox 1216 479 1503 536; x_wconf 89' lang='lat' dir='ltr'><strong>stultitiam</strong></span> <span class='ocrx_word' id='word_1_17' title='bbox 1522 493 1644 535; x_wconf 90' lang='lat' dir='ltr'><strong>esse</strong></span> <span class='ocrx_word' id='word_1_18' title='bbox 1658 477 1902 534; x_wconf 85' lang='lat' dir='ltr'><strong>censebit</strong></span> <span class='ocrx_word' id='word_1_19' title='bbox 1924 478 1972 510; x_wconf 85' lang='grc'><em>’³</em></span> 
     </span>
    </p>
   </div>
   <div class='ocr_carea' id='block_1_5' title="bbox 2087 475 3675 561">
    <p class='ocr_par' dir='ltr' id='par_1_5' title="bbox 2103 477 3675 561">
     <span class='ocr_line' id='line_1_5' title="bbox 2103 477 3675 561; baseline 0.009 -31"><span class='ocrx_word' id='word_1_20' title='bbox 2103 479 2310 549; x_wconf 84' lang='grc' dir='ltr'><strong>μωρίαν</strong></span> <span class='ocrx_word' id='word_1_21' title='bbox 2337 480 2601 552; x_wconf 76' lang='grc' dir='ltr'><strong>ἡγήσεται</strong></span> <span class='ocrx_word' id='word_1_22' title='bbox 2624 481 2684 534; x_wconf 77' lang='grc' dir='ltr'>τὸ</span> <span class='ocrx_word' id='word_1_23' title='bbox 2706 484 2988 554; x_wconf 79' lang='grc' dir='ltr'>κήρυγμα,</span> <span class='ocrx_word' id='word_1_24' title='bbox 3017 477 3105 538; x_wconf 77' lang='grc' dir='ltr'>οἷα</span> <span class='ocrx_word' id='word_1_25' title='bbox 3127 484 3191 557; x_wconf 80' lang='grc' dir='ltr'><strong>δὴ</strong></span> <span class='ocrx_word' id='word_1_26' title='bbox 3221 484 3316 539; x_wconf 73' lang='grc' dir='ltr'><strong>καὶ</strong></span> <span class='ocrx_word' id='word_1_27' title='bbox 3341 487 3390 539; x_wconf 82' lang='grc' dir='ltr'>οἱ</span> <span class='ocrx_word' id='word_1_28' title='bbox 3419 486 3675 561; x_wconf 79' lang='grc' dir='ltr'><strong>θεομάχοι</strong></span> 
     </span>
    </p>
   </div>
   <div class='ocr_carea' id='block_1_6' title="bbox 423 567 1996 641">
    <p class='ocr_par' dir='ltr' id='par_1_6' title="bbox 423 567 1996 641">
     <span class='ocr_line' id='line_1_6' title="bbox 423 567 1996 641; baseline -0.002 -15"><span class='ocrx_word' id='word_1_29' title='bbox 423 570 571 638; x_wconf 85' lang='lat' dir='ltr'><strong>quod</strong></span> <span class='ocrx_word' id='word_1_30' title='bbox 597 570 707 641; x_wconf 84' lang='lat' dir='ltr'><strong>jam</strong></span> <span class='ocrx_word' id='word_1_31' title='bbox 733 567 828 624; x_wconf 88' lang='lat' dir='ltr'><strong>Dei</strong></span> <span class='ocrx_word' id='word_1_32' title='bbox 852 570 1103 627; x_wconf 85' lang='lat' dir='ltr'><strong>hostibus</strong></span> <span class='ocrx_word' id='word_1_33' title='bbox 1124 570 1343 627; x_wconf 86' lang='lat' dir='ltr'><strong>Arianis</strong></span> <span class='ocrx_word' id='word_1_34' title='bbox 1367 571 1585 639; x_wconf 88' lang='lat' dir='ltr'><strong>accidit,</strong></span> <span class='ocrx_word' id='word_1_35' title='bbox 1618 570 1712 641; x_wconf 90' lang='lat' dir='ltr'><strong>qui</strong></span> <span class='ocrx_word' id='word_1_36' title='bbox 1735 570 1996 624; x_wconf 88' lang='lat' dir='ltr'><strong>nimirum</strong></span> 
     </span>
    </p>
   </div>
   <div class='ocr_carea' id='block_1_7' title="bbox 423 662 1999 732">
    <p class='ocr_par' dir='ltr' id='par_1_7' title="bbox 423 662 1999 732">
     <span class='ocr_line' id='line_1_7' title="bbox 423 662 1999 732; baseline -0.003 -12"><span class='ocrx_word' id='word_1_37' title='bbox 423 666 494 720; x_wconf 90' lang='lat' dir='ltr'><strong>ob</strong></span> <span class='ocrx_word' id='word_1_38' title='bbox 542 663 812 721; x_wconf 90' lang='lat' dir='ltr'><strong>humanos</strong></span> <span class='ocrx_word' id='word_1_39' title='bbox 863 662 1161 722; x_wconf 87' lang='lat' dir='ltr'><strong>Salvatoris</strong></span> <span class='ocrx_word' id='word_1_40' title='bbox 1205 673 1381 732; x_wconf 87' lang='lat' dir='ltr'><strong>actus,</strong></span> <span class='ocrx_word' id='word_1_41' title='bbox 1422 673 1669 720; x_wconf 87' lang='lat' dir='ltr'><strong>creatum</strong></span> <span class='ocrx_word' id='word_1_42' title='bbox 1705 678 1830 719; x_wconf 90' lang='lat' dir='ltr'><strong>eum</strong></span> <span class='ocrx_word' id='word_1_43' title='bbox 1875 677 1999 717; x_wconf 84' lang='lat' dir='ltr'><strong>esse</strong></span> 
     </span>
    </p>
   </div>
   <div class='ocr_carea' id='block_1_8' title="bbox 424 753 1998 828">
    <p class='ocr_par' dir='ltr' id='par_1_8' title="bbox 424 753 1998 828">
     <span class='ocr_line' id='line_1_8' title="bbox 424 753 1998 828; baseline -0.001 -18"><span class='ocrx_word' id='word_1_44' title='bbox 424 756 672 811; x_wconf 80' lang='lat' dir='ltr'><strong>arbitrati</strong></span> <span class='ocrx_word' id='word_1_45' title='bbox 708 764 854 811; x_wconf 90' lang='lat' dir='ltr'><strong>sunt.</strong></span> <span class='ocrx_word' id='word_1_46' title='bbox 894 756 1095 824; x_wconf 86' lang='lat' dir='ltr'><strong>Quidni</strong></span> <span class='ocrx_word' id='word_1_47' title='bbox 1135 757 1299 828; x_wconf 81' lang='lat' dir='ltr'><strong>igitur</strong></span> <span class='ocrx_word' id='word_1_48' title='bbox 1327 757 1493 812; x_wconf 88' lang='lat' dir='ltr'><strong>etiam</strong></span> <span class='ocrx_word' id='word_1_49' title='bbox 1530 756 1601 811; x_wconf 88' lang='lat' dir='ltr'><strong>ob</strong></span> <span class='ocrx_word' id='word_1_50' title='bbox 1630 754 1815 809; x_wconf 83' lang='lat' dir='ltr'><strong>divina</strong></span> <span class='ocrx_word' id='word_1_51' title='bbox 1851 753 1998 809; x_wconf 90' lang='lat' dir='ltr'><strong>illius</strong></span> 
     </span>
    </p>
   </div>
   <div class='ocr_carea' id='block_1_9' title="bbox 422 849 1998 921">
    <p class='ocr_par' dir='ltr' id='par_1_9' title="bbox 422 849 1998 921">
     <span class='ocr_line' id='line_1_9' title="bbox 422 849 1998 921; baseline -0.003 -15"><span class='ocrx_word' id='word_1_52' title='bbox 422 864 608 921; x_wconf 80' lang='lat' dir='ltr'><strong>opera,</strong></span> <span class='ocrx_word' id='word_1_53' title='bbox 641 853 761 919; x_wconf 79' lang='lat' dir='ltr'><strong>ejus</strong></span> <span class='ocrx_word' id='word_1_54' title='bbox 803 850 1049 920; x_wconf 88' lang='lat' dir='ltr'><strong>corporis</strong></span> <span class='ocrx_word' id='word_1_55' title='bbox 1091 851 1526 920; x_wconf 84' lang='lat' dir='ltr'><strong>procreationem</strong></span> <span class='ocrx_word' id='word_1_56' title='bbox 1565 849 1883 920; x_wconf 78' lang='lat' dir='ltr'><strong>negaverint</strong></span> <span class='ocrx_word' id='word_1_57' title='bbox 1912 862 1998 903; x_wconf 88' lang='lat' dir='ltr'><strong>se-</strong></span> 
     </span>
    </p>
   </div>
   <div class='ocr_carea' id='block_1_10' title="bbox 420 937 1996 1011">
    <p class='ocr_par' dir='ltr' id='par_1_10' title="bbox 420 937 1996 1011">
     <span class='ocr_line' id='line_1_10' title="bbox 420 937 1996 1011; baseline -0.003 -15"><span class='ocrx_word' id='word_1_58' title='bbox 420 955 588 1010; x_wconf 86' lang='lat' dir='ltr'><strong>seque</strong></span> <span class='ocrx_word' id='word_1_59' title='bbox 616 940 871 1011; x_wconf 88' lang='lat' dir='ltr'><strong>deinceps</strong></span> <span class='ocrx_word' id='word_1_60' title='bbox 907 940 1221 997; x_wconf 68' lang='lat' dir='ltr'><strong>Manicliaais</strong></span> <span class='ocrx_word' id='word_1_61' title='bbox 1252 940 1637 1011; x_wconf 79' lang='lat' dir='ltr'><strong>adjunxerint?</strong></span> <span class='ocrx_word' id='word_1_62' title='bbox 1668 937 1868 993; x_wconf 83' lang='lat' dir='ltr'><strong>Verum</strong></span> <span class='ocrx_word' id='word_1_63' title='bbox 1908 938 1996 993; x_wconf 89' lang='lat' dir='ltr'><strong>vel</strong></span> 
     </span>
    </p>
   </div>
   <div class='ocr_carea' id='block_1_11' title="bbox 418 1031 1996 1106">
    <p class='ocr_par' dir='ltr' id='par_1_11' title="bbox 418 1031 1996 1106">
     <span class='ocr_line' id='line_1_11' title="bbox 418 1031 1996 1106; baseline -0.002 -18"><span class='ocrx_word' id='word_1_64' title='bbox 418 1033 611 1088; x_wconf 82' lang='lat' dir='ltr'><strong>saltem</strong></span> <span class='ocrx_word' id='word_1_65' title='bbox 633 1048 756 1088; x_wconf 90' lang='lat' dir='ltr'><strong>sero</strong></span> <span class='ocrx_word' id='word_1_66' title='bbox 788 1034 865 1088; x_wconf 89' lang='lat' dir='ltr'><strong>illi</strong></span> <span class='ocrx_word' id='word_1_67' title='bbox 891 1033 1108 1106; x_wconf 86' lang='lat' dir='ltr'><strong>quidem</strong></span> <span class='ocrx_word' id='word_1_68' title='bbox 1125 1034 1338 1089; x_wconf 82' lang='lat' dir='ltr'><strong>discant</strong></span> <span class='ocrx_word' id='word_1_69' title='bbox 1362 1031 1597 1088; x_wconf 83' lang='lat' dir='ltr'><strong>Verbum</strong></span> <span class='ocrx_word' id='word_1_70' title='bbox 1628 1045 1849 1087; x_wconf 88' lang='lat' dir='ltr'><strong>carnem</strong></span> <span class='ocrx_word' id='word_1_71' title='bbox 1873 1044 1996 1086; x_wconf 90' lang='lat' dir='ltr'><strong>esse</strong></span> 
     </span>
    </p>
   </div>
   <div class='ocr_carea' id='block_1_12' title="bbox 418 1125 1995 1198">
    <p class='ocr_par' dir='ltr' id='par_1_12' title="bbox 418 1125 1995 1198">
     <span class='ocr_line' id='line_1_12' title="bbox 418 1125 1995 1198; baseline -0.001 -19"><span class='ocrx_word' id='word_1_72' title='bbox 418 1125 620 1182; x_wconf 81' lang='lat' dir='ltr'><strong>factum</strong></span> <span class='ocrx_word' id='word_1_73' title='bbox 654 1145 667 1182; x_wconf 90' lang='lat'><strong>:</strong></span> <span class='ocrx_word' id='word_1_74' title='bbox 705 1141 806 1182; x_wconf 89' lang='lat' dir='ltr'><strong>nos</strong></span> <span class='ocrx_word' id='word_1_75' title='bbox 833 1136 1012 1182; x_wconf 89' lang='lat' dir='ltr'><strong>autem</strong></span> <span class='ocrx_word' id='word_1_76' title='bbox 1050 1127 1171 1182; x_wconf 82' lang='lat' dir='ltr'><strong>ﬁdei</strong></span> <span class='ocrx_word' id='word_1_77' title='bbox 1204 1142 1429 1198; x_wconf 85' lang='lat' dir='ltr'><strong>scopum</strong></span> <span class='ocrx_word' id='word_1_78' title='bbox 1469 1126 1789 1193; x_wconf 86' lang='lat' dir='ltr'><strong>retinentes,</strong></span> <span class='ocrx_word' id='word_1_79' title='bbox 1822 1139 1995 1196; x_wconf 84' lang='lat' dir='ltr'><strong>agno-</strong></span> 
     </span>
    </p>
   </div>
   <div class='ocr_carea' id='block_1_13' title="bbox 414 1218 1993 1288">
    <p class='ocr_par' dir='ltr' id='par_1_13' title="bbox 414 1218 1993 1288">
     <span class='ocr_line' id='line_1_13' title="bbox 414 1218 1993 1288; baseline -0.001 -14"><span class='ocrx_word' id='word_1_80' title='bbox 414 1233 637 1274; x_wconf 81' lang='lat' dir='ltr'><strong>scamus</strong></span> <span class='ocrx_word' id='word_1_81' title='bbox 664 1233 878 1283; x_wconf 85' lang='lat' dir='ltr'><strong>eorum,</strong></span> <span class='ocrx_word' id='word_1_82' title='bbox 902 1234 1022 1287; x_wconf 69' lang='lat' dir='ltr'><strong>qua:</strong></span> <span class='ocrx_word' id='word_1_83' title='bbox 1041 1219 1180 1273; x_wconf 89' lang='lat' dir='ltr'><strong>male</strong></span> <span class='ocrx_word' id='word_1_84' title='bbox 1197 1218 1271 1272; x_wconf 88' lang='lat' dir='ltr'><strong>illi</strong></span> <span class='ocrx_word' id='word_1_85' title='bbox 1289 1218 1616 1288; x_wconf 89' lang='lat' dir='ltr'><strong>intelligunt,</strong></span> <span class='ocrx_word' id='word_1_86' title='bbox 1645 1225 1849 1273; x_wconf 87' lang='lat' dir='ltr'><strong>rectam</strong></span> <span class='ocrx_word' id='word_1_87' title='bbox 1873 1230 1993 1272; x_wconf 86' lang='lat' dir='ltr'><strong>esse</strong></span> 
     </span>
    </p>
   </div>
   <div class='ocr_carea' id='block_1_14' title="bbox 415 1307 1991 1381">
    <p class='ocr_par' dir='ltr' id='par_1_14' title="bbox 415 1307 1991 1381">
     <span class='ocr_line' id='line_1_14' title="bbox 415 1307 1991 1381; baseline -0.001 -16"><span class='ocrx_word' id='word_1_88' title='bbox 415 1308 1037 1381; x_wconf 84' lang='lat' dir='ltr'><strong>signiﬁcationem.Nam</strong></span> <span class='ocrx_word' id='word_1_89' title='bbox 1065 1309 1181 1365; x_wconf 71' lang='lat' dir='ltr'><strong>haec</strong></span> <span class='ocrx_word' id='word_1_90' title='bbox 1208 1310 1373 1376; x_wconf 91' lang='lat' dir='ltr'><strong>dicta,</strong></span> <span class='ocrx_word' id='word_1_91' title='bbox 1398 1308 1563 1363; x_wconf 85' lang='lat' dir='ltr'><strong>Pater</strong></span> <span class='ocrx_word' id='word_1_92' title='bbox 1588 1307 1770 1379; x_wconf 81' lang='lat' dir='ltr'><strong>diligit</strong></span> <span class='ocrx_word' id='word_1_93' title='bbox 1787 1307 1991 1363; x_wconf 81' lang='lat' dir='ltr'><strong>Filium</strong></span> 
     </span>
    </p>
   </div>
   <div class='ocr_carea' id='block_1_15' title="bbox 408 1401 1990 1474">
    <p class='ocr_par' dir='ltr' id='par_1_15' title="bbox 408 1401 1990 1474">
     <span class='ocr_line' id='line_1_15' title="bbox 408 1401 1990 1474; baseline -0.001 -16"><span class='ocrx_word' id='word_1_94' title='bbox 408 1416 463 1458; x_wconf 78' lang='lat' dir='ltr'><strong>et</strong></span> <span class='ocrx_word' id='word_1_95' title='bbox 488 1405 665 1458; x_wconf 88' lang='lat' dir='ltr'><strong>omnia</strong></span> <span class='ocrx_word' id='word_1_96' title='bbox 691 1404 835 1458; x_wconf 82' lang='lat' dir='ltr'><strong>dedit</strong></span> <span class='ocrx_word' id='word_1_97' title='bbox 863 1404 916 1457; x_wconf 88' lang='lat' dir='ltr'><strong>in</strong></span> <span class='ocrx_word' id='word_1_98' title='bbox 945 1420 1105 1457; x_wconf 85' lang='lat' dir='ltr'><strong>manu</strong></span> <span class='ocrx_word' id='word_1_99' title='bbox 1134 1403 1247 1474; x_wconf 75' lang='lat' dir='ltr'><strong>ejus</strong></span> <span class='ocrx_word' id='word_1_100' title='bbox 1272 1404 1321 1436; x_wconf 69' lang='grc' dir='ltr'><strong>’δ</strong></span> <span class='ocrx_word' id='word_1_101' title='bbox 1343 1420 1358 1469; x_wconf 86' lang='grc'><strong>;</strong></span> <span class='ocrx_word' id='word_1_102' title='bbox 1384 1411 1458 1466; x_wconf 89' lang='lat' dir='ltr'><strong>et,</strong></span> <span class='ocrx_word' id='word_1_103' title='bbox 1495 1401 1689 1457; x_wconf 80' lang='lat' dir='ltr'><strong>Omnia</strong></span> <span class='ocrx_word' id='word_1_104' title='bbox 1723 1401 1854 1455; x_wconf 85' lang='lat' dir='ltr'><strong>mihi</strong></span> <span class='ocrx_word' id='word_1_105' title='bbox 1877 1412 1990 1456; x_wconf 86' lang='lat' dir='ltr'><strong>tra-</strong></span> 
     </span>
    </p>
   </div>
   <div class='ocr_carea' id='block_1_16' title="bbox 411 1492 1987 1564">
    <p class='ocr_par' dir='ltr' id='par_1_16' title="bbox 411 1492 1987 1564">
     <span class='ocr_line' id='line_1_16' title="bbox 411 1492 1987 1564; baseline -0.003 -15"><span class='ocrx_word' id='word_1_106' title='bbox 411 1497 526 1550; x_wconf 86' lang='lat' dir='ltr'><strong>dita</strong></span> <span class='ocrx_word' id='word_1_107' title='bbox 555 1504 675 1550; x_wconf 77' lang='lat' dir='ltr'><strong>sunt</strong></span> <span class='ocrx_word' id='word_1_108' title='bbox 690 1514 722 1550; x_wconf 91' lang='lat' dir='ltr'><strong>a</strong></span> <span class='ocrx_word' id='word_1_109' title='bbox 741 1495 904 1550; x_wconf 88' lang='lat' dir='ltr'><strong>Patre</strong></span> <span class='ocrx_word' id='word_1_110' title='bbox 926 1496 1130 1561; x_wconf 81' lang='lat' dir='ltr'><strong>meo&quot;;</strong></span> <span class='ocrx_word' id='word_1_111' title='bbox 1156 1505 1229 1562; x_wconf 93' lang='lat' dir='ltr'><strong>et,</strong></span> <span class='ocrx_word' id='word_1_112' title='bbox 1252 1492 1373 1548; x_wconf 86' lang='lat' dir='ltr'><strong>Non</strong></span> <span class='ocrx_word' id='word_1_113' title='bbox 1392 1510 1605 1564; x_wconf 71' lang='lat' dir='ltr'><strong>possum</strong></span> <span class='ocrx_word' id='word_1_114' title='bbox 1628 1509 1721 1564; x_wconf 85' lang='lat' dir='ltr'><strong>ego</strong></span> <span class='ocrx_word' id='word_1_115' title='bbox 1738 1509 1771 1547; x_wconf 91' lang='lat' dir='ltr'><strong>a</strong></span> <span class='ocrx_word' id='word_1_116' title='bbox 1793 1495 1987 1561; x_wconf 85' lang='lat' dir='ltr'><strong>meipso</strong></span> 
     </span>
    </p>
   </div>
   <div class='ocr_carea' id='block_1_17' title="bbox 402 1586 1988 1660">
    <p class='ocr_par' dir='ltr' id='par_1_17' title="bbox 402 1586 1988 1660">
     <span class='ocr_line' id='line_1_17' title="bbox 402 1586 1988 1660; baseline -0.001 -18"><span class='ocrx_word' id='word_1_117' title='bbox 402 1588 583 1657; x_wconf 67' lang='lat' dir='ltr'><strong>facere</strong></span> <span class='ocrx_word' id='word_1_118' title='bbox 622 1588 924 1660; x_wconf 80' lang='lat' dir='ltr'><strong>quidquam,</strong></span> <span class='ocrx_word' id='word_1_119' title='bbox 949 1588 1039 1642; x_wconf 83' lang='lat' dir='ltr'><strong>sed</strong></span> <span class='ocrx_word' id='word_1_120' title='bbox 1080 1589 1216 1641; x_wconf 81' lang='lat' dir='ltr'><strong>sicut</strong></span> <span class='ocrx_word' id='word_1_121' title='bbox 1248 1587 1430 1652; x_wconf 86' lang='lat' dir='ltr'><strong>audio,</strong></span> <span class='ocrx_word' id='word_1_122' title='bbox 1460 1586 1645 1656; x_wconf 79' lang='lat' dir='ltr'><strong>judico</strong></span> <span class='ocrx_word' id='word_1_123' title='bbox 1670 1588 1739 1651; x_wconf 80' lang='lat'><strong>&quot;,</strong></span> <span class='ocrx_word' id='word_1_124' title='bbox 1771 1586 1988 1657; x_wconf 85' lang='lat' dir='ltr'><strong>aliaque</strong></span> 
     </span>
    </p>
   </div>
   <div class='ocr_carea' id='block_1_18' title="bbox 409 1677 1985 1754">
    <p class='ocr_par' dir='ltr' id='par_1_18' title="bbox 409 1677 1985 1754">
     <span class='ocr_line' id='line_1_18' title="bbox 409 1677 1985 1754; baseline -0.003 -16"><span class='ocrx_word' id='word_1_125' title='bbox 409 1681 464 1738; x_wconf 92' lang='lat' dir='ltr'><strong>id</strong></span> <span class='ocrx_word' id='word_1_126' title='bbox 497 1697 668 1753; x_wconf 87' lang='lat' dir='ltr'><strong>genus</strong></span> <span class='ocrx_word' id='word_1_127' title='bbox 685 1697 1027 1754; x_wconf 78' lang='lat' dir='ltr'><strong>nequaquam</strong></span> <span class='ocrx_word' id='word_1_128' title='bbox 1055 1681 1435 1737; x_wconf 88' lang='lat' dir='ltr'><strong>demonstrant</strong></span> <span class='ocrx_word' id='word_1_129' title='bbox 1465 1677 1663 1733; x_wconf 79' lang='lat' dir='ltr'><strong>Filium</strong></span> <span class='ocrx_word' id='word_1_130' title='bbox 1689 1679 1985 1750; x_wconf 89' lang='lat' dir='ltr'><strong>aliquando</strong></span> 
     </span>
    </p>
   </div>
   <div class='ocr_carea' id='block_1_19' title="bbox 402 1772 1984 1846">
    <p class='ocr_par' dir='ltr' id='par_1_19' title="bbox 402 1772 1984 1846">
     <span class='ocr_line' id='line_1_19' title="bbox 402 1772 1984 1846; baseline 0 -18"><span class='ocrx_word' id='word_1_131' title='bbox 402 1774 513 1831; x_wconf 87' lang='lat' dir='ltr'><strong>ista</strong></span> <span class='ocrx_word' id='word_1_132' title='bbox 535 1791 642 1830; x_wconf 91' lang='lat' dir='ltr'><strong>non</strong></span> <span class='ocrx_word' id='word_1_133' title='bbox 670 1776 927 1832; x_wconf 75' lang='lat' dir='ltr'><strong>habuisse</strong></span> <span class='ocrx_word' id='word_1_134' title='bbox 956 1775 1090 1846; x_wconf 75' lang='grc'>(49).</span> <span class='ocrx_word' id='word_1_135' title='bbox 1126 1774 1230 1841; x_wconf 89' lang='lat' dir='ltr'><strong>Qui</strong></span> <span class='ocrx_word' id='word_1_136' title='bbox 1264 1773 1411 1827; x_wconf 88' lang='lat' dir='ltr'><strong>enim</strong></span> <span class='ocrx_word' id='word_1_137' title='bbox 1450 1772 1567 1827; x_wconf 85' lang='lat' dir='ltr'><strong>ﬁeri</strong></span> <span class='ocrx_word' id='word_1_138' title='bbox 1604 1772 1798 1843; x_wconf 87' lang='lat' dir='ltr'><strong>possit,</strong></span> <span class='ocrx_word' id='word_1_139' title='bbox 1835 1782 1896 1828; x_wconf 93' lang='lat' dir='ltr'><strong>ut</strong></span> <span class='ocrx_word' id='word_1_140' title='bbox 1921 1787 1984 1828; x_wconf 90' lang='lat' dir='ltr'><strong>ea</strong></span> 
     </span>
    </p>
   </div>
   <div class='ocr_carea' id='block_1_20' title="bbox 2119 571 3675 651">
    <p class='ocr_par' dir='ltr' id='par_1_20' title="bbox 2119 571 3675 651">
     <span class='ocr_line' id='line_1_20' title="bbox 2119 571 3675 651; baseline 0.011 -30"><span class='ocrx_word' id='word_1_141' title='bbox 2119 571 2382 642; x_wconf 74' lang='grc' dir='ltr'>Ἀρειανοὶ</span> <span class='ocrx_word' id='word_1_142' title='bbox 2404 573 2719 628; x_wconf 79' lang='grc' dir='ltr'><strong>πεπόνθασι.</strong></span> <span class='ocrx_word' id='word_1_143' title='bbox 2775 575 2854 628; x_wconf 85' lang='grc' dir='ltr'><strong>Τὰ</strong></span> <span class='ocrx_word' id='word_1_144' title='bbox 2892 575 3002 649; x_wconf 87' lang='grc' dir='ltr'><strong>γὰρ</strong></span> <span class='ocrx_word' id='word_1_145' title='bbox 3037 576 3352 650; x_wconf 81' lang='grc' dir='ltr'>ἀνθρώπινα</span> <span class='ocrx_word' id='word_1_146' title='bbox 3387 580 3675 651; x_wconf 84' lang='grc' dir='ltr'>βλέποντες</span> 
     </span>
    </p>
   </div>
   <div class='ocr_carea' id='block_1_21' title="bbox 2102 662 3675 745">
    <p class='ocr_par' dir='ltr' id='par_1_21' title="bbox 2102 662 3675 745">
     <span class='ocr_line' id='line_1_21' title="bbox 2102 662 3675 745; baseline 0.01 -30"><span class='ocrx_word' id='word_1_147' title='bbox 2102 662 2196 716; x_wconf 80' lang='grc' dir='ltr'><strong>τοῦ</strong></span> <span class='ocrx_word' id='word_1_148' title='bbox 2230 664 2501 737; x_wconf 83' lang='grc' dir='ltr'>Σωτῆρος.</span> <span class='ocrx_word' id='word_1_149' title='bbox 2535 666 2790 739; x_wconf 75' lang='grc' dir='ltr'>ἐνόμισαν</span> <span class='ocrx_word' id='word_1_150' title='bbox 2816 667 2979 725; x_wconf 83' lang='grc' dir='ltr'>αὑτὸν</span> <span class='ocrx_word' id='word_1_151' title='bbox 3026 666 3165 725; x_wconf 81' lang='grc' dir='ltr'>εἶναι</span> <span class='ocrx_word' id='word_1_152' title='bbox 3202 674 3429 745; x_wconf 83' lang='grc' dir='ltr'>κτίσμα.</span> <span class='ocrx_word' id='word_1_153' title='bbox 3463 677 3675 731; x_wconf 76' lang='grc' dir='ltr'>Οὐκοῦν</span> 
     </span>
    </p>
   </div>
   <div class='ocr_carea' id='block_1_22' title="bbox 2102 754 3674 836">
    <p class='ocr_par' dir='ltr' id='par_1_22' title="bbox 2102 754 3674 836">
     <span class='ocr_line' id='line_1_22' title="bbox 2102 754 3674 836; baseline 0.01 -29"><span class='ocrx_word' id='word_1_154' title='bbox 2102 754 2209 808; x_wconf 77' lang='grc' dir='ltr'><strong>ἔδει</strong></span> <span class='ocrx_word' id='word_1_155' title='bbox 2236 756 2425 810; x_wconf 76' lang='grc' dir='ltr'>καὶτὰ</span> <span class='ocrx_word' id='word_1_156' title='bbox 2463 757 2620 812; x_wconf 79' lang='grc' dir='ltr'>Οεῖκὰ</span> <span class='ocrx_word' id='word_1_157' title='bbox 2649 759 2945 829; x_wconf 82' lang='grc' dir='ltr'><strong>βλέποντας</strong></span> <span class='ocrx_word' id='word_1_158' title='bbox 2991 763 3189 827; x_wconf 82' lang='grc' dir='ltr'>αὐτοὺς</span> <span class='ocrx_word' id='word_1_159' title='bbox 3240 763 3377 836; x_wconf 71' lang='grc' dir='ltr'>ἔργα</span> <span class='ocrx_word' id='word_1_160' title='bbox 3425 767 3519 820; x_wconf 79' lang='grc' dir='ltr'><strong>τοῦ</strong></span> <span class='ocrx_word' id='word_1_161' title='bbox 3570 769 3674 822; x_wconf 80' lang='grc' dir='ltr'><strong>Λό-</strong></span> 
     </span>
    </p>
   </div>
   <div class='ocr_carea' id='block_1_23' title="bbox 2102 847 3671 930">
    <p class='ocr_par' dir='ltr' id='par_1_23' title="bbox 2102 847 3671 930">
     <span class='ocr_line' id='line_1_23' title="bbox 2102 847 3671 930; baseline 0.008 -32"><span class='ocrx_word' id='word_1_162' title='bbox 2102 861 2199 913; x_wconf 82' lang='grc' dir='ltr'>γου</span> <span class='ocrx_word' id='word_1_163' title='bbox 2239 847 2374 918; x_wconf 74' lang='grc'>(45),</span> <span class='ocrx_word' id='word_1_164' title='bbox 2399 849 2735 919; x_wconf 81' lang='grc' dir='ltr'><strong>ἀρνήσασθαι</strong></span> <span class='ocrx_word' id='word_1_165' title='bbox 2768 851 2862 905; x_wconf 80' lang='grc' dir='ltr'>τοῦ</span> <span class='ocrx_word' id='word_1_166' title='bbox 2914 851 3163 923; x_wconf 87' lang='grc' dir='ltr'>σώματος</span> <span class='ocrx_word' id='word_1_167' title='bbox 3194 855 3357 910; x_wconf 86' lang='grc' dir='ltr'><strong>αὐτοῦ</strong></span> <span class='ocrx_word' id='word_1_168' title='bbox 3385 856 3484 930; x_wconf 85' lang='grc' dir='ltr'>τὴν</span> <span class='ocrx_word' id='word_1_169' title='bbox 3516 857 3671 926; x_wconf 82' lang='grc' dir='ltr'>γένε-</span> 
     </span>
    </p>
   </div>
   <div class='ocr_carea' id='block_1_24' title="bbox 2103 939 3675 1019">
    <p class='ocr_par' dir='ltr' id='par_1_24' title="bbox 2103 939 3675 1019">
     <span class='ocr_line' id='line_1_24' title="bbox 2103 939 3675 1019; baseline 0.008 -29"><span class='ocrx_word' id='word_1_170' title='bbox 2103 954 2217 1004; x_wconf 82' lang='grc' dir='ltr'>σιν,</span> <span class='ocrx_word' id='word_1_171' title='bbox 2278 939 2372 992; x_wconf 79' lang='grc' dir='ltr'><strong>καὶ</strong></span> <span class='ocrx_word' id='word_1_172' title='bbox 2418 940 2602 995; x_wconf 74' lang='grc' dir='ltr'>λοιπὸν</span> <span class='ocrx_word' id='word_1_173' title='bbox 2657 943 2751 998; x_wconf 79' lang='grc' dir='ltr'><strong>καὶ</strong></span> <span class='ocrx_word' id='word_1_174' title='bbox 2791 946 3116 1017; x_wconf 83' lang='grc' dir='ltr'>Μανιχαίοις</span> <span class='ocrx_word' id='word_1_175' title='bbox 3164 948 3391 1013; x_wconf 70' lang='grc' dir='ltr'>ἑαυτοὺς</span> <span class='ocrx_word' id='word_1_176' title='bbox 3438 966 3675 1019; x_wconf 78' lang='grc' dir='ltr'>συγκατιο</span> 
     </span>
    </p>
   </div>
   <div class='ocr_carea' id='block_1_25' title="bbox 2100 1029 3672 1114">
    <p class='ocr_par' dir='ltr' id='par_1_25' title="bbox 2100 1029 3672 1114">
     <span class='ocr_line' id='line_1_25' title="bbox 2100 1029 3672 1114; baseline 0.009 -31"><span class='ocrx_word' id='word_1_177' title='bbox 2100 1029 2371 1103; x_wconf 82' lang='grc' dir='ltr'>αριθμεῖν.</span> <span class='ocrx_word' id='word_1_178' title='bbox 2404 1033 2541 1087; x_wconf 84' lang='grc' dir='ltr'>Ἀλλ’</span> <span class='ocrx_word' id='word_1_179' title='bbox 2564 1036 2759 1090; x_wconf 79' lang='grc' dir='ltr'>ἐκεῖνοι</span> <span class='ocrx_word' id='word_1_180' title='bbox 2791 1038 2890 1109; x_wconf 80' lang='grc' dir='ltr'>μὲν</span> <span class='ocrx_word' id='word_1_181' title='bbox 2923 1038 3027 1093; x_wconf 74' lang='grc' dir='ltr'>κᾶν</span> <span class='ocrx_word' id='word_1_182' title='bbox 3047 1040 3147 1111; x_wconf 71' lang='grc' dir='ltr'><strong>ὀψέ</strong></span> <span class='ocrx_word' id='word_1_183' title='bbox 3171 1058 3304 1094; x_wconf 84' lang='grc' dir='ltr'>ποτε</span> <span class='ocrx_word' id='word_1_184' title='bbox 3325 1040 3437 1114; x_wconf 65' lang='grc'>(46)</span> <span class='ocrx_word' id='word_1_185' title='bbox 3469 1042 3672 1113; x_wconf 85' lang='grc' dir='ltr'>μανθα-</span> 
     </span>
    </p>
   </div>
   <div class='ocr_carea' id='block_1_26' title="bbox 2099 1122 3671 1206">
    <p class='ocr_par' dir='ltr' id='par_1_26' title="bbox 2099 1122 3671 1206">
     <span class='ocr_line' id='line_1_26' title="bbox 2099 1122 3671 1206; baseline 0.008 -30"><span class='ocrx_word' id='word_1_186' title='bbox 2099 1122 2361 1190; x_wconf 84' lang='grc' dir='ltr'>νέτωσαν,</span> <span class='ocrx_word' id='word_1_187' title='bbox 2404 1126 2487 1179; x_wconf 82' lang='grc' dir='ltr'>ὅτι</span> <span class='ocrx_word' id='word_1_188' title='bbox 2531 1128 2561 1179; x_wconf 90' lang='lat'><strong>6</strong></span> <span class='ocrx_word' id='word_1_189' title='bbox 2582 1127 2752 1197; x_wconf 78' lang='grc' dir='ltr'>Λόγος</span> <span class='ocrx_word' id='word_1_190' title='bbox 2803 1129 2940 1202; x_wconf 81' lang='grc' dir='ltr'>σὰρξ</span> <span class='ocrx_word' id='word_1_191' title='bbox 2992 1133 3225 1200; x_wconf 77' lang='grc' dir='ltr'><strong>ἐγένετο·</strong></span> <span class='ocrx_word' id='word_1_192' title='bbox 3255 1136 3415 1206; x_wconf 76' lang='grc' dir='ltr'>ἡμεῖς</span> <span class='ocrx_word' id='word_1_193' title='bbox 3450 1134 3528 1201; x_wconf 86' lang='grc' dir='ltr'><strong>δὲ,</strong></span> <span class='ocrx_word' id='word_1_194' title='bbox 3582 1135 3671 1190; x_wconf 82' lang='grc' dir='ltr'>τὸν</span> 
     </span>
    </p>
   </div>
   <div class='ocr_carea' id='block_1_27' title="bbox 2100 1214 3673 1298">
    <p class='ocr_par' dir='ltr' id='par_1_27' title="bbox 2100 1214 3673 1298">
     <span class='ocr_line' id='line_1_27' title="bbox 2100 1214 3673 1298; baseline 0.007 -29"><span class='ocrx_word' id='word_1_195' title='bbox 2100 1214 2299 1270; x_wconf 77' lang='grc' dir='ltr'>σκοπὸν</span> <span class='ocrx_word' id='word_1_196' title='bbox 2321 1219 2420 1289; x_wconf 76' lang='grc' dir='ltr'>τῆς</span> <span class='ocrx_word' id='word_1_197' title='bbox 2457 1220 2687 1285; x_wconf 82' lang='grc' dir='ltr'>πίστεως</span> <span class='ocrx_word' id='word_1_198' title='bbox 2731 1221 2961 1292; x_wconf 79' lang='grc' dir='ltr'>ἔχοντες.</span> <span class='ocrx_word' id='word_1_199' title='bbox 3006 1224 3455 1298; x_wconf 81' lang='grc' dir='ltr'>ὲπιγινώσκωμεν</span> <span class='ocrx_word' id='word_1_200' title='bbox 3494 1224 3605 1298; x_wconf 71' lang='grc'>(47)</span> <span class='ocrx_word' id='word_1_201' title='bbox 3635 1226 3673 1280; x_wconf 73' lang='grc' dir='ltr'>ἂ</span> 
     </span>
    </p>
   </div>
   <div class='ocr_carea' id='block_1_28' title="bbox 2096 1304 3670 1390">
    <p class='ocr_par' dir='ltr' id='par_1_28' title="bbox 2096 1304 3670 1390">
     <span class='ocr_line' id='line_1_28' title="bbox 2096 1304 3670 1390; baseline 0.008 -29"><span class='ocrx_word' id='word_1_202' title='bbox 2096 1308 2427 1365; x_wconf 73' lang='grc' dir='ltr'>διανοοῦνται</span> <span class='ocrx_word' id='word_1_203' title='bbox 2456 1304 2602 1365; x_wconf 71' lang='grc' dir='ltr'>οὗτοι</span> <span class='ocrx_word' id='word_1_204' title='bbox 2632 1314 2840 1381; x_wconf 83' lang='grc' dir='ltr'>κακῶς,</span> <span class='ocrx_word' id='word_1_205' title='bbox 2868 1315 3034 1389; x_wconf 82' lang='grc' dir='ltr'>ὀρθὴν</span> <span class='ocrx_word' id='word_1_206' title='bbox 3061 1316 3249 1387; x_wconf 81' lang='grc' dir='ltr'>ἔχοντα</span> <span class='ocrx_word' id='word_1_207' title='bbox 3276 1318 3375 1390; x_wconf 80' lang='grc' dir='ltr'>τὴν</span> <span class='ocrx_word' id='word_1_208' title='bbox 3411 1319 3670 1373; x_wconf 80' lang='grc' dir='ltr'>διάνοιαν.</span> 
     </span>
    </p>
   </div>
   <div class='ocr_carea' id='block_1_29' title="bbox 2096 1398 3671 1476">
    <p class='ocr_par' dir='ltr' id='par_1_29' title="bbox 2096 1398 3671 1476">
     <span class='ocr_line' id='line_1_29' title="bbox 2096 1398 3671 1476; baseline 0.011 -25"><span class='ocrx_word' id='word_1_209' title='bbox 2096 1398 2169 1452; x_wconf 86' lang='grc' dir='ltr'>Τὸ</span> <span class='ocrx_word' id='word_1_210' title='bbox 2196 1400 2326 1472; x_wconf 83' lang='grc' dir='ltr'>γὰρ.</span> <span class='ocrx_word' id='word_1_211' title='bbox 2359 1402 2411 1455; x_wconf 89' lang='lat'><strong>&#39;0</strong></span> <span class='ocrx_word' id='word_1_212' title='bbox 2438 1403 2642 1473; x_wconf 75' lang='grc' dir='ltr'>Πατὴρ</span> <span class='ocrx_word' id='word_1_213' title='bbox 2678 1405 2881 1476; x_wconf 79' lang='grc' dir='ltr'>ἀγαπᾷ</span> <span class='ocrx_word' id='word_1_214' title='bbox 2917 1406 3024 1461; x_wconf 78' lang='grc' dir='ltr'>τὸν</span> <span class='ocrx_word' id='word_1_215' title='bbox 3081 1408 3237 1475; x_wconf 72' lang='lat' dir='ltr'><strong>nor,</strong></span> <span class='ocrx_word' id='word_1_216' title='bbox 3292 1409 3413 1476; x_wconf 76' lang='grc' dir='ltr'>καὶ,</span> <span class='ocrx_word' id='word_1_217' title='bbox 3474 1409 3671 1468; x_wconf 80' lang='grc' dir='ltr'>πάντα</span> 
     </span>
    </p>
   </div>
   <div class='ocr_carea' id='block_1_30' title="bbox 2093 1491 3671 1575">
    <p class='ocr_par' dir='ltr' id='par_1_30' title="bbox 2093 1491 3671 1575">
     <span class='ocr_line' id='line_1_30' title="bbox 2093 1491 3671 1575; baseline 0.007 -29"><span class='ocrx_word' id='word_1_218' title='bbox 2093 1491 2351 1549; x_wconf 83' lang='grc' dir='ltr'><strong>δέδωκεν</strong></span> <span class='ocrx_word' id='word_1_219' title='bbox 2379 1495 2450 1550; x_wconf 81' lang='grc' dir='ltr'>ἐν</span> <span class='ocrx_word' id='word_1_220' title='bbox 2473 1496 2548 1566; x_wconf 77' lang='grc' dir='ltr'>τῇ</span> <span class='ocrx_word' id='word_1_221' title='bbox 2575 1498 2727 1568; x_wconf 77' lang='grc' dir='ltr'>χειρὶ</span> <span class='ocrx_word' id='word_1_222' title='bbox 2784 1499 2991 1554; x_wconf 83' lang='grc' dir='ltr'>αὐτοῦ·</span> <span class='ocrx_word' id='word_1_223' title='bbox 3032 1500 3128 1555; x_wconf 71' lang='grc' dir='ltr'><strong>κα)⁸</strong></span> <span class='ocrx_word' id='word_1_224' title='bbox 3176 1502 3259 1567; x_wconf 85' lang='grc' dir='ltr'>τὸ,</span> <span class='ocrx_word' id='word_1_225' title='bbox 3312 1501 3515 1556; x_wconf 81' lang='grc' dir='ltr'><em>Πάντα</em></span> <span class='ocrx_word' id='word_1_226' title='bbox 3566 1522 3671 1575; x_wconf 80' lang='grc' dir='ltr'><strong>μρι</strong></span> 
     </span>
    </p>
   </div>
   <div class='ocr_carea' id='block_1_31' title="bbox 2093 1585 3668 1662">
    <p class='ocr_par' dir='ltr' id='par_1_31' title="bbox 2093 1585 3668 1662">
     <span class='ocr_line' id='line_1_31' title="bbox 2093 1585 3668 1662; baseline 0.008 -24"><span class='ocrx_word' id='word_1_227' title='bbox 2093 1585 2391 1656; x_wconf 82' lang='grc' dir='ltr'><strong>παρεδόθη</strong></span> <span class='ocrx_word' id='word_1_228' title='bbox 2418 1588 2536 1643; x_wconf 77' lang='grc' dir='ltr'><strong>ὑπὸ</strong></span> <span class='ocrx_word' id='word_1_229' title='bbox 2561 1590 2665 1645; x_wconf 87' lang='grc' dir='ltr'>τοῦ</span> <span class='ocrx_word' id='word_1_230' title='bbox 2690 1592 2922 1661; x_wconf 76' lang='grc' dir='ltr'>Πατρός</span> <span class='ocrx_word' id='word_1_231' title='bbox 2959 1610 3100 1662; x_wconf 76' lang='grc' dir='ltr'>μουο</span> <span class='ocrx_word' id='word_1_232' title='bbox 3139 1593 3234 1648; x_wconf 79' lang='grc' dir='ltr'>καὶ</span> <span class='ocrx_word' id='word_1_233' title='bbox 3261 1593 3342 1659; x_wconf 76' lang='grc' dir='ltr'>τὸ,</span> <span class='ocrx_word' id='word_1_234' title='bbox 3374 1597 3456 1649; x_wconf 88' lang='grc' dir='ltr'><strong>Οὐ</strong></span> <span class='ocrx_word' id='word_1_235' title='bbox 3486 1595 3668 1651; x_wconf 82' lang='grc' dir='ltr'>δύνα·</span> 
     </span>
    </p>
   </div>
   <div class='ocr_carea' id='block_1_32' title="bbox 2087 1679 3667 1758">
    <p class='ocr_par' dir='ltr' id='par_1_32' title="bbox 2087 1679 3667 1758">
     <span class='ocr_line' id='line_1_32' title="bbox 2087 1679 3667 1758; baseline 0.009 -27"><span class='ocrx_word' id='word_1_236' title='bbox 2087 1694 2195 1746; x_wconf 82' lang='grc' dir='ltr'><strong>μαι</strong></span> <span class='ocrx_word' id='word_1_237' title='bbox 2215 1679 2331 1749; x_wconf 63' lang='grc' dir='ltr'><strong>ἐγὼ</strong></span> <span class='ocrx_word' id='word_1_238' title='bbox 2357 1681 2555 1735; x_wconf 72' lang='grc' dir='ltr'>ποιεῖν</span> <span class='ocrx_word' id='word_1_239' title='bbox 2574 1683 2676 1738; x_wconf 78' lang='grc' dir='ltr'><strong>ἀπ’</strong></span> <span class='ocrx_word' id='word_1_240' title='bbox 2695 1684 2956 1753; x_wconf 80' lang='grc' dir='ltr'><strong>ἐμαυτοῦ</strong></span> <span class='ocrx_word' id='word_1_241' title='bbox 2987 1685 3168 1740; x_wconf 80' lang='grc' dir='ltr'>οὐδέν</span> <span class='ocrx_word' id='word_1_242' title='bbox 3185 1685 3320 1758; x_wconf 73' lang='grc'>(48)⁶</span> <span class='ocrx_word' id='word_1_243' title='bbox 3344 1686 3504 1742; x_wconf 75' lang='grc' dir='ltr'><em>ἀλλὰ</em></span> <span class='ocrx_word' id='word_1_244' title='bbox 3525 1693 3667 1744; x_wconf 80' lang='grc' dir='ltr'><strong>καθ-</strong></span> 
     </span>
    </p>
   </div>
   <div class='ocr_carea' id='block_1_33' title="bbox 2089 1768 3667 1852">
    <p class='ocr_par' dir='ltr' id='par_1_33' title="bbox 2089 1768 3667 1852">
     <span class='ocr_line' id='line_1_33' title="bbox 2089 1768 3667 1852; baseline 0.008 -30"><span class='ocrx_word' id='word_1_245' title='bbox 2089 1768 2173 1834; x_wconf 84' lang='grc' dir='ltr'>ὼς</span> <span class='ocrx_word' id='word_1_246' title='bbox 2215 1772 2431 1838; x_wconf 83' lang='grc' dir='ltr'><strong>ἀκούω,</strong></span> <span class='ocrx_word' id='word_1_247' title='bbox 2467 1776 2671 1843; x_wconf 72' lang='grc' dir='ltr'>κρίνω*</span> <span class='ocrx_word' id='word_1_248' title='bbox 2707 1779 2801 1831; x_wconf 76' lang='grc' dir='ltr'>καὶ</span> <span class='ocrx_word' id='word_1_249' title='bbox 2863 1779 2962 1832; x_wconf 84' lang='grc' dir='ltr'>ὅσα</span> <span class='ocrx_word' id='word_1_250' title='bbox 2992 1778 3221 1832; x_wconf 88' lang='grc' dir='ltr'>τοιαῦτά</span> <span class='ocrx_word' id='word_1_251' title='bbox 3258 1781 3373 1833; x_wconf 83' lang='grc' dir='ltr'>ἐστι</span> <span class='ocrx_word' id='word_1_252' title='bbox 3412 1780 3569 1852; x_wconf 78' lang='grc' dir='ltr'>ῥητὰ,</span> <span class='ocrx_word' id='word_1_253' title='bbox 3603 1782 3667 1835; x_wconf 81' lang='grc' dir='ltr'>οὐ</span> 
     </span>
    </p>
   </div>
   <div class='ocr_carea' id='block_1_34' title="bbox 398 1862 1972 1938">
    <p class='ocr_par' dir='ltr' id='par_1_34' title="bbox 398 1864 1972 1937">
     <span class='ocr_line' id='line_1_34' title="bbox 398 1864 1972 1937; baseline -0.001 -15"><span class='ocrx_word' id='word_1_254' title='bbox 398 1881 528 1937; x_wconf 64' lang='lat' dir='ltr'><strong>qua</strong></span> <span class='ocrx_word' id='word_1_255' title='bbox 553 1865 715 1923; x_wconf 90' lang='lat' dir='ltr'><strong>Pater</strong></span> <span class='ocrx_word' id='word_1_256' title='bbox 742 1867 925 1929; x_wconf 87' lang='lat' dir='ltr'><strong>habet,</strong></span> <span class='ocrx_word' id='word_1_257' title='bbox 953 1867 1042 1921; x_wconf 88' lang='lat' dir='ltr'><strong>ille</strong></span> <span class='ocrx_word' id='word_1_258' title='bbox 1079 1881 1188 1920; x_wconf 89' lang='lat' dir='ltr'><strong>non</strong></span> <span class='ocrx_word' id='word_1_259' title='bbox 1220 1879 1435 1935; x_wconf 84' lang='lat' dir='ltr'><strong>semper</strong></span> <span class='ocrx_word' id='word_1_260' title='bbox 1464 1864 1738 1931; x_wconf 89' lang='lat' dir='ltr'><strong>habuerit,</strong></span> <span class='ocrx_word' id='word_1_261' title='bbox 1769 1865 1863 1935; x_wconf 88' lang='lat' dir='ltr'><strong>qui</strong></span> <span class='ocrx_word' id='word_1_262' title='bbox 1892 1880 1972 1921; x_wconf 89' lang='lat' dir='ltr'><strong>so-</strong></span> 
     </span>
    </p>
   </div>
   <div class='ocr_carea' id='block_1_35' title="bbox 2087 1862 3669 1938">
    <p class='ocr_par' dir='ltr' id='par_1_35' title="bbox 2087 1862 3669 1938">
     <span class='ocr_line' id='line_1_35' title="bbox 2087 1862 3669 1938; baseline 0.007 -23"><span class='ocrx_word' id='word_1_263' title='bbox 2087 1862 2146 1915; x_wconf 86' lang='grc' dir='ltr'><strong>τὺ</strong></span> <span class='ocrx_word' id='word_1_264' title='bbox 2178 1864 2253 1935; x_wconf 86' lang='grc' dir='ltr'><strong>μὴ</strong></span> <span class='ocrx_word' id='word_1_265' title='bbox 2287 1866 2577 1938; x_wconf 77' lang='grc' dir='ltr'>ἐσχηκέναι</span> <span class='ocrx_word' id='word_1_266' title='bbox 2606 1869 2737 1922; x_wconf 82' lang='grc' dir='ltr'>ποτὲ</span> <span class='ocrx_word' id='word_1_267' title='bbox 2769 1869 2862 1924; x_wconf 83' lang='grc' dir='ltr'>τὸν</span> <span class='ocrx_word' id='word_1_268' title='bbox 2887 1870 3015 1923; x_wconf 83' lang='grc' dir='ltr'>Υἰδν</span> <span class='ocrx_word' id='word_1_269' title='bbox 3047 1871 3220 1926; x_wconf 81' lang='grc' dir='ltr'>ταῦτα</span> <span class='ocrx_word' id='word_1_270' title='bbox 3244 1872 3505 1926; x_wconf 85' lang='grc' dir='ltr'>δείκνυσι.</span> <span class='ocrx_word' id='word_1_271' title='bbox 3540 1870 3669 1936; x_wconf 84' lang='grc' dir='ltr'><strong>Πῶς</strong></span> 
     </span>
    </p>
   </div>
   <div class='ocr_carea' id='block_1_36' title="bbox 404 1954 1983 2027">
    <p class='ocr_par' dir='ltr' id='par_1_36' title="bbox 404 1954 1983 2027">
     <span class='ocr_line' id='line_1_36' title="bbox 404 1954 1983 2027; baseline 0.001 -16"><span class='ocrx_word' id='word_1_272' title='bbox 404 1956 493 2014; x_wconf 79' lang='lat' dir='ltr'><strong>ius</strong></span> <span class='ocrx_word' id='word_1_273' title='bbox 520 1967 717 2013; x_wconf 86' lang='lat' dir='ltr'><strong>natura</strong></span> <span class='ocrx_word' id='word_1_274' title='bbox 746 1955 983 2013; x_wconf 77' lang='lat' dir='ltr'><strong>Verbum</strong></span> <span class='ocrx_word' id='word_1_275' title='bbox 1023 1966 1079 2012; x_wconf 89' lang='lat' dir='ltr'><strong>et</strong></span> <span class='ocrx_word' id='word_1_276' title='bbox 1126 1956 1406 2027; x_wconf 87' lang='lat' dir='ltr'><strong>Sapientia</strong></span> <span class='ocrx_word' id='word_1_277' title='bbox 1448 1954 1627 2011; x_wconf 88' lang='lat' dir='ltr'><strong>Patris</strong></span> <span class='ocrx_word' id='word_1_278' title='bbox 1658 1963 1745 2011; x_wconf 87' lang='lat' dir='ltr'><strong>est</strong></span> <span class='ocrx_word' id='word_1_279' title='bbox 1775 1974 1789 2010; x_wconf 90' lang='lat'><strong>:</strong></span> <span class='ocrx_word' id='word_1_280' title='bbox 1823 1956 1983 2027; x_wconf 87' lang='lat' dir='ltr'><strong>cujus</strong></span> 
     </span>
    </p>
   </div>
   <div class='ocr_carea' id='block_1_37' title="bbox 404 2048 1983 2123">
    <p class='ocr_par' dir='ltr' id='par_1_37' title="bbox 404 2048 1983 2123">
     <span class='ocr_line' id='line_1_37' title="bbox 404 2048 1983 2123; baseline -0.001 -18"><span class='ocrx_word' id='word_1_281' title='bbox 404 2052 534 2107; x_wconf 87' lang='lat' dir='ltr'><strong>item</strong></span> <span class='ocrx_word' id='word_1_282' title='bbox 567 2053 679 2107; x_wconf 72' lang='lat' dir='ltr'><strong>haec</strong></span> <span class='ocrx_word' id='word_1_283' title='bbox 712 2060 843 2107; x_wconf 87' lang='lat' dir='ltr'><strong>sunt</strong></span> <span class='ocrx_word' id='word_1_284' title='bbox 866 2052 1063 2106; x_wconf 86' lang='lat' dir='ltr'><strong>verba:</strong></span> <span class='ocrx_word' id='word_1_285' title='bbox 1099 2050 1293 2107; x_wconf 86' lang='lat' dir='ltr'><strong>Omnia</strong></span> <span class='ocrx_word' id='word_1_286' title='bbox 1321 2065 1440 2123; x_wconf 67' lang='lat' dir='ltr'><strong>qua:</strong></span> <span class='ocrx_word' id='word_1_287' title='bbox 1470 2050 1623 2105; x_wconf 84' lang='lat' dir='ltr'><strong>habet</strong></span> <span class='ocrx_word' id='word_1_288' title='bbox 1656 2048 1843 2112; x_wconf 85' lang='lat' dir='ltr'><strong>Pater,</strong></span> <span class='ocrx_word' id='word_1_289' title='bbox 1867 2068 1983 2105; x_wconf 86' lang='lat' dir='ltr'><strong>mea</strong></span> 
     </span>
    </p>
   </div>
   <div class='ocr_carea' id='block_1_38' title="bbox 403 2141 1981 2214">
    <p class='ocr_par' dir='ltr' id='par_1_38' title="bbox 403 2141 1981 2214">
     <span class='ocr_line' id='line_1_38' title="bbox 403 2141 1981 2214; baseline -0.001 -16"><span class='ocrx_word' id='word_1_290' title='bbox 403 2145 605 2212; x_wconf 76' lang='lat' dir='ltr'><strong>sunt&quot;,</strong></span> <span class='ocrx_word' id='word_1_291' title='bbox 629 2153 705 2210; x_wconf 88' lang='lat' dir='ltr'><strong>et,</strong></span> <span class='ocrx_word' id='word_1_292' title='bbox 729 2159 851 2214; x_wconf 74' lang='lat' dir='ltr'><strong>quae</strong></span> <span class='ocrx_word' id='word_1_293' title='bbox 882 2159 1014 2199; x_wconf 86' lang='lat' dir='ltr'><strong>mea</strong></span> <span class='ocrx_word' id='word_1_294' title='bbox 1056 2153 1206 2209; x_wconf 90' lang='lat' dir='ltr'><strong>sunt,</strong></span> <span class='ocrx_word' id='word_1_295' title='bbox 1238 2142 1417 2201; x_wconf 85' lang='lat' dir='ltr'><strong>Patris</strong></span> <span class='ocrx_word' id='word_1_296' title='bbox 1443 2145 1605 2201; x_wconf 79' lang='lat' dir='ltr'><strong>etiam</strong></span> <span class='ocrx_word' id='word_1_297' title='bbox 1640 2150 1770 2199; x_wconf 88' lang='lat' dir='ltr'><strong>sunt</strong></span> <span class='ocrx_word' id='word_1_298' title='bbox 1799 2142 1890 2197; x_wconf 64' lang='lat'><strong>&quot;&#39;1</strong></span> <span class='ocrx_word' id='word_1_299' title='bbox 1923 2141 1981 2198; x_wconf 90' lang='lat' dir='ltr'><strong>Si</strong></span> 
     </span>
    </p>
   </div>
   <div class='ocr_carea' id='block_1_39' title="bbox 398 2233 1982 2306">
    <p class='ocr_par' dir='ltr' id='par_1_39' title="bbox 398 2233 1982 2306">
     <span class='ocr_line' id='line_1_39' title="bbox 398 2233 1982 2306; baseline 0.001 -19"><span class='ocrx_word' id='word_1_300' title='bbox 398 2233 549 2287; x_wconf 87' lang='lat' dir='ltr'><strong>enim</strong></span> <span class='ocrx_word' id='word_1_301' title='bbox 576 2250 698 2304; x_wconf 71' lang='lat' dir='ltr'><strong>qua:</strong></span> <span class='ocrx_word' id='word_1_302' title='bbox 737 2233 916 2291; x_wconf 89' lang='lat' dir='ltr'><strong>Patris</strong></span> <span class='ocrx_word' id='word_1_303' title='bbox 955 2245 1103 2298; x_wconf 87' lang='lat' dir='ltr'><strong>sunt,</strong></span> <span class='ocrx_word' id='word_1_304' title='bbox 1147 2243 1275 2291; x_wconf 89' lang='lat' dir='ltr'><strong>sunt</strong></span> <span class='ocrx_word' id='word_1_305' title='bbox 1312 2250 1531 2306; x_wconf 86' lang='lat' dir='ltr'><strong>quoque</strong></span> <span class='ocrx_word' id='word_1_306' title='bbox 1574 2233 1721 2299; x_wconf 90' lang='lat' dir='ltr'><strong>Filii,</strong></span> <span class='ocrx_word' id='word_1_307' title='bbox 1758 2235 1982 2305; x_wconf 63' lang='lat' dir='ltr'><strong>haecque</strong></span> 
     </span>
    </p>
   </div>
   <div class='ocr_carea' id='block_1_40' title="bbox 398 2325 1981 2398">
    <p class='ocr_par' dir='ltr' id='par_1_40' title="bbox 398 2325 1981 2398">
     <span class='ocr_line' id='line_1_40' title="bbox 398 2325 1981 2398; baseline 0 -17"><span class='ocrx_word' id='word_1_308' title='bbox 398 2339 616 2394; x_wconf 82' lang='lat' dir='ltr'><strong>semper</strong></span> <span class='ocrx_word' id='word_1_309' title='bbox 640 2325 802 2382; x_wconf 86' lang='lat' dir='ltr'><strong>Pater</strong></span> <span class='ocrx_word' id='word_1_310' title='bbox 835 2326 1017 2394; x_wconf 90' lang='lat' dir='ltr'><strong>habet,</strong></span> <span class='ocrx_word' id='word_1_311' title='bbox 1055 2328 1405 2398; x_wconf 87' lang='lat' dir='ltr'><strong>perspicuum</strong></span> <span class='ocrx_word' id='word_1_312' title='bbox 1436 2342 1568 2384; x_wconf 88' lang='lat' dir='ltr'><strong>sane</strong></span> <span class='ocrx_word' id='word_1_313' title='bbox 1618 2335 1722 2394; x_wconf 89' lang='lat' dir='ltr'><strong>est,</strong></span> <span class='ocrx_word' id='word_1_314' title='bbox 1766 2342 1829 2382; x_wconf 92' lang='lat' dir='ltr'><strong>ea</strong></span> <span class='ocrx_word' id='word_1_315' title='bbox 1860 2341 1981 2397; x_wconf 70' lang='lat' dir='ltr'><strong>quae</strong></span> 
     </span>
    </p>
   </div>
   <div class='ocr_carea' id='block_1_41' title="bbox 400 2415 1978 2489">
    <p class='ocr_par' dir='ltr' id='par_1_41' title="bbox 400 2415 1978 2489">
     <span class='ocr_line' id='line_1_41' title="bbox 400 2415 1978 2489; baseline 0.001 -18"><span class='ocrx_word' id='word_1_316' title='bbox 400 2415 573 2483; x_wconf 74' lang='lat' dir='ltr'><strong>Filius</strong></span> <span class='ocrx_word' id='word_1_317' title='bbox 600 2418 780 2485; x_wconf 89' lang='lat' dir='ltr'><strong>habet,</strong></span> <span class='ocrx_word' id='word_1_318' title='bbox 814 2434 938 2474; x_wconf 91' lang='lat' dir='ltr'><strong>cum</strong></span> <span class='ocrx_word' id='word_1_319' title='bbox 970 2419 1158 2475; x_wconf 90' lang='lat' dir='ltr'><strong>eadem</strong></span> <span class='ocrx_word' id='word_1_320' title='bbox 1192 2420 1300 2475; x_wconf 86' lang='lat' dir='ltr'><strong>sint</strong></span> <span class='ocrx_word' id='word_1_321' title='bbox 1332 2418 1533 2484; x_wconf 86' lang='lat' dir='ltr'><strong>Patris,</strong></span> <span class='ocrx_word' id='word_1_322' title='bbox 1557 2434 1772 2489; x_wconf 89' lang='lat' dir='ltr'><strong>semper</strong></span> <span class='ocrx_word' id='word_1_323' title='bbox 1804 2418 1859 2471; x_wconf 92' lang='lat' dir='ltr'><strong>in</strong></span> <span class='ocrx_word' id='word_1_324' title='bbox 1885 2417 1978 2472; x_wconf 94' lang='lat' dir='ltr'><strong>illo</strong></span> 
     </span>
    </p>
   </div>
   <div class='ocr_carea' id='block_1_42' title="bbox 397 2507 1976 2581">
    <p class='ocr_par' dir='ltr' id='par_1_42' title="bbox 397 2507 1976 2581">
     <span class='ocr_line' id='line_1_42' title="bbox 397 2507 1976 2581; baseline -0.002 -18"><span class='ocrx_word' id='word_1_325' title='bbox 397 2521 538 2563; x_wconf 86' lang='lat' dir='ltr'><strong>esse.</strong></span> <span class='ocrx_word' id='word_1_326' title='bbox 570 2507 691 2563; x_wconf 85' lang='lat' dir='ltr'><strong>Non</strong></span> <span class='ocrx_word' id='word_1_327' title='bbox 719 2509 886 2581; x_wconf 79' lang='lat' dir='ltr'><strong>igitur</strong></span> <span class='ocrx_word' id='word_1_328' title='bbox 915 2509 1020 2565; x_wconf 88' lang='lat' dir='ltr'><strong>ista</strong></span> <span class='ocrx_word' id='word_1_329' title='bbox 1049 2510 1538 2573; x_wconf 85' lang='lat' dir='ltr'><strong>commemorabat,</strong></span> <span class='ocrx_word' id='word_1_330' title='bbox 1570 2508 1731 2579; x_wconf 90' lang='lat' dir='ltr'><strong>quasi</strong></span> <span class='ocrx_word' id='word_1_331' title='bbox 1765 2523 1829 2563; x_wconf 87' lang='lat' dir='ltr'><strong>ea</strong></span> <span class='ocrx_word' id='word_1_332' title='bbox 1872 2507 1976 2561; x_wconf 86' lang='lat' dir='ltr'><strong>ali-</strong></span> 
     </span>
    </p>
   </div>
   <div class='ocr_carea' id='block_1_43' title="bbox 395 2582 1975 2670">
    <p class='ocr_par' dir='ltr' id='par_1_43' title="bbox 395 2582 1975 2670">
     <span class='ocr_line' id='line_1_43' title="bbox 395 2582 1975 2670; baseline 0.002 -20"><span class='ocrx_word' id='word_1_333' title='bbox 395 2597 618 2667; x_wconf 87' lang='lat' dir='ltr'><strong>quando</strong></span> <span class='ocrx_word' id='word_1_334' title='bbox 648 2612 757 2654; x_wconf 91' lang='lat' dir='ltr'><strong>non</strong></span> <span class='ocrx_word' id='word_1_335' title='bbox 784 2598 1034 2654; x_wconf 86' lang='lat' dir='ltr'><strong>habuerit</strong></span> <span class='ocrx_word' id='word_1_336' title='bbox 1065 2617 1079 2654; x_wconf 89' lang='lat'><strong>:</strong></span> <span class='ocrx_word' id='word_1_337' title='bbox 1105 2598 1200 2653; x_wconf 90' lang='lat' dir='ltr'><strong>sed</strong></span> <span class='ocrx_word' id='word_1_338' title='bbox 1230 2599 1375 2669; x_wconf 90' lang='lat' dir='ltr'><strong>quod</strong></span> <span class='ocrx_word' id='word_1_339' title='bbox 1398 2582 1590 2663; x_wconf 82' lang='lat' dir='ltr'><strong>Filius,</strong></span> <span class='ocrx_word' id='word_1_340' title='bbox 1624 2593 1717 2670; x_wconf 79' lang='lat' dir='ltr'><strong>qui</strong></span> <span class='ocrx_word' id='word_1_341' title='bbox 1752 2612 1816 2653; x_wconf 90' lang='lat' dir='ltr'><strong>ea</strong></span> <span class='ocrx_word' id='word_1_342' title='bbox 1854 2613 1975 2668; x_wconf 69' lang='lat' dir='ltr'><strong>quae</strong></span> 
     </span>
    </p>
   </div>
   <div class='ocr_carea' id='block_1_44' title="bbox 393 2689 1643 2761">
    <p class='ocr_par' dir='ltr' id='par_1_44' title="bbox 393 2689 1643 2761">
     <span class='ocr_line' id='line_1_44' title="bbox 393 2689 1643 2761; baseline 0.002 -18"><span class='ocrx_word' id='word_1_343' title='bbox 393 2689 576 2753; x_wconf 85' lang='lat' dir='ltr'><strong>habet,</strong></span> <span class='ocrx_word' id='word_1_344' title='bbox 614 2706 828 2761; x_wconf 86' lang='lat' dir='ltr'><strong>semper</strong></span> <span class='ocrx_word' id='word_1_345' title='bbox 854 2690 1034 2753; x_wconf 78' lang='lat' dir='ltr'><strong>habet,</strong></span> <span class='ocrx_word' id='word_1_346' title='bbox 1069 2690 1185 2761; x_wconf 90' lang='lat' dir='ltr'><strong>ipsa</strong></span> <span class='ocrx_word' id='word_1_347' title='bbox 1217 2706 1248 2746; x_wconf 90' lang='lat' dir='ltr'><strong>a</strong></span> <span class='ocrx_word' id='word_1_348' title='bbox 1278 2690 1437 2746; x_wconf 88' lang='lat' dir='ltr'><strong>Patre</strong></span> <span class='ocrx_word' id='word_1_349' title='bbox 1462 2690 1643 2745; x_wconf 87' lang='lat' dir='ltr'><strong>habet.</strong></span> 
     </span>
    </p>
   </div>
   <div class='ocr_carea' id='block_1_45' title="bbox 463 2781 1970 2854">
    <p class='ocr_par' dir='ltr' id='par_1_45' title="bbox 463 2781 1970 2854">
     <span class='ocr_line' id='line_1_45' title="bbox 463 2781 1970 2854; baseline -0.001 -17"><span class='ocrx_word' id='word_1_350' title='bbox 463 2782 552 2837; x_wconf 78' lang='lat'><strong>&#39;56.</strong></span> <span class='ocrx_word' id='word_1_351' title='bbox 580 2781 659 2838; x_wconf 87' lang='lat' dir='ltr'><strong>Ne</strong></span> <span class='ocrx_word' id='word_1_352' title='bbox 683 2784 808 2854; x_wconf 89' lang='lat' dir='ltr'><strong>quis</strong></span> <span class='ocrx_word' id='word_1_353' title='bbox 835 2784 980 2838; x_wconf 88' lang='lat' dir='ltr'><strong>enim</strong></span> <span class='ocrx_word' id='word_1_354' title='bbox 1006 2783 1202 2838; x_wconf 87' lang='lat' dir='ltr'><strong>Filium</strong></span> <span class='ocrx_word' id='word_1_355' title='bbox 1236 2783 1422 2838; x_wconf 90' lang='lat' dir='ltr'><strong>omnia</strong></span> <span class='ocrx_word' id='word_1_356' title='bbox 1449 2798 1571 2854; x_wconf 84' lang='lat' dir='ltr'><strong>quae</strong></span> <span class='ocrx_word' id='word_1_357' title='bbox 1599 2782 1763 2837; x_wconf 85' lang='lat' dir='ltr'><strong>habet</strong></span> <span class='ocrx_word' id='word_1_358' title='bbox 1788 2781 1970 2849; x_wconf 87' lang='lat' dir='ltr'><strong>Pater,</strong></span> 
     </span>
    </p>
   </div>
   <div class='ocr_carea' id='block_1_46' title="bbox 390 2873 1973 2946">
    <p class='ocr_par' dir='ltr' id='par_1_46' title="bbox 390 2873 1973 2946">
     <span class='ocr_line' id='line_1_46' title="bbox 390 2873 1973 2946; baseline -0.001 -18"><span class='ocrx_word' id='word_1_359' title='bbox 390 2873 595 2929; x_wconf 87' lang='lat' dir='ltr'><strong>habere</strong></span> <span class='ocrx_word' id='word_1_360' title='bbox 629 2873 958 2946; x_wconf 81' lang='lat' dir='ltr'><strong>intelligens,</strong></span> <span class='ocrx_word' id='word_1_361' title='bbox 985 2890 1053 2929; x_wconf 78' lang='lat' dir='ltr'><strong>ex</strong></span> <span class='ocrx_word' id='word_1_362' title='bbox 1078 2890 1293 2929; x_wconf 88' lang='lat' dir='ltr'><strong>summa</strong></span> <span class='ocrx_word' id='word_1_363' title='bbox 1324 2874 1414 2928; x_wconf 90' lang='lat' dir='ltr'><strong>illa</strong></span> <span class='ocrx_word' id='word_1_364' title='bbox 1450 2873 1827 2937; x_wconf 87' lang='lat' dir='ltr'><strong>similitudine,</strong></span> <span class='ocrx_word' id='word_1_365' title='bbox 1852 2887 1973 2941; x_wconf 60' lang='lat' dir='ltr'><strong>quae</strong></span> 
     </span>
    </p>
   </div>
   <div class='ocr_carea' id='block_1_47' title="bbox 383 2965 1972 3037">
    <p class='ocr_par' dir='ltr' id='par_1_47' title="bbox 383 2965 1972 3037">
     <span class='ocr_line' id='line_1_47' title="bbox 383 2965 1972 3037; baseline 0 -16"><span class='ocrx_word' id='word_1_366' title='bbox 383 2967 601 3037; x_wconf 73' lang='lat' dir='ltr'><strong>absque</strong></span> <span class='ocrx_word' id='word_1_367' title='bbox 627 2968 738 3023; x_wconf 90' lang='lat' dir='ltr'><strong>ulla</strong></span> <span class='ocrx_word' id='word_1_368' title='bbox 770 2976 855 3024; x_wconf 88' lang='lat' dir='ltr'><strong>est</strong></span> <span class='ocrx_word' id='word_1_369' title='bbox 887 2968 1222 3033; x_wconf 86' lang='lat' dir='ltr'><strong>dill‘erentia,</strong></span> <span class='ocrx_word' id='word_1_370' title='bbox 1257 2976 1313 3022; x_wconf 88' lang='lat' dir='ltr'><strong>et</strong></span> <span class='ocrx_word' id='word_1_371' title='bbox 1337 2984 1401 3022; x_wconf 78' lang='lat' dir='ltr'><strong>ex</strong></span> <span class='ocrx_word' id='word_1_372' title='bbox 1434 2967 1736 3033; x_wconf 90' lang='lat' dir='ltr'><strong>identitate,</strong></span> <span class='ocrx_word' id='word_1_373' title='bbox 1774 2976 1835 3021; x_wconf 86' lang='lat' dir='ltr'><strong>ut</strong></span> <span class='ocrx_word' id='word_1_374' title='bbox 1867 2965 1972 3021; x_wconf 88' lang='lat' dir='ltr'><strong>hoc</strong></span> 
     </span>
    </p>
   </div>
   <div class='ocr_carea' id='block_1_48' title="bbox 388 3057 1968 3130">
    <p class='ocr_par' dir='ltr' id='par_1_48' title="bbox 388 3057 1968 3130">
     <span class='ocr_line' id='line_1_48' title="bbox 388 3057 1968 3130; baseline 0 -18"><span class='ocrx_word' id='word_1_375' title='bbox 388 3059 557 3114; x_wconf 87' lang='lat' dir='ltr'><strong>verbo</strong></span> <span class='ocrx_word' id='word_1_376' title='bbox 600 3072 742 3126; x_wconf 81' lang='lat' dir='ltr'><strong>utar,</strong></span> <span class='ocrx_word' id='word_1_377' title='bbox 784 3074 976 3115; x_wconf 90' lang='lat' dir='ltr'><strong>eorum</strong></span> <span class='ocrx_word' id='word_1_378' title='bbox 1015 3075 1139 3130; x_wconf 75' lang='lat' dir='ltr'><strong>qua:</strong></span> <span class='ocrx_word' id='word_1_379' title='bbox 1173 3059 1354 3124; x_wconf 84' lang='lat' dir='ltr'><strong>habet,</strong></span> <span class='ocrx_word' id='word_1_380' title='bbox 1395 3074 1460 3114; x_wconf 91' lang='lat' dir='ltr'><strong>eo</strong></span> <span class='ocrx_word' id='word_1_381' title='bbox 1511 3057 1803 3128; x_wconf 86' lang='lat' dir='ltr'><strong>impietatis</strong></span> <span class='ocrx_word' id='word_1_382' title='bbox 1843 3072 1968 3112; x_wconf 90' lang='lat' dir='ltr'><strong>cum</strong></span> 
     </span>
    </p>
   </div>
   <div class='ocr_carea' id='block_1_49' title="bbox 389 3148 1967 3222">
    <p class='ocr_par' dir='ltr' id='par_1_49' title="bbox 389 3148 1967 3222">
     <span class='ocr_line' id='line_1_49' title="bbox 389 3148 1967 3222; baseline -0.001 -18"><span class='ocrx_word' id='word_1_383' title='bbox 389 3148 629 3206; x_wconf 86' lang='lat' dir='ltr'><strong>Sabellio</strong></span> <span class='ocrx_word' id='word_1_384' title='bbox 665 3165 861 3205; x_wconf 90' lang='lat' dir='ltr'><strong>errans</strong></span> <span class='ocrx_word' id='word_1_385' title='bbox 887 3150 1186 3217; x_wconf 80' lang='lat' dir='ltr'><strong>deveniret,</strong></span> <span class='ocrx_word' id='word_1_386' title='bbox 1215 3160 1271 3205; x_wconf 90' lang='lat' dir='ltr'><strong>ut</strong></span> <span class='ocrx_word' id='word_1_387' title='bbox 1294 3151 1470 3222; x_wconf 85' lang='lat' dir='ltr'><strong>ipsum</strong></span> <span class='ocrx_word' id='word_1_388' title='bbox 1496 3166 1617 3205; x_wconf 87' lang='lat' dir='ltr'><strong>esse</strong></span> <span class='ocrx_word' id='word_1_389' title='bbox 1644 3149 1855 3204; x_wconf 86' lang='lat' dir='ltr'><strong>Patrem</strong></span> <span class='ocrx_word' id='word_1_390' title='bbox 1881 3166 1967 3203; x_wconf 88' lang='lat' dir='ltr'><strong>ar-</strong></span> 
     </span>
    </p>
   </div>
   <div class='ocr_carea' id='block_1_50' title="bbox 387 3240 1960 3308">
    <p class='ocr_par' dir='ltr' id='par_1_50' title="bbox 387 3240 1960 3308">
     <span class='ocr_line' id='line_1_50' title="bbox 387 3240 1960 3308; baseline 0 -13"><span class='ocrx_word' id='word_1_391' title='bbox 387 3240 724 3299; x_wconf 84' lang='lat' dir='ltr'><strong>bitraretur:</strong></span> <span class='ocrx_word' id='word_1_392' title='bbox 757 3241 963 3298; x_wconf 89' lang='lat' dir='ltr'><strong>idcirco</strong></span> <span class='ocrx_word' id='word_1_393' title='bbox 1010 3242 1096 3296; x_wconf 86' lang='lat' dir='ltr'><strong>liis</strong></span> <span class='ocrx_word' id='word_1_394' title='bbox 1122 3251 1205 3297; x_wconf 89' lang='lat' dir='ltr'><strong>est</strong></span> <span class='ocrx_word' id='word_1_395' title='bbox 1247 3258 1381 3297; x_wconf 89' lang='lat' dir='ltr'><strong>usus</strong></span> <span class='ocrx_word' id='word_1_396' title='bbox 1415 3242 1666 3308; x_wconf 86' lang='lat' dir='ltr'><strong>vocibus,</strong></span> <span class='ocrx_word' id='word_1_397' title='bbox 1709 3241 1852 3295; x_wconf 89' lang='lat' dir='ltr'><strong>Data</strong></span> <span class='ocrx_word' id='word_1_398' title='bbox 1884 3252 1960 3295; x_wconf 72' lang='lat' dir='ltr'><strong>est</strong></span> 
     </span>
    </p>
   </div>
   <div class='ocr_carea' id='block_1_51' title="bbox 387 3333 1959 3404">
    <p class='ocr_par' dir='ltr' id='par_1_51' title="bbox 387 3333 1959 3404">
     <span class='ocr_line' id='line_1_51' title="bbox 387 3333 1959 3404; baseline -0.001 -16"><span class='ocrx_word' id='word_1_399' title='bbox 387 3333 521 3388; x_wconf 84' lang='lat' dir='ltr'><strong>mihi</strong></span> <span class='ocrx_word' id='word_1_400' title='bbox 540 3334 610 3402; x_wconf 83' lang='lat'><strong>”,</strong></span> <span class='ocrx_word' id='word_1_401' title='bbox 635 3334 874 3404; x_wconf 81' lang='lat' dir='ltr'><strong>accepi‘,</strong></span> <span class='ocrx_word' id='word_1_402' title='bbox 904 3336 1108 3389; x_wconf 86' lang='lat' dir='ltr'><strong>tradita</strong></span> <span class='ocrx_word' id='word_1_403' title='bbox 1130 3344 1250 3389; x_wconf 84' lang='lat' dir='ltr'><strong>sunt</strong></span> <span class='ocrx_word' id='word_1_404' title='bbox 1275 3335 1402 3387; x_wconf 83' lang='lat' dir='ltr'><strong>mihi</strong></span> <span class='ocrx_word' id='word_1_405' title='bbox 1429 3335 1470 3398; x_wconf 77' lang='grc'>³,</span> <span class='ocrx_word' id='word_1_406' title='bbox 1498 3342 1555 3388; x_wconf 94' lang='lat' dir='ltr'><strong>ut</strong></span> <span class='ocrx_word' id='word_1_407' title='bbox 1585 3333 1637 3387; x_wconf 91' lang='lat' dir='ltr'><strong>id</strong></span> <span class='ocrx_word' id='word_1_408' title='bbox 1663 3335 1842 3389; x_wconf 85' lang='lat' dir='ltr'><strong>solum</strong></span> <span class='ocrx_word' id='word_1_409' title='bbox 1871 3348 1959 3388; x_wconf 84' lang='lat' dir='ltr'><strong>os-</strong></span> 
     </span>
    </p>
   </div>
   <div class='ocr_carea' id='block_1_52' title="bbox 386 3423 1963 3494">
    <p class='ocr_par' dir='ltr' id='par_1_52' title="bbox 386 3423 1963 3494">
     <span class='ocr_line' id='line_1_52' title="bbox 386 3423 1963 3494; baseline -0.001 -14"><span class='ocrx_word' id='word_1_410' title='bbox 386 3424 653 3494; x_wconf 88' lang='lat' dir='ltr'><strong>tenderet,</strong></span> <span class='ocrx_word' id='word_1_411' title='bbox 699 3440 759 3481; x_wconf 90' lang='lat' dir='ltr'><strong>se</strong></span> <span class='ocrx_word' id='word_1_412' title='bbox 793 3425 1045 3482; x_wconf 83' lang='lat' dir='ltr'><strong>videlicet</strong></span> <span class='ocrx_word' id='word_1_413' title='bbox 1083 3425 1299 3481; x_wconf 90' lang='lat' dir='ltr'><strong>Patrem</strong></span> <span class='ocrx_word' id='word_1_414' title='bbox 1331 3443 1439 3480; x_wconf 90' lang='lat' dir='ltr'><strong>non</strong></span> <span class='ocrx_word' id='word_1_415' title='bbox 1468 3440 1612 3490; x_wconf 91' lang='lat' dir='ltr'><strong>esse,</strong></span> <span class='ocrx_word' id='word_1_416' title='bbox 1648 3424 1740 3481; x_wconf 89' lang='lat' dir='ltr'><strong>sed</strong></span> <span class='ocrx_word' id='word_1_417' title='bbox 1785 3423 1963 3479; x_wconf 88' lang='lat' dir='ltr'><strong>Patris</strong></span> 
     </span>
    </p>
   </div>
   <div class='ocr_carea' id='block_1_53' title="bbox 382 3511 1961 3588">
    <p class='ocr_par' dir='ltr' id='par_1_53' title="bbox 382 3511 1961 3588">
     <span class='ocr_line' id='line_1_53' title="bbox 382 3511 1961 3588; baseline -0.001 -18"><span class='ocrx_word' id='word_1_418' title='bbox 382 3511 629 3571; x_wconf 78' lang='lat' dir='ltr'><strong>Verbum</strong></span> <span class='ocrx_word' id='word_1_419' title='bbox 662 3528 1035 3588; x_wconf 63' lang='lat' dir='ltr'><strong>aeternumque</strong></span> <span class='ocrx_word' id='word_1_420' title='bbox 1061 3532 1184 3572; x_wconf 91' lang='lat' dir='ltr'><strong>esse</strong></span> <span class='ocrx_word' id='word_1_421' title='bbox 1208 3516 1430 3584; x_wconf 89' lang='lat' dir='ltr'><strong>Filium,</strong></span> <span class='ocrx_word' id='word_1_422' title='bbox 1452 3516 1546 3586; x_wconf 90' lang='lat' dir='ltr'><strong>qui</strong></span> <span class='ocrx_word' id='word_1_423' title='bbox 1564 3515 1633 3570; x_wconf 90' lang='lat' dir='ltr'><strong>ob</strong></span> <span class='ocrx_word' id='word_1_424' title='bbox 1654 3530 1807 3569; x_wconf 88' lang='lat' dir='ltr'><strong>suam</strong></span> <span class='ocrx_word' id='word_1_425' title='bbox 1839 3514 1961 3585; x_wconf 91' lang='lat' dir='ltr'><strong>qui-</strong></span> 
     </span>
    </p>
   </div>
   <div class='ocr_carea' id='block_1_54' title="bbox 378 3605 1965 3678">
    <p class='ocr_par' dir='ltr' id='par_1_54' title="bbox 378 3605 1965 3678">
     <span class='ocr_line' id='line_1_54' title="bbox 378 3605 1965 3678; baseline -0.002 -15"><span class='ocrx_word' id='word_1_426' title='bbox 378 3608 507 3664; x_wconf 90' lang='lat' dir='ltr'><strong>dem</strong></span> <span class='ocrx_word' id='word_1_427' title='bbox 539 3625 663 3666; x_wconf 89' lang='lat' dir='ltr'><strong>cum</strong></span> <span class='ocrx_word' id='word_1_428' title='bbox 699 3607 860 3667; x_wconf 84' lang='lat' dir='ltr'><strong>Patre</strong></span> <span class='ocrx_word' id='word_1_429' title='bbox 888 3609 1300 3665; x_wconf 90' lang='lat' dir='ltr'><strong>similitudinem</strong></span> <span class='ocrx_word' id='word_1_430' title='bbox 1328 3624 1541 3678; x_wconf 84' lang='lat' dir='ltr'><strong>semper</strong></span> <span class='ocrx_word' id='word_1_431' title='bbox 1565 3608 1725 3662; x_wconf 86' lang='lat' dir='ltr'><strong>habet</strong></span> <span class='ocrx_word' id='word_1_432' title='bbox 1753 3622 1875 3678; x_wconf 85' lang='lat' dir='ltr'><strong>quae</strong></span> <span class='ocrx_word' id='word_1_433' title='bbox 1896 3605 1965 3661; x_wconf 89' lang='lat' dir='ltr'><strong>ab</strong></span> 
     </span>
    </p>
   </div>
   <div class='ocr_carea' id='block_1_55' title="bbox 368 3701 1962 3775">
    <p class='ocr_par' dir='ltr' id='par_1_55' title="bbox 368 3701 1962 3775">
     <span class='ocr_line' id='line_1_55' title="bbox 368 3701 1962 3775; baseline -0.003 -16"><span class='ocrx_word' id='word_1_434' title='bbox 368 3719 449 3759; x_wconf 79' lang='lat' dir='ltr'><strong>eo</strong></span> <span class='ocrx_word' id='word_1_435' title='bbox 482 3704 676 3771; x_wconf 87' lang='lat' dir='ltr'><strong>habet;</strong></span> <span class='ocrx_word' id='word_1_436' title='bbox 705 3705 833 3775; x_wconf 90' lang='lat' dir='ltr'><strong>quia</strong></span> <span class='ocrx_word' id='word_1_437' title='bbox 861 3719 992 3760; x_wconf 79' lang='lat' dir='ltr'><strong>vero</strong></span> <span class='ocrx_word' id='word_1_438' title='bbox 1024 3703 1198 3758; x_wconf 90' lang='lat' dir='ltr'><strong>Filius</strong></span> <span class='ocrx_word' id='word_1_439' title='bbox 1223 3703 1363 3757; x_wconf 82' lang='lat' dir='ltr'><strong>idem</strong></span> <span class='ocrx_word' id='word_1_440' title='bbox 1392 3702 1507 3773; x_wconf 91' lang='lat' dir='ltr'><strong>ipse</strong></span> <span class='ocrx_word' id='word_1_441' title='bbox 1537 3709 1638 3768; x_wconf 90' lang='lat' dir='ltr'><strong>est,</strong></span> <span class='ocrx_word' id='word_1_442' title='bbox 1668 3701 1871 3755; x_wconf 91' lang='lat' dir='ltr'><strong>idcirco</strong></span> <span class='ocrx_word' id='word_1_443' title='bbox 1896 3715 1962 3755; x_wconf 79' lang='lat' dir='ltr'><strong>ex</strong></span> 
     </span>
    </p>
   </div>
   <div class='ocr_carea' id='block_1_56' title="bbox 379 3789 1962 3867">
    <p class='ocr_par' dir='ltr' id='par_1_56' title="bbox 379 3789 1962 3867">
     <span class='ocr_line' id='line_1_56' title="bbox 379 3789 1962 3867; baseline -0.003 -19"><span class='ocrx_word' id='word_1_444' title='bbox 379 3793 544 3852; x_wconf 84' lang='lat' dir='ltr'><strong>Patre</strong></span> <span class='ocrx_word' id='word_1_445' title='bbox 585 3795 751 3851; x_wconf 84' lang='lat' dir='ltr'><strong>habet</strong></span> <span class='ocrx_word' id='word_1_446' title='bbox 792 3810 924 3867; x_wconf 70' lang='lat' dir='ltr'><strong>quae</strong></span> <span class='ocrx_word' id='word_1_447' title='bbox 962 3809 1177 3865; x_wconf 89' lang='lat' dir='ltr'><strong>semper</strong></span> <span class='ocrx_word' id='word_1_448' title='bbox 1231 3794 1413 3848; x_wconf 86' lang='lat' dir='ltr'><strong>habet.</strong></span> <span class='ocrx_word' id='word_1_449' title='bbox 1457 3792 1613 3859; x_wconf 87' lang='lat' dir='ltr'><strong>Quod</strong></span> <span class='ocrx_word' id='word_1_450' title='bbox 1658 3791 1803 3847; x_wconf 91' lang='lat' dir='ltr'><strong>enim</strong></span> <span class='ocrx_word' id='word_1_451' title='bbox 1846 3789 1962 3845; x_wconf 77' lang='lat' dir='ltr'><strong>haec</strong></span> 
     </span>
    </p>
   </div>
   <div class='ocr_carea' id='block_1_57' title="bbox 380 3881 1959 3955">
    <p class='ocr_par' dir='ltr' id='par_1_57' title="bbox 380 3881 1959 3955">
     <span class='ocr_line' id='line_1_57' title="bbox 380 3881 1959 3955; baseline -0.002 -16"><span class='ocrx_word' id='word_1_452' title='bbox 380 3887 569 3954; x_wconf 77' lang='lat' dir='ltr'><strong>verba,</strong></span> <span class='ocrx_word' id='word_1_453' title='bbox 600 3888 732 3941; x_wconf 87' lang='lat' dir='ltr'><strong>data</strong></span> <span class='ocrx_word' id='word_1_454' title='bbox 769 3896 870 3954; x_wconf 80' lang='lat' dir='ltr'><strong>est,</strong></span> <span class='ocrx_word' id='word_1_455' title='bbox 905 3887 1108 3940; x_wconf 82' lang='lat' dir='ltr'><strong>tradita</strong></span> <span class='ocrx_word' id='word_1_456' title='bbox 1151 3896 1294 3950; x_wconf 75' lang='lat' dir='ltr'><strong>sunt,</strong></span> <span class='ocrx_word' id='word_1_457' title='bbox 1323 3884 1539 3955; x_wconf 86' lang='lat' dir='ltr'><strong>aliaque</strong></span> <span class='ocrx_word' id='word_1_458' title='bbox 1576 3882 1797 3949; x_wconf 84' lang='lat' dir='ltr'><strong>similia,</strong></span> <span class='ocrx_word' id='word_1_459' title='bbox 1836 3881 1959 3936; x_wconf 88' lang='lat' dir='ltr'><strong>Filii</strong></span> 
     </span>
    </p>
   </div>
   <div class='ocr_carea' id='block_1_58' title="bbox 376 3973 1960 4046">
    <p class='ocr_par' dir='ltr' id='par_1_58' title="bbox 376 3973 1960 4046">
     <span class='ocr_line' id='line_1_58' title="bbox 376 3973 1960 4046; baseline -0.004 -12"><span class='ocrx_word' id='word_1_460' title='bbox 376 3979 719 4035; x_wconf 80' lang='lat' dir='ltr'><strong>divinitatem</strong></span> <span class='ocrx_word' id='word_1_461' title='bbox 760 3993 870 4033; x_wconf 91' lang='lat' dir='ltr'><strong>non</strong></span> <span class='ocrx_word' id='word_1_462' title='bbox 892 3979 1167 4042; x_wconf 84' lang='lat' dir='ltr'><strong>minuant,</strong></span> <span class='ocrx_word' id='word_1_463' title='bbox 1207 3978 1300 4033; x_wconf 88' lang='lat' dir='ltr'><strong>sed</strong></span> <span class='ocrx_word' id='word_1_464' title='bbox 1335 3979 1519 4046; x_wconf 89' lang='lat' dir='ltr'><strong>potius</strong></span> <span class='ocrx_word' id='word_1_465' title='bbox 1557 3991 1681 4033; x_wconf 92' lang='lat' dir='ltr'><strong>eum</strong></span> <span class='ocrx_word' id='word_1_466' title='bbox 1710 3989 1836 4031; x_wconf 79' lang='lat' dir='ltr'><strong>vere</strong></span> <span class='ocrx_word' id='word_1_467' title='bbox 1870 3973 1960 4028; x_wconf 90' lang='lat' dir='ltr'><strong>Fi-</strong></span> 
     </span>
    </p>
   </div>
   <div class='ocr_carea' id='block_1_59' title="bbox 379 4067 1959 4141">
    <p class='ocr_par' dir='ltr' id='par_1_59' title="bbox 379 4067 1959 4141">
     <span class='ocr_line' id='line_1_59' title="bbox 379 4067 1959 4141; baseline -0.003 -16"><span class='ocrx_word' id='word_1_468' title='bbox 379 4071 513 4125; x_wconf 92' lang='lat' dir='ltr'><strong>lium</strong></span> <span class='ocrx_word' id='word_1_469' title='bbox 536 4087 659 4128; x_wconf 88' lang='lat' dir='ltr'><strong>esse</strong></span> <span class='ocrx_word' id='word_1_470' title='bbox 690 4080 1013 4141; x_wconf 84' lang='lat' dir='ltr'><strong>argumento</strong></span> <span class='ocrx_word' id='word_1_471' title='bbox 1042 4071 1176 4135; x_wconf 90' lang='lat' dir='ltr'><strong>sint,</strong></span> <span class='ocrx_word' id='word_1_472' title='bbox 1214 4085 1279 4125; x_wconf 82' lang='lat' dir='ltr'><strong>ex</strong></span> <span class='ocrx_word' id='word_1_473' title='bbox 1314 4069 1507 4124; x_wconf 89' lang='lat' dir='ltr'><strong>iisdem</strong></span> <span class='ocrx_word' id='word_1_474' title='bbox 1542 4069 1650 4124; x_wconf 90' lang='lat' dir='ltr'><strong>illis</strong></span> <span class='ocrx_word' id='word_1_475' title='bbox 1676 4067 1959 4124; x_wconf 84' lang='lat' dir='ltr'><strong>vocabulis</strong></span> 
     </span>
    </p>
   </div>
   <div class='ocr_carea' id='block_1_60' title="bbox 375 4158 1952 4229">
    <p class='ocr_par' dir='ltr' id='par_1_60' title="bbox 375 4158 1952 4229">
     <span class='ocr_line' id='line_1_60' title="bbox 375 4158 1952 4229; baseline -0.003 -14"><span class='ocrx_word' id='word_1_476' title='bbox 375 4160 506 4216; x_wconf 84' lang='lat' dir='ltr'><strong>licet</strong></span> <span class='ocrx_word' id='word_1_477' title='bbox 523 4160 755 4217; x_wconf 88' lang='lat' dir='ltr'><strong>discere.</strong></span> <span class='ocrx_word' id='word_1_478' title='bbox 773 4159 908 4216; x_wconf 85' lang='lat' dir='ltr'><strong>Nam</strong></span> <span class='ocrx_word' id='word_1_479' title='bbox 930 4162 976 4217; x_wconf 90' lang='lat' dir='ltr'><strong>si</strong></span> <span class='ocrx_word' id='word_1_480' title='bbox 996 4161 1181 4217; x_wconf 89' lang='lat' dir='ltr'><strong>omnia</strong></span> <span class='ocrx_word' id='word_1_481' title='bbox 1207 4161 1286 4214; x_wconf 88' lang='lat' dir='ltr'><strong>illi</strong></span> <span class='ocrx_word' id='word_1_482' title='bbox 1310 4161 1505 4215; x_wconf 89' lang='lat' dir='ltr'><strong>tradita</strong></span> <span class='ocrx_word' id='word_1_483' title='bbox 1528 4167 1678 4222; x_wconf 86' lang='lat' dir='ltr'><strong>sunt,</strong></span> <span class='ocrx_word' id='word_1_484' title='bbox 1714 4158 1952 4229; x_wconf 87' lang='lat' dir='ltr'><strong>primum</strong></span> 
     </span>
    </p>
   </div>
   <div class='ocr_carea' id='block_1_61' title="bbox 446 4315 3148 4388">
    <p class='ocr_par' dir='ltr' id='par_1_61' title="bbox 446 4315 3148 4388">
     <span class='ocr_line' id='line_1_61' title="bbox 446 4315 3148 4388; baseline 0 -13"><span class='ocrx_word' id='word_1_485' title='bbox 446 4320 499 4355; x_wconf 64' lang='grc' dir='ltr'><strong>⁹³ι</strong></span> <span class='ocrx_word' id='word_1_486' title='bbox 529 4321 551 4375; x_wconf 86' lang='grc' dir='ltr'>Ι</span> <span class='ocrx_word' id='word_1_487' title='bbox 581 4320 710 4376; x_wconf 88' lang='lat' dir='ltr'><strong>Cor.</strong></span> <span class='ocrx_word' id='word_1_488' title='bbox 740 4337 779 4386; x_wconf 83' lang='grc' dir='ltr'><strong>ι,</strong></span> <span class='ocrx_word' id='word_1_489' title='bbox 812 4319 1028 4375; x_wconf 54' lang='lat'><strong>251&quot;“</strong></span> <span class='ocrx_word' id='word_1_490' title='bbox 1063 4319 1222 4375; x_wconf 88' lang='lat' dir='ltr'><strong>Joan.</strong></span> <span class='ocrx_word' id='word_1_491' title='bbox 1257 4335 1340 4384; x_wconf 87' lang='lat' dir='ltr'><strong>Ill,</strong></span> <span class='ocrx_word' id='word_1_492' title='bbox 1372 4319 1462 4377; x_wconf 80' lang='grc'>55.</span> <span class='ocrx_word' id='word_1_493' title='bbox 1520 4319 1567 4351; x_wconf 79' lang='grc'><strong>⁸³</strong></span> <span class='ocrx_word' id='word_1_494' title='bbox 1607 4318 1793 4373; x_wconf 84' lang='lat' dir='ltr'><strong>Matth.</strong></span> <span class='ocrx_word' id='word_1_495' title='bbox 1833 4333 1907 4388; x_wconf 63' lang='lat' dir='ltr'><strong>si,</strong></span> <span class='ocrx_word' id='word_1_496' title='bbox 1940 4316 2030 4371; x_wconf 71' lang='lat'><strong>27.</strong></span> <span class='ocrx_word' id='word_1_497' title='bbox 2105 4317 2154 4348; x_wconf 81' lang='lat'><strong>&quot;</strong></span> <span class='ocrx_word' id='word_1_498' title='bbox 2189 4315 2351 4373; x_wconf 87' lang='lat' dir='ltr'><strong>Joan.</strong></span> <span class='ocrx_word' id='word_1_499' title='bbox 2378 4333 2433 4382; x_wconf 92' lang='lat' dir='ltr'><strong>v,</strong></span> <span class='ocrx_word' id='word_1_500' title='bbox 2466 4316 2556 4371; x_wconf 82' lang='lat'><strong>&#39;50.</strong></span> <span class='ocrx_word' id='word_1_501' title='bbox 2633 4316 2679 4350; x_wconf 85' lang='lat'><strong><em>&quot;&#39;</em></strong></span> <span class='ocrx_word' id='word_1_502' title='bbox 2715 4315 2875 4374; x_wconf 85' lang='lat' dir='ltr'><strong>Joan.</strong></span> <span class='ocrx_word' id='word_1_503' title='bbox 2914 4335 3027 4388; x_wconf 78' lang='lat' dir='ltr'><strong>xvr,</strong></span> <span class='ocrx_word' id='word_1_504' title='bbox 3063 4320 3148 4376; x_wconf 77' lang='lat' dir='ltr'><strong>i5.</strong></span> 
     </span>
    </p>
   </div>
   <div class='ocr_carea' id='block_1_62' title="bbox 2085 1952 3665 2034">
    <p class='ocr_par' dir='ltr' id='par_1_62' title="bbox 2085 1952 3665 2034">
     <span class='ocr_line' id='line_1_62' title="bbox 2085 1952 3665 2034; baseline 0.006 -27"><span class='ocrx_word' id='word_1_505' title='bbox 2085 1952 2194 2026; x_wconf 77' lang='grc' dir='ltr'>γὰρ</span> <span class='ocrx_word' id='word_1_506' title='bbox 2215 1954 2251 2009; x_wconf 76' lang='grc' dir='ltr'>ἃ</span> <span class='ocrx_word' id='word_1_507' title='bbox 2275 1954 2387 2027; x_wconf 80' lang='grc' dir='ltr'><strong>ἔχει</strong></span> <span class='ocrx_word' id='word_1_508' title='bbox 2410 1959 2438 2010; x_wconf 88' lang='lat'><strong>6</strong></span> <span class='ocrx_word' id='word_1_509' title='bbox 2470 1958 2682 2030; x_wconf 78' lang='grc' dir='ltr'>Πατὴρ,</span> <span class='ocrx_word' id='word_1_510' title='bbox 2722 1961 2821 2013; x_wconf 81' lang='grc' dir='ltr'>οὐκ</span> <span class='ocrx_word' id='word_1_511' title='bbox 2855 1956 2998 2031; x_wconf 78' lang='grc' dir='ltr'>εἶχεν</span> <span class='ocrx_word' id='word_1_512' title='bbox 3055 1962 3237 2027; x_wconf 83' lang='grc' dir='ltr'><strong>ἁῐδίως</strong></span> <span class='ocrx_word' id='word_1_513' title='bbox 3286 1965 3314 2015; x_wconf 97' lang='lat'><strong>6</strong></span> <span class='ocrx_word' id='word_1_514' title='bbox 3356 1964 3515 2034; x_wconf 83' lang='grc' dir='ltr'>μόνος</span> <span class='ocrx_word' id='word_1_515' title='bbox 3543 1965 3665 2017; x_wconf 75' lang='grc' dir='ltr'>κατ’</span> 
     </span>
    </p>
   </div>
   <div class='ocr_carea' id='block_1_63' title="bbox 2082 2044 3666 2123">
    <p class='ocr_par' dir='ltr' id='par_1_63' title="bbox 2082 2044 3666 2123">
     <span class='ocr_line' id='line_1_63' title="bbox 2082 2044 3666 2123; baseline 0.006 -27"><span class='ocrx_word' id='word_1_516' title='bbox 2082 2044 2270 2099; x_wconf 82' lang='grc' dir='ltr'>οὐσίαν</span> <span class='ocrx_word' id='word_1_517' title='bbox 2299 2045 2392 2099; x_wconf 79' lang='grc' dir='ltr'><strong>τοῦ</strong></span> <span class='ocrx_word' id='word_1_518' title='bbox 2427 2047 2640 2120; x_wconf 82' lang='grc' dir='ltr'>Πατρὸς</span> <span class='ocrx_word' id='word_1_519' title='bbox 2660 2049 2834 2118; x_wconf 80' lang='grc' dir='ltr'><strong>Λόγος</strong></span> <span class='ocrx_word' id='word_1_520' title='bbox 2863 2050 2958 2104; x_wconf 69' lang='grc' dir='ltr'><strong>καὶ</strong></span> <span class='ocrx_word' id='word_1_521' title='bbox 2979 2052 3168 2121; x_wconf 78' lang='grc' dir='ltr'>Σοφία,</span> <span class='ocrx_word' id='word_1_522' title='bbox 3206 2054 3234 2106; x_wconf 91' lang='lat'><strong>6</strong></span> <span class='ocrx_word' id='word_1_523' title='bbox 3282 2052 3394 2123; x_wconf 84' lang='lat'><strong>(50)</strong></span> <span class='ocrx_word' id='word_1_524' title='bbox 3444 2054 3537 2106; x_wconf 81' lang='grc' dir='ltr'><strong>καὶ</strong></span> <span class='ocrx_word' id='word_1_525' title='bbox 3578 2051 3666 2105; x_wconf 83' lang='grc' dir='ltr'><strong>λέ-</strong></span> 
     </span>
    </p>
   </div>
   <div class='ocr_carea' id='block_1_64' title="bbox 2082 2136 3664 2210">
    <p class='ocr_par' dir='ltr' id='par_1_64' title="bbox 2082 2136 3664 2210">
     <span class='ocr_line' id='line_1_64' title="bbox 2082 2136 3664 2210; baseline 0.004 -22"><span class='ocrx_word' id='word_1_526' title='bbox 2082 2151 2195 2203; x_wconf 83' lang='grc' dir='ltr'><strong>γων</strong></span> <span class='ocrx_word' id='word_1_527' title='bbox 2214 2150 2229 2164; x_wconf 68' lang='grc' dir='ltr'><strong>θ</strong></span> <span class='ocrx_word' id='word_1_528' title='bbox 2256 2136 2461 2190; x_wconf 81' lang='grc' dir='ltr'><em>Πάντα</em></span> <span class='ocrx_word' id='word_1_529' title='bbox 2481 2137 2598 2192; x_wconf 86' lang='grc' dir='ltr'>ὅσα</span> <span class='ocrx_word' id='word_1_530' title='bbox 2625 2138 2752 2207; x_wconf 75' lang='grc' dir='ltr'><strong>ἔχει</strong></span> <span class='ocrx_word' id='word_1_531' title='bbox 2780 2144 2812 2193; x_wconf 85' lang='grc' dir='ltr'><strong>ό</strong></span> <span class='ocrx_word' id='word_1_532' title='bbox 2838 2140 3058 2210; x_wconf 81' lang='grc' dir='ltr'>Πατὴρ,</span> <span class='ocrx_word' id='word_1_533' title='bbox 3094 2142 3207 2210; x_wconf 78' lang='grc' dir='ltr'><strong>ἐμὰ</strong></span> <span class='ocrx_word' id='word_1_534' title='bbox 3241 2142 3400 2196; x_wconf 81' lang='grc' dir='ltr'>ἐστι’</span> <span class='ocrx_word' id='word_1_535' title='bbox 3433 2142 3547 2206; x_wconf 72' lang='grc' dir='ltr'>καὶ,</span> <span class='ocrx_word' id='word_1_536' title='bbox 3593 2141 3664 2195; x_wconf 71' lang='grc' dir='ltr'>τὰ</span> 
     </span>
    </p>
   </div>
   <div class='ocr_carea' id='block_1_65' title="bbox 2082 2226 3663 2304">
    <p class='ocr_par' dir='ltr' id='par_1_65' title="bbox 2082 2226 3663 2304">
     <span class='ocr_line' id='line_1_65' title="bbox 2082 2226 3663 2304; baseline 0.004 -25"><span class='ocrx_word' id='word_1_537' title='bbox 2082 2226 2190 2297; x_wconf 76' lang='grc' dir='ltr'>ἐμὰ</span> <span class='ocrx_word' id='word_1_538' title='bbox 2216 2228 2310 2281; x_wconf 79' lang='grc' dir='ltr'>τοῦ</span> <span class='ocrx_word' id='word_1_539' title='bbox 2346 2229 2561 2302; x_wconf 81' lang='grc' dir='ltr'><strong>Πατρός</strong></span> <span class='ocrx_word' id='word_1_540' title='bbox 2606 2231 2783 2293; x_wconf 80' lang='grc' dir='ltr'>ἐστινς</span> <span class='ocrx_word' id='word_1_541' title='bbox 2825 2232 2887 2284; x_wconf 79' lang='grc' dir='ltr'><strong>Εἰ</strong></span> <span class='ocrx_word' id='word_1_542' title='bbox 2915 2234 3022 2303; x_wconf 83' lang='grc' dir='ltr'><strong>γὰρ</strong></span> <span class='ocrx_word' id='word_1_543' title='bbox 3066 2233 3136 2286; x_wconf 80' lang='grc' dir='ltr'>τὰ</span> <span class='ocrx_word' id='word_1_544' title='bbox 3190 2231 3285 2286; x_wconf 79' lang='grc' dir='ltr'><strong>τοῦ</strong></span> <span class='ocrx_word' id='word_1_545' title='bbox 3333 2233 3543 2304; x_wconf 82' lang='grc' dir='ltr'>Πατρὺς</span> <span class='ocrx_word' id='word_1_546' title='bbox 3567 2232 3663 2286; x_wconf 70' lang='grc' dir='ltr'><strong>τοῦ</strong></span> 
     </span>
    </p>
   </div>
   <div class='ocr_carea' id='block_1_66' title="bbox 2081 2320 3661 2397">
    <p class='ocr_par' dir='ltr' id='par_1_66' title="bbox 2081 2320 3661 2397">
     <span class='ocr_line' id='line_1_66' title="bbox 2081 2320 3661 2397; baseline 0.004 -24"><span class='ocrx_word' id='word_1_547' title='bbox 2081 2320 2213 2374; x_wconf 76' lang='grc' dir='ltr'>Υἱοῢ</span> <span class='ocrx_word' id='word_1_548' title='bbox 2244 2322 2409 2387; x_wconf 78' lang='grc' dir='ltr'>ἐστιν,</span> <span class='ocrx_word' id='word_1_549' title='bbox 2432 2322 2519 2375; x_wconf 72' lang='grc' dir='ltr'><strong>ἀεὶ</strong></span> <span class='ocrx_word' id='word_1_550' title='bbox 2564 2323 2623 2375; x_wconf 84' lang='grc' dir='ltr'>δὲ</span> <span class='ocrx_word' id='word_1_551' title='bbox 2667 2322 2841 2377; x_wconf 80' lang='grc' dir='ltr'>ταῦτα</span> <span class='ocrx_word' id='word_1_552' title='bbox 2880 2324 2994 2395; x_wconf 76' lang='grc' dir='ltr'>ἔχει</span> <span class='ocrx_word' id='word_1_553' title='bbox 3035 2326 3064 2377; x_wconf 92' lang='lat'><strong>6</strong></span> <span class='ocrx_word' id='word_1_554' title='bbox 3113 2326 3322 2397; x_wconf 81' lang='grc' dir='ltr'>Πατὴρ,</span> <span class='ocrx_word' id='word_1_555' title='bbox 3352 2325 3513 2395; x_wconf 82' lang='grc' dir='ltr'>δῆλον</span> <span class='ocrx_word' id='word_1_556' title='bbox 3546 2325 3661 2395; x_wconf 76' lang='lat' dir='ltr'><strong>(Si)</strong></span> 
     </span>
    </p>
   </div>
   <div class='ocr_carea' id='block_1_67' title="bbox 2079 2412 3662 2490">
    <p class='ocr_par' dir='ltr' id='par_1_67' title="bbox 2079 2412 3662 2490">
     <span class='ocr_line' id='line_1_67' title="bbox 2079 2412 3662 2490; baseline 0.002 -25"><span class='ocrx_word' id='word_1_557' title='bbox 2079 2414 2160 2466; x_wconf 82' lang='grc' dir='ltr'>ὅτι</span> <span class='ocrx_word' id='word_1_558' title='bbox 2193 2412 2229 2466; x_wconf 77' lang='grc' dir='ltr'>ἃ</span> <span class='ocrx_word' id='word_1_559' title='bbox 2261 2412 2375 2483; x_wconf 79' lang='grc' dir='ltr'>ἔχει</span> <span class='ocrx_word' id='word_1_560' title='bbox 2407 2416 2435 2466; x_wconf 89' lang='lat'><strong>6</strong></span> <span class='ocrx_word' id='word_1_561' title='bbox 2462 2413 2609 2479; x_wconf 82' lang='grc' dir='ltr'>Υἱὸς,</span> <span class='ocrx_word' id='word_1_562' title='bbox 2651 2414 2825 2469; x_wconf 79' lang='grc' dir='ltr'>ταῦτα</span> <span class='ocrx_word' id='word_1_563' title='bbox 2857 2416 2985 2470; x_wconf 75' lang='grc' dir='ltr'>ὄντα</span> <span class='ocrx_word' id='word_1_564' title='bbox 3013 2416 3107 2470; x_wconf 80' lang='grc' dir='ltr'><strong>τοῦ</strong></span> <span class='ocrx_word' id='word_1_565' title='bbox 3138 2415 3372 2490; x_wconf 62' lang='grc' dir='ltr'>Πατρός,</span> <span class='ocrx_word' id='word_1_566' title='bbox 3394 2417 3480 2471; x_wconf 82' lang='grc' dir='ltr'><strong>ἀεί</strong></span> <span class='ocrx_word' id='word_1_567' title='bbox 3511 2418 3662 2469; x_wconf 76' lang='grc' dir='ltr'>ἐστιν</span> 
     </span>
    </p>
   </div>
   <div class='ocr_carea' id='block_1_68' title="bbox 2077 2503 3661 2578">
    <p class='ocr_par' dir='ltr' id='par_1_68' title="bbox 2077 2503 3661 2578">
     <span class='ocr_line' id='line_1_68' title="bbox 2077 2503 3661 2578; baseline 0.004 -23"><span class='ocrx_word' id='word_1_568' title='bbox 2077 2505 2136 2555; x_wconf 80' lang='grc' dir='ltr'>ἐν</span> <span class='ocrx_word' id='word_1_569' title='bbox 2160 2503 2326 2575; x_wconf 79' lang='grc' dir='ltr'>αὐτῷ.</span> <span class='ocrx_word' id='word_1_570' title='bbox 2362 2505 2437 2557; x_wconf 80' lang='grc' dir='ltr'><strong>Οὐ</strong></span> <span class='ocrx_word' id='word_1_571' title='bbox 2482 2504 2569 2558; x_wconf 79' lang='grc' dir='ltr'>διὰ</span> <span class='ocrx_word' id='word_1_572' title='bbox 2606 2505 2667 2558; x_wconf 83' lang='grc' dir='ltr'>τὸ</span> <span class='ocrx_word' id='word_1_573' title='bbox 2702 2507 2777 2577; x_wconf 82' lang='grc' dir='ltr'>μὴ</span> <span class='ocrx_word' id='word_1_574' title='bbox 2828 2507 3117 2578; x_wconf 74' lang='grc' dir='ltr'><strong>ἐσχηκέναι</strong></span> <span class='ocrx_word' id='word_1_575' title='bbox 3166 2507 3260 2562; x_wconf 72' lang='grc' dir='ltr'>οὖν</span> <span class='ocrx_word' id='word_1_576' title='bbox 3308 2525 3436 2561; x_wconf 83' lang='grc' dir='ltr'>ποτε</span> <span class='ocrx_word' id='word_1_577' title='bbox 3486 2507 3661 2561; x_wconf 79' lang='grc' dir='ltr'>ταῦτα</span> 
     </span>
    </p>
   </div>
   <div class='ocr_carea' id='block_1_69' title="bbox 2076 2595 3660 2672">
    <p class='ocr_par' dir='ltr' id='par_1_69' title="bbox 2076 2595 3660 2672">
     <span class='ocr_line' id='line_1_69' title="bbox 2076 2595 3660 2672; baseline 0.003 -25"><span class='ocrx_word' id='word_1_578' title='bbox 2076 2595 2279 2664; x_wconf 73' lang='grc' dir='ltr'><strong>ἔλεγενο</strong></span> <span class='ocrx_word' id='word_1_579' title='bbox 2312 2596 2426 2650; x_wconf 80' lang='grc' dir='ltr'>ἀλλ’</span> <span class='ocrx_word' id='word_1_580' title='bbox 2448 2597 2477 2650; x_wconf 83' lang='grc' dir='ltr'><strong>ὃ</strong></span> <span class='ocrx_word' id='word_1_581' title='bbox 2510 2598 2649 2668; x_wconf 73' lang='grc' dir='ltr'>ἔχων</span> <span class='ocrx_word' id='word_1_582' title='bbox 2676 2600 2860 2664; x_wconf 79' lang='grc' dir='ltr'><strong>ἁῖδίως</strong></span> <span class='ocrx_word' id='word_1_583' title='bbox 2895 2603 2924 2653; x_wconf 89' lang='lat'><strong>6</strong></span> <span class='ocrx_word' id='word_1_584' title='bbox 2947 2600 3077 2663; x_wconf 81' lang='grc' dir='ltr'>Υἱὸς</span> <span class='ocrx_word' id='word_1_585' title='bbox 3116 2599 3152 2654; x_wconf 78' lang='grc' dir='ltr'><strong>ἃ</strong></span> <span class='ocrx_word' id='word_1_586' title='bbox 3192 2599 3304 2672; x_wconf 81' lang='grc' dir='ltr'>ἔχει</span> <span class='ocrx_word' id='word_1_587' title='bbox 3336 2600 3473 2672; x_wconf 74' lang='grc'>(52),</span> <span class='ocrx_word' id='word_1_588' title='bbox 3506 2599 3660 2670; x_wconf 77' lang='grc' dir='ltr'>παρὰ</span> 
     </span>
    </p>
   </div>
   <div class='ocr_carea' id='block_1_70' title="bbox 2073 2684 2576 2757">
    <p class='ocr_par' dir='ltr' id='par_1_70' title="bbox 2073 2684 2576 2757">
     <span class='ocr_line' id='line_1_70' title="bbox 2073 2684 2576 2757; baseline 0.006 -19"><span class='ocrx_word' id='word_1_589' title='bbox 2073 2684 2168 2738; x_wconf 82' lang='grc' dir='ltr'><strong>τοῦ</strong></span> <span class='ocrx_word' id='word_1_590' title='bbox 2197 2685 2410 2757; x_wconf 80' lang='grc' dir='ltr'>Πατρὸς</span> <span class='ocrx_word' id='word_1_591' title='bbox 2444 2685 2576 2757; x_wconf 75' lang='grc' dir='ltr'>ἔχει.</span> 
     </span>
    </p>
   </div>
   <div class='ocr_carea' id='block_1_71' title="bbox 2142 2778 3662 2853">
    <p class='ocr_par' dir='ltr' id='par_1_71' title="bbox 2142 2778 3662 2853">
     <span class='ocr_line' id='line_1_71' title="bbox 2142 2778 3662 2853; baseline 0.001 -21"><span class='ocrx_word' id='word_1_592' title='bbox 2142 2778 2234 2833; x_wconf 78' lang='lat'><strong>36.</strong></span> <span class='ocrx_word' id='word_1_593' title='bbox 2299 2780 2413 2832; x_wconf 86' lang='grc' dir='ltr'>Ἵνα</span> <span class='ocrx_word' id='word_1_594' title='bbox 2463 2779 2572 2852; x_wconf 82' lang='grc' dir='ltr'><strong>γὰρ</strong></span> <span class='ocrx_word' id='word_1_595' title='bbox 2619 2781 2692 2852; x_wconf 87' lang='grc' dir='ltr'>μή</span> <span class='ocrx_word' id='word_1_596' title='bbox 2736 2798 2840 2848; x_wconf 88' lang='grc' dir='ltr'>τις,</span> <span class='ocrx_word' id='word_1_597' title='bbox 2895 2781 3106 2852; x_wconf 84' lang='grc' dir='ltr'>βλέπων</span> <span class='ocrx_word' id='word_1_598' title='bbox 3149 2782 3243 2836; x_wconf 82' lang='grc' dir='ltr'>τὸν</span> <span class='ocrx_word' id='word_1_599' title='bbox 3293 2782 3421 2836; x_wconf 82' lang='grc' dir='ltr'><strong>Υἱδν</strong></span> <span class='ocrx_word' id='word_1_600' title='bbox 3468 2781 3662 2853; x_wconf 75' lang='grc' dir='ltr'>ἔχοντα</span> 
     </span>
    </p>
   </div>
   <div class='ocr_carea' id='block_1_72' title="bbox 2073 2869 3659 2947">
    <p class='ocr_par' dir='ltr' id='par_1_72' title="bbox 2073 2869 3659 2947">
     <span class='ocr_line' id='line_1_72' title="bbox 2073 2869 3659 2947; baseline 0.004 -25"><span class='ocrx_word' id='word_1_601' title='bbox 2073 2869 2251 2923; x_wconf 82' lang='grc' dir='ltr'>πάντα</span> <span class='ocrx_word' id='word_1_602' title='bbox 2314 2871 2413 2924; x_wconf 86' lang='grc' dir='ltr'>ὅσα</span> <span class='ocrx_word' id='word_1_603' title='bbox 2465 2871 2576 2941; x_wconf 76' lang='grc' dir='ltr'>ἔχει</span> <span class='ocrx_word' id='word_1_604' title='bbox 2627 2873 2656 2924; x_wconf 89' lang='lat'><strong>6</strong></span> <span class='ocrx_word' id='word_1_605' title='bbox 2707 2873 2915 2944; x_wconf 81' lang='grc' dir='ltr'>Πατὴρ,</span> <span class='ocrx_word' id='word_1_606' title='bbox 2958 2877 3022 2927; x_wconf 85' lang='grc' dir='ltr'><strong>ὲκ</strong></span> <span class='ocrx_word' id='word_1_607' title='bbox 3076 2873 3176 2945; x_wconf 83' lang='grc' dir='ltr'>τῆς</span> <span class='ocrx_word' id='word_1_608' title='bbox 3236 2874 3659 2947; x_wconf 78' lang='grc' dir='ltr'>ἀπαραλλάκτου</span> 
     </span>
    </p>
   </div>
   <div class='ocr_carea' id='block_1_73' title="bbox 2071 2958 3661 3037">
    <p class='ocr_par' dir='ltr' id='par_1_73' title="bbox 2071 2958 3661 3037">
     <span class='ocr_line' id='line_1_73' title="bbox 2071 2958 3661 3037; baseline 0.003 -24"><span class='ocrx_word' id='word_1_609' title='bbox 2071 2961 2387 3033; x_wconf 84' lang='grc' dir='ltr'>ὁμοιότητος</span> <span class='ocrx_word' id='word_1_610' title='bbox 2431 2963 2526 3016; x_wconf 76' lang='grc' dir='ltr'>καὶ</span> <span class='ocrx_word' id='word_1_611' title='bbox 2571 2964 2899 3036; x_wconf 83' lang='grc' dir='ltr'>ταυτότητος</span> <span class='ocrx_word' id='word_1_612' title='bbox 2929 2966 3042 3035; x_wconf 78' lang='grc'>(55)</span> <span class='ocrx_word' id='word_1_613' title='bbox 3078 2958 3153 3019; x_wconf 83' lang='grc' dir='ltr'><strong>ὧν</strong></span> <span class='ocrx_word' id='word_1_614' title='bbox 3186 2965 3321 3037; x_wconf 81' lang='grc' dir='ltr'>ἔχει,</span> <span class='ocrx_word' id='word_1_615' title='bbox 3364 2964 3661 3035; x_wconf 81' lang='grc' dir='ltr'>πλανηθεὶς</span> 
     </span>
    </p>
   </div>
   <div class='ocr_carea' id='block_1_74' title="bbox 2071 3053 3659 3130">
    <p class='ocr_par' dir='ltr' id='par_1_74' title="bbox 2071 3053 3659 3130">
     <span class='ocr_line' id='line_1_74' title="bbox 2071 3053 3659 3130; baseline 0.003 -23"><span class='ocrx_word' id='word_1_616' title='bbox 2071 3053 2212 3108; x_wconf 82' lang='grc' dir='ltr'><strong>κατὰ</strong></span> <span class='ocrx_word' id='word_1_617' title='bbox 2239 3054 2527 3109; x_wconf 80' lang='grc' dir='ltr'>Σαϐἐλλιον</span> <span class='ocrx_word' id='word_1_618' title='bbox 2574 3056 2844 3130; x_wconf 78' lang='grc' dir='ltr'><strong>ἀσεϐήσῃ,</strong></span> <span class='ocrx_word' id='word_1_619' title='bbox 2892 3059 3120 3130; x_wconf 85' lang='grc' dir='ltr'>νομίσας</span> <span class='ocrx_word' id='word_1_620' title='bbox 3167 3057 3329 3113; x_wconf 77' lang='grc' dir='ltr'>αὐτὸν</span> <span class='ocrx_word' id='word_1_621' title='bbox 3389 3054 3528 3112; x_wconf 77' lang='grc' dir='ltr'>εἶναι</span> <span class='ocrx_word' id='word_1_622' title='bbox 3564 3059 3659 3111; x_wconf 63' lang='grc' dir='ltr'>τὸν</span> 
     </span>
    </p>
   </div>
   <div class='ocr_carea' id='block_1_75' title="bbox 2072 3145 3656 3229">
    <p class='ocr_par' dir='ltr' id='par_1_75' title="bbox 2072 3145 3656 3229">
     <span class='ocr_line' id='line_1_75' title="bbox 2072 3145 3656 3229; baseline 0.004 -31"><span class='ocrx_word' id='word_1_623' title='bbox 2072 3145 2312 3218; x_wconf 80' lang='grc' dir='ltr'>Πατέρα’</span> <span class='ocrx_word' id='word_1_624' title='bbox 2351 3146 2441 3199; x_wconf 83' lang='grc' dir='ltr'><strong>διὰ</strong></span> <span class='ocrx_word' id='word_1_625' title='bbox 2457 3146 2614 3200; x_wconf 83' lang='grc' dir='ltr'>τοῦτο</span> <span class='ocrx_word' id='word_1_626' title='bbox 2656 3147 2740 3212; x_wconf 85' lang='grc' dir='ltr'>τὸ,</span> <span class='ocrx_word' id='word_1_627' title='bbox 2779 3148 3113 3229; x_wconf 44' lang='grc' dir='ltr'>ἐδόθηρμοι,</span> <span class='ocrx_word' id='word_1_628' title='bbox 3170 3150 3370 3213; x_wconf 75' lang='grc' dir='ltr'>καὶτὸ,</span> <span class='ocrx_word' id='word_1_629' title='bbox 3409 3149 3656 3215; x_wconf 73' lang='grc' dir='ltr'>ἔλαϐον,</span> 
     </span>
    </p>
   </div>
   <div class='ocr_carea' id='block_1_76' title="bbox 1994 3207 3659 3313">
    <p class='ocr_par' dir='ltr' id='par_1_76' title="bbox 1994 3207 3659 3313">
     <span class='ocr_line' id='line_1_76' title="bbox 1994 3207 3659 3313; baseline 0.005 -24"><span class='ocrx_word' id='word_1_630' title='bbox 1994 3207 2036 3264; x_wconf 77' lang='lat' dir='ltr'><strong>C</strong></span> <span class='ocrx_word' id='word_1_631' title='bbox 2071 3237 2165 3290; x_wconf 76' lang='grc' dir='ltr'><strong>καὶ</strong></span> <span class='ocrx_word' id='word_1_632' title='bbox 2195 3207 2277 3301; x_wconf 58' lang='grc' dir='ltr'><strong>τό,</strong></span> <span class='ocrx_word' id='word_1_633' title='bbox 2313 3237 2614 3307; x_wconf 80' lang='grc' dir='ltr'><strong>παρεδόθη</strong></span> <span class='ocrx_word' id='word_1_634' title='bbox 2648 3207 2760 3310; x_wconf 62' lang='lat'><strong>(56)</strong></span> <span class='ocrx_word' id='word_1_635' title='bbox 2779 3256 2905 3308; x_wconf 84' lang='grc' dir='ltr'>μοι,</span> <span class='ocrx_word' id='word_1_636' title='bbox 2936 3207 3156 3312; x_wconf 48' lang='lat' dir='ltr'><strong>Erginva</strong></span> <span class='ocrx_word' id='word_1_637' title='bbox 3191 3241 3334 3313; x_wconf 83' lang='grc' dir='ltr'>ὑπὲρ</span> <span class='ocrx_word' id='word_1_638' title='bbox 3356 3207 3462 3294; x_wconf 40' lang='grc' dir='ltr'>,τοῦ</span> <span class='ocrx_word' id='word_1_639' title='bbox 3494 3207 3659 3313; x_wconf 73' lang='grc' dir='ltr'>μόνον</span> 
     </span>
    </p>
   </div>
   <div class='ocr_carea' id='block_1_77' title="bbox 2069 3327 3657 3407">
    <p class='ocr_par' dir='ltr' id='par_1_77' title="bbox 2069 3327 3657 3407">
     <span class='ocr_line' id='line_1_77' title="bbox 2069 3327 3657 3407; baseline 0.004 -26"><span class='ocrx_word' id='word_1_640' title='bbox 2069 3327 2238 3395; x_wconf 82' lang='grc' dir='ltr'>δεῖξαι</span> <span class='ocrx_word' id='word_1_641' title='bbox 2262 3330 2343 3384; x_wconf 83' lang='grc' dir='ltr'>ὅτι</span> <span class='ocrx_word' id='word_1_642' title='bbox 2364 3331 2465 3383; x_wconf 83' lang='grc' dir='ltr'>οὐκ</span> <span class='ocrx_word' id='word_1_643' title='bbox 2489 3329 2635 3384; x_wconf 76' lang='grc' dir='ltr'>ἔστιν</span> <span class='ocrx_word' id='word_1_644' title='bbox 2659 3331 2820 3395; x_wconf 69' lang='grc' dir='ltr'>αὐτὸς</span> <span class='ocrx_word' id='word_1_645' title='bbox 2848 3335 2875 3387; x_wconf 95' lang='lat'><strong>6</strong></span> <span class='ocrx_word' id='word_1_646' title='bbox 2908 3332 3117 3405; x_wconf 83' lang='grc' dir='ltr'>Πατὴρ,</span> <span class='ocrx_word' id='word_1_647' title='bbox 3149 3333 3285 3388; x_wconf 82' lang='grc' dir='ltr'><strong>ἀλλά</strong></span> <span class='ocrx_word' id='word_1_648' title='bbox 3324 3334 3418 3388; x_wconf 81' lang='grc' dir='ltr'>τοῦ</span> <span class='ocrx_word' id='word_1_649' title='bbox 3441 3334 3657 3407; x_wconf 69' lang='grc' dir='ltr'>Πατρός</span> 
     </span>
    </p>
   </div>
   <div class='ocr_carea' id='block_1_78' title="bbox 2068 3420 3657 3498">
    <p class='ocr_par' dir='ltr' id='par_1_78' title="bbox 2068 3420 3657 3498">
     <span class='ocr_line' id='line_1_78' title="bbox 2068 3420 3657 3498; baseline 0.004 -25"><span class='ocrx_word' id='word_1_650' title='bbox 2068 3422 2098 3473; x_wconf 88' lang='lat'><strong>6</strong></span> <span class='ocrx_word' id='word_1_651' title='bbox 2125 3420 2317 3491; x_wconf 79' lang='grc' dir='ltr'>Λόγος,</span> <span class='ocrx_word' id='word_1_652' title='bbox 2342 3422 2434 3476; x_wconf 74' lang='grc' dir='ltr'><strong>καὶ</strong></span> <span class='ocrx_word' id='word_1_653' title='bbox 2479 3425 2508 3476; x_wconf 89' lang='lat'><strong>6</strong></span> <span class='ocrx_word' id='word_1_654' title='bbox 2528 3423 2700 3487; x_wconf 75' lang='grc' dir='ltr'>ἀΐδιος</span> <span class='ocrx_word' id='word_1_655' title='bbox 2711 3423 2839 3487; x_wconf 83' lang='grc' dir='ltr'>Υἱός</span> <span class='ocrx_word' id='word_1_656' title='bbox 2862 3428 2999 3489; x_wconf 81' lang='grc' dir='ltr'>ἐστι,</span> <span class='ocrx_word' id='word_1_657' title='bbox 3033 3426 3121 3480; x_wconf 85' lang='grc' dir='ltr'><strong>διὰ</strong></span> <span class='ocrx_word' id='word_1_658' title='bbox 3149 3427 3247 3498; x_wconf 83' lang='grc' dir='ltr'>μὲν</span> <span class='ocrx_word' id='word_1_659' title='bbox 3273 3426 3372 3497; x_wconf 87' lang='grc' dir='ltr'>τὴν</span> <span class='ocrx_word' id='word_1_660' title='bbox 3400 3426 3657 3497; x_wconf 80' lang='grc' dir='ltr'>ὁμοιότη-</span> 
     </span>
    </p>
   </div>
   <div class='ocr_carea' id='block_1_79' title="bbox 2068 3512 3651 3592">
    <p class='ocr_par' dir='ltr' id='par_1_79' title="bbox 2068 3512 3651 3592">
     <span class='ocr_line' id='line_1_79' title="bbox 2068 3512 3651 3592; baseline 0.003 -26"><span class='ocrx_word' id='word_1_661' title='bbox 2068 3529 2138 3566; x_wconf 80' lang='grc' dir='ltr'><strong>τα</strong></span> <span class='ocrx_word' id='word_1_662' title='bbox 2163 3512 2257 3567; x_wconf 75' lang='grc' dir='ltr'><strong>τοῦ</strong></span> <span class='ocrx_word' id='word_1_663' title='bbox 2293 3515 2507 3587; x_wconf 82' lang='grc' dir='ltr'>Πατρὺς</span> <span class='ocrx_word' id='word_1_664' title='bbox 2532 3515 2672 3587; x_wconf 75' lang='grc' dir='ltr'>ἔχων</span> <span class='ocrx_word' id='word_1_665' title='bbox 2703 3516 2890 3581; x_wconf 80' lang='grc' dir='ltr'>ἀῖδίως</span> <span class='ocrx_word' id='word_1_666' title='bbox 2937 3518 3080 3590; x_wconf 75' lang='grc' dir='ltr'>ἅπερ</span> <span class='ocrx_word' id='word_1_667' title='bbox 3119 3518 3229 3589; x_wconf 82' lang='grc' dir='ltr'><strong>ἔχει</strong></span> <span class='ocrx_word' id='word_1_668' title='bbox 3282 3519 3410 3592; x_wconf 84' lang='grc' dir='ltr'>παρ’</span> <span class='ocrx_word' id='word_1_669' title='bbox 3457 3518 3651 3571; x_wconf 80' lang='grc' dir='ltr'>αὐτοῦ·</span> 
     </span>
    </p>
   </div>
   <div class='ocr_carea' id='block_1_80' title="bbox 2068 3604 3653 3682">
    <p class='ocr_par' dir='ltr' id='par_1_80' title="bbox 2068 3604 3653 3682">
     <span class='ocr_line' id='line_1_80' title="bbox 2068 3604 3653 3682; baseline 0.003 -23"><span class='ocrx_word' id='word_1_670' title='bbox 2068 3605 2157 3660; x_wconf 76' lang='grc' dir='ltr'><strong>διὰ</strong></span> <span class='ocrx_word' id='word_1_671' title='bbox 2187 3606 2243 3659; x_wconf 79' lang='grc' dir='ltr'><strong>δὲ</strong></span> <span class='ocrx_word' id='word_1_672' title='bbox 2269 3607 2331 3660; x_wconf 79' lang='grc' dir='ltr'>τὸ</span> <span class='ocrx_word' id='word_1_673' title='bbox 2353 3604 2492 3662; x_wconf 81' lang='grc' dir='ltr'>εἶναι</span> <span class='ocrx_word' id='word_1_674' title='bbox 2525 3609 2687 3663; x_wconf 82' lang='grc' dir='ltr'>αὑτὸν</span> <span class='ocrx_word' id='word_1_675' title='bbox 2717 3608 2844 3662; x_wconf 74' lang='grc' dir='ltr'>Υἰὸν</span> <span class='ocrx_word' id='word_1_676' title='bbox 2879 3609 3012 3682; x_wconf 76' lang='grc'>(55),</span> <span class='ocrx_word' id='word_1_677' title='bbox 3049 3613 3111 3663; x_wconf 85' lang='grc' dir='ltr'><strong>ὲκ</strong></span> <span class='ocrx_word' id='word_1_678' title='bbox 3158 3610 3254 3664; x_wconf 80' lang='grc' dir='ltr'><strong>τοῦ</strong></span> <span class='ocrx_word' id='word_1_679' title='bbox 3295 3610 3503 3682; x_wconf 82' lang='grc' dir='ltr'>Πατρδς</span> <span class='ocrx_word' id='word_1_680' title='bbox 3535 3609 3653 3681; x_wconf 79' lang='grc' dir='ltr'>ἔχει</span> 
     </span>
    </p>
   </div>
   <div class='ocr_carea' id='block_1_81' title="bbox 2071 3696 3651 3772">
    <p class='ocr_par' dir='ltr' id='par_1_81' title="bbox 2071 3696 3651 3772">
     <span class='ocr_line' id='line_1_81' title="bbox 2071 3696 3651 3772; baseline 0.002 -23"><span class='ocrx_word' id='word_1_681' title='bbox 2071 3696 2214 3767; x_wconf 71' lang='grc' dir='ltr'>ἅπερ</span> <span class='ocrx_word' id='word_1_682' title='bbox 2243 3698 2426 3763; x_wconf 85' lang='grc' dir='ltr'>ἀῖδὶως</span> <span class='ocrx_word' id='word_1_683' title='bbox 2457 3698 2587 3770; x_wconf 79' lang='grc' dir='ltr'>ἔχει.</span> <span class='ocrx_word' id='word_1_684' title='bbox 2610 3701 2733 3753; x_wconf 80' lang='grc' dir='ltr'>Ὅτι</span> <span class='ocrx_word' id='word_1_685' title='bbox 2759 3700 2869 3772; x_wconf 86' lang='grc' dir='ltr'>γὰρ</span> <span class='ocrx_word' id='word_1_686' title='bbox 2897 3702 2979 3765; x_wconf 84' lang='grc' dir='ltr'>τὸ,</span> <span class='ocrx_word' id='word_1_687' title='bbox 3019 3701 3219 3769; x_wconf 79' lang='grc' dir='ltr'><strong>ἐδόθη,</strong></span> <span class='ocrx_word' id='word_1_688' title='bbox 3263 3701 3359 3755; x_wconf 77' lang='grc' dir='ltr'><strong>καὶ</strong></span> <span class='ocrx_word' id='word_1_689' title='bbox 3394 3699 3476 3765; x_wconf 87' lang='grc' dir='ltr'>τὸ,</span> <span class='ocrx_word' id='word_1_690' title='bbox 3497 3716 3651 3767; x_wconf 80' lang='grc' dir='ltr'>παρ-</span> 
     </span>
    </p>
   </div>
   <div class='ocr_carea' id='block_1_82' title="bbox 2066 3789 3647 3865">
    <p class='ocr_par' dir='ltr' id='par_1_82' title="bbox 2066 3789 3647 3865">
     <span class='ocr_line' id='line_1_82' title="bbox 2066 3789 3647 3865; baseline -0.001 -20"><span class='ocrx_word' id='word_1_691' title='bbox 2066 3789 2266 3860; x_wconf 80' lang='grc' dir='ltr'>εδόθη,</span> <span class='ocrx_word' id='word_1_692' title='bbox 2301 3793 2395 3845; x_wconf 71' lang='grc' dir='ltr'><strong>καὶ</strong></span> <span class='ocrx_word' id='word_1_693' title='bbox 2432 3792 2499 3846; x_wconf 83' lang='grc' dir='ltr'>τὰ</span> <span class='ocrx_word' id='word_1_694' title='bbox 2537 3793 2697 3864; x_wconf 81' lang='grc' dir='ltr'>ὅμοια</span> <span class='ocrx_word' id='word_1_695' title='bbox 2726 3793 2955 3859; x_wconf 80' lang='grc' dir='ltr'>τούτοις,</span> <span class='ocrx_word' id='word_1_696' title='bbox 2998 3794 3098 3847; x_wconf 82' lang='grc' dir='ltr'><strong>οὐκ</strong></span> <span class='ocrx_word' id='word_1_697' title='bbox 3142 3793 3357 3846; x_wconf 77' lang='grc' dir='ltr'><strong>ἐλαττοῖ</strong></span> <span class='ocrx_word' id='word_1_698' title='bbox 3386 3793 3485 3865; x_wconf 81' lang='grc' dir='ltr'>τὴν</span> <span class='ocrx_word' id='word_1_699' title='bbox 3525 3792 3647 3844; x_wconf 81' lang='grc' dir='ltr'><strong>θεό-</strong></span> 
     </span>
    </p>
   </div>
   <div class='ocr_carea' id='block_1_83' title="bbox 2066 3884 3653 3957">
    <p class='ocr_par' dir='ltr' id='par_1_83' title="bbox 2066 3884 3653 3957">
     <span class='ocr_line' id='line_1_83' title="bbox 2066 3884 3653 3957; baseline 0.001 -20"><span class='ocrx_word' id='word_1_700' title='bbox 2066 3902 2201 3955; x_wconf 86' lang='grc' dir='ltr'>τητα</span> <span class='ocrx_word' id='word_1_701' title='bbox 2232 3884 2327 3938; x_wconf 80' lang='grc' dir='ltr'>τοῦ</span> <span class='ocrx_word' id='word_1_702' title='bbox 2357 3884 2510 3947; x_wconf 83' lang='grc' dir='ltr'><strong>Υἱοῦ,</strong></span> <span class='ocrx_word' id='word_1_703' title='bbox 2530 3884 2665 3939; x_wconf 84' lang='grc' dir='ltr'>ἀλλὰ</span> <span class='ocrx_word' id='word_1_704' title='bbox 2690 3886 2784 3939; x_wconf 64' lang='grc' dir='ltr'><strong>καὶ</strong></span> <span class='ocrx_word' id='word_1_705' title='bbox 2812 3886 3009 3957; x_wconf 80' lang='grc' dir='ltr'>μᾶλλον</span> <span class='ocrx_word' id='word_1_706' title='bbox 3036 3886 3306 3939; x_wconf 83' lang='grc' dir='ltr'>δείκνυσιν</span> <span class='ocrx_word' id='word_1_707' title='bbox 3332 3884 3493 3939; x_wconf 77' lang='grc' dir='ltr'>αὑτὸν</span> <span class='ocrx_word' id='word_1_708' title='bbox 3522 3886 3653 3957; x_wconf 80' lang='grc' dir='ltr'><strong>ἁλη-</strong></span> 
     </span>
    </p>
   </div>
   <div class='ocr_carea' id='block_1_84' title="bbox 2067 3975 3649 4050">
    <p class='ocr_par' dir='ltr' id='par_1_84' title="bbox 2067 3975 3649 4050">
     <span class='ocr_line' id='line_1_84' title="bbox 2067 3975 3649 4050; baseline 0.002 -22"><span class='ocrx_word' id='word_1_709' title='bbox 2067 3975 2176 4039; x_wconf 86' lang='grc' dir='ltr'>θῶς</span> <span class='ocrx_word' id='word_1_710' title='bbox 2200 3975 2350 4040; x_wconf 79' lang='grc' dir='ltr'>Υἱὸν,</span> <span class='ocrx_word' id='word_1_711' title='bbox 2385 3975 2561 4039; x_wconf 76' lang='grc' dir='ltr'>ἔξεστι</span> <span class='ocrx_word' id='word_1_712' title='bbox 2589 3978 2685 4030; x_wconf 73' lang='grc' dir='ltr'><strong>καὶ</strong></span> <span class='ocrx_word' id='word_1_713' title='bbox 2725 3978 2821 4031; x_wconf 84' lang='grc' dir='ltr'><strong>ἀπ’</strong></span> <span class='ocrx_word' id='word_1_714' title='bbox 2847 3978 3026 4031; x_wconf 77' lang='grc' dir='ltr'>αὐτῶν</span> <span class='ocrx_word' id='word_1_715' title='bbox 3057 3977 3165 4030; x_wconf 87' lang='grc' dir='ltr'>τῶν</span> <span class='ocrx_word' id='word_1_716' title='bbox 3190 3977 3369 4050; x_wconf 77' lang='grc' dir='ltr'>ῥητῶν</span> <span class='ocrx_word' id='word_1_717' title='bbox 3398 3976 3508 4050; x_wconf 86' lang='grc'>(56)</span> <span class='ocrx_word' id='word_1_718' title='bbox 3545 3995 3649 4031; x_wconf 75' lang='lat' dir='ltr'><strong>xa-</strong></span> 
     </span>
    </p>
   </div>
   <div class='ocr_carea' id='block_1_85' title="bbox 2064 4064 3648 4142">
    <p class='ocr_par' dir='ltr' id='par_1_85' title="bbox 2064 4064 3648 4142">
     <span class='ocr_line' id='line_1_85' title="bbox 2064 4064 3648 4142; baseline 0.003 -23"><span class='ocrx_word' id='word_1_719' title='bbox 2064 4064 2349 4137; x_wconf 80' lang='grc' dir='ltr'>ταμαθεῖν.</span> <span class='ocrx_word' id='word_1_720' title='bbox 2383 4066 2445 4118; x_wconf 79' lang='lat' dir='ltr'><strong>Ei</strong></span> <span class='ocrx_word' id='word_1_721' title='bbox 2473 4066 2582 4139; x_wconf 79' lang='grc' dir='ltr'><strong>γὰρ</strong></span> <span class='ocrx_word' id='word_1_722' title='bbox 2610 4068 2788 4122; x_wconf 86' lang='grc' dir='ltr'>πάντα</span> <span class='ocrx_word' id='word_1_723' title='bbox 2810 4069 2959 4141; x_wconf 82' lang='grc' dir='ltr'>αὐτῷ</span> <span class='ocrx_word' id='word_1_724' title='bbox 2985 4070 3276 4142; x_wconf 76' lang='grc' dir='ltr'>παρεδόθηο</span> <span class='ocrx_word' id='word_1_725' title='bbox 3304 4068 3519 4140; x_wconf 84' lang='grc' dir='ltr'>πρῶτον</span> <span class='ocrx_word' id='word_1_726' title='bbox 3545 4070 3648 4140; x_wconf 83' lang='grc' dir='ltr'>μὲν</span> 
     </span>
    </p>
   </div>
   <div class='ocr_carea' id='block_1_86' title="bbox 2064 4156 3645 4233">
    <p class='ocr_par' dir='ltr' id='par_1_86' title="bbox 2064 4156 3645 4233">
     <span class='ocr_line' id='line_1_86' title="bbox 2064 4156 3645 4233; baseline 0.002 -22"><span class='ocrx_word' id='word_1_727' title='bbox 2064 4157 2221 4220; x_wconf 77' lang='grc' dir='ltr'>ἄλλος</span> <span class='ocrx_word' id='word_1_728' title='bbox 2242 4157 2359 4209; x_wconf 76' lang='grc' dir='ltr'>ἐστὶ</span> <span class='ocrx_word' id='word_1_729' title='bbox 2389 4157 2497 4211; x_wconf 83' lang='grc' dir='ltr'>τῶν</span> <span class='ocrx_word' id='word_1_730' title='bbox 2529 4160 2767 4225; x_wconf 80' lang='grc' dir='ltr'>πάντων,</span> <span class='ocrx_word' id='word_1_731' title='bbox 2800 4156 2875 4215; x_wconf 84' lang='grc' dir='ltr'>ὧν</span> <span class='ocrx_word' id='word_1_732' title='bbox 2915 4160 3237 4233; x_wconf 80' lang='grc' dir='ltr'>παρέλαϐεν·</span> <span class='ocrx_word' id='word_1_733' title='bbox 3272 4161 3481 4227; x_wconf 75' lang='grc' dir='ltr'>ἔπειτα,</span> <span class='ocrx_word' id='word_1_734' title='bbox 3501 4162 3645 4214; x_wconf 51' lang='grc' dir='ltr'>πάν-</span> 
     </span>
    </p>
   </div>
   <div class='ocr_carea' id='block_1_87' title="bbox 3224 4320 3639 4389">
    <p class='ocr_par' dir='ltr' id='par_1_87' title="bbox 3224 4320 3639 4389">
     <span class='ocr_line' id='line_1_87' title="bbox 3224 4320 3639 4389; baseline 0.005 -12"><span class='ocrx_word' id='word_1_735' title='bbox 3224 4321 3273 4354; x_wconf 76' lang='grc'><strong>’⁸</strong></span> <span class='ocrx_word' id='word_1_736' title='bbox 3309 4320 3469 4377; x_wconf 88' lang='lat' dir='ltr'><strong>Joan.</strong></span> <span class='ocrx_word' id='word_1_737' title='bbox 3502 4340 3639 4389; x_wconf 79' lang='lat' dir='ltr'><strong>xm,</strong></span> 
     </span>
    </p>
   </div>
   <div class='ocr_carea' id='block_1_88' title="bbox 374 4387 1972 4460">
    <p class='ocr_par' dir='ltr' id='par_1_88' title="bbox 374 4387 1968 4460">
     <span class='ocr_line' id='line_1_88' title="bbox 374 4387 1968 4460; baseline -0.004 -12"><span class='ocrx_word' id='word_1_738' title='bbox 374 4389 464 4448; x_wconf 78' lang='grc'><strong>10.</strong></span> <span class='ocrx_word' id='word_1_739' title='bbox 540 4392 587 4425; x_wconf 75' lang='grc'><strong>⁸⁸</strong></span> <span class='ocrx_word' id='word_1_740' title='bbox 625 4390 815 4447; x_wconf 81' lang='lat' dir='ltr'><strong>Matth.</strong></span> <span class='ocrx_word' id='word_1_741' title='bbox 848 4405 1046 4460; x_wconf 76' lang='lat' dir='ltr'><strong>xxvm,</strong></span> <span class='ocrx_word' id='word_1_742' title='bbox 1076 4391 1164 4447; x_wconf 78' lang='grc'><strong>18.</strong></span> <span class='ocrx_word' id='word_1_743' title='bbox 1244 4392 1261 4424; x_wconf 69' lang='grc' dir='ltr'>ι</span> <span class='ocrx_word' id='word_1_744' title='bbox 1298 4390 1458 4447; x_wconf 83' lang='lat' dir='ltr'><strong>Joan.</strong></span> <span class='ocrx_word' id='word_1_745' title='bbox 1491 4407 1547 4457; x_wconf 71' lang='grc' dir='ltr'>ι,</span> <span class='ocrx_word' id='word_1_746' title='bbox 1576 4389 1663 4444; x_wconf 78' lang='lat' dir='ltr'><strong>i8.</strong></span> <span class='ocrx_word' id='word_1_747' title='bbox 1740 4392 1761 4421; x_wconf 77' lang='lat'>&#39;</span> <span class='ocrx_word' id='word_1_748' title='bbox 1799 4387 1968 4442; x_wconf 85' lang='lat' dir='ltr'><strong>Matth</strong></span> 
     </span>
    </p>
   </div>
   <div class='ocr_carea' id='block_1_89' title="bbox 2087 4387 2231 4460">
    <p class='ocr_par' dir='ltr' id='par_1_89' title="bbox 2088 4387 2231 4455">
     <span class='ocr_line' id='line_1_89' title="bbox 2088 4387 2231 4455; baseline 0 -14"><span class='ocrx_word' id='word_1_749' title='bbox 2088 4428 2103 4455; x_wconf 88' lang='lat'><strong>,</strong></span> <span class='ocrx_word' id='word_1_750' title='bbox 2139 4387 2231 4442; x_wconf 75' lang='lat'><strong>27.</strong></span> 
     </span>
    </p>
   </div>
   <div class='ocr_carea' id='block_1_90' title="bbox 368 4532 2034 4609">
    <p class='ocr_par' dir='ltr' id='par_1_90' title="bbox 368 4532 2034 4609">
     <span class='ocr_line' id='line_1_90' title="bbox 368 4532 2034 4609; baseline -0.002 -20"><span class='ocrx_word' id='word_1_751' title='bbox 368 4532 577 4609; x_wconf 72' lang='grc' dir='ltr'>Ἕλλην</span> <span class='ocrx_word' id='word_1_752' title='bbox 606 4533 686 4609; x_wconf 65' lang='lat' dir='ltr'><strong>ibi:</strong></span> <span class='ocrx_word' id='word_1_753' title='bbox 719 4533 951 4607; x_wconf 84' lang='grc' dir='ltr'>μωρίαν.</span> <span class='ocrx_word' id='word_1_754' title='bbox 984 4533 1110 4589; x_wconf 82' lang='lat' dir='ltr'><strong>Mox</strong></span> <span class='ocrx_word' id='word_1_755' title='bbox 1138 4533 1342 4609; x_wconf 78' lang='lat' dir='ltr'><strong>Regius</strong></span> <span class='ocrx_word' id='word_1_756' title='bbox 1390 4534 1600 4605; x_wconf 84' lang='lat' dir='ltr'><strong>primus</strong></span> <span class='ocrx_word' id='word_1_757' title='bbox 1643 4541 1702 4590; x_wconf 89' lang='lat' dir='ltr'><strong>et</strong></span> <span class='ocrx_word' id='word_1_758' title='bbox 1754 4533 1953 4602; x_wconf 82' lang='lat' dir='ltr'><strong>Segue-</strong></span> <span class='ocrx_word' id='word_1_759' title='bbox 1987 4536 2034 4593; x_wconf 83' lang='lat' dir='ltr'><strong>D</strong></span> 
     </span>
    </p>
   </div>
   <div class='ocr_carea' id='block_1_91' title="bbox 370 4605 1353 4679">
    <p class='ocr_par' dir='ltr' id='par_1_91' title="bbox 370 4605 1353 4679">
     <span class='ocr_line' id='line_1_91' title="bbox 370 4605 1353 4679; baseline -0.003 -18"><span class='ocrx_word' id='word_1_760' title='bbox 370 4605 585 4672; x_wconf 78' lang='lat' dir='ltr'><strong>rianus,</strong></span> <span class='ocrx_word' id='word_1_761' title='bbox 602 4605 1005 4679; x_wconf 75' lang='grc' dir='ltr'>Ἀρειομανίται</span> <span class='ocrx_word' id='word_1_762' title='bbox 1032 4605 1353 4660; x_wconf 70' lang='grc' dir='ltr'><strong>πεπόνθασι.</strong></span> 
     </span>
    </p>
   </div>
   <div class='ocr_carea' id='block_1_92' title="bbox 443 4699 1955 4775">
    <p class='ocr_par' dir='ltr' id='par_1_92' title="bbox 443 4699 1955 4775">
     <span class='ocr_line' id='line_1_92' title="bbox 443 4699 1955 4775; baseline -0.003 -18"><span class='ocrx_word' id='word_1_763' title='bbox 443 4700 558 4775; x_wconf 61' lang='grc'>(45)</span> <span class='ocrx_word' id='word_1_764' title='bbox 601 4699 693 4775; x_wconf 86' lang='lat' dir='ltr'><strong>Sic</strong></span> <span class='ocrx_word' id='word_1_765' title='bbox 727 4700 929 4775; x_wconf 80' lang='lat' dir='ltr'><strong>Regius</strong></span> <span class='ocrx_word' id='word_1_766' title='bbox 954 4702 1166 4775; x_wconf 90' lang='lat' dir='ltr'><strong>primus</strong></span> <span class='ocrx_word' id='word_1_767' title='bbox 1190 4712 1244 4775; x_wconf 84' lang='lat' dir='ltr'><strong>et</strong></span> <span class='ocrx_word' id='word_1_768' title='bbox 1270 4701 1660 4775; x_wconf 80' lang='lat' dir='ltr'><strong>Seguerianus.</strong></span> <span class='ocrx_word' id='word_1_769' title='bbox 1682 4701 1753 4755; x_wconf 85' lang='lat' dir='ltr'><strong>At</strong></span> <span class='ocrx_word' id='word_1_770' title='bbox 1782 4700 1871 4775; x_wconf 87' lang='lat' dir='ltr'><strong>alii</strong></span> <span class='ocrx_word' id='word_1_771' title='bbox 1899 4707 1955 4754; x_wconf 87' lang='lat' dir='ltr'><strong>et</strong></span> 
     </span>
    </p>
   </div>
   <div class='ocr_carea' id='block_1_93' title="bbox 368 4772 1956 4843">
    <p class='ocr_par' dir='ltr' id='par_1_93' title="bbox 368 4772 1956 4843">
     <span class='ocr_line' id='line_1_93' title="bbox 368 4772 1956 4843; baseline -0.002 -14"><span class='ocrx_word' id='word_1_772' title='bbox 368 4772 503 4829; x_wconf 80' lang='lat' dir='ltr'><strong>editi</strong></span> <span class='ocrx_word' id='word_1_773' title='bbox 530 4772 790 4827; x_wconf 88' lang='lat' dir='ltr'><strong>omittunt</strong></span> <span class='ocrx_word' id='word_1_774' title='bbox 814 4772 910 4826; x_wconf 70' lang='grc' dir='ltr'><strong>’σοῦ</strong></span> <span class='ocrx_word' id='word_1_775' title='bbox 932 4774 1127 4843; x_wconf 83' lang='grc' dir='ltr'>Λόγου.</span> <span class='ocrx_word' id='word_1_776' title='bbox 1160 4773 1283 4829; x_wconf 81' lang='lat' dir='ltr'><strong>Mox</strong></span> <span class='ocrx_word' id='word_1_777' title='bbox 1309 4772 1507 4842; x_wconf 79' lang='lat' dir='ltr'><strong>Regius</strong></span> <span class='ocrx_word' id='word_1_778' title='bbox 1536 4773 1745 4843; x_wconf 76' lang='lat' dir='ltr'><strong>primus</strong></span> <span class='ocrx_word' id='word_1_779' title='bbox 1775 4781 1828 4826; x_wconf 91' lang='lat' dir='ltr'><strong>et</strong></span> <span class='ocrx_word' id='word_1_780' title='bbox 1856 4773 1956 4843; x_wconf 75' lang='lat' dir='ltr'><strong>Sc-</strong></span> 
     </span>
    </p>
   </div>
   <div class='ocr_carea' id='block_1_94' title="bbox 349 4841 1953 4915">
    <p class='ocr_par' dir='ltr' id='par_1_94' title="bbox 349 4841 1953 4915">
     <span class='ocr_line' id='line_1_94' title="bbox 349 4841 1953 4915; baseline -0.002 -17"><span class='ocrx_word' id='word_1_781' title='bbox 349 4843 688 4915; x_wconf 37' lang='lat' dir='ltr'><strong>.guet‘ianus,</strong></span> <span class='ocrx_word' id='word_1_782' title='bbox 706 4843 814 4915; x_wconf 74' lang='lat' dir='ltr'><strong>_xa‘t</strong></span> <span class='ocrx_word' id='word_1_783' title='bbox 836 4841 1029 4897; x_wconf 74' lang='grc' dir='ltr'>λοιπὸν</span> <span class='ocrx_word' id='word_1_784' title='bbox 1047 4844 1138 4898; x_wconf 74' lang='grc' dir='ltr'><strong>καὶ</strong></span> <span class='ocrx_word' id='word_1_785' title='bbox 1160 4843 1500 4915; x_wconf 80' lang='grc' dir='ltr'>Μανιχαεοις.</span> <span class='ocrx_word' id='word_1_786' title='bbox 1524 4841 1716 4896; x_wconf 70' lang='lat' dir='ltr'><strong>Cteteri</strong></span> <span class='ocrx_word' id='word_1_787' title='bbox 1750 4852 1805 4895; x_wconf 86' lang='lat' dir='ltr'><strong>et</strong></span> <span class='ocrx_word' id='word_1_788' title='bbox 1836 4842 1953 4895; x_wconf 81' lang='lat' dir='ltr'><strong>edi-</strong></span> 
     </span>
    </p>
   </div>
   <div class='ocr_carea' id='block_1_95' title="bbox 369 4911 1123 4986">
    <p class='ocr_par' dir='ltr' id='par_1_95' title="bbox 369 4911 1123 4986">
     <span class='ocr_line' id='line_1_95' title="bbox 369 4911 1123 4986; baseline -0.007 -16"><span class='ocrx_word' id='word_1_789' title='bbox 369 4911 434 4982; x_wconf 80' lang='lat' dir='ltr'><strong>ti,</strong></span> <span class='ocrx_word' id='word_1_790' title='bbox 462 4915 557 4969; x_wconf 72' lang='grc' dir='ltr'><strong>καὶ</strong></span> <span class='ocrx_word' id='word_1_791' title='bbox 574 4911 761 4969; x_wconf 85' lang='grc' dir='ltr'>λοιπὸν</span> <span class='ocrx_word' id='word_1_792' title='bbox 783 4915 1123 4986; x_wconf 82' lang='grc' dir='ltr'>Μανιχαίοις.</span> 
     </span>
    </p>
   </div>
   <div class='ocr_carea' id='block_1_96' title="bbox 441 5003 1950 5133">
    <p class='ocr_par' dir='ltr' id='par_1_96' title="bbox 441 5003 1950 5133">
     <span class='ocr_line' id='line_1_96' title="bbox 441 5003 1950 5133; baseline -0.004 -70"><span class='ocrx_word' id='word_1_793' title='bbox 441 5008 557 5133; x_wconf 56' lang='grc'>(46)</span> <span class='ocrx_word' id='word_1_794' title='bbox 597 5008 801 5078; x_wconf 85' lang='lat' dir='ltr'><strong>Regius</strong></span> <span class='ocrx_word' id='word_1_795' title='bbox 842 5010 1052 5078; x_wconf 87' lang='lat' dir='ltr'><strong>primus</strong></span> <span class='ocrx_word' id='word_1_796' title='bbox 1097 5018 1152 5064; x_wconf 87' lang='lat' dir='ltr'><strong>et</strong></span> <span class='ocrx_word' id='word_1_797' title='bbox 1200 5006 1585 5078; x_wconf 87' lang='lat' dir='ltr'><strong>Seguerianns,</strong></span> <span class='ocrx_word' id='word_1_798' title='bbox 1613 5007 1811 5058; x_wconf 70' lang='grc' dir='ltr'>ἐκεῖνοι</span> <span class='ocrx_word' id='word_1_799' title='bbox 1844 5003 1950 5058; x_wconf 77' lang='grc' dir='ltr'>κᾶν</span> 
     </span>
     <span class='ocr_line' id='line_1_97' title="bbox 501 5077 1823 5133; baseline -0.005 0"><span class='ocrx_word' id='word_1_800' title='bbox 501 5097 653 5133; x_wconf 83' lang='grc' dir='ltr'>ποτε.</span> <span class='ocrx_word' id='word_1_801' title='bbox 683 5081 788 5133; x_wconf 85' lang='lat' dir='ltr'><strong>Alii</strong></span> <span class='ocrx_word' id='word_1_802' title='bbox 812 5090 868 5133; x_wconf 87' lang='lat' dir='ltr'><strong>et</strong></span> <span class='ocrx_word' id='word_1_803' title='bbox 892 5079 1045 5133; x_wconf 83' lang='lat' dir='ltr'><strong>editi.</strong></span> <span class='ocrx_word' id='word_1_804' title='bbox 1069 5080 1263 5131; x_wconf 76' lang='grc' dir='ltr'>ἐκεῖνοι</span> <span class='ocrx_word' id='word_1_805' title='bbox 1297 5078 1395 5133; x_wconf 76' lang='grc' dir='ltr'>μὲν</span> <span class='ocrx_word' id='word_1_806' title='bbox 1424 5080 1518 5131; x_wconf 70' lang='grc' dir='ltr'><strong>καὶ</strong></span> <span class='ocrx_word' id='word_1_807' title='bbox 1543 5077 1640 5133; x_wconf 63' lang='grc' dir='ltr'><strong>ὀψέ</strong></span> <span class='ocrx_word' id='word_1_808' title='bbox 1672 5092 1823 5128; x_wconf 81' lang='grc' dir='ltr'>ποτε.</span> 
     </span>
    </p>
   </div>
   <div class='ocr_carea' id='block_1_97' title="bbox 368 5077 1823 5150">
    <p class='ocr_par' dir='ltr' id='par_1_97' title="bbox 368 5077 1823 5150">
     <span class='ocr_line' id='line_1_98' title="bbox 368 5077 1823 5150; baseline -0.004 -17"><span class='ocrx_word' id='word_1_809' title='bbox 368 5077 470 5150; x_wconf 78' lang='grc' dir='ltr'><strong>ὀψέ</strong></span> <span class='ocrx_word' id='word_1_810' title='bbox 501 5077 653 5133; x_wconf 83' lang='grc' dir='ltr'>ποτε.</span> <span class='ocrx_word' id='word_1_811' title='bbox 683 5077 788 5134; x_wconf 63' lang='lat' dir='ltr'><strong>Alii</strong></span> <span class='ocrx_word' id='word_1_812' title='bbox 812 5077 868 5135; x_wconf 74' lang='lat' dir='ltr'><strong>et</strong></span> <span class='ocrx_word' id='word_1_813' title='bbox 892 5079 1045 5144; x_wconf 82' lang='lat' dir='ltr'><strong>editi,</strong></span> <span class='ocrx_word' id='word_1_814' title='bbox 1069 5080 1263 5131; x_wconf 75' lang='grc' dir='ltr'>ἐκεῖνοι</span> <span class='ocrx_word' id='word_1_815' title='bbox 1280 5077 1395 5149; x_wconf 29' lang='grc' dir='ltr'>ίμὲν</span> <span class='ocrx_word' id='word_1_816' title='bbox 1424 5080 1518 5131; x_wconf 70' lang='grc' dir='ltr'><strong>καὶ</strong></span> <span class='ocrx_word' id='word_1_817' title='bbox 1543 5077 1640 5146; x_wconf 65' lang='grc' dir='ltr'><strong>ὀψέ</strong></span> <span class='ocrx_word' id='word_1_818' title='bbox 1672 5092 1823 5128; x_wconf 81' lang='grc' dir='ltr'>ποτε.</span> 
     </span>
    </p>
   </div>
   <div class='ocr_carea' id='block_1_98' title="bbox 444 5182 1955 5258">
    <p class='ocr_par' dir='ltr' id='par_1_98' title="bbox 444 5182 1955 5258">
     <span class='ocr_line' id='line_1_99' title="bbox 444 5182 1955 5258; baseline -0.005 -17"><span class='ocrx_word' id='word_1_819' title='bbox 444 5187 557 5257; x_wconf 67' lang='grc'>(47)</span> <span class='ocrx_word' id='word_1_820' title='bbox 597 5185 824 5258; x_wconf 83' lang='lat' dir='ltr'><strong>Seguer.</strong></span> <span class='ocrx_word' id='word_1_821' title='bbox 861 5184 1027 5241; x_wconf 86' lang='lat' dir='ltr'><strong>Basil.</strong></span> <span class='ocrx_word' id='word_1_822' title='bbox 1057 5183 1285 5258; x_wconf 15' lang='lat' dir='ltr'><strong>‘Gobler.</strong></span> <span class='ocrx_word' id='word_1_823' title='bbox 1328 5182 1662 5258; x_wconf 33' lang='lat' dir='ltr'><strong>et.Felckm.</strong></span> <span class='ocrx_word' id='word_1_824' title='bbox 1696 5182 1747 5258; x_wconf 75' lang='lat' dir='ltr'><strong>_i_.</strong></span> <span class='ocrx_word' id='word_1_825' title='bbox 1776 5183 1955 5258; x_wconf 70' lang='grc' dir='ltr'>ἐπιγι-</span> 
     </span>
    </p>
   </div>
   <div class='ocr_carea' id='block_1_99' title="bbox 368 5251 1953 5339">
    <p class='ocr_par' dir='ltr' id='par_1_99' title="bbox 368 5251 1953 5339">
     <span class='ocr_line' id='line_1_100' title="bbox 368 5251 1953 5339; baseline -0.001 -31"><span class='ocrx_word' id='word_1_826' title='bbox 368 5251 906 5339; x_wconf 46' lang='grc' dir='ltr'><strong>νιῇσξόμξνῖϐωιετί.</strong></span> <span class='ocrx_word' id='word_1_827' title='bbox 927 5266 982 5339; x_wconf 72' lang='lat' dir='ltr'><strong>et</strong></span> <span class='ocrx_word' id='word_1_828' title='bbox 1005 5255 1156 5339; x_wconf 64' lang='lat' dir='ltr'><strong>editi,</strong></span> <span class='ocrx_word' id='word_1_829' title='bbox 1175 5252 1659 5339; x_wconf 47' lang='grc' dir='ltr'>βπιγινῲσκωμεν.</span> <span class='ocrx_word' id='word_1_830' title='bbox 1691 5251 1817 5308; x_wconf 78' lang='lat' dir='ltr'><strong>Mox</strong></span> <span class='ocrx_word' id='word_1_831' title='bbox 1847 5256 1953 5306; x_wconf 76' lang='lat' dir='ltr'><strong>Ba-</strong></span> 
     </span>
    </p>
   </div>
   <div class='ocr_carea' id='block_1_100' title="bbox 373 5325 1592 5397">
    <p class='ocr_par' dir='ltr' id='par_1_100' title="bbox 373 5325 1592 5397">
     <span class='ocr_line' id='line_1_101' title="bbox 373 5325 1592 5397; baseline 0.007 -18"><span class='ocrx_word' id='word_1_832' title='bbox 373 5325 460 5381; x_wconf 89' lang='lat' dir='ltr'><strong>sil.</strong></span> <span class='ocrx_word' id='word_1_833' title='bbox 489 5325 703 5382; x_wconf 84' lang='lat' dir='ltr'><strong>Gobler.</strong></span> <span class='ocrx_word' id='word_1_834' title='bbox 738 5337 792 5383; x_wconf 89' lang='lat' dir='ltr'><strong>et</strong></span> <span class='ocrx_word' id='word_1_835' title='bbox 819 5326 1056 5382; x_wconf 83' lang='lat' dir='ltr'><strong>Felckm.</strong></span> <span class='ocrx_word' id='word_1_836' title='bbox 1084 5327 1138 5393; x_wconf 77' lang='grc'>1,</span> <span class='ocrx_word' id='word_1_837' title='bbox 1164 5326 1331 5397; x_wconf 78' lang='grc' dir='ltr'>ὀρθὴν</span> <span class='ocrx_word' id='word_1_838' title='bbox 1360 5325 1592 5395; x_wconf 75' lang='grc' dir='ltr'>ἔχοντεςο</span> 
     </span>
    </p>
   </div>
   <div class='ocr_carea' id='block_1_101' title="bbox 446 5413 1951 5489">
    <p class='ocr_par' dir='ltr' id='par_1_101' title="bbox 446 5413 1951 5489">
     <span class='ocr_line' id='line_1_102' title="bbox 446 5413 1951 5489; baseline -0.003 -19"><span class='ocrx_word' id='word_1_839' title='bbox 446 5414 557 5489; x_wconf 66' lang='grc'>(48)</span> <span class='ocrx_word' id='word_1_840' title='bbox 599 5415 690 5474; x_wconf 82' lang='lat' dir='ltr'><strong>Sic</strong></span> <span class='ocrx_word' id='word_1_841' title='bbox 718 5417 921 5489; x_wconf 78' lang='lat' dir='ltr'><strong>Regius</strong></span> <span class='ocrx_word' id='word_1_842' title='bbox 954 5418 1185 5488; x_wconf 90' lang='lat' dir='ltr'><strong>primus,</strong></span> <span class='ocrx_word' id='word_1_843' title='bbox 1222 5415 1611 5489; x_wconf 31' lang='lat' dir='ltr'><strong>SeguerianusA</strong></span> <span class='ocrx_word' id='word_1_844' title='bbox 1625 5422 1681 5489; x_wconf 83' lang='lat' dir='ltr'><strong>et</strong></span> <span class='ocrx_word' id='word_1_845' title='bbox 1727 5413 1951 5489; x_wconf 70' lang='lat' dir='ltr'><strong>Graecus</strong></span> 
     </span>
    </p>
   </div>
   <div class='ocr_carea' id='block_1_102' title="bbox 374 5483 1949 5555">
    <p class='ocr_par' dir='ltr' id='par_1_102' title="bbox 374 5483 1949 5555">
     <span class='ocr_line' id='line_1_103' title="bbox 374 5483 1949 5555; baseline -0.001 -17"><span class='ocrx_word' id='word_1_846' title='bbox 374 5483 674 5555; x_wconf 55' lang='lat' dir='ltr'><strong>Scriptura).</strong></span> <span class='ocrx_word' id='word_1_847' title='bbox 706 5483 907 5543; x_wconf 59' lang='lat' dir='ltr'><strong>text&#39;us.</strong></span> <span class='ocrx_word' id='word_1_848' title='bbox 939 5483 1043 5542; x_wconf 69' lang='lat' dir='ltr'><strong>Alii</strong></span> <span class='ocrx_word' id='word_1_849' title='bbox 1065 5483 1196 5543; x_wconf 88' lang='lat' dir='ltr'><strong>vero</strong></span> <span class='ocrx_word' id='word_1_850' title='bbox 1224 5496 1278 5541; x_wconf 90' lang='lat' dir='ltr'><strong>et</strong></span> <span class='ocrx_word' id='word_1_851' title='bbox 1306 5485 1461 5546; x_wconf 86' lang='lat' dir='ltr'><strong>editi,</strong></span> <span class='ocrx_word' id='word_1_852' title='bbox 1498 5486 1559 5539; x_wconf 79' lang='grc' dir='ltr'>οὐ</span> <span class='ocrx_word' id='word_1_853' title='bbox 1592 5484 1826 5555; x_wconf 80' lang='grc' dir='ltr'>δύναμαι</span> <span class='ocrx_word' id='word_1_854' title='bbox 1852 5484 1949 5536; x_wconf 85' lang='grc' dir='ltr'><strong>ἀπ’</strong></span> 
     </span>
    </p>
   </div>
   <div class='ocr_carea' id='block_1_103' title="bbox 372 5554 1951 5626">
    <p class='ocr_par' dir='ltr' id='par_1_103' title="bbox 372 5554 1951 5626">
     <span class='ocr_line' id='line_1_104' title="bbox 372 5554 1951 5626; baseline -0.001 -17"><span class='ocrx_word' id='word_1_855' title='bbox 372 5554 613 5626; x_wconf 57' lang='grc' dir='ltr'><strong>ἐμαὶ)τοῦ</strong></span> <span class='ocrx_word' id='word_1_856' title='bbox 643 5561 813 5613; x_wconf 81' lang='grc' dir='ltr'>ποιεῖν</span> <span class='ocrx_word' id='word_1_857' title='bbox 841 5559 1013 5613; x_wconf 76' lang='grc' dir='ltr'>οὐδέν.</span> <span class='ocrx_word' id='word_1_858' title='bbox 1048 5558 1218 5613; x_wconf 83' lang='lat' dir='ltr'><strong>Paulo</strong></span> <span class='ocrx_word' id='word_1_859' title='bbox 1236 5566 1378 5626; x_wconf 91' lang='lat' dir='ltr'><strong>post,</strong></span> <span class='ocrx_word' id='word_1_860' title='bbox 1414 5554 1615 5626; x_wconf 83' lang='lat' dir='ltr'><strong>Regius</strong></span> <span class='ocrx_word' id='word_1_861' title='bbox 1656 5560 1864 5626; x_wconf 80' lang='lat' dir='ltr'><strong>primus</strong></span> <span class='ocrx_word' id='word_1_862' title='bbox 1895 5563 1951 5608; x_wconf 86' lang='lat' dir='ltr'><strong>et</strong></span> 
     </span>
    </p>
   </div>
   <div class='ocr_carea' id='block_1_104' title="bbox 370 5624 1947 5748">
    <p class='ocr_par' dir='ltr' id='par_1_104' title="bbox 370 5624 1947 5748">
     <span class='ocr_line' id='line_1_105' title="bbox 370 5624 1947 5748; baseline 0 -69"><span class='ocrx_word' id='word_1_863' title='bbox 370 5624 766 5748; x_wconf 48' lang='lat' dir='ltr'><strong>geguerianus,</strong></span> <span class='ocrx_word' id='word_1_864' title='bbox 800 5627 975 5683; x_wconf 76' lang='grc' dir='ltr'>ταῦτα</span> <span class='ocrx_word' id='word_1_865' title='bbox 1000 5624 1260 5683; x_wconf 69' lang='grc' dir='ltr'>δείκνυσί.</span> <span class='ocrx_word' id='word_1_866' title='bbox 1293 5624 1564 5683; x_wconf 70' lang='lat' dir='ltr'><strong>Cteteriet</strong></span> <span class='ocrx_word' id='word_1_867' title='bbox 1598 5624 1745 5691; x_wconf 81' lang='lat' dir='ltr'><strong>editi,</strong></span> <span class='ocrx_word' id='word_1_868' title='bbox 1775 5624 1947 5679; x_wconf 77' lang='grc' dir='ltr'>ταῦτα</span> 
     </span>
     <span class='ocr_line' id='line_1_106' title="bbox 405 5713 695 5748; baseline 0 0"><span class='ocrx_word' id='word_1_869' title='bbox 405 5713 695 5748; x_wconf 79' lang='grc' dir='ltr'>εικνυουσι.</span> 
     </span>
    </p>
   </div>
   <div class='ocr_carea' id='block_1_105' title="bbox 405 5713 695 5753">
    <p class='ocr_par' dir='ltr' id='par_1_105' title="bbox 405 5713 695 5753">
     <span class='ocr_line' id='line_1_107' title="bbox 405 5713 695 5753; baseline 0.014 -4"><span class='ocrx_word' id='word_1_870' title='bbox 405 5713 695 5753; x_wconf 80' lang='grc' dir='ltr'>εικνυουσι.</span> 
     </span>
    </p>
   </div>
   <div class='ocr_carea' id='block_1_106' title="bbox 443 5796 1149 5870">
    <p class='ocr_par' dir='ltr' id='par_1_106' title="bbox 443 5796 1149 5870">
     <span class='ocr_line' id='line_1_108' title="bbox 443 5796 1149 5870; baseline 0.001 -18"><span class='ocrx_word' id='word_1_871' title='bbox 443 5796 559 5870; x_wconf 70' lang='grc'>(40)</span> <span class='ocrx_word' id='word_1_872' title='bbox 600 5796 735 5855; x_wconf 78' lang='lat' dir='ltr'><strong>Vide</strong></span> <span class='ocrx_word' id='word_1_873' title='bbox 762 5812 948 5868; x_wconf 84' lang='lat' dir='ltr'><strong>supra,</strong></span> <span class='ocrx_word' id='word_1_874' title='bbox 974 5812 1025 5868; x_wconf 84' lang='lat' dir='ltr'><strong>p.</strong></span> <span class='ocrx_word' id='word_1_875' title='bbox 1061 5798 1149 5854; x_wconf 76' lang='lat'><strong>8‘3.</strong></span> 
     </span>
    </p>
   </div>
   <div class='ocr_carea' id='block_1_107' title="bbox 2132 4526 3637 4600">
    <p class='ocr_par' dir='ltr' id='par_1_107' title="bbox 2132 4526 3637 4600">
     <span class='ocr_line' id='line_1_109' title="bbox 2132 4526 3637 4600; baseline 0.003 -17"><span class='ocrx_word' id='word_1_876' title='bbox 2132 4526 2244 4599; x_wconf 87' lang='grc'>(50)</span> <span class='ocrx_word' id='word_1_877' title='bbox 2286 4526 2381 4583; x_wconf 89' lang='lat' dir='ltr'><strong>Sic</strong></span> <span class='ocrx_word' id='word_1_878' title='bbox 2408 4526 2542 4599; x_wconf 89' lang='lat' dir='ltr'><strong>Reg.</strong></span> <span class='ocrx_word' id='word_1_879' title='bbox 2578 4528 2603 4583; x_wconf 76' lang='grc' dir='ltr'><strong>Ι</strong></span> <span class='ocrx_word' id='word_1_880' title='bbox 2636 4529 2860 4600; x_wconf 83' lang='lat' dir='ltr'><strong>Seguer.</strong></span> <span class='ocrx_word' id='word_1_881' title='bbox 2887 4528 3107 4586; x_wconf 86' lang='lat' dir='ltr'><strong>Gobler.</strong></span> <span class='ocrx_word' id='word_1_882' title='bbox 3143 4540 3194 4585; x_wconf 89' lang='lat' dir='ltr'><strong>et</strong></span> <span class='ocrx_word' id='word_1_883' title='bbox 3225 4530 3465 4587; x_wconf 81' lang='lat' dir='ltr'><strong>Felckm.</strong></span> <span class='ocrx_word' id='word_1_884' title='bbox 3497 4533 3548 4587; x_wconf 81' lang='grc'>1.</span> <span class='ocrx_word' id='word_1_885' title='bbox 3580 4531 3637 4588; x_wconf 87' lang='grc' dir='ltr'><strong>1η</strong></span> 
     </span>
    </p>
   </div>
   <div class='ocr_carea' id='block_1_108' title="bbox 2059 4598 2914 4655">
    <p class='ocr_par' dir='ltr' id='par_1_108' title="bbox 2059 4598 2914 4655">
     <span class='ocr_line' id='line_1_110' title="bbox 2059 4598 2914 4655; baseline 0.001 -2"><span class='ocrx_word' id='word_1_886' title='bbox 2059 4598 2184 4653; x_wconf 81' lang='lat' dir='ltr'><strong>aliis</strong></span> <span class='ocrx_word' id='word_1_887' title='bbox 2212 4598 2392 4651; x_wconf 74' lang='lat' dir='ltr'><strong>autem</strong></span> <span class='ocrx_word' id='word_1_888' title='bbox 2421 4610 2476 4653; x_wconf 88' lang='lat' dir='ltr'><strong>et</strong></span> <span class='ocrx_word' id='word_1_889' title='bbox 2498 4598 2659 4653; x_wconf 78' lang='lat' dir='ltr'><strong>editis</strong></span> <span class='ocrx_word' id='word_1_890' title='bbox 2689 4598 2841 4655; x_wconf 76' lang='lat' dir='ltr'><strong>deest</strong></span> <span class='ocrx_word' id='word_1_891' title='bbox 2867 4602 2914 4654; x_wconf 89' lang='lat'><em>6.</em></span> 
     </span>
    </p>
   </div>
   <div class='ocr_carea' id='block_1_109' title="bbox 2128 4668 3638 4738">
    <p class='ocr_par' dir='ltr' id='par_1_109' title="bbox 2128 4668 3638 4738">
     <span class='ocr_line' id='line_1_111' title="bbox 2128 4668 3638 4738; baseline 0.003 -15"><span class='ocrx_word' id='word_1_892' title='bbox 2128 4669 2240 4737; x_wconf 84' lang='lat'><strong>(5|)</strong></span> <span class='ocrx_word' id='word_1_893' title='bbox 2283 4669 2320 4721; x_wconf 85' lang='lat' dir='ltr'><strong>S</strong></span> <span class='ocrx_word' id='word_1_894' title='bbox 2345 4685 2375 4722; x_wconf 93' lang='lat' dir='ltr'><strong>c</strong></span> <span class='ocrx_word' id='word_1_895' title='bbox 2404 4668 2567 4722; x_wconf 85' lang='lat' dir='ltr'><strong>Basil.</strong></span> <span class='ocrx_word' id='word_1_896' title='bbox 2600 4669 2734 4738; x_wconf 82' lang='lat' dir='ltr'><strong>Reg.</strong></span> <span class='ocrx_word' id='word_1_897' title='bbox 2757 4669 2812 4731; x_wconf 77' lang='grc'>2,</span> <span class='ocrx_word' id='word_1_898' title='bbox 2835 4669 3055 4724; x_wconf 86' lang='lat' dir='ltr'><strong>Gubler.</strong></span> <span class='ocrx_word' id='word_1_899' title='bbox 3092 4670 3327 4726; x_wconf 76' lang='lat' dir='ltr'><strong>Felckm.</strong></span> <span class='ocrx_word' id='word_1_900' title='bbox 3354 4671 3377 4724; x_wconf 80' lang='lat' dir='ltr'><strong>l</strong></span> <span class='ocrx_word' id='word_1_901' title='bbox 3405 4681 3459 4727; x_wconf 85' lang='lat' dir='ltr'><strong>et</strong></span> <span class='ocrx_word' id='word_1_902' title='bbox 3489 4674 3543 4728; x_wconf 87' lang='lat'><strong>5.</strong></span> <span class='ocrx_word' id='word_1_903' title='bbox 3568 4674 3638 4727; x_wconf 84' lang='lat' dir='ltr'><strong>At</strong></span> 
     </span>
    </p>
   </div>
   <div class='ocr_carea' id='block_1_110' title="bbox 2055 4739 3209 4812">
    <p class='ocr_par' dir='ltr' id='par_1_110' title="bbox 2055 4739 3209 4812">
     <span class='ocr_line' id='line_1_112' title="bbox 2055 4739 3209 4812; baseline 0.001 -19"><span class='ocrx_word' id='word_1_904' title='bbox 2055 4740 2230 4812; x_wconf 74' lang='lat' dir='ltr'><strong>aliiet</strong></span> <span class='ocrx_word' id='word_1_905' title='bbox 2258 4739 2425 4812; x_wconf 75' lang='lat' dir='ltr'><strong>editio</strong></span> <span class='ocrx_word' id='word_1_906' title='bbox 2457 4739 2912 4812; x_wconf 62' lang='lat' dir='ltr'><strong>(iommeliniana.</strong></span> <span class='ocrx_word' id='word_1_907' title='bbox 2943 4741 3209 4812; x_wconf 75' lang='grc' dir='ltr'>δηλονότι.</span> 
     </span>
    </p>
   </div>
   <div class='ocr_carea' id='block_1_111' title="bbox 2126 4809 3639 4893">
    <p class='ocr_par' dir='ltr' id='par_1_111' title="bbox 2126 4809 3639 4893">
     <span class='ocr_line' id='line_1_113' title="bbox 2126 4809 3639 4893; baseline 0.012 -42"><span class='ocrx_word' id='word_1_908' title='bbox 2126 4810 2238 4893; x_wconf 54' lang='grc' dir='ltr'>(ξέ)</span> <span class='ocrx_word' id='word_1_909' title='bbox 2278 4809 2639 4893; x_wconf 49' lang='grc' dir='ltr'><strong>εὶυὺιεςξὲξιυε</strong></span> <span class='ocrx_word' id='word_1_910' title='bbox 2680 4809 3124 4893; x_wconf 54' lang='grc' dir='ltr'><strong>ριηΐςξιιιξηιξηιιιὶ</strong></span> <span class='ocrx_word' id='word_1_911' title='bbox 3161 4813 3378 4893; x_wconf 43' lang='lat' dir='ltr'><strong>primus</strong></span> <span class='ocrx_word' id='word_1_912' title='bbox 3409 4813 3639 4893; x_wconf 70' lang='lat' dir='ltr'><strong>mendo—</strong></span> 
     </span>
    </p>
   </div>
   <div class='ocr_carea' id='block_1_112' title="bbox 2055 4879 3638 4953">
    <p class='ocr_par' dir='ltr' id='par_1_112' title="bbox 2055 4879 3638 4953">
     <span class='ocr_line' id='line_1_114' title="bbox 2055 4879 3638 4953; baseline 0.003 -20"><span class='ocrx_word' id='word_1_913' title='bbox 2055 4879 2145 4953; x_wconf 68' lang='lat' dir='ltr'><strong>se,</strong></span> <span class='ocrx_word' id='word_1_914' title='bbox 2168 4881 2249 4932; x_wconf 84' lang='grc' dir='ltr'>ὅτι</span> <span class='ocrx_word' id='word_1_915' title='bbox 2278 4879 2624 4953; x_wconf 14' lang='grc' dir='ltr'><strong>ἔχωνγάῖδίυξξ</strong></span> <span class='ocrx_word' id='word_1_916' title='bbox 2671 4883 2699 4933; x_wconf 89' lang='lat'><strong>6</strong></span> <span class='ocrx_word' id='word_1_917' title='bbox 2743 4882 2874 4953; x_wconf 75' lang='grc' dir='ltr'>Θεὸς</span> <span class='ocrx_word' id='word_1_918' title='bbox 2910 4884 3073 4952; x_wconf 77' lang='grc' dir='ltr'>ἦτουν</span> <span class='ocrx_word' id='word_1_919' title='bbox 3104 4885 3132 4935; x_wconf 86' lang='grc' dir='ltr'>ὁ</span> <span class='ocrx_word' id='word_1_920' title='bbox 3161 4883 3287 4945; x_wconf 80' lang='grc' dir='ltr'>Υἱὸς</span> <span class='ocrx_word' id='word_1_921' title='bbox 3334 4883 3369 4937; x_wconf 80' lang='grc' dir='ltr'><strong>ἃ</strong></span> <span class='ocrx_word' id='word_1_922' title='bbox 3416 4884 3547 4953; x_wconf 78' lang='grc' dir='ltr'>ἔχει,</span> <span class='ocrx_word' id='word_1_923' title='bbox 3576 4894 3638 4938; x_wconf 84' lang='lat' dir='ltr'><strong>ut</strong></span> 
     </span>
    </p>
   </div>
   <div class='ocr_carea' id='block_1_113' title="bbox 2055 4948 3633 5019">
    <p class='ocr_par' dir='ltr' id='par_1_113' title="bbox 2055 4948 3633 5019">
     <span class='ocr_line' id='line_1_115' title="bbox 2055 4948 3633 5019; baseline 0.001 -14"><span class='ocrx_word' id='word_1_924' title='bbox 2055 4950 2197 5005; x_wconf 79' lang='lat' dir='ltr'><strong>forte</strong></span> <span class='ocrx_word' id='word_1_925' title='bbox 2232 4952 2393 5005; x_wconf 86' lang='lat' dir='ltr'><strong>etiam</strong></span> <span class='ocrx_word' id='word_1_926' title='bbox 2431 4952 2558 5019; x_wconf 80' lang='lat' dir='ltr'><strong>legit</strong></span> <span class='ocrx_word' id='word_1_927' title='bbox 2581 4948 2850 5015; x_wconf 82' lang='lat' dir='ltr'><strong>Nannius,</strong></span> <span class='ocrx_word' id='word_1_928' title='bbox 2882 4948 3040 5019; x_wconf 80' lang='lat' dir='ltr'><strong>cujus</strong></span> <span class='ocrx_word' id='word_1_929' title='bbox 3068 4955 3179 5008; x_wconf 75' lang='lat' dir='ltr'><strong>lizrc</strong></span> <span class='ocrx_word' id='word_1_930' title='bbox 3208 4964 3291 5007; x_wconf 81' lang='lat' dir='ltr'><strong>est</strong></span> <span class='ocrx_word' id='word_1_931' title='bbox 3315 4948 3514 5017; x_wconf 66' lang='lat' dir='ltr'><strong>versui,</strong></span> <span class='ocrx_word' id='word_1_932' title='bbox 3540 4958 3633 5007; x_wconf 72' lang='lat' dir='ltr'><strong>sed</strong></span> 
     </span>
    </p>
   </div>
   <div class='ocr_carea' id='block_1_114' title="bbox 2098 5021 3633 5090">
    <p class='ocr_par' dir='ltr' id='par_1_114' title="bbox 2098 5021 3633 5090">
     <span class='ocr_line' id='line_1_116' title="bbox 2098 5021 3633 5090; baseline 0.004 -17"><span class='ocrx_word' id='word_1_933' title='bbox 2098 5036 2178 5075; x_wconf 78' lang='lat' dir='ltr'><strong>ua:</strong></span> <span class='ocrx_word' id='word_1_934' title='bbox 2206 5021 2434 5090; x_wconf 71' lang='lat' dir='ltr'><strong>possidet</strong></span> <span class='ocrx_word' id='word_1_935' title='bbox 2464 5030 2521 5073; x_wconf 90' lang='lat' dir='ltr'><strong>ut</strong></span> <span class='ocrx_word' id='word_1_936' title='bbox 2553 5021 2710 5083; x_wconf 81' lang='lat' dir='ltr'><strong>Deus,</strong></span> <span class='ocrx_word' id='word_1_937' title='bbox 2746 5037 2808 5074; x_wconf 91' lang='lat' dir='ltr'><strong>ea</strong></span> <span class='ocrx_word' id='word_1_938' title='bbox 2843 5024 3077 5090; x_wconf 80' lang='lat' dir='ltr'><strong>postulat</strong></span> <span class='ocrx_word' id='word_1_939' title='bbox 3116 5037 3167 5076; x_wconf 87' lang='lat' dir='ltr'><strong>ut</strong></span> <span class='ocrx_word' id='word_1_940' title='bbox 3200 5023 3396 5078; x_wconf 71' lang='lat' dir='ltr'><strong>Filius.</strong></span> <span class='ocrx_word' id='word_1_941' title='bbox 3431 5024 3633 5079; x_wconf 85' lang='lat' dir='ltr'><strong>Ibidem</strong></span> 
     </span>
    </p>
   </div>
   <div class='ocr_carea' id='block_1_115' title="bbox 2061 5038 3631 5167">
    <p class='ocr_par' dir='ltr' id='par_1_115' title="bbox 2061 5038 3631 5167">
     <span class='ocr_line' id='line_1_117' title="bbox 2098 5038 3631 5090; baseline 0.004 -17"><span class='ocrx_word' id='word_1_942' title='bbox 2098 5038 2178 5075; x_wconf 76' lang='lat' dir='ltr'><strong>ua:</strong></span> <span class='ocrx_word' id='word_1_943' title='bbox 2206 5038 2434 5090; x_wconf 74' lang='lat' dir='ltr'><strong>possidet</strong></span> <span class='ocrx_word' id='word_1_944' title='bbox 2464 5038 2521 5073; x_wconf 78' lang='lat' dir='ltr'><strong>ut</strong></span> <span class='ocrx_word' id='word_1_945' title='bbox 2553 5038 2710 5083; x_wconf 86' lang='lat' dir='ltr'><strong>ueus,</strong></span> <span class='ocrx_word' id='word_1_946' title='bbox 2746 5038 2808 5074; x_wconf 92' lang='lat' dir='ltr'><strong>ea</strong></span> <span class='ocrx_word' id='word_1_947' title='bbox 2880 5038 3077 5075; x_wconf 83' lang='lat' dir='ltr'><strong>ostntat</strong></span> <span class='ocrx_word' id='word_1_948' title='bbox 3116 5038 3167 5076; x_wconf 87' lang='lat' dir='ltr'><strong>ut</strong></span> <span class='ocrx_word' id='word_1_949' title='bbox 3200 5038 3396 5078; x_wconf 70' lang='lat' dir='ltr'><strong>riuus.</strong></span> <span class='ocrx_word' id='word_1_950' title='bbox 3431 5038 3631 5079; x_wconf 83' lang='lat' dir='ltr'><strong>tinuetn</strong></span> 
     </span>
     <span class='ocr_line' id='line_1_118' title="bbox 2061 5038 3631 5167; baseline 0.004 -24"><span class='ocrx_word' id='word_1_951' title='bbox 2061 5038 2194 5167; x_wconf 50' lang='grc' dir='ltr'>ᾔεις.</span> <span class='ocrx_word' id='word_1_952' title='bbox 2220 5094 2252 5167; x_wconf 40' lang='grc'><strong>1.</strong></span> <span class='ocrx_word' id='word_1_953' title='bbox 2273 5082 2750 5167; x_wconf 62' lang='lat' dir='ltr'><strong>Segu_er_.,_(_}0ble§.</strong></span> <span class='ocrx_word' id='word_1_954' title='bbox 2769 5102 2819 5146; x_wconf 88' lang='lat' dir='ltr'><strong>et</strong></span> <span class='ocrx_word' id='word_1_955' title='bbox 2843 5039 3081 5167; x_wconf 49' lang='lat' dir='ltr'><strong>Ft‘lcklll.</strong></span> <span class='ocrx_word' id='word_1_956' title='bbox 3102 5093 3276 5155; x_wconf 76' lang='grc' dir='ltr'>1,’Ὶνα</span> <span class='ocrx_word' id='word_1_957' title='bbox 3298 5094 3408 5166; x_wconf 80' lang='grc' dir='ltr'><strong>γὰρ</strong></span> <span class='ocrx_word' id='word_1_958' title='bbox 3428 5096 3502 5167; x_wconf 85' lang='grc' dir='ltr'>μή</span> <span class='ocrx_word' id='word_1_959' title='bbox 3526 5112 3631 5157; x_wconf 81' lang='grc' dir='ltr'>τις.</span> 
     </span>
    </p>
   </div>
   <div class='ocr_carea' id='block_1_116' title="bbox 2061 5158 2996 5233">
    <p class='ocr_par' dir='ltr' id='par_1_116' title="bbox 2061 5158 2996 5233">
     <span class='ocr_line' id='line_1_119' title="bbox 2061 5158 2996 5233; baseline 0.002 -18"><span class='ocrx_word' id='word_1_960' title='bbox 2061 5158 2254 5233; x_wconf 61' lang='lat' dir='ltr'><strong>Cteieri</strong></span> <span class='ocrx_word' id='word_1_961' title='bbox 2281 5173 2330 5233; x_wconf 78' lang='lat' dir='ltr'><strong>et</strong></span> <span class='ocrx_word' id='word_1_962' title='bbox 2352 5158 2632 5223; x_wconf 70' lang='lat' dir='ltr'><strong>eiliti,&quot;lva</strong></span> <span class='ocrx_word' id='word_1_963' title='bbox 2665 5158 2759 5215; x_wconf 75' lang='grc' dir='ltr'>οὖν</span> <span class='ocrx_word' id='word_1_964' title='bbox 2789 5165 2862 5233; x_wconf 85' lang='grc' dir='ltr'>μή</span> <span class='ocrx_word' id='word_1_965' title='bbox 2893 5180 2996 5226; x_wconf 87' lang='grc' dir='ltr'>τις.</span> 
     </span>
    </p>
   </div>
   <div class='ocr_carea' id='block_1_117' title="bbox 2134 5232 3636 5305">
    <p class='ocr_par' dir='ltr' id='par_1_117' title="bbox 2134 5232 3636 5305">
     <span class='ocr_line' id='line_1_120' title="bbox 2134 5232 3636 5305; baseline 0.003 -20"><span class='ocrx_word' id='word_1_966' title='bbox 2134 5232 2244 5305; x_wconf 67' lang='grc'>(55)</span> <span class='ocrx_word' id='word_1_967' title='bbox 2288 5232 2488 5299; x_wconf 56' lang='lat' dir='ltr'><strong>Regius</strong></span> <span class='ocrx_word' id='word_1_968' title='bbox 2519 5233 2727 5300; x_wconf 84' lang='lat' dir='ltr'><strong>primus</strong></span> <span class='ocrx_word' id='word_1_969' title='bbox 2756 5245 2809 5287; x_wconf 88' lang='lat' dir='ltr'><strong>et</strong></span> <span class='ocrx_word' id='word_1_970' title='bbox 2847 5234 3219 5305; x_wconf 67' lang='lat' dir='ltr'><strong>Segueriunus</strong></span> <span class='ocrx_word' id='word_1_971' title='bbox 3246 5234 3510 5289; x_wconf 87' lang='lat' dir='ltr'><strong>omittunt</strong></span> <span class='ocrx_word' id='word_1_972' title='bbox 3540 5237 3636 5288; x_wconf 69' lang='lat' dir='ltr'><strong>nat</strong></span> 
     </span>
    </p>
   </div>
   <div class='ocr_carea' id='block_1_118' title="bbox 2060 5302 2402 5371">
    <p class='ocr_par' dir='ltr' id='par_1_118' title="bbox 2060 5302 2402 5371">
     <span class='ocr_line' id='line_1_121' title="bbox 2060 5302 2402 5371; baseline -0.003 -17"><span class='ocrx_word' id='word_1_973' title='bbox 2060 5302 2402 5371; x_wconf 79' lang='grc' dir='ltr'>ταυτότητος.</span> 
     </span>
    </p>
   </div>
   <div class='ocr_carea' id='block_1_119' title="bbox 2133 5371 3631 5445">
    <p class='ocr_par' dir='ltr' id='par_1_119' title="bbox 2133 5371 3631 5445">
     <span class='ocr_line' id='line_1_122' title="bbox 2133 5371 3631 5445; baseline 0.002 -20"><span class='ocrx_word' id='word_1_974' title='bbox 2133 5371 2245 5445; x_wconf 58' lang='lat' dir='ltr'><strong>(Si)</strong></span> <span class='ocrx_word' id='word_1_975' title='bbox 2288 5373 2379 5428; x_wconf 88' lang='lat' dir='ltr'><strong>S.c</strong></span> <span class='ocrx_word' id='word_1_976' title='bbox 2406 5372 2634 5445; x_wconf 50' lang='lat' dir='ltr'><strong>primus</strong></span> <span class='ocrx_word' id='word_1_977' title='bbox 2681 5372 3111 5445; x_wconf 55' lang='lat' dir='ltr'><strong>code;_Regius</strong></span> <span class='ocrx_word' id='word_1_978' title='bbox 3147 5384 3201 5429; x_wconf 89' lang='lat' dir='ltr'><strong>et</strong></span> <span class='ocrx_word' id='word_1_979' title='bbox 3238 5372 3631 5445; x_wconf 80' lang='lat' dir='ltr'><strong>chuerianus.</strong></span> 
     </span>
    </p>
   </div>
   <div class='ocr_carea' id='block_1_120' title="bbox 2060 5441 2959 5514">
    <p class='ocr_par' dir='ltr' id='par_1_120' title="bbox 2060 5441 2959 5514">
     <span class='ocr_line' id='line_1_123' title="bbox 2060 5441 2959 5514; baseline 0.002 -20"><span class='ocrx_word' id='word_1_980' title='bbox 2060 5441 2131 5495; x_wconf 82' lang='lat' dir='ltr'><strong>At</strong></span> <span class='ocrx_word' id='word_1_981' title='bbox 2155 5443 2245 5514; x_wconf 81' lang='lat' dir='ltr'><strong>alii</strong></span> <span class='ocrx_word' id='word_1_982' title='bbox 2273 5452 2327 5514; x_wconf 82' lang='lat' dir='ltr'><strong>et</strong></span> <span class='ocrx_word' id='word_1_983' title='bbox 2355 5441 2506 5514; x_wconf 67' lang='lat' dir='ltr'><strong>editi,</strong></span> <span class='ocrx_word' id='word_1_984' title='bbox 2539 5443 2633 5495; x_wconf 79' lang='grc' dir='ltr'>κα).</span> <span class='ocrx_word' id='word_1_985' title='bbox 2665 5442 2959 5514; x_wconf 69' lang='grc' dir='ltr'>παρεδόθη.</span> 
     </span>
    </p>
   </div>
   <div class='ocr_carea' id='block_1_121' title="bbox 2132 5510 3635 5584">
    <p class='ocr_par' dir='ltr' id='par_1_121' title="bbox 2132 5510 3635 5584">
     <span class='ocr_line' id='line_1_124' title="bbox 2132 5510 3635 5584; baseline 0 -18"><span class='ocrx_word' id='word_1_986' title='bbox 2132 5512 2244 5584; x_wconf 88' lang='grc'>(55)</span> <span class='ocrx_word' id='word_1_987' title='bbox 2289 5513 2379 5584; x_wconf 83' lang='lat' dir='ltr'><strong>Sic</strong></span> <span class='ocrx_word' id='word_1_988' title='bbox 2414 5510 2623 5584; x_wconf 77' lang='lat' dir='ltr'><strong>Regius</strong></span> <span class='ocrx_word' id='word_1_989' title='bbox 2669 5510 2878 5584; x_wconf 76' lang='lat' dir='ltr'><strong>prtinus</strong></span> <span class='ocrx_word' id='word_1_990' title='bbox 2909 5510 2962 5567; x_wconf 74' lang='lat' dir='ltr'><strong>et</strong></span> <span class='ocrx_word' id='word_1_991' title='bbox 2999 5512 3389 5584; x_wconf 77' lang='lat' dir='ltr'><strong>Seguerianus.</strong></span> <span class='ocrx_word' id='word_1_992' title='bbox 3435 5511 3635 5569; x_wconf 63' lang='lat' dir='ltr'><strong>Ceteri</strong></span> 
     </span>
    </p>
   </div>
   <div class='ocr_carea' id='block_1_122' title="bbox 2059 5581 3636 5654">
    <p class='ocr_par' dir='ltr' id='par_1_122' title="bbox 2059 5581 3636 5654">
     <span class='ocr_line' id='line_1_125' title="bbox 2059 5581 3636 5654; baseline 0.001 -17"><span class='ocrx_word' id='word_1_993' title='bbox 2059 5581 2188 5654; x_wconf 59' lang='lat' dir='ltr'><strong>vero</strong></span> <span class='ocrx_word' id='word_1_994' title='bbox 2216 5592 2270 5638; x_wconf 82' lang='lat' dir='ltr'><strong>et</strong></span> <span class='ocrx_word' id='word_1_995' title='bbox 2296 5583 2446 5654; x_wconf 83' lang='lat' dir='ltr'><strong>editi,</strong></span> <span class='ocrx_word' id='word_1_996' title='bbox 2480 5581 2616 5638; x_wconf 73' lang='grc' dir='ltr'>εἶναι</span> <span class='ocrx_word' id='word_1_997' title='bbox 2650 5583 2755 5654; x_wconf 56' lang='grc' dir='ltr'>ξὺν</span> <span class='ocrx_word' id='word_1_998' title='bbox 2778 5583 2945 5654; x_wconf 15' lang='grc' dir='ltr'>ῨΥὶόν.</span> <span class='ocrx_word' id='word_1_999' title='bbox 2982 5581 3107 5637; x_wconf 59' lang='lat' dir='ltr'><strong>Mos</strong></span> <span class='ocrx_word' id='word_1_1000' title='bbox 3141 5583 3343 5654; x_wconf 77' lang='lat' dir='ltr'><strong>Regius</strong></span> <span class='ocrx_word' id='word_1_1001' title='bbox 3386 5593 3636 5654; x_wconf 78' lang='lat' dir='ltr'><strong>uterque.</strong></span> 
     </span>
    </p>
   </div>
   <div class='ocr_carea' id='block_1_123' title="bbox 2062 5652 3638 5726">
    <p class='ocr_par' dir='ltr' id='par_1_123' title="bbox 2062 5652 3638 5726">
     <span class='ocr_line' id='line_1_126' title="bbox 2062 5652 3638 5726; baseline 0.002 -20"><span class='ocrx_word' id='word_1_1002' title='bbox 2062 5652 2287 5726; x_wconf 82' lang='lat' dir='ltr'><strong>Seguer.</strong></span> <span class='ocrx_word' id='word_1_1003' title='bbox 2314 5652 2533 5726; x_wconf 85' lang='lat' dir='ltr'><strong>Gobler.</strong></span> <span class='ocrx_word' id='word_1_1004' title='bbox 2566 5664 2617 5707; x_wconf 89' lang='lat' dir='ltr'><strong>et</strong></span> <span class='ocrx_word' id='word_1_1005' title='bbox 2649 5652 2888 5726; x_wconf 75' lang='lat' dir='ltr'><strong>Felrlnn.</strong></span> <span class='ocrx_word' id='word_1_1006' title='bbox 2912 5654 2964 5713; x_wconf 77' lang='lat' dir='ltr'><strong>i.</strong></span> <span class='ocrx_word' id='word_1_1007' title='bbox 2987 5654 3128 5726; x_wconf 77' lang='grc' dir='ltr'>ἅπερ</span> <span class='ocrx_word' id='word_1_1008' title='bbox 3152 5652 3338 5718; x_wconf 68' lang='lat' dir='ltr'><strong>didita;</strong></span> <span class='ocrx_word' id='word_1_1009' title='bbox 3365 5653 3503 5726; x_wconf 71' lang='grc' dir='ltr'>ἔχει.</span> <span class='ocrx_word' id='word_1_1010' title='bbox 3530 5652 3638 5709; x_wconf 65' lang='grc' dir='ltr'>λιιι</span> 
     </span>
    </p>
   </div>
   <div class='ocr_carea' id='block_1_124' title="bbox 2062 5724 3314 5797">
    <p class='ocr_par' dir='ltr' id='par_1_124' title="bbox 2062 5724 3314 5797">
     <span class='ocr_line' id='line_1_127' title="bbox 2062 5724 3314 5797; baseline 0.001 -18"><span class='ocrx_word' id='word_1_1011' title='bbox 2062 5732 2117 5779; x_wconf 80' lang='lat' dir='ltr'><strong>et</strong></span> <span class='ocrx_word' id='word_1_1012' title='bbox 2143 5724 2316 5797; x_wconf 61' lang='lat' dir='ltr'><strong>editio</strong></span> <span class='ocrx_word' id='word_1_1013' title='bbox 2348 5725 2801 5797; x_wconf 47' lang='lat' dir='ltr'><strong>Gutnnirliniaita,</strong></span> <span class='ocrx_word' id='word_1_1014' title='bbox 2830 5724 2974 5797; x_wconf 57' lang='grc' dir='ltr'>ἅπερ</span> <span class='ocrx_word' id='word_1_1015' title='bbox 3002 5724 3147 5792; x_wconf 77' lang='grc' dir='ltr'>ἰδίως</span> <span class='ocrx_word' id='word_1_1016' title='bbox 3177 5725 3314 5797; x_wconf 69' lang='grc' dir='ltr'>ἔχει.</span> 
     </span>
    </p>
   </div>
   <div class='ocr_carea' id='block_1_125' title="bbox 2132 5791 3055 5866">
    <p class='ocr_par' dir='ltr' id='par_1_125' title="bbox 2132 5791 3055 5866">
     <span class='ocr_line' id='line_1_128' title="bbox 2132 5791 3055 5866; baseline 0 -17"><span class='ocrx_word' id='word_1_1017' title='bbox 2132 5791 2245 5865; x_wconf 72' lang='grc'>(56)</span> <span class='ocrx_word' id='word_1_1018' title='bbox 2283 5794 2620 5862; x_wconf 74' lang='lat' dir='ltr'><strong>Rasilieusis,</strong></span> <span class='ocrx_word' id='word_1_1019' title='bbox 2650 5792 2756 5847; x_wconf 85' lang='grc' dir='ltr'><strong>τῶν</strong></span> <span class='ocrx_word' id='word_1_1020' title='bbox 2777 5791 3055 5866; x_wconf 74' lang='grc' dir='ltr'>ῥημάτων.</span> 
     </span>
    </p>
   </div>
  </div>
