3944 6222
377 355 486 408 405

955 356 1012 410 8.
1058 356 1428 411 ATHANASII
1474 357 1626 412 OPP.
1671 354 1853 411 PARS
1891 356 1930 410 I.

2081 351 2453 410 msromca
2490 351 2578 407 ET
2618 327 3043 407 DOGMATICA:

3499 351 3604 405 464

375 474 606 525 nomines
641 486 749 527 esse
787 474 1044 528 dicunt“?
1078 486 1151 538 et,
1192 476 1332 542 Quot
1382 495 1537 547 panes
1571 477 1770 530 habetis
1799 475 1858 528 ‘?
1888 484 1939 530 et

2049 471 2370 526 πυνθάνεται
2396 470 2530 541 (67),
2567 470 2704 523 Τίνα
2749 485 2830 536 με
2868 469 3154 536 λέγουσιν
3204 470 3262 518 οἱ
3311 466 3604 533 ἄνθρωποι

378 564 518 626 Quid
551 565 710 616 vultis
741 576 798 618 ut
835 567 1028 634 faciam
1063 569 1204 622 vobis
1233 568 1252 599 "
1278 570 1300 622 ?
1325 585 1390 622 ex
1437 570 1522 622 his
1548 584 1670 638 qua:
1703 568 1940 636 explica-

373 657 573 716 vimus,
609 657 710 710 ista
749 658 911 712 etiam
938 669 1081 714 recte
1115 662 1391 730 possimus
1429 662 1748 730 intelligere,
1775 660 1939 713 mini-

375 763 588 815 meque,
623 759 680 804 ut
713 749 805 805 Dei
835 751 1016 807 hostes
1048 753 1257 816 Ariani,
1292 754 1610 808 scandalum
1645 755 1936 823 patiamur.

374 838 560 910 Itaque
585 843 817 910 primum
863 845 932 898 ab
966 846 1129 914 impie
1173 847 1526 901 sentientibus
1556 845 1940 915 requirendum

373 941 474 993 est,
507 923 773 987 undenam
803 950 926 988 eum
963 935 1213 1004 ignorare
1246 937 1616 991 arbitrentur?
1652 935 1762 992 Nec
1796 937 1940 990 enim

373 1037 519 1086 eum,
548 1027 642 1093 qui
673 1025 989 1095 interrogat,
1018 1044 1240 1083 necesse
1264 1038 1348 1083 est
1379 1030 1626 1098 ignorare
1652 1030 1718 1084 de
1743 1029 1941 1099 quibus

374 1113 670 1186 interrogat
697 1135 714 1171 :
744 1133 932 1172 verum
965 1119 1090 1174 licet
1119 1121 1280 1174 etiam
1319 1123 1578 1175 scientem
1615 1123 1681 1177 de
1708 1124 1794 1177 his
1820 1139 1942 1192 qua!

373 1210 651 1275 cognoscit
673 1210 964 1264 sciscitari.
982 1212 1141 1266 Certe
1169 1213 1285 1282 ipse
1305 1211 1540 1269 Joannes
1566 1214 1841 1270 Christum
1861 1217 1936 1269 in-

371 1308 758 1368 terrogantem,
809 1302 945 1367 Quot
987 1319 1146 1370 panes
1189 1304 1412 1369 habetis,
1461 1321 1566 1361 non
1614 1307 1941 1362 nescientem

373 1391 466 1444 sed
517 1391 773 1446 scientem
815 1395 1079 1462 agnoscit,
1119 1397 1242 1450 hinc
1281 1398 1424 1450 enim
1453 1397 1529 1450 ait
1562 1415 1574 1451 :
1620 1395 1734 1450 Hoc
1767 1409 1942 1451 autem

372 1481 576 1536 dicebat
609 1494 817 1537 (curans
866 1485 1173 1555 Philippum
1211 1503 1228 1540 :
1266 1489 1373 1554 ipse
1411 1488 1549 1539 enim
1582 1487 1778 1540 sciebat
1815 1487 1942 1556 quid

371 1585 504 1628 esset
533 1576 770 1640 [acturus
797 1576 837 1629 ⁸.
873 1575 1027 1642 Quod
1066 1579 1110 1632 si
1157 1587 1381 1631 noverat
1418 1579 1546 1647 quid
1583 1578 1803 1643 faceret,
1833 1595 1941 1632 non

375 1671 539 1738 igitur
566 1671 811 1726 nesciens
843 1673 938 1726 sed
969 1671 1148 1726 sciens
1193 1671 1577 1741 interrogabat.
1614 1670 1729 1726 Hoc
1761 1681 1940 1725 autem

373 1779 439 1816 rx
481 1763 599 1816 loco
651 1764 753 1816 alia
785 1778 1074 1831 possumus
1111 1763 1430 1831 intelligere.
1474 1764 1586 1817 Nec
1612 1763 1752 1816 enim
1786 1764 1940 1833 igno-

2041 561 2214 616 εἷνιιιο
2253 563 2365 626 καὶ,
2401 565 2638 626 Πόσους
2664 559 2830 627 ἔχετε
2857 559 3091 625 ἄρτους·
3140 560 3249 620 καὶ,
3310 559 3374 611 Τί
3404 557 3608 612 θέλετε

2041 656 2141 707 ἵνα
2164 652 2394 718 ποιήσω
2416 652 2572 720 ῠμῖνο
2594 649 2946 719 γινώσκωμεν
2976 650 3038 700 ἐκ
3062 647 3169 701 τῶν
3198 649 3607 720 προειρημένων

2041 748 2140 816 τὴν
2172 745 2337 817 ὀρθὴν
2364 743 2470 796 τῶν
2500 742 2678 814 ῥητῶν
2703 741 2958 804 διάνοιαν,
2994 741 3086 792 καὶ
3137 739 3208 811 μὴ
3241 739 3605 803 σκανδαλιζώ-

2045 838 2182 908 μεθα
2207 837 2348 890 κατά
2404 839 2528 898 τοὺς
2582 834 2974 906 χριστομάχονς
3019 832 3341 902 Ἀρειανούς.
3383 832 3607 902 Πρῶτον

2047 930 2144 998 μὲν
2169 925 2261 981 οὖν
2297 927 2408 996 (68)
2434 929 2544 988 τοῖς
2575 925 2828 978 ἀσεϐοῦσι
2881 924 3035 977 τοῦτο
3078 923 3285 994 ῥητέον,
3331 922 3491 975 πόθεν
3517 939 3607 976 νο-

2045 1021 2290 1092 μίζουσιν
2318 1020 2528 1086 ἀγνοεῖν
2557 1017 2714 1070 αὐτόν
2739 1033 2752 1079 ;
2783 1017 2857 1069 Οὐ
2881 1017 2988 1088 γὰρ
3012 1017 3044 1067 ὁ
3074 1013 3362 1086 ἐπερωτῶν
3390 1013 3610 1077 πάντως

2042 1112 2136 1164 καὶ
2162 1110 2370 1178 ἀγνοῶν
2399 1109 2671 1179 ἐπερωτᾷ*
2695 1107 2809 1160 ἀλλ’
2836 1106 3008 1170 ἔξεστι
3034 1106 3124 1158 τὸν
3150 1105 3327 1158 εἰδότα
3351 1105 3446 1156 καὶ
3473 1107 3610 1175 ἐρω-

2041 1204 2139 1274 τᾷν
2163 1201 2296 1272 (69),
2327 1201 2452 1272 περὶ
2482 1194 2554 1252 ὧν
2584 1200 2888 1253 ἐπίσταται.
2936 1199 3147 1269 ’Λμέλει
3178 1198 3270 1249 καὶ
3294 1199 3322 1249 6
3358 1197 3609 1266 Ἰωάννης

2043 1293 2403 1364 ἐπερωτῶντα
2432 1291 2522 1344 τὸν
2539 1291 2790 1361 Χριστὸν,
2809 1290 3044 1354 Πόσους
3070 1289 3283 1357 ἄρτους
3294 1290 3480 1356 ἔχετε,
3497 1282 3609 1341 οἶδε

2048 1385 2122 1457 μὴ
2140 1384 2452 1453 ἀγνοοῦντα,
2475 1382 2609 1435 ἀλλὰ
2629 1383 2980 1450 γινώσκοντα⁸
3013 1381 3145 1448 φησὶ
3165 1378 3292 1452 γὰρ,
3332 1379 3510 1432 Τοῦτο
3537 1378 3607 1430 δὲ

2041 1479 2212 1546 ἔλεγε
2243 1475 2524 1544 πειράζων
2545 1475 2651 1526 τὸν
2675 1475 2991 1527 Φίλιππον·
3025 1475 3205 1537 αὐτὸς
3235 1473 3343 1541 γὰρ
3373 1471 3521 1540 ᾔδει,
3549 1471 3609 1524 τί

2041 1568 2259 1638 ἔμελλε
2311 1567 2521 1620 ποιεῖν.
2582 1567 2644 1618 El
2707 1565 2762 1618 δὲ
2809 1565 2923 1634 ᾔδει
2962 1566 3097 1634 ὅπερ
3150 1563 3342 1626 ἐποίει,
3371 1565 3470 1616 οὐκ
3497 1563 3607 1636 ἄρα

2041 1658 2271 1726 ἀγνοῶν,
2299 1658 2436 1711 ἀλλά
2454 1657 2733 1725 γινώσκων
2760 1656 3011 1726 ἐπερωτᾷ
3041 1655 3176 1725 (70).
3223 1655 3354 1706 Ἀπὸ
3391 1654 3448 1706 δὲ
3480 1654 3604 1706 τοὺ-

2041 1769 2135 1806 του
2164 1754 2256 1805 καὶ
2295 1751 2362 1804 τὰ
2410 1753 2570 1820 ὅμοια
2609 1753 2744 1803 νοεῖν
2791 1748 3016 1812 ἔξεστιν,
3067 1749 3172 1809 ὅτι,
3203 1749 3328 1801 ὅταν
3357 1749 3534 1817 ἐρωτᾷ
3575 1749 3605 1800 6

371 1869 501 1907 rans
517 1851 780 1906 Dominus
802 1852 1187 1920 interrogabat,
1212 1851 1433 1906 ubinam
1457 1850 1660 1918 jaceret
1677 1849 1936 1913 Lazarus,

2049 1844 2244 1915 Κύριος
2271 1842 2404 1914 (71),
2427 1843 2526 1895 οὐκ
2581 1840 2809 1910 ἀγνοῶν,
2839 1839 2940 1892 ποῦ
2968 1839 3210 1910 Λάζαρος
3260 1841 3456 1900 κεῖται,
3487 1838 3606 1890 οὐδὲ

379 1958 574 2012 neque,
589 1959 747 2012 quem
769 1946 944 2012 ipsum
967 1943 1214 1996 homines
1235 1942 1495 2006 dicerent,
1517 1944 1608 1996 sed
1631 1943 1732 1995 hoc
1760 1945 1935 2012 ipsum

372 2033 518 2102 quod
547 2033 912 2102 interrogabat
938 2049 1292 2103 cognoscens,
1327 2035 1611 2103 sciensque
1637 2034 1765 2103 quid
1797 2045 1939 2087 esset

375 2125 621 2179 facturus
644 2143 656 2178 :
681 2134 843 2193 atque
877 2125 949 2178 ita
985 2124 1236 2180 facillime
1271 2125 1435 2198 466
1473 2135 1689 2180 acutum
1721 2126 1937 2179 illorum

371 2215 646 2283 sophisma
680 2214 928 2268 diluitur.
963 2215 1118 2281 Quod
1147 2217 1192 2271 si
1226 2217 1278 2270 in
1307 2231 1392 2281 eo,
1421 2219 1562 2288 quod
1608 2219 1938 2288 interrogare

368 2306 774 2369 dicitur,velint
821 2307 1104 2372 insistere,
1155 2309 1380 2364 audiant
1426 2310 1628 2365 nullam
1659 2310 1714 2363 in
1737 2310 1938 2364 divini-

370 2407 479 2452 tate
527 2399 882 2467 ignorantiam
938 2401 1215 2466 esse,sed
1256 2402 1534 2472 proprium
1587 2417 1708 2458 esse
1759 2403 1940 2457 carnis

369 2492 657 2561 ignorare,
723 2494 800 2548 uti
851 2493 1054 2548 dictum
1120 2503 1220 2548 est.
1271 2493 1425 2560 Quod
1477 2495 1693 2565 quidem
1747 2511 1934 2550 verum

365 2603 490 2641 esse
517 2589 840 2656 comperies,
872 2589 917 2644 si
943 2591 1198 2645 observes
1229 2607 1337 2660 quo
1361 2601 1518 2660 pacto
1555 2591 1816 2648 Dominus
1843 2593 1935 2662 qui

369 2679 719 2747 interrogavit
753 2681 842 2734 ubi
881 2680 1088 2751 jaceret
1127 2679 1388 2746 Lazarus,
1420 2683 1536 2751 ipse
1563 2698 1670 2736 non
1698 2699 1938 2752 prasens

367 2769 459 2822 sed
493 2770 678 2838 procul
719 2771 917 2826 absens
957 2771 1154 2824 dixerit
1197 2770 1458 2824 Lazarum
1493 2781 1764 2826 mortuum
1795 2789 1934 2833 esse.

368 2874 544 2926 quove
577 2860 775 2914 inloco
798 2871 1047 2914 mortuus
1069 2871 1230 2914 esset.
1261 2860 1324 2914 Et
1349 2877 1476 2914 vero
1506 2861 1594 2916 ille
1624 2863 1936 2932 ipse,quem

367 2950 615 3018 ignarum
636 2965 756 3006 esse
772 2954 1105 3015 existimant,
1128 2953 1173 3006 is
1190 2961 1272 3007 est
1307 2953 1399 3022 qui
1428 2954 1784 3021 cogitationes
1804 2970 1940 3022 prae-

369 3041 550 3094 noscit
591 3041 1002 3112 discipulorum,
1046 3053 1099 3098 et
1137 3060 1258 3114 quae
1301 3045 1354 3097 in
1400 3044 1737 3114 singulorum
1776 3047 1937 3102 corde

368 3143 650 3200 geruntur,
681 3135 920 3204 quidque
959 3137 1030 3189 sit
1059 3136 1110 3189 in
1138 3136 1354 3190 homine
1382 3147 1635 3191 accurate
1662 3140 1849 3193 novit:
1883 3147 1937 3193 et

367 3226 511 3294 quod
536 3227 712 3295 majus
739 3237 841 3290 cst,
861 3229 1008 3282 solus
1031 3231 1144 3298 ipse
1167 3227 1377 3284 Patrem
1407 3230 1684 3300 cognoscit
1703 3239 1756 3284 et
1774 3231 1933 3286 dicit:

369 3316 482 3388 Ego
511 3335 566 3371 in
595 3318 780 3384 Patre,
808 3328 857 3372 et
889 3319 1051 3373 Pater
1073 3321 1128 3373 in
1154 3338 1234 3374 me
1263 3331 1342 3374 est
1366 3321 1409 3376 ⁸.

438 3407 523 3461 58.
559 3407 743 3478 Itaque
769 3410 1022 3465 omnibus
1049 3412 1395 3481 perspicuum
1427 3422 1511 3467 est
1540 3413 1935 3482 ignorationem

369 3505 433 3555 ad
462 3518 676 3556 carnem
706 3504 993 3572 pertinere,
1030 3505 1205 3574 ipsum
1248 3515 1422 3559 autem
1456 3504 1714 3567 Verbum,
1742 3513 1936 3574 quate-

367 3611 472 3650 nus
497 3593 730 3649 Verbum
763 3605 866 3661 est,
898 3598 1078 3650 omnia
1103 3597 1455 3666 priusetiam
1489 3613 1652 3666 quam
1692 3598 1939 3650 oriantur

367 3701 715 3756 cognoscere.
741 3686 849 3743 Nec
879 3689 1024 3742 enim
1045 3703 1110 3743 eo
1139 3689 1282 3759 quod
1308 3689 1471 3744 homo
1491 3689 1664 3744 iactus
1689 3689 1778 3754 sit,
1800 3688 1939 3744 Deus

367 3795 488 3834 esse
505 3779 665 3833 desiit
694 3799 707 3834 :
734 3795 910 3850 neque
932 3781 1060 3850 quia
1087 3781 1232 3837 Deus
1253 3792 1358 3849 est,
1380 3781 1432 3836 id
1463 3781 1612 3852 quod
1639 3782 1938 3834 humanum

367 3881 452 3925 est
479 3871 614 3942 fugit
638 3890 651 3925 :
681 3873 858 3940 absit;
889 3874 983 3928 sed
1012 3874 1194 3943 potius
1211 3872 1353 3928 Deus
1378 3889 1502 3929 cum
1537 3879 1702 3934 esset,
1722 3886 1939 3925 carnem

367 3964 685 4034 assumpsit,
720 3973 773 4020 et
815 3981 938 4021 cum
987 3974 1132 4021 esset
1177 3965 1233 4020 in
1277 3980 1462 4030 carne,
1508 3979 1727 4019 carnem
1765 3963 1938 4033 ipsam

397 4081 428 4153 "
465 4081 655 4136 Matth.
692 4099 802 4149 xvr,
841 4082 928 4137 1³5.

441 4197 555 4271 (67)
593 4197 685 4253 Sic
715 4207 942 4271 uterque
968 4199 1168 4268 Regius
1211 4210 1264 4255 et
1302 4201 1688 4271 Seguerianus.
1728 4199 1798 4253 At
1829 4199 1941 4254 Go-

368 4267 646 4342 blel'iantts
690 4278 743 4322 et
767 4267 1112 4342 Felckmanni
1147 4267 1717 4342 ῃιδὶιιιυεξέρωτῶντος
1751 4271 1940 4334 αὑτοῦ,

503 4337 749 4412 Λάζαρος
784 4342 987 4412 -κείται,
1017 4341 1111 4393 καὶ
1132 4335 1553 4412 πυνθανομένου.
1584 4342 1684 4393 Alii
1712 4349 1763 4394 et
1787 4342 1939 4412 editi,

371 4407 1143 4483 καὶμπυνθανομένον-ὃταν-εἰς
1165 4410 1234 4463 τά
1266 4407 1406 4483 μέρή
1427 4412 1761 4483 Καισαρείας
1791 4410 1938 4483 ἔλθῃ.

2039 1935 2159 1988 τινα
2191 1933 2435 2002 λέγουσιν
2484 1933 2642 1986 αὑτὸν
2691 1930 2828 1984 εἶναι
2880 1932 2929 1983 οἱ
2991 1931 3282 2002 ἄνθρωποι,
3334 1932 3602 2001 ἐπερωτᾷ,

2040 2027 2172 2080 ἀλλὰ
2200 2025 2479 2095 γινώσκων
2504 2026 2639 2094 ὅπερ
2686 2023 2868 2096 ἠρώτα
2917 2023 3097 2086 αὐτὸς,
3133 2021 3286 2084 εἰδὼς
3323 2023 3375 2074 τί
3425 2022 3605 2092 μέλλει

2041 2121 2229 2173 ποιεῖν·
2258 2119 2354 2172 καὶ
2387 2117 2596 2186 ταχέως
2628 2117 2723 2186 μὲν
2755 2116 2931 2168 αὐτῶν
2965 2114 3106 2169 οὕτω
3135 2115 3196 2169 τὸ
3229 2115 3387 2183 σοφὸν
3415 2114 3608 2168 ἐκϐάλ-

2039 2211 2204 2262 λεται.
2238 2209 2333 2262 Ἂν
2361 2208 2417 2262 δὲ
2438 2207 2807 2276 φιλονεικῶσιν
2842 2206 2953 2274 (72)
2988 2206 3067 2259 ἔτι
3092 2205 3179 2259 διὰ
3221 2207 3282 2258 τὺ
3303 2207 3603 2278 ἐπερωτᾷν,

2039 2300 2401 2364 ἁκουέτωσαν,
2437 2300 2518 2352 ὅτι
2545 2301 2601 2352 ἐν
2629 2299 2727 2369 μὲν
2765 2301 2831 2369 τῇ
2863 2297 3073 2367 θεότητι
3099 2299 3198 2351 οὐκ
3225 2298 3368 2352 ἐστιν
3394 2300 3603 2368 ἄγνοια,

2037 2391 2136 2461 τῆς
2166 2390 2223 2443 δὲ
2261 2389 2462 2457 σαρκὸς
2487 2387 2616 2440 ἴδιόν
2653 2389 2767 2440 ἐστι
2799 2388 2860 2440 τὸ
2907 2389 3138 2456 ἀγνοεῖν,
3170 2386 3418 2459 καθάπερ
3451 2388 3604 2459 εἰρη-

2037 2499 2147 2536 ται.
2183 2481 2293 2533 Καὶ
2323 2480 2577 2534 ὃτιτοῦτο
2597 2478 2790 2548 ἀληθές
2823 2481 2990 2542 ἐστιν,
3022 2480 3122 2549 ὅρα
3175 2479 3291 2542 πῶς
3337 2482 3366 2532 ὁ
3405 2481 3608 2551 Κύριος

2039 2575 2154 2644 (75)
2174 2575 2202 2626 6
2235 2572 2654 2642 πυνθανόμενος,
2681 2571 2782 2624 ποῦ
2799 2571 3044 2642 Λάζαρος
3071 2573 3267 2636 κεῖται,
3291 2572 3452 2634 αὐτὸς
3487 2569 3605 2624 εἷπε

2043 2664 2115 2736 μὴ
2147 2663 2358 2735 παρὼν,
2398 2663 2532 2716 ἀλλὰ
2573 2663 2668 2716 καὶ
2716 2661 2932 2734 μακρὰν
2955 2662 3050 2727 ὢν,
3076 2663 3321 2734 Λάζαρος
3347 2663 3602 2726 ἀπέθανε,

2038 2758 2132 2810 καὶ
2160 2755 2263 2808 ποῦ
2314 2753 2603 2808 ἀπέθανεν.
2677 2755 2733 2806 ’0
2777 2753 2834 2806 δὲ
2881 2756 2998 2806 κατ’
3025 2754 3222 2817 αὐτοὺς
3258 2754 3606 2824 νομιζόμενος

2039 2849 2270 2916 ἀγνοεῖν,
2306 2847 2464 2908 αὑτός
2487 2848 2631 2898 ἐστιν
2671 2847 2698 2898 6
2737 2845 2862 2907 τοὺς
2891 2845 3270 2916 διαλογισμοὺς
3297 2845 3404 2898 τῶν
3437 2846 3608 2916 μαθη-

2035 2939 2146 2993 τῶν
2183 2936 2589 3010 προγινώσκων,
2612 2937 2704 2989 καὶ
2726 2936 2880 2999 εἰδὼς
2903 2937 2974 2990 τὰ
3015 2938 3072 2991 ἐν
3095 2939 3161 3007 τῇ
3200 2938 3430 2990 ἐκάστου
3476 2954 3610 3009 καρ-

2036 3030 2143 3101 δίᾳ,
2167 3031 2260 3083 καὶ
2289 3029 2340 3082 τί
2370 3031 2516 3082 ἐστιν
2543 3030 2600 3080 ἐν
2647 3026 2726 3098 τῷ
2755 3026 3045 3098 ἀνθρώπῳ·
3073 3029 3165 3080 καὶ
3189 3028 3250 3080 τό
3293 3044 3358 3096 γε
3403 3028 3606 3099 μεῖζον,

2039 3120 2202 3182 αὐτὸς
2232 3119 2386 3190 μόνος
2416 3117 2672 3186 γινώσκει
2722 3115 2812 3169 τὸν
2853 3117 3093 3188 Πατέρα,
3125 3119 3219 3170 καὶ
3249 3117 3413 3186 λέγει·
3464 3116 3610 3189 Ἐγὼ

2037 3211 2107 3263 ἐν
2135 3207 2215 3274 τῷ
2243 3207 2444 3276 Πατρὶ,
2475 3209 2571 3262 καὶ
2606 3211 2638 3262 ό
2662 3206 2862 3276 Πατὴρ
2887 3209 2998 3279 (74)
3029 3209 3099 3261 ἐν
3120 3209 3269 3278 ἐμοί.

2107 3413 2196 3468 58.
2231 3412 2438 3466 Οὐκοῦν
2461 3413 2622 3466 παντὶ
2648 3412 2806 3466 τοῦτο
2849 3412 3005 3484 δῆλόν
3037 3416 3199 3476 ἐστιν,
3247 3415 3328 3467 ὅτι
3367 3414 3465 3485 τῆς
3511 3415 3615 3485 μὲν

2041 3507 2241 3576 σαρκός
2267 3509 2378 3559 ἐστι
2415 3506 2475 3558 τὸ
2497 3507 2730 3574 ἀγνοεῖν,
2776 3507 2936 3570 αὐτὸς
2981 3507 3036 3559 δὲ
3071 3508 3098 3558 6
3142 3507 3331 3575 Λόγος,
3439 3508 3611 3576 Λόγος

2038 3598 2174 3659 ἐστὶ,
2205 3595 2272 3648 τὰ
2302 3597 2478 3650 πάντα
2522 3596 2615 3650 καὶ
2669 3598 2798 3667 πρὶν
2849 3597 3117 3663 γενέσεως
3163 3597 3435 3665 γινώσκει.
3475 3599 3609 3652 Οὐδὲ

2039 3689 2148 3758 γὰρ
2184 3688 2317 3756 (75),
2348 3688 2536 3758 ἐπειδὴ
2575 3687 2800 3756 γέγονεν
2852 3689 3154 3760 ἄνθρωπος,
3206 3691 3476 3744 πέπαυται
3514 3690 3609 3744 τοῦ

2041 3774 2178 3831 εἶναι
2203 3778 2355 3841 Θεός·
2383 3779 2522 3840 οὐδὲ,
2556 3779 2742 3850 ἐπειδὴ
2775 3779 2907 3842 Θεός
2933 3780 3070 3842 ἐστι,
3098 3780 3286 3850 φεύγει
3317 3781 3376 3834 τὸ
3398 3780 3609 3850 ἀνθρώ-

2043 3885 2214 3923 πινονο
2259 3871 2332 3940 μὴ
2360 3871 2594 3938 γένοιτ-οε
2627 3871 2762 3924 ἀλλὰ
2795 3871 2990 3942 μᾶλλον
3029 3871 3158 3936 Θεὸς
3185 3871 3280 3936 ὢν,
3310 3873 3617 3944 προσελάμ-

2045 3961 2173 4015 ϐανε
2201 3961 2312 4030 (76)
2340 3961 2438 4033 τὴν
2467 3963 2665 4033 σάρκα,
2691 3965 2785 4017 καὶ
2828 3967 2886 4018 ἐν
2911 3966 3074 4036 σαρκὶ
3105 3962 3180 4017 ὣν
3207 3964 3469 4018 ἐθεοποίει
3496 3955 3612 4036 ¹τὴν

1006 4082 1028 4112 ⁸
1064 4081 1230 4137 Marc.
1268 4099 1345 4147 Vt,
1380 4082 1468 4137 '58.
1546 4083 1566 4113 "
1606 4080 1802 4135 Matth.
1827 4098 1919 4148 xx,

2124 4079 2145 4110 ⁸
2182 4077 2341 4132 Joan.
2372 4094 2448 4142 γι,
2477 4079 2528 4132 6.
2605 4080 2626 4111 ⁹
2666 4079 2826 4135 Joan.
2857 4081 3081 4148 xuv,10.

2049 4197 2185 4272 άλλά
2215 4198 2496 4272 γινώσκων
2534 4199 2677 4272 ὅπερ
2711 4198 2898 4272 ἠρώτα
2920 4201 3115 4272 ἀὺτᾴς,
3133 4200 3352 4272 _habent
3392 4201 3527 4272 Reg.
3557 4201 3610 4264 I,

2052 4217 2185 4252 αΛΛα
2215 4217 2496 4266 γινώσκων
2534 4217 2632 4252 οπε
2711 4217 2898 4270 ηρωτα
2937 4217 3115 4265 αυτος,
3154 4217 3352 4256 nauem
3393 4217 3527 4272 Reg.
3557 4217 3609 4264 ‘l,

2052 4269 2272 4341 Seguer.
2311 4267 2526 4341 Gobler.
2555 4278 2610 4341 et
2639 4217 2874 4325 Eelckm.
2967 4279 3019 4324 et
3045 4271 3098 4333 5,
3131 4269 3295 4325 Basil.
3325 4272 3609 4341 Anglican.

2049 4336 2222 4407 eaque
2258 4339 2384 4402 legit
2415 4336 2679 4393 Nannius.
2705 4342 2773 4392 At
2801 4340 2852 4393 in
2881 4340 3000 4393 aliis
3024 4350 3076 4392 et
3099 4336 3610 4396 editioneCo'mmel.

2047 4410 2440 4482 desiderantur.
2494 4407 2849 4482 Gobleriauus
2892 4420 2947 4465 ct
2994 4409 3347 4466 Felckmanni
3404 4412 3616 4482 primus

371 4476 575 4551 Ibidem
609 4470 846 4551 uterque
865 4479 995 4551 Reg.
1025 4470 1247 4549 Seg’ller.
1266 4470 1491 4551 'Al'tg'lic.
1519 4491 1573 4533 et
1607 4470 1796 4538 Rasil—u
1823 4470 1942 4551 τίνα
1973 4474 2021 4532 ι)
2047 4480 2304 4551 omittunt
2333 4479 2529 4551 iht_dem
2561 4480 2716 4550 ὅπερ.

375 4564 442 4616 με
493 4547 760 4614 λέγουσινί
808 4547 1023 4604 Gobler.
1057 4547 1118 4604 et
1144 4547 1393 4606 Felckm.
1422 4553 1467 4613 I,
1501 4553 1620 4604 τίνα
1653 4551 1813 4603 αὑτὸν
1852 4550 1934 4602 λέ-

370 4633 578 4683 γουσιν.
609 4617 802 4673 Caneri
837 4629 891 4675 et
913 4621 1078 4675 editio
1105 4619 1560 4688 Commeliniana,
1589 4619 1712 4674 τίνα
1754 4620 1943 4688 λέγου-

371 4703 477 4742 σιν.

446 4759 556 4826 (68)
601 4759 691 4813 Sic
729 4761 860 4829 Reg.
896 4761 948 4826 1,
984 4761 1210 4831 Seguer.
1253 4761 1471 4817 Gobler.
1514 4771 1572 4831 et
1611 4759 1852 4816 Feb-km.
1887 4760 1940 4815 I.

371 4828 428 4884 In
458 4831 582 4884 aliis
613 4828 891 4885 autemet
915 4828 1151 4886 editione
1181 4831 1448 4886 Commel.
1479 4829 1572 4886 οὖν
1595 4835 1768 4886 deest.

447 4901 558 4972 (769)
602 4900 805 4968 Regius
855 4902 1064 4971 primus
1108 4911 1163 4955 et
1213 4903 1600 4972 Seguerianus,
1637 4903 1938 4972 ἐπερωτᾷν.

369 4957 472 5025 Alii
501 4957 556 5043 et
593 4957 742 5034 editi,
775 4957 1004 5043 ὲρώτᾷν.
1038 4972 1238 5026 Ibidem
1281 4957 1482 5043 Regius
1510 4957 1719 5042 primus
1741 4957 1809 5025 ἐι
1846 4957 1945 5043 3e-

369 5042 686 5114 guerianus.
706 5041 1106 5114 Ἀμέλειλκαιιό
1139 5043 1410 5114 Ἰωάννῃς.
1447 5041 1787 5114 Basiliensis,
1809 5042 1946 5114 άμε-

367 5085 509 5184 λειλῤ
543 5085 812 5184 Ἰωάννηὲ
852 5113 1211 5184 Goblerianus
1238 5122 1292 5167 et
1319 5085 1664 5167 F‘t‘élckmanni
1717 5085 1942 5180 prim‘u's,

369 5182 560 5256 ἀμέλει
598 5183 690 5256 καὶ
720 5182 996 5256 Ἰωάννης.
1028 5183 1132 5237 Alii
1170 5191 1224 5236 et
1253 5185 1405 5256 editi,
1424 5184 1649 5256 Ἀμέλει
1671 5184 1941 5256 Ἰωάννης.

373 5249 573 5325 Ibidem
601 5252 802 5325 Regius
833 5249 1068 5325 primus,
1097 5249 1458 5325 ἐπερωτῶντα
1488 5249 1582 5308 τὸν
1611 5254 1836 5325 Κύριον.

447 5321 559 5394 (_70)
601 5321 801 5394 Regius
833 5321 1061 5393 'primus
1109 5335 1163 5394 et
1204 5321 1612 5394 'Seguerianus,
1667 5321 1940 5393 ἐπερώτα.

373 5389 570 5473 Ibidem
597 5389 956 5450 Goblerianus
993 5405 1048 5450 et
1088 5389 1437 5451 Felckuianni
1484 5396 1714 5464 primus.
1743 5389 1852 5448 άπὸ
1878 5395 1944 5466 δὴ

371 5476 560 5514 τουτου
569 5499 582 5513 ο

445 5530 566 5653 (71)
600 5530 799 5595 Regius
833 5535 1042 5605 primus
1089 5545 1144 5588 et
1193 5534 1582 5602 Seguerianus,
1619 5534 1801 5603 ἐρωτᾶ
1833 5534 1946 5587 Κύ-

445 5616 509 5653 >ς.
565 5600 660 5653 1οκ
692 5603 852 5653 iidem
902 5604 1149 5653 λέγουσιν
1181 5607 1342 5653 αὐτὸν
1373 5607 1422 5653 οἱ
1453 5605 1750 5653 ἄνθρωποι.
1776 5590 1941 5653 Iidem

374 5590 509 5670 ριος.
539 5590 660 5653 Mox
681 5590 852 5656 'iideni
902 5604 1149 5671 λέγουσιν
1181 5590 1342 5658 αὐτὸν
1373 5607 1422 5658 οἱ
1453 5590 1750 5675 ἄνθρωποι.
1776 5590 1941 5658 Iidem

373 5669 571 5724 ibidem
608 5680 663 5724 et
691 5671 1053 5728 Goblerianus
1113 5685 1166 5727 et
1197 5674 1545 5730 Felckmanni
1589 5675 1816 5738 urimus,
1848 5676 1943 5726 ἐπ-

370 5738 577 5814 ηρώτα.
626 5741 732 5799 Alii
766 5752 818 5798 et
851 5743 1003 5806 editi,
1036 5745 1306 5817 ἐπερωτᾷ.
1348 5745 1548 5800 Ibidem
1587 5743 1702 5799 haec
1752 5745 1938 5810 verba,

2117 4549 2230 4616 (7'2)
2272 4548 2362 4620 Sic
2392 4548 2593 4620 Regius
2617 4548 2824 4616 primus
2864 4559 2918 4604 et
2962 4549 3347 4620 Seguerianus.
3379 4551 3482 4605 Alii
3509 4566 3613 4606 au-

2045 4629 2151 4671 tem
2183 4628 2234 4671 et
2257 4619 2512 4688 editis.“
2535 4618 2591 4671 δὲ
2617 4620 2708 4672 καὶ
2739 4618 3130 4688 φιλονεικῶσιν.

2115 4689 2227 4758 (75)
2270 4687 2361 4743 Sic
2405 4687 2536 4757 Reg.
2574 4690 2619 4742 1.
2660 4687 2881 4758 Seguer.
2919 4691 3136 4746 Gobler.
3187 4703 3242 4746 et
3283 4691 3522 4747 Felckm.
3557 4691 3610 4744 1.

2045 4757 2100 4811 In
2128 4757 2267 4814 aliis
2303 4768 2354 4812 et
2401 4759 2560 4812 editis
2604 4762 2632 4812 6
2676 4757 2850 4814 deest.
2899 4760 3104 4815 Ibidem
3153 4762 3516 4818 Goblerianus
3559 4770 3615 4814 et

2044 4827 2392 4915 FBIt‘kLﬂaIIIII
2438 4829 2642 4910 primus
2664 4871 2678 4894 ,
2725 4830 2975 4915 Λάζαρος
3006 4835 3193 4914 ,κεῖται
3213 4875 3247 4915 ,_
3273 4829 3614 4915 ttaxpﬁa‘tlby

2045 4898 2170 4971 ἔφη.
2204 4898 2406 4971 Regius
2445 4899 2660 4971 primus
2693 4909 2748 4954 et
2799 4898 3163 4970 Seguerianus
3214 4898 3434 4968 ibidem,
3479 4901 3616 4956 ἀλλά

2045 4968 2146 5046 και
2192 4969 2408 5046 μ-ᾳκράν
2456 4968 2552 5046 ῶν.
2603 4970 2707 5024 Alii
2739 4968 2992 5046 etediti,
3021 4973 3167 5046 άλλά
3191 4973 3407 5046 μακράν
3433 4971 3611 5046 ἀπών.

2043 5039 2192 5103 Mox,
2220 5039 2352 5105 Reg.
2387 5041 2438 5101 1,
2466 5039 2692 5108 Seguer.
2729 5040 2949 5096 Gobler.
2980 5053 3034 5096 et
3080 5039 3320 5099 Felékm.
3350 5045 3401 5108 1,
3445 5043 3513 5096 ’0
3556 5043 3614 5096 δὲ

2043 5109 2415 5233 κατᾷαὑτούς.
2447 5109 2638 5167 Caneri
2689 5119 2744 5166 et
2789 5112 2958 5167 editio
3001 5111 3446 5173 Commeliniana.
3465 5114 3528 5166 '0
3553 5112 3614 5166 δὲ

2043 5199 2148 5233 κατ
2208 5197 2354 5233 τους.

2043 5197 2186 5235 κατα
2208 5197 2354 5244 τους,

2115 5251 2227 5324 (71)
2270 5251 2361 5324 Sic
2397 5261 2624 5324 uterque
2668 5252 3068 5324 Reg._Seguer.
3105 5253 3273 5308 Basil.
3311 5253 3530 5310 Gobler.
3559 5262 3612 5306 et

2045 5321 2374 5394 Felckm._l.
2393 5321 2501 5394 Alii
2530 5331 2585 5394 et
2614 5321 2777 5378 editio
2806 5321 3256 5386 Conimeliniana,
3286 5325 3380 5378 καὶ
3408 5325 3609 5394 πατήρ.

2045 5393 2245 5446 Ibidem
2269 5391 2474 5463 Regius
2494 5393 2702 5463 primus
2735 5403 2784 5447 et
2813 5395 3199 5457 Scitne-ianus,
3233 5394 3392 5448 παντί
3419 5411 3498 5463 τῳ
3521 5391 3619 5462 δῆο

2043 5463 2332 5535 λόνᾷἐστιν.
2369 5460 2562 5535 Caneri
2590 5475 2643 5516 et
2665 5464 2823 5528 editi,
2851 5465 3012 5516 παντὶ
3044 5465 3198 5518 τοῦτο
3226 5465 3382 5535 δῆλόν
3407 5460 3578 5535 ἐστιν.

2114 5532 2227 5604 (75)
2270 5532 2474 5604 Regius
2507 5535 2714 5599 primus
2747 5543 2801 5587 et
2831 5535 3220 5603 Seguerianus,
3246 5532 3318 5587 σὺ
3351 5534 3479 5604 γάρ.

2115 5600 2242 5686 (79).
2267 5602 2712 5686 .Ilegips-primu‘s
2745 5615 2794 5686 et
2831 5600 3613 5686 ξεᾴυιίιςίοηυεηπρόώἀῴάο-

2047 5671 2146 5727 νει.
2168 5671 2377 5730 Ibidem
2403 5671 2690 5727 FelemA’.
2717 5682 2772 5726 et
2799 5671 2964 5727 editio
2994 5671 3423 5730 Commeliniana
3447 5671 3602 5728 omit-

2048 5755 2166 5798 tunt
2197 5744 2288 5797 καὶ
2318 5746 2376 5796 ἐν
2401 5745 2558 5814 σαρκὶ
2587 5741 2662 5798 ῶν
2695 5744 2953 5797 ὲΘεοποίει
2981 5745 3076 5816 τὴν
3106 5745 3298 5814 σάρκα.
