3944 6222
377 343 484 398 4117

941 343 998 399 S.
1037 344 1413 401 ATHANASII
1453 345 1605 402 OPP.
1646 342 1839 401 PARS
1875 325 2031 399 1.5-—
2066 341 2441 399 HISTORICA
2478 342 2572 398 ET
2624 340 3047 399 DOGMATICA.‘

3506 341 3619 397 408

375 462 562 525 posset
587 455 905 512 esse?Nudi
939 459 1082 514 enim
1116 460 1378 530 profecto.
1411 461 1693 532 timidique
1719 469 1776 515 et
1806 476 1951 515 mor—

2064 459 2243 531 ὦσπερ
2268 455 2429 530 ἦσαν.
2462 459 2678 529 γυμνοὶ,
2711 457 2809 511 καὶ
2831 457 3070 521 δείλαιοι,
3119 455 3213 510 καὶ
3243 458 3446 527 νεκροὶ,
3469 455 3621 509 οὐδὲν

377 548 478 613 tui,
530 550 720 617 quales
761 558 950 613 erant,
989 561 1352 615 remanerent,
1397 555 1709 624 nullamque
1752 569 1943 609 eorum

377 654 499 707 quae
523 636 663 693 Filio
688 641 813 695 data
851 650 978 697 sunt
1016 643 1278 699 haberent
1309 646 1767 701 communionem.
1804 645 1944 712 Quid

377 744 542 798 porro
559 729 797 785 Verbum
829 733 1045 788 advenit
1067 744 1121 789 et
1137 751 1266 792 caro
1297 736 1496 791 factum
1528 738 1651 791 est?
1680 736 1736 790 Si
1758 737 1946 793 uthaac

377 822 645 892 acciperet
662 840 783 893 (una:
805 827 1080 896 accepisse
1108 828 1270 882 dicit:
1296 845 1525 883 vacuum
1549 829 1713 898 igitur
1738 828 1821 884 his
1849 845 1947 883 an-

344 968 359 973 ,
380 921 466 965 tea
498 921 635 975 erat,
669 915 1004 984 omninoque
1033 916 1271 971 futurum
1296 928 1378 973 est
1401 926 1460 971 ut
1493 918 1673 988 potius
1701 918 1804 987 ipsi
1825 934 1948 973 cor-

377 1004 494 1072 pori
512 1005 780 1060 maximas
797 1006 990 1061 habeat
1006 1009 1228 1077 gratias.
1245 1025 1354 1077 quo
1376 1009 1626 1064 videlicet
1646 1019 1944 1079 assumpto,

380 1095 485 1147 ista
512 1109 541 1148 a
565 1093 724 1149 Patre
747 1099 1034 1165 acceperit,
1057 1115 1178 1168 qua:
1201 1110 1491 1169 antequam
1522 1102 1579 1154 in
1608 1116 1827 1155 carnem
1852 1101 1949 1155 ad-

379 1185 634 1249 venisset,
661 1202 766 1240 non
786 1188 1006 1253 habuit;
1042 1205 1107 1244 ac
1147 1190 1373 1258 proinde
1405 1189 1637 1247 Verbum
1677 1190 1949 1246 videbitur

380 1276 576 1332 melius
605 1288 823 1347 propter
864 1294 1064 1348 corpus
1101 1280 1350 1335 eﬂectum
1384 1296 1525 1347 esse,
1557 1297 1721 1351 quam
1750 1298 1948 1350 corpus

380 1376 598 1436 propter
639 1368 841 1437 ipsum.
882 1368 1083 1424 Verum
1134 1378 1245 1425 tota
1283 1369 1511 1426 Iudaica
1554 1380 1638 1427 est
1679 1373 1947 1441 ejusmodi

380 1459 671 1513 sententia.
706 1461 774 1513 At
818 1462 865 1515 si
890 1460 1128 1516 Verbum
1176 1464 1324 1517 venit
1356 1472 1414 1517 ut
1454 1464 1735 1518 hominum
1777 1480 1950 1533 genus

380 1551 691 1618 redimeret,
715 1560 879 1622 atque
905 1562 965 1607 ut
991 1563 1212 1610 sanctos
1243 1555 1365 1610 illos
1386 1563 1439 1609 et
1460 1556 1675 1609 divinos
1704 1556 1950 1611 redderet

381 1654 509 1696 raro
530 1640 733 1697 factum
748 1653 828 1699 est
861 1643 1054 1714 (hujus
1080 1646 1224 1700 enim
1253 1647 1425 1714 gratia
1448 1661 1578 1700 caro
1595 1645 1794 1702 factum
1811 1647 1915 1715 est)
1932 1664 1950 1701 ε

381 1736 468 1789 cui
509 1736 748 1790 nondum
781 1739 1123 1806 exploratum
1159 1745 1329 1791 estea
1369 1753 1490 1806 quae
1528 1752 1650 1791 cum
1680 1753 1809 1793 caro
1837 1737 1952 1794 fac-

2053 544 2225 597 κοινὸν
2251 544 2461 615 ἔχοντες
2487 545 2622 616 πρὸς
2677 544 2743 598 τὰ
2796 543 3014 598 δοθέντα
3040 542 3118 614 τῷ
3165 542 3297 614 Υἱῷ.
3348 544 3411 596 Τί
3438 544 3496 596 δὲ
3527 545 3627 597 καὶ

2056 637 2341 707 ἐπεδήμει,
2373 637 2466 689 καὶ
2504 636 2710 705 ἐγίνετο
2761 636 2873 706 (8.7)
2923 634 3058 707 σὰρξ
3118 637 3147 689 ὁ
3188 636 3392 704 Λόγος;
3428 635 3491 687 Εἰ
3522 634 3625 705 μὲν

2056 726 2144 780 ἴνα
2172 725 2308 797 λάϐῃ
2359 727 2551 788 ταῦτα,
2609 727 2752 797 ἅπερ
2802 726 2948 796 λέγει
3003 724 3298 796 εἰληφέναι·
3355 724 3510 788 κενὸς
3553 720 3630 794 ἦν

2052 818 2255 871 τούτων
2278 818 2381 888 πρὸ
2414 818 2623 882 τούτου,
2659 817 2719 881 ἐξ
2746 818 2988 887 ἀνάγκης
3023 816 3077 870 δὲ
3109 818 3202 870 καὶ
3229 816 3388 888 χάριν
3428 814 3620 885 ὁμολο-

2053 913 2215 982 γήσει
2236 910 2434 980 μᾶλλον
2458 911 2617 974 αὐτὸς
2650 910 2728 980 τῷ
2782 909 3014 981 σώματι,
3047 912 3151 975 ὅτι,
3178 911 3266 964 ὅτε
3291 911 3511 980 γέγονεν
3542 910 3624 973 εἰς

2055 1004 2206 1066 αὐτὸ,
2232 1003 2353 1055 τότε
2379 1002 2643 1074 λαμϐάνει
2668 1002 2840 1056 ταῦτα
2871 1002 3023 1074 παρὰ
3079 1001 3173 1056 τοῦ
3228 1003 3457 1074 Πατρὸς,
3482 1001 3517 1055 ὃ.
3547 1001 3627 1073 μὴ

2053 1090 2167 1165 εἶχε
2196 1094 2302 1165 πρὸ
2328 1096 2426 1164 τῆς
2453 1096 2534 1157 εἰς
2576 1095 2675 1164 τὴν
2732 1096 2909 1165 σάρκα
2953 1093 3198 1147 καθόδου.
3258 1095 3367 1148 Καὶ
3422 1093 3529 1164 γὰρ
3558 1095 3631 1149 ὲκ,

2052 1187 2240 1241 τούτου
2271 1185 2573 1255 βελτιωθεὶς
2599 1186 2843 1254 φαίνεται
2865 1186 3060 1256 μᾶλλον
3082 1184 3241 1249 αὐτὸς
3260 1184 3348 1239 διὰ
3376 1185 3437 1238 τὸ
3467 1184 3633 1255 σῶμα.

2053 1278 2177 1348 ἢτὸ
2209 1277 2367 1347 σῶμα
2400 1277 2686 1347 βελτιωθὲν
2723 1278 2788 1331 δι’
2842 1278 3021 1330 αὐτόν.
3072 1276 3230 1330 Ἀλλὰ
3284 1276 3441 1329 τοῦτο
3493 1277 3626 1330 ’1ου-

2053 1366 2235 1421 δαῖκόν
2273 1369 2388 1420 ἐστι
2411 1368 2472 1420 τὸ
2500 1367 2777 1439 φρόνημα.
2812 1368 2881 1421 Εἰ
2932 1367 2975 1420 δ’
3009 1366 3096 1420 ἵνα
3142 1365 3485 1438 λυτρώσηται
3510 1367 3622 1437 (88)

2053 1458 2114 1511 τὸ
2139 1456 2292 1527 γένος
2317 1459 2425 1511 τῶν
2470 1457 2789 1528 ἀνθρώπων,
2849 1459 3189 1530 ἐπεδήμησεν
3230 1460 3258 1511 ὁ
3298 1457 3486 1525 Λόγος,
3533 1458 3629 1511 καὶ

2058 1549 2142 1601 ἵνα
2182 1549 2375 1612 αὐτοὺς
2402 1549 2602 1622 ἁγιάσῃ
2634 1550 2725 1602 καὶ
2755 1548 3069 1620 θεοποιήσῃ,
3122 1547 3342 1617 γέγονεν
3387 1549 3417 1600 ὁ
3454 1547 3627 1616 Λόγος

2058 1639 2194 1712 σὰρξ
2223 1640 2441 1710 (τούτου
2463 1640 2570 1712 γὰρ
2595 1641 2705 1712 (89)
2739 1641 2898 1712 χάριν
2920 1641 3012 1694 καὶ
3032 1639 3243 1712 γέγονε)
3270 1657 3284 1670 ·
3312 1639 3417 1691 τίνι
3442 1638 3632 1692 λοιπὸν

2055 1734 2155 1786 οὐκ
2174 1732 2289 1785 ἐστι
2323 1732 2581 1803 φανερὸν,
2620 1734 2703 1787 ὄτι
2747 1731 2901 1786 ταῦθ’
2944 1732 3087 1802 άπερ
3133 1730 3409 1802 εἰληφέναι
3459 1729 3627 1798 λέγει,

379 1837 494 1882 tum
529 1838 632 1895 est,
654 1844 713 1884 se
739 1831 1018 1899 accepisse
1037 1839 1285 1892 testatur,
1312 1845 1417 1885 non
1444 1841 1667 1900 propter
1689 1832 1949 1900 seipsum,

2064 1824 2146 1876 ὅτε
2174 1825 2365 1893 γέγονε
2397 1824 2552 1896 σὰρξ,
2588 1824 2648 1878 οὐ
2680 1823 2747 1876 δι’
2774 1823 2986 1888 ἑαυτὸν,
3025 1823 3161 1876 ἀλλὰ
3184 1823 3272 1877 διὰ
3316 1823 3414 1893 τὴν
3449 1820 3628 1892 σάρκα

380 1920 476 1976 sed
502 1932 721 1992 pr0pter
745 1936 963 1976 carnem
998 1935 1055 1976 se
1084 1921 1363 1991 accepisse
1390 1922 1733 1991 signiﬁcare?
1766 1921 1954 1991 Siqui-

381 2013 502 2067 dem
529 2013 718 2082 gratiaa
762 2028 858 2082 Per
883 2014 1061 2082 ipsum
1094 2028 1125 2066 a
1155 2011 1313 2067 Patre
1337 2014 1483 2068 datae
1531 2013 1597 2068 ad
1658 2015 1805 2069 illam
1833 2031 1956 2084 per-

379 2104 623 2158 tinebant
645 2120 864 2159 carnem
893 2143 909 2168 ,
952 2104 1006 2158 in
1051 2120 1158 2173 qua
1197 2105 1288 2158 ille
1323 2106 1438 2174 ipse
1466 2113 1583 2159 crat
1620 2106 1712 2175 qui
1743 2106 1845 2160 ista
1878 2106 1957 2159 lo—

379 2195 666 2263 quebatur.
699 2195 992 2252 Videamus
1019 2206 1199 2250 autem
1225 2212 1471 2265 quaenam
1499 2198 1729 2265 petebat,
1762 2208 1815 2252 et
1835 2214 1958 2268 qua:

378 2287 598 2343 tandem
627 2289 714 2343 illa
753 2298 880 2344 sunt
917 2305 1038 2360 quae
1079 2304 1139 2344 se
1170 2291 1446 2358 accepisse
1477 2292 1634 2354 dixit,
1675 2300 1733 2345 ut
1760 2294 1950 2347 saltem

380 2377 453 2431 ita
486 2378 562 2431 illi
592 2380 934 2435 erubescant.
972 2379 1212 2434 Gloriam
1242 2380 1404 2450 igitur
1432 2382 1724 2448 petebat",
1746 2383 1953 2438 aiebat~

379 2485 505 2538 que,
530 2469 720 2525 Omnia
749 2472 879 2525 mihi
900 2472 1100 2525 tradita
1125 2473 1307 2525 sunt"
1337 2491 1349 2526 :
1383 2484 1677 2542 postsuam
1706 2474 1837 2528 item
1860 2489 1948 2529 re-

376 2561 767 2616 surrectionem
801 2577 861 2615 se
889 2576 1103 2617 omnem
1137 2564 1410 2631 accepisse
1450 2574 1768 2632 potestatem
1800 2563 1949 2619 al‘lir-

376 2659 490 2704 mat
508 2651 568 2704 ".
586 2652 746 2722 Atqui
765 2637 1225 2724 antequamfdixit,
1242 2653 1431 2709 Omnia
1445 2656 1574 2708 mihi
1591 2655 1788 2708 tradita
1802 2663 1945 2715 sunt,

377 2742 622 2796 omnium
643 2745 1023 2800 eratdomiuus
1050 2764 1063 2799 :
1088 2746 1286 2815 quippe
1323 2762 1447 2801 cum
1466 2747 1646 2801 omnia
1662 2761 1757 2816 per
1772 2747 1953 2814 ipsum.

377 2832 520 2888 facta
533 2836 644 2889 sint
657 2836 721 2899 ³⁸,
734 2844 789 2891 et
806 2837 1396 2905 unusessetDominus,
1413 2854 1675 2909 perquem
1687 2839 1870 2892 omnia
1888 2838 1953 2891 ιθ.

381 2923 640 2980 Similiter
678 2943 800 2982 cum
842 2929 1070 2998 gloriam
1111 2932 1437 2999 postularet,
1475 2930 1736 2986 Dominus
1770 2931 1957 3001 utique

380 3014 560 3084 gloriae
575 3024 755 3071 eterat
771 3027 940 3082 etest,
959 3021 1036 3074 uti
1051 3020 1250 3077 Paulus
1269 3031 1525 3077 testatur:
1546 3021 1605 3078 Si
1620 3025 1755 3076 enim
1779 3040 1962 3094 cogno-

378 3102 591 3169 uissent,
650 3122 917 3176 nunquam
948 3108 1232 3165 Dominum
1275 3111 1460 3180 gloria-2
1487 3113 1870 3180 cruci/imisseut
1892 3112 1957 3167 ".

2060 1917 2323 1986 λέγει;ὲν
2356 1912 2525 1991 ᾖγὰρ
2566 1913 2634 1989 ἦν
2676 1917 2868 1986 λέγων,
2911 1917 3112 1989 ταύτης
3172 1913 3240 1987 ἦν
3281 1917 3374 1971 καὶ
3401 1916 3471 1969 τὰ
3493 1916 3636 1969 διδό-

2065 2025 2201 2078 μενα
2224 2008 2536 2078 χαρίσματα
2561 2008 2629 2062 δι’
2660 2007 2825 2064 αὐτοῦ
2859 2008 3011 2080 παρὰ
3028 2007 3121 2061 τοῦ
3149 2008 3377 2079 Πατρός.
3414 2007 3547 2060 Τίνα
3570 2005 3630 2058 δὲ

2059 2093 2127 2168 ἦν
2146 2097 2181 2152 ἂ
2205 2099 2405 2168 ᾐτεῖτο,
2438 2097 2657 2168 ἴδωμεν,
2703 2098 2800 2151 καὶ
2824 2098 2943 2151 τίνα
2967 2093 3034 2168 ἦν
3058 2097 3194 2159 ὅλως
3228 2095 3363 2165 (90),
3386 2093 3422 2149 ἃ.
3448 2093 3632 2163 ἔλεγεν

2062 2189 2361 2260 εἰληφέναι,
2398 2189 2483 2243 ἵνα
2507 2188 2608 2242 κᾶν
2641 2188 2813 2254 οὕτως
2851 2188 3131 2244 αἰσθέσθαι
3158 2187 3455 2259 δυνηθῶσιν
3486 2188 3631 2240 έκεῖ-

2060 2299 2159 2336 νοι.
2187 2282 2354 2349 Δόξαν
2376 2281 2553 2335 τοίνυν
2573 2283 2770 2351 ᾐτεῖτο,
2796 2282 2888 2334 καὶ
2903 2281 3075 2350 ἔλεγε·
3097 2279 3300 2335 Πάντα
3320 2298 3423 2349 μοι
3449 2295 3631 2347 παρε-

2057 2374 2235 2441 δόθη·
2300 2374 2394 2427 καὶ
2457 2372 2596 2444 μετὰ
2642 2373 2742 2444 τὴν
2794 2373 3087 2428 ἀνάστασιν
3153 2371 3397 2436 ἐξουσίαν
3453 2369 3640 2423 πᾶσάν

2058 2482 2221 2537 φησιν
2247 2464 2548 2536 εἰληφέναι.
2597 2464 2762 2519 Ἀλλὰ,
2810 2465 2903 2518 καὶ
2947 2464 3074 2535 πρὶν
3108 2462 3259 2535 εἴπῃ,
3298 2460 3504 2515 Πάντα
3529 2477 3633 2529 μοι

2055 2556 2370 2625 παρεδόθη,
2403 2557 2617 2610 πάντων
2644 2550 2713 2626 ἦν
2735 2554 2938 2625 Κύριος
2963 2572 2975 2582 ·
3008 2553 3183 2607 πάντα
3211 2551 3318 2623 γὰρ
3355 2552 3424 2605 δι’
3465 2547 3634 2604 αὑτοῦ

2053 2648 2286 2716 ἐγένετο·
2328 2649 2421 2702 καὶ
2481 2642 2559 2710 εἷς
2614 2647 2816 2718 Κύριος
2845 2642 2950 2717 ἦν,
2982 2645 3046 2700 δι’
3080 2637 3140 2698 οὗ
3171 2642 3241 2697 τὰ
3284 2643 3479 2697 πάντα·
3540 2641 3636 2694 καὶ

2056 2740 2210 2805 δόξαν
2242 2742 2339 2813 μὲν
2363 2739 2561 2806 αἰτῶν,
2596 2738 2798 2811 Κύριος
2829 2738 2929 2809 τῆς
2965 2737 3120 2807 δόξης
3150 2733 3218 2808 ἦν
3246 2737 3340 2789 καὶ
3368 2733 3533 2797 ἐστιν,
3558 2731 3637 2794 ὡς

2063 2832 2273 2896 Παῢλός
2304 2849 2469 2901 φησιν
2503 2830 2633 2901 (91)·
2670 2831 2741 2883 Εἰ
2779 2829 2888 2900 γὰρ
2936 2830 3230 2899 ἔγνωσαν,
3280 2829 3389 2881 οὐκ
3415 2825 3491 2879 ἂν
3530 2823 3639 2878 τὸν

2062 2927 2278 2994 Κύριον
2304 2921 2412 2991 τῆς
2432 2922 2617 2991 δόξης
2637 2923 3051 2991 ἐσταύρωσαν.
3082 2915 3208 2990 Εἶχε
3233 2919 3342 2989 γὰρ
3360 2918 3428 2988 ἢν
3453 2916 3636 2988 ᾐτεῖτο

2065 3018 2259 3087 λέγων·
2277 3014 2355 3083 Τῇ
2379 3014 2527 3084 δόξῃ
2558 3010 2598 3087 ᾖ
2628 3011 2793 3084 εἶχον
2820 3012 2935 3083 πρὸ
2967 3012 3072 3067 τοῦ
3105 3011 3212 3065 τὸν
3238 3011 3468 3079 κόσμον
3484 3003 3640 3061 εἶναι

2067 3105 2223 3177 παρὰ
2254 3104 2374 3158 σοί.
3556 3108 3562 3113 ’

379 3194 620 3252 Habebat
666 3200 933 3269 siquidem
992 3219 1155 3270 quam
1201 3203 1513 3272 bujusmodi
1579 3205 1833 3273 poscebat
1888 3201 2068 3258 verbis
2113 3219 2128 3253 :
2178 3196 2360 3252 Gloria
2405 3211 2565 3265 quam
2618 3192 2801 3259 habui,
2850 3194 3159 3265 priusquam
3208 3192 3432 3248 mundus
3482 3197 3647 3256 esset,

377 3295 518 3343 arma
553 3299 602 3341 te
619 3290 681 3344 ’⁸.

449 3445 538 3499 40.
562 3443 892 3498 Potestatem
916 3443 1140 3508 pariter,
1173 3458 1337 3512 quam
1359 3452 1482 3512 post
1504 3442 1951 3497 resurrectionem

2131 3437 2220 3492 10.
2256 3438 2365 3491 Καὶ
2400 3437 2498 3509 τὴν
2549 3437 2798 3504 ἐξουσίαν
2836 3438 2895 3492 δὲ
2919 3439 2985 3510 ἣν
3022 3437 3173 3508 ἔλεγε
3217 3435 3356 3509 μετὰ
3385 3438 3484 3509 τὴν
3510 3438 3643 3493 ἀνά-

379 3533 653 3602 accepisse
685 3532 836 3597 dicit,
867 3532 1056 3585 habuit
1084 3533 1247 3586 etiam
1296 3531 1615 3600 priusquam
1660 3544 1778 3583 eam
1814 3528 1955 3584 acci-

381 3634 551 3693 peret,
593 3638 856 3692 suamque
901 3631 1028 3677 ante
1072 3622 1550 3677 resurrectionem.
1594 3618 1806 3677 Etenim
1839 3621 1955 3691 ipse

380 3730 475 3784 per
499 3731 558 3770 se
588 3715 766 3784 ipsum
805 3713 1060 3768 Satanam
1102 3715 1180 3769 sic
1211 3713 1545 3783 increpabat,
1564 3711 1759 3766 Recede
1789 3729 1822 3766 a
1848 3729 1950 3778 me,

382 3806 589 3862 Satana
614 3807 693 3869 “;
720 3805 836 3860 suis
862 3808 991 3859 item
1017 3804 1301 3875 discipulis
1337 3813 1659 3873 potestatem
1690 3804 1954 3858 adversus

378 3896 535 3950 illum
562 3895 712 3951 dedit
733 3896 802 3959 ³ο,
829 3911 953 3950 cum
986 3897 1091 3951 illis
1116 3896 1349 3951 reversis
1376 3896 1471 3959 ait,
1520 3893 1769 3948 Videbam
1794 3894 1958 3950 Sata-

379 4004 505 4041 nam
525 3990 665 4042 sicut
682 3987 864 4057 fulgur
891 3989 954 4041 de
982 3988 1109 4041 crelo
1140 3988 1411 4041 cadentem
1434 3988 1500 4039 ".
1524 3987 1723 4041 Verum
1758 3985 1955 4039 iterum

381 4078 833 4133 ostenditurillud
869 4079 1013 4146 quod
1043 4080 1318 4148 accepisse
1337 4078 1488 4142 dicit,
1516 4077 1675 4131 etiam
1701 4076 1960 4131 habuisse

383 4168 706 4237 priusquam
739 4168 1030 4235 acciperet.
1074 4166 1352 4237 Siquidem
1384 4167 1659 4221 dazmoues
1677 4167 1956 4238 abigebat,

380 4265 438 4312 et
461 4257 866 4328 quaeligaverat
894 4256 1147 4323 Satanas,
1179 4257 1297 4325 ipse
1335 4257 1607 4323 solvebat,
1628 4267 1688 4311 ut
1728 4264 1873 4326 patet
1903 4257 1958 4310 in

380 4350 474 4405 illa
496 4349 729 4403 Abrahae
749 4349 859 4402 tilia
880 4343 953 4401 δ’.
985 4348 1216 4403 Pcecata
1252 4348 1397 4402 idem
1438 4348 1791 4412 condonavit,
1830 4362 1955 4402 cum

384 4439 681 4509 paralytico
706 4448 761 4493 et
783 4437 995 4493 mulieri
1024 4454 1147 4507 quae
1169 4437 1346 4508 ipsius
1373 4438 1529 4493 unxit
1554 4439 1739 4508 pedes,
1772 4438 1909 4492 dixit
1941 4455 1953 4491 :

2063 3545 2249 3584 στασιν
2275 3530 2576 3601 εἰληφέναι,
2603 3530 2808 3602 ταύτην
2830 3525 2944 3601 εἶχε
2973 3531 3066 3584 καὶ
3089 3530 3194 3602 πρὸ
3208 3528 3303 3583 τοῦ
3326 3530 3642 3595 λαϐεῖν,καὶ

2062 3622 2166 3693 πρὸ
2191 3623 2288 3694 τῆς
2310 3623 2675 3688 ἀναστάσεως.
2706 3623 2877 3687 Αὐτὸς
2901 3624 2999 3694 μὲν
3025 3622 3133 3695 γὰρ
3156 3622 3389 3694 ἐπετίμα
3408 3621 3476 3675 δι’
3511 3622 3641 3675 ἑαυ-

2057 3715 2151 3768 τοῦ
2174 3715 2250 3787 τῷ
2288 3716 2497 3787 Σατανᾷ
2518 3716 2625 3786 (9i)
2650 3715 2844 3785 λέγων,
2880 3717 3110 3784 ’Ὕπαγε
3138 3715 3329 3768 ὀπίσω
3352 3730 3492 3783 μου,
3524 3715 3642 3767 Σα-

2065 3804 2237 3860 τανᾶ·
2257 3809 2370 3870 τοῖς
2384 3807 2439 3859 δὲ
2468 3806 2733 3878 μαθηταῖς
2749 3806 2920 3859 ἐδίδου
2939 3807 3055 3859 κατ’
3070 3804 3233 3859 αὐτοῦ
3253 3804 3348 3876 τὴν
3361 3803 3633 3871 ἐξουσίαν,

2061 3896 2150 3947 ὅτε
2173 3894 2265 3946 καὶ
2285 3935 2298 3958 ,
2337 3894 2792 3964 ὑποστρεψάντων
2830 3894 3038 3958 αὐτῶν,
3070 3893 3254 3962 ἔλεγεν
3274 3910 3289 3925 ·
3317 3891 3640 3961 Ἐθεώρουν

2060 3986 2168 4039 τὸν
2195 3984 2469 4040 Σατανᾶν
2500 3988 2580 4053 ὡς
2603 3985 2941 4055 ἀστραπὴν,
2966 3987 3232 4040 πεσόντα
3266 3985 3333 4039 ἐκ
3383 3985 3491 4039 τοῦ
3532 3986 3639 4038 οὐ-

2055 4076 2269 4146 ρανοῦ.
2313 4076 2472 4129 Ἀλλά
2509 4077 2601 4129 καὶ
2640 4076 2800 4130 πάλιν
2835 4078 2967 4146 (95),
2998 4077 3134 4148 ὅπερ
3187 4075 3370 4145 ἔλεγεν
3415 4074 3643 4145 εἰληφέε

2064 4183 2171 4231 ναι,
2198 4167 2353 4219 τοῦτο
2379 4168 2475 4219 καὶ
2518 4167 2624 4238 πρὸ
2651 4165 2745 4219 τοῦ
2770 4166 2951 4220 λαϐεῖν
2993 4166 3128 4237 ἔχων
3172 4165 3463 4219 δείκνυται·
3512 4163 3641 4229 τούς

2033 4274 2121 4334 ¹τε
2153 4257 2261 4331 γάρ
2289 4258 2546 4329 δαίμονας
2597 4258 2897 4330 ἀπήλαυνε·
2934 4260 3026 4313 καὶ
3059 4259 3202 4330 άπερ
3253 4258 3442 4329 ἔδησεν
3470 4256 3578 4326 (94)
3608 4256 3653 4311 ὁ

2064 4348 2328 4412 Σατανᾶς,
2383 4349 2533 4402 ἔλυεν
2567 4350 2729 4413 αὐτὸς
2747 4390 2762 4415 ,
2807 4350 2882 4414 ὡς
2914 4350 3008 4403 ἐπὶ
3030 4351 3132 4420 τῆς
3160 4348 3518 4421 Ἀϐραμιαίας
3544 4346 3641 4400 θυ-

2063 4442 2263 4514 γατρὸς
2293 4441 2533 4512 ἐποίησε·
2563 4442 2655 4495 καὶ
2693 4441 2967 4513 ἁμαρτίας
3014 4442 3184 4510 ἠφίει,
3217 4440 3390 4510 λέγων
3429 4439 3507 4511 τῷ
3532 4455 3642 4493 πα-

455 4577 498 4608 ¹²
533 4572 693 4629 Joan.
729 4572 935 4637 xvuJ.
1015 4573 1057 4605 ¹³
1074 4571 1205 4626 Luc.
1245 4589 1302 4636 κ,
1339 4572 1431 4627 2‘2.
1513 4570 1768 4641 “Matth.
1804 4587 1947 4625 xxvn

2064 4573 2111 4627 Β.
2191 4574 2234 4605 ¹⁸
2273 4572 2430 4627 Joan.
2465 4573 2585 4639 1,3.
2664 4572 2708 4604 ¹⁶
2746 4571 3046 4635 lCor.vm,
3075 4572 3129 4627 ϐ.
3209 4574 3256 4607 ¹⁷λ
3290 4571 3308 4626 l
3338 4573 3553 4641 Cor-.11,
3576 4572 3645 4631 8..

383 4645 430 4679 “
466 4644 625 4701 Joau.
656 4659 790 4707 xm,
821 4644 874 4697 5.
952 4643 1000 4676 η
1032 4642 1226 4698 Matth.
1254 4659 1339 4710 tv,
1368 4641 1455 4696 10.

1557 4642 1609 4673 ³ο
1643 4640 1777 4695 Luc.
1810 4658 1839 4695 ι
1865 4681 1878 4705 ,
1912 4643 1996 4696 19.

2097 4644 2139 4675 ἰ
2182 4642 2315 4699 ibid.
2345 4643 2432 4697 18.
2538 4644 2583 4674 ”
2622 4641 2755 4698 Luc.
2783 4658 2905 4710 xm,
2946 4642 3032 4697 16.

453 4786 565 4858 (87)
604 4786 808 4857 Regius
838 4788 1131 4858 primuset
1163 4786 1551 4858 Sggueriauus,
1581 4786 1810 4858 ἐγίνετο.
1842 4785 1951 4841 Cae-

2139 4785 2252 4858 (90)
2294 4786 2495 4856 Regius
2525 4787 2734 4858 primus
2759 4796 2814 4841 et
2841 4786 3230 4858 Segueriauus,
3267 4786 3401 4858 Τίνα
3429 4784 3484 4838 δὲ
3514 4784 3639 4838 ῐδω-

379 4855 482 4914 ῑριίί
516 4855 571 4912 et
599 4855 746 4920 editi,
781 4857 1018 4925 ἐγένετο.
1046 4857 1166 4910 Mox
1209 4856 1408 4923 Regius
1437 4858 1645 4925 primus
1669 4866 1723 4909 et
1749 4855 1952 4924 Segue'

380 4928 771 5001 γῇαιιυελᾶπερ
811 4922 959 5001 λέγει
986 4922 1477 5001 εἰληφέναιίξιενδς
1503 4922 1590 5001 ἦν,
1626 4934 1732 5001 etc.
1763 4922 1961 4980 Goble-

382 4999 571 5066 riaaus
604 4995 751 5053 item'
776 5007 830 5052 et
874 4995 1220 5052 Felckrua'nni
1262 4996 1492 5066 primus.
1525 4995 1837 5066 εἰληφέναι·
1872 5012 1961 5048 κε-

381 5069 474 5189 νξς
499 5064 594 5155 ᾖν,
629 5079 733 5124 etc.
766 5067 872 5123 Alii
897 5075 952 5122 et
973 5068 1105 5123 editi
1145 5067 1182 5122 ἃ
1214 5065 1360 5134 λέγει
1390 5064 1696 5134 εἰληφέναι·
1732 5067 1828 5120 καὶ
1869 5082 1961 5118 κε-

383 5155 411 5189 ν
444 5157 472 5189 c
496 5156 586 5189 ην.

383 5155 472 5202 νος
496 5156 586 5206 ην.

457 5229 569 5295 (88)
610 5229 810 5296 Regius
844 5229 1054 5296 primus
1081 5237 1137 5282 et
1165 5228 1556 5297 Seguerianus,
1585 5227 1649 5298 τρ
1677 5226 1955 5298 φρόνημα.

384 5299 464 5369 Ei,
504 5298 547 5349 δ’
573 5300 660 5352 ἵνα
707 5295 1068 5369 λυτρώσηται.
1107 5295 1468 5369 Goblcrianus
1508 5305 1564 5369 et
1610 5295 1960 5369 Eelckma'uni

387 5367 596 5438 primus
620 5366 836 5431 ibidem,
865 5366 1205 5438 λυτρώσηται
1232 5369 1294 5420 τὸ
1317 5368 1476 5438 γένος
1499 5367 1607 5438 τῶν
1631 5366 1955 5438 ἀνθρώπων.

387 5435 491 5489 Alii
517 5446 569 5510 et
592 5438 753 5510 etliti._
778 5439 893 5490 ἐστι
922 5435 1189 5510 φρόνημα.
1225 5438 1288 5490 Εἰ
1310 5437 1367 5491 δὲ
1396 5439 1482 5490 ἵνα
1506 5436 1754 5507 λυτρωθῇ
1783 5437 1845 5489 τὸ
1868 5436 1961 5505 γέ-

388 5522 477 5576 νος
504 5506 564 5558 τὸ
588 5506 945 5576 ἀνθρώπινον.

457 5574 590 5647 (89)-
617 5573 709 5647 Sic
754 5575 952 5643 Regius
984 5579 1207 5647 primus
1239 5588 1292 5632 et
1331 5573 1802 5647 Segueriaqus._ln
1835 5575 1957 5647 aliis

386 5653 437 5696 et
467 5644 626 5695 editis
645 5644 797 5714 deest
827 5647 953 5714 γάρ.
982 5644 1101 5701 Mox
1141 5644 1499 5702 Goblerinnus
1525 5655 1573 5700 et
1608 5645 1955 5699 Felckmanni

383 5714 614 5784 primus,
641 5711 830 5777 ταῦτα,
857 5711 998 5785 ἆέτερ
1024 5718 1115 5768 καὶ
1143 5717 1383 5785 γέγονεν,
1410 5714 1687 5784 εἰληφέναι
1714 5715 1877 5781 λέγει.

2066 4874 2171 4979 ἑθεν
2198 4852 2239 4908 δι’
2259 4852 2456 4926 ᾐτεῖτο,
2495 4852 2538 4927 ἢ’
2561 4856 2680 4910 τίνα
2705 4852 2791 4979 Ἦ,
2822 4852 2937 4911 etcf
2959 4856 3158 4911 Ibidem
3189 4856 3549 4910 Goblerianus
3579 4864 3643 4910 et

2111 4925 2412 4979 elckmanni
2457 4928 2713 4979 primus.”
2791 4926 2891 4979 τίν’
2919 4922 2986 4979 ἦν
3018 4927 3152 4979 ὅλως
3180 4927 3381 4979 ἔλεγεν.

2111 4922 2412 4998 εἰςιιηίἰξηῐιί
2432 4922 2760 4998 hpr'imusQH
2791 4926 2891 4981 τίν’
2919 4922 2994 4998 ἦν
3018 4927 3152 4990 ὅλως
3180 4927 3381 4998 ἐλεγιῇν.

2138 4996 2247 5066 (91)
2293 4995 2383 5050 Sic
2430 4994 2563 5066 Reg.
2599 4997 2651 5060 1,
2698 4994 3181 5064 SeguerfGobler.
3213 5005 3266 5050 et
3311 4995 3546 5052 Felcltm.
3575 4996 3635 5051 1.

2064 5065 2261 5139 Λιςοίῇί
2294 5076 2348 5139 et
2371 5065 2529 5139 editi,
2554 5067 2648 5120 καὶ
2680 5067 2756 5139 ᾡς
2786 5069 2814 5120 ὁ
2845 5067 3052 5139 Παῢλός
3085 5084 3269 5139 φησιν.

2137 5135 2246 5204 (92)
2291 5134 2382 5191 Sic
2418 5135 2563 5207 Reg.
2597 5138 2649 5201 1,
2700 5138 2922 5204 Seguer.
2970 5134 3188 5193 Gobler.
3223 5146 3276 5189 et
3305 5134 3541 5207 Felckm.
3578 5134 3634 5188 1.

2062 5204 2133 5257 At
2161 5206 2250 5259 alii
2282 5215 2335 5259 et
2366 5204 2976 5261 editidCouimeliniaua
3005 5208 3277 5275 omittunt
3295 5205 3371 5275 τῷ
3392 5206 3629 5275 Σατανᾷ.

2109 5276 2248 5398 6393)
2291 5276 2648 5332 Gobleriauus
2688 5286 2742 5333 et
2790 5275 3138 5332 Felckmauui
3201 5273 3448 5346 primus,
3493 5273 3647 5330 ἀλλὰ

2161 5364 2247 5398 .ιν.

2064 5363 2247 5399 πάλιν.

2136 5438 2249 5509 (94)
2290 5438 2419 5507 Reg.
2460 5437 2512 5501 1,
2546 5436 2773 5508 chuer.
2803 5438 3020 5493 Gobler.
3050 5447 3122 5509 et“
3141 5437 3380 5493 Felckm.
3409 5439 3462 5509 1,
3490 5434 3640 5509 ᾇπερ

2065 5504 2272 5582 ἔδησεν.
2306 5504 2411 5582 Alii
2448 5523 2579 5582 vero
2626 5504 2684 5582 et
2720 5510 2871 5582 editi,
2906 5509 3064 5582 άπερ,
3092 5504 3161 5579 ἦν
3205 5504 3634 5582 δήσαςηιίἠιέριὶι

2065 5574 2296 5650 uterque
2329 5578 2536 5648 Regius
2563 5589 2617 5634 et
2647 5580 2798 5650 Seg.,
2832 5574 3218 5635 ἔλυεν.’(ἒξεὶρι·ἰ
3249 5574 3305 5636 ἐι
3327 5577 3486 5642 editi,
3509 5574 3642 5630 ἔλυμ-

2065 5666 2174 5706 σεν.

2144 4913 2412 4980 ἰριίηὶὀηῐιί
2445 4913 2684 4993 ’ρι’ἱιηιιε,
