3944 6222
291 377 394 436 ᾹίἸ

1401 377 1660 434 ORATIO
1701 377 1768 434 ill
1805 374 2086 434 CONTRA
2127 375 2445 434 ARIANOS.

3437 373 3543 432 418

307 489 426 544 Υἱοῦ
453 491 716 564 ὥρισται,
757 493 848 546 καὶ
871 487 1008 544 οἶδεν
1041 491 1200 555 αὐτὸς
1249 493 1308 545 τὺ
1334 493 1400 546 δι’
1433 494 1597 546 αὑτοῦ
1637 493 1868 564 ὀρισθέν.

1983 492 2087 546 dies
2116 493 2203 546 illa
2235 504 2286 546 et
2313 493 2444 548 hora
2473 509 2500 546 a
2525 491 2808 560 Patrejam
2837 492 2905 546 sit
2924 489 3162 554 dellnita,
3193 490 3538 562 perspicuum

301 583 464 638 Οὐδὲν
497 584 611 656 γάρ
645 587 814 645 ἐστιν,
841 585 870 636 ὃ
900 584 973 654 μὴ
1000 583 1086 638 διὰ
1117 583 1258 656 ,Υἱοῦ
1289 585 1476 652 γέγονέ
1515 603 1574 638 τε
1628 587 1720 638 καὶ
1747 587 1878 657 ὥρι-

309 693 447 731 σται·
477 677 676 729 οὐκοῦν
699 677 858 738 αὐτὸς
886 677 1209 748 δημιουργὸς
1244 675 1318 730 ὢν
1351 677 1443 730 τοῦ
1492 677 1710 740 παντὸς,
1741 673 1876 730 οἶδεν

305 771 486 820 ὁποῖον
519 767 618 820 καὶ
639 769 854 832 ὁπόσον,
889 767 982 820 καὶ
1010 768 1112 830 ἕως
1139 768 1282 830 τίνος
1307 767 1438 820 αὐτὸ
1491 767 1740 834 γενέσθαι
1788 767 1876 837 βε·-

305 859 566 930 ϐούληται
621 859 648 910 6
681 861 891 930 Πατήρ·
923 860 979 910 ὲν
1012 859 1068 912 δὲ
1095 857 1172 928 τῷ
1205 859 1355 929 πόσῳ
1401 858 1496 912 καὶ
1548 859 1707 930 μέχρι
1733 858 1877 919 τίνος

303 951 504 1022 ἐστὶνὴ
537 949 740 1003 τούτων
770 949 974 1020 ἀλλαγὴ
1007 951 1140 1020 (55).
1192 949 1362 1002 Πάλιν
1411 966 1469 1002 τε
1519 951 1567 1002 εἰ
1596 951 1768 1003 πάντα
1810 949 1878 1002 τὰ

299 1039 396 1092 τοῦ
421 1041 634 1112 Πατρὸς
655 1040 746 1094 τοῦ
777 1040 906 1093 Υἰοῦ
941 1042 1074 1093 ἐστι·
1108 1039 1266 1093 τοῦτο
1315 1040 1423 1111 γὰρ
1455 1040 1612 1104 αὐτὸς
1663 1039 1874 1112 εἴρηκε·

301 1129 394 1182 τοῦ
423 1132 480 1184 δὲ
537 1131 748 1202 Πατρός
800 1133 914 1182 ἐστι
961 1129 1022 1184 τὸ
1067 1132 1266 1186 εἰδέναι
1327 1133 1422 1200 τὴν
1454 1131 1689 1202 ἡμέραν,
1720 1131 1876 1200 δῆλον

299 1223 382 1276 ὅτι
411 1223 530 1292 (54)
551 1225 646 1278 καὶ
667 1227 695 1276 6
715 1223 842 1287 Υἱὸς
866 1220 1022 1288 οἶδεν,
1055 1223 1184 1278 ἴδιον
1205 1223 1342 1294 ἔχων
1365 1224 1457 1276 καὶ
1505 1223 1663 1276 τοῦτο
1695 1225 1759 1276 ὲκ
1783 1223 1874 1276 τοῦ

299 1315 537 1386 Πατρός.
559 1315 666 1369 Καὶ
690 1316 869 1376 πάλιν,
899 1320 948 1370 εί
969 1319 996 1370 ὀ
1025 1317 1152 1379 Υίὺς
1177 1317 1234 1370 ὲν
1263 1315 1341 1386 τῷ
1368 1316 1563 1388 Ila-.91,
1591 1315 1684 1368 καὶ
1715 1316 1743 1368 6
1766 1317 1877 1368 Πα-

297 1406 404 1478 τὴρ
449 1409 506 1460 ὲν
537 1405 614 1477 τῷ
635 1406 765 1478 Υἱῷ,
795 1403 900 1460 οἶδε
929 1408 984 1460 δὲ
1003 1409 1031 1460 6
1057 1407 1246 1478 Πατὴρ
1289 1406 1386 1476 τὴν
1419 1404 1630 1476 ἡμέραν
1663 1406 1756 1458 κα)⁵
1779 1403 1876 1474 τὴν

295 1495 468 1568 ἔρραν’
493 1498 744 1569 φανερὸν,
777 1499 857 1550 ὅτι
883 1498 977 1551 καὶ
1028 1500 1055 1550 6
1104 1497 1230 1559 Υἱὸς
1281 1497 1337 1550 ὲν
1367 1495 1443 1564 τῷ
1477 1496 1650 1568 Ila-cpi.
1676 1495 1751 1548 ῶν
1783 1495 1876 1548 καὶ⁹

297 1585 456 1648 είὸὼς
477 1587 547 1640 τὰ
573 1589 631 1639 ἐν
651 1586 726 1656 τῷ
750 1587 942 1657 Πατρὶ,
975 1580 1082 1640 οἶδε
1105 1585 1199 1638 καὶ
1229 1583 1388 1647 αὐτὸς
1415 1583 1510 1654 τὴν
1540 1581 1749 1654 ἡμέραν
1781 1582 1876 1634 καὶ

197 1720 204 1724 .
297 1676 393 1748 τὴν
421 1675 590 1748 ὥραν.
627 1679 688 1730 Εἰ
709 1677 764 1730 δὲ
799 1681 892 1730 καὶ
917 1676 1078 1730 είκὼν
1113 1679 1257 1730 ἐστιν
1290 1673 1515 1746 ἀληθινὴ
1543 1673 1633 1726 τοῦ
1662 1673 1876 1745 Πατρὸς

297 1771 326 1820 ὀ
351 1769 500 1831 Υἱὸς,
530 1766 636 1822 οἶδε
691 1769 748 1822 δὲ
784 1771 812 1821 6
849 1769 1040 1837 Πατὴρ
1097 1767 1192 1838 τὴν
1229 1767 1440 1838 ἡμέραν
1495 1765 1606 1835 (55)
1639 1765 1732 1818 κα)¹
1776 1762 1874 1834 τὴν

298 1855 466 1926 ὥραν,
499 1858 676 1926 δῆλον,
727 1859 806 1910 ὅτι
844 1859 938 1910 καὶ
990 1857 1083 1910 τοῦ
1143 1857 1340 1910 εἰδέναι
1389 1856 1497 1926 (56)
1554 1855 1726 1908 ταῦτα
1775 1855 1870 1925 τὴν
1905 1843 1944 1898 Β

293 1947 590 2016 ὁμοιότητα
620 1947 713 2000 τοῦ
741 1947 948 2018 Πατρὸς
974 1949 1002 1999 6
1028 1947 1153 2008 Υἱὸς
1180 1947 1434 2016 ἔχει.Κα“ι
1455 1947 1514 1998 οὐ
1539 1943 1869 2016 Θαυμαστὸν,

291 2040 342 2090 εί
375 2039 442 2091 δι’
473 2035 538 2093 οῦ
568 2039 634 2092 τὰ
659 2041 832 2094 πάντα
887 2040 1098 2108 γέγονε,
1145 2040 1239 2092 καὶ
1273 2041 1328 2092 ὲν
1378 2032 1422 2106 ᾧ
1477 2039 1774 2108 συνέστηκε
1805 2037 1873 2090 τὰ

293 2127 410 2193 ὅλα,
473 2125 617 2182 οἶδεν
673 2131 832 2194 αὐτὸς
891 2131 960 2184 τὰ
1010 2130 1294 2201 γενόμενα,
1355 2130 1446 2183 καὶ
1497 2129 1623 2182 πότε
1670 2127 1872 2181 τούτων

295 2221 528 2274 ἑκάστου
555 2221 648 2274 καὶ
678 2224 828 2292 κοινῇ
854 2221 914 2274 τὸ
947 2222 1116 2284 τέλος·
1162 2222 1274 2274 ἀλλ’
1305 2223 1386 2276 ὅτι
1419 2221 1508 2273 καὶ
1531 2219 1668 2292 αῦτη
1700 2225 1715 2286 t_
1723 2219 1812 2290 57)
1839 2221 1871 2290 ἡ

294 2315 618 2385 προπέτεια,
649 2315 932 2386 πρέπουσα
979 2317 1043 2384 τῇ
1076 2314 1242 2384 μανία
1279 2313 1384 2366 τῶν
1459 2311 1872 2382 ’Λρειομανιτῶν

291 2400 544 2468 οὗσα,είς
558 2403 826 2474 τοσαύτην
853 2405 998 2474 ἡμᾶς
1023 2403 1314 2471 ἀπολογίαν
1343 2402 1650 2470 ἠνάγκασεν
1677 2398 1868 2452 ὲλοεῖν.

291 2495 758 2567 Συναριθμοῦντες
788 2497 896 2568 γὰρ
925 2497 1036 2560 τοῖς
1067 2497 1313 2566 γενητοῖς
1343 2493 1434 2546 τὸν
1467 2493 1592 2544 Υἱὸν
1617 2493 1710 2545 τοῦ
1737 2491 1872 2544 Θεοῦ

292 2587 380 2642 τὸν
411 2588 586 2640 ἀΐδιον
613 2587 808 2656 Λόγον,
837 2588 956 2640 κατ’
983 2587 1161 2654 ὀλίγον
1220 2585 1312 2638 καὶ
1349 2583 1508 2638 αὐτὸν
1533 2583 1623 2636 τὸν
1657 2583 1875 2652 Πατέρα

291 2679 553 2732 ἐλάττονα
578 2680 674 2749 τῆς
705 2679 936 2740 κτίσεως
975 2677 1238 2748 μελετῶσι
1280 2676 1457 2742 λέγειν
1492 2675 1626 2746 (58).
1669 2674 1730 2727 Et
1763 2673 1871 2744 γὰρ

289 2767 320 2820 6
344 2767 438 2820 τὸν
471 2767 694 2838 Πατέρα
717 2766 1000 2836 γινώσκων
1057 2767 1154 2819 οὐκ
1202 2761 1306 2818 οἶδε
1363 2765 1462 2834 τὴν
1497 2763 1708 2834 ἡμέραν
1753 2763 1875 2817 οὐδὲ

289 2859 386 2930 τὴν
407 2859 584 2930 ὤραν,
619 2858 888 2930 φοϐοῦμαι
919 2859 994 2930 μὴ
1023 2858 1222 2929 μείζων
1255 2858 1424 2922 ἔσται,
1457 2857 1530 2920 ὼς
1586 2857 1650 2910 ἂν
1679 2857 1872 2908 ἐκεῖνοι

292 2953 554 3022 μανέντες
579 2952 802 3017 εἴποιεν,
829 2954 862 3022 ἡ
905 2951 1032 3022 περὶ
1063 2951 1161 3020 τῆς
1217 2951 1465 3014 κτίσεως,
1507 2949 1705 3018 μᾶλλον
1737 2947 1792 3000 δὲ
1840 2949 1873 3018 ἡ

289 3047 420 3116 περὶ
443 3045 542 3098 τοῦ
574 3045 850 3108 ἐλάττονος
883 3045 1082 3114 μέρους
1108 3045 1206 3112 τῆς
1241 3041 1470 3104 κτίσεως
1497 3040 1717 3109 γνῶσις,
1773 3038 1875 3108 τῆς

289 3138 422 3208 περὶ
445 3137 543 3190 τοῦ
571 3139 686 3191 Πατ
695 3136 784 3208 ρος
803 3136 1075 3205 γνώσεως.

1978 595 2061 638 est
2100 601 2216 639 eam
2253 601 2346 654 per
2387 584 2581 637 Filium
2631 581 2798 638 fuisse
2823 583 3121 650 deﬁnitam,
3150 599 3384 654 eumque
3411 601 3540 654 pro-

1979 675 2100 730 inde
2125 677 2409 745 QUOtLipSe
2433 675 2700 730 deﬁnierit
2734 690 3082 744 00gnoscere.
3114 675 3258 730 Nihil
3284 679 3428 732 enim
3458 687 3542 732 est

1978 767 2118 835 quod
2155 783 2262 820 non
2305 782 2400 836 per
2443 765 2638 820 Filium
2679 765 2882 819 factum
2928 766 2999 822 sit
3038 776 3088 820 et
3121 767 3424 822 deﬁnitum.
3453 767 3543 823 llle

1978 857 2141 927 igitur
2166 873 2288 911 cum
2331 858 2402 910 sit
2447 873 2625 910 rerum
2667 858 2912 910 omnium
2964 857 3204 922 effector,
3239 861 3388 914 novit
3419 877 3543 930 pro-

1977 947 2117 1000 fecto
2151 948 2337 1016 quales
2370 955 2422 1000 et
2453 957 2648 1016 quntas
2679 961 2951 1016 quamque
2980 947 3266 1001 diuturnas
3303 963 3423 1002 esse
3448 964 3544 1000 vo—

1979 1037 2137 1122 luerit
2163 1037 2320 1109 47],
2344 1036 2522 1092 Pater.
2555 1037 2716 1108 Atqui
2757 1037 2971 1092 illarum
3008 1049 3060 1092 et
3091 1053 3316 1093 numero
3341 1049 3392 1093 et
3417 1039 3542 1093 diu-

1979 1123 2234 1182 turni'tate
2250 1129 2724 1196 comprehenditur
2743 1129 2921 1182 futura
2947 1130 3189 1198 ipsarum
3217 1131 3448 1185 mutatio
3467 1131 3536 1182 ".

1975 1216 2242 1272 Praeterea
2277 1234 2613 1288 quaecunque
2649 1219 2824 1273 Patris
2865 1231 3010 1283 sunt,
3048 1231 3175 1276 sunt
3196 1223 3360 1276 etiam
3396 1221 3539 1288 Filii,

1977 1318 2036 1362 ut
2071 1317 2298 1362 testatus
2325 1309 2437 1378 ipse
2469 1321 2572 1374 est,
2603 1311 2934 1379 proindeque
2977 1311 3022 1366 si
3065 1311 3245 1366 Patris
3282 1323 3367 1368 est
3398 1313 3541 1367 diem

1977 1399 2126 1452 illum
2144 1399 2417 1468 cognitum
2457 1400 2672 1466 habere,
2705 1402 2926 1456 dubium
2980 1417 3087 1456 non
3132 1412 3214 1458 est
3243 1404 3374 1474 quin
3405 1403 3544 1460 Filio

1976 1505 2190 1560 quoque
2237 1501 2553 1560 perspectus
2596 1492 2685 1556 sit,
2723 1493 2886 1562 idque
2931 1494 3094 1548 etiam
3129 1510 3194 1549 ex
3229 1493 3388 1550 Patre
3419 1511 3544 1566 pro-

1975 1583 2151 1650 prium
2183 1583 2270 1636 ille
2305 1583 2519 1637 habeat.
2573 1584 2827 1652 Insuper,
2859 1584 3030 1640 Filius
3076 1597 3159 1640 est
3197 1587 3250 1640 in
3281 1587 3457 1653 Patre,
3488 1599 3545 1642 et

1975 1669 2136 1724 Pater
2161 1672 2212 1724 in
2247 1670 2384 1728 Filio
2414 1691 2428 1728 :
2459 1674 2600 1727 unde
2635 1675 2679 1728 si
2709 1674 2867 1727 Pater
2899 1676 3041 1729 diem
3086 1686 3139 1730 et
3166 1677 3351 1731 horam
3395 1679 3541 1732 illaut

1977 1763 2274 1831 cognoscit,
2315 1764 2521 1818 clarum
2567 1775 2648 1819 est
2686 1763 2905 1830 Filium,
2944 1769 3036 1835 qui
3075 1769 3126 1820 in
3167 1765 3328 1822 Patre
3355 1779 3457 1832 est,
3489 1776 3545 1824 et

1973 1871 2092 1924 quae
2123 1854 2298 1908 Patris
2327 1867 2454 1910 sunt
2490 1859 2660 1922 novit,
2698 1860 2837 1912 hanc
2867 1859 2989 1912 item
3027 1867 3080 1912 et
3102 1861 3241 1914 diem
3275 1869 3328 1914 et
3353 1862 3542 1917 lteram

1975 1961 2080 1998 non
2113 1947 2381 2014 ignorare.
2417 1947 2652 2012 Rursus,
2686 1951 2730 2004 si
2765 1949 2933 2004 Filius
2960 1967 3087 2005 vera
3122 1963 3205 2006 est
3233 1953 3411 2024 imago
3435 1955 3541 2008 Pa-

1973 2039 2090 2102 tris,
2119 2039 2232 2108 ipse
2265 2051 2442 2095 autem
2488 2044 2648 2096 Pater
2677 2043 2818 2096 diem
2855 2051 2908 2095 et
2955 2044 3143 2098 horam
3171 2047 3316 2099 illam
3344 2049 3494 2101 novit
3522 2064 3538 2102 :

1973 2131 2130 2199 plane
2163 2133 2332 2201 liquet
2369 2133 2564 2188 Filium
2613 2137 2714 2190 hac
2749 2153 2966 2204 quoque
3015 2137 3065 2190 in
3105 2153 3164 2190 re
3211 2136 3388 2193 Patris
3420 2156 3544 2195 esse

1975 2220 2228 2275 similem.
2253 2220 2360 2276 Nec
2381 2241 2504 2278 vere
2533 2226 2732 2278 mirum
2764 2236 2848 2280 est
2877 2227 3026 2279 illum
3056 2243 3147 2296 per
3170 2243 3328 2296 quem
3359 2231 3543 2283 omnia

1975 2311 2116 2366 facta
2151 2323 2276 2368 sunt
2310 2317 2377 2374 ³²,
2421 2325 2470 2370 et
2509 2317 2558 2368 in
2600 2333 2709 2386 quo
2744 2321 2923 2372 omnia
2959 2329 3209 2374 constant
3247 2321 3312 2386 ³⁸,
3349 2336 3438 2375 res
3467 2323 3547 2374 fa-

1973 2413 2088 2458 ctas
2101 2419 2395 2475 earumque
2411 2423 2532 2461 cum
2559 2410 2857 2478 proprium,
2875 2420 2988 2465 tum
3013 2428 3356 2466 communem
3380 2413 3544 2467 ﬁnem

1975 2509 2336 2561 cognoscere;
2369 2498 2688 2556 sedmirnm
2727 2503 2908 2569 potius
2953 2511 3036 2556 est
3090 2519 3177 2557 me
3225 2504 3546 2572 bujusmodi

1975 2583 2190 2639 illorum
2219 2587 2566 2656 procacitate,
2586 2605 2705 2658 quae
2735 2592 2950 2659 quidem
2973 2591 3298 2646 Arianorum
3318 2595 3546 2648 insaniae

1976 2677 2262 2732 admodum
2293 2691 2374 2734 est
2405 2691 2793 2746 consentanea,
2826 2695 3078 2738 coactum
3113 2685 3254 2739 hanc
3301 2687 3546 2742 veritatis

1974 2766 2344 2824 defensionem
2406 2773 2728 2840 suscepisse.
2785 2775 2920 2828 Cum
2977 2777 3120 2831 enim
3177 2777 3270 2832 Dei
3323 2781 3542 2848 Filium,

1974 2867 2232 2914 aeternum
2263 2859 2524 2927 Verbum,
2557 2865 2698 2919 inter
2733 2881 2820 2920 res
2862 2877 3072 2922 creatas
3102 2883 3409 2938 numerant,
3447 2890 3543 2942 pa-

1978 2966 2096 3004 rum
2147 2963 2292 3006 certe
2340 2955 2492 3008 abest
2525 2955 2656 3022 quin
2708 2956 2886 3024 ipsum
2937 2960 3098 3012 etiam
3137 2959 3351 3015 Patrem
3385 2964 3544 3018 rebus

1975 3042 2176 3096 creatis
2209 3041 2522 3099 inferiorem
2548 3046 2731 3101 dicere
2763 3047 3107 3104 meditentnr.
3139 3049 3272 3106 Nam
3299 3053 3344 3106 si
3373 3054 3418 3108 is
3450 3056 3542 3123 qni

1979 3132 2198 3188 Patrem
2229 3137 2402 3202 novit,
2439 3137 2579 3192 diem
2620 3148 2674 3192 et
2702 3138 2892 3192 horam
2929 3140 3074 3193 illam
3105 3159 3212 3196 non
3257 3147 3420 3206 novit,
3456 3163 3546 3200 ve-

289 3249 418 3288 reor
447 3248 518 3288 ne
555 3234 732 3304 (quod
763 3233 940 3288 insani
993 3234 1068 3287 illi
1105 3231 1402 3304 dixerint),
1435 3245 1620 3287 rerum
1649 3239 1982 3300 creatarum,
2038 3234 2148 3288 imo
2201 3233 2441 3288 minimae
2494 3250 2676 3290 rerum
2728 3247 3032 3292 creatarmn
3069 3241 3236 3309 partis
3286 3244 3544 3312 cognitio,

291 3328 470 3397 major
499 3331 570 3384 sit
602 3331 716 3398 ipsa
743 3329 922 3384 Patris
955 3330 1282 3399 cognitione.

359 3423 451 3478 45.
489 3425 627 3478 Ἀλλ’
657 3429 851 3480 ἐκεῖνοι
880 3427 994 3496 μὲν,
1029 3425 1202 3488 οὕτως
1243 3426 1322 3487 είς
1367 3423 1428 3475 τὸ
1458 3421 1679 3494 Πνεῦμα
1705 3425 1868 3494 βλασ-

2039 3424 2126 3478 45.
2149 3423 2348 3478 Verum
2375 3423 2448 3475 illi
2475 3424 2690 3492 quidem
2724 3423 2814 3492 qui
2845 3423 2978 3476 adeo
3009 3424 3171 3496 impia
3203 3425 3254 3478 in
3281 3425 3542 3492 Spiritum

291 3517 623 3587 φημοῦντες,
692 3519 1144 3591 προσδοκάτωσαν
1213 3516 1326 3587 (59)
1415 3516 1488 3585 μὴ
1567 3515 1863 3586 λαμϐάνειν

291 3610 424 3661 ποτὲ
452 3612 554 3680 τῆς
581 3609 836 3674 ἀσεϐείας
867 3611 1070 3680 ταύτης
1127 3609 1340 3678 ἄφεσιν,
1369 3607 1444 3668 ὡς
1483 3606 1510 3657 6
1560 3606 1763 3676 Κύριος
1797 3604 1872 3658 εί-

295 3717 482 3772 ρηκεν·
519 3703 568 3753 οἱ
591 3701 649 3754 δὲ
679 3701 1010 3773 φιλόχριστοι
1032 3700 1122 3754 καὶ
1145 3699 1488 3770 χριστοφόροι
1509 3697 1869 3768 γινώσκομεν,

290 3792 366 3854 ὡς
401 3793 502 3846 οὐκ
523 3791 733 3860 ἀγνοῶν
762 3794 790 3844 6
819 3791 1011 3860 Λόγος,
1121 3788 1290 3856 Λόγος
1323 3789 1488 3850 ἐστὶν,
1523 3785 1705 3854 ἔλεγεν
1735 3785 1870 3857 (40),

295 3885 420 3938 οὐκ
442 3880 596 3937 οἶδα·
631 3879 738 3938 οἶδε
769 3882 894 3953 γάρ’
927 3881 1062 3936 ἀλλὰ
1083 3881 1144 3934 τὸ
1176 3877 1511 3950 ἀνθρώπινον
1541 3877 1773 3940 δεικνὺς,
1791 3877 1873 3930 ὅτι

289 3973 402 4026 τῶν
433 3972 734 4044 ἀνθρώπων
785 3972 914 4042 ίδιὸν
953 3976 1068 4026 ἐστι
1115 3972 1176 4024 τὸ
1227 3971 1460 4038 ἀγνοεῖν,
1495 3967 1588 4022 καὶ
1637 3968 1718 4020 ὅτι
1745 3968 1876 4039 σάρ-

291 4081 366 4118 κα
417 4065 528 4136 (Μ)
583 4064 882 4133 ἁγνοοῦσαν
937 4063 1240 4126 ἐνεδύσατο,
1291 4055 1402 4133 ένῇ
1461 4058 1557 4123 ὢν,
1598 4058 1874 4129 σαρκικῶς

296 4156 499 4224 ἔλεγεν·
532 4159 654 4212 Οὐκ
686 4154 839 4213 οῖδα.
872 4157 1006 4210 Τότε
1033 4156 1163 4226 γοῦν
1181 4152 1439 4226 εἰρηκὼς,
1466 4153 1546 4205 ὅτι
1578 4150 1731 4204 Οὐδὲ
1759 4151 1869 4222 (4‘2)

295 4250 330 4302 ό
363 4247 498 4312 Υἱὸς
535 4247 659 4302 οἵδε
681 4288 698 4310 ,
753 4250 848 4302 καὶ
885 4249 994 4302 τῶν
1048 4247 1188 4302 κατὰ
1245 4245 1368 4298 Νῶε
1420 4242 1722 4316 ἀνθρώπων
1771 4243 1869 4313 τὴν

293 4341 516 4408 ἄγνοιαν
543 4340 824 4411 παραθεὶς,
856 4341 1014 4404 εὐθὺς
1055 4343 1321 4410 ὲπὴγαγε·
1359 4335 1709 4406 Γρηγορεῖτε
1735 4329 1869 4398 οὖν.

293 4430 388 4486 ὅτι
415 4433 528 4486 οὐκ
565 4432 764 4486 οἴδατε
789 4433 930 4486 οὐδὲ
959 4431 1146 4502 ὑμεῖς,
1196 4429 1338 4498 ποίῃ
1372 4427 1492 4496 ἅψῃ
1521 4427 1630 4499 (45)
1680 4429 1713 4481 ὁ
1753 4427 1870 4480 Κύ-

367 4546 413 4577 ³¹
451 4545 614 4604 Joan.
651 4563 762 4612 1m,
795 4547 883 4603 15.
959 4548 1004 4579 ³⁸
1040 4547 1198 4602 Joan.
1237 4563 1274 4612 ι,
1307 4547 1360 4599 5.
1436 4544 1484 4576 ³³
1527 4543 1742 4600 Coloss.
1774 4561 1812 4611 ι,
1853 4545 1944 4599 l7.

1975 3515 2273 3582 proferunt,
2290 3526 2449 3569 tanta:
2463 3515 2751 3584 impietatis
2767 3515 2973 3566 veniam
2991 3527 3303 3584 exspectent
3318 3519 3541 3586 nullam,

1977 3605 2052 3658 uti
2082 3607 2404 3678 prtcmonnit
2435 3605 2696 3658 Dominus
2722 3605 2800 3658 “:
2833 3621 2930 3658 nos
2951 3616 3128 3659 autem
3156 3608 3246 3676 qui
3265 3608 3542 3664 Christum

1977 3706 2030 3750 ct
2050 3712 2296 3750 amamus
2317 3705 2368 3748 et
2391 3695 2441 3748 in
2464 3695 2620 3748 nobis
2643 3695 2902 3764 gerimus,
2923 3709 3282 3764 agnoscamus
3305 3695 3540 3752 Verbum

1981 3805 2088 3842 non
2112 3790 2266 3858 quasi
2300 3789 2574 3857 ignorans,
2602 3798 2869 3856 quatenus
2913 3797 2996 3840 est
3033 3786 3287 3848 Verbum.
3317 3791 3540 3854 dixisse,

1985 3878 2198 3940 Nescio,
2234 3889 2457 3932 noverat
2482 3878 2718 3947 quippe;
2751 3878 2844 3930 sed
2879 3877 2929 3929 id
2965 3878 3106 3946 quod
3143 3879 3432 3931 humanum
3459 3891 3544 3934 est

1978 3971 2276 4036 exhibens;
2305 3969 2431 4036 quia
2486 3969 2692 4022 scilicet
2737 3976 2792 4019 et
2835 3967 3112 4020 hominum
3163 3969 3434 4037 proprium
3459 3983 3542 4024 est

1979 4063 2251 4134 ignorare,
2295 4071 2347 4115 et
2385 4061 2499 4129 ipse
2549 4061 2883 4130 ignorantem
2927 4058 3176 4114 induerat
3207 4077 3448 4126 carnem,
3485 4063 3540 4116 in

1979 4171 2086 4225 qua
2131 4169 2255 4208 cum
2305 4161 2468 4216 esset,
2503 4150 2800 4206 secundum
2863 4166 2981 4203 eam
3039 4151 3284 4214 dicebat,
3325 4151 3538 4209 Nescio.

1975 4246 2161 4315 itaque
2209 4253 2492 4314 postquam
2539 4242 2768 4302 dixerat.
2809 4241 2988 4310 Neque
3033 4240 3206 4296 Filius
3245 4247 3406 4308 navit,
3439 4246 3540 4300 ad-

1976 4339 2312 4406 duxeratque
2355 4337 2408 4390 in
2463 4335 2767 4403 exemplum
2822 4335 3182 4418 ignorantiam
3235 4336 3537 4404 hominum,

1979 4431 2073 4500 qui
2107 4428 2219 4484 Noe
2246 4437 2402 4484 aetate
2427 4427 2708 4498 degebant,
2739 4425 2998 4480 continuo
3025 4426 3231 4480 addidit
3257 4446 3270 4480 :
3307 4428 3542 4505 Vigilute

2021 4545 2070 4576 ⁸⁵
2107 4543 2296 4598 Matth.
2338 4559 2438 4606 xu,
2469 4541 2557 4596 32.

371 4639 483 4710 (55)
525 4639 619 4694 Sic
651 4639 854 4710 Reglus
879 4641 1090 4710 primus
1125 4649 1177 4693 et
1209 4637 1866 4710 Segtterianus.Alii-att-

1983 4638 2251 4710 secundus
2279 4644 2332 4690 et
2356 4635 2484 4690 editi
2511 4632 2820 4710 liabentek
2848 4629 3116 4710 τοσοςῦτην
3150 4633 3296 4710 ἡμᾶς
3339 4631 3540 4685 ἀπολο-

295 4708 408 4764 tem
439 4708 494 4764 et
519 4711 672 4775 editi,
704 4708 866 4762 πόσον
885 4708 988 4762 καὶ
1029 4711 1132 4773 ἕως
1177 4711 1320 4771 τίνος
1362 4708 1536 4772 οὕτως
1557 4709 1690 4760 αὐτὸ
1717 4708 1870 4776 γενέ-

295 4779 424 4832 σθαι
454 4779 764 4852 βούληταιξὸ
795 4783 985 4852 Πατήρ
1005 4797 1018 4810 ο
1052 4783 1109 4832 ἐν
1142 4779 1197 4831 δὲ
1228 4777 1304 4848 τῷ
1335 4779 1484 4849 πόσῳ
1509 4777 1626 4830 ἐστὶ
1653 4779 1748 4831 καὶ
1776 4777 1870 4848 μὲ-

295 4851 566 4922 χριᾷτίνος
645 4850 849 4903 τούτων
877 4850 1105 4922 ἀρλαγή.

371 4919 484 4988 (54)
528 4916 620 4974 Sic
657 4930 882 4991 uterque
911 4916 1042 4990 Reg.
1071 4916 1320 4991 'Seguer.
1353 4917 1518 4973 Basil.
1551 4927 1604 4971 et
1627 4916 1864 4972 Felckm.

297 4991 354 5044 5.
381 4991 586 5062 Atalﬁ
617 4997 670 5044 et
705 4990 857 5053 editi,
895 4991 1160 5062 (δηλονότι.

371 5059 482 5130 (55)
527 5061 620 5114 Sic
649 5071 875 5131 uterque
903 5056 1102 5131 Regius
1130 5069 1183 5115 et
1223 5059 1608 5130 Seguerianus.
1633 5056 1738 5110 Alii
1771 5072 1869 5111 au-

296 5129 421 5202 ten}
435 5129 490 5202 et
515 5130 791 5202 editi,_x0t‘t
818 5129 916 5202 τῂν
945 5129 1174 5202 ἡμέραν.

393 5199 483 5271 56)
525 5199 619 5253 Sic
643 5197 796 5271 λὶοῷ
849 5197 883 5252 Ι
924 5197 1076 5271 δίε,
1130 5201 1350 5271 Seguer.
1387 5199 1555 5271 Basil.
1580 5197 1865 5271 Anglican.

299 5266 523 5324 Gobler.
555 5277 612 5324 et
642 5266 880 5323 Felcltm.
920 5271 970 5324 l.
1000 5269 1104 5323 Alii
1145 5266 1322 5324 autem
1353 5279 1408 5324 et
1429 5269 1582 5327 editi.
1611 5266 1704 5321 καὶ
1733 5266 1872 5320 εἰδέ-

298 5355 410 5392 ναι.
431 5337 580 5402 Mox,
610 5355 708 5408 pro
726 5338 791 5391 δι’
818 5329 902 5408 οῦ,
931 5341 1289 5395 Goblerianus
1309 5351 1362 5395 et
1386 5337 1736 5392 Felcltmanni
1756 5338 1866 5406 pri-

303 5424 445 5468 mus,
478 5407 544 5462 δι’
577 5407 728 5462 Υἱοῦ.

375 5477 484 5550 (57)
523 5478 618 5550 Sic
662 5493 856 5550 omnes
902 5492 1034 5550 mss.
1070 5487 1281 5550 prater;
1311 5475 1551 5550 Felckm.
1583 5475 1640 5540 2,
1665 5475 1780 5550 qui,
1812 5485 1874 5531 ut

301 5555 358 5600 et
386 5545 536 5603 'ed'iti
590 5549 772 5609 habet,
803 5549 959 5616 αὐτή.
995 5545 1198 5601 Ibidem
1245 5545 1450 5614 Regius
1497 5545 1770 5601 secundus
1819 5555 1874 5599 et

303 5617 514 5704 amid}
549 5617 851 5704 προπέτεια
877 5615 1264 5704 πρέπουσαιτῇ
1285 5616 1623 5704 μανίας
1647 5619 1868 5704 ωδε,ήὴ

308 5685 607 5757 προπέτεια
633 5685 1018 5760 ἀπρεπεστᾶτη
1056 5686 1238 5756 μανία.
1281 5685 1404 5738 Mox
1434 5685 1636 5752 Regius
1663 5689 1872 5766 primus

310 5766 362 5808 et
387 5756 779 5828 Seguerianns,
801 5757 880 5820 είς
901 5755 1150 5826 τοιαύτην
1169 5757 1318 5825 ἡμᾶς
1341 5755 1651 5824 ἀπολογίαν.
1673 5755 1871 5825 Regius

1974 4707 2116 4775 γίαν.
2153 4707 2252 4759 Alii
2288 4721 2444 4767 mss.,
2467 4707 2556 4775 et;
2579 4701 2846 4775 τοσαύτην
2877 4702 3022 4775 ἡμᾶς
3059 4701 3272 4775 μανίαν,

2047 4776 2157 4849 (58)
2197 4774 2662 4849 Βοείιὶθιιεὶδκτῆς
2693 4771 2920 4849 κτίσεως
2951 4771 3156 4849 afﬂuat
3178 4771 3373 4849 λέγειν.
3415 4771 3536 4849 illo};

1974 4839 2178 4917 Regius
2213 4846 2422 4917 primus
2457 4853 2512 4917 et
2539 4839 2922 4911 Segueriantts,
2958 4839 3079 4892 οὐδὲ
3109 4842 3206 4910 τὴν
3233 4841 3400 4911 ὤραν.
3429 4843 3535 4895 Alii

1973 4927 2027 4972 et
2050 4913 2200 4980 eiliti,
2214 4913 2325 4970 ’καὶ
2351 4914 2451 4984 τὴν
2477 4913 2646 4985 ὥραν.

2044 4987 2156 5054 (59)
2189 4978 2557 5040 (ἓοὺΙοι-ῐιιιιιιε
2604 4993 2657 5037 et
2711 4979 3060 5034 Felcltmanni
3106 4978 3333 5047 primus,
3365 4995 3535 5050 προσ-

1971 5056 2338 5110 δοκάσθωσαν.

2042 5127 2154 5196 (40)
2197 5125 2286 5196 Sic
2314 5123 2513 5192 Regius
2538 5124 2749 5196 primus
2777 5127 2831 5196 et
2861 5117 3244 5196 Segueriatitls.
3271 5119 3341 5176 At
3369 5117 3538 5196 aliiet

1972 5181 2646 5319 ἓξῖιίίγινώσκουμενίώς
2681 5192 2780 5244 οὐκ
2809 5181 3038 5258 ἀγνοῶν,
3150 5187 3322 5256 Λόγος
3365 5189 3535 5250 ἐστὶν,

2033 5283 2174 5319 εγεν.

2001 5267 2174 5320 λεγεν.

2047 5283 2174 5335 εγεν.
2953 5323 2962 5334 ι

2047 5337 2157 5406 (41)
2198 5335 2401 5406 Regius
2431 5334 2639 5406 primus
2663 5339 2717 5406 et
2745 5328 3130 5406 Seguertanus,
3166 5327 3261 5380 καὶ
3292 5329 3374 5382 ὅτι
3406 5329 3538 5400 σάρ-

1975 5397 2066 5460 καξ
2099 5397 2308 5460 caeteri
2322 5415 2375 5460 et
2405 5397 2534 5458 e'diti
2565 5403 2824 5472 omittupt
2852 5397 2974 5472 ὅτι.⁸

2044 5476 2172 5557 (42)
2199 5475 2399 5557 Regius
2417 5475 2640 5557 primus
2670 5479 2724 5523 et
2757 5465 3147 5536 Seguel'iallus,
3181 5469 3262 5522 ὅτι
3303 5468 3444 5523 οὐδέ.
3477 5466 3534 5522 in

1973 5543 2094 5601 aliis
2127 5543 2182 5600 ct
2207 5543 2366 5598 editis
2399 5543 2549 5596 deest
2583 5543 2686 5593 ὅτι.

2045 5614 2159 5685 (45)
2177 5615 2400 5690 __lle_gius
2429 5613 2636 5690 primus
2660 5617 2720 5690 et
2744 5605 3140 5690 Seguerianus,
3170 5609 3298 5679 ποίᾳ
3315 5607 3534 5690 ἡμέρᾳ.

1934 5733 1944 5745 ,
1972 5678 2151 5738 Iidem"
2175 5678 2372 5737 ibidém
2417 5678 2675 5734 omittunt
2713 5678 2996 5746 sequentia
3030 5682 3216 5742 verba,
3245 5678 3338 5732 καὶ
3359 5678 3535 5730 πάλιν

1971 5751 2004 5828 ᾖ
2034 5756 2094 5808 οὐ
2125 5755 2326 5806 δοκεῖτε
2354 5751 2472 5822 ὥρα
2499 5752 2528 5802 6
2561 5749 2686 5811 Υἱὸς
2715 5747 2808 5802 τοῦ
2839 5747 3125 5819 ἀνθρώπου
3153 5750 3390 5821 ἔρχεται.
