3944 6222
263 357 374 414 ιῖὄ

1374 341 1632 399 ORATIO
1673 341 1735 395 lll
1775 337 2052 394 CONTRA
2093 333 2407 390 ARIANOS.

3397 336 3504 390 4‘26

262 477 396 546 ἡμῖν
430 473 492 526 τὸ
531 473 799 545 χρήσιμον
828 468 1090 539 ἐφύλαξεν
1128 471 1155 522 ὁ
1180 468 1389 538 Σωτήρσ
1417 467 1464 518 εί
1499 464 1610 535 γόρ
1644 462 1710 516 τά
1731 461 1828 532 μὲν

1941 465 2103 510 strnm
2138 456 2367 510 attendit
2401 455 2767 508 commodum.
2815 452 2948 510 Nam
2998 472 3118 525 quae
3155 466 3282 511 ante
3340 459 3499 512 tinem

264 567 374 636 πρὸ
391 563 487 618 τοῦ
515 564 703 626 τέλους
760 563 1080 616 ἀπαντῶντα
1135 558 1454 630 δεδήλωκεν,
1504 556 1590 608 ἵνα
1625 554 1720 624 μὴ,
1761 552 1835 614 ὡς

268 649 426 706 εἶπεν
471 653 654 717 αὐτὸς,
686 650 1034 721 ξενισθῶμεν,
1077 649 1212 720 μηδέ
1255 645 1569 718 θροηθῶμεν
1607 644 1692 710 (77
1724 643 1832 708 78),

266 745 569 814 γινομένων
592 743 790 808 αὐτῶν,
814 741 950 797 ἀλλά
982 743 1072 794 καὶ
1098 742 1161 793 ἐκ
1179 739 1383 793 τούτων
1413 736 1475 790 τὸ
1506 735 1642 808 μετά
1665 733 1836 787 ταῦτα

261 837 420 900 τέλος
453 835 857 907 προσδοκῶμεν·
909 833 1037 906 περὶ
1095 833 1153 886 δὲ
1198 834 1296 902 τῆς
1341 829 1552 901 ἡμέρας
1604 827 1698 880 καὶ
1736 825 1837 894 τῆς

263 929 416 1000 ὥρας
441 929 540 980 οὐκ
567 927 798 998 ἠθέλησε
832 925 1026 989 θεῖκῶς
1058 925 1251 988 εἰπεῖν,
1277 923 1359 976 ὅτι
1381 917 1510 974 Οἶδα
1537 919 1669 988 (79)·
1702 915 1836 972 ἀλλὰ

264 1018 544 1090 σαρκικῶς
573 1018 660 1072 διὰ
680 1018 778 1089 τὴν
800 1018 976 1088 σάρκα
1010 1015 1109 1086 τὴν
1137 1011 1456 1082 ἀγνοοῦσαν,
1485 1008 1628 1063 καθά
1652 1008 1836 1078 προεῖ-

261 1127 386 1173 πον,
422 1105 595 1173 εἶπεν,
618 1111 698 1162 ὅτι
729 1109 841 1162 Οὐκ
869 1104 1004 1160 οἶδα⁹
1033 1107 1122 1160 ἵνα
1189 1105 1382 1177 μηκέτι
1419 1102 1836 1173 ἐπερωτήσωσιν

261 1200 448 1267 αὐτὸν,
483 1202 575 1254 καὶ
601 1199 787 1254 λοιπὸν
838 1199 871 1269 ἢ
907 1199 980 1270 μὴ
1033 1196 1268 1270 εἰρηκὼς
1318 1195 1430 1267 (80)
1463 1194 1678 1267 λυπήσῃ
1715 1193 1834 1247 τότε

259 1292 388 1354 τοὺς
414 1289 736 1362 μαθητὰς,ἢ
772 1286 1025 1360 εἰρηκὼς,
1051 1286 1200 1358 παρά
1229 1286 1290 1339 τὸ
1339 1284 1612 1356 συμφέρον
1654 1284 1836 1346 αὐτοῖς

260 1384 357 1437 καὶ
388 1385 554 1436 πᾶσιν
577 1385 710 1453 ἡμῖν
749 1382 972 1452 ποιήσῃ.
1007 1381 1074 1432 '0
1101 1379 1208 1450 γὰρ
1252 1378 1317 1432 ἂν
1346 1379 1473 1448 ποιῇ
1519 1375 1651 1446 (8·1),
1679 1374 1836 1428 τοῦτο

262 1475 485 1535 πάντως
508 1472 650 1542 ὑπὲρ
675 1470 832 1543 ἡμῶν
863 1471 1029 1535 ἐστιν,
1073 1467 1257 1540 ἐπειδὴ
1296 1467 1390 1520 καὶ
1419 1466 1484 1520 δι’
1509 1466 1653 1536 ἡμᾶς
1678 1465 1706 1517 ὁ
1731 1464 1835 1518 Λό-

257 1578 356 1632 γος
379 1562 519 1633 σὰρξ
545 1562 776 1630 ἐγένετο.
806 1559 884 1613 Δι’
907 1561 1054 1630 ἡμᾶς
1077 1557 1254 1613 τοίνυν
1289 1552 1410 1610 εἷπε
1444 1557 1538 1610 καὶ
1575 1555 1654 1619 τὸ,
1683 1552 1836 1608 Οὐδὲ

259 1658 293 1710 ὁ
330 1654 467 1718 Υἱὸς
506 1650 655 1708 οἵδε·
689 1654 782 1706 καὶ
823 1651 945 1705 οὔτε
979 1649 1244 1718 ἐψεύσατο
1265 1648 1375 1719 (82)
1406 1647 1563 1701 τοῦτο
1598 1645 1834 1718 εἰρηκώς

261 1741 641 1815 (ἀνθρωπίνως
660 1741 767 1814 γὰρ
791 1739 964 1804 εἶπεν,
982 1741 1057 1803 ὼς
1076 1739 1172 1793 ἀνθ
1183 1756 1380 1810 ρωπος,
1398 1739 1510 1792 Οὐκ
1524 1733 1684 1804 οἶδα),
1710 1734 1831 1788 οὔτε

1941 556 2232 602 occurrent
2275 547 2551 609 indicavit,
2595 563 2680 612 ne,
2707 555 2767 599 ut
2795 548 2933 601 dixit
2964 547 3098 617 ipse,
3133 559 3350 618 stupore
3382 566 3503 619 per-

1939 637 2076 693 culsi
2113 638 2198 692 his
2251 637 2623 692 accidentibus
2675 637 3042 702 turbaremur,
3069 641 3160 693 sed
3208 642 3387 709 potius
3433 657 3502 696 ex

1941 729 2029 784 bis
2046 738 2356 784 secuturum
2378 729 2537 782 linem
2561 730 3017 799 pratstolaremur.
3054 729 3231 786 Noluit
3254 747 3418 801 porro
3434 734 3502 789 de

1941 819 2032 874 illa
2061 821 2148 875 die
2170 829 2224 875 et
2253 821 2382 875 hora
2409 822 2707 875 secundum
2727 821 3062 877 divinitatem
3083 823 3285 890 dicere,
3312 823 3450 879 Novi
3484 844 3499 879 :

1941 912 2056 976 sed,
2079 919 2138 965 ut
2158 912 2270 982 jam
2301 911 2549 982 exposui.
2576 913 2874 968 secundum
2897 928 3140 980 carnem,
3160 931 3282 986 quae
3310 931 3506 988 nempe

1941 1001 1997 1056 id
2051 1001 2354 1070 ignorabat,
2403 1001 2500 1069 ait,
2547 999 2663 1056 Non
2694 1003 2848 1070 novi;
2880 1018 2948 1059 ne
2971 1020 3164 1061 rursus
3187 1021 3308 1061 eum
3337 1008 3507 1062 disci-

1939 1091 2050 1161 puli
2077 1092 2504 1161 interrogarent,
2544 1107 2744 1163 eosque
2766 1094 2874 1160 ille,
2914 1095 2959 1151 si
2999 1097 3270 1163 reticeret,
3315 1099 3506 1156 dolore

1937 1180 2103 1253 474
2125 1183 2378 1247 alliceret,
2411 1185 2497 1237 vel
2526 1185 2570 1238 si
2599 1185 2823 1248 diceret,
2856 1195 3052 1256 praeter
3080 1189 3297 1244 illorum
3326 1200 3382 1247 et
3403 1207 3508 1247 no-

1939 1282 2112 1326 strum
2141 1272 2488 1327 commodum
2536 1284 2739 1344 ageret.
2783 1277 3058 1348 Quidquid
3088 1280 3234 1334 enim
3268 1279 3420 1349 facit,
3450 1282 3504 1336 id

1939 1371 2112 1417 totum
2156 1364 2327 1418 nostri
2378 1365 2551 1434 gratia
2601 1376 2707 1431 est,
2757 1369 3194 1438 quandoquidem
3236 1383 3290 1425 et
3320 1372 3499 1441 ipsum

1940 1453 2176 1508 Verbum
2221 1464 2440 1524 propter
2482 1470 2581 1511 nos
2624 1472 2752 1513 caro
2794 1459 2994 1514 factum
3021 1469 3123 1515 est.
3154 1460 3380 1532 Propter
3403 1478 3505 1518 nos

1939 1545 2100 1617 igitur
2127 1546 2297 1601 dixit:
2320 1545 2498 1616 Neque
2529 1546 2702 1602 Filius
2734 1550 2895 1604 novit.
2919 1549 3030 1606 Nec
3060 1567 3190 1606 vero
3225 1552 3329 1608 hoc
3354 1567 3506 1607 men-

1939 1639 2154 1694 dacium
2185 1638 2328 1693 fuit:
2365 1640 2632 1709 siquidem
2676 1657 2772 1711 pro
2807 1637 3043 1698 humana
3080 1645 3410 1712 conditione,
3443 1655 3504 1700 ut

1938 1729 2126 1796 homo,
2151 1731 2306 1797 dixit,
2343 1729 2560 1795 Nescio,
2584 1747 2682 1787 nec
2711 1735 2955 1802 permisit
2979 1743 3039 1789 ut
3061 1735 3312 1805 discipuli
3337 1752 3396 1791 se
3415 1737 3503 1791 di-

257 1835 440 1904 ὰφῆκε
467 1835 595 1897 τοὺς
650 1832 897 1905 μαθητὰς
949 1830 1111 1884 αὑτὸν
1177 1828 1466 1900 βιάσασθαι
1504 1829 1674 1880 εἰπεῖν
1700 1827 1829 1898 (85)’

1941 1837 2058 1877 cere
2077 1833 2348 1893 cogerent,
2369 1825 2567 1895 quippe
2586 1841 2711 1880 cum
2737 1826 3050 1897 huiusmodi
3076 1829 3263 1896 verbo,
3284 1828 3500 1892 Nescio,

258 1927 500 2000 εἰρηκὼς
523 1926 654 1999 γὰρ,
685 1927 806 1980 Οὐκ
847 1924 998 1988 οῖδα,
1032 1923 1225 1994 ἔστησε
1256 1923 1522 1976 κάκείνων
1549 1921 1648 1992 τὴν
1695 1919 1833 1991 ἐρώ-

258 2037 435 2092 τησιν.
489 2019 576 2072 Ἐν
618 2016 748 2087 γοῦν
795 2020 915 2079 ταῖς
945 2014 1183 2088 Πράξεσι
1212 2013 1321 2066 τῶν
1371 2013 1680 2066 ἀποστόλων
1716 2011 1832 2065 ἐστὶ

257 2111 664 2183 γεγραμμένον,
690 2109 848 2182 ἡνίκα
869 2109 1037 2179 ἐπέϐη
1082 2110 1194 2170 τοῖς
1219 2106 1492 2175 ἀγγέλοις,
1529 2105 1833 2158 ἀναϐαίνων

257 2205 333 2266 ὡς
359 2204 663 2275 ἄνθρωπος,
703 2203 796 2256 καὶ
819 2202 1104 2274 ἀναφέρων
1128 2203 1207 2263 είς
1234 2200 1327 2252 τὸν
1357 2198 1582 2270 οὐρανὸν
1612 2198 1678 2269 ἦν
1711 2197 1833 2266 ἐφό-

258 2313 343 2366 ρει
376 2296 577 2366 σάρκα*
609 2297 698 2349 ὅτε
731 2296 826 2348 καὶ
849 2296 898 2348 οἱ
935 2293 1172 2364 μαθηταὶ⁴
1199 2291 1356 2346 τοῦτο
1401 2291 1706 2362 βλέποντες,
1729 2289 1835 2342 πά-

254 2386 338 2440 λιν
367 2387 618 2458 ἠρώτων,
642 2388 780 2442 Πότε
809 2387 871 2440 τὸ
919 2387 1072 2451 τέλος
1105 2384 1280 2449 ἐσται,
1311 2384 1429 2451 καὶ,
1465 2383 1602 2438 Πότε
1629 2384 1693 2437 σὺ
1729 2400 1832 2436 πα-

255 2479 478 2550 ραγίνῃ,
519 2473 672 2532 εἶπεν
701 2477 812 2548 (84)
846 2479 1028 2541 αὐτοῖς
1085 2476 1476 2548 φανερώτερον·
1505 2474 1633 2544 Οὐχ
1667 2473 1835 2544 ὑμῶν

251 2571 387 2624 ἐστι
416 2569 639 2640 γνῶναι
694 2572 950 2638 χρόνους
1003 2570 1042 2638 ἢ
1096 2569 1361 2637 καιροὺς,
1417 2567 1524 2634 οὓς
1559 2570 1593 2622 ό
1631 2569 1835 2637 Πατὴρ

251 2661 423 2716 ἔθετο
449 2663 518 2715 ὲν
539 2660 615 2730 τῇ
645 2661 762 2727 ἰδίᾳ
783 2661 1053 2728 ἐξουσίᾳ.
1102 2661 1212 2714 Καὶ
1243 2660 1342 2714 οὐκ
1381 2655 1502 2713 εἶπε
1537 2658 1652 2730 (85)
1686 2660 1830 2725 τότε,

254 2753 414 2806 οὐδὲ
452 2755 486 2806 ὀ
523 2752 674 2819 Υἱὸς,
709 2753 895 2824 ὥσπερ
929 2748 1080 2805 εἶπεν
1109 2752 1214 2824 πρὸ
1236 2751 1426 2805 τούτου
1455 2751 1830 2824 ἀνθρωπίνως,

248 2843 602 2914 ἁλλ’,⁹Υμῶν
633 2845 744 2898 οὐκ
771 2843 902 2898 ἐστι
925 2843 1164 2915 γνῶναι.
1185 2843 1383 2896 Λοιπὸν
1409 2841 1518 2913 γὰρ
1533 2838 1600 2914 ἦν
1638 2845 1672 2914 ἡ
1699 2842 1834 2914 σὰρξ

247 2936 559 2999 ἀναστᾶσα,
625 2935 720 2988 καὶ
759 2934 1066 3005 ἀποθεμένη
1125 2933 1222 3006 τὴν
1272 2933 1538 3006 νέκρωσιν
1584 2933 1679 2986 καὶ
1717 2932 1834 2987 θεο-

248 3021 562 3092 ποιηθεῖσαο
586 3022 682 3075 καὶ
711 3022 893 3075 οὐκέτι
945 3021 1148 3093 ἔπρεπε
1205 3022 1483 3092 σαρκικῶς
1513 3022 1674 3075 αὐτὸν
1698 3023 1834 3076 ἀπο·

247 3111 542 3184 κρίνασθαι
578 3112 938 3184 ἀνερχόμενον
967 3114 1046 3176 εἰς
1090 3113 1218 3176 τοὺς
1249 3113 1531 3185 οὐρανοὺς,
1556 3113 1690 3167 ἀλλά
1718 3113 1830 3167 λοι·-

247 3203 355 3254 πδν
379 3201 577 3266 θεῖκῶς
604 3202 847 3266 διδάξαι,
877 3203 960 3256 ὃτι
991 3203 1113 3271 Οὐχ
1131 3200 1297 3271 ὑμῶν
1318 3201 1450 3256 ἐστι
1467 3203 1682 3273 γνῶναι
1697 3205 1832 3273 χρό-

248 3310 402 3360 νους
427 3293 466 3361 ἢ
495 3293 739 3361 καιροὺς
767 3293 900 3364 (86),
960 3293 1066 3360 οὓς
1097 3297 1130 3347 ό
1189 3293 1390 3364 Πατὴρ
1441 3295 1604 3349 ἔθετο
1661 3295 1732 3349 ἐν
1758 3294 1833 3364 τῇ

252 3383 375 3452 ὶδιᾳ
417 3385 690 3453 ἐξουσίᾳ·
741 3387 904 3440 ἀλλὰ
947 3386 1222 3455 λήψεσθε
1265 3385 1522 3457 δύναμιν
1573 3385 1709 3458 (87).
1736 3388 1831 3450 Τίς

249 3477 306 3530 δὲ
331 3479 365 3548 ἡ
395 3477 622 3550 δύναμις
664 3477 759 3531 τοῦ
815 3479 1028 3551 Πατρὸς
1074 3479 1106 3550 ἦ
1160 3481 1189 3534 ό
1227 3480 1388 3548 Υἱὸς;
1441 3479 1692 3548 Χριστὸς
1723 3479 1831 3550 γὰρ

252 3570 680 3647 Θεοῦὶδύναμις
702 3573 798 3626 καὶ
825 3573 971 3626 Θεοῦ
1003 3574 1209 3641 Σοφία.

320 3663 414 3718 49.
446 3659 599 3716 Οἶδεν
619 3663 727 3735 ἄρα
745 3665 774 3717 ό
794 3664 921 3728 Υἱὸς
947 3664 1117 3732 Λόγος
1141 3662 1235 3716 ὢν·
1263 3661 1436 3717 τοῦτο’
1463 3663 1572 3735 γὰρ
1601 3663 1710 3734 (88)
1745 3664 1832 3716 λέ-

249 3771 364 3823 γων
393 3755 708 3826 ἐσήμαινεν,
737 3755 818 3808 ὅτι
857 3754 998 3823 Ἐγὼ
1017 3751 1155 3819 οῖδα,
1215 3753 1328 3808 ἀλλ’
1375 3754 1474 3806 οὐκ
1507 3753 1651 3808 ἐστιν
1679 3753 1832 3824 ὑμῶν

249 3847 476 3916 γνῶναι·
514 3847 580 3900 δι’
604 3847 748 3918 ὑμᾶς
775 3846 884 3918 γὰρ
916 3847 1010 3900 καὶ
1035 3847 1092 3899 ἐν
1115 3843 1190 3916 τῷ
1229 3845 1344 3918 δρει
1368 3843 1674 3916 καθήμενος
1697 3861 1831 3915 σαρ-

250 3939 428 4002 κικῶς
453 3935 628 4006 εἷπον,
658 3939 811 3994 Οὐδὲ
842 3942 874 3994 ό
917 3938 1052 4002 Υἱὸς
1104 3933 1246 4001 οἶδε,
1295 3937 1383 3990 διὰ
1424 3935 1484 3989 τὺ
1541 3935 1694 4006 ὑμῶν
1739 3937 1832 3989 καὶ

250 4032 470 4084 πάντων
503 4029 800 4104 συμφέρον·
824 4030 1091 4101 συμφέρει
1129 4029 1237 4100 γὰρ
1267 4028 1394 4098 ὑμῖν
1419 4026 1512 4079 καὶ
1539 4026 1670 4097 περὶ
1723 4025 1832 4079 τῶν

250 4122 500 4190 ἀγγέλων
527 4122 624 4176 καὶ
655 4122 784 4194 περὶ
809 4121 902 4176 τοῦ
954 4121 1084 4174 Υἰοῢ
1115 4121 1225 4193 (89)
1254 4119 1424 4184 οὕτως
1447 4119 1695 4183 ἀκοῦσαι,
1745 4118 1832 4173 διὰ

249 4215 378 4277 τοὺς
417 4214 713 4285 ἐσομένους
755 4213 891 4284 μετὰ
937 4213 1106 4268 ταῦτα
1156 4212 1389 4277 πλάνους
1411 4252 1426 4277 ,
1471 4211 1579 4276 ἵνα,
1620 4210 1724 4265 κᾶν
1755 4210 1832 4275 ὡς

251 4307 469 4375 ἄγγελοι
541 4308 1123 4379 μετασχηματίσωνται
1195 4306 1308 4378 (90)
1374 4304 1626 4376 δαίμονες
1646 4345 1661 4371 ,
1737 4304 1831 4358 καὶ

252 4399 381 4470 περὶ
403 4399 503 4470 τῆς
531 4399 842 4464 συντελείας
865 4401 1254 4471 ἐπιχειρήσωσι
1275 4397 1474 4466 λέγειν.
1514 4395 1588 4467 μὴ
1622 4395 1833 4450 moesti-

1935 1915 2151 1969 illorum
2209 1917 2531 1985 represserit
2569 1919 3022 1986 percontationes.
3059 1919 3330 1976 Praeterea
3363 1924 3502 1977 scri-

1933 2011 2084 2074 ptum
2119 2013 2203 2059 est
2231 2004 2287 2058 in
2313 2005 2539 2063 Actibus
2560 2009 2955 2076 apostolorum,
2989 2025 3113 2064 cum
3160 2012 3369 2082 angelis
3418 2014 3502 2067 in-

1931 2097 2240 2164 veheretur,
2257 2107 2317 2154 ut
2343 2099 2507 2155 homo
2528 2101 2847 2168 ascendens,
2875 2110 2929 2157 et
2951 2117 3196 2170 carnem,
3223 2120 3386 2174 quam
3410 2121 3503 2176 ge-

1933 2190 2128 2255 stabat,
2153 2189 2208 2244 in
2243 2191 2446 2246 coelum
2490 2192 2740 2256 eﬂ‘erens,
2777 2194 3220 2264 idquevidentes
3249 2197 3500 2267 discipuli

1933 2281 2256 2338 ba‘citernm
2273 2284 2342 2338 ab
2359 2299 2422 2339 eo
2455 2294 2781 2354 quaererent,
2823 2286 3176 2356 quandonam
3203 2288 3328 2344 linis
3349 2289 3504 2344 futu-

1933 2388 2029 2428 rus
2045 2375 2521 2441 esset,et,Quando
2541 2387 2596 2430 tu
2617 2386 2874 2432 venturus
2891 2378 3156 2448 es,ipsum
3173 2382 3411 2450 apertius
3428 2383 3502 2436 ita

1935 2465 2041 2519 illis
2065 2465 2454 2534 respondisse:
2494 2465 2616 2520 Non
2639 2476 2717 2520 est
2751 2477 2982 2520 vestrum
3014 2485 3166 2521 nosse
3187 2479 3419 2535 tempora
3452 2482 3501 2524 et

1931 2565 2195 2609 momenta
2233 2571 2350 2626 qua
2395 2555 2558 2610 Pater
2587 2558 2761 2626 posuit
2795 2559 2849 2612 in
2883 2573 2981 2611 sua
3013 2568 3268 2627 potestate
3287 2562 3353 2616 ⁸⁷.
3383 2561 3499 2615 Non

1933 2656 2082 2714 tunc,
2107 2657 2168 2703 ut
2189 2657 2368 2717 antea,
2399 2658 2656 2720 tanquam
2690 2651 2852 2705 homo
2872 2652 3034 2718 dixit,
3070 2653 3249 2723 Neque
3291 2653 3491 2717 Fitius,

1935 2739 2050 2806 sed,
2093 2737 2333 2795 Vestrum
2356 2757 2457 2794 non
2493 2751 2571 2795 est
2605 2743 2756 2796 scire.
2783 2741 2902 2798 Jam
2933 2745 3202 2814 siquidem
3233 2747 3500 2801 revixerat

1935 2847 2083 2899 caro,
2115 2834 2552 2905 deposueratque
2580 2836 2962 2891 mortalitatem
3008 2845 3063 2891 et
3089 2837 3271 2891 divina
3311 2837 3500 2893 ell‘ecta

1933 2934 2074 2990 erat,
2106 2941 2170 2980 ac
2197 2926 2423 2995 proinde
2468 2940 2593 2981 eum
2645 2926 2696 2980 in
2751 2928 2918 2984 cados
2970 2930 3351 2984 ascendentem
3385 2929 3499 2999 jam

1933 3031 2043 3071 non
2085 3016 2310 3072 decebat
2339 3017 2640 3072 secundum
2669 3033 2887 3072 carnem
2928 3021 3276 3090 respondere,
3309 3021 3405 3077 sed
3442 3031 3501 3075 ut

1934 3106 2104 3163 Deum
2135 3109 2332 3164 docere
2359 3117 2413 3162 et
2433 3109 2645 3163 dicere:
2680 3107 2803 3163 Non
2829 3121 2904 3164 est
2938 3120 3164 3165 vestrum
3192 3129 3341 3168 nosse
3365 3125 3501 3167 tem—

1931 3215 2060 3268 pora
2080 3201 2160 3253 vel
2177 3209 2438 3254 momenta
2471 3216 2589 3271 qua:
2615 3199 2778 3256 Pater
2801 3204 2976 3271 posuit
3012 3205 3066 3258 in
3090 3221 3188 3259 sua
3210 3215 3462 3274 potestate
3481 3223 3499 3260 .'

1931 3293 2021 3346 sed
2061 3293 2327 3363 accipietis
2368 3294 2610 3348 virtutem
2649 3293 2717 3350 ⁸⁸.
2747 3293 2879 3361 Quae
2918 3305 3098 3352 autem
3123 3298 3296 3354 virtus
3322 3299 3500 3354 Patris

1931 3395 2126 3454 praeter
2147 3385 2390 3442 Filium?
2415 3386 2658 3443 Christus
2687 3389 2831 3444 enim
2859 3388 2960 3443 Dei
2987 3391 3152 3446 virtus
3189 3403 3238 3446 et
3271 3391 3369 3446 Dei
3397 3391 3501 3447 Sa-

1932 3477 2130 3544 pientia
2151 3477 2217 3530 ".

2001 3658 2090 3712 49.
2118 3657 2351 3714 Noverat
2377 3659 2557 3730 itaque
2573 3659 2764 3727 Filius,
2783 3669 2970 3730 utpote
2985 3662 3078 3732 qui
3093 3659 3331 3716 Verbum
3347 3673 3463 3718 erat
3481 3680 3498 3729 ;

1930 3753 2076 3808 unde
2099 3752 2234 3807 mihi
2254 3753 2466 3808 videtur
2489 3753 2704 3808 illorum
2728 3754 3015 3809 verborum
3045 3754 3092 3810 is
3121 3769 3243 3810 esse
3269 3770 3496 3810 sensus:

1932 3844 2046 3916 Ego
2073 3845 2292 3915 quidem
2339 3845 2489 3910 novi,
2515 3846 2606 3901 sed
2642 3854 2882 3902 vestrum
2917 3861 3026 3901 non
3073 3855 3159 3901 est
3202 3861 3386 3902 nosse.
3413 3845 3498 3901 ld-

1931 3939 2078 3993 circo
2099 3938 2244 3992 enim
2278 3953 2403 3993 cum
2434 3938 2488 3992 in
2520 3949 2705 3994 monte
2741 3939 3010 4005 sederem,
3047 3939 3346 3994 secundum
3376 3956 3500 3994 car-

1931 4044 2057 4084 nem
2092 4029 2225 4092 dixi.
2259 4027 2440 4101 Neque
2477 4028 2526 4082 F
2530 4029 2652 4083 ilius
2692 4031 2854 4094 novit,
2879 4029 3006 4099 quia
3050 4029 3104 4085 id
3141 4030 3294 4084 vobis
3334 4038 3504 4100 atque

1931 4119 2187 4175 omnibus
2216 4119 2349 4175 utile
2396 4128 2534 4176 erat.
2579 4117 2705 4174 Haec
2739 4120 3008 4190 siquidem
3040 4129 3095 4174 et
3119 4120 3185 4174 de
3215 4120 3424 4191 angelis
3446 4129 3504 4176 et

1931 4211 2000 4266 de
2025 4210 2166 4266 Filio
2188 4209 2380 4267 audire
2421 4211 2580 4268 vobis
2615 4211 2871 4267 conducit
2905 4221 3124 4281 propter
3152 4210 3368 4268 futuros
3400 4213 3503 4268 im-

1932 4313 2197 4374 postores,
2229 4313 2311 4373 ut,
2337 4304 2383 4360 si
2418 4305 2524 4376 ipsi
2553 4305 2852 4372 daemones,
2880 4305 3057 4375 angeli
3101 4306 3281 4374 specie
3321 4306 3499 4361 simu-

1931 4395 2062 4463 lata,
2089 4396 2157 4452 de
2186 4395 2293 4451 ﬁne
2323 4395 2516 4451 mundi
2561 4395 2942 4460 disseruerint,
2971 4394 3054 4450 eis
3089 4410 3196 4450 non
3239 4398 3496 4464 credatis,

256 4508 408 4562 σητε,
446 4493 523 4557 ὡς
555 4491 896 4562 ἀγνοούντων
929 4492 1132 4546 αὐτῶν.
1161 4492 1256 4544 "Av
1278 4490 1452 4544 δὲκαὶ
1486 4491 1514 4543 ὁ
1559 4489 1828 4560 Ἀντίχρι-

1941 4487 2130 4558 quippe
2158 4487 2252 4559 qui
2283 4487 2436 4541 illum
2471 4487 2740 4558 ignorent.
2769 4485 2829 4541 Si
2859 4487 2986 4543 item
3022 4487 3417 4555 Antichristus,
3443 4504 3502 4546 se

324 4608 373 4640 "
415 4610 537 4663 Act.
579 4623 598 4662 ι
626 4648 642 4674 ,
681 4607 735 4661 7.
814 4606 860 4640 ⁸³
900 4606 1030 4662 ibid.
1075 4606 1128 4670 7,
1180 4607 1233 4662 8.
1311 4605 1357 4639 ⁴⁹
1396 4603 1417 4658 l
1452 4605 1582 4659 Cor.
1626 4621 1666 4668 ι,
1704 4601 1796 4657 Ἃ.

325 4711 542 4780 (77618)
568 4709 662 4766 Sic
686 4711 821 4781 Reg.
846 4711 900 4773 ‘l,
923 4709 1149 4781 Segner.
1171 4709 1390 4781 Gobler.
1413 4715 1468 4781 et
1500 4706 1644 4781 Felc.
1682 4705 1730 4761 Ι.
1759 4705 1829 4760 At

246 4776 344 4837 alii
379 4792 434 4836 et
460 4782 631 4836 editio
668 4776 931 4835 Corﬁmel.
961 4776 1220 4850 ofnittunt
1255 4779 1390 4850 μηδέ
1417 4776 1756 4850 θροηθιῖηιενξ

324 4852 438 4922 (79)
457 4851 625 4922 ἱξθεη.
653 4861 710 4905 et
741 4850 885 4922 Felc.
919 4850 972 4914 5,
997 4848 1193 4922 θεῖκῷς
1224 4843 1418 4914 εἰπεῖν,
1440 4843 1664 4922 ότιὉύκ
1687 4843 1824 4922 οῖδα.

322 4917 437 4994 (80)
476 4919 614 4994 Reg.
646 4923 670 4994 l_
702 4929 759 4994 et
787 4921 1056 4994 Seguer._,_
1081 4919 1156 4991 μὴ
1188 4919 1642 4989 κατερωτήσωσιν
1667 4917 1828 4970 αὐτὸν

241 4987 347 5048 καῖ
391 4987 586 5062 λοιπὸν
613 4990 687 5062 μὴ
717 4987 972 5062 εζρηκώς.
1013 4987 1346 5062 “secantem
1377 5003 1498 5062 quae
1524 4995 1828 5062 sequuntur

243 5055 686 5184 τεὲδδ,1λυπήσςί
700 5055 836 5114 τότε
847 5063 973 5125 τοὺς
996 5060 1263 5132 μαθητὰς,
1291 5056 1324 5130 ἢ
1348 5055 1613 5130 εἰρηκώς,
1626 5057 1827 5144 absunt

245 5147 280 5184 a
363 5148 442 5184 asn
471 5172 484 5184 .

245 5147 280 5186 a
318 5133 484 5186 Basil.
654 5133 659 5134 “
1807 5141 1810 5144 ’

324 5221 439 5292 (81)
478 5221 700 5279 Primus
728 5221 901 5278 codex
933 5221 1143 5292 Regius
1187 5227 1242 5276 et
1298 5219 1550 5292 Seguer.,
1600 5218 1823 5292 ποιήσῃ.

324 5237 439 5292 (δι)
478 5237 700 5279 Primus
728 5237 901 5278 couex
934 5237 1137 5344 Regius
1187 5237 1242 5276 et
1298 5237 1550 5291 aeguer.,
1600 5237 1822 5289 ποιησῃ.

240 5291 456 5363 Regius
484 5293 780 5363 secundus,
810 5295 972 5346 ποιεῖ.
1026 5291 1146 5363 Αάῇιῇ
1168 5331 1182 5356 ,
1212 5293 1385 5363 σιτοιῇΔ
1406 5290 1550 5363 quod
1574 5289 1822 5354 verbum,

241 5372 312 5418 ut
341 5359 401 5418 Et
425 5362 453 5415 ὃ
484 5363 594 5436 γὰρ
625 5364 712 5429 ἀν,
741 5362 895 5419 deest
927 5363 984 5417 in
1011 5360 1227 5418 Gobler.
1260 5359 1492 5416 etV'Felc.
1523 5360 1574 5414 1.

320 5454 440 5527 (82)
476 5455 682 5527 Regius
711 5455 1010 5527 primus_et
1036 5452 1286 5527 Seguer._,
1317 5453 1437 5506 οὐκ.

317 5519 438 5595 (85)
475 5519 898 5581 Primus-codex
937 5519 1140 5595 Regius
1172 5530 1223 5578 et
1253 5523 1481 5593 Seguer.
1517 5519 1726 5576 addunt
1750 5521 1826 5574 ei-

233 5597 402 5661 ⁸δεῖν,
421 5595 576 5667 quod
606 5596 662 5650 in
699 5595 822 5652 aliis
851 5605 906 5652 et
931 5596 1094 5651 editis
1127 5595 1300 5650 deest.

320 5687 440 5760 (84)
477 5685 611 5760 Reg.
631 5688 662 5760 ,ι
689 5731 704 5753 ,
737 5687 964 5760 Seguer.
988 5697 1044 5744 et
1069 5686 1217 5745 Felc.
1245 5686 1298 5756 5,
1328 5683 1424 5740 καὶ
1453 5678 1626 5753 εἷπεν,
1676 5684 1822 5756 quod

236 5757 304 5816 in
329 5757 456 5814 aliis
479 5770 532 5816 et
553 5757 717 5815 éditis
747 5757 966 5829 legitur.

558 5871 760 5960 Pun.
805 5871 921 5934 Gn.
968 5869 1201 5946 XXVI.

1896 4673 1912 4688 ρ
2001 4689 2115 4759 (85)
2155 4687 2282 4759 Haec
2318 4690 2503 4759 verba,
2538 4687 2631 4759 καὶ
2661 4685 2783 4759 οὐκ,
2808 4695 2893 4742 etc
2924 4702 3136 4759 ,_usque
3165 4688 3232 4742 ad
3265 4688 3417 4744 ἔθετο
3444 4693 3502 4745 ἐν

1929 4763 1995 4831 τῇ
2013 4756 2138 4832 gate
2159 4758 2374 4832 ἐξουσίᾳ
2395 4758 2905 4832 inclusive,_desunt
2939 4756 2996 4832 in
3029 4756 3252 4832 seguer.
3277 4761 3496 4832 Gobler.

1929 4825 2240 4900 ej'Felé.gl.
2281 4825 2406 4900 Max
2437 4837 2662 4900 uterque
2689 4825 2912 4900 Regius,
2953 4825 3127 4900 Basili
3171 4837 3226 4882 et
3259 4829 3498 4900 Anglic.,

1929 4897 2049 4954 εἷπε
2071 4899 2188 4971 πρὸ
2215 4897 2425 4971 τούτου.
2457 4897 2567 4971 Alii
2597 4907 2651 4971 et
2682 4899 2834 4971 editi,
2873 4897 2988 4971 προ
3010 4898 3238 4971 τούτων,

2000 4967 2402 5054 (86)Ἀηειὶο.,
2447 4969 2546 5039 οὐχ
2593 4969 2747 5040 ὑμῶν
2794 4967 3087 5036 ἐπιγνῶναι
3134 4967 3358 5037 χρόνους
3405 4971 3498 5022 καὶ

1928 5057 2174 5104 καιρους.

2000 5104 2110 5235 (8⁸1)
2148 5109 2240 5164 Sic
2288 5109 2424 5193 Reg.
2482 5108 2546 5174 l,
2593 5107 2832 5190 Seguerz
2865 5107 3096 5188 .Gobler.
3154 5104 3300 5161 Felc.
3337 5108 3394 5188 μ,
3439 5119 3498 5163 ιιι

2031 5191 2139 5235 catt
2159 5179 2427 5235 Nannius.
2457 5180 2528 5234 At
2555 5180 2645 5233 alu
2674 5189 2727 5233 ct
2748 5179 2914 5233 edttto
2941 5177 3208 5232 Commel.
3241 5189 3497 5234 omittunt

1926 5192 1983 5237 et
2008 5177 2139 5250 legit
2159 5177 2427 5236 Nannius.
2457 5180 2528 5234 At
2555 5180 2645 5250 alii
2672 5189 2727 5250 ct
2748 5178 2914 5250 editio
2941 5177 3208 5250 C_omm_el.
3241 5179 3497 5234 omittunt

1927 5247 2087 5324 ἀλλά’
2101 5250 2332 5324 λήψεσθε
2359 5249 2758 5324 δόναμιν.-Ρίιοχ
2799 5249 2930 5324 Reg.
2973 5247 2999 5301 1
3040 5258 3095 5302 et
3128 5247 3376 5316 Seguer.,
3408 5250 3440 5319 ἢ
3471 5254 3499 5304 ὀ

1928 5323 2076 5384 Υἱός.
2111 5317 2251 5375 Eiliti
2283 5331 2336 5376 et
2359 5317 2596 5390 alin-iu)
2622 5317 2902 5390 Χριστόςζ
2936 5387 2949 5390 _
3043 5387 3072 5390 __
3123 5374 3181 5390 ___

1999 5392 2109 5464 (88)
2149 5393 2262 5463 Γάρ
2287 5393 2439 5447 abest
2471 5406 2502 5445 a
2526 5385 2686 5458 RegI
2708 5390 2744 5442 2
2779 5396 2833 5444 et
2861 5387 3004 5443 Felc.
3041 5385 3260 5443 5.1bid.
3298 5387 3430 5461 Reg.
3468 5393 3492 5447 l

1927 5475 1982 5521 et
2017 5463 2264 5532 Seguer.,
2286 5463 2383 5532 ἐσή
2393 5477 2580 5532 μανεν.

2001 5527 2115 5604 (89)
2148 5531 2349 5604 Regius
2374 5527 2406 5586 ἶ
2439 5540 2492 5586 et
2516 5529 2763 5598 Seguer.,
2800 5529 2928 5600 περὶ
2958 5527 3206 5598 ἀγγέλων
3239 5528 3333 5580 καὶ
3369 5533 3499 5602 περὶ

1928 5605 2081 5660 Υἰοῦ.

1999 5674 2112 5744 (90)
2139 5673 2245 5728 'Sic
2270 5679 2498 5744 uterque
2530 5669 2664 5740 Reg.
2699 5669 2924 5744 Seguer.
2959 5669 3127 5729 Basil.
3159 5681 3216 5729 et
3255 5671 3404 5729 Felc.
3444 5673 3496 5728 l.

1930 5739 2115 5802 Διεϋῖ
2147 5753 2202 5802 ct
2227 5742 2378 5810 editi,
2407 5739 3006 5812 μετασχηματίζωνται.

3104 5855 3176 5916 1Ιι
