3944 6222
438 320 544 374 4ςῖ

1035 315 1094 370 S.
1138 315 1517 371 ATllANASll
1553 315 1703 372 OPP.
1746 313 1928 368 PARS
1960 313 2000 368 1.
2043 345 2109 355 —-
2137 311 2511 370 HISTORICA
2551 311 2637 366 ET
2679 311 3096 368 DOGMATICA.

3571 316 3680 370 ιεε

437 439 553 504 ipse
582 433 896 498 ementitus,
925 432 1092 498 dicat,
1124 431 1236 500 Ego
1276 449 1398 489 sum
1432 433 1704 499 Christus,
1734 442 1895 502 atque
1937 433 2003 488 de

2115 449 2227 496 ττος
2261 433 2633 504 μεταποιήσας
2683 430 2873 484 ἑαυτὸν
2934 430 3046 503 (91)
3108 431 3260 504 λέγτγ
3321 433 3461 502 Ἐγώ
3505 437 3618 505 εἰμι
3649 440 3681 488 6

397 535 414 570 Γ
435 527 524 581 die
558 527 654 581 illo
685 534 738 580 et
767 526 875 580 ﬁne
899 525 1049 596 loqui
1076 525 1438 596 aggrediatur,
1472 534 1532 579 ut
1559 526 1838 580 audientes
1857 524 2005 580 deci-

400 603 566 688 ipiat,
595 633 692 672 vos
717 633 848 672 meae
868 618 1095 686 hujusce
1124 617 1292 681 vocis,
1319 614 1497 686 Neque
1515 615 1711 679 Filius,
1739 630 2007 670 memores

397 707 412 786 ι’
437 707 595 760 Iidem
628 707 703 760 illi
737 707 1318 777 denegetis.Praeterea
1341 706 1496 760 valde
1527 705 1842 759 horninibus
1870 705 2004 759 utile

435 805 523 851 est
542 797 702 851 ﬁnem
728 805 782 851 et
808 797 950 852 diem
983 796 1108 851 ﬁnis
1143 797 1415 866 ignorare,
1451 810 1538 859 ne,
1568 795 1613 848 si
1643 809 1766 849 eum
1805 809 2007 866 cogno—

437 898 671 955 scerent,
711 889 1090 944 intermedium
1137 887 1472 958 negligerent
1516 895 1751 956 tempus,
1781 887 2008 954 diesque

437 982 531 1036 ﬁni
558 982 836 1052 proximos
871 991 1267 1052 exspectarent,
1296 991 1354 1034 ut
1391 988 1523 1033 tunc
1560 981 1734 1034 solum
1771 977 1875 1033 sibi
1908 995 2006 1033 va-

435 1084 624 1130 carent
653 1087 704 1128 et
728 1074 1030 1143 vigilarent.
1065 1072 1330 1139 Quocirca
1347 1081 1570 1141 tempus
1597 1072 1786 1126 mortis
1819 1073 2011 1142 singu-

441 1164 620 1218 lorum
653 1164 888 1226 reticuit,
916 1179 981 1216 ne
1013 1161 1327 1231 hujusmodi
1371 1161 1681 1230 cognitione
1716 1161 1885 1215 inllati
1911 1163 2008 1215 ho-

432 1256 630 1316 mines,
662 1256 954 1309 maximam
987 1253 1250 1323 temporis
1269 1262 1479 1322 partem
1515 1253 1849 1323 negligenter
1877 1269 2008 1323 age-

435 1356 578 1401 rent.
595 1343 904 1414 Utrumque
921 1360 1049 1414 ergo
1066 1355 1120 1399 et
1134 1345 1378 1399 omnium
1400 1359 1583 1400 rerum
1603 1354 1656 1398 et
1672 1345 2011 1414 singulorum

437 1437 604 1492 ﬁnem
649 1451 750 1492 nos
791 1436 988 1490 celavit
1018 1433 1253 1490 Verbum
1296 1435 1457 1506 (nam
1495 1433 1832 1504 singulorum
1863 1434 2010 1502 ﬁnis,

442 1529 692 1586 omnium
724 1543 944 1598 quoque
974 1527 1098 1583 linis
1123 1537 1225 1592 est,
1250 1541 1376 1582 cum
1402 1526 1646 1580 omnium
1677 1525 1800 1581 linis
1827 1525 1881 1580 in
1903 1527 2015 1582 sin-

437 1622 691 1693 gulorum
735 1619 843 1675 ﬁne
881 1617 1245 1690 contineatur)
1284 1636 1297 1672 :
1339 1627 1419 1682 ut,
1450 1617 1892 1688 quandoquidem
1930 1618 2015 1672 in-

433 1722 615 1768 certus
648 1713 739 1768 ille
766 1721 850 1768 est
879 1719 933 1767 et
958 1726 1173 1780 semper
1200 1725 1232 1764 a
1272 1709 1432 1764 nobis
1459 1720 1828 1779 exspectatur,
1863 1725 2006 1780 quo-

2105 525 2356 596 Χριστὸς,
2387 525 2477 577 καὶ
2507 523 2744 595 πειράσῃ
2804 524 2898 577 καὶ
2949 525 3111 588 αὐτὸς
3162 526 3292 595 περὶ
3336 527 3433 597 τῆς
3465 529 3678 600 ἡμέρας

2105 617 2199 671 καὶ
2230 616 2537 679 συντελείας
2580 615 2776 684 λέγειν,
2801 615 2937 687 πρὸς
2967 617 3026 669 τὸ
3056 616 3326 686 πλανῆσαι
3360 619 3484 681 τοὺς
3511 621 3673 673 ἀκού-

2105 725 2279 770 οντας·
2310 708 2521 777 ἔχοντες
2545 707 2701 776 ὑμεῖς
2728 707 2860 777 παρ’
2879 706 3012 776 ἐμοῦ
3045 707 3145 777 τὴν
3181 707 3384 778 φωνὴν,
3417 709 3498 760 ὅτι
3528 709 3680 763 Οὐδὲ

2107 803 2140 853 ό
2195 799 2345 864 Υἱὸς,
2386 798 2522 869 μηδὲ
2581 799 2771 867 ἐκείνῳ
2826 799 3171 867 πιστεύσητε.
3215 799 3421 863 Ἄλλως
3469 818 3525 854 τε
3557 802 3681 854 οὐδὲ

2107 893 2302 945 εἰδέναι
2337 891 2495 945 πάλιν
2526 891 2653 943 πότε
2699 891 2760 944 τὸ
2807 891 3044 961 τέλος,ἢ
3088 893 3216 945 πότε
3267 893 3359 945 τοῦ
3408 893 3591 957 τέλους
3643 898 3680 966 ἡ

2108 986 2309 1056 ἡμέρα,
2354 985 2617 1054 συμφέρει
2650 987 2760 1045 τοῖς
2789 983 3114 1054 ἀνθρώποις,
3168 985 3252 1037 ἵνα
3297 984 3389 1055 μὴ,
3441 985 3682 1054 γνόντες,

2109 1077 2514 1148 καταφρονηταὶ
2540 1074 2868 1145 τοῦμεταξὺ
2927 1076 3116 1145 χρόνου
3146 1077 3426 1143 γένωνται,
3456 1077 3685 1148 περιμέ-

2109 1186 2288 1232 νοντες
2313 1168 2411 1231 τὰς
2439 1169 2604 1234 ἑγγὺς
2633 1166 2724 1218 τοῦ
2751 1155 2934 1230 τέλους
2963 1167 3193 1238 ἡμέρας·
3239 1170 3359 1221 τότε
3391 1169 3498 1240 γὰρ
3523 1170 3686 1239 μόνον

2110 1260 2314 1313 ἑαυτῶν
2344 1259 2715 1329 ἐπιμελεῖσθαι
2742 1260 3167 1330 προφασίσονται
3222 1259 3354 1330 (9:2).
3399 1261 3496 1312 Διά
3526 1260 3686 1312 τοῦτο

2112 1348 2284 1404 καὶτὸ
2337 1348 2566 1401 ἑκάστου
2599 1348 2751 1410 τέλος
2796 1347 2890 1400 τοῦ
2923 1347 3149 1402 θανάτου
3182 1348 3542 1420 σεσιώπηκεν,
3595 1351 3688 1404 ἵνα.

2115 1441 2210 1512 μὴ,
2243 1439 2632 1511 προφάσειτῆς
2679 1438 2930 1507 γνώσεως
2967 1439 3333 1508 φυσιωθέντες
3379 1442 3428 1492 ot
3476 1441 3687 1512 ἄνθρω-

2112 1550 2224 1596 ποι,
2261 1531 2480 1602 ἀμελεῖν
2514 1529 2721 1584 ἑαυτῶν
2750 1531 2809 1583 τὸ
2851 1531 3097 1584 πλεῖστον
3119 1531 3389 1601 ἄρξωνται
3441 1530 3533 1583 τοῦ
3565 1532 3688 1602 χρό-

2113 1643 2226 1679 νου.
2269 1625 2577 1696 Ἀμφότερα
2597 1624 2659 1695 δὴ
2681 1620 2772 1676 οὖν
2804 1624 2897 1677 καὶ
2927 1624 2988 1677 τὸ
3020 1623 3250 1678 καθόλου
3296 1623 3467 1686 τέλος,
3497 1625 3590 1676 καὶ
3623 1625 3687 1678 τὸ

2115 1717 2342 1771 ἑκάστου
2375 1716 2544 1788 πέρας
2566 1715 2798 1787 ἔκρυψεν
2833 1715 2940 1786 (95)
2989 1717 3079 1786 ἀφ’
3106 1715 3260 1786 ἡμῶν
3293 1717 3320 1769 6
3370 1716 3540 1784 Λόγος
3567 1717 3686 1788 (καὶ

433 1805 566 1860 tidie
588 1804 734 1859 velut
757 1803 936 1859 vocati
967 1778 1336 1873 proﬁciamus,
1361 1801 1429 1855 ad
1450 1815 1510 1856 ea
1533 1778 1653 1872 quae
1675 1810 1802 1856 sunt
1822 1778 2001 1871 priora

2115 1809 2212 1880 γάρ
2233 1809 2326 1862 καὶ
2355 1811 2412 1862 ὲν
2435 1778 2662 1862 καθόλου
2693 1778 2754 1862 τὸ
2775 1778 3003 1862 ἑκάστου
3035 1778 3186 1872 τέλος
3217 1809 3354 1872 ἐστὶ,
3390 1778 3483 1862 καλ
3510 1778 3674 1879 έντῷ

432 1898 797 1967 nosmetipsos
844 1894 1197 1950 extendentes
1229 1899 1285 1946 et
1312 1907 1434 1962 quas
1461 1901 1610 1947 retro
1648 1902 1776 1947 sunt
1808 1893 2003 1948 oblivi-

433 1999 646 2045 scentes
669 1989 737 2042 ⁵⁸.
767 1987 900 2054 Quis
925 1985 1071 2041 enim
1101 1985 1187 2040 die
1210 1984 1437 2040 ex..emi
1471 1983 1596 2039 ﬁnis
1629 1985 1846 2055 cognito
1889 1999 1995 2038 non

432 2079 818 2134 intermedium
865 2076 1110 2131 diﬁ'erret
1153 2075 1407 2144 tempus?
1447 2073 1490 2128 E
1518 2075 1796 2130 contrario
1817 2084 1999 2130 autem

432 2171 580 2240 quis,
613 2170 706 2223 illo
742 2171 1012 2240 ignorate,
1033 2183 1138 2222 non
1175 2180 1235 2222 se
1261 2166 1502 2235 quotidie
1543 2166 1736 2221 debeat
1771 2167 2006 2236 parare?

431 2257 570 2314 Hinc
613 2258 854 2313 subdidit
889 2255 1169 2312 Salvator:
1211 2254 1438 2325 Vigilate
1491 2271 1612 2326 ergo
1638 2296 1654 2321 ,
1689 2257 1816 2326 quia
1846 2273 2006 2327 neque

429 2369 518 2407 vos
566 2353 729 2406 nostis
773 2367 877 2420 qua
922 2349 1053 2402 hora
1086 2347 1247 2420 475
1278 2348 1533 2402 Dominus
1563 2359 1730 2402 vester
1761 2357 2006 2404 venturus

432 2445 500 2498 sit
516 2443 557 2474 "
575 2461 591 2510 ;
607 2453 681 2510 et,
705 2441 822 2508 Qua
837 2457 936 2494 non
952 2442 1153 2510 putatis
1175 2441 1305 2494 hora
1320 2439 1494 2495 Filius
1519 2440 1742 2494 hominis
1760 2441 1922 2495 veniet
1938 2443 2007 2496 ⁵².

431 2534 620 2606 Itaque
646 2535 717 2590 ob
746 2534 1068 2601 utilitatem,
1103 2548 1226 2603 quae
1261 2547 1328 2587 ex
1351 2533 1454 2588 hac
1479 2532 1654 2588 oritur
1682 2531 2008 2602 ignorantia,

431 2632 508 2687 ita
543 2639 628 2688 est
669 2630 912 2686 locutus.
961 2625 1060 2684 His
1113 2629 1260 2682 enim
1305 2627 1485 2684 verbis
1534 2642 1634 2683 nos
1664 2627 1915 2683 hortatur
1945 2635 2006 2683 ut

431 2739 646 2796 semper
689 2722 868 2794 parati
913 2720 1108 2778 simus.
1138 2718 1249 2776 Vos
1278 2720 1422 2775 enim
1443 2759 1457 2784 ,
1490 2719 1687 2791 inquit,
1735 2720 2000 2776 nescitis:

430 2833 532 2889 ego
575 2831 704 2872 vero
745 2815 1011 2871 Dominus
1067 2813 1228 2877 novi,
1271 2813 1490 2882 quando
1540 2821 1806 2867 venturus
1854 2829 2000 2879 sum,

431 2910 683 2981 quamvis
713 2907 900 2963 Ariani
934 2920 1043 2975 me,
1076 2905 1170 2978 qui
1215 2903 1394 2961 Patris
1434 2919 1557 2961 sum
1593 2903 1852 2970 Verbum,
1889 2920 2001 2961 non

431 3010 766 3072 exspectent.

2107 1900 2336 1953 ἑκάστου
2359 1899 2498 1952 τέλει
2521 1899 2580 1952 τὸ
2598 1899 2824 1952 καθόλου
2855 1897 3184 1969 συνάγεται),
3213 1899 3318 1964 ἵνα,
3358 1899 3554 1971 ἀδήλου
3584 1900 3688 1954 αὑ-

2105 1990 2200 2043 τοῦ
2226 1991 2378 2054 ὄντος
2405 1990 2516 2062 (94)
2545 1992 2637 2044 καὶ
2685 1993 2772 2046 ἀεὶ
2795 1990 3267 2063 προσδοκωμένου,
3323 1990 3442 2044 καθ’
3468 1991 3685 2063 ἡμέραν

2107 2083 2184 2146 ὡς
2237 2081 2563 2154 καλούμενοι
2615 2083 3033 2156 προκόπτωμεν,
3082 2086 3195 2147 τοῖς
3251 2083 3554 2154 ἔμπροσθεν
3589 2085 3688 2136 ἑπ-

2107 2176 2492 2246 εκτεινόμενοι,
2537 2175 2646 2229 τῶν
2697 2175 2755 2228 δὲ
2806 2176 3027 2230 ὄπισθεν
3056 2176 3553 2247 ἐπιλανθανόμενοι.
3586 2177 3686 2240 Τίς

2109 2266 2237 2338 γάρ,
2291 2265 2572 2334 γινώσκων
2626 2265 2724 2337 μὲν
2771 2265 2868 2337 τὴν
2923 2267 3134 2338 ἡμέραν
3183 2265 3276 2319 τοῦ
3331 2267 3536 2329 τέλους,
3585 2267 3684 2337 οὐχ

2110 2358 2454 2431 ὑπερτίθεται
2487 2358 2578 2412 τὸν
2630 2357 2830 2429 μεταξὺ
2858 2360 3066 2430 χρόνονο
3123 2358 3331 2427 ἀγνοῶν
3360 2359 3438 2424 δὲ,
3471 2359 3530 2411 οὗ
3559 2359 3684 2412 καθ’

2111 2448 2323 2519 ἡμέραν
2353 2447 2570 2519 ἑτοιμος
2597 2448 2838 2516 γίνεται;
2881 2449 2979 2502 Διά
3010 2447 3177 2502 τοῦτο.
3203 2449 3309 2520 γὰρ
3343 2449 3434 2501 ἐπὶ
3474 2449 3686 2512 τούτοις

2110 2542 2376 2613 ἐπέφερεν
2397 2543 2426 2594 6
2450 2541 2662 2612 Σωτὴρ,
2683 2541 2874 2610 λέγων·
2914 2541 3264 2611 Γρηγορεῖτε
3293 2537 3425 2605 οὖν,
3457 2538 3545 2594 ὅτι
3573 2543 3685 2593 οὐκ

2111 2633 2308 2687 οἴδατε
2351 2632 2492 2688 οὐδὲ
2515 2633 2702 2702 ὑμεῖς,
2739 2633 2876 2699 ποίᾳ
2903 2631 3021 2701 ὥρᾳ
3061 2633 3171 2704 (95)
3203 2636 3234 2685 ό
3279 2634 3490 2701 Κύριος
3518 2631 3685 2700 ὑμῶν

2107 2725 2360 2794 ἔρχεταιο
2384 2725 2498 2789 καὶ,
2528 2719 2610 2796 ⁷ῌ
2633 2726 2704 2779 οὐ
2751 2723 2976 2778 δοκεῖτε
3020 2723 3160 2792 ὥρᾳ,
3215 2727 3251 2778 ὀ
3299 2724 3420 2790 Υἱὸς
3449 2724 3554 2776 τοῦ
3576 2723 3685 2776 ἀι·-

2107 2817 2340 2887 θρώπου
2371 2817 2626 2886 ἔρχεταισ
2675 2816 2766 2869 διὰ
2814 2817 2876 2870 τὸ
2907 2817 3204 2887 συμφέρον
3233 2816 3338 2888 ἄρα
3369 2815 3430 2868 τὸ
3474 2815 3585 2885 (96)
3617 2817 3684 2868 ὲκ

2107 2908 2205 2978 τῆς
2237 2907 2455 2978 ἀγνοίας
2482 2907 2638 2962 τοῦτο
2663 2907 2871 2980 εἴρηκε.
2898 2907 3006 2962 Καὶ
3033 2907 3141 2980 γὰρ
3170 2909 3261 2962 καὶ
3296 2908 3453 2961 τοῦτο
3488 2907 3683 2975 λέγων,

2112 2997 2358 3068 βούλεται
2383 2998 2470 3052 διά
2505 2997 2704 3063 παντὸς
2765 2999 2915 3069 ἡμᾶς
2971 2999 3218 3068 ἑτοίμους
3269 2998 3520 3067 γενέσθαι
3547 2997 3682 3070 (97)·

435 3092 626 3164 Ὑμεῖς
651 3091 779 3164 γὰρ,
821 3090 1002 3163 φησὶν,
1049 3089 1148 3142 οὐκ
1205 3086 1401 3142 οἴδατεο
1429 3086 1537 3158 ἑγὼ
1581 3087 1640 3143 δὲ
1713 3091 1742 3142 6
1797 3088 1999 3162 Κύριος
2065 3086 2180 3145 οἶδα
2248 3092 2377 3146 πότε
2427 3090 2676 3164 ἔρχομαι,
2748 3091 2851 3145 κᾶν
2898 3091 2948 3143 oi
3007 3090 3266 3145 Ἀοειανοί
3323 3107 3389 3162 με
3449 3090 3525 3163 μὴ
3571 3091 3684 3161 (98)

432 3184 770 3259 προσδοκῶσι
798 3185 967 3253 Λόγον
987 3184 1115 3238 ὅντα
1136 3183 1229 3236 τοῦ
1259 3183 1490 3254 Πατρός.

503 3279 589 3336 50.
616 3277 707 3333 Sic
733 3291 862 3347 ergo
891 3274 1176 3340 Dominus,
1201 3276 1294 3344 qui
1320 3275 1465 3346 .quid
1494 3269 1654 3332 nebis
1695 3276 1996 3347 expediret,

2174 3275 2261 3330 50.
2306 3273 2362 3328 '0
2398 3272 2497 3344 μὲν
2527 3267 2620 3325 οὖν
2648 3269 2870 3343 Κύριος,
2899 3271 2959 3325 τὸ
2997 3270 3152 3344 ἡμῶν
3212 3271 3485 3344 συμφέρον
3542 3271 3684 3326 ὑπὲρ

433 3374 626 3429 melius
662 3387 826 3441 quam
871 3385 972 3425 nos
998 3379 1242 3434 noverat,
1271 3385 1401 3426 suos
1441 3370 1736 3440 discipulos
1767 3371 2005 3426 ﬁrmavit

431 3483 495 3522 ac
521 3465 771 3529 munivit,
795 3463 978 3533 illique
1009 3461 1320 3531 liujusmodi
1338 3461 1590 3517 instructi
1611 3461 2002 3530 admonitione,

431 3559 862 3616 emendaverunt
888 3555 1405 3611 Tliessalonicenses
1422 3555 1571 3622 ",ea
1599 3554 1654 3608 in
1686 3569 1744 3608 re
1760 3552 2002 3622 alioquin

431 3662 729 3710 erratums.
781 3649 1008 3718 Quando
1054 3663 1182 3704 vero
1225 3663 1399 3719 neqe
1449 3647 1537 3702 his
1575 3647 1772 3703 cedunt
1801 3644 2006 3700 Christi

431 3747 641 3810 hostes,
673 3743 893 3800 tametsi
932 3759 1040 3798 non
1072 3757 1160 3797 me
1193 3740 1330 3812 fugit
1367 3740 1560 3796 durius
1603 3739 1711 3794 illis
1754 3752 1850 3794 cor
1885 3751 2007 3792 esse

435 3855 602 3910 quam
633 3836 924 3902 Pharaoni,
955 3836 1131 3906 placet
1162 3843 1340 3889 tamen
1376 3833 1502 3889 illos
1535 3831 1730 3888 iterum
1759 3846 1826 3887 ea
1853 3830 1921 3886 de
1949 3843 2008 3885 re

434 3942 791 4002 Interrogare.
819 3929 964 3984 Deus
1003 3928 1058 3983 in
1110 3927 1365 3998 paradiso
1400 3933 1767 3997 percontatur,
1812 3922 2006 3990 Adam,

434 4027 524 4083 ubi
562 4042 616 4080 es
640 4023 729 4076 5‘?
766 4023 998 4078 Cainum
1043 4035 1260 4091 quoque
1304 4020 1419 4090 ipse
1448 4013 1902 4088 interrogatrUbi
1929 4021 2008 4069 est

435 4119 565 4175 Abel
611 4120 779 4189 frater
825 4125 943 4168 tuus
965 4113 1046 4167 "7
1093 4112 1236 4179 Quid
1285 4112 1374 4166 hic
1413 4113 1595 4182 itaque
1622 4107 2008 4180 respondetis?

437 4209 574 4265 Nam
609 4209 657 4263 si
700 4223 825 4263 eum
855 4204 1068 4260 nescire
1103 4204 1453 4272 existimatis,
1499 4213 1553 4259 et
1580 4201 1782 4258 idcirco
1813 4199 2008 4272 scisci;

438 4302 542 4356 tari
571 4321 584 4355 :
615 4313 738 4355 cum
766 4294 1078 4350 Manicliaais
1101 4293 1340 4364 profecto
1365 4295 1708 4359 consentltis,
1738 4292 1832 4362 qui
1862 4289 2008 4346 vide-

507 4395 552 4427 "
578 4392 808 4459 Philipp.
825 4457 834 4459 A
851 4403 941 4457 ιιι,
979 4387 1067 4443 15.

437 4464 485 4496 ⁸⁸
523 4463 658 4518 Gen.
701 4457 776 4526 tv,
813 4457 872 4514 9.

1212 4388 1258 4420 “
1298 4387 1488 4442 Matth.
1529 4401 1679 4451 xxiv,
1716 4385 1807 4440 42.

1915 4382 1962 4415 ⁸η
1995 4379 2129 4436 Luc.
2171 4396 2272 4446 xu,
2311 4378 2403 4434 40.
2451 4403 2468 4428 n
2503 4377 2549 4410 ⁸³
2587 4374 2630 4430 ll
2664 4374 2912 4430 Thessal.
2953 4388 3032 4439 ιι,
3065 4371 3120 4426 2.

2104 3370 2250 3440 ἡμᾶς
2275 3364 2578 3436 γινώσκων,
2613 3364 2785 3429 οὕτως
2827 3363 3164 3435 ἠσφαλίσατο
3221 3366 3346 3428 τοὺς
3405 3363 3678 3437 μαθητάς·

2105 3463 2200 3516 καὶ
2230 3460 2383 3514 αὐτοὶ
2433 3457 2608 3512 ταῦτα
2649 3456 2758 3528 (99)
2795 3456 3075 3528 μαθόντες,
3126 3455 3504 3528 διωρθώσαντο
3557 3457 3684 3528 μέλ-

2106 3555 2295 3616 λοντας
2345 3551 2402 3604 ἑν
2437 3549 2610 3618 τούτῳ
2660 3547 2962 3601 πλανᾶσθαι
3017 3548 3143 3612 τοὺς
3201 3547 3307 3600 ἀπὸ
3361 3547 3682 3601 Θεσσαλονί-

2106 3662 2210 3716 κης
2237 3643 2333 3716 (1).
2382 3639 2599 3710 Ἐπειδὴ
2626 3638 2683 3692 δὲ
2714 3639 2763 3691 oi
2793 3639 3164 3710 Χριστομάχοι
3199 3639 3308 3692 οὐδ’
3337 3639 3478 3693 οὕτω
3517 3658 3684 3693 κατα-

2106 3737 2340 3798 δύονται,
2375 3731 2658 3803 βούλομαι,
2695 3729 2897 3799 καίπερ
2939 3727 3094 3792 εἰδὼς
3130 3728 3497 3801 σκληροτέραν
3535 3729 3684 3800 ἔχον-

2109 3845 2209 3891 τας
2243 3824 2437 3888 αὐτοὺς
2467 3821 2561 3875 τοῦ
2611 3819 2810 3892 Φαραὼ
2851 3819 2929 3890 ('2)
2976 3819 3072 3891 τὴν
3108 3819 3350 3892 καρδίαν,
3407 3821 3681 3892 ἐρωτῆσαι

2111 3920 2274 3974 πάλιν
2313 3916 2408 3971 καὶ
2440 3915 2568 3986 περ).
2595 3911 2804 3966 τούτου.
2847 3913 2934 3966 Ἐν
2973 3913 3052 3984 τῷ
3087 3913 3396 3985 παραδείσῳ
3420 3912 3684 3967 πυνθάνε-

2107 4031 2199 4068 ται
2232 4013 2260 4065 6
2298 4010 2429 4073 Θεδς
2455 4009 2646 4078 λέγων·
2691 4005 2880 4076 Ἀδὰμ,
2903 4006 3020 4060 ποῦ
3061 4003 3151 4069 εἷ;
3183 4005 3456 4070 Ἐξετάζει
3491 4005 3546 4058 δὲ
3586 4007 3683 4058 καὶ

2107 4104 2199 4159 τὸν
2231 4104 2392 4158 Κάῖνο
2423 4102 2550 4157 Ποῦ
2581 4103 2658 4174 (5)
2684 4102 2852 4158 Ἅϐελ
2888 4103 2920 4154 ό
2947 4098 3209 4168 ἀδελφός
3236 4087 3388 4161 aov';
3419 4096 3483 4150 Ti
3506 4097 3684 4149 τοίνυν

2111 4193 2361 4266 καὶπερὶ
2393 4193 2584 4248 τούτου
2626 4192 2798 4262 φατές
2843 4191 2905 4244 Εί
2935 4189 3044 4260 γάρ
3089 4190 3302 4257 ἀγνοεῖν
3339 4186 3499 4242 αὑτὸν
3529 4187 3682 4258 νομί-

2110 4287 2252 4354 ζετε,
2281 4288 2376 4340 καὶ
2400 4286 2488 4340 διὰ
2515 4285 2672 4340 τοῦτο
2703 4283 3063 4338 πυνθάνεσθαι
3100 4281 3196 4351 (4)·
3234 4279 3550 4350 Μανιχαίοις
3582 4279 3684 4349 μὲν

3225 4371 3273 4402 ⁵⁸
3303 4369 3440 4426 Gen.
3483 4385 3583 4437 ιιι,
3625 4369 3678 4425 9.

509 4555 618 4626 (9i)
660 4553 900 4626 Uterque
929 4551 1164 4626 Regius,
1205 4551 1435 4626 δοβρεε.
1467 4549 1635 4626 Ba_s_il.
1656 4557 1730 4626 _et
1762 4545 2000 4626 An_glic.,

2115 4543 2504 4626 liol‘gotttmelq
2531 4544 2644 4626 K_a).
2656 4543 2776 4626 ,γάρ
2801 4541 2979 4622 τοῦτο.

438 4619 650 4680 ἑαυτόν.
678 4619 868 4678 Caneri
898 4632 952 4679 et
981 4619 1131 4688 editi,
1161 4619 1340 4676 αὐτόν.
1380 4621 1502 4675 Mox
1538 4619 1742 4689 Regius
1768 4619 2001 4689 primus,

439 4697 567 4766 περὶ
593 4696 692 4765 τῆς
721 4695 930 4766 ἡμέρας
957 4695 1055 4764 τῆς
1081 4693 1412 4766 συντελείας.
1450 4687 1712 4766 Segueij._,
1750 4688 1878 4766 περ).
1905 4687 2004 4766 τῇς

435 4756 777 4837 ἡμέραςκαῖ
802 4756 900 4836 τῆς
913 4756 1252 4826 συντελείας.
1272 4761 1468 4817 Caeteri
1488 4756 1548 4816 ei
1570 4760 1724 4827 editi,
1750 4758 1879 4828 περὶ
1904 4756 2006 4827 τῆς

437 4835 770 4887 συντελείας.

437 4853 770 4898 συντελειας.

511 4906 623 4976 (92)
662 4907 912 4976 Seguer.,
947 4901 1411 4976 προφασίζονταιᾷ
1433 4899 1564 4976 μοι
1601 4898 1757 4976 idem
1783 4907 1838 4953 et
1863 4905 2008 4976 uter-

432 4965 546 5046 que
575 4965 802 5046 Regius,
829 4965 1146 5028 τὸὲκάστου
1168 4965 1339 5036 τέλος.
1371 4970 1535 5038 Editi,
1566 4969 1628 5022 τὸ
1659 4970 1887 5023 ἑκάστου
1918 4965 2008 5020 τέ-

438 5044 568 5109 λους
586 5084 602 5106 ,
634 5044 916 5100 mendose.

512 5107 632 5186 (95)
685 5112 1023 5186 SicnRegius
1087 5112 1333 5186 primus,
1363 5109 1610 5186 _Seguer.
1666 5107 1884 5186 Gobler.
1954 5115 2009 5162 et

439 5179 587 5240 Felc.
611 5179 686 5240 ’1.
731 5185 837 5238 Alii
867 5179 1049 5238 autem
1081 5179 1136 5238 et
1159 5182 1324 5237 editio
1352 5179 1644 5243 Commel.,
1683 5179 1747 5232 τὸ
1776 5179 2005 5232 ἑκάστου

439 5255 774 5333 ἀπέκρυψεν.
807 5253 930 5333 hlox
962 5252 1095 5333 Reg.
1189 5261 1244 5333 et
1273 5249 1523 5333 Seguer.,
1565 5249 1662 5303 καὶ
1688 5248 1798 5319 γὰρ
1822 5249 1916 5303 καὶ
1949 5249 2009 5300 ἑν

441 5325 540 5395 τῷ.
570 5321 692 5395 Alii
699 5336 754 5379 et
777 5325 929 5390 editi,
963 5321 1066 5393 καῖ
1081 5321 1189 5394 γὰρ
1222 5323 1280 5395 έν
1305 5321 1403 5393 τῷ.

513 5394 624 5464 (94)
655 5394 866 5465 Regius
915 5387 1133 5464 primus
1160 5387 1335 5465 prima
1354 5387 1530 5461 'manu
1557 5399 1612 5446 et
1635 5389 1882 5465 segnem,
1915 5387 2008 5442 τοῦ

441 5459 615 5528 δντοςζ
647 5459 981 5534 δεόᾜεείίιε
1012 5465 1038 5518 l
1058 5459 1535 5534 ,‘secundajnanu
1556 5503 1571 5528 ,
1605 5460 1795 5513 τούτου
1833 5459 2006 5534 δντος.

514 5535 624 5604 (ἓρ)
666 5535 757 5589 Sic
788 5529 989 5604 Regius
1015 5529 1227 5604 primus
1248 5531 1566 5604 etSeguer.
1629 5540 1790 5599 atque
1831 5530 1905 5584 ita
1931 5529 2010 5584 le-

445 5607 524 5676 git
554 5601 822 5676 Nannius.
848 5601 953 5676 δὶιῇ
980 5601 1035 5658 εἰ
1063 5602 1372 5676 editi,_1roiq
1399 5601 1602 5676 ἡμέραί

515 5677 630 5744 (96)
671 5673 803 5744 Reg;
834 5683 888 5727 et
919 5672 1141 5744 Seguer.
1175 5673 1236 5744 τό
1263 5667 1702 5744 ouiittiiptjllpx
1743 5667 1926 5744 iidem,
1947 5677 2014 5744 et

440 5739 667 5799 Gohler.
693 5753 746 5798 et
758 5739 910 5799 Felc.
937 5739 1128 5811 1,10).
1149 5741 1258 5813 γὰρ
1280 5741 1374 5802 καὶ
1397 5741 1573 5796 τοῦτο.
1601 5741 1797 5798 Caeteri
1817 5748 1871 5797 et
1897 5739 2013 5796 edi-

1367 5843 1572 5858 ..κ-ς--
1591 5849 1680 5866 ιν.ἡ
1702 5850 1768 5861 ρ...

2181 4613 2296 4685 (97)
2323 4606 2524 4685 Regius
2558 4615 2581 4668 1
2619 4606 3024 4683 (δι’ὃέειιετίαιι.
3043 4652 3058 4678 ,
3087 4609 3175 4663 διὰ
3201 4607 3400 4671 παντὸς
3431 4606 3682 4676 ἑτοίμους

2109 4683 2468 4825 ἷίῖεθεθῗαίίες.
2496 4754 2523 4808 l
2553 4761 2606 4810 et
2638 4752 2889 4825 Seguet},
2925 4746 3597 4825 'Apstopavieat._Gobler_.
3628 4755 3683 4800 et

2109 4816 2267 4898 F619.
2276 4816 2793 4898 ί1,ΑἶΔ’ρειομανῖτᾶι.
2818 4816 3018 4898 caeteri
3049 4816 3283 4898 et'editi,
3319 4816 3606 4898 ’ARSLGNOL

2184 4893 2297 4962 (99)
2321 4885 2666 4963 ‘Sic'primus
2697 4891 3092 4963 codexRegius
3117 4900 3170 4945 et
3200 4885 3590 4959 Seguerianus.
3619 4885 3678 4940 In

2112 4967 2323 5018 caneris
2354 4972 2408 5017 et
2431 4962 2590 5019 editis
2619 4963 2772 5018 deest
2793 4962 2986 5016 ταῦτα.

2184 5033 2262 5103 (l)
2305 5030 2398 5103 Sic
2429 5041 2652 5103 uterque
2684 5030 2886 5101 Regius
2911 5042 2966 5086 et
2996 5028 3380 5100 Seguerianus.
3405 5025 3473 5081 At
3503 5026 3595 5080 alii
3626 5036 3681 5081 et

2112 5101 2263 5173 editi,
2294 5101 2402 5173 άπὸ
2422 5103 2534 5173 ζτῆς
2565 5101 2978 5173 Θεσσαλονίκης.

2187 5166 2265 5241 (2)
2307 5172 2398 5227 Sic
2421 5166 2553 5243 Reg.
2588 5173 2642 5237 1,
2681 5166 3102 5243 ὃθειιει-.’Βιιείι.
3128 5167 3352 5243 Anglic.
3373 5177 3427 5243 et
3452 5166 3600 5243 Felc:
3623 5166 3677 5221 5.

2115 5235 2308 5297 Αιίιίἱί
2343 5235 2548 5324 ethediii
2576 5282 2591 5306 ,
2629 5235 2836 5324 φαρᾶώ
2860 5281 2876 5308 ,
2910 5235 3256 5324 circunillexa
3301 5238 3514 5324 ultima.
3552 5235 3680 5324 ἔξω

2117 5325 2345 5395 uterque
2384 5305 2588 5394 Regius
2615 5322 2672 5368 et
2701 5305 2925 5395 Sggtter.
2944 5352 2959 5377 ,
3010 5314 3069 5365 ὲν
3094 5310 3172 5381 τῷ
3199 5307 3526 5390 παραδείσῳ.
3559 5305 3681 5388 Cae-

2117 5393 2218 5438 tert
2244 5392 2298 5438 et
2321 5383 2478 5457 εὰῃι,
2526 5386 2583 5436 ὲν
2613 5383 2671 5436 δὲ
2695 5401 2771 5454 τῳ
2799 5382 3132 5457 παραδείσῳ,
3160 5376 3680 5457 l_btd_.‘Regtus_pn-

2115 5469 2240 5509 mus
2290 5461 2346 5508 et
2393 5451 2640 5522 Seguer.,
2688 5448 3012 5508 πυνθάνεται
3039 5448 3228 5512 όΘεδς
3265 5448 3456 5517 λέγων.
3490 5448 3600 5501 Alii
3626 5457 3681 5501 et

2115 5524 2267 5587 editi,
2300 5522 2624 5576 πυνθάνεται
2651 5524 2679 5576 6
2704 5523 2834 5586 Θεὸς
2863 5523 2955 5577 τοῦ
2995 5521 3162 5587 Ἀδὰμ
3188 5520 3380 5587 λέγων.

2115 5525 2267 5587 editi,
2300 5525 2624 5576 πυνθάνεται
2651 5525 2679 5576 6
2704 5525 2834 5586 Θεὸς
2863 5525 2955 5577 τοῦ
2995 5525 3162 5592 Ἀδὰμ
3188 5525 3380 5587 λέγων.
3478 5587 3489 5599 ε

2118 5594 2267 5719 rei?
2290 5587 3592 5719 4535391”.iiii?“itﬁﬁﬁ'iikgmmw'
3623 5597 3682 5641 ⁸⁸

2118 5663 2260 5720 Felc.
2290 5663 2342 5715 1.
2378 5663 2447 5715 At
2474 5663 2567 5717 alii
2594 5672 2648 5717 et
2669 5663 2819 5727 editi,
2844 5663 3039 5732 λέγων·
3074 5663 3207 5722 Ποῦ,
3234 5668 3340 5713 etc.

2193 5735 2270 5806 (4)
2314 5731 2539 5803 Segucr.
2571 5742 2626 5792 et
2650 5731 2782 5804 Reg.
2809 5733 2874 5800 2,
2909 5729 3261 5797 πυνθάνεσθε,
3289 5726 3569 5784 mendose.
