3944 6222
281 232 492 327 ’τισι

987 270 1045 326 S.
1084 269 1462 326 ATllANASll
1505 268 1658 326 OPP.
1701 267 1880 322 PARS
1918 266 1957 322 l.
2001 297 2070 308 —
2113 264 2482 322 HISTORICA
2523 264 2612 320 ET
2653 263 3074 320 DOGMATRCA.

3521 264 3630 368 ιδῆ

388 403 599 446 summe
642 387 912 458 perlectus
961 389 1102 445 inter
1151 391 1401 446 homines
1445 399 1612 457 esset,
1637 390 1955 460 angelisque

2063 389 2153 441 καὶ
2185 387 2298 451 τσος
2347 384 2595 455 ἀγγέλοις
2646 385 2873 452 γίνεται.
2923 383 3033 436 Καὶ
3083 380 3193 452 γὰρ
3251 380 3344 434 καὶ
3384 371 3632 460 ἄγγελοιφξ

387 485 538 539 ﬁeret
568 483 810 552 aequalis.
836 481 1048 537 Etenim
1074 485 1252 555 angeli
1281 484 1384 554 ipsi
1417 491 1580 552 atque
1609 482 1951 550 archangeli,

384 577 790 634 dominationes
837 577 1178 646 virtutesque
1230 591 1420 631 omnes
1464 586 1519 630 et
1559 575 1763 640 throni,
1793 573 1955 628 Verbi

384 668 678 741 participes
729 667 926 733 eﬁ‘ecti,
969 666 1160 724 faciem
1201 667 1378 722 Patris
1421 667 1542 736 ejus
1579 674 1841 736 perpetuo
1878 664 1958 718 vi-

383 762 530 816 dent.
563 757 666 826 Qui
697 774 826 827 ergo
868 757 985 814 ﬁeri
1033 767 1212 828 potest
1240 767 1299 812 ut
1333 757 1421 811 ille
1449 758 1541 826 qui
1569 758 1691 812 aliis
1717 755 1958 826 impertit

383 851 792 923 perfectionem,
829 851 942 921 ipse
974 859 1097 921 post
1129 851 1249 906 illos
1278 849 1523 920 proﬁciat
1546 850 1568 903 ?
1591 849 1781 919 Angeli
1811 863 1964 903 nam-

383 959 492 1014 que
534 943 830 997 humanam
870 944 990 1014 ejus
1034 940 1557 997 administraverunt
1596 940 1956 1004 nativitatem,

387 1044 442 1087 et
487 1031 649 1087 Lucae
681 1031 847 1086 verba
891 1039 1014 1101 post
1069 1030 1382 1100 hujusmodi
1423 1029 1739 1100 angelorum
1785 1029 1961 1083 admi-

383 1123 765 1176 nistrationem
819 1122 1030 1190 prolata
1062 1128 1209 1174 sunt.
1242 1118 1347 1184 Qui
1389 1118 1555 1188 igitur
1587 1117 1760 1186 possit
1786 1116 1838 1171 id
1873 1116 1959 1172 vel

383 1213 439 1266 in
468 1220 700 1266 mentem
744 1209 984 1264 hominis
1031 1222 1257 1278 prorsus
1285 1207 1512 1262 venire?
1539 1205 1842 1272 Quomodo,
1874 1204 1959 1258 in-

382 1321 572 1376 quam,
597 1302 874 1374 Sapientia
913 1303 967 1357 in
992 1301 1257 1371 sapientia
1279 1299 1546 1371 profecit?
1564 1295 1849 1365 Quomodo
1864 1295 1956 1366 qui

383 1398 508 1453 aliis
545 1397 640 1452 dat
667 1396 896 1466 gratiam
931 1394 1033 1464 (uti
1069 1393 1276 1449 Paulus
1311 1392 1428 1448 suis
1459 1390 1514 1444 in
1546 1389 1800 1445 omnibus
1826 1389 1957 1458 Epi-

382 1490 562 1554 stolis,
599 1490 752 1544 liisce
779 1488 963 1544 verbis
998 1487 1266 1558 agnoscit,
1297 1484 1490 1539 Gratia
1523 1482 1743 1536 Domini
1786 1482 1956 1536 nostri

381 1583 512 1639 Jestt
534 1583 735 1639 Christi
764 1582 835 1636 sit
866 1597 984 1636 cum
1008 1581 1246 1635 omnibus
1267 1577 1408 1632 vobis
1436 1576 1527 1645 ⁸⁸),
1557 1575 1674 1644 ipse
1701 1575 1756 1628 in
1784 1574 1959 1644 gratia

384 1675 650 1750 profecit?
688 1673 786 1730 Vel
815 1673 960 1728 enim
982 1671 1300 1742 Apostolum
1344 1667 1562 1723 mentiri
1602 1666 1950 1730 contendant,

2055 481 2149 533 καὶ
2177 478 2500 551 άρχάγγελοι
2535 478 2669 547 (17),
2716 475 2811 529 καὶ
2841 475 3180 546 κυριότητες,
3232 473 3324 526 καὶ
3351 474 3521 524 πᾶσαι
3568 455 3634 554 ai:

2055 570 2332 641 δυνάμεις,
2365 569 2460 623 καὶ
2515 568 2713 640 θρόνοι,
2765 565 2859 619 τοῦ
2909 566 3078 633 Λόγου
3132 563 3465 635 μετέχοντες,
3511 559 3634 632 pie:

2058 679 2220 716 πουσι
2239 661 2524 724 διαπαντὸς
2555 660 2615 712 τὸ
2637 659 2922 731 πρόσωπον
2943 657 3036 710 τοῦ
3067 656 3276 727 Πατρὸς
3307 655 3630 718 αὑτοῦ.Πῶς

2056 750 2148 806 οὖν
2175 755 2204 806 6
2231 752 2406 814 ἄλλοις
2432 750 2528 822 τὴν
2581 749 2889 820 τελειότητα
2938 749 3235 817 παρασχὼν
3286 747 3420 818 (18),
3467 747 3630 808 αὐτὸς

2061 847 2178 914 μετ’
2203 845 2442 907 ἐκείνους
2477 843 2806 914 προκόπτει;
2864 841 3114 909 ’Ἄγγελοι
3137 841 3245 912 γὰρ
3288 841 3381 894 καὶ
3415 841 3512 910 τὴν
3535 841 3630 894 ἁν-

2059 936 2333 1008 θρωπίνην
2365 935 2529 990 αὐτοῦ
2560 937 2772 1004 γένεσιν
2813 935 3155 1006 διηκόνησαν·
3204 935 3298 988 καὶ
3325 933 3386 986 τὸ
3405 933 3631 1004 λεγόμε-

2057 1045 2147 1082 νον
2175 1028 2324 1099 παρὰ
2348 1026 2439 1080 τοῦ
2482 1028 2668 1080 Λουκᾶ
2697 1026 2835 1096 μετὰ
2873 1026 2970 1098 τὴν
3018 1025 3288 1079 διακονίαν
3315 1024 3424 1078 τῶν
3459 1025 3637 1098 ἀγγέέ

2057 1120 2163 1173 λων
2194 1119 2428 1190 εἴρηται.
2480 1118 2604 1183 Πῶς
2631 1115 2724 1172 οὖν
2773 1119 2908 1183 ὅλως
2948 1118 3050 1172 κᾶν
3090 1120 3169 1181 εἰς
3198 1117 3492 1188 ἐνθύμησιν
3542 1117 3633 1169 ἐλ-

2051 1213 2168 1268 θεῖν
2192 1211 2478 1284 ἀνθρώπου
2508 1212 2729 1266 δύναται
2755 1229 2770 1279 ;
2805 1213 2877 1265 Ἦ
2931 1211 3048 1275 πῶς
3092 1213 3125 1282 ἡ
3179 1211 3347 1280 Σοφία
3376 1213 3435 1264 ἐν
3466 1209 3630 1280 σοφίᾳ.

2055 1303 2424 1378 ’προέκοπτεν;
2453 1304 2523 1356 Ἦ
2554 1302 2671 1366 πῶς
2698 1305 2726 1356 6
2765 1301 2944 1366 ἄλλοις
2996 1303 3154 1373 χάριν
3203 1302 3375 1366 διδοὺς
3425 1301 3634 1371 (καθὼς

2057 1395 2312 1460 ὃΠαῦλος
2344 1395 2476 1466 (l9),
2543 1395 2631 1450 διὰ
2682 1396 2861 1467 πάσης
2921 1395 3205 1466 ἐπιπολῆς
3266 1395 3330 1448 δι’
3361 1393 3523 1447 αὐτοῦ
3554 1394 3632 1447 δί-

2057 1487 2241 1543 δοσθαι
2265 1488 2364 1559 τὴν
2393 1488 2552 1558 χάριν
2605 1487 2908 1557 γινώσκων,
2949 1487 3130 1557 φησίν·
3185 1487 3250 1540 Ἡ
3301 1484 3470 1556 χάρις
3523 1485 3648 1547 τοῦ,

2058 1579 2278 1646 Κυρίου
2345 1576 2515 1648 ἡμῶν
2576 1577 2768 1645 Ἰησοῦ
2851 1576 3110 1644 Χριστοῦ
3170 1575 3320 1644 μετὰ
3390 1573 3635 1629 πάντων

2059 1667 2265 1741 ὑμῶν),
2291 1670 2449 1733 αὐτὸς
2479 1671 2537 1724 ἐν
2587 1669 2769 1741 χάριτι
2792 1668 3126 1740 προέκοπτεν
3153 1685 3168 1734 ;
3198 1669 3266 1719 Ἦ
3303 1666 3412 1737 γὰρ
3438 1666 3633 1735 ψεύδε-

381 1771 466 1824 vel
498 1768 693 1824 Filium
747 1782 856 1821 non
902 1781 1023 1820 esse
1051 1763 1374 1833 sapientiam
1409 1757 1951 1815 audeantaﬁirmare.

2063 1739 2179 1817 σθαι
2204 1739 2293 1818 τὸν
2322 1739 2639 1816 Ἀπόστολον
2668 1739 3053 1831 λεγέτωσαν,ἢ
3086 1759 3222 1831 μηδέ
3258 1760 3460 1828 Σοφίαν
3492 1756 3632 1812 εἶναι

381 1861 480 1918 Vel
526 1862 571 1917 si
611 1870 693 1917 est
729 1859 1026 1930 Sapientia,
1064 1865 1123 1910 ut
1165 1855 1304 1911 dixit
1345 1853 1624 1918 Salomon,
1654 1860 1709 1906 et
1747 1849 1954 1905 Paulus

380 1953 622 2024 scripsit,
636 1951 881 2007 Christus
895 1949 990 2003 Dei
1010 1949 1172 2001 virtus
1193 1957 1244 2000 et
1264 1945 1358 1999 Dei
1375 1944 1639 2013 sapientia
1655 1942 1700 1974 ⁵⁸
1720 1959 1735 1997 :
1764 1957 1950 2012 quem,

379 2059 586 2116 quaeso,
613 2056 962 2114 progressum
1004 2037 1214 2108 accepit
1246 2036 1567 2107 Sapientia?

451 2217 838 2275 52.'Homines
879 2215 1122 2287 quidem,
1169 2223 1357 2286 utpote
1401 2213 1600 2278 creati,
1642 2213 1698 2268 in
1751 2212 1952 2269 virtute

379 2313 629 2386 progredi
682 2320 737 2366 et
792 2309 1057 2380 proﬁcere
1104 2322 1354 2379 possunt.
1383 2306 1522 2362 Hinc
1565 2307 1953 2361 Enuchtrans—

381 2406 524 2458 latus
572 2408 674 2465 est,
726 2397 1051 2470 Moysesque
1099 2396 1395 2452 crescendo
1442 2396 1849 2466 proﬁciebatur,
1897 2403 1952 2450 et

377 2494 528 2550 Isaac
541 2491 871 2564 proﬁciendo
889 2505 1122 2559 magnus
1137 2497 1222 2544 est
1236 2488 1461 2544 ell'ectus
1481 2503 1495 2553 ;
1509 2485 1804 2557 Apostolus
1823 2487 1950 2541 item

380 2588 447 2642 ad
465 2601 528 2642 ea
547 2600 670 2656 quae
686 2584 870 2656 priora
886 2590 1013 2638 sunt
1037 2597 1095 2638 se
1123 2589 1351 2637 testatur
1369 2581 1424 2634 in
1441 2580 1559 2635 dies
1575 2580 1866 2634 extendere
1881 2578 1948 2631 ⁸ο.

377 2678 592 2750 Singuli
623 2677 831 2733 scilicet
853 2673 1168 2730 ulteriorem
1202 2683 1327 2728 ante
1353 2686 1411 2726 se
1439 2671 1666 2742 gradum
1695 2686 1803 2740 quo
1828 2684 1953 2739 pro-

375 2773 730 2844 grederentur
763 2769 1022 2825 habuere.
1042 2768 1112 2822 At
1139 2767 1235 2822 Dei
1265 2766 1456 2831 Filius,
1488 2766 1582 2836 qui
1609 2766 1827 2835 quidem
1861 2780 1952 2819 so-

375 2863 463 2917 lus
499 2861 615 2930 ipse
661 2869 763 2924 est,
793 2874 1034 2931 quonam
1085 2872 1145 2912 se
1173 2866 1351 2926 potest
1388 2855 1720 2911 extendere?
1753 2853 1950 2910 Omnia

376 2954 667 3025 siquidem,
696 2952 751 3006 in
781 2966 906 3006 eum
934 2950 1264 3015 contuendo,
1293 2948 1620 3019 proﬁciunt:
1650 2951 1768 3020 ipse
1798 2965 1950 3018 vero,

376 3062 501 3102 cum
529 3045 680 3101 solus
727 3047 814 3108 sit,
854 3044 911 3098 in
953 3043 1072 3099 solo
1115 3051 1200 3098 est
1245 3041 1429 3110 Patre,
1471 3057 1504 3097 a
1530 3058 1640 3113 quo
1669 3057 1779 3098 non
1809 3043 1951 3098 ultra

376 3136 741 3210 progreditur,
771 3135 868 3192 sed
893 3149 1104 3204 semper
1135 3133 1189 3188 in
1217 3147 1284 3188 eo
1317 3141 1517 3188 manet.
1552 3132 1738 3204 Itaque
1771 3133 1950 3187 homi-

375 3243 510 3284 num
532 3237 615 3283 est
635 3227 893 3298 proﬁcere
914 3243 929 3280 :
948 3233 1004 3280 at
1019 3224 1115 3280 Dei
1161 3223 1354 3293 Filius,
1373 3225 1502 3295 quia
1525 3225 1660 3280 nihil
1681 3241 1792 3296 quo
1820 3241 1950 3296 pro-

377 3318 952 3390 gredereturhaberet,
983 3331 1107 3371 cum
1127 3315 1179 3369 in
1197 3313 1359 3371 Patre
1375 3317 1446 3372 sit
1475 3314 1768 3386 perfectus,
1801 3317 1946 3387 seip-

377 3427 499 3468 sum
526 3426 625 3482 pro
651 3410 811 3467 nobis
839 3409 1165 3476 humiliavit,
1197 3418 1258 3464 ut
1286 3423 1387 3464 nos
1411 3408 1466 3462 in
1491 3408 1611 3479 ejus
1641 3409 1950 3464 humilitate

375 3506 553 3577 magis
569 3519 812 3562 crescere
827 3501 1303 3573 possemus.Aliud
1319 3509 1499 3555 autem
1527 3500 1662 3555 nihil
1678 3510 1762 3556 est
1779 3501 1954 3556 incre-

372 3607 620 3656 mentum
639 3605 886 3652 uostrum
904 3611 1067 3666 quam
1084 3603 1144 3649 ut
1164 3609 1193 3649 a
1211 3595 1375 3650 rebus
1391 3609 1513 3664 quae
1528 3609 1720 3650 sensus
1737 3601 1956 3648 movent

371 3689 719 3758 recedamus,
748 3698 802 3744 et
837 3689 905 3743 ad
931 3689 1108 3758 ipsum
1139 3686 1463 3742 accedamus
1478 3685 1720 3742 Verbum
1745 3701 1956 3756 :quan-

374 3785 667 3854 doquidem
685 3792 739 3840 et
753 3782 872 3854 ejus
888 3781 1169 3837 humilitas
1186 3781 1324 3835 nihil
1340 3780 1487 3836 aliud
1513 3789 1599 3836 est
1613 3796 1777 3851 quam
1807 3779 1954 3850 quod

375 3891 591 3950 carnem
611 3883 852 3930 nostram
880 3875 1107 3944 accepit.
1127 3870 1246 3928 Non
1275 3887 1405 3944 ergo
1435 3871 1696 3938 Verbum,
1730 3880 1791 3926 ut
1818 3870 1954 3927 Ver-

376 3966 529 4032 bum,
549 3965 782 4035 proﬁcit,
819 3979 942 4020 cum
970 3963 1272 4034 perfectum
1303 3964 1373 4018 sit
1398 3978 1465 4018 ex
1494 3963 1738 4034 perfecto
1767 3963 1952 4032 Patre,

375 4058 630 4128 nullaque
654 4058 877 4114 omnino
895 4073 954 4113 re
978 4066 1153 4129 egeat,
1170 4058 1264 4112 sed
1283 4057 1463 4126 potius
1488 4057 1610 4112 aliis
1626 4057 1952 4128 proﬁciendi
1995 4117 2002 4123 λ

377 4150 652 4207 sitcausa.
677 4149 874 4205 Verum
905 4151 997 4206 hic
1026 4151 1191 4206 etiam
1223 4151 1464 4206 humano
1494 4165 1648 4206 more
1675 4151 1855 4207 dictus
1871 4159 1958 4207 est

376 4243 662 4313 proﬁcere,
678 4242 936 4312 quoniam
957 4241 1242 4296 hominum
1269 4243 1338 4298 sit
1358 4241 1784 4314 proﬁcere.Hinc
1799 4252 1956 4299 caute

2052 1856 2144 1909 τὸν
2182 1855 2308 1909 Υἱὸν
2337 1855 2514 1924 λέγειν
2561 1854 2932 1925 τολμάτωσαν.
2967 1854 3038 1906 ’Ἦ
3077 1854 3126 1906 εἰ
3157 1852 3322 1922 Σοφία
3355 1853 3519 1916 ἐστὶν,
3553 1853 3632 1917 ὡς

2054 1945 2204 2002 εἶπεν
2235 1949 2262 2000 6
2288 1945 2558 2018 Σολομὼν,
2609 1947 2702 2000 καὶ
2747 1947 2776 1998 6
2831 1945 3040 2008 Παῦλος
3081 1944 3284 2017 ἔγραψε
3325 1945 3457 2016 (20),
3493 1947 3631 2014 Χρι-

2051 2040 2202 2105 στὸς
2243 2039 2390 2094 Θεοῦ
2428 2039 2682 2108 δύναμις
2717 2038 2815 2092 καὶ
2841 2037 2990 2092 Θεοῦ
3029 2038 3236 2107 σοφία·
3285 2038 3444 2091 ποίαν
3475 2040 3508 2108 ή
3533 2038 3633 2090 Σο-

2054 2133 2150 2204 φία
2179 2134 2291 2201 (21)
2325 2131 2606 2203 προκοπὴν
2644 2131 2961 2201 ἐπεδέχετο;

2121 2221 2212 2276 52.
2248 2221 2558 2292 ’Ἄνθρωποι
2601 2220 2699 2292 μὲν
2740 2221 2868 2292 γὰρ,
2921 2220 3194 2290 κτίσματα
3250 2223 3630 2289 τυγχάνοντες,

2053 2314 2461 2370 ἐπεκτείνεσθαί
2489 2331 2604 2376 πως
2619 2314 2714 2366 καὶ
2735 2312 3064 2384 προκόπτειν
3085 2315 3140 2365 ἐν
3166 2313 3331 2383 ἀρετῇ
3350 2311 3630 2366 δύνανται·

2066 2407 2234 2477 Ἑνὼχ
2285 2405 2415 2476 γοῦν
2471 2404 2612 2459 οὕτω
2672 2404 2952 2476 μετετέθη·
2990 2404 3086 2458 καὶ
3133 2405 3336 2477 Μωσῆς
3382 2405 3632 2471 αὐξάνων

2056 2499 2370 2557 ἐτελειοῦτο·
2412 2499 2598 2553 Ἰσαὰκ
2625 2498 2682 2551 δὲ
2711 2497 3033 2568 προκόπτων
3061 2497 3268 2566 ἐγίνετο
3291 2497 3463 2566 μέγας
3493 2497 3629 2566 (22)·

2053 2594 2147 2647 καὶ
2181 2595 2210 2646 6
2250 2591 2570 2656 Ἀπόστολος
2629 2590 3036 2644 ἐπεκτείνεσθαι
3082 2591 3204 2644 καθ’
3245 2591 3458 2662 ἡμέραν
3517 2594 3632 2655 τοῖς

2053 2684 2360 2758 ἔμπροσθεν
2399 2685 2604 2755 ἔλεγεν·
2660 2681 2775 2755 εἷχε
2824 2683 2933 2756 γὰρ
2994 2684 3222 2748 ἕκαστος
3282 2684 3386 2738 ποῦ
3432 2684 3634 2759 προκό-

2051 2779 2140 2848 ψει
2165 2779 2300 2849 (25),
2343 2778 2554 2849 βλέπων
2603 2780 2682 2842 είς
2721 2778 2814 2832 τὸν
2863 2777 3171 2848 ἔμπροσθεν
3203 2777 3364 2831 αὑτοῦ
3400 2777 3629 2849 βαθμόν·

2052 2873 2080 2924 ὁ
2103 2871 2159 2924 δὲ
2195 2869 2288 2924 τοῦ
2316 2870 2451 2924 Θεοῦ
2481 2870 2630 2934 Υἱὸς,
2664 2871 2694 2922 6
2743 2870 2902 2940 μόνος
2953 2869 3049 2934 ὣν,
3082 2869 3184 2922 ποῦ
3215 2866 3354 2941 εἶχεν
3381 2871 3632 2924 ἐπεκτεί-

2053 2962 2268 3028 νεσθαι;
2300 2964 2483 3018 Πάντα
2511 2961 2619 3034 γὰρ
2664 2963 2743 3026 είς
2779 2961 2942 3015 αὐτὸν
2992 2961 3256 3032 βλέποντα
3306 2963 3628 3034 προκόπτει·

2055 3053 2214 3119 αὐτὸς
2241 3052 2297 3106 δὲ
2335 3053 2492 3123 μόνος
2517 3050 2614 3116 ὢν,
2636 3052 2695 3104 ἐν
2725 3048 2802 3122 τῷ
2835 3049 2978 3121 μόνῳ
3015 3050 3188 3122 Πατρί
3233 3052 3400 3114 ἐστιν,
3452 3051 3549 3120 ἀφ’
3565 3044 3632 3104 οὗ

2055 3145 2174 3200 οὐδέ
2207 3143 2595 3206 ἐπεκτείνεται,
2623 3142 2737 3196 ἀλλ’
2796 3145 2853 3196 ἐν
2898 3142 3047 3212 αὐτῷ
3103 3143 3277 3213 μένων
3315 3143 3461 3196 ἐστὶν
3521 3144 3630 3197 ἀεί.

2067 3235 2392 3307 Ἀνθρώπων
2436 3236 2533 3306 μὲν
2590 3229 2682 3288 οὖν
2733 3234 2849 3287 ἐστι
2881 3234 2944 3286 τὸ
2984 3234 3332 3306 προκόπτειν·
3373 3237 3400 3287 6
3426 3233 3483 3286 δὲ
3535 3234 3634 3286 τοῦ

2054 3330 2188 3385 Θεοῦ
2213 3330 2359 3393 Υἱὸς,
2388 3327 2512 3381 ἐπεὶ
2535 3326 2865 3399 προκόπτειν
2899 3326 2998 3378 οὐκ
3020 3322 3154 3396 εἶχε,
3193 3325 3395 3389 τέλειος
3425 3325 3534 3394 (24)
3557 3324 3634 3379 ὣν

2054 3426 2112 3478 ἐν
2143 3423 2220 3494 τῷ
2282 3423 2480 3494 Πατρὶ,
2525 3420 2892 3474 ἐταπείνωσεν
2933 3421 3121 3472 ἐαυτὸν
3145 3420 3286 3490 ὑπὲρ
3333 3419 3508 3490 ἡμῶν,
3545 3419 3633 3472 ἵνα

2055 3517 2112 3570 ἐν
2133 3515 2210 3586 τῷ
2252 3514 2459 3567 ἐκείνου
2508 3509 2750 3581 ταπεινῷ
2781 3509 2978 3580 μᾶλλον
3003 3499 3164 3581 ἡμεῖς
3194 3510 3424 3580 αὐξῆσαι
3471 3511 3635 3580 δυνη-

2055 3607 2256 3678 θῶμεν.
2293 3605 2360 3658 Ἦ
2387 3605 2444 3658 δὲ
2471 3602 2697 3674 αὔξησις
2721 3600 2879 3674 ἡμῶν
2929 3601 3030 3654 οὐκ
3073 3600 3205 3670 ἄλλη
3232 3601 3316 3663 τίς
3339 3603 3486 3654 ἐστιν
3513 3600 3546 3672 ἢ
3570 3600 3634 3654 τὸ

2055 3697 2383 3770 ἀφίστασθαι
2410 3697 2508 3770 μὲν
2530 3697 2640 3750 τῶν
2668 3689 2962 3766 αἰσθητῶν,
3002 3697 3082 3759 εἰς
3118 3695 3279 3748 αὑτὸν
3303 3695 3360 3748 δὲ
3397 3696 3487 3748 τὸν
3527 3696 3633 3748 Λό-

2054 3807 2150 3860 γον
2183 3789 2454 3858 γενέσθαι·
2512 3788 2638 3842 ἐπεὶ
2684 3789 2779 3841 καὶ
2830 3786 2892 3840 τὸ
2957 3786 3164 3840 ἐκείνου
3196 3786 3450 3840 ταπεινὸν
3483 3787 3635 3840 οὐδὲν

2055 3882 2239 3954 ἕτερόν
2266 3883 2412 3935 ἐστιν
2460 3881 2494 3952 ἢ
2526 3878 2803 3951 τὸ-λαϐεῖν
2839 3877 2937 3950 τὴν
2982 3879 3253 3951 ἡμετέραν
3295 3879 3490 3950 σάρκα.
3521 3879 3636 3933 Οὐκ

2054 3974 2162 4045 ἄρα
2193 3975 2221 4027 6
2251 3974 2422 4042 Λόγος
2451 3969 2520 4045 ἦν
2543 3971 2678 4044 (25),
2706 3966 2740 4046 ᾖ
2764 3973 2935 4041 Λόγος
2960 3973 3127 4036 ἐστὶν,
3156 3974 3184 4025 6
3209 3973 3556 4042 προκόπτων,
3607 3974 3635 4024 6

2055 4064 2258 4126 τέλειος
2288 4066 2352 4116 ἐκ
2381 4064 2586 4117 τελείου
2637 4061 2712 4116 ὣν
2739 4063 2833 4116 τοῦ
2863 4064 3093 4136 Πατρὸς,
3138 4065 3166 4116 6
3195 4064 3420 4135 μηδενὸς
3443 4064 3634 4129 δεόμε-

2055 4172 2166 4218 νος,
2212 4155 2348 4209 ἀλλὰ
2389 4157 2636 4220 καὶτοὺς
2681 4156 2872 4221 ἄλλους
2918 4158 2999 4221 εἰς
3053 4157 3336 4228 προκοπὴν
3395 4157 3631 4224 ἀνάγων.

2071 4245 2230 4300 Ἀλλά
2257 4245 2610 4317 ἀνθρωπίνως
2642 4248 2854 4318 εἴρηται
2879 4249 2974 4302 καὶ
2999 4247 3235 4302 ἐνταῦθα
3264 4249 3326 4301 τὸ
3360 4247 3468 4319 (26)
3502 4264 3636 4319 πρη-

449 4359 496 4392 ⁸⁸
535 4355 577 4411 ll
612 4357 861 4413 Thessal.
892 4373 976 4422 ιιι,
1015 4357 1104 4425 18,
1145 4366 1198 4413 et
1235 4359 1385 4414 alibi.
1459 4360 1504 4392 δ’
1542 4358 1564 4414 Ι
1602 4358 1728 4414 Cor.
1774 4375 1814 4424 ι,
1853 4357 1950 4412 24.

2063 4359 2071 4389 ’
2111 4357 2349 4431 Philipp.
2392 4375 2477 4426 ιιι,
2520 4359 2608 4414 15.

449 4473 562 4552 (l_7)
606 4471 696 4552 Sic
726 4471 861 4552 Reg.
894 4475 948 4540 1,
997 4473 1218 4552 Seguer.
1257 4475 1576 4552 Gohler._et
1616 4477 1763 4552 F_elc.
1800 4477 1853 4531 1.
1885 4479 1955 4532 At

2063 4476 2357 4552 C_om_mel._,
2393 4479 2602 4536 omisso
2635 4479 2795 4533 ποίαν
2826 4481 2859 4550 ἡ
2886 4478 3077 4550 Σοφία,
3117 4479 3318 4534 habent
3351 4479 3634 4552 προκοπὴν

379 4543 695 4618 ἰηςίὶιξε..2
743 4543 895 4618 deest
943 4543 1665 4618 και-⁷ὰρχάγγελοι.-Οωιει·ι
1723 4550 1851 4618 item
1901 4559 1957 4602 et

378 4615 519 4688 editi;
556 4612 671 4688 ιιίιιί⁸
697 4615 976 4688 omittunt.
1012 4612 1401 4688 Moiﬁterque
1452 4615 1674 4688 Regius,
1728 4617 1952 4688 Seguer.

376 4685 544 4760 Basil.
576 4683 795 4760 Gobler.
825 4684 970 4760 Eelc.
1004 4687 1028 4740 1
1065 4699 1119 4740 et
1151 4687 1205 4754 5,
1241 4683 1412 4740 πᾶσαι
1445 4689 1500 4740 αὶ
1533 4683 1826 4760 δυνάμει-πῖ
1849 4689 1957 4742 Alii

377 4766 432 4812 et
463 4756 812 4827 editi,f;5'taat
840 4755 1115 4827 δυνάμεις.

453 4825 562 4900 (l8)
605 4823 808 4900 Regius
831 4823 1120 4900 primuset
1147 4828 1396 4900 scguet},
1425 4827 1740 4900 παρασχών.
1767 4829 1870 4900 Alii
1901 4837 1956 4882 et

379 4895 846 4970 editiﬁrapéxwv.
871 4897 993 4950 Mox
1025 4895 1158 4970 Reg.
1193 4895 1580 4970 lietiseguer”
1608 4895 1706 4970 τὴν
1740 4899 1952 4970 ἀνθρω-

378 4967 542 5042 πίνην
563 4967 728 5042 αρτορ
759 4967 988 5042 {evecti}.
1024 4967 1164 5042 Editi
1195 4978 1250 5042 et
1278 4969 1392 5032 alii,
1419 4972 1485 5042 τῇ
1519 4967 1954 5042 ἀνθρωπίνῃγε-

379 5038 525 5108 νέσει
553 5037 739 5108 αὐτοῦ.
767 5039 901 5093 Ibid.
930 5036 1062 5107 Reg.
1098 5038 1150 5103 1,
1191 5037 1416 5108 Seguer.
1443 5036 1692 5094 Basilﬂet
1724 5036 1953 5106 Felc.'5,

378 5107 532 5181 παρά
557 5107 879 5181 τοῦΑΛουκᾶ.
908 5108 1014 5161 Alii
1049 5115 1103 5181 et
1126 5107 1287 5181 editi,
1313 5108 1463 5181 παρὰ
1480 5109 1564 5181 τῷ
1595 5111 1798 5181 Λουκᾷ.

453 5167 584 5265 ((9.1
607 5178 698 5265 Sic
728 5180 952 5265 [primus
993 5178 1162 5265 eodeni
1193 5167 1436 5265 Regius}
1470 5167 1954 5265 Seglier.‘Gobller.

378 5247 1076 5323 ςιλΡριοη1ηΟαξιβιῇ-νοιιο
1115 5259 1169 5304 et
1204 5247 1367 5317 editi,
1401 5254 1430 5304 6
1462 5247 1641 5316 ἄλλοις
1670 5251 1769 5319 τὴν
1800 5253 1958 5323 χάριν

377 5315 554 5389 διδούς
572 5335 583 5343 ·
613 5319 643 5389 ῥ
669 5318 776 5389 γὰρ
805 5319 1043 5383 Παῦλος,
1075 5330 1206 5375 etc..

453 5386 567 5467 (20)
599 5385 701 5467 Sic
745 5385 951 5467 Regius
1003 5394 1211 5467 primus
1255 5399 1310 5445 et
1355 5389 1674 5467 Seguerian.
1702 5393 1781 5467 At
1824 5395 1957 5467 6_in

380 5457 756 5580 ἓξὲξυιὶοεδι.
787 5457 1237 5516 ιὶὶιιιθωίϐοὺιεν.
1274 5472 1328 5518 et
1354 5457 1498 5518 Felc.
1541 5465 1594 5530 1,
1629 5466 1724 5518 καὶ
1749 5464 1961 5526 Παῦλος

423 5544 943 5675 ρῗὲῗίῖὸἰοῃιίρείιιε
971 5601 1199 5675 primus,
1237 5601 1461 5675 Si-guer.
1490 5603 1699 5673 Anglic.
1733 5605 1952 5661 Gohler.

382 5663 472 5723 ει·
509 5663 658 5724 Fclc.
707 5671 777 5734 ι,
823 5663 885 5724 iu
934 5663 987 5726 ei
1033 5663 1275 5731 Nannius
1308 5663 1476 5745 'Iegu.
1531 5663 1634 5731 Alii
1683 5688 1732 5732 el
1784 5678 1950 5732 editio

2057 4549 2156 4601 οὐκ
2185 4549 2485 4619 ἐπεδέχετο.

2131 4620 2242 4690 (22)
2285 4617 2376 4674 Sic
2408 4632 2635 4690 uterque
2672 4619 2892 4690 Regius,
2943 4617 3183 4690 Seguer.
3206 4618 3370 4674 Basil.
3408 4619 3628 4690 Gobler.

2302 4691 2351 4743 l.
2383 4692 2451 4744 At
2473 4689 2562 4746 alii
2591 4700 2645 4746 ct
2663 4689 2816 4758 editi,
2850 4689 3034 4743 Ἰσαάκ
3063 4707 3143 4744 τε.
3170 4689 3374 4745 ibidem
3401 4689 3550 4746 Felc.
3575 4691 3630 4758 5,

2055 4775 2287 4827 εγενετο.

2128 4831 2238 4902 (‘25)
2262 4829 2600 4898 Basiliensis,
2634 4829 2948 4901 προκόψειν.
2981 4829 3421 4902 Regiusprimus
3452 4832 3628 4900 prima

2057 4901 2252 4966 manu,
2288 4902 2534 4973 προκύψῃ
2556 4943 2570 4964 ,
2605 4909 2697 4956 sed
2730 4903 2998 4966 secunda,
3033 4901 3325 4973 προκόψει,
3365 4911 3422 4956 ιιι
3451 4905 3629 4956 ueteri

2055 4983 2108 5026 et
2160 4969 2738 5041 editit'ii‘loinliegius
2778 4974 2985 5040 primus
3019 4969 3091 5026 ρι’
3123 4969 3373 5041 Stagnum,
3439 4973 3630 5025 ἑαυτοῦ

2321 5040 2454 5114 Reg.
2482 5043 2538 5111 2,
2571 5040 2751 5098 αὐτῶν
2795 5041 3020 5113 βαθμόν.
3053 5040 3280 5097 Ειιιιίίει
3307 5043 3434 5109 alii,
3465 5042 3631 5097 αὐτοῦ

2094 5130 2158 5166 αυ
2168 5130 2284 5168 μον.

2133 5131 2374 5254 (’éﬁ’Sic
2433 5183 2634 5252 Regius
2697 5185 2952 5254 primus1
3015 5181 3235 5254 Seguer.
3288 5181 3634 5254 Golilerzfget

2061 5251 2206 5308 Felc.
2225 5251 2283 5308 ’1.
2310 5257 2379 5308 At
2407 5257 2496 5308 alii
2517 5251 2572 5310 el
2597 5251 2748 5320 editi,
2778 5257 2890 5324 οὑκᾲ
2903 5251 3212 5324 εἶχενίέπά
3241 5253 3462 5324 τέλειος.
3492 5251 3627 5307 Ibid.

2065 5325 2196 5392 Reg.
2226 5325 2280 5390 2,
2316 5325 2478 5396 Basil.
2515 5325 2742 5396 etWFelc.
2779 5327 2833 5389 5,
2863 5321 2930 5396 ἦν
2955 5321 3016 5378 ἔν
3047 5323 3124 5395 τῷ
3153 5323 3346 5395 Πατρί.
3377 5321 3522 5378 Editi
3555 5334 3631 5378 at-

2067 5412 2181 5466 que
2205 5397 2318 5466 alii:
2345 5395 2420 5448 ὣν
2454 5398 2509 5446 ἐν
2535 5395 2614 5465 τῷ
2641 5396 2836 5466 Πατρί.

2140 5465 2251 5537 (25)
2289 5462 2398 5537 ΪΗν
2432 5462 2665 5537 deletum
2691 5462 2774 5531 est
2798 5468 2850 5519 in
2885 5465 3016 5537 Reg.
3048 5465 3102 5537 j.

2143 5533 2252 5604 ('26)
2297 5535 2388 5608 Sic
2435 5535 2635 5608 Regius
2685 5538 2895 5608 primus
2942 5533 2994 5590 et
3021 5535 3262 5608 _Seguer.
3293 5533 3528 5608 _Inalii_s
3575 5543 3630 5608 et

2062 5605 2220 5690 editis
2252 5607 2312 5728 τό
2347 5603 2840 5749 (ἰξεδιῘΜυιἨοε.
2872 5609 2898 5662 1
2931 5619 2984 5662 et
3015 5605 3264 5678 Seguer.,
3293 5605 3404 5657 Καὶ
3449 5603 3560 5674 γὰρ
3599 5603 3628 5653 ὁ

2062 5692 2376 5745 ευαγγε.ιστ
2419 5695 2465 5740 ς.

2059 5692 2465 5745 ευαγγεΑιστης.
