3944 6222
429 413 534 468 4⁵ἳὸ

1023 408 1080 463 S.
1123 405 1502 465 ATHANASII
1540 407 1690 465 OPP.
1731 408 1912 464 PARS
1958 410 2000 465 l.
2034 439 2104 450 —-
2135 409 2509 467 HISTORICA
2541 411 2629 466 ΕΤ
2669 412 3093 474 DOGMATICA.

3553 421 3656 478 456

423 533 470 589 si
501 529 735 585 Verbum
772 528 1114 584 extrinsecus
1144 527 1430 583 exsisteret
1461 546 1476 582 :
1512 527 1606 582 sed
1649 527 1702 581 lu
1735 526 1828 582 illo
1868 535 1974 582 eral

2087 527 2153 599 ἢν
2190 529 2507 602 εἰρήκαμεν.
2565 531 2652 584 Ἐν
2700 532 2846 604 αὐτῷ
2896 534 3004 605 γὰρ
3035 530 3102 606 ἦν
3139 533 3172 604 ἡ
3219 532 3356 606 σὰρξ
3391 535 3423 606 ἡ
3458 540 3659 607 προκό-

423 634 478 678 et
507 623 626 693 ejus
661 619 861 676 dicitur
885 635 1011 676 caro
1041 619 1351 690 proficiens,
1384 627 1443 674 ut
1473 619 1679 674 scilicet
1711 619 1994 674 hominum

422 727 768 783 progressus,
817 720 1036 782 propter
1075 713 1320 782 ipsorum
1364 726 1487 766 cum
1537 708 1719 766 Verbo
1763 710 1994 765 societa-

361 809 374 828 ⁶
424 815 553 866 tem,
589 804 800 859 stabilis
846 812 1030 874 posset
1061 819 1430 874 perseverare.
1461 801 1568 857 Nec
1595 818 1723 872 ergo
1753 800 1992 856 Verbum

421 895 761 966 proﬁciebat,
798 910 898 949 nec
927 909 1053 950 caro
1085 903 1202 948 erat
1245 893 1542 964 Sapientia,
1567 893 1660 948 sed
1698 909 1826 947 caro
1848 891 1992 948 facta

421 996 508 1041 est
535 985 827 1056 Sapientiae
859 1001 1081 1056 corpus.
1116 986 1404 1052 Quocirca,
1433 987 1511 1042 uti
1547 986 1856 1052 docuimus,
1881 1003 1990 1042 non

420 1077 721 1147 Sapientia,
751 1087 1018 1148 quatenus
1044 1087 1128 1132 est
1159 1077 1459 1148 Sapientia,
1490 1079 1606 1150 ipsa
1636 1095 1730 1150 per
1758 1080 1990 1149 seipsam

417 1169 770 1242 protlciebat;
807 1170 902 1226 sed
934 1169 1051 1226 sola
1092 1170 1407 1226 humanitas
1430 1173 1483 1225 in
1521 1171 1797 1241 Sapientia
1827 1169 1992 1241 proii-

416 1261 620 1326 ciebat,
644 1260 938 1315 humanam
982 1259 1244 1329 paulatim
1287 1261 1674 1316 transcendens
1713 1269 1987 1326 naturam,

417 1352 600 1405 divina
633 1350 860 1413 reddita,
898 1351 1181 1421 ipsiusque
1215 1350 1507 1420 Sapientiae
1535 1349 1675 1406 facta
1707 1360 1762 1405 et
1805 1352 1988 1406 omni-

415 1441 521 1496 bus
550 1456 819 1510 apparens
863 1441 1326 1504 instrumentum,
1361 1456 1471 1511 quo
1513 1441 1580 1496 ad
1626 1442 1895 1511 agendum
1935 1451 1990 1498 et

414 1522 871 1602 ducendum-ipsa
897 1541 1137 1587 uteretur
1166 1531 1451 1587 Divinitas.
1477 1530 1614 1588 Hinc
1643 1548 1987 1603 nequaquam

414 1624 587 1688 dixit,
622 1621 858 1678 Verbum
908 1624 1247 1693 proﬁciebat,
1296 1623 1416 1690 sed,
1450 1621 1629 1690 Jesus,
1668 1625 1816 1694 quod
1865 1628 1989 1696 qui-

413 1717 537 1770 dem
574 1731 772 1771 nomen
801 1715 1068 1771 Dominus
1105 1715 1282 1772 factus
1330 1716 1497 1770 homo
1541 1719 1782 1788 accepit;
1818 1718 1892 1773 ita
1929 1729 1989 1775 ut

413 1805 482 1860 ad
512 1805 808 1861 humanam
843 1816 1093 1862 naturam
1129 1823 1450 1878 progressus
1481 1808 1573 1864 ille
1601 1810 1886 1879 pertineat,
1920 1827 1986 1868 eo

410 1912 524 1966 quo
551 1914 715 1968 supra
749 1898 1140 1968 explicavimus
1164 1901 1346 1956 modo.

483 1991 573 2044 54.
642 1989 827 2060 itaque
888 1993 1562 2062 quemadmodum,carne
1617 1995 1977 2066 proﬁciente,

411 2081 530 2152 ipse
573 2082 837 2152 prolicere
866 2083 1066 2138 dicitur
1112 2085 1183 2140 ob
1227 2102 1386 2143 suam
1420 2105 1546 2144 cum
1577 2103 1807 2160 corpore
1847 2105 1979 2145 con-

407 2175 744 2244 junctionem
778 2195 792 2232 :
825 2178 896 2232 ita
937 2193 1059 2248 qua:
1102 2179 1180 2233 illi
1223 2188 1466 2250 tempore
1492 2182 1685 2236 mortis
1714 2183 1981 2238 accidisse

409 2267 665 2335 legimus,
708 2276 767 2321 ut
796 2270 1028 2334 turbari,
1077 2268 1225 2337 (lere,
1259 2272 1448 2326 cadem
1474 2273 1683 2328 ratione
1711 2274 1980 2344 interpre-

407 2358 512 2412 tari
546 2370 776 2430 oportet.
811 2360 1101 2416 Enimvero
1145 2363 1222 2417 illi
1265 2363 1320 2418 in
1365 2381 1554 2420 omnes
1599 2381 1720 2420 sese
1765 2375 1982 2421 vertunt

405 2458 610 2518 partes,
655 2465 919 2522 suamque
964 2453 1213 2509 haeresim
1251 2470 1317 2510 ex
1361 2455 1446 2511 bis
1492 2456 1658 2511 veluti
1705 2471 1982 2512 commen-

405 2539 600 2594 dantes
631 2555 694 2594 ac
723 2544 1133 2608 conlirmantes,
1179 2543 1330 2599 hisce
1368 2561 1470 2600 nos
1508 2545 1689 2602 verbis
1723 2544 1982 2600 adoriun-

403 2639 516 2684 tur.
549 2630 708 2696 Ecce,
744 2633 1017 2704 inquiunt,
1046 2634 1192 2690 ﬂevit
1213 2644 1266 2690 et
1285 2635 1637 2691 dixit:Nunc
1667 2638 1846 2691 anima
1867 2654 1981 2690 mea

405 2721 622 2776 turbata
667 2733 743 2777 est
768 2723 855 2780 ’δε
895 2727 1105 2794 rogavit
1154 2726 1282 2781 item
1327 2739 1387 2780 ut
1436 2728 1575 2782 calix
1610 2726 1862 2782 transiret
1889 2727 1976 2780 "z

403 2813 499 2882 qui
521 2829 650 2884 ergo
679 2815 794 2869 ﬁeri
819 2826 994 2885 potest
1026 2827 1085 2871 ut
1117 2817 1180 2882 is,
1214 2819 1306 2888 qui
1336 2818 1447 2874 haec
1470 2818 1636 2890 478
1657 2818 1813 2884 dixit,
1839 2817 1982 2874 Deus

403 2903 477 2958 sit
505 2913 556 2959 et
584 2903 817 2960 Verbum
847 2906 1068 2963 Patris?
1094 2907 1168 2962 ita
1201 2925 1353 2972 sane,
1385 2926 1417 2964 o
1457 2909 1549 2964 Dei
1583 2911 1788 2977 hostes,
1851 2911 1984 2967 scri-

402 3006 555 3064 ptum
601 3004 686 3050 est
729 3012 854 3050 eum
898 2996 1133 3064 ﬂevisse,
1170 3007 1224 3052 et
1248 2998 1474 3064 dixisse,
1508 2997 1783 3054 Turbatus
1817 3016 1936 3055 sum
1962 3040 1978 3066 ,

402 3088 495 3140 illa
519 3102 736 3157 quoque
761 3090 921 3143 verba
954 3091 1008 3143 in
1035 3106 1197 3146 cruce
1222 3093 1625 3161 pronuntiasse,
1652 3091 1775 3147 Eloi
1795 3134 1809 3159 ,
1837 3092 1978 3161 Eloi,

2100 635 2309 674 πτουσα
2340 623 2432 674 καὶ
2483 622 2645 676 αὐτοῦ
2679 622 2890 692 λέγεται
2913 642 2927 655 ο
2963 625 3054 678 καὶ
3100 625 3256 679 τοῦτο
3305 627 3392 680 ἵνα
3417 628 3577 682 πάλιν
3621 630 3656 702 ἡ

2094 710 2201 765 τῶν
2223 711 2522 784 ἀνθρώπων
2542 716 2788 788 προκοπὴ
2806 716 3052 780 ἄπτωτος
3070 717 3158 771 διὰ
3183 717 3272 770 τὸν
3304 719 3528 772 συνόντα
3554 720 3658 773 Λό-

2094 819 2188 871 γον
2214 802 2481 874 διαμείνῃ.
2519 803 2643 858 οὗτ’
2662 802 2755 858 οὖν
2785 804 2877 858 τοῦ
2900 805 3070 874 Λόγου
3095 809 3128 877 ἠ
3157 807 3430 877 προκοπὴ,
3463 805 3587 860 οὕτε
3619 807 3654 880 ἠ

2095 891 2231 964 σὰρξ
2255 889 2323 964 ἦν
2355 896 2387 964 ἡ
2422 895 2608 963 Σοφία,
2640 894 2773 948 ἀλλά
2803 896 2904 965 τῆς
2937 895 3135 964 Σοφίας
3173 895 3330 966 σῶμα
3366 895 3588 965 γέγονεν
3619 898 3651 968 ή

2094 984 2246 1054 σάρξ.
2284 985 2381 1038 Διά
2413 986 2589 1051 τοῦτο,
2618 986 2694 1050 ὡς
2725 988 3055 1058 προείπομεν
3081 986 3215 1060 (38),
3241 987 3340 1059 οὐχ
3380 989 3414 1058 ἡ
3463 988 3650 1056 Σοφία.

2091 1071 2125 1150 ᾖ
2151 1078 2317 1146 Σοφία
2346 1078 2513 1143 ἐστὶν,
2540 1078 2677 1150 αὐτὴ
2715 1079 2836 1132 καθ’
2877 1081 3075 1152 ἑαυτὴν
3117 1080 3453 1150 προέκοπτεν
3472 1079 3655 1133 uena

2089 1168 2152 1221 τὸ
2183 1167 2519 1240 ἀνθρώπινον
2547 1171 2604 1221 ὲν
2631 1172 2698 1240 τῇ
2727 1169 2896 1242 Σοφίᾳ
2919 1171 3274 1242 προέκοπτεν,
3297 1171 3656 1244 ὑπεμναόαῖ-

2089 1275 2180 1312 νον
2209 1259 2326 1312 κατ’
2353 1259 2531 1329 ὀλίγον
2560 1261 2660 1334 τὴν
2697 1261 2807 1332 (59)
2841 1261 3184 1332 ἀνθρωπίνην
3210 1261 3389 1332 φύσιν,
3419 1262 3512 1316 καὶ
3535 1261 3656 1316 θεο-

2090 1351 2429 1422 ποιούμενον,
2466 1352 2560 1405 καὶ
2586 1351 2814 1423 ὄργανον
2847 1351 3016 1422 αὐτῆς
3058 1352 3194 1423 πρὸς
3239 1352 3337 1424 τὴν
3374 1351 3654 1424 ἐνέργειαν

2088 1441 2190 1510 τῆς
2223 1442 2488 1514 Θεότητος
2511 1443 2606 1496 καὶ
2632 1441 2729 1513 τὴν
2762 1441 3031 1514 ἔκλαμψιν
3063 1443 3230 1515 αὐτῆς
3244 1442 3523 1513 γινόμενον
3559 1442 3655 1497 καὶ

2091 1533 2410 1604 φαινόμενον
2436 1535 2586 1588 πᾶσι.
2606 1533 2697 1587 Διὸ
2711 1534 2829 1587 οὐδὲ
2848 1530 3015 1599 εἶπεν,
3031 1534 3090 1588 ’0
3103 1534 3273 1602 Λόγος
3296 1534 3651 1606 προέκοπτεν,

2091 1621 2230 1686 ἀλλ’,
2248 1623 2306 1675 '0
2321 1622 2525 1694 Ἰησοῦς
2551 1622 2682 1694 (40),
2711 1624 2846 1696 ὅπερ
2868 1623 3038 1694 ὄνομα
3063 1624 3350 1694 γενόμενος
3370 1622 3466 1678 ἀνθ
3476 1639 3654 1694 ρωπος

2088 1716 2118 1767 ὁ
2145 1713 2348 1786 Κύριος
2373 1714 2575 1787 ἐκλήθη
2597 1732 2612 1746 ⁸
2648 1715 2723 1779 ὼς
2755 1713 3020 1786 ablat-1m
3057 1713 3403 1786 ἀνθρωπίνης
3440 1715 3654 1783 φύσεως

2091 1805 2186 1877 τὴν
2203 1808 2484 1880 προκοπὴν
2512 1807 2684 1872 οὕτως
2727 1807 2802 1872 ὡς
2836 1807 2946 1880 (41)
2980 1809 3038 1860 ὲν
3074 1811 3189 1871 τοῖς
3227 1805 3534 1880 ἔμπροσθεν
3573 1808 3654 1861 εῐ-

2088 1915 2283 1970 πομεν.

2153 1990 2238 2044 54.
2276 1990 2484 2045 Οὐκοῦν
2514 1990 2721 2064 ὥσπερ,
2751 1990 3169 2063 προκοπτούσης
3193 1991 3291 2061 τῆς
3317 1988 3542 2061 σαρκὸς,
3566 1986 3654 2040 λέ-

2080 2101 2233 2153 γεται
2262 2083 2424 2148 αὐτὸς
2451 2085 2778 2155 προκόπτειν
2813 2083 2901 2137 διὰ
2936 2083 3033 2155 τὴν
3059 2083 3196 2154 πρὸς
3231 2081 3294 2134 τὸ
3335 2080 3493 2150 σῶμα
3530 2078 3653 2132 ἰδιό-

2078 2193 2236 2249 τητα·
2269 2176 2410 2230 οὕτω
2444 2178 2537 2230 καὶ
2567 2177 2634 2229 τὰ
2658 2176 2786 2248 περὶ
2811 2176 2900 2230 τὸν
2933 2175 3126 2246 καιρὸν
3165 2175 3257 2228 τοῦ
3297 2173 3527 2226 θανάτου
3572 2172 3657 2224 λε-

2081 2269 2306 2341 γόμενα,
2329 2269 2389 2323 τὸ
2418 2268 2775 2342 ταραχθῆναι,
2826 2267 2888 2320 τὸ
2910 2266 3140 2320 κλαῦσαι
3165 2306 3180 2328 ,
3207 2265 3312 2337 χρὴ
3355 2264 3654 2335 λαμϐάνειν

2079 2360 2144 2430 τῇ
2174 2358 2309 2430 αὐτῇ
2334 2357 2560 2430 διανοίᾳ.
2599 2360 2746 2411 Ἀνω
2774 2356 2882 2428 γὰρ
2907 2356 3002 2410 καὶ
3023 2356 3178 2409 κάτω
3211 2355 3532 2426 περιιόντες,
3557 2354 3654 2408 καὶ

2081 2450 2266 2522 ὥσπερ
2286 2453 2348 2503 ἐκ
2372 2449 2574 2502 τούτων
2603 2451 2700 2520 τὴν
2721 2451 2930 2520 αἵρεσιν
2952 2449 3112 2503 πάλιν
3137 2447 3490 2510 συνιστῶντες
3515 2445 3650 2516 (42),

2082 2543 2408 2613 φάσκουσινο
2467 2542 2595 2594 Ἰδοὺ
2634 2539 2863 2594 ἐκλαυσε
2895 2541 2988 2594 καὶ
3045 2535 3200 2593 εἶπει
3243 2537 3431 2604 Νὗνὴ
3478 2536 3650 2607 ψυχή

2075 2654 2194 2704 μου
2224 2634 2569 2702 τετάρακται
2587 2651 2602 2665 ·
2626 2635 2718 2686 καὶ
2736 2633 3072 2705 παρεκάλεσε
3088 2631 3373 2702 παρελθεῖν
3398 2631 3458 2683 τὸ
3485 2631 3654 2701 ποτή-

2085 2743 2228 2792 ριονο
2264 2727 2381 2790 πῶς
2411 2723 2522 2789 οὖν,
2550 2728 2598 2778 εἰ
2630 2725 2800 2779 ταῦτα
2834 2723 3048 2796 εἴρηκε,
3081 2725 3211 2788 Θεός
3260 2725 3373 2776 ἐστι
3424 2722 3518 2775 καὶ
3543 2721 3652 2775 Λό-

2081 2835 2177 2887 γος
2206 2817 2296 2870 τοῦ
2328 2817 2576 2887 Πατρός;
2616 2815 2724 2868 Ναὶ
2755 2814 3062 2886 γέγραπται
3088 2813 3218 2882 (45),
3253 2814 3333 2866 ὅτι
3367 2811 3648 2874 ἔκλαυσεν,

2081 2904 2126 2962 ὦ
2158 2907 2447 2978 Θεομάχοι,
2476 2907 2669 2960 καὶ”ὂτι
2693 2905 2866 2969 εἶπεν,
2914 2903 3270 2978 Ἐταράχθην,
3303 2903 3397 2956 καὶ
3434 2902 3524 2954 ἐπὶ
3552 2900 3650 2954 τοῦ

2084 3000 2315 3070 σταυροῦ
2359 2995 2544 3063 εἶπεν,
2592 2999 2798 3064 Ἐλωῒ,
2839 2998 3013 3052 Ἐλωτ
3065 2993 3542 3065 λιμασαϐαχθανὶ
3570 3034 3585 3058 ,
3620 2993 3650 3045 ὅ

2083 3094 2218 3156 ἐστι,
2253 3093 2358 3146 Θεέ
2401 3111 2520 3162 μου
2548 3134 2562 3158 ,
2595 3091 2700 3145 Θεέ
2735 3109 2873 3159 μου,
2909 3091 3010 3143 ἵνα
3040 3089 3098 3142 τί
3125 3105 3201 3158 με
3229 3085 3649 3157 ἐγκατέλιπες-ς

403 3178 600 3233 (ultima
636 3182 965 3248 sabaetltam',
1005 3184 1059 3238 id
1089 3193 1192 3248 est,
1241 3185 1380 3240 Deus
1428 3204 1590 3251 meus,
1639 3185 1777 3241 Deus
1815 3203 1974 3250 meus,

2087 3187 2195 3240 Καὶ
2226 3185 2562 3256 παρεκάλεσε
2591 3184 2648 3236 δὲ
2673 3182 2764 3235 τοῦ
2797 3182 3085 3253 παρελθεῖν
3127 3181 3240 3251 (44)
3265 3181 3325 3233 τὸ
3352 3179 3609 3249 ποτήριον
3630 3193 3647 3208 ·

403 3289 566 3340 quare
619 3273 948 3344 dereliquisti
989 3293 1066 3330 me
1092 3277 1174 3329 “?
1223 3277 1453 3347 Rogavit
1491 3279 1654 3334 etiam
1701 3289 1760 3334 ut
1799 3289 1978 3336 trans-

403 3363 510 3418 iret
539 3365 680 3420 calix
716 3385 730 3421 :
767 3383 1001 3438 namque
1048 3369 1161 3424 haec
1203 3369 1437 3425 fatemur
1467 3372 1666 3440 scripta
1700 3388 1838 3428 esse.
1869 3371 1975 3428 Ve-

400 3471 528 3510 rum
563 3472 662 3512 vos
694 3458 944 3514 similiter
980 3461 1140 3514 velim
1187 3461 1427 3516 vicissim
1478 3462 1803 3530 respondere
1833 3479 1846 3515 :
1877 3479 1974 3517 ne-

400 3565 557 3606 cesse
583 3551 730 3606 enim
765 3560 849 3607 est
880 3553 1019 3608 idem
1051 3553 1118 3608 ad
1151 3553 1364 3623 singula
1394 3569 1515 3624 quae
1543 3553 1781 3624 objicitis
1809 3562 1977 3608 retor-

400 3657 590 3710 quere.
627 3641 684 3696 Si
716 3659 882 3712 purus
923 3643 1088 3698 homo
1117 3654 1199 3698 est
1227 3645 1318 3714 qui
1349 3644 1605 3714 loquitur,
1641 3643 1972 3716 lacrymetur

402 3731 593 3800 utique
647 3741 703 3786 et
755 3741 984 3787 mortem
1040 3732 1377 3798 reformidet,
1435 3741 1494 3788 ut
1535 3734 1720 3789 homo.
1775 3732 1882 3788 Sed
1923 3733 1970 3787 si

400 3813 640 3870 Verbum
669 3826 752 3873 est
784 3818 838 3872 in
874 3835 1036 3875 carne
1069 3820 1218 3890 (nam
1257 3821 1445 3876 eadem
1491 3837 1706 3891 semper
1755 3822 1967 3886 dicere,

398 3922 562 3976 grave
591 3923 712 3963 esse
754 3910 978 3965 minime
1006 3913 1207 3983 debet),
1261 3929 1422 3983 quem
1454 3914 1544 3970 ille
1581 3916 1672 3985 qui
1707 3913 1851 3971 Deus
1889 3925 1972 3971 est

398 3999 595 4054 timere
628 4003 839 4070 potuit?
870 4002 962 4058 Vel
996 4021 1166 4074 quare
1193 4007 1302 4070 ille,
1334 4007 1428 4076 qui
1463 4007 1571 4063 vita
1602 4017 1684 4063 est
1730 4019 1785 4062 et
1833 4008 1970 4063 alios

398 4107 465 4144 ex
505 4099 679 4146 morte
721 4094 916 4163 eripit,
965 4105 1193 4151 mortem
1237 4097 1350 4167 ipse
1396 4099 1841 4168 pertimesceret?
1868 4098 1966 4154 Vel

398 4181 494 4250 qui
527 4181 642 4236 ﬁeri
681 4185 856 4252 potuit
894 4196 951 4240 ut
980 4187 1026 4241 is
1050 4188 1144 4258 qui
1174 4189 1385 4256 aiebat,
1422 4189 1602 4244 Nolite
1632 4193 1813 4244 timere
1849 4207 1965 4244 eum

397 4274 491 4341 qm'
544 4275 735 4328 occidit
787 4292 974 4347 corpus
1001 4277 1075 4345 "',
1139 4279 1334 4335 timore
1387 4281 1504 4351 ipse
1554 4280 1968 4352 corriperetur?

2079 3279 2387 3351 γέγραπται
2417 3280 2524 3349 γὰρ
2551 3275 2744 3330 ταῦτα.
2787 3275 2924 3328 Ἀλλ’
2954 3273 3262 3345 ἠϐουλόμην
3298 3271 3458 3325 πάλιν
3503 3272 3650 3341 ὑμᾶς

2078 3370 2506 3444 ἀποκρίνασθαι’
2557 3370 2618 3423 τὸ
2665 3368 2796 3422 αὐτὸ
2839 3368 2952 3440 (45)
2981 3365 3088 3440 γὰρ
3148 3365 3233 3434 ἐφ’
3276 3363 3502 3417 ἑκάστου
3539 3360 3648 3413 τῶν

2078 3467 2205 3538 παρ’
2241 3463 2393 3535 ὑμῶν
2438 3461 2870 3534 προτεινομένων
2921 3458 3258 3530 ἀντικρούειν
3299 3455 3528 3523 ἀνάγκη.
3582 3453 3647 3504 Et

2078 3560 2178 3630 μὲν
2204 3557 2486 3628 ἄνθρωπος
2513 3554 2665 3624 ψιλός
2695 3556 2842 3606 ἐστιν
2871 3555 2899 3606 ὁ
2929 3549 3126 3614 λαλῶν,
3162 3548 3394 3601 κλαιέτω
3427 3547 3520 3598 καὶ
3547 3560 3647 3611 φο-

2077 3647 2274 3702 ϐείσθω
2299 3647 2389 3700 τὸν
2422 3645 2670 3707 θάνατον,
2699 3644 2773 3708 ὡς
2798 3642 3078 3714 ἄνθρωπος
3097 3658 3111 3672 ο
3134 3642 3182 3693 εί
3212 3639 3269 3692 δὲ
3299 3638 3467 3705 Λόγος
3497 3635 3646 3688 ἐστὶν

2075 3739 2133 3789 ὲν
2167 3737 2330 3808 σαρκὶ
2373 3734 2479 3806 (τὰ
2513 3734 2652 3788 αὐτά
2693 3733 2802 3804 γὰρ
2841 3732 3019 3800 λέγειν
3070 3732 3157 3785 ἀεὶ
3191 3729 3294 3783 οὐκ
3329 3725 3644 3798 ὀκνητέον),

2074 3825 2194 3878 τίνα
2213 3825 2343 3888 Θεὸς
2373 3825 2448 3877 ὢν
2477 3820 2590 3895 εἶχε
2612 3822 2720 3894 (46)
2748 3821 3028 3892 φοϐεῖσθαι
3056 3837 3071 3885 ;
3104 3820 3176 3872 ’Ἡ
3214 3819 3302 3872 διὰ
3342 3818 3392 3871 τί
3425 3817 3516 3870 τὸν
3547 3815 3645 3870 θά-

2076 3933 2232 3970 νατον
2261 3915 2502 3986 ἐφοϐεῖτο
2533 3915 2645 3986 ζωὴ
2671 3913 2744 3967 ὢν
2769 3913 2950 3978 αὐτὸς,
2984 3911 3077 3964 καὶ
3109 3909 3298 3972 ἄλλους
3330 3908 3395 3960 ὲκ
3426 3904 3519 3959 τοῦ
3548 3904 3647 3957 θα-

2074 4010 2232 4064 νάτου
2267 4009 2554 4080 ρυόμενοςς
2596 4008 2666 4060 Ἢ
2717 4005 2836 4069 πῶς
2872 4003 3045 4073 λέγων
3069 4041 3084 4066 ,
3114 4001 3210 4070 Μὴ
3228 3998 3503 4070 φοϐεῖσθε
3531 3995 3642 4065 (47)

2069 4100 2176 4154 τὸν
2194 4101 2618 4154 ἀποκτείνοντα
2634 4097 2698 4152 τὸ
2719 4097 2907 4167 σῶμα,
2941 4096 3102 4159 αὐτὸς
3124 4094 3394 4164 ὲφοϐεῖτο;
3434 4087 3560 4152 Πῶς
3585 4087 3644 4140 δὲ

2070 4191 2099 4243 ὁ
2122 4190 2200 4262 τῷ
2245 4189 2497 4262 Ἀϐραὰμ
2520 4189 2710 4258 λέγων,
2739 4188 2836 4255 Μὴ
2863 4185 3068 4251 φοϐοῦ,
3099 4185 3188 4238 ὅτι
3215 4183 3327 4251 (48)
3346 4179 3496 4250 μετὰ
3522 4177 3640 4233 σοῦ

2070 4285 2217 4351 εἶμι·
2245 4283 2341 4336 καὶ
2380 4283 2470 4336 τὸν
2513 4282 2717 4352 Μωσῆν
2763 4277 3195 4354 παραθαρσύνων
3237 4273 3378 4328 κατά
3408 4271 3500 4325 τοῦ
3535 4270 3642 4324 Φα-

481 4448 527 4480 ⁸⁸
555 4448 715 4506 Joan.
745 4468 842 4515 xu,
873 4451 964 4508 27.
1041 4454 1085 4486 “
1118 4452 1304 4510 Matth;
1336 4472 1486 4522 xxvr,
1519 4457 1608 4512 '59.
1687 4458 1732 4489 ⁸⁸
1757 4455 1922 4512 Marc.
1959 4473 1974 4510 ι

2087 4456 2169 4511 54.
2247 4458 2290 4489 ⁸⁷
2319 4457 2505 4513 Matth.
2544 4474 2598 4524 ι,
2627 4458 2726 4524 28;
2765 4456 2896 4510 Luc.
2926 4470 3025 4520 xu,
3057 4452 3112 4507 4.

468 4611 579 4688 (38)
615 4611 817 4686 Regius
858 4615 1068 4686 primus
1117 4625 1173 4672 et
1204 4616 1547 4688 Segucrian.,
1581 4616 1680 4670 Διὰ
1711 4617 1857 4670 τοῦθ’
1889 4617 1964 4682 ὡς

2087 4629 2245 4688 guer.,
2283 4617 2376 4688 καὶ
2423 4616 2493 4670 τὰ
2536 4617 2628 4670 ἐπὶ
2660 4615 2754 4670 τοῦ
2793 4614 3046 4688 σταυροῦ.
3083 4654 3098 4670 .
3129 4652 3144 4667 .
3179 4655 3194 4669 .
3221 4651 3237 4666 .
3261 4649 3283 4688 _.
3317 4609 3641 4688 Asiae-0a-

395 4687 677 4738 προεῖπον.

444 4703 765 4828 ρῗὲεῧῃᾚὶοΔ
785 4763 1013 4828 uterque
1034 4827 1044 4828 ί
1064 4756 1290 4828 Regius,
1321 4755 1553 4828 Seguer.
1605 4755 1924 4816 Basiliensis
1947 4802 1962 4826 ,

395 4823 611 4915 Anglic;
631 4823 853 4915 Gobler,
878 4823 938 4915 et
958 4826 1104 4882 Felc.
1134 4823 1187 4880 1⁷.
1218 4827 1373 4915 (Agin
1400 4823 1523 4915 aliis
1545 4836 1599 4908 et
1627 4829 1788 4910 editis
1813 4823 1966 4886 deest

393 4893 514 4967 τήν.
563 4893 856 4965 Mox,post
894 4896 1123 4968 ὄργανον
1182 4896 1373 4966 αὐτῆς,
1427 4897 1630 4966 Regius
1659 4899 1869 4966 primus
1909 4910 1965 4955 et

397 4967 715 5047 Seguerian.
751 4965 1039 5047 omittunt
1066 4967 1368 5047 γινόμενον,
1431 4969 1574 5036 quod
1635 4969 1721 5047 hic.
1759 4971 1966 5047 _alii_et

392 5038 523 5110 editi
569 5037 787 5110 habent,
829 5038 924 5091 sed
955 5037 1098 5110 infra
1135 5045 1494 5110 transponunt
1542 5048 1662 5107 post
1693 5038 1962 5110 ἔκλαμψιν

391 5107 585 5178 αρτῆς,
615 5107 926 5178 ibidemque
959 5107 1181 5171 habent,
1214 5108 1308 5160 καὶ
1338 5107 1660 5178 φαινόμενον
1691 5107 1846 5174 πᾶσι,
1871 5107 1961 5163 ubi

393 5177 486 5230 alii
513 5185 569 5231 et
589 5177 740 5240 editi,
769 5179 962 5246 φαῖνον
984 5178 1041 5231 ὲν
1074 5178 1232 5231 πᾶσι.

465 5247 580 5318 (40)
609 5246 698 5302 Sic
720 5247 932 5316 primus
963 5247 1133 5318 codex
1161 5246 1380 5316 Regius,
1408 5246 1627 5303 Gobler.
1652 5257 1707 5302 et
1737 5248 1882 5305 Felc.
1908 5249 1960 5302 1.

393 5316 667 5388 Λῑςοαιιοεί
694 5325 749 5371 et
780 5318 930 5379 editi,
951 5317 1086 5371 ἀλλά
1115 5318 1343 5388 Ἰησοῦς.

614 5386 1052 5474 Regiusprimus
1095 5396 1148 5442 et
1177 5386 1532 5474 ‘chuerianq
1551 5389 1738 5474 ᾗσπερ
1763 5389 1854 5474 καὶ
1882 5390 1961 5444 ὲν.

394 5453 862 5529 Gobler._et'Felc.
886 5458 938 5529 4,
973 5457 1163 5529 ὥσπερ
1189 5453 1400 5529 ὲνῖᾼιὶἰ
1432 5469 1486 5514 et
1505 5453 1636 5514 editi
1655 5498 1672 5524 ,
1695 5453 1770 5522 ὼς
1809 5461 1887 5513 ὲν.

466 5525 578 5597 (42)
611 5525 811 5597 Regius
833 5527 1064 5596 primus,
1103 5525 1468 5592 συνιστάντες.

465 5595 580 5670 (ιβ)
607 5595 916 5670 (Ξοωειιέει
945 5597 1087 5670 Εειο.
1119 5603 1139 5652 l
1169 5597 1305 5670 ,ναί
1337 5597 1848 5670 ornittunt._Regius
1875 5613 1961 5654 se-

394 5665 604 5740 cundus
624 5675 678 5740 et
701 5665 868 5740 Basil.
896 5667 1222 5740 habentmatl
1243 5667 1572 5740 γέγραπται.
1596 5668 1719 5724 Mox
1732 5665 1955 5725 Eobler.

393 5746 448 5787 et
477 5731 620 5810 Fclc.
643 5737 710 5810 Δ1,
758 5736 853 5788 καὶ
893 5736 982 5810 ’ότι
1035 5731 1495 5810 ἐταράχθηβξκαῖ,
1529 5739 1629 5793 Θεέ
1687 5757 1809 5810 μου,
1850 5749 1956 5810 etc.

392 5803 616 5858 omissis
643 5805 1000 5862 intermediis.
1040 5803 1240 5862 lbidetii
1261 5848 1276 5876 ,
1300 5803 1504 5878 Regius
1535 5803 1746 5881 primus
1777 5819 1829 5866 et
1859 5809 1957 5866 Se-

2069 4687 2318 4769 θαχθανί.
2347 4688 2736 4769 lidemibidem
2759 4695 2811 4769 et
2846 4680 3047 4769 Regius
3075 4680 3567 4769 secundus,l‘Basil.
3587 4692 3641 4736 et

2071 4751 2306 4824 Anglic”
2344 4757 2720 4825 ἐγκατέλιπες.
2755 4751 2952 4825 Caneri
2985 4768 3039 4811 et
3066 4755 3227 4825 editi,
3254 4751 3564 4825 κατέλιπες.

2142 4821 2254 4895 (44)
2299 4821 2501 4895 Regius
2548 4828 2758 4896 primus
2792 4836 2844 4880 et
2882 4824 3106 4894 Seguer.
3135 4823 3230 4877 τοῦ
3263 4821 3641 4896 omittunt._At

2067 4890 2286 4966 Goble'r.
2319 4890 2563 4951 et'Felcf
2579 4897 2806 4966 primus,
2835 4896 2914 4951 sic
2947 4890 3167 4960 habent,
3197 4894 3291 4947 καὶ
3322 4890 3639 4962 παρελθέτω

2065 4964 2125 5016 τὸ
2147 4964 2993 5040 ,ποτήριονλτοῦτοξγέγραπτ-αι.
3215 5033 3228 5040 _
3314 5031 3326 5040 _
3385 5029 3397 5040 _

2117 5035 2250 5154 l(iis)
2285 5029 2502 5116 "Regius
2558 5029 2786 5107 primus
2806 5045 2860 5091 et
2899 5035 3149 5107 Seguer.,
3181 5033 3242 5086 τὸ
3269 5029 3420 5084 αὑτό.
3451 5029 3561 5084 Alii
3584 5037 3638 5080 et

2139 5122 2151 5154 Ι
2182 5124 2218 5154 !.
2247 5123 2424 5154 τουτο-

2065 5107 2218 5168 editi,
2247 5107 2424 5160 τοῦτο.

2141 5177 2251 5246 (46)
2284 5175 2484 5246 Regius
2518 5176 2728 5245 primus
2760 5182 2816 5232 et
2841 5173 3089 5246 Seguer.,
3121 5171 3253 5235 Θεὸς
3282 5171 3357 5225 ὢν
3404 5167 3538 5242 εἶχε,
3577 5179 3634 5235 In

2066 5247 2189 5302 aliis
2217 5255 2272 5301 et
2291 5248 2452 5302 editis
2483 5247 2558 5299 ὢν
2576 5248 2747 5302 deest.

2140 5317 2254 5387 (47)
2307 5317 2546 5387 Uterque
2599 5315 2802 5387 Regius
2840 5322 2894 5369 et
2923 5312 3172 5387 Seguer.,
3211 5313 3287 5384 μὴ
3332 5314 3634 5387 (ροᾷεῖσθαι.

2069 5384 2191 5459 Mox
2223 5384 2435 5459 primus
2456 5384 2859 5459 codexRegius
2899 5393 2953 5459 et
2993 5384 3240 5453 Seguer.,
3274 5385 3399 5447 Πῶς
3419 5384 3476 5438 δὲ
3501 5390 3530 5440 ό
3559 5387 3635 5459 τῷ

2081 5454 2350 5527 Ἀϐραάμ..
2385 5457 2490 5511 Alii
2521 5466 2575 5511 et
2593 5454 3110 5527 editi,'6nomiltun_t.

2139 5524 2252 5592 (48)
2282 5524 2534 5598 ςδεειιεῐ.
2595 5527 2753 5598 addit
2795 5525 3078 5598 61L,_quod
3115 5524 3353 5598 inﬂaliis
3381 5535 3437 5598 et
3473 5526 3638 5598 editis

2066 5593 2462 5668 deest.fGenés.
2485 5612 2664 5668 _xxv1,
2693 5596 2783 5668 24,
2834 5593 3098 5668 habetur,
3131 5595 3222 5663 Μὴ
3253 5595 3420 5668 φοϐοῦ
3441 5615 3453 5628 ·
3499 5597 3640 5668 μετά

2069 5667 2162 5720 σοῦ
2192 5667 2300 5738 γάρ
2321 5669 2458 5737 ειμι.
2485 5663 2917 5738 ibidem_Regius
2943 5665 3152 5732 primus
3172 5673 3233 5738 et
3255 5663 3514 5737 δίδωθι-,ζ
3542 5667 3640 5722 καὶ

2064 5739 2158 5791 τὸν
2204 5735 2413 5809 Μωσῆν
2445 5738 2474 5791 ὃ
2501 5753 2583 5793 τε.
2610 5737 2664 5792 ln
2694 5735 2825 5809 Reg.
2851 5741 3032 5790 tamen
3066 5751 3124 5788 τε
3153 5735 3386 5792 deletum
3431 5747 3550 5803 est,
3584 5747 3640 5792 et

2064 5809 2093 5861 ὁ
2120 5807 2390 5864 relictum.
