3944 6222
406 332 516 389 450

999 331 1058 389 S.
1101 330 1480 388 ATHANASII
1519 330 1671 389 OPP.
1715 331 1902 388 PARS
1941 330 1982 386 l.
2025 363 2094 372 —
2134 329 2514 388 HISTOBICA
2549 329 2640 386 ET
2680 327 3100 388 DOGMATICA.

3553 331 3662 388 440

407 453 618 509 strahat
642 467 722 519 se,
751 465 876 508 cum
903 452 1048 508 Deus
1079 463 1224 509 esset
1259 454 1644 524 impassibilis,‘
1664 454 1978 526 passibilem

2097 455 2212 519 θεὸς
2247 454 2358 527 (65)
2383 453 2460 508 ὣν
2487 454 2728 526 ἀπαθὴς,
2766 454 2944 526 σάρκα
2973 452 3219 526 παθητὴν
3248 453 3439 508 ἐλαϐεν
3459 469 3472 484 ⁸
3517 455 3584 508 ἐκ
3604 454 3664 510 δὲ

407 545 779 614 assumpsisse
812 560 1035 601 carnem
1073 563 1088 599 :
1132 554 1188 600 at
1229 560 1296 602 ex
1326 546 1583 616 operibus
1611 547 1788 617 palam
1815 545 1982 601 facie-

407 636 503 690 bat
541 650 620 700 se,
658 652 783 692 cum
839 637 932 692 Dei
981 636 1221 693 Verbum
1268 647 1446 704 esset,
1489 638 1765 693 hominem
1795 647 1981 708 postea

351 775 367 790 ,
407 728 615 784 factum
659 744 804 797 esse,
847 731 992 787 unde
1038 731 1257 785 aiebat:
1287 729 1348 785 Si
1396 730 1547 796 mihi,
1591 738 1778 800 utpote
1818 745 1982 800 quem

410 823 654 877 humano
711 838 942 894 corpore
993 823 1250 878 amictum
1307 823 1564 890 cernitis,
1623 823 1831 877 credere
1879 839 1982 877 non

409 915 592 979 vultis,
628 915 818 970 saltem
855 915 1097 985 operibus
1129 915 1344 980 credite,
1371 923 1426 967 ut
1458 915 1784 984 cognoscatis
1814 930 1894 968 me
1926 915 1980 967 in

409 1005 576 1060 Patre
595 1013 644 1060 et
677 1005 890 1059 Patrem
918 1007 971 1059 in
1010 1021 1091 1060 me
1125 1022 1236 1060 esse
1261 1006 1329 1058 ".
1362 1004 1530 1060 Plane
1561 1005 1901 1076 impudentes
1928 1012 1983 1060 et

410 1097 565 1166 impii
605 1096 900 1151 admodum
936 1111 1059 1152 esse
1097 1096 1232 1150 mihi
1259 1095 1514 1150 videntur
1551 1095 1756 1150 Christi
1787 1095 1982 1151 adver-

411 1191 562 1255 sarii,
583 1189 677 1259 qui
705 1190 964 1243 nimirum
992 1189 1085 1244 ubi
1111 1187 1405 1256 audierint,
1434 1187 1545 1259 Ego
1567 1198 1616 1243 et
1637 1189 1800 1244 Pater
1820 1206 1981 1244 unum

412 1299 593 1336 summ
619 1283 684 1348 ⁷⁸,
713 1297 934 1336 sensum
964 1281 1251 1336 verborum
1284 1281 1611 1346 adulterare,
1638 1290 1692 1336 et
1719 1280 1893 1336 Patris
1919 1297 1984 1336 ac

412 1374 534 1428 Filii
562 1375 823 1428 unitatem
856 1373 1096 1429 dividere
1128 1373 1256 1428 totis
1283 1381 1551 1428 conantur
1575 1373 1783 1428 viribus
1815 1389 1829 1426 :
1858 1387 1983 1428 cum

413 1476 593 1521 autem
626 1466 862 1532 ﬂevisse,
889 1466 1136 1531 sudasse,
1167 1481 1389 1535 passum
1423 1480 1545 1520 esse
1571 1464 1837 1532 audiunt,
1873 1479 1982 1518 non

411 1574 614 1628 corpus
646 1565 944 1627 aspectant,
985 1558 1077 1612 sed
1104 1572 1170 1612 ex
1203 1557 1290 1612 liis
1320 1556 1463 1610 inter
1485 1571 1572 1610 res
1599 1564 1811 1611 creatas
1832 1570 1981 1621 eum,

414 1664 510 1720 per
530 1664 690 1719 quem
721 1647 873 1702 factae
897 1649 1000 1703 illa:
1029 1657 1176 1714 sunt,
1205 1648 1407 1702 audent
1437 1662 1817 1703 annumerare.
1844 1646 1985 1714 Quid

2081 547 2190 601 τῶν
2223 547 2400 619 ἔργων
2437 547 2705 602 ἐδείκνυεν
2743 547 2934 602 ἑαυτὸν
2981 547 3154 616 Λόγον
3201 547 3329 601 ὄντα
3365 547 3459 600 τοῦ
3499 547 3660 612 Θεοῦ,

2083 640 2180 694 καὶ
2213 638 2440 711 ὕστερον
2469 639 2762 711 γενόμενον
2794 638 3098 711 ἄνθρωπον,
3130 637 3303 707 λέγων
3323 653 3338 669 ·
3389 638 3517 693 Κᾶν
3531 640 3659 708 ἐμοί

2079 731 2168 800 μὴ
2186 733 2533 799 πιστεύητε,
2570 731 2858 801 βλέποντες
2886 729 3222 803 ἀνθρώπινόν
3249 747 3316 802 με
3343 731 3666 803 περιϐεϐλη-

2086 823 2245 894 μένον
2271 821 2450 893 σῶμα,
2485 821 2620 876 ἀλλὰ
2646 821 2750 874 κᾶν
2782 821 2907 887 τοῖς
2924 820 3496 891 ἕργοιςπιστεύσατε
3524 819 3660 891 (64),

2081 915 2183 969 ἵνα
2211 915 2415 986 γνῶτε,
2450 915 2540 970 ὅτι
2570 914 2779 986 ἐγὼὶέν
2805 913 2885 980 τῷ
2914 915 3113 983 Πατρί,
3156 916 3254 970 καὶ
3290 919 3323 970 ό
3353 916 3553 986 Πατίιο
3592 915 3664 969 ἐν·

2081 1007 2231 1078 ἐμοὶ.
2269 1009 2414 1062 Πάνυ
2446 1007 2504 1060 δέ
2536 1019 2627 1078 μοι
2680 1007 2926 1062 δοκοῦσιν
2958 1007 3341 1078 ἀναισχυντίαν
3368 1009 3662 1079 ἐσχηκέναι

2087 1101 2182 1153 καὶ
2205 1097 2552 1170 βλασφημίαν
2582 1101 2631 1152 οἱ
2651 1099 3035 1171 Χριστομάχοι.
3055 1099 3366 1162 Ἀκούοντες
3404 1099 3501 1171 μὲν
3528 1099 3661 1172 γὰρ,

2095 1188 2240 1258 Ἐγὼ
2267 1189 2365 1243 καὶ
2411 1192 2444 1243 ό
2484 1190 2685 1258 Πατὴρ
2715 1189 2784 1242 ἐν
2829 1190 3046 1258 ἐσμεν,
3100 1186 3375 1259 βιάζονται
3420 1188 3518 1259 τὴν
3547 1188 3664 1242 διά-

2081 1296 2227 1334 νοιαν
2250 1278 2690 1350 παρεξηγεῖσθαι,
2720 1279 2811 1332 καὶ
2835 1279 3060 1350 διαιρεῖν
3081 1279 3178 1349 τὴν
3193 1279 3420 1350 ἑνότητα
3445 1277 3538 1332 τοῦ
3557 1280 3664 1332 Πα-

2082 1389 2112 1425 τ
2120 1372 2208 1444 ρὺς
2227 1372 2323 1426 καὶ
2341 1371 2434 1425 τοῦ
2450 1371 2600 1425 Υίοῦ·
2620 1370 2908 1434 ἀκούοντες
2929 1370 3008 1434 δὲ,
3037 1371 3117 1424 ὅτι
3137 1369 3300 1424 ἐκλαυ
3309 1387 3418 1434 σεν,
3443 1369 3660 1442 ἵδρωσε,

2085 1465 2370 1530 πέπονθεν,
2404 1465 2504 1518 οὐκ
2563 1463 2790 1536 ἐνορῶσι
2832 1463 2910 1534 τῷ
2949 1462 3182 1534 σώματι,
3217 1463 3332 1517 ἀλλ’
3361 1464 3426 1516 ἐκ
3451 1463 3662 1516 τούτων

2085 1561 2148 1630 τῇ
2184 1558 2356 1612 κτίσει
2389 1555 2778 1628 συναριθμοῦσι
2814 1557 2904 1610 τὸν
2943 1556 3010 1609 δι’
3049 1551 3109 1612 οὗ
3139 1556 3360 1626 γέγονεν
3395 1557 3428 1626 ἡ
3461 1555 3658 1618 κτίσις.

2085 1651 2151 1704 Τί
2182 1647 2274 1706 οὖν
2306 1651 2386 1704 ἐτι
2414 1649 2601 1704 λοιπον
2628 1649 2723 1704 καὶ
2751 1642 2896 1703 οὗτοι
2920 1647 3029 1702 τῶν
3075 1648 3343 1702 Ἰουδαίων
3373 1646 3664 1719 διαφέρου-

413 1757 544 1812 ergo
574 1742 752 1796 adhuc
781 1741 902 1796 illos
934 1742 1075 1796 inter
1114 1750 1167 1796 et
1191 1739 1411 1795 Judaeos
1438 1740 1709 1796 interest?
1739 1738 1811 1795 Ut
1839 1740 1982 1796 enim

2097 1762 2201 1812 τινς
2231 1745 2319 1808 Ὠς
2341 1744 2452 1816 γὰρ
2475 1745 2670 1798 ἐκεῖνοι
2695 1743 2764 1797 τὰ
2782 1742 2877 1796 τοῦ
2908 1742 3041 1796 Θεοῦ
3071 1741 3209 1813 ἔργα
3234 1741 3312 1812 τῷ
3336 1739 3663 1805 Βεελζεὸοὺλ

415 1810 496 1887 illi
522 1833 614 1888 Dei
643 1847 806 1902 opera
835 1832 1000 1901 impie
1024 1831 1332 1886 Beelzebuli
1363 1830 1742 1897 ascribebant;
1772 1831 1845 1885 ita
1873 1831 1986 1894 isti,

2097 1810 2388 1902 ἐλογίζοντο
2411 1810 2872 1903 βλασφημοῦντες
2899 1831 3044 1886 οὕτω
3075 1810 3168 1886 κα).
3187 1810 3353 1897 οὗτοι,
3377 1831 3466 1884 τὸν
3489 1830 3663 1886 ταῦτα

414 1926 543 1996 quia
583 1925 873 1980 Dominum
911 1938 1138 1993 operum
1172 1921 1390 1976 illorum
1424 1929 1702 1975 auctorem
1734 1920 1876 1974 inter
1901 1935 1990 1974 res

414 2026 627 2074 creatas
661 2017 948 2084 collocant,
985 2016 1202 2071 easdem
1231 2030 1296 2070 ac
1324 2014 1403 2069 illi
1434 2028 1624 2085 poenas
1649 2013 1884 2083 pendent
1906 2011 1990 2067 in-

414 2109 734 2177 expiabiles.

419 2214 423 2217 ·
485 2199 573 2254 56.
613 2198 775 2268 Atqui
811 2214 1026 2268 aequum
1059 2197 1254 2253 fuisset
1283 2197 1406 2252 illos
1435 2212 1502 2252 ex
1530 2197 1616 2252 his
1643 2194 1844 2260 verbis,
1869 2192 1984 2266 Ego

414 2300 464 2346 et
493 2291 654 2345 Pater
685 2307 846 2344 unum
887 2306 1092 2356 sumus,
1126 2304 1290 2344 uuam
1325 2287 1664 2343 divinitatem
1697 2296 1751 2342 et
1780 2296 1988 2342 natura:

412 2383 592 2439 Patris
625 2383 1005 2453 proprietatem
1031 2381 1351 2452 percipere;
1383 2395 1449 2436 ex
1483 2381 1584 2436 liae
1617 2387 1798 2434 autem
1830 2395 1984 2444 voce,

415 2478 742 2546 lacrymatus
786 2485 884 2539 est,
936 2485 990 2530 et
1035 2475 1328 2538 similibus,
1371 2489 1435 2528 ea
1475 2473 1720 2542 cmporis
1769 2472 1986 2542 propria

413 2581 535 2621 esse
558 2581 867 2636 agnoscere,
900 2566 1134 2619 maxime
1153 2580 1276 2619 cum
1297 2563 1583 2634 utrobique
1611 2572 1987 2618 consentaneae

413 2657 655 2712 rationes
691 2658 796 2713 illis
824 2665 1131 2727 suppetant,
1160 2640 1362 2727 quippe
1388 2671 1511 2711 cum
1547 2655 1635 2709 illa
1667 2654 1886 2725 quidem
1917 2654 1987 2710 de

414 2762 482 2801 eo
511 2759 571 2802 ut
604 2749 672 2803 de
714 2747 824 2804 Deo
847 2790 862 2814 ,
901 2749 1016 2804 haec
1048 2759 1226 2804 autem
1259 2750 1807 2820 propterlbumanum
1833 2747 1985 2818 ejus-

416 2840 539 2892 dem
565 2853 763 2908 corpus
791 2840 990 2909 scripta
1025 2845 1153 2895 sint.
1184 2840 1292 2895 Nec
1311 2841 1455 2895 enim
1484 2840 1536 2894 in
1559 2855 1648 2904 eo,
1673 2840 1767 2910 qui
1789 2854 1988 2909 corpo-

417 2932 494 2984 ris
523 2946 718 3000 expers
748 2941 911 2997 esset,
943 2933 1190 3001 corporis
1217 2933 1577 3003 preprietates
1601 2929 1852 2997 fuissent,
1878 2931 1985 2987 nisi

418 3035 616 3090 corpus
645 3022 977 3091 corruptioni
1011 3022 1306 3076 obnoxium
1331 3038 1394 3077 ac
1416 3023 1642 3077 mortale
1665 3021 1989 3091 assumpsis-

419 3123 520 3168 set.
575 3113 820 3170 Mortalis
869 3115 1135 3185 siquidem
1183 3114 1285 3171 fuit
1313 3123 1501 3171 sancta
1548 3113 1716 3169 Maria
1770 3130 1837 3170 ex
1877 3129 1985 3184 qua
2013 3150 2055 3209 ο

418 3208 539 3276 ejus
574 3207 895 3276 productum
942 3223 1140 3278 corpus
1171 3215 1290 3275 est;
1344 3223 1408 3263 ac
1450 3207 1698 3278 proinde,
1727 3207 1984 3276 quoniam

421 3299 474 3352 in
500 3314 728 3368 corpore
749 3300 1010 3368 patiente,
1045 3300 1400 3371 lacrymante,
1432 3309 1486 3355 et
1516 3299 1798 3356 laborante
1819 3307 1994 3365 esset,

419 3405 644 3446 necesse
679 3389 781 3446 fuit
820 3400 880 3446 ut
921 3393 1130 3458 isthzec,
1179 3407 1300 3462 quae
1338 3393 1520 3448 carnis
1567 3392 1784 3462 prepria
1837 3398 1985 3455 sunt,

419 3483 490 3536 de
519 3498 584 3538 eo
613 3498 720 3537 una
759 3498 883 3538 cum
921 3499 1146 3555 corpore
1175 3486 1506 3541 dicerentur.
1540 3483 1666 3540 Sive
1706 3483 1868 3554 igitur
1894 3481 1990 3538 ﬂe-

418 3576 500 3629 vit
543 3583 598 3629 et
641 3576 988 3647 perturbatus
1028 3585 1132 3645 est,
1178 3593 1287 3634 non
1326 3572 1588 3646 Verbum,
1639 3588 1701 3634 ut
1733 3577 1989 3645 Verbum,

417 3666 582 3721 ﬂebat
602 3679 655 3722 et
677 3668 1110 3737 perturbabatur,
1129 3671 1220 3725 sed
1247 3670 1301 3725 id
1324 3671 1623 3741 pertinebat
1644 3669 1710 3725 ad
1735 3685 1988 3726 carnem:

421 3761 536 3812 sive
560 3760 737 3814 oravit
768 3771 829 3816 ut
857 3761 1115 3817 transiret
1139 3762 1302 3825 calix,
1333 3777 1442 3817 non
1475 3763 1592 3832 ipsa
1619 3761 1876 3818 divinitas
1901 3777 1991 3818 re-

419 3849 771 3918 formidabat,
818 3851 912 3906 sed
954 3852 1045 3906 illa
1086 3853 1302 3908 all'ectio
1334 3861 1452 3908 erat
1483 3852 1836 3908 humanitatis
1865 3868 1989 3925 pro-

419 3943 561 4012 pria,
605 3951 664 3997 ut
704 3953 758 3998 et
797 3960 957 4000 voces
1005 3946 1122 4000 istic
1154 3965 1166 4001 :
1207 3945 1407 4017 thuid
1439 3946 1766 4018 dereliquisti
1808 3963 1890 4002 me
1917 3943 1990 3998 7'?

421 4049 545 4103 qua:
591 4035 710 4104 ejus
764 4051 886 4092 esse
929 4037 1116 4094 eodem
1143 4077 1159 4103 ,
1214 4055 1323 4107 quo
1360 4055 1525 4110 supra
1575 4038 1988 4108 explicavimus,

422 4125 588 4180 modo
617 4135 747 4182 sunt
771 4127 1140 4199 intelligenda.
1177 4128 1313 4184 Nam
1343 4130 1555 4184 tametsi
1585 4130 1719 4184 nihil
1748 4128 1991 4200 patieba-

422 4225 534 4280 tur,
565 4231 689 4270 cum
725 4217 960 4273 Verbum
1002 4220 1280 4290 patibilem
1312 4236 1420 4277 non
1469 4221 1669 4276 habeat
1708 4229 1992 4287 naturam,

422 4303 650 4374 perinde
679 4315 859 4361 tamen
893 4322 960 4362 ac
988 4308 1034 4362 si
1062 4323 1186 4364 vere
1207 4318 1501 4380 pateretur,
1529 4309 1644 4364 haec
1671 4309 1740 4364 ab
1762 4323 1995 4381 evange-

493 4464 542 4498 "
573 4463 731 4520 Joan.
757 4483 811 4533 ι,
836 4465 925 4522 58.
1003 4468 1049 4500 ⁷⁸
1076 4467 1207 4524 ibid.
1245 4470 1335 4525 50.
1410 4471 1452 4501 '”
1483 4467 1653 4524 Marc.
1685 4486 1774 4535 xv,
1805 4468 1891 4524 54.

501 4622 611 4695 (63)
637 4621 864 4695 Seguer.
890 4624 1110 4681 Gobler.
1144 4637 1197 4682 et
1235 4626 1380 4683 Felc.
1416 4627 1469 4692 Ι,
1503 4629 1585 4681 ὃτι
1611 4645 1670 4681 τε
1698 4629 1852 4691 Θεός.
1877 4629 1997 4685 Mox
2033 4634 2076 4690 ι)

434 4692 564 4766 Reg.
586 4692 620 4766 il
653 4692 962 4766 et'VSeguer,
987 4697 1259 4751 ἐδείκνυεν
1289 4698 1472 4752 αὐτόν.

511 4765 622 4834 (64)
653 4763 872 4838 Primus
899 4767 1068 4838 codex
1101 4768 1304 4838 Regius
1332 4777 1387 4823 et
1418 4766 1669 4838 Seguer..
1701 4767 1803 4821 κᾶν
1838 4769 1961 4838 ἐμοὶ
1983 4810 1997 4834 ,

433 4836 1098 4914 βλέποντες-άνθρώρτινον,
1125 4836 1571 4914 περιϐεϐλημένῳ
1605 4837 1767 4908 σῶμα.
1808 4836 1883 4909 μῆ
1912 4857 2000 4892 πι-

428 4907 655 4990 στεύητε
679 4923 694 4939 ο
717 4907 856 4960 ἀλλὰ
880 4907 980 4960 κᾶν
1005 4911 1115 4972 τοῖς
1139 4907 1320 4979 ἔργοις
1345 4907 1648 4963 πιστεύετε.

501 4978 614 5042 (65)
644 4977 771 5042 Reg.
807 4979 832 5031 1
871 4987 925 5031 et
948 4978 1196 5042 Seguer.,
1223 4979 1556 5032 ἀποίσονται.

503 4994 614 5050 (ua)
644 4994 771 5046 iieg.
807 4994 832 5031 ι
871 4994 925 5031 et
948 4994 1196 5046 aeguer.,
1223 4994 1556 5032 αποισονται.

503 5049 612 5120 (66)
646 5047 847 5120 Regius
879 5048 1096 5120 primus
1121 5057 1175 5102 et
1215 5047 1460 5120 Seguen,
1495 5049 1590 5101 καὶ
1622 5049 1682 5101 τὸ
1709 5048 1857 5101 [διον.
1883 5047 1998 5105 Ca3-

430 5116 530 5178 teri
559 5129 613 5173 et
639 5116 789 5184 editi,
818 5116 957 5171 κατά
980 5117 1040 5170 τὸ
1061 5119 1206 5172 ἴδιον.

504 5189 614 5258 (67)
663 5187 878 5260 Primus
919 5189 1101 5260 codex
1169 5188 1387 5260 Regius,
1443 5187 1914 5260 Seguer._Gob_ler.
1945 5197 1999 5243 et

435 5257 848 5327 Felc.primus,
883 5258 962 5330 τδ
979 5257 1103 5330 μέν,
1130 5269 1184 5314 et
1213 5257 1340 5314 mox
1369 5257 1577 5330 primus
1597 5258 1764 5330 codex
1796 5257 1998 5330 Regius

436 5276 580 5316 Felc.
613 5276 848 5327 primus,
883 5276 946 5311 το
975 5276 1102 5380 ξεν,
1130 5276 1184 5314 ει
1213 5277 1340 5314 mox
1369 5276 1577 5330 prunus
1597 5276 1764 5312 COGCX
1796 5276 1997 5324 neglus

434 5342 489 5387 et
535 5332 786 5398 Seguer.,
836 5329 899 5382 τὸ
944 5329 974 5381 δ
1034 5328 1122 5383 διὰ
1151 5330 1230 5392 τό,
1265 5327 1997 5394 οῑο.Ιί(1εωίι)ἰόθηι,αὺτοῦ

439 5401 595 5468 σῶμα
622 5399 950 5469 γέγραπται.
981 5399 1054 5451 Οὐ
1080 5400 1192 5470 γὰρ
1221 5402 1299 5455 ἐν.

503 5470 615 5591 (68)
643 5467 859 5524 Primus
877 5471 1045 5554 codex
1078 5467 1299 5553 Regius,
1330 5469 1645 5540 Seguerian.
1685 5467 1996 5550 Golilerian.

557 5541 656 5591 elc.
692 5540 745 5591 4.
775 5536 843 5591 ἦν
876 5557 908 5591 η
931 5540 1138 5591 Μαρία.
1172 5540 1371 5591 Remus
1405 5541 1697 5591 secundus.
1737 5538 1996 5591 Basnlien-

437 5550 492 5592 et
515 5536 656 5592 Felc.
692 5540 745 5598 4.
775 5536 843 5610 ἦν
876 5540 1138 5610 ήΜαρία.
1162 5536 1371 5608 Regius
1405 5536 1697 5610 secundus,
1737 5537 2000 5610 Basilien-

439 5611 517 5682 sis
548 5619 604 5660 et
631 5606 982 5682 Anglicanus,
1007 5606 1075 5681 ἦν
1105 5614 1140 5682 ἡ
1173 5606 1303 5678 ἁγία
1327 5611 1535 5682 Μαρία.
1575 5609 1776 5682 ibidem
1804 5606 1998 5682 Regius

443 5681 650 5753 primus
691 5687 745 5730 et
782 5677 1041 5753 segnem,
1068 5677 1158 5735 Διδ
1199 5677 1293 5736 καὶ
1325 5677 1556 5753 ἀνάγκη.
1581 5678 1640 5734 ln
1666 5677 1786 5733 aliis
1814 5689 1864 5735 et
1890 5677 2000 5734 edi-

442 5749 512 5804 tis
549 5747 698 5803 deest
726 5751 837 5802 καί.

2089 1924 2460 1996 ἐργασάμενον
2498 1923 2701 1996 Κύριον
2739 1927 2850 1988 τοῖς
2873 1925 3132 1996 κτίσμασι
3183 1923 3658 1996 συναριθμοῦντες,

2087 2021 2185 2089 τὴν
2211 2019 2380 2091 αὐτὴν
2404 2019 2630 2083 ἐκείνοις
2656 2019 3036 2088 άσύγγνωστον
3069 2019 3385 2073 ὑποίσονται
3415 2018 3526 2088 (65)
3555 2034 3660 2072 κα-

2087 2113 2334 2184 ταδίκην.

2158 2206 2244 2260 56.
2272 2205 2418 2258 Ἔδει
2457 2203 2513 2258 δὲ
2553 2204 2848 2268 ἀκούοντας
2896 2203 2998 2274 μὲν
3050 2205 3266 2268 αὐτοὺς,
3314 2204 3460 2274 Ἐγὼ
3501 2203 3602 2257 καὶ
3627 2206 3663 2257 ό

2086 2297 2288 2368 Πατὴρ
2333 2297 2401 2352 ἓν
2431 2298 2656 2366 ἐσμεν,
2704 2297 2832 2366 μίαν
2878 2297 3010 2368 όρᾷν
3037 2297 3149 2368 ίτὴν
3193 2296 3421 2368 θεότητα
3463 2297 3558 2348 καὶ
3598 2294 3662 2347 τὸ

2087 2392 2216 2445 ίδιον
2255 2389 2365 2462 (66)
2406 2389 2508 2461 τῆς
2525 2388 2713 2454 οὐσίας
2749 2387 2842 2444 τοῦ
2874 2389 3084 2462 Πατρός
3108 2405 3122 2421 ⁸
3154 2386 3450 2450 ἀκούοντας
3485 2386 3541 2439 δὲ
3571 2385 3658 2452 τὸ,

2086 2484 2374 2547 ἓκλαυσε,
2407 2483 2502 2535 καὶ
2535 2482 2604 2536 τὰ
2627 2482 2809 2553 ὃμοια,
2832 2480 3006 2535 ταῦτα
3032 2479 3128 2534 τοῦ
3157 2480 3404 2551 σώματος
3429 2479 3535 2532 ἴδια
3568 2477 3660 2534 λέ-

2086 2589 2222 2642 γειν,
2245 2572 2478 2644 μάλιστα
2501 2573 2583 2626 ὄτι
2613 2573 2670 2624 ἐν
2691 2571 2936 2644 ἐκατέρῳ
2951 2571 3153 2625 τούτων
3177 2571 3356 2642 ἔχουσι
3371 2570 3467 2643 τὴν
3492 2570 3662 2640 ἀφορ-

2090 2667 2195 2737 μὴν
2217 2664 2457 2734 εὔλογον,
2485 2664 2566 2718 ὅτι
2583 2664 2651 2719 τὰ
2667 2667 2763 2736 μὲν
2788 2665 2898 2736 (67)
2927 2664 3002 2728 ὡς
3029 2664 3156 2734 περὶ
3176 2663 3310 2717 Θεοῦ
3332 2663 3658 2734 γέγραπται,

2085 2757 2154 2811 τὰ
2185 2758 2242 2811 δὲ
2271 2757 2359 2810 διὰ
2390 2757 2450 2810 τὸ
2483 2755 2822 2828 ἀνθρώπινον
2852 2757 3014 2810 αὑτοῦ
3063 2755 3218 2826 σῶμα
3243 2754 3476 2824 λέγεται.
3522 2755 3661 2808 υὺδὲ

2087 2848 2195 2920 γὰρ
2217 2850 2275 2902 ἐν
2305 2849 2582 2920 ἀσωμάτῳ
2609 2847 2678 2902 τά
2709 2849 2800 2902 τοῦ
2832 2847 3083 2919 σώματος
3105 2847 3170 2901 ἂν
3205 2847 3466 2916 ἐγεγόνει,
3503 2848 3550 2898 εί
3583 2847 3661 2917 μὴ

2088 2942 2245 3012 σῶμα
2268 2940 2450 2995 λαϐὼν
2479 2935 2548 3012 ἦν
2580 2939 2818 3013 φθαρτὸν
2841 2940 2933 2994 καὶ
2967 2939 3157 3010 θνητόν
3175 2956 3188 2969 ·
3218 2938 3384 3009 θνητὴ
3409 2939 3516 3010 γὰρ
3531 2933 3600 3008 ἦν
3625 2941 3658 2998 ἠ

2087 3033 2216 3102 ἁγία
2237 3031 2346 3103 (68)
2365 3031 2570 3103 Μαρία,
2589 3031 2648 3096 ἐξ
2661 3027 2729 3103 ἧς
2743 3027 2811 3102 ἦν
2834 3029 2926 3082 καὶ
2943 3028 3003 3081 τὸ
3027 3027 3202 3099 σῶμα.
3225 3026 3316 3078 Διὸ
3335 3027 3428 3080 καὶ
3446 3026 3660 3096 ἀνάγκη

2089 3127 2146 3178 ἐν
2169 3125 2432 3194 πάσχοντι
2458 3122 2692 3194 σώματι,
2728 3122 2822 3175 καὶ
2855 3120 3113 3186 κλαίοντι,
3149 3119 3242 3174 ita).
3274 3119 3533 3188 κάμνοντι
3569 3134 3663 3186 γε-

2090 3215 2314 3287 νομένου
2349 3215 2536 3280 αὐτοῦ,
2584 3213 2748 3267 αὐτοῦ
2780 3211 3032 3281 λέγεσθαι
3087 3210 3222 3283 μετά
3271 3209 3364 3264 τοῦ
3412 3209 3662 3280 σώματος

2091 3307 2184 3361 καὶ.
2215 3304 2408 3370 ταῦτα,
2439 3305 2582 3377 άπερ
2609 3305 2755 3358 ἐστὶν
2787 3305 2892 3358 ῐδια
2929 3305 3029 3372 τῆς
3060 3302 3280 3374 σαρκός.
3334 3301 3402 3354 Εἴ
3447 3318 3507 3353 τε
3547 3299 3661 3353 τοί-

2091 3414 2187 3450 νυν
2219 3397 2327 3468 (69)
2355 3395 2604 3460 ἐκλαυσε,
2639 3395 2733 3448 καὶ
2768 3393 3063 3466 ἐταράχθη,
3094 3394 3193 3446 οὐκ
3228 3387 3295 3463 ἦν
3320 3393 3349 3444 6
3385 3391 3555 3458 Λόγος
3580 3430 3594 3452 ,

2093 3488 2264 3558 Λόγος
2290 3489 2457 3552 ἐστὶν,
2489 3490 2518 3542 6
2547 3488 2748 3542 κλαίων
2782 3489 2876 3542 καὶ
2915 3485 3338 3558 ταρασσόμενος,
3384 3481 3520 3536 ἀλλὰ
3562 3481 3662 3553 τῆς

2096 3577 2295 3649 σαρκὸς
2319 3577 2446 3632 ἴδιον
2472 3573 2540 3649 ἦν
2575 3577 2732 3630 τοῦτο
2753 3594 2769 3609 ο
2795 3579 2842 3630 εί
2874 3577 2930 3630 δὲ
2961 3577 3055 3630 καὶ
3089 3573 3424 3649 παρεκάλεσε
3463 3571 3664 3644 παρελ-

2097 3669 2209 3723 θεῖν
2245 3670 2305 3722 τὸ
2340 3671 2618 3740 ποτήριον,
2665 3669 2766 3724 οὐκ
2797 3665 2865 3742 ἦν
2891 3671 2925 3740 ἡ
2955 3669 3144 3738 θεότης
3169 3669 3204 3740 ή
3246 3667 3358 3737 (70)
3387 3665 3660 3729 δειλιῶσα,

2096 3761 2232 3814 ἀλλὰ
2258 3761 2358 3832 τῆς
2390 3753 2802 3833 ἅνθρωπότητος
2832 3757 2899 3834 ἦν
2928 3760 3058 3814 ἴδιον
3082 3761 3174 3815 καὶ
3197 3758 3352 3813 τοῦτο
3380 3757 3442 3811 τὸ
3467 3755 3660 3820 πάθος,

2093 3852 2187 3905 καὶ
2221 3852 2283 3906 τὸ
2307 3852 2504 3921 λέγειν·
2545 3853 2678 3907 Ἵνα
2707 3851 2766 3906 τί
2787 3868 2865 3922 με
2896 3850 3322 3922 ἐγκατέλιπεςς
3369 3847 3448 3912 ὡς
3495 3845 3662 3902 αὑτοῦ

2098 3945 2279 4018 μέντοι
2308 3944 2489 4010 πάλιν,
2516 3944 2659 4000 κατὰ
2686 3945 2754 3999 τὰ
2778 3946 2837 4000 ἐν
2877 3948 2990 4009 τοῖς
3033 3942 3338 4016 ἔμπροσθεν
3369 3941 3660 4013 εἰρημένα,

2096 4035 2270 4088 καίτοι
2295 4034 2459 4106 μηδὲν
2474 4035 2796 4105 πάσχοντος,
2814 4035 3030 4106 ἀπαθὴς
3057 4033 3164 4106 γάρ
3178 4029 3245 4106 ἦν
3275 4035 3304 4087 6
3327 4031 3497 4102 Λόγος
3523 4031 3660 4100 (71),

2097 4127 2376 4198 εἰρήκασιν
2403 4127 2550 4197 ὅμως
2589 4129 2636 4180 οἱ
2658 4125 3038 4196 εὐαγγελισταὶ
3061 4124 3233 4179 ταῦτα
3252 4141 3266 4155 ’
3301 4123 3422 4176 ἐπεὶ
3452 4121 3546 4174 καὶ
3567 4121 3664 4174 άν-

2098 4216 2314 4290 θρωπος
2343 4217 2563 4287 γέγονεν
2593 4220 2621 4272 6
2641 4217 2844 4290 Κύριος
2867 4216 3001 4289 (⁸72),
3028 4217 3123 4271 καὶ
3162 4216 3238 4282 ὡς
3271 4213 3422 4287 παρὰ
3449 4210 3662 4284 ἀνθρὼο

2099 4327 2202 4363 που
2233 4310 2439 4378 γίνεται
2478 4310 2574 4366 καὶ
2623 4310 2838 4380 λέγεται
2863 4309 3058 4376 ταῦτα,
3090 4309 3179 4364 ἴνα
3223 4308 3352 4374 καὶ,
3379 4304 3552 4360 ταῦτα
3593 4304 3663 4358 τὰ

2175 4627 2284 4700 (69)
2317 4628 2407 4684 Sic
2439 4625 2641 4700 Regius
2662 4626 2903 4700 primus.
2934 4622 3158 4694 Seguer.
3182 4619 3400 4677 Gobler.
3429 4627 3484 4674 et
3513 4617 3642 4674 Felc

2107 4701 2159 4756 i.
2185 4696 2375 4753 'At'alii
2405 4708 2458 4753 et
2483 4696 2633 4762 editi,
2660 4697 2724 4749 Et
2747 4696 2952 4751 τοίνυν.

2173 4769 2284 4839 (70)
2315 4769 2406 4824 Sic
2432 4759 2870 4839 Regiusprimys
2901 4773 2955 4839 et
2993 4763 3220 4839 Seguer.
3257 4759 3360 4839 Alii
3393 4767 3594 4839 autem‘
3611 4767 3668 4811 et

2104 4827 2232 4894 editi
2329 4827 2607 4909 orgittuvnt.
2637 4827 2766 4909 Ilo:
2790 4834 2999 4909 Beg’ius
3022 4827 3262 4908 primus,
3297 4827 3667 4909 ὅρμοι-..09-

2104 4892 2239 4965 bler.
2284 4892 2350 4963 ἐι
2390 4907 2534 4962 Felc.
2595 4907 2646 4974 Ι,
2689 4892 2936 4977 ἦνῖδιᾱν.
2983 4892 3038 4977 In
3085 4892 3295 4977 cagteris
3333 4892 3570 4977 e_t'_e_ditis
3596 4892 3669 4977 ἦν

2101 4980 2270 5034 deest.
2303 4979 2610 5034 Goblerian.
2633 4969 2936 5032 'et'Felcm.
2982 4975 3010 5027 1
3054 4972 3312 5028 omittunt
3339 4969 3540 5024 ibidem
3569 4971 3669 5022 καὶ

2100 5066 2272 5103 τουτο.

2171 5119 2283 5186 (71)
2315 5117 2527 5192 βοείαις
2559 5118 2768 5192 primus
2806 5124 2863 5170 et
2923 5113 3171 5192 §eguer.,
3220 5108 3458 5192 ἀπαθὴς.
3480 5107 3588 5192 γὰρ
3615 5108 3668 5192 ’ὁ

2101 5177 2289 5258 Λόγος.
2315 5177 2590 5257 Ιίάῶηιιυὲ
2616 5188 2815 5244 ibidem
2837 5193 2891 5241 et
2919 5177 3164 5246 Gobler.,
3183 5197 3246 5236 ac
3263 5177 3405 5235 Felc.
3436 5178 3490 5242 1,
3514 5177 3670 5248 εἰρή-

2101 5259 2505 5332 κάσιν-ὁμοίως.
2540 5273 2574 5314 ’1
2624 5327 2636 5332 _
2875 5323 2906 5332 ,_
3195 5320 3207 5332 .
3397 5320 3410 5332 .
3437 5319 3481 5332 ..
3505 5316 3518 5332 .

2173 5329 2287 5402 (72)
2321 5319 2526 5402 Regius
2541 5327 2766 5402 primus
2790 5335 2844 5402 et
2874 5323 3124 5402 _S_eguer.,
3139 5320 3364 5402 γέγονεν
3387 5320 3416 5372 6
3437 5319 3664 5402 Κύριος.

2105 5387 2322 5453 ἰηόίῖἱε
2349 5387 2586 5453 (δι”θόίιίὲ
2625 5397 2826 5451 deest6
2876 5387 3340 5464 Κύριοςέιωόειη
3393 5387 3669 5464 βιογίνε-

2103 5486 2215 5540 ται,
2237 5469 2409 5540 Basil.
2448 5469 2610 5540 liabet
2640 5466 2866 5540 γέγονε.
2890 5457 3016 5540 Mog
3067 5462 3269 5540 Regius
3301 5457 3671 5540 secun~dus_et

2104 5527 2293 5598 BasiL,
2318 5538 2577 5607 κουφίσας
2593 5527 2794 5598 αὐτοῖς.
2814 5535 2958 5591 Felc.
3055 5527 3330 5607 κουφίσας
3354 5527 3667 5607 αὐτῇςκιδί-

2103 5609 2222 5662 dem
2252 5598 2452 5678 Regius
2478 5598 2704 5677 primus,
2727 5606 2948 5676 Seguer.
2972 5598 3256 5678 Gobler.ct
3281 5599 3422 5657 Felc.
3449 5598 3668 5665 1,ἐλευ-

2105 5678 2288 5750 θερίαν
2319 5674 2494 5750 αὐτὴν
2516 5678 2718 5733 τούτων
2755 5674 3156 5744 κατασκευάσῃ.
