3944 6222
407 345 514 401 MS

971 342 1030 400 S.
1071 342 1440 398 ATHANASH
1480 341 1630 398 OPP.
1679 343 1864 398 PARS
1901 343 1942 397 l.
1983 375 2051 384 —
2080 344 2456 403 lllSTORlCA
2493 348 2579 401 ΕΤ
2615 348 3031 405 DOGMATICA.

3516 357 3548 409 4
3559 356 3624 410 Η

408 458 630 513 animati
686 468 927 525 voc-mus,
978 468 1206 515 mortem
1257 471 1651 531 contempsere,
1703 472 1763 516 ut
1806 463 1966 517 etiam

2074 465 2248 536 κάριοι
2279 467 2564 520 ἀπόστολοι
2595 468 2710 538 μετ’
2736 469 2896 522 αὑτὸν
2919 469 3090 532 οὕτως
3137 470 3202 523 ἐκ
3243 471 3349 523 τῶν
3373 472 3626 526 τοιούτων

410 548 547 602 nihil
576 547 643 603 de
673 547 946 618 judicibus
969 561 1223 605 curarent
1245 553 1379 616 suis,
1409 553 1501 607 sed
1531 554 1789 607 audacter
1826 555 1973 617 dice-

406 648 528 694 rent
554 659 566 694 :
601 639 822 695 Obedt're
855 653 1055 711 oportet
1087 643 1196 697 Deo
1218 647 1383 713 magis
1415 660 1572 713 quam
1591 643 1884 699 hominibus
1903 643 1969 698 ἰ.

405 730 514 785 Alii
567 732 695 786 item
742 734 914 788 sancti
962 743 1232 805 martyres
1276 745 1447 802 tanta,
1473 734 1624 790 fuere
1667 734 1887 788 ﬁdentia
1921 743 1975 788 et

407 821 748 889 fortitudine,
791 832 850 878 ut
895 840 953 881 se
994 827 1174 894 potius
1219 825 1274 879 iu
1323 825 1485 879 vitam
1538 824 1772 895 migrare
1809 840 1969 894 quam

405 924 632 967 mortem
682 913 793 982 pati
837 914 1232 970 existimarent.
1273 911 1464 968 Nonne
1508 913 1669 983 igitur
1714 927 1972 983 perquam

405 1005 704 1058 absurdum
737 1011 821 1058 est
848 1020 1129 1060 servorum
1158 1004 1319 1059 Verbi
1346 1004 1708 1060 constantiam
1735 1003 1972 1058 admira-

405 1099 486 1162 ri,
537 1098 638 1166 ipsi
685 1108 863 1152 autem
908 1096 1088 1152 Verbo
1143 1096 1415 1151 ascribere
1464 1095 1828 1158 timiditatem,
1876 1109 1973 1164 per

407 1186 551 1256 quod
581 1195 808 1240 mortem
846 1187 924 1241 illi
969 1187 1366 1257 despexerunt?
1414 1184 1647 1240 Proinde
1675 1200 1742 1240 ex
1774 1184 1973 1240 invicta

404 1283 720 1330 sanctorum
766 1287 1063 1347 martyrum
1116 1276 1289 1332 animi
1339 1275 1709 1346 magnitudine
1765 1273 1972 1330 clarum

403 1374 491 1421 est
530 1381 636 1420 non
687 1366 1020 1422 divinitatem
1057 1369 1230 1436 ipsam
1282 1367 1550 1433 timuisse,
1596 1367 1691 1422 sed
1729 1375 1971 1422 nostram

376 1456 745 1530 ,timiditatem
788 1455 958 1512 fuisse
1015 1472 1046 1510 a
1085 1455 1366 1512 Salvatore
1413 1456 1699 1510 sublatam.
1733 1453 1805 1510 Ut
1825 1455 1969 1508 enim

377 1537 581 1608 imorte
605 1555 868 1612 mortem,
905 1556 962 1603 et
1002 1547 1256 1602 humanis
1299 1546 1455 1602 lactis
1501 1547 1740 1602 humana
1787 1546 1968 1600 omnia

392 1637 602 1703 delevit
641 1653 656 1690 :
691 1637 762 1692 ita
797 1638 897 1692 illa.
915 1653 1014 1692 sua
1058 1639 1344 1693 timiditate
1387 1646 1629 1692 nostram
1677 1638 1968 1708 prostravit

373 1712 376 1715 1
405 1727 766 1791 timiditatem,
798 1726 1029 1798 fecitque
1058 1739 1115 1781 ut
1144 1727 1391 1782 homines
1431 1736 1660 1781 mortem
1713 1742 1822 1781 non
1853 1742 1968 1781 am-

2073 556 2262 624 φωνῶν
2299 558 2660 629 κατεφρόνουν
2679 559 2772 613 τοῦ
2797 559 3046 626 θανάτου,
3068 560 3143 625 ὡς
3161 563 3294 634 μηδὲ
3321 563 3626 634 φροντίζειν

2069 647 2178 700 τῶν
2200 649 2592 721 ἀνακρινόντων
2622 651 2840 715 αὐτοὺς,
2867 652 2998 706 ἀλλά
3045 652 3243 722 λέγειν’
3277 657 3625 724 Πειθαρχεῖν

2070 735 2164 789 δεῖ
2208 736 2329 802 Θεῷ
2372 737 2610 808 μᾶλλον
2666 739 2706 808 ἢ
2738 737 3070 806 ἀνθρώποις
3095 757 3108 772 ·
3140 741 3278 794 οἵτε
3308 740 3456 795 ἄλλοι
3489 741 3623 812 (84⁹)

2071 829 2217 897 ἀγιοι
2248 829 2519 900 μάρτυρες
2539 829 2708 894 οὕτως
2745 831 3026 903 ἐθάρρουν,
3052 832 3127 895 ὡς
3151 833 3346 903 μᾶλλον
3388 833 3627 902 νομίζειν

2071 921 2265 984 αὐτοὺς
2289 923 2368 984 εἰς
2390 922 2531 992 ζωὴν
2560 923 2920 993 μεταϐαίνειν,
2960 923 3004 995 ἢ-
3045 924 3272 979 θάνατον
3311 926 3624 998 ὑπομένειν.

2071 1011 2195 1074 Πῶς
2217 1008 2308 1065 οὖν
2337 1014 2436 1066 οὑκ
2466 1014 2662 1067 ἄτοπον
2703 1015 2808 1068 τῶν
2840 1015 2938 1086 μὲν
2963 1015 3303 1085 θεραπόντων
3332 1017 3423 1070 τοῦ
3452 1017 3625 1085 Λόγου

2073 1099 2370 1171 θαυμάζειν
2401 1103 2498 1173 τὴν
2534 1104 2783 1173 ἀνδρείαν
2803 1146 2818 1170 ,
2852 1107 3012 1160 αὑτὸν
3042 1107 3100 1160 δὲ
3143 1108 3234 1160 τὸν
3257 1107 3425 1176 Λόγον
3451 1108 3628 1177 λέγειν

2069 1191 2289 1262 ὃειλιᾷν,
2318 1192 2384 1245 δι’
2415 1193 2474 1245 ὃν
2495 1194 2734 1248 κάκεῖνοι
2771 1195 2864 1248 τοῦ
2897 1195 3123 1251 θανάτου
3149 1197 3258 1268 (85)
3291 1197 3629 1270 κατεφρόνη-

2072 1297 2199 1347 σαν;
2246 1281 2340 1334 Ἐκ
2360 1281 2415 1334 δέ
2443 1283 2541 1354 τῆς
2565 1283 2674 1340 τῶν
2700 1284 2868 1353 ἁγίων
2900 1285 3191 1358 μαρτύρων
3224 1270 3630 1359 καρτερικωτά-

2067 1385 2168 1440 της
2204 1369 2508 1439 προθέσεως
2533 1373 2626 1426 καὶ
2657 1373 2906 1444 ἀνδρείας
2932 1375 3221 1438 δείκνυται,
3264 1377 3338 1439 ὡς
3366 1377 3464 1430 οὐκ
3495 1374 3559 1448 ἦν
3591 1379 3626 1448 ή

2071 1457 2258 1529 θεότης
2280 1459 2550 1525 δειλιῶσα,
2581 1461 2715 1514 ἀλλά
2735 1462 2832 1532 τὴν
2851 1465 2882 1532 ἡ
2893 1462 3006 1533 μῶν
3044 1463 3242 1517 δειλίαν
3271 1459 3338 1534 ἦν
3367 1464 3630 1537 ἀφαιρού-

2070 1566 2230 1620 μενος
2261 1550 2289 1601 ὁ
2317 1551 2526 1622 Σωτήρ.
2571 1553 2658 1615 Ὠς
2684 1552 2791 1624 γάρ
2824 1553 2915 1606 τὸν
2945 1553 3171 1608 θάνατον
3193 1555 3406 1626 Θανάτῳ
3425 1557 3630 1628 κατήρο

2067 1657 2232 1712 γησε,
2274 1643 2368 1696 καὶ
2413 1642 2765 1714 ἀνθρωπίνως
2787 1645 2962 1698 πάντα
2987 1645 3056 1698 ea:
3108 1645 3448 1718 ἀνθρώπινα,
3488 1647 3630 1701 οὕτω

2066 1735 2132 1803 τῇ
2156 1732 2264 1804 (86)
2290 1733 2615 1806 νομιζομένῃ
2638 1734 2806 1805 δειλίᾳ
2830 1735 2925 1806 τὴν
2949 1736 3102 1808 ἡμῶν
3122 1737 3320 1790 δειλίαν
3345 1739 3627 1810 ἀφῃρεῖτο,

403 1816 547 1887 plius
578 1797 1012 1872 reformidarent.
1044 1816 1229 1887 Itaque
1257 1817 1440 1872 omnia
1471 1817 1560 1872 illa
1591 1817 1754 1872 simul
1779 1825 1833 1872 et
1860 1817 1970 1872 aie-

2074 1824 2164 1876 καὶ
2197 1824 2460 1895 πεποίηκε
2493 1825 2686 1896 μηκέτι
2727 1826 3004 1895 φοϐεῖσθαι
3026 1827 3150 1890 τοὺς
3190 1827 3505 1900 ἀνθρώπους
3536 1830 3630 1883 τὸν

405 1909 500 1963 bat
539 1918 594 1964 et
634 1910 916 1967 alliciebat.
963 1909 1225 1966 Humana:
1261 1911 1406 1966 enim
1447 1920 1654 1966 naturae
1687 1920 1841 1966 erant
1870 1911 1974 1964 bu-

400 2001 639 2070 jusmodi
683 2016 838 2057 voces
875 2021 888 2056 :
929 2001 1186 2056 Trauseat
1212 2002 1378 2070 calix,
1419 2012 1504 2067 et,
1545 2003 1739 2074 thuid
1768 2019 1847 2057 me
1885 2003 1974 2058 de-

2073 1914 2316 1970 θάνατον.
2341 1915 2568 1984 Ἔλεγεν.
2592 1912 2684 1970 οὖν
2709 1917 2879 1971 ταῦτα
2905 1919 2997 1972 καὶ
3023 1919 3138 1990 ἅμα
3168 1920 3360 1974 ἐποίει.
3399 1920 3633 1992 Ἀνθρὼ-

2072 2026 2200 2065 nutat
2242 2009 2339 2080 μέν
2382 2008 2491 2080 γὰρ
2529 2005 2600 2080 ἦν
2631 2008 2696 2061 τὸ
2715 2008 2922 2078 λέγειν·
2951 2010 3295 2078 Παρελθέτω
3344 2012 3408 2066 τὸ
3451 2012 3633 2078 ποτή-

404 2091 704 2160 reliquisti?
742 2091 836 2145 sed
869 2091 985 2160 ipse
1013 2091 1194 2146 divine
1228 2092 1492 2148 eiliciebat
1529 2103 1588 2147 ut
1620 2093 1973 2151 soldeliceret

2074 2119 2218 2169 ριον,
2244 2101 2356 2164 καὶ,
2391 2103 2513 2154 Ἵνα
2534 2101 2590 2154 τί
2609 2118 2686 2170 με
2715 2101 3099 2170 ἐγκατέλιπες
3124 2119 3141 2165 ;
3181 2102 3373 2168 θεῖκῶς
3404 2105 3459 2157 δὲ
3483 2106 3511 2157 ὁ
3534 2105 3633 2156 αὑο

403 2192 458 2236 et
491 2181 692 2236 mortui
727 2181 1130 2237 reviviscerent.
1172 2182 1230 2238 Si
1278 2184 1406 2239 item
1451 2193 1512 2238 ut
1551 2184 1715 2238 homo
1753 2185 1969 2250 aiebat,

2071 2190 2160 2253 τὸς
2177 2191 2347 2249 ἐποίει
2369 2191 2457 2244 τὸν
2481 2191 2629 2260 ἥλιον
2656 2191 2948 2255 ἐκλείπειν,
2978 2194 3209 2257 καὶτοὺς
3243 2196 3468 2265 νεκροὺς
3491 2195 3634 2262 ἐγεί-

406 2272 563 2329 Nunc
600 2276 780 2329 anima
817 2292 932 2330 mea
969 2277 1179 2331 turbata
1221 2289 1298 2334 est
1331 2279 1408 2347 ⁸²;
1448 2279 1586 2334 dixit
1630 2280 1852 2350 pariter,
1913 2290 1972 2335 ut

2074 2283 2274 2356 ρεσθαι.
2312 2281 2480 2337 Πάλιν
2510 2299 2570 2335 τε
2597 2282 2770 2351 λέγων
2798 2282 3147 2354 ἀνθρωπίνως
3166 2323 3183 2348 ,
3221 2283 3348 2338 Νῦν
3377 2285 3414 2350 ἠ
3458 2282 3630 2353 ψυχή

403 2363 547 2421 Deus
582 2384 596 2420 :
626 2366 945 2423 Potestatem
966 2371 1128 2424 habeo
1165 2371 1390 2440 ponendi
1421 2373 1656 2426 animam
1697 2387 1892 2432 meam.
1919 2383 1969 2427 et

2074 2393 2181 2443 μου
2207 2374 2567 2443 τετάρακται·
2599 2374 2751 2443 ἔλεγε
2776 2376 2870 2428 καὶ
2904 2375 3015 2447 (87)
3043 2374 3236 2439 θεῖκῶς
3261 2391 3274 2404 ·
3316 2360 3634 2439 Ἐξοιισίαν

401 2467 708 2528 potestatem
734 2462 894 2516 habeo
935 2463 1123 2517 iterum
1150 2465 1386 2520 sumendi
1410 2482 1524 2520 eam
1547 2464 1610 2518 ⁸⁸.
1660 2464 1973 2522 Perturbari

2074 2467 2184 2536 ἔχω
2236 2467 2421 2520 θεῖναι
2449 2467 2562 2535 τὴν
2585 2466 2795 2536 ψυχήν
2821 2485 2938 2537 μου
2965 2509 2982 2534 ,
3030 2467 3128 2523 καὶ
3171 2467 3459 2532 ἐξουσίαν
3513 2468 3634 2536 ἔχω

403 2552 544 2606 enim
578 2554 759 2610 carnis
805 2555 1083 2625 proprium
1113 2566 1196 2611 est
1229 2575 1241 2610 :
1274 2557 1366 2611 sed
1411 2567 1730 2626 potestatem
1767 2557 1966 2612 habere

2074 2555 2254 2608 πάλιν
2282 2555 2490 2609 ,λαϐεῖν
2511 2555 2722 2623 αὐτήν.
2760 2557 2832 2610 Τὸ
2871 2557 2968 2628 μὲν
2996 2557 3102 2629 γὰρ
3127 2557 3485 2628 ταράττεσθαι
3527 2555 3631 2626 τῆς

403 2640 638 2696 animam
673 2657 773 2698 suo
805 2644 1031 2700 arbitrio
1058 2645 1290 2714 ponendi
1323 2654 1377 2701 et
1405 2647 1676 2712 sumendi,
1705 2647 1758 2702 id
1789 2647 1970 2718 utique

2074 2647 2270 2717 σαρκὸς
2312 2646 2437 2702 ἴδιον
2467 2644 2534 2719 ἦν
2557 2647 2688 2719 (88),
2715 2647 2775 2701 τὸ
2805 2648 2860 2701 δὲ
2881 2648 3128 2713 ἐξουσίαν
3163 2648 3304 2718 ἔχειν
3341 2649 3508 2702 θεῖναι
3537 2633 3632 2700 καὶ

403 2749 510 2788 non
559 2733 837 2789 hominum
859 2777 874 2803 ,
911 2737 1006 2792 sed
1037 2739 1292 2807 potentiae
1328 2735 1496 2792 \(erbi.
1538 2739 1814 2808 proprium
1865 2747 1967 2796 est.

2074 2737 2270 2800 λαϐεῖν,
2313 2739 2399 2791 ὅτε
2436 2737 2703 2808 βούλεται,
2739 2739 2836 2811 τὴν
2862 2739 3055 2812 ψυχὴν,
3089 2741 3270 2794 οὐκέτι
3316 2740 3471 2793 τοῦτο
3501 2740 3633 2793 ἴδιον

402 2824 515 2881 Nec
549 2827 693 2880 enim
722 2829 886 2883 homo
917 2845 1018 2883 sua
1059 2837 1348 2896 potestate,
1378 2829 1470 2884 sed
1499 2841 1706 2885 natura:
1737 2832 1972 2886 necessi-

2074 2829 2390 2901 ἀνθρώπων,
2415 2830 2550 2883 ἀλλά
2578 2831 2679 2900 τῆς
2702 2830 2794 2884 τοῦ
2821 2831 2995 2898 Λόγου
3019 2830 3294 2901 δυνάμεώς
3313 2830 3477 2882 ἐστιν.
3507 2831 3636 2882 Ἀν-

404 2923 512 2968 tate
545 2915 851 2987 invitusque
883 2917 1114 2972 moritur
1149 2917 1292 2988 (84).
1313 2918 1382 2973 At
1414 2917 1696 2985 Dominus,
1730 2922 1823 2991 qui
1858 2923 1973 2992 ipse

2074 2921 2287 2992 θρωπος
2312 2921 2419 2993 γὰρ
2449 2922 2510 2978 οὐ
2544 2923 2661 2981 κατ’
2691 2922 2824 2976 ἰδίαν
2858 2921 3124 2986 ἐξουσίαν,
3155 2921 3270 2974 ἀλλ’
3302 2921 3514 2994 ἀνάγκῃ
3534 2921 3636 2991 φύ-

401 3005 619 3074 quidem
648 3007 970 3064 immortalis
1000 3022 1084 3064 est
1105 3052 1120 3076 ,
1157 3011 1251 3066 sed
1284 3011 1566 3065 mortalem
1605 3021 1973 3082 assumpserat

2077 3031 2213 3078 σεως
2239 3014 2332 3068 καὶ
2370 3013 2444 3085 μὴ
2477 3013 2644 3067 θέλων
2669 3014 3032 3084 ἀποθνήσκει·
3061 3014 3088 3066 ὁ
3116 3012 3416 3084 δέΚύριος,
3443 3013 3635 3066 ἀθάνα-

400 3095 562 3168 481
588 3113 827 3165 carnem,
844 3109 1160 3169 potestatem
1189 3101 1394 3167 habuit,
1412 3100 1972 3167 utDeus,discedendi

2074 3127 2164 3172 τος
2187 3109 2346 3173 αὐτὸς
2374 3108 2448 3164 ὣν
2483 3109 2616 3180 (89),
2646 3108 2824 3180 σάρκα
2853 3108 2908 3163 δὲ
2931 3107 3126 3180 θνητὴν
3159 3107 3295 3182 ἔχων
3320 3107 3454 3172 ,ἐπ’
3485 3107 3635 3171 ἐξου-

403 3203 436 3242 a
468 3203 715 3258 corpore,
747 3189 985 3261 illudque
1017 3191 1213 3247 iterum
1261 3193 1608 3258 assumendi,
1639 3208 1761 3248 cum
1787 3195 1970 3250 volue-

402 3281 495 3334 rit.
530 3279 648 3346 Qua
686 3280 753 3336 de
785 3296 845 3336 re
881 3281 956 3336 ita
997 3283 1193 3338 cecinit
1238 3283 1407 3338 David
1442 3303 1456 3339 :
1491 3283 1616 3338 Non
1649 3285 1970 3356 derelinques

405 3375 635 3428 animam
680 3392 850 3429 meam
897 3378 953 3431 in
991 3377 1194 3446 inferno
1221 3419 1236 3444 ,
1299 3395 1459 3449 neque
1508 3379 1658 3435 dabis
1719 3379 1972 3435 Sanctum

407 3476 555 3519 tuum
584 3466 754 3520 videre
779 3469 1164 3535 corruptionem
1183 3469 1261 3525 ⁸⁸.
1282 3469 1562 3542 Siquidem
1591 3469 1818 3526 decebat
1854 3487 1975 3528 car-

405 3572 554 3622 nem,
593 3573 716 3629 qua:
759 3560 1095 3630 corruptioni
1139 3569 1259 3616 erat
1295 3563 1551 3629 obnoxia,
1589 3579 1696 3618 non
1741 3565 1974 3634 amplius

405 3665 505 3720 pro
528 3659 721 3706 natura
750 3667 849 3705 sua
879 3652 1158 3708 mortalem
1189 3669 1431 3720 manere,
1469 3655 1563 3710 sed
1594 3665 1812 3726 propter
1837 3656 1973 3711 Ver-

406 3741 560 3807 bum,
604 3743 749 3812 quod
793 3742 940 3797 illam
976 3743 1252 3810 induerat,
1292 3747 1662 3816 corruptionis
1697 3757 1972 3818 expertem

405 3846 552 3888 esse.
585 3829 722 3885 Nam
755 3839 817 3885 ut
856 3831 993 3902 ipse,
1023 3841 1211 3887 nostro
1241 3844 1463 3904 accepto
1497 3851 1746 3905 corpore,
1789 3848 1975 3892 nostra

406 3931 492 3978 est
527 3923 769 3978 imitatus
806 3940 820 3976 :
864 3922 940 3978 ita
978 3937 1101 3987 nos,
1137 3933 1392 3994 suscepto
1422 3924 1618 3994 Verbo,
1655 3927 1976 3984 immortali.-

407 4014 533 4070 tatis
573 4015 813 4085 ejusdem
845 4015 1133 4086 participes
1155 4015 1439 4071 ellicimur.

481 4196 567 4254 58.
609 4199 833 4254 Frustra
861 4215 990 4270 ergo
1021 4200 1335 4256 scandalum
1365 4202 1475 4271 pati
1505 4202 1784 4268 simulant,
1821 4211 1875 4256 et
1901 4202 1980 4256 vi-

409 4289 482 4344 lia
509 4288 575 4344 de
599 4288 776 4346 Verbo
805 4292 1046 4346 sentiunt
1077 4291 1286 4356 Ariani,
1314 4293 1458 4362 quod
1490 4293 1666 4363 ipsum
1697 4294 1980 4363 perturba-

413 4391 526 4436 tum
572 4381 744 4438 fuisse
790 4392 845 4437 et
887 4381 1100 4438 ﬂevisse
1150 4383 1408 4453 scriptum
1447 4384 1537 4439 sit.
1572 4383 1711 4439 Hinc
1738 4384 1879 4440 enim
1911 4399 1980 4438 ne

2077 3211 2192 3267 σίας
2222 3203 2384 3272 εἶχεν,
2413 3202 2488 3265 ὡς
2521 3201 2684 3265 Θεὸς,
2725 3200 2842 3256 ἀπὸ.
2874 3200 2967 3256 τοῦ
3003 3199 3251 3270 σώματος
3282 3198 3634 3269 χωρισθῆναι,

2071 3293 2346 3348 καὶτοῦτο
2390 3293 2551 3346 πάλιν
2577 3290 2884 3354 ἀναλαϐεῖν,
2909 3291 2997 3344 ὅτε
3031 3289 3293 3360 βούλεται.
3339 3287 3475 3359 Περὶ
3517 3288 3639 3340 τού-

2068 3405 2160 3443 του
2185 3386 2278 3443 καὶ
2302 3385 2463 3441 Δαόὶδ
2488 3383 2677 3454 ψάλλει
2701 3401 2714 3415 ·
2751 3385 2878 3436 Οὐκ.
2894 3381 3342 3451 ἐγκαταλείψεις
3375 3378 3488 3446 τὴν
3519 3380 3639 3445 ψυ-

2070 3475 2189 3546 χήν
2207 3492 2325 3544 μου
2348 3477 2435 3541 είς
2457 3473 2610 3542 ᾅδην
2620 3471 2759 3542 (90),
2788 3471 2929 3525 οὐδὲ
2952 3469 3162 3534 δώσεις
3185 3468 3499 3523 τὸνὍσιόν
3521 3484 3637 3524 σου

2073 3567 2219 3620 ἰδεῖν
2246 3563 2594 3635 διαφθοράν.
2634 3564 2880 3634 Ἔπρεπε
2920 3561 3047 3632 γὰρ,
3075 3559 3318 3631 φθαρτὴν
3349 3555 3513 3612 οὖσαν
3539 3560 3654 3628 τὴν.

2073 3660 2270 3731 σάρκα,
2307 3658 2504 3729 μηκέτι
2543 3654 2685 3712 κατά
2721 3653 2825 3726 τὴν
2863 3653 3062 3724 ἑαυτῆς
3102 3651 3259 3722 φύσιν
3297 3651 3488 3721 μένειν.
3512 3647 3639 3718 θνη-

2071 3751 2189 3823 τὴν,
2219 3750 2352 3805 ἀλλά
2370 3749 2457 3804 διὰ
2479 3748 2568 3807 τὸν
2599 3747 2952 3817 ἐνδυσάμενον
2975 3744 3140 3815 αὐτὴν
3163 3743 3330 3811 Λόγον
3364 3741 3636 3812 ἄφθαρτον
3658 3773 3661 3776 -

2072 3841 2366 3912 διαμένειν.
2405 3839 2493 3902 Ὠς
2517 3836 2626 3908 γὰρ
2656 3836 2837 3901 αὐτὸς,
2866 3836 3153 3905 γενόμενος
3179 3835 3234 3886 ἐν
3255 3831 3330 3903 τῷ
3357 3829 3510 3902 ἡμῶν
3543 3829 3638 3882 σώο

2077 3950 2206 4004 ματι
2233 3930 2368 4002 (91),
2395 3930 2464 3984 τὰ
2479 3929 2642 4001 ,ἡμῶν
2674 3929 3003 4000 ἐμιμήσατο,
3042 3926 3210 3989 οὕτως
3257 3926 3450 3994 ἡμεῖς,
3487 3920 3636 3985 δεξά-

2079 4041 2228 4095 μενοι
2250 4022 2429 4086 αὐτὺν,
2453 4022 2551 4092 τῆς
2578 4022 2712 4092 παρ’
2735 4019 2942 4073 ἐκείνου
2999 4015 3480 4090 μεταλαμϐάνομεν
3511 4013 3636 4068 ἀθα-

2077 4115 2303 4179 νασίας..

2147 4206 2234 4261 58.
2262 4204 2454 4276 Μάτην
2498 4203 2677 4258 τοίνυν
2715 4199 3153 4266 σκανδαλίζεσθαι
3201 4193 3633 4268 προσποιοῦνται,

2078 4299 2174 4351 καὶ
2207 4294 2377 4366 μικρά
2404 4292 2617 4347 νοοῦσιν
2652 4292 2701 4346 oi
2735 4291 3129 4364 Ἀρειομανῖται
3165 4287 3292 4361 περ).
3324 4282 3416 4337 τοῦ
3432 4283 3634 4351 Λόγου,

2079 4387 2127 4438 εί
2158 4385 2485 4456 γέγραπται,
2511 4379 2805 4452 ἐταράχθη,
2841 4379 2934 4432 καὶ
2962 4376 3238 4430 ἔκλαυσεν.
3269 4373 3508 4426 Ἐοίκασι
3530 4370 3660 4442 γὰρΔ

412 4473 708 4528 humanum
736 4475 951 4544 quidem
991 4489 1211 4530 sensum
1242 4475 1441 4531 habere
1475 4476 1748 4543 videntur,
1779 4477 1973 4546 quippe

2083 4476 2215 4548 μηδὲ
2241 4473 2584 4545 ἀνθρωπίνην
2607 4471 2857 4542 αἴσθησιν
2880 4469 3042 4538 ἔχειν,
3071 4463 3387 4535 ἀγνοοῦντες
3413 4461 3638 4534 τὴντῶν

411 4567 510 4636 qui
535 4567 816 4622 hominum
849 4568 1099 4637 ignorent
1133 4576 1381 4622 naturam
1421 4575 1477 4621 et
1501 4569 1877 4637 proprietates,
1908 4569 1973 4623 oh

2081 4565 2381 4634 ἀνθρώπων
2436 4563 2596 4634 φύσιν
2645 4563 2739 4616 καὶ
2766 4560 2835 4614 τά
2882 4559 3085 4614 τούτων
3120 4556 3259 4610 ίδιαο
3315 4556 3381 4608 δι’
3427 4552 3639 4622 3.:de-

407 4673 548 4730 qnas
577 4666 722 4712 certe
747 4673 813 4713 eo
839 4659 1010 4728 magis
1055 4658 1400 4713 admirationi
1429 4672 1550 4714 esse
1586 4657 1792 4724 debuit,
1825 4659 1970 4730 quod

2075 4658 2164 4712 λον
2195 4656 2302 4728 (92)
2352 4655 2458 4709 ἔδει
2511 4651 2828 4724 θαυμάζειν,
2883 4651 2965 4704 ὅτι
3013 4651 3074 4703 ὲν
3099 4646 3322 4719 τοιαύτῃ
3360 4643 3641 4716 πασχούσῃ

475 4772 522 4806 ⁸⁸
550 4773 671 4829 Act.
698 4790 753 4839 v,
781 4772 872 4828 29.
947 4774 993 4806 ⁸³
1029 4771 1186 4830 Joan.
1215 4789 1316 4840 ιιι,
1356 4773 1446 4826 27.
1523 4772 1568 4804 ⁸³
1597 4770 1756 4826 Joan.
1785 4790 1840 4840 χ,
1871 4776 1960 4831 18.

2074 4789 2080 4806 ’
2107 4773 2254 4829 Psal.
2285 4787 2376 4836 xv,
2409 4770 2500 4828 10.

483 4889 595 4959 (ει)
656 4889 791 4946 Vide
843 4890 1267 4946 admonitionem
1321 4887 1378 4943 in
1433 4889 1736 4943 orationem
1787 4900 1980 4945 contra
2073 4888 2287 4960 quidem
2329 4883 2669 4960 ἰηιηιονιαιὶε.
2720 4880 2828 4936 Alii
2875 4887 3057 4934 autem
3109 4885 3164 4932 et
3192 4874 3344 4944 editi,
3376 4872 3405 4926 ό
3438 4873 3640 4944 Κύριος

651 5029 836 5102 Βεεῤ
870 5029 1215 5102 etASegueri.
1244 5030 1377 5085 οἵτε
1406 5031 1572 5102 ἄλλοι.
1603 5029 1710 5084 Alii
1732 5037 1787 5102 e_t
1810 5029 1970 5102 editi,

2075 4955 2339 5019 ἀθάνατος
2367 4955 2461 5008 ὢν.
3547 5012 3560 5025 .

2124 5026 2256 5102 (θθ)
2285 5025 2422 5102 ΒΘῇ
2457 5025 2483 5078 1
2523 5030 2576 5077 et
2606 5017 3048 5092 Seguerian.,eic
3069 5016 3161 5071 τὸν
3189 5015 3340 5086 ᾅδην.
3371 5012 3563 5068 αιτιοι-ι
3590 5021 3644 5066 et

412 5100 463 5152 οἱ
493 5094 573 5183 δὲ
583 5094 760 5183 ἄλλος
781 5099 902 5183 Μρι
923 5094 1066 5183 ῌςξςῖ
1088 5101 1142 5183 1,
1164 5100 1388 5183 §eguer.
1418 5101 1636 5183 gobler.
1660 5107 1713 5154 et
1738 5099 1884 5183 Ifelc.
1915 5094 1970 5162 1,

2075 5094 2606 5183 θδῗξὲιζεὶξ,ίξξῗὲῗο--ε

413 5158 654 5238 νομίζειν
681 5170 896 5234 αὐτούς.
926 5158 1034 5225 Alii
1058 5179 1113 5224 et
1128 5158 1286 5232 editi,
1311 5170 1552 5241 νομίζειν
1583 5169 1830 5232 ἑαυτούς.
1956 5158 1967 5162 ’

487 5239 598 5281 (RKl
637 5240 836 5281 Cnhlpr
879 5251 930 5281 nt
964 5239 1106 5281 Fpln,
1143 5240 1164 5281 Ι
1202 5239 1454 5281 nmitlnnt
1474 5239 1568 5281 rem":
1615 5239 1845 5281 Hau/rm"

2149 5158 2262 5236 (91)
2285 5158 2488 5245 lle'giu's
2525 5160 2734 5231 primus
2761 5168 2818 5214 et
2843 5158 3090 5281 διέξεισι-η
3133 5158 3192 5238 ἐν
3230 5158 3309 5226 τῷ
3355 5158 3502 5223 αὐτῷ
3530 5223 3542 5234 ‘

2083 5253 2231 5281 imm-
2262 5233 2423 5281 Iidem
2474 5247 2602 5281 mox
2640 5238 2693 5281 et
2742 5228 2874 5281 Rea.
2959 5269 2972 5281 .
3002 5227 3286 5281 Anglican.
3327 5223 3542 5278 Goblert

487 5223 603 5314 (δέ)
628 5223 1109 5314 ρὸωέὲξέίῖθέιοὲ
1143 5223 1568 5314 ἱὸὶιὶίιίιῖιίίέοῢ
1613 5223 1880 5314 ἐφαινέιτόιι.Δ
2079 5223 2445 5314 serraca.
2474 5223 2693 5314 "153.“
2742 5223 2972 5308 “es-ﬁ
3002 5223 3638 5314 “alioalifiﬂlleﬁt'z-

490 5291 599 5380 (86)
628 5291 826 5380 ῐὶεέξξῖ
841 5291 934 5365 ²θῖ
947 5291 1560 5381 ἑθξῶιυῖεἱιιιξξῦοὲώξ
1575 5291 1679 5382 ί
1692 5291 1885 5365 cateia
1923 5316 1973 5364 et

450 5377 572 5434 diti.
598 5379 740 5433 οὕτω
772 5381 865 5434 καὶ
900 5384 988 5434 τῆ.

2079 5291 2228 5361 Felc.
2264 5306 2289 5358 1
2331 5312 2386 5356 et
2414 5303 2480 5368 5,
2505 5299 2786 5371 δεξάμενοι
2816 5291 3022 5352 τοῦτον.
3060 5291 3167 5350 Alii
3205 5294 3466 5360 editione,
3493 5291 3644 5355 δεξά-

2086 5392 2233 5434 μενοι
2261 5373 2441 5427 αὐτόν.
3361 5433 3364 5434 ν
3578 5430 3602 5434 Α

417 5379 740 5438 εὰἰιί.οῦτω
772 5381 865 5434 καὶ
900 5384 988 5448 τῇ.
1026 5379 1044 5381 ⁷
1616 5379 1639 5382 Ἴ
1803 5447 1811 5448 ,

2085 5379 2441 5448 μενρεριῖέτρνο
2637 5439 2651 5448 .
2753 5437 2794 5448 -
2871 5436 2884 5448 .
3353 5433 3417 5448 --
3452 5434 3476 5448 -
3562 5433 3587 5448 ~

491 5384 572 5438 iti,
598 5384 740 5433 οὓτω
772 5384 865 5434 καὶ
900 5384 988 5453 τῇ.
2085 5392 2233 5448 μενοι
2261 5384 2441 5453 αὐτον,
2871 5436 2884 5450 ο
3095 5435 3110 5452 '
3401 5434 3417 5455 ν
3562 5433 3587 5448 η

491 5448 601 5518 (87)
632 5449 725 5505 Sic
755 5449 886 5523 Reg.
917 5453 944 5507 1
989 5459 1044 5507 et
1071 5451 1298 5524 Seguer.
1327 5447 1390 5506 In
1435 5450 1559 5508 aliis
1601 5456 1658 5506 et
1686 5447 1848 5505 editis
1887 5448 1981 5503 καί
2085 5513 2104 5524 _
2155 5444 2270 5524 (θῇ
2306 5443 2520 5524 Primus
2555 5439 2726 5524 cadet:
2752 5436 3326 5524 lleg‘msﬁtbegpern
3349 5433 3488 5524 {tua
3513 5430 3646 5524 μαλ-

2085 5501 2198 5567 λού.
2222 5501 2412 5584 caeteri
2440 5520 2495 5566 et
2519 5509 2670 5584 editi,
2698 5508 2777 5561 διδ
2794 5501 3131 5584 κᾶὶμᾶλλονὶ
3153 5501 3344 5584 Paulo.
3354 5501 3522 5584 post,
3543 5501 3644 5584 ειε-

517 5585 607 5661 88)
632 5583 740 5661 Ἦν
760 5590 918 5661 abest
945 5606 976 5647 a
1005 5591 1138 5661 Reg.
1166 5593 1194 5647 1
1244 5603 1298 5648 et
1334 5587 1559 5661 Seguer.
1595 5658 1641 5661 __
1788 5657 1802 5661 _
1878 5657 1908 5661 __

2087 5584 2208 5661 gius
2238 5582 2447 5661 primus
2477 5588 2530 5635 et
2563 5580 2805 5649 Seguer.,
2842 5571 2964 5631 οὔτε
3005 5574 3229 5630 ἐκώλυε.
3262 5571 3378 5627 Alii
3404 5583 3466 5628 et
3495 5571 3654 5632 editi,

517 5587 607 5654 88)
632 5587 740 5642 Ἦν
767 5590 918 5646 abest
945 5606 976 5647 a
1005 5591 1080 5646 Re
1123 5631 1138 5647 .
1166 5593 1194 5647 1
1244 5603 1298 5648 et
1334 5587 1559 5661 Segner.

493 5587 606 5738 (89)
642 5657 734 5715 Sic
759 5659 946 5738 Rng
989 5670 1044 5715 et
1072 5607 1322 5738 germen,
1361 5671 1429 5738 ιιι
1475 5671 1530 5738 et
1556 5657 1973 5738 videturlegisse

2087 5587 2208 5652 gius
2238 5587 2447 5651 primus
2477 5596 2493 5634 ε

2081 5652 2203 5709 οὔτε
2236 5650 2493 5709 ἐκώλυσε.

426 5727 690 5796 Nannius,
723 5730 816 5799 qui
846 5727 1059 5801 'ncmpc
1095 5733 1276 5798 habet,
1350 5729 1602 5786 Dominus
1651 5727 1988 5799 contra—ipse

2988 5171 3090 5221 ora,
3133 5155 3192 5210 ἐν
3230 5153 3309 5226 τῷ
3340 5151 3502 5226 *αὐτῷ
3530 5152 3643 5226 ad»
