3944 6222
435 313 532 368 4ὅ1

1000 308 1058 364 S.
1103 307 1475 364 ATHANASH
1513 307 1662 364 OPP.
1707 308 1888 364 PARS
1927 306 1968 362 l.
2010 338 2077 348 -—
2119 303 2489 360 lilSTORlCA
2523 301 2610 358 ET
2652 302 3073 359 DOGMATICA.

3565 302 3673 356 452

510 428 597 481 6|.
639 423 824 497 Itaque
857 425 905 481 si
930 423 1102 482 Filius
1141 425 1280 480 alius
1317 433 1400 479 est
1438 439 1468 478 a
1511 425 1674 478 rebus
1701 423 1955 478 omnibus
1981 465 1997 491 ,

2172 421 2262 475 61.
2291 418 2497 472 οὐκοῦν
2533 420 2581 471 ει
2619 417 2777 480 ἄλλος
2806 418 2924 470 ἐστὶ
2957 418 3066 470 τῶν
3096 417 3310 471 πάντων
3346 415 3533 486 ὥσπερ
3575 408 3675 468 καὶ

438 520 518 573 uti
557 526 713 572 antea
746 517 1031 587 probatum
1075 524 1189 581 est,
1223 515 1512 585 potiusque
1543 529 1705 583 opera
1743 530 1835 582 per
1878 529 2004 568 eum

438 611 579 664 facta
617 617 773 674 sunt;
805 608 947 662 absit
970 616 1030 662 ut
1059 608 1336 661 voluntate
1372 607 1583 659 dicatur
1615 605 1908 671 exstitisse,
1938 619 2006 658 ne

437 701 553 771 ipse
583 700 770 755 eodem
795 700 959 754 modo
991 699 1082 753 ﬂat
1105 739 1120 763 ,
1146 713 1256 768 quo
1285 713 1367 761 ca,
1396 713 1516 766 quae
1541 711 1636 766 per
1662 697 1839 766 ipsum
1863 695 2004 751 facta

437 801 599 860 sunt,
633 792 972 862 prodierunt.
1016 789 1260 860 Namque
1298 789 1498 843 Paulus
1538 803 1631 857 per
1671 787 2004 842 voluntatem

438 883 533 938 Dei
574 884 853 953 apostolus
901 891 1086 951 postea
1137 881 1314 936 factus
1346 888 1430 934 est
1456 879 1521 945 ’⁸,
1575 893 1698 933 cum
1747 879 1800 933 id
1846 889 2004 934 antea

437 993 545 1031 non
575 985 738 1031 esset.
767 974 991 1030 Vocatio
1025 974 1151 1028 item
1176 982 1389 1039 nostra,
1422 987 1543 1027 cum
1576 971 1871 1044 aliquando
1897 989 2003 1028 non

437 1061 619 1127 fuerit,
654 1077 799 1118 nunc
843 1071 1023 1117 autem
1061 1061 1200 1116 facta
1234 1060 1342 1123 sit,
1391 1059 1795 1114 antecedentem
1846 1059 2007 1114 habet

438 1154 533 1208 Dei
569 1155 924 1220 voluntatem,
955 1161 1029 1216 et,
1056 1161 1117 1208 ut
1147 1153 1285 1206 idem
1317 1151 1522 1207 Paulus
1556 1150 1795 1220 loquitur
1819 1150 1885 1215 θ’,
1920 1166 2006 1204 se-

440 1246 680 1300 cundum
714 1247 1049 1316 propositum
1083 1243 1201 1313 ejus
1229 1243 1524 1297 voluntatis
1552 1242 1695 1296 facta
1728 1249 1829 1296 est.
1857 1240 2004 1296 Prae-

438 1345 608 1400 terea,
647 1336 788 1404 quod
835 1351 932 1405 per
985 1333 1224 1404 Moysem
1272 1333 1491 1398 dicitur,
1544 1332 1672 1385 Fiat
1717 1332 1811 1384 lux
1842 1332 1881 1398 ⁸,
1928 1340 2002 1398 et,

439 1427 709 1481 l’roducat
757 1438 900 1480 terra
921 1428 963 1492 ⁸,
1009 1432 1084 1491 et,
1136 1424 1422 1480 Faciamus
1480 1426 1739 1480 hominem
1762 1426 1804 1490 ⁸,
1851 1425 2006 1496 signa

437 1535 565 1574 reor
595 1534 736 1585 esse,
768 1517 1224 1590 quemadmodum
1257 1533 1422 1587 supra
1449 1517 1652 1573 dictum
1683 1525 1786 1584 est,
1820 1518 2006 1572 volun-

439 1612 567 1667 tatis
593 1611 888 1667 Creatoris.
921 1608 1057 1665 Nam
1072 1625 1137 1667 ea
1166 1609 1407 1680 quidem,
1433 1625 1554 1679 qua:
1585 1610 1874 1678 aliquando
1896 1627 2003 1666 non

2106 514 2163 565 ὲν
2189 514 2299 574 τοῖς
2317 511 2453 581 (τι)
2475 510 2578 582 πρὸ
2604 510 2807 564 τούτων
2834 509 3071 580 ἐδείχθη,
3095 509 3190 562 καὶ
3219 507 3416 578 μᾶλλον
3438 507 3507 560 τὰ
3537 506 3673 578 ἔργα

2104 603 2168 656 δι’
2189 601 2351 655 αὑτοῦ
2375 603 2585 670 γέγονε,
2619 602 2692 673 μὴ
2719 601 2958 670 λεγέσθω
2992 600 3242 671 βουλήσει
3269 640 3283 664 ,
3336 599 3422 652 ἵνα
3465 599 3539 669 μὴ
3579 600 3675 651 καὶ

2105 695 2264 757 αὐτὸς
2299 693 2472 756 οὕτως
2502 693 2719 762 γίνηται
2744 735 2759 758 ,
2793 692 2981 762 ὥσπερ
3009 691 3104 744 καὶ
3135 691 3201 744 τὰ
3227 690 3293 742 δι’
3322 690 3486 744 αὐτοῦ
3526 691 3675 757 γενό-

2108 804 2242 858 μενα
2272 789 2517 856 συνέστη.
2551 787 2661 838 Καὶ
2689 785 2796 855 γὰρ
2824 787 2852 838 ό
2886 785 2983 856 μὲν
3008 783 3240 849 Παῦλος,
3289 784 3388 836 οὐκ
3428 781 3502 835 ὢν
3539 783 3674 852 πρό-

2104 895 2278 949 τερον,
2311 877 2534 946 ὕστερον
2562 877 2711 946 ὅμως
2733 875 2822 928 διὰ
2868 875 3169 947 θελήματος
3207 873 3338 927 Θεοῦ
3384 873 3677 937 ἀπόστολος

2105 970 2322 1039 γέγονεν
2345 986 2359 999 °
2395 971 2428 1040 ή
2457 970 2512 1022 δὲ
2544 968 2735 1038 κλῆσις
2770 967 2929 1039 ἡμῶν
2950 1007 2965 1032 ,
3015 968 3090 1030 ὥς
3128 984 3257 1020 ποτε
3287 966 3380 1019 καὶ
3427 965 3563 1035 αὑτὴ
3601 965 3675 1035 μὴ

2103 1061 2257 1130 οὖσα,
2289 1065 2382 1118 νῦν
2421 1065 2477 1117 δὲ
2505 1064 2863 1134 ἐπιγενομένη
2894 1103 2910 1127 ,
2959 1061 3372 1133 προηγουμένην
3421 1059 3532 1128 ἔχει
3576 1059 3675 1128 τὴν

2107 1157 2355 1227 βούλησιν
2397 1155 2508 1224 (25)
2534 1194 2549 1218 ,
2582 1155 2676 1207 κα).
2715 1153 2791 1215 ὡς
2818 1153 2981 1217 αὐτὸς
3020 1153 3180 1206 πάλιν
3211 1153 3239 1204 ὁ
3271 1150 3482 1212 ’Παῦλος
3519 1165 3673 1218 φησι,

2105 1247 2244 1302 κατὰ
2278 1248 2376 1318 τὴν
2407 1246 2657 1299 εὐδοκίαν
2686 1245 2778 1299 τοῦ
2807 1244 3107 1315 θελήματος
3143 1242 3306 1297 αὑτοῦ
3345 1241 3559 1310 γέγονε.
3603 1239 3675 1291 Τό

2103 1356 2161 1392 τε
2179 1338 2312 1409 (25⁹)
2343 1337 2430 1391 διὰ
2454 1339 2691 1401 Μωσέως
2727 1335 3034 1407 λεγόμενον,
3055 1334 3370 1402 Γενηθήτω
3399 1331 3672 1402 μῶς,καὶ,

2117 1429 2476 1500 Ἐεαγατέτω
2497 1431 2534 1497 ἡ
2550 1429 2646 1500 γῆ,
2665 1430 2779 1492 καὶ,
2801 1429 3147 1497 Ποιήσωμεν
3160 1427 3488 1496 ἄνθρωπον,
3513 1424 3676 1495 ἡγοῦ-

2105 1541 2202 1596 μαι
2231 1523 2366 1596 (26),
2399 1523 2544 1577 καθὰ
2581 1522 2676 1577 καὶ
2705 1523 2762 1576 ὲν
2795 1525 2904 1586 τοῖς
2946 1520 3252 1593 ἔμπροσθεν
3291 1519 3526 1590 εἴρηται,
3573 1517 3673 1586 τῆς

2106 1617 2407 1688 βουλήσεως
2433 1614 2528 1669 τοῦ
2557 1613 2838 1677 ποιοῦντος
2860 1609 2998 1667 εἶναι
3022 1611 3182 1666 τοῦτο
3220 1609 3568 1682 σημαντικόν.
3593 1609 3674 1661 Τὰ

438 1711 616 1769 erant,
650 1703 745 1758 sed
776 1702 1116 1758 extrinsecus
1139 1708 1327 1771 postea
1367 1700 1526 1768 ﬁunt,
1560 1699 1740 1756 facere
1777 1701 2002 1757 Creator

2109 1711 2201 1779 μὲν
2231 1708 2340 1780 γὰρ
2387 1707 2461 1780 μὴ
2499 1706 2629 1761 ὄντα
2670 1706 2820 1770 ποτὲ,
2851 1704 2965 1759 ἀλλ’
3009 1702 3205 1769 ἔξωθεν
3236 1701 3610 1770 ἐπιγινόμενα,
3643 1700 3672 1751 6

437 1791 755 1848 deliberat:
811 1807 936 1846 cum
986 1800 1168 1846 autem
1223 1790 1460 1846 Verbum
1504 1807 1665 1847 suum
1710 1808 1777 1848 ex
1827 1793 2002 1864 seipse

2109 1778 2458 1871 Δημιουγργὸς⁷
2500 1797 2808 1870 βουλεύεται
2868 1797 3088 1866 ποιῆσαι
3128 1793 3271 1865 (27)·
3328 1793 3419 1845 τὸν
3461 1791 3518 1844 δὲ
3547 1790 3674 1842 ἴδιον

436 1893 630 1939 natura
664 1884 854 1956 gignit,
883 1884 1139 1955 prmviam
1170 1885 1375 1940 nullam
1407 1885 1626 1941 adhibet
1655 1887 2002 1943 deliberati-o-

436 1990 584 2032 nem.
622 1975 900 2047 Siquidem
928 1976 985 2031 in
1013 1991 1079 2032 eo
1106 1974 1268 2032 Pater
1296 1977 1423 2041 alia,
1449 1993 1784 2050 quaecunque
1807 1981 2006 2051 produ-

434 2082 562 2122 cere
591 2067 801 2133 statuit,
841 2067 971 2124 facit
1016 2076 1071 2124 et
1108 2077 1260 2124 creat
1295 2086 1308 2122 :
1341 2069 1420 2124 uti
1451 2085 1550 2126 nos
1577 2071 1739 2126 etiam
1770 2070 2005 2129 Jacobus

437 2160 719 2228 apostolus
747 2161 832 2216 his
857 2159 1038 2217 verbis
1063 2159 1241 2225 docet,
1279 2159 1466 2216 Valens
1498 2165 1675 2232 genuit
1703 2180 1797 2218 nos
1839 2163 2004 2220 Verbo

435 2253 676 2306 veritatis
703 2251 745 2306 ⁸.
776 2252 961 2324 Itaque
1005 2253 1104 2309 Dei
1140 2253 1412 2321 voluntas,
1445 2271 1567 2325 qua:
1595 2257 1709 2312 sive
1743 2257 1866 2313 illos
1910 2258 2006 2329 qui

437 2351 844 2413 regenerantur,
876 2345 990 2400 sive
1032 2360 1096 2401 ea
1127 2361 1249 2417 quae
1293 2347 1458 2404 semel
1497 2348 1636 2404 tiunt
1677 2356 1906 2418 spectat,
1947 2349 2006 2404 in

437 2432 618 2488 Verbo
645 2442 748 2501 est,
779 2434 836 2489 in
872 2451 982 2505 quo
1021 2452 1130 2501 res,
1161 2447 1323 2507 prout
1352 2438 1455 2494 sibi
1485 2439 1767 2509 placuerit,
1794 2439 1923 2495 facit
1947 2437 2008 2495 'et

435 2533 752 2593 regenerat,
792 2534 853 2580 ut
893 2526 1186 2595 Apostolus
1240 2529 1311 2584 ad
1365 2527 1878 2586 Tliessalonicenses
1919 2530 2006 2586 liis

434 2613 617 2670 verbis
640 2615 850 2680 scribit,
887 2615 1016 2671 Hm:
1042 2627 1119 2672 est
1154 2619 1292 2672 enim
1319 2619 1559 2674 uoluntas
1586 2618 1685 2674 Dei
1717 2621 1773 2673 in
1796 2619 2005 2674 Christo

433 2706 566 2760 Jesu
603 2723 726 2778 erga
757 2724 844 2762 vos
868 2709 910 2762 ⁸.
943 2707 1117 2765 Porro
1147 2711 1192 2764 si
1228 2710 1296 2776 is,
1328 2710 1384 2765 in
1419 2727 1528 2781 quo
1554 2727 1640 2767 res
1669 2711 1810 2768 Deus
1839 2711 1968 2766 facit
1987 2751 2004 2778 ,

436 2799 582 2853 idem
614 2804 700 2853 est
726 2798 784 2852 in
815 2814 923 2868 quo
953 2799 1073 2869 ejus
1103 2801 1352 2856 voluntas
1379 2809 1494 2869 est;
1525 2801 1572 2858 si
1602 2803 1730 2858 item
1761 2803 1816 2858 in
1847 2802 2008 2857 Chri-

436 2892 522 2936 sto
547 2883 796 2939 voluntas
821 2884 997 2941 Patris
1025 2893 1144 2960 est:
1170 2889 1265 2957 qui
1297 2887 1413 2943 fieri
1446 2899 1626 2959 potest
1652 2901 1714 2944 ut
1751 2891 1867 2961 ipse
1905 2906 2007 2946 vo-

436 2972 644 3028 luntate
679 2981 734 3029 et
773 2973 940 3047 m
987 2976 1212 3033 arbitrio
1252 2978 1428 3035 factus
1475 2980 1590 3035 sit?
1630 2979 1766 3037 Nam
1804 2983 1852 3038 si
1893 2983 2010 3053 ipse

2109 1891 2280 1959 Λόγον
2302 1888 2362 1955 ἐξ
2382 1888 2543 1943 αὑτοῦ
2571 1889 2728 1960 φύσει
2766 1886 3102 1957 γεννώμενον
3138 1886 3199 1938 οὒ
3227 1881 3671 1954 προσουλεύεταιο

2108 1982 2364 2053 ἐντούτῳ
2413 1981 2520 2054 γὰρ
2553 1983 2582 2036 6
2626 1981 2815 2053 Πατὴρ
2868 1978 2936 2033 τὰ
2977 1978 3149 2043 ἄλλα,
3187 1978 3287 2030 ὅσα
3341 1973 3672 2046 βουλεύεται,

2108 2076 2270 2136 ποιεῖ,
2296 2073 2390 2126 καὶ
2410 2072 2732 2143 δημιουργεῖ
2754 2073 2811 2123 ὲν
2833 2069 3008 2141 τούτῳ
3029 2087 3043 2100 ·
3073 2067 3252 2131 καθὼς
3277 2067 3372 2120 καὶ
3416 2065 3674 2127 Ἰάκωϐος

2108 2165 2138 2217 6
2158 2163 2446 2228 ἀπόστολος
2471 2163 2732 2216 διδάσκων
2756 2161 2906 2230 ἔλεγε
2931 2177 2946 2192 ·
2980 2158 3302 2227 Βουληθεὶς
3329 2159 3676 2224 ἀπεκύησεν

2108 2253 2265 2326 ἡμᾶς
2285 2255 2450 2325 Λόγῳ
2470 2255 2770 2323 ἀληθείας.
2805 2251 3010 2307 Οὐκοῦν
3033 2253 3066 2322 ἡ
3090 2251 3216 2323 περὶ
3248 2251 3463 2304 πάντων
3482 2248 3591 2301 τῶν
3614 2264 3674 2300 τε

2110 2345 2562 2417 ἀναγεννωμένων
2613 2345 2726 2417 (28)
2762 2345 2997 2399 καὶτῶν
3049 2343 3193 2411 ἆπαξ
3245 2343 3540 2414 γινομένων
3579 2340 3674 2395 τοῦ

2110 2437 2242 2492 Θεοῦ
2267 2437 2519 2509 βούλησις
2549 2439 2606 2491 ὲν
2637 2436 2716 2507 τῷ
2759 2437 2917 2507 Λόγῳ
2964 2437 3110 2490 ἐστὶν
3133 2477 3148 2502 ,
3179 2437 3237 2488 ὲν
3274 2429 3318 2504 ᾧ
3348 2436 3442 2488 καὶ
3481 2433 3552 2486 τὰ
3586 2432 3672 2486 δό-

2111 2528 2276 2596 ξαντα
2314 2532 2456 2583 ποιεῖ
2478 2528 2570 2582 καὶ
2593 2530 2879 2600 ἀναγεννᾷ.
2911 2531 3018 2582 Καὶ
3054 2528 3208 2583 τοῦτο
3228 2527 3334 2600 γὰρ
3367 2527 3528 2580 πάλιν
3561 2525 3672 2595 (29)

2110 2623 2139 2674 6
2181 2620 2500 2684 Ἀπόστολος
2546 2621 2822 2691 σημαίνει,
2853 2621 3080 2691 γράφων
3127 2622 3206 2682 εἰς
3237 2617 3671 2687 Θεσσαλονίκην·

2117 2709 2296 2767 Τοῦτο
2351 2710 2461 2780 γὰρ
2505 2711 2735 2779 θέλημα
2768 2710 2916 2764 Θεοῦ
2955 2710 3024 2763 ἐν
3055 2707 3285 2778 Χριστῷ
3350 2705 3541 2774 Ἰησοῦ
3588 2709 3676 2772 εις

2111 2801 2266 2872 ὑμᾶς
2303 2800 2436 2873 (50).
2473 2801 2535 2854 Εἰ
2563 2801 2649 2865 δὲ,
2678 2802 2737 2854 ὲν
2772 2794 2817 2870 ᾧ
2855 2803 3019 2865 ποιεῖ,
3042 2802 3100 2854 ὲν
3123 2798 3272 2870 αὐτῷ
3296 2799 3389 2853 καὶ
3409 2801 3442 2869 ή
3475 2797 3674 2868 βούλη-

2115 2895 2199 2958 σίς
2220 2897 2357 2958 ὲστι,
2384 2896 2477 2948 καὶ
2501 2896 2558 2948 ὲν
2583 2893 2803 2966 Χριστῷ
2841 2893 2957 2946 ἐστι
2994 2892 3056 2946 τὸ
3082 2891 3290 2962 θέλημα
3309 2890 3400 2944 τοῦ
3426 2889 3635 2961 Πατρός
3656 2906 3670 2919 °

2113 2983 2228 3048 πῶς
2259 2979 2480 3038 δύναται
2505 2984 2599 3038 καὶ
2622 2983 2782 3046 αὐτὸς
2803 2984 2861 3036 ὲν
2891 2982 3138 3052 βουλήσει
3158 2982 3268 3051 (51)
3288 2981 3380 3035 καὶ
3413 2979 3679 3052 θελήματι

437 3065 736 3121 secundum
766 3081 860 3124 vos
885 3069 1161 3125 voluntate
1191 3069 1368 3127 factus
1404 3083 1525 3136 est,
1567 3088 1791 3130 necesse
1825 3083 1910 3130 est
1951 3085 2002 3131 ut

2113 3075 2396 3145 γίνεσθαι;
2437 3076 2497 3128 Ei
2528 3076 2636 3148 γὰρ
2664 3076 2756 3129 καὶ
2801 3075 2962 3138 αὐτὸς
2999 3077 3057 3128 ὲν
3092 3073 3339 3145 βουλήσει
3383 3073 3505 3126 καθ’
3534 3073 3677 3142 ὑμᾶς

435 3155 696 3211 voluntas
742 3171 865 3211 eum
905 3159 1122 3213 creandi
1169 3160 1225 3214 in
1271 3161 1379 3216 alio
1421 3163 1659 3232 quodam
1690 3165 1874 3230 verbo,
1914 3181 2002 3236 per

2111 3139 2351 3236 γέγονεν,
2384 3139 2623 3236 enim}
2673 3168 2767 3220 καὶ
2799 3167 2895 3236 τὴν
2943 3139 3280 3238 περὶ-αὺτοῦ
3333 3139 3584 3236 βούλησιν
3617 3166 3676 3218 ἐν

435 3245 582 3316 quod
622 3255 675 3302 et
715 3247 831 3317 ipse
859 3248 986 3311 ﬁat,
1025 3251 1408 3311 constituatur.
1450 3253 1732 3326 Siquidem
1771 3258 2010 3313 ostendi-

433 3352 558 3393 mus
583 3335 678 3394 Dei
706 3339 1037 3396 voluntatem
1070 3356 1181 3397 non
1215 3343 1270 3398 in
1303 3345 1465 3400 rebus
1493 3361 1614 3416 quae
1643 3347 1798 3413 fiunt,
1830 3349 1923 3404 sed
1951 3351 2007 3404 in

433 3428 530 3483 illo
561 3444 685 3487 esse
725 3446 822 3502 per
853 3448 1014 3503 quem
1050 3443 1105 3490 et
1148 3435 1203 3490 in
1250 3451 1360 3506 quo
1410 3453 1497 3493 res
1547 3438 1709 3495 tiunt.
1741 3439 2008 3497 Praeterea

435 3519 876 3591 quandoquidem
927 3523 1070 3578 idem
1111 3533 1197 3581 est
1237 3525 1419 3581 dicere
1447 3527 1724 3584 voluntate
1770 3529 2009 3601 aliquem

435 3608 640 3665 factum
683 3627 825 3679 esse,
856 3622 913 3668 et
957 3613 1127 3672 fuisse
1165 3617 1460 3687 aliquando
1499 3634 1626 3675 cum
1667 3636 1775 3676 non
1816 3631 2005 3690 esset;

434 3701 570 3756 satis
593 3702 700 3758 illis
720 3703 792 3760 sit
820 3705 1091 3763 afﬁrmare
1129 3708 1297 3765 fuisse
1320 3711 1614 3782 aliquando
1641 3728 1764 3768 cum
1791 3730 1898 3771 non
1918 3731 2007 3772 es-

431 3803 537 3861 set,
569 3807 628 3852 ut
653 3799 859 3869 pudore
887 3801 1102 3869 suﬂusi,
1133 3805 1281 3874 quod
1313 3806 1627 3877 bujusmodi
1651 3806 1840 3865 Verbis
1873 3818 2009 3865 tem-

431 3904 568 3961 pora
607 3892 999 3963 signiﬁcentur,
1047 3896 1351 3968 intelligant
1397 3913 1476 3964 se,
1517 3914 1641 3955 cum
1674 3899 1871 3955 Filium
1912 3916 2008 3955 vo-

433 3979 644 4036 luntate
686 3980 890 4038 factum
918 3999 1041 4040 esse
1072 3986 1281 4054 dicunt,
1310 3996 1554 4059 tempora
1593 3989 1846 4046 similiter
1882 4004 2006 4048 ante

432 4067 630 4125 Filium
655 4073 928 4130 exstitisse
953 4076 1278 4146 signiﬁcare.
1317 4077 1411 4136 His
1441 4081 1606 4147 enim,
1629 4097 1748 4152 qua:
1763 4082 2008 4152 aliquan-

434 4163 508 4217 do
541 4179 650 4219 non
686 4163 924 4234 fuerunt,
953 4176 1013 4221 ut
1034 4169 1290 4225 omnibus
1331 4171 1494 4228 rebus
1537 4173 1758 4239 creatis,
1783 4174 2006 4230 omnino

433 4256 706 4311 antecedit
749 4257 1086 4314 deliberatio.
1115 4259 1173 4314 Si
1205 4275 1335 4316 vero
1371 4260 1600 4320 Verbum
1635 4279 1817 4320 rerum
1849 4281 2005 4321 crea-

434 4352 610 4396 tarum
634 4352 718 4399 est
738 4346 938 4416 opifex,
967 4355 1128 4418 atque
1149 4364 1258 4404 una
1283 4365 1408 4406 cum
1439 4351 1599 4408 Patre
1631 4355 1844 4410 exsistit
1869 4376 1882 4412 :
1910 4357 2004 4428 qui

433 4431 533 4496 illi,
559 4433 650 4511 qui
676 4436 744 4491 ab
772 4438 1072 4495 aeternitate
1105 4440 1340 4508 exsistit,
1369 4443 1525 4513 quasi
1564 4444 1678 4514 ipse
1705 4454 1860 4502 antea
1895 4463 2004 4502 non

503 4545 549 4578 ⁸⁸
573 4545 596 4599 Ι
618 4545 744 4603 Cor.
774 4564 816 4618 ι,
850 4550 903 4605 1.
977 4553 1022 4586 ⁸³
1061 4551 1261 4624 Eplies.
1291 4570 1332 4622 ι,
1357 4555 1412 4611 5.
1479 4557 1496 4588 ⁸
1527 4556 1665 4613 Gen.
1693 4574 1732 4626 ι,
1763 4559 1816 4613 5.

1920 4562 1942 4593 ¹
1967 4559 2097 4615 Ibid.
2140 4561 2226 4615 11.

2109 3261 2278 3331 ἑτέρῳ
2303 3261 2408 3312 τινὶ
2428 3259 2570 3330 *(όγῳ
2601 3257 2970 3324 συνίστασθαι,
3007 3258 3075 3311 δι’
3124 3251 3184 3311 οὗ
3223 3259 3316 3310 καὶ
3348 3258 3510 3320 αὐτὸς
3531 3257 3678 3327 γένεο

2108 3369 2196 3406 ται
2219 3369 2233 3384 ο
2265 3352 2528 3404 δέδεικται
2553 3350 2662 3422 γὰρ
2696 3353 2729 3421 ή
2764 3350 2858 3404 τοῦ
2892 3350 3025 3404 Θεοῦ
3061 3349 3311 3420 βούλησις
3338 3350 3439 3403 οὑκ
3473 3350 3532 3401 ὲν
3563 3350 3677 3412 τοῖς

2108 3443 2410 3514 γινομένοις
2443 3438 2598 3506 οὖσα,
2640 3441 2757 3495 ἀλλ’
2785 3444 2842 3494 ὲν
2875 3439 2954 3512 τῷ
2985 3440 3051 3494 δι’
3083 3435 3142 3494 οὗ
3185 3441 3276 3494 καὶ
3300 3440 3358 3492 ἐν
3389 3432 3432 3506 ᾧ
3466 3439 3675 3506 γίνεται

2106 3534 2177 3589 τὰ
2200 3536 2474 3604 ποιήματα
2495 3534 2671 3587 πάντα
2689 3532 2822 3603 (5⁸2).
2852 3528 3083 3585 Ἔπειτα
3105 3531 3293 3601 ἐπειδὴ
3310 3529 3504 3584 ταύτόν
3525 3531 3675 3582 ἐστιν

2108 3626 2278 3678 εἰπεῖν
2304 3624 2572 3695 βουλήσει,
2601 3623 2713 3686 καὶ,
2739 3618 2848 3676 Ἦν
2865 3638 2992 3674 ποτε
3012 3623 3100 3674 ὅτε
3122 3621 3222 3674 οὐκ
3247 3617 3334 3692 ἦν,
3371 3619 3675 3690 ἀρκείσθω-

2109 3733 2208 3772 σαν
2233 3717 2312 3786 τῷ
2343 3716 2540 3784 λέγειν,
2569 3711 2676 3768 Ἦν
2721 3731 2849 3768 ποτε
2881 3715 2968 3767 ὅτε
2995 3714 3094 3766 οὐκ
3123 3709 3190 3783 ἦν
3209 3730 3222 3744 ·
3267 3712 3381 3774 ἵνα,
3421 3710 3674 3781 αἰσχυνό-

2111 3824 2260 3879 μενοι
2294 3806 2382 3859 διὰ
2424 3805 2485 3859 τὸ
2528 3808 2590 3858 ὲκ
2620 3805 2806 3858 τούτου
2839 3805 3064 3875 χρόνους
3118 3802 3230 3872 (55)
3291 3800 3670 3873 σημαίνεσθαι,

2106 3899 2326 3968 γνῶσιν,
2357 3899 2437 3952 ὅτι
2463 3899 2556 3952 καὶ
2584 3897 2832 3968 βουλήσει
2855 3897 3104 3965 λέγοντες
3140 3895 3365 3966 χρόνους
3395 3892 3502 3964 πρὸ
3539 3891 3670 3946 Υἱοῦ

2109 3991 2429 4062 σημαίνουσι
2453 4006 2465 4019 ·
2504 3990 2613 4044 τῶν
2646 3991 2755 4062 γάρ
2782 4007 2910 4044 ποτε
2947 3989 3020 4061 μὴ
3052 3989 3219 4043 ὄντων
3263 3990 3578 4060 προηγεῖται
3611 3985 3674 4039 τὸ

2109 4082 2452 4153 βουλεύεσθαι
2479 4081 2610 4154 (54),
2635 4083 2708 4146 ὡς
2737 4083 2828 4136 ἐπὶ
2859 4083 3074 4136 πάντων
3105 4079 3213 4133 τῶν
3236 4080 3570 4150 κτισμάτων.
3609 4077 3672 4130 El
3717 4107 3721 4112 -

2105 4174 2163 4228 δὲ
2185 4178 2214 4229 6
2240 4175 2409 4244 Λόγος
2442 4174 2548 4228 τῶν
2578 4174 2674 4245 μὲν
2705 4173 3020 4244 κτισμάτων
3054 4174 3170 4228 ἐστὶ
3197 4170 3546 4244 δημιουργὸς,
3572 4170 3671 4223 αὑ-

2105 4267 2195 4330 τὸς
2219 4266 2277 4320 δὲ
2307 4254 2641 4336 συνυπάρχει
2655 4263 2734 4334 τῷ
2759 4263 2932 4336 Πατρί
2949 4279 2962 4292 ο
2985 4264 3100 4326 πῶς
3127 4262 3349 4317 δύναται
3369 4261 3462 4314 τοῦ
3486 4260 3674 4322 ἀϊδίως

2105 4357 2288 4422 δντος,
2313 4357 2388 4421 ὡς
2414 4357 2488 4429 μὴ
2514 4355 2686 4420 ὄντος,
2719 4354 3078 4426 προηγεῖσθαι
3111 4354 3170 4408 τὺ
3202 4351 3579 4424 βουλεύεσθαις
3609 4351 3671 4402 Ei

2112 4447 2220 4521 γὰρ
2264 4450 2582 4520 προηγεῖται
2622 4445 2804 4517 βουλὴ,
2858 4446 2972 4509 πῶς
3026 4445 3091 4499 δι’
3142 4445 3304 4499 αὑτοῦ
3356 4443 3423 4498 τὰ
3461 4445 3668 4504 πάντας

2333 4561 2354 4593 ³
2377 4559 2508 4616 ibid.
2547 4558 2637 4614 26.
2733 4559 2756 4592 ⁸
2783 4557 2900 4614 Jac.
2929 4557 3074 4626 ι,18.
3165 4555 3228 4611 ⁸1
3257 4555 3447 4614 Thess.
3483 4574 3536 4621 v,
3581 4558 3704 4611 17.!

503 4701 632 4772 (24⁸)
665 4701 758 4758 Sic
783 4701 914 4774 Reg.
942 4705 978 4773 Η
1022 4718 1078 4762 et
1109 4706 1330 4778 Seguer.
1357 4709 1427 4764 At
1441 4712 1532 4766 alii
1564 4721 1617 4766 et
1638 4713 1787 4779 editi,
1817 4714 1965 4768 ὥσπε

503 4790 524 4825 ν
552 4774 610 4824 ὲν
636 4775 764 4837 τοῖς.
791 4773 961 4840 Infra,
991 4788 1113 4840 post
1143 4777 1352 4840 ὥσπερ.
1398 4782 1549 4838 deest
1586 4784 1677 4837 καί
1721 4785 1777 4839 in
1803 4783 1933 4840 Rea.
1966 4732 2001 4840 1

2109 4719 2230 4772 mel.
2262 4718 2341 4781 εἰς
2373 4719 2535 4789 ὑμᾶς.
2571 4717 2706 4776 Ibid.
2736 4715 2881 4772 Felc.
2911 4717 2964 4782 5,
2997 4718 3060 4770 Ei
3090 4711 3181 4770 οὖν
3213 4718 3270 4770 έν
3296 4710 3339 4784 ᾧ
3367 4721 3527 4771 ποιεῖ.

2175 4788 2284 4840 (51)
2320 4788 2412 4840 Sic
2446 4787 2579 4840 Rea.
2630 4789 2693 4840 1.
2731 4787 2954 4840 δεαυετ.
2998 4786 3219 4840 Gobler.
3259 4798 3313 4840 et
3344 4788 3486 4840 Felc.
3524 4804 3527 4816 λ

429 4766 764 4912 ἔῗνὸἷπὲιξὲἷς.
791 4766 961 4841 Infra,
991 4788 1113 4846 post
1143 4766 1352 4852 eam,
1398 4782 1549 4838 deest
1586 4766 1699 4837 ita!”
1721 4766 1933 4856 in'Reg.

433 4981 445 4994 ν
502 4911 740 4995 (QQ-Sic
781 4911 914 4995 Reg.
949 4914 1002 4995 i_,
1045 4914 1282 4995 Seguer.
1321 4917 1539 4976 Gobler.
1583 4928 1638 4976 et
1666 4921 1811 4979 Fele.
1846 4923 1897 4978 1.
1929 4921 1999 4980 At

429 4983 486 5035 in
509 4983 643 5060 aliis
667 4993 728 5060 ει
756 4983 918 5060 emus
961 4983 1251 5060 scema.

501 5051 867 5127 (gl‘jfLRegius
895 5055 1102 5127 pri_m_us
1127 5051 1460 5127 et'Seguer.,
1497 5060 1570 5114 Τὸ
1595 5060 1672 5114 δέ.

634 5119 847 5199 (ξρὺῖετ.
864 5119 934 5199 _ét
957 5123 1100 5180 Felc.
1122 5127 1178 5199 1,
1205 5119 1506 5199 ἡγούμεθα.

503 5189 616 5272 (ᾏἸ)
664 5190 755 5272 Sic
797 5194 1006 5272 primus
1037 5189 1205 5250 codex
1226 5189 1448 5272 'Reg'ius
1478 5207 1532 5254 et
1566 5197 1790 5272 Seguer.
1829 5202 1918 5258 hic
1941 5210 1997 5259 et

429 5260 1081 5341 pauloposta‘iidemque
1125 5281 1251 5341 mox
1285 5260 1784 5340 γέννώμενονῘΑιίὶ
1817 5283 1994 5328 autem

431 5337 485 5382 et
507 5329 672 5403 editi,
689 5330 934 5403 βούλεται
965 5329 1020 5387 εἰ
1050 5336 1269 5403 γεννῶν.

641 5397 774 5480 Reg.
796 5397 1102 5480 i,4_Seguei_‘.
1135 5405 1349 5480 Gobler.
1373 5415 1428 5462 et
1450 5407 1595 5465 Felc.
1623 5411 1675 5477 1,
1701 5411 1807 5465 τῶν
1832 5411 1993 5480 ἁναγ.

430 5466 624 5547 Alii‘et
644 5471 814 5547 editio
837 5466 1126 5547 Cenimqu
1153 5475 1260 5547 τῷν
1287 5494 1345 5531 τε
1376 5480 1538 5547 άναγ.

475 5536 612 5659 (⁵329)
644 5537 841 5622 Regius
866 5536 1158 5625 primusoet
1189 5536 1529 5617 SeguerianI,
1571 5549 1681 5604 Καὶ
1709 5549 1862 5603 τοῦτο
1892 5549 1994 5622 γὰρ

433 5621 473 5656 π
547 5624 613 5659 ιν.
645 5608 704 5659 In
733 5614 854 5659 aliis
881 5621 936 5659 et
966 5615 1123 5659 mlius
1151 5616 1300 5659 ιιρρςι
1326 5618 1452 5659 νάη-

440 5608 613 5688 πάθαν.
645 5608 704 5688 ῃ»
733 5608 936 5688 aliis'et
966 5614 1123 5688 editis
1151 5608 1302 5688 deest
1326 5618 1454 5688 γάρ.

505 5676 614 5748 (30)
647 5674 773 5748 Reg.
804 5679 860 5749 α,
891 5681 971 5746 εἰς
999 5682 1163 5775 ἡμᾶς.
1189 5674 1378 5743 Ceteri
1402 5674 1539 5745 inss.
1565 5698 1619 5747 et
1645 5687 1810 5746 editio
1840 5689 1998 5748 Com-

2175 4788 2252 4858 (51
2262 4802 2284 4860 )
2320 4786 2422 4860 516⁷
2446 4787 2579 4860 Reg.
2630 4789 2693 4860 i_,
2719 4786 3219 4860 _Seg_ue_r._Gobler.
3259 4798 3313 4841 et
3344 4788 3486 4860 Felc.
3524 4789 3574 4860 1.
3611 4789 3670 4842 1η

2103 4855 2232 4926 Reg.
2253 4855 2309 4920 ‘2,
2343 4857 2508 4915 Basil.
2529 4855 2604 4913 ἐι
2642 4857 2786 4912 Fclc.
2813 4855 2867 4920 5,
2899 4857 3126 4927 habetur
3158 4873 3384 4927 quoque
3399 4857 3666 4927 γίνεσθαι.

2101 4925 2206 4980 Alii
2237 4935 2295 4998 et
2318 4928 2468 4990 editi,
2501 4929 2560 4982 ὲν
2583 4927 2797 4998 θελήσει
2827 4928 2918 4998 καὶ
2949 4925 3243 4998 βουλήματι
3268 4925 3536 4998 γενέσθαι.
3569 4927 3671 4981 lbi-

2100 4999 2221 5067 dem
2264 4995 2394 5066 Reg.
2449 4999 2475 5052 1
2526 5008 2580 5054 et
2607 4995 2858 5067 Seguer.,
2885 4995 2958 5049 ὲν
2977 4995 3249 5066 βουλήσει,
3277 4997 3414 5051 Editi
3442 4997 3666 5067 aliique.

2101 5068 2159 5120 ἐν
2187 5065 2505 5136 βουλήματι.

2176 5137 2288 5206 (52)

2102 5219 2132 5259 a
2166 5205 2381 5261 Gohler.
2417 5217 2470 5262 et
2492 5206 2634 5262 Felc.
2667 5207 2719 5263 1.

2171 5276 2283 5399 (55)
2317 5277 2408 5331 Sic
2443 5275 2642 5400 Regius
2669 5278 2906 5360 primus1
2921 5276 3237 5348 Seguerian.
3273 5273 3670 5357 Gobierianzet

2100 5343 2174 5400 Fe
2195 5361 2246 5401 c.
2279 5346 2328 5400 1.
2358 5346 2426 5400 At
2453 5345 2524 5400 Fe
2548 5361 2596 5401 c.
2629 5347 2696 5410 5,
2725 5349 2790 5400 ὲκ
2814 5363 2909 5400 του
2937 5347 3176 5416 χρόνους.
3211 5345 3401 5416 Caetera
3428 5354 3488 5416 et
3513 5345 3666 5410 editi,

2101 5366 2246 5401 I‘CIC.
2279 5366 2328 5400 1ο
2358 5366 2426 5400 ιιι
2453 5366 2596 5401 ιιειο.
2629 5366 2696 5410 ἱ),
2725 5366 2790 5400 εκ
2814 5366 2909 5400 του
2937 5366 3176 5419 χρονους.
3211 5366 3401 5400 hateri
3428 5366 3483 5400 Cl
3513 5366 3666 5410 CUI",

2100 5416 2295 5487 90106
2339 5417 2551 5487 χρόνου.
2592 5417 2792 5487 ibidem
2837 5416 2966 5487 Reg.
3003 5417 3054 5487 1,
3087 5415 3311 5487 Seguer.
3358 5414 3577 5487 Gobler.
3614 5424 3668 5468 et

2098 5484 2250 5558 Felc.
2270 5484 2548 5558 ageam
2582 5485 2850 5558 βουλήσει.
2870 5484 2940 5558 _lii
2972 5486 3094 5540 aliis
3113 5484 3346 5558 et'editis
3375 5485 3466 5558 καί
3493 5486 3665 5539 deest.

2171 5555 2282 5626 (54)
2316 5557 2514 5626 Regius
2545 5555 2752 5624 primus
2779 5565 2834 5610 et
2864 5555 3212 5626 ὃεςιιειιηιιίο
3243 5565 3297 5611 et
3329 5556 3495 5626 paulo
3517 5565 3664 5626 post,

2102 5623 2468 5695 βοιὸλεῦεσθᾶι.
2501 5623 2605 5684 Alii
2638 5635 2692 5685 et
2718 5626 2868 5697 editi,
2905 5623 3207 5697 βούλεσθαι.

2363 5132 2495 5190 am
2529 5136 2681 5192 abest
2711 5152 2742 5192 a
2774 5135 2908 5206 Reg.
2958 5135 2986 5190 1
3032 5143 3087 5191 et
3129 5132 3353 5206 Seguer.
3385 5143 3439 5190 et
3478 5135 3670 5190 ἔπειτα
