3944 6222
278 323 384 378 £55

1394 317 1653 375 ORATIO
1679 317 1746 374 III
1785 319 2065 376 CONTRA
2101 317 2422 377 ARIANOS.

3427 324 3534 385 451

274 436 494 491 Μᾶλλον
530 435 642 508 γὰρ
674 428 754 499 εἷς
792 433 900 490 τῶν
925 432 1142 490 πάντων
1173 434 1286 500 (55)
1315 436 1434 489 ἐστὶ
1473 435 1722 509 βουλήσει
1753 437 1843 492 καὶ

1954 435 2163 502 fuisset,
2193 449 2354 509 queat
2397 437 2716 496 deliberatio
2757 440 3117 496 antecedere?
3149 440 3208 498 Si
3245 442 3389 499 enim
3425 460 3528 500 an-

273 529 434 592 αὺτὺς
465 526 796 599 ἀποκυηθείς
817 528 964 592 Υἱὸς,
994 526 1182 596 ὥσπερ
1207 527 1300 579 καὶ
1325 528 1486 597 ἡμεῖς
1521 528 1676 598 Λόγῳ
1717 528 1846 599 ἀλη-

273 620 426 683 θείας
449 621 751 690 γεγόναμεν
777 620 916 673 υίοί·
951 621 1044 674 καὶ
1085 619 1266 672 λοιπὸν
1311 620 1459 690 ἡμᾶς
1498 620 1709 691 ἀνάγκη
1753 621 1848 692 ζη-

273 714 406 772 τεῖν,
437 709 628 781 ὥσπερ
672 711 904 782 εἴρηται,
938 711 1092 766 ἄλλον
1123 711 1328 778 Λόγον,
1369 712 1437 764 δι’
1477 707 1538 766 οὗ
1573 715 1665 765 καί
1696 706 1848 775 οὗτος

274 799 485 868 γέγονε,
514 803 608 854 καὶ
644 802 926 874 ἀπεκυήθη
964 801 1099 874 μετὰ
1127 798 1344 857 πάντων
1364 843 1378 870 ,
1411 797 1485 857 ὧν
1518 804 1780 874 ἠθέλησεν
1816 807 1845 858 ό

273 890 427 953 Θεός.

1949 529 2149 586 tecedit
2174 530 2510 599 deliberatio,
2542 532 2814 603 quomodo
2850 548 2943 601 per
2969 535 3144 604 ipsum
3173 537 3356 591 omnia
3383 536 3527 594 facta

1951 623 2117 677 sunt?
2167 622 2309 690 Quin
2362 624 2541 694 potius
2601 627 2715 694 ipse
2767 641 2984 695 quoque
3041 625 3211 680 Filius
3258 627 3399 682 inter
3442 644 3530 684 res

1951 730 2143 770 omnes
2175 718 2541 773 numerandus
2568 719 2672 772 erit
2691 757 2706 782 ,
2747 726 2935 788 utpote
2961 719 3240 774 voluntate
3271 735 3526 789 procrea-

1951 816 2061 871 tus,
2096 809 2547 876 quemadmodmn
2579 819 2633 864 et
2674 824 2774 865 nos
2801 808 2978 865 Verbo
3011 811 3255 865 veritatis
3279 809 3405 866 laeti
3434 828 3520 866 su-

1949 912 2071 952 mus
2104 898 2228 966 lilii;
2271 915 2334 954 ac
2375 901 2600 969 proinde
2635 915 2857 955 necesse
2908 909 3012 967 est,
3079 901 3157 954 uti
3182 901 3386 956 dictum
3415 911 3528 966 est,

275 973 422 1035 aliud
458 998 768 1052 quaeramus
800 983 1188 1057 Verbum,»per
1217 985 1362 1056 quod
1390 985 1530 1040 istud
1557 1000 1774 1056 quoque
1801 985 1874 1040 sit
1911 984 2136 1056 factum,
2198 999 2253 1044 et
2293 1005 2419 1046 cum
2450 991 2726 1058 omnibus,
2765 1007 2886 1062 qua:
2916 990 3060 1046 Deus
3091 992 3393 1063 producere
3433 1006 3530 1047 vo-

275 1071 396 1134 luit,
425 1085 792 1142 procreatum.

338 1160 428 1214 62.
463 1163 527 1214 El
561 1164 658 1232 μὲν
685 1159 776 1216 οῦν
802 1166 948 1217 ἐστιν
975 1163 1158 1236 ἕτερος
1182 1163 1272 1218 τοῦ
1299 1163 1433 1217 Θεοῦ
1469 1163 1638 1231 Λόγος
1662 1203 1676 1228 ,
1706 1162 1847 1217 ἔστω

2013 1160 2100 1215 62.
2167 1158 2220 1214 Si
2275 1160 2437 1230 igitur
2482 1170 2566 1217 est
2618 1163 2762 1218 aliud
2821 1163 2910 1218 Dei
2959 1166 3191 1221 Verbum
3236 1185 3251 1222 :
3293 1169 3531 1223 concedo

271 1253 367 1304 καὶ
397 1246 555 1316 οὗτος
584 1255 742 1325 Λόγῳ
775 1255 1013 1324 γεγονὼς
1033 1273 1047 1288 ο
1068 1257 1115 1308 εί
1147 1257 1204 1309 δὲ
1240 1256 1313 1326 μὴ
1331 1256 1475 1308 ἐστιν
1515 1255 1670 1318 ἀλλος
1728 1255 1843 1320 (οὐκ

1954 1249 2180 1306 Verbum
2213 1251 2391 1306 Verbo
2413 1269 2533 1308 esse
2565 1253 2789 1309 factum.
2818 1257 2885 1310 At
2914 1257 2958 1310 si
2983 1257 3128 1311 aliud
3157 1259 3364 1314 nullum
3403 1269 3527 1328 εει,

267 1340 383 1392 ἐστι
409 1341 568 1412 γάρ),
596 1343 730 1396 ἀλλὰ
775 1345 948 1397 πάντα
973 1346 1038 1397 δι’
1065 1344 1229 1398 αὑτοῦ
1255 1346 1498 1412 γέγονεν,
1518 1345 1658 1416 ἆπερ
1689 1346 1715 1397 ὀ
1742 1347 1852 1398 Πα-

267 1428 371 1499 τὴρ
415 1429 735 1501 βεϐούληται
768 1430 912 1502 (36)·
948 1431 1061 1495 πῶς
1095 1433 1154 1484 οὐ
1183 1433 1453 1485 δείκνυται
1505 1433 1708 1485 τούτων
1750 1449 1846 1484 πο-

267 1521 575 1590 λυκέφαλος
612 1523 945 1595 πανουργία;
981 1526 1098 1577 ’Ὁτι
1134 1526 1610 1595 καταισχυνθέντες
1641 1525 1731 1578 ἐπὶ
1769 1524 1846 1596 τῷ

267 1610 450 1679 λέγειν
483 1612 692 1683 ποίημα
717 1616 808 1667 xa‘t
841 1615 1066 1684 κτίσμα,
1101 1615 1215 1675 καὶ,
1234 1616 1346 1667 Οὐκ
1370 1611 1436 1685 ἦν
1461 1617 1588 1686 πρὶν
1614 1614 1844 1686 γεννηθῇ

269 1705 298 1757 ό
321 1703 418 1755 τοῦ
454 1703 592 1756 Θεοῦ
623 1706 814 1773 Λόγος,
844 1705 1017 1768 ἄλλως
1047 1707 1205 1760 πάλιν
1226 1708 1429 1777 κτίσμα
1461 1706 1708 1774 λέγουσιν
1755 1708 1850 1760 αὑ-

267 1796 357 1849 τὸν
378 1793 546 1861 εἶναι,
577 1796 832 1868 βούλησιν
863 1797 1288 1869 προσαλλόμενοι
1321 1799 1415 1851 καὶ
1456 1797 1733 1867 λέγοντες·
1787 1799 1848 1850 El

270 1887 342 1960 μὴ
369 1888 625 1959 βουλήσει
645 1889 902 1956 γέγωνεν,
947 1891 1139 1944 οὐκοῦν
1177 1891 1388 1960 ἀνάγκῃ
1435 1891 1527 1943 καὶ
1566 1890 1640 1961 μὴ
1682 1889 1848 1944 θέλων

263 1979 423 2050 ἔσχεν
453 1982 483 2033 ὁ
504 1980 636 2044 Θεὸς
670 1979 818 2034 Υίόν.
859 1981 1063 2044 Καὶτίς
1091 1982 1119 2033 ὁ
1143 1982 1242 2052 τὴν
1295 1981 1535 2053 ἀνάγκην
1579 1980 1850 2035 ἐπιϐαλὼν

267 2071 437 2141 αὐτῷ,
462 2070 842 2143 πονηρότατοι,
868 2072 963 2126 κει.)¹
986 2072 1096 2142 (57)
1129 2073 1304 2126 πάντα
1333 2073 1469 2144 πρὸς
1501 2072 1599 2144 τὴν
1642 2073 1850 2144 αἵρεσιν

265 2165 479 2218 ἑαυτῶν
502 2164 784 2228 ἕλκοντες;
811 2164 882 2217 Τὸ
911 2164 1007 2232 μὲν
1031 2163 1138 2235 γὰρ
1173 2164 1540 2234 ἀντικείμενον
1567 2166 1632 2234 τῇ
1662 2163 1851 2236 βουλή-

269 2273 348 2308 σει
395 2256 709 2326 ἑωράκασι·
763 2255 823 2308 τὸ
873 2255 928 2308 δὲ
973 2257 1154 2326 μεῖζον
1194 2255 1289 2308 καὶ
1337 2254 1724 2328 ὑπερκείμενον
1752 2255 1850 2309 οὐκ

269 2345 610 2417 ἐθεώρησαν.
640 2345 847 2419 ’Ὠσπερ
889 2345 997 2416 γὰρ
1038 2345 1337 2398 ἀντίκειται
1378 2348 1443 2416 τῇ
1494 2344 1742 2417 βουλήσει
1788 2344 1850 2399 τὸ

269 2439 422 2508 παρὰ
446 2436 695 2507 γνώμην,
722 2436 892 2500 οὕτως
914 2437 1228 2508 ὑπέρκειται
1268 2437 1360 2490 καὶ
1398 2439 1716 2506 προηγεῖται
1755 2435 1848 2490 τοῦ

270 2528 626 2598 βουλεύεσθαι
667 2528 775 2599 (58)
805 2527 864 2581 τὺ
894 2526 1035 2581 κατὰ
1065 2527 1245 2596 φύσιν.
1279 2527 1466 2582 Οίκίαν
1494 2528 1590 2598 μὲν
1638 2523 1730 2581 οὖν
1764 2545 1848 2591 τις

268 2623 658 2693 βουλευόμενος
706 2620 1124 2685 κατασκευάζει,
1168 2621 1279 2673 υἱὸν
1301 2620 1356 2673 δὲ
1381 2621 1544 2691 γεννᾷ
1573 2620 1711 2674 κατά
1743 2619 1846 2689 φύ-

272 2731 352 2766 σιν
376 2733 391 2746 ·
421 2715 519 2768 καὶ
554 2715 615 2767 τὸ
644 2715 742 2784 μὲν
766 2712 1020 2784 βουλήσει
1067 2711 1609 2781 κατασκευαζόμενον
1642 2710 1846 2781 1ήρξατο

269 2805 543 2872 γίνεσθαι,
578 2804 672 2857 καὶ
703 2801 903 2868 ἔξωθέν
933 2804 1051 2855 ἐστι
1093 2805 1186 2854 τοῦ
1215 2800 1526 2864 ποιοῦντοςο
1574 2802 1602 2853 ὁ
1638 2800 1693 2853 δὲ
1730 2801 1845 2865 υίὸς

272 2894 402 2948 ἴδιόν
436 2896 554 2947 ἐστι
586 2895 686 2964 τῆς
712 2893 897 2956 οὐσίας
931 2891 1022 2945 τοῦ
1064 2891 1270 2963 πατρὸς
1304 2889 1582 2963 γέννημα,
1620 2891 1715 2945 καὶ
1746 2892 1846 2945 οὐκ

269 2983 417 3037 ἔστιν
457 2983 657 3050 ἔξωθεν
699 2982 863 3036 αὐτοῦ
899 2981 1039 3054 (59)·
1073 2981 1154 3034 διὸ
1190 2981 1310 3034 οὐδὲ
1366 2981 1678 3051 βουλεύεται
1719 2982 1846 3054 περ).

271 3075 462 3139 αὐτοῦ,
495 3075 584 3128 ἵνα
615 3075 697 3145 μὴ
744 3073 840 3127 καὶ
893 3073 1019 3145 περὶ
1048 3069 1242 3125 ἑαυτοῦ
1293 3071 1424 3142 δοκῇ
1474 3071 1841 3142 βουλεύεσθαι.

271 3170 422 3239 Ὅσῳ
448 3164 544 3221 οὖν
573 3167 666 3220 τοῦ
692 3167 988 3237 κτίσματος
1016 3166 1044 3217 ό
1088 3163 1201 3227 υἱὸς
1235 3163 1574 3234 ὑπέρκειται,
1607 3164 1845 3235 τοσούτῳ

268 3260 362 3314 καὶ
389 3258 494 3328 τῆς
524 3257 828 3328 βουλήσεως
854 3256 915 3309 τὸ
942 3253 1080 3308 κατὰ
1108 3253 1302 3321 φύσιν·
1339 3256 1433 3309 καὶ
1483 3253 1588 3307 ἔδει
1627 3255 1844 3318 αὐτοὺς,

269 3355 589 3417 ἀκούοντας,
618 3355 679 3406 οὐ
705 3351 956 3423 βουλήσει
989 3349 1296 3417 λογίζεσθαι
1323 3349 1383 3403 τὸ
1405 3349 1547 3404 κατὰ
1576 3349 1756 3420 φύσιν.
1779 3350 1846 3402 Ol.

265 3447 322 3498 δὲ
352 3445 740 3516 ἐπιλαθόμενοι
768 3443 906 3514 (40),
942 3443 1023 3495 ὅτι
1071 3442 1198 3513 περὶ
1225 3441 1355 3494 Υίοῦ
1394 3441 1529 3494 Θεοῦ
1563 3441 1842 3508 ἀκούουσι,

269 3538 543 3609 τολμῶσιν
597 3535 944 3607 ἀνθρωπίνας
981 3534 1278 3596 ἀντιθέσεις
1315 3533 1495 3602 λέγειν
1539 3534 1631 3586 ἐπὶ
1667 3533 1802 3587 Θεοῦ
1827 3575 1844 3600 ,

270 3631 519 3700 ἀνάγκην
560 3627 672 3699 (ll)
714 3629 808 3680 καὶ
857 3624 1007 3698 παρὰ
1047 3625 1294 3697 γνώμην,
1325 3625 1411 3678 ἵνα
1439 3625 1499 3678 τὸ
1530 3621 1670 3678 εἶναι
1718 3625 1846 3678 Υίὸν

270 3721 524 3793 ἀληθινὸν
553 3721 894 3790 ἀρνήσωνται
923 3717 1016 3770 τοῦ
1036 3716 1168 3770 Θεοῦ
1188 3734 1200 3746 ·
1231 3717 1353 3771 ἐπεὶ
1382 3719 1690 3772 εἰπάτωσαν
1713 3720 1846 3790 ἡμῖν

269 3817 421 3869 αὐτοί
448 3831 463 3846 ⁸
499 3814 576 3867 Τὸ
597 3811 798 3882 ἀγαθὸν
839 3806 975 3862 εἷναι
1021 3809 1115 3862 καὶ
1150 3809 1470 3880 οἰκτίρμονα
1495 3809 1585 3862 τὸν
1618 3809 1749 3862 Θεὸν
1783 3811 1846 3863 ἐκ

270 3910 582 3980 βουλήσεως
632 3905 922 3975 πρόσεστιν
947 3899 1116 3971 αὐτῷ,
1150 3900 1183 3971 ἢ
1235 3901 1294 3953 οὐ
1324 3900 1572 3973 βουλήσει
1609 3901 1756 3968 (42);
1783 3901 1847 3954 Et

271 4003 366 4074 μὲν
394 3996 488 4055 οὖν
517 4001 584 4053 ὲκ
607 3995 926 4068 βουλήσεως,
961 3993 1180 4045 σκοπεῖν
1204 3993 1317 4056 δεῖ,
1370 3995 1451 4046 ὅτι
1498 3990 1700 4063 ήρξατο
1749 3992 1846 4062 μὲν

268 4092 404 4148 εἶναι
433 4091 660 4161 ἀγαθὸς,
690 4089 782 4142 καὶ
820 4089 880 4141 τὸ
913 4089 988 4160 μὴ
1027 4084 1164 4142 εἶναι
1206 4087 1263 4140 δὲ
1303 4085 1464 4138 αὑτὸν
1491 4083 1695 4152 ἀγαθὸν
1731 4081 1843 4155 (45)

267 4185 616 4257 ἐνδεχόμενόν
639 4187 774 4236 ἐστι.
804 4181 878 4234 Τὸ
915 4181 1024 4252 γὰρ
1059 4177 1407 4249 βουλεύεσθαι
1441 4175 1536 4230 καὶ
1571 4176 1847 4246 προαιρεῖ-

271 4280 390 4334 σθαι
417 4279 500 4341 είς
528 4276 766 4347 ἑκάτερα
789 4274 887 4345 τὴν
910 4272 1078 4345 ῥοπὴν
1110 4270 1241 4342 ἔχει,
1264 4270 1359 4324 καὶ
1380 4267 1602 4339 λογικῆς
1625 4265 1837 4336 φύσεώς

1875 3190 1921 3252 C

1948 1345 2025 1398 uti
2059 1360 2116 1398 se
2158 1361 2242 1398 res
2276 1346 2475 1410 habet,
2511 1348 2606 1402 sed
2635 1349 2818 1403 omnia
2852 1365 2949 1420 per
2992 1352 3166 1421 ipsum
3210 1354 3348 1407 facta
3380 1365 3528 1421 sunt,

1949 1451 2071 1505 quae
2101 1435 2258 1489 Pater
2286 1437 2401 1492 fieri
2429 1439 2603 1492 voluit
2639 1459 2651 1493 :
2697 1456 2875 1494 annon
2906 1441 3031 1496 inde
3059 1443 3224 1513 liquet
3255 1446 3529 1499 multifor-

1950 1542 2093 1579 mem
2125 1541 2246 1582 esse
2289 1527 2505 1582 illorum
2540 1530 2871 1584 versutiam?
2913 1529 3158 1600 Namque
3205 1546 3361 1588 νειίιι
3395 1533 3528 1589 Ver-

1949 1617 2074 1671 bum
2111 1616 2204 1672 Dei
2239 1617 2439 1672 factum
2472 1627 2527 1673 et
2560 1629 2801 1676 creatum
2834 1620 3032 1686 dicere,
3069 1623 3152 1676 vel
3197 1640 3304 1678 non
3341 1625 3518 1682 fuisse

1949 1709 2264 1778 priusquam
2294 1711 2533 1780 genitum
2563 1719 2665 1777 est,
2703 1711 2878 1781 ipsum
2911 1713 3014 1767 alia
3041 1714 3251 1768 ratione
3278 1727 3521 1772 creatum

1950 1814 2071 1854 esse
2122 1810 2390 1855 conantur
2445 1801 2750 1868 ostendere,
2805 1819 2930 1858 cum
2984 1805 3276 1861 voluntatis
3325 1823 3525 1863 nomen

1953 1888 2310 1958 praetendunt,
2340 1900 2394 1944 et
2427 1889 2542 1944 hac
2566 1889 2816 1944 dictitant
2848 1908 2863 1945 :
2903 1890 2958 1943 Si
2989 1891 3267 1947 voluntate
3297 1909 3406 1948 non
3437 1893 3521 1948 l'a-

1949 1988 2096 2036 ctum
2127 1988 2230 2047 est,
2270 1995 2399 2051 ergo
2427 1981 2748 2037 necessitate
2791 1990 2846 2038 et
2894 1981 3086 2038 nolens
3135 1981 3278 2039 Deus
3323 1983 3524 2040 Filium

1950 2075 2161 2130 habuit.
2203 2073 2402 2145 Ecquis
2441 2073 2603 2143 igitur
2651 2075 3032 2130 necessitatem
3080 2077 3158 2131 illi
3206 2086 3382 2148 potest
3424 2079 3527 2133 im-

1949 2181 2180 2236 ponere,
2224 2181 2257 2221 o
2301 2167 2704 2222 sceleratissimi
2739 2207 2755 2233 ,
2800 2169 2893 2238 qui
2938 2169 3120 2223 omnia
3163 2169 3231 2223 ad
3291 2179 3523 2225 vestram

1949 2257 2199 2313 haeresim
2232 2257 2542 2312 attrahitis?
2576 2257 2794 2313 Scilicet
2832 2259 3082 2314 viderunt
3111 2261 3328 2330 quidem
3377 2263 3526 2332 quod

1947 2347 2213 2402 voluntati
2258 2348 2594 2417 epponitur:
2642 2356 2699 2402 at
2741 2348 2887 2418 quod
2940 2348 3118 2419 majus
3163 2358 3217 2404 et
3270 2352 3526 2420 superius

1948 2445 2053 2504 est,
2082 2436 2306 2491 minime
2332 2437 2731 2493 intellexerunt.
2764 2435 2838 2491 Ut
2877 2438 3022 2492 enim
3054 2438 3319 2493 voluntati
3350 2454 3525 2509 oppo-

1950 2527 2098 2582 nitur
2126 2528 2178 2582 id
2205 2528 2350 2598 quod
2379 2536 2464 2584 est
2498 2538 2693 2598 praeter
2725 2537 2960 2583 mentem
2994 2548 3010 2585 ι
3042 2530 3122 2585 sic
3145 2529 3524 2585 deliberationi

1948 2620 2218 2674 antecellit
2239 2628 2292 2674 et
2319 2620 2472 2690 praeit
2500 2620 2551 2674 id
2578 2619 2724 2689 quod
2751 2635 2818 2674 ex
2845 2630 3038 2674 natura
3063 2629 3164 2675 est.
3199 2619 3383 2690 Itaque
3419 2621 3520 2676 do-

1948 2726 2097 2764 mum
2129 2709 2361 2779 quisque
2383 2708 2690 2765 deliberans
2712 2709 2961 2773 aediﬁcat,
2995 2711 3088 2764 sed
3123 2709 3290 2764 tilium
3325 2727 3390 2765 ex
3418 2727 3518 2764 na-

1948 2809 2069 2855 tura
2095 2800 2302 2872 gignit:
2345 2801 2488 2855 unde
2511 2799 2562 2854 id
2590 2800 2806 2870 quidem
2851 2801 2997 2870 quod
3033 2801 3310 2856 voluntate
3346 2802 3524 2857 aedili-

1947 2901 2121 2958 catur,
2157 2892 2274 2946 lieri
2306 2892 2528 2961 incipit,
2560 2899 2722 2962 atque
2746 2891 2962 2946 aliunde
2989 2907 3153 2962 quam
3186 2894 3254 2948 ab
3280 2894 3522 2950 archite-

1947 2987 2036 3035 cto
2070 2989 2193 3045 est;
2240 2989 2296 3034 at
2331 2980 2489 3036 filius
2517 2981 2768 3050 proprius
2798 2989 2883 3036 est
2911 2989 3119 3036 naturae
3161 2983 3332 3052 patris
3359 2983 3524 3048 fetus,

1946 3087 2123 3142 neque
2148 3071 2368 3127 aliunde
2409 3087 2572 3142 quam
2611 3073 2680 3127 ab
2714 3072 2834 3142 ipso
2875 3085 2958 3128 est
2997 3091 3011 3128 :
3056 3084 3387 3145 quapropter
3420 3091 3522 3132 nec

1951 3168 2017 3221 de
2049 3166 2140 3221 illo
2165 3165 2445 3230 deliberat,
2479 3180 2547 3220 ne
2575 3164 2737 3219 etiam
2768 3166 2835 3220 de
2871 3180 2930 3220 se
2961 3165 3077 3236 ipse
3103 3165 3406 3221 deliberare
3437 3168 3522 3220 vi-

1949 3258 2161 3314 deatur.
2234 3257 2450 3323 Quanto
2502 3256 2667 3327 igitur
2723 3256 2867 3311 ﬁlius
2913 3271 2974 3311 re
3039 3267 3221 3313 creata
3275 3260 3526 3329 superior

1946 3359 2049 3416 est,
2082 3358 2232 3406 tanto
2279 3349 2443 3406 etiam
2492 3349 2566 3414 id,
2616 3350 2760 3420 quod
2792 3364 2856 3404 ex
2906 3359 3101 3405 natura
3148 3360 3253 3418 est,
3309 3352 3388 3406 rei
3445 3352 3520 3406 illi

1945 3451 2164 3512 praestat
2208 3457 2331 3513 quae
2367 3449 2452 3498 est
2483 3457 2550 3497 ex
2593 3442 2891 3497 voluntate.
2938 3440 3098 3497 Certe
3144 3459 3360 3512 aequum
3402 3453 3518 3500 erat

1947 3549 2042 3589 eos
2067 3534 2153 3589 his
2179 3534 2378 3590 auditis
2407 3533 2459 3588 id
2489 3534 2634 3604 quod
2661 3548 2727 3587 ex
2775 3544 2971 3588 natura
2996 3543 3084 3588 est
3112 3535 3377 3588 voluntati
3407 3551 3518 3588 non

1949 3625 2240 3679 ascribere.
2275 3623 2352 3678 llli
2381 3639 2508 3678 vero
2537 3623 2687 3678 obliti
2718 3638 3024 3678 sermonem
3056 3623 3142 3677 hic
3169 3639 3293 3679 esse
3325 3625 3392 3680 de
3428 3624 3521 3678 Fi-

1947 3717 2021 3772 lio
2055 3715 2172 3782 Dei,
2210 3717 2477 3771 humanas
2507 3716 2900 3786 oppositiones,
2938 3717 3317 3770 necessitatem
3364 3716 3515 3770 scili-

1947 3815 2033 3863 cet
2067 3815 2123 3862 et
2159 3806 2303 3877 quod
2337 3815 2532 3876 praeter
2555 3815 2788 3860 mentem
2812 3813 2914 3870 est,
2947 3801 3000 3860 iii
3031 3805 3200 3860 Deum
3232 3807 3515 3871 inducunt,

1950 3909 2010 3953 ut
2063 3899 2314 3954 videlicet
2350 3913 2541 3953 verum
2597 3897 2693 3952 Dei
2745 3895 2942 3951 Filium
2997 3911 3119 3952 esse
3193 3897 3514 3952 inlltientur.

1946 3991 2290 4062 Caeteroquin
2340 3991 2498 4046 nobis
2558 3990 2660 4060 ipsi
2731 3989 3092 4059 respondeant
3137 4006 3152 4044 :
3202 3988 3370 4044 Deum
3416 3991 3519 4046 bo-

1945 4099 2074 4138 num
2105 4093 2159 4137 et
2195 4081 2599 4137 misericordem
2635 4095 2777 4144 esse,
2811 4095 2939 4134 num
2979 4080 3081 4150 ipsi
3129 4096 3195 4136 ex
3236 4082 3517 4138 voluntate

1943 4184 2026 4230 est
2057 4175 2140 4229 vel
2173 4190 2283 4229 non
2309 4189 2378 4229 ex
2403 4170 2715 4228 voluntate?
2741 4169 2797 4225 Si
2822 4187 2888 4226 ex
2916 4171 3224 4239 voluntate;
3246 4187 3376 4243 ergo
3406 4187 3520 4228 cte-

1942 4265 2022 4334 pit
2065 4264 2244 4320 bonus
2273 4279 2416 4329 esse,
2450 4262 2678 4332 ﬁerique
2723 4268 2902 4331 potest
2940 4269 3003 4315 ut
3036 4261 3214 4316 bonus
3251 4261 3378 4329 [non
3421 4260 3514 4318 sit.

269 4375 381 4426 ἐστι
407 4370 570 4425 τοῦτο
590 4369 760 4431 πάθος
783 4365 915 4437 (44).
947 4365 1011 4418 El
1032 4364 1088 4417 δὲ
1116 4362 1204 4416 διὰ
1233 4361 1292 4415 τὸ
1315 4363 1380 4414 ὲκ
1407 4361 1613 4414 τούτων
1644 4359 1841 4412 ἄτοπον

1954 4355 2224 4428 Siquidem
2257 4354 2590 4412 deliberandi
2617 4361 2670 4408 et
2703 4351 2932 4423 eligendi
2969 4349 3200 4408 facultas
3227 4360 3516 4422 utramque

268 4466 363 4520 οὐκ
390 4467 458 4518 ὲκ
489 4448 796 4535 βουλήσεως
815 4455 1018 4526 ἀγαθὸς
1034 4454 1129 4509 καὶ
1158 4453 1455 4525 οἰκτίρμων
1483 4450 1651 4514 ἐστὶν,
1679 4450 1841 4503 ἀκου-

1954 4449 2001 4504 in
2031 4458 2238 4520 partem
2277 4446 2645 4519 propendendi
2668 4443 2777 4500 vim
2803 4443 2988 4510 habet,
3011 4453 3205 4517 estque
3233 4444 3516 4500 rationalis

338 4726 453 4795 (35)
485 4723 622 4790 Reg.
658 4724 685 4778 1
731 4720 1124 4795 _Seguer.,_'_r£33v
1157 4719 1395 4795 πάντων,
1435 4728 1489 4774 ει
1514 4734 1636 4773 mox
1659 4759 1673 4782 ,
1703 4717 1838 4795 ἀπο-

268 4789 492 4866 κυηθεὶς
518 4789 667 4866 Υἱός.
714 4789 837 4847 Alii'
865 4800 920 4846 et
950 4792 1103 4855 editi,
1136 4791 1245 4844 τῶν
1274 4790 1547 4854 ἁπάντων,
1594 4796 1675 4851 ει,
1705 4789 1839 4840 ἀπο-

265 4865 537 4928 κυηθεὶςό
560 4865 705 4928 Υἱός.

331 4883 537 4936 ηυειςο
570 4883 593 4917 ι
613 4883 705 4928 ιος.

333 4935 448 5006 (56)
480 4935 700 5006 Gobler.
735 4942 801 5006 et
821 4931 968 4986 Felc.
991 4931 1060 5006 _I,
1086 4929 1360 5006 βούληται.

333 4995 448 5075 (57)
483 5004 952 5075 Βεείυεγρτὶιηυε,
987 4995 1211 5075 Seguer.
1235 4995 1462 5075 :Gobler.
1509 5005 1591 5075 et._
1612 4995 1754 5050 Felc.
1781 4995 1837 5075 ;l,

261 5077 354 5130 καί
385 5067 666 5131 οἱιιίιιιῖιιι.
698 5067 868 5128 Paulo
897 5081 1040 5140 post,
1064 5067 1200 5140 Reg.
1226 5071 1251 5124 1
1287 5081 1339 5124 ει
1372 5068 1714 5139 Segnerian.,
1741 5067 1840 5118 οὐκ

263 5146 600 5218 ἐθεώρησαν.
629 5145 732 5198 Alii
764 5151 818 5218 ει
846 5142 997 5204 editi,
1021 5141 1095 5218 ei:
1110 5142 1530 5218 teeempﬁxastv:

332 5204 689 5289 (Ssl'kegius
721 5216 948 5289 primus
966 5221 1022 5266 et
1059 5204 1427 5289 _S_eg_ueri'_anus
1449 5251 1472 5289 ,_
1497 5204 1834 5289 βουλεύεσθε.

261 5277 454 5343 Ceteri
477 5296 533 5342 et
559 5277 1034 5356 ἔὸἰιί,’βούλεσθαι.
1051 5277 1260 5356 Ibidem
1285 5281 1417 5356 ﬁeg.
1454 5280 1476 5332 1
1511 5289 1564 5332 ει
1585 5277 1834 5356 Sgguer.’

261 5357 450 5428 lelav
483 5356 586 5428 μὲν
609 5346 704 5428 οῦν
731 5346 817 5428 τίς
848 5346 1592 5428 βουλευόμενοςτροΰιετιμει
1625 5346 1768 5428 elo:
1803 5346 1829 5400 1

259 5427 446 5482 οίκίαν
481 5415 582 5498 μὲν
628 5415 948 5548 βουλόμενος
978 5415 1146 5487 οὗτος.
1192 5415 1297 5475 Alii
1338 5429 1392 5474 et
1435 5417 1600 5480 editi,
1643 5415 1832 5469 υίκίαν

259 5498 386 5548 γοῦν
413 5515 498 5548 τις
534 5497 626 5548 Βου
661 5497 872 5548 όιιενος.

259 5498 386 5564 γοῦν
413 5497 498 5561 τις
533 5497 918 5566 βουλόμενοὲμ
1016 5563 1030 5566 _
1092 5561 1145 5566 __
1201 5561 1217 5566 _
1435 5559 1447 5566 ,
1531 5557 1543 5566 .
1621 5554 1647 5565 ..

330 5567 442 5637 (se)
470 5552 708 5637 ὸόωετζ
736 5577 790 5620 ει
830 5552 974 5637 ἱῖειο.
1009 5563 1062 5624 ι,
1089 5561 1286 5637 ἔξωθεν
1331 5559 1458 5637 περὶ
1486 5554 1671 5637 αὐτοῦ.
1705 5552 1831 5633 qu

263 5626 489 5707 iidem'et
521 5637 655 5707 Reg.
691 5636 815 5707 lac
846 5632 1204 5707 Sgguer.._in
1227 5628 1300 5700 μὴ
1331 5626 1424 5707 κα)
1455 5626 1582 5707 περ)
1609 5626 1828 5707 εαυτοῦ.

260 5704 359 5763 Alii
381 5692 570 5766 autem
599 5692 652 5764 ἕι
679 5706 845 5762 editio
870 5692 1161 5771 C5mmel.,
1181 5692 1265 5754 ἵνα
1290 5692 1431 5771 ’μηδὲ
1462 5692 1589 5768 περί
1615 5692 1828 5777 ἑαυτοῦ..

2012 4711 2124 4779 (40)
2159 4711 2252 4767 Sic
2291 4708 2425 4777 Reg.
2464 4709 2489 4762 1
2539 4715 2593 4762 ει
2637 4705 2978 4779 SeguerLAt
2999 4706 3087 4779 alii
3125 4704 3363 4779 et_editi_,_
3389 4702 3514 4779 επι-

1939 4772 2340 4852 λανθανόμενοι.
2369 4772 2497 4852 Ibid.
2524 4794 2682 4852 [ιιεεη
2706 4772 2830 4848 περ).
2862 4777 2990 4830 Υἱοῦ
3018 4774 3172 4830 Θεοῦ.
3199 4772 3256 4829 In
3281 4774 3515 4828 editione

1940 4846 2571 4922 Coinmel'.deest9595.
2640 4917 2668 4922 _
2779 4846 2858 4922 __
3066 4914 3078 4922 _
3320 4919 3328 4922 ,

2014 4922 2122 4991 (41)
2159 4920 2253 4976 Sic
2282 4919 2415 4986 Reg.
2476 4921 2500 4972 l
2540 4930 2594 4973 et
2637 4916 3020 4989 Seguerianus.
3052 4914 3122 4968 At
3150 4911 3242 4967 alii
3281 4919 3337 4966 et
3359 4910 3510 4973 editi,

1942 4992 2176 5046 ἀνάγκη.

2016 5007 2244 5130 ῗῖἧῃὲἰε
2276 5068 2505 5130 uterque
2533 5050 3256 5130 Regius,_Seguer._Anglic.
3290 5049 3508 5105 Gobler.

1940 5122 2086 5186 Felc.
2112 5122 2146 5184 ’1
2182 5141 2236 5185 ει
2257 5133 2308 5186 5.
2341 5129 2396 5183 In
2418 5122 2548 5201 aliis
2574 5122 2642 5197 εἴ
2657 5128 2816 5201 editis
2840 5122 3000 5201 deest
3026 5122 3299 5201 βουλήσει.

2009 5201 2121 5273 (45)
2167 5201 2339 5273 Αὐτόν
2388 5194 2615 5273 abest_a
2662 5196 2856 5273 Regni
2909 5205 2994 5273 .et_
3025 5187 3341 5273 Sguérian.
3386 5187 3512 5273 ξίοξ

1937 5259 2116 5326 iid‘em’
2160 5281 2214 5327 et
2261 5271 2393 5342 Reg.
2434 5271 2509 5342 ε,
2555 5270 2627 5342 Τὸ
2659 5259 2772 5338 γὰρ
2810 5259 3174 5336 βουλεύεσθαι.
3221 5259 3413 5315 Caeteri
3458 5266 3514 5313 et

1936 5343 2087 5413 editi,
2118 5342 2192 5413 Τρ
2219 5342 2326 5413 γὰρ
2347 5338 2659 5413 βούλεσθαι.
2725 5404 2763 5413 “
2840 5405 2851 5413 _
2991 5411 2998 5413 _
3053 5399 3086 5413 η
3259 5398 3272 5410 .
3415 5396 3506 5413 ...ρ

2006 5397 2118 5482 (41)
2151 5397 2243 5466 Siti
2273 5397 2481 5482 p'ri'mus
2512 5409 2678 5482 codex
2725 5404 3007 5482 Regius-et
3050 5398 3363 5482 Seguerian.
3401 5397 3508 5482 Alii

1936 5467 2120 5538 autem
2154 5491 2208 5536 et
2236 5467 2386 5540 editi.
2419 5479 2481 5532 τὸ
2519 5477 2691 5538 πάθος
2718 5467 2892 5527 τοῦτο.
2933 5470 3101 5525 Paulo
3131 5467 3264 5538 post
3288 5468 3436 5540 Reg.
3462 5467 3503 5540 Δ1

1936 5536 1992 5608 ἐι
2020 5536 2761 5622 δεκαενίειιηάκουέτωσαν.
2795 5543 2988 5599 επιετί
3016 5549 3072 5597 ει
3099 5536 3250 5607 editi,
3274 5536 3512 5594 ductio).-

1938 5639 2139 5678 τωσαν.
