1972 3111
199 160 254 189 653

485 160 513 187 S.
535 160 720 189 ATIIANASII
739 161 813 189 OPP.
834 160 924 188 PARS
944 160 964 187 I.
985 176 1020 180 —
1039 160 1223 188 HISTORICA
1245 160 1288 188 ET
1307 159 1515 188 DOGMATICA.

1769 160 1823 189 458

198 220 281 256 485
296 223 398 246 natura
414 219 528 247 all'ectio.
547 220 623 253 Quod
638 221 677 251 si,
697 220 760 255 quia
785 221 810 247 id
834 220 981 247 absurdum

1038 220 1159 246 σάτωσαν
1175 220 1246 255 επερ
1264 220 1406 255 εἰρήκασιν
1422 219 1515 246 αὐτοὶ·
1533 219 1632 246 οὐκοῦν
1654 219 1761 256 ἀνάγκῃ
1776 224 1823 247 καί

198 270 245 297 sit,
262 265 314 292 dici
330 273 384 292 non
398 270 486 300 potest
502 265 573 293 Deus
587 273 621 293 ex
638 266 775 294 voluntate
790 266 945 293 misericors
958 270 986 294 et

198 311 287 339 bonus
303 319 374 343 esse,
389 312 501 339 audiant
518 312 581 347 quid
597 320 629 340 ex
645 313 767 347 ipsorum
784 312 873 339 verbis
888 320 985 347 sequa-

197 362 243 384 tur
255 365 263 384 :
276 364 341 393 ergo
357 358 520 385 necessitate
535 363 562 385 et
581 358 676 386 nolens
689 358 776 385 bonus
790 362 841 386 est.
855 357 921 390 Quis
935 358 984 393 igi-

197 409 243 431 tur
253 404 441 432 necessitatem
462 404 517 431 Deo
542 404 693 439 imposuit?
707 403 785 436 Quod
802 403 825 431 si
839 403 984 438 perabsur-

195 451 263 478 dum
284 455 326 478 est
348 451 539 478 necessitatem
561 450 617 478 Deo
639 450 798 482 attribuere,
817 450 984 485 proindeque

1040 266 1076 301 μὴ
1095 266 1178 292 θέλων
1194 266 1268 292 ἐστὶν
1284 265 1394 299 ἀγαθός.
1410 266 1465 292 Καὶ
1476 265 1517 297 τίς
1534 266 1548 291 ό
1560 266 1609 301 τὴν
1623 266 1745 302 ἀνάγκην
1761 267 1821 293 ἐπι-

1037 311 1126 339 ϐαλὼν
1142 312 1215 347 αὐτῷ
1227 320 1234 344 ;
1250 313 1282 338 Et
1294 312 1322 338 δὲ
1334 312 1434 339 ἄτοπόν
1449 311 1505 346 (45)
1521 311 1579 339 ἐστι
1593 311 1682 346 λέγειν
1695 312 1742 339 ἐπὶ
1753 312 1822 340 Θεοῦ

1037 359 1169 394 ἀνάγκην,
1191 359 1238 386 καὶ
1254 358 1298 385 διὰ
1313 358 1390 385 τοῦτο
1402 357 1482 392 φύσει
1496 357 1599 392 ἀγαθός
1616 359 1705 385 ἐστιν·
1727 359 1770 394 εἴη
1788 359 1823 385 ἂν

1037 404 1127 440 πολλῷ
1144 404 1243 440 μᾶλλον
1263 399 1505 441 καὶ’ἀληθέστερον
1524 404 1571 431 τοῦ
1592 403 1657 431 Υἱοῦ
1678 404 1758 439 φύσει
1775 406 1822 432 καὶ

1036 450 1087 477 οὑκ
1100 451 1132 477 ὲκ
1145 450 1297 487 βουλήσεως
1311 452 1418 488 Πατήρ.

197 498 328 526 dicendus
349 502 392 526 est
410 502 507 526 natura
528 505 589 526 esse
616 498 704 526 bonus
719 506 727 525 :
742 497 829 525 multo
867 498 953 533 magis
973 502 1000 525 et
1027 498 1119 526 verius
1136 497 1276 527 fatendum
1296 503 1340 527 est
1360 503 1457 528 natura
1475 508 1530 528 non
1549 500 1687 529 voluntate
1713 501 1821 531 Patrem

196 545 259 573 Filii
274 553 346 573 esse.

232 594 276 621 63.
294 592 323 620 Id
343 596 473 628 praaterea
491 592 570 620 nobis
587 592 667 620 velim
688 592 839 621 edisserant
861 592 934 628 (nam
950 592 984 620 ad

195 641 304 668 illorum
330 639 550 667 contundendam
575 639 792 674 impudentiam,
817 646 865 666 eos
887 646 984 667 rursus

194 689 283 724 placet
309 687 488 722 interrogare,
513 685 646 713 audacius
667 684 798 720 quidem,
820 684 866 712 sed
893 688 982 711 tamen

193 735 303 763 tuendae
328 734 378 768 piae
397 733 459 761 ﬁdei
480 732 582 768 gratia;
605 736 635 759 tu
659 735 761 764 autem,
777 730 899 763 Domine,
919 729 984 757 mihi

1072 593 1117 620 63.
1135 592 1297 620 Εἰπάτωσαν
1318 592 1348 620 δὲ
1371 592 1451 620 πάλιν
1473 594 1540 629 ἡμῖν
1566 595 1613 621 καὶ
1635 595 1714 622 τοῦτο
1737 597 1822 632 (πρὸς

1036 639 1091 675 γὰρ
1104 639 1153 675 τὴν
1165 639 1356 675 ἀναισχυντίαν
1367 638 1456 666 αὐτῶν
1464 640 1598 676 ἐρώτησιν
1611 641 1703 674 αὐτοῖς
1718 644 1823 677 ἐπαγα-

1036 687 1094 721 γεῖν
1110 685 1149 712 ἔτι
1164 685 1293 721 βούλομαι
1305 685 1371 721 (46),
1385 686 1587 723 τολμηροτέραν
1602 688 1661 723 μὲν,
1672 689 1823 724 βλέπουσαν

1037 732 1066 759 δὲ
1081 733 1154 768 ὅμως
1170 733 1210 764 εἰς
1225 732 1378 759 εὐσέϐειαν·
1398 733 1529 769 ἱλάσθητι,
1539 735 1660 762 Δέσποτα
1673 736 1696 771 )·
1718 736 1746 763 Ὁ
1766 738 1822 764 Πα-

193 782 245 814 sis,
255 788 358 817 quaeso,
371 779 516 816 propitius)
528 786 535 806 :
547 777 619 805 Num
634 777 715 804 Pater
728 776 804 811 prius
816 775 982 809 deliberavit:

1039 778 1088 814 τήρ
1104 778 1194 810 αὐτὸς,
1211 778 1423 814 βουλευσάμενος
1444 779 1574 815 πρότερον
1586 800 1592 811 ,
1611 778 1670 807 εἵτα
1692 781 1819 817 θελήσας,

193 827 293 856 deinde
316 832 408 862 postea
432 834 514 861 quam
533 824 631 858 voluit,
655 824 693 851 ita
715 822 833 854 exsistit,
850 821 893 849 vel
916 829 982 848 num

192 877 341 908 antequam
362 871 544 900 deliberaret?
563 870 618 898 Par
640 873 682 897 est
701 868 774 897 enim
791 875 838 895 eos
855 867 902 903 qui
919 867 982 894 talia

195 919 228 947 de
244 919 313 947 Filio
330 926 384 946 non
405 918 531 946 dubitant
543 917 644 948 dicere,
659 915 754 943 eadem
767 914 800 942 de
813 914 892 941 Patre
907 914 984 941 audi-

194 973 235 999 re,
253 970 283 993 ut
299 965 452 1000 intelligant
465 972 495 992 se
509 971 558 991 sua
576 963 627 990 hac
643 962 794 990 temeritate
812 962 901 996 ipsum
915 967 984 995 quo-

193 1020 248 1047 que
262 1011 370 1039 Patrem
383 1012 523 1046 impetere.
539 1009 616 1043 Quod
629 1009 652 1037 si
668 1009 738 1036 hanc
750 1015 828 1036 suam
842 1007 877 1035 de
888 1007 984 1034 volun-

193 1062 250 1086 tate
263 1057 428 1086 sententiam
444 1063 616 1092 propugnare
629 1054 680 1090 ipsi
696 1054 876 1082 deliberantes
888 1058 915 1081 et
927 1057 983 1081 sta-

194 1108 312 1136 tuentes,
320 1103 428 1131 Patrem
441 1111 474 1130 ex
487 1103 626 1130 voluntate
634 1101 770 1129 exstitisse
778 1100 981 1136 responderint:

192 1150 260 1186 quid
286 1150 367 1186 igitur
388 1155 447 1177 erat
471 1154 617 1184 antequam
649 1147 829 1180 deliberaret,
853 1146 896 1174 vel
917 1145 983 1181 quid

191 1197 311 1232 amplius
328 1196 433 1229 habuit,
449 1196 488 1224 uti
500 1203 548 1223 vos
566 1194 668 1228 dicitis,
690 1198 834 1229 postquam
847 1191 983 1219 delibera-

192 1234 342 1277 vit?‘Quod
357 1244 381 1271 si
400 1243 518 1271 absurda
536 1246 563 1270 et
575 1241 653 1269 valde
670 1240 755 1268 futilis
771 1244 812 1267 est
825 1238 982 1273 huiusmodi

191 1290 307 1325 quaestio
323 1289 384 1325 (nec
401 1289 452 1317 ista
473 1289 515 1317 fas
536 1293 577 1316 est
599 1289 711 1315 omnino
724 1287 825 1318 dicere,
840 1293 903 1313 cum
918 1285 983 1312 satis

191 1337 229 1363 sit
243 1336 285 1364 vel
303 1336 393 1363 solum
417 1343 517 1363 nomen
536 1335 582 1362 Dei
598 1334 693 1362 audire
709 1337 741 1360 ut
762 1333 883 1361 sciamus
899 1335 926 1359 et
940 1331 982 1358 in-

192 1381 345 1417 telligamus
356 1389 418 1409 eum
431 1389 492 1409 esse
506 1381 554 1416 qui
568 1380 640 1416 est),
655 1388 747 1407 annon
764 1379 866 1414 pariter
886 1378 984 1405 absur-

192 1428 258 1455 dum
277 1432 319 1455 est
331 1427 394 1454 talia
406 1427 440 1454 de
453 1427 499 1454 Dei
513 1426 602 1454 Verbo
614 1427 744 1461 cogitare.
759 1425 983 1460 voluntatemque

192 1479 220 1500 et
237 1473 379 1500 arbitrium
394 1473 472 1500 nobis
485 1472 640 1508 objectare?
652 1460 794 1507 Siquidem
808 1472 876 1500 satis
888 1475 930 1499 est
941 1471 984 1499 vel
998 1460 1018 1489 (ἶ

193 1519 281 1547 solum
300 1518 380 1546 Verbi
397 1526 495 1546 nomen
513 1519 618 1552 audire,
633 1518 666 1546 ad
687 1518 830 1546 sciendum
849 1523 876 1546 et
894 1517 983 1553 perci-

192 1565 321 1600 piendutn
339 1564 437 1598 Deum,
449 1565 496 1601 qui
516 1573 570 1593 non
588 1572 620 1593 ex
637 1565 777 1594 voluntate
798 1565 916 1598 exsistit,
934 1572 984 1592 nec

192 1612 258 1640 item
269 1612 408 1640 voluntate
419 1613 466 1640 sed
478 1617 575 1640 natura
588 1613 728 1648 proprium
742 1613 843 1640 habere
855 1611 982 1640 Verbum.

192 1658 292 1686 Annon
319 1666 403 1694 porro
422 1666 531 1686 omnem
550 1658 685 1687 insaniam
709 1659 732 1687 is
753 1663 865 1694 superat
879 1659 926 1694 qui
942 1659 983 1686 vel

193 1705 293 1741 cogitet
307 1705 393 1733 Deum
413 1705 573 1737 deliberare,
588 1706 755 1738 consultare,
773 1706 883 1741 eligere,
900 1712 984 1740 seque

192 1753 283 1788 ipsum
301 1753 336 1780 ad
348 1752 493 1780 volendum
516 1752 668 1786 adhortari,
690 1757 721 1780 ut
743 1759 798 1779 non
820 1752 879 1779 sine
894 1751 984 1779 Verbo

192 1804 220 1827 et
239 1799 378 1835 Sapientia
402 1800 455 1834 sit,
482 1800 530 1827 sed
555 1803 586 1827 ut
614 1799 733 1827 Verbum
760 1803 788 1826 et
816 1798 983 1833 Sapientiam

131 1847 134 1850 '
192 1845 447 1881 habeattNamque
465 1846 499 1874 de
520 1846 611 1881 seipso
632 1846 787 1873 consultare
801 1846 919 1877 videtur,
936 1845 984 1880 qui

123 1894 145 1923 3.-
192 1893 226 1920 de
240 1900 274 1921 eo
283 1892 356 1928 quod
370 1899 427 1920 suae
439 1896 542 1919 naturae
551 1891 690 1926 proprium
704 1895 747 1918 est
759 1891 901 1918 deliberat.
914 1889 984 1917 Cum

128 1949 140 1970 ι
192 1937 275 1973 igitur
297 1938 375 1965 valde
396 1937 479 1972 impia
504 1938 540 1965 sit
567 1937 724 1973 hujusmodi
749 1936 894 1968 sententia,
918 1943 984 1963 con-

131 1988 136 2005 :
193 1985 321 2015 grnenter
344 1981 439 2016 pietati
461 1980 607 2009 dicendum
627 1985 670 2009 est
693 1989 738 2009 res
760 1981 870 2016 quidem
886 1980 982 2014 factas,

192 2025 240 2053 Dei
260 2027 400 2062 proposito
419 2031 447 2054 et
465 2027 604 2054 voluntate
625 2034 686 2055 esse
701 2031 869 2061 procreatas,
885 2025 983 2053 Filium

193 2078 257 2098 vero
271 2079 325 2098 non
340 2072 488 2099 voluntatis
503 2079 573 2107 opus
595 2079 669 2105 esse,
685 2076 716 2099 ut
739 2079 783 2099 res
803 2076 921 2104 creatas,
936 2072 983 2099 sed

192 2122 291 2146 natura
305 2118 446 2153 proprium
462 2125 523 2146 esse
536 2118 697 2146 substantia:
710 2118 807 2146 fetum.
826 2118 894 2146 Cum
910 2118 983 2146 enim

1036 824 1121 855 οὕτως
1142 824 1258 860 ὑπάρχει
1282 824 1337 860 (47)
1349 844 1357 856 ,
1375 824 1391 860 ἢ
1411 825 1458 851 καὶ
1474 825 1526 862 πρὸ
1541 825 1587 852 τοῦ
1603 826 1818 862 βουλεύσασθαι;

1036 869 1096 906 Χρὴ
1109 870 1179 906 γὰρ,
1199 870 1248 897 καὶ
1271 871 1336 906 περὶ
1357 869 1404 897 τοῦ
1420 871 1506 905 Λόγου
1533 872 1644 899 τοιαῦτα
1665 874 1821 909 τολμῶντας

1037 916 1145 948 αὐτοὺς,
1160 916 1270 943 τοιαῦτα
1281 917 1329 943 καὶ
1340 916 1458 950 ἀκούειν,
1474 917 1518 944 ἵνα
1534 918 1648 952 γνῶσιν,
1671 920 1711 946 ὅτι
1734 921 1751 954 ἡ
1767 930 1822 948 τοι-

1037 961 1105 996 αύτη
1127 961 1217 988 αὐτῶν
1243 962 1392 998 προπέτεια
1419 963 1466 990 κα)⁹
1491 964 1532 995 εἰς
1547 964 1628 992 αὐτὸν
1652 966 1697 992 τὺν
1711 968 1821 1003 Πατέρα

1037 1008 1141 1043 φθάνει.
1163 1007 1225 1035 Ἐὰν
1244 1009 1292 1044 μὲν
1311 1007 1357 1035 οὖν
1372 1009 1500 1042 εἴπωσιν,
1518 1009 1589 1043 ἅπαξ
1614 1011 1820 1047 βουλευσάμενοι

1037 1055 1101 1091 περὶ
1115 1054 1275 1090 βουλήσεως,
1289 1055 1330 1081 ὃτι
1345 1056 1391 1082 καὶ
1405 1056 1485 1088 αὐτὸς
1498 1056 1530 1083 ἐκ
1547 1056 1713 1092 βουλήσεως’
1731 1058 1757 1084 τί
1775 1057 1821 1085 οὖν

1036 1099 1070 1136 ἦν
1080 1101 1133 1136 πρὸ
1149 1101 1196 1127 τοῦ
1210 1101 1265 1137 (48)
1282 1101 1487 1136 βουλεύσασθαι,
1504 1102 1520 1138 ἢ
1533 1103 1559 1129 τί
1574 1103 1652 1131 πλέον
1674 1104 1752 1139 ἔσχεν
1762 1124 1769 1136 ,
1783 1105 1821 1136 ὡς

1038 1147 1116 1182 ὑμεῖς
1128 1146 1230 1181 λέγετε,
1255 1147 1323 1183 μετὰ
1341 1147 1371 1174 τὸ
1389 1147 1596 1183 βουλεύσασθαι;
1618 1150 1649 1176 Ei
1672 1150 1700 1176 δὲ
1720 1151 1820 1182 ἄτοπος

1037 1193 1085 1219 καὶ
1099 1192 1249 1225 ἀσύστατός
1262 1194 1335 1220 ἐστιν
1348 1194 1364 1229 ὴ
1376 1194 1487 1229 τοιαύτη
1501 1194 1636 1231 ἐρώτησις
1645 1215 1652 1227 ,
1671 1196 1718 1223 καὶ
1735 1198 1764 1224 οὐ
1779 1197 1822 1224 ϐέ-

1039 1247 1086 1274 μις
1096 1238 1163 1270 ὅλως
1176 1239 1288 1265 τοιαῦτα
1301 1239 1389 1273 λέγειν
1405 1239 1503 1275 (ἀρκεῖ
1515 1240 1569 1276 γὰρ
1584 1241 1630 1268 καὶ
1647 1242 1726 1277 μόνον
1738 1244 1820 1271 ἀκού-

1037 1294 1116 1317 οντας
1130 1286 1203 1321 ἡμᾶς
1220 1285 1284 1321 περὶ
1305 1284 1370 1312 Θεοῦ
1384 1285 1482 1313 ειδέναι
1508 1287 1555 1313 καὶ
1582 1288 1665 1320 νοεῖν,
1682 1287 1722 1314 ὃτι
1741 1289 1822 1321 αὐτός

1037 1332 1111 1358 ἐστιν
1132 1332 1146 1358 ό
1168 1330 1236 1364 ὢν),
1254 1331 1313 1363 πῶς
1328 1332 1379 1358 οὐκ
1401 1332 1496 1367 ἄλογον
1514 1332 1568 1369 (49)
1587 1334 1619 1361 ἃν
1638 1334 1680 1371 εἴη
1696 1336 1821 1371 περὶτοῦ

1036 1377 1124 1411 Λόγου
1146 1377 1193 1404 τοῦ
1213 1377 1280 1404 Θεοῦ
1296 1377 1407 1405 τοιαῦτα
1420 1378 1604 1414 ἐνθυμεῖσθαι,
1624 1380 1672 1407 καὶ
1696 1381 1822 1416 βούλησιν

1037 1423 1084 1449 καὶ
1105 1422 1212 1459 θέλησιν
1238 1423 1455 1460 προϐάλλεσθαις
1487 1425 1579 1461 Ἀρκεῖ
1589 1426 1643 1462 γὰρ
1667 1427 1714 1453 καὶ
1742 1428 1822 1462 μόνον

1035 1469 1181 1502 ἀκούοντας
1193 1469 1266 1505 ἡμᾶς
1282 1471 1328 1497 καὶ
1340 1470 1402 1506 περὶ
1414 1471 1460 1497 τοῦ
1471 1471 1557 1506 Λόγου
1569 1472 1667 1499 εἰδέναι
1683 1473 1729 1500 καὶ
1740 1475 1820 1506 νοεῖν,

1034 1516 1075 1543 ὅτι
1088 1517 1103 1543 ό
1119 1517 1155 1553 μὴ
1170 1518 1202 1544 ὲκ
1219 1517 1276 1552 (50)
1294 1517 1446 1554 βουλήσεως
1457 1518 1585 1554 ὑπάρχων
1602 1519 1668 1551 Θεὸς
1681 1521 1711 1547 οὺ
1729 1520 1822 1557 βουλή-

1034 1571 1085 1595 σει,
1103 1562 1170 1589 ἀλλὰ
1187 1562 1266 1598 φύσει
1292 1563 1339 1590 τὸν
1362 1564 1427 1591 ἴδιον
1455 1564 1511 1600 ἔχει
1525 1565 1620 1599 Λόγον.
1643 1566 1706 1598 Πῶς
1729 1566 1757 1593 δὲ
1772 1567 1820 1603 οὐχ

1034 1608 1198 1644 ὺπερῦάλλει
1209 1610 1300 1636 πᾶσαν
1317 1609 1464 1645 μανίαν,τὸ
1479 1610 1525 1637 κα)⁸
1543 1612 1622 1646 μόνον
1633 1612 1818 1648 ἐνθυμεῖσθαι,

1033 1656 1074 1683 ὅτι
1086 1655 1167 1688 αὐτὸς
1180 1656 1194 1682 ὁ
1207 1655 1273 1687 Θεὸς
1286 1655 1442 1691 βουλεύεται
1456 1657 1512 1693 (51)
1530 1658 1576 1684 κα)¹
1597 1659 1756 1692 σκέπτεται,
1774 1660 1820 1686 καὶ

1034 1702 1215 1737 προαιρεῖται,
1233 1702 1279 1728 καὶ
1294 1702 1380 1730 θέλειν
1394 1703 1490 1730 ἑαυτὸν
1505 1704 1704 1741 προτρέπεται,
1724 1706 1768 1733 ἴνα
1784 1707 1820 1742 μὴ

1033 1748 1130 1782 ἄλογος
1141 1748 1189 1774 καὶ
1200 1748 1300 1782 ἄσοφος
1313 1746 1341 1785 ᾗ,
1351 1749 1419 1776 ἀλλὰ
1432 1749 1518 1783 Λόγον
1527 1751 1573 1777 καὶ
1584 1751 1683 1786 Σοφίαν
1694 1752 1741 1788 ἔχῃ
1752 1753 1819 1787 (52);

1035 1794 1103 1829 Περὶ
1119 1794 1216 1821 ἑαυτοῦ
1230 1794 1284 1830 γὰρ
1300 1795 1373 1821 δοχεί
1388 1795 1551 1822 σκέπτεσθαι
1572 1796 1587 1822 ὁ
1608 1798 1673 1833 περὶ
1689 1798 1736 1824 τοῦ
1755 1799 1819 1825 ἰδίου

1033 1840 1083 1876 τῆς
1096 1840 1189 1872 οὐσίας
1207 1841 1304 1868 ἑαυτοῦ
1320 1841 1522 1877 βουλευόμενος.
1542 1843 1646 1879 Πολλῆς
1658 1844 1746 1870 τοίνυν
1759 1845 1820 1871 δυσ-

1034 1886 1139 1922 φημίας
1158 1887 1241 1923 οὔσης
1263 1887 1292 1914 ὲν
1308 1889 1341 1923 τῇ
1356 1887 1467 1924 τοιαύτῃ
1484 1889 1631 1925 φρονήσει,
1654 1890 1773 1922 εὐσεϐῶς
1787 1891 1819 1918 ἂν

1033 1932 1152 1968 λεχθείη,
1166 1933 1206 1959 ὅτι
1223 1933 1257 1962 τὸ
1272 1933 1321 1969 μὲν
1335 1933 1435 1969 γενητὰ
1448 1934 1557 1970 εὐδοκίᾳ
1569 1935 1616 1962 καὶ
1634 1935 1759 1971 βουλήσει
1775 1937 1820 1971 γέ-

1033 1987 1121 2013 γονεν,
1135 1979 1149 2005 ὁ
1162 1979 1190 2005 δὲ
1210 1979 1273 2011 Υἱὸς
1289 1980 1320 2006 οὺ
1329 1979 1478 2016 θελήματός
1491 1981 1548 2007 ἐστι
1558 1982 1751 2018 δημιούργημα
1764 1983 1819 2019 (53)

1034 2025 1211 2060 ὲπιγεγονὼς,
1226 2026 1351 2062 καθάπερ
1363 2027 1378 2062 ἡ
1391 2027 1488 2060 κτίσις,
1496 2028 1563 2055 ἀλλὰ
1577 2029 1656 2063 φύσει
1667 2031 1716 2065 τῆς
1726 2029 1819 2061 οὐσίας

1035 2072 1099 2098 ἴδιον
1118 2072 1250 2107 γέννημα.
1277 2072 1332 2099 Καὶ
1355 2073 1410 2108 γὰρ
1434 2073 1498 2105 ίδιος
1523 2073 1559 2100 ὢν
1575 2074 1661 2109 Λόγος
1687 2075 1733 2102 τοῦ
1762 2077 1817 2103 Πα-

1033 2117 1096 2154 τρὺς
1114 2117 1179 2154 (54),
1195 2118 1245 2145 οὐκ
1258 2118 1290 2154 ἐᾷ
1315 2119 1368 2154 πρὸ
1383 2118 1479 2146 ἑαυτοῦ
1495 2119 1652 2154 λογίσασθαί
1674 2130 1732 2148 τινα
1757 2121 1818 2157 βού-

227 2252 283 2287 (45)
298 2252 363 2288 Reg.
386 2252 398 2279 l
423 2257 450 2281 et
474 2253 647 2289 Seguerian.,
668 2255 843 2283 mammam
860 2260 887 2284 et.
903 2256 978 2290 editi,

1038 2256 1097 2296 nep}
1111 2255 1166 2296 τοξ.
1179 2256 1231 2283 Alii
1244 2261 1271 2283 et
1281 2256 1356 2289 editi,
1371 2256 1429 2289 πῶς
1441 2253 1487 2284 οὖν
1499 2257 1548 2284 οὐκ
1560 2258 1656 2292 ἄλογον
1670 2257 1704 2284 ἃν
1716 2258 1758 2294 εἴη
1771 2258 1817 2285 καὶ
1834 2272 1837 2275 -

192 2287 298 2322 ἄλογον.

227 2344 286 2389 (όϐ)
299 2344 407 2389 Goblfr.
429 2346 552 2389 et.FeIc.._
564 2347 589 2389 ξι
604 2347 685 2389 αυτὸς
705 2348 819 2389 ἐπαγειν
831 2348 979 2389 βούλομαι.

192 2379 345 2449 {ligatam
361 2380 519 2416 Seguerian.
536 2382 614 2417 ibid.,
630 2379 789 2418 ἐπαγαγεῖν.
804 2379 858 2411 Alii
869 2390 895 2412 et
905 2379 981 2417 editi,

227 2461 284 2496 (Π)
298 2460 344 2489 Sic
360 2470 427 2490 mss.
446 2470 552 2492 omnes.
572 2464 643 2491 Editi
662 2472 738 2496 vero,
755 2466 812 2493 ὖπά
831 2475 897 2501 χειν.
910 2466 979 2493 Ibid.

192 2494 259 2522 Ben.
288 2497 300 2522 Ι
323 2496 483 2522 Setmerian.
507 2499 663 2522 (inhlerian.
682 2505 709 2522 ρι
724 2500 786 2522 Fnln
862 2502 914 2522 qua).
931 2501 978 2522 cui;

193 2496 259 2558 Reg):
278 2497 300 2539 Il
323 2496 483 2532 Seguerian.
507 2499 663 2527 Goblerian.
679 2505 709 2541 _et
724 2500 795 2542 Fe‘lc:
812 2496 847 2533 Γξ
862 2502 914 2537 πρὸ
931 2501 978 2528 τοῦ

193 2530 378 2572 βουιευσχλτξιι.
393 2532 492 2572 Reg._i_
505 2539 532 2572 et
549 2534 662 2572 Seguer_.
677 2536 913 2572 IlerlbldV..rxp'hr
924 2536 979 2572 γὰρ

192 2566 324 2633 ἓρὶύιέοῠζ
336 2566 402 2595 Item
425 2566 627 2608 Goﬂgdmfet
642 2569 732 2598 Felck.
746 2571 771 2604 l,
787 2571 865 2604 ibid.,
875 2566 980 2607 '16).)th

228 2654 283 2697 (ιβ)
294 2655 341 2697 §ie
352 2656 452 2697 Degius
463 2658 569 2697 Erimus
579 2663 605 2686 et
619 2657 859 2697 S__egu_eri_anus._At
871 2660 938 2697 Iieg.
950 2660 978 2697 2,

192 2687 280 2730 Basilii
292 2687 446 2730 Qubleﬂan.
459 2687 541 2730 Ἔθις.
559 2694 571 2730 ί
588 2699 614 2721 et
627 2687 696 2730 5:1}
712 2692 758 2721 οὖν
776 2695 830 2730 πρὸ
849 2687 978 2722 τοῦ.υΛΙὶῖ

192 2728 219 2749 vt
239 2725 314 2764 editi,
328 2726 355 2765 εί
368 2724 404 2765 ᾖν
418 2729 471 2765 πρὸ
484 2728 551 2765 eat")L
563 2724 663 2765 Ibidem
681 2729 781 2765 Regius
798 2724 914 2765 primus,
930 2730 979 2758 Se-

192 2759 312 2792 guerian.
326 2759 479 2790 Gobleritin.
492 2768 519 2791 et
531 2763 603 2792 Felc.
619 2764 645 2796 ί,
663 2759 851 2801 βουλὶύσηται.

220 2804 285 2843 μθ)
301 2805 401 2847 βαθέος
426 2809 541 2847 primus,
559 2809 673 2847 Sgguer.
691 2811 800 2839 Gobler.
820 2817 846 2839 et
862 2812 935 2839 Felc.
953 2812 977 2842 ί,

192 2841 252 2869 πῶς
276 2841 331 2876 ,οὐκ
355 2841 460 2877 ἄλογον.
486 2844 552 2872 Ibid.
576 2841 640 2881 [ἷξε.
665 2846 726 2883 l_et
747 2848 871 2882 Seguer.,
890 2847 923 2875 ἂν
939 2848 978 2874 εῖν

1034 2291 1097 2317 περὶ
1110 2291 1167 2317 τοῦ.

1069 2300 1238 2395 ἴέθξοίξοείυε
1252 2322 1366 2361 primus,
1381 2325 1504 2360 Seguer.,
1520 2328 1560 2354 ὅτι
1578 2328 1614 2363 μή
1629 2329 1669 2355 ἐκ.

1081 2361 1125 2394 5i)
1145 2360 1263 2395 Uterque
1285 2361 1387 2395 Regius
1400 2368 1425 2389 et
1442 2361 1635 2395 Seguerianus,
1651 2364 1666 2395 β

1069 2360 1125 2395 (Si)
1145 2360 1263 2396 Uterque
1285 2361 1387 2396 Regius
1400 2368 1425 2389 et
1442 2360 1635 2398 Seguerianus,
1651 2363 1814 2399 βουλεύεται.

1032 2396 1084 2423 Alii
1100 2401 1127 2423 et
1143 2396 1219 2423 editi.
1238 2396 1370 2423 βούλεται.

1069 2401 1084 2422 Ii
1100 2401 1127 2423 et
1143 2401 1219 2428 εσιιι,

1069 2431 1124 2465 (52)
1141 2430 1205 2465 Reg.
1221 2430 1247 2463 l,
1264 2431 1421 2466 Seguerian.
1436 2432 1591 2461 Goblerian.
1613 2438 1641 2461 et
1663 2433 1782 2461 Felrkm.
1801 2434 1814 2461 ί

1033 2465 1082 2501 ἔχῃ
1092 2466 1155 2504 ._Alii
1167 2471 1194 2492 et
1201 2466 1284 2504 _editi,
1300 2465 1362 2504 om.
1375 2467 1537 2504 Mssxiibidq
1552 2469 1615 2504 περὶ
1631 2468 1736 2504 ἑαυτοῦ.
1752 2469 1817 2497 Edi-

1033 2500 1074 2537 tio’
1088 2500 1230 2537 Commel..
1248 2500 1424 2536 περὶαύτοῦ.
1448 2503 1510 2530 Mox
1530 2500 1642 2537 uter'que
1664 2503 1764 2537 Regius
1790 2510 1818 2532 et

1034 2536 1262 2575 δαψιλέι-..κοπέας
1273 2537 1365 2575 αυτοῦ.
1377 2537 1475 2575 Ibidem
1489 2538 1580 2575 lissi},
1594 2536 1815 2575 βουλευσάμενος.

1069 2571 1124 2608 (55)
1143 2570 1259 2608 Uterque
1284 2571 1393 2608 Regius,
1413 2572 1524 2608 Seguer.
1540 2570 1621 2601 Basil.
1637 2578 1664 2601 et
1683 2570 1773 2601 Felck.
1788 2575 1816 2607 5,

1034 2607 1089 2644 εστι
1101 2606 1303 2644 δημιούργημα.
1315 2607 1422 2644 Ibidem
1429 2606 1543 2644 uterque
1564 2608 1630 2642 Reg.
1642 2612 1669 2635 et
1690 2609 1815 2644 Segner.,

1032 2641 1207 2674 ὲπιγεγονώς.
1227 2642 1321 2668 Caneri
1344 2647 1371 2669 et
1391 2643 1466 2675 editi,
1492 2641 1549 2671 ἔστι
1570 2641 1817 2680 τδίδημιούργημα

1032 2676 1198 2702 ὲπιγεγονός.

1032 2683 1198 2709 επιγεγονος.

1068 2710 1124 2749 (54)
1144 2711 1251 2749 Regius
1267 2711 1387 2749 primus,
1411 2713 1521 2749 scguer.
1542 2714 1636 2747 Basil.,
1659 2713 1697 2741 ὢν
1718 2715 1816 2749 Λόγος.

1033 2745 1218 2786 éliietediti,
1321 2748 1416 2786 Λόγος.
1432 2745 1499 2786 βίοι
1523 2745 1639 2786 1193.44;
1653 2745 1814 2786 Seguerian.

1032 2780 1187 2808 Goblerian.
1211 2786 1237 2809 et
1258 2781 1330 2810 Felc.
1349 2780 1374 2817 ᾗ
1392 2783 1444 2819 πρὸ
1461 2780 1676 2813 ἑαυτοῦξίϐίειοτί
1690 2780 1725 2814 "et
1738 2786 1814 2817 editi.

1034 2816 1086 2851 πρὸ
1098 2816 1188 2844 αὐτοῦ.

1034 2824 1086 2844 προ
1098 2824 1188 2844 αυτου.

1238 2396 1370 2431 βούλεται.
