3944 6222
203 317 209 321 ’
234 340 333 397 457

1331 327 1590 385 ORATIO
1620 328 1686 384 lll
1718 325 1998 383 CONTRA
2039 323 2362 381 ARIANOS.

3365 321 3467 376 £58

232 458 405 532 λησιν,
429 459 589 522 αὐτὸς
611 457 685 510 ὣν
709 456 868 528 βουλὴ
897 455 1046 520 ζῶσα
1071 455 1162 508 τοῦ
1191 454 1422 524 Πατρός,
1455 454 1550 506 καὶ
1579 451 1692 522 (55)
1714 450 1805 503 δύ-

1918 449 1982 505 sit
2006 449 2280 519 proprium
2303 445 2479 500 Patris
2506 443 2764 508 Verbum.
2791 461 2900 501 non
2930 445 3059 500 sinit
3082 445 3315 518 aliquam
3343 455 3469 503 ante

231 570 414 624 ναμις,
443 552 538 605 xui
557 549 885 622 δημιουργὸς
909 548 1016 600 τῶν
1043 547 1341 600 δοκούντων
1370 545 1449 616 τῷ
1475 545 1666 615 Πατρὶ.
1690 543 1800 597 Καὶ

229 644 406 696 ταῦτα
433 641 598 703 αὐτὸς
623 642 679 693 ὲν
711 641 829 702 ταῖς
856 637 1182 709 Παροιμίαις
1212 636 1340 706 περὶ
1367 633 1561 687 ἑαυτοῦ
1601 650 1764 702 φησιν
1783 647 1796 660 ’

241 733 389 803 Ἐμὴ
411 731 616 799 ,βουλὴ
646 730 742 783 καὶ
767 729 1087 798 ἀσφάλεια,
1112 727 1222 797 ἐμὴ
1252 729 1564 796 φρόνησις,
1591 724 1703 794 ἐμὴ
1734 724 1800 776 δὲ
1844 801 1850 805 .

233 825 432 892 ισκύς-
476 824 564 887 Ὧς
585 824 694 896 γὰρ
721 825 880 886 αὐτὸς
900 823 975 876 ὢν
1003 824 1036 894 ή
1065 824 1326 894 φρόνησις
1347 863 1360 885 ,
1403 824 1459 874 ὲν
1553 822 1680 883 τοὺς
1715 819 1804 871 οὐ,

235 915 711 985 ρανοὺςήτοίμασε
741 914 874 984 (56),
911 915 1004 967 καὶ
1027 913 1187 977 αὐτὸς
1213 913 1288 966 ὢν
1323 914 1474 983 ἰσχὺς
1521 912 1614 964 xui
1647 910 1803 963 66w.-

235 1023 323 1075 μις
342 1022 356 1034 ·
379 1005 636 1072 Χριστὸς
649 1005 756 1074 γὰρ
775 1003 922 1058 Θεοῦ
938 1004 1187 1072 δύναμις
1203 1005 1298 1057 καὶ
1320 1004 1466 1057 Θεοῦ
1483 1002 1687 1071 σοφία·
1709 1001 1803 1055 νῦν

230 1097 583 1168 παρακλίνων
608 1093 781 1161 εἶπεν,
819 1096 958 1166 Ἐμὴ
988 1099 1300 1166 φρόνησις,
1334 1097 1430 1149 καὶ
1461 1095 1572 1165 ἐμὴ
1604 1098 1799 1165 ἰσχύς·

228 1190 372 1243 οὓτω
398 1189 594 1257 λέγων,
633 1188 778 1258 Ἑμὴ
801 1188 1026 1256 βουλὴ,
1061 1189 1220 1253 αὐτὸς
1246 1188 1310 1242 ἂν
1345 1189 1428 1259 εἴη
1462 1187 1554 1240 τοῦ
1593 1188 1803 1259 Πατρὸς

229 1285 262 1354 ή
291 1282 443 1347 ζῶσα
470 1280 652 1352 βουλὴ,
690 1279 870 1344 καθὼς
906 1282 999 1334 xui.
1031 1280 1182 1351 παρὰ
1208 1280 1300 1334 τοῦ
1323 1281 1599 1351 προφήτου
1631 1297 1806 1350 μεμα-

232 1373 506 1446 θήκαμεν,
526 1374 605 1426 ὅτι
637 1373 800 1436 αὐτὸς
820 1374 917 1444 τῆς
949 1373 1188 1443 μεγάλης
1221 1373 1413 1442 βουλῆς
1438 1371 1698 1440 Ἀγγελος
1723 1372 1805 1439 yi-

229 1482 380 1518 νεται
405 1505 419 1529 ,
449 1465 542 1517 καὶ
573 1463 784 1534 θέλημα
817 1463 910 1516 τοῦ
958 1463 1169 1534 Πατρὺς
1211 1462 1370 1525 αὐτὸς
1422 1463 1642 1533 ἐκλήθη.
1688 1460 1806 1531 Χρὴ

231 1557 338 1628 γὰρ
373 1557 518 1610 οὕτω
564 1556 859 1626 διελέγχειν
905 1556 1101 1618 αὐτοὺς
1145 1555 1277 1626 (57),
1321 1552 1632 1625 ἀνθρώπινα
1680 1555 1806 1622 περὶ

230 1648 324 1700 τοῦ
357 1647 498 1700 Θεοῦ
528 1648 957 1717 διανοουμένους.

1903 559 1961 597 se
1987 543 2212 613 cogitari
2259 541 2612 606 voluntatem,
2641 548 2828 610 utpote
2866 555 2990 594 cum
3023 540 3136 609 ipse
3180 540 3251 595 sit
3277 541 3466 596 vivens

1903 633 2079 689 Patris
2109 634 2396 689 consilium
2423 645 2477 689 et
2504 634 2699 700 virtus,
2736 646 3037 700 eorumque
3086 630 3304 686 effector
3346 647 3468 702 quae

1904 726 2050 782 Patri
2082 727 2317 796 placent,
2357 726 2812 797 quemadmodum
2855 723 2922 778 de
2972 738 3031 779 se
3077 723 3192 794 ipse
3235 724 3290 778 in
3333 722 3467 778 Pro.

1905 819 2104 874 vcrbiis
2130 820 2225 882 ait,
2264 818 2434 872 Meum
2467 828 2542 873 est
2573 817 2850 872 consilium
2879 825 2929 870 et
2954 816 3230 878 securitas,
3253 831 3366 868 mea
3391 825 3468 870 est

1904 909 2202 979 prudentia,
2254 928 2368 965 mea
2408 920 2483 966 est
2535 912 2790 982 fortitudo
2818 911 2858 964 °.
2913 896 2979 965 Ut
3017 910 3160 964 enim
3201 919 3468 980 quatenus

1907 1010 1992 1057 est
2022 1003 2305 1070 prudentia
2334 1003 2387 1056 in
2418 1019 2526 1072 qua
2552 992 2719 1058 emlos
2745 1002 3069 1073 praeparavit
3092 1003 3134 1066 ⁷,
3165 1010 3217 1056 et
3239 1011 3298 1055 ut
3339 1001 3468 1055 item

1908 1102 2176 1162 quatenus
2208 1103 2290 1148 est
2329 1093 2592 1150 fortitudo
2627 1105 2680 1150 et
2713 1096 2884 1150 virtus
2921 1095 3067 1165 (nam
3105 1093 3343 1150 Christus
3371 1092 3472 1148 Dei

1909 1185 2112 1238 virtus“
2141 1194 2189 1238 et
2212 1185 2309 1239 Dei
2337 1187 2643 1258 sapientia),
2689 1202 2835 1241 nunc
2874 1187 3096 1257 paulum
3137 1186 3346 1241 variato
3391 1184 3472 1240 lo-

1910 1278 2108 1348 quendi
2149 1279 2307 1333 modo
2345 1279 2505 1343 dixit,
2553 1278 2670 1332 Mea
2693 1288 2767 1332 est
2806 1279 3109 1350 prudentia,
3149 1289 3198 1333 et
3244 1295 3357 1332 mea
3393 1287 3474 1332 est

1911 1371 2167 1439 fortitudo
2199 1387 2216 1424 :
2251 1371 2323 1424 ita
2359 1387 2482 1425 cum
2514 1372 2671 1435 dixit,
2720 1370 2896 1425 Meum
2932 1381 3009 1426 est
3062 1371 3361 1436 consilium,
3412 1386 3474 1427 se

1915 1463 2091 1518 Patris
2116 1465 2297 1520 vivens
2323 1479 2446 1519 esse
2470 1465 2760 1519 consilium
2803 1464 3093 1534 signiﬁcat,
3118 1464 3475 1534 quemadmo~

1914 1555 2042 1610 dum
2061 1556 2222 1610 etiam
2247 1573 2276 1610 a
2294 1556 2552 1627 propheta
2574 1556 2883 1622 didicimus,
2908 1571 3032 1610 eum
3057 1556 3235 1625 magni
3260 1556 3472 1610 consilii

1915 1647 2163 1716 angelum
2193 1648 2305 1702 fieri
2329 1651 2372 1713 ’,
2401 1656 2455 1704 et
2490 1647 2656 1720 486
2675 1648 3008 1704 voluntatem
3033 1647 3209 1704 Patris
3233 1649 3474 1719 appella-

232 1753 344 1799 tum
386 1758 530 1798 esse.
563 1743 780 1798 Scilicet
812 1742 882 1797 ita
921 1758 1015 1798 eos
1056 1758 1265 1813 mquum
1293 1750 1376 1796 est
1415 1741 1656 1796 refellere
1682 1741 1774 1811 qui
1817 1742 2050 1797 humana
2087 1744 2152 1798 de
2174 1744 2296 1816 [Deo
2318 1745 2576 1816 cOgitant.

299 1834 390 1889 64.
424 1833 632 1888 Οὐκοῦν
660 1837 708 1886 εἰ
732 1833 800 1886 τὰ
831 1835 1112 1903 ποιήματα
1148 1830 1397 1902 βουλήσει
1446 1831 1540 1884 καὶ
1593 1831 1809 1902 εὐδοκία

1981 1831 2070 1888 64.
2109 1833 2296 1904 Itaque
2343 1836 2387 1890 si
2434 1850 2524 1890 res
2565 1833 2721 1891 factae
2765 1835 3042 1891 voluntate
3080 1850 3143 1890 ac
3191 1835 3472 1905 proposito

235 1927 466 1996 ὑπέστη,
504 1927 598 1978 καὶ
622 1927 654 1995 ἡ
683 1924 858 1987 κτίσις
891 1926 1036 1978 πᾶσα
1067 1922 1335 1994 θελήματι
1361 1923 1581 1992 γέγονεν
1605 1921 1718 1993 (58)
1740 1940 1753 1952 ·
1777 1923 1806 1976 ὂ

232 2036 288 2070 τε
314 2017 532 2080 Παῦλος
575 2017 662 2070 διὰ
697 2017 1000 2088 θελήματος
1051 2015 1186 2068 Θεοῦ
1234 2014 1528 2078 ἀπόστολος
1577 2013 1802 2085 ἐκλήθη,

235 2111 322 2163 καὶ
350 2113 384 2181 ἡ
444 2111 634 2180 κλῆσις
663 2109 821 2180 ἡμῶν
876 2108 1092 2178 εὐδοκία
1137 2107 1231 2160 καὶ
1274 2107 1533 2178 Θελήματι
1588 2108 1804 2176 γέγονε,

235 2203 412 2256 πάντα
443 2202 502 2255 δὲ
530 2203 616 2256 διὰ
659 2203 752 2256 τοῦ
786 2205 955 2272 Λόγου
1000 2206 1223 2272 γέγονεν
1244 2221 1256 2235 ·
1289 2205 1446 2268 ἐκτός
1467 2206 1612 2258 ἐστιν
1653 2198 1807 2268 οὗτος

235 2295 341 2346 τῶν
375 2295 632 2366 βουλήσει
666 2297 965 2364 γεγονότων
986 2337 1000 2361 ,
1033 2297 1127 2350 xui.
1160 2296 1356 2366 μᾶλλον
1393 2296 1556 2360 αὐτός
1586 2298 1730 2350 ἐστιν
1772 2299 1805 2368 ἡ

236 2386 385 2450 ζῶσα
419 2387 583 2458 βουλὴ
611 2387 703 2440 τοῦ
727 2389 959 2458 Πατρὸς,
988 2389 1046 2441 ὲν
1140 2387 1311 2440 ταῦτα
1346 2388 1520 2441 πάντα
1551 2388 1772 2456 γέγονεν
1791 2404 1805 2418 ·

236 2481 290 2530 ὲν
410 2477 505 2530 καὶ
540 2479 568 2530 ὁ
619 2478 770 2545 ἆγιος
811 2479 974 2531 Δαεὶδ
1018 2478 1355 2549 εὐχαριστῶν
1405 2478 1586 2546 ἔλεγεν
1632 2479 1688 2530 ὲν
1732 2476 1809 2548 τῷ

239 2569 620 2640 ἑϐδομηκοστῷ
643 2570 877 2640 δευτέρῳ
901 2569 1098 2641 ψαλμῷ
1118 2587 1131 2599 °
1175 2569 1542 2637 Ἐκράτησας
1568 2567 1678 2639 (59)
1701 2568 1810 2637 τῆς

238 2657 436 2726 χειρὸς
459 2655 572 2725 τῆς
595 2657 796 2723 δεξιᾶς
807 2675 924 2726 μου
946 2677 957 2688 ·
990 2659 1088 2712 καὶ
1115 2660 1183 2712 ἐν
1210 2656 1500 2726 τῇβουλῇ
1517 2672 1632 2711 σου
1657 2657 1810 2724 ὡδή-

237 2750 434 2819 ῃσάς
453 2767 551 2818 με.
583 2749 707 2813 Πῶς
741 2746 832 2802 οὖν
873 2750 1095 2805 δύναται
1143 2750 1304 2822 βουλὴ
1351 2751 1446 2803 xui.
1474 2749 1682 2821 Θέλημα
1714 2749 1808 2803 τοῦ

239 2842 453 2913 Πατρὸς
493 2843 751 2914 ὑπάρχων
776 2844 804 2894 ὁ
833 2842 1004 2910 Λόγος
1051 2842 1292 2911 γίνεσθαι
1331 2842 1422 2895 καὶ
1465 2841 1624 2904 αὐτὸς
1657 2841 1812 2913 Θελή-

243 2951 369 3003 ματι
417 2935 514 2986 xui.
556 2934 826 3005 βουλήσει,
873 2935 949 2997 ὼς
997 2934 1107 3004 (60)
1135 2934 1391 3000 ἕκαστος,
1427 2935 1474 2986 εἰ
1521 2933 1634 3006 μὴ,
1671 2934 1814 2988 καθὰ

241 3029 523 3098 προεῖπον,
575 3025 830 3097 μανέντες
858 3026 1020 3078 πάλιν
1069 3025 1292 3078 εἴπωσιν
1327 3026 1486 3078 αὐτὸν
1518 3025 1583 3079 δι’
1618 3025 1810 3078 ἑαυτοῦ

240 3119 544 3186 γεγονέναι,
569 3119 600 3190 ἢ
623 3119 688 3170 δι’
716 3118 901 3190 ἐτέρου
921 3119 1097 3182 τινός,
1124 3119 1218 3182 Τίς
1251 3114 1342 3172 οὖν
1375 3120 1510 3182 ἐστι,
1547 3119 1613 3172 δι’
1639 3113 1698 3172 οὐ
1723 3119 1813 3189 γέ-

241 3224 359 3274 γονε
380 3225 396 3270 ;
420 3207 827 3261 Πλασάσθωσαν
849 3208 936 3260 έτε
945 3225 1033 3278 ρον
1061 3208 1250 3276 Λόγον,
1268 3209 1360 3262 καὶ
1375 3209 1442 3262 τὰ
1459 3209 1810 3263 Οὐαλεντίνου
1841 3185 1883 3243 C

245 3298 605 3367 ζηλώσαντες,
643 3301 875 3371 Χριστὸν
910 3299 1097 3370 ἕτερον
1122 3300 1539 3370 ὀνομασάτωσαν
1562 3319 1578 3333 ·
1611 3303 1669 3355 οὐ
1701 3303 1810 3373 γὰρ

245 3394 569 3465 γέγραπται.
611 3391 768 3444 Ἀλλὰ
809 3394 912 3446 κᾶν
952 3393 1282 3455 πλάσωνται,
1310 3393 1522 3458 πάντως
1563 3397 1810 3459 κάκεῖνος

245 3481 328 3536 διά
354 3501 500 3547 τινος
520 3483 756 3553 γίνεται·
785 3484 877 3536 καὶ
918 3482 1102 3537 λοιπὸν
1149 3484 1320 3548 οὕτως
1358 3483 1811 3556 ὲπιλογιζομένων

244 3577 418 3647 ἡμῶν,
452 3577 546 3629 καὶ
571 3576 968 3648 ἀνακρινόντων
989 3577 1086 3647 τὴν
1113 3575 1431 3629 ἀκολουθίαν
1464 3576 1575 3648 (61)
1598 3616 1613 3641 ,
1661 3576 1811 3646 εὐρίο

251 3685 433 3722 σκεται
461 3669 568 3722 τῶν
595 3668 768 3724 ἀθέων
815 3670 848 3741 ἡ
889 3667 1261 3737 πολυκέφαλος
1293 3669 1503 3737 αἵρεσις
1542 3669 1621 3730 εἰς
1655 3667 1816 3719 πολυ-

249 3761 476 3833 Osi/tnta
493 3763 765 3816 πίπτουσα
797 3761 892 3814 καὶ
919 3761 1151 3831 ἄμετρον
1191 3759 1418 3830 μανίαν,
1466 3761 1521 3812 ὲν
1551 3776 1583 3832 ῃ
1616 3759 1816 3828 κτίσμα

250 3856 337 3907 xui
365 3855 426 3918 ἐξ
456 3855 559 3907 οὐκ
585 3854 752 3907 όντων
775 3853 1014 3914 θέλοντες
1033 3848 1170 3904 εῖναι
1191 3850 1282 3904 τὸν
1305 3850 1433 3903 Υἰδν
1452 3891 1466 3912 ,
1516 3838 1716 3919 ἑτέρως
1746 3849 1813 3902 τὰ

250 3950 382 4002 αὐτὰ
401 3949 516 4018 (62)
544 3948 887 4018 σημαίνουσι,
922 3945 1170 4016 βούλησιν
1200 3946 1292 3998 xui.
1337 3944 1550 4013 Θέλησιν
1583 3942 1816 4014 προϐαλ-

249 4040 484 4112 λόμενοι,
513 4041 550 4094 ἃ
579 4039 807 4111 μάλιστα
827 4041 918 4092 ἐπὶ
941 4039 1047 4092 τῶν
1067 4036 1308 4106 γενητῶν
1337 4035 1445 4104 (65)
1461 4037 1552 4087 xui
1583 4033 1814 4086 κτιστῶν

249 4133 420 4186 ταῦτα
456 4131 692 4200 εὐλόγως
737 4130 801 4185 ἂν
829 4131 1056 4199 λέγοιτο.
1087 4129 1210 4193 Πῶς
1238 4124 1329 4182 οὖν
1373 4127 1472 4180 οὐκ
1501 4125 1694 4188 ἀσεϐὲς
1742 4124 1811 4178 τὰ

248 4223 354 4276 τῶν
373 4222 618 4293 γενητῶν
651 4223 743 4275 ἐπὶ
767 4223 857 4276 τὸν
874 4221 1206 4293 Δημιουργδν
1236 4219 1524 4291 ἀναφέρειν
1549 4219 1658 4290 (64)
1685 4236 1699 4284 ;
1739 4217 1810 4270 Ἦ

1909 1927 2139 1984 conditze
2169 1937 2296 1982 sunt
2325 1945 2337 1983 :
2367 1927 2409 1983 si
2446 1927 2698 1984 universa
2737 1936 2919 1984 creata
2963 1938 3158 1982 natura
3194 1928 3474 1986 voluntate

1909 2022 2050 2077 facta
2076 2031 2159 2077 est
2187 2041 2200 2076 :
2240 2022 2284 2077 si
2313 2023 2440 2076 item
2474 2019 2672 2076 Paulus
2707 2037 2800 2092 per
2825 2021 2920 2076 Dei
2948 2021 3281 2077 voluntatem
3311 2035 3472 2075 voca-

1908 2123 1998 2171 tus
2036 2123 2118 2169 est
2154 2112 2449 2184 Apostolus
2491 2114 2533 2146 “
2574 2132 2587 2167 :
2636 2114 2684 2170 si
2731 2113 2966 2185 denique
3029 2121 3215 2170 nostra
3260 2113 3471 2169 vocatio

1909 2207 2189 2278 proposito
2217 2216 2271 2262 et
2294 2207 2572 2262 voluntate
2594 2215 2677 2263 est
2701 2206 2842 2262 facta
2863 2207 2940 2275 “;
2969 2207 3150 2262 omnia
3176 2215 3355 2262 autem
3379 2222 3475 2276 per

1910 2295 2146 2352 Verbum
2178 2295 2318 2350 facta
2344 2304 2470 2351 sunt
2495 2315 2508 2350 :
2542 2297 2686 2352 haud
2717 2295 2880 2352 dubie
2920 2297 3098 2367 ipsum
3120 2293 3358 2353 Verbum
3388 2311 3476 2350 ex-

1912 2398 1994 2443 tra
2025 2404 2212 2444 eorum
2245 2403 2532 2443 numerum
2568 2395 2655 2444 est
2689 2403 2809 2459 quae
2831 2388 3107 2444 voluntate
3135 2387 3275 2445 facta
3315 2399 3479 2456 sunt,

1910 2480 1994 2535 vel
2038 2480 2218 2550 potius
2262 2480 2450 2535 vivens
2509 2494 2594 2536 est
2642 2479 2822 2535 Patris
2879 2481 3168 2536 consilium
3196 2482 3319 2548 ,0in
3365 2497 3477 2552 quo

1912 2572 2096 2626 omnia
2133 2572 2225 2626 illa
2278 2571 2420 2627 facta
2459 2580 2625 2638 sunt;
2670 2572 2726 2626 in
2775 2587 2886 2642 quo
2931 2579 2986 2627 et
3035 2581 3257 2629 sanctus
3307 2571 3477 2626 David

1910 2662 2122 2733 psalmo
2171 2666 2570 2734 septuagesimo
2624 2663 2863 2718 secundo
2915 2663 3119 2734 gratias
3167 2663 3253 2718 his
3298 2662 3478 2718 verbis

1911 2753 2124 2825 agebat,
2156 2753 2392 2807 Tenuiin
2424 2769 2640 2806 manum
2663 2754 2932 2807 dexteram
2965 2770 3153 2817 meam,
3185 2762 3235 2807 et
3263 2754 3317 2806 in
3350 2768 3478 2807 con-

1912 2845 2034 2899 silio
2067 2854 2154 2898 tuo
2181 2845 2449 2899 deduxisti
2478 2861 2558 2898 me
2579 2845 2641 2900 ¹¹.
2681 2846 2780 2912 Qui
2819 2846 2984 2916 igitur
3032 2845 3148 2900 ﬁeri
3197 2853 3376 2916 potest
3416 2851 3479 2897 ut

1913 2933 2174 3000 Verbum,
2220 2935 2363 3005 quod
2411 2935 2699 2990 consilium
2743 2945 2798 2990 et
2830 2935 3077 2990 voluntas
3126 2933 3306 2989 Patris
3358 2940 3477 2998 est,

1915 3028 2093 3097 ipsum
2119 3043 2337 3098 quoque
2367 3027 2643 3083 voluntate
2675 3037 2729 3082 et
2759 3027 2988 3082 arbitrio
3018 3027 3089 3082 sit
3126 3028 3476 3098 productum.

1915 3120 1996 3173 uti
2022 3134 2108 3174 res
2154 3120 2272 3173 alia:
2298 3119 2556 3189 singulae?
2581 3119 2688 3174 nisi
2717 3118 2874 3185 forte,
2902 3129 2960 3174 ut
2984 3120 3098 3190 jam
3125 3121 3258 3186 dixi,
3287 3137 3482 3199 rursus

1917 3211 2248 3267 insanientes
2273 3213 2598 3267 contendant
2624 3213 2802 3282 ipsum
2843 3228 2938 3282 per
2970 3213 3210 3283 seipsum
3253 3215 3338 3272 vel
3383 3230 3481 3286 per

1919 3299 2121 3369 aliquid
2143 3300 2287 3355 aliud
2304 3317 2424 3355 esse
2441 3301 2662 3355 factum.
2684 3300 2952 3368 Quidnam
2970 3317 3096 3372 ergo
3115 3303 3330 3359 tandem
3347 3303 3478 3359 illud

1917 3401 2000 3444 est
2015 3404 2109 3458 per
2127 3389 2273 3459 quod
2289 3389 2488 3445 factum
2508 3391 2614 3446 est?
2625 3391 2785 3446 Aliud
2801 3392 2877 3446 illi
2893 3391 3203 3463 conﬁngant
3219 3394 3477 3460 Verbum,

1918 3488 1972 3534 et
2006 3477 2275 3533 Valentini
2318 3489 2624 3535 commenta
2671 3481 2961 3552 amplexati
3014 3482 3150 3553 (65),
3199 3481 3478 3538 Christum

1917 3569 2084 3622 alium
2117 3569 2415 3623 nominent.
2455 3567 2599 3622 Nihil
2626 3569 2770 3622 enim
2797 3571 3063 3639 ejusmodi
3086 3571 3287 3626 habent
3332 3571 3482 3628 Seria

1917 3667 2109 3730 pturae.
2139 3657 2341 3714 Verum
2394 3659 2441 3714 si
2484 3659 2650 3714 alium
2693 3660 2798 3730 ipsi
2836 3662 3284 3731 emOgit'averint,
3330 3671 3478 3720 certe

1919 3752 2008 3805 ille
2035 3766 2250 3820 quoque
2289 3766 2386 3820 per
2424 3750 2659 3822 aliquem
2699 3751 2814 3806 ﬁeri
2846 3752 3106 3810 dicendus
3143 3755 3285 3810 erit:
3313 3765 3479 3826 atque

1919 3843 2054 3896 adeo
2080 3842 2238 3896 nobis
2270 3842 2344 3896 ita
2370 3842 2840 3910 ratiocinantibus,
2870 3842 3111 3914 quidque
3149 3860 3216 3900 ex
3259 3846 3473 3900 illorum

1915 3933 2184 3988 sententia
2221 3940 2477 4001 sequatur
2514 3934 2932 4002 excutientibus,
2973 3935 3324 3993 multiformis
3355 3953 3477 3994 esse

1916 4023 2332 4093 deprehenditur
2362 4024 2652 4092 impiorum
2694 4025 2936 4095 haeresis,
2977 4042 3100 4098 quae
3141 4037 3196 4083 et
3251 4029 3478 4084 deorum

1917 4114 2124 4169 inducit
2152 4115 2573 4180 multitudinem,
2603 4123 2657 4169 et
2703 4115 2760 4170 in
2804 4133 3075 4173 summam
3108 4119 3298 4174 incidit
3329 4120 3478 4175 insa-

1919 4206 2087 4269 niam,
2117 4219 2224 4274 qua
2256 4203 2451 4259 Filium
2480 4215 2532 4260 et
2558 4215 2799 4262 creatum
2832 4216 2887 4262 et
2917 4223 2985 4264 ex
3021 4209 3190 4277 nihilo
3223 4225 3344 4266 esse
3371 4226 3478 4282 pu-

251 4315 366 4378 πῶς
389 4316 452 4367 οὐ
490 4314 804 4386 Βλασφημον
844 4314 1021 4382 λέγειν
1063 4312 1312 4383 βούλησιν
1347 4309 1451 4384 πρὸ
1493 4309 1585 4364 τοῦ
1637 4309 1810 4377 Λόγου

1919 4307 2166 4368 gnantes,
2207 4296 2348 4352 hanc
2398 4312 2552 4352 suam
2591 4298 2921 4368 impietatem
2972 4301 3094 4357 aliis
3133 4301 3311 4358 verbis
3348 4318 3482 4359 con-

322 4450 343 4479 ⁶
379 4449 542 4503 Prov.
572 4464 689 4515 vm,
722 4449 808 4501 M.
895 4449 916 4480 "
942 4446 1100 4500 Prov.
1135 4461 1216 4509 ιιι,
1250 4445 1337 4499 19.
1412 4443 1434 4474 ⁸
1466 4441 1486 4494 l
1513 4442 1637 4497 Cor.
1663 4439 1816 4507 1,24.

256 4521 301 4551 ¹¹
331 4517 478 4573 Psal.
511 4534 682 4582 Lxxu,
708 4517 802 4570 24.

325 4632 438 4701 (55)
472 4629 566 4701 Sic
600 4627 827 4701 _Reg._l,
858 4626 1082 4701 Seguer.
1114 4623 1336 4701 _G_obler.
1386 4631 1438 4676 et
1483 4618 1627 4676 Fclc.
1678 4619 1730 4673 1.
1759 4617 1819 4674 In

252 4696 374 4754 aliis
401 4696 455 4754 et
483 4696 721 4754 editione
745 4697 1005 4753 Commel.
1033 4696 1124 4749 καί
1147 4696 1317 4749 deest.

325 4769 436 4893 (561)
469 4768 561 4824 Sic
584 4769 792 4848 primus
814 4768 982 4846 code;
1004 4764 1224 4848 Begius,
1252 4761 1565 4832 Seguerian.
1595 4759 1814 4815 Gobler.

332 4839 404 4893 Fe
427 4855 480 4893 c.
514 4839 567 4892 1.
597 4840 665 4890 At
696 4838 789 4890 alii
814 4845 867 4890 et
891 4839 1040 4893 edlll,
1069 4835 1310 4893 εποίησε.
1344 4831 1485 4886 Mox.
1519 4830 1652 4893 Reg.
1692 4829 1716 4882 1
1766 4838 1814 4882 et

248 4846 308 4893 et
332 4829 480 4894 Felc.
514 4829 665 4892 L'At
696 4837 789 4890 alii
814 4845 867 4890 et
891 4837 1040 4897 editi,
1069 4829 1485 4903 ἐποίησεξΜοχ.
1519 4830 1652 4900 Reg.
1692 4829 1716 4882 1
1766 4838 1816 4882 et

251 4907 767 4980 Seguer.;imittunt
798 4906 890 4959 xui.
915 4905 1046 4980 Θεοῦ
1081 4905 1256 4980 σοφία.
1410 4969 1442 4980 Α
1617 4970 1626 4980 _

327 4967 442 5048 (57)
489 4978 582 5048 Sic
623 4977 835 5048 primus
874 4976 1042 5048 codex
1087 4967 1308 5048 Regius
1313 4980 1367 5026 et
1392 4969 1722 5048 ‘Seguerian.
1752 4967 1822 5048 At

247 5037 346 5104 alii
373 5037 794 5110 et'editi,abrbg
817 5047 846 5098 ό
867 5045 962 5115 τῆς
996 5037 1252 5115 μεγάλῆς,
1274 5041 1441 5115 Paulo
1480 5037 1601 5109 post
1621 5037 1751 5107 Reg.
1791 5038 1816 5090 ι

246 5129 305 5174 et
335 5117 679 5190 Seguerian.,
705 5111 1006 5190 διελέγχειν
1021 5115 1144 5190 τους
1167 5111 1498 5190 ἁνβρώξινα.

325 5175 572 5258 (ss'LSic
604 5175 736 5258 Reg.
764 5185 821 5258 ι,
842 5175 1066 5258 εὲευειι.
1086 5175 1298 5258 angue.
1331 5181 1485 5235 Gobl.
1514 5176 1736 5258 et_FeLc.
1766 5175 1819 5240 ι,

325 5200 441 5258 (58)
478 5200 572 5242 διο
604 5200 736 5257 neg.
764 5200 816 5250 1,
842 5200 1066 5308 Seguer.
1091 5200 1298 5252 angue.
1331 5200 1485 5235 UODI.
1514 5200 1620 5259 ειμι
1635 5200 1736 5232 CIC.
1766 5200 1819 5240 1,

244 5269 315 5312 ut
354 5267 409 5314 et
447 5254 695 5312 Nannius
723 5255 919 5326 legit”
955 5255 1101 5326 αξιοιὶ
1130 5253 1334 5326 “autem
1380 5259 1442 5326 et_
1469 5252 1634 5302 editio
1659 5245 1822 5326 Com-

245 5328 407 5393 mel.,
433 5319 851 5398 yéywsj‘uaviu
879 5323 936 5377 δὲ
956 5323 1043 5376 διὰ
1065 5321 1158 5375 τοῦ
1179 5322 1348 5390 Λόγου
1381 5319 1622 5389 γέγονεν,
1653 5319 1792 5370 omis
1809 5344 1823 5356 -

245 5400 330 5453 sis
375 5393 788 5467 int'erinediis._
821 5463 835 5467 _
927 5462 944 5467 _
1023 5461 1037 5467 _
1137 5461 1146 5467 ,
1207 5459 1281 5467 μ
1351 5459 1363 5467 ,
1578 5453 1605 5467 ,,

323 5467 440 5538 (59)
471 5466 632 5522 Gohl.
665 5473 720 5520 et
745 5462 890 5520 Felc.
920 5462 974 5528 1,
1008 5461 1081 5525 ὡς
1121 5459 1285 5515 Δασὶδ
1315 5459 1646 5528 εὐχαριστῶν
1669 5470 1818 5524 φησιο

252 5536 629 5662 Ἑάιράτὲσας.
820 5604 834 5616 ο
1596 5594 1608 5606 _
1768 5592 1780 5604 .

255 5674 284 5678 _
323 5608 437 5678 (60)
513 5605 722 5678 iclieg.
745 5617 965 5678 primus
989 5608 1043 5656 et
1077 5595 1724 5678 Seguer..Ha‘h_e_tur'I‘tem
1757 5609 1822 5678 in

242 5665 472 5734 Goble'r.
495 5689 552 5734 et
574 5665 720 5729 Fere.
737 5665 792 5739 1',
812 5674 888 5735 ὼς
911 5665 1232 5734 ἕκαστοςξεί
1257 5669 1353 5739 μή.
1385 5665 1547 5733 Editi,
1574 5665 1698 5726 Πῶς
1726 5665 1819 5718 οὖν

577 5768 855 5830 Parnm.
880 5764 999 5825 Gn.
1030 5760 1268 5824 XXVI.

1917 4435 1938 4467 ’
1970 4433 2074 4490 lsa.
2103 4450 2192 4501 ιιι,
2245 4434 2300 4488 6.
2407 4435 2496 4489 ¹⁰1
2532 4433 2769 4491 Timoth.
2803 4453 2841 4506 ι,
2877 4439 2927 4493 1.

3049 4441 3090 4472 ¹¹
3122 4440 3320 4510 Ephes.
3350 4458 3388 4505 l,
3417 4445 3473 4500 5.

1913 4619 2082 4691 βουλὴ
2108 4620 2198 4695 xui.
2229 4619 2438 4695 θέλημα
2481 4619 2573 4695 τοῦ
2609 4621 2828 4695 Πατρὸς-
2847 4623 3103 4695 ὑπάρχων
3126 4614 3173 4695 ὃ,
3196 4625 3366 4694 Λόγος
3388 4616 3486 4680 8d.-

1918 4688 2080 4774 ναται
2119 4688 2398 4774 γίγνεσθαι
2447 4690 2542 4742 xui.
2589 4688 2750 4754 αὐτὸς
2806 4688 3054 4767 βουλήσει
3097 4694 3188 4747 xui.
3237 4688 3482 4767 Θελήσει;

1919 4759 2074 4822 ἐκτὸς
2097 4761 2144 4810 εἰ
2171 4761 2264 4828 μή.
2806 4759 2817 4762 ⁷
2954 4759 2966 4767 ⁷
3350 4759 3362 4767 ’
3466 4759 3476 4762 ⁷

1924 4828 2120 4906 “(61).
2137 4827 2367 4906 [begins
2378 4829 2588 4906 primus
2619 4839 2674 4906 et
2695 4830 3097 4906 Seguerianus,
3126 4833 3223 4906 τὴν
3256 4835 3478 4889 ἀκολου-

1921 4895 2198 4972 θίανζςΑξιὶ
2225 4895 2278 4972 et
2307 4895 2458 4972 editi,
2491 4899 2585 4971 τὴν
2614 4895 2888 4972 ἁλήθεῖαν.

1993 4967 2101 5047 (62)
2141 4966 2338 5037 Regius
2372 4966 2597 5037 primus,
2641 4966 2863 5042 Seguer.
2898 4971 3113 5028 Gobler.
3160 4980 3214 5028 et
3251 4972 3395 5028 Felc.
3423 4975 3482 5040 1,

1920 5053 2108 5186 ἷαῗὲἕ)
2134 5105 2371 5186 Felckm.
2398 5107 2567 5186 5,'_hic
2589 5110 2837 5186 et_paulo
2862 5119 3003 5186 post,
3032 5110 3320 5186 γεννητῶν.
3357 5080 3497 5186 Mos

2086 5175 2140 5242 1,
2180 5175 2408 5246 λέγοιτο.
2447 5175 2785 5251 Seguerian.,
2819 5175 3077 5249 λέγοιντο.
3112 5175 3218 5235 Alii
3247 5190 3300 5236 et
3326 5183 3479 5245 editi,

2051 5263 2148 5298 ιτο.
3033 5288 3037 5292 .

1995 5315 2107 5390 (64)
2135 5313 2337 5390 Regius
2368 5317 2600 5390 primus,
2636 5319 2862 5390 Seguer.
2903 5319 3119 5390 Gobler.
3158 5330 3220 5390 et
3248 5319 3392 5377 Felc.
3423 5321 3479 5388 1,

1923 5385 2239 5462 ἀναφέρεινξ
2273 5385 2476 5462 (lateri
2502 5398 2556 5442 et
2586 5385 2739 5462 editi;
2774 5388 3130 5462 μεταφέρειν.-
3157 5389 3325 5462 Paulg
3361 5385 3484 5462 post

1924 5453 2152 5527 uterque
2191 5453 2412 5527 Regius,
2443 5456 2665 5526 Seguer.
2691 5453 2864 5527 _Ba'sil.
2904 5453 2958 5513 et
2984 5453 3230 5527 'Anglic"
3263 5453 3400 5516 εῐνᾶι
3422 5463 3482 5514 ἐν

1923 5523 2226 5602 ιιτιῖιξζςιιιιίεξὶἶ
2258 5525 2364 5602 A_lii
2396 5533 2450 5579 et
2483 5523 2633 5602 editi,
2663 5523 2891 5602 eivut‘tv
2923 5523 3268 5602 ΘεῶῇΠατρί.

1997 5592 2106 5674 (65)
2134 5592 2269 5674 Vide
2285 5593 2543 5674 Irenaeum
2571 5597 2667 5674 lib.
2693 5613 2711 5650 ι
2739 5597 3000 5654 Adversus
3013 5592 3258 5669 haereses,
3281 5616 3402 5673 cap.
3427 5600 3482 5666 1,

1928 5671 1981 5717 et
2012 5663 2368 5732 Epiphanium
2403 5665 2595 5720 haeresi
2632 5681 2780 5722 xxxi.

3055 5733 3174 5822 ιε
