3944 6222
483 283 588 342 459

1043 281 1100 336 S.
1140 277 1510 335 ATHANASll
1548 278 1696 335 OPP.
1737 278 1919 335 PARS
1958 278 1996 332 Ι.
2035 308 2105 321 —-
2142 279 2512 337 HISTORICA
2552 281 2638 335 ET
2677 281 3097 339 DOGMATICA.

3609 289 3717 344 460

484 411 711 474 tegunt,
771 417 894 481 cum
964 402 1255 456 voluntatis
1317 412 1371 455 et
1443 402 1652 456 arbitrii
1705 401 2028 471 praetendunt

2147 397 2358 456 slvatév
2386 402 2463 473 τῷ
2491 405 2695 474 Πατρὶ;
2745 405 2806 457 Εἰ
2844 405 2952 476 γὰρ
2990 410 3307 476 προηγεῖται
3355 393 3610 477 βούλησις
3655 411 3717 465 ὲν

483 497 723 561 nomina,
750 510 869 566 quae
895 494 1133 566 quidem,
1154 508 1278 548 cum
1309 492 1375 547 de
1406 492 1560 548 iactis
1591 501 1642 547 et
1667 493 1860 548 creatis
1882 493 2043 548 rebus

449 603 458 623 -'
479 602 660 645 sermo
696 596 808 652 est,
851 596 991 642 recte
1027 586 1372 640 adhibentur.
1407 585 1601 637 Annon
1645 598 1774 654 ergo
1817 582 2042 652 impium

479 691 563 736 est
615 695 698 746 ea,
750 695 876 749 quae
925 693 1106 733 rerum
1172 676 1432 730 factarum
1483 674 1701 744 propria
1747 683 1893 738 sunt,
1946 673 2046 743 ipsi

447 801 461 807 η
481 775 751 830 ascribere
778 770 1059 829 Creatori?
1091 764 1286 822 Annon
1328 765 1479 821 nefas
1525 766 1671 820 dictu
1727 772 1811 820 est
1850 765 2043 819 volun-

480 876 641 922 tatem
667 873 790 918 ante
818 862 1052 918 Verbum
1083 862 1135 915 in
1166 859 1318 913 Patre
1341 857 1501 913 esse?
1533 857 1588 911 Si
1621 855 1764 910 enim
1797 857 2047 911 voluntas

479 958 532 1010 in
566 957 724 1011 Patre
757 954 1030 1026 praecedit,
1063 968 1170 1007 non
1200 966 1328 1021 ergo
1350 963 1534 1004 verum
1568 949 1700 1003 dicit
1725 947 1896 1002 Filius
1919 964 2043 1003 cum

444 1073 446 1075 >
478 1047 573 1110 ait,
607 1044 718 1114 Ego
747 1045 800 1098 in
835 1035 1003 1098 Patre
1022 1044 1100 1106 ¹³;
1143 1049 1243 1095 ‘aut
1287 1039 1332 1094 si
1385 1039 1498 1108 ipse
1542 1053 1760 1108 quoque
1803 1040 1856 1092 in
1885 1038 2044 1093 Patre

477 1146 578 1203 est,
607 1146 751 1193 certe
777 1137 1045 1192 secundus
1088 1136 1143 1189 in
1170 1122 1284 1188 illo
1327 1147 1448 1187 esse
1487 1130 1907 1192 existimabitur,
1943 1146 2042 1185 nec

477 1244 601 1284 eum
634 1228 887 1284 convenit
916 1227 1112 1290 dicere,
1147 1224 1258 1296 Ego
1303 1225 1359 1277 in
1399 1216 1583 1286 Patre,
1619 1236 1742 1276 cum
1793 1222 2040 1276 voluntas

478 1321 532 1376 in
559 1336 666 1391 qua
698 1319 879 1374 omnia
926 1318 1066 1374 iacta
1096 1329 1242 1385 sunt,
1285 1326 1338 1372 et
1371 1317 1425 1370 in
1453 1330 1560 1385 qua
1596 1313 1712 1384 ipse
1741 1312 2039 1367 secundum

450 1415 575 1464 vos
607 1407 708 1462 fuit
733 1409 1048 1479 productus,
1084 1407 1237 1478 prior
1277 1406 1395 1476 ipso
1429 1404 1518 1459 sit.
1545 1402 1679 1456 Nam
1696 1402 2039 1472 etiamsixglo-

476 1501 556 1555 ria
591 1499 820 1564 differat,
851 1499 1206 1554 nihilominus
1241 1513 1384 1552 unus
1426 1505 1508 1551 est
1539 1509 1606 1550 ex
1653 1493 1740 1549 his
1783 1509 1905 1563 quae
1947 1509 2041 1548 vo-

2148 493 2226 578 τῷ
2246 496 2448 566 Πατρὶ,
2483 497 2580 549 οὐκ
2608 496 2858 568 ἀληθεύει
2901 497 3072 566 λέγων
3095 502 3122 552 ό
3160 499 3315 564 Υίὸς,
3350 502 3492 570 Ἐγὼ
3529 504 3599 556 ἐν
3635 503 3716 568 τῷ

2148 586 2330 653 Πατρί
2348 602 2360 615 ·
2389 587 2421 656 ἢ
2453 604 2499 640 ει
2525 590 2616 641 καὶ
2647 591 2809 653 αὐτὸς
2835 590 2944 659 (66)
2979 593 3034 644 ὲν
3067 592 3142 662 τῷ
3175 592 3348 663 Πατρί
3370 593 3516 646 ἐστιν
3536 633 3550 657 ,
3579 595 3716 648 ἀλλά

2143 676 2390 748 δεύτερος
2423 678 2821 751 λογισθήσεται,
2850 683 2943 736 καὶ
2969 684 3068 736 οὐκ
3090 683 3295 754 ἔπρεπε
3329 685 3505 752 λέγειν
3528 686 3713 750 αὑτὸν,

2159 766 2298 836 Ἐγὼ
2320 768 2390 821 ἐν
2419 767 2497 833 τῷ
2518 771 2719 839 Harp),
2749 771 2914 843 οὔσης
2953 771 3253 842 βουλήσεως
3294 773 3398 843 πρὸ
3426 773 3614 837 αὐτοῦ,
3657 775 3716 826 ὲν

2146 851 2180 930 ᾖ
2200 857 2267 911 τὰ
2291 859 2465 913 πάντα
2497 860 2685 930 γέγονε
2719 862 2850 933 (67),
2881 865 2972 918 καὶ
2994 864 3154 926 αὐτὸς
3176 863 3380 934 ὑπέστη
3407 863 3526 916 καθ’
3547 865 3712 935 ὑμᾶς.

2146 947 2262 1001 Κᾶν
2286 948 2393 1022 γὰρ
2426 955 2488 1022 τῇ
2522 953 2645 1024 δόξῃ
2679 954 2929 1026 διαφέρῃ,
2955 954 3069 1007 ἀλλ’
3093 955 3242 1008 οὐδὲν
3274 949 3432 1027 ἦττον
3477 950 3558 1018 εἷς
3597 959 3715 1008 ἐστι

2143 1039 2252 1093 τῶν
2302 1044 2365 1094 ὲκ
2409 1042 2712 1116 βουλήσεως
2742 1047 3057 1116 γινομένων.
3104 1047 3190 1110 Ὠς
3215 1046 3269 1100 δὲ
3297 1049 3353 1100 ὲν
3373 1050 3483 1110 τοῖς
3506 1047 3715 1118 ἔμπρο-

2144 1131 2268 1185 σθεν
2294 1135 2613 1206 είρήκαμεν,
2643 1139 2688 1189 εἰ
2729 1137 2900 1200 οὕτως
2937 1140 3053 1192 ἐστὶ
3079 1177 3092 1202 ,
3135 1139 3250 1202 πῶς
3286 1141 3314 1192 ό
3355 1139 3453 1210 μὲν
3487 1139 3713 1212 Κύριος,

2143 1224 2210 1277 τὰ
2241 1225 2296 1278 δὲ
2321 1226 2514 1294 δοῦλα;
2546 1231 2767 1284 Πάντων
2794 1230 2905 1299 (68)
2940 1230 2997 1282 δὲ
3021 1230 3220 1300 Κύριος
3251 1233 3506 1300 τυγχάνει
3535 1225 3712 1296 οὗτος,

2143 1313 2310 1385 ὅτιτῇ
2342 1315 2434 1368 τοῦ
2463 1318 2672 1389 Πατρός
2716 1321 2994 1390 κυριότητι
3033 1320 3265 1389 ἥνωται·
3308 1321 3401 1372 καὶ
3434 1319 3652 1383 πάντως
3677 1321 3714 1390 ἡ

2145 1405 2320 1468 κτίσις
2352 1407 2532 1480 δούλη,
2579 1411 2699 1462 ἐπεὶ
2737 1411 2891 1474 ἐκτὸς
2935 1411 3034 1480 τῆς
3061 1411 3154 1464 τοῦ
3203 1411 3413 1481 Πατρδς
3457 1403 3715 1481 ’ἑνότητός

2138 1498 2282 1563 ἐστι,
2307 1501 2399 1553 καὶ
2423 1502 2522 1554 οὐκ
2548 1500 2683 1555 οὖσά
2709 1520 2836 1556 ποτε
2859 1504 3048 1573 γέγονε
3079 1503 3211 1574 (69).

448 1582 679 1650 ἰιιηιειε
707 1596 1027 1650 efﬁciuntur.
1064 1592 1250 1660 Porro,
1278 1601 1338 1646 ut
1362 1599 1485 1646 ante
1519 1589 1777 1653 diximus,
1805 1590 1851 1645 si
1875 1589 1948 1642 ita
1974 1604 2032 1644 se
2067 1604 2152 1646 res
2183 1592 2362 1658 habet,
2392 1612 2560 1666 quare
2590 1598 2753 1668 igitur
2785 1601 2873 1654 ille
2906 1599 3168 1655 Dominus
3228 1607 3329 1666 est,
3390 1614 3477 1656 res
3515 1608 3708 1655 autem

473 1679 592 1742 alia:
637 1688 689 1740 in
747 1701 1026 1741 servorum
1072 1689 1296 1739 numero
1336 1673 1636 1737 habentur?
1685 1679 1950 1736 Nimirum
1987 1681 2252 1740 Dominus
2309 1688 2400 1743 ille
2443 1699 2546 1757 est,
2580 1677 2708 1759 quia
2740 1691 2918 1748 Patris
2967 1694 3326 1748 dominationi
3363 1703 3444 1748 est
3477 1695 3707 1749 unitus:

473 1798 560 1837 res
589 1791 765 1837 autem
802 1790 994 1836 creata:
1031 1780 1086 1833 in
1129 1793 1408 1834 servorum
1443 1785 1572 1833 sunt
1612 1789 1865 1840 numero,
1907 1777 2035 1847 quia
2105 1789 2257 1835 extra
2319 1781 2499 1840 Patris
2530 1787 2789 1841 unitatem
2820 1788 3109 1854 exsistunt,
3144 1796 3198 1842 et
3227 1785 3379 1842 facta:
3418 1796 3709 1842 suntcum

474 1869 764 1941 aliquando
795 1883 899 1923 non
926 1876 1130 1923 essent.

543 1959 624 2016 65.
650 1954 826 2015 "Certe
876 1974 999 2015 cum
1045 1958 1240 2013 Filium
1283 1957 1471 2012 volunt
1513 1956 1788 2012 voluntate
1831 1954 2028 2010 factum

2207 1958 2294 2012 65.
2330 1958 2476 2012 Ἔδει
2499 1958 2556 2012 δὲ
2585 1961 2798 2023 αὐτοὺς,
2849 1960 3102 2029 λέγοντας
3132 1961 3379 2032 βουλήσει
3419 1963 3511 2015 τὸν
3554 1963 3706 2029 Υἱὸν,

472 2068 612 2115 esse,
659 2044 847 2120 quidni
891 2051 1052 2104 etiam
1098 2048 1382 2118 prudentia
1427 2047 1630 2103 factum
1662 2062 1780 2101 esse
1819 2063 2036 2103 asseve-

473 2142 628 2196 rent?
658 2139 792 2194 Nam
839 2137 978 2195 idem
1021 2155 1142 2195 esse
1185 2141 1417 2195 arbitror
1446 2139 1778 2194 voluntatem
1824 2145 1877 2192 et
1911 2146 2038 2207 pru-

473 2234 730 2287 dentiam.
781 2229 858 2288 De
903 2239 1012 2301 qu'o
1057 2232 1201 2286 enim
1248 2232 1370 2302 quis
1412 2231 1706 2295 consultat,
1753 2229 1856 2285 hoc
1899 2231 2037 2285 idem

471 2325 753 2395 prudentia
786 2324 1067 2395 perpendit
1098 2341 1112 2378 :
1146 2325 1498 2395 vicissimque
1519 2365 1533 2388 ,
1569 2323 1714 2393 quod
1754 2323 1877 2393 quis
1911 2337 2038 2392 pru-

469 2418 649 2472 dentia
681 2417 980 2488 perpendit,
1013 2417 1078 2471 de
1101 2416 1208 2471 hoc
1238 2415 1429 2470 eodem
1462 2415 1737 2471 conSultat
1765 2422 1820 2470 et
1847 2413 2041 2468 delibe-

471 2518 573 2564 rat.
605 2508 740 2564 Hinc
767 2509 857 2563 illa
887 2507 1134 2564 Salvator
1162 2518 1349 2563 mutua
1395 2509 1535 2564 inter
1559 2525 1618 2564 se
1644 2507 1853 2562 ratione
1877 2506 2040 2562 veluti

468 2620 724 2673 germana
750 2604 912 2660 simul
946 2605 1030 2660 his
1061 2605 1238 2660 verbis
1271 2597 1541 2675 copulavit
1572 2623 1585 2657 :
1621 2604 1796 2658 Meum
1821 2612 1898 2656 est
1919 2619 2041 2657 con-

465 2697 645 2751 silium
673 2707 721 2752 et
750 2698 1026 2762 securitas,
1060 2713 1174 2752 mea
1206 2707 1281 2751 est
1312 2698 1613 2766 prudentia,
1645 2707 1761 2750 mea
1784 2705 1860 2749 est
1882 2695 2038 2764 {orti—

442 2790 594 2843 ~tndo
623 2789 687 2840 ιδ.
732 2787 868 2843 Nam
917 2797 979 2843 ut
1026 2787 1289 2843 fortitudo
1334 2796 1387 2842 et
1432 2788 1695 2844 securitas
1741 2786 1882 2841 idem
1915 2793 2036 2851 est,

467 2897 591 2935 cum
619 2881 804 2935 eadem
836 2881 907 2935 sit
931 2879 1102 2935 virtus
1127 2889 1181 2934 et
1215 2880 1454 2950 putentia
1481 2898 1495 2934 :
1523 2877 1600 2933 ita
1618 2872 1771 2933 idem
1799 2881 1883 2932 est
1909 2893 2038 2947 pru-

463 2969 648 3024 dentia
690 2976 744 3024 et
784 2969 1095 3034 consilium,
1133 2983 1254 3039 qua:
1295 2968 1408 3038 ipse
1432 2965 1595 3040 487
1629 2965 1894 3024 Dominus
1933 2977 2036 3024 est.

462 3058 537 3112 ’Λι
567 3059 760 3114 nolunt
785 3056 936 3128 impii
959 3057 1154 3112 Filium
1179 3055 1416 3112 Verbum
1449 3066 1503 3112 et
1531 3058 1718 3112 vivens
1750 3057 2035 3113 consilium

465 3165 586 3204 esse
614 3166 627 3201 :
664 3149 756 3205 sed
782 3149 1120 3221 prudentiam
1138 3191 1153 3217 ,
1179 3149 1463 3203 consilium
1491 3157 1544 3202 et
1571 3149 1892 3218 sapientiam
1921 3147 2036 3203 vel-

467 3252 525 3295 ut
569 3243 809 3296 habitum
868 3241 1154 3312 quemdam
1199 3239 1348 3304 Deo,
1384 3241 1625 3295 humano
1659 3255 1831 3305 more,
1873 3238 2034 3295 modo

2139 2049 2330 2113 είπεῖν,
2356 2049 2438 2101 ὅτι
2462 2050 2553 2102 κα).
2588 2050 2842 2121 φρονήσει
2873 2049 3062 2118 γέγονε
3083 2067 3095 2079 ο
3117 2051 3312 2104 ταύτὸν
3337 2050 3444 2121 γὰρ
3469 2052 3710 2123 ἠγοῦμαι

2139 2141 2396 2212 φρόνησιν
2431 2140 2545 2212 (70)
2578 2142 2669 2194 κα).
2692 2132 2943 2211 βούλησιν
2971 2137 3128 2195 εἷναι.
3170 2145 3232 2196 Ὃ
3261 2142 3365 2214 γὰρ
3393 2143 3707 2214 βουλεύεται

2138 2249 2239 2297 τις,
2269 2231 2424 2284 τοῦτο
2451 2232 2666 2296 πάντως
2693 2234 2786 2286 καὶ
2825 2236 3049 2303 φρονεῖν
3102 2235 3195 2287 καὶ
3227 2233 3255 2285 ὃ
3298 2237 3502 2305 φρονεῖ,
3552 2234 3709 2287 τοῦτο

2138 2324 2232 2378 καὶ
2255 2323 2580 2394 βουλεύεται.
2615 2325 2786 2388 Αὐτὸς
2811 2324 2939 2393 γοῦν
2969 2325 3079 2396 (71)
3104 2327 3131 2376 ὁ
3163 2327 3354 2396 Σωτὴρ
3385 2327 3460 2388 ὡς
3502 2325 3707 2395 ἀδελφὰ

2137 2416 2308 2470 ταῦτα
2325 2420 2391 2488 τῇ
2421 2417 2680 2487 ἀναλογίᾳ
2707 2416 2939 2486 συνῆψεν
2961 2417 3075 2488 ἅμα
3094 2417 3267 2486 λέγων
3288 2435 3301 2448 ·
3338 2416 3480 2487 Ἐμὴ
3498 2417 3705 2486 ,ϐουλὴ

2137 2507 2237 2560 καὶ
2274 2507 2594 2577 ἀσφάλεια,
2625 2507 2737 2576 ἐμὴ
2764 2509 3078 2576 φρόνησις,
3108 2507 3220 2577 ἐμὴ
3251 2507 3320 2561 δὲ
3360 2510 3559 2576 ἰσχύς.
3620 2506 3706 2571 Ὧς

2137 2599 2245 2671 γὰρ
2287 2602 2438 2670 ἰσχὺς
2469 2602 2560 2654 καὶ
2592 2601 2856 2668 ἀσφάλεια
2885 2602 3077 2654 ταύτόν
3117 2599 3294 2665 ἐστιν,
3347 2604 3380 2672 ἡ
3419 2602 3554 2673 αὐτὴ
3597 2602 3704 2674 γὰρ

2136 2688 2360 2760 δύναμίς
2383 2692 2526 2743 ἐστιν
2546 2707 2558 2720 ·
2595 2690 2734 2743 οὕτω
2761 2691 2955 2743 ταύτόν
2977 2693 3123 2746 ἐστιν
3156 2693 3324 2745 εἰπεῖν
3369 2691 3466 2762 τὴν
3505 2686 3708 2764 φρόνη-

2140 2797 2221 2834 σιν
2249 2782 2342 2834 καὶ
2362 2781 2460 2852 τὴν
2499 2781 2690 2852 βουλὴν
2725 2782 2837 2854 (72)
2869 2780 3040 2851 εἶναι,
3069 2783 3211 2854 ἅπερ
3238 2783 3384 2835 ἐστὶν
3408 2785 3436 2836 ό
3477 2783 3702 2854 Κύριος.

2150 2870 2285 2923 Ἀλλ’
2310 2873 2359 2923 οἱ
2393 2871 2605 2935 ἀσεϐεῖς
2657 2874 2716 2924 οὐ
2769 2872 2976 2927 θέλουσι
3022 2873 3120 2943 μὲν
3170 2874 3340 2942 Λόγον
3384 2873 3476 2927 καὶ
3509 2872 3703 2946 βουλὴν

2137 2959 2315 3025 ζῶσαν
2347 2957 2485 3014 εἶναι
2534 2962 2623 3015 τὸν
2655 2963 2782 3016 Υίόν
2803 2982 2815 2994 ·
2851 2965 2976 3035 περὶ
3021 2964 3077 3016 δὲ
3131 2964 3223 3018 τὸν
3255 2964 3384 3018 Θεὸν
3440 2967 3701 3036 φρόνησιν

2135 3049 2229 3102 καὶ
2253 3049 2445 3120 βουλὴν
2467 3050 2559 3102 καὶ
2587 3050 2772 3118 σοφίαν
2802 3049 2876 3113 ὡς
2899 3051 3010 3115 ἕξιν
3041 3051 3435 3121 συμϐαίνουσαν
3458 3051 3551 3105 καὶ
3572 3051 3703 3104 ἀπο-

2135 3159 2200 3194 συ
2208 3139 2534 3213 μϐαίνουσαν
2594 3144 2945 3216 ἀνθρωπίνως
3003 3143 3246 3214 γίνεσθαι
3303 3143 3656 3215 μυθολογοῦσι
3681 3183 3698 3210 ,

2136 3233 2227 3285 καὶ
2255 3234 2427 3287 πάντα
2455 3233 2682 3299 κινοῦσι,
2711 3236 2804 3289 καὶ
2829 3235 2928 3307 τὴν
2961 3236 3310 3291 Οὐαλεντίνου
3357 3237 3564 3290 ἔννοιαν
3607 3238 3700 3290 καὶ

440 3331 675 3398 'adesse,
719 3333 880 3387 modo
925 3331 1115 3386 abesse
1165 3331 1392 3401 ﬁngunt,
1437 3344 1766 3399 omnemque
1797 3329 2028 3400 lapidem

2141 3322 2346 3393 θέλησιν
2372 3323 2790 3405 ςπροϐἀλλονται,
2820 3327 2905 3380 ἵνα
2928 3327 3085 3398 μόνον
3105 3328 3430 3397 διαστήσωσι
3458 3327 3549 3380 τὸν
3572 3325 3699 3380 Υίδν

443 3431 703 3488 "movent,
749 3437 812 3475 ac
849 3420 1121 3476 Valentini
1167 3420 1510 3492 prmtendunt
1549 3421 1931 3490 cogitationem
1977 3429 2030 3476 et

451 3515 792 3568 voluntatem
813 3553 828 3579 ,
855 3529 919 3568 ea
950 3522 1157 3569 tantum
1189 3521 1366 3568 mente
1404 3521 1463 3566 ut
1489 3510 1686 3565 Filium
1721 3519 1972 3581 separent
1998 3525 2029 3564 a

448 3599 642 3670 'Patre,
674 3621 772 3660 nec
796 3605 1073 3674 praprium
1103 3605 1253 3659 illum
1281 3602 1461 3658 Patris
1494 3602 1732 3658 Verbum
1779 3602 1874 3657 sed
1913 3617 2027 3657 rem

441 3703 698 3747 screatam
747 3709 866 3749 esse
915 3693 1204 3749 fateantur.
1251 3693 1378 3748 Haec
1421 3693 1606 3762 itaque
1661 3692 1782 3747 illos
1837 3693 2028 3747 audire

449 3787 716 3840 'convenit
742 3785 938 3841 similia
971 3786 1073 3852 his,
1105 3800 1226 3855 quae
1257 3785 1384 3838 olim
1415 3785 1482 3838 ad
1510 3783 1783 3838 Simonem
1813 3782 2028 3854 Magum

346 3931 351 3936 ,
458 3877 602 3931 dicta
652 3886 780 3932 sunt
812 3877 854 3909 "‘
897 3895 910 3930 :
955 3876 1206 3948 Impietas
1242 3875 1512 3931 Valentini
1547 3875 1827 3930 vobiscum
1862 3873 1931 3928 sit
1972 3874 2027 3927 in

367 4020 372 4023 _
463 3969 774 4022 interitum!
810 3966 1049 4038 Quisque
1093 3975 1272 4024 autem
1321 3965 1600 4022 Salomoni
1634 3964 1813 4037 potius
1845 3962 2026 4019 credat

463 4056 698 4111 Verbum
729 4058 1044 4127 sapientiam
1070 4066 1124 4113 et
1148 4057 1484 4128 prudentiam
1519 4071 1640 4111 esse
1671 4053 1894 4119 dicenti,
1929 4069 2024 4108 cu-

456 4147 548 4214 jus
599 4149 710 4202 haec
748 4147 1005 4201 nimirum
1049 4157 1177 4203 sunt
1219 4147 1424 4202 verba:
1460 4144 1719 4201 Dominus
1765 4143 2024 4212 sapientia

465 4236 701 4304 fundavit
732 4247 944 4304 terram,
975 4247 1024 4292 et
1047 4239 1200 4294 uetas
1231 4238 1287 4292 in
1311 4236 1593 4308 prudentia
1613 4235 1823 4305 paravit
1857 4234 1920 4288 η.
1950 4231 2023 4288 Ut

462 4343 588 4383 vero
614 4328 700 4384 hic
723 4329 889 4386 caelos
923 4329 980 4384 in
1014 4330 1322 4400 prudentia,
1368 4328 1444 4384 ita
1467 4329 1524 4382 in
1551 4325 1784 4382 Psalmis
1815 4341 1830 4379 :
1855 4323 2018 4379 Verbo

2129 3413 2236 3470 ἀπὸ
2267 3414 2360 3468 τοῦ
2379 3416 2607 3489 Πατρός,
2633 3419 2726 3471 καὶ
2759 3418 2831 3489 μὴ
2859 3418 3084 3473 εἴπωσιν
3111 3421 3238 3472 ἴδιον
3272 3414 3432 3473 αὐτὸν
3460 3419 3552 3472 τοῦ
3585 3420 3699 3473 Πα-

2128 3506 2256 3576 τρὸς
2304 3502 2441 3561 εἶναι
2487 3509 2694 3578 Λόγον,
2740 3510 2875 3564 ἀλλὰ
2918 3513 3143 3582 κτίσμα.
3199 3513 3425 3565 Ἐκεῖνοι
3477 3512 3574 3582 μὲν
3603 3505 3699 3564 οὖν

2131 3598 2496 3664 ἀκουέτωσαν,
2526 3601 2600 3664 ὡς
2623 3599 2804 3672 Σίμων
2835 3603 2863 3654 ό
2884 3602 3070 3670 Μάγος
3097 3603 3325 3673 ἤκουσεν
3346 3619 3359 3632 ·
3397 3605 3461 3656 Ἥ
3476 3603 3697 3657 ἀσέϐεια

2133 3689 2482 3744 Οὐαλεντίνου
2510 3693 2603 3745 σὺν
2627 3693 2752 3764 ὑμῖν
2785 3693 2871 3765 είη
2897 3695 2976 3758 είς
3003 3695 3273 3748 ἀπώλειαν
3299 3697 3311 3748 !
3364 3696 3593 3757 ἕκαστος
3638 3695 3696 3748 δὲ

2137 3779 2406 3850 Σολομῶνι
2433 3781 2541 3851 (75)
2572 3782 2768 3853 μᾶλλον
2810 3784 3075 3839 πειθέσθω
3114 3786 3321 3854 λέγοντι
3364 3787 3524 3840 αὑτὸν
3558 3782 3695 3838 εῖναι

2137 3871 2326 3940 σοφίαν
2348 3873 2441 3925 καὶ
2475 3873 2732 3944 φρόνησιν
2758 3874 2848 3927 τὸν
2877 3875 3066 3944 Λόγον.
3097 3876 3232 3947 Φησὶ
3276 3877 3384 3947 γάρ
3404 3893 3415 3905 ·
3463 3877 3515 3927 Ὁ
3551 3876 3696 3941 Θεὸς

2133 3959 2208 4029 τῇ
2232 3963 2415 4030 σοφίᾳ
2437 3962 2789 4032 ἐθεμελίωσε
2829 3965 2944 4029 τὴν
2973 3964 3105 4034 .τῆν
3127 3965 3237 4036 (74)
3259 3984 3274 3999 ο
3307 3967 3596 4036 ἡτοίμασε
3625 3965 3696 4018 δὲ

2131 4053 2427 4120 οὐρανοὺς
2449 4055 2518 4107 ἐν
2541 4055 2828 4123 φρονήσει
2857 4056 2999 4127 (75)·
3031 4057 3106 4121 ὡς
3130 4057 3186 4109 δὲ
3205 4051 3305 4109 ὧδε
3333 4059 3389 4108 ὲν
3413 4059 3690 4128 φρονήσει,

2124 4142 2296 4207 οὕτως
2338 4146 2395 4197 ὲν
2446 4145 2727 4217 Ψαλμοῖς·
2774 4146 2859 4212 Τῷ
2911 4149 3078 4218 Λόγῳ
3105 4150 3325 4216 Κυρίου
3363 4151 3418 4202 οι
3447 4150 3690 4218 οὐρανοὶ
3770 4209 3772 4212 τ

2121 4235 2590 4305 ἐστερεώθησαν.
2645 4239 2730 4300 Ὡς
2773 4239 2830 4292 δὲ
2861 4239 2937 4310 τῷ
2980 4241 3136 4311 Λόγῳ
3181 4238 3229 4293 οί
3259 4242 3497 4312 οὐρανοὶ,
3550 4241 3692 4294 οὕτω

2125 4325 2320 4391 πάντα,
2355 4327 2453 4380 ὅσα
2485 4327 2596 4399 (76)
2626 4329 2907 4401 ἠθέλησεν,
2938 4332 3190 4412 ὲποίησες
3223 4333 3316 4387 καὶ
3345 4333 3420 4396 ὡς
3451 4336 3480 4387 ό
3529 4333 3690 4387 ’Λπό-

532 4496 575 4527 ¹⁹
601 4494 755 4550 Joan.
781 4511 893 4560 xw,
918 4495 1004 4552 10.
1080 4495 1125 4527 ⁸⁸
1154 4494 1312 4552 Prov.
1337 4508 1456 4558 vm,
1487 4494 1574 4548 Μ.
1652 4492 1697 4524 η
1738 4491 1860 4547 Act.
1890 4507 2011 4560 vm,

2216 4493 2258 4524 ¹⁶
2274 4493 2432 4548 Prov.
2461 4508 2546 4560 tu,
2577 4495 2664 4549 19.

671 4647 811 4725 Eelc.
843 4647 902 4725 ᾖ
935 4657 986 4702 et
1001 4646 1302 4725 gditi,_ﬁ_si
1330 4644 1412 4725 μὴ
1440 4643 1619 4725 αὐτός.
1651 4642 1758 4697 Alii
1787 4660 1942 4725 mss,
1977 4644 2012 4725 ἢ

458 4722 508 4775 εί
533 4713 630 4773 Stat
654 4718 830 4780 αὑτός.
855 4715 978 4789 Mox
1001 4717 1131 4789 Reg.
1149 4713 1371 4787 1,'Seg'.,
1387 4713 1795 4784 λογισθήσεται.
1820 4713 2012 4769 Caeteri

457 4801 510 4846 et
534 4790 680 4852 editi,
706 4786 1104 4858 νοιέισοήσεταιξ

530 4861 640 4929 (67)
667 4845 928 4933 Sic'Reg.'
968 4856 991 4910 1
1040 4866 1093 4910 ει
1121 4857 1341 4926 Seguer.
1381 4852 1451 4906 At
1491 4853 1585 4907 alii
1613 4861 1668 4908 et
1699 4852 1849 4914 editi,
1891 4845 2013 4975 ἐνῇ

530 4945 654 4975 ivra-
683 4927 849 4975 Paulo
881 4937 998 4975 mst
1027 4925 1156 4975 Rea.
1185 4926 1235 4975 l.
1269 4923 1491 4975 Seauer.
1526 4923 1696 4975 Gobl.
1727 4931 1781 4975 et
1804 4921 1956 4975 Felc.

457 4921 654 4985 πάντα.
683 4921 998 4994 Paulorpost
1027 4925 1156 4997 Reg.
1177 4921 1235 4997 ἱ,
1269 4923 1491 4997 Seguer.
1510 4923 1568 4997 ρ
1583 4923 1696 4978 obl.
1727 4921 1956 4997 etFelc.

455 5001 561 5053 τῶν
588 5003 651 5051 ὲκ
679 4992 976 5069 βουλήσεως
999 4992 1315 5068 γινομένων,
1349 4992 1436 5047 ubi
1477 4993 1566 5047 alii
1589 5002 1644 5047 et
1676 4992 1825 5058 editi,
1855 5009 2011 5061 γενο-

457 5070 652 5140 μένων.

527 5139 638 5209 (68)
666 5137 758 5192 Sic
788 5136 992 5209 primus
1020 5135 1184 5209 codex
1227 5132 1427 5202 Regius
1465 5129 1863 5209 et__Seguer._ln
1893 5131 2010 5185 An-

488 5201 581 5263 lic.
620 5201 857 5262 habetur
897 5207 1023 5260 item
1063 5206 1296 5269 πάντων,
1315 5201 1388 5256 ’ut
1426 5211 1480 5256 et
1512 5201 1756 5255 Nannius
1781 5202 2012 5269 legerat.

503 5279 846 5350 oblc_rian._et
875 5273 1016 5331 Felc.
1051 5276 1102 5338 1,
1129 5275 1204 5350 τά-
1233 5265 1291 5350 ᾷὲ
1314 5270 1480 5350 domm:
1505 5272 1759 5350 τυγχάνει
1764 5288 1804 5350 ἑ.
1833 5265 2007 5350 ὀξῧτρςν

452 5348 553 5402 ὅτι.
594 5347 784 5402 Caneri
817 5355 992 5400 autem
1024 5355 1078 5400 et
1121 5344 1248 5400 editi
1282 5343 1361 5397 sic
1394 5339 1640 5396 habent?
1669 5340 1736 5394 τά
1759 5339 1816 5393 δὲ
1849 5339 2010 5394 δοῦλα

461 5417 739 5486 summa};
773 5415 995 5486 Πᾴντως
1013 5415 1070 5468 δὲ
1096 5414 1299 5486 Κύριος
1324 5404 1636 5486 οὗτοςηειε.

527 5436 556 5484 γ
594 5436 739 5481 ανει;
775 5436 995 5478 ιιαντως
1013 5436 1070 5468 οε
1098 5436 1299 5486 ιιυριος
1324 5436 1500 5475 ουτος,
1531 5436 1636 5465 etc.

527 5436 636 5556 (6(9)
671 5485 799 5555 Reg.
826 5485 876 5548 1,
903 5485 1147 5556 Seguer.,
1172 5484 1411 5555 γέγονεν.
1438 5480 1582 5536 Editi
1614 5489 1667 5536 et
1691 5480 1804 5545 alii,
1828 5478 2015 5548 ἐπιγέ-

493 5572 630 5608 ονεν.

457 5572 636 5692 γοῖξῖὶ)
667 5622 864 5691 Regius
906 5623 1133 5693 primus,
1173 5621 1392 5693 Seguer.
1435 5620 1649 5693 Gobler.
1701 5627 1752 5673 et
1781 5617 1936 5693 Felc.
1960 5619 2014 5693 1,

455 5689 721 5764 φρόνημα.
750 5689 923 5749 Iidem
945 5708 1086 5758 mox,
1119 5689 1520 5754 τοῦτόοπάντως
1553 5691 1643 5744 καὶ
1683 5691 1883 5758 φρονεῖ.
1913 5689 2017 5743 Alii

2057 4627 2102 4682 D
2125 4635 2180 4680 et
2205 4626 2367 4699 editi,
2383 4625 2540 4699 τοῦτο
2571 4629 2664 4681 κα)⁷
2694 4633 2896 4699 φρονεῖ.

2193 4696 2304 4768 (71)
2336 4696 2534 4766 Regius
2568 4696 2798 4768 primus,
2842 4698 3060 4766 Seguer.
3108 4697 3320 4754 Gobler.
3354 4709 3406 4754 et
3448 4697 3594 4754 Felc.
3629 4701 3684 4766 1,

2117 4767 2266 4840 γοῦν,
2313 4777 2366 4840 ει
2408 4767 2766 4840 ῐηοχ,ίταῢτα
2805 4771 2869 4840 τῇ
2898 4768 3169 4840 ἀναλογίᾳ
3208 4769 3458 4840 συνῆψεν.
3501 4772 3608 4825 Κιίἱ
3634 4781 3688 4828 et

2117 4825 2267 4908 editi,
2294 4833 2406 4908 οῇν,
2440 4847 2512 4908 et,
2541 4825 2717 4891 ’ταῦτα
2746 4825 2998 4908 συνῆψεν.

2188 4905 2300 4981 (72)
2329 4907 2758 4981 Regiusgprimus
2785 4905 3095 4981 etASegner.
3133 4908 3221 4964 hic
3257 4918 3310 4964 et
3353 4909 3512 4980 paulo
3538 4919 3684 4981 post,

2110 4977 2329 5049 βουλήν.
2351 4977 2552 5049 pateri
2586 4987 2638 5032 et
2671 4977 2820 5049 editi,
2847 4976 3117 5049 βούλησιν.

2187 5045 2300 5117 (75)
2346 5046 2435 5101 Sic
2469 5045 2598 5117 Reg.
2634 5051 2682 5111 t,
2718 5045 2940 5116 Seguer.
2975 5045 3137 5102 Basil.
3165 5047 3383 5103 Gobler.
3411 5059 3467 5103 et
3494 5048 3678 5105 Felck.

2119 5117 2168 5171 1.
2202 5118 2385 5189 Atalij
2419 5126 2473 5189 et
2499 5117 2663 5189 editio
2692 5117 3147 5189 Commeliniana,
3169 5119 3468 5189 Σαλομῶνι.

2188 5187 2299 5261 (74)
2335 5187 2691 5261 Goblerianus
2712 5197 2767 5261 et
2785 5186 3136 5261 Felckmanni
3159 5186 3386 5261 primus,
3420 5191 3486 5261 τῇ
3519 5189 3683 5261 σοφία

2115 5255 2479 5329 ᾠκοδόμησεν,
2508 5257 2672 5328 ἠγουν
2706 5257 3031 5329 ἐθεμελίωσε
3059 5255 3310 5329 τὴνγῆν.
3560 5328 3564 5329 ν
3597 5255 3608 5259 ⁷

2189 5327 2300 5398 (75)
2341 5327 2431 5382 Sic
2466 5327 2596 5396 lieg.
2638 5330 2688 5390 i,
2731 5327 3198 5398 SegueraAnglic.
3231 5339 3393 5398 atque
3437 5327 3512 5382 ita
3552 5327 3684 5398 legit

2116 5394 2382 5470 Nannius.
2413 5394 2774 5470 Goblerianus
2807 5394 3240 5470 etiFelcltu—ianni
3287 5394 3515 5470 primus,
3546 5394 3682 5470 φρο·

2122 5471 2296 5548 χήσει.
2331 5468 2440 5520 Καὶ
2467 5467 2649 5548 Δαὸὶδ,
2816 5467 3126 5548 Aenea-Alii
3157 5476 3210 5548 et
3235 5467 3407 5548 editio
3429 5467 3684 5548 {Somnic-

2120 5535 2649 5622 iliiigil‘il,n<?povﬁ'65t,
2675 5535 2844 5622 οὕτως
2879 5535 3234 5622 ὲνζᾺΨαλιὲοῖς,
3265 5536 3352 5606 Τῷ
3369 5537 3560 5622 ,Λόχιμ

2193 5607 2302 5735 (76)
2345 5605 2434 5662 Sic
2469 5605 2678 5677 primus
2729 5608 2892 5662 codex
2940 5605 3070 5675 Reg.
3100 5605 3334 5673 ’Seguer.
3367 5605 3586 5662 Gobler.
3625 5616 3682 5662 et

2121 5679 2193 5737 Fc
2217 5678 2357 5735 0km.
2389 5679 2440 5734 1.
2475 5678 2540 5732 At
2581 5678 2756 5732 caeteri
2797 5686 2851 5731 ct
2889 5677 3036 5742 editi,
3065 5676 3508 5748 ἐστερεώθησαν·
3542 5675 3682 5730 οὕτω
