3944 6222
301 309 400 365 461

1391 305 1650 362 ORATIO
1690 304 1756 360 ΙΙΙ
1796 303 2432 376 (ΣΟΝΤΒΑΪΑΒΙΑΝΟΒ.

3448 319 3552 373 462

303 433 485 499 στολος
515 434 715 506 γράφει
740 432 1187 487 Θεσσαλονικεῦσι
1205 449 1217 460 ·
1244 432 1312 485 Τὸ
1335 429 1564 500 θέλημα
1591 431 1696 485 τοῦ
1728 431 1871 484 Θεοῦ

1980 430 2195 484 Domini
2227 433 2468 501 ﬁrmatos
2493 450 2601 488 esse
2629 435 2670 466 ¹⁷
2700 434 2920 492 dicitur.
2957 434 3210 508 Ut"porro
3234 437 3411 495 Verbo
3430 444 3556 498 caeli

299 527 368 579 ἐν
391 523 627 593 Χριστῷ
659 523 854 592 Ἰησοῦ
881 524 1074 577 ἐστιν.
1092 521 1150 576 '0
1165 521 1274 594 ἄρα
1288 519 1381 574 τοῦ
1403 519 1540 574 Θεοῦ
1560 520 1882 584 Υἱὸς,ἀὺτός

299 620 447 672 ἐστιν
467 620 494 671 6
513 617 685 685 Λόγος
702 617 793 668 καὶ
814 618 846 688 ή
874 615 1054 685 σοφία,
1072 614 1280 685 αὑτὸςή
1299 613 1558 685 φρόνησις
1573 613 1666 666 καὶ
1685 614 1717 682 ή
1733 610 1882 677 ζῶσα

302 708 502 778 βουλή·
545 707 637 761 καὶ
689 709 748 760 ἐν
792 704 939 777 αὐτῷ
975 705 1036 758 τὸ
1087 703 1296 776 θέλημα
1319 703 1414 756 τοῦ
1451 703 1660 772 Πατρός
1711 705 1876 756 ἐστιν·

297 799 462 862 αὐτὸς
502 798 750 868 ἀλήθεια,
791 798 884 850 καὶ
937 795 1072 865 φῶς,
1131 796 1226 850 καὶ⁹
1272 795 1498 865 δύναμις
1530 794 1624 846 τοῦ
1665 791 1878 864 Πατρός

297 891 463 943 ἐστιν.
527 891 589 942 Εἰ
633 890 690 942 δὲ
741 892 774 960 ή
839 888 1089 959 βούλησις
1125 887 1220 941 τοῦ
1276 886 1447 951 Θεοῦ,
1482 887 1516 956 ἡ
1565 885 1724 954 σοφία
1761 887 1902 938 ἐστὶν

295 983 390 1035 καὶ
430 985 463 1053 ή
494 983 777 1053 φρόνησις,
803 982 832 1033 6
857 982 913 1034 δὲ
945 981 1071 1043 Υἱός
1110 983 1256 1033 ἐστιν
1285 981 1318 1050 ἡ
1350 980 1538 1047 σοφία’
1577 979 1606 1030 6
1639 976 1748 1048 ἄρα
1786 975 1876 1028 λέ-

295 1091 407 1142 γων
435 1072 552 1144 ('77)
589 1073 841 1144 βουλήσει
867 1072 956 1125 τὸν
986 1071 1113 1124 Υἱδν
1143 1071 1257 1124 ῐσον
1285 1067 1526 1139 λέγειτῷ
1554 1068 1652 1140 τὴν
1675 1066 1876 1137 Σοφίαν

295 1167 544 1236 ὲνΣοφίᾳ
559 1165 862 1233 γεγονέναι,
883 1164 976 1217 καὶ
1013 1163 1103 1215 τὸν
1137 1162 1264 1215 Υἱὸν
1295 1163 1352 1214 ἑν
1383 1159 1496 1230 Υίῷ
1525 1157 1876 1228 πεποιῆσθαι,

297 1259 390 1312 καὶ
405 1257 496 1310 διὰ
520 1257 615 1310 τοῦ
638 1258 810 1324 Λόγου
840 1256 931 1310 τὸν
947 1257 1118 1324 Λόγον
1136 1254 1402 1308 ἐκτίσθαι.
1431 1252 1599 1306 Τοῦτο
1613 1252 1669 1305 δὲ
1683 1255 1777 1306 καὶ
1796 1252 1875 1322 τῷ

290 1350 410 1419 Θεῷ
442 1350 696 1420 μάχεται,
727 1350 822 1403 καὶ
851 1351 969 1411 ταῖς
995 1350 1126 1418 παρ’
1144 1347 1304 1399 αὑτοῦ
1323 1346 1434 1416 (78)
1456 1345 1698 1416 Γραφαῖς
1717 1345 1874 1396 ἐναν-

289 1441 501 1493 τιοῦται
525 1457 541 1470 ο
579 1441 674 1493 καὶ
716 1439 825 1509 γὰρ
880 1439 973 1490 καὶ
1016 1441 1044 1491 6
1081 1436 1398 1499 Ἀπόστολος
1423 1436 1482 1488 οὑ
1531 1434 1872 1505 βουλήσεως,

292 1533 426 1586 ἀλλὰ
465 1533 643 1602 αὐτῆς
669 1534 769 1602 τῆς
796 1531 1067 1600 πατρικῆς
1100 1531 1212 1600 (79)
1241 1528 1428 1592 οὐσίας
1467 1528 1595 1580 ἴδιον
1622 1526 1872 1594 ἀπαύγα-

291 1645 402 1698 σμα
430 1629 529 1681 καὶ
557 1625 882 1698 χαρακτῆρα
908 1625 998 1679 τὸν
1031 1624 1157 1677 Υἱὸν
1181 1622 1460 1694 κηρύττει,
1511 1621 1682 1689 λέγων
1702 1637 1716 1653 ·
1769 1622 1874 1685 Ὃς

287 1720 372 1773 ὢν
396 1721 772 1788 ἀπαύγασμα
801 1717 911 1785 τῆς
938 1717 1127 1785 δόξης
1141 1716 1240 1769 καὶ
1265 1713 1569 1784 χαρακτὴρ
1598 1713 1708 1780 τῆς
1725 1715 1872 1766 ὐπο-

288 1786 808 1876 στάσεως-αὐτοῦ.
845 1810 908 1862 Εἰ
947 1809 1025 1873 δὲ,
1051 1809 1128 1872 ὡς
1163 1808 1573 1880 προειρήκαμεν
1617 1805 1769 1875 (80),
1808 1805 1872 1857 ἐκ
1903 1786 1946 1841 Β

290 1904 600 1974 βουλήσεως
624 1903 722 1955 οὑκ
751 1901 897 1954 ἔστιν
923 1903 956 1971 ή
980 1901 1218 1972 πατρική
1241 1899 1398 1952 οὐσία
1429 1898 1522 1950 καὶ
1551 1896 1871 1962 ὑπόστασις,

287 1995 531 2066 εὔδηλον,
557 1996 632 2059 ὠς
655 1994 778 2048 οὔτε
798 1995 859 2046 τὸ
886 1994 1015 2047 ῐδιον
1029 1993 1129 2064 τῆς
1150 1992 1421 2063 πατρικῆς
1443 1989 1792 2052 ὑποστάσεως
1810 1991 1875 2042 ὲκ

289 2089 597 2160 βουλήσεως
627 2088 691 2143 ἂν
719 2088 823 2158 εἴη.
843 2087 1032 2140 Ὀποία
1060 2088 1167 2157 γὰρ
1251 2085 1343 2137 καὶ
1373 2084 1446 2146 ὡς
1465 2081 1560 2135 ἐὰν
1639 2083 1673 2152 ή
1700 2097 1876 2152 μακαο

289 2181 376 2251 pla
409 2181 524 2251 (8!)
551 2181 736 2251 ἐκείνη
764 2179 1082 2241 ὑπόστασις,
1121 2175 1362 2229 τοιοῦτον
1405 2174 1499 2227 καὶ
1539 2173 1713 2235 οὕτως
1740 2168 1880 2225 εἶναι

287 2274 374 2325 καὶ
397 2273 458 2324 τὸ
477 2273 610 2324 ἴδιον
650 2271 710 2335 ἐξ
755 2271 923 2340 αὐτῆς
969 2268 1214 2337 γέννημα
1237 2267 1334 2319 δεῖ.
1365 2265 1474 2318 Καὶ
1498 2265 1658 2327 αὐτὸς
1689 2263 1818 2332 γοῦν
1848 2263 1878 2315 ὁ

286 2365 435 2436 Πατὴ
444 2383 477 2436 ρ
495 2364 597 2418 οὐκ
618 2360 770 2417 εἶπεν
786 2381 799 2394 ο
825 2357 990 2426 Οὗτός
1017 2365 1160 2415 ἐστιν
1181 2363 1209 2411 6
1231 2359 1478 2430 βουλήσει
1510 2375 1610 2429 μου
1639 2355 1881 2450 γεγονὼς

285 2456 430 2520 Υἱὸς,
456 2456 709 2519 οὑδὲ,“ον
739 2456 858 2508 κατ’
880 2454 1126 2506 εὐδοκίαν
1155 2451 1312 2522 ἔσχον
1348 2450 1495 2502 Υίόψ
1523 2449 1638 2502 ἀλλ’
1671 2448 1874 2512 ἁπλῶς,

296 2551 348 2602 Ὀ
373 2551 506 2614 Υἱός
530 2567 653 2618 μου
685 2549 818 2618 (82),
848 2548 938 2600 καὶ
963 2547 1182 2617 μᾶλλον,
1200 2547 1303 2598 Ἐν
1327 2537 1374 2610 ᾧ
1393 2543 1712 2612 ηὐδόκησα
1729 2559 1742 2572 ’
1773 2541 1874 2594 δει-

285 2641 415 2702 κνὺς
455 2641 521 2692 ἐκ
556 2640 781 2701 τούτων,
805 2640 908 2702 ὅτι,
933 2637 1096 2690 Φύσει
1126 2636 1223 2706 μὲν
1249 2629 1403 2697 οὗτός
1453 2635 1600 2686 ἐστιν
1629 2632 1775 2697 Υἱὸς,
1813 2633 1871 2685 ἐν

286 2731 432 2802 αὑτῷ
453 2732 512 2784 δὲ
552 2732 804 2802 τῶν-ἐμοὶ
830 2730 1138 2799 εδοκοὺντων
1181 2731 1213 2798 ή
1257 2727 1507 2798 βούλησις
1539 2725 1845 2780 ἀπόκειται.

1985 523 2184 576 ﬁrmati
2231 533 2380 590 sunt,
2415 523 2496 579 sic
2527 540 2867 594 quacunque
2913 525 3084 580 voluit
3123 527 3255 583 fecit
3282 530 3348 596 ⁸⁸,
3388 541 3442 586 et
3497 542 3558 586 ut

1982 611 2274 682 Apostolus
2300 613 2367 668 ad
2387 611 2903 670 'l‘bessalonicenses
2925 615 3136 681 scribit,
3176 615 3430 674 Voluntas
3453 618 3556 676 Dei

1981 703 2037 756 in
2063 702 2275 758 Christo
2301 703 2430 758 Jesu
2458 715 2535 759 est
2564 705 2626 760 ".
2657 707 2828 777 igitur
2853 705 2949 762 Dei
2980 705 3154 764 Filius
3180 709 3296 778 ipse
3317 719 3399 766 est
3424 709 3557 767 Ver-

1981 794 2111 848 bum
2141 805 2197 850 et
2224 797 2510 866 sapientia,
2541 797 2658 868 ipse
2695 799 2982 867 prudentia
3013 810 3068 854 et
3099 801 3286 857 vivens
3311 811 3396 858 est
3419 819 3554 859 con-

1981 886 2186 952 silium,
2215 896 2379 958 atque
2420 891 2475 943 in
2508 905 2574 943 eo
2607 891 2858 947 voluntas
2891 890 3070 947 Pat‘ris
3108 903 3212 949 est.
3257 897 3379 964 ipse
3416 897 3558 951 veri-

1981 987 2084 1043 tas,
2116 977 2208 1031 lux
2235 987 2290 1032 et
2322 980 2491 1034 virtus
2527 989 2612 1035 est
2651 979 2848 1036 Patris.
2896 981 3054 1049 Quod
3087 985 3134 1039 si
3171 986 3426 1042 voluntas
3461 987 3556 1042 Dei

1977 1077 2062 1123 est
2089 1070 2354 1140 sapientia
2383 1081 2437 1127 et
2460 1073 2766 1142 prudentia,
2799 1075 2846 1130 si
2875 1075 3004 1130 item
3028 1075 3200 1133 Filius
3230 1078 3348 1148 ipsa
3381 1080 3454 1136 sit
3473 1095 3559 1136 sa-

1977 1160 2218 1229 pientia:
2252 1161 2416 1232 igitur
2461 1165 2555 1234 qui
2601 1165 2877 1221 contendit
2910 1165 3109 1223 Filium
3157 1171 3432 1227 voluntate
3473 1155 3557 1228 fa-

1976 1260 2122 1306 ctum
2149 1268 2292 1316 esse,
2329 1253 2470 1308 idem
2500 1257 2724 1312 omnino
2771 1268 2855 1314 est
2894 1275 2958 1316 ac
3001 1260 3047 1316 si
3083 1261 3289 1318 diceret
3326 1262 3557 1333 Sapien-

1976 1343 2105 1397 tiam
2151 1344 2206 1396 in
2258 1342 2534 1414 Sapientia
2577 1346 2776 1403 factam
2821 1365 2963 1414 esse,
3003 1359 3058 1406 et
3095 1351 3290 1408 Filium
3323 1355 3378 1408 in
3418 1352 3556 1410 Filio

1973 1451 2095 1490 esse
2141 1435 2412 1503 eﬂectum,
2471 1453 2534 1492 ac
2582 1439 2820 1495 Verbum
2869 1457 2967 1512 per
3020 1443 3254 1500 Verbum
3311 1457 3556 1503 creatum

1973 1544 2126 1593 esse;
2178 1544 2300 1597 quae
2350 1530 2538 1600 utique
2585 1531 2696 1588 Deo
2741 1534 3049 1605 divinisque
3092 1537 3211 1606 ejus
3258 1535 3557 1608 Scripturis

1975 1621 2210 1676 maxime
2240 1635 2562 1691 repugnant.
2587 1623 2876 1682 Enimvero
2901 1629 3197 1698 Apostolus
3225 1629 3421 1686 Filium
3447 1647 3556 1686 non

1974 1713 2296 1780 voluntatis,
2333 1715 2427 1768 sed
2455 1715 2736 1784 pr0prium
2772 1727 3010 1786 paternae
3058 1728 3268 1774 natura:
3312 1721 3558 1790 splendo-

1977 1820 2092 1859 rem
2119 1815 2172 1860 et
2201 1805 2428 1876 ﬁguram
2459 1823 2580 1862 esse
2617 1807 2704 1862 his
2743 1809 2927 1864 verbis
2951 1810 3208 1879 praedicat
3243 1828 3257 1865 :
3307 1811 3413 1876 Qui
3438 1829 3558 1866 cum

1978 1897 2050 1952 sit
2087 1897 2336 1966 splendor
2364 1897 2549 1967 gloria:
2589 1907 2639 1952 et
2684 1900 2858 1970 ﬁgura
2905 1901 3213 1956 substantia:
3248 1903 3361 1972 ejus
3391 1904 3458 1959 '°.
3498 1903 3557 1959 Si

1979 2004 2131 2058 ergo,
2167 1997 2227 2042 ut
2258 2004 2423 2058 supra
2447 1990 2709 2056 diximus,
2745 1999 2974 2061 paterna
3003 2001 3197 2048 natura
3223 2004 3277 2050 et
3309 1996 3559 2052 substan-

1982 2087 2055 2136 tia
2091 2097 2154 2136 ex
2197 2081 2472 2136 voluntate
2505 2099 2612 2138 non
2646 2093 2752 2149 est,
2780 2085 2954 2154 liquet
2982 2101 3160 2155 neque
3185 2087 3259 2152 id,
3288 2089 3434 2158 quod
3459 2104 3560 2158 pa-

1978 2183 2148 2228 terna:
2190 2175 2507 2230 substantiae
2549 2177 2828 2246 proprium
2871 2190 2990 2242 est,
3021 2195 3088 2234 ex
3124 2181 3404 2237 voluntate
3435 2196 3558 2237 esse

1980 2281 2161 2334 posse.
2209 2265 2489 2336 Siquidem
2531 2269 2710 2337 qualis
2751 2270 3128 2338 cujusvemodi
3187 2271 3352 2328 fuerit
3397 2273 3557 2329 beata

1981 2357 2068 2411 illa
2092 2366 2308 2424 natura,
2335 2359 2496 2413 talem
2525 2370 2578 2414 et
2607 2359 2877 2430 ejusmodi
2908 2377 3128 2418 necesse
3164 2373 3249 2418 est
3277 2380 3398 2420 esse
3428 2380 3560 2434 pro-

1978 2450 2158 2518 prium
2189 2465 2255 2503 ex
2287 2450 2404 2518 ipsa
2439 2460 2620 2505 ortum
2651 2450 2844 2508 fetum.
2877 2451 3016 2506 Hinc
3046 2452 3208 2510 Pater
3235 2471 3344 2510 non
3379 2456 3554 2512 dixit:

1980 2539 2078 2595 Hic
2123 2549 2208 2596 est
2242 2542 2520 2596 voluntate
2552 2557 2672 2596 mea
2710 2542 2884 2599 factus
2912 2543 3104 2610 Filius,
3141 2563 3348 2617 neque,
3381 2546 3555 2614 Quem

1979 2648 2103 2688 meo
2134 2633 2363 2687 arbitrio
2396 2633 2559 2687 habui
2604 2631 2824 2701 Filium,
2859 2635 2953 2690 sed
2995 2637 3332 2705 simpliciter,
3375 2637 3553 2692 Filius

1977 2739 2143 2786 meus,
2189 2733 2242 2778 et
2285 2723 2487 2791 potius,
2520 2721 2584 2776 In
2615 2739 2716 2791 quo
2743 2725 2872 2777 mihi
2904 2725 3196 2794 complacui
3219 2728 3295 2791 ²¹;
3321 2743 3556 2796 quorum

284 2827 504 2896 quidem
537 2826 829 2879 verborum
864 2823 1187 2893 signiﬁcatio
1223 2819 1495 2891 ejusmodi
1541 2828 1625 2875 est
1670 2837 1684 2873 :
1724 2815 1823 2871 llic
1858 2822 1946 2872 est
1983 2825 2178 2872 natura
2222 2815 2414 2883 Filius,
2455 2817 2512 2872 in
2550 2833 2661 2887 quo
2706 2819 2951 2872 omnium
2994 2835 3116 2890 quae
3156 2822 3290 2875 mihi
3342 2822 3556 2890 placent

282 2923 541 2976 voluntas
573 2921 811 2989 reposita
836 2929 939 2975 est.

354 3013 444 3066 66.
475 3007 604 3084 ’Ἆρ’
629 3009 718 3065 οὖν
741 3012 861 3064 ἐπεὶ
891 3011 1049 3081 φύσει
1073 3011 1166 3064 καὶ
1199 3010 1272 3082 μὴ
1299 3008 1693 3081 ὲκξβουλήσεώς
1723 3011 1871 3062 ἐστιν

2045 3001 2136 3056 66.
2169 2999 2310 3054 Num
2340 3015 2492 3072 ergo,
2522 2999 2652 3070 quia
2686 3015 2754 3054 ex
2786 3010 2978 3055 natura
3007 3017 3114 3056 non
3144 3010 3328 3057 autem
3359 3019 3426 3058 ex
3453 3019 3555 3058 vo-

283 3107 310 3156 6
338 3106 488 3168 Υἱὸς,
524 3104 628 3174 ήδη
654 3105 746 3157 καὶ
769 3103 1025 3174 ὰθέλητός
1050 3105 1166 3156 ἐστι
1200 3102 1275 3173 τῷ
1307 3101 1500 3173 Πατρὶ,
1533 3102 1628 3154 καὶ
1652 3100 1726 3172 μὴ
1752 3099 1873 3170 βου-

284 3195 514 3267 λομένου
543 3194 638 3247 τοῦ
672 3196 882 3266 Πατρός
899 3197 1046 3247 ἐστιν
1061 3195 1089 3247 ό
1112 3195 1270 3258 Υἱός;
1294 3194 1366 3247 Οὑ
1377 3193 1589 3264 μενοῦν·
1611 3192 1746 3246 ἀλλὰ
1777 3193 1872 3245 καὶ

285 3287 577 3358 θελόμενός
606 3287 754 3340 ἐστιν
783 3285 892 3356 (8'6)
919 3288 947 3338 6
966 3285 1094 3349 Υἱὸς
1111 3285 1262 3357 παρὰ
1286 3283 1380 3336 τοῦ
1399 3284 1633 3354 Πατρὸς,
1657 3283 1772 3344 καὶ,
1795 3281 1871 3344 ὼς

286 3381 447 3443 αὑτός
485 3379 753 3450 φησιν,⁹0
774 3376 976 3446 Πατὴρ
1000 3376 1168 3446 φιλεῖ
1205 3379 1306 3429 τὸν
1362 3375 1518 3438 Υἱὸν,
1547 3375 1643 3428 καὶ
1673 3373 1870 3428 πάντα

287 3471 608 3524 δείκνυσιν
625 3466 804 3532 αὐτῷ.
823 3468 908 3530 Ὡς
925 3465 1034 3538 γὰρ
1049 3467 1109 3519 τὸ
1124 3461 1263 3520 εἶναι
1307 3465 1416 3536 (84)
1461 3464 1661 3533 ἀγαθὸς
1681 3464 1780 3516 οὑκ
1807 3465 1872 3516 ἐκ

290 3561 602 3632 βουλήσεως
627 3559 724 3630 μὲν
756 3557 978 3629 ἤρξατο,
1011 3558 1072 3610 οὑ
1106 3556 1210 3628 μὴν
1235 3555 1546 3626 ἀϐουλήτως
1563 3555 1658 3608 καὶ
1675 3553 1871 3623 ἀθελή-

291 3669 398 3714 τως
422 3652 576 3704 ἐστὶν
607 3648 831 3717 ἀγαθός⁸
853 3648 882 3700 ὃ
899 3649 1005 3720 γάρ
1035 3647 1344 3714 ἐστι,τοὺτο
1373 3648 1466 3700 καὶ
1482 3645 1705 3715 θελητόν
1727 3647 1872 3696 ἐστιν

289 3743 437 3813 αὐτῷ
457 3761 472 3773 ο
490 3741 637 3795 οὕτω
665 3743 757 3794 καὶ
779 3741 842 3794 τὸ
861 3739 998 3794 εἶναι
1021 3741 1112 3793 τὸν
1141 3740 1293 3804 Υἱὸν,
1319 3741 1366 3792 εί
1387 3739 1479 3792 καὶ
1507 3738 1580 3808 μὴ
1607 3740 1670 3792 ἐκ
1689 3736 1871 3808 βουλή-

292 3851 424 3896 σεως
453 3833 685 3906 ἤρξατο,
711 3832 823 3886 ἀλλ’
847 3833 944 3885 οὑκ
969 3831 1256 3902 ἀθὲλητον,
1295 3831 1416 3884 οὑδὲ
1463 3830 1615 3902 παρὰ
1647 3829 1870 3901 γνώμην

290 3928 436 3979 ἐστὶν
458 3924 630 3994 αὐτῷ.
665 3925 874 3994 Ὠσπερ
897 3927 1005 3994 γὰρ
1047 3924 1144 3994 τῆς
1193 3923 1327 3985 ἰδίας
1361 3920 1710 3984 ὑποστάσεως
1755 3923 1871 3974 ἐστι

290 4017 542 4089 θελητὴς,
579 4015 724 4070 οὕτω
757 4018 849 4069 καὶ
875 4019 904 4070 6
925 4017 1069 4080 Υἱὸς,
1091 4017 1220 4079 ἴδιος
1247 4015 1321 4068 ὢν
1346 4015 1512 4068 αὑτοῦ
1543 4015 1642 4084 τῆς
1661 4013 1867 4078 οὐσίας,

289 4110 385 4161 οὐκ
416 4107 683 4180 ἀθὲλητός
715 4109 865 4160 ἐστιν
893 4107 1058 4178 αὑτῷ.
1088 4106 1336 4160 Θελέσθω
1362 4106 1456 4159 κα)⁹
1490 4103 1750 4174 φιλείσθω
1770 4105 1872 4157 τοί-

287 4219 379 4253 νυν
407 4203 437 4254 ὁ
471 4200 604 4263 Υἱὸς
629 4199 781 4272 παρὰ
802 4199 895 4252 τοῦ
925 4199 1166 4271 Πατρός·
1195 4199 1290 4252 καὶ
1320 4197 1458 4250 οὑτω
1490 4195 1552 4250 τὺ
1573 4195 1748 4250 θέλειν
1775 4196 1871 4249 καὶ

360 4313 597 4402 ""Psal'.
625 4327 796 4378 xm],
829 4312 884 4366 6.
963 4312 1006 4344 ¹⁸
1043 4311 1186 4368 Psal.
1223 4327 1444 4376 cxxxtv,
1477 4309 1532 4364 6.
1611 4309 1696 4362 "l
1733 4309 1871 4366 Thes

1980 4329 2060 4378 .v,
2097 4311 2180 4365 18.
2259 4311 2305 4341 ²⁰
2347 4308 2509 4364 Hebr.
2541 4327 2578 4374 ι,
2617 4311 2669 4364 5.

279 4385 494 4449 ινιτ-ὃὸ.
541 4390 743 4444 ς;λο

290 4497 467 4550 πάντα
494 4497 615 4549 ὃσα.
645 4492 848 4548 Ibidem
877 4499 1000 4560 post
1029 4489 1308 4560 ἠθέλησεν,
1340 4486 1540 4560 Regius
1580 4487 1785 4560 primus
1813 4499 1866 4560 et

1980 4489 2075 4544 Alii
2120 4501 2173 4546 et
2217 4493 2367 4560 editi,
2393 4495 2456 4546 οὑ

291 4566 664 4637 Seguerianus
695 4557 956 4617 omittunt
993 4563 1021 4614 6
1053 4557 1276 4630 Κύριος,
1309 4557 1455 4628 quod
1496 4558 1550 4611 in
1580 4557 1700 4612 aliis
1726 4567 1780 4612 et
1811 4559 1864 4612 in

289 4639 452 4692 editis
477 4637 696 4704 legitur.

361 4707 476 4777 (77)
521 4697 850 4778 primus
870 4701 1040 4757 codex
1076 4701 1230 4778 Reg._
1255 4697 1478 4778 Segucr.
1513 4697 1866 4778 Anglie.__Go-

287 4770 426 4831 bler.
456 4770 516 4830 et
549 4770 790 4830 Felckm.
830 4775 882 4840 l,
916 4782 1079 4842 atque
1113 4773 1186 4824 ita
1218 4771 1346 4842 legit
1378 4770 1641 4824 Nannius.
1679 4770 1784 4824 Alii
1812 4779 1867 4824 et

286 4849 460 4902 editio
497 4845 958 4914 Commeliniana,
989 4840 1091 4914 δρα
1123 4842 1196 4914 μὴ
1231 4841 1260 4892 6
1293 4840 1488 4914 λέγωνΪ

353 4917 482 4998 ιῖελ
519 4915 651 4998 Res.-
683 4917 735 4998 t»
771 4913 994 4998 ξεξξιιθικ
1023 4910 1737 4998 ’βθξίιξθεβηέίρεππφρῖ
1769 4912 1863 4964 αδ-

287 4978 403 5042 τοῧ.
441 4978 638 5043 Caneri
673 4978 728 5041 et
746 4978 899 5048 editi,
923 4985 1051 5054 παρ’
1080 4979 1246 5054 αὐτῷ.
1269 4979 1392 5054 Mox
1418 4978 1625 5054 liegius
1657 4978 1867 5054 primus

288 5071 342 5112 et
376 5058 770 5128 Seguerianus,
802 5056 896 5128 καὶ
942 5050 1050 5128 γὸζρ
1101 5050 1208 5106 και
1240 5053 1268 5104 6
1299 5050 1636 5114 Ἀπόοτολος.
1665 5050 1779 5106 Alii
1814 5060 1869 5107 et

285 5125 581 5196 editifxal
614 5127 887 5196 posterius
913 5125 1191 5178 omittunt.

358 5198 476 5268 (‘19)
516 5190 1089 5268 iSic'RegiusAprimus
1117 5203 1182 5268 et_
1201 5190 1583 5268 Seguerianus.
1603 5191 1672 5245 At
1699 5192 1790 5268 alii
1813 5201 1868 5247 et

287 5262 578 5337 editifcﬁ;
602 5262 791 5330 οὐσίας
824 5262 1243 5337 τῆςίπατρικῆς.
1279 5262 1400 5318 Mox
1422 5262 1632 5337 βοείοις
1656 5264 1864 5337 primus

284 5348 339 5392 et
379 5333 772 5405 Seguerianus,
800 5333 892 5390 τὸν
929 5333 1076 5388 Υιδν
1103 5335 1380 5405 κηρύττει.
1412 5333 1603 5388 Caneri
1630 5341 1683 5386 et
1713 5334 1862 5401 editi,

285 5407 612 5479 τὸνᾚύρξφν
639 5406 922 5479 ἕηρύτῖειε

360 5472 614 5549 (80)’5ἱο
641 5472 777 5547 Reg.
801 5476 865 5549 ⁸1,
904 5476 1128 5546 Seguer.
1172 5474 1390 5549 (ἐρωεῖ.
1426 5483 1490 5549 ει
1539 5472 1777 5549 Felckm.
1812 5472 1860 5526 Ι.

283 5542 479 5602 Δι’θιῖἱ
509 5560 564 5603 et
598 5542 755 5610 editi',
784 5545 860 5609 ὡς
895 5542 1398 5618 πρᾷεῖπονλοιόθιιι
1426 5542 1629 5618 Regius
1652 5543 1861 5618 primus

281 5628 342 5690 et
369 5618 760 5690 Seguer’ianus,
792 5618 857 5668 ὲκ
894 5611 1198 5690 βὸυλήσεως
1228 5614 1327 5690 οὑκ
1357 5611 1531 5690 ἔλστι-νξ
1559 5611 1729 5690 Ba_sil._
1755 5611 1862 5666 Go-

286 5689 422 5747 liler.
443 5683 696 5746 ιιέιριιω.
729 5690 757 5742 1
797 5697 852 5743 et
894 5683 1118 5757 RngS,
1145 5685 1246 5739 οὑκ
1274 5685 1339 5737 ὲκ
1369 5683 1679 5756 μυλήσεὼς
1713 5685 1862 5738 ἐστιν

1889 5773 1948 5783 ...ο

1973 3094 2184 3149 luntate
2223 3093 2295 3146 sit
2324 3091 2516 3157 Filius,
2555 3099 2752 3160 praeter
2793 3092 3127 3147 voluntatem
3158 3092 3337 3149 Patris
3371 3104 3425 3149 et
3451 3110 3554 3148 no-

1973 3184 2117 3239 lente
2165 3181 2327 3236 Patre
2376 3191 2461 3236 est
2502 3180 2708 3237 Filius?
2747 3181 2974 3239 Minime
3022 3199 3170 3241 vero.
3222 3184 3326 3239 Sed
3370 3186 3554 3256 potius

1972 3275 2134 3330 Pater
2166 3275 2281 3328 vult
2314 3272 2512 3326 Filium
2537 3313 2555 3340 ,
2596 3282 2780 3342 atque,
2833 3281 2894 3326 ut
2934 3273 3050 3342 ipse
3091 3275 3354 3345 loquitur,
3389 3276 3556 3330 Pater

1973 3367 2146 3436 diligit
2173 3364 2398 3428 Filium,
2428 3372 2480 3417 et
2513 3364 2691 3417 omnia
2719 3365 2945 3417 οιιιιηάὶι
2971 3365 3054 3418 illi
3077 3368 3142 3419 ".
3174 3365 3246 3422 Ut
3270 3369 3414 3423 enim
3442 3385 3554 3426 non

1975 3475 2038 3513 ex
2074 3458 2354 3512 voluntate
2402 3456 2579 3510 bonus
2618 3470 2738 3510 esse
2771 3456 2958 3525 erepit,
3003 3472 3104 3512 nec
3140 3469 3318 3514 tamen
3363 3472 3553 3517 contra

1978 3558 2214 3605 mentem
2247 3557 2301 3603 et
2333 3547 2660 3603 sententiam
2693 3556 2778 3602 est
2803 3547 3012 3616 bonus;
3046 3564 3283 3618 namque
3310 3551 3415 3606 hoc
3437 3555 3555 3622 ipse

1976 3642 2094 3697 vult
2135 3639 2278 3711 quod
2327 3651 2451 3695 est:
2488 3640 2564 3693 ita
2599 3639 2724 3694 licet
2767 3637 2942 3695 Filius
2993 3655 3062 3695 ex
3103 3643 3384 3700 voluntate
3429 3661 3555 3702 esse

1978 3754 2085 3793 non
2145 3737 2438 3806 inceperit,
2485 3751 2593 3790 non
2649 3745 2831 3790 tamen
2881 3746 3074 3807 praeter
3119 3739 3453 3795 voluntatem
3499 3751 3556 3796 et

1977 3839 2212 3886 mentem
2241 3827 2418 3882 Patris
2446 3837 2547 3882 est.
2579 3824 2715 3881 Nam
2745 3828 3209 3896 quemadmodum
3250 3846 3402 3886 suam
3439 3833 3556 3887 vult

1976 3923 2094 3993 ipse
2129 3921 2512 3986 substantiam,
2552 3921 2632 3977 sic
2675 3935 2800 3974 cum
2842 3921 3012 3977 Filius
3044 3924 3297 3993 proprius
3331 3926 3401 3980 sit
3429 3925 3553 3995 ejus

1979 4026 2207 4077 naturae,
2241 4027 2348 4067 non
2395 4020 2592 4082 praeter
2644 4013 2977 4069 voluntatem
3029 4015 3148 4086 ejus
3191 4025 3296 4072 est.
3350 4016 3550 4074 Filium

1977 4120 2107 4174 ergo
2154 4103 2283 4158 velit
2333 4111 2385 4156 et
2425 4101 2614 4172 diligat
2652 4103 2832 4169 Pater,
2865 4120 3035 4175 eaque
3068 4109 3281 4163 ratione
3313 4109 3400 4179 pie
3428 4111 3553 4180 quis

1979 4196 2178 4268 cogitet
2198 4194 2368 4248 Deum
2402 4209 2508 4248 non
2538 4196 2700 4261 nolle,
2732 4198 2825 4253 sed
2854 4199 3007 4254 velle.
3039 4197 3248 4256 Etenim
3272 4201 3444 4258 Filius
3467 4219 3554 4259 ea-

2747 4313 2790 4342 "
2833 4311 3020 4368 Matth.
3054 4315 3245 4379 111,17.
3322 4319 3367 4350 "
3389 4316 3548 4374 Joan.

2009 4493 2075 4544 .lii
2120 4501 2173 4546 et
2217 4493 2367 4560 editi,
2393 4495 2456 4546 οὑ
2493 4493 2798 4618 βουλήσεως
2831 4498 2968 4549 ἐστι.
2998 4497 3119 4552 Mox
3175 4499 3392 4571 303.1.
3448 4503 3551 4560 Se-

2009 4576 2127 4642 uer.
2153 4561 2371 4642 Go'bler:
2402 4573 2456 4617 et
2494 4635 2508 4642 _
2540 4565 2740 4642 elclrm:
2766 4569 2816 4628 1,
2847 4565 3097 4642 οὑτε.
3130 4568 3260 4642 Reg.
3293 4572 3348 4637 2,
3380 4573 3548 4632 Basil.

2010 4631 2184 4754 μὲξιίε.
2217 4631 2455 4688 Felckm.
2486 4635 2511 4688 ι
2544 4644 2598 4689 et
2621 4635 2678 4702 5,
2711 4637 2786 4698 ὡς
2819 4637 2959 4690 οὐδέ.
2990 4637 3184 4693 Caeteri
3210 4631 3268 4696 ἵει
3291 4631 3441 4710 editi,
3467 4631 3551 4699 δτι

2010 4719 2032 4753 υ
2099 4742 2114 4754 .

1969 4717 2114 4756 ουοε.

2041 4771 2152 4849 (_8_l)
2195 4770 2290 4849 Sic
2324 4773 2717 4849 uterque_Reg.
2755 4775 3210 4849 _Seguer._Basil.
3261 4781 3546 4849 Anglican.

1969 4840 2272 4915 Ἐβιοιεωιε
2295 4849 2349 4898 et
2373 4843 2430 4898 5.
2457 4840 2911 4915 AtGoblcrianus
2938 4857 2992 4902 et
3015 4847 3255 4904 Felckm.
3287 4840 3551 4915 1,”Οποία

1969 4911 2079 4996 γὰρ
2093 4911 2174 4996 κᾶν
2198 4907 2296 4996 ᾖιή
2322 4913 2596 4996 μακαρία.
2629 4916 2820 4996 (ξειςεί
2869 4927 2944 4996 eL
2965 4907 3338 4996 editifOit-ota'
3372 4921 3482 4993 γὰρ
3513 4921 3548 4996 ᾖ

1972 4981 2067 5036 καὶ
2389 4987 2421 5054 ή
2459 4981 2721 5059 μξακαρία.
2753 4987 2877 5042 Mox
2904 4987 3254 5059 Felckmanni
3276 4981 3550 5059 secundus

1971 5061 2023 5106 et
2045 5052 2209 5107 editio
2238 5052 2668 5111 Coinmeliniana
2698 5060 2956 5112 omittunt
2989 5057 3082 5111 καί
3113 5068 3238 5128 post
3263 5060 3436 5124 οὕτως
3467 5058 3550 5114 εί-

1971 5140 2078 5177 ναι.

2041 5193 2156 5269 (se)
2196 5192 2399 5269 ﬁegius
2433 5195 2642 5269 primus
2664 5209 2718 5254 et
2741 5197 3106 5269 Segperianus
3137 5216 3240 5269 μου
3266 5199 3544 5256 omittunt.

2040 5261 2154 5334 (85)
2196 5261 2785 5342 literque'_Begius_et_
2815 5261 3215 5342 'Seguerianus,
3262 5269 3550 5342 θελόμενός

1967 5335 2144 5414 ἐστιν..
2185 5336 2289 5389 Alii
2331 5345 2387 5390 et
2413 5335 2951 5407 editi,'a-:endusv6;
2985 5339 3153 5404 ἐστιν,
3204 5349 3266 5394 ιιι
3312 5335 3553 5412 ειἸεςὶι

1970 5403 2398 5554 l:Ja(%2!)_ui§egius
2427 5475 2634 5554 primus
2665 5484 2720 5531 et
2758 5475 3148 5554 Seguerianus,
3179 5479 3243 5554 τρ
3284 5477 3443 5554 εἶναι.
3474 5481 3548 5535 li-

1969 5544 2091 5598 dent
2125 5544 2407 5598 ibidem'et
2443 5544 2644 5613 Regius
2677 5544 2970 5610 secundus,
2992 5547 3093 5600 οὑκ
3122 5552 3186 5602 ἐκ
3210 5549 3546 5680 βουλήσεως,

1969 5624 2028 5667 ιιι
2071 5615 2195 5667 item
2231 5613 2354 5680 legit
2382 5611 2648 5666 Nannius.
2677 5614 2781 5667 Alii
2810 5625 2865 5670 et
2883 5616 3034 5680 editi,
3058 5619 3154 5673 τοῦ
3181 5639 3208 5675 ε
3234 5639 3322 5678 ναι
3343 5621 3546 5680 ἀγαθὸς

1969 5624 2028 5692 ut
2064 5615 2209 5692 item
2231 5613 2354 5682 legit
2382 5611 2648 5692 Nannius.
2677 5614 2781 5667 Alii
2810 5625 2865 5670 et
2883 5616 3034 5687 editi,
3058 5619 3154 5673 τοῦ
3181 5611 3322 5680 εἶναι
3343 5611 3550 5692 ἀγαθός

1967 5685 2032 5737 ἐκ
2062 5681 2364 5754 βουλήσεως
2394 5682 2494 5754 μὲν
2522 5682 2739 5755 ἤρξατο.
3018 5681 3029 5687 ⁷
3391 5681 3406 5692 ’
3471 5733 3474 5736 .
