3944 6222
427 289 534 348 1(μέ

1017 283 1072 338 S.
1111 283 1479 338 ATHANASH
1520 284 1668 338 OPP.
1713 282 1892 336 PARS
1933 283 1971 337 l.
2013 312 2082 323 —
2120 283 2492 341 lllSTORICA
2528 285 2616 340 ET
2649 284 3071 342 DOGMATICA.

3557 289 3665 345 464

426 407 547 464 dem
568 405 873 469 voluntate,
907 403 1077 477 488
1112 419 1221 475 qua
1250 419 1376 461 eum
1405 407 1518 460 vult
1561 404 1742 470 Pater,
1770 403 1984 460 Patrem

2103 407 2150 458 τὸ
2176 406 2249 477 μὴ
2287 406 2578 477 ἀϐούλητον
2617 405 2709 458 τοῦ
2744 406 2876 458 Θεοῦ
2925 423 3008 468 τις
3045 404 3283 468 εὐσεϐῶς
3340 404 3666 474 λογιζέσθω.

427 499 543 568 ipse
585 505 752 562 amat,
803 494 918 550 vult
960 505 1014 551 et
1063 498 1330 563 honorat,
1366 513 1584 568 unaque
1615 507 1700 554 est
1746 498 1997 555 voluntas

425 605 546 660 quae
573 603 640 644 ex
668 588 835 643 Patre
865 587 920 642 in
954 587 1092 644 Filio
1123 589 1357 654 exsistit,
1391 589 1465 644 ita
1506 597 1566 644 ut
1595 590 1718 645 inde
1749 590 1920 646 Filius
1943 592 1996 645 iu

424 681 587 738 Patre
613 685 669 736 et
686 679 858 736 Pater
887 680 941 735 in
970 680 1111 736 Filio
1136 682 1524 752 conspiciatur.
1552 680 1722 737 Nemo
1746 683 1910 753 igitur
1930 698 1996 738 ex

424 773 696 829 Valentini
724 774 991 831 sententia
1035 775 1441 830 antecedentem
1491 773 1712 829 inducat
1747 775 1998 830 volunta-

423 875 554 928 tem,
587 866 899 936 nulliusque
928 865 1334 921 deliberationis
1359 866 1581 920 obtentu
1614 865 1853 936 seipsum
1879 882 1994 920 me-

425 959 574 1014 dium
600 958 744 1013 inter
783 957 959 1013 solum
990 957 1210 1012 Patrem
1240 957 1532 1027 solumque
1565 956 1762 1012 Filium
1803 960 1993 1014 audeat

425 1051 723 1107 intrudere.
764 1049 1044 1121 Siquidem
1077 1051 1308 1106 insanus
1351 1050 1440 1104 ille
1483 1051 1646 1105 fuerit
1681 1052 1774 1120 qui
1802 1051 1996 1107 volun-

424 1153 590 1197 tatem
623 1150 677 1196 et
699 1141 1146 1197 deliberationem
1179 1140 1320 1194 inter
1344 1137 1561 1194 Patrem
1587 1148 1640 1195 et
1665 1139 1858 1194 Filium
1889 1142 1995 1195 col-

423 1232 702 1288 locaverit.
746 1232 1036 1288 Enimvero
1083 1230 1230 1286 aliud
1271 1239 1357 1287 est
1391 1232 1439 1288 si
1486 1231 1636 1288 dicas
1661 1271 1676 1297 ,
1705 1231 1996 1288 Voluntate

417 1323 603 1380 Iactus
627 1332 732 1388 est,
765 1332 819 1379 et
845 1324 991 1378 aliud
1035 1324 1082 1378 si
1108 1323 1334 1388 dixeris,
1363 1323 1498 1377 Eum
1534 1322 1695 1378 Pater
1730 1323 1906 1394 diligit
1944 1334 1997 1380 et

421 1414 558 1480 vult,
596 1423 780 1484 utpote
805 1414 898 1483 qui
921 1423 1112 1467 natura
1136 1415 1391 1483 proprius
1420 1414 1504 1468 sui
1531 1414 1601 1467 sit
1632 1412 1825 1468 Filius.
1858 1415 1993 1467 Nam

424 1507 518 1575 qui
547 1505 703 1572 dixit,
738 1505 815 1565 Ex
853 1505 1126 1559 voluntate
1155 1503 1334 1560 factus
1366 1513 1470 1572 est,
1499 1506 1676 1575 primo
1715 1506 1861 1560 illum
1891 1507 1990 1560 ali-

423 1597 644 1668 quando
697 1613 804 1653 non
853 1596 1024 1652 fuisse
1065 1597 1352 1668 significat.
1401 1597 1605 1653 Deinde
1643 1599 1894 1654 voluntas
1939 1598 1992 1654 in

2099 496 2210 549 Καὶ
2241 495 2348 567 γὰρ
2372 497 2399 550 6
2425 497 2553 559 Υἱὸς
2578 498 2642 567 τῇ
2669 489 2942 569 θελήσειῇ
2978 494 3186 549 θέλεται
3221 494 3332 566 (85)
3373 496 3524 569 παρὰ
3572 495 3669 550 τοῦ

2098 588 2332 659 Πατρδς,
2359 587 2530 661 ταύτῃ
2568 589 2663 641 καὶ
2684 588 2846 652 αὐτὸς
2870 589 3080 659 ἀγαπᾷ,
3104 589 3197 641 καὶ
3227 588 3386 655 θέλει,
3413 590 3507 643 καὶ
3534 592 3674 662 τιμᾷ

2096 679 2189 732 τὸν
2216 679 2466 752 Πατέρα·
2516 680 2611 734 καὶ
2653 679 2712 732 έν
2746 681 2861 732 ἐστι
2901 678 3109 750 θέλημα
3141 679 3201 732 τὸ
3247 681 3311 733 ἐκ
3353 681 3568 752 Πατρὺς
3612 683 3673 735 ὲν

2099 771 2233 843 Υἱῷ,
2262 774 2337 837 ὼς
2369 773 2462 827 καὶ
2495 773 2559 826 ὲκ
2590 772 2782 826 τούτου
2833 771 3154 844 θεωρεῖσθαι
3193 773 3284 827 τὸν
3324 773 3452 828 Υἱδν
3497 776 3557 827 ἐν
3594 773 3674 845 τῷ

2097 864 2290 934 Πατρὶ,
2318 865 2414 918 καὶ
2441 864 2532 917 τὸν
2558 863 2776 934 Πατέρα
2817 865 2874 917 ἐν
2902 863 2979 934 τῷ
3013 864 3144 935 Υἱῷ.
3172 863 3262 934 Μὴ
3310 863 3493 934 μέντοι
3529 864 3674 918 κατὰ

2099 956 2448 1010 Οὐαλεντῖνον
2481 956 2895 1028 προηγουμένην
2923 973 3007 1018 τις
3032 955 3142 1026 (86)
3187 955 3438 1026 βούλησιν
3489 956 3673 1008 ἐπεισ-

2099 1049 2280 1116 αγέτω
2297 1064 2311 1078 ο
2345 1047 2479 1119 μηδὲ
2499 1043 2660 1117 μέσον
2684 1065 2766 1112 τις
2795 1048 2986 1102 ἑαυτὸν
3015 1047 3222 1100 ὠθείτω
3247 1047 3342 1100 τοῦ
3365 1047 3526 1118 μόνου
3558 1048 3674 1102 Παι-

2097 1139 2221 1209 τρὸς
2259 1138 2395 1210 πρὸς
2435 1137 2524 1192 τὸν
2564 1138 2721 1208 μόνον
2766 1137 2958 1206 Λόγον,
3000 1136 3268 1208 προφάσει
3296 1137 3391 1191 τοῦ
3427 1137 3676 1208 βουλεύεο

2098 1231 2220 1284 σθαι
2249 1230 2380 1301 (87).
2410 1229 2670 1283 Μαίνοιτο
2691 1230 2798 1300 γὰρ
2828 1229 2892 1282 ἄν
2918 1245 3000 1293 τις
3029 1229 3230 1299 μεταξὺ
3258 1229 3427 1293 τιθεὶς
3458 1229 3678 1302 Πατρὸς

2097 1323 2190 1376 καὶ
2219 1322 2348 1374 Υἱοῦ
2375 1321 2628 1394 βούλησιν
2656 1323 2751 1375 καὶ
2777 1321 2988 1391 σκέψιν.
3039 1322 3150 1374 Καὶ
3197 1321 3304 1393 γὰρ
3337 1321 3522 1392 ἕτερόν
3555 1323 3674 1374 ἐστι

2096 1412 2296 1478 λέγειν,
2327 1410 2585 1482 Βουλήσει
2613 1411 2860 1480 γέγονεν,
2887 1411 3071 1483 ἕτερον
3106 1411 3194 1476 δὲ,
3223 1413 3304 1465 ὅτι
3352 1400 3511 1466 ’Ϊδιον
3542 1413 3676 1466 ὄντα

2098 1504 2254 1574 φύσει
2280 1506 2370 1558 τὸν
2395 1505 2523 1558 Υἱὸν
2555 1505 2720 1559 αὐτοῦ
2743 1506 2934 1574 ἀγαπᾷ
2959 1504 3051 1558 καὶ
3079 1504 3222 1558 θέλει
3247 1504 3430 1560 αὐτόν.
3470 1506 3545 1559 Τὸ
3573 1506 3676 1577 μὲν

2095 1598 2204 1669 γὰρ
2234 1596 2412 1665 λέγειν
2437 1635 2451 1660 ,
2507 1598 2599 1649 Ἐκ
2639 1595 2943 1667 βουλήσεως
2966 1596 3175 1666 γέγονε,
3210 1597 3426 1669 πρῶτον
3470 1597 3568 1668 μὲν
3610 1597 3676 1650 τὸ

422 1698 713 1760 utramque
739 1696 945 1758 partem
974 1689 1343 1759 propendeudi
1363 1688 1480 1743 vim
1513 1689 1694 1757 habet,
1725 1691 1803 1745 uti
1831 1707 1993 1761 supra

2103 1690 2175 1759 μὴ
2211 1685 2348 1742 εἷναί
2383 1705 2512 1741 ποτε
2552 1688 2741 1742 τοῦτον
2769 1688 3053 1759 σημαίνει·
3083 1690 3270 1743 ἔπειτα
3314 1691 3392 1753 δὲ,
3431 1691 3526 1743 καὶ
3575 1687 3677 1760 τὴν

423 1783 630 1838 dictum
665 1791 769 1848 est,
798 1798 864 1838 ac
888 1784 1118 1852 proinde
1149 1783 1390 1854 c0gitare
1420 1784 1625 1847 liceret,
1658 1781 1868 1838 Patrem
1900 1799 1996 1853 po-

428 1874 595 1931 tuisse
633 1875 779 1929 nolle
825 1872 1044 1930 Filium.
1089 1873 1254 1945 Atqui
1288 1875 1490 1941 dicere,
1521 1873 1718 1930 Filium
1755 1876 1996 1944 potuisse

423 1980 534 2019 non
578 1979 721 2031 esse,
759 1979 975 2018 summa
1015 1972 1161 2020 certe
1212 1965 1462 2035 impietas
1510 1973 1565 2020 et
1619 1966 1844 2020 audacia
1891 1977 1991 2029 est,

424 2069 549 2127 quae
580 2055 754 2125 ipsam
785 2054 964 2111 Patris
1000 2065 1252 2110 naturam
1283 2057 1550 2122 lacessat,
1581 2057 1627 2111 si
1659 2057 1913 2110 nimirum
1944 2057 1993 2111 id

424 2146 570 2215 quod
609 2147 888 2216 proprium
933 2148 1050 2217 ejus
1095 2158 1179 2203 est
1229 2150 1468 2217 potuerit
1516 2163 1624 2202 non
1668 2163 1810 2203 esse.
1851 2147 1994 2203 Idem

420 2238 572 2292 enim
605 2248 687 2294 est
715 2255 780 2294 ac
811 2240 857 2295 si
892 2240 1164 2295 diceretur
1191 2239 1406 2296 Patrem
1436 2242 1681 2311 potuisse
1719 2257 1826 2295 non
1875 2257 1996 2297 esse

424 2328 650 2384 bonum.
677 2328 877 2384 Verum
909 2332 1364 2400 quemadmodum
1395 2342 1447 2387 et
1481 2347 1696 2402 semper
1727 2341 1780 2387 et
1806 2342 1996 2389 natura

423 2420 607 2477 bonus
644 2431 729 2478 est
757 2420 939 2491 Pater,
993 2423 1068 2478 ita
1117 2438 1332 2494 semper
1364 2434 1557 2479 natura
1594 2434 1677 2480 est
1711 2441 1992 2496 generans.

421 2511 527 2568 llic
559 2523 742 2571 autem
777 2515 1034 2586 loquendi
1075 2518 1292 2584 modus,
1336 2515 1496 2571 Pater
1524 2516 1640 2571 vult
1668 2515 1886 2581 Filium,
1917 2527 1994 2580 et,

405 2602 665 2686 Verbum
719 2606 838 2662 vult
876 2607 1127 2675 Patrem,
1167 2622 1277 2664 non
1324 2611 1730 2666 antecedentem
1777 2611 1998 2665 denotat

423 2695 781 2764 voluntatem,
809 2698 902 2754 sed
935 2709 1141 2754 naturae
1181 2702 1612 2770 germanitatem,
1643 2703 1998 2773 essentiaaque

417 2790 811 2859 proprietatem
838 2805 903 2845 ac
932 2792 1344 2847 similitudinem
1372 2793 1640 2863 designat.
1671 2791 1740 2848 Ut
1761 2795 1906 2849 enim
1931 2796 1998 2850 de

428 2881 714 2949 splendore
751 2891 805 2936 et
842 2882 961 2936 luce
1003 2882 1110 2937 dici
1144 2891 1361 2952 potest:
1395 2883 1661 2955 Splendor
1689 2902 1800 2941 non
1834 2886 1998 2943 habet

415 2970 761 3025 Voluntalem
789 2971 842 3024 in
883 2971 1004 3026 lure
1033 2973 1458 3042 antecedentem,
1492 2975 1587 3031 sed
1618 2986 1704 3031 est
1732 2979 1997 3035 naturalis

2099 1781 2184 1834 ἐπ’
2217 1781 2384 1852 ἄμφω
2410 1779 2578 1852 ῥοπὴν
2603 1779 2740 1849 ἔχει,
2775 1778 3028 1851 καθάπερ
3060 1782 3273 1851 εἴρηται
3298 1795 3313 1810 ’
3348 1780 3489 1835 ὥστε
3507 1782 3674 1835 adva-

2098 1873 2222 1927 σθαί
2250 1891 2369 1926 τινα
2403 1875 2561 1935 νοεῖν,
2603 1873 2684 1926 ὅτι
2727 1873 2960 1942 ἠδύνατο
2993 1875 3085 1926 καὶ
3126 1873 3200 1943 μὴ
3251 1873 3537 1944 βούλεσθαι
3579 1872 3677 1928 τὸν

2099 1965 2240 2018 Υἱὸν.
2285 1963 2409 2016 Ἐπὶ
2456 1963 2586 2016 Υίοῦ
2617 1963 2673 2016 δὲ
2723 1963 2902 2032 λέγειν
2927 2002 2943 2026 ,
2984 1963 3240 2018 Ἦδύνατο
3267 1965 3361 2018 καὶ
3395 1964 3470 2035 μὴ
3509 1959 3671 2027 εἶναι,

2095 2057 2352 2120 δυσσεϐὲς
2375 2058 2488 2109 ἐστι
2526 2057 2616 2109 καὶ
2650 2055 2849 2125 φθάνον
2872 2059 2951 2120 εἰς
2975 2059 3074 2127 τὴν
3099 2057 3193 2109 τοῦ
3233 2057 3445 2128 Πατρὺς
3483 2055 3674 2108 οὐσίαν

2094 2149 2156 2202 τὸ
2194 2149 2481 2218 τόλμημα·
2511 2146 2625 2216 εἴγε
2672 2149 2731 2201 τὸ
2777 2147 2904 2202 ἴδιον
2963 2134 3131 2220 αὐτῆς
3177 2147 3406 2217 ἠδύνατο
3444 2147 3556 2218 (88)
3595 2145 3675 2218 μὴ

2096 2236 2252 2294 εἶναι.
2295 2241 2515 2310 Ὅμοιον
2555 2240 2662 2311 γὰρ
2687 2239 2761 2302 ὡς
2789 2241 2837 2291 εἰ
2874 2239 3123 2309 ἐλέγετο,
3181 2240 3438 2293 Ἡδύνατο
3467 2240 3561 2293 καὶ
3594 2237 3672 2310 μὴ

2096 2329 2233 2387 εἶναι
2268 2333 2470 2401 ἀγαθὸς
2506 2335 2534 2385 6
2568 2335 2776 2404 Πατήρ.
2814 2332 2949 2386 Ἀλλ’
2978 2331 3166 2404 ὥσπερ
3213 2331 3413 2400 ἀγαθὸς
3459 2332 3546 2384 ἀεὶ
3579 2331 3678 2385 καὶ

2071 2421 2074 2426 ’
2095 2426 2162 2494 τῇ
2191 2423 2369 2492 φύσει,
2397 2422 2569 2486 οὕτως
2589 2425 2676 2477 ἀεὶ
2703 2423 3018 2495 γεννητικὸς
3036 2425 3101 2493 τῇ
3127 2421 3284 2490 φύσει
3307 2423 3334 2473 ὁ
3357 2421 3546 2492 Πατήρ
3571 2436 3585 2450 °
3613 2420 3678 2474 τὸ

2095 2514 2150 2567 δὲ
2175 2514 2371 2582 λέγειν,
2389 2515 2445 2568 '0
2468 2515 2655 2587 Πατὴρ
2683 2516 2825 2570 θέλει
2841 2516 2930 2568 τὸν
2946 2514 3093 2578 Υἱὸν,
3123 2515 3238 2575 καὶ,
3265 2514 3324 2566 'O
3343 2513 3512 2581 Λόγος
3531 2512 3677 2566 θέλει

2096 2607 2186 2660 τὸν
2219 2608 2466 2679 Πατέρα,
2509 2609 2570 2661 οὐ
2623 2608 2874 2680 βούλησιν
2918 2614 3336 2678 προηγουμένην
3379 2605 3675 2668 δείκνυσιν,

2097 2697 2231 2750 ἀλλὰ
2253 2698 2464 2766 φύσεως
2492 2701 2858 2771 γνησιότητα,
2906 2699 3000 2753 καὶ
3049 2699 3235 2760 οὐσίας
3293 2697 3530 2768 ἰδιότητα
3581 2697 3678 2750 καὶ

2096 2789 2352 2860 ὁμοίωσιν
2385 2788 2661 2860 γνωρίζει.
2705 2791 2791 2853 Ὡς
2828 2789 2937 2859 γὰρ
2960 2785 3054 2840 καὶ
3079 2788 3172 2840 ἐπὶ
3210 2786 3302 2839 τοῦ
3342 2785 3452 2857 (89)
3493 2787 3677 2838 ἀπαυ-

2098 2879 2379 2950 γάσματος
2415 2880 2480 2934 ἄν
2526 2899 2612 2945 τις
2652 2881 2796 2933 εἴποι
2821 2881 2914 2934 καὶ
2942 2879 3036 2933 τοῦ
3068 2879 3264 2948 φωτὸς,
3296 2879 3378 2932 ὅτι
3413 2877 3476 2930 τὸ
3499 2875 3678 2930 ἀπαύ-

2098 2990 2286 3044 γασμα
2334 2972 2432 3026 οὐκ
2469 2973 2580 3042 ἔχει
2624 2973 2722 3044 μὲν
2759 2971 3008 3043 βούλησιν
3049 2969 3464 3044 προηγουμένην
3502 2970 3560 3021 ὲν
3597 2967 3677 3038 τῷ

426 3059 546 3128 ejus
582 3059 743 3128 fetus,
775 3075 937 3130 quem
967 3061 1080 3116 vult
1122 3061 1214 3115 lux
1251 3077 1282 3116 a
1320 3079 1429 3133 qua
1465 3065 1722 3136 gignitur,
1758 3084 1864 3123 non
1896 3083 1995 3124 vo-

2103 3064 2267 3136 φωτί·
2301 3065 2416 3118 ἔστι
2438 3065 2494 3118 δὲ
2520 3064 2676 3134 φύσει
2719 3065 2885 3120 αὐτοῦ
2915 3063 3157 3135 γέννημα
3193 3061 3480 3132 θελόμενον
3523 3060 3680 3132 παρὰ

426 3150 651 3204 luntatis
677 3150 1081 3218 deliberatione,
1109 3153 1202 3208 sed
1233 3163 1424 3209 natura
1464 3165 1519 3210 et
1545 3157 1803 3224 veritate;
1835 3159 1907 3215 ita
1933 3160 2002 3216 de

415 3238 590 3296 «Patre
617 3250 672 3296 et
693 3240 836 3296 Filio
867 3252 1012 3297 recte
1045 3242 1148 3298 dici
1182 3245 1353 3312 possit
1385 3261 1399 3298 :
1432 3244 1594 3302 Pater
1630 3260 1778 3306 amat
1804 3257 1857 3307 et
1884 3253 2000 3307 vult

421 3329 648 3396 Filium,
684 3341 759 3399 et,
781 3332 958 3389 Filius
996 3343 1142 3390 amat
1166 3345 1219 3391 et
1248 3337 1362 3392 vult
1385 3337 1624 3395 Patrem.

497 3592 586 3648 67.
635 3589 713 3646 Ne
746 3592 910 3663 igitur
956 3594 1252 3650 voluntatis
1289 3611 1426 3666 opus
1458 3597 1758 3668 appelletur
1786 3599 1958 3658 Filius
1980 3643 1994 3667 ,

420 3699 529 3740 nec
561 3682 834 3739 Valentini
883 3700 1038 3741 error
1081 3687 1137 3741 in
1185 3685 1483 3743 Ecclesiam
1532 3690 1852 3759 inducatur;
1904 3696 1999 3750 sed

426 3778 614 3832 vivens
645 3777 734 3833 ille
773 3778 1062 3833 consilium
1106 3794 1379 3851 verusque
1423 3790 1478 3837 et
1520 3784 1784 3839 naturalis
1820 3785 1998 3842 Patris

427 3867 572 3923 fetus
603 3884 725 3925 esse
755 3869 989 3939 dicatur,
1021 3878 1084 3925 ut
1108 3870 1249 3927 lucis
1286 3873 1562 3942 splendor.
1607 3875 1698 3930 Sic
1723 3878 1867 3931 enim
1898 3877 2000 3933 Pa-

422 3971 512 4016 ter
549 3964 662 4032 ipse
701 3972 786 4018 est
823 3963 1060 4031 locutus,
1092 3963 1374 4020 Eructavit
1411 3981 1508 4020 cor
1551 3983 1722 4021 meum
1774 3969 1999 4025 Verbum

427 4054 620 4107 bonum
645 4055 691 4086 ³³
723 4071 743 4109 :
785 4058 874 4110 cui
913 4054 1086 4112 Filius
1120 4057 1208 4112 his
1246 4057 1427 4114 verbis
1479 4063 1737 4130 concinit,
1782 4061 1895 4134 Ego
1944 4065 1999 4117 in

430 4141 614 4209 Patre,
643 4153 694 4198 et
724 4143 889 4199 Pater
923 4147 977 4199 in
1012 4162 1094 4201 me
1129 4156 1206 4201 est
1230 4147 1299 4204 “.
1333 4148 1520 4220 Itaque
1552 4152 1601 4206 si
1637 4152 1876 4208 Verbum
1917 4165 2000 4210 est

427 4235 484 4290 in
517 4236 702 4303 corde,
740 4238 830 4290 ubi
863 4247 946 4292 est
981 4239 1281 4295 voluntas?
1331 4240 1594 4298 Similiter
1632 4246 1676 4300 si
1716 4245 1887 4302 Filius
1917 4257 1998 4303 est

426 4328 482 4379 in
511 4325 695 4388 Patre.
727 4327 820 4382 ubi
853 4337 936 4382 est
961 4329 1288 4384 arbitrium?
1318 4329 1544 4397 Deinde,
1581 4333 1628 4387 si
1657 4333 1771 4403 ipse
1801 4346 1886 4391 est
1909 4351 2002 4391 vo-

492 4443 539 4476 ³³
576 4441 721 4499 Psal.
747 4457 893 4511 κων,
922 4444 975 4498 2.
1052 4445 1098 4476 ³⁸⁵
1130 4445 1291 4500 Joan.
1320 4463 1433 4513 xiv,
1462 4447 1548 4502 10.

499 4562 610 4631 (85)
648 4562 1120 4641 _Seguer._§obler.
1152 4573 1205 4620 et
1235 4564 1472 4622 Fclckm.
1499 4568 1552 4634 1,
1603 4568 1853 4626 θελεῖται.
1887 4572 1990 4629 Re-

425 4635 546 4701 gius
580 4633 812 4702 primus,
844 4634 1093 4700 τέλυται.

497 4701 610 4782 (86)
647 4701 811 4782 Basil.
861 4705 961 4775 τήν
1007 4719 1106 4782 pro
1147 4722 1234 4782 τις
1275 4706 1471 4782 habet._
1494 4706 1625 4782 _Mox
1656 4719 1781 4778 post
1808 4712 1996 4780 μέσον,

427 4772 628 4852 Regius
653 4774 881 4852 primus
911 4772 964 4829 et
1007 4772 1380 4845 'Segueriauus
1406 4777 1612 4833 addunt
1635 4772 1741 4846 τις,
1769 4772 1916 4850 quod
1941 4772 1998 4838 in

405 4845 550 4897 aliis
576 4853 630 4896 et
661 4842 823 4897 editis
851 4844 1025 4898 deest.

495 4912 611 4989 (87)
651 4909 892 4989 Uterque
920 4912 1053 4989 Reg.
1078 4913 1302 4989 Seguer.
1336 4917 1554 4989 Gobler.
1589 4927 1643 4974 et
1675 4919 1914 4975 Felrkm.
1943 4923 1995 4989 1,

422 4981 1028 5107 βρύέεύεσθαι.ϐιειειτῖ
1068 4995 1121 5040 et
1154 4981 1336 5042 'editio
1384 4986 1836 5058 Commeliniana,
1870 4981 1997 5061 βούζ

487 5070 518 5106 σ
553 5071 628 5107 αι.
1408 5069 1411 5071 ·

487 5069 628 5108 eoat.
1408 5069 1411 5071 ’

497 5123 610 5188 (88)
652 5121 745 5181 Sic
773 5125 904 5197 Reg.
942 5126 994 5189 1,
1025 5123 1251 5196 Seguer.
1282 5127 1500 5183 Gobler.
1551 5138 1606 5184 et
1651 5129 1890 5185 Felckm.
1940 5132 1991 5185 1.

427 5191 543 5269 Sed
565 5193 924 5269 Goblerianus
954 5203 1009 5250 et
1039 5195 1392 5269 Felckmanni
1437 5199 1650 5269 primus
1694 5201 1890 5256 habent
1919 5203 1994 5266 ὡς

426 5263 1008 5348 εξεέλεγενρὶἀειῐιςιιιο
1053 5276 1106 5348 et
1143 5263 1606 5348 Regius-primus,
1635 5270 1876 5348 ἐδύνατο.
1925 5263 1993 5348 At

422 5333 518 5410 alii
542 5335 755 5410 etediti
787 5333 1042 5410 sicliunc
1071 5333 1251 5410 locum
1261 5333 1499 5410 _habent,
1528 5333 1640 5410 εἴγε
1659 5341 1720 5396 τὸ
1744 5341 1872 5410 ἴδιον
1896 5343 1992 5395 αὐ-

421 5403 523 5473 τῆς
553 5403 783 5480 λέγοιτο,
831 5406 1062 5480 ἠδύνατο
1111 5408 1184 5480 μὴ
1232 5405 1371 5463 εἶναι
1410 5403 1630 5478 ἀγαθός,
1667 5421 1771 5465 etc.
1819 5409 1991 5480 Paulo

423 5472 550 5549 post
580 5472 780 5549 Regius
808 5472 1018 5549 primus
1048 5472 1672 5546 et'Seguerianu's,utet
1701 5477 1990 5549 legitNan-

808 5542 912 5598 ’ἀεὶ
933 5542 1358 5636 πγεννητικξςὶτῇ
1390 5542 1547 5636 φύσει
1579 5554 1614 5634 ὁ.
1643 5542 1850 5620 Πατήρ.
1886 5549 1991 5604 Re~

418 5616 867 5696 giusosecundus,
900 5616 1043 5696 οὐτω
1080 5616 1174 5670 καὶ
1214 5620 1300 5671 ἀεὶ
1325 5616 1416 5672 ξαὶ
1440 5623 1506 5692 τῇ
1548 5620 1706 5690 φύσει
1742 5616 1990 5690 γεννητι-

424 5681 519 5744 κὸς
547 5697 576 5736 ο
607 5682 816 5753 Πατήρ.
847 5687 952 5739 Ain
983 5697 1162 5741 autem
1195 5698 1248 5743 et
1276 5690 1428 5757 editi,
1454 5690 1656 5757 ἀγαθὸς
1683 5691 1769 5744 ἀεὶ
1802 5692 1895 5743 καὶ
1923 5693 1988 5759 τῇ

2100 3157 2195 3212 τοῦ
2230 3159 2406 3228 φωτὸς
2455 3174 2550 3210 του
2584 3159 2678 3211 καὶ
2707 3158 3069 3228 γεννήσαντος
3122 3156 3232 3226 (90)
3272 3153 3425 3215 αὐτὸ,
3473 3153 3576 3206 οὐκ
3619 3155 3678 3206 ὲν

2102 3247 2290 3318 σκέψει
2328 3247 2664 3319 βουλήσεως,
2704 3247 2840 3302 ἀλλὰ
2880 3247 3038 3316 φύσει
3088 3246 3183 3300 καὶ
3236 3243 3494 3315 ἀληθείᾳ·
3530 3243 3681 3296 οὐτω

2099 3341 2194 3394 καὶ
2221 3341 2312 3393 ἐπὶ
2337 3339 2430 3392 τοῦ
2464 3340 2675 3409 Πατρὸς
2701 3343 2797 3394 καὶ
2821 3339 2915 3393 τοῦ
2941 3339 3070 3393 Υἱοῦ
3095 3337 3271 3410 ὀρθῶς
3306 3338 3370 3391 ἄν
3395 3354 3478 3399 τις
3507 3334 3677 3401 εἴποι,

2097 3432 2179 3485 ὅτι
2205 3434 2232 3485 ὁ
2277 3432 2468 3504 Πατὴρ
2510 3433 2700 3503 ἀγαπᾷ
2751 3433 2845 3486 καὶ
2879 3432 3020 3485 θέλει
3053 3433 3143 3486 τὸν
3168 3431 3316 3494 Υἰὸν,
3347 3429 3442 3482 καὶ
3471 3429 3499 3480 6
3549 3428 3680 3491 Υἱὸς

2099 3521 2289 3594 ἀγαπᾷ
2319 3523 2413 3577 καὶ
2443 3523 2586 3577 θέλει
2615 3524 2707 3578 τὸν
2737 3525 2981 3595 Πατέρα.

2172 3614 2260 3667 67.
2295 3614 2504 3669 Οὐκοῦν
2529 3614 2603 3686 μὴ
2629 3615 2870 3684 λεγέσθω
2902 3615 3208 3686 θελήματος
3235 3613 3627 3687 δημιούργημα
3646 3614 3677 3666 6

2099 3705 2248 3769 Υἱὸς,
2275 3706 2408 3776 μηδὲ
2428 3705 2499 3759 τὰ
2519 3706 2631 3776 (91)
2662 3706 3015 3761 Οὐαλεντίνου
3042 3704 3416 3774 ὲπεισαγέσθω
3445 3707 3510 3775 τῇ
3553 3705 3681 3758 Ἐκ·-

2101 3797 2317 3868 κλησίᾳ,
2336 3796 2471 3852 ἀλλὰ
2487 3797 2650 3869 βουλὴ
2675 3798 2843 3862 ζῶσα,
2875 3797 2969 3851 καὶ
2985 3797 3201 3868 ἀληθῶς
3221 3797 3379 3866 φύσει
3405 3797 3677 3868 γέννημα,

2100 3889 2174 3952 ὡς
2199 3888 2291 3941 τοῦ
2321 3890 2498 3958 φωτὸς
2529 3889 2592 3943 τὸ
2637 3890 2997 3960 ἀπαύγασμα.
3033 3889 3189 3944 Οὐτω
3220 3889 3328 3961 γὰρ
3354 3889 3448 3944 καὶ
3492 3890 3520 3943 6
3578 3889 3680 3959 μὲν

2100 3982 2290 4052 Πατὴρ
2310 3981 2550 4053 εἴρηκεν,
2620 3981 3006 4052 Ἐξηρεύξατο
3041 3984 3079 4051 ἡ
3103 3982 3315 4051 καρδία
3333 4001 3452 4052 μου
3482 3984 3682 4050 Λόγοι·

2098 4073 2354 4142 ἀγαθόν’
2384 4075 2412 4127 6
2443 4073 2499 4126 δὲ
2522 4074 2651 4138 Υἱὸς
2673 4073 2998 4141 ἀκολούθως,
3043 4073 3185 4145 Ἐγὼ
3221 4075 3290 4127 ἐν
3335 4075 3414 4138 τῷ
3455 4073 3680 4141 Harp},

2099 4165 2198 4218 καὶ
2225 4169 2258 4219 ό
2286 4164 2488 4234 Πατὴρ
2513 4165 2583 4220 ὲν
2601 4165 2752 4234 ἐμοί.
2783 4166 2846 4219 Εἰ
2871 4166 2928 4220 δὲ
2948 4169 2976 4220 6
2998 4166 3110 4238 (92)
3146 4166 3318 4236 Λόγος
3359 4167 3416 4219 ὲν
3453 4165 3680 4236 καρδίᾳ,

2099 4254 2203 4308 ποῦ
2236 4257 2268 4326 ή
2308 4255 2589 4328 βούλησις;
2626 4257 2736 4310 Καὶ
2772 4258 2820 4311 εί
2847 4259 2876 4312 ὁ
2905 4257 3034 4321 Υἱὸς
3076 4258 3133 4312 ὲν
3162 4255 3239 4327 τῷ
3266 4256 3461 4326 Πατρὶ,
3506 4255 3610 4309 πού
3642 4258 3678 4328 ἡ

2102 4346 2350 4416 θέλησιςς
2383 4348 2493 4400 Καὶ
2526 4349 2572 4400 εί
2607 4350 2641 4418 ή
2671 4347 2920 4420 βούλησις
2959 4349 3149 4412 αὐτὸς,
3181 4347 3299 4411 πῶς
3331 4351 3388 4401 ὲν
3423 4347 3681 4418 βουλήσει

2145 4576 2262 4629 ύσει
2293 4574 2608 4698 γενντὲτικος
2639 4577 2668 4627 6
2696 4574 2905 4644 Πατήρ.
2953 4572 3154 4628 Ibidem
3202 4571 3402 4638 Regius
3438 4571 3679 4653 primus,

2145 4660 2325 4698 eauer.
2353 4644 2433 4698 Go
2473 4645 2662 4697 lenan.
2690 4653 2744 4698 et
2770 4642 3009 4697 Felekm.
3042 4644 3094 4698 1.
3124 4640 3184 4695 τὸ
3210 4642 3266 4696 δὲ
3293 4639 3490 4698 λέγειν.
3521 4643 3592 4695 At
3620 4658 3679 4696 In

2145 4594 2262 4629 υσει
2293 4594 2418 4642 γενν
2457 4594 2608 4636 τικος
2639 4594 2668 4627 ο
2696 4594 2905 4644 ιιστηρ,
2953 4594 3154 4628 minem
3202 4594 3402 4638 Iteglus
3440 4594 3679 4640 prunus,

2102 4594 2325 4716 ἔδευον.
2353 4594 2662 4716 ϐοιίξιεςίθῃ.
2690 4653 2744 4698 et
2770 4642 3009 4716 Felekm.
3042 4644 3094 4708 1,
3124 4640 3184 4695 τὸ
3210 4642 3266 4696 δὲ
3293 4639 3490 4710 λέγειν.
3521 4643 3592 4695 At
3620 4643 3679 4696 in

2101 4712 2310 4771 caeteris
2335 4724 2389 4768 et
2419 4714 2576 4768 editis
2602 4713 2753 4768 deest
2773 4712 2971 4781 λέγειν.

2173 4783 2528 4856 (89)ηΒεεῇυε
2559 4784 2772 4856 primus
2786 4779 2868 4856 Aet
2926 4780 3415 4856 Se‘gueriapusfﬂg
3439 4779 3550 4852 γὰρ
3581 4781 3685 4836 καὶ

2101 4850 2194 4910 ὲπὶ
2224 4850 2339 4908 τοῦ.
2373 4850 2479 4908 Alii
2508 4850 2960 4922 et'editi,"061tep
2990 4850 3081 4904 ἔπί
3111 4850 3228 4905 τοῦ.

2173 4925 2284 4995 (90)
2326 4923 2528 4995 Regius
2562 4923 2770 4995 primus
2801 4933 2867 4995 et
2888 4919 3275 4995 S'eguerianus,
3299 4919 3398 4995 τοῦ
3430 4922 3524 4974 καὶ
3555 4938 3685 4988 rev,-

2101 4988 2384 5066 vﬁeajvog.
2409 4988 2517 5047 Ἀιὶὶ
2547 4988 2600 5066 (ξι
2622 4993 2749 5048 editi
2762 4993 2869 5066 acati
2893 4988 3172 5066 omittunt:
3196 4988 3369 5066 Paulo
3384 5001 3506 5059 post
3521 5000 3683 5066 uter:

2102 5059 2209 5135 que
2237 5063 2438 5134 Regius
2462 5076 2514 5118 ct
2550 5063 2936 5135 Seguerianus,
2967 5063 3059 5135 em
3079 5060 3174 5114 τοῦ
3194 5060 3417 5135 Πατρος
3447 5061 3545 5135 οιαὶ
3581 5059 3684 5135 τοι]

2103 5129 2256 5188 Ῠὶοὖ.
2288 5129 2477 5188 Crateri
2507 5143 2561 5187 et
2593 5129 2744 5200 editi,
2779 5133 2871 5184 ἐπὶ
2912 5131 3004 5184 τοῦ
3038 5129 3251 5200 Πατρὸς
3291 5129 3408 5200 οιαὶ
3443 5131 3537 5181 ἐπὶ
3583 5129 3684 5200 τοῦ

2104 5203 2255 5258 Υἱοῦ.
2289 5204 2493 5258 Ibidem
2525 5197 2738 5274 Regius
2757 5197 3242 5274 primus,Seguer_.
3266 5197 3687 5274 _Goblerian_.'et

2099 5274 2336 5330 Felckm.
2370 5268 2794 5344 primusfsi’mi,
2816 5273 2918 5325 ὅτι,
2947 5273 3052 5326 Alii
3075 5268 3128 5326 e't
3151 5271 3302 5334 editi,
3325 5268 3468 5321 εἴποι
3493 5268 3683 5336 τοῦτο,

2097 5345 2224 5404 ὃτι.1

2169 5414 2281 5486 (91)
2321 5413 2523 5486 Regius

2100 5485 2250 5550 editi,
2265 5485 2269 5486 ⁷
2283 5485 2361 5537 τό.
2395 5486 2516 5539 Mox

2172 5556 2282 5624 (92)
2324 5554 2416 5609 Sic
2463 5555 2673 5624 primus
2719 5556 2889 5610 codex
2935 5550 3072 5621 Reg.
3105 5550 3333 5621 Seguer.
3371 5550 3589 5604 Gobler.
3621 5557 3693 5604 et

2100 5623 2336 5679 Felckm.
2375 5626 2424 5680 1.
2455 5625 2524 5678 At
2549 5626 2604 5678 in
2636 5624 2757 5680 aliis
2781 5636 2832 5679 et
2869 5624 3030 5678 editis
3057 5624 3085 5673 ὁ
3114 5625 3280 5677 deest.

2611 5415 2781 5469 rimus
2828 5425 2883 5468 et
2936 5414 3325 5481 Seguerianus,
3352 5411 3438 5462 τά.
3475 5408 3583 5462 Alii
3621 5418 3690 5463 et.

2595 5485 2742 5549 asil.,
2779 5485 2912 5538 ἀλλὰ
2937 5485 3035 5552 ,καὶ
3062 5483 3245 5552 βουλή.
