3944 6222
279 427 382 489 465

1385 427 1642 484 ORATIO
1681 427 1744 483 111
1779 426 2060 483 CONTRA
2095 423 2416 480 ARIANOS.

3420 419 3524 476 166

276 545 310 615 ἡ
337 543 533 613 βουλῆς
571 544 805 594 Ἀτοπον
835 543 942 614 γάρ
961 558 973 572 ⁸
1013 542 1099 594 ἵνα
1129 541 1204 612 μὴ
1227 542 1320 595 καὶ
1347 544 1403 595 ὲν
1422 544 1581 614 Λόγῳ
1610 544 1638 596 ὁ
1656 543 1847 611 Λόγος,

1962 543 2156 604 luntas,
2181 540 2458 610 quomodo
2491 538 2782 594 consilium
2813 538 2925 592 sive
2952 537 3205 593 voluntas
3231 538 3282 591 in
3319 537 3519 593 volun-

277 635 413 690 καὶὸ
437 633 568 697 Υἱὸς
597 637 653 686 ὲν
671 633 804 704 Υίῷ,
839 635 932 687 καὶ
954 636 985 704 ή
1010 633 1177 704 Σοφία
1205 637 1262 687 ὲν
1286 635 1454 705 Σοφία
1477 635 1695 706 γίνηται
1719 635 1853 705 (95),

278 726 530 796 καθάπερ
556 723 816 788 πολλάκις
836 725 1072 796 εἴρηται.
1103 726 1287 780 Πάντα
1335 728 1441 799 γάρ
1477 728 1624 780 ἐστιν
1661 730 1689 781 ὁ
1730 727 1857 792 Υἱὸς

277 813 369 867 τοῦ
403 813 620 883 Πατρός
642 831 653 842 ·
685 813 778 865 καὶ
805 813 956 866 οὐδὲν
987 815 1045 867 ὲν
1069 814 1147 885 τῷ
1179 816 1354 886 Πατρὶ
1382 815 1488 886 πρὸ
1517 814 1614 867 τοῦ
1641 815 1813 884 Λόγου
1839 832 1852 847 ⁸

276 906 390 960 ἀλλ’
411 908 469 959 ἐν
502 905 579 976 τῷ
599 905 755 974 Λόγῳ
780 906 873 959 καὶ
902 907 936 977 ὴ
964 905 1213 977 βούλησις
1232 923 1244 936 ·
1278 909 1370 960 καὶ
1391 907 1455 961 δι’
1485 907 1648 960 αὐτοῦ
1675 906 1742 960 τὰ
1761 905 1858 960 τοῦ

280 995 623 1066 βουλήματος
661 997 742 1058 εἰς
773 995 933 1067 ἔργον
953 995 1272 1060 τελειοῦται,
1296 996 1370 1060 ὼς
1407 997 1616 1061 ἔδειξαν
1661 996 1771 1067 (94)
1801 1001 1856 1052 αἱ

277 1087 417 1139 θεῖαι
447 1085 682 1155 Γραφαί.
724 1086 1052 1157 Ἐϐουλόμην
1071 1087 1127 1139 δὲ
1161 1089 1288 1151 τοὺς
1314 1087 1528 1152 ἀσεϐεῖς
1552 1087 1724 1151 οὓτως
1776 1091 1856 1152 είς

278 1177 504 1246 ἀλογίαν
533 1179 907 1242 πεπτωκότας,
943 1179 1037 1232 καὶ
1062 1180 1190 1250 περὶ
1225 1179 1527 1251 βουλήσεως
1553 1180 1856 1250 σκεπτομέ-

279 1286 426 1331 νους,
459 1269 557 1322 νῦν
581 1270 851 1341 ἐρωτῆσαι
885 1271 1081 1342 μηκέτι
1109 1271 1210 1336 τὰς
1242 1271 1532 1333 τικτούσας
1558 1271 1738 1325 αὐτῶν
1760 1288 1858 1339 γυ-

276 1361 490 1421 ναῖκας,
513 1358 580 1421 ἃς
601 1354 746 1413 οὗτοι
767 1360 878 1432 (95)
908 1362 1173 1433 πρότερον
1206 1360 1432 1432 ἠρώτων
1464 1360 1713 1429 λέγοντες
1735 1401 1750 1424 ,
1795 1362 1858 1414 Ei

275 1445 420 1519 εἶχες
444 1450 583 1511 υἱὸν,
620 1451 747 1522 πρὶν
777 1452 1042 1522 γεννήσῃς
1068 1468 1082 1516 ;
1117 1450 1253 1504 ἀλλὰ
1279 1452 1406 1514 τοὺς
1447 1451 1711 1522 πατέρας,
1764 1453 1858 1505 καὶ

274 1541 451 1593 εἰπεῖν
471 1540 656 1604 αὐτοῖς
675 1558 689 1572 ο
713 1541 848 1595 Πότε
857 1559 946 1612 ρον
974 1542 1345 1613 βουλευόμενοι
1370 1542 1582 1612 γίνεσθε
1600 1543 1858 1615 πατέρες,

273 1627 307 1699 ἢ
342 1629 487 1683 κατὰ
521 1630 683 1700 φύσιν
711 1633 806 1686 καὶ
822 1632 920 1702 τῆς
946 1632 1100 1704 ὑμῶν
1133 1632 1469 1705 βουλήσεωςς
1508 1635 1578 1686 Ἦ
1623 1634 1720 1704 τῆς
1753 1634 1857 1703 φύ-

277 1739 415 1786 σεως
439 1723 536 1775 καὶ
565 1722 754 1787 οὐσίας
783 1724 937 1794 ὑμῶν
964 1726 1111 1778 ἐστιν
1135 1726 1292 1796 ὅμοια
1330 1726 1398 1780 τὰ
1429 1727 1619 1790 τέκνα;
1649 1727 1734 1779 ἵνα
1756 1726 1860 1779 κᾶν

276 1813 429 1882 παρὰ
460 1813 574 1867 τῶν
601 1815 802 1882 γονέων
824 1815 1154 1888 ὲντραπῶσι,
1186 1819 1314 1888 παρ’
1341 1811 1416 1871 ὧν
1439 1818 1500 1871 τὸ
1536 1818 1728 1889 λῆμμα
1758 1817 1859 1888 τῆς

1959 639 2066 686 tate
2093 632 2216 687 est?
2246 629 2414 686 Valde
2445 631 2588 685 enim
2638 631 2741 684 hoc
2790 629 3085 684 absurdum
3118 638 3201 684 cst
3232 647 3245 683 :
3284 644 3349 684 ne
3374 631 3526 686 scili-

1955 731 2041 776 cet
2078 719 2312 776 Verbum
2351 721 2404 774 in
2431 719 2625 785 Verbo,
2656 717 2826 774 Filius
2872 718 2926 772 in
2966 716 3122 784 Filio,
3155 727 3208 772 et
3253 717 3526 789 Sapientia

1955 811 2007 866 in
2041 811 2314 882 Sapientia
2347 811 2459 865 ﬁeri
2482 811 2840 875 existimetur,
2862 811 2942 865 uti
2969 810 3165 879 saepius
3197 810 3405 866 dictum
3421 821 3536 868 est.

1955 899 2197 972 Namque
2222 901 2392 956 Filius
2415 900 2597 956 omnia
2645 901 2764 971 ipse
2789 908 2874 955 est
2894 915 3015 970 quae
3043 899 3222 956 Patris
3256 909 3402 963 sunt,
3437 896 3526 954 ni-

1955 993 2140 1062 hilque
2178 1002 2304 1047 ante
2331 991 2566 1046 Verbum
2611 1001 2694 1046 est
2734 991 2788 1045 in
2837 990 2997 1046 Patre
3038 1005 3068 1042 :'
3112 991 3206 1046 scd
3261 993 3312 1045 in
3349 989 3527 1046 Verbo

1955 1085 2122 1140 etiam
2147 1093 2232 1139 est
2261 1084 2534 1148 voluntas,
2569 1093 2622 1138 et
2648 1099 2743 1154 per
2771 1083 2947 1154 ipsum
2976 1099 3062 1149 ea,
3091 1099 3212 1153 quae
3235 1085 3534 1139 voluntatis

1958 1185 2106 1241 sunt,
2139 1191 2300 1245 opere
2329 1177 2707 1244 perﬁciuntur,
2746 1184 2806 1230 ut
2837 1191 2902 1229 ex
2929 1175 3111 1230 divina
3137 1174 3415 1246 Scriptura
3442 1177 3528 1230 di-

1957 1269 2216 1324 dicimus.
2241 1267 2444 1322 Vellem
2477 1284 2607 1324 vero
2658 1277 2717 1322 ut
2764 1269 2913 1337 impii
2947 1270 3040 1338 qui
3085 1285 3152 1324 eo
3196 1270 3530 1324 devenerunt

1958 1359 2226 1420 amentiae,
2249 1367 2303 1412 et
2327 1356 2394 1412 de
2419 1360 2694 1413 voluntate
2722 1359 3020 1429 disputant,
3043 1360 3528 1430 vellem,‘inquam,

1959 1459 2018 1504 ut
2049 1465 2156 1504 non
2184 1451 2295 1519 jam
2325 1450 2723 1520 interrogarent
2762 1451 3046 1516 mulieres,
3085 1467 3222 1520 quas
3262 1451 3334 1504 ita
3379 1452 3532 1520 prius

1958 1540 2460 1611 percontabantur,
2512 1539 2831 1595 Habuistine
2869 1542 3040 1595 tilium
3085 1542 3403 1611 priusquam
3434 1558 3530 1614 ge-

1960 1633 2216 1687 nuisses?
2259 1647 2442 1686 verum
2489 1640 2670 1702 patres
2717 1632 2898 1702 potius
2943 1633 3048 1687 hoc
3089 1633 3249 1687 modo
3300 1634 3533 1689 interro-

1961 1733 2087 1794 gent
2117 1743 2129 1779 ε
2157 1724 2238 1778 An
2273 1723 2622 1779 deliberando
2658 1733 2837 1794 patres
2870 1723 3165 1787 elﬁcimini,
3201 1741 3268 1778 an
3298 1741 3427 1779 vero
3449 1741 3534 1780 se-

1961 1814 2198 1868 cundum
2227 1823 2476 1869 naturam
2504 1824 2696 1870 vestra!
2725 1815 2888 1870 etiam
2911 1816 3240 1872 voluntatis?
3268 1816 3352 1870 An
3376 1817 3533 1872 liberi

275 1905 546 1972 γενέσεως
571 1907 881 1978 ἀπῄτησαν,
909 1908 1003 1962 καὶ
1031 1911 1157 1981 παρ’
1191 1902 1265 1963 ὧν
1305 1909 1540 1980 ἤλπισαν
1568 1910 1712 1981 ἔχειν
1759 1909 1855 1982 τὴν

1962 1905 2163 1960 similes
2189 1913 2316 1960 sunt
2350 1913 2542 1961 vestrae
2567 1916 2775 1962 natura;
2801 1919 2856 1964 et
2885 1909 3243 1963 substantia?
3271 1909 3396 1964 Haec
3428 1910 3530 1980 igi-

273 1994 496 2063 γνῶσιν.
529 1997 1015 2071 Ἀποκριθήσονται
1048 2001 1156 2072 γὰρ
1181 2002 1392 2066 αὐτοῖς,
1416 2002 1500 2054 ὅτι
1521 2001 1632 2073 (96)
1643 2003 1710 2055 "A
1735 2019 1858 2070 γεν-

273 2088 478 2157 νῶμεν,
516 2089 578 2140 οὐ
614 2088 707 2140 τοῦ
734 2088 1037 2161 θελήματος
1062 2131 1075 2156 ,
1110 2091 1221 2145 ἀλλ’
1269 2092 1424 2163 ἡμῶν
1472 2093 1620 2145 ἐστιν
1662 2093 1861 2163 ὅμοιαι

271 2179 392 2231 οὐδὲ
444 2179 976 2251 πῳϐουλευσὰμενοι
1009 2183 1273 2254 γινόμεθα
1310 2186 1516 2252 γονεῖς,
1579 2183 1715 2237 ἀλλά
1757 2183 1858 2254 τῆς

273 2272 497 2337 φύσεως
533 2271 663 2324 ἴδιόν
686 2274 799 2325 ἐστι
827 2273 887 2326 τὸ
915 2276 1107 2346 γεννᾷν
1131 2291 1146 2305 ·
1178 2275 1300 2328 ἐπεὶ
1327 2275 1421 2328 καὶ
1448 2277 1608 2347 ἡμεῖς
1638 2274 1749 2328 τῶν
1769 2293 1859 2328 τε-

272 2361 481 2414 κόντων
518 2360 629 2430 (97)
660 2361 827 2432 ἐσμὲν
855 2363 1081 2427 εἰκόνες.
1137 2365 1208 2417 Ἦ
1245 2363 1423 2419 τοίνυν
1451 2364 1860 2433 καταγινωσκέ-

269 2470 452 2505 τωσαν
479 2452 714 2514 ἑαυτῶν.
744 2453 847 2507 καῖ’
868 2454 1227 2509 παυέσθωσαν
1251 2456 1647 2525 πυνθανόμενοι
1670 2473 1860 2526 γυναι-

272 2543 380 2596 κῶν
411 2543 544 2613 περὶ
563 2542 656 2595 τοῦ
683 2542 815 2596 Υἱοῦ
859 2544 954 2598 τοῦ
989 2545 1146 2610 Θεοῦ,
1189 2546 1223 2619 ἢ
1270 2545 1690 2616 μανθανέτωσαν
1727 2547 1859 2617 παρ’

271 2638 450 2691 αὐτῶν
481 2637 636 2709 (98),
668 2639 749 2693 ὅτι
781 2641 840 2694 οὐ
893 2639 1142 2712 βουλήσει
1176 2643 1428 2712 γεννᾶται
1471 2644 1500 2695 ὁ
1545 2641 1658 2704 υἱὸς
1677 2682 1691 2706 ,
1723 2639 1860 2695 ἀλλὰ

270 2729 432 2798 φύσει
462 2729 559 2781 καὶ
589 2728 839 2800 ἀληθείᾳ.
877 2730 1110 2803 Πρέπων
1141 2731 1198 2784 δὲ
1240 2732 1333 2784 καὶ
1365 2731 1622 2802 ἁρμόζων
1648 2731 1859 2795 τούτοις

269 2822 295 2872 ὁ
328 2820 387 2886 ἐξ
423 2817 729 2890 ἀνθρώπων
749 2819 987 2890 ἔλεγχος,
1017 2821 1206 2892 ἐπειδὴ
1246 2822 1338 2874 καὶ
1372 2820 1686 2894 ἀνθρώπινα
1730 2821 1859 2892 περ)⁴

268 2911 367 2980 τῆς
392 2911 649 2980 θεότητος
672 2911 1061 2980 διαλογίζονται
1095 2913 1143 2965 oi
1177 2912 1530 2984 κακόφρονες.
1577 2911 1644 2967 Τί
1675 2913 1858 2966 τοίνυν

268 3000 348 3054 ἔτι
366 3001 481 3070 (99)
502 2999 781 3070 μαίνονται
812 3001 862 3053 οί
883 3000 1287 3072 Χριστομάχοι;
1315 3001 1422 3054 Καὶ
1447 3001 1604 3055 τοῦτο
1629 3003 1738 3074 γὰρ
1764 3003 1860 3056 αύ-

267 3091 380 3145 τῶν
413 3091 608 3165 ὥσπερ
638 3087 729 3146 οὖν
765 3093 859 3145 καὶ
905 3091 974 3146 τὰ
1026 3093 1157 3147 ἄλλα
1195 3091 1557 3164 προϐλήματα
1582 3093 1857 3148 ’δέδεικται

270 3183 362 3237 καὶ
389 3183 638 3254 ἠλέγχθη
693 3182 963 3253 φαντασία
1014 3184 1110 3237 καὶ
1166 3184 1541 3253 μυθοπλαστία
1576 3184 1652 3255 (1)
1697 3185 1856 3256 μόνον

268 3275 395 3328 ὄντα
413 3293 428 3306 ·
456 3277 552 3328 καὶ
573 3276 661 3328 διὰ
686 3274 846 3328 τοῦτο
875 3274 1169 3344 ὀφείλουσι,
1201 3275 1302 3329 κᾶν
1346 3276 1443 3345 ὀψέ
1488 3294 1618 3329 ποτε
1652 3277 1858 3349 θεωρή-

273 3383 463 3428 σαντες
485 3368 568 3429 εξς
592 3367 713 3419 ὅσον
738 3364 1048 3437 ἀφροσύνης
1079 3365 1398 3419 πεπτώκασι
1430 3367 1696 3440 κρημνὸν,
1728 3369 1858 3421 ἀνα-

271 3457 418 3511 δῦναι
450 3458 550 3512 καὶ
579 3458 772 3527 φύγειν
803 3457 879 3529 (2)
906 3458 1014 3510 ἀπὸ
1056 3457 1156 3526 τῆς
1191 3457 1285 3510 τοῦ
1327 3457 1573 3511 διαϐόλου
1607 3459 1853 3528 παγίδος,

271 3549 684 3620 νουθετούμενοι
720 3551 847 3621 παρ’
882 3549 1060 3621 ἡμῶν.
1091 3548 1473 3622 Φιλάνθρωπος
1506 3549 1616 3622 γὰρ
1657 3553 1690 3622 ἡ
1725 3553 1856 3623 ἀλή-

272 3642 388 3696 θεια
419 3643 704 3713 κράζουσα
733 3641 1024 3704 διαπαντός
1051 3657 1064 3671 ·
1090 3643 1161 3694 El
1189 3641 1319 3710 ἐμοὶ
1339 3641 1425 3711 μὴ
1449 3643 1760 3696 πιστεύετε
1777 3644 1851 3713 (5)

272 3729 353 3783 διὰ
381 3731 486 3800 τὴν
536 3730 634 3784 τοῦ
670 3730 920 3802 σώματος
975 3730 1287 3802 περιϐολὴν,
1349 3729 1450 3783 κᾶν
1504 3731 1629 3796 τοῖς
1657 3731 1852 3800 ἔργοις

272 3821 647 3874 πιστεύσατε
665 3839 676 3851 ·
709 3822 810 3874 ἵνα
841 3819 1049 3890 γνῶτε,
1080 3821 1168 3873 ὅτι
1193 3820 1308 3890 ἐγὼ
1331 3821 1401 3874 ἐν
1422 3818 1501 3886 τῷ
1532 3822 1735 3888 Πατρὶ,
1754 3823 1851 3875 καὶ

273 3917 303 3966 ὁ
325 3913 535 3982 Πατὴρ
557 3913 628 3967 ἐν
676 3914 833 3982 ἐμοι·
873 3915 1000 3979 καὶ,
1036 3912 1183 3982 Ἐγὼ
1221 3913 1296 3983 (4)
1331 3911 1432 3966 καὶ
1480 3915 1513 3966 ό
1542 3913 1744 3982 Πατὴρ
1787 3914 1856 3968 ἐν

271 4004 459 4072 ἐσμεν
478 4021 490 4032 ·
529 4005 647 4069 καὶ,
687 4005 739 4056 '0
763 4005 1034 4073 ἑωρακὼς
1058 4004 1185 4073 ἐμὲ,
1220 4002 1439 4071 ἑώρακε
1469 4003 1577 4058 τὸν
1603 4004 1853 4072 Πατέρα.

285 4095 420 4147 Ἀλλ’
456 4096 486 4147 ό
523 4095 624 4166 μὲν
659 4095 862 4167 Κύριος
903 4095 1146 4166 συνήθως
1181 4094 1713 4166 φιλανθρωπεύεται,
1763 4096 1856 4149 καὶ

273 4185 409 4241 θέλει
445 4190 656 4251 πάντας
686 4187 1044 4259 ἀνορθοῦσθαι
1077 4188 1204 4251 τοὺς
1244 4188 1737 4260 κατερραγμὲνους,
1779 4188 1857 4252 ὡς

271 4280 303 4347 ή
331 4280 538 4342 αἰνεσις
564 4279 710 4347 λέγει
732 4277 826 4331 τοῦ
856 4279 1019 4331 Δαϐίδ
1043 4279 1119 4349 (5)
1142 4296 1155 4308 ·
1183 4281 1232 4332 οἱ
1261 4280 1317 4333 δὲ
1347 4279 1562 4342 ἀσεϐεῖς
1583 4280 1642 4331 οὐ
1675 4279 1853 4332 θέλον-

271 4384 359 4432 τες
395 4370 618 4423 ἀκούειν
644 4368 931 4440 Κυριακῆς
950 4369 1154 4438 φωνῆς,
1179 4368 1300 4421 οὐδὲ
1327 4369 1582 4439 φέροντες
1608 4369 1739 4439 όρᾷν
1763 4367 1854 4422 τὸν

339 4505 385 4537 ³³
423 4503 588 4558 Joan.
631 4519 690 4569 x,
728 4502 818 4558 38.
896 4504 942 4535 “
981 4501 1112 4557 ibid.
1154 4501 1243 4556 50.
1319 4503 1362 4532 ’⁷
1401 4500 1557 4556 Joan.
1599 4518 1710 4570 xw,
1752 4502 1807 4557 9.

1957 2004 2046 2050 tur
2080 1997 2357 2068 inquirant
2399 2015 2430 2054 a
2476 2000 2812 2070 parentibus,
2847 2009 2908 2054 ut
2946 2000 3014 2054 ab
3051 2000 3137 2054 his
3171 2001 3304 2070 ipsis
3339 2002 3534 2056 confu-

1959 2095 2159 2151 tentur,
2192 2087 2359 2160 489
2388 2107 2418 2144 a
2447 2092 2646 2161 quibus
2683 2107 2804 2162 quae
2830 2091 3093 2146 elicienda
3131 2101 3276 2148 esset
3320 2109 3385 2147 ex
3433 2108 3533 2148 sua

1957 2179 2025 2234 de
2053 2182 2310 2236 nascendi
2334 2182 2497 2237 modo
2520 2184 2823 2254 quaestione
2847 2183 3126 2238 conclusio
3152 2192 3262 2238 tam
3291 2184 3534 2253 impense

1957 2268 2294 2340 ﬂagitarunt,
2335 2281 2732 2343 speraruntque
2764 2288 2877 2328 rem
2905 2287 2972 2329 ex
3000 2274 3133 2346 ipsis
3158 2274 3318 2344 plane
3346 2276 3534 2346 cogni-

1959 2370 2130 2417 turos.
2166 2360 2291 2418 Haec
2321 2363 2530 2419 scilicet
2578 2365 2654 2419 illi
2702 2374 2832 2420 sunt
2879 2369 3194 2436 responsuri
3234 2387 3247 2422 :
3290 2367 3366 2422 Ea
3411 2383 3536 2438 quae

1957 2453 2252 2524 gignimus,
2283 2470 2390 2509 non
2418 2456 2714 2512 voluntatis
2741 2466 2889 2520 sunt,
2917 2457 3011 2513 sed
3037 2461 3208 2514 nostri
3236 2469 3363 2514 sunt
3383 2461 3534 2514 simi-

1957 2541 2029 2596 lia
2057 2558 2072 2595 :
2105 2557 2281 2613 neque
2312 2545 2464 2614 prius
2499 2545 2850 2601 deliberando
2895 2556 3076 2616 patres
3121 2548 3406 2613 efﬁcimur,
3437 2551 3533 2605 sed

1959 2633 2177 2704 gignere
2224 2636 2506 2706 proprium
2554 2645 2638 2692 est
2689 2646 2916 2703 naturae,
2953 2639 3392 2710 quandoquidem
3428 2657 3534 2698 nos

1958 2741 2176 2797 quoque
2224 2727 2328 2798 ipsi
2373 2736 2659 2798 parent-um
2707 2745 2899 2784 sumus
2945 2731 3230 2800 imagines.
3261 2731 3358 2787 νει
3399 2747 3531 2803 ergo

1959 2817 2170 2886 seipsos
2200 2818 2584 2884 condemnent,
2617 2825 2671 2872 et
2709 2819 2965 2874 mulieres
2994 2819 3061 2873 de
3094 2820 3230 2875 Filio
3266 2819 3359 2874 Dei
3387 2820 3532 2874 desi-

1958 2917 2091 2963 nant
2123 2909 2510 2981 intermgare:
2551 2911 2635 2966 vel
2683 2919 2829 2966 certe
2872 2911 2940 2966 ab
2987 2912 3120 2981 ipsis
3157 2911 3372 2966 discant
3419 2925 3530 2966 non

1957 3001 2256 3064 voluntate,
2276 3001 2369 3056 sed
2387 3010 2582 3057 natura
2608 3010 2662 3058 et
2687 3018 2874 3059 revera
2899 3003 3066 3057 ﬁlium
3093 3003 3260 3072 gigni.
3288 3001 3540 3072 Equum.

1956 3092 2101 3146 enim
2137 3100 2222 3146 est
2250 3106 2344 3146 cos
2377 3094 2714 3163 argumentis
2752 3109 2816 3147 ex
2848 3092 3131 3146 hominum
3167 3101 3360 3144 natura
3394 3092 3532 3160 peti-

1963 3182 2030 3236 tis
2069 3181 2263 3244 refelli,
2301 3182 2393 3252 qui
2427 3183 2664 3236 humana
2703 3183 2770 3237 de
2797 3182 3077 3236 divinitate
3103 3181 3346 3252 improbe
3376 3181 3530 3251 cogi-

1958 3279 2092 3324 tant.
2121 3269 2261 3337 Quid
2311 3271 2478 3342 igitur
2509 3272 2688 3326 adhuc
2735 3271 3017 3326 insaniunt
3054 3269 3258 3325 Christi
3302 3270 3533 3325 hostes?

1953 3359 2090 3416 Nam
2149 3363 2292 3416 hanc
2352 3361 2569 3416 illorum
2624 3361 2888 3415 rationem
2938 3369 2998 3414 ut
3051 3368 3106 3413 et
3154 3360 3286 3414 alias
3337 3371 3529 3413 omne:

1954 3453 2290 3508 ostendimus
2316 3468 2380 3508 ac
2407 3451 2907 3508 convicimusnibil
2934 3452 3038 3506 nisi
3073 3451 3284 3506 fabulas
3305 3461 3357 3505 et
3379 3465 3531 3505 mera

1951 3553 2257 3599 commenta
2302 3559 2442 3599 esse.
2486 3545 2620 3600 Sero
2660 3545 2826 3615 igitur
2868 3546 3057 3600 saltem
3091 3542 3530 3598 animadvertant

1955 3637 2009 3690 in
2035 3647 2292 3706 quantam
2338 3637 2666 3707 insipientia:
2691 3637 3006 3708 voraginem
3057 3651 3176 3691 sese
3223 3633 3528 3704 praecipita-

1954 3729 2149 3790 verint,
2208 3744 2272 3783 ac
2321 3729 2522 3784 nostris
2575 3729 2968 3786 monitionibus
3017 3728 3259 3792 excitati,
3308 3726 3537 3780 tandem,

1957 3819 2082 3873 inde
2124 3819 2380 3874 festinent
2421 3837 2718 3890 emergere,
2757 3836 2923 3892 seque
2964 3836 3029 3875 ex
3079 3819 3278 3874 diaboli
3316 3818 3536 3887 laqueis.

1958 3910 2228 3978 expedire.
2271 3909 2549 3980 Siquidem
2587 3912 2819 3982 benigna
2852 3921 2935 3966 est
2965 3910 3170 3964 veritas
3222 3923 3343 3978 quae
3381 3907 3526 3961 assic

1958 4000 2062 4054 due
2092 4001 2292 4054 clamat
2323 4019 2336 4054 :
2373 3999 2432 4055 Si
2461 4002 2589 4055 mihi
2616 4003 2686 4056 ob
2716 4002 2962 4072 corporis
2988 4001 3243 4055 amictum
3271 4015 3374 4052 non
3408 4013 3525 4052 cre-

1959 4091 2108 4158 ditis,
2145 4094 2387 4160 operibus
2428 4094 2619 4148 saltem
2657 4094 2872 4160 credite,
2917 4100 2976 4146 ut
3012 4091 3370 4162 cognoscatis,
3401 4091 3526 4159 quia

1957 4200 2049 4256 ego
2078 4186 2134 4239 in
2161 4185 2338 4251 Patre,
2366 4195 2416 4240 et
2454 4185 2620 4240 Pater
2654 4187 2706 4240 in
2738 4203 2816 4240 me
2847 4186 3009 4250 est",
3041 4194 3114 4249 et,
3145 4181 3256 4252 Ego
3291 4190 3338 4235 et
3367 4181 3528 4234 Pater

1957 4295 2122 4331 unum
2161 4295 2341 4332 sumus
2363 4280 2428 4345 ’⁸,
2460 4286 2533 4342 et,
2573 4278 2678 4343 Qui
2725 4278 2853 4332 vidit
2902 4293 3001 4344 me,
3041 4275 3173 4329 vidit
3215 4273 3429 4327 Patrem
3455 4272 3520 4323 ".

1963 4365 2160 4422 Verum
2207 4366 2470 4422 Dominus
2511 4367 2730 4437 quidem
2764 4381 2864 4437 pro
2895 4380 3046 4421 more
3089 4379 3191 4419 suo
3231 4364 3526 4418 clementer

341 4675 454 4744 (93)
499 4673 594 4730 Sic
617 4673 819 4745 Regius
846 4673 1054 4744 primus
1084 4682 1138 4728 et
1181 4671 1566 4754 Segueriagnus.
1599 4672 1668 4727 At
1695 4672 1846 4738 editi,
1881 4680 1926 4734 D
1956 4675 2096 4754 fele.
2129 4677 2199 4754 Δ1.
2240 4680 2319 4754 fit
2361 4678 2448 4732 alii
2495 4685 2551 4754 et
2591 4677 2769 4754 editio
2801 4673 3091 4754 calomel,
3132 4672 3354 4754 τέκνων(
3401 4669 3524 4725 Mox

305 4747 516 4815 ἐνηται.

269 4763 593 4884 τεῖὦῖῗιὲίο
646 4814 857 4884 primus
906 4813 1072 4868 codex
1125 4811 1259 4884 Reg,
1291 4813 1519 4884 Seguer,
1547 4811 1767 4884 Gobler.
1799 4821 1855 4866 et

269 4880 514 4939 Felckm.
549 4885 602 4938 1.
647 4880 845 4938 Caneri
881 4893 1062 4939 autem
1093 4892 1145 4938 et
1178 4880 1328 4946 editi,
1357 4880 1620 4950 ἐδίδαξαν.
1652 4880 1853 4937 Ibidem

268 4953 474 5024 Regius
504 4954 718 5024 primus
746 4961 801 5007 et
830 4952 1589 5024 δεξειιειὶοιιιιε,ξΕϐουλόμην
1617 4953 1675 5005 δὲ
1706 4950 1854 5024 τούς.

269 5020 476 5089 Regius
505 5020 808 5093 secundus,
843 5020 1174 5093 Ἐϐουλόμην
1203 5020 1295 5076 οὖν
1324 5020 1592 5087 τούς.Μὶἱ
1622 5031 1675 5077 et
1703 5022 1854 5086 editi,

279 5093 619 5164 Ἐϐουλόμην
644 5092 790 5155 τούς.

365 5164 458 5218 951
499 5164 586 5216 Pri

339 5164 458 5235 (95)
499 5164 720 5217 Primus
745 5164 913 5226 codex
956 5164 1156 5232 Regius
1199 5175 1253 5219 et
1299 5164 1684 5235 Seguerianus,
1723 5164 1852 5216 ἐαυ-

265 5233 681 5306 τῷνῗγυναίκες
701 5233 772 5306 ᾃς
802 5232 974 5306 αὐτοί.
1002 5231 1204 5289 Ibidem
1237 5235 1462 5306 πότερον
1494 5234 1646 5306 abest
1682 5247 1710 5286 a
1744 5232 1854 5306 Go-

265 5303 518 5374 bleriano
539 5315 594 5357 et
621 5302 886 5374 Felckm._
895 5303 1094 5374 primo,
1127 5319 1227 5373 pro
1255 5302 1631 5374 quo'Anglic.,
1656 5302 1850 5374 πρότε-

333 5392 387 5425 ν.
426 5373 559 5427 ltem
606 5373 804 5427 ibidem
856 5371 1058 5442 Regius
1087 5371 1296 5443 primus
1346 5381 1402 5443 et
1455 5371 1844 5443 Seguerianus,

335 5444 677 5514 υλευόμενοι,
704 5453 762 5514 et
789 5441 1063 5514 ῐηοιζκαὶ
1088 5441 1204 5512 ’τῆς
1247 5442 1420 5514 ὑμῶν.
1451 5441 1554 5496 Alii
1585 5441 1856 5511 editique,

333 5513 612 5584 υλόμενοι,
641 5513 914 5584 iidemque
937 5513 1030 5565 καί
1058 5514 1333 5584 omittunt.

335 5580 454 5653 (96)
496 5585 632 5652 Reg.
673 5583 699 5636 1
726 5592 785 5653 et
813 5580 1039 5653 Seguer.
1078 5583 1284 5653 addunt
1324 5583 1427 5646 ὅτι,
1463 5581 1606 5653 quod
1628 5580 1698 5653 in_
1718 5581 1841 5653 aliis

263 5661 321 5706 et
348 5650 527 5709 'editis
556 5650 731 5706 dcest.
770 5650 911 5706 Ibid:
942 5651 1087 5706 Felc.
1122 5652 1432 5711 2.eteditio
1458 5650 1749 5719 Commel.,
1781 5651 1843 5706 οὐ

265 5720 576 5791 θελήματος
597 5722 756 5791 ἡμῶν
784 5723 932 5773 ἐστιν
962 5721 1157 5790 ὅμοια..

341 5767 574 5864 ἆξῆὲἷέ
603 5767 1418 5863 Εὲἶέίύἑ’ῥέἰιιίιῗέ,’ἓέειινιῖωι.
1451 5793 1760 5849 Goblerian.
1788 5800 1846 5847 et

545 5162 727 5235 rimus
745 5163 913 5235 codex
941 5162 1156 5235 Regius
1199 5175 1253 5219 et
1299 5164 1684 5235 Seguerianus,
1723 5164 1852 5235 ἐαυ-

1953 4745 2082 4828 Reg.
2177 4789 2192 4814 ,
2214 4746 2461 4828 “Seguer.
2511 4745 2728 4828 βαδιεῖ.
2759 4754 2814 4801 et
2846 4744 2990 4800 Felc.
3023 4745 3044 4798 1
3073 4782 3088 4806 ,
3143 4739 3522 4794 παυέσθωσαν.

1950 4817 2053 4870 Alii
2082 4825 2138 4872 et
2167 4817 2317 4882 editi,
2350 4817 2770 4872 παυσάσθωσαν.

2023 4886 2134 4957 (98)
2176 4886 2267 4943 Sic
2292 4880 2500 4957 primus
2533 4889 2706 4942 codex
2758 4885 2991 4953 Regius,
3035 4885 3258 4957 Seguer.
3300 4880 3522 4937 Gobler.

1951 4967 2005 5011 et
2039 4955 2178 5011 Felc.
2213 4960 2264 5010 1.
2292 4955 2363 5010 At
2396 4958 2485 5011 alii
2514 4966 2568 5012 et
2596 4959 2745 5021 editi,
2780 4957 2873 5010 καὶ
2914 4957 3044 5021 παρ’
3076 4955 3276 5008 αὐτῶν.

2026 5027 2139 5095 (99)
2184 5029 2304 5081 Ἔτι
2332 5037 2386 5083 et
2416 5043 2540 5082 mox
2573 5029 2667 5080 καί
2698 5028 2899 5082 absunt
2923 5043 2954 5082 a
2981 5022 3114 5094 Reg.
3146 5025 3170 5077 1
3201 5033 3255 5095 et
3292 5022 3518 5095 Seguer.

2031 5092 2127 5166 (1)
2148 5095 2242 5152 Sic
2271 5098 2484 5166 primus
2506 5099 2675 5152 codex
2711 5097 2931 5166 Regius,
2965 5092 3188 5164 Seguer.
3219 5092 3437 5148 Gobler.
3468 5100 3524 5146 et

1960 5165 2102 5243 Felc.
2223 5165 2292 5243 At
2323 5168 2412 5243 alii
2441 5177 2497 5243 et
2518 5165 3110 5243 editi,_tiu001t)\ao_ia.n
3165 5239 3174 5243 _
3249 5231 3260 5243 _
3331 5241 3339 5243 _

2027 5237 2103 5322 (2)
2145 5238 2347 5308 Regius
2377 5239 2429 5301 1,
2465 5233 2808 5308 Seguerian.,
2833 5238 3044 5305 φυγεῖν.
3069 5233 3261 5289 Caeteri
3293 5241 3346 5287 et
3367 5233 3519 5298 editi,

1994 5325 2192 5363 ευγειν.

1954 5325 2192 5377 φεύγειν.

2021 5379 2099 5449 (ὅ)
2158 5379 2360 5448 Regius
2393 5378 2636 5449 primus,
2673 5374 3014 5449 SeguerianL,
3051 5373 3124 5449 _E_i
3154 5370 3386 5449 ἐμοὶ-μὴ
3433 5391 3521 5449 πι-

1950 5441 2165 5502 στεύετε
2186 5489 2201 5512 ,
2229 5441 2282 5502 ει
2306 5441 2453 5509 Ino-1t,
2481 5447 2585 5517 κᾶν
2605 5449 2716 5508 τοῖς
2745 5441 3199 5517 ἔργοιςχϐοβιεζζ
3215 5451 3270 5496 et
3289 5441 3434 5517 Felc.
3465 5445 3519 5508 1,

1947 5519 2074 5572 item
2103 5511 2401 5572 πιστεύετε.
2420 5516 2525 5570 Alii
2545 5526 2599 5572 et
2619 5511 2787 5582 editi;
2806 5511 2930 5567 Ἐὰν
2943 5515 3075 5584 ἐμοὶ
3100 5513 3177 5585 μὴ
3205 5511 3520 5584 πιστεύητε,

1952 5597 2008 5643 et
2037 5591 2296 5644 omittunt
2321 5586 2444 5640 κᾶν.

2024 5658 2101 5727 (4)
2143 5658 2344 5726 Regius
2375 5657 2584 5727 primus
2609 5662 2666 5727 et
2696 5652 3151 5727 seguerquxdyo'g,

2024 5659 2078 5727 (4
2143 5659 2344 5726 Regius
2375 5659 2584 5724 primus
2609 5662 2664 5708 et
2696 5659 2945 5724 Seguer.,
2976 5659 3151 5722 κάγώ.

2022 5659 2101 5797 (5)
2137 5727 2352 5782 Gobler.
2385 5733 2440 5779 et
2468 5725 2611 5780 Felc.
2649 5725 2698 5789 1,
2727 5724 2801 5786 ὡς
2836 5725 2975 5777 αἰνεῖ
2997 5723 3178 5778 Δαϐίδ.
