3944 6222
393 401 499 458 467

997 398 1055 455 S.
1097 398 1474 453 ATHANASH
1510 398 1656 453 UPP.
1703 398 1880 454 PARS
1914 397 1955 452 1.
1989 396 2449 454 —HIS'I‘ORICA
2487 397 2575 452 ET
2611 394 3030 453 DOGMATICA.

3524 391 3634 450 468

390 518 522 590 agit,
565 525 619 571 et
646 529 836 571 omnes
860 517 1025 572 elisos
1053 519 1232 587 erigit,
1264 526 1323 572 ut
1353 517 1428 571 ait
1459 517 1627 572 David
1651 517 1698 548 "
1729 536 1742 570 :
1773 528 1830 571 at
1854 517 1951 571 im-

2060 516 2264 588 Κύριον
2295 516 2367 587 (6)
2400 516 2744 570 ὑπὸ’πάντων
2766 512 3192 583 ὁμολογούμενον
3215 511 3363 583 Θεὸν,
3385 509 3481 564 καὶ
3495 506 3634 563 Θεοῦ

387 609 466 678 pii
505 605 843 661 Dominicam
876 621 1063 662 vocem
1096 607 1343 660 nolentes
1375 607 1594 670 audire,
1627 621 1726 662 nec
1774 605 1957 660 feren—

387 710 470 755 tes
500 698 814 764 Dominum,
844 699 1010 753 Deum
1039 708 1095 753 et
1121 698 1214 754 Dei
1252 697 1448 753 Filium
1484 699 1662 769 palam
1687 698 1754 752 ab
1779 699 1957 752 omni-
1984 759 1994 774 τ

387 791 491 845 bus
520 791 764 861 agnosci,
803 790 967 844 veluti
1011 789 1293 854 scarabaei,
1330 805 1457 844 cum
1495 804 1596 844 suo
1639 797 1792 858 patre
1839 787 1960 843 dia-

387 881 514 936 bolo
550 880 737 935 miseri
782 881 1142 941 circumeunt,
1176 892 1236 934 ut
1264 896 1402 935 nova
1432 880 1728 950 impietatis
1761 879 1959 935 confir-

388 975 599 1028 mandae
640 975 914 1043 reperiant
960 981 1300 1044 argumenta.
1339 972 1478 1038 Quid
1512 973 1677 1044 igitur
1703 973 1843 1026 ultra
1877 971 1959 1026 vel

388 1063 530 1118 unde
569 1065 813 1119 invenire
844 1064 1073 1133 possint,
1109 1063 1213 1118 nisi
1251 1079 1282 1118 a
1307 1063 1508 1119 Iudaeis
1537 1074 1589 1118 et
1617 1063 1822 1133 Caipha
1857 1063 1960 1117 im-

385 1156 473 1225 pia
507 1164 823 1210 mutuentur
848 1156 1154 1220 maledicta,
1183 1163 1236 1210 et
1283 1170 1407 1210 cum
1443 1154 1734 1226 gentilibus
1767 1169 1956 1209 verum

389 1245 555 1301 Deum
599 1246 833 1316 negent?
875 1245 1156 1315 Siquidem
1216 1246 1414 1301 clausae
1454 1245 1560 1300 illis
1600 1255 1728 1301 sunt
1767 1244 1962 1300 divina:

2069 608 2218 671 Υἱὸν,
2251 608 2629 678 περιέρχονται
2673 609 2722 659 οἱ
2777 605 2970 669 ἄθλιοι,
3000 604 3074 667 ὡς
3123 603 3199 673 (7)
3245 605 3294 656 οἱ
3347 601 3630 672 κάνθαροι,

2071 699 2210 768 μετὰ
2240 700 2334 752 τοῦ
2363 699 2564 770 πατρὸς
2592 700 2798 752 ὲαυτων
2824 695 2918 750 τοῦ
2948 695 3191 748 διαϐόλου
3219 695 3518 765 προφάσεις
3554 694 3634 756 εἰς

2067 789 2320 844 ἀσέϐειαν
2346 790 2651 864 ζητοῦντες.
2682 792 2847 854 Ποίας
2875 785 2968 843 οὖν
2997 788 3104 859 ἄρα
3139 785 3274 856 μετὰ
3319 784 3494 838 ταῦτα
3526 785 3632 836 πά-

2066 877 2149 932 λιν
2183 878 2285 948 (8),
2317 879 2350 949 ἢ
2381 879 2542 932 πόθεν
2575 880 2753 950 εὑρεῖν
2773 879 3106 949 δυνήσονται,
3132 877 3179 928 εἰ
3227 874 3299 945 μὴ
3333 874 3442 944 ἄρα
3482 871 3634 942 παρὰ

2071 969 2170 1041 μὲν
2212 970 2478 1023 Ἰουδαίων
2509 973 2603 1024 καὶ
2627 970 2720 1023 τοῦ
2758 971 2984 1039 Καῖάφα
3025 967 3100 1039 (9)
3142 965 3490 1020 δανείσωνται
3535 964 3633 1027 τὰς

2064 1062 2396 1135 δυσφημίας,
2420 1065 2548 1134 παρ’
2563 1063 2825 1134 Ἑλλήνων
2840 1062 2896 1115 δὲ
2922 1061 3126 1114 λάϐωσι
3141 1059 3238 1130 τὴν
3264 1057 3527 1127 ἀθεότητα
3545 1055 3632 1119 ;,αξ

2062 1153 2174 1226 γάρ
2191 1154 2329 1207 θεῖαι
2349 1155 2562 1224 Γραφαὶ
2589 1155 2794 1217 τούτοις
2814 1151 3167 1222 ἐκλείσθησαν
3187 1190 3201 1215 ,
3237 1149 3330 1202 καὶ
3364 1145 3636 1214 πανταχό-

2069 1245 2160 1301 θεν
2188 1246 2246 1313 ἐξ
2277 1246 2452 1300 αὐτῶν
2479 1246 2820 1317 ἠλέγχθησάν
2857 1246 3087 1315 ἄφρονες
3116 1241 3211 1296 καὶ
3235 1237 3631 1312 Χριστομάχοι.

387 1342 698 1412 Scriptum,
736 1358 801 1396 ex
846 1341 1045 1412 quibus
1082 1341 1330 1397 videlicet
1370 1350 1426 1396 et
1477 1341 1627 1396 stulti
1672 1353 1725 1397 et
1753 1339 1953 1396 Christi
1985 1340 2170 1396 hostes
2193 1357 2316 1398 esse
2339 1342 2487 1397 omni
2513 1357 2578 1396 ex
2606 1349 2757 1413 parte
2785 1347 2912 1396 sunt
2938 1337 3208 1393 convicti!

979 1569 1230 1711 ’ΤΟΥ
1321 1625 1698 1765 amor
1751 1626 2157 1713 ’ΛΟΓΟΣ
2252 1623 2808 1710 ΤΕΤΑΡΤΟΣ
2842 1614 3017 1706 (ιο).

1163 1757 1701 1917 animi:
1775 1826 2240 1921 ORATIO
2316 1826 2838 1934 QUARTA.

457 2027 510 2079 1.
535 2025 614 2082 Ex
647 2025 757 2083 Deo
792 2026 936 2083 Deus
965 2035 1048 2082 est
1070 2025 1306 2083 Verbum
1358 2044 1372 2081 :
1398 2038 1638 2099 namque
1683 2028 1821 2083 Deus
1845 2038 1960 2083 erat

398 2111 621 2169 Verbum
667 2119 745 2183 ”;
782 2127 837 2172 et
868 2132 1062 2173 rursus
1093 2135 1106 2171 :
1137 2117 1374 2182 Quorum
1397 2127 1665 2187 patres,et
1686 2132 1750 2171 ex-
1771 2119 1958 2189 quibus

386 2205 625 2260 Christus
676 2207 766 2276 qui
815 2217 890 2260 est
937 2223 1092 2276 super
1131 2208 1311 2261 omnia
1363 2206 1505 2261 Deus
1552 2206 1850 2261 benedictus
1903 2209 1956 2261 in

383 2297 603 2351 saecula.
643 2297 808 2353 Amen
852 2299 919 2351 ³⁰.
967 2297 1103 2364 Quia
1138 2314 1301 2368 porro
1335 2314 1401 2354 ex
1450 2296 1560 2353 Deo
1601 2297 1746 2354 Deus
1773 2307 1874 2363 est,
1905 2311 1960 2354 et

383 2385 480 2442 Dei
510 2387 769 2456 Verbum,
811 2387 1107 2459 Sapientia,
1134 2388 1304 2444 Filius
1341 2399 1396 2445 et
1435 2389 1619 2444 Virtus
1667 2397 1752 2444 est
1795 2388 1956 2443 Chri—

383 2488 523 2544 stus;
547 2480 750 2536 idcirco
778 2495 922 2535 unus
947 2478 1091 2534 Deus
1121 2481 1172 2533 in
1199 2479 1397 2535 divinis
1428 2478 1721 2550 Scripturis
1746 2493 1958 2531 annun-

381 2568 570 2626 tiatur.
616 2572 752 2628 Cum
783 2572 927 2628 enim
959 2569 1201 2627 Verbum
1242 2574 1406 2628 unius
1437 2572 1531 2628 Dei
1566 2573 1636 2627 sit
1660 2571 1850 2634 Filius,
1889 2569 1955 2624 ad

380 2661 535 2717 illum
588 2664 747 2735 cujus
793 2677 876 2722 est
917 2667 1184 2732 refertur,
1213 2666 1287 2719 ita
1331 2675 1392 2718 ut
1437 2665 1546 2719 duo
1587 2663 1803 2732 quidem
1849 2663 1958 2716 sint

379 2752 540 2809 Pater
565 2765 619 2811 et
658 2756 851 2824 Filius,
878 2759 1060 2814 unitas
1091 2773 1221 2812 vero
1251 2757 1549 2811 divinitatis
1585 2755 1860 2809 individua
1889 2753 1958 2809 sit

380 2845 640 2916 nulloque
688 2847 854 2902 modo
889 2849 1210 2917 separabilis
1246 2865 1258 2898 :
1306 2861 1370 2901 ac
1412 2845 1638 2916 proinde
1663 2845 1953 2900 dicendum

381 2945 465 2988 est
491 2951 661 2990 unum
690 2951 812 2992 esse
837 2937 1134 2993 divinitatis
1159 2937 1508 3007 principium,
1542 2952 1648 2991 non
1673 2936 1783 2990 duo
1806 2936 1956 3006 prin-

380 3024 521 3094 cipia
553 3042 566 3080 :
595 3027 739 3081 unde
778 3029 994 3097 proprie
1025 3037 1079 3083 et
1111 3027 1425 3084 monarcbia
1456 3036 1558 3082 est.
1603 3011 1828 3095 Ex'ipso
1860 3042 1954 3079 au-

379 3122 487 3170 tem
540 3117 811 3188 principio
844 3118 1076 3175 Verbum
1125 3119 1295 3175 Filius
1333 3128 1525 3173 natura
1568 3118 1814 3184 exsistit,
1844 3131 1951 3170 non

379 3215 442 3260 ut
472 3207 617 3263 aliud
644 3209 972 3281 principium
1013 3227 1108 3281 per
1146 3212 1384 3280 seipsum
1419 3210 1742 3274 subsistens,
1780 3223 1954 3278 neque

377 3296 599 3353 aliunde
624 3315 788 3369 quam
818 3316 886 3354 ex
909 3302 1026 3371 ipso
1059 3317 1170 3356 uno
1189 3300 1456 3371 principio
1489 3310 1668 3364 natus,
1703 3314 1770 3352 ne
1794 3298 1954 3369 dyar-

2130 2029 2182 2082 1.
2230 2028 2325 2081 Ἐκ
2355 2025 2489 2081 Θεοῦ
2525 2025 2654 2090 Θεός
2687 2027 2833 2079 ἐστιν
2856 2026 2885 2078 6
2906 2033 3103 2093 Λόγος*
3129 2023 3223 2077 καὶ
3251 2023 3395 2089 Θεὸς
3421 2023 3526 2095 γὰρ
3553 2016 3634 2094 ἦν

2062 2123 2094 2173 ό
2126 2120 2317 2189 Λόγος
2340 2135 2353 2150 ο
2379 2119 2474 2172 καὶ
2506 2116 2665 2170 πάλιν
2685 2133 2700 2149 ·
2729 2111 2839 2168 ’Ὧν
2866 2117 2920 2167 οἱ
2941 2112 3208 2180 πατέρες,
3245 2112 3341 2165 καὶ
3382 2111 3451 2176 ἐξ
3478 2105 3566 2164 ὧν
3599 2111 3634 2165 ό

2059 2211 2332 2278 Χριστὸς,
2357 2212 2389 2264 ό
2403 2209 2489 2262 ὢν
2506 2209 2604 2262 ἐπὶ
2625 2207 2864 2261 πάντων
2888 2205 3030 2272 Θεὸς
3044 2203 3370 2274 εὐλογητὸς
3389 2205 3475 2268 εἰς
3491 2200 3633 2267 τοὺς

2059 2296 2298 2364 αἰῶνας.
2359 2297 2552 2366 Ἀμήν.
2583 2296 2692 2349 Καὶ
2724 2295 2837 2366 (11)
2865 2293 3048 2366 ἐπειδὴ
3072 2295 3135 2346 ὲκ
3168 2290 3302 2345 Θεοῦ
3328 2291 3458 2354 Θεός
3493 2293 3628 2352 ἐστι,

2059 2392 2154 2447 καί¹
2189 2392 2282 2446 τοῦ
2307 2389 2441 2444 Θεοῦ
2463 2389 2653 2458 Λόγος,
2678 2387 2869 2456 Σοφία,
2902 2386 3055 2449 Υἱὸς,
3097 2384 3191 2438 καὶ
3225 2384 3450 2454 δύναμίς
3484 2385 3633 2436 ἐστιν

2058 2487 2085 2538 ό
2114 2483 2369 2556 Χριστὸς,
2393 2480 2481 2534 διὰ
2505 2480 2663 2534 τοῦτο
2695 2473 2776 2542 εἷς
2797 2478 2930 2542 Θεὸς
2955 2479 3012 2530 ἐν
3033 2479 3152 2540 ταῖς
3176 2476 3345 2538 θείαις
3392 2475 3632 2545 Γραφαῖς

2059 2573 2504 2642 καταγγέλλεται.
2533 2571 2641 2625 Τοῦ
2673 2571 2791 2634 ἐνὸς
2815 2569 2923 2642 γὰρ
2951 2567 3086 2623 Θεοῦ
3111 2568 3236 2630 Υἱὸς
3268 2566 3341 2620 ὢν
3379 2569 3406 2620 ὁ
3437 2566 3630 2633 Λόγος,

2059 2669 2137 2732 εἰς
2169 2667 2350 2730 αὐτὸν,
2380 2657 2440 2718 οὗ
2475 2665 2568 2718 καὶ
2598 2663 2765 2724 ἔστιν,
2789 2663 3116 2732 ἀναφέρεται
3137 2679 3150 2691 ’
3199 2659 3339 2713 ὥστε
3387 2659 3482 2713 δύο
3534 2661 3633 2730 μὲν

2058 2755 2197 2813 εἶναι
2227 2757 2447 2829 Πατέρα
2479 2757 2573 2810 καὶ
2603 2755 2750 2821 Υἱὺν,
2780 2754 2982 2826 μονάδα
3007 2755 3062 2807 δὲ
3089 2753 3339 2822 θεότητος
3388 2752 3631 2823 ἀδιαίρε-

2055 2868 2146 2904 τον
2186 2851 2281 2904 καὶ
2327 2849 2601 2919 ἄσχιστον.
2636 2844 2869 2916 Λεχθείη
2900 2845 2943 2897 δ’
2974 2845 3039 2898 ἂν
3068 2845 3160 2898 καὶ
3206 2843 3316 2914 (12).)
3350 2842 3491 2896 οὕτω
3534 2841 3634 2913 μία

2056 2942 2198 3013 ἀρχὴ
2227 2940 2499 3011 θεότητος,
2536 2938 2630 2992 καὶ
2657 2938 2719 2990 οὐ
2760 2936 2852 2989 δύο
2883 2937 3080 3008 ἀρχαί·
3125 2935 3245 2990 ὅθεν
3293 2934 3500 3005 κυρίως
3537 2934 3633 2986 καὶ

2059 3033 2327 3106 μοναρχία
2356 3031 2522 3085 ἐστίν.
2571 3031 2660 3094 Ἐξ
2697 3030 2866 3101 αὐτῆς
2890 3029 2946 3082 δὲ
2977 3029 3076 3098 τῆς
3105 3028 3276 3098 ἀρχῆς
3327 3027 3440 3077 ἐστι
3471 3023 3632 3093 φύσει

2057 3125 2184 3189 Υἱὸς
2212 3129 2240 3179 6
2263 3125 2454 3194 Λόγος,
2483 3123 2580 3194 οὐχ
2617 3123 2692 3185 ὡς
2730 3122 2871 3193 ἀρχὴ
2921 3122 3082 3191 ἑτέρα
3115 3119 3237 3172 καθ’
3289 3118 3480 3172 ἑαυτὸν
3531 3117 3632 3186 ὑφ-

2057 3216 2232 3280 εστὼς
2259 3216 2365 3270 οὐδ’
2402 3215 2601 3282 ἔξωθεν
2622 3215 2825 3285 ταύτης
2863 3211 3118 3283 γεγονὼς,
3144 3212 3230 3264 ἴνα
3262 3211 3335 3282 μὴ
3360 3211 3425 3280 τῇ
3451 3209 3631 3279 ἑτερό-

2055 3327 2176 3380 τητι
2207 3308 2434 3380 δυαρχία
2476 3311 2568 3362 καὶ
2602 3308 2900 3380 πολυαρχία
2929 3306 3176 3375 γένηται,
3203 3302 3340 3356 ἀλλὰ
3361 3302 3462 3372 τῆς
3499 3302 3630 3370 μιᾶς

378 3387 558 3442 chiam
585 3398 640 3444 et
660 3391 1050 3462 polyarchiam,
1079 3393 1132 3448 id
1166 3400 1249 3446 est
1281 3392 1390 3445 duo
1427 3392 1508 3445 vel
1537 3391 1770 3460 plurima
1803 3390 1951 3460 prin-

2058 3399 2228 3469 ἀρχῆς
2258 3397 2386 3461 ἴδιος
2415 3397 2540 3461 Υἱὸς
2559 3440 2572 3464 ,
2604 3398 2708 3450 ἰδία
2747 3397 2904 3466 σοφία
2935 3396 3067 3466 (15),
3125 3393 3254 3456 ἴδιος
3311 3393 3484 3460 Λόγος
3504 3432 3519 3454 ,
3569 3391 3631 3455 ἐξ

379 3480 520 3550 cipia
560 3481 848 3538 diversitas
894 3484 1136 3549 inducat,
1170 3485 1262 3538 sed
1315 3484 1476 3538 unius
1531 3482 1777 3553 principii
1827 3497 1954 3552 pro-

377 3571 532 3641 prius
572 3581 656 3628 est
705 3572 908 3641 Filius,
943 3576 1162 3647 prepria
1209 3574 1508 3644 sapientia,
1565 3573 1953 3643 propriumque

382 3664 618 3722 Verbum
661 3682 728 3722 ex
771 3684 838 3723 eo
894 3668 1060 3740 590
1105 3669 1396 3724 exsistens.
1455 3666 1622 3730 Nam,
1689 3681 1744 3722 ut
1797 3668 1955 3723 docet

373 3755 636 3820 Joannes,
678 3760 733 3811 in
775 3759 880 3814 isto
915 3760 1175 3828 principio
1212 3768 1327 3814 erat
1367 3759 1614 3820 Verbum,
1643 3769 1690 3813 et
1731 3758 1953 3814 Verbum

375 3859 489 3904 erat
517 3852 657 3921 apud
684 3851 852 3906 Deum
882 3853 948 3905 ³¹.
972 3852 1118 3908 Deus
1149 3853 1293 3907 enim
1320 3851 1645 3922 principium
1671 3861 1773 3907 est.
1798 3850 1954 3908 Unde

373 3943 501 4010 quia
523 3959 589 3997 ex
609 3945 711 3999 hoc
726 3946 993 4016 principio
1012 3956 1115 4012 est,
1133 3946 1334 4001 idcirco
1349 3945 1510 4000 etiam
1529 3945 1669 3999 Deus
1685 3955 1798 3998 erat
1825 3944 1953 3999 Ver-

374 4031 497 4086 bum
513 4035 599 4087 ³¹’.
637 4034 805 4091 Porro
831 4039 1285 4106 quemadmodum
1308 4053 1476 4092 unum
1502 4046 1585 4093 est
1605 4037 1948 4106 principium,

373 4133 428 4177 et
450 4126 676 4193 proinde
704 4144 848 4183 unus
877 4128 1020 4184 Deus
1049 4148 1061 4183 ;
1088 4129 1162 4184 ita
1196 4145 1317 4199 quae
1338 4129 1621 4184 verissime
1653 4136 1736 4183 est
1765 4143 1950 4184 essen-

373 4214 448 4266 tia
479 4222 534 4268 et
569 4215 891 4283 substantia,
937 4235 1046 4273 una
1079 4230 1161 4274 est
1188 4235 1310 4289 qua:
1349 4219 1482 4274 dicit
1513 4237 1526 4273 :
1575 4218 1686 4289 Ego
1712 4233 1828 4272 sum
1859 4217 1949 4288 qui

373 4321 492 4360 sum
525 4307 591 4374 ³²,
614 4323 722 4364 non
755 4320 937 4365 autem
967 4313 1109 4375 duae,
1139 4327 1208 4366 ne
1253 4313 1460 4367 scilicet
1496 4313 1606 4366 duo
1650 4313 1760 4366 sint
1799 4311 1948 4380 prin-

360 4397 533 4468 ,cipia.
576 4398 656 4454 Ex
689 4417 795 4456 una
829 4412 1009 4457 autem
1046 4405 1135 4459 illa
1177 4405 1482 4460 substantia
1513 4405 1727 4459 exsistit
1752 4410 1947 4457 natura

370 4499 426 4545 et
450 4507 577 4546 vere
604 4491 796 4559 Filius,
825 4494 1059 4550 Verbum
1082 4538 1097 4561 ,
1131 4497 1393 4566 sapientia
1414 4539 1428 4564 ,
1462 4497 1787 4566 propriaque
1825 4495 1945 4564 ejus

368 4581 564 4648 virtus,
599 4601 698 4640 nec
728 4587 799 4641 ab
835 4603 898 4642 ea
933 4591 1272 4660 separabilis.
1311 4589 1375 4644 Ut
1422 4603 1551 4645 vero
1585 4604 1690 4643 non
1727 4587 1826 4642 alia
1864 4596 1946 4642 est

367 4677 605 4733 essentia
644 4695 741 4734 seu
772 4681 1096 4746 substantia,
1127 4697 1197 4736 ne
1239 4683 1351 4738 duo.
1380 4682 1491 4737 sint
1533 4680 1835 4751 principia:
1865 4678 1944 4733 sic

2056 3489 2226 3560 αὐτῆς
2258 3489 2538 3561 ὑπάρχων.
2565 3489 2720 3543 Κατὰ
2754 3489 2862 3559 γὰρ
2897 3487 2987 3541 τὸν
3029 3486 3279 3555 Ἰωάννην
3305 3528 3316 3544 ,
3359 3485 3426 3536 ἐν
3455 3482 3630 3554 ταύτῃ

2054 3585 2118 3652 τῇ
2137 3581 2294 3651 ἀρχῇ
2308 3579 2386 3652 ἦν
2405 3585 2437 3634 ό
2451 3582 2660 3652 Λόγος,
2680 3581 2776 3635 καὶ
2807 3584 2840 3635 ό
2863 3580 3053 3649 Λόγος
3071 3575 3149 3649 ἦν
3167 3577 3314 3646 πρὸς
3328 3577 3433 3629 τόν
3449 3577 3624 3629 Θεόγ-

2055 3673 2184 3736 Θεὸς
2216 3674 2325 3744 γάρ
2355 3674 2502 3726 ἐστιν
2535 3675 2566 3744 ἡ
2598 3675 2774 3744 ἀρχή·
2813 3672 2907 3726 καὶ
2950 3670 3135 3740 ἐπειδὴ
3173 3669 3231 3734 ἐξ
3284 3669 3449 3739 αὐτῆς
3487 3670 3626 3732 ἐστι,

2051 3763 2138 3817 διὰ
2167 3764 2322 3818 τοῦτο
2349 3765 2442 3818 καὶ
2462 3765 2606 3829 Θεὸς
2635 3761 2715 3834 ἦν
2743 3767 2776 3817 ό
2798 3764 3007 3832 Λόγος.
3034 3763 3242 3833 Ὥσπερ
3261 3761 3316 3813 δὲ
3341 3761 3436 3830 μία
3458 3762 3625 3831 ἀρχή·

2053 3858 2145 3910 καὶ
2179 3858 2317 3911 κατὰ
2342 3857 2499 3910 τοῦτο
2520 3851 2599 3920 εἷς
2621 3857 2770 3920 Θεός·
2803 3857 3024 3928 οὖτωςή
3057 3854 3133 3927 τῷ
3152 3854 3263 3908 ὄντι
3290 3853 3383 3908 καὶ
3411 3852 3627 3922 ἀληθῶς

2052 3949 2146 4002 καὶ
2174 3949 2342 4012 ὄντως
2368 3943 2500 4002 οὖσα
2529 3947 2684 4000 οὐσία
2707 3949 2801 4001 καὶ
2837 3947 3134 4010 ὑπόστασις
3170 3947 3266 4017 μία
3299 3945 3444 3998 ἐστὶν
3475 3945 3508 4014 ἡ
3538 3943 3626 3996 λέ-

2050 4057 2221 4109 γουσα
2245 4079 2259 4103 ,
2299 4040 2444 4109 Ἐγώ
2468 4044 2585 4110 εὶμι
2608 4044 2642 4096 o'
2663 4039 2766 4104 ὢν,
2799 4041 2891 4092 καὶ
2921 4039 2983 4092 οὐ
3020 4039 3132 4103 δύο,
3166 4039 3254 4092 ἵνα
3291 4037 3365 4109 μὴ
3405 4037 3498 4092 δύο
3527 4038 3625 4108 ἀρ-
3669 4048 3671 4050 ·

2050 4132 2160 4202 χαί·
2203 4133 2297 4186 Ἐκ
2320 4132 2376 4185 δὲ
2397 4134 2494 4204 τῆς
2520 4135 2646 4204 μιᾶς
2676 4132 2832 4202 φύσει
2850 4132 2942 4185 καὶ
2967 4130 3183 4203 ἀληθῶς
3208 4131 3355 4197 Υἱὸς,
3373 4131 3401 4182 ό
3426 4130 3620 4197 Λόγος,

2050 4225 2084 4294 ἡ
2114 4223 2292 4292 σοφία,
2319 4225 2353 4294 ἡ
2380 4223 2606 4295 δύναμις
2631 4224 2732 4277 ἰδία
2756 4224 3076 4294 ὑπάρχουσα
3095 4222 3285 4292 αὐτῆς,
3306 4222 3399 4275 καὶ
3436 4221 3495 4285 ἐξ
3520 4221 3621 4273 αὑ-

2048 4313 2148 4383 τῆς
2181 4312 2502 4384 ἀχώριστος.
2535 4314 2746 4385 ’Ὠσπερ
2773 4314 2830 4366 δὲ
2862 4313 2962 4366 οὐκ
2994 4312 3149 4382 άλλη,
3183 4312 3269 4364 ἵνα
3307 4311 3381 4382 μὴ
3406 4311 3498 4364 δύο
3524 4313 3623 4382 ἀρ-

2049 4404 2158 4474 χαί.
2183 4403 2355 4469 οὕτως
2381 4406 2409 4456 ὁ
2431 4407 2494 4458 ἐκ
2516 4405 2616 4474 τῆς
2645 4406 2774 4475 μιᾶς
2792 4405 2962 4472 Λόγος
2989 4405 3049 4457 οὐ
3079 4403 3452 4472 διαλελυμένος
3483 4401 3620 4472 (11),

2047 4495 2080 4567 ἢ
2116 4495 2299 4559 ἁπλῶς
2329 4497 2478 4568 φωνὴ
2512 4496 2843 4567 σημαντικὴ,
2877 4493 3012 4548 ἀλλὰ
3038 4493 3299 4564 οὑσιώδης
3326 4494 3496 4561 Λόγος
3526 4495 3621 4546 καὶ

2047 4587 2310 4659 οὑσιώδης
2343 4589 2524 4658 σοφία,
2546 4589 2666 4658 ἥτις
2694 4589 2841 4642 ἐστὶν
2859 4589 2888 4639 6
2911 4587 3037 4651 Υἱὸς
3065 4586 3297 4657 ἀληθῶς.
3325 4587 3388 4639 Εἰ
3417 4587 3524 4657 γὰρ
3553 4586 3617 4656 δὴ

2051 4679 2125 4750 μὴ
2154 4676 2418 4749 οὐσιὼδης
2447 4677 2554 4747 εἴη,
2587 4676 2738 4730 ἔσται
2771 4677 2799 4728 6
2823 4677 2956 4740 Θεὸς
2981 4675 3155 4728 λαλῶν
3195 4677 3274 4739 εἰς
3308 4675 3477 4746 ἀέρα,
3524 4675 3617 4727 καὶ

365 4767 604 4824 Verbum
648 4773 794 4844 quod
829 4787 895 4827 ex
946 4789 1054 4828 una
1095 4773 1331 4838 exsistit,
1380 4774 1514 4829 nihil
1556 4773 1794 4838 ﬂuxum,
1841 4789 1943 4829 nec

2058 4771 2206 4843 σῶμα
2229 4772 2378 4829 οὐδὲν
2407 4771 2567 4825 πλέον
2597 4770 2741 4841 ἔχων
2766 4769 2871 4823 τῶν
2913 4767 3235 4840 ἀνθρώπων.
3297 4767 3509 4840 Ἐπειδὴ
3559 4767 3616 4819 δὲ

442 4885 488 4918 ⁸⁸
525 4885 670 4941 Psal.
713 4903 870 4951 εχιτ,
914 4888 968 4944 8.
1046 4892 1092 4920 ²⁰
1131 4888 1289 4945 Joan.
1335 4890 1386 4961 ιι,
1431 4890 1480 4944 1.
1560 4890 1604 4921 ³⁸
1644 4889 1804 4943 Rom.
1846 4904 1923 4956 Ix,

2099 4887 2141 4918 ³¹
2182 4887 2342 4942 Joan.
2384 4904 2422 4953 1,
2466 4889 2514 4942 1.
2579 4887 2648 4918 ³¹⁶
2684 4886 2815 4941 ibid.
2895 4886 2940 4917 ³¹
2977 4883 3147 4940 Exod.
3193 4901 3275 4950 ιιι,
3317 4883 3403 4938 14.

546 5005 700 5093 (βόε...
720 5007 743 5059 1
764 5024 768 5028 ’
787 5017 841 5093 et
892 5006 1040 5093 Sequ
1068 5010 1433 5093 Κύριον..ΛῇἾὶ
1467 5019 1521 5093 et
1542 5011 1627 5064 ed.
1650 5009 1934 5093 ,δρψ-τόν.

443 5077 518 5145 (7)
546 5077 636 5149 Sic
663 5075 792 5149 Reg.
819 5079 842 5130 1
874 5087 930 5132 et
963 5075 1186 5149 Seguer.
1208 5081 1278 5134 At
1301 5081 1354 5134 in
1384 5080 1601 5135 Gobler.
1633 5089 1686 5132 et
1710 5075 1852 5133 Felc.
1881 5078 1936 5142 1,

364 5148 517 5218 deest
544 5147 641 5212 ὡς,
674 5148 727 5201 in
755 5149 876 5204 aliis
911 5147 1091 5204 autem
1123 5159 1177 5204 et
1202 5151 1363 5204 editis
1387 5153 1456 5204 οἱ.
1490 5150 1623 5204 Ibid.
1655 5149 1786 5218 Reg.
1821 5149 1861 5218 1
1885 5157 1940 5202 et

366 5217 601 5291 δεδρεὲ
613 5260 628 5281 ,
643 5219 870 5291 ’πατρὸς
891 5219 1117 5291 ἑαυτρὂν.
1145 5220 1236 5275 Cu?
1273 5232 1339 5275 et'
1356 5223 1468 5286 εὐ..
1487 5219 1708 5291 ’πατρὶς
1735 5217 1934 5272 αὐτῶν.

434 5287 514 5362 (ξ)
556 5288 726 5362 guilt!
757 5287 911 5362 abest
946 5306 978 5344 a
1011 5290 1144 5362 Reg.
1183 5291 1206 5344 1
1245 5299 1300 5362 et
1334 5291 1558 5362 Seguer.

437 5355 517 5479 (9i
559 5355 650 5413 Sic
688 5358 908 5414 Gobler.
956 5369 1010 5415 et
1037 5355 1194 5441 .Félc.
1242 5361 1292 5413 1.
1345 5355 1434 5415 Α(
1462 5362 1664 5430 Regius
1701 5361 1933 5430 primus,

437 5443 481 5479 to
545 5427 642 5479 μὲν
678 5429 944 5479 Ἰουδαίων
971 5449 1065 5479 του
1097 5432 1341 5479 Καῖάωα.
1376 5431 1622 5479 Samiam-
1659 5431 1812 5479 παρὰ
1839 5433 1933 5479 μὲν

364 5427 660 5549 Ξιὲρὰθῆὲνς
678 5429 944 5512 Ἰουδαίων
971 5430 1084 5511 τοῦ.
1097 5432 1341 5514 Καῖάφα.
1376 5427 1623 5514 ὃθειιεέιη
1659 5427 1812 5502 παρὰ
1837 5433 1936 5503 μὲν

376 5529 392 5544 ι.
598 5498 796 5552 υοαίων
841 5517 948 5554 των
992 5519 1111 5558 του.
1166 5503 1273 5556 Ain
1330 5512 1384 5557 et
1431 5505 1598 5558 editio
1643 5501 1932 5558 Commel..

365 5565 529 5644 παρὰ,
549 5566 811 5644 Ἰουδαίων
836 5572 932 5644 καὶ.
954 5571 1070 5644 τοῦ.
1095 5544 1620 5644 Ἰὺὶάοιιινέεῖιιὲῐη
1645 5544 1933 5626 δανείσωνῖ

365 5634 474 5687 ται.
503 5634 606 5696 Alii
637 5648 692 5691 et
721 5639 879 5702 editi,
909 5641 1257 5694 δανείσονται.

437 5704 550 5774 (10)
593 5705 959 5774 Seguerianus
994 5711 1137 5766 hunc
1171 5713 1330 5766 habet
1373 5713 1589 5766 titulum
1623 5711 1731 5766 Τοῦ
1763 5714 1926 5766 αὑτοῦ

2043 5007 2467 5077 appellabamus,
2503 5003 2597 5060 τοῦ
2631 5004 3097 5077 αὑτοῦηιειιιιιιιιι,
3131 5001 3410 5077 sed‘idem
3446 4999 3497 5077 in
3527 4997 3613 5077 ln-

2041 5069 2161 5132 diée
2185 5077 2334 5131 addit
2355 5069 2511 5144 λόγος
2539 5077 2814 5147 τέταρτος.
2843 5073 3189 5147 Haec_a_uter_n
3222 5070 3413 5147 Oratio
3432 5069 3502 5147 in
3535 5070 3613 5121 al-

2044 5157 2160 5218 tero
2206 5147 2375 5218 Regio
2397 5141 2566 5218 deest.
2597 5141 2813 5202 Gobler.
2861 5151 2916 5218 et
2946 5143 3106 5218 ‘Ij‘elc.
3139 5144 3193 5218 i1
3224 5141 3364 5218 κατὰ
3402 5141 3611 5218 ’Λρεια-

2042 5217 2146 5270 νῶν
2168 5210 2322 5285 λόγος
2343 5224 2404 5271 εί.
2422 5216 2756 5281 Basiliensis,
2775 5214 2916 5268 κατὰ
2946 5212 3232 5285 ’Λρειανῶν
3251 5212 3406 5285 λόγος
3431 5210 3606 5285 ἕκτος..

2042 5285 2178 5342 Vide
2205 5277 2638 5342 Admonitionem
2674 5277 2891 5354 p.318,
2922 5277 3076 5341 num.
3110 5283 3164 5338 2.
3199 5277 3435 5352 Anglic.,
3467 5277 3608 5331 κατὰ

2055 5358 2344 5428 ’Λρειανῶν
2370 5357 2546 5426 λόγος,
2575 5358 2726 5428 nullo
2753 5355 2934 5428 addito
2950 5369 3212 5428 numero.

2113 5423 2225 5500 (11)
2263 5423 2479 5500 Gobler.
2517 5436 2571 5483 et
2602 5426 2746 5500 Felc.
2782 5427 2834 5500 l,
2867 5423 2960 5478 καί
2987 5425 3264 5479 omittunt.

2132 5496 2221 5564 12)
2261 5499 2369 5551 Καί
2400 5499 2553 5554 abest
2582 5497 2653 5551 ab
2680 5496 2892 5566 Anglic.

2137 5561 2221 5636 15)
2281 5567 2372 5625 Sic
2416 5583 2550 5624 mss.
2600 5567 2667 5622 At
2711 5561 2873 5622 editio
2920 5564 3208 5632 Commel.,
3261 5563 3390 5627 Υἱὸς
3441 5561 3598 5626 Since,

2035 5638 2183 5703 Υἱὸς,
2212 5638 2336 5704 ἰδία,
2365 5648 2468 5695 etc.

2108 5701 2221 5779 (14)
2262 5701 2352 5780 Sic
2387 5709 2608 5780 Seguer.
2641 5708 2806 5764 Basil.
2835 5712 2888 5761 et
2906 5706 3116 5778 Anglic.
3150 5705 3220 5761 At
3248 5703 3338 5761 alii
3362 5713 3415 5758 et
3445 5701 3608 5773 editi,

364 5771 520 5844 λόγος
567 5782 629 5831 ε’.
669 5771 873 5847 Regius
902 5795 1062 5848 quem
1098 5782 1332 5850 primum
1357 5781 1617 5839 Oratione
1648 5783 1928 5854 superiore

2058 5771 2244 5835 ἰιαλελυ
2252 5779 2444 5850 μένως.
