3944 6222
305 356 400 414 469

1410 363 1777 435 onA'noiv
1821 363 2103 420 CONTRA
2143 361 2461 419 ARIANOS.

3445 368 3548 423 670
3568 413 3572 419 .

305 482 397 535 οὐκ
422 480 571 534 ἔστιν
599 481 889 554 ἄνθρωπος
910 501 925 516 ⁶
965 485 1062 542 οὐκ
1089 486 1154 541 ἂν
1175 488 1258 560 εἴη
1280 489 1404 543 οὐδὲ
1435 493 1464 544 6
1498 492 1671 561 Λόγος
1715 492 1879 547 αὐτοῦ

1985 509 2088 550 vox
2124 502 2331 548 tantum
2369 490 2682 561 signiﬁcans
2725 495 2828 554 est,
2861 485 2952 542 sed
2986 484 3272 542 essentiale
3313 483 3548 540 Verbum

307 571 442 626 κατὰ
465 569 563 642 τὴν
596 572 706 625 τῶν
739 573 1039 644 ἀνθρώπων
1060 578 1359 634 ἀσθένειαν.
1395 581 1602 654 Ὥσπερ
1626 581 1736 651 (15)
1769 582 1876 654 γὰρ

306 668 401 738 μία
434 667 594 720 οὐσία
617 671 652 740 ὴ
687 670 850 741 ἀρχὴ,
887 670 1060 736 οὕτως
1091 668 1170 736 εἷς
1200 674 1461 747 οὺσιώδης
1501 677 1593 730 καὶ
1625 675 1870 745 ὑφεστὼς

302 759 330 812 6
355 757 559 830 ταύτης
585 759 757 830 Λόγος
785 764 878 816 καὶ
906 765 938 834 ἡ
980 764 1158 833 σοφία.
1205 766 1290 831 Ὠς
1313 767 1423 840 γὰρ
1455 770 1521 822 ὲκ
1567 768 1700 823 Θεοῦ
1743 769 1876 834 Θεός

301 849 436 914 ἐστι,
465 852 562 904 καὶ
585 854 652 905 ὲκ
683 853 846 922 σοφοῦ
888 855 1067 924 σοφία,
1104 858 1196 911 καὶ
1228 859 1292 912 ὲκ
1314 859 1532 929 λογικοῦ
1567 861 1756 930 Λόγος,
1783 861 1877 915 καὶ

300 943 364 994 ὲκ
378 943 592 1012 Πατρὸς
609 943 736 1008 Υἱός
757 961 770 975 ο
789 945 960 1009 οὕτως
975 946 1033 1013 ἐξ
1056 948 1406 1014 ὑποστάσεως
1427 949 1725 1014 ὑπόστατος
1743 949 1876 1022 (16),

302 1034 393 1088 καὶ
419 1034 480 1100 ἐξ
499 1035 689 1100 οὐσίας
709 1037 974 1109 οὐσιώδης
993 1040 1086 1092 καὶ
1113 1041 1374 1108 ὲνούσιος,
1402 1043 1496 1097 καὶ
1521 1041 1582 1106 ἐξ
1596 1042 1745 1106 ὄντος
1777 1041 1876 1096 ὢν.

1983 593 2037 639 ει
2079 581 2382 639 essentialis
2425 591 2509 636 est
2556 579 2854 651 sapientia,
2899 591 3020 648 qua:
3065 591 3190 630 vere
3233 573 3402 631 Filius
3443 581 3543 632 est.

1984 673 2116 729 Nam
2146 674 2248 728 nisi
2272 673 2560 729 essentiale
2582 669 2818 727 Verbum
2847 675 3008 734 esset,
3032 676 3345 738 sequeretur
3378 665 3547 722 Deum

1981 765 2148 821 verba
2180 781 2278 820 sua
2311 781 2405 834 per
2437 780 2614 820 aerem
2659 761 2950 824 effundere,
2983 772 3304 828 corpusque,
3345 765 3425 812 ut.
3452 757 3548 811 ho-

1983 858 2178 921 mines,
2223 857 2442 912 habere.
2487 855 2751 923 Quoniam
2789 868 2917 909 vero
2957 852 3121 906 homo
3163 864 3272 904 non
3306 857 3406 915 est,
3452 865 3551 903 nec

1982 948 2112 1004 item
2157 947 2276 1018 ejus
2325 945 2563 1002 Verbum
2597 946 2890 1018 quidquam
2933 943 3214 998 hominum
3252 939 3548 995 inﬁrmitati

1983 1039 2162 1096 simile
2197 1038 2384 1094 habet.
2424 1037 2496 1093 Ut
2521 1039 2664 1094 enim
2693 1035 3021 1107 principium
3056 1048 3162 1088 una
3189 1040 3272 1088 est
3294 1031 3547 1091 essentia,

301 1126 373 1180 ita
401 1142 574 1183 unum
602 1137 687 1184 est
716 1130 1002 1186 essentiale
1043 1140 1098 1186 et
1135 1133 1440 1191 subsistens
1475 1134 1596 1205 ejus
1630 1133 1870 1190 Verbum
1903 1143 1958 1189 et
1992 1131 2279 1202 sapientia.
2331 1131 2467 1186 Nam
2500 1140 2559 1186 ut
2583 1146 2649 1186 ex
2690 1128 2800 1184 Deo
2829 1127 2972 1183 Deus
3017 1134 3135 1192 est,
3183 1139 3252 1180 ex
3309 1123 3552 1192 sapiente

301 1221 590 1290 sapientia,
623 1237 692 1278 ex
723 1222 973 1278 rationali
1001 1235 1180 1280 mente
1208 1224 1369 1280 Ratio
1401 1242 1498 1283 seu
1535 1227 1792 1292 Verbum,
1815 1234 1871 1282 et
1905 1240 1974 1279 ex
2003 1224 2164 1280 Patre
2193 1224 2406 1280 Filius:
2432 1222 2527 1294 ita]
2545 1237 2614 1279 ex
2662 1219 2968 1278 substantia
3024 1215 3396 1274 substantialis
3447 1223 3546 1269 est,

300 1329 366 1368 ex
395 1314 636 1369 essentia
678 1316 1014 1384 essentialis,
1063 1333 1134 1373 ac.
1161 1319 1394 1388 denique
1421 1334 1550 1376 vere
1584 1329 1668 1376 est
1701 1327 1759 1374 ut
1781 1317 1876 1389 qui
1915 1315 1985 1372 sit
2017 1317 2087 1372 ab
2123 1332 2188 1371 eo
2217 1317 2308 1386 qui
2337 1325 2437 1372 est.

368 1406 424 1460 2.
474 1406 627 1459 Ἐπεὶ
651 1408 698 1460 εί
735 1408 808 1478 μὴ
853 1408 1116 1480 οὐσιὼδης
1147 1411 1310 1481 σοφία
1330 1453 1345 1472 .
1375 1414 1472 1468 καὶ
1516 1413 1757 1477 ὲνούσιος
1778 1412 1878 1466 Λό-

301 1515 420 1566 γος,
455 1498 554 1550 καὶ
578 1496 654 1550 ὣν
686 1498 833 1563 Υἱὸς,
864 1499 998 1554 ἀλλὰ
1023 1500 1208 1566 ἁπλῶς
1241 1504 1422 1574 σοφία,
1451 1506 1544 1559 καὶ
1571 1506 1762 1575 Λόγος,
1785 1507 1881 1560 καὶ

305 1588 430 1652 Υἱὸς
459 1590 520 1641 ὲν
547 1586 627 1658 τῷ
655 1591 827 1660 Πατρί
851 1609 864 1620 ·
898 1593 983 1663 εἴη
1027 1592 1094 1648 ἂν
1123 1579 1305 1659 αὐτὸς.
1327 1598 1356 1650 6
1393 1598 1582 1670 Πατὴρ
1629 1599 1881 1664 σύνθετος

300 1683 365 1734 ἐκ
405 1681 600 1748 σοφίας
630 1681 723 1735 καὶ
753 1682 948 1750 Λόγου.
983 1685 1045 1737 Ei
1071 1685 1126 1738 δὲ
1167 1685 1327 1740 τοῦτο
1350 1728 1366 1755 ,
1417 1689 1768 1760 ἀκολουθήσει
1811 1689 1880 1743 τὰ

301 1773 678 1844 προειρημένα
698 1774 874 1830 ἄκοπα
893 1792 908 1807 ·
937 1773 1091 1829 ἔσται
1123 1778 1180 1831 δὲ
1204 1779 1298 1832 xa‘.
1337 1780 1495 1846 αὐτὸς
1535 1782 1729 1836 ἑαυτοῦ
1759 1785 1877 1838 Πα-

300 1865 422 1936 τὴρ,
459 1860 556 1918 καὶ
583 1865 611 1918 6
655 1865 779 1930 Υἱὸς
804 1867 968 1930 αὐτὸς
991 1868 1178 1922 ἑαυτὸν
1205 1869 1428 1940 γεννῶν,
1477 1873 1572 1927 καὶ
1604 1873 1878 1945 γεννώμεο

299 1972 386 2020 νος
405 1956 498 2025 ὑφ’
519 1955 714 2010 ἑαυτοῦ
735 1974 749 1990 ο
777 1957 812 2030 ἢ
839 1957 1009 2030 ὄνομα
1029 1959 1188 2030 μόνον
1213 1962 1329 2016 ἐστὶ
1356 1962 1548 2032 Λόγος,
1573 1966 1666 2018 καὶ
1687 1965 1880 2035 Σοφία,

2049 1410 2104 1464 2.
2145 1408 2402 1480 Alioquin
2434 1407 2540 1464 nisi
2589 1405 2898 1463 essentialis
2938 1411 3083 1460 esset
3123 1400 3385 1472 sapientia
3419 1400 3553 1455 Ver-

1981 1503 2221 1572 bumque
2253 1500 2567 1567 essentiale,
2601 1508 2656 1555 et
2681 1498 2854 1555 Filius
2878 1497 2973 1568 qui
3002 1510 3126 1551 vere
3168 1494 3257 1560 sit,
3298 1494 3392 1550 sed
3423 1494 3553 1548 sim-

1981 1594 2193 1666 pliciter
2217 1594 2503 1663 sapientia,
2542 1590 2806 1657 Verbum,‘
2844 1599 2901 1645 et
2927 1587 3096 1645 Filius
3124 1587 3182 1644 in
3215 1585 3393 1652 Patre,
3423 1601 3554 1640 sane

1982 1687 2100 1756 ipse
2141 1685 2298 1741 Pater
2341 1701 2407 1740 ex
2443 1683 2710 1755 sapientia
2740 1691 2794 1738 et
2817 1680 3163 1738 Verboesset
3197 1678 3551 1748 compositus.

1982 1777 2137 1845 Quod
2169 1779 2386 1848 quidem
2437 1777 2485 1833 si
2520 1775 2721 1833 verum'
2748 1782 2852 1841 est,
2904 1787 3070 1844 supra
3119 1772 3281 1829 allata
3319 1769 3554 1826 absurda

1984 1877 2280 1939 sequentur
2316 1869 2629 1926 necessario
2657 1887 2670 1924 :
2711 1866 2827 1938 ipse
2856 1875 3036 1922 autem
3081 1864 3281 1922 suimet
3312 1859 3473 1915 Pater
3501 1869 3559 1914 et

1973 1962 2157 2019 -Filius
2193 1963 2410 2018 futurus
2436 1970 2538 2029 est,
2578 1961 2695 2032 ipse
2735 1959 2974 2029 seipsum
3000 1965 3085 2014 est
3113 1955 3414 2028 geniturus,
3443 1961 3498 2008 et
3523 1967 3574 2006 a.

299 2048 388 2100 καὶ
419 2047 576 2111 Υίὸς,
621 2049 720 2118 οὐχ
758 2049 1032 2122 ὑφέστηκε
1061 2051 1118 2105 δὲ
1140 2092 1155 2116 ,
1196 2053 1318 2108 καθ’
1351 2049 1412 2110 οὗ
1453 2055 1668 2125 λέγεται
1693 2057 1882 2125 ταῦτα,

1988 2057 2168 2126 seipse
2193 2056 2444 2126 gignetur
2476 2053 2598 2110 :vel
2626 2059 2774 2108 certe
2816 2064 3027 2108 merum
3073 2045 3394 2103 nomen-erit
3422 2043 3557 2097 Ver-

299 2139 501 2209 μᾶλλον
530 2141 589 2194 δὲ
609 2142 669 2204 ὃς
694 2144 808 2195 ἐστι
839 2142 1028 2197 ταῦτα.
1058 2145 1122 2197 Ei
1144 2140 1238 2199 οὖν
1271 2146 1369 2218 οὐχ
1391 2148 1716 2221 ὑφέστηκεν,
1738 2150 1884 2221 ἀργὰ

297 2233 358 2285 ἂν
398 2233 488 2305 εἴη
518 2234 614 2292 καὶ
646 2233 779 2288 κενὰ
801 2235 870 2288 τὰ
897 2235 1159 2306 ὀνόματα,
1195 2239 1353 2304 ἐκτὸς
1375 2242 1423 2293 εί
1455 2241 1530 2312 μὴ
1553 2242 1620 2296 ἄν
1638 2260 1722 2307 τις
1742 2243 1882 2296 εῐποι

296 2321 629 2390 αὐτοσοφίαν
659 2315 797 2375 εἶναι
855 2325 947 2377 καὶ
996 2325 1297 2394 Αὐτολόγον
1331 2328 1423 2382 τὸν
1469 2329 1624 2383 Θεὸν.
1664 2331 1802 2385 Ἀλλ’
1834 2335 1900 2385 εί.

295 2409 473 2476 τοῦτο,
502 2408 592 2482 εῐη
613 2409 680 2464 ἂν
703 2411 864 2474 αὐτὸς
897 2413 1090 2467 ἑαυτοῦ
1135 2416 1327 2488 Πατὴρ
1363 2418 1456 2470 καὶ
1496 2418 1623 2483 Υἱός
1647 2438 1660 2452 ·
1694 2423 1883 2493 Πατὴρ

297 2502 417 2570 μὲν,
449 2502 542 2555 ὅτε
571 2502 753 2572 σοφὸς,
776 2503 904 2567 Υἱὸς
931 2504 1010 2570 δὲ,
1037 2505 1127 2558 ὅτε
1156 2506 1316 2576 σοφία
1350 2507 1483 2580 (17).
1521 2509 1682 2564 Ἀλλὰ
1709 2512 1784 2583 μὴ
1808 2512 1882 2578 ὡς

296 2592 524 2662 ποιότης
538 2609 622 2655 τις
642 2592 817 2647 ταῦτα
837 2595 893 2646 ὲν
915 2594 993 2664 τῷ
1019 2595 1138 2666 Θεῷ
1158 2611 1170 2624 ·
1199 2596 1379 2666 ἄπαγε
1399 2598 1410 2652 !
1437 2600 1684 2669 ἀπρεπὲς
1702 2600 1877 2654 τοῦτο·

295 2683 658 2756 εὑρεθήσεται
688 2683 797 2756 γὰρ
833 2684 1087 2749 σύνθετος
1108 2689 1144 2740 ιὸ
1177 2687 1308 2752 Θεὸς
1337 2689 1396 2754 ἐξ
1427 2691 1612 2755 οὐσίας
1646 2694 1739 2746 καὶ
1767 2710 1884 2746 ποι-

293 2777 507 2847 ότητος.
534 2778 694 2830 Πᾶσα
727 2776 836 2848 γὰρ
872 2777 1168 2848 ποιότης-ὲν
1201 2779 1358 2850 οὐσίᾳ
1387 2782 1524 2836 ἐστί.
1550 2783 1706 2836 Κατὰ
1727 2783 1882 2837 τοῦτο

293 2869 348 2922 δὲ
373 2870 410 2940 ἡ
446 2866 572 2920 θεία
608 2869 795 2939 μονὰς,
831 2868 1135 2940 ἀδιαίρετος
1166 2865 1322 2935 οὖσα,
1359 2872 1612 2937 σύνθετος
1645 2877 1881 2947 φανήσε-

291 2977 406 3028 ται,
436 2961 749 3032 τεμνομένη
775 2963 855 3024 είς
886 2962 1074 3017 οὐσίαν
1095 2965 1189 3017 καὶ
1219 2964 1585 3037 συμϐεϐηκός.
1615 2968 1882 3024 Πευστέον

294 3048 385 3107 οὗν
415 3052 530 3106 τῶν
571 3051 894 3124 προπετῶν
955 3055 1013 3107 Ὀ
1055 3055 1184 3119 Υἱὸς
1222 3056 1380 3124 σοφία
1414 3057 1510 3110 καὶ
1551 3059 1722 3127 Λόγος
1755 3061 1882 3131 ἐκη-

299 3144 472 3216 ρύχθη
498 3142 596 3197 τοῦ
618 3143 752 3198 Θεοῦ
773 3163 786 3174 ·
819 3144 937 3208 πῶς
961 3144 1142 3199 τοίνυν
1173 3147 1356 3213 ὲστίν;
1385 3149 1449 3201 Εἰ
1490 3149 1588 3219 μὲν
1631 3151 1706 3214 ὡς
1734 3153 1883 3207 ποιό-

295 3254 412 3309 της,
447 3235 666 3307 ἐδείχθη
697 3236 757 3289 τὸ
785 3237 984 3291 ἄτοπον
1007 3254 1022 3270 ο
1055 3239 1104 3291 εί
1127 3237 1183 3292 δὲ
1211 3240 1506 3310 αὐτοσοφία
1529 3242 1558 3295 6
1583 3242 1713 3308 Θεὸς
1738 3284 1752 3308 ,
1788 3248 1882 3300 καὶ

294 3329 355 3381 τὸ
379 3331 446 3382 ἐκ
476 3326 670 3381 τούτου
693 3328 895 3382 ἄτοπον
921 3330 1135 3401 εἴρηται
1162 3331 1313 3402 παρὰ
1348 3332 1637 3405 Σαϐελλίῳ.
1672 3336 1882 3391 Οὐκοῦν

298 3423 370 3485 ὡς
402 3420 672 3491 γέννημα
693 3421 899 3492 κυρίως
944 3422 1005 3487 ἐξ
1032 3422 1197 3476 αὐτοῦ
1244 3422 1336 3477 τοῦ
1373 3425 1584 3496 Πατρὸς
1603 3468 1618 3492 ,
1651 3429 1791 3482 κατὰ
1821 3430 1883 3483 τὸ
1909 3405 1951 3464 C

297 3513 387 3566 τοῦ
420 3513 604 3582 φωτὸς
659 3513 1033 3583 παράδειγμα.
1081 3514 1169 3578 Ὠς
1201 3513 1311 3586 γὰρ
1367 3516 1476 3569 ἀπὸ
1520 3519 1690 3590 πυρὸς
1746 3521 1879 3590 φῶς,

299 3605 487 3669 οὕτως
515 3605 587 3657 ὲκ
627 3603 763 3657 Θεοῦ
800 3605 992 3673 Λόγος,
1029 3607 1123 3659 καὶ
1149 3606 1312 3676 σοφία
1351 3607 1416 3660 ὲκ
1454 3610 1618 3681 σοφοῦ
1642 3651 1656 3674 ,
1690 3614 1782 3666 καὶ
1819 3616 1884 3668 ὲκ

300 3704 515 3775 Πατρὸς
545 3702 676 3766 Υἱός
697 3703 835 3774 (18).
860 3704 1046 3777 Ταύτῃ
1077 3703 1183 3776 γὰρ
1209 3704 1355 3774 καὶὴ
1388 3704 1556 3774 μονὰς
1584 3705 1884 3778 ἀδιαίρετος

299 3796 390 3848 καὶ
421 3795 722 3867 ὁλόκληρος
760 3795 932 3866 μένει,
974 3798 1069 3850 καὶ
1109 3797 1138 3847 6
1177 3795 1382 3866 ταύτης
1427 3797 1556 3860 Υἱὸς
1593 3797 1761 3865 Λόγος
1785 3798 1884 3851 οὐκ

299 3885 571 3953 ἀνοὺσιος,
599 3887 718 3940 οὐδὲ
749 3888 847 3958 οὐχ
869 3885 1136 3956 ὑφεστὼς,
1179 3886 1296 3940 ἀλλ’
1337 3885 1601 3959 οὺσιώδης
1648 3888 1878 3958 ἀληθῶς.

315 3977 468 4030 Ἐπεὶ
495 3978 550 4030 εί
578 3976 653 4048 μὴ
677 3975 862 4030 τοῦτον
881 3976 995 4048 ἔχει
1019 3977 1109 4029 τὸν
1129 3977 1333 4049 τρόπον
1356 4019 1371 4042 ,
1406 3979 1492 4049 εἴη
1521 3977 1588 4032 ἂν
1616 3979 1813 4043 πάντα,
1847 3979 1899 4034 ἃ·

299 4066 554 4135 λέγεται,
601 4068 724 4120 κατ’
772 4067 1015 4121 ἐπίνοιαν
1045 4068 1138 4120 καὶ
1161 4067 1349 4131 ἁπλῶς
1387 4068 1671 4140 λεγόμενα.
1719 4071 1781 4137 Ei
1825 4069 1898 4123 δὲ

302 4159 566 4227 φευκτέον
596 4158 657 4212 τὸ
683 4160 749 4211 ὲκ
779 4159 879 4229 τῆς
909 4159 1151 4223 ἐπινοίας
1172 4161 1393 4224 ἄτοπον,
1412 4161 1521 4232 ἄρα
1548 4161 1750 4232 ἀληθὴς
1783 4163 1884 4217 Λό-

301 4266 394 4318 γος
424 4249 698 4321 οὑσιὼδης
716 4249 882 4302 ἐστίν.
922 4249 1280 4322 Ὠσπεργὰρ
1302 4250 1518 4321 ἀληθῶς
1555 4251 1764 4323 Πατὴρ,
1793 4251 1883 4304 οὔ-

301 4360 405 4407 τως
438 4342 661 4414 ἀληθῶς
697 4342 888 4412 Σοφία.
923 4342 1085 4397 Κατὰ
1113 4342 1272 4395 τοῦτο
1300 4338 1394 4396 οὖν
1424 4342 1520 4395 δύο
1545 4343 1664 4413 μὲν,
1689 4344 1772 4398 ὅτι
1807 4343 1894 4416 μὴ·

301 4437 440 4490 κατὰ
467 4434 761 4490 Σαϐελλιω
792 4437 820 4490 6
849 4435 1010 4499 αὐτὸς
1038 4435 1227 4507 Πατὴρ
1255 4436 1350 4488 καὶ
1376 4435 1524 4500 Υἱὸς,
1553 4435 1690 4489 ἀλλὰ
1719 4440 1748 4491 6
1773 4440 1884 4492 Πα-

1984 2149 2135 2214 bum,
2175 2147 2453 2218 Sapientia
2483 2155 2537 2201 et
2559 2143 2783 2209 Filius;
2825 2141 2918 2198 ille
2960 2149 3141 2196 autem
3163 2180 3177 2205 ,
3207 2138 3274 2193 de
3305 2151 3414 2205 quo
3442 2135 3580 2188 bch

1982 2239 2257 2305 dicuntur,
2288 2239 2371 2293 vel
2417 2236 2598 2308 p0tius
2627 2237 2721 2307 qui
2765 2235 2884 2291 hate
2919 2232 3104 2290 omnia
3147 2237 3248 2295 est,
3289 2227 3576 2282 nihilerit.

1982 2333 2306 2390 subsistens.
2342 2330 2400 2387 Si
2439 2333 2630 2397 itaque
2659 2328 2796 2385 nihil
2823 2338 2909 2384 est
2935 2325 3272 2414 subsistens,
3290 2336 3428 2414 vana
3452 2320 3556 2391 igi-

1985 2436 2071 2481 tur
2115 2435 2170 2481 et
2198 2425 2408 2479 inutilia
2437 2430 2565 2479 sunt
2589 2422 2689 2476 illa
2719 2419 2978 2484 nomina,
3010 2416 3118 2471 nisi
3151 2411 3292 2470 forte
3316 2411 3443 2482 quis
3470 2411 3555 2465 di-

1982 2527 2068 2570 cat
2093 2515 2268 2585 ipsum
2293 2513 2462 2567 Deum
2485 2510 2808 2582 sapientiam
2836 2508 3011 2578 ipsam
3034 2514 3088 2561 et
3115 2502 3348 2559 Verbum
3377 2501 3556 2570 ipsum

1983 2623 2124 2664 esse.
2153 2605 2308 2673 Quod
2352 2605 2397 2660 si
2437 2603 2806 2660 concedatur:
2835 2615 2962 2655 vere
3008 2599 3123 2668 ipse
3149 2596 3352 2652 suimet
3395 2591 3556 2645 Pater

1981 2700 2234 2756 etFilius
2263 2700 2401 2764 erit;
2437 2696 2598 2751 Pater
2626 2693 2877 2750 videlicet
2906 2706 3032 2748 cum
3070 2687 3286 2757 sapiens
3314 2684 3513 2740 dicitur
3538 2700 3552 2734 :

1981 2791 2176 2857 Filius,
2218 2806 2339 2845 cum
2378 2787 2664 2858 sapientia.
2714 2782 2880 2854 Atqui
2925 2782 3095 2836 eain
3129 2777 3240 2833 Deo
3290 2791 3398 2831 non
3429 2781 3559 2830 sunt

1982 2891 2042 2938 ut
2076 2883 2330 2953 qualitas.
2365 2879 2546 2949 Apage
2574 2877 2773 2948 igitur!
2807 2875 2860 2930 id
2893 2873 3175 2942 indignum
3207 2868 3336 2924 Deo.
3362 2865 3443 2921 Ex
3473 2867 3576 2922 bis.

1981 2974 2127 3030 enim
2170 2971 2396 3043 efﬁcitur
2443 2969 2614 3024 Deum
2646 2983 2712 3024 ex
2746 2965 2986 3023 essentia
3022 2972 3075 3018 et
3113 2960 3373 3032 qualitate
3405 2972 3555 3012 conn-

1981 3065 2218 3135 positum
2251 3079 2388 3118 esse.
2420 3059 2700 3132 Siquidem
2733 3057 2913 3114 omnis
2956 3053 3193 3126 qualitas
3232 3052 3287 3105 in
3320 3049 3570 3105 essentia

1982 3167 2065 3214 est
2096 3175 2107 3210 :
2138 3173 2202 3212 ac
2244 3155 2470 3226 proinde
2513 3155 2697 3208 divina
2744 3153 2948 3216 unitas,
2989 3164 3113 3220 quae
3145 3140 3424 3203 individua
3452 3151 3556 3209 est,

1983 3249 2281 3320 composita
2318 3247 2605 3311 videbitur,
2647 3253 2833 3315 utpote
2887 3243 2943 3298 in
2986 3240 3280 3298 essentiam
3323 3245 3380 3291 et
3417 3234 3560 3290 acci-

1983 3339 2117 3396 dens
2150 3340 2342 3395 divisa.
2386 3338 2477 3393 Sic
2518 3338 2699 3407 itaque
2736 3335 3058 3392 temerarios
3106 3332 3272 3386 hosce
3308 3327 3560 3383 homines

1985 3431 2384 3502 interrogemus
2421 3445 2434 3480 :
2469 3427 2638 3483 Filius
2667 3427 2930 3498 sapientia
2961 3434 3017 3480 et
3040 3422 3280 3478 Verbum
3309 3419 3404 3474 Dei
3438 3434 3560 3474 esse

1985 3523 2308 3593 praedicatus
2340 3530 2422 3576 est
2454 3539 2467 3576 :
2499 3535 2738 3591 quonam
2787 3518 2950 3588 igitur
3003 3515 3174 3570 modo
3212 3513 3265 3567 i'd
3296 3511 3414 3581 ipse
3439 3509 3571 3564 est?-

1989 3615 2046 3670 Si
2080 3622 2139 3670 ut
2171 3615 2439 3684 qualitas;
2477 3613 2530 3667 id
2548 3611 2859 3667 absurdum
2889 3623 3009 3664 esse
3048 3607 3164 3676 jam
3195 3603 3554 3660 ostendimus.

1990 3706 2046 3762 Si
2096 3722 2224 3762 vero
2270 3707 2387 3775 ipse
2433 3703 2576 3760 Deus
2618 3702 2885 3774 sapientia
2923 3701 3050 3770 ipsa.
3083 3708 3205 3754 est:
3236 3705 3381 3752 certe
3411 3695 3575 3765 quod-

1986 3797 2112 3852 inde
2139 3797 2358 3852 absurdi
2391 3795 2656 3864 sequitur,
2681 3793 2884 3848 dictum
2909 3807 2941 3846 a
2964 3789 3214 3845 Sabellio.
3227 3796 3331 3844 est.
3359 3784 3559 3852 Quam-

1986 3889 2173 3943 obrem
2217 3887 2497 3942 fatendum
2537 3893 2621 3940 est
2659 3899 2784 3938 eum
2831 3893 3088 3951 tanquam
3126 3879 3297 3936 fetum
3339 3875 3557 3948 proprie

1984 3999 2050 4039 ex
2081 3985 2198 4054 ipso
2225 3983 2385 4038 Patre
2415 3997 2567 4046 esse,
2591 3982 2746 4051 juxta
2783 3979 2922 4034 lucis
2947 3976 3275 4047 exemplum.
3312 3971 3383 4028 Ut
3409 3974 3568 4030 enim.

1984 4076 2052 4130 ab
2090 4077 2210 4145 igne
2263 4077 2355 4131 lux
2391 4074 2610 4130 oritur:
2659 4071 2733 4127 ita
2784 4069 3016 4126 Verbum
3063 4083 3130 4122 ex
3173 4065 3286 4120 Deo
3325 4073 3432 4129 est,
3466 4078 3552 4117 sa~

1984 4168 2188 4238 pientia
2217 4183 2294 4222 ex,
2317 4168 2559 4237 sapiente
2581 4207 2596 4233 ,
2644 4174 2699 4221 et
2734 4181 2800 4236 ex
2835 4163 2996 4219 Patre
3029 4159 3220 4215 Filius.
3257 4155 3370 4213 Hac
3410 4157 3571 4209 enim.

1984 4259 2196 4314 ratione
2221 4259 2403 4312 unitas
2435 4256 2710 4312 individua
2747 4265 2801 4311 et
2842 4256 3051 4325 integra
3094 4261 3296 4316 manet,
3328 4247 3556 4317 ejusque

1986 4333 2156 4407 Filius
2189 4349 2428 4406 Verbum
2453 4364 2564 4406 non
2599 4348 2804 4418 aliquid
2829 4355 2913 4402 est
2939 4344 3176 4400 essentia
3204 4355 3436 4396 vacuum
3471 4340 3556 4394 vel

1983 4459 2092 4497 non
2127 4443 2452 4509 subsistens,
2497 4443 2592 4498 sed
2637 4455 2765 4496 vere
2811 4437 3104 4495 essentiale
3149 4443 3256 4490 est.
3296 4432 3554 4502 Alioquin

297 4523 629 4597 τὴρΠατὴρ,
659 4526 753 4578 καὶ
782 4527 811 4578 6
843 4525 972 4590 Υίὸς
996 4525 1124 4589 Υἱός
1143 4543 1156 4558 ·
1190 4528 1248 4580 ἓν
1279 4527 1358 4593 δὲ,
1385 4529 1467 4581 ὅτι
1497 4527 1623 4592 Υἱὸς
1649 4527 1750 4599 τῆς
1792 4530 1884 4582 o6-

297 4617 420 4680 σίας
455 4616 556 4670 τοῦ
602 4617 815 4689 Πατρός
849 4618 964 4671 ἐστι
1013 4618 1206 4687 φύσει,
1240 4618 1368 4682 ῐδιος
1412 4619 1671 4691 ὑπάρχων
1713 4611 1895 4688 Λόγος-

1982 4534 2088 4590 nisi
2126 4535 2242 4590 haec
2287 4536 2359 4590 ita
2403 4551 2522 4592 esse
2571 4533 2920 4597 concedatur,
2966 4545 3099 4586 sane
3139 4526 3402 4599 quidquid
3437 4526 3555 4595 ipse

1982 4625 2204 4690 dicitur,
2249 4624 2575 4695 cogitatione
2613 4633 2668 4680 et
2698 4623 2865 4678 verbo
2908 4632 3066 4677 tenus
3113 4620 3384 4674 exsistet:
3433 4631 3568 4686 quae;

295 4709 485 4763 αὑτοῦ.
507 4708 681 4762 Τοῦτο
700 4711 728 4762 6
756 4710 962 4781 Κύριος
975 4709 1180 4779 ἔλεγεν,
1227 4711 1376 4780 Ἐγὼ
1407 4712 1506 4766 καί
1528 4715 1560 4766 ό
1582 4710 1784 4780 Πατὴρ
1811 4713 1882 4767 ἓν

1985 4716 2252 4771 sententia
2284 4717 2330 4772 si
2377 4725 2460 4772 est
2490 4715 2858 4787 repudianda,
2894 4713 3059 4786 igitur
3091 4727 3280 4766 verum
3317 4708 3567 4762 Verbum.

293 4803 504 4870 ἐσμεν.
549 4799 689 4854 Οὔτε
729 4801 836 4874 γὰρ
887 4805 916 4854 6
937 4802 1108 4872 Λόγος
1148 4801 1476 4874 κεχώρισται
1525 4803 1620 4855 τοῦ
1644 4805 1874 4876 Πατρὸς,

1985 4806 2276 4862 essentiale
2313 4816 2415 4862 est.
2461 4805 2706 4878 Namque
2748 4815 2811 4862 ut
2836 4821 2962 4861 vere
2992 4803 3154 4858 Pater
3185 4809 3285 4866 est,
3324 4801 3396 4854 ita
3425 4812 3565 4854 vere.

291 4892 416 4946 οὔτε
447 4894 478 4946 6
505 4892 701 4964 Πατὴρ
735 4891 925 4962 ἄλογος
945 4893 1164 4947 πώποτε
1191 4889 1258 4965 ἦν
1283 4894 1316 4964 ἦ
1347 4896 1483 4948 ἐστι.
1512 4894 1622 4947 Καὶ
1648 4897 1676 4947 6
1707 4895 1878 4963 Λόγος

1985 4906 2068 4951 εει
2097 4895 2394 4966 Sapientia.
2421 4895 2576 4952 Unde
2604 4897 2833 4952 eﬂicitur
2854 4904 2914 4950 ut
2937 4895 3048 4948 duo
3076 4892 3184 4970 sint
3203 4889 3363 4944 Pater
3383 4896 3438 4942 et
3469 4886 3552 4940 Fi-

291 4979 389 5038 οὗν
423 4983 583 5048 Θεὸς,
613 4983 707 5038 καὶ
731 4986 761 5037 6
785 4985 974 5058 Πατὴρ
997 4986 1097 5039 οὐκ
1131 4984 1321 5054 ἄλογος
1345 5001 1358 5015 ·
1392 4985 1479 5039 διὰ
1511 4984 1686 5051 τοῦτο,
1729 4987 1876 5057 Ἐγὼ

1985 4988 2110 5054 lius,
2160 5003 2268 5043 non
2315 5003 2444 5044 vero
2477 4988 2650 5053 idem,
2692 4996 2753 5042 ut
2797 4983 3074 5042 contendit
3105 4979 3373 5036 Sabellius
3403 4993 3418 5031 :
3453 4977 3548 5034 sed

289 5074 360 5129 ἐν
379 5067 464 5141 τῷ
483 5075 693 5143 Πατρὶ,
722 5075 823 5129 καὶ
851 5079 883 5130 ὁ
905 5075 1106 5144 Πατὴρ
1127 5075 1197 5129 ἐν
1225 5075 1377 5145 ἐμοὶ,
1417 5075 1660 5147 εἴρηκεν.

1985 5077 2161 5144 Pater,
2208 5078 2368 5134 Pater
2410 5091 2524 5147 est;
2566 5087 2619 5134 et
2661 5077 2862 5144 Filius,
2906 5076 3096 5131 Filius.
3145 5071 3326 5128 Unum
3367 5078 3548 5124 autem

290 5179 446 5234 sunt,
480 5169 613 5241 quia
655 5168 828 5226 Filius
863 5179 1117 5226 essentne
1143 5169 1321 5226 Patris
1354 5180 1546 5226 natura
1611 5171 1783 5227 Filius
1847 5182 1949 5238 est,
1992 5175 2383 5246 prOpriumque
2435 5175 2554 5247 ejus
2599 5172 2842 5228 Verbum
2896 5169 3126 5225 exsistit.
3179 5164 3236 5220 Id
3287 5162 3560 5218 Dominus.

288 5263 414 5332 ipse
445 5263 668 5318 aiebat:
696 5261 808 5334 Ego
833 5273 882 5318 et
917 5262 1080 5318 Pater
1103 5279 1267 5318 unum
1291 5280 1471 5318 sumus
1495 5264 1561 5318 ³³.
1597 5261 1707 5320 Νεε
1727 5265 1873 5320 enim
1912 5264 2151 5324 Verbum
2216 5277 2524 5340 separatum
2553 5283 2585 5322 a
2623 5265 2782 5330 Patre
2818 5273 2918 5330 est,
2951 5276 3049 5315 nec
3093 5273 3328 5329 unquam
3389 5253 3549 5311 Pater

289 5357 418 5423 sine
445 5353 881 5437 ιὶειίοῐιεῄθζιΔ
911 5356 1026 5412 sive
1046 5355 1224 5411 Verbo
1257 5355 1359 5410 fuit
1395 5355 1478 5411 vel
1510 5365 1612 5412 est.
1639 5354 1877 5424 Verbum
1915 5357 2083 5430 igitur
2133 5359 2277 5426 Deus
2307 5347 2426 5428 estIL
2485 5375 2584 5424 nec
2649 5357 2808 5412 Pater
2861 5356 2979 5411 sine
3011 5351 3191 5407 Verbo
3230 5360 3311 5407 est
3350 5369 3364 5406 :
3406 5347 3549 5404 unde

288 5449 434 5503 dixit
469 5465 482 5499 :
515 5446 630 5516 Ego
660 5448 718 5501 in
742 5447 928 5512 Patre,
959 5460 1009 5503 et
1039 5447 1205 5502 Pater
1231 5449 1286 5500 in
1316 5463 1396 5501 me
1417 5457 1496 5501 est
1527 5448 1614 5500 ³³’.

358 5541 410 5572 ³³
441 5539 603 5596 Joan.
643 5539 844 5604 1,50.
911 5541 975 5572 ³³·
1013 5543 1169 5595 Joan.
1211 5555 1324 5607 xxv,
1360 5542 1453 5594 10.

362 5633 478 5706 (15)
517 5632 876 5706 ᾼηειίεαηιιε,
908 5633 1096 5706 Εἴπερ.

363 5701 478 5776 (16)
520 5701 658 5776 Βεέ.
694 5712 751 5755 ει
781 5701 1397 5776 δςευειοηυῃοστατὸμς,
1431 5702 1622 5776 ultima
1652 5703 1825 5776 gravi.

365 5771 477 5846 (.17)
519 5771 751 5842 Regius,
824 5772 1042 5841 chncr.
1102 5771 1265 5827 Basil.
1316 5773 1524 5844 Anglic.
1568 5771 1783 5830 Gobler.
1812 5781 1868 5830 et

1977 5631 2126 5689 Felc.
2162 5635 2214 5697 1,
2249 5633 2337 5685 ὅτε
2368 5629 2547 5698 σοφὸς,
2571 5626 2695 5689 Υίδς
2724 5625 2801 5690 δὲ,
2831 5627 2918 5680 ὅτε
2953 5626 3139 5695 σοφία.
3174 5625 3276 5679 Alii
3305 5633 3360 5680 et
3388 5623 3540 5693 editi,

1977 5706 2059 5758 ὅτι
2089 5704 2272 5773 σοφός.
2299 5700 2424 5762 Υίδς
2455 5699 2627 5773 δὲβτι
2661 5699 2837 5764 σοφία.

2044 5765 2175 5843 (18)’
2194 5771 2281 5826 Sic
2316 5786 2444 5824 mss.
2467 5771 2534 5824 At
2563 5768 2738 5830 Coun,
2766 5767 2854 5820 κα)
2877 5767 3039 5835 Σοφία
3084 5768 3143 5819 ἐκ
3171 5767 3380 5836 Πατρὺς
3399 5765 3538 5826 Υἱός.
