3944 6222
401 361 498 418 471

996 363 1052 418 S.
1090 364 1463 423 ATHANASII
1501 367 1652 423 OPP.
1692 367 1875 424 PARS
1911 367 1954 422 1.
1994 400 2060 411 --
2101 365 2472 423 HISTORICA
2510 365 2598 420 ET
2639 360 3054 421 DOGMATiCA.

3517 359 3651 416 472·

468 476 522 531 3.
551 475 817 532 Praeterea
852 477 1105 535 Christus
1141 479 1375 537 Verbum
1403 482 1498 538 Dei
1519 494 1638 540 est:
1672 501 1800 539 num
1826 500 1956 556 ergo

2126 487 2179 540 '5.
2212 486 2320 538 Kal.
2351 485 2558 538 πάλινό
2583 482 2814 556 Χριστὸς
2839 481 3008 550 Λόγος
3042 476 3136 532 τοῦ
3169 479 3300 532 Θεοῦ
3349 480 3484 533 ἐστι.
3519 479 3626 533 Πό¹⁸

401 583 468 624 ex
509 567 692 638 seipso
724 571 946 637 exstitit,
982 573 1283 643 deindeque
1322 577 1591 632 exsistens
1631 591 1754 633 cum
1800 575 1959 632 Patre

398 667 483 716 est
523 660 843 728 copulatus?
871 662 952 717 An
983 679 1110 718 vero
1153 664 1296 722 Deus
1346 667 1523 737 ipsum
1568 667 1734 735 fecit,
1772 677 1827 724 et
1873 668 1958 724 sui

398 746 570 818 ipsius
607 748 843 805 Verbum
873 753 1196 822 appellavit?
1241 753 1298 809 Si
1343 756 1574 825 primum
1605 757 1955 822 concedatur,

397 840 570 907 idest,
601 840 648 896 si
665 843 845 912 seipso
867 845 1076 900 exstitit
1105 855 1159 900 et
1187 857 1270 902 est
1298 847 1459 914 Deus,
1485 850 1591 903 duo
1611 849 1774 920 igitur
1799 857 1959 904 erunt

396 932 683 1003 principia,
730 950 830 989 nec
885 935 975 990 ille
1014 935 1191 990 Patris
1227 937 1477 1006 proprius
1521 939 1643 1005 erit,
1673 947 1727 993 et
1765 940 1958 994 merito

395 1022 635 1090 quidem,
673 1032 860 1094 utpote
887 1025 978 1095 qui
1001 1041 1110 1081 non
1137 1027 1307 1097 ipsius
1329 1027 1528 1097 Patris,
1557 1029 1650 1085 sed
1680 1029 1765 1084 sui
1788 1030 1959 1100 ipsius

395 1115 488 1170 sit.
518 1114 673 1181 Quod
709 1116 756 1172 si
789 1117 1126 1174 extrinsecus
1161 1119 1337 1174 factus
1363 1128 1466 1186 est,
1495 1135 1583 1176 res
1609 1129 1790 1176 creata
1814 1131 1961 1178 certe

393 1207 517 1263 erit.
553 1207 738 1263 Restat
779 1207 963 1280 itaque
990 1218 1052 1264 ut
1089 1226 1216 1266 eum
1250 1226 1317 1267 ex
1353 1212 1468 1282 ipso
1502 1211 1613 1267 Deo
1657 1227 1778 1268 esse
1807 1213 1958 1270 dica-

394 1316 518 1355 mus
551 1301 737 1371 :quod
772 1303 818 1358 si
864 1318 1049 1357 verum
1092 1312 1195 1368 est,
1229 1304 1373 1358 aliud
1397 1303 1508 1376 (i9)
1535 1321 1666 1360 sane
1705 1305 1868 1361 fuerit
1906 1307 1978 1362 id;

393 1393 538 1462 quod
565 1402 648 1448 est
674 1409 741 1448 ex
771 1394 976 1464 aliquo,
1004 1404 1057 1450 et
1080 1395 1228 1450 aliud
1269 1396 1322 1450 id
1356 1412 1420 1450 ex
1459 1411 1566 1466 quo
1592 1405 1711 1453 est:
1735 1413 1801 1453 ac
1829 1413 1958 1469 pro-

394 1484 519 1539 inde
553 1484 828 1541 fatendum
856 1494 941 1542 est
970 1487 1080 1544 duo
1120 1503 1261 1544 esse.
1287 1487 1422 1543 Nam
1467 1490 1514 1544 si
1553 1489 1661 1545 duo
1689 1505 1799 1545 non
1841 1489 1960 1545 fue-

394 1577 524 1644 rint,
553 1577 647 1632 sed
687 1578 801 1633 hzec
830 1579 898 1634 de
939 1579 1128 1635 eodem
1173 1581 1426 1636 dicantur
1457 1597 1472 1630 :
1510 1581 1650 1636 idem
1689 1582 1850 1653 igitur
1875 1582 1960 1638 sui

395 1682 559 1723 causa
593 1677 648 1723 et
671 1668 896 1725 eiiectus
926 1669 1051 1736 erit,
1075 1670 1216 1726 idem
1246 1672 1391 1742 quod
1414 1671 1652 1743 gignitur
1678 1683 1732 1729 et
1759 1674 1958 1745 gignit;

395 1757 541 1828 quod
574 1758 792 1828 quidem
836 1759 1133 1814 absurdum
1165 1776 1233 1816 ex
1269 1760 1488 1817 Sabellii
1516 1779 1700 1819 errore
1739 1778 1962 1818 manare

2064 595 2218 648 τερον
2248 573 2342 631 οὖν
2393 579 2484 646 ἀφ’
2507 575 2698 630 ἑαυτοῦ
2729 575 2958 644 ὑπέστη,
2989 572 3080 626 καὶ
3113 571 3354 634 ὑποστὰς
3392 587 3625 642 προσκε-

2064 671 2314 740 κόλληται
2368 669 2445 739 τῷ
2477 668 2681 740 Πατρί;
2721 666 2754 737 ἢ
2800 669 2827 719 6
2858 665 2988 728 Θεὸς
3019 661 3178 716 αὐτὸν
3225 662 3487 736 πεποίηκε
3533 663 3627 716 καὶ

2063 760 2342 831 ὠνόμασεν
2364 759 2475 828 (20)
2509 758 2700 818 ἑαυτοῦ
2733 759 2938 826 Λόγον;
2967 757 3030 809 Εἰ
3059 757 3156 826 μὲν
3179 751 3272 810 οὗν
3298 754 3360 807 τὸ
3391 755 3624 825 πρῶτον,

2063 849 2206 917 λέγω
2235 851 2298 920 δὴ
2320 849 2399 913 τὸ,
2433 847 2604 918 ἑαυτῷ
2629 848 2833 918 ὑπέστη
2859 846 2969 918 (21)
3002 848 3094 900 καὶ
3117 846 3248 910 Θεός
3279 847 3415 908 ἐστι,
3439 844 3530 898 δύο
3560 846 3624 900 ἂν

2064 938 2171 993 εἷεν
2197 941 2362 1012 ἁρχαὶ
2385 979 2400 1002 ,
2445 941 2543 994 οὐκ
2587 939 2734 992 ἔσται
2778 939 2836 992 δὲ
2877 939 3096 1000 εἰκότως
3126 939 3248 991 οὐδὲ
3289 936 3381 990 τοῦ
3416 937 3625 1008 Πατρὸς

2066 1032 2214 1096 ἴδιος,
2247 1032 2333 1085 διὰ
2353 1032 2414 1084 τὸ
2436 1032 2509 1103 μὴ
2536 1029 2695 1084 αὐτοῦ
2722 1030 2815 1083 τοῦ
2839 1029 3069 1102 Πατρδς,
3100 1029 3213 1083 ἀλλ’
3243 1028 3432 1082 ἑαυτοῦ
3463 1025 3623 1082 εἰναι·

2064 1123 2114 1175 εἰ
2149 1122 2207 1176 δὲ
2242 1121 2435 1188 ἔξωθεν
2474 1122 2784 1192 πεποίηται,
2812 1123 2898 1191 εἰη
2919 1120 2983 1173 ἂν
3013 1122 3240 1192 κτίσμα.
3269 1119 3527 1173 Λείπεται
3562 1118 3627 1189 δὴ

2064 1213 2122 1280 ἐξ
2148 1213 2311 1268 αὐτοῦ
2337 1213 2429 1268 τοῦ
2458 1213 2590 1268 Θεοῦ
2615 1213 2792 1281 λέγειν
2825 1213 2985 1266 αὐτόν
3003 1228 3018 1243 ο
3045 1214 3093 1266 εἰ
3120 1213 3178 1266 δὲ
3201 1209 3375 1272 τοῦτο.
3407 1211 3532 1264 ἄλλο
3562 1209 3631 1265 ἂν

2065 1307 2148 1378 εἰη
2173 1307 2234 1359 τὸ
2257 1306 2321 1360 ἐκ
2343 1323 2506 1371 τινος,
2542 1306 2636 1359 καὶ
2657 1305 2784 1359 ἄλλο
2827 1305 2890 1358 τὸ
2922 1304 2983 1370 ἐξ
3012 1298 3073 1358 οὗ
3117 1307 3260 1359 ἐστι·
3303 1303 3444 1357 κατὰ
3473 1301 3632 1357 τοῦτο

2065 1397 2173 1468 ἄρα
2193 1395 2302 1450 δύο.
2323 1397 2386 1450 Εἰ
2413 1396 2470 1450 δὲ
2499 1395 2572 1467 μὴ
2596 1395 2688 1449 δύο
2709 1397 2816 1467 εἰη,
2844 1395 2957 1448 ἀλλ’
2979 1394 3073 1447 ἐπὶ
3094 1393 3189 1448 τοῦ
3220 1393 3382 1447 αὑτοῦ
3397 1393 3628 1461 λέγοιτο,

2066 1487 2292 1542 ἐσταιτδ
2321 1487 2451 1541 αὐτὸ
2479 1487 2651 1541 αἴτιον
2679 1486 2791 1558 (22)
2817 1487 2910 1540 καὶ
2931 1486 3194 1547 αἰτιατὸν,
3232 1485 3327 1538 καὶ
3360 1484 3633 1554 γεννώμε-

2065 1597 2153 1633 νον
2173 1580 2264 1634 καὶ
2287 1580 2506 1649 γεννῶν,
2534 1575 2894 1652 ὅπερ’ἇτοπον
2915 1577 3006 1631 ἐπὶ
3035 1576 3320 1630 Σαδελλίου
3347 1575 3626 1629 δέδεικται.

2067 1673 2130 1724 Εἰ
2158 1673 2216 1726 δὲ
2250 1673 2306 1740 ἐξ
2334 1672 2497 1726 αὑτοῦ
2549 1672 2649 1744 μὲν
2692 1673 2862 1736 ἔστιν,
2894 1671 2996 1724 οὐκ
3033 1669 3156 1722 ἄλλο
3189 1669 3246 1722 δέ
3268 1683 3283 1698 ⁸
3341 1667 3491 1721 ἔσται
3538 1667 3634 1719 καὶ

2067 1761 2268 1830 γεννῶν
2287 1801 2303 1826 ,
2343 1761 2436 1815 καὶ
2489 1761 2563 1832 μὴ
2607 1761 2809 1830 γεννῶν
2829 1777 2843 1794 ·
2877 1760 3080 1830 γεννῶν
3109 1760 3206 1830 μὲν
3228 1796 3244 1823 ,
3278 1758 3359 1812 ὅτι
3383 1757 3444 1822 se
3468 1757 3632 1810 αὑτοῦ

395 1861 671 1904 ostensum
698 1858 798 1906 est.
834 1847 988 1916 Quod
1031 1850 1078 1906 si
1114 1866 1180 1906 ex
1209 1852 1327 1922 ipso
1356 1854 1572 1922 quidem
1613 1862 1715 1920 est,
1749 1869 1850 1910 nec
1878 1863 1960 1909 ta-

2067 1853 2341 1926 προφέρει,
2376 1854 2449 1926 μὴ
2478 1852 2680 1922 γεννῶν
2715 1854 2805 1918 δὲ,
2840 1853 2924 1907 ὅτι
2952 1853 3026 1924 μὴ
3074 1851 3204 1906 ἄλλο
3250 1848 3414 1905 αὐτοῦ
3463 1849 3632 1902 ἐστιν.

394 1955 518 1995 men
554 1941 698 1996 aliud
728 1943 797 1996 ab
818 1957 883 1997 eo
911 1961 922 1996 :
950 1946 1195 2012 sequitur
1219 1953 1281 1998 ut
1307 1946 1448 2002 idem
1481 1947 1552 2001 sit
1581 1955 1635 2000 et
1658 1947 1882 2017 gignens
1907 1955 1960 2001 et

393 2047 503 2087 non
527 2034 786 2104 gignens;
817 2033 1064 2104 gignens,
1088 2036 1216 2105 quia
1239 2052 1307 2092 ex
1334 2053 1392 2092 se
1424 2038 1555 2093 illud
1587 2037 1825 2108 profert;
1851 2053 1958 2093 non

393 2125 640 2197 gignens,
671 2128 798 2196 quia
822 2127 968 2182 aliud
997 2129 1066 2183 ab
1086 2143 1152 2183 eo
1179 2145 1290 2184 non
1317 2138 1419 2185 est.
1447 2129 1599 2196 Quod
1623 2138 1956 2199 postremum

394 2219 443 2275 si
489 2219 828 2285 admittatur,
875 2221 1147 2291 colligitur
1185 2221 1434 2276 eumdem
1475 2221 1799 2291 cogitatione
1834 2229 1958 2276 tan-

393 2318 532 2374 tum,
579 2309 793 2367 Patrem
822 2321 876 2366 et
918 2311 1114 2367 Filium
1162 2313 1290 2367 dici.
1337 2311 1442 2367 Sed
1488 2314 1532 2368 si
1569 2314 1620 2368 id
1663 2313 1957 2368 absurdum

393 2413 497 2468 εει,
549 2385 727 2474 igitur.
753 2403 861 2459 duo
891 2414 1052 2460 erunt
1081 2404 1242 2460 Pater
1284 2414 1338 2461 et
1370 2405 1563 2460 Filius.
1603 2404 1780 2460 Unum
1831 2407 1959 2461 item

393 2493 554 2550 iidem
581 2504 758 2561 erunt,
785 2497 909 2563 quia
930 2496 1101 2551 Filius
1123 2512 1231 2551 non
1255 2497 1614 2558 extrinsecus.
1635 2497 1728 2553 sed
1753 2513 1818 2552 ex
1847 2496 1959 2551 Deo

394 2587 608 2656 genitus
637 2595 739 2644 est.
775 2587 830 2642 Si
869 2589 993 2658 quis
1027 2597 1205 2643 autem
1234 2587 1494 2654 Verbum,
1524 2589 1690 2644 fetum
1725 2589 1838 2644 sive
1864 2603 1959 2658 ge-

394 2679 568 2734 nitum
617 2679 798 2734 dicere
831 2679 1165 2746 reformidat,
1195 2681 1484 2751 ipsumque
1518 2696 1641 2736 cum
1673 2679 1784 2735 Deo
1817 2679 1962 2734 exsi-

394 2775 537 2822 stere
568 2776 720 2836 putat
771 2769 1146 2824 tantummodo
1188 2769 1476 2825 dicendum
1509 2786 1524 2822 :
1559 2778 1746 2826 caveat
1775 2768 1862 2823 ille
1893 2784 1962 2824 ne

393 2857 614 2912 nomine
644 2858 936 2928 Scriptum
973 2861 1172 2915 usitato
1221 2861 1298 2914 uti
1347 2859 1640 2929 refugiens,
1677 2860 1731 2914 in
1763 2860 1960 2916 absur-

2061 1945 2123 1996 Ei
2145 1943 2201 1996 δὲ
2228 1942 2403 2006 τοῦτο,
2429 1942 2511 2014 εἴη
2542 1942 2607 1996 ἂν
2633 1944 2752 1996 κατ’
2785 1941 3024 1996 ἐπίνοιαν
3056 1941 3347 2011 λεγόμενος
3387 1942 3415 1993 6
3461 1938 3628 2001 αὐτὸς

2061 2034 2246 2106 Πατὴρ
2269 2035 2363 2087 καὶ
2409 2034 2556 2098 Υἰός.
2587 2035 2648 2086 Εἰ
2677 2034 2733 2087 δὲ
2777 2034 3021 2105 ἀπρεπὲς
3069 2033 3261 2096 οὕτως,
3312 2032 3398 2102 εἴη
3424 2031 3491 2085 ἂν
3520 2030 3635 2096 δύο,

2059 2125 2248 2197 Πατὴρ
2276 2127 2370 2179 καί
2400 2127 2546 2190 Υἱὸς·
2581 2124 2637 2178 ἓν
2659 2125 2734 2189 δὲ,
2763 2125 2843 2178 ὅτι
2865 2127 2892 2178 6
2919 2124 3048 2188 Υίδς
3065 2125 3165 2177 οὐκ
3197 2123 3410 2188 ἔξωθεν,
3438 2122 3550 2176 ἀλλ’
3573 2123 3640 2176 ὲκ

2057 2216 2152 2270 τοῦ
2175 2217 2306 2270 Θεοῦ
2339 2218 2658 2286 γεγέννηται
2687 2216 2821 2287 (25).
2864 2217 2926 2268 Εἰ
2957 2216 3015 2269 δὲ
3047 2215 3236 2284 φεύγει
3266 2231 3349 2277 τις
3371 2213 3431 2268 τὸ
3458 2212 3637 2281 λέγειν

2059 2310 2325 2381 γέννημα,
2367 2309 2524 2380 μόνον
2543 2307 2600 2360 δὲ
2629 2306 2778 2375 λέγει
2811 2307 3074 2377 ὑπάρχειν
3107 2305 3198 2359 τὸν
3223 2305 3390 2374 Λόγον
3433 2305 3529 2358 σὺν
3559 2301 3638 2373 τῷ

2057 2400 2206 2472 Θεῷο
2231 2400 2523 2471 φοϐηθήτω
2549 2401 2578 2453 6
2603 2399 2842 2462 τοιοῦτος
2893 2399 2989 2470 μὴ,
3030 2397 3245 2468 φεύγων
3291 2397 3354 2450 τὸ
3406 2396 3512 2450 ὑπὸ
3538 2396 3638 2465 τῆς

2058 2493 2278 2566 Γραφῆς
2307 2493 2616 2562 λεγόμενον,
2646 2491 2862 2563 ἐμπέσῃ
2891 2495 2970 2554 εἰς
3001 2491 3250 2554 ἀτοπίαν,
3300 2490 3460 2560 διφυῆ
3515 2504 3639 2542 τινα.

2059 2583 2294 2652 εἰσάγων
2315 2583 2408 2636 τὸν
2429 2583 2560 2636 Θεόν
2584 2600 2597 2613 ·
2625 2582 2698 2654 μὴ
2716 2582 2891 2646 διδοὺς
2911 2584 3019 2654 γάρ
3042 2583 3107 2636 ἐκ
3127 2584 3226 2653 τῆς
3249 2581 3472 2653 μονάδος
3499 2576 3637 2634 εἶναι

2057 2673 2148 2726 τὸν
2177 2673 2370 2741 Λόγον,
2401 2671 2515 2726 ἀλλ’
2543 2671 2729 2736 ἁπλῶς
2762 2671 3115 2742 κεκολλῆσθαι
3145 2671 3222 2742 τῷ
3244 2670 3419 2742 Πατρὶ
3443 2669 3636 2738 Λόγον,

2059 2767 2226 2820 δυάδα
2257 2765 2444 2828 οὐσίας
2471 2765 2703 2832 εἰσάγει,
2744 2762 3042 2835 μηδετέραν
3079 2764 3178 2833 τῆς
3203 2762 3392 2833 ἐτέρας
3418 2762 3640 2834 Πατέρα.

2059 2859 2449 2930 τυγχάνουσαν.
2487 2859 2560 2911 Τὸ
2576 2858 2708 2911 αὐτὸ
2733 2858 2790 2912 δὲ
2830 2856 2924 2910 καὶ
2963 2855 3090 2925 περὶ
3123 2855 3419 2924 δυνάμεως.
3467 2855 3638 2906 Φανε-

393 2947 518 3002 dam
549 2949 750 3005 incidat
777 2951 1116 3020 opinionem,
1148 2967 1255 3021 qua
1287 2951 1453 3007 Deum
1487 2953 1716 3020 duplicis
1749 2961 1958 3007 natura:

2067 2950 2298 3023 ρώτερον
2333 2950 2377 3002 δ’
2411 2951 2477 3003 ἄν
2503 2966 2588 3012 τις
2621 2949 2719 3002 ίδοι
2747 2949 2922 3011 τοῦτο,
2961 2949 3010 3000 εἰ
3047 2946 3140 2999 ἐπὶ
3189 2945 3401 3014 Πατρὸς
3445 2944 3601 2998 λάὸοι
3622 2961 3636 2974 '

397 3038 642 3094 inducat.
673 3039 728 3094 Si
761 3040 907 3096 enim
952 3055 1056 3096 non
1102 3042 1348 3096 concedit
1375 3041 1612 3096 Verbum
1647 3057 1713 3098 ex
1753 3043 1960 3098 unitate

2067 3037 2143 3107 εἷς
2173 3043 2283 3115 γάρ
2307 3041 2516 3112 Πατὴρ,
2546 3041 2640 3096 καὶ
2671 3041 2732 3094 οὐ
2760 3040 2872 3104 δύο,
2903 3041 3016 3094 ἀλλ’
3041 3040 3105 3092 ὲκ
3138 3037 3233 3091 τοῦ
3275 3037 3392 3100 ἐνὸς
3428 3037 3456 3090 6
3491 3036 3636 3100 Υἱός.

394 3145 535 3197 εεεε,
568 3132 661 3187 sed
688 3139 896 3188 tantum
919 3147 1043 3188 cum
1074 3132 1233 3188 Patre
1265 3133 1431 3190 fuisse
1463 3135 1794 3204 copulatum,
1825 3136 1960 3190 duas

2067 3134 2278 3204 Ὥσπερ
2314 3127 2406 3185 οὖν
2443 3132 2502 3185 οὐ
2533 3131 2626 3184 δύο
2654 3132 2898 3202 Πατέρες
2919 3170 2934 3194 ,
2960 3130 3076 3185 ἀλλ’
3101 3124 3201 3193 εἷς,
3240 3128 3410 3192 οὕτως
3443 3128 3504 3180 οὐ
3547 3128 3641 3182 δύο

393 3229 538 3277 certe
569 3223 802 3277 admittit
824 3223 1110 3288 essentias,
1137 3239 1367 3293 quarum
1398 3193 1590 3278 neutia
1623 3224 1847 3279 alterius
1869 3241 1960 3296 pa-

2067 3193 2260 3296 dpxal,
2282 3223 2418 3278 ἀλλὰ
2453 3224 2570 3295 μία,
2614 3224 2707 3277 καὶ
2747 3193 2821 3276 ὲκ.
2841 3223 2941 3293 τῆς
2973 3223 3102 3293 μιᾶς
3131 3220 3392 3292 οὐσιώδης
3429 3224 3457 3274 6
3491 3220 3636 3284 Υἱός.

395 3329 520 3370 rens
553 3324 655 3369 est.
691 3313 833 3370 idem
865 3315 1027 3368 etiam
1055 3314 1120 3369 de
1149 3315 1345 3369 virtute
1372 3315 1485 3369 sive
1515 3316 1750 3384 potentia
1779 3316 1960 3371 dicen-

2067 3316 2212 3388 Πρὸς
2254 3317 2561 3389 Ἀρειανοὺς
2585 3316 2641 3368 δὲ
2673 3315 2938 3370 ἀνάπαλιν
2972 3315 3275 3387 ἐρωτητέον
3299 3332 3311 3344 ·
3365 3314 3492 3376 τοὺς
3539 3313 3639 3384 μὲν

393 3409 522 3462 dum
552 3417 654 3463 est.
683 3405 742 3463 id
782 3415 964 3463 autem
1012 3406 1224 3462 facilius
1277 3407 1475 3477 poterit
1523 3407 1769 3476 intelligi,
1820 3407 1865 3461 si
1909 3407 1960 3462 in

2067 3407 2175 3478 γὰρ
2205 3407 2620 3473 Σαϐελλίζοντας
2645 3408 2750 3461 ἀπὸ
2771 3407 2896 3478 τῆς-
2915 3407 3044 3478 περὶ
3091 3406 3220 3460 Υἰοῦ
3256 3405 3460 3468 ἑννοίας
3488 3405 3640 3474 ἐλεγ-

394 3499 556 3555 Patre
609 3507 902 3571 spectetur.
934 3497 1088 3554 Unus
1119 3499 1263 3552 enim
1315 3507 1398 3554 est
1441 3498 1632 3561 Pater,
1678 3514 1784 3551 non
1835 3499 1960 3563 duo,

2070 3501 2246 3563 κτέον,
2281 3501 2406 3564 τοὺς
2427 3501 2483 3554 δὲ
2529 3500 2838 3570 Ἀρειανοὺς
2856 3499 2964 3553 ἀπὸ
2989 3499 3089 3570 τῆς
3115 3499 3240 3572 περ).
3261 3497 3498 3568 Πατρός.

394 3591 490 3648 sed
517 3605 583 3646 ex
615 3606 724 3646 uno
749 3600 833 3646 est
856 3591 1044 3646 Filius.
1079 3589 1148 3645 Ut
1169 3605 1296 3660 ergo
1321 3605 1429 3644 non
1463 3599 1589 3646 sunt
1611 3591 1718 3644 duo
1752 3590 1959 3655 Patres,
1993 3592 2086 3646 sed
2119 3608 2260 3646 unus
2294 3609 2308 3644 :
2341 3593 2413 3646 ita
2449 3609 2556 3646 non
2605 3592 2713 3646 duo
2757 3591 3020 3661 principia
3067 3604 3228 3658 sunt,
3279 3590 3372 3646 sed
3432 3605 3634 3648 unum.

392 3693 450 3740 et
495 3700 562 3740 ex
613 3701 725 3742 uno
755 3687 1063 3742 essentialis
1104 3685 1320 3740 exsistit
1360 3684 1550 3741 Filius.
1590 3685 1800 3741 Rursus
1833 3702 1962 3742 vero
1997 3687 2230 3744 Arianos
2261 3688 2676 3758 interrogemus.
2719 3685 2852 3742 Nam
2917 3687 3062 3758 quod
3089 3688 3156 3743 ad
3207 3686 3428 3742 Sabellii
3466 3694 3638 3742 secta-

395 3787 542 3835 tores
588 3777 811 3843 attinet,
856 3775 932 3830 illi
973 3791 1040 3831 ex
1070 3775 1191 3829 Filii
1221 3775 1412 3829 notitia
1457 3774 1732 3830 refellendi
1783 3785 1912 3832 sunt
1949 3796 1962 3832 :
2003 3778 2186 3831 Ariani
2217 3793 2366 3843 vero,
2402 3793 2468 3832 ex
2501 3777 2674 3832 Patris
2698 3777 2935 3832 notione.

463 3872 518 3927 4.
554 3870 644 3928 Sic
673 3872 836 3942 igitur
881 3871 1254 3926 disserendum
1294 3879 1377 3925 est
1406 3884 1419 3922 :
1447 3868 1544 3925 Vel
1571 3869 1714 3926 Deus
1758 3881 1842 3926 est
1875 3887 1964 3926 sa-

395 3963 571 4035 piens,
601 3979 704 4018 nec
727 3963 846 4018 sine
868 3962 1044 4016 Verbo
1066 3965 1178 4018 sive
1207 3960 1472 4026 Ratione;
1503 3961 1584 4014 vel
1615 3972 1823 4025 contra,
1847 3962 1964 4016 sine

397 4055 660 4125 sapientia
697 4063 782 4110 est
824 4063 878 4110 et
908 4053 1086 4108 Verbo
1119 4069 1214 4108 seu
1259 4053 1510 4108 Ratione.
1561 4054 1615 4107 Si
1661 4059 1960 4110 secundum

397 4146 721 4211 admittitur,
753 4145 806 4199 id
833 4159 928 4215 per
959 4159 1018 4199 se
1044 4144 1342 4200 absurdum
1380 4160 1501 4200 esse
1532 4145 1700 4214 liquet
1731 4164 1744 4200 :
1780 4146 1824 4201 si
1852 4147 1964 4216 pri-

396 4253 547 4292 mum
579 4234 914 4302 conceditur,
944 4250 1136 4289 rursus
1165 4235 1551 4290 sciscitandum
1586 4245 1688 4301 est,
1720 4251 1959 4304 quonam

397 4329 560 4384 modo
590 4327 662 4384 sit
690 4327 927 4396 sapiens,
954 4341 1055 4382 nec
1077 4327 1194 4382 sine
1228 4325 1405 4382 Verbo
1435 4343 1530 4382 seu
1567 4327 1825 4383 Ratione:
1860 4344 1958 4383 ex-

397 4422 735 4476 trinsecusne
771 4417 1091 4488 sapientiam
1160 4426 1214 4471 et
1255 4415 1488 4472 Verbum
1515 4459 1529 4479 ,
1582 4433 1650 4471 an
1716 4433 1842 4473 vero
1895 4435 1962 4474 ex
1995 4447 2038 4501 Β

397 4513 578 4582 seipso
610 4511 838 4565 habeat?
869 4507 926 4563 Si
955 4508 1296 4566 extrinsecus
1325 4510 1486 4566 habet
1521 4528 1534 4564 :
1567 4511 1764 4581 aliquis
1798 4511 1964 4582 igitur

397 4601 549 4674 prius
585 4601 660 4655 illi
689 4599 855 4664 dedit,
901 4599 1146 4669 ipseque,
1186 4609 1475 4671 antequam
1512 4603 1812 4672 acciperet,
1845 4603 1963 4658 sine

400 4693 662 4762 sapientia
683 4679 760 4747 ἐι
799 4690 975 4747 Verbo
1017 4693 1130 4748 sive
1175 4691 1403 4750 Ratione
1444 4703 1579 4748 erat.
1611 4693 1765 4761 Quod
1809 4694 1854 4748 si
1896 4710 1961 4749 ex

399 4785 578 4855 seipso
612 4784 774 4838 habet
809 4783 1068 4850 Verbum,
1115 4783 1291 4853 palam
1335 4784 1494 4855 igitur
1548 4793 1632 4840 est
1685 4785 1861 4855 ipsum
1895 4801 1961 4840 ex

398 4876 567 4932 nihilo
603 4891 710 4931 non
749 4889 893 4939 esse,
940 4890 1118 4945 neque
1149 4874 1317 4932 fuisse
1358 4876 1650 4946 aliquando
1681 4893 1802 4932 cum
1849 4893 1959 4932 non

399 4976 561 5024 esset.
588 4965 866 5038 Siquidem
893 4981 1106 5036 semper
1133 4965 1256 5032 fuit,
1280 4969 1478 5038 quippe
1509 4984 1630 5022 cum
1659 4970 1770 5032 ille,
1805 4971 1961 5039 cujus

398 5061 577 5133 imago
594 5069 698 5126 est,
730 5075 944 5130 semper
963 5058 1205 5115 exsistat.
1228 5058 1302 5128 At
1326 5057 1370 5114 si
1397 5061 1769 5128 responderint
1792 5060 1958 5116 Deum

400 5153 695 5223 sapientem
723 5152 940 5223 quidem
965 5165 1086 5207 esse
1105 5164 1206 5206 nec
1232 5149 1348 5205 sine
1375 5148 1549 5205 Verbo
1579 5151 1691 5205 sive
1713 5151 1958 5220 Ratione,

471 5328 583 5401 (l9)
624 5331 714 5387 Sic
747 5333 838 5387 hic
866 5339 922 5388 et
947 5344 1074 5384 mox
1097 5368 1112 5392 ,
1139 5326 1384 5401 Grmcum
1427 5327 1626 5401 secuti,
1662 5326 1962 5401 reddimus.

401 5394 533 5462 non,
562 5394 723 5466 alius,
746 5411 806 5456 ut
832 5402 1006 5456 solent
1036 5397 1186 5468 loqui
1209 5398 1262 5451 in
1295 5397 1498 5452 scholis
1525 5395 1803 5466 Theologi.
1829 5394 1961 5450 Vidc.

403 5479 588 5541 supra.
619 5486 740 5541 pag.
770 5471 894 5532 458.
931 5485 1082 5541 n_um.
1119 5468 1175 5522 4.

477 5486 588 5533 pra.
619 5486 740 5590 Eg.
770 5486 894 5532 eos,
931 5486 1082 5523 num.
1119 5486 1175 5522 4.

477 5536 585 5610 (eo)
612 5607 639 5610 __
674 5541 824 5607 egius
857 5551 910 5610 et
945 5535 1524 5610 Seguer.._dgvdpaxey.

475 5603 587 5679 (2t)
611 5603 827 5679 Regius.
852 5603 1067 5679 Gobler.
1097 5617 1153 5662 et
1177 5603 1435 5679 Fe_lclt'._l,
1465 5605 1694 5679 ὑπέστη.
1735 5603 1958 5679 Seguer.

475 5625 587 5675 ιιι)
611 5625 827 5728 Iteﬁius.
852 5625 1067 5663 uonter.
1097 5625 1153 5662 et
1177 5625 1435 5689 ιιειειςηι,
1467 5625 1694 5690 υπεστη.
1735 5625 1958 5705 Seguer.

405 5671 655 5758 Bastl.net
679 5745 691 5757 .
732 5679 914 5758 ngli£.,
935 5677 1187 5758 ῥφέστῃ.
1233 5677 1372 5758 Εόιιι
1394 5715 1410 5741 ,
1443 5677 1746 5758 ῥφεστηκε.
1775 5673 1813 5755 .1
1837 5675 1962 5758 aulo

406 5754 526 5812 post
565 5745 793 5815 Regius,
826 5745 1079 5819 Basil.’ct
1115 5745 1346 5816 Anglic,
1397 5745 1470 5816 μὴ
1509 5745 1822 5827 αὲτοῧποδ
1847 5745 1960 5798 Πα-

2138 3872 2192 3926 4.
2226 3873 2455 3926 Λεκτέον
2489 3867 2620 3926 οὖν*
2673 3873 2729 3926 ’0
2767 3871 2897 3935 Θεὸς
2940 3871 3100 3941 σοφὸς
3154 3871 3250 3925 καὶ
3295 3871 3398 3925 οὐκ
3445 3871 3638 3939 ἄλογός

2069 3965 2235 4027 ἐστιν,
2268 3963 2300 4033 ἢ
2327 3963 2632 4018 τούναντίον
2651 3956 2851 4031 ἄσοφος
2876 3963 2970 4016 καὶ
3000 3962 3211 4031 ἄλογος.
3252 3963 3315 4015 Εἰ
3341 3963 3438 4034 μὲν
3463 3959 3555 4017 οὖν
3578 3965 3638 4017 τὸ

2067 4055 2334 4126 δεύτερον,
2359 4055 2580 4108 αὐτόθεν
2605 4055 2714 4124 ἔχει
2735 4057 2833 4127 τὴν
2863 4055 3090 4110 ἀτοπίαν
3111 4072 3125 4087 ⁸
3152 4057 3201 4108 εἰ
3229 4056 3288 4108 δὲ
3320 4055 3378 4109 τὸ
3401 4055 3636 4127 πρῶυν,

2069 4148 2387 4218 ὲρωτητέον,
2411 4147 2526 4211 πῶς
2555 4149 2670 4200 ἐστι
2698 4147 2880 4216 σοφὸς,
2909 4147 3004 4200 καὶ
3029 4147 3128 4200 οὐκ
3152 4147 3344 4216 ἄλογος
3373 4163 3386 4175 ·
3411 4147 3636 4218 πότερον

2069 4239 2264 4305 ἔξωθεν
2298 4237 2545 4309 ἐσχηκὼς
2567 4236 2658 4291 τὸν
2684 4239 2852 4307 Λόγον
2879 4239 2972 4292 καὶ
2994 4239 3093 4308 τὴν
3118 4238 3329 4308 σοφίαν,
3358 4238 3390 4310 ἢ
3423 4239 3481 4305 ὲξ
3515 4241 3638 4293 ἑαυ-

2066 4330 2195 4393 τοῦς
2228 4330 2290 4382 Εἰ
2314 4329 2412 4399 μὲν
2435 4325 2526 4382 οὖν
2548 4328 2765 4395 ἔξωθεν,
2801 4329 2952 4383 ἔσται
2986 4346 3070 4391 τις
3094 4330 3122 4382 ὁ
3153 4328 3504 4398 προδεδωκὼς
3523 4329 3634 4401 (24)

2068 4420 2235 4490 αὐτῷ,
2271 4420 2366 4473 καὶ
2393 4420 2520 4491 πρὶν
2548 4418 2730 4472 λαϐεῖν
2773 4419 2970 4489 ἄσοφος
3016 4418 3110 4472 καὶ
3143 4417 3368 4486 ἄλογοςο
3391 4420 3439 4471 εἰ
3467 4419 3524 4472 δὲ
3575 4419 3634 4486 ἐξ

2065 4510 2250 4573 αὑτοῦ,
2279 4509 2432 4580 δῆλον
2465 4509 2673 4578 ὅτιίὲῧ)
2701 4511 2800 4562 οὐκ
2834 4509 2892 4575 ἐξ
2925 4509 3024 4562 οὐκ
3051 4509 3240 4572 ὄντων,
3267 4508 3376 4562 οὐδ’
3404 4504 3474 4580 ἦν
3502 4526 3634 4561 ποτε

2064 4603 2152 4656 ὅτε
2178 4601 2279 4654 οὐκ
2293 4597 2362 4672 ἦν
2383 4617 2396 4629 ·
2433 4603 2519 4654 ἀεὶ
2549 4603 2656 4671 γὰρ
2688 4596 2755 4672 ἦν
2775 4618 2788 4633 ·
2813 4601 2933 4653 ἐπεὶ
2960 4600 3051 4653 καὶ
3075 4595 3134 4654 οὗ
3161 4602 3307 4652 ἐστιν
3335 4599 3515 4664 εἰκὼν,
3547 4601 3634 4653 ἀεὶ

2067 4695 2318 4765 ὑπάρχει.
2369 4692 2492 4746 Ἐὰν
2522 4692 2578 4746 δὲ
2615 4692 2875 4761 λέγωσιν,
2907 4694 2989 4746 ὅτι
3035 4692 3195 4761 σοφὸς
3243 4691 3342 4762 μὲν
3389 4691 3504 4745 ἔστι
3541 4692 3635 4746 καὶ

2065 4784 2162 4837 οὐκ
2195 4784 2410 4852 ἄλογος,
2451 4784 2585 4836 ἰδίαν
2613 4783 2667 4836 δὲ
2705 4782 2816 4852 ἔχει
2843 4785 2900 4835 ὲν
2923 4781 3102 4852 ἑαυτῷ
3145 4781 3332 4850 σοφίαν
3375 4781 3467 4834 καὶ
3504 4781 3634 4835 ἴδιον

2069 4875 2260 4944 Λόγον,
2291 4875 2350 4928 οὐ
2384 4875 2474 4928 τὸν
2497 4874 2730 4945 Χριστὸν
2749 4874 2828 4938 δὲ,
2852 4873 2966 4927 ἀλλ’
2996 4875 3052 4926 ὲν
3083 4865 3128 4940 ᾧ
3152 4872 3245 4926 καὶ
3279 4873 3368 4926 τὸν
3400 4873 3634 4944 Χριστὸν

2069 4965 2288 5037 ἐποίησε
2303 4982 2316 4994 ·
2349 4965 2586 5032 λεκτέον,
2603 4966 2706 5024 ὅτι.
2724 4966 2771 5017 εἰ
2797 4966 2825 5017 6
2839 4965 3070 5036 Χριστὸς
3093 4967 3149 5018 ὲν
3178 4964 3369 5034 ἐκείνῳ
3385 4963 3463 5034 τῷ
3477 4965 3634 5035 Λόγῳ

2067 5058 2275 5126 γέγονε,
2307 5056 2462 5127 δῆλον
2488 5058 2570 5110 ὃτι
2597 5058 2690 5110 καὶ
2720 5057 2787 5110 τὰ
2814 5059 2990 5111 πάντα
3009 5074 3023 5087 ο
3056 5055 3149 5109 καὶ
3197 5055 3354 5119 αὐτὸς
3394 5055 3460 5109 ἂν
3498 5056 3581 5126 ἐτη
3614 5095 3630 5121 ,

2069 5150 2196 5220 περὶ
2218 5142 2278 5202 οὗ
2306 5148 2452 5216 λέγει
2495 5149 2763 5219 Ἰωάννης,
2788 5149 2996 5203 Πάντα
3028 5147 3101 5200 δι’
3138 5147 3321 5204 αὑτοῦ
3362 5147 3626 5219 ἐγένετο’

2066 5327 2212 5390 τοός.
2245 5325 2302 5382 In
2339 5327 2460 5383 aliis
2483 5337 2535 5382 et
2559 5327 2797 5382 editione
2820 5325 3271 5390 Commeliniana,
3311 5324 3405 5378 τοῦ
3451 5324 3622 5377 deest.

2141 5396 2249 5468 (22)
2288 5395 2489 5467 Regius
2536 5397 2743 5468 primus
2779 5406 2832 5451 et
2861 5395 3195 5464 Seguerian.,
3224 5396 3284 5448 τὸ
3312 5395 3440 5449 αὑτό
3471 5393 3631 5446 αὑτο-

2067 5462 2256 5521 atem.
2372 5462 2396 5467 ⁷
2537 5462 2552 5468 ’
2937 5462 2956 5464 “

2137 5538 2248 5676 (23)
2291 5537 2624 5618 Basiliensis,
2649 5536 2958 5622 γεγένηται.

2137 5607 2225 5676 (24
2286 5606 2504 5676 Reglus,
2535 5607 2958 5676 7:906636tnxwg._

2137 5605 2246 5678 (2i)
2286 5606 2504 5678 Regius,
2535 5605 2937 5678 προσδεδωκώς.

2137 5673 2250 5747 (25)
2291 5673 2490 5746 Regius
2523 5673 2853 5746 et'Seguer.,
2884 5673 3142 5744 δηλονότι.
