3944 6222
317 387 417 442 473

1407 392 1668 450 ORATIO
1707 389 1776 449 IV
1813 392 2092 452 CONTRA
2129 394 2450 452 ARIANOS.

3458 389 3563 444 474

318 504 412 556 καὶ
436 503 464 556 6
481 503 790 577 Ψαλμῳδδς
805 507 880 572 δὲ,
898 508 1100 564 Πάντα
1123 510 1235 581 (26)
1256 512 1324 564 ἐν
1361 513 1548 581 σοφίᾳ
1583 512 1886 581 ἐποίησας.

1997 514 2087 569 sed
2135 515 2406 584 propriam
2463 513 2516 568 in
2564 511 2779 583 seipsof
2807 509 3006 566 habere
3051 509 3390 579 sapientiam,
3432 522 3563 576 pro-

316 592 688 664 Εὐρεοήσεται
718 596 776 649 δὲ
805 600 835 650 6
858 599 1089 668 Χριστὸς
1116 599 1461 670 ψευδόμενος,
1513 603 1653 672 Ἐγὼ
1702 603 1771 656 ἐν
1813 603 1892 670 τῷ

314 687 521 754 Harp),
547 686 700 752 ὄντος
723 688 909 761 ἑτέρου
945 693 1004 743 ὲν
1034 690 1111 761 τῷ
1141 692 1337 762 Πατρί.
1366 693 1496 758 Καὶ,
1544 693 1605 746 '0
1631 695 1892 764 Λόγοςδὲ

316 777 475 846 σὰρξ
494 780 754 848 ἐγένετο,
786 783 885 835 οὐκ
910 783 1104 854 ἀληθὲς
1133 785 1254 836 κατ’
1273 784 1498 850 αὐτούς·
1527 787 1577 838 εἰ
1605 786 1733 856 γὰρ,
1762 787 1819 840 ὲν
1848 779 1892 856 ᾧ

312 871 383 924 τὰ
408 873 589 926 πάντα
623 874 860 942 ἐγένετο,
897 877 1056 939 αὐτὸς
1076 877 1293 945 ἐγένετο
1326 877 1481 949 σὰρξ,
1517 881 1544 932 6
1570 879 1627 932 δὲ
1660 878 1894 950 Χριστὸς

314 964 416 1018 οὐκ
444 964 594 1018 ἐστιν
625 969 683 1020 ὲν
719 967 798 1038 τῷ
825 970 1000 1040 Harp!
1027 969 1218 1038 Λόγος,
1250 971 1315 1023 δι’
1362 967 1420 1025 οὗ
1460 972 1528 1025 τὰ
1559 973 1738 1026 πάντα
1773 972 1894 1041 ἐγέ-

312 1072 436 1108 νετο
459 1071 474 1086 ·
502 1056 610 1127 ἄρα
648 1059 676 1111 6
702 1059 935 1130 Χριστὸς
969 1060 1077 1130 (27)
1108 1062 1167 1113 οὐ
1201 1061 1392 1130 γέγονε
1432 1063 1586 1134 σὰρξ,
1619 1062 1733 1117 ἀλλ’
1764 1064 1893 1126 ἴσως

310 1147 607 1220 ὠνομάσθη
643 1149 815 1218 Λόγος
865 1152 893 1203 6
920 1153 1172 1222 Χριστός.
1224 1156 1334 1208 Kal.
1377 1156 1425 1208 εἰ
1452 1154 1642 1218 τοῦτο,
1677 1155 1892 1226 πρῶτον

315 1239 414 1307 μὲν
447 1238 607 1302 ἄλλος
641 1238 707 1293 ἂν
735 1239 821 1311 εῐη
850 1243 999 1314 παρὰ
1023 1243 1084 1297 τὸ
1105 1243 1306 1315 δνομα·
1333 1244 1523 1298 ἔπειτα
1549 1243 1609 1298 οὐ
1637 1245 1703 1297 δι’
1725 1245 1891 1299 αὐτοῦ

309 1328 532 1398 ἐγένετο
563 1331 632 1385 τὰ
680 1333 881 1398 πάντα,
913 1334 1028 1388 ἀλλ’
1059 1337 1114 1388 ὲν
1145 1336 1360 1408 ἐκείνῳ,
1393 1338 1452 1390 ἐν
1488 1331 1532 1405 ᾧ
1581 1337 1674 1391 καὶ
1697 1339 1726 1389 6
1758 1338 1892 1409 Χρι-

310 1419 458 1483 στός.
487 1421 553 1474 Ei
583 1420 639 1473 δὲ
670 1423 920 1492 φήσαιεν,
954 1425 1030 1487 ὡς
1059 1427 1319 1496 ποιότητα
1351 1421 1488 1478 εἶναι
1518 1427 1575 1479 ἐν
1599 1427 1678 1497 τῷ
1718 1425 1893 1498 Πατρὶ

306 1511 406 1580 τὴν
443 1511 659 1580 σοφίαν,
691 1513 724 1584 ἢ
758 1515 1084 1584 αὑτοσοφίαν
1117 1512 1258 1570 εἶναι
1283 1533 1296 1548 ·
1323 1517 1675 1588 ἀκολουθήσει
1720 1517 1790 1571 τὰ
1833 1520 1893 1570 ὲν

307 1604 420 1664 τοῖς
441 1601 752 1673 ἔμπροσθεν
772 1605 946 1660 ἄτοπα
968 1609 1086 1680 εἰρη
1097 1608 1254 1678 μένα.
1274 1611 1467 1664 Ἔσται
1489 1613 1597 1681 γὰρ
1619 1609 1888 1676 σύνθετος,

307 1692 400 1742 καὶ
455 1692 624 1756 αὐτὸς
667 1695 864 1748 ἑαυτοῦ
899 1695 1027 1761 Υἱὸς
1074 1697 1170 1751 καὶ
1202 1699 1390 1770 Πατὴρ
1419 1699 1703 1770 γινόμενος
1751 1699 1888 1769 (28).

305 1781 454 1853 Πλὴν
487 1783 776 1853 ἐλεγκτέον
797 1788 891 1842 καὶ
911 1789 1258 1861 δυσωητέον
1279 1791 1496 1855 αὐτοὺς,
1541 1792 1623 1844 ὅτι
1659 1793 1687 1844 6
1720 1792 1777 1844 ἐν
1811 1789 1888 1862 τῷ

1995 606 2279 676 priumque
2317 605 2586 668 Verbum,
2623 620 2731 658 non
2783 612 2960 657 autem
3012 602 3313 664 Christum,
3362 597 3454 654 sed
3505 598 3563 652 in

1993 714 2101 768 quo
2127 700 2303 768 ipsum
2326 698 2486 752 etiam
2519 697 2795 752 Christum
2834 694 3053 749 l‘ecerit:
3083 692 3366 746 dicendum
3394 688 3561 759 quod,

1993 789 2040 844 si
2089 787 2344 843 Christus
2390 789 2442 842 iu
2488 788 2582 842 illo
2633 786 2816 842 Verbo
2858 786 3035 840 factus
3077 785 3180 845 sit,
3231 782 3349 837 sine
3395 781 3561 836 dubio

1993 880 2173 935 omnia
2204 896 2423 951 quoque
2459 879 2515 935 in
2547 881 2736 936 eodem
2772 877 2910 932 facta
2944 886 3096 939 sunt,
3122 875 3408 946 ipsumque
3432 872 3562 927 illud

1991 978 2075 1024 est
2095 968 2331 1024 Verbum
2365 970 2431 1024 de
2454 985 2561 1040 quo
2591 969 2826 1024 Joannes
2850 967 2980 1023 dicit
3005 985 3019 1021 :
3047 965 3241 1020 Omnia
3273 981 3362 1033 per
3391 964 3563 1031 ipsum

1993 1061 2138 1130 facta
2170 1070 2289 1114 sunt
2321 1061 2367 1092 ³⁸
2393 1076 2412 1124 ,'
2447 1071 2501 1116 et
2532 1059 2820 1116 Psalmista
2841 1098 2856 1123 ,
2889 1056 3081 1114 Omnia
3110 1057 3163 1110 in
3194 1054 3455 1125 sapientia
3485 1054 3563 1122 fe-

1992 1153 2113 1207 cisti
2142 1154 2207 1207 δδ.
2239 1151 2378 1219 Quin
2424 1162 2478 1207 et
2518 1154 2633 1223 ipse
2669 1153 2918 1208 Christus
2951 1151 3211 1206 mentitus
3254 1161 3375 1202 esse
3412 1161 3567 1214 repe-
3597 1220 3601 1224 ἡ

1993 1245 2164 1300 rietur
2197 1261 2320 1300 cum
2356 1246 2461 1311 ait,
2497 1243 2606 1316 Ego
2653 1247 2706 1298 in
2739 1246 2918 1311 Patre,
2950 1241 3390 1315 quandoquidem
3426 1239 3567 1294 alius

1990 1342 2075 1388 est
2104 1333 2156 1387 in
2189 1332 2372 1388 Patre.
2418 1333 2637 1388 Falsum
2671 1335 2795 1388 item
2827 1350 2893 1388 ex
2927 1333 3141 1387 illorum
3174 1329 3435 1386 sententia
3463 1328 3568 1382 erit

1991 1425 2134 1494 quod
2176 1425 2408 1490 dicitur,
2446 1423 2669 1478 Verbum
2715 1440 2839 1477 caro
2875 1424 3077 1494 factum
3113 1430 3189 1476 est
3225 1421 3289 1474 ³⁸.
3319 1417 3568 1488 Namque

1991 1519 2039 1574 si
2100 1519 2231 1574 illud
2279 1519 2514 1574 Verbum
2572 1534 2700 1572 caro
2747 1517 2950 1572 factum
3017 1515 3180 1588 492
3221 1522 3305 1568 est
3347 1513 3413 1567 in“
3457 1527 3568 1581 quo

1991 1612 2172 1667 omnia
2207 1610 2347 1666 facta
2397 1618 2553 1676 sunt,
2603 1625 2702 1664 nec
2733 1609 2981 1664 Christus
3025 1617 3109 1662 est
3142 1608 3194 1660 in
3248 1604 3406 1658 Patre
3431 1601 3568 1658 Ver-

1991 1703 2118 1758 bum
2151 1719 2248 1774 per
2289 1702 2436 1773 quod
2480 1703 2660 1756 omnia
2706 1699 2846 1754 facta
2896 1708 3024 1753 sunt
3074 1716 3087 1752 :
3121 1697 3286 1769 igitur
3314 1695 3568 1750 Christus

1990 1809 2100 1848 non
2129 1791 2306 1847 factus
2334 1801 2417 1847 est
2450 1808 2598 1853 caro,
2635 1791 2728 1845 sed
2759 1789 2897 1844 forte
2923 1789 3178 1843 Christus
3210 1785 3449 1841 Verbum
3479 1799 3569 1854 ap-

305 1870 423 1942 Θεῷ
443 1873 640 1943 Λόγος,
671 1875 772 1929 οὐκ
805 1877 872 1931 ἂν
905 1877 991 1950 εἴη
1020 1880 1248 1950 κτίσμα,
1285 1880 1408 1934 οὐδὲ
1440 1882 1504 1934 ἐκ
1556 1879 1648 1934 τοῦ
1692 1880 1766 1952 μὴ
1798 1881 1886 1934 όν-

1992 1886 2223 1955 pellatus
2256 1892 2355 1938 est.
2393 1882 2548 1949 Quod
2581 1881 2799 1952 quidem
2849 1880 2895 1934 si
2947 1894 3138 1932 verum
3185 1886 3300 1941 est,
3354 1875 3562 1946 primo,

305 1978 426 2026 τός’
455 1963 614 2030 ὄντος
671 1967 727 2020 δὲ
757 1969 902 2036 ἅπαξ
950 1971 1008 2022 ὲν
1059 1969 1179 2042 Θεῷ
1202 1972 1374 2040 Λόγου
1401 2013 1414 2037 ,
1446 1971 1607 2036 αὐτὸς
1634 1972 1699 2026 ἂν
1750 1973 1833 2043 εἴη
1860 1974 1889 2026 6

306 2051 543 2122 Χριστὸς
569 2057 597 2108 6
624 2055 819 2125 λέγων,
862 2058 1002 2129 Ἐγὼ
1035 2060 1106 2114 ἐν
1147 2060 1227 2126 τῷ
1256 2062 1458 2131 Πατρὶ,
1483 2062 1580 2116 καὶ
1616 2065 1647 2116 ὀ
1686 2062 1888 2131 Πατὴρ

301 2142 369 2195 ἐν
389 2144 546 2213 ἐμοὶ,
570 2148 599 2199 6
627 2146 714 2200 διὰ
743 2146 901 2202 τοῦτο
934 2151 1028 2204 καὶ
1061 2153 1354 2223 μονογενὴς
1397 2151 1496 2216 ὢν,
1547 2153 1734 2225 ἐπειδὴ
1787 2154 1888 2206 οὐκ

302 2234 458 2299 ἄλλος
482 2254 570 2300 τις
589 2237 648 2304 ἐξ
669 2239 830 2292 αὐτοῦ
860 2243 1144 2314 ἐγεννήθη.
1171 2237 1269 2307 Εἷς
1305 2238 1459 2308 οὗτος
1486 2243 1615 2308 Υἱὸς
1637 2244 1747 2315 (29)
1777 2285 1791 2307 ,
1829 2245 1888 2307 ὃς

301 2324 414 2378 ἐστι
433 2327 630 2395 Λόγος,
664 2329 844 2399 σοφία,
877 2331 1130 2404 δύναμις·
1165 2334 1227 2386 οὐ
1251 2326 1372 2405 γὰρ
1391 2333 1643 2398 σύνθετος
1669 2337 1734 2388 ὲκ
1761 2334 1887 2388 τού-

299 2431 403 2469 των
430 2418 461 2468 6
502 2418 659 2482 Θεὸς,
698 2420 834 2474 ἀλλὰ
872 2425 1208 2494 γεννητικός.
1267 2425 1476 2494 Ὥσπερ
1513 2424 1622 2496 γὰρ
1662 2425 1730 2478 τὰ
1778 2425 1890 2478 κτίο

302 2521 483 2577 σματα
507 2509 671 2581 Λόγῳ
699 2512 1045 2585 δημιουργεῖ,
1077 2514 1218 2568 οὕτω
1252 2515 1392 2569 κατὰ
1425 2515 1585 2585 φύσιν
1623 2517 1720 2586 τῆς
1753 2517 1887 2581 ἰδίας

298 2597 484 2664 οὐσίας
514 2601 630 2674 ἔχει
649 2604 896 2676 γέννημα
913 2606 1004 2660 τὸν
1034 2607 1228 2676 Λόγον,
1245 2607 1312 2660 δι’
1334 2603 1395 2661 οὗ
1427 2609 1519 2662 καὶ
1545 2609 1884 2681 δημιουργεῖ,

299 2693 388 2746 καὶ
421 2693 630 2760 κτίζει,
664 2697 759 2750 καὶ
801 2700 1076 2769 οἰκονομεῖ
1105 2698 1173 2752 τὰ
1217 2700 1415 2756 πάντα.
1460 2700 1550 2771 Τῷ
1591 2700 1700 2772 γὰρ
1729 2701 1886 2771 Λόγῳ

297 2785 385 2837 καὶ
416 2788 486 2856 τῇ
516 2787 682 2859 σοφίᾳ
705 2789 775 2842 τὰ
805 2789 984 2843 πάντα
1005 2789 1216 2858 γέγονε,
1249 2792 1342 2844 καὶ
1364 2794 1430 2862 τῇ
1457 2790 1695 2856 διατάξει
1721 2793 1885 2846 αὑτοῦ

295 2875 538 2947 διαμένει
571 2877 640 2930 τὰ
668 2879 981 2950 σύμπαντα.
1013 2882 1085 2935 Τὸ
1115 2883 1249 2936 αὐτὸ
1275 2882 1331 2935 δὲ
1365 2883 1461 2934 καὶ
1488 2884 1615 2953 περί
1641 2882 1801 2934 Υἱοῦο
1836 2885 1886 2936 εἰ

296 2969 507 3040 ἄγονος,
537 2971 633 3023 καὶ
667 2971 1028 3044 ἀνενέργητος
1053 2976 1082 3027 6
1110 2973 1242 3037 Θεός
1263 2992 1278 3006 ⁸
1307 2973 1556 3044 γέννημα
1587 2973 1696 3044 γὰρ
1721 2975 1884 3028 αὐτοῦ

295 3067 320 3118 6
341 3066 472 3129 Υἱὸς
496 3065 609 3136 (50)
637 3064 705 3118 δι’
738 3059 799 3120 οὗ
831 3064 1140 3136 ἐργάζεται.
1173 3067 1235 3120 Εἰ
1259 3067 1316 3119 δὲ
1353 3067 1449 3136 μὴ,
1481 3069 1535 3120 αἱ
1558 3067 1720 3120 αὑταὶ
1748 3068 1885 3139 ἐρωο

297 3159 484 3228 τήςεις
505 3158 604 3211 καὶ
633 3157 702 3212 τὰ
730 3156 870 3212 αὐτὰ
898 3157 1076 3212 ἄτοπα
1103 3161 1218 3221 τοῖς
1249 3157 1712 3227 ,ἀναισχυντοῦσιν
1756 3159 1885 3212 ἀκο-

297 3249 574 3321 λουθήσει.

1989 1976 2130 2032 alius
2173 1977 2278 2032 erit
2312 1990 2474 2046 quam
2525 1974 2618 2044 qui
2670 1974 2892 2027 nomine
2938 1970 3276 2040 signiﬁcatur
3306 1985 3320 2022 :
3349 1965 3565 2030 deinde,

1988 2085 2097 2122 non
2145 2083 2240 2138 per
2268 2085 2391 2122 eum
2429 2068 2612 2122 omnia
2645 2065 2786 2120 facta
2816 2074 2999 2130 erunt,
3027 2063 3120 2118 sed
3151 2062 3205 2115 in
3234 2061 3345 2126 illo,
3377 2061 3431 2113 in
3458 2073 3567 2128 quo

1988 2158 2240 2213 Christus
2263 2175 2482 2230 quoque
2519 2158 2633 2229 ipse
2660 2158 2837 2214 factus
2864 2164 2966 2211 est.
2998 2154 3092 2210 Sin
3120 2163 3300 2209 autem
3331 2151 3569 2206 dixerint

1989 2252 2316 2321 sapientiam
2365 2252 2419 2305 in
2456 2251 2613 2305 Patre
2645 2253 2819 2306 instar
2846 2247 3122 2318 qualitatis
3150 2261 3291 2311 esse,
3330 2245 3414 2299 vel
3441 2258 3567 2297 etim

1987 2342 2309 2412 sapientiam
2356 2341 2529 2410 ipsam
2579 2355 2752 2406 esse;
2805 2354 2926 2409 qua:
2977 2351 3146 2407 supra
3197 2335 3570 2390 recensuimus

1987 2433 2223 2487 absurda
2249 2474 2263 2498 ,
2317 2432 2626 2486 necessario
2677 2438 3085 2499 consequentur
3108 2471 3123 2494 ,
3166 2427 3413 2482 videlicet
3442 2438 3568 2478 eum

1986 2523 2346 2592 compositum
2383 2536 2535 2587 esse,
2568 2521 2763 2590 suique
2796 2520 2969 2587 ipsius
2993 2532 3114 2572 esse
3141 2515 3358 2570 Patrem
3390 2524 3444 2568 et
3474 2513 3567 2567 Fi-

1985 2612 2139 2666 lium.
2193 2611 2391 2666 Verum
2436 2610 2764 2682 coarguendi
2819 2609 2894 2662 illi
2943 2617 3070 2662 sunt
3116 2616 3170 2661 et
3225 2604 3566 2660 confutandi.

1988 2703 2266 2774 Siquidem
2303 2703 2559 2769 Verbum,
2603 2703 2748 2774 quod
2780 2703 2832 2755 in
2867 2701 2978 2756 Deo
3018 2708 3122 2762 est,
3159 2714 3258 2752 nec
3297 2707 3566 2761 creatum,

1985 2809 2087 2848 nec
2118 2809 2185 2848 ex
2235 2794 2406 2848 nihilo
2444 2801 2622 2864 potest
2662 2808 2805 2848 esse.
2845 2790 2901 2846 Si
2933 2791 3060 2846 item
3091 2789 3327 2843 Verbum
3371 2789 3422 2840 in
3462 2786 3570 2839 Deo

1984 2891 2102 2952 est;
2134 2885 2250 2954 ipse
2277 2895 2422 2940 certe
2451 2884 2703 2940 Christus
2746 2882 2929 2950 fuerit,
2954 2883 3046 2953 qui
3087 2881 3193 2944 ait,
3223 2879 3336 2949 Ego
3364 2880 3419 2932 in
3465 2877 3572 2931 Pa-

1987 2985 2085 3043 tre,
2117 2987 2165 3030 et
2202 2976 2368 3030 Pater
2407 2977 2459 3030 in
2489 2993 2568 3030 me
2600 2985 2676 3031 est
2710 2977 2792 3042 '7;
2827 2977 2920 3046 qui
2961 2975 3104 3029 idem
3151 2973 3354 3028 idcirco
3381 2973 3571 3040 unige—

1984 3068 2133 3122 nitus
2167 3078 2268 3132 est,
2302 3068 2430 3138 quia
2471 3069 2654 3123 nullus
2684 3068 2823 3122 alius
2850 3082 2918 3121 ex
2948 3081 3012 3122 eo
3043 3067 3115 3121 sit
3141 3065 3377 3136 genitus.
3413 3061 3569 3116 Unus

1987 3160 2077 3214 hic
2117 3168 2203 3215 est
2248 3159 2441 3226 Filius,
2475 3161 2568 3230 qui
2610 3168 2666 3214 et
2696 3158 2965 3229 Verbumf,
3001 3158 3264 3227 sapientia
3300 3165 3354 3210 et
3397 3155 3570 3210 virtus

1910 3249 1953 3305 C
1990 3253 2104 3309 sive
2138 3252 2383 3322 potentia
2422 3260 2524 3306 est.
2562 3250 2674 3306 Nec
2709 3251 2852 3306 enim
2881 3267 2948 3305 ex
2987 3251 3075 3305 his
3117 3258 3204 3304 est
3235 3247 3572 3317 compositus

299 3342 460 3408 Deus,
499 3343 597 3399 sed
632 3344 828 3399 horum
885 3353 971 3401 est
1030 3345 1263 3416 genitor.
1292 3344 1538 3416 Namque
1569 3346 2028 3416 quemadmodum
2065 3363 2152 3403 res
2212 3357 2424 3402 creatas
2456 3345 2632 3401 Verbo
2688 3345 2958 3416 producit,
2998 3345 3072 3398 ita
3116 3344 3412 3399 secundum
3447 3357 3574 3411 pro-

298 3437 427 3505 prie:
485 3438 744 3492 essentia:
780 3446 1030 3491 naturam
1083 3435 1320 3492 Verbunt
1373 3439 1575 3509 gignit,
1617 3453 1710 3507 per
1772 3439 1916 3508 quod
1955 3440 2138 3494 omnia
2173 3439 2366 3504 edicit,
2398 3449 2548 3495 creat
2579 3447 2633 3494 et
2661 3439 3023 3492 administrat.
3059 3436 3335 3507 Siquidem
3387 3434 3572 3503 omnia

299 3526 481 3607 Verbo
543 3537 600 3584 et
663 3529 923 3600 sapientia
993 3529 1134 3585 facta
1181 3540 1327 3597 sunt,
1361 3532 1589 3602 ejusque
1623 3531 1851 3601 imperio
1889 3533 2142 3587 universa
2177 3541 2526 3602 perseverant
2556 3532 2620 3584 ³⁸.
2667 3530 2809 3585 Idem
2861 3541 3040 3585 autem
3089 3529 3156 3583 de
3197 3527 3336 3580 Filio
3381 3524 3572 3579 dicen-

299 3623 422 3677 dum
457 3642 474 3678 :
507 3624 767 3678 nimirum
814 3625 860 3680 si
888 3625 1022 3679 nihil
1055 3625 1225 3696 gignit
1254 3624 1418 3691 Deus,
1450 3626 1587 3680 nihil
1655 3626 1783 3680 item
1847 3626 1959 3695 agit
1993 3627 2108 3682 sive
2155 3627 2358 3682 eﬂicit:
2412 3642 2538 3680 nam
2585 3625 2702 3695 ejus
2751 3619 2892 3679 fetus
2936 3633 3020 3678 est
3061 3621 3230 3675 Filius
3277 3634 3368 3688 per
3407 3630 3569 3686 quem

300 3718 423 3786 agit.
454 3714 552 3768 Sin
585 3716 769 3771 minus
801 3733 814 3770 :
847 3717 913 3770 ad
938 3717 1154 3771 easdem
1182 3717 1637 3784 interrogationes
1665 3717 1962 3786 eademque
1989 3718 2225 3772 absurda
2252 3717 2596 3786 impudentes
2626 3716 2678 3768 hi
2706 3716 2957 3769 homines
2988 3714 3355 3767 revolventur.

361 3808 416 3861 5.
464 3807 562 3859 Ἐκ
596 3805 689 3859 τοῦ
727 3806 1148 3878 Δευτερονομίου
1168 3820 1181 3834 °
1237 3805 1424 3875 Ὑμεῖς
1451 3806 1518 3858 δὲ
1547 3809 1599 3860 οὶ
1619 3807 1897 3874 προσκεί-

2075 3807 2128 3860 5.
2161 3805 2239 3860 Ex
2287 3804 2704 3860 Deuteronomio
2731 3821 2743 3856 :
2789 3803 2885 3858 Vos
2927 3812 3136 3868 autent,
3165 3802 3257 3871 qui
3288 3799 3567 3854 adhwretis

293 3914 466 3967 μενοι
493 3899 694 3967 Κυρίῳ
716 3897 796 3964 τῷ
831 3897 952 3964 Θεῷ
976 3898 1179 3967 ὑμῶν,
1223 3897 1356 3968 ζῆτε
1393 3897 1502 3968 (51)
1553 3896 1776 3962 πάντες
1825 3897 1886 3950 ἐν

1998 3897 2222 3951 Domino
2261 3897 2370 3951 Deo
2409 3907 2598 3961 vestro,
2624 3897 2796 3948 vivitis
2840 3894 3070 3948 universi
3107 3894 3360 3946 hodierna
3389 3893 3472 3944 die
3499 3891 3565 3944 ".

299 3990 370 4061 τῇ
389 3992 686 4062 σήμερον.
736 3993 834 4045 Ἐκ
867 3991 1055 4044 τούτου
1095 3991 1319 4043 δυνατὸν
1347 3990 1547 4043 εἰδέναι
1574 3989 1672 4061 τὴν
1703 3989 1893 4058 διαφο-

303 4083 416 4154 ρὰν,
444 4085 543 4138 καὶ
565 4083 792 4152 γνῶναι,
815 4084 897 4136 ὅτι
919 4085 1017 4137 οὐκ
1047 4082 1160 4135 ἐστι
1185 4084 1391 4151 κτίσμα
1409 4085 1437 4135 6
1462 4082 1588 4144 Υἱὸς
1613 4081 1704 4134 τοῦ
1729 4079 1886 4134 Θεοῦ.

1995 3987 2074 4041 Ex
2113 3989 2198 4043 his
2237 3988 2417 4043 verbis
2455 3987 2749 4042 discrimen
2781 3985 2904 4040 Filii
2951 3994 3006 4040 et
3032 3999 3217 4038 rerum
3260 3992 3568 4037 creatarutn

1992 4074 2120 4160 licet
2161 4076 2489 4144 perspicere,
2535 4075 2946 4144 intelligereque
2976 4072 3174 4127 Filium
3204 4071 3299 4126 Dei
3323 4079 3569 4127 creatum

311 4174 364 4227 '0
395 4177 495 4246 μὲν
529 4176 644 4244 (52)
669 4175 777 4246 γὰρ
813 4175 943 4237 Υἱὸς
975 4175 1146 4242 λέγει,
1192 4173 1333 4243 Ἐγὼ
1373 4173 1471 4227 καὶ
1520 4177 1550 4227 ὀ
1586 4173 1787 4242 Πατὴρ
1819 4173 1886 4226 ἓν

1992 4166 2219 4220 minime
2257 4181 2397 4221 esse.
2440 4165 2728 4220 Enimvero
2765 4164 2937 4220 Filius
2965 4164 3131 4226 dicit,
3165 4162 3277 4233 Ego
3311 4173 3362 4216 et
3406 4161 3569 4215 Pater

298 4265 515 4334 ἐσμεν·
543 4265 672 4324 καὶ,
713 4264 853 4334 Ἐγὼ
902 4264 973 4317 ἐν
1021 4263 1100 4329 τῷ
1121 4267 1324 4332 Πατρὶ,
1364 4265 1460 4318 καὶ
1497 4267 1530 4317 ὁ
1579 4263 1782 4333 Πατὴρ
1820 4263 1886 4316 ἐν

1999 4274 2161 4312 unum
2191 4275 2370 4312 sumus
2398 4257 2464 4321 "",
2492 4266 2562 4323 et,
2591 4257 2701 4326 Ego
2728 4259 2784 4310 in
2816 4256 2999 4322 Patre,
3022 4265 3071 4310 et
3087 4255 3249 4309 Pater
3273 4256 3327 4308 in
3349 4271 3426 4308 me
3451 4265 3566 4308 est:

297 4357 422 4426 ἐμοί
440 4376 452 4388 ·
495 4357 566 4410 τὰ
593 4357 650 4409 δὲ
677 4356 898 4426 γενητὰ,
933 4356 1010 4408 ὅτ’
1048 4355 1114 4408 ἂν
1138 4356 1439 4426 προκόπτῃ,
1461 4355 1781 4425 πρόσκειται
1809 4354 1887 4424 τῷ

298 4451 504 4522 Κυρίῳ.
548 4449 608 4501 '0
647 4449 742 4518 μὲν
777 4447 885 4519 γὰρ
942 4447 1132 4515 Λόγος,
1167 4447 1241 4510 ὡς
1276 4447 1423 4509 ἴδιος,
1463 4449 1520 4498 ὲν
1581 4445 1659 4516 τῷ
1706 4445 1882 4516 Has-pi

297 4542 440 4593 ἐστι·
473 4539 546 4592 τὰ
567 4539 623 4591 δὲ
651 4537 875 4609 γενητὰ,
899 4536 1095 4601 ἔξωθεν
1129 4536 1278 4600 ὄντα,
1309 4537 1653 4608 πρόσκειται,
1687 4535 1764 4598 ὡς
1811 4540 1877 4608 τῇ

298 4633 392 4702 μὲν
417 4631 584 4702 φύσει
616 4629 892 4701 ἀλλότρια,
925 4631 990 4700 τῇ
1026 4627 1082 4680 δὲ
1129 4628 1447 4699 προαιρέσει
1482 4627 1871 4698 προσκείμενα.

1997 4364 2087 4404 res
2118 4358 2298 4403 autem
2333 4348 2488 4403 facta:
2515 4364 2638 4403 cum
2670 4348 2980 4418 proﬁciunt,
3005 4345 3239 4400 Domino
3265 4345 3566 4400 adhaerent.

1990 4436 2195 4509 Nempe
2221 4437 2479 4504 Verbum,
2511 4449 2770 4509 tanquam
2809 4439 3088 4508 proprium
3111 4478 3125 4503 ,
3157 4446 3240 4492 est
3272 4438 3322 4490 in
3359 4437 3517 4491 Patre
3551 4456 3564 4492 :

1987 4541 2047 4586 at
2079 4547 2170 4585 res
2216 4529 2392 4596 factae,
2422 4537 2612 4598 utpote
2643 4545 2766 4596 quae
2789 4529 3126 4584 extrinsecus
3151 4528 3440 4592 exsistunt,
3469 4528 3566 4581 ad-

1985 4623 2190 4677 haerent
2233 4637 2248 4673 ι
2297 4621 2558 4675 nimirum
2607 4632 2802 4675 natura
2850 4621 3040 4675 alienae
3087 4629 3236 4686 sunt,
3290 4619 3568 4674 voluntate

361 4792 406 4822 ”
447 4790 614 4845 Joan.
657 4808 698 4855 ι,
740 4792 795 4846 5.
869 4789 913 4823 ³⁵
954 4789 1096 4844 Psal.
1137 4806 1263 4854 cut,
1306 4791 1397 4844 24.
1477 4791 1522 4823 ³⁸
1559 4788 1714 4846 Joan.
1759 4805 1810 4851 ι,
1856 4789 1878 4841 I

2021 4789 2064 4819 ³⁷
2103 4785 2260 4842 Juan.
2304 4801 2430 4850 xiv,
2471 4786 2555 4838 10.
2633 4783 2676 4814 ³⁸
2716 4781 2860 4838 Psal.
2901 4798 3108 4845 cxvm,
3150 4781 3241 4835 9i.
3319 4781 3362 4810 ³⁸
3402 4778 3559 4833 Deut.

293 4876 365 4926 IV,
403 4862 461 4917 4.
553 4861 601 4892 ⁸⁸
638 4859 797 4916 Joan.
840 4878 897 4927 χ,
931 4861 1023 4916 50.

359 5030 497 5102 (26)
525 5030 617 5086 Sic
647 5029 868 5099 Regius,
900 5031 1126 5102 Seguer.
1157 5031 1322 5086 Basil.
1357 5038 1411 5084 et
1438 5029 1652 5101 Anglic.
1678 5030 1748 5083 At
1780 5029 1872 5084 alii
1977 5030 2126 5082 hunc
2159 5028 2342 5102 locum
2373 5041 2657 5102 perperam
2687 5025 2956 5102 intellexit
2981 5020 3248 5102 Nannius,
3266 5015 3422 5102 cuius
3446 5015 3564 5102 haec

291 5111 341 5155 et
365 5101 525 5164 editi,
568 5102 663 5154 καὶ
694 5102 886 5156 Δαὸίδ’
921 5101 1121 5164 πάντα,
1152 5111 1255 5157 etc.

296 5233 320 5254 τ
359 5171 616 5254 βίη-,δίο
653 5171 788 5254 βόε.
820 5172 1049 5242 Seguer.
1081 5173 1248 5229 Basil.
1277 5172 1492 5244 Anglic.
1527 5171 1593 5225 At
1625 5169 1872 5234 Gobler.,

292 5242 378 5312 ἆρξ
409 5244 440 5295 6
463 5243 518 5312 ,Χ
528 5242 726 5312 ριστός.

358 5259 375 5288 ι’
409 5259 440 5295 0
471 5259 726 5367 Ἓιστος.

358 5310 480 5382 (28)
515 5381 527 5382 7
569 5313 740 5367 obler.
776 5322 830 5368 et
854 5312 1036 5369 Felck.
1067 5312 1122 5376 I,
1163 5312 1471 5382 γενόμενος.

359 5375 478 5450 (29)
508 5381 982 5454 Begius,_Seguer.
1010 5375 1187 5438 Basil.
1204 5393 1259 5440 et
1278 5375 1517 5454 Anglic”
1545 5375 1697 5446 οὗτος
1729 5382 1875 5446 Υἱός.

292 5448 397 5504 Alii
432 5448 489 5506 et
522 5448 675 5511 editi.
708 5448 864 5516 οὗτος
893 5456 921 5506 6
951 5454 1100 5518 Υἱός.

359 5522 476 5594 (50)
515 5521 737 5579 Gobler.
773 5533 826 5578 et
861 5523 1042 5578 Felck.
1091 5525 1144 5586 I,
1191 5524 1220 5576 6
1259 5522 1411 5586 Θεός.
1443 5521 1564 5577 Mox
1597 5521 1799 5592 Regius
1828 5530 1882 5576 et

292 5587 549 5666 Segne».1
566 5595 751 5666 at’rga‘t.
779 5594 838 5647 αἱ
869 5595 1185 5666 ὲρῳτήσεις.

359 5663 474 5734 (51)
518 5662 611 5720 Sic
664 5662 914 5734 Seguer.‘
943 5662 1108 5719 Basil.
1152 5662 1394 5734 Anglic,
1449 5672 1609 5734 utet
1652 5662 1880 5716 habetur

289 5729 582 5790 Deute'ron.
615 5751 692 5798 tv,
725 5729 781 5788 αἱ.
811 5738 884 5787 At
907 5734 996 5788 alii
1023 5743 1077 5788 et
1102 5729 1462 5802 εάἰιίζὴμῶν.
1503 5733 1703 5788 Ibidem
1740 5747 1874 5787 mss.

291 5818 480 5858 omnes
505 5847 519 5872 ,
556 5805 711 5874 ζῆτε.
749 5803 892 5858 Editi
916 5845 930 5869 ,
967 5801 1178 5874 ζητεῖτε
1205 5844 1218 5868 ,
1254 5801 1412 5857 male.
1450 5803 1645 5858 Totum
1699 5813 1878 5857 autem

1980 5110 2064 5152 est
2095 5098 2272 5152 versio
2316 5085 2636 5151 in'editione
2679 5095 2986 5164 Commeh:
3017 5091 3166 5164 Quod
3203 5085 3420 5164 siillud
3460 5100 3565 5164 noon

1983 5168 2253 5232 admittes,
2288 5167 2483 5220 ewdem
2525 5166 2890 5218 controversia:
2923 5159 3565 5234 similesque-importuni:

1985 5247 2117 5291 tates
2169 5228 2562 5305 impudentibus
2599 5237 2707 5289 illis
2752 5241 3043 5287 occurrent.
3097 5228 3210 5282 Nos
3261 5236 3438 5280 autent
3475 5228 3564 5304 qui

1983 5307 2092 5362 Deo
2141 5308 2373 5376 appositi
2417 5308 2718 5372 addictique
2752 5319 2976 5376 sumus,
3011 5314 3310 5376 quaramus
3350 5311 3466 5374 eum
3508 5310 3565 5346 ιη

1985 5379 2080 5431 hoc
2130 5365 2243 5448 ip's'o
2274 5379 2379 5431 die.
2423 5377 2477 5430 In
2530 5365 2652 5448 aliis
2690 5377 2813 5426 item
2851 5365 3326 5448 editionibusnon
3375 5365 3563 5448 minus

1989 5448 2130 5502 male
2150 5435 2498 5502 emendatum
2527 5457 2609 5498 est
2636 5445 2737 5496 hoc
2763 5441 2924 5495 modo
2955 5455 2968 5491 :
2994 5438 3145 5502 Quod
3172 5439 3217 5490 si
3250 5435 3407 5495 illud,
3431 5443 3563 5494 εις..

1985 5519 2376 5588 impudentibus
2413 5517 2528 5588 istis
2560 5520 2835 5588 occurrerit
2858 5551 2872 5574 ,
2905 5509 3092 5588 eat-ilio
3124 5503 3514 5586 Denteronomii
3541 5519 3563 5559 :

1991 5578 2094 5642 Vos
2130 5598 2313 5640 autem
2338 5586 2432 5654 qui
2466 5583 2574 5638 Deo
2609 5581 2840 5654 appositi
2865 5579 3172 5647 addictique
3213 5578 3345 5630 estis
3367 5617 3382 5641 ,
3415 5587 3565 5642 qua:-

1986 5659 2090 5712 rite
2120 5673 2244 5710 eum
2279 5656 2333 5708 in
2365 5657 2466 5708 hoc
2497 5653 2750 5722 ipsodic.

2057 5727 2168 5795 (52)
2213 5725 2302 5777 Sic
2347 5721 2476 5792 Reg.
2516 5712 2570 5777 ct
2619 5721 2840 5791 Seguer.
2887 5717 2955 5772 At
3003 5717 3092 5771 alii
3133 5725 3186 5771 et
3226 5713 3390 5779 editi,
3461 5712 3564 5783 μέν

1986 5797 2259 5852 omittunt.
