3944 6222
353 353 458 407 475

918 350 978 407 S.
1024 349 1399 407 ATHANAS“
1436 349 1809 406 OPPXPARS
1846 352 1887 406 Ι.
1927 381 1996 393 —-—
2034 353 2404 414 HISTORICA
2447 355 2532 410 ET
2573 347 3013 411 DOGMATICA:

3484 353 3591 409 476

353 477 532 522 autem
575 464 890 521 'adbterent.
960 462 1173 520 Etenim
1222 466 1370 521 ﬁlius
1421 467 1516 537 qui
1571 476 1763 522 natura
1818 474 1921 532 est,

2046 471 2136 524 {at
2161 473 2267 542 γὰρ
2302 472 2396 524 καὶ
2430 472 2541 534 υἱὸς
2576 471 2688 540 (55)
2719 471 2817 541 μὲν
2843 472 2872 524 6
2894 469 3072 539 φύσει,
3101 467 3160 522 ἐν
3191 469 3305 521 ὲστι
3333 467 3470 540 μετὰ
3497 468 3590 522 τοῦ

351 575 524 614 unum
573 567 657 614 est
677 561 801 614 cu‘m
850 558 1134 628 genitOre:
1180 559 1274 628 qui
1300 574 1430 614 vero
1461 561 1801 615 extrinsecus
1835 559 1929 614 ad-

351 661 589 722 optatur,
618 652 798 724 generi
837 651 1151 721 adjungitur
1192 651 1307 706 sive
1350 652 1606 706 adhaeret.
1643 651 1781 706 Hine
1819 659 1932 706 sta-

351 745 449 800 tim
480 744 664 799 subdit
693 763 706 798 :
747 743 878 810 ρυω
908 746 1056 797 natio
1103 761 1330 814 magna,
1363 745 1447 798 cui
1479 744 1616 798 Deus
1651 745 1934 814 appropin-

351 847 479 909 quat
505 835 592 889 “?
619 835 686 890 Et
713 836 840 890 alibi
873 855 885 890 :
931 835 1072 890 Deus
1114 837 1534 906 appropinquans
1576 853 1667 906 ego
1698 837 1762 889 ι’.
1793 834 1927 891 Nam

350 931 516 984 rebus
541 926 700 982 factis
726 926 1146 996 appmpinquat,
1177 927 1375 996 quippe
1398 941 1520 982 cum
1554 927 1659 980 illa:
1689 927 1798 980 sint
1827 926 1931 997 ipsi

351 1030 638 1077 externae:
685 1025 741 1072 at
770 1017 930 1083 Filio,
962 1025 1149 1087 utpote
1195 1018 1437 1086 prOprio,
1483 1032 1592 1070 non
1641 1019 1932 1088 appropin-

354 1119 506 1184 quat,
547 1110 642 1166 sed
674 1111 729 1164 in
769 1124 833 1165 eo
873 1118 956 1163 est
989 1124 1129 1163 :nee
1176 1108 1414 1166 adhaeret
1455 1107 1660 1174 Filius,
1692 1111 1785 1163 sed
1823 1125 1931 1162 una

353 1217 480 1260 eum
511 1199 670 1255 Patre
701 1207 803 1254 est.
837 1196 994 1255 Unde
1021 1214 1212 1256 rursus
1244 1197 1454 1269 Moyses
1485 1199 1538 1252 in
1574 1199 1762 1255 eodem
1793 1199 1934 1255 Deu-

356 1292 658 1348 teronomio
701 1292 782 1346 sic
829 1289 1071 1359 loquitur
1115 1306 1128 1340 :
1177 1287 1362 1343 Vocem
1409 1290 1522 1355 eius
1571 1290 1836 1355 audietis,
1883 1300 1934 1345 et

354 1386 458 1454 ipsi
505 1401 593 1438 vos
644 1381 1002 1452 adjungemini
1043 1380 1109 1434 ⁸³.
1158 1379 1314 1446 Quod
1365 1392 1547 1436 autem
1599 1381 1934 1453 adjungitur,

357 1476 700 1531 extrinsecus
733 1474 1069 1544 adjungitur.

427 1566 480 1620 6.
513 1565 631 1620 Jam
654 1565 799 1634 quod
829 1563 1060 1634 pertinet
1087 1561 1154 1616 ad
1184 1560 1355 1616 levem
1389 1571 1443 1616 et
1467 1563 1761 1622 humanam
1787 1563 1939 1619 Aria-

356 1675 550 1714 norum
582 1658 976 1728 opinationem,
1011 1672 1118 1728 qua
1150 1672 1342 1727 nempe
1379 1655 1669 1711 Dominum
1706 1673 1935 1728 egenum

358 1749 527 1804 fuisse
570 1763 637 1803 ex
691 1747 778 1802 his
821 1747 994 1816 ipsius
1033 1746 1213 1802 verbis
1261 1747 1642 1816 suspicantur,
1678 1745 1822 1800 Data
1859 1754 1936 1800 est

358 1841 486 1894 mihi
511 1840 578 1904 ιι,
606 1841 799 1904 accepi,
829 1851 889 1894 ut
916 1849 972 1894 et
996 1854 1061 1892 ex
1106 1839 1192 1893 his
1221 1837 1374 1893 Pauli
1401 1838 1569 1903 locis,
1602 1837 1810 1894 Idcirco
1840 1854 1934 1892 επ-
1965 1819 2008 1874 Β

361 1930 550 1986 altavit
581 1931 736 1985 illum
762 1933 830 1998 ⁵⁸,
859 1939 934 1995 et,
962 1929 1108 1985 Sedit
1147 1948 1178 1984 a
1207 1931 1407 1984 dextris
1431 1930 1498 1996 “,
1529 1932 1759 2001 aliisque
1784 1930 1936 1986 simi-

357 2023 538 2090 libus;
584 2023 1023 2093 respondendum
1065 2033 1150 2077 est
1188 2023 1478 2077 Dominum
1527 2031 1800 2088 nostrum,
1842 2022 1935 2092 qui

357 2115 501 2169 idem
536 2112 772 2169 Verbum
804 2123 858 2168 et
885 2113 1058 2168 Filius
1094 2113 1187 2168 Dei
1231 2123 1332 2179 est,
1361 2129 1561 2184 corpus
1586 2123 1847 2184 gestasse,
1882 2123 1938 2170 et

359 2204 557 2283 Filium
603 2221 822 2276 quoque
872 2206 1112 2262 hominis
1152 2205 1356 2262 factum
1406 2206 1569 2279 493
1615 2206 1821 2273 fuisse,
1876 2216 1938 2263 ut

359 2299 571 2355 medius
624 2297 794 2352 Deum
829 2299 969 2352 inter
994 2306 1050 2353 et
1085 2298 1339 2354 homines
1388 2297 1630 2365 ell‘eetus,
1673 2315 1793 2369 quae
1842 2298 1936 2354 Dei

358 2399 506 2455 sunt,
540 2390 699 2447 nobis
739 2391 1188 2446 subministraret
1218 2407 1231 2445 :
1260 2407 1382 2461 qua:
1409 2391 1602 2456 nostri,
1632 2391 1741 2448 Deo
1777 2391 1938 2447 olfer-

359 2490 463 2538 ret.
493 2481 760 2550 Quocirca
785 2499 911 2538 cum
942 2485 1174 2550 esurire,
1227 2483 1377 2552 ﬂere,
1413 2483 1698 2555 deiatigari
1736 2493 1790 2540 et
1826 2485 1938 2539 cla--

359 2587 511 2628 mare
536 2571 678 2642 Eloi,
709 2571 854 2640 Eloi,
885 2574 1109 2640 dicitur,
1144 2589 1264 2644 quae
1293 2574 1515 2644 quidem
1546 2573 1802 2628 humanae
1829 2589 1933 2628 no-

358 2672 488 2722 stra‘:
516 2673 645 2720 sunt
671 2665 982 2721 aﬂ‘ectiones
1009 2674 1063 2721 et
1093 2665 1467 2733 miseriae,_eas
1490 2681 1520 2720 a
1551 2664 1710 2719 nobis
1739 2664 1938 2733 accipit

358 2771 424 2812 ac
445 2756 595 2812 Patri
643 2757 802 2813 oﬂ‘ert
827 2799 842 2824 ,
891 2766 947 2814 et
992 2773 1092 2828 pro
1125 2757 1284 2813 nobis
1310 2757 1614 2822 intercedit,
1642 2763 1703 2814 ut
1732 2755 1786 2809 in
1819 2755 1938 2824 ipso

357 2848 582 2918 penitus
611 2848 917 2904 deleantur.
951 2848 1051 2904 His
1077 2857 1257 2907 autem
1287 2849 1495 2911 verbis,
1523 2847 1664 2900 Data
1699 2856 1775 2901 est
1806 2847 1936 2900 mihi

360 2950 594 3011 potestas
625 2942 693 3007 ‘7,
743 2949 795 2996 et
815 2982 831 3008 ,
862 2943 1038 3011 accepi
1066 2941 1133 3007 “,
1167 2950 1243 3005 et,
1278 2939 1489 2996 Idcirco
1533 2941 1787 2994 exaltavit
1819 2957 1937 2999 eum

360 3033 504 3089 Deus
533 3033 601 3103 δ’,
634 3049 864 3090 munera
892 3035 947 3088 in
983 3050 1084 3094 nos
1107 3051 1137 3089 a
1171 3033 1280 3090 Deo
1325 3049 1421 3106 per
1449 3033 1602 3088 illum
1633 3035 1828 3089 collata
1863 3035 1938 3090 si—

2028 561 2324 630 γεννῶντος
2342 578 2354 592 '
2389 563 2418 614 6
2439 563 2496 615 δὲ
2523 561 2720 626 ἔξωθεν
2770 561 3170 631 υἱοποιούμενος
3215 561 3592 632 προσκείσεται

2029 652 2106 724 τῷ
2131 653 2294 723 γένει.
2315 653 2411 706 Διά
2434 653 2588 706 τοῦτο
2616 654 2708 707 καὶ
2724 653 2883 717 εὐθὺς
2900 652 3168 725 ἐπιφέρει,
3190 653 3270 706 ὅτι
3287 653 3464 706 Ποῖον
3481 652 3592 722 (54)

2029 745 2204 812 ἔθνος
2231 747 2400 815 μέγα,
2421 737 2469 811 ᾧ
2495 746 2664 799 ἐστιν
2679 745 2836 810 αὐτῷ
2864 745 3006 811 Θεὸς
3024 742 3263 813 ἐπαιγίζων
3279 761 3302 808 ,ﬁ
3321 745 3413 797 καὶ
3435 744 3598 798 ἀλλα-

2030 836 2153 908 χοῦο
2186 837 2328 903 Θεὸς
2351 836 2594 906 ἐγγίζων
2623 836 2766 906 ἐγώο
2798 839 2911 900 τοῖς
2946 836 3054 907 γὰρ
3097 839 3340 906 γενητοῖς
3370 835 3594 905 ἐγγίζει,

2031 928 2106 992 ώς
2141 927 2312 994 ξένοις
2332 927 2497 982 αὐτοῦ
2524 925 2680 982 οὖσι·
2710 928 2786 999 τῷ
2819 928 2875 982 δὲ
2902 927 3036 999 Υἰῷ,
3059 928 3132 990 ὼς
3156 927 3270 998 ἰδίῳ
3297 927 3407 998 (55)
3431 968 3446 992 ,
3497 928 3598 980 οὐκ

2032 1022 2259 1090 ἐγγίζει,
2291 1021 2404 1074 ἀλλ’
2426 1023 2482 1074 ὲν
2521 1021 2668 1092 αύτῷ
2689 1023 2808 1075 ἐστι
2824 1038 2837 1051 ·
2859 1019 2952 1074 καὶ
2971 1022 2999 1073 6
3023 1019 3151 1082 Υἱὸς
3173 1020 3232 1073 ού
3263 1019 3596 1091 πρόσκειται,

2033 1114 2170 1168 ἀλλά
2190 1114 2404 1168 σύνεστι
2437 1113 2515 1184 τῷ
2537 1113 2731 1184 Πατρί.
2769 1111 2928 1167 Ὅθεν
2954 1113 3048 1166 καὶ
3086 1111 3248 1165 πάλιν
3287 1112 3434 1180 λέγει
3472 1113 3601 1164 Μω-

2035 1207 2133 1276 σῆς
2156 1208 2211 1259 ὲν
2244 1205 2390 1276 αὐτῷ
2417 1204 2494 1275 τῷ
2527 1204 2924 1277 Δευτερονομίῳ
2955 1203 3061 1276 (56)
3083 1219 3098 1233 ο
3127 1202 3241 1271 Τῆς
3265 1201 3468 1273 φωνῆς
3493 1204 3600 1256 αὐ-

2034 1298 2139 1351 τοῦ
2164 1299 2533 1362 ἀκούσεσθε,
2560 1296 2658 1350 καὶ
2693 1295 2853 1362 αὐτῷ
2895 1293 3402 1364 προστεθήσεσθε.
3437 1294 3510 1348 T6
3546 1294 3602 1346 δὲ

2036 1389 2460 1444 προστιθέμενον
2493 1387 2690 1453 ἔξωθεν
2715 1387 3082 1458 προστίθεται.

2103 1564 2155 1617 6.
2192 1565 2334 1636 Πρὸς
2365 1563 2421 1617 δὲ
2443 1563 2540 1635 τὴν
2567 1563 2764 1636 ἀσθενῆ
2791 1564 2885 1618 καὶ
2907 1563 3252 1635 ἀνθρωπίνην
3274 1562 3475 1619 ἔννοιαν
3495 1563 3605 1615 τῶν

2049 1655 2342 1726 Ἀρειανῶν
2363 1695 2376 1719 ,
2413 1655 2500 1708 διά
2541 1655 2603 1707 τὸ
2649 1655 2894 1710 ὑπονοεῖν
2925 1655 3015 1708 τὸν
3046 1654 3248 1727 Κύριον
3285 1654 3440 1707 ἐνδεᾶ
3468 1655 3602 1723 (57),

2037 1747 2164 1801 ὅταν
2192 1748 2345 1821 λέγῃ,
2383 1748 2592 1816 Ἐδόθη
2615 1767 2748 1818 μοι,
2786 1750 2900 1815 καὶ,
2929 1748 3151 1803 ἔλαϐον
3172 1765 3186 1779 ’
3218 1749 3311 1802 καὶ
3347 1747 3440 1802 ὲὰν
3472 1748 3607 1821 λέγῃ

2036 1841 2065 1892 6
2086 1840 2438 1906 Παῦλος,,Διὰ
2468 1842 2643 1896 τοῦτο
2667 1844 3067 1912 ὑπερύψωσεν
3081 1841 3286 1908 αὑτὸν,
3301 1843 3416 1908 καὶ,
3447 1841 3608 1896 Ἐκά-

2039 1933 2206 1984 θισεν
2230 1931 2299 1984 ἐν
2327 1928 2515 1996 δεξιᾷ,
2551 1931 2733 1985 καὶτὰ
2761 1931 3006 1998 τοιαῦτα,
3041 1931 3282 1995 λεκτέον,
3315 1931 3397 1985 ὅτι
3436 1934 3464 1985 6
3495 1930 3608 1984 Κύ-

2040 2041 2155 2097 ριος
2183 2024 2361 2095 ἡμῶν,
2387 2025 2559 2094 Λόγος
2591 2025 2666 2080 ὣν
2699 2026 2827 2088 Υἱὸς
2863 2025 2956 2079 τοῦ
2985 2023 3143 2092 Θεοῦ,
3175 2025 3400 2096 ὲφόρεσε
3425 2024 3606 2096 σῶμα,

2038 2113 2131 2174 καὶ
2153 2114 2340 2182 γέγονε
2374 2115 2467 2168 καὶ
2491 2113 2601 2184 (58)
2635 2114 2761 2178 Υἱὸς
2792 2114 3103 2186 ἀνθρώπου,
3133 2114 3238 2180 ἵνα,
3265 2113 3489 2184 μεσίτης
3515 2130 3608 2182 γε-

2037 2207 2260 2277 νόμενος
2286 2205 2420 2260 Θεοῦ
2454 2207 2546 2260 καὶ
2577 2205 2900 2280 ἀνθρώπων,
2936 2205 3006 2260 τὰ
3048 2206 3145 2277 μὲν
3179 2204 3314 2259 Θεοῦ
3349 2207 3502 2276 ἡμῖν,
3541 2205 3610 2259 τὰ

2037 2297 2092 2350 δὲ
2117 2296 2271 2369 ἡμῶν
2303 2296 2382 2368 τῷ
2413 2296 2530 2368 Θεῷ
2562 2297 2804 2370 διακονῇ.
2835 2299 3000 2352 Ὅταν
3021 2293 3112 2352 οὖν
3145 2297 3368 2370 λέγηται
3395 2299 3611 2368 πεινᾷν,

2037 2389 2132 2440 καὶ
2151 2388 2427 2460 δακρύειν,
2451 2390 2544 2442 καὶ
2577 2390 2792 2461 κοπιᾷν,
2819 2390 2913 2444 καὶ
2951 2389 3127 2455 Ἐλωῒ,
3183 2390 3340 2444 Ἑλωῒ
3359 2430 3374 2456 ,
3404 2388 3616 2460 ἀνθρώ-

2038 2498 2166 2538 πινα
2186 2482 2334 2546 ὅντα,
2361 2481 2453 2535 καὶ
2473 2481 2717 2553 ήμέτερα
2739 2482 2884 2554 πάθη
2905 2484 3038 2552 (59),
3055 2483 3269 2554 δέχεται
3287 2485 3415 2553 παρ’
3430 2485 3464 2555 ἡ
3473 2483 3610 2554 μῶν,

2038 2572 2226 2642 καὶτῷ
2260 2573 2436 2644 Πατρὶ
2465 2574 2749 2644 ἀναφέρει,
2775 2573 3088 2646 πρεσϐεύων
3118 2575 3262 2646 ὑπὲρ
3296 2574 3483 2646 ἡμῶν,
3525 2575 3614 2628 ἵνα

2037 2667 2094 2718 ὲν
2128 2665 2274 2736 αύτῴ
2292 2666 2621 2738 ἐξαφανισθῇ
2644 2684 2656 2696 ·
2687 2667 2813 2720 ὅταν
2831 2667 2918 2732 δὲ,
2948 2669 3038 2723 ὅτι,
3075 2667 3281 2733 Ἐδόθη
3311 2685 3410 2736 μοι
3437 2665 3614 2730 ἐξου-

2037 2760 2164 2822 σία,
2189 2760 2304 2822 καὶ,
2329 2759 2570 2825 ἔλαϐον,
2602 2761 2716 2824 καὶ,
2741 2759 2843 2812 Διὰ
2869 2760 3044 2814 τοῦτο
3072 2761 3473 2828 ὑπερύψωσεν
3508 2759 3616 2814 αὐ-

2039 2849 2145 2903 τὸν
2169 2849 2282 2918 (40)
2315 2853 2347 2904 ό
2390 2851 2534 2916 Θεὸς
2559 2891 2575 2915 ,
2609 2849 2678 2902 τὰ
2713 2849 2862 2921 παρά
2888 2850 2980 2903 τοῦ
3007 2849 3141 2902 Θεοῦ
3186 2850 3266 2912 είς
3309 2850 3457 2920 ἡμᾶς
3497 2849 3616 2901 ἐστι

2037 2945 2352 3017 χαρίσματα
2378 2945 2444 2998 δι’
2483 2943 2645 2997 αὐτοῦ
2677 2943 2945 3015 διδόμενα.
2985 2945 3057 2996 Οὐ
3094 2942 3203 3014 γὰρ
3245 2945 3273 2995 6
3320 2942 3492 3009 Λόγος
3529 2944 3618 2994 ὲν-

2038 3037 2163 3108 δεὴς
2184 3032 2251 3108 ἦν
2296 3036 2329 3104 ἢ
2358 3035 2548 3105 γέγονε
2599 3035 2852 3090 πώποτε·
2905 3035 3028 3089 οὐδὲ
3064 3033 3224 3088 πάλιν
3258 3036 3306 3086 οἱ
3341 3033 3617 3104 ἄνθρωποι

362 3123 712 3194 gniﬁcantur.
759 3123 872 3180 Nec
929 3125 1074 3180 enim
1114 3125 1364 3197 indigens
1388 3134 1507 3180 erat
1557 3124 1790 3182 Verbum
1852 3124 1937 3180 vel

2046 3129 2216 3184 ἱκανοὶ
2263 3126 2403 3202 ἦσαν
2458 3131 2668 3192 ἑαυτοῖς
2711 3128 3029 3198 διακονῆσαι
3062 3127 3267 3181 ταῦτα·
3311 3125 3399 3179 διὰ
3430 3127 3487 3178 δὲ
3519 3125 3614 3179 τοῦ

362 3233 608 3287 unquam
661 3217 868 3273 factum
904 3226 1026 3273 est:
1084 3233 1186 3274 nec
1224 3234 1416 3274 rursus
1451 3219 1701 3274 homines
1756 3217 1940 3272 idonei

363 3319 521 3362 erant
558 3307 648 3378 qui
676 3307 781 3362 ista
838 3308 938 3364 sibi
973 3317 1358 3378 compararent
1393 3327 1407 3362 :
1449 3308 1545 3364 sed
1579 3323 1675 3376 per
1701 3305 1942 3361 Verbum

363 3401 526 3456 nobis
549 3401 748 3456 donata
772 3410 930 3469 sunt;
959 3402 1102 3458 unde
1136 3402 1226 3456 illa
1259 3410 1518 3472 tanquam
1578 3400 1681 3470 ipsi
1718 3400 1940 3466 donata,

365 3492 525 3548 nobis
574 3492 975 3563 impertiuntur.
1037 3493 1317 3565 Siquidem
1359 3509 1480 3549 eam
1526 3493 1596 3546 ob
1629 3507 1744 3546 rem
1779 3492 1943 3546 homo

365 3583 544 3640 factus
568 3595 672 3652 est,
699 3594 758 3640 ut
787 3586 877 3640 illa
905 3587 1050 3642 velut
1071 3588 1175 3642 sibi
1201 3587 1350 3651 data,
1379 3586 1433 3640 in
1454 3601 1555 3639 nos
1573 3583 1944 3639 transferrenq

366 3685 476 3732 tur.
499 3674 608 3731 Nec
635 3678 781 3732 enim
816 3695 987 3749 purus
1027 3679 1194 3734 homo
1233 3680 1432 3749 dignus
1468 3691 1708 3747 unquam
1752 3675 1944 3730 fuisset

368 3769 460 3840 qui
493 3769 607 3826 haec
630 3771 930 3842 acciperet;
962 3787 1063 3828 nec
1084 3773 1207 3827 item
1239 3787 1436 3842 purum
1455 3769 1693 3826 Verbum
1720 3770 1805 3825 his
1827 3785 1945 3840 pos-

367 3870 452 3917 set
482 3862 720 3934 indigere
752 3882 764 3918 :
797 3862 1151 3933 conjunctum
1177 3864 1341 3934 igitur
1370 3864 1528 3918 nobis
1551 3873 1635 3917 est
1664 3861 1901 3917 Verbum
1924 3901 1939 3926 ,

371 3961 605 4022 tuncque
629 3971 728 4010 nos
751 3955 1036 4024 potestatis
1062 3956 1352 4026 participes
1387 3956 1621 4011 reddidit
1651 3964 1705 4010 et
1732 3955 1940 4010 exalta-

369 4045 465 4099 vit.
491 4043 724 4100 Verbum
743 4047 1011 4116 siquidem
1035 4047 1089 4101 in
1115 4047 1336 4102 homine
1355 4049 1646 4113 exsistant,
1665 4047 1938 4102 hominem

371 4137 630 4191 exaltavit
663 4155 676 4190 :
718 4147 772 4192 et
803 4137 980 4192 Verbo
1012 4140 1140 4193 item
1172 4138 1226 4193 in
1264 4140 1482 4196 homine
1522 4141 1818 4195 exsistentc
1850 4153 1943 4194 ac-

373 4228 516 4298 cepit
537 4230 718 4282 homo.
741 4227 880 4295 Quia
906 4244 1035 4300 ergo
1054 4228 1232 4284 Verbo
1259 4232 1311 4284 in
1331 4246 1494 4286 carne
1517 4230 1833 4296 exsistente,
1852 4245 1947 4284 cx-

373 4320 573 4376 altatus
597 4321 761 4375 homo
782 4329 885 4388 est,
905 4330 1338 4390 potestatemque
1362 4321 1589 4391 accepit,
1610 4321 1813 4374 idcirco
1839 4320 1946 4374 ista

374 4413 442 4468 ad
465 4411 698 4467 Verbum
717 4411 1043 4479 referuntur,
1063 4414 1505 4483 quandoquidem
1527 4420 1742 4482 propter
1765 4412 1942 4481 ipsum

2043 3223 2216 3291 Λόγου
2244 3221 2443 3274 δίδοται
2485 3223 2650 3292 ἡμῖν·
2688 3221 2776 3273 διὰ
2804 3219 2992 3284 τοῦτο,
3037 3221 3113 3284 ὼς
3155 3218 3302 3289 αύτῷ
3344 3219 3614 3289 διδόμενα,

2044 3315 2174 3386 ἡμῖν
2202 3313 2538 3385 μεταδίδοται
2573 3312 2684 3382 (41)
2705 3330 2718 3343 ο
2761 3310 2849 3365 διὰ
2878 3311 3035 3364 τοῦτο
3070 3312 3176 3383 γὰρ
3211 3312 3305 3364 καὶ
3343 3309 3615 3382 ὲνηνθρώ-

2045 3422 2239 3477 πησεν,
2277 3406 2384 3470 ἵνα,
2415 3405 2490 3469 ὼς
2520 3403 2666 3475 αύτῷ
2695 3404 2969 3475 διδόμενα,
2998 3405 3077 3467 είς
3107 3405 3252 3474 ἡμᾶς
3281 3402 3458 3474 διαϐῇ.
3490 3404 3617 3455 ’Λν-

2045 3495 2258 3568 θρωπος
2279 3497 2387 3568 γὰρ
2417 3496 2571 3566 ψιλὸς
2615 3496 2716 3547 οὐκ
2741 3495 2808 3548 ἂν
2839 3493 3043 3564 ἠξιώθη
3087 3494 3288 3548 τούτων
3307 3510 3322 3524 ο
3357 3493 3527 3561 Λόγος
3557 3493 3628 3547 δὶ-

2045 3589 2206 3644 πάλιν
2252 3589 2429 3660 μόνος,
2467 3589 2566 3642 οὐκ
2617 3587 2683 3642 ἃν
2724 3587 2916 3659 ἐδεήθη
2957 3587 3182 3642 τούτων.
3240 3585 3490 3658 Συνήφθη
3522 3581 3614 3639 οὖν

2045 3679 2174 3748 ἡμῖν
2200 3679 2228 3730 6
2258 3678 2451 3746 Λόγος,
2477 3678 2571 3731 καὶ
2597 3676 2720 3730 τότε
2747 3675 2997 3741 ἐξουσίαν
3026 3677 3158 3747 ἡμῖν
3184 3676 3473 3738 μετέδωκε.
3519 3675 3616 3729 καὶ

2045 3768 2420 3840 ὑπερύψωσεν..
2452 3769 2539 3821 Ἐν
2561 3765 2833 3840 ἀνθρώπῳ
2853 3767 2961 3840 γὰρ
2986 3766 3061 3824 ὢν
3086 3769 3113 3820 6
3139 3767 3308 3837 Λόγος
3323 3766 3431 3839 (42)
3449 3767 3618 3839 ὑπερ-

2047 3859 2226 3930 ύψωσε
2258 3861 2350 3913 τὸν
2382 3859 2666 3932 ἄνθρωπον
2686 3878 2699 3890 ·
2725 3861 2818 3914 καὶ
2841 3862 2898 3914 ὲν
2927 3857 3195 3931 ἀνθρώπῳ
3219 3860 3369 3924 ὄντος
3392 3859 3483 3912 τοῦ
3511 3859 3614 3912 Λό-

2045 3968 2164 4020 γου,
2191 3949 2380 4003 ἔλαϐεν
2410 3952 2438 4003 6
2462 3949 2765 4022 ἄνθρωπος.
2810 3950 2961 4002 Ἐπεὶ
2992 3945 3084 4002 οῦν
3112 3949 3206 4008 τοῦ
3249 3949 3420 4018 Λόγου
3465 3947 3614 4011 ὄντος

2048 4045 2105 4096 ὲν
2135 4041 2332 4113 σαρκὶ,
2371 4040 2560 4111 ὑψώθη
2578 4043 2605 4094 6
2636 4041 2958 4113 ἄνθρωπος,
2995 4041 3087 4094 καὶ
3115 4039 3303 4094 ἔλαϐεν
3331 4039 3573 4107 ἐξουσίαν
3596 4055 3610 4071 ·

2046 4133 2135 4186 διὰ
2161 4131 2316 4184 τοῦτο
2344 4133 2422 4194 εἰς
2453 4131 2544 4183 τὸν
2589 4131 2762 4200 Λόγον
2815 4132 3146 4204 ἀναφέρεται
3189 4131 3358 4185 ταῦτα
3378 4174 3392 4192 ,
3429 4130 3613 4202 ἐπειδὴ

2046 4225 2112 4278 δι’
2139 4224 2300 4278 αὑτὸν
2325 4223 2478 4296 ἐδόθη
2497 4242 2510 4254 ’
2534 4223 2622 4276 διὰ
2643 4223 2753 4293 γὰρ
2774 4223 2865 4276 τὸν
2890 4226 2946 4277 ἐν
2975 4223 3244 4294 ἀνθρώπῳ
3267 4223 3436 4290 Λόγον
3462 4223 3612 4292 ἐδόθη

2047 4315 2216 4370 ταῦτα
2249 4316 2316 4369 τὰ
2338 4316 2671 4387 χαρίσματα.
2708 4315 2816 4368 Καὶ
2845 4314 3033 4386 ὥσπερ
3056 4317 3083 4368 6
3119 4315 3289 4383 Λόγος
3332 4314 3467 4386 σὰρξ
3497 4315 3615 4383 ὲγέ-

2049 4427 2192 4473 νετο,
2228 4407 2372 4460 οὕτω
2421 4407 2516 4464 καὶ
2548 4407 2576 4457 6
2617 4405 2900 4477 ἄνθρωπος
2943 4405 3010 4458 τὰ
3042 4405 3130 4458 διὰ
3173 4406 3266 4459 τοῦ
3313 4407 3487 4474 Λόγου
3537 4405 3614 4457 εί-

375 4507 500 4562 duta
526 4519 672 4563 sunt.
712 4507 837 4565 Haec
864 4509 1009 4564 enim
1046 4509 1187 4564 dona
1220 4515 1440 4577 propter
1487 4505 1724 4561 Verbum
1757 4505 1810 4557 in
1839 4505 1938 4558 ho-

2047 4502 2204 4572 ληφε.
2233 4500 2417 4554 Πάντα
2463 4499 2573 4569 γὰρ
2605 4499 2705 4551 ὅσα
2744 4499 2773 4550 6
2821 4497 3102 4569 ἄνθρωπος
3137 4495 3358 4567 εἴληφεν
3384 4535 3398 4559 ,
3440 4501 3468 4550 6
3514 4499 3612 4552 Λό-

376 4599 522 4655 mine
550 4601 816 4656 exsistens
855 4616 1111 4656 concessa
1144 4607 1290 4655 sunt.
1319 4599 1470 4654 Unde
1485 4597 1941 4668 quemadmodum

2048 4611 2144 4662 γος
2169 4591 2280 4662 (45)
2309 4591 2524 4660 λέγεται
2546 4589 2857 4660 εἰληφέναι·
2887 4589 2974 4642 ἵνα
2995 4587 3199 4659 δειχθῇ,
3233 4588 3313 4640 ὅτι
3350 4585 3450 4639 οὐκ
3471 4585 3613 4650 ἄξιος

448 4714 491 4745 ⁴¹
532 4711 688 4766 Deut.
728 4727 800 4778 IV,
844 4712 895 4766 7.
973 4712 1018 4743 “
1056 4711 1165 4767 Jer.
1205 4727 1360 4774 χχιιι,
1401 4709 1490 4762 25.
1572 4709 1617 4740 ⁵³
1652 4708 1808 4764 Deut.
1851 4727 1938 4765 xu:

2052 4749 2066 4764 .
2146 4708 2198 4778 ἰζ
2220 4704 2422 4778 Matth.
2464 4719 2658 4778 xxrnt,
2706 4701 2790 4756 18.
2871 4703 2915 4734 ⁸⁵
2955 4701 3188 4772 Philipp.
3231 4716 3292 4766 ιι,
3332 4700 3385 4756 9.
3429 4701 3473 4732 ⁸⁶
3511 4701 3614 4756 Co-

376 4785 509 4841 loss.
552 4800 633 4848 ιιι,
678 4783 728 4838 1.
790 4774 848 4814 ’⁸⁷
891 4781 1081 4838 Matth.
1125 4784 1328 4846 xxvm‘,
1371 4780 1458 4834 18.
1537 4779 1584 4811 ⁸⁸
1619 4778 1780 4836 Joan.
1823 4799 1878 4848 ιι,
1922 4781 1938 4833 1

2088 4780 2132 4812 ⁸³
2173 4776 2405 4846 Philipp.
2449 4791 2510 4841 ιι,
2551 4774 2603 4827 9.

447 4896 561 4968 (55)
579 4895 822 4968 ARegius,
849 4895 961 4950 Καὶ
974 4895 1093 4968 γὰρ
1299 4893 1546 4968 Seguer.,
1563 4893 1690 4968 _Ka_‘t
1712 4895 1944 4968 γὰρ-παὶ

374 4963 756 5031 Υἱόςίϐαειέιὶ
801 4975 856 5020 et
900 4963 1031 5021 editi
1050 4963 1075 5029 ,“
1113 4966 1222 5017 Καὶ
1269 4968 1375 5032 γὰρ
1423 4963 1514 5016 καὶ
1553 4964 1581 5015 6
1629 4963 1944 5028 Υἱός-,Μοι

385 4980 524 5031 nos.
565 4980 756 5020 tamen
801 4980 856 5020 et
900 4980 1064 5029 eam,
1113 4980 1222 5017 Μιι
1269 4980 1375 5086 γαρ
1423 4980 1514 5016 και
1553 4980 1581 5015 ο
1639 4980 1774 5028 ιιος.
1820 4980 1940 5020 mox

379 5039 558 5114 ἰτρίοις.
589 5037 705 5114 2__et
743 5037 909 5091 editio
934 5035 1286 5114 commel.,_6
1319 5034 1346 5086 δ
1411 5031 1630 5114 egoeg,
1647 5037 1940 5114 r_mendo_se.

451 5107 563 5177 (54)
606 5107 1093 5177 δίοίιηιιιιμεοιὶνιὶ
1146 5105 1381 5177 codices.
1431 5104 1712 5177 aeediti,
1747 5105 1940 5166 ποιῶν,

381 5172 681 5248 perperam.
713 5172 959 5232 Nannius
1015 5172 1143 5230 item
1183 5175 1377 5248 vertit,
1427 5172 1530 5238 Qui
1575 5174 1696 5243 fecit
1743 5187 1945 5246 gentem

380 5245 644 5317 magnam,
674 5249 760 5317 cui
788 5249 1168 5317 appropinquat
1200 5245 1359 5317 l)_eus_.

452 5313 564 5388 (55)
583 5387 587 5388 ί
607 5317 697 5371 Sic
727 5313 959 5388 Regius,
983 5313 1206 5388 Seguer.
1229 5314 1394 5370 Basil.
1423 5323 1476 5370 et
1498 5314 1712 5385 Anglic.
1751 5315 1820 5370 At
1848 5313 1941 5368 alii

380 5396 436 5442 et
466 5387 592 5442 editi
613 5427 628 5450 ,
659 5387 860 5456 οἰκείῳ.

453 5458 566 5528 (56)
608 5453 946 5528 SjegRegius,
970 5453 1391 5528 Seguer.-Bas“.
1421 5462 1475 5528 et
1493 5455 1703 5528 Anglic.
1737 5453 1806 5508 At
1839 5453 1945 5528 Go-

384 5522 517 5598 bler.
547 5522 830 5598 'etAFelck.’
841 5522 1091 5598 primus',
1137 5527 1230 5580 καί
1253 5541 1415 5594 φησιν
1443 5526 1500 5577 ὲν
1523 5522 1942 5598 Δεῦτερονομίῳ.

384 5596 563 5675 Ed‘itio
584 5595 886 5675 Clolnntelf,
911 5597 1135 5675 vitﬁqm
1161 5598 1219 5675 εν
1244 5595 1660 5675 Δευτεηρονομίῳ.

456 5615 563 5650 ιιιιο
584 5615 849 5651 υοηιιιιθι.
869 5639 886 5663 ,
911 5615 1006 5651 ναι
1033 5615 1135 5720 εἵη
1161 5615 1219 5649 εν
1244 5615 1660 5675 Δευτερονομιῳ.
1855 5663 1880 5674 ⁸

456 5667 567 5736 (57)
607 5665 823 5736 Gobler.
855 5676 908 5721 et
945 5667 1070 5720 Felc
1113 5707 1124 5718 .
1165 5667 1227 5728 i,
1276 5665 1451 5734 ὲνδεη.
1491 5664 1611 5719 Mox
1659 5665 1743 5718 διὰ
1793 5681 1947 5718 τουτο

386 5734 596 5794 δὴοειο
627 5734 843 5790 Gobler.
875 5746 927 5791 ct
959 5736 1135 5792 Felck.
1172 5736 1220 5788 1.

2121 4891 2232 4980 (58)
2276 4888 2367 4944 Sic
2410 4886 2610 4959 Regius
2630 4928 2645 4954 ,
2678 4888 2901 4959 Seguer.
2945 4887 3109 4943 Basil.
3141 4885 3196 4939 in
3227 4885 3347 4939 aliis
3373 4893 3426 4938 et
3457 4883 3614 4939 editis

2051 4980 2140 5016 και
2168 4961 2338 5016 deest.

2121 5032 2236 5101 (59),
2273 5029 2364 5085 Sic
2397 5028 2598 5100 Regius
2632 5027 2803 5084 codex
2831 5036 2886 5084 et
2915 5025 3137 5096 Seguer.
3165 5024 3234 5078 At
3260 5023 3350 5078 alii
3380 5032 3435 5078 et
3460 5023 3612 5088 editi,

2048 5100 2366 5242 τὰᾶἓξηέίο
2393 5167 2614 5242 Regius,
2669 5165 2896 5238 Seguer.
2940 5175 2993 5222 et
3019 5165 3184 5221 Basil.
3214 5164 3406 5221 Creteri
3433 5173 3614 5219 autem

2051 5251 2104 5298 et
2133 5239 2285 5304 editi,
2321 5239 2529 5293 ἑαυτόν.

2119 5311 2228 5383 (41)
2271 5303 2363 5383 Sic
2389 5325 2522 5364 mss.
2553 5323 2764 5383 omnes.
2802 5306 2941 5383 Editi
2974 5322 3126 5369 vero,
3153 5305 3372 5383 δίδοται.
3409 5303 3610 5383 Ibidem

2051 5373 2181 5464 Reg.
2211 5373 2268 5464 et
2293 5379 2550 5464 Seguer.,
2583 5378 2677 5430 καὶ
2708 5377 3141 5448 ὲνηνθοώπησεν.
3179 5379 3238 5430 lu
3263 5376 3385 5430 aliis
3412 5384 3463 5428 et
3491 5373 3609 5426 edi-

2051 5455 2121 5507 tis
2154 5452 2246 5504 καί
2275 5452 2446 5505 deest.
2573 5498 2581 5505 .

2122 5523 2232 5591 (42)
2275 5521 2366 5574 Sic
2391 5519 2522 5591 Reg.
2555 5528 2609 5573 et
2631 5517 2860 5591 Seguer.
2879 5517 2949 5571 At
2971 5517 3165 5591 Rasil.,
3191 5517 3311 5591 τότε
3341 5512 3606 5578 ἐξουσίας.

2053 5586 2155 5645 Alii
2183 5586 2237 5662 et
2269 5591 2434 5662 editi,
2449 5586 2574 5662 τ’ότε
2610 5593 2643 5659 ἡ
2679 5586 2777 5662 τῆς
2803 5586 3374 5662 ἐξουσίαςιῐηοηάοεθ.
3398 5653 3436 5662 _
3478 5631 3490 5646 ,

2125 5661 2236 5730 (45)
2277 5659 2368 5714 Sic
2401 5653 2601 5730 Regius
2631 5653 2978 5730 'etu'chuer.
3003 5656 3335 5730 Editiyero,
3369 5653 3606 5722 εἴληφεν·
3661 5715 3668 5722 ε

2053 5734 2152 5785 ὅσα
2179 5729 2284 5800 γὰρ
2311 5733 2339 5783 6
2363 5725 2643 5800 ἄνθρωπος
2670 5725 2878 5797 simae,
2913 5728 3086 5781 πάντα
3111 5727 3140 5780 6
3163 5725 3363 5793 Λόγος,
3400 5732 3502 5778 etc.
