3944 6222
351 435 451 489 47⁷

1443 435 1706 491 omne
1745 435 1811 490 IV
1851 435 2132 491 CONTRA
2169 418 2508 496 Attianos“?

3480 439 3581 496 478

352 547 423 600 ῶν
445 548 472 599 ὁ
507 546 794 619 ἄνθρωπος
824 549 1030 612 λαϐεῖν,
1065 551 1185 604 ὅσον
1208 543 1340 620 ἧκεν
1382 550 1460 612 εἰς
1486 551 1585 622 τὴν
1618 549 1782 604 αὑτοῦ
1817 551 1905 620 φύ-

2027 549 2261 605 Verbum
2288 569 2418 607 caro
2448 552 2645 607 factum
2675 560 2757 608 est
2785 571 2799 606 :
2831 552 2903 607 ita
2931 561 2985 608 et
3019 553 3182 608 homo
3207 568 3328 624 quae
3351 555 3578 624 accepit,

351 654 453 702 σιν,
489 639 640 708 ὅμως
670 639 757 693 διὰ
805 640 898 693 τὸν
935 640 1224 710 γενόμενον
1257 640 1434 712 σάρκα
1461 643 1629 710 Λόγον
1675 641 1913 714 εἴληφεν.

351 729 508 782 Ὅθεν
535 730 630 783 ὲάν
657 749 707 783 τι
733 731 956 801 λέγηται
983 732 1213 786 δίδοσθαι
1239 731 1317 802 τῷ
1346 733 1557 803 Κυρίῳ,
1586 734 1618 803 ἦ
1660 751 1711 786 τι
1742 733 1916 786 τοιοῦ-

346 839 454 885 τον,
492 827 632 875 νοεῖν
656 823 739 876 δεῖ
773 823 846 894 μὴ
883 825 1030 896 αὑτῷ
1058 826 1134 888 ὡς
1180 825 1435 897 χρῄζοντι
1481 825 1712 880 δίδοσθαι
1760 826 1872 897 (44)
1896 864 1911 890 ,

347 913 477 966 ἀλλά
501 913 580 984 τῷ
605 915 874 986 ἀνθρώπῳ
895 916 981 969 διὰ.
1008 916 1102 970 τοῦ
1133 919 1328 986 Λόγου.
1365 917 1474 972 Καὶ
1511 918 1619 990 γὰρ
1651 919 1758 980 πᾶς
1781 935 1914 988 πρε-

349 1001 553 1055 σϐεύων
577 1005 714 1074 ὑπὲρ
731 1005 912 1066 ἄλλου,
929 1005 1091 1070 αὐτὸς
1110 1007 1206 1078 τὴν
1222 1006 1380 1078 χάριν
1402 1007 1688 1078 λαμϐάνει,
1706 1008 1763 1061 οὐ
1789 1007 1914 1079 χρῄ-

345 1095 468 1160 ζων,
511 1096 649 1150 ἀλλά
670 1097 758 1151 διὰ
787 1099 878 1150 τὸν
910 1099 1047 1170 ὑπὲρ
1082 1093 1143 1153 οῦ
1179 1101 1490 1172 πρεσϐεύει.

2019 656 2116 710 per
2144 641 2378 696 Verbum
2408 643 2632 713 accepit.
2662 641 2853 698 Omnia
2876 644 3020 698 enim
3050 659 3169 714 quae
3209 645 3371 699 homo
3421 660 3578 717 accc;

2019 734 2120 803 pit,
2155 732 2390 790 Verbum
2429 737 2702 805 accepisse
2724 736 2965 790 dicitur:
3011 746 3069 790 ut
3115 735 3367 790 videlicet
3395 746 3578 792 osten-

2018 827 2256 891 deretur,
2287 829 2544 897 quoniam
2575 829 2736 882 homo
2764 842 2862 896 pro
2889 843 3000 881 suae
3038 836 3244 881 naturae
3271 827 3579 882 conditione

2019 918 2215 990 dignus
2245 936 2350 974 non
2389 928 2553 983 esset,
2601 921 2692 990 qui
2761 920 2852 973 illa
2882 920 3170 989 acciperet,
3203 935 3296 989 per
3338 918 3578 974 Verbum

2018 1027 2238 1065 carnem
2281 1011 2505 1074 factum,
2542 1027 2605 1065 ea
2658 1012 2807 1064 illum
2860 1012 3151 1079 accepisse.
3209 1010 3476 1077 Quocirca
3530 1009 3576 1062 si

2025 1103 2152 1173 quid
2178 1103 2410 1157 Domino
2439 1105 2622 1158 datum
2646 1118 2784 1168 esse,
2815 1103 2899 1157 vel
2953 1103 3155 1172 aliquid
3198 1101 3574 1172 hujuscemodi

343 1187 559 1251 dicitur,
589 1189 994 1259 intelligendum
1023 1199 1106 1244 est
1134 1207 1242 1245 non
1273 1192 1325 1246 ei
1359 1200 1616 1262 tanquam
1646 1190 1910 1264 indigenti
1944 1191 2119 1248 fuisse
2166 1193 2374 1260 datum,
2432 1193 2526 1248 sed
2562 1193 2768 1247 homini
2812 1207 2907 1261 per
2947 1192 3122 1261 ipsum
3165 1190 3424 1246 Verbum.
3453 1187 3578 1242 Ete-

343 1280 450 1333 nim
485 1279 735 1348 quisquis
761 1295 860 1349 pro
893 1279 998 1334 alio
1026 1280 1328 1348 intercedit,
1369 1282 1599 1352 gratiam
1651 1282 1768 1352 ipse
1812 1280 2030 1352 accipit,
2065 1284 2182 1337 non
2214 1282 2343 1351 quia
2371 1281 2627 1354 indigeat,
2657 1282 2752 1336 sed
2790 1290 3006 1351 propter
3040 1281 3190 1335 illum
3226 1281 3383 1350 cujus
3409 1295 3574 1335 causa

342 1369 647 1424 intercedit.

405 1464 459 1515 7.
499 1463 711 1534 Ὠσπερ
738 1463 846 1534 γάρ
876 1461 974 1526 τὰς
1001 1462 1286 1528 ἀσθενείας
1318 1463 1429 1535 (45)
1459 1466 1492 1535 ἡ
1503 1463 1618 1535 μῶν
1647 1463 1905 1535 λαμϐάνει

2088 1461 2138 1513 7.
2167 1459 2431 1513 Nimirum
2471 1457 2923 1528 quemadmodum
2972 1466 3188 1512 nostras
3229 1458 3569 1512 inﬁrmitates

339 1555 435 1606 οὐκ
464 1551 730 1618 ἀσθενῶν,
764 1554 859 1606 καὶ
902 1555 1061 1624 πεινᾷ
1106 1554 1166 1606 οὐ
1207 1555 1427 1620 πεινῶν,
1471 1555 1608 1610 ἀλλά
1643 1555 1714 1610 τά
1754 1555 1905 1626 ἡμῶν

2018 1553 2133 1623 ipse
2161 1565 2270 1605 non
2307 1550 2556 1605 inﬁrmus
2579 1550 2838 1619 suscepit,
2871 1558 2924 1604 et
2943 1549 3167 1604 esurivit
3191 1551 3438 1617 quamvis
3465 1565 3570 1602 non

340 1644 654 1714 ἀναπέμπει
687 1645 767 1707 εἰς
795 1645 858 1697 τὸ
890 1642 1307 1716 ἐξαλειφθῆναι·
1344 1645 1486 1699 οῦτω
1522 1646 1621 1710 τὰς
1654 1647 1774 1700 ἀντὶ
1801 1645 1905 1699 τῶν

2015 1641 2284 1706 esuriens,
2313 1647 2374 1693 ut
2402 1647 2589 1694 nostra
2636 1638 2783 1692 Patri
2814 1638 3044 1693 oll‘erens
3073 1639 3272 1693 deleret
3301 1657 3314 1692 ι
3351 1637 3423 1692 ita
3479 1655 3574 1701 pro

339 1735 631 1788 ἀσθενειῶν
662 1735 774 1807 (46)
803 1735 956 1807 παρά
975 1734 1110 1788 Θεοῦ
1139 1736 1350 1808 δωρεὰς
1384 1737 1547 1790 πάλιν
1579 1737 1742 1800 αὐτὸς
1767 1736 1912 1807 δέχε-

339 1844 442 1891 ται,
467 1828 558 1880 ἵνα
586 1828 876 1897 συναφθεὶς
905 1828 1188 1900 ἄνθρωπος
1217 1829 1542 1900 μεταλαϐεῖν
1568 1829 1789 1899 δυνηθῇ.
1816 1827 1910 1881 Λέ-

337 1934 420 1985 γει
455 1916 588 1984 γοῦν
625 1919 654 1970 ὁ
704 1917 938 1988 Κύριος*
988 1918 1194 1972 Πάντα
1234 1918 1352 1972 ὅσα
1376 1917 1638 1984 δέδωκάς
1657 1936 1780 1987 μοι,
1817 1917 1909 1969 δέ·

338 2004 495 2058 δωκα
548 2006 785 2071 αὐτοῖς’
840 2007 931 2059 καὶ
991 2007 1151 2060 πάλιν
1177 2049 1190 2070 ,
1237 2007 1406 2075 ’Υπὲρ
1449 2005 1648 2060 αὐτῶν
1695 2005 1902 2074 ἐρωτῶ.

349 2098 567 2168 Ἠρὼτα
598 2099 706 2169 γὰρ
736 2098 875 2169 ὑπὲρ
909 2097 1064 2168 ήμῶν
1095 2099 1161 2152 τά
1188 2099 1344 2170 ἡμῶν
1379 2099 1786 2168 ἀναδεχόμενος,
1814 2099 1908 2152 καὶ

337 2188 504 2241 ἐδίδου
540 2188 576 2242 ἃ
607 2188 930 2258 ἐλάμϐανεν.
975 2189 1191 2260 Ἐπειδὴ
1234 2185 1326 2243 οῦν
1350 2231 1365 2256 ,
1413 2189 1773 2258 συναφθέντος
1801 2189 1906 2260 [τοῦ

336 2280 507 2346 Λόγου
542 2279 622 2349 τῷ
655 2279 945 2351 ἀνθρώπῳ,
993 2283 1072 2344 είς
1102 2281 1194 2334 τὸν
1220 2281 1390 2349 Λόγον
1431 2281 1748 2335 ἀποϐλέπων
1781 2284 1910 2352 ὲχα-

339 2372 514 2442 ρίζετο
543 2372 572 2421 ὁ
605 2370 790 2443 Πατὴρ
819 2371 896 2441 τῷ
922 2370 1194 2441 ἀνθρώπῳ
1221 2371 1281 2423 τὸ
1321 2371 1622 2442 ὑψωθῆναι,
1663 2371 1724 2423 τὸ
1763 2370 1910 2442 ἔχειν

338 2461 515 2512 πᾶσαν
567 2458 835 2525 ἐξουσίαν,
882 2459 976 2512 καὶ
1007 2461 1107 2511 ὅσα
1150 2458 1408 2511 τοιαῦτα·
1438 2458 1527 2510 διὰ
1560 2457 1718 2511 τοῦτο
1758 2458 1906 2528 αὐτῷ

335 2550 408 2620 τῷ
435 2552 596 2620 Λόγῳ
633 2550 810 2603 πάντα
843 2551 1194 2622 ἀναφέρεται,
1226 2551 1315 2604 καὶ
1347 2551 1423 2613 ὼς
1461 2550 1612 2620 αὐτῷ
1653 2551 1907 2620 διδόμενά

336 2643 502 2707 ἐστιν,
553 2642 589 2696 ἃ
625 2643 690 2695 δι’
724 2642 889 2696 αὐτοῦ
939 2645 1098 2712 ἡμεῖς
1145 2643 1512 2713 λαμϐάνομεν.
1557 2644 1645 2705 Ὠς
1683 2642 1790 2713 γάρ
1839 2642 1904 2695 δι’

335 2737 481 2805 ἡμᾶς
534 2734 955 2806 ὲνηνθρώπησεν
998 2735 1160 2797 αὐτὸς
1184 2776 1199 2798 ,
1235 2734 1407 2798 οὕτως
1450 2736 1609 2805 ἡμεῖς
1645 2733 1712 2787 δι’
1744 2733 1908 2786 αὑτὸν

335 2826 638 2897 ὑψούμεθα.
686 2827 850 2879 Οὐδὲν
891 2821 982 2879 οὖν
1016 2826 1244 2889 ἄτοπον,
1287 2829 1372 2891 εἰ,
1413 2825 1602 2897 ὧσπερ
1646 2825 1713 2878 δι’
1758 2826 1906 2896 ἡμᾶς

334 2917 696 2970 ἐταπείνωσεν
725 2918 936 2983 ἑαυτὸν,
972 2919 1065 2970 καὶ
1087 2919 1152 2971 δι’
1172 2920 1321 2988 ἡμᾶς
1346 2917 1457 2989 (47)
1491 2917 1707 2986 λέγεται
1741 2918 1906 2985 ὑπερ-

333 3009 599 3078 υψῶσθαι.
643 3010 995 3078 Ἐχαρίσατο
1036 3004 1126 3063 οῦν
1161 3009 1342 3073 αὐτῷ,
1373 3009 1492 3063 ἀντὶ
1533 3006 1650 3069 τοῦ,
1681 3010 1812 3079 ἡμῖν
1832 3008 1899 3060 δι’

332 3100 516 3164 αὐτὸν,
568 3099 664 3151 καὶ
691 3101 1115 3167 ὑπερύψωσεν,
1156 3100 1291 3190 ἀντὶ,
1318 3098 1434 3162 τοῦ,
1465 3100 1612 3169 ἡμᾶς
1641 3102 1698 3152 έν
1731 3097 1900 3169 αὐτῷ.
1931 3128 1977 3190 c

332 3193 440 3245 Καὶ
478 3191 646 3253 αὐτὸς
687 3191 746 3244 δὲ
773 3193 802 3244 ὁ
829 3191 1017 3259 Λόγος,
1049 3190 1203 3261 ἡμῶν
1236 3189 1574 3260 ὑψουμένων,
1623 3192 1716 3245 καὶ
1766 3190 1907 3262 λαμο

332 3282 622 3346 δανόντων,
666 3282 758 3335 καὶ
799 3281 1175 3352 βοηθουμένων
1201 3321 1214 3345 ,
1245 3281 1320 3346 ὼς
1355 3281 1532 3346 ,αὐτὸς
1579 3281 1903 3353 ὑψούμενος,

332 3372 423 3424 καὶ
460 3370 778 3440 λαμϐάνων,
813 3373 906 3424 καὶ
924 3370 1304 3441 βοηθούμενος,
1343 3371 1656 3444 εὐχαριστεῖ
1685 3373 1760 3444 τῷ
1792 3376 1907 3434 Πα-

330 3463 439 3533 cpi,
479 3462 555 3515 τὰ
599 3463 843 3533 ἡμέτερα
887 3465 966 3526 εἰς
1013 3464 1204 3517 ἑαυτὸν
1242 3465 1528 3536 ἀναφέρων
1570 3466 1664 3518 καὶ
1706 3465 1903 3534 λέγων·

329 3550 536 3604 Πάντα
569 3551 687 3605 ὅσα
713 3551 975 3617 δέδωκάς
998 3570 1118 3620 μοι,
1148 3552 1375 3607 δέδωκα
1408 3553 1632 3620 αὐτοῖς.

398 3644 452 3698 8.
496 3644 562 3696 Oi
612 3644 742 3714 περὶ
784 3644 1041 3697 Εὐσέϐιον
1072 3647 1120 3697 οἱ
1153 3644 1261 3715 (48)
1319 3645 1754 3716 ’Λρειομανῖται,
1804 3648 1907 3718 ἀρ-

331 3735 428 3806 χὴν
459 3735 558 3787 τοῦ
599 3729 739 3787 εἶναι
780 3735 858 3806 τῷ
891 3735 1006 3804 Υίῷ
1043 3735 1311 3800 διδόντες,
1358 3737 1780 3806 προσποιοῦνται
1828 3737 1904 3808 μὴ

333 3825 626 3896 βούλεσθαι
655 3826 825 3896 ἀρχὴν
849 3827 1009 3879 αὑτὸν
1042 3825 1183 3897 ἔχειν
1216 3827 1510 3897 βασιλείας.
1548 3828 1702 3881 Ἐστι
1730 3829 1786 3881 δὲ
1813 3846 1908 3897 γε-

332 3917 494 3974 λοῖον.
539 3919 598 3970 ’0
633 3917 740 3988 γὰρ
784 3917 959 3990 ἀρχὴν
1000 3917 1093 3970 τοῦ
1124 3915 1261 3971 εἶναι
1292 3918 1464 3981 διδοὺς
1493 3918 1570 3988 τῷ
1602 3919 1734 3990 Υἰῷ,
1768 3921 1903 3990 πρό-

329 4011 506 4081 δηλον,
551 4011 633 4063 ὅτι
677 4009 889 4062 καὶτοῦ
933 4009 1231 4078 βασιλεύειν
1263 4007 1436 4082 ἀρχὴν
1472 4011 1684 4065 δίδωσιν
1727 4011 1898 4082 αὐτῷ·

330 4101 468 4156 ὥστε
503 4100 897 4173 ὁμολογοῦντες
941 4102 968 4154 ὃ
1008 4101 1321 4172 ἀρνοῦνται,
1357 4101 1747 4169 τυφλώττουσι.
1792 4103 1904 4156 Καὶ

330 4194 487 4247 πάλιν
516 4194 568 4246 οἱ
598 4193 848 4260 λέγοντες
887 4193 1044 4262 μόνον
1089 4192 1258 4262 ὄνομα
1287 4189 1424 4246 εἶναι
1468 4192 1622 4256 Υίοῦ,
1657 4193 1904 4247 ἀνούσιον

328 4287 382 4339 δὲ
402 4287 497 4341 καὶ
529 4286 898 4339 ἀνυπόστατον
928 4282 1066 4338 εἶναι
1086 4286 1177 4337 τὸν
1208 4285 1336 4338 Υἱὺν
1357 4283 1450 4337 τοῦ
1476 4285 1632 4348 Θεοῦ,
1659 4285 1902 4339 τουτέστι

329 4375 419 4426 τὸν
463 4376 641 4442 Λόγον
680 4373 774 4426 τοῦ
829 4373 1042 4445 Πατρὸς
1071 4413 1085 4435 ,
1118 4372 1539 4445 προσποιοῦνται
1589 4373 1700 4444 (49)
1729 4375 1902 4443 ἀγαν-

2017 1731 2442 1796 inﬁrmitatibus,
2476 1729 2618 1784 dona
2669 1744 2700 1783 a
2747 1729 2856 1783 Deo
2895 1730 3010 1799 ipse
3057 1728 3272 1798 accipit,
3302 1738 3362 1781 ut
3411 1729 3572 1781 homo

2015 1825 2119 1896 ipsi
2151 1824 2474 1895 coniunctus
2504 1823 2700 1877 horum
2731 1823 3001 1891 particeps
3035 1836 3155 1876 esse
3203 1830 3384 1891 queat.
3435 1818 3574 1873 Hine

2017 1918 2133 1986 ipse
2158 1917 2233 1970 ait
2257 1934 2271 1970 :
2298 1915 2490 1970 Omnia
2508 1929 2827 1985 quwcunque
2850 1913 3044 1969 dedisti
3073 1913 3222 1978 mihi,
3247 1913 3367 1966 dedi
3396 1913 3471 1966 eis
3486 1912 3570 1964 ⁵⁶ε

2014 2016 2067 2063 et
2095 2008 2310 2072 iterum,
2344 2005 2452 2059 Pro
2477 2006 2552 2060 eis
2598 2021 2723 2075 rogo
2752 2004 2820 2059 ⁸¹.
2872 2002 2979 2057 Pro
3004 2003 3162 2058 nobis
3194 2018 3386 2072 nempe
3415 2017 3572 2072 roga-

2014 2098 2126 2159 bat,
2161 2097 2247 2151 his
2273 2112 2394 2165 qua:
2426 2103 2609 2149 nostra
2641 2103 2772 2149 sunt
2821 2094 3109 2163 susceptis,
3145 2101 3199 2146 et
3234 2093 3397 2146 dabat
3450 2107 3575 2161 quas

2013 2189 2129 2259 ipse
2149 2188 2462 2256 accipiebat.
2476 2187 2742 2252 Quoniam
2765 2186 2929 2256 igitur
2944 2183 3124 2240 Verbo
3141 2183 3430 2253 coniuncto
3447 2199 3572 2238 cum

2013 2281 2251 2342 homine,
2278 2277 2438 2333 Pater
2467 2287 2687 2349 propter
2707 2276 3144 2348 ipsum'Verbum
3179 2274 3386 2330 homini
3410 2273 3572 2328 dabat

2013 2381 2073 2428 ut
2109 2373 2458 2438 exaltaretur,
2496 2387 2820 2442 omnemque
2862 2379 3184 2442 potestatem
3221 2371 3460 2436 haberet,
3519 2376 3572 2423 et

2013 2463 2118 2518 alia
2159 2463 2473 2534 huiusmodi
2515 2482 2528 2518 :
2569 2463 2772 2519 idcirco
2817 2464 3002 2519 omnia
3063 2463 3412 2518 ascribuntur
3466 2459 3572 2531 ipsi

2021 2554 2211 2619 Verbo,
2255 2557 2342 2610 cui
2376 2562 2430 2610 et
2473 2555 2637 2610 veluti
2691 2555 2892 2609 dantur
2938 2568 3278 2625 quaecunque
3318 2568 3420 2607 nos
3478 2567 3573 2621 per

2012 2645 2190 2717 ipsum
2215 2645 2530 2715 accipimus.
2555 2644 2782 2701 Utenim
2815 2655 3035 2715 propter
3067 2659 3167 2700 nos
3197 2644 3362 2699 homo
3395 2642 3572 2696 factus

2012 2747 2100 2794 est
2129 2755 2142 2791 :
2172 2737 2246 2791 ita
2281 2752 2383 2792 nos
2414 2749 2636 2808 propter
2682 2753 2808 2792 eum
2855 2737 3177 2792 exaltamur.
3218 2733 3362 2788 Nihil
3408 2734 3574 2803 igitur

2011 2827 2231 2883 absurdi
2255 2837 2339 2883 est
2365 2827 2432 2887 si.
2466 2828 2921 2899 quemadmodum
2959 2828 3197 2896 seipsum
3229 2834 3450 2895 propter
3471 2837 3571 2877 nos

2013 2920 2339 2985 humiliavit,
2377 2920 2450 2974 ita
2479 2931 2534 2974 et
2559 2928 2778 2990 propter
2799 2935 2898 2975 nos
2927 2917 3154 2974 exaltari
3203 2918 3433 2972 dicatur.
3464 2914 3573 2968 lta‘

2011 3025 2118 3080 que
2149 3010 2364 3064 donavit
2417 3010 2521 3075 illi,
2554 3009 2608 3064 id
2657 3018 2759 3073 est,
2792 3009 2952 3064 nobis
3004 3016 3225 3078 propter
3267 3007 3445 3076 ipsum
3473 3044 3489 3071 ,
3518 3012 3573 3059 et

2011 3103 2284 3167 exaltabit,
2320 3102 2372 3157 id
2395 3112 2498 3170 est,
2535 3116 2635 3156 nos
2683 3103 2738 3156 in
2778 3101 2914 3170 ipso.
2949 3099 3184 3156 Verbum
3215 3113 3400 3170 porro,
3446 3111 3570 3152 cum

2009 3211 2109 3251 nos
2152 3196 2478 3260 exaltamur,
2532 3193 2852 3263 accipimus,
2894 3200 2948 3246 et
2990 3192 3314 3262 adiuvamur
3345 3231 3361 3257 ,
3411 3186 3572 3258 quasi

2007 3289 2185 3359 ipsum
2213 3289 2561 3354 exaltaretur,
2595 3286 2863 3356 acciperet
2891 3293 2946 3340 et
2967 3285 3334 3354 adjuvaretur,
3367 3281 3570 3353 gratias

2007 3381 2118 3450 agit
2147 3379 2308 3445 Patri,
2348 3387 2641 3450 nostraque
2671 3380 2724 3434 in
2761 3379 2999 3449 seipsum
3035 3377 3316 3440 transfert,
3349 3384 3403 3430 et
3442 3374 3518 3428 ait
3551 3388 3568 3426 :

2012 3472 2204 3527 Omnia
2228 3488 2546 3542 quaecunque
2569 3471 2763 3526 dedisti
2794 3471 2943 3538 mihi,
2987 3470 3108 3524 dedi
3134 3470 3207 3523 eis
3234 3469 3302 3522 ⁵³.

2078 3647 2130 3701 8.
2150 3647 2359 3710 Ariani,
2392 3647 2610 3703 Eusebii
2637 3648 2899 3719 gregales,
2923 3663 3045 3702 cum
3080 3647 3220 3702 Filio
3243 3646 3568 3716 principium

2006 3739 2305 3794 exsistendi
2331 3740 2599 3805 tribuunt,
2631 3740 2889 3795 simulant
2931 3754 2989 3794 se
3046 3739 3189 3793 nolle
3243 3753 3365 3791 eum
3416 3736 3568 3805 regni

2007 3829 2332 3898 principium
2358 3830 2579 3886 habere.
2602 3831 2764 3900 Atqui
2785 3831 2928 3885 istud
2958 3828 3123 3901 494
3143 3829 3429 3884 ridiculum
3454 3829 3570 3882 fue-

2005 3921 2093 3974 rit.
2122 3918 2398 3990 Siquidem
2442 3922 2535 3992 qui
2571 3921 2710 3975 Filio
2754 3921 2846 3975 dat
2876 3919 3166 3975 exsistendi
3201 3918 3523 3988 principium
3551 3958 3566 3981 ,

2005 4009 2292 4065 manifeste
2324 4010 2651 4080 principium
2685 4025 2903 4080 quoque
2931 4008 3192 4079 regnandi
3223 4008 3299 4062 illi
3340 4007 3432 4060 dat
3459 4025 3473 4073 ;
3503 4021 3568 4060 ac

2005 4102 2230 4172 proinde
2255 4101 2474 4158 fatendo
2501 4103 2646 4171 quod
2673 4109 2894 4171 negant,
2948 4116 3007 4156 se
3053 4114 3226 4156 caecos
3278 4099 3381 4168 ipsi
3445 4113 3567 4153 esse

2006 4195 2261 4264 produnt.
2293 4194 2397 4260 Qui
2431 4195 2559 4248 item
2585 4195 2742 4248 aiunt
2773 4207 2986 4247 merum
3013 4206 3213 4246 nomen
3274 4189 3397 4244 Filii
3424 4204 3566 4255 esse,

2005 4286 2200 4340 Filium
2235 4295 2414 4341 autem
2443 4285 2560 4351 Dei,
2592 4285 2644 4340 id
2674 4293 2778 4350 est,
2827 4282 3065 4338 Verbum
3099 4281 3298 4347 Patris,
3335 4279 3569 4336 essentia

2006 4387 2062 4433 et
2094 4378 2398 4434 substantia
2430 4393 2663 4433 vacuum
2695 4391 2836 4440 esse,
2861 4377 3070 4446 ﬁngunt
3111 4389 3170 4430 se
3196 4374 3458 4429 adversus
3506 4373 3573 4426 il-

329 4468 519 4520 ακτεῖν
569 4464 707 4518 κατὰ
745 4464 851 4518 τῶν
899 4463 1183 4532 λεγόντων,
1217 4460 1324 4517 Ἦν
1357 4481 1507 4529 ποτε,
1552 4465 1640 4518 ὅτε
1679 4467 1780 4518 οὐκ
1809 4461 1898 4536 ἦν.

2015 4471 2091 4524 los
2125 4468 2396 4539 indignari
2430 4469 2524 4538 qui
2570 4468 2788 4532 dicunt,
2818 4465 3257 4535 Fuitaliquando
3288 4479 3411 4519 cum
3461 4478 3572 4518 non

332 4559 491 4611 Ἔστι
521 4555 579 4609 δὲ
608 4556 700 4608 καὶ
744 4553 902 4608 τοῦτο
951 4555 1178 4623 γελοῖον.
1234 4557 1296 4608 Οἱ
1334 4556 1442 4627 γὰρ
1487 4555 1622 4619 ὅλως
1660 4556 1719 4609 τὸ
1763 4554 1903 4612 εἶναι

326 4649 480 4720 αὐτῷ
517 4646 593 4720 μὴ
620 4647 870 4712 διδόντες,
898 4646 1265 4715 ἀγανακτοῦσι
1303 4647 1444 4701 κατά
1469 4647 1576 4701 τῶν
1603 4648 1705 4701 κάν
1728 4649 1903 4720 χρόνῳ

325 4744 601 4798 διδόντων.
641 4741 752 4795 Καὶ
778 4735 922 4794 οὗτοι
944 4734 1035 4793 οῦν
1057 4740 1194 4811 ὅπερ
1216 4739 1524 4812 ἀρνοῦνται,
1555 4741 1645 4795 διὰ
1665 4741 1756 4794 τοῦ
1780 4743 1901 4795 ἐπι-

327 4837 497 4906 τιμᾷν
527 4835 640 4896 τοῖς
670 4833 869 4898 ἄλλοις,
898 4831 1236 4903 ὁμολογοῦσι.
1277 4833 1446 4887 Πάλιν
1471 4850 1531 4886 τε
1562 4835 1611 4887 οἱ
1641 4833 1767 4905 περὶ
1799 4835 1904 4886 Εὑ-

331 4925 534 4989 σέϐιον,
584 4923 710 4975 Υἱδν
753 4921 1162 4993 ὁμολογοῦντες,
1228 4921 1514 4991 ἀρνοῦνται
1565 4923 1724 4976 αὑτὸν
1768 4919 1902 4977 εἶναι

329 5019 492 5086 φύσει
529 5015 720 5083 Λόγον,
752 5016 846 5068 καὶ
881 5012 1001 5068 κατ’
1032 5014 1274 5068 ἐπίνοιαν
1304 5015 1475 5082 Λόγον
1514 5014 1768 5083 λέγεσθαι
1811 5016 1903 5068 τὸν

326 5109 461 5163 Υίδν
502 5108 814 5178 βούλονται·
863 5108 913 5160 οἱ
953 5107 1009 5160 δὲ
1043 5106 1240 5178 ἕτεροι,
1279 5106 1450 5174 Λόγον
1496 5107 1900 5178 ὁμολογοῦντες,

400 5295 450 5327 ⁸⁸
490 5294 645 5349 Joan.
689 5309 821 5359 xvn,
862 5294 911 5347 7.
987 5295 1030 5325 ⁸¹
1072 5295 1205 5350 ibid.
1247 5294 1298 5347 9.
1378 5294 1421 5325 ⁸⁸
1464 5292 1595 5347 ibid.
1639 5291 1688 5344 7.

406 5451 522 5522 (Η)
548 5450 655 5522 Sic
686 5449 918 5520 Regius,
967 5449 1189 5519 Seguer.
1233 5456 1286 5501 et
1318 5446 1481 5501 editio
1517 5443 1782 5499 Commel.
1837 5445 1907 5498 At

328 5521 447 5581 alii.
480 5521 744 5574 δεδόσθαι.

400 5591 519 5725 (45)
559 5591 912 5661 Anglicanus.
945 5589 1039 5660 τὴν
1071 5587 1372 5642 ἀσθένειαν.

401 5661 499 5725 (MS
550 5659 641 5714 Sic
674 5659 808 5725 Reg.
838 5669 890 5713 et
913 5658 1133 5725 Seguer.
1165 5656 1235 5709 At
1261 5657 1350 5710 alii

401 5652 518 5728 (46)
550 5652 808 5729 εὶονιῖθε.
838 5669 890 5713 et
913 5652 1133 5727 Seguer.
1165 5656 1235 5729 A_t
1261 5657 1350 5710 alii
1379 5666 1433 5729 et
1462 5655 1614 5722 editi,
1640 5652 1902 5729 ἀσθενῶν.

401 5726 520 5801 (47)
560 5730 614 5784 In
649 5726 782 5801 Reg'3
828 5738 905 5801 et__
921 5726 1157 5801 Seguer._
1174 5727 1368 5801 desunt
1396 5727 1509 5781 hmo
1547 5727 1705 5790 verba
1727 5767 1740 5790 ,
1777 5726 1901 5778 ἐτα-

336 5797 598 5857 πείνωσεν
633 5797 827 5852 ἑαυτὴν
852 5797 992 5853 οὕτω
1020 5799 1108 5852 καὶ
1139 5797 1203 5849 δι’
1237 5798 1400 5866 ἡμᾶς.

2009 4569 2173 4616 esset.
2207 4560 2368 4630 Atqui
2398 4560 2450 4614 id
2483 4559 2645 4615 etiam
2677 4559 2965 4613 ridiculum
2996 4566 3096 4612 est.
3127 4555 3262 4610 Nam
3293 4556 3388 4625 qui
3419 4555 3572 4609 illum

2010 4669 2080 4708 ne
2100 4667 2221 4708 esse
2250 4652 2468 4722 quidem
2499 4651 2712 4716 volunt,
2764 4651 2872 4705 illis
2909 4656 3256 4715 succensent,
3307 4647 3402 4717 qui
3445 4661 3569 4700 eum

2008 4745 2195 4800 saltem
2231 4745 2285 4800 in
2309 4757 2548 4815 tempore
2586 4758 2708 4804 esse
2748 4743 3072 4798 concedunt.
3098 4743 3282 4810 Itaque
3313 4739 3367 4792 lii
3409 4738 3570 4792 etiam

2009 4836 2333 4890 confitentur
2364 4835 2507 4904 quod
2537 4842 2753 4903 negant,
2794 4848 2917 4887 cum
2967 4832 3100 4887 alios
3152 4828 3566 4900 reprehendunt.

2009 4923 2297 4990 Prazterea,
2316 4922 2608 4978 Eusebiani
2639 4923 2729 4993 qui
2751 4921 2948 4976 Filium
2967 4921 3310 4980 conﬁtentur,
3329 4931 3449 4970 eum
3475 4931 3570 4968 na-

2012 5026 2134 5072 tura
2155 5016 2390 5071 Verbum
2426 5030 2548 5072 esse
2571 5023 2788 5085 negant,
2816 5015 3040 5084 solaque
3067 5009 3389 5080 cogitatione
3406 5004 3568 5059 Verbi

2011 5126 2209 5165 nomen
2238 5109 2379 5165 Filio
2410 5109 2598 5163 volunt
2629 5109 2888 5164 concedi:
2924 5108 3017 5161 alii
3041 5121 3169 5160 vero
3221 5102 3312 5172 qui
3329 5099 3567 5155 Verbum

2079 5443 2189 5515 (48)
2225 5441 2324 5515 Sic
2368 5442 2496 5515 Reg.
2537 5451 2590 5515 et
2639 5441 2862 5515 Seguer.
2913 5439 2981 5515 Λι
3006 5441 3059 5515 in
3092 5437 3212 5515 aliis
3243 5447 3298 5515 et
3329 5439 3486 5515 editis
3512 5439 3563 5515 o_i

2004 5507 2180 5595 deest.
2392 5507 2532 5595 Reg:
2554 5507 2775 5595 seguer.
2810 5509 3206 5595 liasil.nAnglie.
3226 5549 3240 5572 ,
3267 5508 3442 5595 ἀρχὴν
3469 5507 3564 5562 τοῦ

2003 5581 2159 5637 εἶναι.
2191 5583 2292 5636 Alii
2323 5593 2376 5636 et
2405 5575 2556 5644 editi,
2583 5575 2756 5650 ἀρχὴν
2785 5575 2943 5632 εἶναι.
2977 5575 3141 5634 Pauio
3164 5587 3285 5633 post
3311 5575 3562 5646 Seguer.,

2005 5651 2458 5776 μὴιῗςῖῖλὲἰῗῗῗὲἑ
2489 5651 2817 5774 ἀὲικὲἒῑγιῗὶξξ

2074 5718 2185 5792 (49)
2228 5721 2317 5774 Sic
2347 5719 2476 5790 Reg.
2514 5718 2912 5788 et'Seguerian.
2944 5718 3009 5774 At
3041 5719 3129 5775 alii
3164 5726 3217 5774 et
3249 5718 3402 5782 editi,
3429 5731 3565 5789 προ-

2127 5791 2151 5803 Ο

2004 5807 2296 5846 ποιοῦνται.
