3944 6222
361 361 469 419 479

933 363 993 419 S.
1034 361 1407 421 ATHANASII
1443 363 1592 420 OPP.
1634 363 1816 418 PARS
1853 361 1896 416 l.
1936 391 2007 404 —-
2043 357 2412 414 lllSTORlCA
2448 355 2540 413 ΕΤ
2580 354 2994 412 DOGMATICA.

3503 357 3614 411 ἔδυ

362 481 711 548 conﬁtentur,
741 490 943 553 negant
971 483 1148 553 ipsum
1181 500 1303 542 esse
1330 486 1552 552 Filium,
1579 487 1803 556 solaque
1827 501 1922 540 co-

2050 481 2315 552 ιρνοῦνται
2345 479 2504 534 αὑτὸν
2535 475 2670 532 εἶναι
2706 479 2854 544 Υἱὸν,
2904 478 2999 531 καὶ
3032 479 3152 531 κατ’
3187 477 3433 531 ἐπίνοιαν
3477 478 3611 532 Υἱὸν

363 572 628 643 gitatione
657 587 854 628 nomen
888 573 1013 629 Filii
1047 574 1229 632 Verbo
1286 579 1451 632 tribui
1501 578 1691 634 volunt
1720 597 1734 634 :
1792 595 1935 635 vano

366 663 588 734 utrique
619 675 843 721 conatu.

436 757 490 812 9.
518 753 631 827 Ego
654 768 704 812 et
737 757 899 813 Pater
922 776 1084 813 unum
1113 778 1292 816 sumus
1314 761 1482 817 ".Vel
1509 762 1618 818 duo
1639 779 1735 820 vos
1765 780 1936 820 unum

363 855 490 904 esse
508 849 711 914 dicitis,
734 851 819 905 vel
841 868 1010 907 unum
1049 852 1251 924 duplici
1279 855 1499 910 nomine
1515 866 1769 910 ornatum
1794 872 1936 924 esse,

364 942 452 995 vel
481 957 648 996 unum
687 942 744 997 in
772 943 881 999 duo
903 960 1024 1001 esse
1051 945 1308 1003 divisum.
1348 945 1404 1001 Si
1442 963 1610 1002 unum
1641 948 1697 1002 in
1720 948 1829 1002 duo
1856 949 1941 1004 di-

366 1030 542 1086 visum
569 1040 672 1098 est,
695 1048 918 1090 necesse
942 1043 1024 1090 est
1051 1051 1249 1105 corpus
1275 1051 1398 1092 esse
1439 1035 1493 1090 id
1529 1038 1676 1107 quod
1702 1037 1938 1092 divisum

365 1130 474 1189 est,
497 1130 863 1194 neutrumque
877 1141 998 1182 esse
1011 1125 1334 1198 perfectum,
1356 1127 1556 1198 quippe
1577 1145 1700 1184 cum
1725 1138 1940 1185 utrum-

364 1227 474 1280 que
495 1227 623 1281 pars
646 1214 737 1280 sit,
766 1230 875 1270 non
898 1231 1026 1272 vero
1061 1226 1260 1272 totum.
1297 1218 1403 1274 Sed
1447 1221 1494 1276 si
1533 1236 1702 1275 unum
1727 1231 1811 1277 est
1839 1222 1941 1276 du-

366 1303 494 1372 plici
535 1316 790 1361 ornatum
822 1309 1045 1364 nomine
1072 1329 1085 1364 :
1116 1309 1234 1367 haec
1265 1310 1488 1367 Sabellii
1519 1315 1788 1369 sententia
1834 1322 1938 1380 est,

366 1398 464 1464 qui
499 1397 713 1454 Patrem
745 1408 798 1454 et
821 1400 1016 1455 Filium
1039 1403 1289 1459 eumdem
1317 1419 1438 1460 esse
1461 1406 1708 1473 docet,et
1727 1415 1941 1462 utrum-

366 1504 478 1558 que
499 1489 656 1553 tollit,
679 1490 896 1547 Patrem
943 1493 1184 1564 quidem,
1235 1511 1360 1550 cum
1386 1495 1560 1551 Filius
1585 1504 1670 1551 est
1695 1515 1711 1564 ;
1744 1497 1940 1552 Filium

369 1594 523 1648 vero,
551 1596 675 1636 eum
715 1590 800 1638 est
845 1582 1024 1639 Pater.
1055 1584 1209 1652 Quod
1241 1588 1288 1642 si
1340 1587 1454 1642 duo
1481 1603 1650 1644 unum
1682 1590 1814 1654 sint,
1849 1605 1945 1645 ne-

368 1686 526 1726 cesse
551 1681 634 1728 est
664 1671 787 1728 illos
816 1674 956 1731 duos
981 1677 1202 1746 quidem
1227 1694 1370 1745 esse,
1398 1695 1569 1734 unum
1593 1695 1725 1736 vero
1749 1696 1945 1736 secun-

371 1762 500 1815 dum
528 1762 888 1829 divinitatem,
939 1775 993 1821 et
1017 1777 1287 1837 quatenus
1317 1769 1488 1826 Filius
1521 1770 1669 1826 Patri
1692 1780 1778 1827 est
1808 1787 1942 1826 con-

373 1851 772 1920 substantialis,
794 1864 848 1910 et
879 1872 943 1912 ex
986 1858 1103 1928 ipso
1136 1858 1294 1915 Patre
1326 1859 1565 1916 Verbum
1595 1871 1678 1918 est
1710 1883 1722 1916 :
1768 1863 1847 1918 ita
1878 1871 1938 1916 ut
1972 1842 2014 1896 Β

371 1944 482 1996 dno
514 1943 731 2012 quidem
757 1947 884 2014 sint,
915 1949 1044 2018 quia
1071 1949 1230 2005 Pater
1263 1959 1348 2006 est
1369 1959 1423 2007 et
1453 1953 1646 2018 Filius,
1675 1954 1817 2023 quod
1853 1961 1939 2010 est

374 2034 650 2100 Verbum;
679 2052 846 2093 unum
870 2049 1071 2106 autem,
1101 2042 1228 2111 quia
1267 2041 1411 2099 Deus
1467 2061 1612 2100 unus
1648 2054 1756 2101 est.
1801 2044 1936 2098 Nam

372 2129 479 2183 nisi
512 2129 585 2183 ita
617 2129 708 2195 sit,
736 2131 1027 2186 dicendum
1075 2143 1222 2190 certe
1244 2137 1323 2191 illi
1350 2145 1467 2191 erat
1495 2157 1506 2192 :
1543 2137 1657 2209 Ego
1679 2153 1798 2192 sum
1834 2137 1938 2191 Pa-

373 2228 476 2284 ter,
509 2221 592 2274 vel
622 2219 736 2290 Ego
763 2231 816 2277 et
835 2222 991 2279 Pater
1014 2241 1156 2280 sum.
1181 2226 1336 2284 Nunc
1351 2244 1477 2285 vero
1501 2230 1604 2285 ista
1629 2246 1783 2294 voce,
1807 2229 1939 2300 Ego,

374 2309 571 2364 Filium
604 2313 876 2382 signiﬁcat
901 2334 916 2379 ;
948 2318 1246 2386 genitorem
1271 2329 1475 2386 autem,
1509 2337 1634 2377 cum
1663 2322 1865 2385 subdit,
1892 2332 1941 2377 et

375 2402 539 2456 Pater
561 2419 580 2458 :
610 2404 846 2475 denique
881 2407 1140 2477 dictione,
1184 2429 1370 2479 unum,
1402 2429 1568 2468 unam
1600 2414 1940 2468 divinitatem

372 2510 639 2565 suamque
673 2497 920 2568 designat
952 2503 1596 2560 consubstantialitatem.
1635 2505 1744 2560 Nec
1773 2506 1939 2571 enim,

372 2594 433 2640 ut
466 2589 696 2656 gentiles
726 2597 938 2659 putant,
968 2592 1107 2645 idem
1142 2601 1227 2649 est
1259 2595 1478 2665 sapiens
1527 2602 1580 2649 et
1629 2597 1893 2665 sapientia
1921 2638 1937 2662 ,

369 2677 455 2730 vel
491 2677 633 2732 idem
687 2680 850 2735 Pater
903 2691 959 2736 et
998 2681 1272 2752 Verbum;
1307 2687 1606 2740 absurdum
1658 2691 1802 2741 enim
1860 2697 1945 2742 est

372 2769 624 2823 eumdem
661 2771 746 2825 sui
781 2773 952 2841 ipsius
978 2783 1187 2842 patrem
1229 2791 1352 2830 esse
1373 2795 1390 2830 :
1418 2793 1609 2830 verum
1634 2777 1816 2830 divina
1840 2777 1940 2830 do-

2036 573 2287 643 λέγεσθαι
2342 573 2432 625 τὸν
2483 573 2655 640 Λόγον
2716 569 3028 641 βούλονται,
3089 568 3148 636 ἐξ
3207 569 3321 622 ῐσου
3388 568 3612 624 κενοεα·

2035 667 2271 729 τοῦντες.

2107 758 2158 812 9.
2182 758 2293 829 (50)
2313 756 2458 826 Ἐγὼ
2488 757 2587 810 καὶ
2613 758 2645 810 ὁ
2668 754 2870 824 Πατὴρ
2889 753 2958 808 ἓν
2969 753 3174 823 ἐσμεν.
3189 752 3271 806 Τὰ
3288 753 3380 806 δύο
3397 753 3454 805 ἓν
3475 748 3617 808 εἷναί

2038 869 2194 922 φατε,
2231 850 2264 921 ἢ
2297 849 2358 902 τὸ
2387 849 2444 901 ἓν
2475 847 2763 918 διώνυμον,
2801 847 2834 918 ἢ
2876 845 3038 899 πάλιν
3073 845 3133 898 τὸ
3166 845 3224 897 ἓν
3267 846 3346 908 εἰς
3380 845 3472 897 δύο
3501 845 3618 918 διῃ-

2043 941 2261 1016 ρῆσθαι.
2308 941 2374 994 Ei.
2410 941 2506 1011 μὲν
2539 935 2632 994 οὖν
2671 938 2731 992 τὸ
2761 938 2817 992 ἓν
2848 939 2929 1001 εἰς
2966 937 3059 990 δύο
3087 935 3364 1010 διῄρηται,
3399 937 3616 1008 ἀνάγκη

2041 1033 2199 1104 σῶμα
2233 1028 2371 1085 εἷναι
2404 1031 2466 1082 τὸ
2497 1028 2784 1100 διαιρεθὲν,
2817 1028 2912 1081 καὶ
2939 1026 3230 1098 μηδέτερον
3255 1027 3458 1080 τέλειον
3477 1026 3617 1099 (51),

2045 1126 2209 1200 μέρος
2241 1123 2351 1195 γὰρ
2379 1123 2639 1194 ἑκάτερον
2680 1121 2774 1175 καὶ
2806 1121 2905 1190 οὐχ
2941 1120 3086 1173 67m-
3131 1122 3179 1173 εἰ
3223 1119 3280 1172 δὲ
3315 1119 3377 1172 τὸ
3407 1120 3464 1172 ἓν
3495 1118 3622 1172 διώ-

2039 1237 2230 1290 νυμον,
2265 1217 2554 1271 Σαϐελλίου
2589 1215 2650 1268 τὸ
2673 1213 3028 1285 ἐπιτήδευμα,
3059 1211 3150 1266 τὸν
3177 1211 3337 1265 αὑτὸν
3364 1211 3492 1264 Υἱὸν
3521 1213 3622 1266 καὶ

2042 1311 2262 1382 Πατέρα
2280 1309 2551 1378 λέγοντος,
2588 1308 2680 1360 καὶ
2705 1306 2964 1379 ἑκάτερον
2993 1303 3365 1376 ἀναιροῦντος,
3399 1305 3488 1357 ὅτε
3519 1305 3620 1374 μὲν

2042 1404 2190 1467 Υἱὸς,
2219 1403 2310 1456 τὸν
2338 1401 2578 1472 Πατέρα,
2611 1400 2698 1452 ὅτε
2720 1398 2776 1451 δὲ
2809 1396 3019 1468 Πατὴρ,
3046 1397 3136 1448 τὸν
3169 1396 3316 1450 Υἱόν.
3365 1396 3428 1448 Ei
3465 1395 3521 1448 δὲ
3547 1395 3619 1447 τὰ

2041 1496 2134 1550 δύο
2167 1495 2246 1561 ἒν,
2287 1495 2500 1563 ἀνάγκη
2541 1491 2636 1545 δύο
2681 1491 2776 1562 μὲν
2810 1485 2971 1554 εἶναι,
3014 1487 3071 1542 ἓν
3102 1488 3158 1541 δὲ
3201 1487 3313 1556 (52)
3348 1486 3618 1558 κατὰ-τὴν

2044 1588 2292 1656 Θεότητα,
2326 1585 2422 1638 καὶ
2455 1583 2599 1638 κατὰ
2643 1582 2704 1635 τὸ
2746 1580 3027 1652 ὁμοούσιον
3059 1576 3198 1633 εἶναι
3243 1577 3332 1631 τὸν
3371 1579 3498 1632 Υἱδν
3537 1577 3620 1648 τῷ

2042 1678 2242 1750 Πατρῖ,
2273 1678 2367 1730 καὶ
2400 1676 2461 1741 ἐξ
2492 1675 2658 1729 αὐτοῦ
2700 1673 2794 1727 τοῦ
2841 1672 3054 1744 Πατρὸς
3088 1667 3228 1725 εἶναι
3269 1670 3363 1724 τὸν
3403 1670 3573 1739 Λόγον
3597 1689 3615 1704 ο

2045 1769 2185 1824 ὥστε
2220 1769 2314 1822 δύο
2349 1768 2449 1840 μὲν
2487 1763 2644 1831 εἶναι,
2675 1767 2756 1818 ὅτι
2795 1765 2983 1835 Πατήρ
3028 1761 3138 1833 (55)
3174 1764 3290 1815 ἐστι
3329 1761 3422 1814 καὶ
3465 1761 3618 1826 Υἱὶς,

2043 1863 2071 1916 ὃ
2106 1865 2222 1915 ἐστι
2259 1861 2448 1930 Λόγος,
2478 1859 2536 1912 ἓν
2563 1858 2641 1923 δὲ,
2674 1858 2756 1911 ὅτι
2791 1851 2870 1920 εἷς
2907 1857 3056 1919 Θεός.
3091 1857 3154 1909 Εἰ
3183 1853 3289 1926 γὰρ
3323 1854 3397 1925 μὴ
3447 1853 3621 1918 οὕτως

2044 1956 2211 2020 ἐστὶν,
2243 1954 2350 2008 ἔδει
2379 1955 2575 2017 εἰπεῖν,
2617 1951 2757 2020 Ἐγώ
2796 1951 2912 2020 εἰμι
2955 1951 2985 2002 6'
3011 1948 3220 2019 Πατὴρ,
3249 1947 3306 2018 ἢ,
3352 1946 3494 2016 Ἐγὼ
3523 1946 3620 2001 καὶ

2043 2049 2072 2102 6
2099 2048 2289 2118 Πατήρ
2329 2047 2467 2116 εἰμι.
2519 2043 2633 2098 Νῦν
2681 2044 2738 2097 δὲ
2789 2046 2847 2097 ὲν
2877 2041 2976 2112 τῷ,
3017 2041 3158 2111 Ἐγὼ
3193 2040 3328 2111 (54),
3368 2040 3460 2093 τὸν
3488 2039 3620 2092 Υἱὸν

2046 2139 2338 2213 σημαίνει·
2377 2141 2434 2192 ὲν
2470 2137 2527 2190 δὲ
2555 2136 2652 2207 τῷ,
2686 2137 2785 2190 καὶ
2820 2140 2852 2190 ὁ
2875 2135 3098 2202 Πατὴρ,
3133 2135 3224 2188 τὸν
3251 2135 3616 2204 γεννήσαντα·

2049 2229 2106 2282 ἐν
2137 2230 2193 2283 δὲ
2215 2227 2312 2298 τῷ,
2342 2226 2432 2293 ἓν,
2458 2225 2555 2296 τὴν
2584 2225 2712 2295 μίαν
2738 2223 2966 2294 θεότητα
2990 2225 3084 2276 καὶ
3113 2222 3174 2275 τὸ
3214 2222 3494 2292 ὁμοούσιον
3519 2223 3614 2275 αὐο

2048 2323 2161 2374 τοῦ.
2199 2321 2273 2374 Οὐ
2296 2321 2403 2390 γὰρ
2427 2318 2546 2372 καθ’
2579 2317 2846 2388 ’Έλληνας
2877 2319 2905 2370 6
2947 2316 3108 2379 αὐτὸς
3141 2314 3303 2384 σοφὸς
3327 2314 3422 2367 καὶ
3456 2312 3620 2381 σοφία

2049 2413 2215 2476 ἐστὶν,
2261 2411 2294 2481 ἢ
2333 2412 2361 2462 6
2397 2409 2559 2472 αὐτὸς
2599 2409 2790 2479 Πατὴρ
2833 2407 2926 2461 καὶ
2957 2407 3128 2476 Λόγος
3159 2406 3339 2460 ἐστίν’
3375 2406 3621 2476 ἀπρεπὲς

2047 2503 2156 2573 γὰρ
2192 2502 2353 2555 αὐτὸν
2382 2500 2574 2554 ἑαυτοῦ
2609 2500 2820 2571 πατέρα
2851 2494 2990 2552 εἶναι
3011 2516 3024 2528 ·
3063 2501 3095 2568 ἡ
3128 2499 3184 2551 δὲ
3215 2497 3332 2550 θεία
3365 2497 3620 2550 διδασκα-

2043 2591 2134 2645 λία
2161 2587 2268 2644 οἶδε
2298 2591 2520 2662 Πατέρα
2558 2591 2652 2644 καὶ
2683 2590 2828 2656 Υἱὸν,
2857 2591 2950 2644 καὶ
2990 2589 3258 2658 σοφδνικαὶ
3279 2587 3489 2657 σοφίαν,
3523 2591 3620 2642 καὶ

2047 2682 2184 2735 θεὸν.
2206 2682 2301 2735 καὶ
2327 2682 2497 2748 Λόγον
2525 2697 2537 2710 ·
2565 2681 2791 2735 καθόλου
2821 2681 3001 2750 μέντοι
3024 2681 3276 2750 φυλάττει
3301 2680 3412 2750 (55)
3443 2679 3620 2733 ἀδιαί-

2050 2791 2222 2844 ρετον,
2253 2773 2347 2826 καὶ
2381 2773 2769 2837 ἀδιάσπαστον,
2802 2774 2896 2827 καὶ
2929 2774 3220 2844 ἀμέριστον
3249 2773 3388 2826 κατὰ
3419 2772 3618 2826 πάντα.

371 2857 548 2911 ctrina
578 2858 789 2914 Patrem
831 2871 883 2916 et
923 2861 1121 2925 Filium
1159 2862 1328 2930 novit,
1361 2867 1662 2936 sapientem
1693 2877 1746 2921 et
1779 2865 2122 2937 sapientiam,
2175 2864 2340 2918 Deum
2393 2872 2449 2918 et
2501 2863 2737 2918 Verbum
2770 2881 2782 2916 :
2821 2865 3058 2920 maxime
3114 2872 3292 2918 autem
3345 2872 3502 2918 cavet
3553 2877 3622 2916 ne

373 2949 504 3019 quid
539 2950 843 3018 dividuum,
884 2955 1205 3015 dissolubile
1232 2960 1316 3014 vel
1366 2963 1670 3030 separabile
1718 2962 1943 3017 omnino
1981 2961 2035 3014 in
2070 2958 2178 3012 Deo
2206 2959 2475 3012 admittat.

444 3041 531 3095 10.
565 3043 831 3100 Craterum
861 3047 908 3102 si
935 3049 1058 3117 quis
1081 3051 1221 3106 duos
1252 3066 1373 3108 esse
1412 3055 1629 3110 Patrem
1660 3066 1714 3111 ct
1741 3056 1936 3109 Filium

2115 3053 2201 3106 ‘10.
2257 3053 2384 3106 Ἐὰν
2425 3053 2503 3115 δὲ,
2553 3053 2640 3106 ὅτι
2680 3052 2773 3105 δύο
2809 3051 2957 3105 ἐστὶν
2986 3053 3014 3104 6
3048 3052 3242 3122 Πατὴρ
3274 3052 3367 3104 καὶ
3398 3053 3426 3102 6
3469 3050 3619 3115 Υἱὸς,

373 3133 619 3198 audiens,
655 3150 756 3190 nos
802 3138 1169 3195 calumnietur
1196 3147 1353 3212 quasi
1384 3147 1478 3214 qui
1525 3147 1664 3203 duos
1695 3147 1826 3202 deos
1859 3149 1944 3201 in-

372 3222 639 3279 ducamus
677 3225 947 3294 (nonnulli
973 3231 1120 3286 enim
1155 3235 1207 3290 id
1239 3234 1344 3290 sibi
1388 3235 1621 3307 ﬁngunt,
1653 3238 1948 3308 statimque

373 3327 474 3369 nos
496 3315 580 3369 his
601 3318 782 3374 verbis
804 3320 1050 3388 irrident,
1070 3323 1181 3380 Vos
1207 3326 1343 3383 duos
1369 3329 1501 3383 deos
1531 3330 1822 3398 asseritis),
1844 3331 1948 3385 hu-

372 3403 611 3474 iusmodi
645 3410 956 3469 hominibus
1001 3416 1081 3472 sic
1129 3420 1570 3489 respondendum
1611 3432 1694 3478 est
1724 3442 1736 3476 :
1772 3422 1827 3476 Si
1859 3424 1903 3477 is
1929 3463 1943 3487 ,

374 3497 467 3567 qui
503 3498 712 3556 Patrem
741 3515 796 3558 et
837 3504 1030 3560 Filium
1069 3511 1357 3578 agnoscit,
1404 3511 1545 3567 duos
1584 3512 1716 3568 deos
1768 3513 1940 3568 dicit:

374 3605 596 3646 necesse
628 3603 714 3649 est
761 3595 926 3666 igitur
961 3605 1020 3652 ut
1069 3599 1208 3654 Filio
1247 3603 1555 3672 repudiato,
1621 3619 1653 3658 a
1706 3604 1945 3660 Sabellio

374 3689 477 3735 stet
502 3683 592 3751 qui
628 3701 794 3740 unum
819 3701 940 3742 esse
969 3691 1164 3747 credit.
1191 3691 1440 3764 Namque
1469 3695 1513 3749 si
1551 3694 1618 3761 is,
1651 3696 1746 3765 qui
1803 3697 1945 3752 duos

374 3772 523 3834 dicit,
567 3776 784 3843 gentilis
805 3786 926 3833 est:
957 3779 1123 3848 igitur
1166 3783 1276 3849 ille,
1323 3788 1418 3854 qui
1445 3801 1614 3840 unum
1646 3786 1800 3848 dicit,
1843 3786 1944 3842 Sa-

373 3864 639 3920 bellianus
667 3879 770 3924 est.
800 3867 997 3925 Verum
1029 3887 1136 3926 non
1166 3875 1240 3928 ita
1280 3891 1338 3930 se
1385 3891 1474 3931 res
1524 3877 1720 3944 habet;
1747 3879 1892 3937 absit
1923 3881 1936 3933 t

373 3955 467 4010 sed
498 3960 956 4026 quemadmodum
990 3963 1058 4028 is,
1087 3965 1178 4034 qui
1209 3964 1424 4022 Patrem
1467 3977 1521 4024 et
1551 3969 1751 4024 Filium
1803 3972 1944 4028 duos

373 4061 493 4102 esse
514 4053 778 4118 agnoscit,
805 4070 971 4109 unum
1007 4057 1173 4112 Deum
1209 4075 1334 4115 esse
1367 4063 1659 4118 confitetur
1687 4082 1700 4119 :
1741 4064 1814 4119 ita
1851 4064 1945 4121 ille

374 4139 466 4205 qui
497 4139 665 4194 Deum
692 4159 858 4199 unum
889 4149 1080 4211 credit,
1117 4149 1330 4205 Patrem
1350 4163 1402 4206 et
1435 4155 1630 4209 Filium
1661 4157 1802 4211 duos
1829 4173 1944 4212 cre-

374 4230 466 4283 dat
496 4247 634 4294 esse,
671 4236 763 4288 sed
795 4253 961 4291 unum
990 4240 1290 4308 divinitate,
1327 4256 1380 4298 et
1404 4257 1671 4315 quatenus
1695 4265 1762 4303 ex
1781 4248 1946 4304 Patre

376 4328 561 4375 natum
595 4323 852 4386 Verbum.
886 4329 954 4382 ab
985 4330 1102 4399 ipso
1133 4331 1292 4387 Patre
1330 4351 1429 4391 nec
1463 4339 1705 4408 separari
1728 4356 1827 4395 nec
1855 4341 1940 4396 di-

2049 3143 2260 3197 ἀκούων
2282 3160 2365 3207 τις
2389 3143 2684 3207 διαϐάλλοι,
2709 3143 2785 3206 ὡς
2807 3142 2899 3194 δύο
2943 3141 3078 3194 θεῶν
3103 3141 3622 3212 καταγγελλομένων

2049 3235 2311 3306 (τοιαῦτα
2344 3236 2451 3304 γάρ
2481 3253 2621 3298 τινες
2652 3237 2864 3299 ἑαυτοῖς
2903 3234 3349 3299 ἀναπλάττονται,
3392 3234 3487 3287 καὶ
3517 3233 3624 3285 εὐ-

2048 3326 2184 3390 θέως
2216 3327 2463 3395 γελῶσιν,
2497 3329 2578 3381 ὅτι
2613 3327 2716 3380 Δύο
2742 3327 2896 3390 Θεοὺς
2931 3327 3176 3394 λέγετε)’
3231 3326 3450 3378 λεκτέον
3482 3325 3622 3396 πρὸς

2045 3420 2173 3482 τοὺς
2201 3421 2474 3484 τοιούτους
2492 3439 2504 3450 ·
2538 3422 2600 3473 Εἰ
2628 3424 2656 3474 ό
2689 3421 2908 3489 Πατέρα
2935 3421 3029 3473 καὶ
3052 3420 3179 3473 Υἱὸν
3206 3418 3490 3488 γινώσκων
3523 3419 3620 3471 δύο

2047 3511 2202 3574 θεοὺς
2228 3512 2372 3580 λέγει
2403 3511 2542 3582 (56),.
2566 3512 2682 3583 ὥρα
2706 3513 2800 3565 καὶ
2842 3510 2934 3563 τὸν
2963 3512 3189 3581 λέγοντα
3219 3511 3334 3574 ἕνα,
3373 3511 3620 3580 ἀναιρεῖν

2044 3606 2134 3658 τὸν
2160 3605 2307 3669 Υἱὸν,
2333 3605 2427 3657 καὶ
2458 3605 2812 3668 Σαϐελλίζειν.
2842 3605 2905 3656 Εἰ
2938 3603 3047 3674 γὰρ
3075 3605 3102 3655 6
3129 3603 3301 3670 λέγων
3339 3601 3452 3665 δύο,
3498 3602 3616 3654 Ἑλ-

2044 3694 2271 3767 ληνίζει,
2306 3696 2500 3749 οὐκοῦν
2541 3698 2571 3750 ὁ
2610 3695 2780 3764 λέγων
2827 3696 2883 3748 ἓν
2930 3695 3040 3766 (57)
3075 3693 3404 3755 Σαϐελλίζει.
3446 3692 3618 3745 Τοῦτο

2043 3790 2097 3843 δὲ
2119 3791 2217 3843 οὐκ
2248 3790 2360 3843 ἔστι
2380 3808 2394 3822 ο
2430 3791 2503 3861 μὴ
2526 3790 2732 3858 γένοιτο
2757 3789 2769 3842 !
2799 3789 2911 3842 ἀλλ’
2937 3789 3124 3858 ὥσπερ
3150 3790 3176 3841 6
3200 3787 3370 3855 λέγων
3399 3788 3620 3856 Πατέρα

2043 3883 2135 3935 καὶ
2174 3882 2302 3935 Υἱὸν
2341 3882 2435 3935 δύο
2467 3883 2564 3934 ἕνα
2614 3881 2746 3934 Θεδν
2795 3881 2966 3949 λέγει,
3010 3880 3180 3942 οὕτως
3224 3881 3251 3932 ὁ
3305 3878 3474 3944 λέγων
3520 3879 3618 3930 ἕνα

2042 3975 2174 4028 Θεὸν
2216 3974 2309 4026 δύο
2341 3973 2602 4044 φρονείτω
2631 3973 2741 4042 (58)
2781 3973 3004 4044 Πατέρα
3049 3971 3141 4024 καὶ
3187 3970 3333 4034 Υἱὸν,
3378 3969 3432 4021 ἓν
3459 3970 3616 4032 ὄντας

2041 4071 2105 4139 τῇ
2130 4066 2362 4137 θεότητι,
2403 4067 2495 4120 καὶ
2520 4066 2597 4137 τῷ
2625 4064 2688 4130 ἐξ
2711 4066 2874 4120 αὐτοῦ
2915 4064 3210 4135 ἀμέριστον
3254 4063 3346 4116 καὶ
3374 4061 3611 4133 ἀδιαίρε-

2039 4174 2132 4209 τον
2159 4155 2253 4209 καὶ
2287 4155 2588 4227 ἀχώριστον
2619 4151 2754 4208 εἶναι
2785 4157 2874 4208 τὸν
2903 4157 3074 4223 Λόγον
3107 4152 3214 4207 ἀπὸ
3253 4151 3345 4205 τοῦ
3375 4152 3609 4223 Πατρός.

2044 4248 2226 4300 Ἔστω
2247 4247 2302 4300 δὲ
2336 4247 2683 4319 παράδειγμα
2721 4245 3074 4318 ἀνθρώπινον,
3102 4245 3162 4297 τὸ
3194 4244 3304 4315 πῦρ
3332 4245 3425 4296 καὶ
3454 4243 3514 4296 τὸ
3554 4243 3611 4309 ἐξ

2039 4338 2214 4392 αὑτοῦ
2233 4338 2596 4408 ἀπαύγασμα,
2624 4337 2716 4391 δύο
2744 4338 2841 4408 μὲν
2863 4337 2941 4406 τῷ
2969 4332 3105 4389 εἶναι
3135 4337 3228 4388 καὶ
3268 4334 3518 4405 ὁρᾶσθαι,
3555 4333 3612 4386 ἓν

377 4411 483 4463 vidi
523 4427 621 4468 nec
651 4413 860 4484 sejungi
892 4425 1086 4486 potest.
1115 4418 1384 4489 Humano,
1416 4425 1462 4479 si
1494 4399 1688 4494 placet,
1719 4437 1940 4488 utamur

2050 4432 2100 4484 δὲ
2132 4431 2208 4502 τῷ
2247 4432 2306 4496 ἐξ
2333 4399 2511 4484 αὐτοῦ.
2533 4430 2642 4500 (59)
2690 4399 2784 4483 καὶ
2819 4399 3118 4499 ἀδιαίρετον
3167 4399 3314 4481 εἶναι.
3345 4427 3404 4479 τὺ
3436 4427 3614 4481 ἀπαύ-

374 4503 641 4571 exemplo.
671 4504 813 4572 Ignis
844 4515 898 4560 et
928 4509 1186 4576 splendor
1210 4526 1278 4566 ex
1300 4527 1365 4568 eo
1387 4526 1559 4582 ortus,
1579 4517 1688 4572 duo
1717 4519 1934 4589 quidem

2045 4537 2236 4591 γασμα
2263 4519 2445 4573 αὑτοῦ.

374 4601 502 4648 sunt
533 4605 798 4663 quatenus
827 4600 1092 4656 exsistunt
1123 4611 1178 4657 et
1218 4615 1516 4662 cernuntur
1547 4627 1560 4661 :
1596 4625 1766 4667 unum
1799 4627 1932 4667 vero
1969 4623 2115 4677 sunt,
2145 4621 2414 4684 quatenus
2441 4611 2698 4682 splendor
2727 4612 2795 4666 ab
2823 4611 2945 4681 igne
2999 4621 3106 4677 est,
3159 4629 3258 4668 nec
3288 4613 3356 4668 ab
3408 4628 3474 4666 eo
3531 4611 3614 4666 di-

370 4686 481 4742 vidi
509 4698 703 4758 potest.

443 4826 489 4857 ³³
525 4835 683 4881 Joan.
721 4843 777 4893 κ,
817 4829 906 4884 50.

443 4940 696 5022 (εξρλΗίιο
727 4942 778 4998 in
822 4944 994 5022 Basil,
1020 4953 1086 5022 _et
1115 4947 1325 5022 Anglic.
1351 4947 1703 5022 Ainterseritur
1745 4951 1940 5022 hujus-

369 5012 517 5089 προόὶ
540 5012 861 5089 titulus,__et
905 5016 1121 5089 quidem
1157 5012 1396 5089 miniatis
1424 5019 1616 5075 littoris
1658 5022 1710 5075 in
1744 5012 1936 5089 Basil.,

371 5081 526 5162 Τοῦςῆ
539 5081 954 5162 Σαϐελλίζονταίς
980 5087 1074 5140 καὶ
1105 5087 1230 5162 to};
1256 5088 1446 5162 ἀλλους
1470 5090 1737 5162 ’Έλληνας
1779 5081 1937 5157 δνταξ

372 5151 591 5266 ἔρεσθαι
619 5153 822 5221 οὕτως,
868 5156 918 5209 id
965 5165 1081 5217 est,
1136 5151 1518 5212 Sabellizantes
1559 5151 1803 5223 et'alios,
1843 5151 1939 5234 qui

392 5223 601 5266 .emiln
631 5233 754 5266 sunt
780 5264 790 5266 _
828 5227 904 5266 sic
939 5226 1260 5266 inim-ranam»
1311 5227 1445 5266 nm.
1489 5231 1616 5266 hom
1667 5233 1932 5266 [mlum-".-

390 5223 601 5297 Gentiles
625 5233 754 5297 sunt
778 5264 799 5297 ,γ
828 5227 904 5297 εἰς
939 5226 1279 5297 interrogare.
1311 5227 1446 5293 Quae
1489 5231 1617 5285 item
1666 5223 1932 5287 habentur

373 5290 437 5366 _a_d
470 5293 764 5366 marginem
788 5296 842 5366 in
869 5295 1056 5366 Regio,
1085 5290 1306 5366 Séguer.
1325 5290 1554 5354 rCobler.
1584 5311 1637 5355 et
1665 5301 1844 5356 Felck.
1876 5305 1925 5357 l.

371 5356 494 5439 Mox.
526 5356 657 5439 Re'g.
686 5372 748 5439 _et
779 5356 1092 5438 Seguei'.,'ﬁ
1124 5356 1284 5421 πάλιν
1311 5369 1372 5422 τὸ
1403 5369 1482 5433 ἓν,
1515 5382 1619 5427 etc.
1662 5372 1852 5426 Casteri
1883 5356 1938 5427 et

371 5427 520 5491 editi,
553 5427 808 5496 εἶ’πάλιν,
840 5427 946 5491 etc.
973 5446 983 5455 '

442 5497 552 5633 (51)
592 5499 754 5556 Basil.
780 5513 834 5557 et
865 5506 1098 5576 Anglic.,
1128 5508 1221 5560 καὶ
1251 5507 1328 5580 μὴ
1356 5509 1540 5581 ἕτερον
1570 5509 1791 5564 τέλειον.

467 5566 553 5632 5⁸2)
595 5569 793 5633 Regius
823 5574 880 5626 δέ
908 5577 1126 5629 omittit.

595 5569 793 5639 Regius
823 5574 880 5626 δέ
908 5566 1126 5629 oiiiittit.

594 5637 813 5718 Regius,
840 5644 919 5718 δτι
948 5645 975 5696 6
1006 5646 1220 5718 Πατήρ.

332 5736 338 5788 l.
442 5706 556 5775 (54)
599 5706 694 5764 Sic
736 5709 954 5782 Regius,
1003 5706 1226 5786 Segu'ér.
1257 5726 1309 5773 et
1337 5717 1620 5788 Anglican.
1658 5723 1726 5777 At
1758 5722 1848 5778 alii
1881 5733 1936 5779 et

2045 4953 2207 5016 editi,
2249 4952 2341 5023 νῦν
2371 4952 2428 5005 δὲ
2457 4953 2518 5006 τὸ
2548 4953 2677 5023 am.
3605 5005 3612 5010 .

2117 5023 2225 5094 (55)
2268 5021 2432 5107 Blasil‘.
2465 5032 2516 5078 et
2542 5021 2776 5107 Anglic?
2809 5025 3127 5107 φυλάττειν.⁸
3154 5025 3353 5081 Ibidem
3384 5027 3610 5107 Regius,

2045 5092 2504 5165 Serguer.G0bler.
2531 5104 2585 5148 et
2607 5092 2869 5165 ωειλ,
2898 5097 3352 5151 καὶάδιάστατον.
3403 5092 3509 5152 Alii
3555 5092 3612 5155 et

2040 5164 2166 5217 editi
2188 5203 2200 5225 ,
2239 5163 2332 5215 καὶ
2360 5163 2744 5218 ἀδιάσπαστον.

2109 5232 2226 5308 (56)-
2261 5231 2462 5301 Regius
2503 5245 2564 5308 et_
2599 5235 2847 5308 Seguer.,
2880 5235 3071 5306 λέγων.
3121 5236 3225 5293 Sed
3276 5237 3330 5291 in
3376 5235 3603 5308 Seguer.

2037 5305 2380 5357 emendatum
2406 5313 2520 5370 est,
2553 5305 2699 5373 λέγει
2723 5347 2738 5367 ,
2774 5317 2834 5360 ut
2862 5316 2917 5361 et
2944 5305 3035 5361 alii
3063 5317 3116 5362 et
3140 5309 3270 5363 editi
3305 5305 3526 5361 habent.

2108 5373 2222 5442 (57)
2261 5373 2613 5442 Anglicanus,
2643 5377 2756 5430 ἕνα.

2110 5445 2221 5513 (58)
2264 5442 2353 5496 Sic
2380 5445 2512 5513 Reg.
2565 5456 2618 5499 et
2660 5445 2885 5513 Seguer.
2917 5447 2985 5499 At
3022 5447 3179 5502 Gobl.
3230 5458 3284 5502 et
3330 5447 3512 5503 Felck.
3542 5449 3596 5511 1,

2038 5518 2254 5594 φρονεῖ,
2290 5514 2378 5566 τὸν
2412 5516 2653 5638 Πατέὲα.
2700 5514 2801 5570 Alii
2829 5527 2883 5571 et
2907 5517 3071 5571 editio
3101 5519 3386 5580 Commel.,
3415 5521 3606 5590 φρονεῖ

2038 5599 2113 5638 τω
2146 5584 2381 5638 Πατέρα.
2411 5582 2534 5638 Mox
2609 5603 2690 5638 ea.
2725 5587 2941 5638 Gobler.
2971 5597 3024 5638 et
3048 5587 3224 5638 Felck.
3259 5588 3304 5638 Ι.
3334 5588 3394 5638 τὺ
3419 5591 3476 5638 ἐξ
3504 5589 3602 5638 αὐσ-

2035 5582 2131 5656 τῷᾷ
2146 5584 2381 5656 Πατέρα.
2411 5582 2534 5638 Mox
2560 5582 2672 5656 Reg

2679 5627 2690 5639 .
2725 5587 2941 5641 Gobler.
2971 5597 3024 5642 et
3048 5587 3224 5642 Felek.
3259 5588 3304 5644 Ι.
3334 5588 3394 5642 τὺ
3419 5587 3476 5656 ἐξ
3504 5589 3602 5641 αὐσ-

2040 5653 2390 5727 105,_C:1-_.teri_
2414 5662 2468 5706 et
2500 5653 2666 5727 editio
2694 5657 2980 5720 Commel.,
3012 5657 3090 5727 τῷ
3121 5659 3180 5724 ἐξ
3207 5658 3392 5711 αὐτοῦ.

2111 5724 2224 5794 (59)
2265 5723 2462 5795 Regius
2496 5736 2551 5780 et
2590 5725 2843 5796 Seguer.,
2873 5727 2935 5779 τὸ
2961 5727 3020 5795 ἐξ
3054 5723 3241 5784 αὑτοῦ.
3282 5727 3406 5784 Mox
3450 5738 3596 5793 ante,
