3944 6222
411 281 516 342 485

1003 286 1060 340 S.
1103 285 1475 342 ATHANASII
1508 286 1656 342 OPP.
1699 286 1879 342 PARS
1916 287 1956 342 Ι.
2003 319 2072 328 -—
2109 287 2480 344 HISTORICA
2521 289 2610 342 ET
2645 287 3064 344 DOGMATICA.

3548 293 3659 348 484

408 401 740 459 etmutahile
770 417 889 458 esse
943 404 1236 460 videretur.
1282 405 1339 459 Si
1385 405 1532 461 enim
1562 406 1708 477 quod
1736 414 1876 472 erat,
1925 406 1967 460 id

2080 405 2224 460 τοῦτ’
2276 406 2427 460 ἔσται
2469 406 2606 478 μετὰ
2647 405 2820 458 ταῦτα
2847 447 2862 470 ,
2894 407 2969 470 ὼς
3019 406 3112 459 νῦν
3156 407 3256 459 οὑκ
3287 406 3364 458 ὢν
3391 423 3404 437 ·
3451 407 3613 480 δῆλον
3639 447 3658 476 ,

408 499 596 561 postea
623 491 747 558 erit,
787 494 946 562 quasi
981 511 1127 548 nunc
1154 495 1337 549 non'id
1364 495 1545 564 ipsum
1567 508 1713 551 esset
1741 514 1756 563 ;
1811 495 1978 565 igitur

409 597 554 636 nunc
582 599 688 636 non
708 591 793 638 est
815 584 959 654 quod
987 595 1102 640 erat
1123 594 1178 642 et
1203 587 1327 640 erit.
1346 585 1480 640 Rem
1511 587 1713 642 clarius
1744 601 1977 656 expono.

409 669 467 725 Si
495 673 548 725 in
577 672 687 728 Deo
716 684 872 729 antea
905 684 1042 742 erat,
1075 684 1128 730 ει
1157 686 1344 745 postea
1371 692 1563 731 rursus
1590 676 1694 732 erit
1721 695 1734 729 ε
1768 676 1982 745 perspi-

407 781 568 819 cuum
598 776 682 820 est
710 765 947 822 Verbum
985 783 1133 821 nunc
1180 769 1235 821 in
1274 767 1383 822 Deo
1435 783 1542 823 non
1585 784 1727 823 esse.
1777 765 1979 821 Verum

405 857 759 913 revincuntur
789 860 889 913 hac
911 858 1128 914 Domini
1163 875 1295 914 voce
1321 879 1334 913 :
1373 859 1482 930 Ego
1504 861 1558 912 in
1580 859 1760 926 Patre,
1789 869 1838 913 et
1871 859 1981 913 Pa-

409 959 488 1001 ter
517 957 572 1001 in
594 966 672 1002 me
723 959 820 1004 est.
872 950 963 1005 Sic
995 952 1141 1005 enim
1169 967 1315 1006 nunc
1339 960 1447 1017 est,
1499 952 1577 1006 uti
1606 950 1710 1006 fuit
1741 966 1977 1020 semper.

409 1038 466 1094 Si
498 1057 660 1110 porro
691 1058 837 1096 nunc
869 1053 951 1096 est
975 1043 1051 1097 uti
1082 1042 1186 1096 fuit
1220 1058 1435 1112 semper
1463 1061 1476 1096 :
1520 1059 1630 1098 non
1662 1044 1834 1113 igitur
1875 1042 1979 1096 ali-

405 1133 625 1202 quando
651 1132 992 1204 gignebatur,
1027 1143 1079 1189 et
1102 1133 1397 1203 aliquando
1446 1150 1555 1189 non
1607 1135 1931 1204 gignebatur
1961 1151 1976 1200 ;

405 1241 505 1280 nec
529 1227 655 1281 item
682 1227 973 1298 aliquando
998 1226 1054 1280 in
1087 1225 1198 1280 Deo
1223 1225 1524 1296 silentium]
1545 1235 1599 1280 et
1627 1226 1784 1296 quies
1834 1223 1935 1279 fuit
1960 1265 1975 1290 ,

407 1316 698 1386 aliquando
721 1327 900 1372 autem
940 1317 1081 1371 idem
1117 1317 1334 1371 locutus
1366 1324 1449 1371 est
1483 1335 1496 1370 :
1534 1317 1627 1372 sed
1653 1331 1868 1386 semper
1894 1323 1980 1370 est

407 1407 584 1474 Pater,
621 1420 672 1464 et
698 1410 868 1466 Filius
895 1410 1012 1480 ejus
1039 1408 1295 1475 Verbum,
1323 1410 1418 1479 qui
1473 1407 1645 1463 Filius
1703 1423 1814 1463 non
1863 1409 1980 1464 solo

406 1503 626 1557 nomine
658 1502 891 1558 Verbum
920 1513 1022 1567 est,
1079 1518 1179 1557 nec
1207 1501 1445 1556 Verbum
1502 1501 1832 1570 cogitatione
1895 1507 1980 1554 est

404 1593 600 1657 Filius,
651 1593 746 1649 sed
780 1593 928 1648 Patri
960 1593 1450 1649 consubstantialis
1480 1591 1694 1647 exsistit
1723 1610 1736 1646 :
1762 1606 1863 1646 nec
1889 1591 1979 1646 ille

405 1695 625 1755 propter
660 1701 761 1740 nos
795 1695 878 1741 est
907 1687 1144 1757 genitus,
1179 1687 1274 1741 sed
1315 1700 1416 1740 nos
1455 1693 1678 1755 propter
1710 1683 1862 1738 illum
1890 1682 1977 1737 fa-

403 1777 475 1830 cti
516 1791 724 1830 sumus.
753 1775 1054 1846 Caeteroqui
1079 1776 1124 1830 si
1161 1784 1380 1846 propter
1422 1790 1524 1830 nos
1547 1775 1765 1844 genitus
1787 1787 1891 1842 est,
1924 1767 2053 1831 etB

403 1882 502 1921 nos
533 1875 680 1932 tunc,
707 1882 830 1921 cum
878 1875 963 1921 est
990 1867 1225 1936 genitus,
1277 1865 1443 1920 creati
1496 1879 1708 1927 sumus,
1749 1864 1980 1935 ejusque

400 1968 524 2011 ortu
555 1957 862 2012 constitutm
895 1965 1023 2012 sunt
1061 1971 1148 2010 res
1180 1965 1394 2020 creataz,
1425 1969 1488 2010 ac
1522 1953 1719 2024 deinde
1749 1953 1982 2009 recurrit

402 2051 518 2118 ipse
547 2059 604 2104 ut
631 2049 862 2120 sitquod
893 2048 1050 2118 prius
1075 2056 1234 2112 erat;
1269 2047 1507 2116 primum
1546 2046 1712 2118 496
1749 2046 1874 2102 inde
1906 2044 1980 2101 ef-

401 2143 582 2197 ticitur
611 2150 670 2195 ut
693 2141 931 2211 genitus,
989 2155 1184 2194 rursus
1231 2155 1340 2194 non
1389 2150 1698 2209 generetur.
1741 2136 1878 2192 Nam
1929 2139 1978 2194 si

399 2249 524 2288 eum
555 2233 866 2302 procedere,
897 2233 1076 2302 ipsum
1106 2241 1191 2286 εει
1219 2231 1366 2302 gigni
1394 2250 1407 2286 :
1451 2231 1614 2302 igitur
1641 2246 1767 2285 cum
1798 2246 1980 2286 rever-

400 2327 552 2392 titur,
589 2325 736 2397 gigni
772 2325 990 2380 desinit.
1008 2323 1306 2394 Postquam
1333 2323 1477 2378 enim
1512 2327 1578 2378 ad
1604 2322 1774 2378 Deum
1796 2339 1974 2379 rever-

399 2419 543 2485 terit,
575 2417 717 2473 Deus
743 2433 935 2474 rursus
967 2417 1166 2473 silebit.
1196 2415 1361 2486 Atqui
1396 2416 1441 2470 si
1465 2415 1664 2480 silebit,
1695 2416 1802 2470 erit
1828 2415 1977 2485 quod

399 2525 464 2565 eo
510 2511 704 2565 silente
739 2518 877 2577 erat,
943 2524 1138 2579 nempe
1187 2508 1367 2578 quies,
1405 2523 1513 2562 non
1549 2515 1732 2561 autem
1790 2520 1975 2560 rerum

398 2605 625 2672 creatio,
665 2619 787 2674 quae
818 2602 1044 2674 proinde
1089 2601 1252 2657 ﬁnem
1301 2601 1542 2656 habebit.
1588 2599 1723 2654 Nam
1761 2609 1818 2653 ut
1851 2613 1979 2669 pro-

399 2698 623 2752 cedente
640 2696 846 2761 Vcrbo,
869 2695 1026 2750 facta;
1053 2702 1183 2750 sunt
1210 2703 1265 2748 et
1289 2694 1616 2748 exstiterunt
1634 2707 1721 2746 res
1737 2700 1932 2745 creatae
1959 2709 1972 2744 :

399 2790 474 2843 ita
492 2798 807 2845 recurrente
836 2786 1036 2849 Verbo,
1061 2785 1172 2855 jam
1202 2800 1312 2838 non
1339 2785 1572 2854 amplius
1594 2785 1860 2838 exsistent
1888 2799 1975 2838 res

399 2891 613 2936 creatae.
651 2879 793 2946 Quid
826 2880 991 2950 igitur
1029 2893 1123 2932 eas
1171 2878 1287 2932 tieri
1322 2893 1460 2946 opus
1487 2877 1610 2940 fuit,
1639 2876 1684 2931 si
1722 2890 1847 2931 esse
1874 2876 1974 2929 de-

399 2971 611 3025 sinent?
634 2969 747 3035 Vel,
777 2985 947 3039 quare
977 2969 1193 3029 locutus
1216 2977 1299 3022 est
1323 2966 1489 3032 Deus,
1523 2976 1582 3022 ut
1607 2976 1731 3037 post
1753 2967 1868 3020 haec
1897 2967 1974 3021 si-

397 3062 567 3116 leret?
611 3060 720 3116 Cur
759 3075 884 3115 vero
913 3059 1140 3129 protulit
1166 3073 1328 3128 quem
1349 3058 1543 3113 deinde
1573 3058 1836 3113 revocat?
1862 3057 1973 3114 Cur

397 3173 520 3212 eum
557 3157 750 3226 gignit,
793 3154 949 3224 cujus
1002 3154 1407 3224 generationem
1457 3153 1620 3206 linem
1666 3151 1836 3206 voluit
1865 3151 1968 3205 ha-

397 3252 868 3308 bere?lncertum
917 3259 1098 3305 autem
1139 3259 1224 3304 est
1269 3249 1399 3318 quid
1461 3247 1658 3303 iterum
1713 3248 1838 3303 erit.
1871 3245 1968 3304 Vel

400 3343 545 3398 enim
577 3358 790 3412 semper
807 3341 1074 3396 taciturus
1095 3349 1200 3404 est,
1223 3339 1309 3394 vel
1331 3355 1523 3396 rursus
1549 3347 1631 3394 est
1663 3339 1965 3410 geniturus,

2085 499 2168 550 δτι
2203 497 2316 567 (70)
2351 499 2450 551 οὑκ
2477 498 2592 552 ἐστι
2623 499 2738 564 νῦν,
2769 501 2905 569 ὅπερ
2933 495 3000 569 ἦν
3037 499 3130 550 καὶ
3160 497 3335 553 ἔσται.
3373 499 3532 568 Λέγω
3556 499 3618 554 δέ
3638 516 3652 530 ·

2086 591 2149 643 Εἰ
2180 591 2237 643 ἐν
2265 589 2383 659 Θεῷ
2409 585 2477 662 ἦν
2501 593 2788 664 πρότερον,
2816 593 2907 646 καὶ
2932 592 3068 662 μετὰ
3092 590 3264 644 ταῦτα
3284 591 3446 645 πάλιν
3470 591 3658 646 ἔσται’

2085 685 2263 755 δῆλον,
2299 685 2380 738 ὃτι
2407 686 2508 738 οὑκ
2543 685 2657 738 ἐστι
2699 685 2794 739 νῦν
2823 687 2880 739 ἐν
2907 685 2984 755 τῷ
3031 684 3148 754 Θεῷ
3193 687 3222 738 6
3269 684 3462 753 Λόγος.
3519 687 3660 741 Ἀλλ’

2088 777 2299 847 ἐλέγχει
2344 777 2564 841 τούτους
2595 781 2623 831 6
2660 777 2864 849 Κύριος
2903 777 3078 845 λέγων
3103 793 3117 806 ⁸
3161 776 3302 844 Ἐγὼ
3344 778 3414 830 ἐν
3449 776 3528 842 τῷ
3549 781 3660 831 Παρ

2087 870 2200 937 τρὶ,
2221 869 2319 922 καὶ
2337 873 2369 923 ό
2400 869 2603 937 Πατὴρ
2628 870 2698 923 ὲν
2722 870 2870 939 ἐμοί’
2898 869 3039 922 οῦτω
3062 868 3170 940 γάρ
3201 871 3317 921 ἐστι
3335 868 3449 934 νῦν,
3473 867 3663 942 ὥσπερ

2091 955 2160 1030 ἦν
2188 961 2292 1014 ἀεί.
2326 962 2389 1013 Et
2424 961 2481 1014 δὲ
2509 960 2652 1013 οὕτω
2677 961 2770 1014 νῦν
2807 962 2977 1024 ἐστιν,
3016 960 3205 1030 ὥσπερ
3232 956 3300 1031 ἦν
3326 961 3444 1013 ἀεί·
3478 960 3661 1030 δῆλον,

2086 1053 2166 1106 ὅτι
2193 1054 2254 1105 οὐ
2283 1053 2413 1106 ποτὲ
2442 1054 2540 1124 μὲν
2563 1055 2836 1122 ἐγεννᾶτο,
2867 1053 2994 1106 ποτὲ
3021 1053 3078 1106 δὲ
3103 1051 3163 1105 οὗ
3188 1071 3201 1083 ·
3237 1053 3361 1106 οὑδὲ
3391 1055 3525 1107 ποτέ
3564 1055 3664 1126 μὲν

2086 1146 2144 1197 ὲν
2170 1144 2291 1215 Θεῷ
2337 1146 2537 1216 ήσυχία
2574 1141 2662 1216 ἦν,
2703 1145 2834 1198 ποτὲ
2878 1145 2933 1197 δὲ
2973 1143 3186 1198 ἐλάλει*
3235 1145 3349 1198 ἀλλ’
3389 1145 3536 1199 ἔστιν
3575 1147 3664 1200 ἀεὶ

2086 1236 2295 1308 Πατὴρ,
2333 1237 2427 1290 καὶ
2462 1236 2590 1300 Υἱὸς
2613 1239 2642 1289 6
2677 1236 2866 1290 τούτου
2894 1236 3085 1305 Λόγος,
3117 1238 3216 1289 οὑκ
3252 1237 3474 1308 ὀνόματι
3502 1238 3664 1308 μόνον

2085 1327 2276 1396 Λόγος,
2311 1328 2433 1380 οὑδὲ
2479 1327 2600 1380 κατ’
2641 1328 2883 1380 ἐπίνοιαν
2933 1327 3112 1390 Υίὸςό
3148 1328 3319 1395 Λόγος
3366 1328 3500 1398 (71),
3545 1327 3662 1380 ἀλλ’

2085 1419 2344 1491 ὑπάρχων
2388 1419 2672 1489 ὁμοούσιος
2704 1418 2784 1490 τῷ
2831 1419 3040 1490 Πατρίυ
3077 1420 3136 1471 οὑ
3177 1418 3242 1471 δι’
3279 1420 3427 1489 ἡμᾶς
3470 1436 3665 1489 γεννη-

2087 1510 2232 1574 θείςο
2284 1513 2443 1581 ἡμεῖς
2475 1509 2583 1581 γὰρ
2625 1510 2692 1562 δι’
2726 1512 2931 1564 ἐκεῖνον
2959 1510 3280 1579 γεγόναμεν.
3321 1511 3474 1570 Ἐπεὶ
3513 1511 3561 1562 εἱ
3593 1509 3664 1562 δι’

2085 1603 2234 1672 ἡμᾶς
2273 1600 2558 1672 ἐγεννήθη,
2597 1602 2692 1654 καὶ
2731 1603 2787 1655 ὲν
2815 1600 2894 1672 τῷ
2922 1601 3279 1670 γεγεννῆσθαι
3314 1601 3477 1653 αὑτὸν
3515 1601 3664 1653 ἐκτί-

2088 1693 2294 1765 σθημεν
2338 1693 2475 1764 (72),
2530 1692 2622 1746 καὶ
2660 1695 2725 1764 τῇ
2774 1693 3022 1763 γεννήσει
3060 1690 3223 1746 αὑτοῦ
3266 1691 3592 1761 συνέστηκεν
3625 1693 3660 1757 ἡ

2081 1785 2278 1851 κτίσις,
2319 1785 2610 1856 ἀνατρέχει
2649 1785 2706 1837 δὲ
2746 1785 2832 1838 ἵνα
2920 1786 3056 1854 ὅπερ
3083 1784 3345 1855 πρότερον
3369 1777 3437 1853 ἦν
3459 1799 3472 1812 ·
3502 1782 3658 1853 πρῶ-

2079 1894 2171 1930 τον
2209 1877 2308 1948 μὲν
2338 1877 2487 1930 ἔσται
2534 1876 2696 1930 πάλιν
2737 1876 2810 1948 μὴ
2839 1892 3178 1946 γεννωμενος
3208 1877 3235 1927 6
3260 1873 3557 1944 γεννηθείς.
3595 1875 3661 1927 Et

2079 1970 2188 2042 γὰρ
2226 1972 2260 2042 ή
2309 1969 2533 2042 πρόοδος
2580 1970 2744 2022 αὑτοῦ
2789 1970 3042 2040 γέννησίς
3083 1972 3250 2031 ἐστιν,
3297 1969 3329 2037 ή
3376 1967 3659 2036 ἀναδρομὴ

2081 2063 2241 2117 πάλιν
2274 2062 2450 2114 παῦλα
2482 2062 2582 2131 τῆς
2621 2062 2956 2132 γεννήσεως-ο
3003 2059 3295 2130 γενομένου
3335 2056 3442 2130 γὰρ
3491 2057 3658 2110 αὑτοῦ

2079 2155 2138 2207 ἐν
2166 2153 2244 2224 τῷ
2271 2153 2410 2224 Θεῷ,
2447 2153 2717 2223 σιωπήσει
2742 2149 2903 2205 πάλιν
2931 2152 2959 2202 ό
2992 2151 3143 2214 Θεός.
3175 2151 3236 2202 Ei
3275 2149 3330 2202 δὲ
3366 2150 3657 2219 σιωπήσει,

2079 2247 2230 2299 ἔσται
2262 2246 2419 2318 ⁵ὅπερ
2448 2242 2538 2316 ἦν,
2594 2244 2909 2306 σιωπῶντος
2941 2243 3127 2308 αὑτοῦ,
3180 2241 3381 2313 ἡσυχία
3407 2283 3420 2305 ,
3463 2243 3554 2294 καὶ
3595 2243 3658 2293 οὑ

2079 2340 2255 2402 κτίσις
2279 2356 2292 2368 ·
2323 2337 2591 2390 παύσεται
2620 2336 2728 2406 ἄρα
2765 2338 2798 2407 ἡ
2840 2336 3036 2398 κτίσις.
3080 2337 3290 2407 Ὥσπερ
3321 2334 3427 2406 γὰρ
3459 2335 3661 2404 προελ-

2079 2430 2261 2493 θόντος
2294 2427 2389 2482 τοῦ
2431 2429 2624 2496 Λόγου,
2675 2427 2898 2496 γέγονεν
2942 2429 2974 2497 ἡ
3024 2428 3220 2490 κτίσις,
3259 2427 3350 2479 καὶ
3385 2426 3651 2496 ὑπῆρξενο

2085 2521 2228 2574 οὑτω
2271 2517 2765 2590 παλινδρομοῦντος
2812 2517 2907 2571 τοῦ
2955 2518 3152 2586 Λόγου,
3199 2517 3296 2587 οὐχ
3339 2515 3572 2587 ὑπάρξει
3616 2519 3652 2586 ἡ

2076 2613 2252 2676 κτίσις
2286 2611 2418 2683 (75).
2467 2611 2561 2674 Τίς
2593 2606 2685 2664 οὖν
2728 2611 2887 2683 χρεία
2933 2609 3027 2662 τοῦ
3065 2608 3356 2677 γενέσθαι,
3411 2611 3459 2662 εί
3512 2609 3656 2662 παύ-

2079 2721 2229 2757 σεται
2254 2721 2269 2769 ;
2300 2705 2372 2757 Ἢ
2402 2702 2455 2755 τί
2487 2703 2581 2756 καὶ
2603 2702 2782 2756 ἐλάλει
2812 2703 2840 2754 6
2868 2700 3019 2765 Θεὸς,
3048 2703 3134 2754 ἵνα
3167 2699 3305 2770 μετὰ
3329 2700 3504 2755 ταῦτα
3535 2718 3662 2754 σιω-

2076 2799 2225 2869 πήσῃ
2256 2813 2270 2860 ;
2305 2796 2370 2849 Τί
2410 2795 2467 2848 δὲ
2506 2793 2867 2867 προεϐάλλετο
2891 2834 2906 2858 ,
2949 2795 3006 2848 ὃν
3055 2793 3442 2858 ἀνακαλεῖται;
3481 2791 3545 2845 Τί
3596 2791 3658 2846 δὲ

2076 2887 2172 2939 καὶ
2214 2886 2428 2954 ἐγέννα,
2460 2878 2521 2938 οὗ
2554 2883 2650 2954 τὴν
2689 2884 2942 2954 γέννησιν
2987 2881 3217 2935 παύσειν
3253 2881 3448 2954 heals;
3491 2881 3557 2933 Τί
3597 2881 3656 2935 δὲ

2077 2975 2238 3029 πάλιν
2273 2973 2447 3037 ἔσται,
2477 2971 2690 3043 ἄδηλον.
2727 2975 2797 3025 Ἢ
2827 2971 2934 3043 γὰρ
2965 2972 3231 3042 σιωπήσει
3273 2971 3390 3035 ἀεὶ,
3423 2971 3457 3042 ἢ
3491 2970 3656 3024 πάλιν

2075 3067 2364 3138 γεννήσει,
2401 3065 2494 3118 καὶ
2533 3065 2724 3135 ἑτέραν
2765 3064 2940 3118 κτίσιν
2974 3065 3247 3134 ἐπινοήσει
3270 3079 3283 3092 ·
3319 3064 3379 3116 οὑ
3411 3063 3522 3136 γὰρ
3554 3064 3656 3133 τὴν

2076 3156 2246 3226 αὐτὴν
2277 3155 2490 3227 ποιήσει
2514 3171 2529 3185 ·
2564 3155 2598 3224 ἢ
2632 3155 2742 3225 γὰρ
2775 3155 2840 3208 ἂν
2867 3154 3130 3225 διέμεινεν
3155 3156 3187 3225 ή
3209 3153 3474 3225 γενομένη
3495 3154 3608 3224 (74)
3637 3172 3650 3183 ·

2075 3248 2188 3302 ἀλλ’
2231 3247 2454 3318 ἑτέραν·
2485 3246 2794 3310 ἀκολούθως
2836 3246 2892 3298 δὲ
2936 3248 3030 3300 καὶ
3060 3246 3264 3317 ταύτην
3298 3247 3521 3310 παύσει,
3559 3248 3656 3300 καὶ

2077 3340 2271 3411 ἑτέραν
2301 3339 2598 3410 ὲπινοήσει,
2635 3337 2915 3392 καὶτοῦτο
2943 3340 3022 3404 είς
3052 3339 3297 3410 ἄπειρον.

401 3439 646 3508 aliasque
688 3453 776 3492 res
813 3435 1078 3492 creandas
1111 3435 1482 3506 cogitaturus;
1546 3451 1648 3490 nec
1702 3435 1848 3489 enim
1887 3436 2105 3492 easdem
2135 3444 2220 3490 est
2270 3434 2587 3502 eil'ecturus,
2617 3434 2818 3504 quippe
2874 3450 3013 3504 quas
3058 3434 3231 3490 factas
3281 3434 3653 3504 permansisse

399 3534 571 3589 satius
591 3532 823 3589 fuisset:
854 3531 949 3587 sed
979 3532 1114 3587 alias
1142 3532 1516 3603 producturus
1543 3539 1650 3596 est,
1695 3547 1832 3601 quas
1888 3532 2090 3588 delebit
2147 3532 2420 3598 similiter,
2476 3531 2724 3600 aliasque
2760 3532 2958 3586 iterum
3013 3532 3293 3603 cogitabit,
3349 3532 3512 3602 idque
3565 3532 3654 3586 in-

398 3628 567 3682 finite.

466 3721 553 3774 l5.
588 3719 750 3774 Forte
803 3730 986 3774 autem
1014 3719 1327 3790 hujusmodi
1352 3719 1538 3789 opinio
1561 3734 1624 3773 ex
1658 3717 1966 3774 Stoicorum

395 3811 581 3865 schola
602 3813 878 3866 emanavit
898 3811 1032 3882 (69),
1072 3812 1163 3881 qui
1197 3826 1393 3879 nempe
1425 3809 1595 3865 Deum
1626 3820 1818 3880 putant
1844 3827 1970 3866 con»

394 3898 536 3950 trahi
579 3914 880 3968 rursusque
909 3915 1033 3954 cum
1078 3899 1243 3953 rebus
1275 3900 1474 3954 creatis
1509 3899 1746 3960 dilatari.
1782 3899 1965 3952 inlini-

394 3997 553 4055 thue
583 3988 882 4056 quiescere.
912 3987 1066 4054 Quod
1094 3988 1240 4042 enim
1286 3987 1565 4052 dilatatur,
1617 3995 1961 4041 contractum

393 4078 682 4142 dilatatur;
713 4088 765 4132 et
799 4078 944 4148 quod
971 4078 1304 4143 extenditur,
1345 4087 1684 4131 contractum
1713 4076 1962 4130 extendi-

394 4178 481 4221 tur
507 4187 520 4221 :
554 4177 715 4238 atque
753 4169 896 4223 idem
925 4169 1144 4238 quidem
1161 4178 1261 4230 est,
1287 4167 1426 4222 nihil
1451 4177 1631 4222 autem
1664 4166 1809 4220 aliud
1832 4181 1964 4235 pra-

395 4266 475 4310 ter
499 4255 838 4309 aﬂ‘ectionem
874 4255 1168 4325 quamdam
1201 4256 1421 4326 patitur.
1457 4254 1645 4324 Itaque
1673 4254 1720 4308 si
1767 4250 1962 4309 Unitas

392 4350 634 4414 dilatata,
667 4348 809 4403 facta
847 4358 931 4403 est
957 4347 1227 4415 Trinitas;
1255 4350 1300 4404 si
1336 4350 1462 4404 item
1487 4347 1682 4404 Unitas
1722 4361 1808 4406 εει
1851 4349 1955 4403 Pa-

394 4452 492 4506 ter,
522 4438 761 4493 Trinitas
785 4452 911 4492 vero
935 4448 1018 4493 est
1049 4437 1228 4504 Pater,
1261 4438 1453 4507 Filius,
1474 4447 1528 4494 et
1567 4437 1804 4508 Spiritus
1827 4455 1956 4496 san-

2145 3719 2231 3772 15.
2275 3715 2445 3770 Τοῦτο
2484 3715 2542 3768 δὲ
2599 3713 2729 3777 ἴσως
2767 3715 2876 3768 ἀπὸ
2921 3714 3029 3768 τῶν
3061 3713 3314 3768 Στωϊκῶν
3367 3713 3605 3767 ὑπέλαϐε
3631 3753 3648 3776 ,

2070 3808 2560 3878 διαϐεϐαιουμένων
2595 3805 2975 3858 συστέλλεσθαι
3007 3806 3101 3859 καὶ
3117 3806 3277 3858 πάλιν
3310 3799 3650 3858 ἐκτείνεσθαι

2068 3899 2160 3950 τὸν
2191 3896 2323 3950 Θεὸν
2354 3895 2490 3965 μετὰ
2525 3894 2625 3964 τῆς
2655 3893 2906 3957 κτίσεως,
2951 3896 3044 3947 καὶ
3080 3895 3323 3966 ἀπείρως
3352 3893 3645 3949 παύεσθαι.

2069 3989 2142 4041 Τὸ
2174 3988 2282 4059 γὰρ
2325 3985 2728 4056 πλατυνόμενον
2761 3986 2870 4039 ἀπὸ
2921 3986 3235 4057 στενότητος
3278 3984 3644 4039 πλατύνεταιο

2069 4081 2164 4134 καὶ
2195 4081 2256 4133 τὸ
2283 4079 2658 4149 ἐκτεινόμενον
2708 4080 3136 4149 συνεσταλμένον
3187 4080 3485 4133 ἐκτείνεται
3506 4096 3518 4109 ’
3551 4081 3647 4134 καί

2069 4169 2200 4223 αὑτὸ
2236 4169 2334 4239 μὲν
2358 4167 2496 4230 ἔστι,
2528 4168 2692 4221 πλέον
2720 4169 2776 4222 δὲ
2814 4168 2964 4221 οὐδὲν
2998 4169 3030 4238 ἢ
3059 4167 3228 4231 πάθος
3259 4169 3539 4238 ὑπομένει.
3580 4169 3644 4222 El

2067 4261 2307 4330 τοίνυνή
2342 4260 2546 4323 Μονὰς,
2593 4257 2977 4318 πλατυνθεῖσα,
3019 4258 3209 4326 γέγονε
3253 4258 3460 4329 Τριάςο
3509 4260 3542 4329 ή
3585 4258 3644 4312 δὲ

2062 4351 2246 4413 Μονάς
2293 4351 2440 4404 ἐστιν
2493 4353 2521 4402 6
2575 4350 2766 4421 Πατὴρ
2801 4391 2816 4413 ,
2874 4350 3043 4421 Τριὰς
3093 4350 3148 4402 δὲ
3205 4351 3430 4422 Πατὴρ,
3487 4351 3639 4414 Υἱὸς,

2063 4443 2216 4511 ἆγιον
2263 4443 2377 4512 (75)
2426 4442 2650 4512 Πνεῦμα
2687 4459 2702 4472 ·
2760 4441 2976 4514 πρῶτον
3033 4443 3129 4512 μὲν
3190 4442 3553 4498 πλατυνθείσα
3603 4455 3638 4522 ἡ
3688 4511 3701 4526 ι

466 4573 575 4642 (69)
618 4571 922 4645 Stoicorum
952 4574 1274 4645 sententiam
1297 4574 1388 4645 psic
1420 4574 1652 4645 explicat
1688 4573 1953 4645 Diogenes
1985 4579 2037 4640 υ
2129 4575 2241 4645 (70)
2282 4574 2642 4630 Goblerianus
2665 4583 2719 4630 et
2739 4573 3089 4629 Felckmanni
3120 4573 3330 4644 primus
3352 4575 3442 4630 hic
3470 4587 3526 4630 et
3552 4577 3642 4630 in-

392 4641 638 4698 Laertius
664 4643 717 4713 in
747 4641 951 4696 Zenone
970 4686 985 4710 ,
1019 4653 1179 4713 prout
1207 4644 1332 4712 legit
1351 4641 1953 4713 JustusiLipsius'Phy-

390 4713 624 4782 siologiaz
654 4712 953 4766 Stoicorum
994 4712 1088 4767 lib.
1127 4729 1203 4776 ιι,
1234 4713 1504 4768 dissertat.
1540 4712 1605 4766 6:
1631 4712 1866 4782 Λέγουσι
1897 4712 1954 4767 δὲ

389 4785 591 4854 κόσμον
632 4782 832 4854 τριχῶς
855 4799 868 4812 ·
905 4784 1063 4854 αὑτόν
1086 4783 1268 4854 τεᾼτὸν
1306 4783 1446 4854 ΔΘεὸν
1493 4783 1594 4854 τὸν
1609 4783 1707 4852 τῆς
1735 4783 1953 4854 ἁπάσης

389 4851 571 4916 οὐσίας
609 4851 876 4923 ἰδιοποιὸν,
905 4853 962 4916 ὃς
986 4853 1048 4922 δὴ
1073 4851 1347 4923 ἄφθαρτός
1370 4855 1485 4904 ἐστι
1518 4853 1610 4923 καὶ
1641 4851 1951 4923 ἀγέννητος,

387 4923 718 4996 δημιουργὸς.
735 4922 812 4996 ῶν
834 4923 931 4996 τῆς
953 4921 1380 4996 διακοσμήσεως,
1403 4921 1543 4996 κατα
1568 4921 1953 4996 χρόνωνποιὰς

388 4991 666 5064 περιόδους
697 4992 1006 5064 ἀναλίσκων
1029 4995 1107 5055 εἰς
1138 4991 1325 5064 ἑαυτὸν
1344 4991 1460 5064 ,τὴν
1500 4991 1716 5064 ἃπασαν
1741 4993 1949 5056 ούσίαν,

387 5061 481 5116 καὶ
513 5063 672 5116 πάλιν
717 5062 776 5126 ἐξ
820 5061 1009 5114 ἑαυτοῦ
1037 5062 1256 5128 γεννῶν.
1302 5061 1354 5113 ld
1396 5061 1499 5124 est,
1537 5061 1791 5114 Mundam.
1834 5078 1952 5115 vero

389 5133 666 5202 triplicitcr
699 5133 878 5184 dicunt
913 5148 929 5184 :
971 5137 1140 5200 primo
1170 5133 1340 5200 ipsum
1365 5131 1549 5195 Deum,
1591 5133 1844 5185 universae
1872 5149 1953 5185 es»

387 5205 567 5256 sentite
596 5204 866 5270 proprium
895 5202 1210 5269 e/Iectorem,
1234 5203 1465 5270 quisane
1493 5203 1843 5270 corruptionis
1864 5216 1955 5253 ea:-

386 5289 501 5340 pers
535 5283 610 5325 est
647 5282 695 5324 et
740 5274 1021 5340 ingenitus,
1049 5273 1250 5324 ordinis
1286 5282 1335 5323 et
1382 5273 1740 5339 dispositionis
1777 5288 1950 5324 rerum

387 5343 582 5410 opifex,
623 5358 714 5409 per
746 5351 912 5394 certas
945 5353 1235 5411 temporum
1280 5342 1520 5406 periodos
1567 5343 1864 5394 uniuersam
1895 5342 1948 5393 in

385 5412 622 5480 seipsunr
645 5411 917 5463 absumens
951 5415 1249 5474 essentiam,
1269 5411 1560 5480 iterumque
1591 5426 1655 5464 ea:
1677 5412 1846 5479 seipso
1865 5411 1948 5480 gi-

384 5495 564 5551 gnens.
596 5479 810 5551 Sttidas
840 5482 1018 5551 habet,
1052 5481 1205 5545 Θεὸν,
1241 5482 1332 5534 καὶ
1361 5482 1452 5534 τὸν
1479 5479 1713 5551 ἀπάσης,
1748 5488 1861 5551 etc.
1885 5479 1942 5532 In

382 5548 634 5620 editione
653 5547 867 5602 Henrici
904 5549 1162 5620 Stephani
1195 5565 1322 5604 ann.
1354 5551 1512 5616 1570,
1561 5547 1820 5604 mendose
1850 5549 1947 5603 ha-

383 5618 562 5681 betur,
591 5617 680 5669 τὸν
699 5620 763 5670 ὲκ
784 5622 880 5688 τῆς
913 5617 1127 5688 ἀπᾶσης
1155 5620 1341 5685 οὐσίας
1366 5622 1533 5688 ποιόν,
1563 5621 1648 5676 vel
1680 5627 1736 5674 ut
1769 5620 1823 5674 in
1851 5633 1948 5674 n0-

383 5688 455 5742 tis
487 5688 824 5753 emendatur,
861 5688 1002 5752 ἰδίως
1037 5689 1207 5741 ποιόν.
1567 5694 1581 5702 “

2062 4645 2145 4700 Ira
2154 4689 2187 4717 ,ἡ
2199 4645 2462 4717 δηλονότι.

2135 4714 2261 4785 (71)’
2289 4714 2487 4785 Regius
2511 4725 2563 4770 et
2594 4714 2958 4784 Seguerianus
2991 4715 3194 4768 addunt
3219 4716 3246 4766 6
3274 4715 3464 4784 Λόγος,
3490 4717 3636 4786 quod

2063 4786 2119 4840 in
2153 4786 2273 4838 aliis
2301 4794 2354 4838 et
2385 4786 2546 4840 editis
2575 4786 2746 4839 deest.

2134 4855 2244 4922 (72)
2288 4853 2378 4909 Sic
2410 4871 2546 4909 mss.
2571 4862 2625 4908 et
2657 4855 3119 4922 editio‘jCommel.

2073 4955 2102 4997 τ
2121 4925 2242 4997 ,(75)
2283 4923 2641 4997 (joblerianus
2662 4935 2715 4997 ει
2741 4924 2781 4997 F_
2783 4925 3099 4997 elcktnanni
3109 4927 3346 4997 primus,
3362 4924 3628 4997 ὑπῆρξεν.

2058 4994 2259 5067 Ibidem
2283 4993 2412 5067 Reg.
2449 4994 2614 5067 Basil.
2650 4993 2885 5067 Anglic.,
2918 4996 3012 5067 Τίς
3044 4992 3136 5048 οὖν
3166 4999 3199 5067 ή
3231 4996 3408 5066 χρεία.
3429 4992 3551 5067 VA'tii
3580 5005 3636 5050 et

2058 5065 2224 5134 editio
2269 5062 2719 5134 Commeliniana,
2745 5062 2843 5128 Τίς
2873 5062 2982 5119 οὖν
3025 5062 3199 5134 χρείαζ
3233 5062 3379 5120 item
3424 5066 3628 5120 ibidem

2059 5133 2276 5188 Gobler.
2310 5142 2363 5188 et
2389 5133 2623 5188 Felckm.
2655 5134 2706 5194 1,
2737 5135 2928 5189 τούτου
2954 5133 3224 5202 γενέσθαι.

2127 5202 2237 5273 (74)
2281 5202 2531 5274 δίειὶεεζ
2565 5203 2790 5274 Sbguer.
2821 5203 2984 5260 Basil.
3015 5215 3070 5259 et
3098 5207 3309 5274 Anglic.
3344 5205 3413 5259 At
3445 5207 3629 5261 caeteri

2056 5287 2110 5345 et
2135 5274 2291 5345 editi:
2316 5273 2408 5326 καὶ
2442 5275 2570 5345 γάρ,
2600 5285 2704 5327 etc.
2742 5273 2863 5328 Mox
2890 5276 2958 5329 ad
2994 5273 3294 5343 marginem
3320 5274 3452 5345 Reg.
3500 5276 3627 5345 Seg.

2057 5292 2110 5327 ει
2135 5292 2285 5330 ειιιιι.
2316 5292 2408 5326 και
2442 5292 2514 5340 γα
2556 5314 2570 5336 ,
2600 5292 2704 5327 ειε.
2742 5292 2863 5328 ΜοΧ
2890 5292 2958 5329 aa
2994 5292 3294 5343 marginem
3321 5292 3452 5345 neg.
3500 5292 3570 5330 ac
3614 5319 3627 5330 .

2057 5343 2222 5416 Dasil.
2254 5342 2410 5416 Gobl.
2440 5355 2494 5396 et
2518 5292 2698 5416 Eelck.
2718 5346 2908 5416 Δ[Ιιιιεε
2941 5346 3218 5416 leguntur1
3244 5345 3471 5416 rumpi
3497 5293 3631 5416 σαξ-

2054 5414 2236 5485 6άτων
2257 5414 2352 5466 καὶ
2381 5413 2727 5485 περιτομῆς
2750 5412 2912 5469 Basil.
2944 5409 3115 5485 τομῆς
3138 5416 3155 5484 )
3183 5409 3285 5469 ὧδε
3309 5409 3537 5485 ἔκειντο.
3574 5414 3631 5468 Id

2052 5493 2153 5544 est,
2196 5482 2477 5536 Tractatus
2500 5484 2563 5537 de
2579 5482 2826 5538 sabbatis
2864 5495 2912 5537 et
2965 5482 3362 5538 circumcisione
3403 5484 3487 5536 hic
3528 5499 3628 5537 cz-

2054 5555 2252 5622 stabat.
2291 5552 2365 5622 De
2391 5568 2457 5606 eo
2487 5569 2711 5622 agemus
2741 5570 2841 5607 suo
2863 5555 3004 5609 loco.

2128 5621 2241 5690 (75)
2285 5621 2374 5678 Sic
2408 5621 2605 5695 Regius
2633 5633 2686 5679 et
2713 5623 3028 5693 Seguerian.
3059 5626 3127 5680 At
3154 5626 3245 5680 alii
3277 5633 3330 5679 et
3355 5621 3505 5689 editi,
3535 5622 3633 5677 καὶ

2058 5691 2229 5759 ἅγιον.
