3944 6222
422 279 524 338 687

1019 276 1078 332 S.
1119 275 1492 332 ATIlANASlI
1527 274 1678 332 OPP.
1722 273 1902 329 PARS
1939 272 1982 328 1.
2024 303 2092 314 -
2129 272 2505 329 HISTORICA
2543 272 2631 326 ET
2671 271 3090 330 DOGMATICA.

3559 269 3664 326 488

422 414 586 470 quam
613 399 888 455 dilatetur.
929 399 988 454 Si
1028 413 1088 455 ut
1117 397 1356 456 Verbum
1387 409 1442 456 et
1470 399 1709 470 Spiritus
1739 413 1864 454 cum
1900 397 1984 451 illo

2100 397 2160 449 τὸ
2187 396 2338 461 αὐτὸ,
2376 395 2488 449 ἀλλ’
2536 395 2758 466 ὕστερον
2793 394 3192 464 πλατυνόμενον
3211 432 3227 457 ,
3265 391 3408 462 ἔχειν
3451 389 3666 460 ἀνάγκῃ

420 505 583 560 esset,
642 501 1035 564 praeposterum
1073 504 1158 550 est
1186 495 1368 549 dicere
1413 494 1730 560 Unitatem;
1779 489 1995 556 deinde,

420 587 700 640 dilatatam
732 602 874 643 esse.
897 585 1008 642 Nec
1043 588 1191 641 enim
1243 588 1518 658 posterius
1543 598 1627 642 est
1661 585 1899 640 Verbum
1945 595 2000 640 et

423 675 679 746 Spiritus,
708 678 803 731 sed
837 691 1075 746 semper,
1108 692 1176 731 ne
1199 677 1448 732 videlicet
1472 676 1617 731 Deus
1658 677 1774 731 sine
1821 673 1996 728 Verbo

420 785 515 824 seu
551 770 764 824 ratione
785 784 906 824 esse
933 777 1178 839 putetur,
1211 770 1291 824 uti
1321 769 1566 823 sentiunt
1604 767 1818 822 Ariani.
1860 765 2000 832 Quo-

419 864 588 926 circa,
639 860 686 917 si
734 876 948 930 semper
1001 859 1104 915 fuit
1137 859 1374 915 Verbum
1411 868 1465 915 et
1485 857 1746 929 Spiritus,
1781 872 1998 926 semper

418 969 640 1024 quoque
663 953 886 1007 dilatata
917 951 1017 1006 fuit
1038 991 1053 1013 ,
1091 968 1196 1006 non
1229 960 1409 1005 autem
1440 950 1676 1019 primum
1724 948 1827 1003 fuit
1857 947 1994 1002 Uni-

419 1056 522 1102 tas.
557 1046 710 1113 Quod
742 1047 786 1100 si
814 1044 1084 1114 posterius
1109 1043 1336 1097 dilatata
1377 1054 1480 1109 est,
1521 1043 1797 1112 posterius
1831 1042 1995 1111 igitur

418 1150 502 1194 est
529 1137 791 1193 Verbum.
827 1136 885 1192 Si
931 1152 1060 1191 vero
1086 1143 1309 1205 propter
1355 1135 1610 1189 humanas
1641 1145 1851 1188 natura
1900 1149 1992 1188 as-

420 1230 786 1299 sumptionem
820 1229 1043 1283 dilatata
1081 1234 1185 1292 est,
1221 1234 1461 1296 tuncque
1515 1223 1661 1279 facta
1699 1236 1782 1279 est
1812 1223 1994 1277 Trini-

420 1331 544 1377 tas:
597 1322 760 1391 igitur
822 1330 946 1374 ante
1002 1328 1253 1375 naturam
1315 1319 1611 1373 humanam
1653 1329 1992 1388 assumptam

419 1415 660 1470 nondum
693 1423 808 1468 erat
835 1413 1094 1468 Trinitas.
1126 1411 1258 1468 Inde
1284 1413 1413 1467 item
1439 1420 1700 1481 sequetur
1745 1420 1804 1464 ut
1838 1411 1994 1466 Pater

419 1521 550 1562 caro
583 1506 761 1560 factus
784 1506 872 1568 sit,
904 1505 951 1561 si
975 1521 1172 1575 nempe
1204 1504 1341 1574 ipse,
1373 1505 1467 1574 qui
1494 1501 1694 1559 Unitas
1721 1512 1860 1568 erat,
1893 1504 1994 1559 ho-

418 1595 618 1649 minem
652 1595 981 1650 assumendo
1025 1594 1285 1650 dilatatus
1318 1602 1438 1650 est:
1489 1594 1584 1665 qui
1616 1603 1670 1649 et
1706 1594 1850 1649 idem
1879 1592 1994 1649 for-

419 1688 581 1742 tassis
602 1686 791 1742 Unitas
822 1696 1007 1757 postea
1034 1689 1156 1755 erit,
1197 1697 1250 1742 et
1283 1702 1436 1755 caro,
1469 1695 1545 1754 et,
1593 1687 1739 1757 quod
1771 1689 1990 1743 tertium

2097 489 2178 542 δεῖ
2198 490 2296 559 τὴν
2321 489 2521 552 αἰτίαν,
2546 488 2611 540 δι’
2640 488 2709 557 ἣν
2741 489 2835 542 καὶ
2872 484 3200 555 ἐπλατὺνθη.
3239 485 3303 537 El
3331 484 3432 555 μὲν
3460 479 3554 538 οὖν
3580 483 3669 536 ἵνα

2096 583 2267 651 Λόγος
2308 583 2400 634 καὶ
2443 579 2666 653 Πνεῦμα
2708 583 2838 652 συνῇ
2885 579 3053 649 αὐτῷ,
3095 576 3346 648 περιττὸν
3379 577 3439 630 τὸ
3466 576 3666 644 λέγειν,

2097 673 2280 737 Μονάς
2309 673 2441 745 (86)·
2465 669 2604 738 εἶτα,
2635 672 2958 742 ὲπλατύνθη.
2985 672 3059 724 Οὐ
3087 670 3195 742 γὰρ
3234 669 3459 740 ὕστερον
3497 667 3668 734 Λόγος

2095 767 2191 820 καὶ
2232 766 2474 836 Πνεῦμα,
2503 765 2617 820 ἀλλ’
2650 766 2758 828 ἀεὶ,
2807 766 2894 818 ἵνα
2925 763 2999 834 μὴ
3040 763 3231 830 ἄλογος
3275 764 3303 814 ὁ
3351 760 3483 822 Θεὸς
3526 759 3669 812 κατά

2095 859 2220 922 τοὺς
2247 858 2573 930 ’Λρειανούς.
2607 859 2794 922 Ὥστε,
2817 859 2866 910 εί
2899 857 2986 911 ἀεὶ
3011 852 3079 926 ἦν
3100 856 3268 923 Λόγος
3296 853 3389 906 καὶ
3417 851 3665 921 Πνεῦμα,

2095 952 2183 1005 ἀεὶ
2213 950 2442 1004 πλατεῖα
2468 991 2482 1015 ,
2519 952 2614 1003 καὶ
2647 951 2706 1003 οὐ
2739 950 2956 1023 πρῶτον
2999 949 3202 1012 Μονάς.
3251 948 3314 1000 Εἰ
3345 945 3401 999 δὲ
3445 944 3669 1014 ὕστερον

2095 1042 2425 1113 ὲπλατύνθη,
2464 1042 2690 1112 ὓστερον
2723 1042 2818 1095 καὶ
2849 1041 3040 1110 Λόγος.
3077 1042 3138 1093 Εἰ
3175 1039 3232 1092 δὲ
3265 1037 3354 1090 διὰ
3384 1037 3482 1107 τὴν
3508 1037 3669 1088 ὲναν-

2095 1135 2376 1208 θρὼπησιν
2411 1136 2738 1206 ὲπλατύνθη,
2780 1137 2873 1188 καὶ
2917 1134 3107 1203 γέγονε
3142 1131 3264 1184 τότε
3311 1129 3482 1199 Τριάς
3509 1146 3521 1158 ·
3562 1128 3670 1198 ἄρα

2096 1228 2202 1300 πρὸ
2237 1227 2339 1298 τῆς
2368 1227 2835 1300 ὲνανθρωπήσεως
2874 1223 3028 1278 οὔπω
3051 1219 3117 1294 ἦν
3146 1222 3334 1292 Τριάς.
3365 1220 3671 1289 Φανήσεται

2094 1321 2150 1374 δὲ
2183 1322 2210 1374 ὁ
2234 1321 2426 1393 Πατὴρ
2457 1320 2568 1390 (87)
2598 1319 2694 1374 καὶ
2725 1316 2962 1388 γεγονὼς
3001 1314 3158 1387 σὰρξ,
3193 1315 3306 1383 εἴγε
3345 1311 3527 1374 αὐτὸς,
3557 1311 3674 1364 Μο-

2093 1414 2191 1477 νάς
2221 1413 2319 1478 ὢν,
2350 1414 2406 1466 ὲν
2427 1413 2505 1483 τῷ
2535 1410 2807 1483 ἀνθρώπῳ
2833 1407 3136 1478 ὲπλατύνθη
3165 1423 3178 1437 ’
3206 1407 3300 1459 καὶ
3323 1406 3462 1474 τάχα
3485 1403 3673 1456 λοιπον

2093 1501 2277 1565 Μονάς
2301 1501 2452 1555 ἔσται
2481 1503 2577 1554 καὶ
2611 1501 2769 1572 σὰρξ,
2797 1499 2913 1562 καὶ,
2945 1498 3006 1552 τὸ
3032 1497 3236 1568 τρίτον,
3265 1495 3520 1564 Πνεῦμα·
3553 1491 3672 1559 εῐγε

2094 1595 2256 1658 αὐτὸς
2281 1593 2617 1664 ὲπλατύνθη·
2647 1593 2798 1646 ἔσται
2830 1592 2885 1645 δὲ
2911 1593 3005 1646 καὶ
3034 1586 3256 1661 ὀνόματι
3289 1587 3449 1660 μόνον
3477 1587 3668 1658 Τριάς.

2095 1688 2159 1740 Εἰ
2187 1688 2242 1740 δὲ
2271 1687 2357 1741 διὰ
2377 1687 2437 1740 τὸ
2465 1687 2648 1740 κτίσαι
2679 1684 3010 1755 ὲπλατύνθη,
3043 1685 3261 1738 ἄτοπον.
3295 1679 3528 1734 Δυνατὸν
3561 1676 3670 1748 γὰρ

415 1787 518 1844 est,
547 1777 804 1849 Spiritus,
853 1780 897 1833 si
932 1794 1126 1848 nempe
1155 1781 1270 1850 ipse
1307 1787 1391 1834 est
1427 1779 1522 1850 qui
1557 1779 1814 1836 dilatatus
1859 1789 1943 1836 est
1972 1801 1984 1836 :

2100 1776 2182 1853 ἦν,
2206 1781 2302 1834 καὶ
2327 1780 2546 1835 Μονάδα
2575 1779 2842 1851 μένουσαν
2877 1777 3046 1849 αὐτὴν
3077 1777 3211 1846 (88),
3243 1775 3422 1828 πάντα
3452 1773 3628 1825 ποιεῖν
3653 1787 3666 1799 ·

416 1885 480 1925 ac
509 1871 737 1941 proinde
764 1871 880 1926 solo
907 1872 1129 1926 nomine
1176 1870 1417 1927 Trinitas
1457 1870 1640 1926 futura
1671 1879 1775 1927 est.
1830 1871 1988 1939 Quod

416 1964 462 2018 si
487 1964 553 2018 ad
580 1965 874 2019 creandum
902 1963 1125 2019 dilatata
1159 1964 1403 2031 dicatur,
1443 1964 1497 2020 id
1542 1980 1764 2035 quoque
1801 1965 1991 2020 absur-

413 2056 543 2110 dum
571 2063 674 2111 est.
709 2055 852 2110 Fieri
882 2057 1028 2112 enim
1056 2065 1269 2126 poterat
1290 2065 1349 2111 ut
1376 2041 1492 2126 ipsa
1516 2072 1744 2112 manens
1769 2054 1986 2119 Unitas,

414 2149 599 2202 omnia
629 2148 880 2203 elliceret.
899 2146 1011 2204 Nec
1033 2149 1177 2204 enim
1207 2147 1526 2204 dilatatione
1552 2148 1830 2220 indigebat
1864 2148 1990 2203 Uni-

415 2243 520 2298 tas,
557 2251 657 2290 nec
691 2235 905 2290 inlirlna
956 2245 1075 2291 erat
1105 2237 1423 2308 priusquam
1458 2239 1800 2294 dilataretur.
1849 2237 1988 2294 Nam

413 2326 710 2382 absurdum
739 2336 792 2383 et
817 2328 1043 2399 impium
1078 2337 1163 2384 est
1185 2329 1240 2384 id
1263 2331 1330 2385 de
1351 2331 1463 2386 Deo
1477 2333 1678 2386 sentire
1705 2340 1759 2386 et
1782 2331 1983 2388 dicere.

413 2418 573 2472 Aliud
608 2418 829 2489 insuper
854 2421 1150 2474 absurdum
1186 2421 1312 2476 inde
1337 2433 1725 2493 consequetur.
1761 2421 1817 2478 Si
1839 2424 1987 2478 enim

411 2526 595 2565 rerum
636 2524 940 2566 creatarum
1001 2513 1172 2583 gratia
1231 2514 1454 2569 dilatata
1484 2522 1601 2583 est;
1653 2515 1699 2570 si
1744 2515 1984 2586 quandiu

410 2612 527 2656 erat
560 2600 773 2666 Unitas,
814 2605 1158 2659 ιιυιιωσεηιηι
1181 2621 1269 2661 res
1299 2614 1534 2661 creatae:
1573 2622 1697 2662 cum
1738 2615 1860 2677 post
1888 2606 1988 2660 ah-

2096 1872 2158 1926 οὐ
2191 1872 2299 1945 γάρ
2333 1871 2516 1943 ἐνδεὴς
2541 1867 2609 1942 ἦν
2630 1869 2948 1940 πλατυσμοῦ
2978 1872 3010 1940 ἡ
3052 1867 3257 1934 Μονὰς,
3291 1867 3412 1920 οὐδὲ
3439 1863 3670 1933 ἀσθενὴς

2095 1960 2164 2036 ἦν
2197 1965 2302 2037 πρὸ
2331 1964 2439 2035 (89)
2468 1963 2562 2018 τοῦ
2597 1962 2989 2032 πλατυνθῆναι.
3027 1963 3260 2014 ’Ἄτοπον
3286 1958 3395 2029 γὰρ
3423 1957 3519 2010 καὶ
3538 1957 3669 2008 ἀσε-

2097 2055 2192 2120 ϐὲς
2223 2055 2380 2108 τοῦτό
2415 2073 2479 2124 γε
2513 2055 2606 2108 ἐπὶ
2635 2053 2770 2108 Θεοῦ
2799 2055 2939 2107 νοεῖν
2984 2052 3076 2105 καὶ
3107 2051 3304 2119 λέγειν.
3350 2045 3672 2116 Ἀκολουθή-

2099 2163 2180 2199 σει
2216 2145 2272 2198 δὲ
2307 2145 2400 2199 καὶ
2435 2145 2562 2198 ἄλλο
2603 2144 2823 2199 ἄτοπον.
2864 2145 2927 2197 El
2961 2141 3070 2214 γὰρ
3106 2139 3218 2212 (90)
3249 2139 3338 2193 διὰ
3368 2139 3466 2210 τὴν
3492 2137 3672 2190 κτίσιν

2096 2238 2425 2310 ὲπλατύνθη,
2457 2238 2564 2302 ἓως
2593 2238 2648 2290 δὲ
2670 2237 2852 2302 Μονάς
2871 2232 2964 2306 ἦν,
2985 2236 3085 2290 οὐκ
3104 2231 3172 2306 ἦν
3205 2235 3238 2305 ἡ
3268 2232 3444 2296 κτίσις
3467 2249 3479 2261 ·
3505 2231 3671 2284 πάλιν

2093 2331 2150 2385 δὲ
2183 2331 2293 2402 (91)
2325 2331 2476 2384 ἔσται
2520 2330 2656 2402 μετά
2697 2329 2795 2401 τὴν
2829 2329 3139 2383 συντέλειαν
3177 2325 3362 2388 Μονὰς
3391 2323 3500 2378 ἀπὸ
3530 2323 3671 2376 πλα-

2093 2421 2300 2494 τυσμοῦ
2332 2438 2346 2452 ο
2379 2421 2804 2492 ἀναιρεθήσεται
2853 2420 2949 2474 καὶ
2990 2421 3024 2490 ἡ
3077 2418 3272 2481 κτίσις.
3307 2416 3518 2487 Ὥσπερ
3563 2413 3674 2486 γὰρ

2092 2513 2182 2566 διά
2221 2513 2282 2566 τὸ
2323 2512 2504 2566 κτίσαι
2574 2509 2924 2582 ὲπλατύνθη,
2981 2507 3158 2562 οὓτω·
3215 2505 3525 2578 παυομένου
3576 2501 3672 2557 τοῦ

2093 2603 2431 2675 πλατυσμοῦ,
2464 2603 2731 2657 παύσεται
2765 2603 2858 2656 καὶ
2883 2603 2917 2673 ἡ
2952 2600 3150 2664 κτίσις.

411 2698 646 2753 solutam
701 2701 1060 2764 creationem,
1089 2717 1280 2758 rursus
1314 2717 1345 2756 e
1390 2688 1615 2756 dilatata
1660 2701 1775 2756 ﬁeri
1821 2702 2018 2758 debeat
2054 2697 2290 2768 Unitas;
2328 2701 2517 2770 utique
2567 2697 2895 2753 delebuntur
2941 2709 3160 2767 quoque
3197 2709 3285 2748 res
3348 2702 3564 2748 creatae.
3602 2685 3675 2741 Ut

410 2795 556 2848 cnim
579 2796 802 2850 creandi
825 2811 990 2851 causa
1013 2797 1238 2853 dilatata
1263 2807 1366 2863 est;
1394 2798 1468 2852 ita
1489 2813 1613 2852 cum
1631 2799 1854 2854 dilatata
1871 2813 1994 2854 esse
2034 2797 2268 2860 desinet,
2303 2796 2568 2852 exsistere
2597 2794 2850 2850 similiter
2867 2793 3119 2848 desinent
3144 2806 3234 2846 res
3263 2797 3476 2845 create.

483 2888 572 2942 15.
605 2886 730 2942 Haac
754 2888 938 2959 itaque
966 2890 1203 2945 absurda
1231 2907 1298 2945 ex
1321 2892 1412 2945 illa
1435 2893 1682 2948 orientur
1706 2893 1982 2964 opinione,

411 2992 518 3046 qua
551 2975 743 3032 Unitas
773 2979 828 3033 in
874 2977 1195 3036 Trinitatem
1243 2980 1458 3036 dilatari
1503 2982 1721 3038 dicitur.
1754 2982 1985 3050 Quando

336 3069 350 3084 °
414 3081 540 3120 vero
571 3067 663 3136 qui
716 3068 790 3122 ita
821 3067 1085 3132 sentiunt,
1116 3067 1354 3123 Verbum
1385 3078 1439 3124 ct
1492 3069 1688 3125 Filium
1745 3071 1987 3128 dividere

411 3156 632 3224 audent,
662 3159 1109 3229 contenduntque
1132 3160 1280 3214 aliud
1306 3176 1427 3216 esse
1456 3159 1716 3230 Verbum,
1741 3173 1796 3219 et
1819 3164 1985 3219 alium

414 3242 652 3313 Filium,
684 3246 838 3316 prius
871 3245 1110 3302 Verbum
1164 3265 1305 3315 esse,
1345 3250 1540 3307 deinde
1593 3251 1792 3307 Filium
1821 3271 1836 3307 :
1868 3270 1985 3325 age,

409 3336 517 3392 ista
546 3354 781 3409 quoque,
817 3340 863 3395 si
897 3340 1096 3411 placet,
1129 3342 1547 3411 perpendamus.
1603 3342 1768 3401 Varia
1802 3356 1985 3402 autem

416 3429 634 3484 illorum
669 3439 756 3486 est
806 3432 1103 3488 temeritas.
1153 3433 1258 3488 Alii
1309 3435 1455 3490 enim
1493 3437 1792 3501 hominem,
1823 3455 1988 3509 quem

419 3523 670 3578 Salvator
697 3526 1014 3595 assumpsit,
1040 3525 1238 3581 Filium
1263 3543 1384 3583 esse
1406 3529 1634 3586 volunt:
1658 3531 1749 3584 alii
1774 3538 1990 3586 utrum-

415 3631 543 3686 que,
577 3631 772 3686 nempe
803 3617 1080 3672 hominem
1119 3628 1172 3673 et
1206 3616 1462 3683 Verbum,
1508 3632 1638 3675 tunc
1665 3619 1862 3676 Filium
1905 3621 1990 3677 fa-

408 3715 557 3761 ctum
603 3705 778 3762 fuisse
827 3716 1039 3775 putant,
1095 3724 1220 3764 cum
1258 3709 1403 3764 inter
1451 3725 1511 3765 se
1561 3711 1799 3782 copulati
1835 3723 1983 3769 sunt.

409 3799 516 3853 Alii
549 3805 731 3854 autem
772 3799 1108 3855 arbitrantur
1140 3801 1318 3870 ipsum
1345 3799 1586 3857 Verbum
1621 3811 1751 3860 tunc
1780 3803 1983 3860 Filium

411 3890 614 3945 factum
662 3905 804 3957 esse,
863 3905 989 3946 cum
1040 3891 1205 3946 homo
1241 3891 1418 3948 factus
1449 3902 1574 3949 est:
1605 3892 1890 3966 Siquidem
1916 3911 1982 3951 ex

411 3977 612 4046 Verbo,
651 3979 927 4050 inquiunt,
957 3979 1134 4036 factus
1162 3990 1248 4036 est
1299 3981 1493 4050 Filius,
1535 3985 1628 4054 qui
1658 3997 1817 4041 antea
1874 4001 1986 4040 non

409 4070 614 4138 Filius,
660 4073 753 4127 sed
793 4073 1058 4128 duntaxat
1095 4071 1328 4129 Verbum
1360 4083 1496 4130 erat.
1551 4076 1724 4132 Porro
1758 4086 1988 4148 uterque

409 4183 564 4222 error
599 4170 911 4223 Stoicorum
943 4178 1046 4234 est,
1087 4187 1197 4241 quo
1227 4181 1282 4226 et
1314 4171 1456 4228 Deus
1499 4172 1713 4227 dilatari
1761 4173 1984 4242 dicitur,

407 4270 463 4314 et
491 4259 661 4315 Filius
688 4260 854 4332 498
878 4271 1126 4333 negatur.
1159 4261 1331 4319 Valde
1359 4275 1540 4320 autem
1572 4265 1705 4320 illud
1740 4267 1985 4337 ineptum

410 4362 495 4408 est
541 4353 705 4424 quod,
759 4369 884 4408 cum
919 4352 1161 4408 Verbum
1209 4363 1510 4425 agnoscant
1561 4365 1615 4411 et
1647 4357 1935 4413 nominent
1963 4399 1978 4424 ,

2168 2892 2254 2946 15.
2288 2891 2526 2945 Τοιαῦτα
2555 2891 2652 2961 μὲν
2674 2884 2768 2943 οὖν
2794 2889 2969 2943 ἄτοπα
2991 2889 3055 2942 ὲκ
3076 2887 3169 2940 τοῦ
3197 2882 3558 2939 πλατύνεσθαι
3583 2881 3674 2934 λέ-

2090 3001 2208 3055 γειν
2241 2985 2320 3048 είς
2348 2983 2555 3055 Τριάδα
2583 2982 2680 3056 τὴν
2721 2981 2938 3037 Μονάδα
2981 2980 3300 3050 ἀπαντήσει.
3362 2973 3580 3045 Ἐπειδὴ
3615 2974 3675 3027 δὲ

2091 3077 2142 3130 οἱ
2174 3075 2286 3147 (92)
2320 3074 2477 3128 τοῦτο
2519 3074 2772 3144 λέγοντες
2817 3071 3057 3145 τολμῶσι
3105 3070 3332 3141 διαιρεῖν
3362 3067 3534 3136 Λόγον
3581 3067 3677 3119 καὶ

2092 3168 2220 3221 Υίὸν
2243 3206 2257 3230 ,
2294 3167 2388 3220 καὶ
2419 3166 2598 3235 λέγειν
2633 3165 2790 3221 ἄλλον
2823 3164 2920 3235 μὲν
2955 3158 3096 3218 εἶναι
3121 3160 3414 3228 τὸνΛόγον
3437 3197 3451 3222 ,
3484 3157 3676 3228 ἕτερον

2089 3260 2146 3314 δὲ
2177 3259 2266 3312 τὸν
2296 3258 2445 3321 Υίὸν,
2474 3259 2570 3311 καὶ
2597 3257 2861 3330 πρότερον
2898 3255 2995 3326 μὲν
3025 3249 3164 3307 εἶναι
3193 3253 3285 3306 τὸν
3314 3251 3506 3320 Λόγον,
3554 3244 3677 3302 εἶτα

2089 3351 2181 3405 τὸν
2209 3350 2337 3404 Υἱόν
2377 3349 2490 3420 (95)
2513 3365 2526 3376 ·
2547 3349 2713 3419 φέρε,
2742 3347 2838 3400 καὶ
2865 3347 2996 3419 περὶ
3015 3344 3222 3398 τούτων
3256 3343 3475 3412 ῐδωμεν.
3517 3341 3676 3394 Ἔστι

2089 3443 2146 3497 δὲ
2173 3443 2378 3497 τούτοιν
2408 3441 2665 3513 διάφορος
2695 3441 2729 3510 ὴ
2764 3439 2959 3510 τόλμα.
2987 3439 3052 3492 Οἱ
3079 3437 3184 3508 μὲν
3214 3435 3322 3506 γὰρ
3351 3435 3440 3488 τὸν
3463 3433 3676 3505 ἄνθρω-

2090 3552 2190 3588 πον
2211 3577 2225 3601 ,
2265 3535 2324 3589 ὃν
2357 3531 2617 3589 ἀνέλαϐεν
2641 3534 2670 3586 ὁ
2694 3530 2884 3602 Σωτὴρ
2902 3571 2917 3596 ,
2947 3529 3106 3584 αὐτὸν
3138 3523 3277 3582 εἶναι
3307 3526 3398 3581 τὸν
3430 3526 3558 3579 Υἱδν
3584 3525 3676 3579 λέ-

2089 3642 2277 3695 γουσιν
2295 3643 2310 3656 ι
2339 3625 2389 3678 οἱ
2413 3625 2469 3678 δὲ
2491 3624 2552 3677 τὸ
2587 3623 3014 3694 συναμφότερον,
3041 3621 3131 3674 τόν
3171 3637 3233 3674 τε
3266 3618 3554 3690 ἄνθρωπον
3578 3618 3676 3672 καὶ

2088 3718 2164 3770 τὸ.
2211 3717 2406 3785 Λόγον,
2439 3715 2566 3770 Υἱὺν
2599 3714 2721 3768 τότε
2757 3713 3241 3785 γεγενῆσθαι,.ὅτε
3298 3709 3670 3782 συνήφθησαν.

2093 3808 2278 3862 ’Λλλοι
2307 3808 2364 3862 δέ
2387 3809 2525 3861 εἰσιν
2548 3808 2598 3861 οἱ
2619 3805 2886 3873 λέγοντες,
2909 3804 3074 3859 αὑτὸν
3101 3804 3191 3857 τὸν
3211 3803 3383 3872 Λόγον
3397 3803 3519 3855 τάτε
3542 3801 3674 3854 Υίὸν

2089 3899 2435 3970 γεγενῆσθαι,
2457 3901 2545 3953 ὅτε
2562 3897 2718 3969 ὲνηνθ
2727 3896 3002 3970 ρώπησενο
3035 3896 3167 3951 ’Λπὺ
3183 3896 3289 3967 γὰρ
3299 3895 3493 3964 Λόγου,
3512 3895 3670 3963 φασὶ,

2089 3992 2308 4061 γέγονεν
2343 3992 2492 4055 Υἱὸς,
2519 3993 2620 4046 οὐκ
2647 3991 2728 4046 ὢν.
2753 3991 3017 4063 πρότερον
3037 3990 3186 4054 Υἱὸς,
3220 3989 3355 4043 ἀλλά
3377 3989 3549 4057 Λόγος
3577 3989 3675 4059 μό-

2089 4099 2198 4136 νον.
2258 4082 2472 4148 Στωῖκά
2506 4082 2602 4152 μὲν
2643 4077 2736 4136 οὖν
2773 4082 3086 4154 ἀμφότερα,
3121 4081 3182 4135 τό
3211 4097 3273 4133 τε
3306 4079 3672 4133 πλατύνεσθαι

2088 4172 2269 4242 λέγειν
2292 4173 2382 4226 τὸν
2407 4173 2559 4239 Θεὸν,
2584 4174 2677 4226 καὶ
2704 4173 2984 4245 ἀρνεῖσθαι
3004 4172 3098 4226 τὸν
3125 4172 3274 4226 Υίόν.
3297 4171 3455 4225 Κατά
3483 4186 3674 4239 περιτ-

2088 4265 2178 4318 τὸν
2208 4265 2264 4318 δὲ
2291 4265 2516 4335 ἀνόητον
2535 4306 2550 4331 ,
2581 4267 2727 4337 61t,_
2750 4264 3106 4336 ὀνομάζοντες
3132 4261 3304 4331 Λόγον
3324 4301 3338 4325 ,
3377 4261 3674 4334 ἀρνοῦνται

2089 4359 2249 4413 αὑτὸν
2288 4358 2418 4413 Υἰδν
2445 4354 2606 4413 εἶναι.
2640 4359 2704 4412 Εἰ
2733 4358 2831 4429 μὲν
2865 4357 2972 4430 γὰρ
2997 4358 3098 4411 οὐκ
3141 4355 3288 4409 ἔστιν
3314 4357 3379 4410 ὲκ
3407 4355 3501 4408 τοῦ
3531 4355 3672 4408 Θεοῦ

411 4445 589 4514 ipsum
620 4443 818 4500 Filium
841 4460 963 4501 esse
985 4444 1310 4501 inﬁtiantur.
1338 4445 1631 4503 Enimvero
1661 4448 1708 4503 si
1736 4446 1977 4504 Verbum

2100 4451 2115 4502 5
2144 4449 2338 4518 Λόγος,
2369 4450 2593 4513 εἰκότως
2617 4449 2684 4502 ἂν
2715 4449 2877 4503 αὑτὸν
2903 4450 3149 4518 ἀρνοῖντο
3169 4442 3309 4501 εἶναι
3337 4447 3468 4500 Υίόν
3489 4464 3502 4477 ·
3535 4448 3584 4500 εἰ
3612 4447 3674 4500 δὲ

407 4551 475 4591 ex
508 4535 620 4592 Deo
670 4551 776 4592 non
821 4545 989 4604 esset,
1041 4538 1186 4594 haud
1235 4539 1509 4595 immerito
1561 4540 1739 4610 ipsum
1786 4539 1982 4598 Filium

407 4646 531 4686 esse
557 4644 835 4701 negarent.
857 4629 926 4684 At
955 4629 1002 4686 si
1027 4645 1093 4686 ex
1115 4631 1226 4686 Deo
1247 4639 1352 4698 est,
1379 4647 1478 4686 cur
1503 4647 1611 4686 non
1642 4634 1984 4703 perspiciunt

407 4719 482 4782 id,
517 4719 664 4789 quod
687 4735 752 4774 ex
781 4719 965 4789 aliquo
987 4721 1234 4786 exsistit,
1267 4721 1438 4775 ﬁlium
1467 4720 1590 4792 ejus
1618 4738 1742 4778 esse
1765 4739 1833 4779 ex
1855 4741 1966 4795 quo

405 4810 531 4865 est?
571 4809 792 4873 Deinde,
816 4811 862 4865 si
903 4808 1060 4864 Verbi
1088 4809 1229 4865 Deus
1264 4809 1422 4864 Pater
1470 4821 1574 4874 est,
1609 4811 1802 4880 quidni
1840 4811 1981 4867 Ver-

481 5036 589 5109 |86)
629 5035 950 5109 Βοκίας-(ξιῄ
976 5033 1363 5109 Seguerianus,
1415 5037 1631 5102 Μονάς
1669 5035 1806 5103 εἶτα,
1836 5047 1966 5108 etc.,

404 5101 606 5177 puncto
627 5101 779 5178 inter
808 5105 990 5170 Μονάς
1021 5101 1075 5162 εἰ
1103 5101 1224 5178 εἶτα
1269 5101 1608 5178 interposito.
1637 5110 1740 5164 Alii
1765 5101 1820 5166 et
1851 5101 1967 5166 edi;

405 5173 466 5252 i_i,
497 5176 681 5252 Μονὰς
719 5173 1026 5252 ,εξταεμθιοη
1052 5173 1428 5252 coniunctim.—
1443 5177 1614 5252 Paulo
1661 5189 1789 5252 post
1833 5180 1966 5252 Reg.

408 5246 531 5318 ch.
557 5256 609 5318 et
635 5246 818 5312 Gobl.,
835 5247 1028 5318 ἄλογος
1043 5247 1248 5318 ὁ-Θεός.
1268 5248 1372 5302 Alii
1397 5259 1452 5302 et
1481 5250 1608 5303 editi
1633 5246 1964 5318 demittunt.

405 5315 537 5391 Ibid.
571 5317 702 5391 Reg.
881 5315 1230 5391 gobl._B_asil.
1260 5327 1314 5373 et
1342 5320 1652 5390 Anglican.,
1683 5317 1751 5391 ἦν
1769 5321 1963 5390 Λόγος.

406 5385 595 5459 Ceteri
623 5383 677 5459 et
707 5383 864 5459 editi,
883 5383 952 5459 ἦν
976 5388 1004 5440 ό
1035 5387 1225 5456 Λόγος.

475 5456 588 5524 (8⁵1)
625 5455 716 5511 Sic
741 5457 869 5524 Regi

475 5473 588 5536 (σι)
626 5473 716 5511 mc
741 5473 940 5578 Regius
961 5473 1086 5512 coue

405 5524 585 5598 editis,
621 5529 714 5598 καὶ
739 5527 797 5598 se
846 5529 1086 5598 (Πατήρ,

481 5595 590 5662 (88)
619 5593 1123 5670 ΔΞὶιιηβιιξςίιὶσξηεὶξγει
1149 5599 1478 5670 Anglicanus
1502 5610 1663 5670 atque
1688 5601 1760 5656 ita
1780 5615 1968 5656 emen-

481 5618 590 5662 ιοο)
631 5618 718 5648 me
738 5618 1049 5653 nasmensrs
1070 5618 1123 5652 et
1149 5618 1227 5652 nn
1269 5618 1478 5657 ncanus
1502 5618 1663 5670 atque
1688 5618 1760 5656 Ila
1780 5618 1963 5656 emen-

407 5661 593 5741 datum
618 5665 670 5718 in
703 5664 976 5749 RegipaAt
999 5668 1090 5748 alii
1118 5679 1172 5748 et
1195 5618 1359 5754 editio
1385 5671 1963 5757 glommeliniaqagpsv

2092 4542 2156 4594 ὲκ
2179 4540 2273 4594 τοῦ
2297 4539 2430 4594 Θεοῦ
2459 4543 2594 4606 ἐστι,
2615 4541 2703 4594 διὰ
2730 4539 2784 4594 τί
2809 4540 2882 4612 μὴ
2906 4540 3222 4613 συνορῶσιν,
3243 4541 3325 4594 ὅτι
3348 4539 3410 4592 τὸ
3438 4539 3501 4593 ἐκ
3527 4557 3674 4603 τινος

2091 4633 2334 4704 ὑπάρχον
2367 4634 2480 4696 υἱός
2525 4635 2671 4688 ἐστιν
2705 4634 2914 4688 ἐκείνου
2935 4673 2949 4696 ,
2999 4633 3058 4700 ἐξ
3087 4626 3148 4686 οὗ
3184 4634 3280 4687 καὶ
3308 4631 3487 4698 ἔστιν;
3535 4626 3673 4685 Εἶτα

2089 4728 2138 4779 εί
2177 4724 2274 4778 τοῦ
2309 4726 2481 4794 Λόγου
2515 4727 2708 4796 Πατήρ
2734 4728 2880 4778 ἐστιν
2925 4727 2953 4778 ὁ
2983 4723 3151 4788 Θεὸς,
3189 4725 3278 4777 διὰ.
3309 4725 3362 4778 τί
3394 4723 3470 4796 μὴ
3502 4725 3596 4778 καὶ
3643 4728 3674 4780 ὁ

2089 4817 2260 4885 Λόγος
2295 4816 2420 4880 Υἱὸς
2452 4816 2517 4871 ἂν
2563 4816 2650 4887 εἴη
2681 4816 2777 4871 τοῦ
2807 4815 2999 4870 ἑαυτοῦ
3031 4815 3276 4888 Πατρός;
3331 4817 3522 4888 Πατὴρ
3559 4815 3673 4888 γὰρ

2084 5037 2272 5096 οὖσαν.

2158 5113 2272 5184 (89)
2316 5111 2408 5169 Sic
2453 5131 2586 5170 mss.
2643 5114 2702 5170 In
2751 5115 2992 5171 editione
3042 5123 3222 5170 autem
3253 5115 3519 5170 Commel.
3559 5117 3669 5188 πρό

2082 5182 2256 5237 deest.

2152 5253 2265 5328 (90)
2304 5255 2416 5328 Γάρ
2443 5257 2648 5328 abestis
2685 5255 2850 5328 Basil.
2880 5267 2934 5312 et
2963 5256 3300 5328 Anglicano;
3331 5256 3424 5326 qui
3448 5256 3665 5328 Anglic.

2078 5325 2544 5398 moxAhabeLgca‘t
2578 5327 2652 5390 ὡς
2685 5326 2742 5381 δὲ
2773 5328 2960 5392 Μονὰς
2987 5325 3075 5398 ἦν.

2149 5394 2281 5468 (9_l)_
2305 5395 2397 5468 Sic
2422 5395 2624 5466 Regius
2650 5407 2704 5452 et
2733 5394 3108 5468 Seguerianus
3135 5396 3340 5468 aliique
3368 5413 3504 5468 mss.
3533 5413 3669 5468 pra-

874 5457 940 5511 υς
961 5459 1132 5512 codex
1155 5469 1210 5513 et
1233 5457 1620 5530 Seguerianus.
1643 5459 1713 5514 At
1731 5461 1820 5515 alii
1842 5476 1967 5517 cum
2077 5457 2165 5519 ter
2194 5457 2432 5520 Felckm.
2503 5457 2721 5523 Fimum.
2755 5457 2968 5522 anaIiis
2992 5477 3045 5522 et
3073 5457 3419 5522 editis'deest
3439 5467 3521 5521 δέ.

877 5529 1086 5591 Πατήρ,
2147 5533 2256 5591 (92)
2295 5535 2426 5591 Reg.
2622 5547 2676 5591 ct
2703 5537 3173 5591 Anzlic..‘Er:u6in
3210 5537 3266 5590 δὲ
3290 5537 3362 5589 οἱ.
3395 5538 3521 5591 ϐωιι

2147 5533 2440 5609 (92)__Reg._
2461 5533 2585 5606 Seg.
2622 5547 2676 5592 ct
2703 5537 3174 5609 Anglic.,‘Er:u6iq
3210 5537 3362 5590 δὲοὶ.
3395 5537 3672 5594 (laeteris:

2074 5604 2224 5666 editi,
2240 5604 2396 5661 ’Ἑπεῖ
2423 5607 2479 5660 δὲ
2513 5604 2584 5662 οἱ.

2145 5674 2254 5746 (9'5)
2297 5677 2609 5734 Basiliensis
2643 5690 2694 5734 et
2727 5679 3082 5750 Anglicanus,
3114 5674 3230 5731 εἶτα
3256 5676 3313 5731 δὲ
3345 5676 3437 5731 τὸν
3474 5677 3628 5737 Υιόν.
