3944 6222
287 275 397 335 489

1410 276 1670 336 ORATIO
1707 279 1775 335 ιν
1814 280 2092 339 CONTRA
2130 281 2453 342 ARIANOS.

3432 270 3558 350 ιω

283 390 368 452 si;
397 389 514 441 ἑστι
549 387 640 443 καὶ
669 388 923 459 λέγεται,
949 385 1009 446 οὗ
1041 393 1188 446 ἐστιν
1227 394 1256 446 6
1298 394 1442 458 υἱός·
1500 397 1594 450 καὶ
1623 396 1737 460 υἱός
1780 397 1864 461 τίς

1974 399 2120 466 bum,
2151 401 2235 455 sui
2268 400 2445 456 Patris
2482 399 2650 457 Filius
2695 402 2901 461 fuerit?
2946 403 3211 475 siquidem
3252 408 3407 475 pater
3450 406 3542 464 ille

285 480 400 534 ἐστι
434 481 529 533 καὶ
556 481 771 549 λέγεται
792 483 1024 551 ἐκείνου,
1048 501 1109 538 ou
1137 486 1327 539 ὲστινό
1348 488 1548 558 πατήρ.
1580 489 1643 541 Εἰ
1681 488 1863 542 τοίνυν

285 569 378 624 τοῦ
407 571 645 642 Χριστοῦ
672 572 772 625 οὐκ
804 571 918 626 ἔστι
952 573 1140 646 Πατὴρ
1173 575 1201 626 6
1241 576 1405 642 θεὸς,
1450 576 1571 630 οὐδὲ
1615 579 1643 629 6
1693 577 1865 645 Λόγος

287 662 414 728 Υἱὸς
444 662 508 717 ἂν
529 664 611 733 εἴη
633 681 645 692 ·
677 665 725 716 εἰ
752 664 807 717 δὲ
835 663 1023 736 Πατὴρ
1051 667 1079 717 6
1103 665 1232 729 Θεὸς
1267 666 1375 737 (94)
1396 710 1410 735 ,
1430 668 1650 731 εἰκότως
1683 668 1749 720 ἂν
1781 668 1865 740 εἴη

285 754 381 811 καὶ
412 756 442 807 6
468 755 640 823 Λόγος
657 755 802 818 Υἱός.
832 756 894 809 Εἰ
916 755 974 809 δὲ
999 756 1223 827 ὕστερον
1255 759 1354 827 μὲν
1379 758 1566 830 Πατὴρ
1595 760 1686 813 καὶ
1716 760 1867 831 πρῶ-

286 864 374 901 τον
404 845 569 908 Θεὸς,
626 846 918 917 Ἀρειανῶν
948 847 1047 917 μὲν
1086 847 1197 918 (95)
1240 848 1301 902 τὸ
1339 850 1625 920 φρόνημα⁸
1674 850 1865 904 ἔπειτα

285 937 484 992 ἄτοπον
517 935 942 1007 μεταὸἁλλεσθαι
972 937 1063 991 τὸν
1090 939 1252 991 Θεόνο
1292 940 1603 1009 σωματικὸν
1633 940 1742 1011 γάρ
1762 957 1774 970 ·
1817 942 1866 993 εἰ

284 1028 341 1082 δὲ
372 1027 564 1101 ὥσπερ
598 1029 690 1082 ἐπὶ
720 1028 821 1098 τῆς
851 1028 1081 1094 κτίσεως
1129 1028 1354 1104 ὕστερον
1388 1030 1636 1104 ποιητὴς,
1669 1031 1863 1097 ἰστέον,

283 1126 363 1179 ὅτι
411 1126 523 1179 τῶν
570 1124 869 1195 γινομένων
901 1123 1010 1198 (96)
1050 1124 1274 1198 ὕστερόν
1317 1127 1464 1180 ἐστιν
1508 1124 1864 1201 ἡμεταόολὴ,

283 1219 402 1290 οὐχὶ
427 1216 525 1271 τοῦ
556 1215 714 1271 Θεοῦ.
1536 1204 1541 1217 1

1971 503 2056 548 est
2078 502 2133 549 et
2168 494 2367 550 dicitur
2396 499 2535 566 ejus,
2558 498 2654 566 qui
2686 512 2821 554 suus
2852 507 2935 555 est
2964 498 3110 556 ﬁlius
3136 520 3151 557 :
3192 509 3247 555 et
3287 500 3541 557 similiter

1975 584 2118 641 ﬁlius
2163 586 2252 641 ille
2284 596 2367 642 est
2406 597 2460 641 et
2494 588 2694 643 dicitur
2741 589 2882 659 ejus,
2929 592 3024 661 qui
3072 607 3206 648 suus
3251 600 3337 648 est
3364 601 3537 662 pater.

1975 676 2316 746 Quapropter
2338 680 2382 733 si
2415 677 2557 733 Deus
2586 695 2694 733 non
2723 691 2807 736 est
2829 680 3033 738 Christi
3060 681 3240 747 Pater,
3274 700 3374 740 nec
3405 684 3543 739 Ver-

1975 767 2102 821 bum
2132 758 2301 824 Filius
2335 785 2456 825 esse
2479 781 2677 840 pot-est.
2706 770 2811 826 Sed
2838 773 2885 828 si
2914 772 3073 828 Pater
3091 782 3176 829 est
3204 773 3367 841 Deus,
3413 789 3541 830 vere

1976 866 2029 911 et
2063 856 2298 913 Verbum
2357 858 2529 917 Filius
2570 870 2671 919 est.
2701 861 2856 929 Quod
2905 865 2949 918 si
2987 875 3172 934 postea
3218 864 3379 921 Pater
3420 882 3542 923 esse

1974 944 2206 1012 dicatur,
2240 962 2365 1001 cum
2415 949 2655 1018 primum
2709 951 2852 1008 Deus
2886 963 3079 1019 esset,
3128 955 3244 1010 huic
3294 956 3411 1026 ipsa
3458 965 3544 1012 est

1974 1032 2302 1090 Arianorum
2348 1036 2620 1095 doctrina.
2673 1040 2779 1096 Sed
2811 1054 3067 1113 praeterea
3112 1032 3411 1101 absurdum
3459 1060 3546 1103 est

1976 1124 2143 1179 Deum
2174 1129 2414 1183 mutari:
2452 1148 2575 1186 nam
2625 1132 2677 1186 id
2711 1148 3032 1204 corporeum
3074 1145 3175 1192 est.
3216 1135 3273 1192 Si
3298 1152 3426 1192 vero
3461 1154 3547 1193 re-

1978 1221 2279 1290 spondeant
2299 1221 2512 1279 Patrem
2537 1224 2658 1280 Filii
2681 1225 2884 1283 factum
2907 1245 3047 1295 esse,
3069 1240 3130 1286 ut
3150 1242 3335 1301 postea
3359 1245 3547 1286 rerum

283 1323 593 1369 creatarum
642 1312 818 1368 factus
845 1321 929 1369 est
957 1311 1138 1383 opifex
1164 1354 1180 1380 ,
1235 1313 1377 1369 scire
1405 1328 1585 1384 operae
1612 1312 1847 1384 pretium
1884 1322 1973 1369 est
2000 1317 2355 1373 mutationem
2385 1334 2491 1374 non
2514 1322 2581 1376 ad
2615 1320 2804 1388 Deum,
2848 1324 2941 1378 sed
2970 1326 3038 1379 ad
3072 1339 3158 1388 ea,
3202 1324 3546 1396 quasjpostca

282 1409 444 1473 ﬁunt,
485 1409 776 1478 pertinere.
1114 1466 1121 1473 κ

354 1498 443 1553 16.
490 1499 554 1552 Ei
586 1499 683 1570 μὲν
710 1496 802 1552 οὖν
833 1500 1041 1571 ποίημα
1065 1501 1159 1553 καὶ
1192 1503 1220 1553 6
1252 1499 1379 1562 Υἱὸς
1410 1498 1560 1570 (97),
1590 1499 1770 1563 καλῶς
1799 1499 1865 1554 ἂν

286 1591 516 1663 ὕστερον
540 1591 725 1664 Πατὴρ
758 1593 851 1645 καὶ
874 1593 959 1645 ἐπ’
981 1592 1144 1645 αὑτοῦ
1165 1609 1178 1623 ⁸
1203 1593 1251 1645 εἰ
1268 1592 1323 1644 δὲ
1340 1593 1400 1645 οὐ
1428 1592 1639 1663 ποίημα
1659 1593 1687 1644 6
1712 1592 1862 1657 Υἱὸς,

282 1684 368 1738 ἀεὶ
387 1685 501 1755 ἄρα
519 1685 548 1735 ὁ
564 1683 769 1755 Πατὴρ,
800 1684 886 1737 ἀεὶ
917 1685 1010 1737 και
1036 1686 1064 1736 ό
1083 1684 1230 1748 Υἱός.
1259 1685 1323 1737 Et
1346 1683 1402 1736 δὲ
1425 1684 1513 1737 ἀεὶ
1533 1685 1562 1736 ὁ
1582 1684 1712 1746 Υἱὸς
1736 1683 1865 1755 (98),

2043 1500 2126 1554 16.
2163 1498 2503 1570 Quapropter
2536 1501 2584 1556 si
2620 1501 2789 1559 Filius
2818 1514 2962 1561 esset
3007 1521 3145 1576 opus
3172 1480 3197 1575 ς’
3230 1515 3375 1563 recte
3402 1520 3545 1578 quos

1970 1607 2075 1662 que
2106 1589 2265 1645 Pater
2306 1592 2423 1661 ejus
2467 1605 2653 1663 postea
2680 1594 2998 1651 efﬁceretur.
3033 1597 3139 1653 Sed
3167 1597 3213 1652 si
3238 1597 3409 1654 Filius
3432 1614 3543 1655 non

1972 1690 2058 1737 est
2091 1697 2228 1752 opus
2254 1723 2269 1749 ,
2312 1698 2528 1752 semper
2561 1699 2688 1753 ergo
2708 1682 2885 1751 Pater,
2910 1701 3123 1756 semper
3148 1695 3202 1741 et
3231 1685 3404 1742 Filius
3435 1698 3540 1743 est.

283 1778 447 1841 αὐτὸς
479 1776 547 1830 ἂν
573 1775 657 1847 εἴη
689 1778 717 1829 6
746 1775 935 1845 Λόγος.
993 1777 1057 1829 Εἰ
1087 1776 1194 1847 γὰρ
1238 1776 1312 1848 μὴ
1348 1776 1478 1840 Υἱὸς
1504 1776 1589 1848 εἴη
1623 1778 1651 1830 6
1678 1779 1864 1847 Λόγος,

1979 1773 2035 1828 Si
2066 1789 2230 1844 porro
2260 1790 2472 1844 semper
2494 1785 2578 1830 est
2602 1774 2791 1843 Filius,
2816 1778 3001 1857 ipsum
3034 1794 3168 1834 sane
3196 1777 3360 1833 fuerit
3408 1779 3545 1834 Ver-

281 1870 375 1922 καὶ
401 1867 565 1921 τοῦτό
587 1884 670 1930 τις
696 1865 1016 1937 ἁποτολμῶν
1047 1864 1220 1921 εἷπον
1253 1866 1287 1937 ἢ
1326 1866 1416 1919 τὸν
1450 1867 1621 1935 Λόγον
1646 1867 1869 1938 Πατέρα

281 1962 453 2031 λέγει,
479 1960 513 2031 ἢ
538 1960 627 2014 τὸν
654 1958 781 2012 Υἰὸν
804 1958 1085 2030 κρείττονα
1114 1958 1206 2012 τοῦ
1232 1959 1428 2029 Λόγου.
1457 1959 1563 2012 Τοῦ
1595 1959 1701 2032 γὰρ
1738 1960 1867 2013 Υἱοῦ

282 2054 338 2106 ὲν
364 2052 593 2114 κόλποις
619 2050 770 2113 ὄντος
790 2049 884 2102 τοῦ
916 2049 1148 2120 Πατρδς,
1180 2049 1394 2122 ἀνάγκη
1425 2051 1458 2122 ἢ
1493 2049 1569 2122 μὴ
1599 2047 1737 2105 εἶναι
1764 2052 1870 2122 πρὸ

283 2144 415 2199 Υἱοῦ
448 2144 542 2197 τὸν
577 2142 686 2212 (99)
726 2142 928 2211 Λόγον·
957 2141 1108 2195 οὐδὲν
1130 2143 1238 2213 γάρ
1268 2145 1382 2196 ἐστι
1430 2143 1537 2216 πρὸ
1579 2144 1673 2197 τοῦ
1720 2144 1870 2205 ὄντος

284 2237 340 2289 ὲν
364 2233 444 2305 τῷ
476 2233 652 2303 Πατρί
671 2249 685 2262 ο
719 2231 753 2302 ἢ
780 2234 828 2284 εἰ
856 2232 885 2283 6
909 2231 1079 2301 Λόγος
1104 2231 1261 2296 ἄλλος
1282 2233 1398 2286 ἐστὶ
1428 2233 1579 2305 παρὰ
1604 2235 1694 2288 τὸν
1721 2235 1866 2299 Υἰὸν,

283 2331 312 2382 6
340 2328 520 2396 Λόγος
552 2325 619 2380 ἂν
644 2326 728 2395 εἴη
758 2326 786 2378 6
814 2323 1020 2396 Πατὴρ,
1052 2326 1108 2378 ὲν
1131 2318 1175 2393 ᾧ
1204 2327 1349 2378 ἐστιν
1375 2327 1403 2378 6
1426 2325 1573 2390 Υἱός.
1602 2328 1666 2380 Ei
1693 2327 1749 2381 δὲ
1770 2328 1870 2382 οὐκ

284 2417 431 2471 ἔστιν
453 2420 485 2471 6
503 2416 677 2485 Λόγος
707 2414 914 2489 Πατὴρ,
943 2415 1077 2470 ἀλλὰ
1106 2416 1295 2482 Λόγος,
1320 2417 1476 2481 ἐκτὸς
1510 2417 1576 2471 ἂν
1603 2418 1687 2491 εἴη
1717 2421 1745 2474 6
1768 2422 1870 2473 Λό-

284 2528 379 2579 γος
409 2508 508 2563 τοῦ
537 2506 779 2579 Πατρὸς,
815 2506 964 2570 ὄντος
990 2505 1084 2559 τοῦ
1123 2506 1254 2560 Υἱοῦ
1284 2507 1340 2558 ὲν
1364 2510 1475 2570 τοῖς
1524 2507 1744 2573 κόλποις
1774 2508 1867 2562 τοῦ

287 2601 525 2675 Πατρός.
549 2601 624 2654 Οὐ
648 2602 754 2672 γὰρ
782 2598 1084 2669 ἀμφότερα,
1120 2598 1148 2650 ὃ
1180 2615 1239 2651 τε
1263 2598 1435 2667 Λόγος
1464 2599 1557 2653 καὶ
1577 2602 1605 2653 6
1626 2601 1773 2666 Υἱὸς,
1812 2605 1869 2655 ὲν

288 2693 397 2755 τοῖς
425 2691 669 2754 κόλποις,
699 2689 812 2743 ἀλλ’
840 2688 936 2743 ἕνα
969 2685 1106 2742 εἶναι
1135 2688 1232 2754 δεῖ,
1261 2689 1353 2742 καὶ
1379 2688 1565 2745 τοῦτον
1595 2690 1684 2745 τὸν
1714 2692 1864 2756 Υἱὸν,

289 2783 347 2847 6;
383 2784 504 2835 ἐστι
547 2782 858 2853 μονογενής.
912 2782 1021 2833 Καὶ
1056 2780 1248 2846 πάλιν,
1283 2783 1331 2833 εὶ
1354 2780 1509 2845 ἄλλος
1532 2783 1677 2836 ἐστὶν
1707 2785 1735 2836 6
1767 2786 1869 2837 Λό-

291 2889 384 2943 γος
412 2872 521 2945 (1),
550 2874 644 2925 καὶ
674 2871 829 2936 ἄλλος
875 2872 903 2924 6
932 2872 1060 2936 Υἱὸς
1079 2915 1094 2940 ,
1126 2873 1388 2944 κρείττων
1439 2874 1794 2947 εὑρεθήσεται
1840 2878 1869 2929 ὁ

290 2964 418 3029 Υἱὸς
466 2964 563 3017 τοῦ
602 2963 805 3032 Λόγου·
858 2963 1031 3028 οὐδεὶς
1063 2964 1173 3034 γὰρ
1213 2962 1468 3032 γινώσκει
1499 2965 1591 3018 τὸν
1626 2967 1865 3038 Πατέρα,

289 3062 336 3112 εί
364 3058 440 3130 μὴ
472 3060 502 3111 6
524 3057 672 3122 Υἱὸς,
705 3058 803 3128 οὐχ
832 3060 861 3111 6
886 3058 1073 3126 Λόγος.
1115 3046 1185 3109 Ἢ
1205 3057 1382 3111 τοίνυν
1411 3058 1510 3111 οὐκ
1538 3055 1675 3112 οἶδεν
1707 3062 1736 3113 6
1766 3061 1867 3113 Λό-

1974 1866 2127 1946 ὺιιιι]ε
2155 1862 2271 1919 Nisi
2299 1865 2445 1919 enim
2481 1863 2715 1920 Verbum
2778 1865 2953 1922 Filius
2982 1866 3186 1922 fuerit:
3220 1870 3311 1939 qui
3339 1859 3393 1924 id
3439 1884 3543 1923 au-‘

1971 1944 2124 2009 debit
2146 1970 2367 2025 negare,
2404 1944 2563 2009 fateri
2620 1971 2744 2009 eum
2795 1970 3017 2012 necesse
3046 1964 3129 2012 est
3177 1957 3263 2011 vel
3303 1956 3546 2013 Verbum

1971 2045 2187 2102 Patrem
2209 2062 2331 2102 esse
2357 2065 2371 2114 ;
2403 2047 2486 2102 vel
2509 2045 2709 2102 Filium
2738 2036 2922 2102 Verbo
2943 2062 3065 2103 esse
3086 2050 3543 2118 praestantiorem.

1972 2137 2109 2193 Nam
2137 2155 2264 2196 cum
2300 2138 2472 2194 Filius
2526 2140 2597 2194 sit
2646 2140 2702 2193 in
2735 2140 2858 2194 sinu
2887 2137 3065 2195 Patris
3089 2140 3156 2208 ⁸³,
3210 2156 3434 2197 necesse
3462 2147 3546 2197 est

1972 2229 2056 2284 vel
2086 2228 2323 2284 Verbum
2370 2239 2495 2283 ante
2539 2228 2739 2284 Filium
2774 2246 2884 2285 non
2917 2246 3036 2286 esse
3063 2248 3079 2298 ;
3107 2232 3243 2286 nihil
3286 2224 3432 2290 enim
3464 2235 3548 2290 est

1973 2328 2100 2374 ante
2125 2334 2248 2373 eum
2277 2319 2370 2388 qui
2397 2318 2453 2372 in
2490 2316 2650 2373 Patre
2675 2328 2759 2375 est
2785 2339 2799 2373 :
2831 2321 2916 2375 vel
2946 2322 2992 2376 si
3022 2319 3258 2377 Verbum
3284 2323 3431 2378 aliud
3465 2324 3549 2380 est

1972 2419 2168 2481 praeter
2198 2407 2421 2475 Filium,
2462 2411 2711 2480 sequitur
2741 2420 2801 2465 ut
2849 2409 3089 2466 Verbum
3136 2413 3208 2468 sit
3239 2406 3355 2484 ipse
3390 2402 3549 2471 Patel‘

1974 2503 2027 2557 in
2066 2518 2175 2573 quo
2205 2511 2289 2558 est
2319 2500 2510 2558 Filius.
2543 2503 2699 2569 Quod
2753 2505 2797 2559 si
2833 2504 3069 2560 Verbum
3112 2521 3223 2561 non
3250 2516 3335 2563 est
3367 2500 3545 2579 Pater,

1974 2595 2069 2649 sed
2120 2594 2406 2650 Verbum:
2447 2595 2614 2666 igitur
2666 2594 2899 2651 Verbum
2962 2607 3045 2652 est
3091 2605 3245 2653 extra
3293 2597 3549 2668 Patrem,

1972 2687 2174 2757 quippe
2206 2688 2333 2740 cum
2381 2685 2552 2741 Filius
2599 2687 2655 2741 in
2708 2688 2831 2742 sinu
2879 2684 3059 2744 Patris
3106 2690 3197 2745 sit.
3243 2679 3354 2746 Nec
3398 2692 3549 2747 enim

1972 2779 2156 2845 ambo,
2188 2793 2383 2848 nempe
2404 2776 2639 2832 Verbum
2667 2789 2720 2833 et
2743 2778 2914 2835 Filius
2949 2781 3003 2834 in
3034 2780 3159 2836 sinu
3192 2774 3373 2839 Patris
3396 2784 3545 2851 sunt,

1973 2872 2068 2926 sed
2112 2886 2281 2925 unum
2322 2886 2446 2925 esse
2490 2879 2723 2940 oportet,
2777 2886 3014 2942 eumque
3062 2860 3283 2942 Filium,
3335 2874 3430 2946 qui
3467 2876 3551 2930 est

1972 2962 2317 3035 Unigenitus.
2357 2962 2591 3030 Rursus,
2635 2964 2681 3018 si
2731 2962 2879 3018 aliud
2912 2973 2997 3019 est
3028 2965 3267 3022 Verbum
3305 2976 3361 3022 et
3408 2968 3551 3024 alius

1975 3054 2166 3120 Filius,
2208 3054 2381 3110 Filius
2421 3051 2603 3110 Verbo
2645 3055 2989 3125 praestantior
3040 3058 3162 3112 erit.
3194 3056 3368 3115 Nemo
3400 3061 3548 3115 enim

287 3167 404 3220 γος,
426 3149 463 3222 ἢ
488 3152 535 3203 εἰ
558 3146 664 3203 οἶδε
688 3149 879 3219 ψεῦδος
896 3149 978 3213 τὸ,
1003 3149 1212 3215 Οὐδεὶς
1236 3148 1532 3218 γινώσκει.
1565 3151 1637 3203 T6
1659 3151 1791 3204 αὐτὸ
1813 3151 1864 3204 δὲ

1974 3148 2193 3204 Patrem
2214 3148 2498 3220 cognoscit
2518 3148 2624 3203 nisi
2650 3146 2822 3204 Filius
2847 3150 2917 3214 ⁸³,
2938 3164 3049 3205 non
3079 3158 3261 3206 autem
3286 3148 3547 3209 Verbum.

289 3242 383 3296 καὶ
410 3243 506 3295 ἐπὶ
533 3240 648 3305 τοῦ,
690 3241 752 3293 '0
783 3239 1055 3310 ἑωρακὼς
1081 3241 1205 3312 ἐμὲ,
1235 3242 1457 3313 ἑώρακε
1483 3243 1589 3296 τὸν
1608 3245 1862 3313 Πατέρα,

289 3334 403 3397 καὶ,
420 3331 564 3403 Ἐγὼ
591 3330 692 3386 καὶ
713 3334 746 3385 ό
774 3330 974 3400 Πατὴρ
994 3331 1062 3385 ἓν
1088 3332 1302 3403 ἐσμεν·
1335 3334 1464 3387 Υἱοῦ
1488 3335 1595 3407 γάρ
1624 3337 1729 3389 εἱσι
1753 3353 1865 3405 φω-

298 3427 379 3480 δαὶ
398 3467 414 3490 ,
461 3427 558 3479 καὶ
590 3425 648 3477 οὐ
697 3423 870 3492 Λόγου
924 3425 1043 3478 κατ’
1078 3425 1274 3490 αὐτούς
1293 3442 1309 3458 ·
1340 3426 1499 3497 δῆλον
1530 3427 1588 3482 δὲ
1616 3427 1725 3480 ἀπὸ
1757 3426 1866 3481 τῶν

291 3517 653 3587 Εὑαγγελίων.
678 3516 832 3570 Κατὰ
858 3514 967 3586 γὰρ
989 3516 1079 3570 τὸν
1115 3517 1364 3589 Ἰωάννην
1391 3519 1486 3590 (2),
1504 3518 1750 3587 λέγοντος
1772 3519 1864 3572 τοῦ

293 3607 516 3678 Κυρίου,
558 3605 705 3676 Ἐγὼ
733 3607 831 3659 καὶ
867 3609 897 3659 ὀ
1171 3606 1240 3659 ἓν
1269 3607 1455 3676 ἐσμεν
1476 3649 1491 3672 ,
1520 3607 1869 3661 ἐϐάστασαν

292 3704 498 3770 λίθους
525 3706 580 3757 οἱ
633 3705 921 3769 Ἰουδαῖοι,
947 3707 1045 3759 ἵνα
1072 3704 1407 3762 λιθάσωσιν
1434 3705 1636 3758 αὐτόν.
1703 3706 1870 3758 Ἀπε-

293 3796 457 3864 κρίθη
492 3796 696 3862 αὐτοῖς
723 3800 756 3851 ό
797 3796 1066 3866 Ἰησοῦς·
1103 3797 1312 3851 Πολλὰ
1344 3796 1486 3867 ἔργα
1528 3796 1684 3849 καλὰ
1714 3795 1866 3848 ἔδει·

294 3886 369 3951 ξα
384 3886 526 3956 ὑμῖν
548 3888 617 3940 ἐκ
641 3887 747 3941 τοῦ
772 3890 998 3956 Πατρός
1015 3905 1028 3918 ’
1060 3888 1157 3943 διὰ
1175 3887 1349 3941 ποῖον
1369 3886 1567 3942 αὐτῶν
1593 3887 1669 3956 (3)
1693 3886 1868 3955 ἔργον

293 3977 392 4047 ἐμὲ
443 3978 743 4043 λιθάζὲτε;
780 3980 1204 4049 Ἀπεκρίθησαν
1252 3977 1412 4045 αὐτῷ
1440 3983 1493 4034 οὶ
1559 3979 1863 4034 Ἰουδαῖον

293 4070 430 4139 Περὶ
484 4072 680 4127 καλοῦ
713 4071 889 4142 ἔργου
939 4074 1011 4126 οὐ
1056 4070 1368 4142 λιθάζομέν
1408 4088 1513 4136 σε,
1551 4070 1711 4126 ἀλλὰ
1736 4069 1870 4138 περὶ

288 4162 700 4233 βλασφημίας,
735 4163 831 4219 καὶ
855 4163 929 4234 (4)
952 4164 1040 4218 ὅτι
1067 4164 1169 4230 σὺ,
1200 4164 1508 4233 ἅνθρωπος
1535 4160 1649 4228 ὢν,
1681 4162 1869 4228 ποιεῖς

294 4254 550 4309 σεαυτόν
587 4257 754 4310 Θεόν.
803 4256 1113 4325 Ἀπεκρίθη
1146 4256 1350 4322 αὐτοῖς
1377 4259 1410 4309 ὀ
1449 4254 1720 4323 Ἰησοῦς·
1746 4256 1868 4308 Οὐκ

294 4344 419 4399 ἐστι
444 4349 849 4417 γεγραμμένον
872 4347 942 4400 ἐν
967 4344 1048 4412 τῷ
1071 4347 1230 4415 νόμῳ
1249 4344 1435 4416 ὑμῶν,
1460 4345 1552 4398 ὅτι
1572 4344 1685 4414 ἐγὼ
1705 4341 1865 4408 εἶπα,

280 4435 425 4508 ,Θεοί
459 4436 633 4500 ἐστε;
663 4438 735 4490 Ei
763 4436 1034 4502 ἐκείνους
1075 4431 1205 4489 εἷπε
1229 4435 1434 4501 θεοὺς,
1479 4433 1627 4502 πρὸς
1675 4432 1782 4498 οὓς
1835 4436 1870 4487 ό

1969 3238 2069 3294 Vel
2103 3240 2269 3311 igitur
2301 3238 2516 3293 Patrem
2540 3254 2648 3293 non
2686 3240 2839 3294 novit
2873 3228 3107 3296 Verbum
3138 3258 3154 3308 ;
3183 3241 3268 3296 vel
3296 3241 3343 3297 si
3371 3242 3549 3309 novit,

1968 3330 2104 3388 false
2129 3332 2349 3399 dicitur,
2374 3329 2541 3385 Nemo
2566 3331 2731 3386 novit.
2766 3332 2924 3399 Quod
2957 3333 3101 3388 idem
3134 3334 3436 3404 urgendum
3465 3342 3552 3392 est

1969 3420 2038 3478 de
2066 3422 2218 3478 hisce
2254 3422 2459 3487 verbis,
2500 3420 2605 3487 Qui
2641 3422 2771 3477 vidit
2820 3440 2922 3491 me,
2959 3414 3091 3478 vidit
3130 3421 3349 3479 Patrem
3370 3415 3439 3491 ‘°,
3470 3434 3548 3493 et,

1971 3512 2084 3585 Ego
2114 3524 2163 3569 et
2191 3513 2356 3569 Pater
2381 3531 2543 3569 unum
2567 3531 2747 3569 smnus
2766 3516 2834 3570 ⁶¹.
2858 3514 3108 3588 Namque
3131 3519 3217 3573 ha:
3241 3534 3402 3575 voces
3422 3512 3549 3576 Filii

1971 3615 2119 3670 sunt,
2156 3619 2267 3659 non
2296 3603 2482 3670 Verbi,
2514 3614 2574 3660 ut
2601 3614 2798 3675 putant
2824 3606 2924 3672 illi,
2952 3607 3115 3677 idque
3141 3623 3208 3662 ex
3235 3596 3549 3680 Evangeliis

1970 3697 2271 3753 dilucidum
2304 3708 2405 3753 est.
2460 3694 2596 3752 Nam
2637 3697 2900 3763 Domino,
2942 3708 3000 3753 ut
3043 3711 3232 3753 narrat
3282 3698 3546 3767 Joannes,

1970 3790 2202 3854 dicente,
2236 3788 2349 3860 Ego
2376 3800 2424 3844 et
2460 3787 2622 3844 Pater
2649 3806 2813 3843 unum
2832 3806 3038 3857 sumus,
3060 3789 3387 3846 sustulerunt
3408 3783 3549 3860 [api-

1970 3879 2059 3933 des
2093 3878 2292 3943 Judaei,
2329 3889 2387 3933 ut
2416 3879 2721 3948 lapidarent
2746 3895 2887 3934 eum.
2916 3878 3207 3947 Respondit
3239 3881 3314 3934 eis
3340 3878 3497 3934 Iesus
3524 3895 3547 3934 ,τ

1974 3968 2150 4023 Multa
2179 3985 2338 4039 opera
2373 3972 2509 4022 bona
2558 3969 2761 4023 ostendi
2797 3970 2941 4023 vobis
2990 3984 3055 4023 ex
3097 3968 3282 4036 Patre,
3326 3980 3542 4039 propter

1970 4062 2108 4131 quod
2161 4059 2353 4113 bonum
2390 4077 2520 4131 opus
2572 4076 2653 4113 me
2703 4059 3011 4131 lapidatis?
3056 4058 3456 4130 Responderunt
3496 4064 3547 4117 ei

1970 4153 2192 4208 Judaei:
2227 4152 2305 4207 De
2351 4155 2483 4207 bono
2523 4169 2674 4223 opere
2714 4169 2821 4206 non
2867 4152 3170 4223 lapidamus
3221 4164 3289 4219 te,
3338 4146 3432 4209 sed
3480 4157 3548 4209 de‘

1972 4247 2317 4318 blasphemia,
2346 4257 2395 4300 et
2426 4246 2553 4316 quia
2583 4256 2640 4298 tu
2673 4244 2826 4298 homo
2862 4261 2982 4298 cum
3024 4246 3119 4311 sis,
3152 4234 3287 4314 facis
3319 4247 3547 4315 teipsth

1970 4340 2162 4395 Deum.
2203 4339 2492 4409 Respondit
2513 4340 2589 4392 eis
2618 4338 2816 4394 Iesus:
2859 4337 3049 4392 Nonne
3092 4340 3350 4408 scriptum
3381 4350 3459 4395 est
3488 4342 3545 4395 in

1971 4431 2080 4502 lege
2109 4440 2302 4496 vestra,
2353 4431 2481 4501 quia
2516 4448 2608 4502 ego
2639 4432 2778 4499 dixi,
2815 4430 2900 4485 Dii
2930 4430 3100 4486 estis?
3144 4426 3207 4484 Si
3239 4430 3364 4486 illos
3406 4426 3547 4489 dixit

280 4510 480 4597 ﬁAthan;-
507 4527 614 4581 τοῦ
644 4526 792 4581 θεοῦ
821 4528 1081 4597 ἐγένετο,
1108 4528 1207 4581 καὶ
1231 4531 1303 4581 οὐ
1334 4526 1583 4581 δύναται
1608 4517 1864 4593 λυθῆναι

1974 4525 2094 4579 deos
2125 4524 2193 4577 ad
2232 4540 2362 4594 quos
2401 4522 2625 4577 Verbum
2658 4522 2754 4577 Dei
2778 4524 2981 4594 factum
3009 4532 3108 4588 est,
3149 4534 3199 4578 et
3232 4539 3338 4578 non
3375 4523 3548 4594 potest

277 4619 332 4687 ,ἠ
368 4619 578 4690 Γραφή
600 4637 614 4650 ·
642 4620 715 4674 ὃν
738 4623 771 4674 ό
788 4621 990 4690 Πατὴρ
1019 4621 1233 4692 mam
1264 4619 1360 4674 καὶ
1385 4619 1745 4675 ἀπέστειλεν
1778 4620 1866 4684 εις

1973 4618 2106 4673 solvi
2135 4615 2417 4687 Scriptura
2440 4631 2458 4669 :
2488 4632 2642 4687 quem
2669 4615 2834 4670 Pater
2859 4616 3215 4686 sanctiﬁeavit
3243 4626 3294 4671 et
3320 4616 3465 4671 misit
3492 4618 3547 4670 iu

359 4804 407 4837 ⁸³
444 4804 606 4862 Joan.
636 4822 677 4875 ι,
710 4806 823 4893 18η
874 4808 919 4839 ⁸⁸
958 4792 1147 4861 Matth.
1177 4821 1253 4872 XI,
1282 4802 1372 4860 27.
1447 4803 1493 4836 '°
1532 4803 1691 4859 Joan.
1724 4818 1835 4871 xw,

2000 4800 2043 4835 ⁶¹
2082 4770 2255 4857 Joan.
2275 4816 2331 4868 ι,
2363 4797 2452 4855 50.

369 4946 473 5019 (94)
516 4947 738 5019 Regius,
766 4951 815 5002 εἰ
844 4949 902 5002 δὲ
933 4950 963 5001 6
990 4948 1178 5019 Πατὴρ
1209 4950 1237 5000 6
1271 4947 1423 5012 Θεός.

513 5017 830 5091 βοέἱιὶςηεὶε
846 5030 908 5091 et
929 5017 1587 5091 Anglicanus,’Apsta.v6vA
1609 5018 1728 5088 μέν,
1755 5029 1858 5091 etc.

381 5087 471 5159 96)
514 5088 649 5159 Reg.
687 5087 815 5159 Seg.
846 5087 1109 5146 Basilfet
1146 5087 1376 5160 Anglic.'
1400 5087 1719 5160 γινομένων.
1755 5089 1862 5142 Alii

274 5172 420 5223 ,νει-ο
445 5170 499 5215 et
521 5160 675 5220 editi.
704 5161 1032 5228 γενομένων.

360 5228 472 5301 (97)
513 5228 607 5287 Sic
641 5229 775 5301 Reg.
814 5228 937 5303 ch.
969 5240 1023 5286 et
1052 5229 1270 5285 Gobler.
1309 5228 1366 5283 In
1395 5229 1519 5284 aliis
1558 5241 1614 5284 et
1640 5230 1803 5285 editis
1831 5231 1862 5283 6

272 5424 280 5445 ,
333 5369 724 5451 _(Q8)_Re_gius_
761 5380 818 5427 et
861 5369 1246 5442 Seguerianus,
1287 5372 1375 5425 ἀεὶ
1405 5364 1553 5434 Υἱός.
1585 5368 1778 5427 Cateri
1804 5377 1860 5425 et

271 5439 779 5512 honustum.
938 5439 959 5442 "
1408 5509 1411 5512 ν
1668 5510 1689 5512 Μ
1756 5482 1761 5485 ,

361 5510 473 5584 (99)
513 5514 905 5584 Βοείιίοηείείει
929 5513 1283 5583 Anglicanus,
1312 5510 1421 5584 πρὸ
1447 5510 1540 5564 τοῦ
1561 5510 1715 5584 Υἱοῢ,

362 5581 684 5654 (URegius
729 5594 783 5638 et
821 5581 1188 5654 Seguerianus
1209 5581 1661 5654 easiy'ontittunt.
1688 5581 1883 5647 Iidem.

268 5652 489 5723 ibidem
524 5652 692 5710 Basil.
727 5664 781 5709 et
804 5652 1010 5723 Anglic.
1035 5656 1130 5708 καὶ
1151 5652 1307 5718 ἄλλος
1335 5653 1483 5716 Υἱός.

357 5722 441 5795 (2)
479 5724 611 5798 Reg.
656 5724 782 5795 Seg.
811 5722 973 5780 Basil.
1003 5725 1288 5793 Anglican.
1334 5723 1541 5787 addunt
1566 5722 1727 5781 Κατὰ
1751 5722 1859 5793 γὰο

604 5824 880 5884 ΡΑτιιοι..
919 5822 1039 5885 Gn.
1069 5820 1313 5904 XXVI.

1959 4946 2049 5001 τὸν
2087 4946 2361 5017 Ἰωάννην,
2397 4941 2865 5017 quaeahsunt‘ab
2916 4943 3041 4997 aliis
3093 4932 3383 5017 e'tﬂeditis:
3416 4933 3543 5017 Most

1960 5017 2097 5086 Reg.
2135 5004 2473 5088 Segs'B'asil.
2512 5013 3074 5088 Anglic.__é6dataaav
3111 5008 3312 5070 λίθους.
3343 5004 3543 5060 Cameri

1958 5095 2012 5144 et
2040 5082 2192 5158 editi,
2210 5082 2534 5158 ’ὲὸᾀστασαν
2566 5082 2676 5158 γᾲρ
2702 5082 2903 5158 λίρους.
2928 5153 2960 5158 _
3033 5152 3066 5158 η
3246 5146 3260 5158 Ᾱ
3353 5146 3388 5158 __
3476 5146 3497 5158 ε
3552 5120 3557 5129 .

2030 5157 2106 5240 (3)
2150 5146 2488 5240 SicuRegius
2518 5146 2720 5240 cedes,
2755 5153 2880 5223 Seg.
2922 5152 3092 5208 Basil.
3128 5159 3183 5206 et
3232 5146 3443 5218 Anglic.
3476 5146 3541 5203 la

1959 5223 2166 5283 aliis’et
2201 5223 2536 5283 editis'deest
2558 5223 2764 5278 αὐτῶν,

2033 5298 2111 5422 (4)
2146 5299 2245 5363 _Sic
2287 5297 2492 5369 Regius
2537 5306 2591 5349 et
2640 5294 3028 5363 Seguerianus.
3068 5291 3140 5346 At
3170 5290 3262 5344 alii
3294 5299 3348 5344 et
3380 5289 3535 5354 editi,

2086 5371 2367 5422 omittunt.
2402 5367 2536 5422 Ouze
2560 5364 2758 5419 ibidem
2789 5368 3114 5422 seunntdr,
3138 5362 3212 5415 ita'
3238 5367 3457 5415 exstant
3479 5361 3535 5415 in

1960 5361 2053 5423 καὶ
2086 5361 2536 5433 οιὶιὶιιιιηι.’ριιξο
2560 5361 2758 5419 ibidem
2789 5368 3114 5433 sequhntur,
3138 5362 3212 5433 ita'
3238 5367 3457 5433 exstant
3479 5361 3536 5433 in

1962 5439 2094 5511 Reg.
2129 5438 2253 5512 Seg.
2287 5429 2451 5512 Basil'.
2483 5443 2538 5512 et
2568 5434 2776 5512 gnglig.
2799 5429 2910 5512 sed
2932 5433 3000 5512 in»
3030 5431 3245 5512 Anglic.
3280 5441 3332 5512 e'_t
3361 5429 3535 5512 Rasila

1962 5500 2117 5566 abé'st
2149 5500 2231 5564 ὂτῖ
2258 5520 2384 5564 ante
2409 5504 2520 5575 ἐγὼ
2546 5500 2694 5557 εἶπα.
2722 5500 2914 5558 Caéteri
2955 5510 3009 5575 et
3038 5500 3168 5575 editi
3201 5502 3280 5575 sie
3311 5503 3538 5575 habent,

1959 5576 2042 5635 ὅτι
2069 5582 2155 5646 σὺ,
2189 5571 2472 5650 ἄνθρωπος
2490 5573 2586 5639 ὢν,
2608 5576 2782 5635 ποιεῖς
2812 5573 3035 5626 σεαυτὸν
3054 5571 3206 5625 Θεόν.
3235 5573 3347 5625 Καὶ
3371 5573 3400 5624 ό
3433 5572 3543 5694 ΊἘ

1964 5652 2089 5694 κοῦρ-
2153 5651 2319 5694 λέγει’
2371 5647 2457 5694 Ἐν
2478 5643 2557 5694 τῶ
2603 5642 2753 5694 νόμω
2802 5641 2955 5694 ὑμῶν
3015 5643 3347 5694 γέγραπται.
3396 5641 3489 5694 Ἐγ

1964 5652 2089 5740 σρῦς
2142 5641 2319 5719 ’λέγειν
2371 5647 2457 5701 Ἐν
2478 5643 2557 5715 τῷ
2603 5642 2753 5715 νόμῳ
2802 5641 2955 5713 ὑμῶν
3015 5643 3347 5715 γέγραπται,
3396 5641 3489 5708 Ἐγ

1963 5741 2109 5778 ειπα.

3115 5810 3191 5873 ιο
