3944 6222
382 304 486 364 ΜΗ

995 302 1051 356 S.
1094 301 1460 356 ATHANASII
1500 299 1651 357 OPP.
1687 299 1867 354 PARS
1908 298 1946 352 ι.
1987 329 2058 342 -—-
2097 295 2470 353 lllSTORlCA
2508 294 2596 350 ET
2631 293 3050 350 DOGMATICA.

3535 292 3644 348 (9'2

386 422 672 481 mundum.
715 434 801 474 vos
855 417 1033 472 dicitis
1079 419 1205 488 quia
1249 413 1618 484 Blasphemas,
1650 413 1778 484 quia
1821 412 1955 478 dixi,

2064 411 2169 464 τὸν
2199 412 2463 479 κόσμον,
2494 409 2662 479 ὑμεῖς
2680 408 2913 478 λέγετε,
2960 407 3050 462 ὅτι
3094 403 3517 476 Βλασφημεῖς,
3554 405 3646 461 ὅτι

384 516 559 571 Filius
587 513 682 568 Dei
719 526 837 566 sum
861 511 886 563 1’
913 507 972 564 Si
1017 524 1121 564 non
1167 508 1309 577 facio
1351 522 1508 576 opera
1554 505 1760 566 Patris,
1797 505 1958 558 nolite

381 608 591 664 credere
619 604 770 658 mihi.
806 601 904 657 Sin
939 609 1114 655 autem
1138 600 1299 669 facio,
1331 609 1382 652 et
1411 600 1456 652 si
1499 599 1630 651 mihi
1665 613 1770 650 non
1799 597 1956 650 vultis

383 698 614 762 credere,
665 693 908 766 operibus
949 692 1162 758 credite,
1206 699 1264 744 ut
1307 690 1492 744 sciatis
1537 699 1588 744 et
1628 689 1956 760 cognoscatis

372 790 512 860 quia
533 787 700 842 Pater
731 787 787 839 in
808 801 887 840 me
914 793 1012 849 est,
1038 793 1088 837 et
1113 799 1204 853 ego
1228 783 1282 835 in
1310 781 1472 835 Patre
1496 781 1560 833 ⁶².
1584 780 1768 850 Atqui,
1797 788 1958 849 prout

379 888 582 938 sonant
617 880 734 950 ipsa
765 878 951 942 verba,
981 893 1090 932 non
1117 875 1273 941 dixit,
1301 873 1445 929 Deus
1471 889 1616 936 sum,
1650 873 1755 941 vel,
1784 871 1957 928 Filius

379 973 478 1031 Dei
515 988 663 1040 sum,
694 971 812 1035 sed,
838 970 953 1043 Ego
979 980 1029 1024 et
1059 969 1222 1024 Pater
1247 983 1408 1022 unum
1445 982 1648 1022 sumus.

446 1151 612 1225 5,99
637 1149 724 1206 Π.
757 1147 927 1205 Judaei
955 1147 1173 1219 quidem
1200 1147 1304 1200 hac
1333 1145 1590 1211 dictione,
1619 1159 1804 1208 unum,
1829 1158 1953 1198 eum

377 1261 439 1301 se
479 1258 603 1298 esse
635 1239 853 1295 Patrem
893 1237 1098 1293 dixisse
1140 1235 1568 1300 arbitrabantur,
1600 1234 1956 1306 quemadmo-

377 1337 508 1394 dum
544 1334 710 1392 sentit
744 1331 1016 1387 Sabellius
1041 1349 1053 1384 :
1086 1339 1142 1385 at
1173 1327 1426 1384 Salvator
1451 1335 1638 1384 noster
1667 1335 1955 1400 peccatum

374 1431 593 1487 illorum
621 1426 870 1497 coarguit
898 1423 1214 1496 huiusmodi
1250 1420 1540 1477 ratiocinio
1566 1438 1581 1475 :
1610 1419 1840 1476 Etiamsi
1869 1434 1956 1473 me

370 1527 545 1584 Deum
565 1525 842 1588 dixissem,
859 1536 956 1577 vos
971 1530 1150 1576 tamen
1174 1517 1437 1588 scriptum
1462 1514 1778 1570 meminisse
1793 1527 1957 1584 opor-

371 1621 522 1677 tebat
536 1639 550 1674 :
566 1617 676 1690 Ego
693 1617 828 1680 dixi,
849 1614 937 1668 Dii
952 1613 1097 1668 estis.
1116 1610 1318 1666 Deinde
1334 1610 1448 1664 haec
1460 1608 1645 1669 verba,
1656 1606 1766 1678 Ego
1781 1615 1830 1661 et
1848 1605 1957 1660 Pa-

375 1722 455 1767 ter
482 1725 644 1765 unum
673 1723 876 1770 sumus,
912 1704 1234 1778 explanans,
1266 1710 1512 1756 mutuam
1542 1697 1665 1754 Filii
1694 1707 1749 1754 et
1775 1697 1957 1754 Patris

370 1805 636 1860 unitatem
658 1800 862 1856 eisdem
893 1795 1124 1852 indicari
1143 1795 1321 1861 docet,
1357 1808 1483 1849 cum
1517 1792 1612 1859 ait,
1646 1791 1788 1857 Quia
1817 1789 1954 1856 dixi,

371 1894 552 1950 Filius
573 1894 666 1949 Dei
683 1907 822 1947 sum.
840 1887 974 1944 Nam
996 1887 1214 1944 tametsi
1245 1885 1426 1941 verbis
1458 1885 1511 1940 id
1530 1898 1636 1938 non
1665 1882 1954 1953 expressit,

371 1998 553 2044 tamen
571 1984 716 2058 quod
734 1985 819 2039 his
834 1982 1082 2046 vocibus,
1103 1996 1266 2034 unum
1287 1993 1491 2042 sumus,
1511 1975 1871 2047 signiﬁcatur,
1889 1974 1957 2030 ad

370 2079 553 2152 ipsum
569 2070 985 2132 retulitFilium.
1008 2067 1153 2135 Nihil
1183 2084 1354 2123 unum
1382 2076 1466 2123 est
1495 2081 1619 2121 cum
1650 2064 1829 2131 Patre,
1848 2064 1956 2120 nisi

371 2169 516 2242 quod
540 2183 606 2223 ex
627 2169 744 2237 ipso
758 2163 921 2218 Patre
935 2170 1038 2218 est.
1053 2160 1194 2228 Quid
1211 2174 1374 2232 porro
1391 2174 1456 2214 ex
1474 2159 1594 2227 ipso
1613 2155 1773 2212 Patre
1792 2155 1958 2211 fuerit

371 2271 571 2333 praeter
620 2256 868 2313 Filium?
911 2253 1097 2325 Itaque
1135 2251 1433 2317 concludit,
1499 2247 1568 2304 Ut
1627 2249 1956 2320 cognoscatis

371 2355 501 2425 quia
527 2368 620 2424 ego
647 2353 703 2405 in
732 2350 915 2418 Patre,
941 2357 989 2403 et
1013 2346 1180 2402 Pater
1208 2346 1265 2399 in
1289 2359 1372 2398 me
1399 2351 1499 2398 est.
1524 2339 1636 2397 Nec
1657 2343 1802 2396 enim
1825 2339 1956 2411 quid

372 2463 538 2502 unum
572 2443 719 2502 istud
753 2451 897 2500 esset
930 2440 1236 2512 explicans,
1272 2436 1412 2492 dixit
1451 2435 1507 2491 in
1556 2449 1623 2489 eo
1655 2448 1777 2490 esse
1809 2431 1958 2503 quod

373 2539 519 2596 idem
552 2537 686 2594 illud
717 2538 790 2594 sit
832 2550 1073 2608 quocum
1114 2546 1284 2588 unum
1323 2538 1449 2585 est:
1489 2527 1585 2584 sed
1625 2527 1680 2580 in
1715 2541 1781 2580 eo
1809 2523 1957 2594 quod

372 2633 491 2702 ipse
537 2631 609 2688 sit
656 2630 712 2685 in
741 2628 927 2694 Patre,
960 2635 1016 2682 et
1066 2624 1227 2679 Pater
1265 2622 1322 2677 in
1350 2620 1514 2686 Filio,
1566 2633 1675 2690 qua
1706 2617 1958 2673 videlicet

373 2725 590 2780 ratione
634 2723 776 2777 inter
806 2735 865 2776 se
899 2727 1029 2776 sunt
1058 2715 1358 2788 conjuncti,
1393 2728 1496 2770 nec
1543 2727 1574 2767 a
1623 2729 1682 2770 se
1715 2709 1956 2782 separari

377 2824 610 2888 queunt.
640 2813 889 2882 Namque
914 2810 1094 2880 ipsum
1125 2821 1345 2879 quoque
1371 2804 1593 2860 Sabellii
1623 2805 1729 2860 hoc
1755 2805 1810 2859 in
1836 2803 1957 2856 loco

374 2906 573 2963 evertit
609 2918 877 2967 errorem,
914 2901 1116 2972 quippe
1146 2898 1242 2968 qui
1270 2912 1382 2952 non
1412 2895 1633 2960 dixerit,
1689 2896 1802 2966 Ego
1833 2907 1955 2949 sum

373 2998 560 3064 Pater,
600 2997 716 3060 sed,
747 2994 922 3048 Filius
947 2993 1046 3047 Dei
1073 3007 1210 3047 sum.
1239 2989 1428 3044 Arium
1475 2990 1678 3060 pariter
1705 2986 1958 3058 proﬂigat

373 3101 499 3147 eum
534 3089 630 3154 ait,
665 3085 838 3142 Unum
862 3101 1064 3139 sumus.
1096 3081 1366 3150 Quocirca
1401 3081 1448 3137 si
1474 3079 1622 3135 aliud
1649 3087 1733 3134 est
1759 3077 1951 3142 Filius,
1983 3109 2030 3173 ο

374 3191 430 3236 et
461 3178 610 3234 aliud
644 3186 728 3234 est
756 3175 995 3230 Verbum
1024 3213 1040 3238 ,
1095 3187 1207 3228 non
1241 3171 1478 3226 Verbum
1513 3185 1684 3224 unum
1717 3177 1801 3224 est
1828 3184 1952 3223 cum

375 3273 562 3334 Patre,
603 3271 700 3326 sed
743 3268 958 3323 Filius:
1005 3281 1181 3335 neque
1210 3263 1307 3334 qui
1353 3261 1592 3317 Verbum
1624 3261 1779 3326 vidit,
1823 3259 1957 3314 vidit

377 3365 624 3429 Patrem,
656 3363 750 3418 sed
780 3361 876 3431 qui
904 3357 1104 3413 Filium
1139 3356 1300 3412 vidit.
1344 3353 1634 3421 Praeterea,
1670 3353 1755 3408 vel
1784 3351 1957 3406 Filius

376 3456 558 3526 major
587 3462 674 3509 est
714 3451 919 3515 Verbo,
953 3450 1038 3504 vel
1077 3446 1317 3503 Verbum
1355 3444 1493 3500 nihil
1528 3445 1764 3514 amplius
1797 3442 1959 3497 habet

375 3562 541 3621 quam
563 3544 756 3600 Filius.
789 3541 999 3613 Ecquid
1027 3541 1173 3596 enim
1203 3537 1383 3608 majus
1413 3537 1494 3592 vel
1517 3535 1816 3608 perfectius
1836 3547 1960 3590 esse

374 3638 570 3710 possit,
605 3650 771 3708 quam
814 3633 961 3705 quod
1007 3631 1346 3702 signiﬁcatur
1391 3628 1544 3683 hisce
1588 3627 1955 3691 dictionibus,

381 3729 557 3786 Unum
583 3729 650 3794 “,
684 3727 798 3798 Ego
839 3727 894 3779 in
917 3724 1102 3789 Patre,
1135 3733 1184 3776 et
1212 3721 1379 3776 Pater
1414 3720 1472 3774 in
1501 3736 1580 3773 me
1620 3721 1854 3783 est:Qui
1883 3719 1960 3773 ci-

375 3825 457 3879 dit
482 3839 586 3887 me,
614 3819 743 3877 vidit
773 3818 993 3872 Patrem
1015 3816 1062 3848 “
1087 3816 1110 3869 τ
1147 3813 1243 3869 Hae
1282 3812 1430 3869 enim
1458 3827 1624 3867 voces
1654 3809 1777 3864 Filii
1807 3819 1954 3865 sunt.

377 3914 469 3969 Ait
498 3928 628 3984 ergo
659 3910 802 3965 idem
834 3906 1075 3962 Joannes
1102 3924 1118 3962 :
1148 3902 1253 3969 Qui
1284 3903 1414 3958 vidit
1433 3917 1532 3968 me,
1562 3899 1693 3954 vidit
1731 3916 1848 3954 eum
1869 3900 1958 3970 qui

381 4006 523 4060 misit
555 4021 634 4058 me
656 4003 724 4057 ".
759 3999 844 4067 Et,
884 3998 990 4065 Qui
1018 4013 1098 4052 me
1138 3996 1344 4066 recipit,
1384 3994 1570 4064 recipit
1598 4009 1718 4048 eum
1742 3993 1833 4064 qui
1859 3993 1960 4046 mi-

380 4101 452 4153 sit
474 4113 554 4150 mc
578 4096 645 4148 ⁶⁶.
675 4092 762 4161 Ει,
791 4091 902 4162 Ego
930 4091 1025 4144 tua:
1051 4091 1104 4144 in
1129 4089 1383 4142 mundum
1408 4089 1542 4151 veni,
1585 4097 1644 4141 ut
1669 4087 1838 4140 omnis
1867 4084 1958 4156 qui

379 4187 547 4243 credit
575 4187 628 4240 in
663 4201 764 4246 me,
790 4184 844 4236 in
873 4180 1096 4235 tenebris
1117 4194 1220 4233 non
1242 4187 1473 4232 maneat.
1505 4175 1593 4243 Et,
1623 4176 1685 4232 Si
1723 4178 1839 4246 quis
1870 4191 1959 4227 au-

379 4275 538 4334 ἄστει
571 4277 725 4330 verba
760 4290 896 4340 mea,
925 4282 975 4326 et
995 4288 1100 4326 non
1143 4272 1476 4336 custodierit,
1505 4286 1598 4341 ego
1629 4285 1736 4324 non
1772 4267 1958 4338 judico

378 4388 520 4426 eum.
566 4368 688 4423 Non
737 4369 876 4422 enim
908 4366 1024 4420 veni
1068 4374 1130 4418 ut
1158 4364 1398 4434 judicem
1454 4363 1728 4428 mundum,
1764 4361 1854 4416 sed
1899 4372 1957 4414 ut

2059 500 2250 567 εἷπον,
2274 502 2403 568 Υἱός
2429 501 2534 555 τοῦ
2567 500 2712 555 Θεοῦ
2737 502 2852 569 ειμι
2869 515 2886 561 ;
2903 501 2971 553 Ει
2999 499 3070 553 οὐ
3095 497 3241 552 ποιῶ
3265 499 3338 551 τὰ
3363 499 3507 567 ἔργα
3533 497 3644 552 τοῦ

2061 594 2307 662 Πατρός,
2333 593 2417 664 μὴ
2440 594 2514 663 (5)
2538 592 2848 647 πιστεύετέ
2867 609 2996 661 μοι⁶
3021 593 3074 644 εὶ
3094 589 3161 644 δὲ
3183 587 3352 654 ποιῶ,
3375 589 3492 642 κᾶν
3510 588 3643 660 ἐμοὶ

2054 687 2141 757 μὴ
2173 688 2512 754 πιστεύητε,
2536 685 2660 752 τοῖς
2681 685 2878 756 ἔργοις
2910 685 3292 747 πιστεύσατε,
3323 685 3425 736 ἵνα
3453 681 3642 752 γνῶτε

2059 779 2155 832 καὶ
2188 777 2537 847 γινώσκητε,
2578 777 2667 830 ότι
2699 779 2768 829 ἐν
2798 775 2929 845 ἐμοὶ
2966 779 2998 830 ό
3025 775 3247 843 Πατὴρ,
3280 774 3443 844 κάγὼ
3468 774 3538 828 ἐν
3562 772 3646 839 τῷ

2057 871 2259 938 Πατρί.
2293 870 2514 936 Καίτοι,
2545 870 2668 922 ὅσον
2693 871 2757 922 ἐκ
2784 867 2876 920 τοῦ
2904 866 3213 939 προφανοῦς
3235 866 3314 918 δεῖ
3343 868 3502 930 νοεῖν,
3527 864 3643 918 050'

2058 963 2138 1015 ὅτι
2166 963 2296 1027 θεός
2326 965 2474 1033 εἰμι,
2520 961 2630 1014 οὐδ’
2663 962 2743 1014 ὅτι
2784 961 2912 1023 Υἱὸς
2940 960 3074 1012 Θεοῦ
3103 960 3218 1030 εἰμι
3238 1001 3251 1021 ,
3282 953 3468 1023 εἶπεν,
3502 958 3642 1022 ἀλλ’,

2071 1055 2210 1125 Ἐγὼ
2236 1056 2333 1108 καὶ
2359 1059 2391 1109 ό
2425 1053 2628 1122 Πατὴρ
2658 1053 2727 1107 ἓν
2751 1053 2958 1122 ἐσμεν.

2129 1148 2214 1202 17.
2241 1149 2303 1200 Οἱ
2331 1148 2428 1218 μὲν
2450 1141 2542 1200 οὖν
2571 1145 2810 1200 Ἰουδαῖοι
2834 1147 2890 1198 ὲν
2912 1144 2990 1215 τῷ
3009 1142 3364 1207 ἀκοῦσαι,ἓν,
3394 1141 3647 1213 ἐνόμιζον

2058 1241 2199 1294 κατὰ
2231 1240 2514 1295 Σαὸέλλιον
2544 1239 2704 1292 αὐτὸν
2733 1237 3012 1309 εἰρηκέναι
3045 1231 3184 1290 εἶναι
3209 1236 3301 1290 τὸν
3327 1235 3576 1306 Πατέρα·
3615 1236 3646 1288 ό

2057 1333 2114 1386 δέ
2137 1351 2200 1402 γε
2227 1331 2416 1404 Σωτὴρ
2438 1332 2594 1403 ἡμῶν
2616 1329 2980 1399 συλλογίζεται
3007 1328 3104 1399 μὲν
3131 1327 3309 1381 αὐτῶν
3339 1326 3435 1404 τὴν
3458 1327 3644 1398 ἁμαρ-

2056 1426 2175 1479 τίαν
2209 1426 2294 1478 ὅτι
2315 1440 2330 1455 ·
2367 1403 2432 1478 Εἰ
2475 1423 2570 1477 καὶ
2614 1422 2745 1476 Θεὸν
2799 1418 2950 1475 εἷπον
2975 1462 2988 1488 ,
3049 1420 3155 1474 ἔδει
3187 1421 3329 1492 ὑμᾶς
3360 1403 3554 1474 ειδέναι
3579 1419 3646 1471 τὸ

2057 1516 2475 1590 γεγραμμένον,
2523 1513 2663 1585 Ἐγὼ
2702 1511 2840 1567 εἶπα
2878 1512 2988 1581 (6),
3029 1513 3162 1566 Θεοί
3191 1513 3362 1565 ἐστε·
3399 1505 3520 1565 εἶτα
3549 1511 3638 1574 τὸ,

2071 1611 2212 1680 Ἐγὼ
2244 1609 2340 1664 καὶ
2371 1612 2404 1663 ό
2432 1607 2634 1675 Πατὴρ
2653 1606 2721 1660 ἓν
2745 1606 2950 1675 ἐσμεν,
2983 1605 3313 1676 σαφηνξζων,
3343 1605 3399 1656 έν
3420 1602 3499 1674 τῷ
3525 1603 3643 1674 mp

2058 1705 2158 1776 τὴν
2191 1703 2328 1774 πρὸς
2354 1701 2443 1755 τὸν
2467 1699 2686 1770 Πατέρα
2709 1699 2937 1768 ἑνότητα
2961 1697 3267 1751 ἀποδέδωκε
3297 1696 3489 1766 λέγων,
3523 1696 3645 1748 Ὀτι

2057 1797 2252 1854 εἷπον·
2285 1798 2416 1863 Υἱός
2455 1799 2571 1864 ειμι
2602 1792 2708 1847 τοῦ
2739 1793 2887 1847 Θεοῦ
2913 1792 3010 1863 (7).
3045 1792 3106 1844 Ei
3139 1791 3248 1862 γὰρ
3269 1793 3335 1862 τῇ
3370 1789 3512 1856 λέξει
3540 1789 3646 1842 οὐκ

2058 1888 2231 1955 εἶπεν,
2259 1889 2394 1944 ἀλλὰ
2417 1891 2517 1962 τὴν
2549 1887 2789 1942 διάνοιαν
2818 1885 2912 1940 τοῦ
2937 1926 2952 1949 ,
2984 1884 3052 1940 ἓν
3085 1886 3272 1953 ἐσμεν
3293 1924 3306 1947 ,
3333 1882 3646 1937 ἀποδέδωκε

2057 1985 2134 2056 τῷ
2156 1983 2268 2054 Υἰῷ
2301 1983 2398 2053 (8).
2430 1981 2595 2035 Οὐδὲν
2629 1981 2736 2052 γὰρ
2771 1979 2828 2031 ἓν
2853 1978 2989 2049 πρὸς
3010 1962 3372 2046 τὺνΠατέρα,
3397 1976 3445 2026 εἰ
3479 1973 3552 2044 μὴ
3579 1972 3648 2026 τὸ

2058 2078 2116 2144 ἐξ
2146 2073 2332 2128 αὑτοῦ.
2356 2073 2420 2126 Τί
2449 2073 2494 2125 δ’
2525 2071 2590 2126 ἂν
2613 2073 2695 2143 εἴη
2725 2071 2784 2124 τὸ
2806 2070 2865 2133 ἐξ
2897 2067 3061 2122 αὐτοῦ
3095 2068 3128 2138 ἢ
3163 2070 3192 2120 6
3216 2066 3376 2133 Υἱός;
3417 2063 3644 2134 Ἐπιφέ-

2060 2185 2143 2240 ρει
2176 2166 2308 2236 γοῦν
2332 2208 2346 2231 ,
2401 2165 2527 2218 Ἵνα
2565 2163 2897 2234 γινώσκητε
2920 2203 2933 2225 ,
2976 2161 3066 2214 ότι
3090 2158 3204 2228 ἐγὼ
3236 2157 3305 2212 ἐν
3329 2155 3407 2222 τῷ
3436 2155 3648 2225 ΠοιτρὶἸ

2057 2260 2154 2314 καὶ
2182 2262 2214 2312 ό
2236 2257 2437 2325 Πατὴρ
2461 2257 2530 2309 ἐν
2549 2255 2699 2325 ἐμοί.
2736 2253 2808 2307 Τὸ
2836 2253 2944 2324 γὰρ
2972 2251 3029 2304 ἓν
3061 2247 3514 2321 ὲπεξηγούμενος,
3540 2248 3648 2300 οὐκ

2057 2352 2114 2402 ὲν
2141 2348 2217 2421 τῷ
2240 2349 2369 2402 αὐτὸ
2392 2343 2531 2400 εἶναι
2549 2348 2624 2417 (9)
2643 2347 2819 2398 ἐκεῖνο
2841 2345 2977 2416 πρὸς
3001 2343 3028 2396 ὃ
3057 2343 3116 2396 ἓν
3146 2345 3291 2395 ἐστιν
3324 2337 3495 2402 εἶπεν,
3523 2339 3645 2395 ἀλλ’

2057 2441 2116 2491 ἐν
2149 2437 2225 2508 τῷ
2251 2437 2412 2490 αὑτὸν
2441 2437 2498 2489 ὲν
2519 2435 2596 2506 τῷ
2624 2435 2820 2507 Πατρὶ,
2845 2435 2935 2487 καὶ
2963 2434 3052 2487 τὸν
3077 2433 3292 2504 Πατέρα
3315 2434 3371 2485 ὲν
3401 2428 3479 2500 τῷ
3500 2428 3644 2500 Tit},

2056 2531 2155 2602 τὴν
2188 2530 2482 2598 συνάφειαν
2502 2568 2516 2592 ,
2555 2527 2647 2580 καὶ
2678 2526 2739 2580 τὸ
2771 2525 3092 2597 ἀχώριστον.
3131 2524 3240 2578 Καὶ
3269 2522 3378 2593 γὰρ
3406 2523 3500 2576 καὶ
3534 2521 3644 2574 Σα-

2058 2622 2264 2674 ϐέλλιον
2290 2623 2348 2674 ὲν
2377 2619 2550 2690 τούτῳ
2572 2619 2886 2688 ἀνατρέπει,
2920 2619 2978 2669 ὲν
3004 2616 3080 2688 τῷ
3104 2617 3278 2669 εἰπεῖν
3300 2616 3419 2685 οὺχ,
3449 2614 3509 2668 Ὀ
3532 2615 3649 2668 Ila-

2056 2716 2161 2786 τήρ
2189 2714 2339 2784 εἰμι,
2385 2711 2550 2776 ἀλλὰ,
2600 2712 2653 2764 '0
2698 2709 2830 2777 Υἱὸς
2870 2709 2977 2762 τοῦ
3005 2707 3152 2763 Θεοῦ
3173 2725 3188 2738 ·
3218 2707 3311 2760 καὶ
3342 2708 3558 2778 ’Ἄρειον
3585 2706 3649 2758 ιν

2056 2811 2134 2881 τῷ
2163 2813 2364 2875 εἰπεῖν,
2397 2811 2511 2864 ’Ἐν
2537 2810 2744 2877 ἐσμεν.
2779 2810 2841 2862 Εἰ
2870 2807 3049 2862 τοίνυν
3078 2809 3106 2860 6
3131 2807 3259 2870 Υἱὸς
3292 2805 3419 2860 ἄλλο
3441 2846 3455 2870 ,
3491 2804 3584 2859 καὶ
3616 2807 3651 2860 6

2057 2901 2228 2969 Λόγος
2245 2900 2390 2963 ἄλλο,
2411 2901 2509 2971 οὐχ
2531 2901 2559 2952 ὁ
2583 2899 2756 2968 Λόγος
2778 2899 2838 2952 ἓν
2860 2901 2975 2952 ἐστι
3005 2899 3140 2970 πρὸς
3161 2898 3251 2950 τὸν
3268 2897 3506 2967 Πατέρα,
3525 2895 3648 2950 ἀλλ’

2056 2994 2084 3046 6
2132 2992 2258 3055 Υἱός
2276 3007 2291 3021 ⁸
2322 2991 2443 3045 οὐδὲ
2471 2993 2500 3044 6
2545 2991 2637 3045 τὸν
2667 2991 2838 3059 Λόγον
2873 2989 3133 3061 ἑωρακὼς
3163 2987 3376 3059 ἑώρακε
3409 2987 3501 3040 τὸν
3531 2988 3648 3041 Ila-

2057 3084 2208 3157 τέρα,
2240 3083 2354 3138 ἀλλ’
2377 3085 2407 3137 6
2434 3083 2524 3138 τὸν
2555 3083 2701 3137 Υἱὸν.
2735 3082 2952 3137 Τούτων
2971 3082 3027 3136 δὲ
3055 3082 3438 3154 δεικνυμένων,
3462 3080 3496 3152 ἢ
3522 3082 3646 3152 μει-

2060 3176 2168 3241 ζων
2213 3178 2242 3230 6
2273 3177 2402 3240 Υἱὸς
2445 3174 2538 3230 τοῦ
2573 3175 2780 3244 Λόγου,
2814 3174 2847 3244 ἦ
2893 3173 3076 3228 πλεῖον
3104 3172 3256 3226 οὐδὲν
3288 3175 3316 3226 6
3349 3171 3520 3242 Λόγος
3549 3173 3646 3226 τοῦ

2060 3268 2191 3322 Υἱοῦ
2219 3269 2352 3340 ἔχει.
2381 3268 2448 3321 Τί
2469 3267 2579 3340 γὰρ
2610 3266 2846 3339 μεῖζονῆ
2873 3265 3206 3337 τελειότερον
3229 3263 3343 3328 τοῦ,
3375 3265 3479 3316 Ἔν
3506 3261 3644 3334 (10),

2062 3360 2153 3413 καὶ
2184 3360 2278 3413 τοῦ
2299 3399 2314 3425 ,
2358 3361 2504 3430 Ἐγὼ
2534 3361 2604 3413 ἐν
2628 3357 2706 3424 τῷ
2738 3359 2942 3426 [lat-pl,
2968 3357 3066 3410 καὶ
3093 3359 3127 3411 ό
3154 3355 3357 3424 Πατὴρ
3394 3356 3463 3409 ἐν
3488 3355 3647 3424 ἐμοὶ,

2060 3452 2154 3505 καὶ
2181 3451 2298 3516 τοῦ,
2339 3452 2402 3504 '0
2433 3451 2703 3520 ἑωρακὼς
2724 3451 2846 3520 ἐμὲ,
2868 3449 3088 3519 ἑώρακε
3115 3448 3222 3502 τὸν
3242 3447 3469 3516 Πατέρα
3483 3463 3504 3513 ;
3533 3447 3647 3501 Καὶ

2059 3544 2167 3616 γὰρ
2197 3544 2293 3598 καὶ
2319 3544 2432 3614 (Η)
2451 3539 2611 3599 αὗται
2639 3545 2695 3599 αἱ
2722 3544 2897 3614 φωναὶ
2920 3543 3013 3596 τοῦ
3039 3542 3170 3595 Υἱοῦ
3195 3543 3321 3596 εἰσι.
3345 3541 3484 3610 Φησὶ
3509 3539 3644 3609 γοῦν

2058 3636 2087 3687 6
2104 3635 2264 3698 αὐτὸς
2299 3635 2551 3707 Ἰωάννης
2567 3655 2578 3666 ·
2617 3637 2679 3689 '0
2701 3635 2973 3704 ἑωρακὼς
2994 3635 3118 3704 ἐμὲ,
3145 3634 3369 3703 ἑώρακε
3383 3633 3490 3687 τὸν
3506 3633 3647 3702 πέμ-

2059 3727 2259 3796 ψαντά
2278 3745 2372 3797 με·
2401 3729 2514 3792 καὶ,
2533 3728 2585 3780 Ὀ
2608 3728 2712 3797 ἐμὲ
2737 3727 3077 3797 δεκόμενος,
3109 3726 3344 3795 δέχεται
3365 3727 3474 3780 τὸν
3503 3725 3645 3779 dao—

2059 3818 2386 3873 στείλαντα
2429 3835 2538 3889 με’
2591 3819 2687 3872 καὶ
2707 3858 2722 3882 ,
2772 3819 2920 3888 Ἐγὼ
2957 3817 3083 3888 φῶς
3117 3820 3204 3882 εὶς
3251 3818 3360 3870 τὸν
3411 3817 3647 3885 κόσμον

2059 3910 2352 3978 ἐλήλυθα,
2382 3911 2483 3964 ἵνα
2516 3908 2634 3976 πᾶς
2658 3914 2691 3964 ό
2723 3909 3026 3964 πιστεύων
3055 3911 3144 3974 εὶς
3172 3906 3278 3977 ἐμὲ
3301 3907 3370 3958 ἐν
3389 3905 3462 3975 τῇ
3495 3919 3645 3959 σκο-

2060 4003 2156 4070 τίᾳ
2173 4000 2261 4072 μὴ
2283 4001 2492 4070 μείνῃ·
2524 4000 2642 4064 καὶ,
2687 3999 2830 4054 Ἐάν
2853 4000 2945 4066 τίς
2971 4017 3091 4068 μου
3117 3999 3352 4067 ἀκούσῃ
3381 3998 3502 4052 τῶν
3532 3998 3643 4052 λό-

2060 4111 2198 4164 γων,
2217 4093 2317 4147 καὶ
2341 4093 2427 4163 μὴ
2457 4091 2721 4162 φυλάξῃ,
2749 4091 2864 4162 ἐγὼ
2888 4093 2960 4146 οὐ
2982 4091 3164 4159 κρίνω
3185 4090 3372 4144 αὐτόν
3391 4105 3404 4118 ’
3436 4093 3508 4144 οὐ
3529 4090 3643 4161 τὰρ

2059 4181 2249 4256 ἦλθον
2273 4185 2374 4239 ἵνα
2399 4185 2579 4254 κρίνω
2602 4183 2708 4238 τὸν
2733 4184 2986 4253 κόσμον,
3019 4182 3157 4236 ἀλλ’
3191 4182 3293 4235 ἵνα
3319 4181 3499 4236 σώσω
3532 4181 3648 4236 τὸν

2061 4276 2313 4345 κόσμον.
2349 4273 2403 4326 '0
2422 4276 2606 4344 λόγος
2626 4273 2694 4326 δὲ
2713 4273 2786 4327 ὃν
2815 4274 3020 4328 ἀκούει
3039 4272 3151 4344 (12)
3167 4312 3182 4337 ,
3203 4271 3435 4338 ἐκεῖνος
3457 4270 3650 4341 κρινεῖ

2061 4365 2246 4420 αὑτὸν
2266 4366 2335 4419 ὲν
2359 4363 2436 4434 τῇ
2461 4363 2691 4434 ἐσχάτῃ
2719 4363 2938 4434 ἡμέρᾳ·
2964 4363 3053 4417 ὅτι
3075 4363 3192 4435 ἐγὼ
3221 4363 3373 4434 πρὸς
3398 4364 3504 4418 τόν
3525 4367 3646 4418 Ha-

377 4465 580 4522 salcum
609 4461 806 4533 faciant
832 4457 1085 4512 mundum
1108 4473 1126 4510 :
1156 4455 1247 4510 sed
1275 4471 1447 4511 sermo
1475 4471 1625 4525 quem
1664 4453 1838 4519 audit,
1866 4453 1955 4507 ille

2064 4457 2200 4527 τέρα
2225 4459 2570 4527 πορεύομαι.
2627 4456 2702 4510 Τὸ
2743 4457 3001 4527 κήρυγμα
3039 4457 3098 4510 δέ
3141 4473 3273 4529 φησι
3309 4456 3514 4527 κρίνειν
3551 4457 3645 4510 τὸν

371 4553 639 4628 judicabit
676 4566 794 4606 eum
817 4552 873 4603 in
905 4548 1184 4602 novissimo
1221 4546 1344 4601 die:
1378 4547 1504 4617 quia
1526 4562 1619 4618 ego
1643 4547 1714 4600 ad
1737 4546 1956 4602 Patrem

378 4649 514 4704 vado
539 4645 606 4699 ⁸⁷.
642 4643 804 4708 Ευιη,
844 4643 937 4713 qui
966 4641 1282 4697 mandatum
1326 4655 1436 4695 non
1469 4640 1789 4704 servaverit,
1821 4656 1958 4710 prac-

378 4735 654 4798 dicatione
669 4737 1029 4810 judicandum
1054 4750 1179 4791 esse
1214 4733 1476 4790 declarat.
1514 4729 1636 4786 Nisi
1663 4733 1831 4798 enim,
1873 4735 1959 4788 in-

443 4859 489 4892 "
526 4856 684 4914 Joan.
729 4872 798 4924 χ,
840 4853 1031 4910 50-58.
1153 4851 1196 4882 ⁸³
1236 4850 1371 4924 ibid.
1431 4848 1524 4907 '50.

386 4932 433 4965 ⁸⁷
473 4928 634 4984 Joan.
669 4919 1001 4992 11516-48;
1039 4938 1150 4986 nv,
1197 4919 1286 4976 12.

450 5044 526 5116 (5)
569 5041 889 5116 Basiliensis
929 5047 1014 5116 et_
1029 5039 1383 5116 Anglicanus,
1401 5036 1509 5116 ⁸τοῦ
1555 5037 1770 5110 Πατρός
1801 5058 1955 5116 μμου,

379 5109 582 5172 Ibidem
635 5111 935 5182 Regius_et
981 5109 1350 5182 Seguerianus
1399 5109 1488 5182 hic
1511 5109 1720 5182 etmox
1755 5109 1956 5181 pum-

379 5185 618 5246 στεύετε,
649 5179 1204 5252 δι’γινώσκετεξΑιὶί
1247 5188 1302 5234 et
1345 5180 1498 5245 editi,
1531 5180 1606 5250 μὴ
1642 5179 1956 5252 πιστεύητε,

379 5267 433 5310 et
458 5253 785 5324 γινώσκητε.

452 5319 529 5392 (6)
571 5325 661 5378 Sic
689 5319 825 5395 Reg.
859 5323 1084 5395 Seguer.
1117 5320 1282 5395 Basil.
1315 5329 1370 5374 et
1400 5319 1730 5395 ‘An‘giic..At
1781 5320 1871 5373 alii
1905 5329 1959 5375 et

377 5386 532 5459 editi,
558 5396 639 5447 ὅτι
667 5386 808 5464 Ἐγῶ
845 5386 996 5458 circa,
1026 5393 1148 5464 859i
1172 5393 1295 5464 ὲοτε
1331 5391 1423 5444 καὶ
1456 5386 1582 5464 vio‘t.
1612 5386 1758 5464 εἶτα,
1782 5402 1884 5464 etc.

451 5465 528 5535 (Ἰ)
572 5464 703 5533 Reg.
728 5460 1045 5533 Seguerian.
1079 5462 1243 5535 Basil.
1273 5461 1636 5535 ctrdngligan.
1668 5460 1950 5535 τοῦ-Θεοῦ.

381 5531 612 5674 Ιηὲοιὲὶε
639 5531 694 5587 et
722 5531 881 5589 editis
924 5537 1077 5590 deest
1120 5532 1233 5585 τοῦ.
1273 5531 1474 5586 Ibidem
1505 5531 1726 5602 Regius,
1755 5531 1817 5583 ΕΞ.
1845 5531 1954 5604 γὰρ

382 5621 454 5659 κα
504 5621 630 5674 τά,
690 5671 717 5674 _
1014 5672 1028 5674 Α
1121 5673 1146 5674 η
1303 5671 1312 5674 _
1409 5671 1443 5674 __
1887 5669 1921 5674 η

382 5621 478 5659 και
504 5621 592 5672 τῃ.

454 5669 668 5743 (8)”5ἰο
690 5671 817 5743 Reg.
853 5674 977 5742 Seg.
1010 5672 1173 5727 Rasil.
1205 5681 1260 5726 et
1281 5671 1499 5743 Anglic.
1534 5675 1602 5728 At
1635 5671 1727 5727 alii
1760 5681 1813 5728 et
1837 5669 1956 5726 edi-

381 5745 443 5813 ti,
467 5741 795 5798 ἆποδέδωκί
819 5743 896 5813 τῷ
929 5741 1048 5812 Θεῷ
1077 5744 1194 5812 ἦτοι
1223 5741 1300 5813 τῷ
1334 5743 1464 5812 Υἱῷ.

1670 4849 1715 4882 ⁸⁸
1751 4850 1911 4907 Joan.
1953 4870 2068 4918 xiv,
2112 4856 2168 4923 9,
2210 4855 2296 4910 10.

2063 4549 2138 4622 μὴ
2167 4549 2477 4619 φυλάξαντα
2502 4549 2602 4620 τὴν
2632 4547 2870 4619 ἐντολήν.
2901 4549 2965 4601 Ei
2997 4549 3107 4619 γάρ
3139 4565 3292 4619 φησι,
3318 4547 3406 4618 μὴ
3428 4545 3640 4618 ἦλθον,

2060 4642 2160 4695 καὶ
2189 4642 2464 4709 ἐλάλησα
2491 4641 2716 4708 αὐτοῖς,
2749 4641 3041 4711 ἁμαρτίαν
3064 4641 3175 4694 οὐκ
3201 4636 3401 4709 εἶχον·
3423 4640 3540 4694 νῦν
3572 4639 3646 4694 δὲ

2061 4735 2371 4804 πρόφασιν
2398 4735 2510 4803 οὐχ
2540 4733 2824 4800 ἕξουσιν,
2855 4736 3029 4804 φησὶ,
3060 4733 3355 4806 ἀκηκοότες
3401 4749 3500 4803 μου
3532 4731 3642 4786 τῶν

2440 4854 2486 4888 ⁸⁵
2524 4851 2682 4909 Joan.
2719 4867 2820 4919 xtl,
2853 4851 2947 4908 45.
3113 4851 3158 4882 ⁸⁸
3193 4849 3382 4907 Matth.
3430 4867 3486 4919 ι,
3540 4847 3632 4906 40.

2134 5043 2211 5114 (9)
2251 5042 2454 5114 Regius
2481 5049 2535 5098 et
2561 5040 2949 5114 seguerianus,
2985 5041 3042 5090 ὲν
3066 5037 3144 5109 τῷ
3166 5037 3298 5092 αὐτὸ
3334 5033 3495 5092 εἶναι.
3525 5035 3644 5092 Cat-

2065 5107 2167 5168 teri
2194 5107 2251 5166 et
2275 5107 2427 5179 editi,
2465 5115 2524 5165 ὲν
2553 5107 2811 5182 reb—abuit
2843 5107 3001 5182 εἶναι.

2137 5183 2249 5256 (l0)
2290 5183 2393 5256 Sig
2414 5177 2548 5256 mss.
2583 5177 2639 5256 et
2677 5182 2848 5256 editio
2877 5179 3330 5235 Commeliniana.
3363 5179 3434 5234 At
3470 5177 3643 5234 editio

2066 5252 2244 5336 Paris.
2272 5252 2548 5336 etcolon.
2581 5252 2640 5306 ἓν
2672 5254 2860 5336 ἐσμεν.

2138 5324 2252 5397 (ll)
2293 5323 2618 5397 Sic_Regius
2637 5333 2699 5397 et
2727 5317 3112 5397 Seguerianug.
3152 5319 3208 5397 In
3243 5319 3377 5397 aliis
3395 5327 3451 5374 et
3474 5317 3643 5397 editis

2064 5388 2159 5449 καί
2189 5388 2360 5451 deest.
2391 5388 2594 5447 Ibidem
2637 5392 2770 5461 Reg.
2802 5388 3028 5462 Seguer.
3060 5391 3227 5446 Basil.
3258 5399 3314 5446 et
3349 5388 3637 5462 Anglican.
3709 5407 3716 5412 ·

2062 5466 2200 5546 φησι
2233 5465 2363 5535 γοῦν
2383 5537 2395 5546 _
2417 5467 2445 5517 6
2489 5464 2651 5546 αότὸς
2676 5459 2959 5546 π’]ωᾴννῆς,
2990 5476 3238 5546 pro-quo
3278 5459 3639 5546 aliiet'ﬂediltl

2063 5529 2262 5591 habent
2313 5537 2406 5590 καὶ
2453 5535 2634 5588 πάλιν.
2676 5529 3049 5603 Ibidem'pdst
3095 5529 3343 5603 ἑώρακε,
3365 5530 3494 5584 editi
3527 5529 3644 5603 _ad-

2062 5607 2199 5662 dunt
2230 5609 2321 5677 τὸν
2348 5605 2585 5677 Πατέρα,
2617 5605 2762 5677 quod
2797 5600 2948 5677 abesi
2971 5619 3002 5657 a
3031 5600 3198 5673 Regio
3227 5612 3283 5656 et
3312 5600 3641 5672 Seguerian.

2133 5677 2244 5749 (is)
2283 5675 2448 5734 Basil.
2480 5673 2535 5732 ei
2558 5673 2770 5748 Anglic.
2803 5673 3038 5736 ἀκούεις.
