3944 6222
281 423 384 480 49⁸1

1378 433 1630 488 ORATIO
1667 433 1734 489 iV
1771 432 2048 490 CONTRA
2086 407 2422 488 ARIANOS.‘

3409 433 3516 492 I98

281 534 406 592 Υιδν
439 538 632 596 ἑαυτὸν
659 541 928 599 δείκνυσιν
960 547 1177 616 ἐπάγων
1197 587 1212 612 ,
1246 548 1344 602 ἵνα
1367 535 1636 618 δοξασθῇ
1667 553 1698 604 d
1727 553 1839 604 Πα-

1946 551 2074 604 uidit
2097 536 2338 604 Patrem.
2355 547 2458 615 Qui
2474 545 2616 604 enim
2633 545 2750 604 haec
2763 547 3021 619 loquitur,
3053 551 3288 622 seipsum
3311 549 3512 610 Filium

279 626 390 698 τὴρ
423 629 494 682 ἐν
525 628 606 694 τῷ
641 631 768 696 Υὶῷ.

347 719 440 774 20.
475 721 538 773 Εἰ
564 721 663 791 μὲν
686 720 780 776 οὖν
810 725 902 778 τὸν
956 725 1260 798 ἄνθρωπον,
1321 726 1380 780 ὃν
1407 728 1662 798 ὲφόρεσεν
1691 730 1718 781 ὁ
1743 727 1847 780 Λό-

277 824 392 878 γος,
419 811 584 865 αὐτὸν
626 809 766 867 εἶναι
803 815 1020 884 λέγουσι
1047 817 1138 870 τὸν
1161 817 1286 870 Υἱδν
1337 817 1429 870 τοῦ
1461 818 1593 870 Θεοῦ
1621 818 1712 869 τὸν
1752 835 1846 888 μο-

278 903 493 972 νογενῆ,
526 905 619 956 καί
650 905 724 976 μὴ
752 905 841 958 τὸν
881 907 1049 977 Λόγον
1105 909 1252 962 Υἱόνο
1279 913 1307 964 6
1335 910 1616 982 ἄνθρωπος
1642 909 1707 963 ἂν
1758 909 1845 979 εἴη

278 993 586 1058 ἀκολούθως
615 997 644 1048 6
673 998 729 1048 ὲν
755 997 834 1069 θεῷ
866 999 1062 1070 “arpi,
1093 1003 1150 1054 ὲν
1169 995 1213 1068 ᾧ
1250 1002 1342 1055 καὶ
1367 1003 1397 1056 6
1445 1001 1632 1072 Πατὴρ
1657 1001 1716 1054 ὲν
1747 1001 1846 1054 αὐ-

277 1085 352 1155 τῷ
379 1085 511 1156 (33)'
537 1085 632 1140 καὶ
661 1090 688 1141 6
715 1087 996 1160 ἄνθρωπος
1029 1090 1094 1144 ἂν
1131 1093 1236 1164 εῑη,
1270 1096 1297 1147 6
1321 1093 1379 1147 ἓν
1410 1093 1484 1146 ὣν
1516 1094 1677 1156 αὐτὸς
1699 1095 1793 1148 καὶ
1819 1097 1847 1148 6

277 1177 488 1248 Πατὴρ,
523 1179 616 1232 καὶ
645 1181 673 1231 6
710 1180 767 1232 ὲν
819 1182 932 1244 τοῖς
978 1181 1197 1246 κόλποις
1251 1183 1346 1238 τοῦ
1375 1182 1606 1256 Πατρὸς,
1647 1185 1740 1238 καὶ
1786 1186 1847 1239 τὸ

277 1265 390 1333 φῶς
411 1267 474 1320 τὸ
504 1266 774 1338 ἀληθινόν.
827 1269 1353 1340 Ἀναγκασθήσονται
1403 1271 1460 1324 δὲ
1483 1272 1576 1324 καὶ
1597 1271 1664 1324 δι’
1683 1271 1845 1325 αὐτοῦ

275 1357 366 1410 τοῦ
405 1358 692 1430 ἀνθρώπου
721 1361 893 1416 εἰπεῖν
943 1360 1036 1414 τὸν
1095 1363 1297 1433 κόσμον
1355 1363 1700 1433 γεγενῆσθαι,
1747 1366 1841 1418 καὶ

275 1448 365 1502 τὸν
393 1449 680 1520 ἄνθρωπον
697 1447 835 1505 εἶναι
877 1453 970 1506 τὸν
1009 1453 1234 1508 ὲλθόντα
1275 1455 1348 1525 μὴ
1397 1457 1577 1525 κρῖναι
1607 1455 1698 1508 τὸν
1763 1455 1846 1508 κό-

278 1557 434 1610 σμον,
467 1541 604 1596 ἀλλὰ
630 1541 796 1596 σῶσαι
847 1543 1026 1598 αὐτόν’
1086 1545 1246 1598 αὑτὸν
1287 1545 1343 1598 δὲ
1400 1541 1538 1600 εἶναι
1580 1547 1672 1600 καὶ
1717 1546 1845 1617 πρὶν

287 1627 534 1699 Ἀϐραὰμ
565 1629 834 1698 γενέσθαι.
887 1632 1115 1700 Ἰησοῦς
1153 1635 1280 1706 γὰρ,
1325 1637 1486 1705 φησὶν
1520 1635 1654 1708 (54),
1679 1630 1846 1690 εἶπεν

271 1717 497 1783 αὐτοῖς’
539 1719 735 1789 Ἀμὴν,
761 1719 922 1790 ἀμὴν
942 1722 1096 1792 λέγω
1121 1723 1280 1792 ὑμῖν,
1313 1725 1454 1792 πρὶν
1479 1725 1731 1794 Ἀϐραὰμ
1750 1743 1844 1796 γε·

270 1809 502 1876 νέσθαι,
537 1810 650 1879 ἐγώ
679 1813 814 1880 ειμι.
843 1813 953 1866 Καὶ
986 1811 1102 1877 πῶς
1125 1815 1225 1868 οὐκ
1267 1815 1464 1870 ἄτοπον
1496 1818 1615 1871 κατ’
1647 1819 1844 1883 αὐτοὺς

271 1901 358 1954 τὸν
385 1901 451 1952 ὲκ
475 1879 789 1972 σπέρματος
823 1901 1073 1974 Ἀϐραὰμ
1123 1905 1264 1974 μετὰ
1314 1905 1406 1958 δύο
1455 1907 1554 1960 καὶ
1585 1879 1845 1980 τεσσαράῖ-
1875 1879 1917 1939 Β

271 2007 434 2046 κοντα
463 1990 654 2060 γενεὰς
691 1991 980 2063 γενόμενον
1013 1995 1124 2064 (55)
1154 1995 1331 2064 λέγειν
1355 2037 1370 2063 ,
1425 1997 1551 2070 πρὶν
1599 1999 1844 2071 Ἀϐραὰμ

271 2079 542 2150 γενέσθαι,
571 2083 836 2154 ὑπάρχειν
863 2101 878 2148 ;
939 2085 1064 2150 Πῶς
1095 2086 1152 2140 δὲ
1184 2087 1284 2141 οὐκ
1315 2089 1533 2154 ἄτοπον,
1582 2092 1629 2144 ει
1670 2092 1702 2162 ὴ
1731 2091 1840 2160 (ὅθ)

271 2169 422 2244 σὰρξ,
441 2173 512 2244 ἢν
543 2172 798 2244 ὲφόρεσεν
821 2177 849 2228 6
878 2175 1068 2244 Λόγος,
1101 2177 1239 2248 αὕτη
1277 2179 1422 2232 ἐστὶν
1451 2182 1480 2234 6
1509 2180 1843 2248 Υἱὸς,λέγειν

269 2265 364 2336 τὴν
396 2267 464 2317 ἐκ
500 2265 719 2332 Μαρίας
751 2265 928 2338 σάρκα
957 2268 1161 2338 ταύτην
1190 2265 1352 2334 εἶναι,
1408 2272 1474 2325 δι’
1501 2268 1568 2344 ἧς
1589 2275 1617 2326 6
1643 2274 1844 2344 κόσμος

267 2355 514 2421 ὲγένετο;
545 2355 670 2419 Πῶς
695 2356 749 2408 δὲ
767 2359 995 2426 φήσουσι
1027 2360 1120 2412 καὶ
1153 2360 1230 2426 τὸ,
1272 2362 1374 2416 Ἐν
1401 2362 1480 2428 τῷ
1519 2367 1724 2433 κόσμῳ
1741 2363 1841 2435 ἦν;

267 2445 338 2498 T6
369 2446 482 2517 γὰρ
505 2447 612 2516 πρὸ
631 2447 728 2517 τῆς
770 2448 910 2502 κατὰ
936 2447 1116 2521 σάρκα
1144 2452 1410 2519 γενέσεως
1437 2454 1532 2506 τοῦ
1583 2455 1714 2508 Υἱοῦ
1741 2473 1840 2527 ση-

269 2537 474 2606 μαίνων
497 2540 527 2591 6
558 2538 962 2609 εὐαγγελιστὴς,
1004 2542 1248 2611 ἐπήγαγε
1285 2543 1478 2612 λέγων,
1513 2546 1608 2598 Ἑν
1631 2546 1711 2612 τῷ
1745 2549 1843 2600 κό-

265 2643 396 2698 σμῳ
413 2625 514 2699 ἦν.
543 2631 668 2694 Πῶς
699 2631 756 2685 δὲ
803 2634 850 2686 εἰ
887 2633 960 2706 μὴ
989 2636 1016 2688 6
1067 2636 1238 2703 Λόγος
1276 2637 1405 2696 Υἱός
1463 2639 1630 2702 ἐστιν,
1669 2640 1782 2694 ἀλλ’
1813 2645 1841 2694 6

265 2719 550 2792 ἄνθρωπος
591 2722 741 2788 Υἱὸς,
775 2724 996 2780 δύναται
1045 2727 1137 2781 τὸν
1175 2727 1378 2798 κόσμον
1415 2729 1606 2794 σῶσαι,
1639 2726 1718 2796 εἷς
1765 2731 1840 2786 ὢν

266 2811 356 2865 καὶ
385 2812 550 2876 αὐτὸς
574 2813 668 2867 τοῦ
699 2817 938 2888 κόσμου;
976 2819 1040 2871 Et
1064 2819 1121 2872 δὲ
1162 2820 1560 2891 ἀναισχυντοῖεν
1595 2824 1685 2877 ἐπὶ
1713 2827 1838 2878 τού-

263 2920 392 2968 τοις,
425 2903 530 2958 ποῦ
549 2905 699 2960 ἔσται
731 2910 759 2961 6
783 2909 972 2978 Λόγος,
1021 2909 1116 2962 τοῦ
1149 2911 1436 2982 ἀνθρώπου
1467 2912 1614 2978 ὄντος
1658 2915 1715 2968 ἐν
1769 2917 1839 2986 τῷ

263 2996 476 3066 ﬂat-pi;
508 2996 711 3062 Πόστος
745 2997 854 3070 (57)
877 2999 933 3052 δὲ
981 2999 1132 3054 ἔσται
1168 3003 1196 3055 6
1231 3003 1400 3071 Λόγος
1430 3004 1562 3074 πρὸς
1610 3006 1701 3059 τὸν
1735 3009 1841 3060 Πα-

261 3085 412 3156 τέρα,
439 3085 539 3140 τοῦ
567 3087 856 3160 ἀνθρώπου
880 3092 974 3144 καὶ
1004 3091 1095 3144 τοῦ
1121 3093 1332 3164 Πατρὸς
1379 3093 1436 3146 ἓν
1468 3094 1668 3162 ὅντων;
1697 3098 1758 3150 Εἰ
1782 3098 1838 3152 δὲ

262 3175 609 3280 όίανεξρωῖτος
646 3181 942 3280 μονογενής
971 3181 1133 3280 tocu-
1157 3181 1352 3280 πόστος
1375 3183 1528 3237 ἔσται
1554 3187 1582 3238 6
1628 3187 1832 3254 Λόγος;
1862 3221 1904 3280 c

266 3266 331 3318 Ἦ
359 3266 468 3335 γὰρ
497 3267 748 3340 δεύτερον
767 3264 905 3322 εἶναι
927 3270 1090 3324 αὐτὸν
1119 3270 1292 3334 λέξειέ
1314 3289 1417 3335 τις·
1439 3273 1471 3343 ἢ
1493 3275 1538 3325 εἰ
1564 3273 1676 3346 (58)
1695 3275 1835 3348 ὑπὲρ

263 3357 322 3410 τὺ
335 3359 644 3428 Μονογενές
659 3363 825 3426 ἐστιν,
850 3363 1010 3426 αὐτὸς
1029 3362 1092 3416 ἂν
1117 3362 1201 3434 εἴη
1227 3366 1255 3416 ὁ
1275 3366 1481 3435 Πατήρ.
1506 3365 1715 3438 ’Ὠσπερ
1731 3367 1838 3438 γὰρ

263 3444 338 3513 εἷς
364 3453 512 3504 ἐστιν
541 3452 797 3524 όΠατὴρ,
838 3453 1008 3518 οὕτως
1055 3453 1111 3506 ἓν
1151 3456 1244 3508 καὶ
1280 3455 1341 3508 τὸ
1372 3455 1431 3520 ἐξ
1479 3455 1642 3510 αὑτοῦ
1670 3459 1839 3512 Μονο-

261 3541 433 3608 γενές.
461 3543 530 3596 Τί
553 3543 610 3596 δὲ
641 3545 736 3598 καὶ
776 3545 938 3598 πλέον
983 3549 1011 3600 6
1060 3549 1229 3618 Λόγος
1261 3548 1374 3618 ἔχει
1404 3547 1496 3602 τοῦ
1530 3549 1834 3622 ἀνθρώπου,

265 3635 320 3686 el'
341 3652 403 3704 γε
428 3635 530 3704 οὐχ
561 3637 588 3688 6
610 3635 780 3704 Λόγος
807 3636 936 3700 Υἱός
961 3638 1104 3702 ἐστι;
1143 3639 1242 3691 Διὰ
1272 3640 1368 3710 μὲν
1419 3641 1528 3711 γὰρ
1563 3641 1692 3694 Υἱοῦ
1745 3641 1839 3695 καὶ

263 3724 358 3777 τοῦ
381 3726 560 3793 Λόγου
587 3727 616 3779 6
640 3727 841 3798 κόσμος
869 3729 1193 3800 γεγενῆσθαι
1240 3730 1566 3802 γέγραπται,
1602 3735 1694 3786 καὶ
1726 3750 1838 3786 κοι-

263 3818 350 3870 νόν
377 3821 494 3872 ἐστι
529 3817 609 3889 τῷ
641 3837 698 3873 τε
728 3819 884 3892 Λόγῳ
913 3822 1007 3874 καὶ
1027 3822 1105 3892 τῷ
1140 3821 1254 3893 Υἱῷ
1286 3824 1346 3876 τὸ
1371 3823 1719 3896 δημιουργεῖν
1746 3825 1836 3880 τὸν

259 3910 480 3980 κόσμονσ
519 3909 662 3962 τὸδὲ
683 3911 814 3982 ὁρᾷν
858 3911 951 3966 τὸν
983 3914 1200 3984 Πατέρα
1225 3916 1324 3968 οὐκ
1365 3915 1445 3968 ἔτι
1486 3917 1541 3968 ὲν
1563 3915 1638 3986 τῷ
1681 3917 1836 3987 Λόγῳ

259 3999 589 4069 γέγραπται,
612 4001 728 4054 ἀλλ’
758 4004 814 4055 ὲν
841 4001 919 4072 τῷ
973 4003 1110 4073 Υἱῴ·
1159 4006 1256 4059 και.)⁸
1311 4005 1372 4058 τὸ
1398 4005 1589 4070 σώζειν
1631 4008 1721 4062 τὸν
1746 3999 1838 4061 κό-

261 4105 395 4158 σμον
423 4090 610 4144 οὐκέτι
637 4089 725 4144 διὰ
747 4091 838 4144 τοῦ
870 4091 1044 4162 Λόγου
1075 4093 1290 4164 ἐλέχθη,
1325 4095 1461 4148 ἀλλὰ
1493 4094 1580 4148 διὰ
1606 4096 1700 4148 τοῦ
1741 4115 1836 4168 μο-

257 4181 506 4248 νογενοῦς
529 4181 684 4236 Υἱοῦ.
709 4179 858 4236 Εἷπε
891 4183 1018 4255 γὰρ,
1045 4185 1226 4254 φησὶν,
1251 4188 1282 4240 ό
1345 4187 1594 4254 Ἰησοῦς·
1617 4185 1838 4241 Τοσοῦ-

257 4287 366 4324 τον
395 4275 622 4342 χρόνον
664 4274 790 4342 μεθ’
817 4273 982 4344 ὑμῶν
1019 4278 1154 4344 εἰμι,
1182 4277 1278 4330 καὶ
1317 4279 1426 4330 οὐκ
1458 4276 1720 4345 ἔγνωκάς
1736 4296 1834 4346 με,

255 4362 554 4426 Φίλιππε;
600 4365 653 4416 '0
706 4365 974 4433 ἑωρακὼς
997 4367 1118 4435 ἐμὲ,
1159 4365 1376 4435 ἑώρακε
1430 4368 1535 4421 τὸν
1579 4371 1828 4439 Πατέρα.

253 4451 369 4504 Καὶ
391 4455 481 4507 τὸν
499 4455 722 4525 Πατέρα
747 4455 804 4508 δὲ
832 4457 928 4526 οὐχ
949 4459 976 4508 ὁ
999 4456 1168 4524 Λόγος
1192 4457 1496 4528 γέγραπται
1525 4458 1832 4526 γινώσκειν,

1949 657 2068 698 esse
2097 643 2451 713 probat,cum
2485 640 2653 706 addit,
2669 649 2726 694 ut
2747 640 3069 711 gloriﬁcatur
3094 641 3254 697 Pater
3265 645 3322 698 in
3345 644 3508 700 Filio.

2017 730 2107 785 20.
2141 729 2198 784 Si
2242 731 2408 800 igitur
2440 729 2776 786 contendunt
2805 731 3100 795 hominem,
3133 746 3298 800 quem
3328 741 3510 802 gesta-

1947 820 2024 874 vit
2053 819 2310 888 Verbum,
2359 820 2558 876 Filium
2593 819 2686 875 Dei
2723 820 3060 891 uni-genitum
3081 815 3231 885 esse,
3262 837 3372 876 non
3407 837 3510 878 au-

1949 911 2316 982 tem‘Verbum
2343 931 2358 968 :
2391 912 2635 983 sequitur
2661 922 2722 967 ut
2753 915 2918 968 homo
2953 913 3026 968 sit
3059 914 3150 969 ille
3177 914 3271 984 qui
3321 913 3375 968 in
3402 912 3508 970 Pa-

1950 1009 2032 1056 tre
2060 1011 2162 1067 est,
2216 1011 2268 1058 et
2297 1003 2350 1056 in
2382 1018 2494 1074 quo
2517 1002 2680 1058 Pater
2701 1011 2830 1060 est:
2877 1004 3041 1059 homo
3066 1005 3194 1060 item
3227 1005 3319 1060 ille
3347 1003 3512 1060 fuerit

1947 1093 2042 1164 qui
2070 1109 2236 1146 unum
2266 1093 2380 1163 ipse
2407 1103 2461 1150 et
2495 1093 2655 1148 Pater
2685 1094 3021 1164 est,'quique
3053 1093 3107 1150 in
3137 1095 3262 1150 sinu
3297 1103 3380 1152 est
3407 1094 3512 1150 Pa-

1947 1183 2068 1246 tris,
2099 1190 2152 1237 et
2182 1183 2276 1238 lux
2303 1197 2430 1238 vera
2460 1191 2562 1240 est.
2593 1181 2732 1238 Hinc
2767 1181 2926 1238 fateri
2954 1193 3216 1254 cogentur
3243 1185 3508 1240 mundum

1945 1287 2044 1342 per
2073 1269 2352 1324 hominem
2407 1270 2612 1326 factum
2654 1285 2794 1334 esse,
2825 1279 2880 1326 et
2909 1269 3183 1326 hominem
3213 1285 3339 1326 eum
3387 1285 3512 1326 esse

1947 1362 2039 1432 qui
2066 1363 2214 1417 venit
2246 1377 2354 1418 non
2383 1370 2446 1417 ut
2467 1362 2754 1432 iudicaret,
2787 1363 2882 1418 sed
2915 1370 2978 1418 ut
3007 1363 3268 1418 mundum
3297 1363 3508 1418 salvum

1946 1453 2146 1508 faceret
2177 1471 2189 1506 :
2227 1453 2408 1523 ipsum
2440 1453 2676 1523 denique
2714 1467 2836 1509 esse
2871 1452 3026 1522 prius
3046 1468 3208 1524 quam
3232 1454 3507 1511 Abraham
3563 1517 3566 1520 ,

1947 1545 2117 1600 ﬁeret.
2152 1543 2308 1600 Iesus
2330 1545 2498 1611 enim,
2539 1545 2736 1615 inquit,
2785 1544 2925 1598 dixit
2951 1545 3100 1600 illis:
3128 1545 3314 1614 Amen,
3355 1564 3508 1602 omen

1945 1635 2065 1689 dico
2111 1635 2275 1700 vobis,
2307 1644 2588 1706 antequam
2629 1635 2898 1690 Abraham
2943 1635 3126 1704 ﬁeret,
3177 1653 3269 1707 ego
3297 1653 3414 1692 sum
3436 1640 3501 1694 τ’.

1947 1728 2028 1780 Au
2061 1742 2170 1781 non
2201 1742 2330 1782 vero
2357 1727 2752 1797 perabsurdum
2781 1726 2930 1782 dictu
2955 1735 3040 1783 est
3066 1743 3190 1784 eum
3223 1728 3506 1797 exsistere,

1947 1826 2238 1888 antequam
2265 1819 2414 1874 ﬂeret
2439 1818 2737 1886 Abraham,
2761 1833 2922 1888 quem
2953 1834 3020 1874 ex
3049 1819 3256 1875 semine
3276 1820 3507 1877 Abrahae

1945 1916 2068 1976 post
2105 1907 2464 1977 quadraginta
2507 1907 2644 1962 duas
2673 1915 2862 1963 aetates
2893 1913 3082 1962 natum
3128 1923 3249 1964 esse
3273 1910 3508 1964 volunt?

1945 1997 2002 2052 Si
2053 1999 2180 2054 item
2219 2015 2370 2067 caro,
2401 2014 2564 2068 quam
2623 1997 2854 2055 Verbum
2899 2000 3147 2070 gestavit,
3185 1997 3356 2056 Filius
3383 2012 3503 2058 est:

1943 2104 2010 2142 an
2039 2103 2146 2142 non
2173 2089 2519 2144 vehementer
2537 2096 2802 2160 repugnat
2823 2090 3146 2145 contendere
3169 2090 3310 2146 hanc
3333 2091 3504 2161 ipsam

1942 2195 2182 2244 carnem,
2229 2195 2392 2250 quam
2437 2196 2504 2236 ex
2553 2179 2724 2236 Maria
2754 2181 2984 2250 accepit,
3039 2195 3169 2236 esse
3195 2173 3302 2250 per'
3341 2197 3506 2250 quam

1943 2270 2178 2325 mundus
2210 2269 2386 2324 factus
2419 2280 2500 2325 est
2520 2271 2545 2323 ?
2575 2269 2716 2336 Quid
2739 2285 2869 2325 vero
2896 2270 2964 2326 de
2997 2271 3080 2326 his
3102 2271 3283 2327 verbis
3312 2273 3506 2327 dicturi

1943 2369 2092 2424 sunt,
2111 2360 2176 2416 In
2204 2363 2398 2414 mundo
2427 2372 2540 2415 erat
2559 2363 2584 2415 ?
2609 2359 2854 2430 Namque
2881 2361 3230 2432 evangelista,
3255 2371 3318 2418 ut
3337 2363 3506 2433 signi-

1945 2452 2134 2506 ﬁcaret
2163 2453 2439 2506 exsutisse
2467 2451 2686 2518 Filium,
2715 2451 3034 2522 priusquam
3066 2451 3364 2507 secundum
3388 2468 3506 2508 car-

1941 2559 2065 2598 nem
2086 2551 2423 2609 nasceretur,
2439 2543 2554 2598 haec
2569 2543 2800 2611 subjecit
2815 2543 3000 2608 verba,
3015 2542 3080 2597 In
3097 2544 3291 2612 mundo
3307 2552 3422 2598 erat
3435 2545 3499 2597 ⁸ο.

1939 2632 2110 2688 Porro
2140 2633 2186 2686 si
2221 2647 2328 2687 non
2361 2631 2592 2687 Verbum
2621 2643 2704 2688 est
2740 2631 2934 2698 Filius,
2967 2632 3064 2688 sed
3093 2633 3258 2688 homo
3301 2643 3384 2690 est
3413 2633 3503 2688 Fi-

1939 2725 2066 2789 lius,
2101 2721 2376 2794 quomodo
2425 2723 2687 2778 mundum
2737 2725 2909 2792 possit
2941 2737 3180 2790 servare,
3223 2739 3348 2779 cum
3389 2725 3506 2794 ipse

1939 2828 2158 2884 quoque
2185 2813 2257 2867 sit
2290 2827 2356 2866 ex
2388 2813 2631 2866 mundo?
2661 2811 2818 2880 Quod
2850 2813 2896 2867 si
2927 2828 3027 2867 nec
3059 2813 3148 2867 his
3174 2813 3500 2881 rationibus,

1939 2920 2125 2960 eorum
2161 2904 2553 2974 comprimetur
2585 2903 2943 2973 impudentia,
2977 2904 3342 2974 respondeant
3378 2906 3504 2962 ubi-

1939 3012 2063 3050 nam
2113 2995 2356 3052 futurum
2407 2995 2478 3049 sit
2509 2993 2764 3060 Verbum,
2805 2997 2850 3050 si
2885 2995 3050 3049 homo
3083 3003 3167 3050 est
3197 2995 3252 3050 in
3300 2996 3504 3052 Patre?

1937 3085 2174 3152 Quotum
2205 3095 2382 3140 autem
2413 3083 2648 3139 Verbum
2677 3085 2781 3139 erit
2807 3099 2930 3140 cum
2969 3085 3150 3152 Patre,
3182 3101 3306 3142 cum
3337 3087 3502 3142 homo

1936 3187 1989 3234 et
2014 3177 2171 3232 Pater
2199 3193 2368 3232 unum
2410 3179 2516 3231 sint
2539 3177 2562 3229 ?
2587 3175 2742 3242 Quod
2775 3177 2820 3232 si
2857 3177 3024 3232 homo
3054 3177 3367 3248 unigenitus
3385 3187 3500 3246 est;

1939 3280 2186 3340 quotum,
2222 3285 2430 3342 quaeso,
2465 3270 2568 3324 erit
2597 3268 2836 3324 Verbum
2860 3270 2882 3323 ?
2903 3269 3000 3324 Vel
3026 3271 3170 3324 enim
3201 3271 3502 3326 secundum

1938 3376 2057 3417 esse
2095 3361 2443 3431 respondebit
2475 3361 2672 3429 aliquis
2703 3378 2718 3414 :
2753 3361 2836 3414 vel
2874 3361 2922 3416 si
2957 3377 3122 3432 supra
3153 3360 3499 3434 Unigenitum

1937 3459 2020 3506 est
2045 3493 2058 3516 ,
2105 3453 2218 3520 ipse
2246 3460 2392 3506 certe
2439 3450 2600 3505 Pater
2633 3451 2816 3506 fuerit.
2852 3451 3315 3517 Quemadmodum
3355 3454 3500 3509 enim

1937 3557 2079 3596 unus
2111 3551 2198 3596 est
2227 3541 2388 3596 Pater
2417 3585 2430 3608 ,
2462 3541 2536 3595 ita
2576 3540 2900 3613 Unigeuitus
2932 3559 2995 3598 ex
3036 3557 3101 3597 eo
3143 3551 3323 3608 natus,
3357 3561 3502 3601 unus

1936 3641 2040 3688 est.
2073 3633 2213 3698 Quid
2247 3641 2508 3702 praetcrea
2539 3631 2776 3688 Verbum
2805 3633 3024 3688 homine
3055 3635 3288 3702 amplius
3313 3635 3497 3698 habet,

1936 3725 1984 3779 si
2015 3721 2256 3779 Verbum
2285 3724 2456 3780 Filius
2481 3739 2591 3778 non
2619 3725 2690 3779 sit
2715 3725 2737 3778 ?
2765 3723 3024 3780 Mundum
3051 3725 3266 3793 quidem
3290 3741 3386 3794 per
3409 3724 3500 3780 Fi-

1935 3819 2070 3874 lium
2110 3829 2164 3872 et
2206 3816 2443 3872 Verbum
2487 3816 2690 3872 factum
2731 3832 2850 3872 esse
2901 3817 3161 3887 scriptum
3193 3826 3296 3884 est,
3345 3833 3498 3874 com-

1935 3925 2208 3980 muneque
2258 3917 2342 3964 est
2392 3907 2572 3962 Verbo
2618 3917 2671 3963 et
2707 3907 2844 3964 Filio
2893 3909 3153 3963 mundum
3187 3923 3410 3964 creare:
3444 3919 3501 3964 at

1935 4002 2150 4056 Patrem
2203 4017 2310 4056 non
2353 4017 2384 4055 a
2437 3999 2616 4054 Verbo
2649 4001 2744 4056 sed
2775 4017 2806 4055 a
2854 3999 2994 4055 Filio
3043 3999 3232 4074 videri
3261 4001 3500 4056 declarat

1939 4089 2218 4164 Scriptura
2247 4112 2261 4162 ;
2295 4107 2395 4148 nec
2422 4093 2552 4147 item
2583 4093 2822 4148 mundus
2859 4109 2954 4162 per
2981 4092 3238 4157 Verbum,
3281 4092 3376 4148 sed
3403 4107 3500 4162 per

1935 4187 2271 4256 unigenitum
2315 4184 2508 4238 Filium
2563 4185 2750 4240 salvus
2793 4184 2909 4239 ﬁeri
2957 4184 3176 4242 dicitur.
3221 4183 3496 4255 Namque,

1936 4278 2130 4348 inquit,
2164 4276 2314 4330 Dixit
2337 4274 2521 4328 Jesus:
2547 4273 2715 4328 Tanto
2745 4285 2971 4344 tempore
2994 4276 3257 4329 vobiscum
3280 4292 3417 4342 sum,
3449 4283 3499 4330 et

1937 4384 2040 4422 non
2068 4366 2354 4436 cognouisti
2373 4381 2474 4431 me,
2500 4363 2745 4434 Philippe
2769 4366 2792 4417 ?
2825 4364 2929 4429 Qui
2957 4366 3084 4420 vidit
3111 4382 3210 4430 me,
3234 4366 3364 4420 vidit
3387 4365 3500 4419 Pa—

1937 4472 2069 4514 trem
2091 4461 2156 4512 δι.
2183 4456 2293 4512 Nec
2324 4457 2487 4512 etiam
2511 4472 2539 4510 a
2570 4455 2769 4523 Verbo,
2809 4458 2902 4511 sed
2941 4473 2970 4512 a
2999 4455 3136 4512 Filio
3169 4456 3378 4512 Patrem
3406 4473 3500 4512 c0-

251 4545 372 4599 ἀλλ’
410 4547 606 4609 ὁΥἱός·
639 4549 770 4618 ὁρᾷν
803 4548 913 4616 (59)
958 4548 1014 4600 δὲ
1061 4549 1152 4602 τὸν
1181 4549 1399 4618 Πατέρα
1443 4549 1539 4619 οὐχ
1584 4551 1612 4602 6
1663 4551 1832 4618 Λόγος

1946 4554 2122 4622 gnosci
2154 4552 2431 4621 legimus:
2480 4549 2556 4604 uti
2603 4563 2704 4602 nec
2763 4546 3000 4602 Verbum
3051 4549 3234 4604 videre
3283 4547 3498 4603 Patrem

251 4637 496 4708 εἴρηται,
540 4638 656 4690 ἀλλ’
685 4640 712 4690 ὁ
742 4639 1032 4709 μονογενὴς
1063 4639 1190 4702 Υἱὸς
1227 4641 1254 4692 ὁ
1285 4640 1359 4692 ὣν
1386 4642 1466 4704 εἰς
1515 4641 1604 4694 τὸν
1636 4643 1830 4695 κόλπον

249 4730 348 4783 τοῦ
375 4731 612 4802 Πατρός.

319 4822 418 4876 21.
454 4823 522 4874 Τί
556 4823 614 4874 δὲ
639 4821 797 4875 πλέον
819 4825 896 4885 εἰς
935 4823 1208 4893 σωτηρίαν
1238 4820 1392 4893 ἡμῶν
1420 4823 1448 4872 ὁ
1489 4821 1658 4890 Λόγος
1697 4841 1830 4896 συμ-

249 4912 512 4966 ϐάλλεται
546 4913 746 4982 μᾶλλον
799 4915 891 4966 τοῦ
920 4915 1070 4978 Υἱοῦ,
1102 4915 1154 4968 εἴ
1182 4932 1245 4984 γε
1269 4915 1386 4966 κατ’
1426 4913 1620 4977 αὐτοὺς
1675 4915 1830 4980 ἄλλος

244 5004 406 5056 ἐστὶν
435 5007 462 5058 6
491 5005 639 5070 Υἱὸς,
667 5006 761 5057 καὶ
794 5005 946 5068 ἄλλος
975 5009 1003 5058 ό
1028 5006 1228 5074 Λόγος;
1255 5004 1534 5058 Πιστεύειν
1557 5006 1664 5076 γὰρ
1683 5008 1832 5077 ἡμᾶς

243 5095 350 5148 οὐκ
373 5097 454 5158 εἰς
475 5095 570 5148 τὸν
613 5095 807 5163 Λόγον,
853 5098 964 5150 ἀλλ’
1007 5098 1085 5160 εἰς
1107 5097 1198 5148 τὸν
1227 5097 1352 5148 Υἰὸν
1384 5095 1671 5166 πρόσταξίς
1692 5099 1826 5151 ἐστι.

317 5257 368 5287 ⁷⁹
407 5255 570 5313 Joan.
603 5275 724 5324 vin,
763 5259 850 5313 58.
931 5259 976 5290 3°
1015 5258 1170 5312 Joan.
1197 5275 1234 5322 ι,
1275 5259 1360 5310 10.
1438 5259 1478 5288 δι
1523 5257 1678 5314 Joan.
1717 5277 1826 5326 xw,
1855 5261 1907 5315 9.

317 5397 440 5466 (53)
483 5397 576 5453 Sic
607 5417 739 5454 mss.
771 5415 982 5454 omnes.
1018 5399 1194 5452 Editio
1237 5397 1684 5462 Connucliniana,
1714 5401 1740 5450 6
1771 5401 1826 5453 ὲν

233 5467 322 5536 τῷ
340 5469 561 5540 ματρὶ,
600 5471 694 5540 καὶ
733 5472 760 5522 6
791 5470 978 5540 Πατὴρ
1013 5471 1070 5522 ὲν
1097 5467 1264 5540 αὐτῷ,

313 5537 440 5607 (5-4)
484 5539 574 5591 Sic
611 5539 742 5606 Reg.
798 5537 1121 5607 SngBasil.
1154 5537 1225 5591 vti
1247 5537 1525 5607 Anglican.
1557 5539 1626 5591 At
1659 5539 1750 5592 alii
1777 5549 1830 5594 ct

233 5608 598 5678 aliti,ﬂ'A_{J.i;v
631 5609 760 5678 γὰρ,
791 5609 892 5678 ἔφη
921 5611 948 5661 ὁ
986 5609 1209 5678 Ἰησοῦς,
1245 5609 1411 5678 λέγω,
1444 5617 1546 5660 etc.

311 5677 440 5749 (ξὸ)
479 5676 800 5749 Βλξςὶιῖτεείδίς
829 5676 1256 5749 etii'iriglicnnus,
1290 5677 1594 5749 γενόμενον.
1629 5677 1828 5749 Regius

230 5757 292 5802 et
331 5745 737 5821 Seguerianus,
783 5747 1090 5818 λεγόμενον.
1133 5748 1230 5800 Alii
1283 5745 1826 5821 editiqueutrumquc

233 5818 536 5875 omittunt.

1939 4643 2172 4706 dicitur,‘
2209 4641 2318 4711 used
2379 4637 2702 4708 Unigenitus
2757 4635 2927 4693 Filius
2982 4639 3076 4709 qui
3131 4650 3214 4693 est
3271 4638 3325 4692 iu
3373 4637 3496 4692 sinu

1938 4733 2135 4788 Patris.

2008 4825 2096 4878 2i.
2136 4821 2340 4891 Ecquid
2387 4836 2550 4891 porro
2587 4819 2823 4876 Verbum
2868 4823 2934 4876 ad
2975 4827 3212 4876 nostram
3268 4821 3496 4875 salutem

1937 4915 2170 4984 amplius
2212 4913 2390 4983 possit
2416 4913 2664 4968 conferre
2695 4929 2858 4982 quam
2897 4911 3086 4974 Filius,
3119 4913 3166 4968 si
3191 4925 3403 4980 nempe,
3438 4920 3498 4967 ut

1937 5006 2288 5070 arbitrantur,
2323 5005 2462 5060 alius
2498 5015 2580 5060 est
2609 5003 2800 5070 Filius,
2829 5014 2882 5059 et
2906 5005 3052 5058 aliud
3081 5002 3316 5058 Verbum
3340 5005 3362 5056 i
3385 5002 3498 5060 Nos

1939 5097 2081 5152 enim
2119 5111 2228 5150 non
2263 5095 2317 5149 in
2355 5094 2613 5158 Verbum,
2650 5096 2742 5151 sed
2785 5096 2838 5149 in
2873 5093 3070 5148 Filium
3100 5093 3320 5148 credere
3341 5094 3496 5162 jube.

1999 5401 2109 5471 ('56)
2152 5399 2242 5454 Sic
2272 5399 2471 5468 Regius
2503 5409 2555 5471 ct
2584 5395 2967 5471 Seguerianus,
2995 5404 3054 5450 ut
3083 5407 3134 5451 ct
3153 5396 3394 5455 Nannius
3421 5399 3498 5455 le-

1928 5465 2022 5538 git.
2057 5465 2158 5523 Alii
2192 5481 2246 5524 et
2273 5465 2421 5530 cdiii,
2459 5465 2872 5538 aiminientlosc.

1997 5539 2106 5610 (57)
2149 5539 2500 5610 Goblerianus
2529 5534 2624 5610 hic
2645 5534 3083 5610 et__inox,_r:60'0;.

1999 5603 2110 5678 ('58)
2151 5607 2239 5662 Sic
2271 5607 2398 5675 Reg.
2435 5605 2557 5676 Seg.
2589 5603 2750 5657 Basil.
2787 5613 2840 5656 et
2864 5604 3072 5674 Anglic.
3109 5605 3176 5659 At
3207 5607 3258 5659 in
3295 5607 3417 5664 aliis
3441 5614 3499 5666 et

1929 5679 2088 5732 editis
2113 5679 2263 5731 deest
2289 5678 2356 5727 εἰ.

2005 5747 2113 5818 (59)
2155 5744 2469 5800 Basiliensis
2497 5755 2548 5799 et
2573 5741 2922 5811 Anglicanus,
2957 5746 3049 5797 καὶ
3075 5748 3224 5818 ορᾷν.
3263 5818 3272 5828 ι
