3944 6222
307 379 404 436 50!

1403 381 1657 440 ORATIO
1697 385 1762 440 IV
1797 386 2079 442 CONTRA
2116 387 2434 446 ARIANOS.

311 495 415 552 τοῦ
441 500 527 565 εις
554 495 664 564 τὰς
691 497 938 566 καρδίας
962 498 1148 568 ἡμῶν,
1205 497 1433 568 κρᾶζον,
1480 501 1664 568 uoca,
1703 507 1736 558 ό
1760 506 1880 558 Πα-

1991 507 2148 561 ritum
2175 504 2308 560 Filii
2354 507 2437 562 sui
2483 507 2540 561 in
2581 508 2742 562 corda
2771 519 2952 566 nostra
2998 512 3333 584 clamantem,
3379 518 3550 588 Abba,

311 586 439 657 τήρ.
471 587 680 641 Οὐκοῦν
713 590 741 642 6
762 592 819 643 ὲν
848 592 981 660 ἡμῖν
1003 590 1148 654 Υἱὸς,
1185 589 1275 645 τὸν
1342 593 1471 645 [διον
1517 593 1739 664 Πατέρα
1767 597 1888 648 ἐπι-

312 673 666 746 καλούμενος,
685 676 779 729 καὶ
809 677 962 748 ἡμῶν
989 678 1169 732 αὐτῶν
1198 681 1342 732 ποιεῖ
1363 681 1582 753 Πατέρα
1616 682 1887 751 λέγεσθαι.

325 764 540 835 Ἀμέλει
579 757 656 818 ὧν
688 765 787 818 οὐκ
816 766 961 818 ἔστιν
995 769 1074 830 εἰς
1120 767 1220 831 τὰς
1275 769 1501 841 καρδίας
1528 773 1555 824 6
1591 771 1738 836 Υἱὸς,
1777 773 1894 826 τού-

311 873 417 910 των
450 856 574 910 οὐδὲ
607 857 794 928 Πατὴρ
826 858 854 910 6
903 858 1034 922 Θεὸς
1082 858 1148 912 ἂν
1195 859 1429 932 λεχθείη.
1490 862 1661 936 Εἴπερ
1689 860 1780 917 οὖν
1804 864 1892 919 διὰ

310 947 400 998 τὸν
430 947 603 1014 Λόγον
622 949 651 999 6
682 946 962 1018 ἄνθρωπος
1017 946 1232 1018 λέγεται
1265 949 1413 1014 Υἱὸς,
1457 951 1667 1024 ἀνάγκη
1718 955 1886 1019 πᾶσα,

311 1037 617 1108 λεγομένων
648 1039 740 1092 καὶ
769 1039 874 1110 πρὸ
903 1039 1002 1109 τῆς
1027 1039 1487 1112 ὲνανθρωπήσεως
1515 1042 1622 1095 τῶν
1651 1044 1890 1097 παλαιῶν

312 1128 465 1196 νῑῶν,
507 1124 766 1182 εἶναικαὶ
794 1130 900 1202 πρὸ
928 1131 1026 1202 τῆς
1081 1133 1374 1203 ἐπιδημίας
1407 1135 1496 1187 τὸν
1544 1136 1714 1206 Λόγον
1737 1138 1887 1192 Υιόν.

309 1220 481 1286 me;
533 1219 663 1292 γὰρ,
727 1223 892 1293 φησὶν
938 1222 1071 1291 (47),
1099 1223 1414 1293 ἐγέννησα·
1463 1228 1556 1281 καὶ
1612 1229 1702 1282 ἐπὶ
1741 1229 1884 1283 Νῶε·

323 1310 565 1377 Ἰδόντες
592 1315 644 1366 οἱ
672 1313 786 1367 υἱοὶ
832 1313 938 1368 τοῦ
959 1314 1135 1368 Θεοῦ·
1165 1317 1256 1368 καὶ
1281 1318 1338 1369 ὲν
1370 1319 1436 1389 τῇ
1479 1319 1621 1391 ᾮδῇ·
1643 1321 1764 1374 Οὐκ
1783 1325 1887 1376 αὺ-

311 1403 413 1469 τὸς
435 1399 618 1470 οὗτός
660 1422 776 1459 σου
826 1406 1066 1476 Πατήρ;
1120 1408 1329 1462 Οὐκοῦν
1369 1405 1438 1481 ἦν
1476 1413 1571 1464 καὶ
1621 1414 1650 1466 ό
1676 1412 1892 1485 ἀληθῶς

312 1494 462 1560 Υἱὸς,
488 1495 558 1548 δι’
579 1496 638 1549 ὃν
664 1498 904 1550 κάκεῖνοι
939 1499 1065 1553 υἱοί.
1100 1499 1162 1552 Et
1190 1500 1246 1553 δὲ
1302 1503 1418 1554 κατ’
1449 1502 1690 1567 ἐκείνους
1730 1504 1892 1560 πάλιν

310 1587 420 1641 οὐδ’
452 1588 714 1661 ὁπότερον
759 1589 962 1644 τούτων
1023 1590 1172 1657 Υἱὸς,
1227 1592 1360 1646 ἀλλὰ
1414 1593 1504 1648 διὰ
1552 1595 1652 1668 τὴν
1689 1597 1891 1667 ἀμφοῖν

313 1676 552 1742 σύνοδον,
577 1678 788 1748 ἀνάγκη
815 1681 941 1752 μηδ’
969 1683 1229 1755 ὁπότερον
1264 1679 1403 1738 εἶναι
1455 1685 1603 1740 Υἰόνο
1635 1689 1776 1759 φημὶ
1803 1687 1888 1760 δὴ,

1993 595 2157 649 Pater
2180 595 2248 650 ⁸⁸.
2283 594 2470 666 Itaque
2513 595 2705 662 Filius,
2737 598 2830 668 qui
2870 599 2923 653 in
2957 600 3116 656 nobis
3142 611 3245 669 εει,
3271 607 3552 676 proprium
3617 623 3639 676 ξ

1992 701 2150 742 suum
2199 686 2416 743 Patrem
2467 688 2752 754 invocans,
2785 699 3033 745 nostrum
3085 693 3246 747 etiam
3283 693 3497 754 Patrem
3523 713 3556 754 ι

1990 780 2150 835 nobis
2178 779 2435 850 appellari
2481 780 2750 838 concedit.
2802 781 3186 840 Verumtamen
3231 785 3286 840 in
3319 802 3554 858 quorum

1992 869 2248 925 cordibus
2294 868 2466 927 Filius
2503 886 2613 927 non
2658 881 2763 936 est,
2808 888 2909 930 nec
2961 874 3124 930 etiam
3173 874 3319 932 Deus
3367 893 3557 935 eorum

1990 961 2151 1018 Pater
2177 963 2282 1018 dici
2315 971 2514 1034 potest.
2555 965 2743 1037 Igitur,
2777 967 2824 1022 si
2875 966 3040 1021 homo
3071 977 3292 1038 propter
3320 966 3560 1030 Verbum

1991 1053 2164 1108 Filius
2187 1051 2409 1121 dicitur,
2443 1068 2566 1109 cum
2592 1064 2826 1121 veteres,
2851 1065 3142 1126 antequam
3172 1054 3411 1113 Verbum
3452 1057 3560 1112 bu-

1991 1158 2210 1198 manam
2257 1145 2641 1216 assumpsisset
2688 1154 2961 1212 naturam,
2999 1145 3095 1201 ﬁlii
3129 1145 3239 1201 sint
3265 1147 3513 1218 appellati
3541 1186 3560 1212 ,

1992 1235 2215 1290 omnino
2248 1251 2474 1292 necesse
2501 1245 2586 1292 est
2613 1233 2853 1292 Verbum
2897 1237 3062 1292 etiam
3093 1248 3218 1293 ante
3262 1253 3423 1294 suum
3458 1238 3563 1294 ad-

1995 1336 2214 1383 ventum
2247 1326 2446 1383 Filium
2496 1327 2688 1385 fuisse.
2735 1327 2875 1384 Hinc
2916 1328 3009 1384 illa
3049 1329 3347 1399 Scriptura;
3373 1330 3561 1398 verba,

1995 1420 2165 1476 Filios
2210 1421 2364 1492 genui
2389 1419 2435 1452 ⁸⁸
2461 1437 2476 1487 ;
2502 1429 2559 1477 et
2602 1420 2658 1475 in
2697 1420 2926 1478 historia
2965 1419 3121 1478 Noe:
3174 1421 3419 1478 Videam
3456 1423 3562 1494 ﬁlii

1994 1513 2091 1568 Dei
2106 1514 2150 1546 ⁸⁷
2178 1532 2194 1581 ;
2233 1522 2286 1569 et
2313 1514 2367 1570 in
2401 1513 2624 1570 Cantico
2653 1532 2666 1570 :
2701 1514 2956 1586 Nunquid
3005 1533 3108 1572 non
3138 1517 3250 1586 ipse
3282 1526 3360 1572 est
3403 1516 3566 1572 Pater

1995 1613 2112 1658 tuus
2133 1604 2219 1658 “‘i
2254 1603 2379 1658 Erat
2407 1619 2536 1675 ergo
2574 1615 2627 1661 et
2652 1621 2813 1662 verus
2834 1606 3023 1674 Filius,
3040 1617 3260 1678 propter
3290 1624 3453 1680 quem
3484 1610 3560 1666 illi

1991 1696 2086 1752 filii
2145 1697 2422 1753 dicuntur.
2471 1695 2625 1764 Quod
2680 1698 2727 1754 si
2780 1701 3080 1755 secundum
3132 1699 3257 1756 illos
3307 1710 3564 1757 neutrum

313 1772 449 1842 μήτε
493 1773 585 1826 τὸν
630 1774 818 1844 Λόγον,
881 1778 1018 1848 μήτε
1070 1778 1159 1832 τὸν
1213 1779 1518 1851 ἄνθρωπον,
1586 1783 1721 1837 ἀλλά
1771 1802 1885 1838 τινα

1995 1787 2189 1842 horum
2225 1796 2308 1843 est
2337 1785 2530 1855 Filius,
2579 1788 2674 1843 sed
2707 1789 2991 1844 amborum
3031 1804 3327 1861 congressu
3353 1792 3565 1847 consti-

309 1869 514 1931 αἰτίαν,
542 1869 714 1942 δι”ἣν
773 1873 867 1926 καὶ
928 1873 1296 1946 συνήφθησαν·
1362 1877 1457 1930 καὶ
1500 1876 1640 1931 οὕτω
1683 1878 1738 1932 δὲ
1774 1879 1884 1949 (48)

1991 1870 2180 1936 tuitur,
2209 1886 2434 1928 necesse
2475 1873 2700 1928 omnino
2736 1880 2819 1928 est
2846 1880 3102 1928 neutrum
3142 1857 3273 1930 esse
3316 1874 3562 1945 Filium;

308 1963 688 2034 προηγήσεται
721 1965 754 2035 ἡ
787 1965 936 2020 αἰτία
972 1967 1068 2036 τῆς
1103 1969 1401 2038 συνάψεως,
1425 1972 1546 2042 ἥτις
1571 1971 1700 2025 Υἱὸν
1722 1976 1885 2026 ποιεῖ.

310 2051 525 2106 οὐκοῦν
557 2054 653 2106 καὶ
691 2055 830 2108 κατὰ
863 2056 972 2126 (49)
1007 2057 1164 2111 τοῦτο
1195 2060 1299 2130 πρὸ
1331 2061 1430 2132 τῆς
1485 2061 1684 2130 σαρκὸς
1717 2063 1890 2133 προῆν

305 2145 336 2196 6
362 2139 517 2208 Υἱός.
543 2143 760 2200 Τούτων
789 2147 852 2218 δὴ
894 2145 1223 2219 λεγομένων,
1277 2152 1357 2215 εἰς
1406 2151 1591 2223 ἓτερον
1622 2153 1894 2222 καταφεύ-

311 2232 513 2299 ξονται,
538 2236 786 2306 λέγοντες
811 2239 884 2310 μὴ
905 2239 996 2293 τὸν
1029 2239 1310 2313 ἄνθρωπον
1337 2237 1474 2296 εἶναι
1501 2242 1648 2310 Υὶὸν,
1679 2244 1810 2314 μηδὲ
1834 2245 1895 2298 τὸ

312 2327 738 2398 συναμφότερον,
785 2329 921 2383 ἀλλὰ
970 2331 1062 2384 τὸν
1109 2333 1280 2401 Λόγον
1325 2334 1383 2386 ὲν
1435 2334 1575 2405 ἀρχῇ
1613 2334 1711 2404 μὲν
1743 2331 1883 2388 εἶναι

309 2419 480 2486 Δόγον
509 2421 698 2486 ἁπλῶς
725 2438 738 2452 ·
774 2423 863 2476 ὅτε
898 2423 953 2476 δὲ
981 2424 1387 2496 ὲνηνθρώπησε,
1414 2427 1535 2479 τότε
1578 2425 1889 2496 ὠνομάσθαι

307 2508 454 2564 Υἱόνο
489 2512 598 2583 πρὸ
623 2512 733 2585 γὰρ
755 2514 853 2585 τῆς
880 2517 1201 2586 ἐπιφανείας
1361 2513 1498 2570 εἶναι
1567 2517 1716 2583 Υἱδν,
1753 2518 1890 2573 ἀλλὰ

307 2600 477 2668 Λόγον
526 2604 706 2672 μόνον’
744 2604 836 2658 καὶ
867 2604 1055 2678 ὥσπερ
1087 2609 1114 2659 6
1145 2607 1316 2676 Λόγος
1359 2606 1495 2679 σὰρξ
1523 2607 1760 2677 ἐγένετο,
1789 2608 1889 2661 οὐκ

306 2690 380 2745 ὢν
411 2693 678 2766 πρότερον
709 2695 865 2767 σὰρξ,
891 2695 1062 2760 οὕτως
1088 2699 1115 2751 6
1141 2696 1312 2766 Λόγος
1355 2696 1482 2760 Υἱὸς
1513 2697 1758 2766 γέγονεν,
1791 2697 1890 2749 οὐκ

306 2782 380 2837 ὢν
407 2787 679 2858 πρότερον
711 2788 857 2852 Υἱός,
924 2788 1109 2842 Ταῦτα
1162 2789 1259 2859 μὲν
1291 2789 1514 2844 ἐκείνων
1554 2789 1624 2844 τὰ
1648 2789 1892 2862 φλυαρή-

310 2895 474 2948 ματα’
503 2878 617 2949 ἔχει
649 2880 704 2934 δὲ
741 2880 830 2932 τὸν
854 2881 1071 2952 ἔλεγχον
1092 2882 1295 2953 ἐναργῆ
1332 2881 1465 2954 (50).

1989 1961 2043 2016 id
2077 1971 2179 2028 est,
2217 1977 2318 2018 nec
2344 1962 2582 2018 Verbum
2618 1977 2718 2018 nec
2743 1961 3023 2018 hominem
3058 1961 3260 2018 Filium
3288 1979 3432 2032 esse,
3467 1966 3564 2034 sed

1991 2053 2283 2124 quamdam
2317 2069 2542 2111 causam
2581 2061 2800 2125 propter
2823 2068 2990 2124 quam
3037 2054 3277 2125 copulati
3307 2065 3469 2112 sunt:
3500 2072 3564 2113 ac

1992 2146 2221 2216 proinde
2249 2161 2418 2202 causa
2447 2146 2537 2201 illa
2577 2161 2698 2216 quae
2744 2144 2942 2202 Filium
2983 2146 3167 2212 allicit,
3217 2147 3566 2218 copulatione

1995 2237 2146 2307 prior
2169 2237 2294 2294 erit.
2335 2236 2477 2306 Ergo
2501 2253 2567 2293 ex
2608 2237 2713 2294 hoc
2743 2238 2872 2294 item
2903 2253 3170 2309 responso
3200 2238 3448 2310 sequitur
3471 2235 3564 2292 Fi-

1994 2330 2127 2384 lium
2170 2340 2294 2385 ante
2324 2330 2482 2401 503
2515 2345 2734 2387 carnem
2777 2332 3073 2388 exstitisse.
3107 2333 3310 2388 Verum
3360 2332 3448 2389 bis
3489 2333 3565 2390 ita

1994 2421 2420 2487 demonstratis,
2482 2422 2627 2477 aliud
2683 2431 2936 2492 quaerunt
2991 2422 3249 2494 eﬂ‘ugium
3295 2441 3309 2478 :
3370 2439 3565 2495 nempe

1993 2512 2149 2567 aiunt
2175 2528 2283 2567 non
2313 2513 2586 2569 hominem
2618 2511 2815 2570 Filium
2864 2530 3009 2582 esse,
3056 2531 3235 2587 neque
3270 2525 3566 2584 utrumque

1994 2605 2178 2670 simul,
2210 2605 2305 2661 sed
2348 2605 2609 2672 Verbum,
2648 2607 2795 2678 quod
2825 2608 3042 2678 quidem
3073 2608 3130 2663 in
3159 2608 3429 2680 principio
3461 2607 3567 2664 fuit

1992 2697 2259 2753 duntaxat
2307 2696 2587 2766 Verbum;
2639 2714 2764 2756 cum
2802 2709 2982 2756 autem
3023 2701 3188 2756 homo
3233 2700 3412 2758 factus
3457 2709 3561 2768 est,

1990 2796 2122 2846 tunc
2165 2788 2337 2846 Filius
2387 2801 2470 2847 est
2504 2793 2836 2849 nominatus.
2883 2791 3019 2848 Nam
3070 2803 3364 2864 antequam
3401 2794 3566 2850 adve-

1990 2881 2181 2947 nisset,
2217 2880 2491 2951 inquiunt,
2519 2896 2630 2937 non
2664 2893 2783 2938 erat
2820 2881 3010 2948 Filius,
3055 2883 3148 2938 sed
3181 2885 3564 2940 tantummodo

313 2969 547 3026 Verbum
579 2990 592 3025 :
641 2986 704 3025 ac
735 2971 961 3041 proinde
991 2982 1048 3026 ut
1067 2969 1302 3028 Verbum
1327 2987 1454 3027 caro
1489 2971 1690 3028 factum
1725 2981 1828 3040 est,
1863 2987 1988 3028 cum
2017 2981 2172 3029 antea
2200 2989 2326 3029 caro
2355 2989 2461 3028 non
2483 2980 2647 3039 esset,
2678 2975 2750 3028 ita
2772 2972 3008 3030 Verbum
3032 2974 3204 3032 Filius
3226 2974 3428 3033 factum
3456 2985 3562 3042 est,

304 3079 427 3119 cum
461 3071 617 3135 prius
661 3064 831 3121 Filius
861 3081 968 3120 non
1009 3076 1170 3122 esset.
1217 3065 1310 3122 Hae
1345 3066 1561 3121 illorum
1611 3075 1739 3123 sunt
1773 3067 2010 3148 ineptia,
2035 3082 2172 3136 quas
2207 3065 2447 3121 refutare
2471 3063 2614 3119 haud
2646 3074 2732 3120 est
2758 3065 2994 3122 diliicile.

373 3159 465 3212 25.
493 3159 559 3212 Ei
585 3157 694 3230 γὰρ
742 3157 876 3222 ὅλως
924 3158 1348 3230 ὲνανθρωπήσας
1398 3158 1619 3228 γέγονεν
1667 3156 1818 3221 Υἱὸς,
1846 3159 1881 3226 ἡ

2053 3157 2145 3211 25.
2196 3155 2330 3212 Nam
2367 3156 2413 3212 si
2465 3153 2727 3219 Verbum,
2778 3157 3015 3212 humana
3064 3166 3286 3228 accepta
3341 3167 3564 3229 natura,

301 3249 718 3324 ὲνανθρὼπησις
746 3249 913 3303 αἰτία.
949 3250 1059 3303 Καὶ
1085 3250 1134 3302 εἰ
1163 3249 1191 3301 6
1247 3249 1532 3321 ἄνθρωπος
1579 3248 1750 3313 αἴτιος
1789 3247 1882 3301 τοῦ

307 3340 439 3397 εἶναι
480 3341 646 3395 αὑτὸν
677 3341 827 3405 Υἱδν,
883 3340 916 3411 ἢ
951 3339 1011 3394 τὸ
1055 3341 1478 3413 συναμφότερον,
1532 3341 1625 3395 καὶ
1673 3340 1785 3411 (51)
1818 3338 1885 3392 τὰ

306 3433 441 3487 αὐτὰ
475 3432 657 3487 ἄτοπα
707 3432 1028 3504 ἀπαντήσει.
1065 3433 1328 3493 Ἔπειτα,
1381 3434 1429 3485 εἰ
1456 3430 1668 3503 πρῶτον
1692 3430 1882 3499 Λόγος,

308 3526 396 3579 καὶ
423 3525 655 3596 ὕστερον
688 3523 835 3588 Υἱὸς,
881 3524 1178 3594 φανήσεται
1229 3523 1456 3594 ὕστερον
1512 3523 1766 3590 ἐγνωκὼς
1791 3521 1884 3575 τὸν

307 3615 548 3688 Πατέρα,
574 3615 668 3668 καὶ
701 3614 761 3668 ού
785 3615 1066 3686 πρότερον.
1099 3613 1173 3668 Οὐ
1199 3608 1367 3687 γὰρῇ
1431 3612 1540 3685 (52)
1576 3613 1747 3682 Λόγος
1799 3630 1884 3681 γι-

307 3712 538 3775 νώσκει,
571 3705 746 3783 ἀλλ’ᾖ
801 3710 946 3773 Υἱός.
1005 3708 1214 3775 Οὐδεὶς
1279 3708 1388 3780 γὰρ
1442 3705 1718 3777 γινώσκει
1778 3705 1886 3759 τὸν

309 3803 555 3872 Πατέρα,
587 3803 638 3855 ει
668 3800 755 3871 μὴ
809 3803 842 3855 ὀ
881 3801 1031 3867 Υἱός.
1075 3801 1402 3871 Ἀπαντὴσει
1454 3799 1510 3851 δὲ
1560 3799 1654 3851 καὶ
1698 3797 1882 3860 τοῦτο,

307 3894 384 3946 δτι
404 3893 636 3966 ὕστερον
667 3895 723 3945 ὲν
761 3892 981 3955 κόλποις
1012 3891 1108 3944 τοῦ
1131 3891 1342 3963 Πατρὸς
1372 3891 1582 3960 γέγονε,
1613 3889 1708 3943 καὶ
1737 3888 1888 3942 ὓστε-

313 4002 397 4055 ρον
429 3984 596 4048 αὐτὸς
629 3984 724 4036 καὶ
751 3986 778 4038 6
811 3982 997 4054 Πατὴρ
1027 3982 1084 4036 ἓν
1115 3984 1390 4053 γεγόνασι,
1430 3981 1522 4034 καὶ
1553 3981 1776 4052 ὕστερον
1801 3981 1882 4046 τὸ,

319 4075 377 4127 '0
395 4073 667 4143 ἑωρακὼς
693 4073 818 4143 ἐμὲ,
845 4073 1061 4142 ἑώρακε
1090 4074 1195 4128 τὸν
1239 4071 1488 4142 Πατέρα.
1533 4071 1718 4126 Ταῦτα
1775 4072 1884 4143 γὰρ

309 4168 481 4221 πάντα
512 4167 609 4219 ἐπὶ
642 4165 770 4218 Tini
806 4164 1018 4235 ἐλέχθη.
1067 4166 1160 4218 Ἐκ
1190 4165 1254 4236 δὴ
1302 4164 1504 4218 τούτων
1534 4163 1882 4234 ἀναγκασθή-

311 4275 486 4310 σονται
520 4258 716 4311 εἰπεῖν·
750 4255 915 4309 Οὐδὲν
933 4251 1000 4326 ἦν
1028 4255 1056 4307 ὁ
1103 4255 1293 4324 Λόγος,
1345 4254 1458 4307 ἀλλ’
1480 4255 1649 4325 ὄνομα
1702 4255 1879 4323 μόνον.

311 4349 440 4403 οὔτε
467 4349 580 4420 γὰρ
610 4349 666 4400 ὲν
701 4349 832 4418 ἡμῖν
862 4347 997 4418 μετὰ
1043 4346 1136 4399 τοῦ
1168 4347 1403 4416 Πατρδς,
1452 4345 1574 4398 οὔτε
1605 4345 1770 4415 ό-(55)
1794 4347 1882 4398 τὸν

309 4444 472 4512 Λόγον
502 4440 769 4511 ἑωρακὼς
796 4439 989 4492 ἕϐλεπε
1036 4439 1127 4490 τὸν
1167 4439 1406 4508 Πατέρα,
1443 4437 1565 4490 οὔτε
1610 4437 1744 4501 ὅλως
1777 4439 1883 4492 τινὶ

1986 3242 2160 3300 Filius
2191 3255 2276 3300 est
2307 3243 2484 3300 factus
2512 3263 2525 3300 :
2560 3244 2724 3319 igitur
2747 3252 2959 3301 natura:
2985 3246 3239 3304 humanae
3259 3236 3560 3321 assumptio

1985 3349 2152 3388 causa
2188 3334 2309 3403 ejus
2363 3335 2438 3389 rei
2489 3343 2594 3390 est.
2629 3334 2972 3406 Quapropter
3001 3336 3046 3392 si
3083 3337 3250 3393 homo
3277 3353 3444 3396 causa
3477 3353 3562 3398 est

1985 3440 2083 3480 cur
2114 3423 2353 3480 Verbum
2399 3427 2470 3482 sit
2509 3425 2699 3491 Filius,
2751 3427 2835 3483 vel
2879 3435 3172 3500 utrumque
3195 3429 3339 3503 (56):
3367 3432 3556 3488 eadem

1985 3523 2131 3571 certe
2171 3517 2408 3572 absurda
2437 3527 2745 3574 occurrent.
2781 3517 3006 3586 Deinde,
3037 3519 3083 3575 si
3115 3521 3268 3592 prius
3317 3520 3556 3578 Verbum

1985 3619 2086 3675 est,
2117 3618 2171 3664 et
2204 3611 2477 3680 posterius
2507 3609 2699 3676 Filius,
2746 3611 2994 3681 sequitur
3021 3621 3080 3667 ut
3112 3611 3328 3668 Patrem
3372 3623 3555 3687 posto-

1985 3702 2121 3767 rius,
2156 3718 2262 3756 non
2301 3704 2454 3772 prius
2500 3704 2833 3774 cognoverit.
2878 3702 2990 3759 Nec
3039 3705 3182 3760 enim
3230 3721 3354 3760 eum
3407 3707 3558 3762 novit

1986 3805 2255 3865 quatenus
2284 3795 2523 3850 Verbum
2557 3805 2659 3858 est,
2699 3795 2792 3850 sed
2835 3805 3105 3865 quatenus
3146 3796 3338 3852 Filius.
3385 3795 3555 3852 Nemo

1986 3889 2128 3942 enim
2147 3890 2289 3942 novit
2314 3887 2549 3950 Patrem,
2570 3887 2673 3940 nisi
2696 3886 2872 3942 Filius
2888 3889 2952 3941 ⁸⁸.
2982 3888 3242 3958 Sequitur
3269 3889 3394 3943 item
3427 3904 3559 3944 non-
3599 3895 3608 3906 '
3657 3888 3660 3894 ’

1987 3979 2091 4032 nisi
2117 3979 2388 4047 posterius
2429 3979 2723 4048 contigisse
2768 3987 2828 4033 ut
2879 3980 2934 4033 in
2977 3980 3098 4033 sinu
3145 3977 3321 4034 Patris
3370 3979 3554 4046 fuerit,

1986 4071 2212 4142 ipseque
2260 4080 2314 4125 et
2341 4069 2500 4125 Pater
2547 4086 2713 4124 unum
2749 4070 2876 4126 facti
2926 4071 3055 4135 sint,
3107 4071 3454 4142 eveneritque
3501 4073 3553 4128 id

1986 4162 2131 4233 quod
2165 4162 2337 4216 dixit:
2380 4163 2483 4228 Qui
2510 4163 2635 4216 vidit
2657 4179 2758 4230 me,
2783 4164 2913 4218 vidit
2947 4163 3160 4218 Patrem
3183 4166 3252 4220 ’°.
3281 4163 3417 4219 Nam
3441 4167 3557 4223 haec

1986 4249 2166 4304 omnia
2199 4251 2265 4305 de
2294 4249 2432 4304 Filio
2465 4251 2606 4306 dicta
2633 4261 2779 4308 sunt.
2810 4253 3036 4322 Insuper
3071 4269 3137 4309 ex
3166 4255 3252 4309 his
3289 4265 3557 4328 cogentur

1989 4341 2145 4396 fateri
2183 4341 2423 4398 Verbum
2472 4342 2610 4397 nihil
2656 4342 2828 4400 fuisse
2861 4353 3056 4414 printer
3088 4362 3297 4402 merum
3330 4363 3555 4405 nomen.

1985 4433 2171 4505 Neque
2202 4437 2346 4490 enim
2379 4436 2432 4489 in
2459 4437 2618 4491 nobis
2643 4452 2766 4492 cum
2799 4435 2960 4493 Patre
3003 4450 3140 4504 erat,
3172 4455 3273 4496 nec
3297 4442 3393 4511 qui
3423 4440 3557 4497 Ver-

309 4502 551 4603 ἐγνώσθη
650 4532 858 4602 Πατήρο
896 4530 984 4583 διὰ
1031 4529 1140 4601 γὰρ
1197 4502 1328 4582 Υἱού
1361 4530 1684 4598 γινώσκεται
1712 4533 1739 4584 6
1771 4533 1883 4584 Πα-

1991 4502 2114 4579 bum
2146 4526 2382 4591 videbat,
2405 4524 2620 4581 Patrem
2651 4527 2886 4592 videbat,
2919 4544 3019 4583 nec
3041 4502 3294 4600 cuiquam
3314 4502 3554 4587 omnino

307 4627 423 4696 τήρ·
461 4622 607 4678 οὕτω
631 4620 739 4692 γὰρ
799 4622 893 4674 καὶ⁸
937 4620 1266 4692 γέγραπται,
1314 4621 1424 4674 Καὶ
1471 4613 1518 4687 ᾧ
1547 4619 1622 4675 ἂν
1653 4623 1686 4674 d
1752 4621 1884 4686 Υἱὸς

307 4714 696 4782 ἀποκαλύψῃ.
755 4715 937 4784 Μήπω
965 4713 1023 4766 δὲ
1064 4713 1215 4774 ὄντος
1261 4710 1354 4764 τοῦ
1407 4711 1579 4779 Λόγου
1613 4709 1766 4774 Υιοῦ,
1793 4712 1883 4764 οὑ-

306 4807 448 4858 δέπω
469 4822 556 4868 τις
585 4804 846 4873 ἐγίνωσκε
872 4805 963 4858 τὸν
989 4803 1227 4874 Πατέρα.
1265 4803 1388 4866 Πῶς
1410 4799 1503 4856 οὖν
1535 4804 1742 4867 Μωσεί,
1764 4803 1880 4867 mi);

305 4901 414 4962 τοῖς
435 4895 707 4968 πατράσιν
732 4895 920 4965 ὤφθη;
976 4896 1144 4960 Αὐτὸς
1177 4895 1284 4967 γὰρ
1316 4897 1374 4947 ὲν
1414 4897 1530 4957 ταῖς
1579 4895 1880 4958 Βασιλείαις

306 4989 490 5057 φησίν·
536 4986 1000 5055 Ἀποκαλυερθεὶς
1019 4986 1449 5054 ἀπεκαλύφθην
1469 4985 1616 5053 πρὸς
1648 4985 1877 5051 πάντας

305 5083 444 5148 τοὺς
478 5080 739 5149 πατέρας
783 5079 968 5150 ὑμῶν.
1005 5082 1067 5134 Εἰ
1100 5081 1157 5134 δὲ
1205 5079 1561 5149 ἀπεκαλύφθη
1605 5081 1754 5146 Θεὸς,
1781 5081 1876 5150 δῆ-

1984 4627 2146 4672 notus
2174 4627 2291 4672 erat
2319 4617 2508 4673 Pater:
2534 4620 2732 4689 quippe
2769 4620 2862 4690 qui
2896 4636 2989 4690 per
3021 4619 3217 4676 Filium
3255 4637 3553 4693 cognosca-

1982 4717 2108 4763 tur:
2141 4709 2221 4763 sic
2248 4709 2391 4764 enim
2422 4711 2684 4780 scriptum
2719 4724 2823 4778 est,
2869 4713 2934 4767 Ει
2965 4715 3048 4767 cui
3097 4713 3270 4769 Filius
3294 4716 3548 4768 revelave-

1985 4803 2056 4854 rit
2081 4802 2147 4854 ⁸³.
2200 4799 2350 4857 Unde
2393 4819 2518 4857 cum
2570 4802 2805 4859 Verbum
2853 4806 3094 4860 nondum
3140 4815 3289 4863 esset
3337 4805 3546 4869 Filius,

1985 4895 2224 4950 nondum
2271 4909 2487 4966 quoque
2535 4894 2696 4952 Pater
2754 4899 3203 4969 cognoscebatur.
3265 4897 3549 4964 Quomodo

1985 4988 2150 5058 igitur
2180 4986 2352 5058 Moysi
2381 4997 2432 5041 et
2462 4988 2709 5057 patribus
2741 4990 3036 5059 apparuit?
3063 4988 3180 5059 Ipse
3218 4989 3364 5044 enim
3393 4990 3449 5044 in
3477 4992 3546 5046 li—

1984 5079 2098 5134 bris
2123 5079 2434 5150 Regnorum
2461 5080 2536 5134 ita
2565 5080 2836 5150 loquitur:
2866 5079 3140 5135 Revelatus
3170 5097 3288 5135 sum
3306 5083 3556 5143 omnibus

375 5198 422 5230 "
445 5196 624 5251 Galat.
655 5212 730 5262 ιν,
765 5195 819 5250 6.
883 5196 931 5228 ⁸⁸
968 5195 1072 5251 lsa.
1105 5212 1143 5262 ι,
1180 5195 1233 5250 2.
1310 5196 1354 5228 ⁸⁷
1395 5194 1528 5250 Gen.
1563 5210 1635 5263 νι,
1665 5195 1717 5250 2.
1795 5195 1841 5226 ”
1881 5195 1885 5248 ἶ

2000 5204 2099 5251 ιει.
2134 5211 2306 5263 xxxu,
2334 5196 2385 5251 6.
2465 5195 2510 5228 ⁸³
2551 5193 2736 5250 Matth.
2774 5212 2860 5259 xi,
2890 5195 2979 5250 27.
3054 5196 3100 5227 ’°
3137 5195 3296 5252 .Ioan.
3329 5213 3452 5263 xlv,
3491 5197 3542 5252 9.

302 5267 343 5297 ⁹¹
390 5265 581 5321 Matth.
635 5283 712 5332 ιι,
749 5266 840 5322 27.

381 5380 491 5446 (47)
530 5380 698 5450 Φησίν
725 5381 898 5450 abest
950 5395 980 5432 a
1029 5378 1216 5434 codice
1243 5377 1408 5449 Regio
1437 5387 1490 5432 et
1517 5377 1874 5449 Segueriano,

307 5449 605 5520 Basilien_si
631 5461 684 5503 et
709 5449 1027 5520 Anglicano.

387 5519 494 5590 (i8)
534 5517 738 5589 Regius
764 5517 818 5575 et
844 5519 1208 5590 Seguerianus
1240 5518 1298 5572 δέ
1336 5518 1559 5581 addunt,
1592 5519 1734 5588 quod
1785 5517 1873 5572 alii

305 5604 365 5645 et
393 5589 517 5643 editi
547 5591 829 5644 omittunt.

389 5659 495 5732 (49)
537 5659 739 5732 Regius
760 5669 815 5715 et
845 5661 1227 5732 Segueriauus,
1255 5657 1348 5711 καὶ
1383 5658 1538 5713 κατὰ.
1571 5659 1627 5714 In
1666 5658 1785 5715 aliis
1821 5669 1872 5714 et

305 5730 472 5787 editis
503 5731 596 5783 καί
618 5731 789 5784 deest.
876 5734 881 5738 ”

391 5798 493 5873 (50)
535 5800 886 5871 Anglicanus,
917 5801 972 5852 ὲν
999 5797 1157 5873 ἀρχῇ.

2047 5377 2158 5446 (51)
2197 5373 2535 5446 Basiliensis
2554 5383 2606 5426 et
2634 5371 2964 5446 Anglicanus
2997 5370 3087 5424 καί
3121 5373 3399 5446 orniltuu}.

2046 5439 2156 5518 (εἳ)
2195 5445 2397 5518 [legibs
2423 5441 2722 5518 ethSeguer.
2743 5440 2926 5518 llic-et
2960 5457 3113 5518 mox.
3205 5459 3301 5518 pro

2046 5509 2159 5585 (55)
2201 5509 2301 5585 Sic
2318 5513 2450 5580 Reg.
2484 5509 2707 5581 Seguer.
2742 5509 2906 5564 Basil.
2937 5520 2992 5565 et
3018 5509 3236 5566 Goblcr.
3269 5509 3457 5570 At'alii
3488 5522 3549 5572 et

1975 5587 2104 5645 editi
2138 5587 2166 5639 6
2194 5584 2466 5638 omittunt.

2048 5656 2160 5726 (54)
2197 5653 2260 5726 Id
2282 5660 2401 5726 est,
2438 5649 2521 5702 vel
2560 5648 2608 5726 εἰ
2655 5645 2885 5726 Verbum
2922 5662 2976 5702 et
3004 5649 3166 5704 homo
3190 5694 3202 5716 ,
3251 5653 3363 5726 sive
3409 5669 3544 5726 con-3

1975 5717 2182 5846 jungit.)
2219 5721 2376 5776 Verbi
2407 5735 2529 5774 cum
2560 5717 2799 5786 homine,
2853 5733 3016 5776 causa
3055 5729 3134 5777 est
3167 5738 3262 5780 cur
3302 5721 3537 5781 Verbum

1976 5808 2043 5846 SII.
2115 5809 2256 5846 llus.

1976 5799 2043 5852 sit
2072 5795 2256 5848 Filius.
