3944 6222
402 282 508 342 485

994 286 1051 340 S.
1093 284 1466 340 ATHANASII
1499 284 1647 340 OPP.
1689 282 1869 339 PARS
1905 283 1947 339 l.
1993 313 2062 324 —-
2099 282 2469 339 HISTORICA
2511 282 2600 336 ET
2635 281 3056 338 DOGMATICA.

3537 285 3652 340 484

401 402 732 459 etmutabile
761 418 880 458 esse
935 404 1227 459 videretur.
1273 403 1330 457 Si
1376 404 1524 460 enim
1553 403 1699 474 quod
1727 411 1866 468 erat,
1916 401 1964 457 id

2075 399 2214 456 τοῦτ’
2266 401 2418 454 ἔσται
2459 400 2596 472 μετὰ
2638 398 2812 452 ταῦτα
2839 441 2852 464 ,
2886 401 2960 464 ὼς
3009 399 3102 452 νῦν
3148 400 3247 452 οὑκ
3279 399 3354 451 ὢν
3381 415 3394 429 ·
3441 399 3603 472 δῆλον
3631 439 3651 468 ,

399 499 588 562 postea
615 491 739 558 erit,
780 493 938 563 quasi
973 510 1118 548 nunc
1145 493 1328 547 non'id
1355 494 1536 563 ipsum
1559 505 1704 548 esset
1733 511 1747 560 ;
1802 492 1970 562 igitur

401 597 547 636 nunc
575 599 680 637 non
700 592 785 638 est
807 584 951 654 quod
979 594 1094 639 erat
1115 593 1170 641 et
1195 586 1318 638 erit.
1338 584 1472 639 Rem
1503 583 1705 640 clarius
1735 597 1969 652 expono.

402 670 460 726 Si
489 673 540 726 in
571 673 680 728 Deo
709 684 865 729 antea
897 683 1035 742 erat,
1068 684 1120 729 et
1149 685 1336 744 postea
1363 691 1555 729 rursus
1582 673 1686 729 erit
1713 693 1726 726 :
1761 672 1973 742 perspi-

400 782 562 820 cuum
591 776 675 820 est
703 766 940 822 Verbum
977 783 1125 821 nunc
1172 768 1227 820 in
1265 765 1376 821 Deo
1427 778 1534 821 non
1578 781 1719 821 esse.
1769 762 1972 818 Verum

398 857 752 913 revincuntur
783 860 883 913 hac
904 858 1121 913 Domini
1156 874 1288 913 voce
1314 877 1327 912 :
1365 858 1475 929 Ego
1497 859 1551 910 in
1573 857 1753 923 Patre,
1781 867 1830 910 et
1864 855 1974 910 Pa-

403 959 482 1002 ter
511 957 666 1002 inme
717 959 814 1004 est.
865 949 957 1005 Sic
987 952 1135 1005 enim
1162 966 1308 1005 nunc
1333 959 1440 1016 est,
1491 950 1570 1004 uti
1599 948 1704 1003 fuit
1733 962 1969 1016 semper.

403 1038 460 1094 Si
493 1057 654 1110 porro
685 1058 832 1097 nunc
864 1053 944 1097 est
969 1043 1044 1097 uti
1075 1041 1179 1096 fuit
1213 1057 1429 1111 semper
1457 1060 1470 1095 :
1514 1057 1624 1096 non
1655 1041 1826 1110 igitur
1869 1039 1972 1092 ali-

400 1133 619 1203 quando
645 1132 987 1204 gignebatur,
1021 1142 1073 1189 et
1095 1132 1390 1202 aliquando
1440 1148 1549 1188 non
1601 1131 1924 1202 gignebatur
1954 1147 1970 1196 ;

400 1241 499 1280 nec
522 1227 650 1281 item
676 1227 966 1298 aliquando
992 1226 1048 1280 in
1081 1225 1192 1280 Deo
1217 1223 1518 1294 silentium]
1539 1232 1593 1278 et
1621 1223 1778 1293 quies
1827 1219 1928 1275 fuit
1953 1261 1968 1285 ,

402 1316 692 1386 aliquando
715 1325 895 1372 autem
935 1317 1075 1371 idem
1111 1317 1329 1371 locutus
1361 1321 1444 1370 est
1477 1333 1489 1368 :
1528 1314 1622 1369 sed
1647 1327 1862 1382 semper
1888 1319 1973 1366 est

401 1407 579 1474 Pater,
615 1420 667 1465 et
692 1410 863 1466 Filius
890 1410 1008 1479 ejus
1034 1408 1290 1474 Verbum,
1318 1408 1412 1477 qui
1467 1405 1639 1460 Filius
1697 1419 1808 1460 non
1857 1404 1973 1460 solo

400 1503 620 1557 nomine
652 1501 886 1558 Verbum
915 1511 1017 1567 est,
1073 1517 1174 1557 nec
1201 1500 1440 1555 Verbum
1496 1497 1826 1567 cogitatione
1889 1502 1974 1549 est

397 1592 595 1657 Filius,
647 1593 741 1648 sed
776 1592 923 1648 Patri
955 1591 1444 1649 consubstantialis
1474 1588 1689 1644 exsistit
1717 1606 1730 1643 :
1756 1602 1857 1642 nec
1883 1586 1973 1641 ille

399 1694 621 1755 propter
655 1700 756 1741 nos
790 1694 874 1741 est
902 1687 1140 1756 genitus,
1175 1685 1270 1740 sed
1311 1697 1411 1738 nos
1449 1689 1672 1752 propter
1704 1680 1856 1734 illum
1885 1678 1971 1733 fa—

2076 494 2159 546 ὅτι
2193 492 2307 563 (70)
2342 495 2441 546 οὑκ
2468 492 2583 546 ἔστι
2614 493 2730 558 νῦν,
2761 495 2897 563 ὅπερ
2925 488 2992 562 ἦν
3028 491 3122 544 καὶ
3151 491 3326 546 ἔσται.
3363 491 3522 561 Λέγω
3547 491 3607 546 δέ
3631 508 3645 522 ⁸

2079 587 2141 638 Ei
2172 586 2229 637 ἑν
2256 583 2374 654 Θεῷ
2400 580 2468 656 ἦν
2493 586 2779 658 πρότερον,
2808 586 2899 640 καὶ
2925 585 3060 655 μετὰ
3083 582 3255 636 ταῦτα
3276 585 3437 638 πάλιν
3461 583 3616 638 ἔσται
3635 603 3651 618 ·

2077 679 2255 750 δῆλον,
2291 681 2371 732 ὅτι
2399 680 2499 732 οὑκ
2535 679 2649 732 ἐστι
2691 678 2786 732 νῦν
2815 681 2872 733 ὲν
2898 678 2976 748 τῷ
3023 676 3140 747 Θεῷ
3185 679 3214 730 6
3262 677 3454 745 Λόγος.
3511 679 3652 733 Ἀλλ’

2080 773 2291 842 ἐλέγχει
2336 771 2556 836 τούτους
2587 774 2615 825 6
2653 771 2856 842 Κύριος
2895 770 3071 838 λέγων
3095 787 3109 800 ·
3153 769 3294 837 Ἐγὼ
3337 771 3406 822 ἐν
3440 768 3520 834 τῷ
3541 773 3653 823 Πα-

2079 865 2192 933 τρὶ,
2213 863 2312 918 καὶ
2329 867 2362 918 ὁ
2392 863 2595 931 Πατὴρ
2620 864 2690 917 ἐν
2714 864 2862 933 ἐμοί·
2890 862 3032 916 οὕτω
3055 861 3162 933 γάρ
3194 864 3310 914 ἑστι
3327 860 3442 927 νῦν,
3467 861 3656 934 ὥσπερ

2084 951 2153 1026 ἦν
2179 957 2285 1009 ἀεί.
2319 957 2381 1008 Ei
2417 955 2473 1008 δὲ
2501 954 2644 1008 οὑτω
2669 954 2762 1008 νῦν
2800 957 2970 1019 ἐστιν,
3009 953 3197 1023 ὥσπερ
3225 949 3292 1025 ἦν
3319 954 3437 1005 ἀεί·
3471 953 3652 1022 δῆλον,

2077 1047 2158 1101 ὅτι
2186 1048 2246 1101 οὑ
2275 1047 2405 1100 ποτὲ
2434 1049 2532 1119 μὲν
2555 1048 2829 1116 ἐγεννᾶτο,
2859 1047 2988 1100 ποτὲ
3014 1047 3071 1098 δὲ
3096 1045 3156 1098 οῦ
3181 1063 3194 1076 ο
3229 1046 3352 1099 οὑδὲ
3384 1047 3518 1099 ποτέ
3557 1048 3656 1117 μὲν

2079 1141 2137 1192 ἑν
2163 1139 2283 1210 Θεῷ
2329 1141 2530 1211 ἡσυχία
2567 1136 2655 1210 ἦν,
2696 1139 2826 1192 ποτὲ
2871 1138 2926 1191 δὲ
2966 1137 3179 1190 ἐλάλει·
3228 1138 3342 1190 ἀλλ’
3383 1137 3528 1191 ἐστιν
3568 1139 3657 1192 ἀεὶ

2079 1231 2288 1302 Πατὴρ,
2326 1231 2420 1284 καὶ
2455 1231 2582 1294 Υίὸς
2607 1232 2635 1283 6
2671 1230 2860 1284 τούτου
2888 1229 3078 1298 Λόγος,
3111 1231 3210 1282 οὑκ
3245 1230 3466 1300 ὀνόματι
3495 1230 3656 1300 μόνον

2079 1323 2269 1390 Λόγος,
2305 1323 2427 1374 οὑδὲ
2472 1321 2593 1374 κατ’
2636 1321 2877 1374 ἐπίνοιαν
2925 1320 3106 1383 Υἱὸςό
3142 1321 3312 1388 Λόγος
3359 1320 3494 1391 (71),
3539 1319 3654 1372 ἀλλ’

2079 1413 2338 1486 ὑπάρχων
2382 1413 2666 1483 όμοούσιος
2699 1412 2778 1484 τῷ
2825 1412 3034 1484 Πατρίο
3071 1413 3130 1464 οὑ
3170 1411 3236 1464 δι’
3273 1413 3421 1482 ἡμᾶς
3463 1428 3657 1482 γεννη-

2081 1505 2226 1569 θείς·
2279 1507 2438 1576 ἡμεῖς
2470 1503 2577 1575 γὰρ
2619 1504 2686 1557 δι’
2721 1506 2925 1558 ἐκεῖνον
2953 1503 3274 1572 γεγόναμεν.
3315 1503 3467 1564 Ἐπεὶ
3507 1503 3555 1554 εἱ
3587 1501 3655 1554 δι’

2079 1598 2228 1666 ἡμᾶς
2267 1595 2552 1667 ἑγεννήθη,
2592 1596 2686 1647 καὶ
2726 1597 2782 1649 ἑν
2809 1593 2888 1665 τῷ
2915 1593 3273 1663 γεγεννῆσθαι
3308 1593 3470 1646 αὑτὸν
3509 1593 3655 1645 ἐκτί-

2082 1689 2288 1760 σθημεν
2332 1687 2470 1759 (72),
2525 1687 2618 1740 καὶ
2655 1690 2719 1758 τῇ
2769 1687 3017 1756 γεννήσει
3054 1684 3218 1739 αὑτοῦ
3260 1684 3588 1754 συνέστηκεν
3619 1685 3652 1749 ἠ

398 1777 470 1831 cti
511 1791 720 1830 sumus.
748 1775 1049 1845 Caeteroqui
1074 1775 1120 1829 si
1156 1781 1375 1844 propter
1418 1787 1519 1828 nos
1542 1772 1759 1841 genitus
1781 1783 1885 1838 est,
1918 1779 1964 1827 el

2075 1781 2273 1847 κτίσις,
2313 1780 2605 1851 ἀνατρέχει
2643 1779 2700 1830 δὲ
2740 1780 2826 1831 ἵνα
2915 1780 3051 1847 ὅπερ
3078 1777 3339 1847 πρότερον
3363 1770 3430 1846 ἦν
3454 1792 3468 1805 ο
3497 1774 3650 1845 πρῶ-

398 1882 498 1922 nos
529 1875 675 1933 tunc,
702 1882 826 1920 cum
874 1874 958 1921 est
986 1866 1220 1934 genitus,
1272 1862 1439 1918 creati
1491 1876 1702 1924 sumus,
1745 1860 1974 1931 ejusque

396 1967 519 2012 ortu
550 1957 857 2012 constitutae
891 1963 1018 2011 sunt
1055 1969 1144 2009 res
1175 1963 1389 2018 creatae,
1421 1966 1484 2007 ac
1517 1950 1714 2020 deinde
1744 1949 1976 2005 recurrit

396 2051 514 2118 ipse
543 2059 599 2104 ut
626 2048 858 2119 sitquod
889 2048 1045 2118 prius
1071 2055 1229 2111 erat;
1265 2045 1503 2114 primum
1541 2042 1708 2115 496
1744 2043 1870 2097 inde
1901 2040 1975 2097 ef-

396 2143 578 2196 licitur
607 2149 666 2194 ut
689 2140 926 2211 genitus,
984 2154 1180 2193 rursus
1227 2153 1336 2192 non
1384 2147 1693 2207 generetur.
1737 2132 1872 2188 Nam
1925 2134 1972 2190 si

394 2249 520 2287 eum
551 2232 862 2301 procedere,
892 2231 1072 2301 ipsum
1102 2239 1187 2285 est
1215 2228 1362 2299 gigni
1390 2247 1402 2282 :
1446 2228 1610 2299 igitur
1637 2242 1762 2281 cum
1794 2241 1974 2281 rever-

396 2326 548 2391 titur,
585 2324 732 2396 gigni
767 2311 986 2378 desinit.
1004 2322 1302 2392 Postquam
1328 2321 1473 2375 enim
1508 2323 1573 2374 ad
1599 2318 1769 2374 Deum
1791 2334 1969 2374 rever-

394 2419 539 2484 terit,
570 2416 712 2472 Deus
737 2431 931 2472 rursus
963 2414 1162 2471 silebit.
1191 2413 1358 2483 Atqui
1391 2413 1437 2467 si
1461 2411 1660 2476 silebit,
1690 2411 1797 2466 erit
1824 2411 1973 2481 quod

394 2524 460 2563 eo
506 2509 700 2564 silente
735 2517 872 2575 erat,
939 2521 1134 2576 nempe
1183 2505 1363 2575 quies,
1401 2520 1508 2558 non
1545 2511 1728 2558 autem
1785 2515 1972 2556 rerum

393 2604 620 2670 creatio,
661 2617 783 2672 quae
815 2601 1040 2672 proinde
1085 2599 1248 2654 linem
1297 2598 1537 2653 habebit.
1585 2595 1719 2651 Nam
1756 2605 1815 2649 ut
1847 2609 1974 2665 pro-

395 2696 619 2751 cedente
637 2693 842 2759 Verbo,
865 2693 1022 2748 facta:
1050 2699 1179 2747 sunt
1206 2699 1261 2745 et
1286 2690 1612 2745 exstiterunt
1629 2703 1718 2742 res
1733 2696 1928 2742 creatae
1955 2705 1968 2740 :

395 2789 469 2841 ita
487 2795 802 2843 recurrente
832 2783 1032 2846 Verbo,
1057 2782 1169 2852 jam
1199 2797 1309 2835 non
1336 2781 1569 2850 amplius
1591 2781 1857 2835 exsistent
1884 2794 1972 2834 res

395 2889 609 2935 creatae.
647 2878 790 2945 Quid
822 2877 988 2948 igitur
1025 2891 1120 2930 eas
1167 2875 1284 2929 ﬁeri
1319 2890 1457 2943 opus
1484 2873 1607 2936 fuit,
1635 2872 1681 2928 si
1719 2886 1843 2927 esse
1871 2872 1969 2926 de-

395 2969 606 3024 sinent?
631 2967 744 3033 Vel,
773 2982 945 3037 quare
974 2967 1190 3026 locutus
1213 2973 1296 3019 est
1320 2963 1486 3029 Deus,
1521 2973 1580 3019 ut
1604 2971 1728 3033 post
1750 2963 1866 3017 haec
1893 2963 1971 3017 si-

395 3061 564 3115 leret?
607 3059 717 3114 Cur
756 3073 882 3113 vero
911 3056 1137 3127 protulit
1163 3071 1324 3125 quem
1346 3055 1540 3110 deinde
1570 3054 1832 3109 revocat?
1859 3053 1970 3109 Cur

394 3171 518 3210 eum
555 3154 748 3226 gignit,
790 3152 946 3222 cujus
999 3151 1405 3222 generationem
1454 3150 1619 3203 linem
1664 3147 1833 3202 voluit
1863 3147 1965 3201 ha-

392 3250 865 3307 bere?lncertum
915 3256 1095 3302 autem
1137 3256 1222 3301 est
1267 3246 1397 3315 quid
1459 3243 1656 3300 iterum
1711 3245 1836 3299 erit.
1868 3241 1966 3299 Vel

397 3342 542 3398 enim
575 3355 788 3410 semper
804 3339 1073 3393 taciturus
1093 3346 1198 3401 est,
1221 3336 1306 3390 vel
1329 3351 1521 3391 rursus
1547 3343 1629 3390 est
1661 3335 1962 3406 geniturus,

2073 1889 2165 1925 τον
2203 1872 2303 1942 μὲν
2332 1871 2482 1924 ἔσται
2529 1869 2691 1924 πάλιν
2732 1870 2806 1942 μὴ
2834 1885 3172 1938 γεννωμενος
3203 1871 3230 1920 6
3254 1865 3552 1936 γεννηθείς.
3591 1867 3652 1919 Ei

2074 1965 2182 2037 γὰρ
2221 1967 2254 2036 ή
2304 1965 2528 2036 πρόοδος
2575 1964 2738 2017 αὑτοῦ
2785 1963 3037 2033 γέννησίς
3078 1965 3244 2025 ἐστιν,
3291 1962 3324 2029 ἡ
3371 1959 3651 2028 ἁναδρομὴ

2075 2057 2236 2111 πάλιν
2269 2056 2446 2109 παῦλα
2477 2057 2577 2125 τῆς
2617 2056 2951 2126 γεννήσεως·
2998 2052 3290 2124 γενομένου
3331 2048 3438 2122 γὰρ
3486 2049 3651 2102 αὑτοῦ

2074 2150 2133 2202 ἐν
2161 2148 2239 2219 τῷ
2267 2147 2404 2218 Θεῷ,
2442 2148 2712 2217 σιωπήσει
2737 2143 2898 2199 πάλιν
2925 2146 2954 2196 6
2988 2144 3139 2206 Θεός.
3169 2143 3231 2195 Et
3270 2142 3326 2194 δὲ
3361 2142 3650 2211 σιωπήσει,

2075 2241 2225 2294 ἔσται
2257 2241 2414 2312 ,ὅπερ
2443 2236 2533 2310 ἦν,
2589 2238 2905 2300 σιωπῶντος
2936 2235 3123 2302 αὑτοῦ,
3175 2234 3376 2306 ἡσυχία
3403 2276 3416 2297 ,
3457 2234 3550 2286 καὶ
3591 2235 3650 2285 οὑ

2073 2335 2249 2396 κτίσις
2275 2351 2287 2362 ·
2319 2331 2587 2385 παύσεται
2615 2331 2723 2399 ἄρα
2761 2333 2793 2400 ὴ
2835 2330 3032 2392 κτίσις.
3076 2330 3286 2400 ’Ὠσπερ
3317 2327 3424 2399 γὰρ
3454 2326 3654 2396 προελ-

2074 2425 2256 2488 θόντος
2289 2422 2385 2476 τοῦ
2425 2423 2620 2491 Λόγου,
2671 2421 2893 2490 γέγονεν
2938 2422 2970 2490 ἡ
3020 2420 3216 2483 κτίσις,
3255 2419 3347 2472 καὶ
3380 2418 3644 2488 ὑτέῆρξεν·

2081 2515 2224 2569 οὑτω
2267 2512 2762 2584 παλινδρομοῦντος
2808 2512 2903 2565 τοῦ
2951 2511 3148 2579 Λόγου,
3195 2510 3292 2580 οὑχ
3336 2507 3568 2579 ὑπάρξει
3611 2510 3646 2578 ἡ

2072 2609 2249 2671 κτίσις
2283 2605 2415 2678 (75).
2463 2605 2557 2669 Τίς
2588 2601 2681 2658 οὖν
2723 2605 2884 2676 χρεία
2929 2603 3024 2655 τοῦ
3061 2601 3353 2670 γενέσθαι,
3408 2603 3455 2654 εί
3509 2601 3650 2654 παύ-

2075 2717 2225 2753 σεται
2250 2716 2265 2764 ;
2297 2699 2368 2752 ’Ἡ
2399 2697 2452 2750 τί
2483 2697 2578 2750 καὶ
2600 2696 2778 2750 ἐλάλει
2809 2696 2836 2748 6
2864 2694 3015 2758 Θεὸς,
3045 2696 3130 2747 ἵνα
3165 2692 3301 2764 μετὰ
3326 2692 3502 2746 ταῦτα
3530 2710 3655 2746 σιω-

2073 2794 2221 2863 πήσῃ
2253 2808 2267 2856 ;
2301 2791 2367 2844 Τί
2407 2790 2464 2843 δὲ
2503 2787 2864 2861 προεϐάλλετο
2888 2827 2902 2850 ,
2946 2788 3003 2841 ὃν
3052 2786 3439 2850 άνακαλεῖται;
3477 2784 3540 2838 Τί
3592 2783 3651 2837 δὲ

2073 2882 2168 2934 καὶ
2211 2881 2425 2949 ἑγέννα,
2457 2872 2517 2932 οὑ
2550 2877 2647 2948 τὴν
2685 2877 2938 2947 γέννησιν
2984 2875 3214 2928 παύσειν
3249 2873 3445 2946 ἠθελες
3487 2873 3552 2926 Τί
3593 2873 3650 2926 δὲ

2073 2969 2235 3025 πάλιν
2269 2968 2444 3031 ἔσται,
2473 2966 2687 3038 ἄδηλον.
2724 2968 2794 3019 Ἢ
2823 2965 2931 3037 γὰρ
2962 2965 3228 3035 σιωπήσει
3270 2965 3388 3028 ἀεὶ,
3421 2964 3454 3034 ἢ
3488 2963 3649 3016 πάλιν

2072 3063 2362 3133 γεννήσει,
2397 3059 2491 3112 καὶ
2531 3059 2720 3129 ἑτέραν
2762 3058 2937 3111 κτίσιν
2971 3058 3245 3127 ἑπινοήσει
3267 3073 3280 3085 ·
3317 3057 3376 3108 οὑ
3409 3056 3519 3128 γὰρ
3550 3055 3650 3125 τὴν

2073 3151 2244 3222 αὐτὴν
2273 3149 2487 3222 ποιήσει
2511 3164 2526 3179 ·
2561 3149 2595 3219 ἢ
2629 3149 2739 3219 γὰρ
2773 3148 2838 3201 ἂν
2864 3148 3128 3218 διέμεινεν
3153 3149 3185 3218 ἡ
3207 3146 3472 3217 γενομένη
3493 3146 3604 3217 (74)
3631 3163 3644 3175 ’

2073 3243 2185 3297 ἀλλ’
2228 3242 2451 3312 ἑτέραν·
2483 3239 2791 3304 ἀκολούθως
2834 3239 2890 3292 δὲ
2933 3241 3028 3293 καὶ
3059 3239 3262 3310 ταύτην
3295 3238 3518 3303 παύσει,
3556 3239 3649 3292 καὶ

2074 3335 2268 3406 ἑτέραν
2298 3333 2596 3404 ἑπινοήσει,
2633 3331 2913 3385 καὶτοῦτο
2941 3333 3021 3397 εἰς
3050 3332 3295 3402 ἄπειρον.

399 3438 644 3506 aliasque
686 3451 775 3490 res
811 3432 1076 3489 creandas
1110 3433 1480 3502 cogitaturus;
1544 3446 1646 3486 nec
1701 3431 1846 3484 enim
1885 3431 2103 3487 easdem
2133 3439 2218 3485 est
2267 3429 2584 3496 etl'ecturus,
2615 3428 2817 3498 quippe
2872 3443 3011 3498 quas
3056 3427 3229 3483 factas
3279 3427 3647 3497 permansisse

397 3532 570 3587 satius
590 3530 822 3587 fuisset:
853 3528 948 3585 sed
977 3529 1113 3585 alias
1141 3528 1514 3599 producturus
1542 3535 1648 3592 est,
1693 3543 1830 3596 quas
1887 3527 2088 3583 delebit
2145 3526 2418 3593 similiter,
2474 3525 2722 3595 aliasque
2758 3525 2956 3579 iterum
3011 3525 3291 3596 cegitabit,
3348 3525 3512 3594 idque
3563 3524 3647 3578 in—

397 3627 566 3680 ﬁnite.

465 3718 552 3772 15.
588 3717 750 3772 Forte
803 3727 984 3772 autem
1012 3715 1327 3786 hujusmodi
1351 3715 1536 3785 opinio
1559 3730 1623 3769 ex
1657 3713 1964 3770 Stoicorum

393 3809 580 3864 schola
601 3810 877 3864 emanavit
897 3808 1030 3879 (69),
1071 3808 1163 3878 qui
1196 3822 1392 3875 nempe
1424 3805 1594 3860 Deum
1626 3815 1816 3875 putant
1842 3823 1969 3861 cona

393 3895 536 3949 trahi
578 3911 880 3965 rursusque
908 3912 1033 3950 cum
1077 3895 1243 3950 rebus
1273 3896 1473 3950 creatis
1507 3895 1745 3956 dilatari.
1780 3895 1964 3948 inlini-

393 3995 553 4054 teque
583 3986 882 4054 quiescere.
911 3984 1066 4051 Quod
1093 3984 1239 4038 enim
1286 3983 1564 4048 dilatatur,
1616 3990 1960 4036 contractum

393 4077 681 4141 dilatatur;
713 4085 766 4130 et
799 4075 944 4145 quod
971 4075 1303 4140 extenditur,
1345 4082 1684 4128 contractura
1712 4071 1961 4126 extendi-

393 4177 480 4220 tur
507 4185 520 4220 :
553 4175 715 4236 atque
753 4167 895 4221 idem
925 4166 1142 4236 quidem
1161 4175 1260 4227 est,
1287 4163 1426 4219 nihil
1450 4173 1630 4217 autem
1663 4162 1808 4216 aliud
1831 4176 1963 4230 pra:-

396 4265 475 4308 ter
499 4253 838 4308 affectionem
873 4253 1167 4323 quamdam
1200 4253 1420 4323 patitur.
1456 4251 1644 4320 Itaque
1673 4249 1719 4304 si
1766 4245 1962 4304 Unitas

392 4349 634 4413 dilatata,
666 4347 809 4400 facta
847 4355 931 4401 est
957 4344 1227 4411 Trinitas;
1254 4346 1300 4401 si
1335 4347 1463 4400 item
1486 4343 1682 4400 Unitas
1722 4356 1807 4402 est
1850 4344 1955 4398 Pa-

394 4451 493 4505 ter,
522 4437 761 4491 Trinitas
784 4450 911 4491 vero
935 4446 1018 4491 est
1048 4435 1228 4501 Pater,
1261 4435 1454 4502 Filius,
1474 4443 1528 4489 et
1567 4433 1804 4504 Spiritus
1827 4450 1956 4491 san-

2143 3714 2229 3767 15.
2273 3709 2443 3764 Τοῦτο
2482 3709 2540 3762 δὲ
2597 3707 2728 3771 ἴσως
2766 3709 2874 3762 άπὸ
2920 3707 3027 3760 τῶν
3059 3707 3312 3761 Στωϊκῶν
3366 3705 3603 3759 ὑπέλαϐε
3625 3745 3641 3767 ,

2069 3802 2558 3873 διαϐεϐαιουμένων
2594 3798 2974 3852 συστέλλεσθαι
3006 3799 3100 3852 καὶ
3115 3799 3276 3851 πάλιν
3309 3795 3643 3850 ἑκτείνεσθαι

2067 3893 2158 3946 τὸν
2190 3891 2321 3944 Θεὸν
2353 3889 2489 3960 μετὰ
2524 3888 2624 3958 τῆς
2654 3887 2905 3951 κτίσεως,
2950 3889 3043 3941 καὶ
3079 3888 3322 3959 ἀπείρως
3351 3885 3638 3941 παύεσθαι.

2067 3983 2140 4037 Τὸ
2173 3983 2280 4054 γὰρ
2324 3981 2728 4050 πλατυνόμενον
2761 3980 2870 4032 ἀπὸ
2920 3979 3234 4050 στενότητος
3277 3977 3638 4032 πλατύνεται’

2068 4076 2164 4129 καὶ
2194 4076 2254 4128 τὸ
2282 4074 2658 4144 ἐκτεινόμενον
2707 4073 3136 4142 συνεσταλμένον
3186 4073 3485 4125 ἐκτείνεται
3507 4089 3519 4102 ·
3551 4071 3641 4125 καί

2067 4165 2199 4218 αὑτὸ
2235 4163 2334 4234 μὲν
2357 4163 2495 4225 ἔστι,
2527 4161 2692 4215 πλέον
2719 4162 2776 4215 δὲ
2813 4162 2963 4215 οὐδὲν
2997 4163 3030 4231 ἢ
3058 4160 3228 4224 πάθος
3258 4162 3538 4231 ὑπομένει.
3579 4161 3638 4213 Ei

2067 4257 2246 4308 τοίνυν
2274 4256 2307 4324 ή
2341 4253 2545 4317 Μονὰς,
2593 4251 2978 4312 πλατυνθεῖσα,
3018 4251 3208 4319 γέγονε
3253 4251 3422 4322 Τριάς
3447 4268 3460 4281 ·
3510 4253 3542 4321 ή
3585 4250 3639 4303 δὲ

2061 4345 2246 4407 Μονάς
2293 4345 2441 4396 ἐστιν
2493 4347 2521 4396 ό
2575 4343 2765 4414 Πατὴρ
2801 4384 2815 4405 ,
2874 4344 3044 4414 Τριὰς
3093 4343 3147 4395 δὲ
3205 4344 3431 4414 Πατὴρ,
3488 4343 3635 4406 Υἱὸς,

2063 4438 2216 4506 ἅγιον
2263 4437 2377 4506 (75)
2425 4436 2651 4506 Πνεῦμα
2688 4452 2702 4466 ·
2760 4435 2976 4508 πρῶτον
3033 4437 3129 4506 μὲν
3190 4435 3553 4489 πλατυνθεῖσα
3603 4447 3634 4514 ή
3678 4501 3689 4516 ο

467 4572 576 4641 (69)
618 4570 923 4641 Stoicorum
953 4571 1275 4625 sententiam
1309 4571 1388 4641 sic
1420 4571 1652 4641 explicat
1687 4569 1954 4641 Diogenes
1985 4574 2036 4635 ι)
2076 4639 2084 4641 _
2129 4569 2241 4641 (70)
2269 4568 2642 4641 ‘Goblerianus
2665 4576 2719 4622 et
2739 4566 3089 4622 Felckmanni
3121 4566 3330 4636 primus
3352 4568 3443 4623 hic
3470 4579 3526 4622 et
3552 4569 3637 4622 in-

393 4638 638 4696 Laertius
666 4642 718 4693 in
747 4639 952 4693 Zenone
971 4683 985 4708 ,
1020 4649 1180 4709 prout
1208 4641 1332 4710 legit
1351 4638 1539 4694 Justus
1554 4639 1780 4710 Lipsius
1801 4638 1953 4710 Phy-

391 4711 625 4781 siologice
655 4711 954 4781 Stoicorum
995 4708 1088 4764 lib.
1127 4708 1504 4781 xr,_dissertat.
1529 4708 1606 4781 _6:
1631 4708 1868 4781 Λέγουσι
1898 4709 1955 4762 δὲ

391 4779 592 4870 κόσμον
611 4779 834 4870 ,ξριχῶς
856 4796 869 4809 ·
906 4781 1064 4870 αὐτόν
1082 4779 1269 4870 ξεητὸν
1295 4779 1447 4870 ΙΘεὸν
1493 4779 1708 4870 τὸνὶτῇς
1727 4779 1953 4864 ’ἁπάσης

391 4848 572 4914 οὐσίας
610 4848 877 4920 ἰδιοποιὸν,
907 4850 964 4912 ὃς
987 4850 1050 4918 δὴ
1074 4848 1348 4920 ἄφθαρτός
1371 4852 1486 4901 ἑστι
1518 4850 1611 4920 καὶ
1641 4848 1951 4920 άγέννητος,

389 4920 719 4993 δημιουργὸς)
736 4919 813 4993 ὢν
835 4920 933 4993 τῆς
955 4918 1382 4993 διακοσμήσεως,
1405 4918 1544 4993 κατά
1569 4918 1954 4993 χρόνων-ποιὰς

390 4988 667 5062 περιόδους
699 4989 1008 5062 ἀναλίσκων
1030 4991 1109 5052 εἰς
1139 4989 1326 5062 ἑαυτὸν
1344 4988 1462 5062 -τὴν
1501 4988 1717 5062 ἃπασαν
1742 4988 1950 5051 οὐσίαν,

389 5057 484 5114 καὶ
516 5061 674 5114 πάλιν
719 5060 777 5123 ἑξ
822 5058 1010 5112 ἑαυτοῦ
1039 5059 1258 5126 γεννῶν.
1302 5057 1356 5110 ld
1398 5057 1501 5121 est,
1537 5058 1794 5111 Mundam
1835 5073 1953 5110 vero

392 5132 669 5200 tripliciter
701 5131 880 5182 dicunt
915 5133 1142 5200 {primo
1171 5131 1342 5200 ipsum
1365 5127 1551 5192 Deum,
1592 5129 1846 5200 universis
1873 5143 1954 5179 es—

390 5197 570 5254 sentia:
599 5201 868 5268 proprium
897 5199 1211 5266 effectorem,
1236 5199 1466 5266 quisane
1494 5197 1844 5265 corruptionis
1865 5211 1958 5248 e9:-

388 5287 503 5338 pers
538 5280 612 5323 est
649 5281 697 5322 et
742 5271 1023 5338 ingenitus,
1051 5270 1252 5320 ordinis
1288 5279 1335 5319 et
1385 5269 1742 5334 dispositionis
1778 5282 1952 5338 rerum

390 5337 584 5408 opifex,
626 5356 716 5407 per
748 5337 914 5392 certas
948 5349 1237 5407 temporum
1283 5338 1522 5402 periodos
1569 5338 1866 5408 universam
1897 5337 1950 5408 in

388 5406 607 5476 seipsum
628 5406 920 5461 absumens
953 5406 1251 5470 essentiam,
1272 5408 1562 5476 iterumque
1593 5422 1657 5459 ex
1680 5406 1848 5473 seipse
1867 5406 1950 5476 gi-

387 5475 567 5547 gnens.
599 5476 812 5547 Sttidas
842 5480 1020 5544 habet,
1055 5478 1208 5542 Θεὸν,
1243 5478 1336 5530 καὶ
1363 5478 1454 5529 τὸν
1481 5479 1715 5547 ἁπάσης,
1750 5483 1864 5547 etc._
1887 5475 1944 5528 In

385 5544 637 5616 editione
657 5544 870 5599 Henrici
907 5547 1165 5616 Stephani
1198 5562 1324 5600 ann.
1356 5547 1515 5612 1570,
1563 5544 1823 5600 mendose
1852 5545 1949 5598 ha—

387 5615 566 5676 betur,
594 5613 682 5686 τὸν
703 5617 766 5666 ἑκ
787 5618 895 5686 τῆς
917 5613 1130 5686 ἀπάσης
1159 5617 1344 5680 οὐσίας
1368 5618 1536 5684 ποιόν,
1566 5617 1650 5672 vel
1682 5624 1739 5670 ut
1770 5616 1826 5670 in
1853 5628 1950 5668 no-

385 5686 456 5740 tis
488 5684 828 5749 emendatur,
864 5685 1006 5748 ἰδίως
1040 5684 1210 5739 ποιόν.
1569 5690 1584 5699 ‘

2064 4638 2462 4711 fra,6r;).pv6'rt.

2136 4707 2261 4779 (71)
2289 4708 2488 4778 Regius
2511 4717 2564 4763 et
2595 4707 2958 4778 Seguerianus
2993 4708 3195 4762 addunt
3219 4709 3247 4759 6
3275 4707 3466 4776 Λόγος,
3491 4708 3632 4778 quod

2064 4781 2120 4834 in
2153 4780 2274 4833 aliis
2302 4787 2355 4832 et
2387 4780 2546 4834 editis
2575 4779 2747 4833 deest.

2135 4849 2245 4918 (72)
2288 4847 2379 4918 Sic
2410 4864 2546 4903 mss.
2572 4856 2626 4902 et
2659 4848 3120 4918 editiojCommel.

2074 4949 2105 4964 ο
2131 4915 2242 4988 (75)
2284 4917 2642 4988 Goblerianus
2664 4928 2715 4988 et
2742 4915 3099 4988 Felckmanni
3110 4919 3339 4986 primus,
3364 4915 3625 4988 ὑπῆρξεν.

2059 4985 2260 5062 Ibidem
2283 4987 2413 5062 Reg.
2451 4987 2615 5062 Basil.
2651 4987 2886 5062 Ang_li_c.,
2919 4989 3014 5062 Τίς
3045 4985 3143 5062 οὖν
3167 4992 3200 5059 ὴ
3231 4989 3409 5062 χρεία.
3429 4985 3551 5062 ,Λίιίλί
3579 4996 3632 5041 et

2059 5059 2226 5112 editio
2271 5055 2720 5127 Commeliniana,
2743 5055 2844 5121 Τίς
2891 5055 2983 5112 οὑν
3025 5055 3200 5127 χρείαζ
3233 5055 3380 5112 item
3427 5058 3626 5112 ibidem

2060 5128 2277 5182 Gobler.
2312 5137 2365 5182 et
2391 5126 2625 5181 Feickm.
2657 5127 2708 5188 1,
2739 5127 2929 5182 τούτου
2955 5126 3224 5195 γενέσθαι.

2128 5197 2239 5267 (74)
2282 5196 2373 5251 Sic
2405 5197 2533 5266 Regi
2566 5196 2791 5266 S'eguer.
2823 5197 2985 5254 Basil.
3017 5207 3072 5252 et
3100 5199 3310 5267 Anglic.
3347 5198 3416 5252 At
3448 5197 3626 5252 caeteri
3721 5253 3731 5266 ,

2058 5281 2112 5321 et
2137 5268 2286 5325 editi.
2318 5267 2410 5320 καὶ
2444 5267 2572 5337 γάρ,
2602 5278 2706 5321 etc.
2744 5267 2865 5322 Mox
2892 5269 2959 5321 ad
2995 5270 3296 5336 marginem
3322 5267 3455 5337 Reg.
3502 5268 3623 5337 Seg.

2059 5317 2412 5409 itself—Colit.
2442 5317 3474 5409 ἑιῒέτὲιξιξζ[1ῖὲὲέῙεᾷἱζιὶῗιὶζὲἒιξᾶτέ⁰ρι
3499 5317 3628 5409 ἐᾶξ.

2057 5408 2237 5478 ϐάτων
2259 5408 2354 5460 καὶ
2383 5406 2728 5478 περιτομῆς
2751 5405 2913 5478 Basil.
2946 5401 3117 5478 τομῆς
3140 5409 3158 5477 )
3185 5401 3287 5462 ὧδε
3311 5401 3539 5478 ἔκειντο.
3574 5405 3628 5459 Id

2054 5487 2156 5538 est,
2198 5476 2480 5530 Tractatus
2502 5476 2828 5531 de‘sabb'atis
2866 5488 2914 5530 et
2967 5476 3364 5531 circumcisione
3407 5476 3490 5528 hic
3530 5490 3625 5529 ca:-

2057 5550 2254 5600 stabat.
2292 5546 2368 5616 De
2394 5561 2460 5616 eo
2489 5561 2843 5616 agemusrsuo
2864 5548 3006 5601 loco.

2287 5615 2376 5673 Sic
2411 5613 2608 5689 Regius
2636 5626 2689 5672 et
2715 5615 3030 5686 Seguerian.
3062 5619 3130 5672 At
3156 5618 3246 5672 alii
3279 5625 3332 5671 et
3357 5615 3508 5682 editi,
3535 5613 3630 5667 καὶ

2097 5702 2232 5753 γιον.

2028 5783 2056 5798 ν.
