3944 6222
333 279 437 338 485

1439 278 1698 334 ORATIO
1733 279 1801 336 IV
1839 278 2121 334 CONTRA
2159 279 2484 335 ARIANOS.

3476 275 3582 341 486

333 395 536 460 Μονὰς,
571 394 739 458 πάθος
779 396 1057 466 ὑπέμεινε,
1088 395 1182 448 καὶ
1213 393 1434 462 γέγονεν
1480 394 1615 464 ὅπερ
1652 393 1751 446 οὐκ
1785 388 1854 463 ἦν

2006 401 2161 448 ctus:
2196 394 2375 463 primo
2412 394 2659 462 sequitur
2716 403 2776 446 ut
2828 393 3051 447 dilatata
3097 392 3289 449 Unitas
3340 393 3580 465 aliquam

333 486 642 558 ἐπλατύνθη
675 488 782 558 γάρ
823 490 921 542 οὐκ
950 486 1086 542 οὖσα
1115 488 1370 541 πλατεῖα·
1401 486 1591 540 ἔπειτα
1623 489 1671 539 εἰ
1703 487 1839 557 αὑτὴ
1869 489 1902 556 ἡ

333 579 517 644 Μονὰς
564 581 870 652 ἐπλατύνθη
903 583 982 645 εἰς
1015 581 1240 652 Τριάδα,
1274 579 1444 651 Τριὰς
1474 579 1531 632 δέ
1571 582 1685 632 ἐστι
1715 580 1904 650 Πατὴρ

332 671 423 723 καὶ
450 670 576 733 Υἱὸς
612 670 721 741 (76)
753 673 847 726 καὶ
885 674 1039 740 ἅγιον
1075 671 1299 741 Πνεῦμα
1327 685 1340 699 ’
1393 673 1422 723 6
1461 669 1623 732 αὐτὸς
1662 671 1768 740 ἄρα
1793 671 1904 723 Πα-

330 762 434 832 τὴρ
465 762 658 829 γέγονε
710 764 803 816 καὶ
842 763 970 826 Υἱὸς
1015 765 1107 816 καὶ
1146 761 1369 833 Πνεῦμα
1399 760 1538 814 κατὰ
1572 761 1854 815 Σαὸέλλιον
1887 779 1898 790 ’

330 853 487 916 ἐκτὸς
513 855 561 905 εἰ
595 853 668 925 μὴ
694 857 728 925 ἡ
759 855 1024 925 λεγομένη
1067 856 1195 927 παρ’
1233 855 1382 927 αύτῷ
1409 853 1593 917 Μονὰς
1633 854 1744 925 (77)
1777 855 1903 909 ἄλλο

327 942 380 995 τί
413 945 530 996 ἐστι
566 945 716 1015 παρὰ
753 945 842 997 τὸν
871 946 1110 1018 Πατέρα.
1146 947 1258 998 Ούκ
1286 946 1367 999 ἐτι
1398 941 1491 999 οὖν
1538 945 1901 1000 πλατύνεσθαι

329 1034 434 1086 ἔδει
463 1034 642 1102 λέγειν
671 1034 808 1105 (78),
839 1035 952 1088 ἀλλ’
977 1038 1010 1106 ἡ
1035 1035 1215 1098 Μονὰς
1246 1035 1412 1106 τριῶν
1445 1036 1720 1107 ποιητικὴ,
1760 1035 1900 1088 ὥστε

327 1121 465 1179 εἶναι
490 1127 727 1190 Μονάδα,
763 1123 880 1180 εἶτα
908 1129 1001 1182 καὶ
1025 1128 1262 1200 Πατέρα,
1303 1129 1397 1181 καὶ
1429 1128 1577 1193 Υἱὸν,
1609 1129 1702 1182 καὶ
1735 1127 1903 1182 Πνεῦ-

331 1235 426 1286 μα.
462 1219 526 1270 Ei
559 1217 667 1288 γὰρ
711 1218 1014 1289 ὲπλατύνθη
1058 1219 1218 1291 αῦτη,
1252 1220 1347 1273 καὶ
1381 1218 1643 1286 ἐξέτεινεν
1678 1219 1898 1290 ἑαυτὴν,

326 1310 465 1378 αὐτὴ
501 1309 566 1362 ἂν
596 1309 703 1378 εἴη,
739 1310 874 1379 ὅπερ
915 1309 1164 1380 ἐξετάθη.
1197 1311 1306 1363 Καὶ
1347 1310 1515 1379 Τριάς
1544 1311 1640 1381 μὲν
1671 1310 1901 1364 πλατυν-

327 1401 483 1453 θείσα
517 1402 620 1452 οὐκ
643 1400 723 1453 ἔτι
745 1401 930 1462 Μονάς
961 1402 1078 1453 ἐστι
1100 1415 1112 1428 ⁶
1160 1402 1344 1464 Μονὰς
1383 1400 1438 1453 δὲ
1482 1397 1613 1454 οὖσα
1652 1401 1804 1455 οὕπω
1831 1398 1900 1472 ἦν

327 1494 518 1562 Τριάς.
537 1493 681 1554 Καὶὸ
697 1493 886 1563 Πατὴρ
903 1493 1011 1565 ἄρα
1023 1493 1098 1546 ὢν
1114 1493 1264 1546 οὔπω
1287 1490 1353 1564 ἦν
1383 1493 1506 1557 Υἱὸς
1525 1495 1618 1547 καὶ
1637 1493 1862 1564 Πνεῦμα
1883 1512 1894 1522 ·

325 1585 617 1654 γενόμενος
641 1585 700 1638 δὲ
726 1585 918 1650 ταῦτα,
935 1587 1036 1639 οὐκ
1063 1585 1140 1638 ἔτι
1157 1585 1346 1658 Πατὴρ
1371 1587 1528 1656 μόνον
1558 1587 1690 1639 ἐστί.
1715 1586 1898 1640 Ταῦτα

323 1675 378 1728 δὲ
399 1675 870 1746 καταψευδόμενος
900 1678 963 1731 ἄν
1003 1695 1086 1741 τις
1118 1677 1295 1742 εἴποι,
1319 1676 1412 1729 τοῦ
1440 1676 1573 1730 Θεοῦ
1611 1677 1768 1748 σῶμα
1803 1678 1897 1729 καὶ

2006 499 2167 554 passa
2191 485 2263 539 sit
2293 483 2656 548 affectionem,
2694 481 2945 553 factaque
2999 481 3068 536 sit
3095 485 3240 552 quod
3283 499 3390 538 non
3417 493 3575 539 erat:

2007 577 2275 646 siquidem
2299 576 2522 631 dilatata
2556 582 2640 630 est
2660 590 2782 645 qua:
2806 575 2915 629 lata
2951 589 3060 629 non
3093 585 3233 630 erat.
3266 575 3495 644 Deinde,
3525 577 3575 632 si

2003 669 2120 739 ipsa
2146 666 2338 723 Unitas
2368 669 2424 721 in
2449 667 2772 721 Trinitatem
2820 667 3041 721 dilatata
3087 677 3192 733 est,
3230 667 3578 740 Trinitasque

2003 760 2162 816 Pater
2189 771 2274 817 est
2318 771 2370 816 et
2400 759 2572 816 Filius
2601 772 2655 815 et
2699 759 2936 829 Spiritus
2968 769 3230 815 sanctus:
3282 761 3399 831 ipse
3445 777 3575 832 ergo

2003 851 2164 908 Pater
2191 852 2368 908 factus
2407 860 2492 907 est
2522 860 2576 906 et
2603 850 2776 904 Filius
2804 858 2858 905 et
2881 849 3138 921 Spiritus,
3184 858 3244 904 ut
3279 851 3443 906 sentit
3476 851 3577 906 Sa-

2004 945 2221 1009 bellius;
2248 945 2352 999 nisi
2378 943 2518 998 forte
2545 941 2738 997 Unitas
2782 958 2947 1013 quam
3000 943 3090 996 ille
3118 950 3443 1012 propugnat,
3478 943 3576 996 ali-~

2002 1037 2132 1107 quid
2160 1037 2231 1090 sit
2253 1035 2400 1090 aliud
2432 1042 2626 1104 praeter
2646 1034 2881 1088 Patrem.
2907 1034 3080 1104 Igitur
3111 1049 3220 1088 non
3245 1033 3358 1103 jam
3383 1032 3577 1089 Unitas

2003 1127 2221 1180 dilatari
2243 1126 2469 1180 dicenda
2493 1133 2628 1189 erat,
2649 1123 2743 1179 sed
2761 1124 2926 1178 trium
2959 1121 3136 1192 potius
3159 1137 3281 1177 esse
3309 1120 3576 1188 effectrix,

2004 1219 2078 1272 ita
2114 1229 2170 1270 ut
2196 1217 2373 1285 primo
2398 1217 2468 1270 sit
2492 1215 2710 1297 ~Unitas,
2743 1215 2938 1270 deinde
2977 1224 3031 1270 et
3062 1215 3219 1269 Pater
3241 1255 3256 1278 ,
3305 1223 3359 1270 et
3405 1215 3577 1269 Filius

2002 1318 2055 1362 et
2078 1306 2332 1376 Spiritus.
2364 1306 2502 1361 Nam
2533 1309 2576 1362 si
2611 1309 2729 1377 ipsa
2770 1307 2995 1361 dilatata
3027 1318 3134 1373 est,
3179 1321 3350 1376 seque
3401 1305 3576 1376 ipsam

2000 1400 2262 1466 extendit,
2286 1401 2404 1470 ipsa
2440 1416 2574 1456 sane
2605 1400 2771 1454 fuerit
2823 1400 2878 1454 id
2926 1401 3074 1470 quod
3135 1408 3421 1454 extensum
3469 1407 3572 1453 est.

2002 1492 2232 1547 Dilatata
2260 1493 2490 1562 proinde
2520 1491 2784 1560 Trinitas,
2819 1508 2928 1548 non
2951 1492 3186 1562 amplius
3237 1499 3322 1546 est
3356 1489 3572 1551 Unitas,

2001 1600 2123 1656 quae
2153 1594 2277 1639 cum
2313 1593 2458 1640 esset
2478 1583 2694 1650 Unitas,
2719 1586 2960 1640 nondum
2989 1583 3230 1639 Trinitas
3269 1593 3386 1639 erat
3415 1604 3429 1640 :
3465 1584 3575 1655 igi-

2004 1684 2090 1730 tur
2120 1691 2244 1730 cum
2268 1676 2394 1730 item
2438 1676 2595 1730 Pater
2632 1685 2802 1743 esset,
2857 1677 3099 1730 nondum
3157 1684 3277 1730 erat
3314 1675 3488 1730 Filius
3521 1685 3576 1730 et

325 1767 566 1836 παθητὸν
585 1769 744 1822 αὐτὸν
761 1768 993 1837 εἰσάγων
1008 1785 1022 1799 °
1040 1769 1092 1822 τί
1111 1769 1217 1837 γάρ
1235 1771 1350 1822 ἐστι
1372 1768 1729 1822 πλατύνεσθαι
1748 1771 1780 1840 ἢ
1799 1769 1879 1822 πάι

2001 1766 2390 1838 Spiritus,-qui
2412 1768 2582 1824 Pater
2630 1779 2921 1838 postquam
2956 1768 3059 1822 ista
3116 1768 3295 1822 factus
3323 1776 3426 1833 est,
3461 1783 3575 1821 non

323 1859 411 1922 θος
427 1861 522 1912 τοῦ
541 1861 964 1932 πλατυνομένου;
987 1862 1057 1914 Ἢ
1071 1862 1123 1914 τί
1145 1863 1258 1914 ἐστι
1275 1862 1334 1914 τὸ
1349 1861 1582 1915 πλατυνό
1589 1879 1746 1932 μενον
1759 1862 1891 1931 (79),

321 1951 438 2021 ἢτὺ
472 1953 734 2024 πρότερον
759 1952 832 2024 μὴ
882 1952 1135 2016 τοιοῦτον,
1173 1952 1308 2007 ἀλλὰ
1359 1954 1542 2006 στενὸν
1587 1953 1891 2023 τυγχάνον;

319 2043 513 2096 ταύτὸν
553 2045 661 2116 γάρ
694 2047 807 2098 ἐστι
835 2044 1010 2116 χρόνῳ
1051 2045 1207 2115 μόνον
1239 2045 1492 2115 διαφέρον
1525 2045 1717 2098 ἐαυτοῦ
1754 2045 1887 2116 (80),

1996 1860 2110 1929 jam
2141 1869 2354 1915 tantum
2410 1859 2574 1915 Pater
2598 1869 2704 1915 est.
2741 1859 2940 1916 Verum
2992 1876 3155 1916 nemo
3186 1862 3300 1916 haec
3333 1860 3532 1915 dixerit
3553 1899 3570 1921 ,

2001 1954 2107 2008 nisi
2133 1954 2227 2023 qui
2257 1968 2457 2023 corpus
2482 1952 2591 2008 Deo
2624 1954 2761 2009 false
2803 1953 3040 2024 aliingat.
3089 1969 3326 2024 eumque
3371 1952 3571 2022 patibi‘

1997 2044 2101 2098 lem
2127 2052 2379 2098 naturam
2416 2044 2618 2099 habere
2639 2044 2958 2100 arbitretur.
2985 2042 3128 2108 Quid
3158 2044 3302 2098 enim
3326 2054 3408 2098 est
3435 2043 3572 2099 dila-

323 2141 419 2192 tari
450 2154 617 2209 quam
646 2141 827 2208 passio
855 2155 949 2194 seu
978 2139 1193 2194 aﬂ‘ectio
1216 2140 1294 2194 rei
1331 2141 1600 2195 dilatata?
1628 2139 1724 2194 Vel
1752 2140 1879 2210 quid
1921 2147 2005 2194 est
2033 2154 2120 2193 res
2143 2139 2389 2202 dilatata,
2451 2155 2615 2209 quam
2665 2155 2787 2208 qua:
2835 2149 2997 2193 antea
3047 2153 3156 2192 non
3209 2139 3521 2209 hujusmodi
3548 2178 3565 2203 ,

317 2233 409 2287 sed
433 2243 716 2288 contracta
739 2233 897 2287 erat?
929 2232 1127 2287 Eadem
1156 2233 1354 2302 quippe
1393 2242 1494 2296 est,
1529 2233 1754 2303 soloque
1787 2232 2046 2302 temporis
2079 2233 2252 2300 spatio
2280 2248 2308 2286 a
2334 2233 2511 2301 seipsa
2534 2231 2732 2284 diﬂ‘ert.

388 2325 475 2377 M.
520 2324 689 2377 Τοῦτο
727 2325 820 2378 καὶ
851 2328 880 2377 6
918 2323 1059 2387 θεῖος
1089 2323 1344 2393 γινώσκει
1385 2324 1705 2388 Ἀπόστολος
1749 2325 1886 2396 πρὸς

315 2415 638 2486 Κορινθίους
687 2415 1012 2469 ἐπιστέλλων
1050 2433 1064 2446 ·
1124 2415 1222 2483 Μὴ
1293 2415 1761 2484 στενοχωρεῖσθε
1817 2417 1888 2469 ἐν

313 2507 491 2575 ἡμῖν·
529 2508 907 2571 πλατύνθητε
941 2505 1008 2559 δὲ
1037 2507 1134 2561 καὶ
1173 2505 1364 2576 ὑμεῖς,
1398 2508 1714 2575 Κορίνθιοι.
1750 2507 1887 2570 Τοὺς

313 2598 421 2668 γὰρ
448 2600 647 2660 αὐτοὺς
675 2598 783 2652 ἀπὸ
822 2598 1132 2669 στενότητος
1165 2601 1244 2662 εἰς
1274 2598 1588 2669 πλατυσμὸν
1625 2597 1888 2669 μεταϐάλ-

311 2685 424 2739 λειν
470 2686 849 2756 συμϐουλεύει.
886 2687 1096 2757 Ὥσπερ
1141 2687 1197 2740 δὲ
1239 2688 1288 2740 εἰ
1331 2687 1440 2758 (81)
1475 2687 1886 2758 ἐπλατύνθησαν

312 2775 476 2828 πάλιν
528 2775 804 2847 Κορίνθιοι
849 2777 944 2828 καὶ
991 2775 1524 2846 στενοχωρούμενοι,
1574 2777 1674 2829 οὐκ
1737 2776 1887 2830 ἄλλοι

309 2866 629 2938 ἐτύγχανον,
672 2867 805 2920 ἀλλὰ
843 2868 1004 2921 πάλιν
1035 2863 1173 2938 ἦσαν
1212 2868 1486 2939 Κορίνθιοι
1508 2886 1520 2897 ·
1567 2869 1736 2932 οὕτως
1775 2870 1822 2921 εἰ
1859 2871 1888 2922 6

311 2958 503 3027 Πατὴρ
537 2955 842 3027 ἐπλατύνθη
868 2957 947 3019 εἰς
968 2956 1192 3027 Τριάδα,
1219 2957 1252 3027 ἡ
1287 2956 1456 3028 Τριὰς
1490 2955 1650 3010 πάλιν
1684 2957 1829 3009 ἐστὶν
1857 2957 1885 3008 6

310 3047 504 3116 Πατὴρ
539 3046 718 3116 μόνος.
768 3046 839 3098 Τὸ
869 3047 1000 3100 αὐτὸ
1033 3045 1090 3098 δὲ
1131 3045 1294 3099 πάλιν
1337 3047 1533 3118 φησὶν,
1578 3049 1637 3104 Ἡ
1674 3048 1888 3116 καρδία

2063 2323 2152 2380 14.
2194 2322 2249 2376 ld
2278 2338 2384 2376 non
2404 2322 2692 2392 ignorabat
2715 2321 2934 2377 divinus
2960 2322 3255 2392 Apostolus
3281 2323 3376 2394 qui
3405 2324 3476 2386 ita
3503 2324 3571 2379 ad

1992 2413 2305 2470 Corinthios
2339 2414 2567 2470 scribit:
2628 2413 2749 2467 Non
2801 2416 3234 2484 coangustamini
3282 2417 3336 2468 in
3368 2416 3515 2470 nobis
3551 2433 3570 2471 :

1992 2507 2298 2561 dilatamini
2327 2522 2464 2571 vero,
2499 2515 2548 2559 et
2569 2522 2656 2560 vos
2686 2503 2950 2560 Corinthii
2975 2506 3038 2560 ⁸⁵.
3063 2505 3190 2560 111οε
3219 2507 3428 2562 scilicet
3451 2508 3571 2562 bor-

1991 2599 2208 2654 tabatur
2238 2608 2299 2652 ut
2347 2599 2415 2652 ab
2448 2575 2700 2668 angustia
2737 2598 2792 2651 in
2827 2597 3174 2652 latimdinem
3209 2613 3268 2652 se
3294 2596 3568 2653 transfer-

1993 2697 2135 2744 rent.
2166 2687 2234 2742 Ut
2285 2696 2464 2743 autem
2498 2688 2542 2743 si
2591 2691 2935 2759 coangustati
2979 2689 3294 2755 Corinthii,
3355 2688 3567 2744 dilatati

1992 2789 2179 2849 postea
2201 2789 2404 2843 essent,
2436 2794 2544 2833 non
2577 2780 2669 2834 alii
2709 2779 2871 2852 497
2904 2781 2998 2835 sed
3032 2780 3301 2834 Corinthii
3354 2796 3568 2850 semper

1993 2871 2264 2926 fuissent:
2299 2873 2368 2925 ita
2405 2872 2450 2926 si
2479 2870 2637 2926 Pater
2679 2873 2735 2926 in
2764 2871 3088 2926 Trinitatem
3136 2872 3394 2927 dilatatus
3437 2880 3564 2935 est,

1994 2971 2143 3018 certe
2172 2962 2413 3019 Trinitas
2444 2964 2593 3018 solus
2622 2979 2816 3019 rursus
2840 2974 2922 3019 est
2948 2964 3128 3018 Pater.
3169 2963 3314 3018 ldem
3367 2965 3564 3018 iterum

1989 3057 2082 3120 ait,
2103 3055 2207 3110 Cor
2235 3065 2472 3109 nostrum
2497 3056 2784 3110 dilatatam
2811 3065 2888 3110 est
2919 3056 2986 3111 “.
3006 3054 3120 3111 Noe
3139 3056 3268 3111 item
3297 3055 3449 3123 dicit,
3470 3040 3565 3110 ιῖξ-
3591 3093 3605 3112 .

307 3136 488 3207 ήμῶν-ι
541 3137 951 3191 πεπλάτυνται
987 3137 1099 3206 (82)
1128 3153 1141 3166 °
1178 3138 1270 3190 καὶ
1301 3139 1329 3190 6
1370 3136 1492 3190 Νῶε
1525 3137 1692 3206 λέγει,
1722 3141 1879 3191 Πλα-

1988 3144 2112 3199 latet
2138 3145 2276 3198 Deus
2307 3144 2500 3214 lup/tet
2534 3147 2602 3200 ⁸⁷.
2636 3144 2915 3216 Siquidem
2957 3147 3099 3201 idem
3139 3162 3255 3211 cor,
3310 3146 3564 3216 idemque

309 3232 482 3284 τύναι
519 3233 550 3282 ό
589 3230 734 3295 Θεὸς
755 3230 835 3294 τῷ
880 3229 1064 3298 Ἰάςρεθ
1087 3247 1100 3259 ·
1137 3231 1169 3301 ἡ
1203 3228 1339 3300 αὑτὴ
1361 3229 1468 3300 γὰρ
1495 3229 1689 3300 καρδία
1728 3230 1822 3284 καὶ
1855 3231 1882 3282 6

308 3322 471 3384 αὐτὸς
520 3321 698 3389 Ἰάφεθ
740 3322 886 3374 ἐστὶν
927 3324 984 3375 ἐν
1023 3321 1100 3390 τῷ
1128 3321 1450 3392 πλατυσμῷ.
1484 3323 1548 3375 Ei
1595 3324 1692 3393 μὲν
1726 3318 1815 3376 οὖν
1848 3326 1880 3394 ἡ

307 3413 493 3476 Μονὰς
551 3413 865 3477 ἐπλάτυνεν,
921 3413 1098 3476 ἄλλοις
1144 3413 1210 3468 ἂν
1251 3414 1545 3468 ἐπλάτυνεν
1571 3431 1584 3443 ο
1623 3417 1670 3468 εἰ
1700 3414 1755 3468 δέ
1787 3415 1882 3469 αὑ-

307 3503 374 3575 τὴ
399 3505 527 3574 ’(85)
572 3505 867 3559 ἐπλάτυνεν
906 3505 1041 3576 (84),
1084 3506 1219 3577 αὐτὴ
1256 3506 1321 3560 ἂν
1369 3507 1492 3579 εἴη,
1536 3508 1670 3579 ὅπερ
1713 3506 1880 3560 ἐπλα-

307 3594 494 3664 τύνθη.
527 3595 592 3647 Ti
625 3594 681 3648 δέ
702 3597 846 3648 ἐστιν
872 3595 904 3666 ἢ
933 3598 961 3649 ὁ
989 3595 1115 3660 Υἱὸς
1137 3598 1229 3650 καὶ
1258 3598 1482 3668 Πνεῦμα
1505 3599 1690 3667 ἆγιον;
1733 3599 1881 3671 Ἐρέ-

310 3685 430 3738 σθαι
474 3686 533 3738 δὲ
574 3686 684 3757 (85)
717 3687 878 3741 αὐτὸν
909 3687 1129 3741 τοιαῦτα
1169 3687 1416 3758 λέγοντα,
1462 3690 1623 3742 καλόν
1647 3705 1660 3718 ·
1716 3691 1812 3753 Τίς
1845 3692 1878 3762 ή

308 3777 558 3847 ἐνέργεια
583 3777 679 3830 τοῦ
717 3778 959 3832 τοιούτου
988 3779 1303 3850 πλαωσμοῦ
1330 3796 1343 3844 ;
1387 3781 1445 3851 ἢ,
1481 3781 1557 3843 ὡς
1595 3781 1682 3833 ἐπ’
1710 3781 1880 3851 αὐτῆς

299 3864 584 3937 -ὰληθέίας,
621 3866 709 3920 διὰ
739 3868 790 3920 τί
821 3867 958 3932 ὅλως
992 3868 1336 3941 ἐπλατύνθη;
1378 3869 1450 3922 Τὸ
1479 3869 1588 3940 γὰρ
1614 3869 1688 3940 μὴ
1715 3870 1874 3941 μένον

372 4001 418 4035 ⁵⁵
455 4000 499 4053 ll
529 4001 656 4058 Cor.
689 4020 762 4069 vr,
801 4004 885 4057 12.
961 4007 1008 4036 ³⁵
1046 4005 1177 4061 ibid.
1209 4007 1294 4060 11.
1372 4007 1418 4038 ⁵⁷
1457 4005 1592 4061 Gen.
1630 4023 1706 4074 ιι,
1734 4008 1823 4062 27.

366 4138 728 4219 (76)_Regius
753 4144 1355 4219 _et__Segueri_anus,)tat
1386 4149 1530 4219 Υξὶός.
1567 4148 1626 4204 In
1659 4151 1780 4207 aliis
1814 4160 1869 4208 et

299 4207 782 4288 editisﬁeestxai.
820 4207 1020 4288 lbid'etn
1056 4217 1186 4286 Reg.
1218 4207 1363 4288 'Seg.
1397 4207 1610 4274 Gobler.
1647 4223 1675 4274 6
1707 4207 1866 4286 αὐτὸς

300 4278 427 4348 ἄρα.
461 4280 652 4335 Caneri
685 4292 737 4337 et
771 4285 898 4339 editi
926 4287 953 4338 6
979 4278 1255 4341 omittunt.

1988 3245 2072 3291 est
2101 3235 2297 3306 Japhet
2336 3238 2389 3290 in
2414 3238 2750 3293 dilatatione.
2779 3237 2836 3292 Si
2860 3255 2989 3309 ergo
3028 3235 3226 3293 Unitas
3274 3238 3560 3301 dilatavit,

1988 3340 2051 3380 ea
2073 3341 2204 3380 sane
2227 3325 2388 3380 fuerit
2417 3327 2652 3396 idipsum
2675 3327 2822 3396 quod
2846 3329 3130 3381 dilatatum
3153 3335 3257 3382 est.
3277 3325 3416 3393 Quid
3431 3341 3562 3380 vero

1989 3417 2122 3471 illud
2147 3427 2224 3473 est
2257 3427 2452 3487 praeter
2482 3419 2682 3472 Filium
2727 3427 2780 3473 et
2816 3417 3082 3489 Spiritum
3111 3421 3406 3475 sanctum?
3437 3419 3558 3476 Non

1988 3510 2087 3565 abs
2117 3525 2176 3564 re
2203 3520 2383 3565 autem
2411 3511 2515 3565 erit
2567 3526 2689 3566 eum
2743 3513 2836 3582 qui
2871 3513 2944 3567 ita
2977 3513 3144 3567 sentit
3181 3513 3517 3583 interrogare
3539 3555 3558 3581 ,

1980 3601 2204 3670 quinam
2228 3602 2300 3656 sit
2323 3601 2640 3670 hujusmodi
2669 3601 3007 3659 dilatationis
3041 3604 3290 3669 effectus,
3336 3605 3422 3660 vel
3455 3620 3554 3674 po-

1978 3693 2090 3748 tius
2119 3693 2259 3764 (ipsa
2288 3693 2454 3749 veluti
2481 3710 2668 3750 coram
2697 3696 2972 3766 veritate),
3015 3711 3112 3750 cur
3159 3696 3386 3751 omnino
3415 3697 3554 3752 dila-

1982 3792 2093 3839 tata
2114 3783 2310 3840 Uuitas
2346 3785 2462 3842 sit?
2493 3786 2648 3852 Quod
2675 3787 2817 3842 enim
2852 3802 2964 3840 non
3011 3786 3153 3841 idem
3188 3797 3391 3853 manet,
3458 3788 3553 3843 sed

1979 3885 2168 3943 postea
2214 3873 2494 3940 dilatatur,
2535 3889 2758 3930 causam
2801 3875 2999 3929 habeat
3051 3889 3274 3930 necesse
3323 3885 3406 3931 est
3459 3892 3552 3945 per

2046 4155 2158 4226 (82)
2201 4155 2292 4211 Sic
2342 4173 2475 4213 mss.
2509 4167 2566 4212 et
2611 4157 2777 4213 editio
2825 4157 3256 4226 Commeliniana
3300 4165 3360 4211 ut
3394 4155 3545 4212 Scri-

1970 4225 2145 4296 pturaé
2189 4236 2386 4282 textus.
2419 4228 2599 4282 Editio
2649 4239 2828 4282 autem
2856 4227 3028 4282 Paris.
3062 4236 3116 4281 et
3142 4225 3358 4297 Colon.,
3393 4227 3549 4297 ὑμῶν

1971 4297 2294 4368 ἐπλατύνθη.
2326 4297 2452 4368 Mox
2501 4297 2700 4366 Regius
2725 4307 2777 4351 et
2808 4297 3193 4368 Seguierianus,
3220 4296 3297 4368 τῷ
3343 4296 3542 4366 meo.

369 4350 482 4436 (77)
523 4349 722 4436 Regius
745 4363 809 4436 ft
836 4353 1219 4436 Seguerianus,
1245 4361 1374 4430 παρ’
1397 4361 1562 4436 αὐτῷ.
1594 4361 1784 4436 Galeri
1811 4373 1864 4436 et

1988 4375 2027 4421 ιι
2054 4349 2108 4422 et
2138 4349 2299 4421 habet
2325 4349 2516 4422 Ver—sio
2542 4349 2908 4436 satisan:
2926 4349 3220 4436 meimei.
3253 4349 3413 4436 j'uxta
3435 4349 3546 4423 Hei

297 4419 469 4501 editi,
487 4419 830 4504 crap‘abrt'ov.
858 4419 1104 4504 Nannius
1132 4419 1343 4504 videtur
1371 4419 1589 4504 legisse,
1618 4434 1747 4504 παρ’
1766 4435 1863 4504 otia--

294 4489 374 4559 τῷ
404 4506 420 4517 -
446 4489 580 4544 ηεηι
620 4495 797 4557 vertit,
838 4495 978 4565 apud
1008 4495 1196 4565 Deum,
1229 4499 1325 4553 sed
1373 4489 1513 4556 male
1537 4522 1550 4555 :
1574 4489 1669 4558 hic
1702 4489 1862 4557 'enim

296 4557 571 4615 Sabellius
611 4562 900 4618 indicatur.

364 4629 495 4710 (78)
526 4629 614 4710 Sic
651 4631 781 4702 Reg.
819 4634 946 4710 Seg.
985 4634 1148 4710 Rasil.
1179 4645 1232 4691 et
1274 4638 1554 4710 Anglican.
1585 4641 1654 4694 At
1693 4641 1781 4695 alii
1810 4651 1864 4697 et

292 4700 659 4783 editiLArS-yov,
683 4700 960 4783 mendose.
993 4705 1166 4783 Faulo
1197 4719 1321 4777 post
1351 4700 1516 4765 Rasil.
1545 4721 1599 4765 et
1622 4712 1858 4783 Anglic.,

290 4769 555 4846 και-ξιον
565 4774 672 4846 Δκαὶ
700 4774 852 4841 ἅγιον
881 4775 1123 4846 Πνεῦμα.

363 4839 479 4916 (7-9)
523 4839 838 4916 SieRegius
866 4854 921 4899 et
948 4839 1331 4916 Seguerianus.
1352 4848 1420 4902 At
1444 4848 1497 4903 in
1529 4851 1648 4905 aliis
1669 4860 1724 4905 et
1744 4851 1857 4905 edi-

288 4911 362 5032 tids
375 4910 553 5033 adimis:
569 4912 648 5036 τῆ.
668 4910 890 4979 Ibidem,
909 4910 1046 4971 ante'
1061 4916 1342 4990 πρότερον,
1373 4916 1537 4974 Basil.
1571 4931 1625 4976 et
1643 4922 1852 4992 Anglic.

288 4997 318 5032 τ
543 4997 612 5034 un
641 5022 657 5036 .

285 4995 348 5032 το
375 4995 657 5036 οῐηιιιυηι.

357 5049 648 5127 (_8_0)_Reg.
683 5051 904 5127 Seguer.
939 5054 1105 5111 Basil.
1134 5057 1414 5127 Anglican.
1439 5059 1644 5114 addunt
1671 5060 1852 5127 μόνον,

281 5117 1200 5200 Goble_riatiti_s,_p.6vcp,_utrumqne
1221 5117 1406 5200 autem
1428 5130 1602 5200 abest
1632 5117 1701 5184 ab
1733 5117 1854 5186 aliis

279 5199 338 5268 ει
369 5189 564 5268 _e_dit_is.
616 5189 838 5268 Ibidem:
870 5193 1082 5268 Regius
1110 5189 1170 5251 et
1217 5195 1603 5268 Seguerianus,
1637 5201 1850 5254 ἐαυτοῦ.

281 5257 668 5336 (ξοὺιετὶειιιιε,
701 5264 868 5335 αὐτῷ.
894 5257 1085 5320 Caeter-i
1119 5275 1171 5320 et
1201 5257 1350 5331 ediii,
1376 5268 1560 5322 αὐτοῦ.
1591 5257 1723 5336 Quae
1753 5272 1856 5324 ibi-

278 5329 411 5410 dem
440 5342 765 5410 sequuntur,
892 5344 1110 5410 ex_s_ta_nt
1133 5337 1188 5390 in
1216 5329 1346 5407 Reg.
1383 5338 1506 5409 Seg.
1544 5329 1706 5395 Bzfsil.
1738 5341 1818 5394 An
1837 5370 1852 5381 -

277 5399 404 5485 glic.
451 5399 884 5485 et’Relekmnl,
907 5406 999 5460 ubi
1029 5405 1175 5485 Seg_.,
1204 5399 1628 5485 mavoxmgiﬁpes.
1659 5411 1851 5485 (ἔξει-επὶ

276 5484 424 5543 vero
441 5479 494 5524 et
520 5471 652 5526 editi
687 5475 768 5528 sic
799 5476 1016 5541 habent,
1039 5471 1208 5530 Τοῦτο
1228 5480 1321 5531 καὶ
1345 5471 1708 5543 ὅᾞπόστολος
1739 5483 1850 5533 Κο-

279 5538 861 5617 ρινθΞο-ιςλέπιςτέλλων
892 5538 1016 5617 ἔφη.
1051 5545 1424 5609 Goblerianus,
1453 5550 1603 5617 φησί.

279 5564 505 5608 ρινυιοις
533 5564 861 5627 ἐπιστελλων
892 5564 1038 5672 mage
1051 5564 1424 5609 uontertanus,
1453 5564 1603 5622 φησι.

274 5682 332 5732 εἰ
357 5609 836 5737 ἐπέαῗιὲιῆεειυε
878 5625 930 5672 et
1042 5617 1352 5686 guerianus.
1389 5620 1456 5700 At
1481 5620 1572 5674 alii
1602 5629 1656 5677 et
1697 5621 1846 5691 editi,

521 5699 634 5736 ιιηι.

1965 4461 2169 4515 braeum
2215 4469 2440 4524 textum,
2487 4445 2624 4520 nat“)
2659 4443 2838 4518 1:19.153
2872 4467 2997 4519 ηδτ.
3023 4457 3220 4512 Caneri
3251 4473 3379 4512 vero
3407 4473 3541 4513 mss.

1963 4539 2018 4584 et
2041 4531 2190 4593 editi,
2217 4532 2306 4584 τὸν
2336 4529 2744 4599 ἸάςρεθΝεηιὴι
2775 4545 2899 4599 cum
2938 4530 3098 4583 iidem
3134 4544 3257 4583 mox
3284 4529 3540 4592 habeant,

1963 4599 2142 4663 ἄλλοις
2163 4601 2228 4653 ἂν
2248 4598 2565 4668 ἐπλάτυνεν,
2602 4616 2733 4663 non,
2762 4598 2968 4661 ἄλλους·
3023 4600 3306 4667 legendum
3338 4599 3542 4653 idcirco

1961 4671 2039 4740 τῷ
2071 4669 2268 4739 Ἰάιρεθ.
2302 4671 2465 4726 Recte
2501 4681 2680 4726 tamen
2717 4685 2810 4738 per
2839 4671 3212 4740 accusativum
3241 4669 3484 4740 redditur
3518 4688 3532 4723 :

1962 4739 2109 4811 bime
2139 4743 2283 4811 enim
2313 4757 2502 4796 casum
2536 4742 2672 4811 regit
2695 4741 2918 4811 verbum
2942 4739 3313 4811 relativum,
3341 4739 3529 4811 dilato.

1961 4809 2162 4892 Ibidem
2199 4810 2400 4892 Regius
2431 4823 2484 4892 et
2519 4807 2968 4892 Segiuf‘irianusLi)
3010 4810 3146 4879 αὑτὴ
3179 4809 3286 4878 γὰρ
3316 4807 3531 4876 καρδία.

1960 4881 2145 4954 Aliiet
2174 4879 2326 4954 editi,
2355 4879 2733 4954 ήίαὺτοῦίγὰρ
2767 4879 2982 4950 καρδία.

2032 4950 2048 5020 (
2059 4951 2149 5013 85)
2191 4950 2330 5020 Lege
2355 4950 2540 5004 αὐτοῦ.

2030 5016 2142 5092 (84)
2181 5016 2499 5092 Basiliensis
2533 5030 2586 5074 et
2617 5022 2969 5090 Anglicanus,
3003 5021 3050 5072 εἰ
3080 5019 3153 5092 δὲΔ
3180 5016 3528 5092 τήν.-Οξειεινί

1957 5087 2089 5180 mss.
2120 5103 2172 5145 et
2204 5091 2369 5180 editio
2397 5087 2826 5180 (ξοηηιιειὶξιῖειιει
2867 5092 3069 5180 habent
3096 5087 3411 5180 saxei-5311‘
3426 5087 3526 5180 αύ-

1955 5165 2027 5242 τῇ
2052 5161 2357 5242 legendum,
2382 5170 2439 5214 ut
2472 5170 2628 5242 antea
2665 5163 2861 5231 legitur
2885 5158 2963 5228 τῷ
2997 5157 3195 5226 ’1ἁφεθ,
3223 5157 3301 5217 et,
3325 5157 3525 5239 ἄλλοις.

1955 5230 2155 5309 Ibidem
2188 5231 2354 5309 Basnl.
2386 5231 2826 5309 et_Angl‘t.canus,
2851 5228 2987 5309 αὕτη
3021 5227 3218 5309 ἂν-εῖη.
3247 5227 3406 5309 Forte
3429 5227 3529 5308 alio

1953 5310 2035 5355 ter
2064 5302 2208 5356 hunc
2234 5302 2412 5356 locum
2445 5297 2584 5370 legit
2604 5300 2871 5370 Nannius,
2901 5297 3059 5370 cujus
3089 5297 3202 5353 haec
3237 5297 3526 5370 estversio

1953 5379 2076 5439 post
2105 5373 2160 5423 ἐν
2189 5371 2267 5441 τῷ
2301 5367 2601 5441 πλατυσμῷ
2637 5389 2649 5422 :
2685 5369 2825 5438 Ergo
2872 5368 2920 5420 .ςὶ
2947 5367 3134 5441 Unitas
3167 5385 3237 5441 se
3257 5367 3524 5441 dilatat-it,

1952 5437 2133 5495 eadem
2156 5437 2316 5511 fuerit
2332 5441 2445 5510 jam
2469 5437 2720 5502 dilatata,
2745 5437 2860 5508 qua:
2879 5446 2997 5490 ante
3021 5437 3388 5491 dilatatiouem
3412 5437 3526 5506 fue-

1952 5521 2135 5650 raih5)
2178 5579 2267 5634 Sic
2295 5580 2422 5650 Reg.
2455 5589 2508 5632 et
2535 5577 2658 5650 ξος.
2696 5580 2764 5635 At
2791 5578 2880 5634 alii
2908 5589 2962 5634 et
2994 5579 3144 5646 editi,
3167 5576 3403 5649 ἔρεσθαι.
3434 5573 3524 5630 lu-

1951 5644 2039 5707 fra'
2061 5644 2287 5722 Re'gius,
2311 5644 2521 5720 ἀνάγκη
2547 5644 2650 5703 δεῖ.
