3944 6222
398 277 500 337 487

997 275 1054 332 S.
1097 272 1468 329 ATHANASII
1504 270 1654 328 OPP.
1699 269 1878 325 PARS
1915 268 1958 323 1.
2000 299 2068 310 -—
2106 267 2482 324 HISTORICA
2520 267 2607 320 ΕΤ
2647 265 3067 324 DOGMATICA.

3535 263 3642 320 488

401 413 564 470 quam
592 399 867 456 dilatetur.
907 399 967 452 Si
1006 411 1066 453 ut
1094 395 1334 454 Verbum
1365 406 1419 453 et
1447 395 1686 466 Spiritus
1716 408 1841 449 cum
1877 392 1965 446 illo

2078 392 2137 444 τὸ
2165 391 2314 456 αὐτὸ,
2353 390 2466 443 ἀλλ’
2513 389 2735 459 ὕστερον
2771 388 3205 458 πλατυνόμενον,
3243 384 3384 455 ἐχειν
3428 383 3644 454 ἀνάγκῃ

400 505 563 561 esset,
622 501 1012 565 praeposterum
1051 503 1135 548 est
1164 493 1345 547 dicere
1390 491 1707 555 Unitatem;
1756 485 1972 551 deinde,

401 587 681 642 dilatatam
712 602 852 642 esse.
875 584 986 640 Nec
1021 586 1168 640 enim
1220 585 1494 654 posterius
1520 594 1604 639 est
1637 581 1876 636 Verbum
1922 590 1977 635 et

405 676 659 746 Spiritus,
687 678 783 731 sed
815 690 1053 746 semper,
1086 690 1154 729 ne
1177 674 1425 729 videlicet
1449 673 1595 728 Deus
1635 673 1752 727 sine
1799 668 1974 723 Verbo

402 786 497 825 seu
532 770 744 824 ratione
764 783 885 824 esse
911 776 1156 838 putetur,
1189 767 1269 821 uti
1299 765 1544 821 sentiunt
1581 763 1796 818 Ariani.
1837 761 1978 827 Quo-

401 865 569 924 circa,
619 860 666 916 si
713 875 928 929 semper
979 858 1084 913 fuit
1115 857 1352 913 Verbum
1389 865 1443 912 et
1463 854 1725 925 Spiritus,
1759 867 1975 922 semper

399 968 619 1022 quoque
643 952 866 1006 dilatata
895 949 996 1004 fuit
1017 989 1032 1012 ,
1068 965 1174 1003 non
1208 957 1386 1002 autem
1418 945 1655 1016 primum
1702 944 1806 998 fuit
1836 942 1972 998 Uni-

399 1055 502 1100 tas.
537 1045 690 1112 Quod
722 1045 766 1098 si
794 1043 1063 1113 posterius
1087 1041 1314 1095 dilatata
1355 1051 1459 1106 est,
1499 1039 1775 1108 posterius
1808 1038 1974 1107 igitur

398 1149 482 1193 est
508 1137 771 1192 Verbum.
807 1135 864 1190 Si
909 1151 1039 1189 vero
1065 1140 1288 1202 pr0pter
1333 1132 1588 1186 humanae
1619 1140 1828 1184 naturae
1878 1143 1970 1183 as-

400 1229 764 1298 sumptionem
799 1227 1022 1281 dilatata
1060 1232 1164 1290 est,
1200 1231 1440 1292 tuncque
1493 1219 1640 1276 facta
1677 1231 1761 1274 est
1790 1218 1972 1272 Trini-

399 1329 523 1376 tas:
575 1321 740 1390 igitur
802 1327 926 1373 ante
981 1325 1232 1372 naturam
1294 1316 1590 1370 humanam
1631 1323 1969 1383 assumptam

398 1413 639 1468 nondum
672 1421 788 1466 erat
815 1411 1074 1466 Trinitas.
1103 1408 1238 1464 Inde
1263 1410 1391 1464 item
1418 1416 1679 1477 sequetur
1723 1416 1782 1460 ut
1817 1406 1973 1461 Pater

399 1520 530 1559 caro
562 1504 741 1559 factus
764 1504 852 1566 sit,
884 1503 931 1558 si
956 1518 1152 1572 nempe
1184 1501 1320 1571 ipse,
1352 1501 1444 1570 qui
1473 1498 1672 1554 Unitas
1700 1507 1839 1563 erat,
1872 1499 1973 1553 ho-

398 1593 598 1647 minem
632 1593 962 1648 assumendo
1005 1592 1265 1647 dilatatus
1297 1598 1417 1646 est:
1468 1589 1563 1661 qui
1594 1598 1648 1645 et
1684 1589 1829 1644 idem
1857 1587 1973 1644 for-

399 1686 561 1741 tassis
582 1684 771 1741 Unitas
802 1695 987 1756 postea
1013 1687 1136 1752 erit,
1176 1693 1230 1739 et
1262 1699 1414 1751 caro,
1449 1690 1524 1750 et,
1572 1682 1719 1752 quod
1750 1683 1969 1738 tertium

395 1785 498 1842 est,
527 1775 785 1847 Spiritus,
833 1778 878 1831 si
912 1791 1106 1846 nempe
1135 1777 1250 1846 ipse
1287 1783 1371 1830 est
1406 1775 1501 1846 qui
1536 1774 1793 1830 dilatatus
1838 1785 1965 1831 est:
2001 1763 2044 1819 Β

397 1883 460 1923 ac
491 1870 718 1939 proinde
744 1869 861 1923 solo
888 1869 1109 1923 nomine
1156 1866 1396 1923 Trinitas
1436 1866 1620 1922 futura
1651 1875 1754 1922 est.
1808 1866 1968 1934 Quod

397 1963 443 2017 si
468 1963 534 2016 ad
561 1962 854 2017 creandum
883 1961 1105 2015 dilatata
1139 1960 1383 2027 dicatur,
1422 1960 1477 2014 id
1522 1975 1743 2030 quoque
1781 1960 1970 2015 absur-

394 2054 524 2108 dum
551 2061 654 2108 est.
690 2052 832 2107 Fieri
863 2053 1008 2108 enim
1036 2061 1250 2123 poterat
1269 2062 1329 2107 ut
1356 2053 1472 2122 ipsa
1494 2067 1724 2106 manens
1749 2049 1965 2114 Unitas,

395 2146 580 2199 omnia
609 2144 861 2200 elIiceret.
879 2142 991 2200 Nec
1013 2145 1158 2200 enim
1186 2143 1506 2199 dilatatione
1531 2143 1810 2214 indigebat
1842 2142 1970 2198 Uni-

393 2240 501 2295 tas,
537 2247 637 2287 nec
672 2232 886 2286 inlirma
936 2241 1056 2287 erat
1085 2233 1403 2303 priusquam
1438 2234 1780 2288 dilataretur.
1829 2231 1968 2288 Nam

394 2323 691 2379 absurdum
719 2333 772 2380 et
797 2325 1023 2395 impium
1058 2333 1143 2380 est
1165 2325 1219 2379 id
1243 2326 1309 2381 de
1331 2327 1443 2381 Deo
1456 2327 1657 2381 sentire
1685 2335 1739 2381 et
1762 2327 1963 2382 dicere.

394 2415 552 2469 Aliud
588 2415 810 2485 insuper
835 2416 1130 2470 absurdum
1166 2416 1292 2471 inde
1318 2427 1705 2488 consequetur.
1741 2416 1797 2472 Si
1819 2419 1966 2473 enim

392 2522 576 2561 rerum
617 2519 920 2562 creatarum
981 2509 1153 2579 gratia
1211 2509 1435 2564 dilatata
1464 2517 1581 2577 est;
1634 2509 1680 2565 si
1725 2509 1964 2580 quandiu

391 2609 508 2652 erat
540 2596 754 2661 Unitas,
794 2600 957 2655 nullae
971 2606 1138 2655 erant
1161 2616 1249 2656 res
1280 2609 1515 2656 creatae:
1553 2617 1677 2656 cum
1719 2609 1840 2672 post
1869 2601 1969 2655 ab-

2074 484 2156 537 δεῖ
2176 484 2273 554 τὴν
2299 483 2499 546 αἰτίαν.
2524 482 2589 534 δι’
2618 482 2686 552 ἣν
2719 483 2812 535 καὶ
2849 478 3177 549 ὲπλατύνθη.
3217 479 3281 530 Et
3309 477 3408 548 μὲν
3437 473 3530 531 οὖν
3557 477 3647 530 ἶνα

2073 577 2245 645 Λόγος
2285 577 2378 628 καὶ
2420 573 2644 646 Πνεῦμα
2686 577 2816 645 συνῇ
2862 573 3031 643 αὐτῷ,
3073 570 3324 641 περιττὸν
3356 570 3417 622 τὸ
3443 569 3644 636 λέγειν,

2073 668 2258 731 Μονάς
2288 667 2419 738 (86)’
2443 663 2582 732 εἶτα,
2613 665 2936 736 ὲπλατύνθη.
2963 665 3038 718 Οὐ
3065 664 3173 736 γὰρ
3212 662 3437 734 ὕστερον
3475 660 3646 728 Λόγος

2074 762 2169 814 καὶ
2209 759 2451 831 Πνεῦμα,
2481 759 2595 814 ἀλλ’
2627 759 2736 822 ἀεὶ,
2785 759 2872 812 ἵνα
2903 756 2977 828 μὴ
3018 756 3209 823 ἄλογος
3253 757 3281 807 6
3329 753 3460 814 Θεὸς
3503 752 3647 805 κατά

2072 854 2198 916 τοὺς
2225 852 2550 924 Ἀρειανούς.
2585 852 2772 916 Ὥστε,
2796 853 2844 904 εί
2877 851 2964 904 ἀεὶ
2989 845 3058 920 ἦν
3078 849 3246 916 Λόγος
3274 846 3366 899 καὶ
3394 843 3643 914 Πνεῦμα,

2074 947 2161 999 ἀεὶ
2191 945 2420 998 πλατεῖα
2445 985 2460 1009 ,
2497 946 2591 997 καὶ
2625 945 2684 997 οὐ
2717 943 2933 1016 πρῶτον
2977 941 3181 1005 Μονάς.
3230 942 3293 993 Et
3324 939 3380 992 δὲ
3423 937 3646 1007 ὕστερον

2073 1037 2404 1108 ὲπλατύνθη,
2441 1035 2668 1106 ὕστερον
2701 1035 2796 1089 καὶ
2827 1034 3019 1104 Λόγος.
3055 1035 3116 1086 Εἰ
3154 1033 3210 1086 δὲ
3244 1029 3332 1084 διά
3362 1030 3460 1100 τὴν
3487 1030 3646 1080 ἐναν-

2073 1129 2353 1202 θρὼπησιν
2389 1130 2716 1200 ὲπλατύνθη,
2758 1131 2851 1182 καὶ
2896 1128 3086 1196 γέγονε
3121 1125 3244 1178 τότε
3291 1123 3498 1192 Τριὰς·
3539 1121 3648 1191 ἄρα

2074 1223 2180 1294 πρὸ
2215 1221 2316 1292 τῆς
2346 1221 2814 1293 ὲνανθρωπήσεως
2853 1217 3006 1272 οὔπω
3029 1212 3096 1287 ἦν
3125 1215 3314 1286 Τριάς.
3344 1213 3649 1282 Φανήσεται

2072 1316 2129 1369 δὲ
2161 1317 2189 1368 6
2212 1315 2404 1387 Πατὴρ
2435 1314 2546 1385 (87)
2576 1313 2672 1368 καὶ
2704 1310 2941 1382 γεγονὼς
2980 1308 3136 1380 σὰρξ,
3171 1309 3285 1377 εἴγε
3325 1305 3506 1367 αὐτὸς,
3534 1304 3652 1356 Μο-

2072 1409 2169 1472 νὰς
2200 1407 2298 1472 ὢν,
2328 1409 2385 1460 ὲν
2406 1407 2484 1477 τῷ
2515 1404 2785 1477 ἀνθρώπῳ
2811 1402 3114 1472 ὲπλατύνθη
3143 1417 3156 1430 ·
3184 1399 3279 1452 καὶ
3301 1399 3441 1468 τάχα
3463 1395 3650 1449 λοιπὸν

2072 1495 2256 1560 Μονὰς
2279 1495 2432 1549 ἔσται
2460 1497 2556 1549 καὶ
2590 1494 2748 1566 σάρξ,
2775 1493 2892 1556 καὶ,
2924 1492 2984 1546 τὸ
3011 1491 3214 1562 τρίτον,
3244 1488 3500 1557 Πνεῦμα·
3531 1484 3649 1552 εἴγε

2073 1590 2234 1653 αὐτὸς
2260 1587 2596 1658 ιῖῑπλατύνθη⁸
2626 1587 2778 1640 ἔσται
2809 1586 2865 1639 δὲ
2890 1585 2984 1640 καὶ
3013 1580 3235 1654 ὀνόματι
3269 1580 3428 1653 μόνον
3456 1579 3644 1650 Τριόις.

2074 1683 2138 1734 Εἰ
2166 1682 2222 1735 δὲ
2250 1681 2336 1735 διὰ
2357 1682 2416 1734 τὸ
2445 1681 2626 1734 κτίσαι
2658 1678 2990 1749 ὲπλατύνθη,
3022 1679 3241 1733 ἄτοπον.
3275 1673 3507 1727 Δυνατὸν
3539 1669 3647 1741 γὰρ

2072 1771 2161 1846 ἦν,
2185 1775 2281 1829 καὶ
2306 1774 2526 1829 Μονάδα
2555 1773 2821 1846 μένουσαν
2857 1771 3025 1842 αὐτὴν
3057 1771 3190 1839 (88),
3221 1768 3401 1822 πάντα
3431 1765 3605 1818 ποιεῖν
3629 1779 3642 1792 ·

2075 1867 2136 1920 οὐ
2170 1866 2278 1939 γάρ
2311 1866 2495 1938 ἐνδεὴς
2519 1861 2588 1937 ἦν
2610 1863 2927 1934 πλατυσμοῦ
2957 1865 2990 1934 ὴ
3032 1862 3236 1926 Μονὰς,
3271 1859 3392 1913 οὐδὲ
3417 1856 3646 1925 ἀσθενὴς

2074 1955 2143 2030 ἦν
2175 1960 2281 2031 πρὸ
2310 1958 2418 2030 (89)
2448 1958 2542 2013 τοῦ
2576 1956 2968 2026 πλατυνθῆναι.
3007 1956 3240 2006 Ἄτοπον
3265 1950 3374 2022 γὰρ
3403 1950 3498 2002 καὶ
3516 1949 3645 2000 ἀσε-

2077 2051 2171 2115 ϐὲς
2203 2051 2359 2103 τοῦτό
2395 2067 2459 2118 γε
2492 2050 2585 2102 ἐπὶ
2614 2047 2749 2101 Θεοῦ
2779 2049 2919 2102 νοεῖν
2963 2046 3056 2098 καὶ
3087 2045 3284 2113 λέγειν.
3329 2038 3647 2109 ’Λκολουθή-

2079 2157 2160 2194 σει
2195 2140 2252 2193 δὲ
2286 2140 2380 2193 καὶ
2415 2139 2542 2192 ἄλλο
2583 2138 2802 2193 ἄτοπον.
2843 2138 2906 2191 Εἰ
2941 2135 3050 2207 γὰρ
3086 2132 3198 2206 (90)
3229 2132 3318 2187 διά
3347 2133 3445 2204 τὴν
3471 2130 3648 2183 κτίσιν

2075 2232 2405 2304 ὲπλατύνθη,
2438 2232 2544 2296 ἓως
2572 2232 2628 2285 δὲ
2650 2231 2832 2296 Μονὰς
2851 2226 2942 2300 ἦν,
2965 2229 3066 2283 οὑκ
3083 2223 3152 2300 ἦν
3184 2229 3218 2298 ἡ
3248 2226 3424 2289 κτίσις
3446 2243 3458 2254 ·
3485 2224 3648 2277 πάλιν

2073 2325 2130 2379 ὸὲ
2162 2326 2273 2397 (91)
2305 2325 2456 2378 ἔσται
2500 2324 2636 2396 μετὰ
2677 2322 2775 2395 τὴν
2808 2322 3118 2376 συντέλειαν
3157 2319 3342 2382 Μονὰς
3371 2317 3479 2372 ἀπὸ
3509 2315 3648 2369 πλα-

2073 2415 2281 2488 τυσμοῦ
2311 2433 2325 2446 ο
2359 2414 2785 2486 ἀναιρεθήσεται
2833 2413 2928 2468 καὶ
2970 2415 3004 2484 ή
3057 2411 3252 2474 κτίσις.
3288 2409 3498 2480 Ὥσπερ
3542 2407 3650 2478 γὰρ

2072 2507 2163 2560 διὰ
2201 2508 2262 2560 τὸ
2303 2506 2483 2561 κτίσαι
2555 2503 2862 2576 ὲπλατύνθη
2887 2543 2904 2570 ,
2961 2501 3139 2556 οὕτω·
3195 2498 3504 2570 παυομένου
3555 2494 3649 2550 τοῦ

2074 2597 2411 2670 πλατυσμοῦ,
2444 2597 2711 2651 παύσεται
2745 2596 2838 2650 καὶ
2863 2597 2897 2667 ἡ
2932 2594 3130 2658 κτίσις.

391 2695 627 2749 solutam
682 2696 1041 2760 creationem,
1069 2713 1261 2753 rursus
1294 2712 1326 2751 e
1370 2683 1596 2751 dilatata
1640 2696 1757 2751 ﬁeri
1803 2697 1999 2752 debeat
2035 2692 2271 2762 Unitas;
2309 2695 2497 2764 utique
2548 2691 2875 2746 delebuntur
2920 2703 3140 2760 quoque
3177 2701 3265 2742 res
3328 2695 3543 2740 creatae.
3581 2677 3652 2734 Ut

391 2791 537 2844 enim
560 2793 784 2846 creandi
806 2807 971 2846 causa
993 2793 1219 2848 dilatata
1243 2803 1346 2859 est;
1375 2793 1448 2847 ita
1471 2808 1594 2848 cum
1612 2793 1835 2849 dilatata
1851 2808 1975 2849 esse
2014 2792 2248 2856 desinet,
2283 2790 2549 2846 exsistere
2577 2788 2830 2845 similiter
2847 2787 3100 2842 desinent
3124 2799 3214 2840 res
3243 2789 3456 2838 creatae.

465 2885 553 2938 15.
586 2883 710 2938 Haec
735 2884 918 2954 itaque
947 2886 1184 2941 absurda
1212 2902 1280 2940 ex
1302 2887 1393 2940 illa
1416 2888 1662 2943 orientur
1687 2888 1963 2959 Opinione,

392 2989 499 3043 qua
531 2971 724 3028 Unitas
752 2974 810 3028 in
855 2973 1177 3031 Trinitatem
1224 2976 1439 3031 dilatari
1483 2977 1701 3034 dicitur.
1735 2977 1965 3044 Quando

317 3065 329 3078 '
395 3077 522 3116 vero
552 3063 644 3132 qui
698 3064 771 3118 ita
802 3063 1066 3129 sentiunt,
1097 3063 1335 3119 Verbum
1365 3074 1420 3120 et
1471 3065 1670 3120 Filium
1725 3067 1968 3122 dividere

1995 3108 2042 3170 C

2148 2887 2235 2941 15.
2269 2886 2506 2940 Τοιαῦτα
2535 2885 2633 2955 μὲν
2655 2878 2748 2937 οῦν
2774 2882 2950 2936 ἄτοπα
2971 2882 3035 2935 ἐκ
3055 2880 3149 2934 τοῦ
3177 2875 3538 2932 πλατύνεσθαι
3562 2873 3652 2927 λέ-

2071 2996 2188 3050 γειν
2222 2979 2301 3042 είς
2328 2977 2535 3049 Τριάδα
2563 2977 2661 3049 τὴν
2701 2975 2919 3031 Μονάδα
2961 2973 3280 3043 ἀπαντήσει.
3343 2966 3559 3038 Ἐπειδὴ
3594 2966 3654 3020 δὲ

2072 3071 2122 3124 οι
2154 3068 2266 3142 (92)
2300 3069 2457 3122 τοῦτο
2499 3069 2754 3137 λέγοντες
2798 3064 3038 3137 τολμῶσι
3086 3063 3312 3134 διαιρεῖν
3342 3060 3514 3128 Λόγον
3561 3058 3654 3110 καὶ

393 3152 614 3220 audent,
643 3155 1090 3224 contenduntque
1113 3156 1261 3209 aliud
1287 3171 1408 3211 esse
1437 3155 1697 3224 Verbum,
1721 3167 1777 3214 et
1800 3159 1965 3213 alium

2078 3162 2200 3215 Υίὸν
2223 3201 2238 3225 ,
2275 3161 2369 3214 καὶ
2400 3161 2579 3229 λέγειν
2613 3159 2770 3214 ἄλλον
2803 3157 2900 3229 μὲν
2935 3151 3076 3211 εἶναι
3102 3153 3394 3220 τὸν.Λόγον
3418 3190 3432 3214 ,
3464 3149 3653 3219 ἕτερον

395 3239 633 3308 Filium,
665 3242 819 3312 prius
851 3242 1092 3298 Verbum
1145 3260 1286 3310 esse,
1327 3245 1521 3302 deinde
1574 3246 1773 3302 Filium
1803 3265 1817 3302 :
1849 3265 1966 3319 age,

392 3333 499 3388 ista
527 3349 763 3405 quoque,
798 3335 844 3390 si
879 3336 1078 3406 placet,
1111 3338 1528 3407 perpendamus.
1584 3337 1749 3396 Varia
1783 3351 1966 3397 autem

398 3426 616 3480 illorum
651 3435 737 3482 est
787 3428 1086 3483 temeritas.
1134 3428 1241 3484 Alii
1291 3431 1436 3486 enim
1474 3431 1773 3495 hominem,
1805 3449 1969 3504 quem

402 3519 652 3574 Salvator
679 3521 997 3590 assumpsit,
1021 3520 1220 3576 Fiiium
1244 3538 1366 3579 esse
1388 3524 1579 3579 volunt
1602 3543 1616 3580 :
1640 3525 1731 3579 alii
1755 3533 1971 3580 utrum-

396 3627 526 3682 que,
559 3626 754 3681 nempe
785 3612 1061 3668 hominem
1101 3623 1154 3669 et
1187 3611 1443 3678 Verbum,
1490 3627 1620 3670 tunc
1647 3614 1844 3670 Filium
1887 3615 1971 3671 fa-

391 3711 540 3756 ctum
586 3700 760 3757 fuisse
809 3711 1022 3770 putant,
1077 3719 1203 3759 eum
1240 3704 1385 3760 inter
1432 3719 1492 3760 se
1543 3705 1781 3776 copulati
1817 3717 1964 3763 sunt.

391 3795 498 3849 Alii
531 3801 713 3849 autem
755 3794 1089 3850 arbitrantur
1121 3797 1300 3865 ipsum
1328 3794 1568 3852 Verbum
1603 3807 1733 3854 tunc
1762 3797 1965 3854 Filium

392 3887 598 3941 factum
644 3901 786 3952 esse,
845 3901 972 3941 eum
1022 3887 1187 3942 homo
1223 3886 1399 3943 factus
1431 3897 1557 3944 est:
1587 3886 1872 3960 Siquidem
1899 3906 1962 3946 ex

393 3974 595 4042 Verbo,
633 3975 910 4046 inquiunt,
940 3975 1116 4031 factus
1144 3985 1230 4032 est
1281 3976 1474 4045 Filius,
1517 3980 1611 4048 qui
1640 3991 1799 4035 antea
1856 3995 1968 4034 non

391 4066 596 4133 Filius,
642 4069 735 4123 sed
776 4069 1041 4123 duntaxat
1077 4067 1311 4124 Verbum
1343 4079 1478 4125 erat.
1533 4070 1706 4126 Porro
1740 4080 1970 4142 uterque

392 4180 546 4220 error
581 4166 894 4220 Stoicorum
926 4174 1029 4230 est,
1069 4182 1180 4237 quo
1209 4176 1264 4222 et
1297 4167 1438 4224 Deus
1481 4167 1696 4222 dilatari
1744 4169 1966 4236 dicitur,

389 4267 445 4312 et
473 4256 644 4311 Filius
670 4256 836 4329 498
861 4267 1108 4329 negatur.
1141 4257 1313 4314 Valde
1341 4271 1523 4314 autem
1554 4260 1688 4315 illud
1722 4261 1967 4332 ineptum

393 4359 478 4405 est
523 4351 687 4420 quod,
741 4365 867 4404 cum
901 4347 1143 4404 Verbum
1192 4359 1492 4420 agnoscant
1543 4360 1597 4406 et
1630 4353 1960 4418 nominent,

2069 3255 2127 3308 δὲ
2157 3253 2248 3306 τὸν
2276 3252 2426 3315 Υἱὸν,
2455 3253 2551 3305 καὶ
2577 3250 2842 3324 πρότερον
2879 3247 2976 3320 μὲν
3006 3243 3144 3300 εἶναι
3174 3245 3265 3298 τὸν
3295 3244 3486 3312 Λόγον,
3534 3236 3655 3294 εἶτα

2070 3345 2162 3400 τὸν
2191 3344 2318 3398 Υἱόν
2358 3343 2470 3414 (95)
2495 3359 2507 3370 ’
2528 3342 2661 3412 φέρε
2679 3381 2694 3405 ,
2723 3340 2819 3394 καὶ
2845 3339 2976 3412 περὶ
2997 3337 3204 3390 τούτων
3237 3336 3457 3406 ἴδωμεν.
3497 3333 3653 3386 Ἔστι

2070 3437 2126 3491 δὲ
2154 3437 2358 3491 τούτων
2389 3435 2645 3507 διάφορος
2675 3435 2710 3504 ὴ
2745 3433 2940 3503 τόλμα.
2969 3432 3033 3484 Οί
3060 3430 3164 3502 μὲν
3195 3428 3304 3498 γὰρ
3332 3427 3421 3480 τὸν
3444 3425 3654 3498 ἀνθρω-

2071 3546 2206 3595 πον,
2247 3529 2305 3583 ὃν
2338 3525 2597 3582 ἀνέλαϐεν
2623 3527 2651 3578 6
2675 3524 2864 3596 Σωτὴρ
2883 3563 2898 3590 ,
2927 3522 3087 3577 αὐτὸν
3119 3516 3258 3575 εἶναι
3287 3519 3379 3573 τὸν
3411 3519 3538 3571 Υἱὸν
3565 3517 3655 3571 λέ-

2070 3636 2258 3689 γουσιν
2277 3636 2291 3650 ·
2320 3619 2371 3672 οἱ
2395 3619 2451 3672 δὲ
2473 3617 2534 3670 τὸ
2569 3616 2995 3688 συναμφότερον,
3022 3614 3113 3667 τόν
3152 3630 3212 3666 τε
3247 3611 3534 3682 ἄνθρωπον
3559 3610 3654 3664 καὶ

2069 3712 2145 3764 τὸκ
2193 3711 2387 3779 Λόγον,
2420 3709 2548 3763 Υἱὸν
2580 3708 2702 3762 τότε
2739 3705 3222 3778 γεγενῆσθαι,.ὄτε
3279 3702 3649 3775 συνήφθησαν.

2075 3802 2259 3856 ’Ἄλλοι
2288 3801 2345 3856 δέ
2368 3803 2506 3854 εἰσιν
2529 3802 2579 3854 ot
2599 3799 2866 3866 λέγοντες,
2890 3797 3055 3852 αὑτὸν
3081 3797 3172 3850 τὸν
3191 3796 3364 3865 Λόγον
3378 3795 3502 3847 τότε
3524 3792 3652 3846 Υἱὸν

2070 3893 2417 3964 γεγενῆσθαι,
2438 3894 2527 3946 ὅτε
2544 3891 2700 3962 ὲνηνθ
2709 3889 2983 3963 ρώπησεν·
3016 3889 3148 3944 Ἀπὸ
3163 3889 3270 3960 γὰρ
3280 3887 3476 3956 Λόγου,
3495 3887 3649 3956 φασὶ,

2070 3986 2290 4055 γέγονεν
2324 3985 2474 4049 Υἱὸς,
2500 3987 2603 4039 οὐκ
2629 3985 2709 4040 ὢν,
2735 3984 2998 4056 πρότερον
3018 3983 3167 4047 Υἱὸς,
3201 3981 3337 4036 ἀλλά
3358 3981 3530 4050 Λόγος
3559 3981 3653 4051 μό-

2071 4093 2180 4130 νον.
2239 4076 2454 4140 Στωϊκὰ
2487 4075 2584 4146 μὲν
2624 4071 2718 4129 οῦν
2755 4076 3068 4147 ἀμφότερα,
3103 4073 3164 4128 τό
3193 4089 3254 4126 τε
3287 4071 3651 4126 πλατύνεσθαι

2070 4167 2250 4236 λέγειν
2273 4167 2364 4220 τὸν
2389 4167 2541 4233 Θεὸν,
2566 4167 2659 4220 καὶ
2686 4165 2966 4238 ἀρνεῖσθαι
2985 4165 3079 4218 τὸν
3107 4165 3255 4219 Υίόν.
3278 4163 3437 4217 Κατὰ
3465 4179 3654 4232 περιτ-

2070 4259 2160 4313 τὸν
2190 4259 2246 4312 δὲ
2272 4259 2498 4329 ἀνόητον
2517 4300 2532 4324 ,
2563 4260 2645 4313 ὅτι
2665 4297 2681 4323 ,
2701 4323 2709 4330 _
2733 4257 3089 4329 ὀνομάζοντες
3114 4254 3286 4324 Λόγον
3306 4295 3320 4318 ,
3359 4254 3653 4326 ἀρνοῦνται

2071 4352 2231 4407 αὑτὸν
2270 4352 2400 4406 Υἱὸν
2427 4347 2588 4406 εἶναι.
2622 4353 2686 4405 Εἰ
2715 4352 2813 4423 μὲν
2846 4350 2954 4422 γὰρ
2978 4351 3079 4404 οὐκ
3123 4348 3270 4402 ἔστιν
3296 4350 3361 4403 ὲκ
3389 4347 3485 4401 τοῦ
3515 4349 3652 4402 Θεοῦ

394 4443 572 4512 ipsum
603 4441 800 4496 Filium
823 4456 945 4497 esse
968 4440 1292 4496 inﬁtiantur.
1321 4441 1614 4498 Enimvero
1644 4443 1690 4498 si
1719 4441 1959 4499 Verbum

2078 4445 2097 4497 5
2126 4443 2320 4512 Λόγος,
2351 4443 2576 4506 εἰκότως
2600 4442 2666 4496 ἂν
2697 4442 2859 4496 αὐτὸν
2885 4443 3131 4511 ἀρνοῖντο
3150 4434 3291 4494 εἶναι
3320 4439 3450 4493 Υίόν
3473 4457 3486 4470 ·
3519 4441 3570 4492 εἰ
3597 4440 3654 4493 δὲ

391 4549 459 4588 ex
491 4532 602 4589 Deo
652 4548 760 4589 non
805 4541 972 4600 esset,
1024 4534 1169 4590 haud
1218 4534 1492 4590 immerito
1542 4535 1722 4606 ipsum
1768 4535 1965 4592 Filium

391 4642 515 4682 esse
541 4640 818 4698 negarent.
839 4625 909 4681 At
939 4626 986 4682 si
1009 4641 1077 4682 ex
1097 4627 1209 4681 Deo
1231 4634 1334 4693 est,
1361 4643 1460 4682 cur
1486 4641 1594 4681 non
1625 4629 1967 4698 perspiciunt

390 4716 466 4779 id,
501 4715 648 4786 quod
670 4731 736 4770 ex
764 4716 948 4784 aliquo
971 4717 1217 4782 exsistit,
1249 4715 1422 4771 ﬁlium
1451 4715 1572 4786 ejus
1601 4733 1725 4773 esse
1747 4735 1816 4774 ex
1838 4735 1948 4790 quo

388 4807 514 4861 est?
553 4805 775 4869 Deinde,
799 4807 844 4860 si
886 4804 1043 4860 Verbi
1072 4805 1212 4860 Deus
1247 4804 1407 4860 Pater
1453 4816 1556 4868 est,
1592 4806 1785 4876 quidni
1823 4805 1964 4862 Ver-

465 5033 572 5106 ί86)
611 5030 933 5106 Regius_et_
960 5029 1346 5106 Seguerianus,
1398 5030 1790 5106 Μονάς-εἶτα,
1819 5041 1949 5102 ete.,

389 5095 590 5172 puncto
611 5095 763 5174 inter
791 5101 974 5166 Μονάς
1004 5095 1060 5157 εἷ
1087 5095 1208 5174 εἶτα
1253 5095 1591 5174 interposito.
1620 5105 1722 5158 Alii
1749 5095 1804 5161 et
1835 5095 1950 5160 edi;

390 5168 450 5246 i_i,
481 5173 665 5246 Μονὰς
702 5168 1009 5246 -είταγλειεη
1036 5168 1413 5246 coniunctim:
1427 5172 1597 5246 Paulo
1644 5184 1773 5246 post
1817 5175 1949 5246 Reg.

392 5243 515 5314 Seg.
541 5253 594 5314 et
619 5242 801 5314 Gobl.,
820 5242 1012 5314 ἄλογος
1026 5242 1235 5314 ὁΑΘεός.
1252 5243 1356 5298 Alii
1382 5253 1436 5296 et
1465 5245 1592 5297 editi
1617 5242 1947 5314 demittunt.

390 5311 521 5385 Ibid.
555 5313 685 5385 Reg.
709 5313 834 5385 Seg.
865 5312 1214 5385 Gobl.rB_asil.
1244 5322 1298 5368 et
1326 5314 1635 5384 Anglican.,
1667 5311 1735 5385 ἦν
1753 5315 1947 5383 Λόγος.

389 5382 579 5454 (ἔπιεξί
607 5378 661 5454 et
691 5378 847 5454 editi,
867 5378 936 5454 ἦν
960 5384 988 5435 6
1019 5383 1209 5451 Λόγος.

2074 4537 2138 4588 ὲκ
2161 4534 2256 4588 τοῦ
2279 4533 2412 4588 Θεοῦ
2442 4537 2576 4599 ἐστι,
2598 4535 2686 4588 διὰ
2712 4533 2766 4587 τί
2790 4533 2864 4605 μὴ
2888 4532 3204 4606 συνορῶσιν,
3226 4534 3307 4586 ὅτι
3331 4531 3392 4584 τὸ
3421 4532 3485 4586 ἐκ
3511 4549 3654 4596 τινος

2074 4628 2316 4699 ὑπάρχον
2349 4628 2463 4690 υἱός
2507 4629 2653 4682 ἐστιν
2688 4627 2896 4681 ἐκείνου
2918 4667 2931 4689 ,
2981 4626 3040 4693 ἐξ
3069 4618 3130 4679 οὗ
3167 4626 3262 4680 καὶ
3290 4624 3470 4691 ἔστιν;
3518 4620 3654 4678 Εἶτα

2072 4723 2120 4773 εί
2160 4717 2256 4772 τοῦ
2293 4720 2464 4788 Λόγου
2497 4720 2690 4790 Πατήρ
2717 4721 2862 4772 ἐστιν
2907 4721 2936 4771 6
2967 4716 3133 4781 Θεὸς,
3171 4718 3260 4770 διὰ
3291 4718 3344 4770 τί
3377 4717 3452 4788 μὴ
3485 4717 3582 4771 καὶ
3629 4721 3656 4772 6

2072 4811 2243 4879 Λόγος
2278 4811 2402 4874 Υἱὸς
2435 4809 2500 4864 ἂν
2546 4810 2633 4880 εἴη
2664 4809 2760 4864 τοῦ
2789 4809 2982 4863 ἑαυτοῦ
3013 4809 3258 4882 Πατρός;
3313 4809 3505 4881 Πατὴρ
3545 4809 3655 4881 γὰρ

2067 5054 2256 5182 ἤδῖὲὄῇ
2299 5105 2391 5162 Sic
2437 5124 2569 5164 mss.
2625 5107 2684 5163 In
2735 5108 2974 5164 editione
3025 5117 3204 5163 autem
3237 5107 3501 5162 Commel.
3544 5109 3652 5182 πρό

2065 5175 2239 5231 deest.

2135 5247 2249 5316 (90)
2286 5249 2400 5320 Γάρ
2426 5250 2580 5304 abest
2602 5265 2632 5304 λ
2668 5249 2833 5305 Basil.
2863 5259 2918 5305 et
2947 5249 3282 5320 Anglicano;
3315 5249 3407 5318 qui
3431 5249 3648 5320 Anglic.

2061 5317 2531 5392 mox_habet,_xal.
2561 5320 2635 5383 ὡς
2669 5320 2943 5392 δὲγΜονὰς
2970 5317 3058 5392 ἧνζ

2133 5389 2265 5462 (θέλ
2289 5389 2380 5462 Sic
2404 5389 2608 5459 Regius
2634 5400 2688 5445 et
2717 5389 3092 5462 Seguerianus
3119 5389 3323 5462 aliique
3351 5405 3487 5462 mss.
3516 5405 3650 5460 prm-

460 5452 572 5531 ς87)
609 5451 700 5507 Sic
725 5451 924 5522 Regius
945 5455 1116 5508 codex
1139 5464 1194 5509 et
1217 5452 1605 5525 Seguerianus.
1627 5454 1696 5508 At
1714 5455 1803 5510 alii
1826 5470 1951 5511 cum
2061 5451 2148 5513 ter
2178 5451 2416 5514 Felckm.
2487 5451 2704 5515 Fimum.
2738 5451 2952 5516 Invaliis
2976 5470 3029 5514 et
3056 5461 3218 5514 editis
3234 5451 3403 5514 'deest
3423 5460 3503 5513 δέ.

462 5531 568 5583 Itis,
605 5525 698 5575 καὶ
723 5523 781 5576 δὲ
804 5523 833 5573 6
862 5523 1070 5585 Πατήρ.
2131 5527 2240 5585 (92)
2279 5529 2410 5585 Rea.
2444 5476 2569 5585 £62.
2605 5540 2659 5584 et
2687 5532 2923 5585 Anglic“
2943 5530 3157 5585 Ἐπειδὴ
3193 5531 3251 5584 δὲ
3274 5531 3347 5583 οἱ.
3380 5531 3503 5585 (iam

388 5520 568 5594 editis,
605 5525 698 5594 καὶ
723 5523 781 5594 ῥὲ
804 5520 1070 5594 ὂ-ΔΠατήρ,

465 5591 574 5659 (88)
603 5590 1034 5665 _Sie_Basiliensi's'
1055 5602 1108 5648 et
1133 5594 1462 5665 Anglicanus
1487 5605 1647 5665 atque
1672 5595 1744 5650 ita
1765 5610 1952 5650 emen-

465 5613 574 5659 ιοο)
614 5613 703 5645 me
723 5613 1034 5648 DasuleﬂSIS
1055 5613 1108 5648 et
1133 5613 1211 5648 an
1254 5613 1462 5652 ucanus
1487 5613 1647 5665 atque
1672 5613 1744 5650 tta
1765 5613 1947 5650 emen-

391 5657 577 5736 datum
602 5662 654 5715 in
687 5661 960 5745 liegio.‘A_t.
983 5664 1074 5746 alii
1102 5675 1155 5744 et
1179 5613 1342 5749 egitio
1369 5666 1947 5752 gom_m§littiatra,lpev

2131 5527 2424 5602 (oarneg.
2444 5527 2569 5599 διες.
2605 5540 2659 5584 et
2687 5532 2923 5602 Anglic.,
2943 5530 3158 5602 Ἐπειδὴ
3193 5531 3251 5584 δὲ
3274 5531 3347 5583 οἱ.
3380 5530 3576 5586 Caeteri
3595 5537 3651 5587 et

2058 5599 2208 5660 editi.
2222 5599 2380 5654 Ἔπεϊ
2406 5601 2462 5653 δὲ
2497 5604 2567 5656 οἱ.

2129 5668 2239 5740 (95)
2281 5671 2593 5726 Basiliensis
2627 5682 2678 5727 et
2710 5672 3065 5743 Anglicanus,
3097 5667 3214 5724 εἶτα
3240 5669 3298 5724 δὲ
3329 5670 3422 5725 τὸν
3457 5669 3610 5730 Υἱὸν.
