3944 6222
308 261 416 322 489

1429 266 1689 324 ORATIO
1727 268 1794 323 iV
1833 268 2111 327 CONTRA
2149 270 2472 332 ARIANOS.

3452 260 3577 340 tao'

303 377 387 439 ei;
416 377 533 428 ἐστι
568 374 659 430 καὶ
689 375 942 446 λέγεται,
968 373 1029 434 οὗ
1060 380 1207 434 ἐστιν
1246 382 1275 434 6
1316 382 1429 446 υἱός
1448 401 1461 414 ο
1519 385 1613 437 καὶ
1642 384 1756 448 υἱός
1799 385 1880 449 τίς

1990 387 2139 455 bum,
2170 389 2255 444 sui
2286 388 2464 445 Patris
2501 389 2669 447 Filius
2714 391 2921 451 fuerit?
2965 394 3231 465 siquidem
3272 399 3426 464 pater
3469 396 3561 455 ille

305 468 419 521 ἐστι
453 469 547 520 καὶ
574 467 791 535 λέγεται
811 470 1042 538 ἐκείνου,
1068 489 1128 526 ου
1156 474 1345 527 ἐστινὸ
1366 476 1567 546 πατὴρ.
1600 477 1661 529 Εἰ
1700 476 1882 531 τοίνυν

304 556 399 611 τοῦ
427 558 665 628 Χριστοῦ
691 560 791 612 οὐκ
824 558 937 613 ἔστι
971 560 1159 634 Πατὴρ
1191 563 1219 614 6
1260 563 1423 629 θεὸς,
1468 564 1589 618 οὐδὲ
1634 567 1662 618 6
1711 566 1884 633 Λόγος

306 648 433 714 Υἱὸς
462 649 527 703 ἂν
548 651 631 720 εἴη
652 667 665 679 ·
696 652 744 704 εἰ
771 651 826 704 δὲ
854 651 1042 724 Πατὴρ
1069 655 1097 705 6
1122 652 1250 716 Θεὸς
1285 654 1393 725 (94)
1415 698 1429 722 ,
1448 655 1669 719 εἰκότως
1702 656 1768 709 ἂν
1799 657 1883 728 εἴη

304 741 400 798 καὶ
431 743 460 793 6
488 742 659 809 Λόγος
675 741 821 805 Υἱός.
851 744 913 796 Ei
935 743 993 796 δὲ
1018 743 1241 815 ὕστερον
1274 746 1373 815 μὲν
1398 746 1585 818 Πατὴρ
1613 748 1705 801 καὶ
1735 748 1886 819 πρῶ-

306 851 395 887 τον
423 832 588 896 Θεὸς,
646 833 936 904 ’Λρειανῶν
967 834 1066 905 μὲν
1106 834 1216 907 (95)
1259 835 1319 889 τὸ
1358 838 1644 908 φρόνημα·
1692 838 1883 892 ἔπειτα

305 923 503 978 ἄτοπον
534 922 961 993 μεταϐάλλεσθαι
991 924 1082 978 τὸν
1109 926 1240 979 Θεόν
1258 943 1270 955 ·
1311 928 1621 997 σωματικὸν
1651 927 1761 999 γάρ
1780 944 1793 958 °
1835 930 1885 981 sl

304 1015 361 1068 δὲ
392 1014 582 1088 ὥσπερ
616 1016 708 1068 ἐπὶ
738 1015 838 1086 τῆς
870 1015 1099 1081 κτίσεως
1148 1015 1372 1091 ὕστερον
1406 1018 1653 1091 ποιητὴς,
1687 1019 1882 1085 ἰστέον,

303 1112 384 1166 ὅτι
431 1112 542 1165 τῶν
589 1111 888 1182 γινομένων
919 1110 1029 1184 (96)
1068 1111 1292 1185 ὕστερόν
1335 1114 1482 1167 ἐστιν
1526 1113 1882 1201 ἡμεταϐολὴ,

304 1205 422 1276 οὐχὶ
446 1203 544 1258 τοῦ
575 1202 732 1258 Θεοῦ.

1989 491 2074 537 εει
2097 491 2152 537 ει
2187 482 2385 539 dicitur
2414 488 2555 555 ejus,
2577 487 2672 555 qui
2705 502 2840 543 suus
2871 497 2955 544 est
2983 488 3129 546 ﬁlius
3155 510 3170 547 :
3211 499 3266 545 et
3307 491 3559 547 similiter

1994 573 2137 630 [ilius
2182 574 2270 629 ille
2302 585 2385 630 est
2425 585 2478 630 et
2512 577 2713 632 dicitur
2760 578 2900 649 ejus.
2948 582 3043 651 qui
3091 597 3225 639 suus
3270 592 3356 639 est
3384 591 3556 653 patiar.

1993 664 2334 735 Quapropter
2357 669 2401 722 si
2433 666 2576 723 Deus
2605 684 2713 724 nou
2742 680 2826 726 est
2848 670 3052 728 Christi
3079 672 3259 738 Pater,
3293 691 3394 730 nec
3425 675 3562 730 Ver-

1994 755 2121 809 bum
2150 746 2320 813 Filius
2353 774 2475 814 esse
2497 770 2696 830 potest.
2724 760 2830 816 Sed
2857 762 2903 819 si
2932 762 3092 818 Pater
3110 773 3195 819 est
3222 763 3386 832 Deus,
3433 780 3560 822 vere

1994 855 2047 927 et
2080 845 2316 902 Verbum
2376 848 2548 921 Filius
2589 860 2691 909 est.
2719 851 2875 919 Quod
2924 855 2968 908 si
3006 865 3191 925 postea
3238 855 3397 912 Pater
3439 872 3560 913 esse

1993 933 2225 1001 dicatur,
2258 951 2383 990 cum
2435 939 2673 1008 primum
2727 941 2871 998 Deus
2905 953 3097 1009 esset;
3147 945 3263 1000 haec
3312 946 3429 1016 ipsa
3476 956 3562 1002 est

1992 1020 2320 1079 Arianorum
2367 1026 2638 1085 doctrina.
2692 1029 2798 1086 Sed
2829 1043 3086 1103 praeterea
3131 1036 3429 1091 absurdum
3477 1051 3564 1094 est

1994 1113 2160 1168 Deum
2192 1118 2433 1173 mutari:
2471 1138 2594 1175 nam
2644 1122 2695 1176 id
2729 1139 3050 1194 corporeum
3092 1136 3194 1182 est.
3235 1126 3293 1182 Si
3316 1143 3444 1183 vero
3478 1145 3566 1184 re-

1997 1210 2297 1279 spondeant
2317 1211 2530 1269 Patrem
2555 1214 2676 1269 Filii
2699 1215 2902 1273 factum
2925 1236 3065 1285 esse,
3088 1230 3149 1276 ut
3169 1233 3353 1291 postea
3377 1236 3565 1277 rerum

305 1309 611 1355 creatarum
660 1299 836 1355 factus
863 1308 947 1356 est
975 1298 1155 1371 opifex
1182 1341 1198 1367 ,
1253 1300 1395 1356 scire
1424 1315 1603 1372 operae
1630 1301 1866 1372 pretium
1903 1314 1987 1358 est
2018 1306 2373 1362 mutationem
2403 1324 2509 1363 non
2532 1311 2599 1365 ad
2633 1310 2822 1378 Deum,
2866 1314 2960 1369 sed
2988 1316 3057 1369 ad
3090 1328 3176 1379 ea,
3220 1331 3342 1386 quae
3359 1315 3563 1386 :postea

303 1394 463 1461 ﬁunt,
505 1395 794 1465 pertinere.

374 1485 461 1539 16.
509 1486 571 1538 Ei
604 1485 701 1556 μὲν
729 1483 820 1539 οὖν
852 1487 1060 1558 ποίημα
1083 1489 1177 1540 καὶ
1209 1490 1238 1541 6
1270 1487 1398 1550 Υἱὸς
1429 1487 1578 1559 (97),
1608 1488 1789 1553 καλῶς
1816 1487 1882 1543 ἂν

306 1577 534 1650 ὕστερον
558 1578 743 1651 Πατὴρ
776 1580 870 1632 καὶ
893 1581 978 1632 ἐπ’
999 1580 1162 1633 αὐτοῦ
1182 1598 1195 1610 ·
1221 1581 1269 1632 εἰ
1286 1579 1342 1633 δὲ
1358 1581 1418 1632 οὐ
1446 1581 1657 1651 ποίημα
1677 1582 1706 1633 6
1730 1581 1880 1646 Υἱὸς,

303 1670 387 1724 ἀεὶ
407 1671 519 1741 ἄρα
538 1671 565 1722 6
581 1670 786 1742 Πατὴρ,
818 1671 904 1724 ἀεὶ
934 1673 1028 1725 καὶ⁴
1054 1673 1082 1724 6
1102 1671 1249 1736 Υἱός.
1278 1673 1341 1725 Εἰ
1363 1670 1420 1724 δὲ
1443 1672 1531 1725 ἀεὶ
1551 1674 1580 1724 ό
1601 1672 1730 1735 Υἱὸς
1755 1672 1883 1745 (98),

2060 1488 2143 1543 16.
2180 1487 2521 1559 Quapropter
2555 1491 2601 1546 si
2637 1491 2806 1549 Filius
2835 1504 2980 1551 esset
3025 1511 3163 1567 opus
3190 1469 3216 1565 ;⁴
3248 1506 3393 1554 recte
3420 1510 3563 1569 quos

1988 1596 2093 1651 que
2124 1578 2283 1635 Pater
2324 1581 2441 1651 ejus
2484 1595 2670 1652 postea
2698 1583 3015 1642 efﬁceretur.
3050 1588 3157 1643 Sed
3185 1587 3231 1643 si
3256 1587 3427 1644 Filius
3449 1605 3561 1646 non

1989 1679 2076 1726 est
2108 1686 2247 1741 opus
2271 1712 2287 1737 ,
2329 1687 2546 1742 semper
2578 1689 2706 1742 ergo
2726 1671 2903 1740 Pater,
2928 1692 3141 1746 semper
3165 1685 3219 1732 et
3249 1675 3422 1733 Filius
3453 1689 3558 1733 est.

303 1764 465 1827 αὐτὸς
497 1763 564 1817 ἂν
591 1762 674 1834 εἴη
707 1764 735 1816 ό
764 1763 952 1832 Λόγος.
1011 1764 1075 1816 El
1105 1764 1213 1835 γὰρ
1256 1764 1330 1837 μὴ
1366 1764 1496 1828 Υἱὸς
1523 1764 1606 1837 εἴη
1641 1767 1669 1818 6
1697 1767 1880 1835 Λόγος,

1996 1762 2052 1817 Si
2083 1778 2248 1833 porro
2278 1778 2490 1833 semper
2512 1775 2594 1820 est
2620 1764 2808 1832 Filius,
2841 1768 3018 1837 ipsum
3051 1784 3186 1824 sane
3214 1767 3377 1823 fuerit
3426 1770 3562 1825 Ver-

302 1856 394 1908 καὶ
420 1854 581 1908 τοῦτό
605 1871 688 1917 τις
714 1852 1033 1924 ἁποτολμῶν
1065 1852 1237 1909 εἴποι·
1271 1854 1304 1925 ἢ
1344 1855 1434 1908 τὸν
1468 1855 1639 1923 Λόγον
1665 1856 1885 1926 Πατέρα

303 1949 471 2018 λέγει,
496 1947 529 2018 ἢ
554 1946 645 2001 τὸν
672 1946 799 1999 Υἱὸν
822 1946 1103 2018 κρείττονα.
1131 1946 1223 2000 τοῦ
1250 1947 1446 2016 Λόγου.
1475 1946 1581 2001 Τοῦ
1612 1948 1719 2020 γὰρ
1754 1948 1885 2002 Υῐοῦ

304 2041 359 2092 ὲν
384 2038 611 2101 κόλποις
637 2036 788 2100 ὄντος
808 2036 901 2090 τοῦ
933 2037 1166 2108 Πατρδς,
1198 2037 1411 2111 ἀνάγκη
1444 2038 1476 2110 ἢ
1511 2038 1586 2111 μὴ
1618 2036 1755 2093 εἶναι
1781 2041 1887 2111 πρὸ

304 2130 434 2185 Υἱοῦ
465 2131 559 2183 τὸν
594 2129 704 2199 (99)
744 2129 913 2198 Λόγον
933 2147 946 2160 ·
974 2129 1126 2183 οὐδὲν
1148 2130 1257 2201 γάρ
1285 2132 1400 2184 ἐστι
1448 2132 1555 2203 πρὸ
1596 2132 1690 2186 τοῦ
1737 2133 1888 2195 ὄντος

304 2224 360 2275 ὲν
384 2220 462 2291 τῷ
492 2220 670 2290 Πατρί
689 2237 702 2249 ·
737 2218 769 2289 ἢ
797 2222 845 2272 εἰ
874 2220 903 2271 6
926 2219 1096 2289 Λόγος
1122 2218 1279 2284 ἄλλος
1299 2221 1416 2273 ἐστὶ
1445 2221 1596 2293 παρὰ
1622 2223 1711 2276 τὸν
1737 2223 1883 2288 Υἰὸν,

303 2317 332 2369 6
360 2314 538 2383 Λόγος
569 2312 637 2367 ἂν
661 2312 745 2382 εἴη
776 2314 803 2365 ὁ
832 2311 1038 2383 Πατὴρ,
1069 2314 1126 2366 ὲν
1149 2306 1192 2381 ᾧ
1221 2315 1366 2366 ἐστιν
1392 2315 1421 2366 6
1444 2314 1590 2378 Υἱός.
1620 2316 1683 2369 Εἰ
1709 2315 1766 2369 δὲ
1786 2316 1887 2370 οὑκ

303 2404 448 2458 ἔστιν
470 2407 501 2458 6
521 2403 695 2473 Λόγος
724 2402 931 2476 Πατὴρ,
959 2402 1094 2458 ἀλλὰ
1123 2404 1313 2471 Λόγος,
1338 2405 1493 2469 ἐκτὸς
1527 2405 1593 2459 ἂν
1620 2406 1704 2479 εἴη
1734 2410 1762 2462 6
1784 2410 1887 2462 Λό-

303 2515 397 2566 γος
427 2496 525 2549 τοῦ
554 2493 796 2566 Πατρὸς,
833 2494 981 2558 ὄντος
1007 2492 1101 2547 τοῦ
1140 2493 1271 2547 Υἱοῦ
1301 2496 1357 2546 ὲν
1382 2497 1493 2558 τοῖς
1542 2495 1761 2561 κόλποις
1790 2497 1884 2551 τοῦ

305 2588 542 2662 Πατρός.
565 2589 641 2641 Οὐ
664 2590 771 2660 γὰρ
799 2586 1101 2657 ἀμφότερα,
1136 2585 1164 2638 ὃ
1196 2603 1256 2638 τε
1279 2586 1452 2655 Λόγος
1481 2588 1574 2641 καὶ
1594 2590 1622 2641 6
1644 2588 1790 2655 Υἱὸς,
1829 2593 1886 2644 ἐν

304 2681 413 2742 τοῖς
441 2677 685 2741 κόλποις,
716 2676 829 2730 ἀλλ’
856 2675 952 2731 ἕνα
985 2673 1123 2730 εἶναι
1152 2676 1249 2742 δεῖ,
1277 2677 1370 2730 καὶ
1396 2676 1582 2733 τοῦτον
1612 2678 1701 2732 τὸν
1732 2680 1881 2745 Υἱὸν,

305 2770 362 2833 ὃς
400 2770 521 2822 ἐστι
563 2769 874 2840 μονογενής.
928 2769 1037 2821 Καὶ
1073 2768 1265 2833 πάλιν,
1300 2771 1347 2821 εἰ
1371 2768 1525 2833 ἄλλος
1550 2771 1694 2824 ἐστὶν
1724 2773 1752 2824 ό
1784 2774 1885 2826 Λό-

306 2876 397 2930 γος
427 2859 538 2932 (i),
566 2861 661 2912 καὶ
690 2858 845 2923 ἄλλος
891 2860 919 2911 6
949 2860 1110 2928 Υἱὸς,
1143 2860 1405 2932 κρείττων
1456 2862 1811 2934 εὑρεθήσεται
1856 2866 1885 2917 6

306 2951 431 3016 Υἱὸς
480 2951 579 3004 τοῦ
618 2951 822 3019 Λόγου·
874 2951 1047 3016 οὐδεὶς
1080 2951 1190 3022 γὰρ
1230 2950 1485 3020 γινώσκει
1516 2953 1607 3006 τὸν
1642 2955 1880 3027 Πατέρα,

305 3048 351 3100 ei
378 3045 453 3117 μὴ
485 3046 516 3099 6
540 3043 688 3108 Υἱὸς,
721 3045 819 3115 οὐχ
848 3048 877 3098 6
902 3045 1090 3113 Λόγος.
1131 3034 1202 3097 ’Ἡ
1222 3044 1399 3098 τοίνυν
1428 3047 1527 3099 οὐκ
1555 3043 1692 3100 οἶδεν
1723 3050 1753 3101 6
1782 3049 1883 3102 Λό-

304 3154 417 3208 γος,
438 3137 476 3210 ἢ
501 3138 551 3190 εξ
572 3133 680 3190 οἶδε
705 3136 895 3206 ψεῦδος
912 3136 995 3200 τὸ,
1019 3136 1229 3203 Οὐδεὶς
1253 3135 1548 3205 γινώσκει.
1581 3139 1653 3192 Τὸ
1674 3140 1807 3193 αὐτὸ
1829 3140 1886 3193 δὲ

304 3229 396 3283 καὶ
423 3230 519 3283 ἐπὶ
548 3227 664 3291 τοῦ,
706 3228 768 3280 Ὃ
800 3227 1070 3297 ἑωρακὼς
1096 3229 1220 3299 ἐμὲ,
1252 3230 1473 3300 ἑώρακε
1500 3230 1604 3284 τόν
1625 3233 1879 3302 Πατέρα,

305 3322 416 3385 καὶ,
433 3317 580 3389 Ἐγὼ
608 3317 709 3372 καὶ
730 3320 762 3372 ό
789 3318 989 3387 Πατὴρ
1009 3318 1078 3372 ἓν
1104 3320 1318 3390 ἐσμεν
1350 3322 1481 3375 Υἱοῦ
1503 3322 1611 3395 γάρ
1640 3325 1745 3377 εἰσι
1770 3341 1882 3393 φω-

313 3414 425 3478 tai,
472 3414 573 3466 καὶ
606 3412 665 3464 οὐ
712 3410 886 3480 Λόγου
940 3412 1058 3465 κατ’
1093 3413 1290 3477 αὐτούς
1310 3430 1326 3446 ·
1357 3414 1515 3484 δῆλον
1546 3415 1604 3470 δὲ
1632 3415 1741 3468 ἀπὸ
1772 3414 1882 3469 τῶν

304 3504 670 3574 Εὑαγγελίων.
694 3502 849 3557 Κατὰ
873 3501 983 3574 γὰρ
1005 3504 1095 3558 τὸν
1131 3505 1380 3577 Ἰωάννην
1407 3506 1502 3577 (2),
1520 3506 1766 3574 λέγοντος
1787 3507 1881 3560 τοῦ

305 3595 527 3665 Κυρίου,
573 3592 721 3663 Ἐγὼ
749 3594 847 3646 καὶ
882 3597 913 3647 ό
945 3592 1147 3661 Πατὴρ
1187 3593 1256 3647 ἐν
1284 3595 1471 3664 ἐσμεν
1492 3637 1507 3660 ,
1536 3594 1884 3649 ἐϐάστασαν

303 3691 510 3757 λίθους
539 3693 595 3743 οὶ
649 3692 937 3757 Ἰουδαῖοι,
964 3694 1061 3746 ἵνα
1087 3692 1422 3749 λιθάσωσιν
1449 3693 1652 3747 αὐτόν.
1719 3693 1886 3746 Ἀπε-

303 3783 467 3851 κρίθη
505 3783 712 3849 αὐτοῖς
738 3786 771 3838 ὁ
812 3784 1082 3853 Ἰησοῦς·
1119 3784 1328 3838 Πολλὰ
1359 3784 1502 3854 ἔργα
1543 3784 1699 3838 καλὰ
1730 3783 1881 3836 ἔδει·

303 3872 379 3939 ξα
394 3873 541 3944 ὑμῖν
563 3874 632 3927 ἐκ
656 3875 762 3929 τοῦ
786 3877 1014 3943 Πατρός
1030 3893 1043 3906 ο
1075 3875 1172 3930 διὰ
1190 3875 1365 3929 ποῖον
1384 3874 1582 3929 αὐτῶν
1610 3874 1685 3945 (5)
1709 3874 1884 3944 ἔργον

302 3964 403 4033 ἐμὲ
453 3964 758 4029 λιθάζετες
795 3967 1220 4037 Ἀπεκρίθησαν
1267 3966 1427 4033 αὐτῷ
1456 3971 1509 4022 οἱ
1575 3967 1879 4022 Ἰουδιιῖοιο

301 4058 440 4126 Περὶ
496 4059 695 4114 καλοῦ
727 4058 904 4129 ἔργον
954 4062 1026 4113 οὐ
1071 4058 1383 4129 λιθάζομέν
1423 4076 1529 4124 σε,
1566 4058 1727 4114 ἀλλὰ
1751 4058 1886 4127 περὶ

295 4149 714 4220 βλασφημίας,
749 4150 845 4206 καὶ
870 4150 944 4222 (4)
967 4151 1055 4205 ὅτι
1083 4151 1184 4218 σὺ,
1215 4152 1524 4220 ἅνθρωπος
1551 4148 1665 4216 ὢν,
1697 4150 1885 4217 ποιεῖς

302 4242 567 4297 σεαυτὸν
602 4244 769 4297 Θεόν.
818 4244 1129 4313 Ἀπεκρίθη
1161 4243 1366 4310 αὐτοῖς
1392 4247 1425 4297 ὀ
1465 4242 1703 4311 Ἰησοῦς
1723 4259 1735 4272 ·
1762 4245 1884 4296 Οὐκ

300 4331 431 4386 ἔστι
455 4336 863 4403 τεῃοαμμένον
886 4335 956 4388 ἐν
982 4331 1063 4399 τῷ
1086 4334 1246 4402 νόμῳ
1265 4332 1450 4403 ὑμῶν,
1475 4333 1567 4386 ὅτι
1587 4333 1701 4402 ἐγὼ
1721 4329 1880 4397 εἶπα,

288 4422 436 4495 Θεοί
472 4422 647 4487 ἐστε;
677 4425 749 4476 El
777 4423 1048 4489 ἐκείνους
1089 4419 1219 4476 εἷπε
1244 4421 1449 4488 θεοὺς,
1493 4421 1642 4489 πρὸς
1690 4420 1797 4486 οὓς
1851 4424 1885 4475 ό

1992 1855 2144 1935 ιηιιι]ε
2173 1851 2289 1908 Nisi
2316 1854 2462 1908 enim
2499 1852 2732 1910 Verbum
2796 1855 2971 1912 Filius
3000 1856 3203 1912 fuerit:
3238 1860 3329 1930 qui
3356 1857 3410 1914 id
3457 1875 3560 1914 sua

1989 1943 2137 1998 debit
2163 1958 2383 2014 negare,
2421 1942 2582 1999 fateri
2638 1960 2760 1999 cum
2813 1960 3034 2001 necesse
3063 1954 3147 2002 est
3195 1947 3280 2002 vel
3319 1946 3563 2003 Verbum

1988 2034 2204 2091 Patrem
2226 2050 2348 2092 esse
2375 2054 2389 2102 ;
2420 2036 2504 2091 vel
2527 2035 2727 2091 Filium
2755 2034 2939 2092 Verbo
2960 2052 3082 2093 esse
3104 2041 3560 2108 praestantiorem.

1989 2126 2126 2182 Nam
2154 2144 2281 2185 cum
2317 2127 2489 2184 Filius
2543 2130 2614 2184 sit
2663 2129 2718 2182 in
2752 2130 2875 2184 sinu
2905 2127 3082 2185 Patris
3106 2130 3173 2198 ⁸⁸,
3228 2146 3451 2187 necesse
3479 2136 3563 2187 est

1988 2218 2074 2273 vel
2102 2217 2339 2273 Verbum
2386 2228 2513 2273 ante
2557 2218 2756 2273 Filium
2791 2235 2902 2274 non
2933 2236 3053 2276 esse
3080 2238 3095 2287 ;
3125 2221 3259 2277 nihil
3304 2214 3448 2280 enim
3480 2226 3565 2281 est

1991 2317 2117 2363 ante
2141 2322 2265 2362 eum
2294 2308 2387 2377 qui
2413 2308 2469 2361 in
2508 2305 2667 2363 Patre
2691 2318 2776 2364 est
2801 2327 2816 2363 :
2849 2311 2933 2364 vel
2963 2311 3009 2365 si
3039 2308 3275 2367 Verbum
3301 2313 3448 2369 aliud
3482 2324 3566 2371 est

1990 2408 2185 2469 praeter
2215 2397 2438 2465 Filium,
2479 2400 2728 2469 sequitur
2758 2409 2818 2455 ut
2866 2399 3106 2457 Verbum
3153 2403 3225 2458 sit
3256 2404 3372 2474 ipse
3407 2391 3566 2461 Patetl

1990 2492 2044 2546 in
2083 2508 2192 2562 quo
2222 2500 2305 2547 est
2336 2490 2527 2547 Filius.
2559 2492 2715 2559 Quod
2770 2495 2813 2549 si
2849 2494 3087 2549 Verbum
3129 2511 3240 2551 non
3267 2507 3352 2553 est
3382 2497 3562 2569 Pater,

1991 2584 2086 2638 sed
2136 2583 2422 2639 Verbum:
2465 2584 2630 2655 igitur
2682 2583 2914 2640 Verbum
2979 2598 3061 2641 est
3107 2596 3261 2643 extra
3309 2584 3565 2658 Patrem,

1988 2676 2190 2746 quippe
2223 2678 2351 2730 cum
2398 2674 2569 2731 Filius
2616 2676 2671 2730 in
2724 2677 2848 2732 sinu
2897 2672 3075 2734 Patris
3122 2680 3214 2735 sit.
3259 2670 3370 2736 Nec
3415 2673 3565 2737 enim

1989 2768 2172 2835 ambo,
2204 2782 2400 2837 nempe
2420 2765 2655 2822 Verbum
2683 2779 2737 2823 et
2759 2767 2929 2825 Filius
2964 2771 3019 2824 in
3050 2770 3175 2827 sinu
3209 2764 3389 2829 Patris
3412 2784 3562 2841 sunt,

1990 2861 2085 2915 sed
2128 2875 2297 2914 unum
2338 2875 2461 2915 esse
2506 2869 2739 2929 oportet,
2793 2876 3030 2931 eumque
3079 2849 3300 2931 Filium,
3351 2864 3446 2935 qui
3483 2866 3567 2921 est

1989 2951 2332 3023 Unigenitus.
2373 2951 2606 3019 Rursus,
2652 2954 2697 3008 si
2747 2952 2894 3009 aliud
2928 2962 3013 3009 est
3044 2954 3283 3012 Verbum
3321 2966 3377 3012 et
3424 2958 3568 3015 alius

1991 3042 2183 3108 Filius,
2225 3043 2397 3099 Filius
2437 3040 2619 3099 Verbo
2662 3046 3005 3114 praestantior
3056 3048 3178 3102 erit.
3210 3046 3384 3105 Nemo
3415 3052 3563 3105 enim

1915 3154 1959 3213 ε
1990 3137 2208 3192 Patrem
2231 3137 2513 3210 cognoscit
2533 3137 2640 3192 nisi
2665 3136 2838 3194 Filius
2862 3140 2933 3204 ⁸⁸,
2954 3154 3065 3194 non
3095 3148 3276 3195 autem
3302 3138 3562 3198 Verbum.

1986 3227 2086 3283 Vel
2118 3229 2285 3300 igitur
2317 3227 2531 3282 Patrem
2556 3243 2665 3282 non
2703 3230 2854 3284 novit
2888 3218 3122 3285 Verbum
3153 3248 3169 3298 ;
3199 3231 3284 3286 vel
3311 3232 3358 3288 si
3387 3233 3564 3299 novit,

1984 3318 2120 3376 false
2145 3321 2364 3388 dicitur,
2390 3318 2557 3374 Nemo
2582 3321 2747 3375 novit.
2782 3322 2939 3389 Quod
2973 3323 3116 3377 idem
3149 3325 3451 3393 urgendum
3480 3332 3568 3382 est

1984 3409 2054 3466 de
2082 3411 2233 3466 hisce
2271 3411 2474 3477 verbis,
2516 3409 2621 3476 Qui
2656 3412 2787 3466 vidit
2836 3429 2937 3481 me,
2974 3406 3105 3468 vidit
3146 3411 3365 3470 Patrem
3385 3406 3455 3481 “,
3485 3425 3563 3483 et,

1986 3501 2100 3574 Ego
2129 3513 2178 3557 et
2207 3502 2371 3557 Pater
2397 3520 2559 3557 unum
2583 3521 2763 3559 sumus
2781 3506 2849 3559 ⁸¹.
2873 3504 3123 3579 Namque
3146 3509 3231 3563 hae
3257 3524 3417 3565 voces
3436 3504 3565 3567 Filii

1987 3603 2134 3659 sunt,
2171 3608 2283 3648 non
2310 3592 2498 3660 Verbi,
2530 3603 2590 3649 ut
2617 3603 2813 3664 putant
2840 3595 2939 3661 illi,
2967 3597 3130 3667 idque
3155 3613 3224 3653 ex
3250 3596 3564 3670 Etangeliis

1986 3685 2286 3742 dilucidum
2320 3697 2420 3742 est.
2475 3684 2611 3741 Nam
2652 3686 2916 3753 Domino,
2958 3698 3016 3743 ut
3059 3701 3248 3744 narrat
3297 3688 3561 3758 Joannes,

1986 3779 2217 3843 dicente,
2252 3777 2364 3849 Ego
2391 3790 2440 3833 et
2476 3776 2638 3832 Pater
2664 3795 2828 3832 unum
2848 3795 3053 3847 sumus,
3076 3779 3402 3835 sustulerunt
3423 3772 3564 3851 l‘api-s

1986 3868 2075 3921 des
2109 3867 2307 3932 Judaei,
2345 3878 2402 3922 ut
2432 3868 2736 3938 lapidarent
2762 3884 2902 3922 eum.
2931 3868 3223 3937 Respondit
3254 3871 3329 3924 eis
3355 3868 3511 3925 Iesus
3540 3885 3562 3924 ε

1989 3957 2165 4012 Multa
2194 3974 2353 4029 opera
2388 3961 2523 4011 bona
2573 3958 2777 4013 ostendi
2812 3959 2957 4012 vobis
3005 3974 3070 4012 ea:
3113 3958 3297 4026 Patre,
3341 3970 3556 4030 propter

1985 4051 2123 4120 quod
2176 4047 2367 4103 bonum
2405 4066 2535 4120 opus
2587 4065 2667 4102 me
2718 4048 3027 4120 lapidatis?
3072 4049 3471 4121 Responderunt
3511 4054 3562 4108 ei

1985 4142 2206 4197 Judwi:
2242 4141 2321 4197 De
2366 4144 2498 4196 bono
2538 4158 2688 4213 opere
2729 4159 2835 4196 non
2882 4141 3185 4212 lapidamus
3237 4153 3305 4210 te,
3352 4136 3447 4199 sed
3494 4148 3562 4200 de‘

1987 4235 2331 4306 blasphemia,
2361 4246 2411 4289 et
2441 4235 2567 4306 quia
2597 4246 2654 4287 tu
2687 4234 2841 4287 homo
2877 4250 2997 4287 cum
3039 4236 3134 4301 sis,
3167 4224 3303 4305 facis
3334 4237 3561 4306 teipsum

1986 4329 2177 4383 Deum.
2218 4327 2506 4398 Respondit
2528 4330 2603 4382 eis
2633 4327 2790 4383 Iesus
2812 4344 2831 4383 :
2874 4326 3063 4383 Nonne
3107 4330 3364 4398 scriptum
3395 4340 3473 4385 est
3503 4333 3560 4385 in

1986 4420 2095 4490 lege
2125 4429 2317 4484 vestra,
2368 4421 2496 4490 quia
2530 4437 2622 4491 ego
2654 4421 2793 4488 dixi,
2829 4419 2915 4475 Dii
2944 4412 3115 4476 estis?
3160 4414 3221 4475 Si
3253 4420 3378 4477 illos
3421 4415 3562 4478 dixit

300 4514 494 4584 Λόγος
522 4513 629 4568 τοῦ
660 4513 807 4568 Θεοῦ
836 4501 1095 4584 ἐγένετο,
1123 4515 1222 4569 καὶ
1246 4518 1318 4569 οὐ
1349 4513 1598 4569 δύναται
1623 4512 1880 4581 λυθῆναι

1990 4513 2109 4567 deos
2140 4512 2208 4566 ad
2246 4529 2376 4583 quos
2415 4511 2640 4566 Verbum
2672 4512 2768 4566 Dei
2793 4513 2996 4583 factum
3022 4522 3122 4578 est,
3163 4524 3213 4568 el
3246 4530 3352 4567 non
3389 4512 3561 4584 potest

282 4606 338 4674 ,ἠ
378 4605 595 4676 Γραφή
615 4624 629 4637 ’
657 4606 729 4661 ὃν
752 4610 785 4661 ό
802 4596 1004 4677 Πατὴρ
1033 4608 1248 4679 mth
1279 4607 1375 4663 καὶ
1400 4606 1760 4663 ἀπέστειλεν
1793 4608 1881 4672 εὶς

1988 4607 2121 4662 solvi
2149 4604 2431 4675 Scriptura
2454 4620 2473 4658 :
2502 4621 2657 4676 quem
2682 4604 2848 4660 Pater
2873 4605 3230 4676 sanctiﬁcavit
3257 4616 3308 4662 et
3335 4607 3479 4661 misit
3506 4608 3561 4660 in

364 4791 417 4824 ⁸⁸
457 4790 620 4849 Joan.
651 4809 691 4862 ι,
724 4794 837 4881 18η
888 4795 933 4826 ⁸⁸
972 4778 1161 4848 Matth.
1192 4809 1268 4859 ιι,
1297 4789 1387 4847 2'7.
1462 4792 1508 4824 '°
1547 4791 1706 4847 Joan.
1737 4806 1850 4859 xw,

2015 4790 2057 4823 “
2097 4788 2257 4845 Joau.
2290 4804 2345 4857 ι,
2378 4786 2466 4844 30.

375 4934 488 5007 (es)
530 4934 752 5007 Regius,
780 4938 829 4989 εἰ
858 4936 916 4990 δὲ
948 4938 976 4988 ό
1004 4936 1193 5007 Πατὴρ
1223 4937 1252 4989 ὁ
1285 4900 1437 5000 Θεός.

360 4952 488 5145 si;
858 4952 923 5061 ε

386 5075 486 5145 96)
529 5075 663 5145 Reg.
701 5074 828 5145 Seg.
860 5076 1024 5132 Basil.
1067 5086 1123 5133 et
1160 5077 1371 5145 Anglic.
1413 5077 1733 5145 γινομένων.
1769 5077 1872 5131 Alu

529 5075 663 5149 Reg.
701 5074 828 5147 Seg.
860 5074 1123 5149 Basilfet
1160 5074 1390 5148 Anglicf
1413 5074 1733 5149 γινομένων.
1769 5077 1876 5131 Alii

277 5161 429 5215 ivero
456 5156 514 5202 et
536 5147 689 5216 editi.
718 5148 1045 5216 γενομένων.

360 5216 489 5289 (97)
528 5215 622 5273 Sic
654 5216 788 5289 Reg.
827 5215 951 5290 Seg.
982 5227 1036 5273 et
1066 5217 1284 5273 Gobler.
1322 5216 1381 5272 In
1409 5218 1532 5273 aliis
1572 5230 1627 5273 et
1653 5219 1816 5274 editis
1845 5219 1876 5272 6

273 5296 738 5445 ,Ωῗξξέλιξεβξρε
774 5368 831 5414 ει
875 5357 1260 5429 Seguerianus,
1301 5360 1389 5413 ἀεὶ
1419 5353 1566 5423 Υἱός.
1599 5357 1793 5415 εἱειετί
1818 5366 1874 5413 ει

274 5429 453 5492 Ϊεᾶἱιί,
487 5429 574 5482 ἀεὶ
592 5429 627 5483 6
643 5429 792 5494 Υἱός.
1569 5474 1578 5483 ,
1768 5470 1775 5475 .

358 5498 919 5572 (99)-Βοεὶιὶεηείεᾼει
944 5500 1296 5571 Anglicanus,
1325 5500 1435 5572 πρὸ
1461 5498 1554 5552 τοῦ
1575 5499 1737 5572 Υἰοῦρν
1768 5571 1775 5572 7

359 5570 471 5642 (1)
496 5570 697 5642 Regius
742 5581 798 5625 et
834 5570 1201 5642 Seguerianus
1222 5570 1674 5642 ὲστὶνξοιιιὶιιιιηι.
1702 5570 1897 5635 lidem,

270 5638 503 5697 ibidem
539 5638 706 5711 Basil.
741 5651 793 5696 et
816 5638 1024 5711 ng‘lic.
1049 5644 1143 5696 καὶ
1164 5641 1321 5705 ἄλλος
1348 5640 1498 5711 Υἱός.

355 5711 450 5784 (ﬁ)
493 5710 626 5785 Reg.
670 5710 795 5783 Seg.
824 5709 986 5767 Basil.
1018 5713 1302 5781 Anglican.
1347 5710 1555 5777 addunt
1581 5710 1741 5768 Κατὰ
1765 5710 1873 5781 γὰο

618 5810 894 5871 Pauor"
933 5809 1051 5872 Gn.
1082 5808 1325 5892 XXVI.-

1974 4935 2064 5006 τὸν
2102 4935 2375 5006 quem,
2411 4930 2879 5006 quarabsuntab
2930 4932 3054 4987 aliis
3107 4923 3397 5006 etﬂeditisn.
3430 4923 3557 5006 Mog

1974 5005 2111 5074 Reg.
2149 4993 2487 5076 Seg.,Basil.
2527 5002 3088 5076 Anguc_.__esaamav
3125 4997 3327 5061 λίθους.
3357 4993 3556 5050 Ceteri

1973 5084 2027 5132 et
2054 5071 2547 5148 εόίιξ,’ὲ6ᾁττασαν
2580 5071 2690 5148 γᾲρ
2717 5071 2917 5148 λίρους.
2942 5142 2975 5148 _
3047 5141 3079 5148 η
3259 5136 3274 5148 Δ
3308 5122 3309 5125 η
3366 5137 3402 5148 η

2043 5146 2121 5229 (5)
2164 5136 2503 5229 SicnRegius
2532 5136 2734 5229 cades,
2769 5142 2894 5213 Seg.
2936 5141 3105 5198 Basil.
3141 5149 3196 5196 et
3246 5136 3457 5208 Anglic.
3490 5136 3553 5193 In

1973 5212 2111 5272 aliis
2126 5225 2180 5271 et
2214 5212 2550 5272 editis'de'est
2572 5212 2778 5266 αὐτῶν,

2047 5286 2126 5358 (4)
2166 5287 2259 5342 Sic
2302 5286 2507 5358 Regius
2551 5295 2607 5358 et
2633 5283 3041 5358 Seguerianus.
3081 5281 3164 5358 At_
3183 5280 3275 5334 alii
3306 5289 3363 5358 et
3393 5279 3548 5358 editi,

1975 5351 2068 5412 xui
2101 5351 2549 5422 omittunt.'Quee
2573 5351 2771 5408 ibidem
2802 5358 3128 5422 seQuuntttr,
3151 5352 3225 5422 ita'
3251 5356 3471 5422 exstant
3492 5351 3572 5422 in.

1976 5427 2109 5500 Reg.
2142 5427 2267 5500 Seg.
2301 5419 2465 5482 Basil'.
2498 5432 2552 5500 et
2582 5423 2790 5500 anglic.
2812 5419 2925 5500 sed
2946 5423 3001 5475 in
3043 5421 3258 5500 Anglic.
3293 5431 3345 5500 et
3374 5419 3547 5500 Rasila

1975 5489 2130 5554 abest
2162 5489 2245 5553 ὅτῖ
2272 5508 2398 5552 ante
2422 5493 2533 5565 ἐγὼ
2559 5489 2706 5546 εἶπά.
2735 5489 2927 5565 Crateri
2968 5499 3022 5565 et
3051 5489 3182 5565 edi—ti
3214 5491 3292 5565 sic
3324 5491 3551 5565 habent,

1973 5570 2056 5624 ὅτι
2083 5571 2169 5636 σὺ,
2203 5560 2486 5639 ἄνθρωπος
2503 5562 2600 5639 div,
2621 5564 2796 5639 ποιεῖς
2823 5562 3047 5639 ονεᾳ-υτὸν
3068 5560 3219 5639 θεόν.
3248 5562 3360 5614 Καὶ
3384 5561 3553 5639 ὁηξιηξι

1978 5579 2056 5624 ὅτι
2083 5579 2169 5636 σὺ,
2203 5579 2486 5639 ἅνθρωπος
2503 5579 2600 5628 ων,
2621 5579 2796 5624 ποιεις
2825 5579 3047 5643 σεεν-ιον
3068 5579 3219 5615 δεον.
3250 5579 3360 5614 λιιι
3384 5579 3412 5613 0
3452 5579 3555 5684 UE

1978 5640 2103 5708 005;
2167 5640 2333 5708 λέγει’
2384 5637 2471 5690 Ἐν
2492 5632 2570 5704 τῷ
2617 5631 2766 5703 νόμῳ
2815 5633 2968 5702 ὑμων
3027 5632 3360 5705 γέγραπται,
3409 5631 3502 5698 Ἐγ

1976 5707 2123 5767 εἶπα.
3414 5760 3417 5761 ν

3127 5800 3204 5862 ιο
