3944 6222
267 327 269 334 ,
373 271 478 332 ιοι

986 271 1042 326 S.
1084 271 1449 326 ATHANASII
1490 270 1640 327 OPP.
1677 271 1857 325 PARS
1898 269 1935 323 Ι.
1977 300 2048 314 --
2087 267 2460 325 lllSTORICA
2498 267 2586 322 ET
2620 266 3040 324 DOGMATICA.
3525 268 3632 325 692

377 390 663 450 mundum.
705 403 792 443 vos
846 386 1022 441 dicitis
1069 388 1195 458 quia
1239 385 1608 455 Blaspltemas,
1639 384 1767 455 quia
1811 383 1934 439 dixi.

2053 382 2159 435 τόν
2188 383 2453 451 κόσμον,
2482 382 2652 451 ὑμεῖς
2669 381 2903 452 λέγετε,
2951 381 3041 436 ὅτι
3085 379 3507 451 Βλασφημεῖς,
3543 381 3634 438 ὅτι

375 483 550 539 Filius
575 481 673 535 Dei
710 495 828 535 sum
851 479 876 532 ?
903 475 962 533 Si
1008 494 1111 532 non
1156 477 1298 547 facio
1339 493 1498 547 opera
1543 476 1750 536 Patris.
1786 476 1934 529 nolite

2048 471 2239 539 εἷπον,
2263 474 2392 539 Υἱὸς
2418 473 2524 527 τοῦ
2555 473 2702 528 Θεοῦ
2727 475 2841 542 ειμι
2858 489 2876 535 ;
2892 475 2961 526 Et
2989 474 3060 528 οὐ
3085 473 3230 526 ποιῶ
3255 474 3328 526 τὰ
3352 474 3497 543 ἔργα
3523 473 3631 529 τοῦ

372 577 581 630 credere
609 572 760 627 mihi.
796 570 894 626 Sin
929 579 1103 625 autem
1127 570 1288 639 facio,
1321 579 1370 623 et
1399 570 1446 623 si
1489 569 1618 622 mihi
1655 584 1760 621 non
1788 567 1934 621 vulti:

2050 566 2296 634 Πατρός,
2321 565 2406 636 μὴ
2429 566 2503 636 (5)
2527 566 2838 619 πιστεύπέ
2857 583 2986 635 μοι·
3011 568 3064 619 εὶ
3084 564 3151 618 δὲ
3173 563 3340 629 ποιῶ,
3365 565 3481 619 κᾶν
3500 564 3631 636 ἐμοὶ

373 666 604 730 credere,
656 661 898 734 operibus
938 661 1152 728 credite,
1194 670 1252 714 ut
1296 661 1482 714 sciatis
1526 670 1578 714 et
1617 661 1934 731 cognoscatis

2045 658 2129 728 μὴ
2161 660 2502 727 πιστεύητε,
2525 658 2650 725 τοῖς
2671 658 2867 729 ἔργοις
2899 660 3281 723 πιστεύσατε,
3312 660 3415 712 ἵνα
3443 657 3630 729 γνῶτε

363 758 502 828 quia
523 755 690 810 Pater
721 755 777 808 in
797 770 876 808 me
903 762 1001 818 est,
1027 763 1076 806 et
1103 769 1193 824 ego
1216 753 1272 806 in
1298 751 1462 806 Patre
1485 753 1549 804 “.
1573 751 1758 822 Atqui,
1787 761 1934 820 prout

2047 751 2144 804 καὶ
2177 749 2525 818 γινώσκητε,
2567 749 2656 803 ὅτι
2689 752 2758 803 ἐν
2787 750 2918 819 ἐμοὶ
2956 753 2988 804 ό
3015 749 3236 819 Πατὴρ,
3269 749 3432 820 κάγὼ
3458 750 3528 804 ἐν
3550 749 3633 816 τῷ

369 857 572 906 sonant
607 848 724 918 ipsa
755 847 940 912 verba,
970 862 1078 901 non
1105 845 1262 912 dixit,
1289 844 1434 900 Deus
1461 860 1604 907 sum,
1639 844 1744 912 vel,
1772 843 1946 900 Filius

369 941 468 998 Dei
504 956 652 1008 sum,
684 941 800 1006 sed,
828 939 942 1012 Ego
967 949 1017 994 et
1049 939 1211 995 Pater
1235 954 1398 992 unum
1433 953 1637 993 sumus.

435 1119 602 1193 599
626 1118 712 1174 i7.
747 1117 916 1174 ιιι(ιωὶ
944 1117 1161 1189 quidem
1189 1117 1292 1172 hac
1321 1116 1578 1182 dictione,
1608 1130 1792 1178 unum,
1816 1129 1942 1169 eum

366 1228 428 1268 se
469 1225 592 1266 esse
623 1207 842 1264 Patrem
882 1207 1087 1263 dixisse
1129 1206 1556 1270 arbitrabantur,
1589 1205 1944 1276 quemadmo-

365 1303 496 1360 dum
533 1303 700 1360 sentit
733 1300 1042 1356 Sabellius:
1075 1309 1131 1356 at
1163 1298 1414 1355 Salvator
1438 1306 1626 1354 noster
1654 1305 1941 1368 peccatum

362 1397 581 1453 illorum
609 1395 858 1466 coarguit
887 1393 1202 1465 huiusmodi
1238 1390 1527 1447 ratiocinio
1553 1408 1568 1444 :
1597 1389 1827 1446 Etiamsi
1856 1405 1942 1444 me

358 1493 532 1550 Deum
553 1493 831 1556 dixissem,
847 1505 944 1546 vos
959 1499 1137 1545 tamen
1162 1487 1424 1557 scriptum
1449 1484 1763 1539 meminisse
1780 1497 1944 1554 opor-

358 1587 537 1643 tebat:
554 1584 664 1658 Ego
681 1585 816 1649 dixi,
837 1583 925 1636 Dii
939 1583 1084 1637 estis.
1104 1579 1305 1636 Deinde
1321 1579 1434 1633 haec
1447 1576 1752 1648 verba,Ego
1768 1585 1816 1630 et
1834 1575 1943 1630 Pa-

361 1688 442 1733 ter
469 1693 631 1732 unum
661 1692 863 1738 sumus,
899 1673 1220 1747 explanans,
1252 1678 1498 1725 mutuam
1528 1667 1650 1723 Filii
1681 1677 1735 1724 et
1761 1667 1943 1723 Patris

357 1771 624 1826 unitatem
646 1768 848 1824 eisdem
880 1738 1109 1820 indicari
1129 1764 1306 1829 docet,
1343 1777 1468 1818 cum
1503 1761 1598 1828 ait,
1632 1760 1774 1826 Quia
1803 1759 1940 1825 dixi,
1973 1738 2015 1793 Β

357 1860 539 1917 Filius
561 1861 654 1916 Dei
671 1875 807 1914 sum.
827 1856 960 1912 Nam
981 1856 1200 1912 tametsi
1231 1853 1412 1909 verbis
1443 1853 1497 1908 id
1515 1867 1622 1907 non
1650 1852 1940 1922 expressit,

358 1964 540 2011 tamen
557 1951 702 2024 quod
721 1952 804 2006 his
820 1949 1067 2014 vocibus,
1088 1963 1252 2002 unum
1272 1961 1476 2010 sumus,
1496 1944 1856 2016 signiﬁcatur,
1874 1944 1942 1999 ad

356 2045 538 2118 ipsum
554 2037 971 2098 retulitFilium.
993 2035 1139 2102 Nihil
1169 2052 1338 2092 unum
1367 2043 1451 2091 est
1481 2049 1604 2089 cum
1633 2033 1814 2100 Patre,
1833 2033 1940 2090 nisi

356 2136 501 2207 quod
525 2149 591 2188 ex
612 2135 729 2203 ipso
742 2129 905 2185 Patre
918 2137 1022 2186 est.
1038 2127 1180 2195 Quid
1195 2142 1359 2199 porro
1375 2141 1441 2182 ex
1459 2127 1578 2195 ipso
1597 2124 1758 2180 Patre
1776 2124 1942 2180 fuerit

355 2236 555 2297 praeter
604 2222 852 2279 Filium?
895 2221 1081 2292 Itaque
1119 2219 1416 2285 concludit,
1483 2215 1552 2272 Ut
1612 2217 1940 2288 cognoscatis

355 2320 485 2390 quia
511 2333 604 2389 ego
630 2319 687 2371 in
714 2316 898 2384 Patre,
924 2324 973 2370 et
997 2314 1164 2369 Pater
1191 2313 1248 2367 in
1273 2327 1355 2366 me
1383 2319 1482 2366 est.
1507 2307 1619 2364 Nec
1640 2310 1786 2364 enim
1809 2308 1940 2380 quid

355 2428 522 2466 unum
555 2409 702 2466 istud
737 2417 881 2465 esset
913 2407 1218 2478 explicans,
1255 2404 1395 2460 dixit
1433 2403 1490 2458 in
1540 2417 1606 2457 eo
1637 2416 1760 2457 esse
1792 2400 1940 2472 quod

355 2504 502 2560 idem
535 2502 670 2558 illud
700 2503 773 2558 sit
815 2516 1055 2572 quocum
1096 2513 1266 2554 unum
1305 2505 1432 2552 est:
1471 2495 1568 2552 sed
1608 2495 1663 2548 in
1697 2491 1940 2563 ecquod

354 2597 474 2666 ipse
519 2596 592 2652 sit
639 2594 694 2649 in
725 2593 910 2660 Patre,
943 2599 998 2648 et
1048 2590 1209 2646 Pater
1247 2589 1303 2644 in
1332 2587 1496 2654 Filio,
1548 2601 1657 2659 qua
1689 2587 1940 2642 videlicet

355 2689 572 2745 ratione
616 2687 758 2743 inter
788 2701 847 2742 se
880 2693 1010 2741 sunt
1039 2681 1340 2754 conjuncti,
1375 2696 1478 2738 nec
1525 2696 1556 2735 a
1605 2698 1664 2738 se
1697 2679 1938 2751 separari

359 2789 592 2852 queunt.
622 2777 870 2848 Namque
896 2776 1076 2846 ipsum
1107 2788 1327 2846 quoque
1353 2771 1575 2828 Sabellii
1604 2775 1711 2829 hoc
1737 2774 1792 2827 in
1818 2773 1939 2826 loco

355 2871 555 2928 evertit
591 2884 858 2933 errorem,
895 2867 1097 2938 quippe
1127 2865 1223 2936 qui
1251 2879 1364 2919 non
1393 2863 1615 2929 dixerit,
1670 2865 1783 2934 Ego
1814 2878 1936 2918 sum

354 2963 541 3028 Pater,
581 2961 697 3025 sed,
727 2960 904 3014 Filius
927 2959 1027 3013 Dei
1053 2974 1191 3013 sum.
1219 2957 1409 3012 Arium
1457 2959 1659 3028 pariter
1686 2956 1939 3028 proﬂigat

354 3063 480 3111 eum
514 3054 610 3120 ait,
645 3051 819 3108 Unum
842 3067 1044 3104 sumus.
1077 3048 1347 3116 Quocirca
1381 3049 1428 3106 si
1455 3047 1603 3103 aliud
1630 3056 1713 3103 est
1740 3046 1932 3112 Filius,
1963 3078 2010 3143 ϐ

354 3155 410 3200 et
442 3143 590 3198 aliud
624 3151 709 3198 est
737 3139 976 3196 Verbum
1004 3179 1021 3204 ,
1076 3154 1188 3194 non
1221 3138 1457 3194 Verbum
1494 3153 1664 3193 unum
1697 3146 1781 3194 est
1808 3153 1932 3192 cum

355 3236 543 3299 Patre,
583 3235 681 3290 sed
724 3233 938 3289 Filius:
986 3247 1161 3302 neque
1190 3231 1286 3301 qui
1333 3228 1572 3285 Verbum
1604 3229 1759 3294 vidit,
1803 3229 1937 3284 vidit

357 3329 604 3394 Patrem,
637 3327 729 3383 sed
760 3326 856 3396 qui
883 3323 1084 3379 Filium
1118 3322 1279 3379 vidit.
1323 3321 1614 3389 Praeterea,
1650 3321 1734 3376 vel
1765 3320 1936 3376 Filius

355 3420 538 3490 major
567 3427 653 3473 est
694 3415 898 3480 Verbo,
933 3416 1016 3470 vel
1057 3412 1296 3470 Verbum
1335 3412 1472 3467 nihil
1508 3413 1742 3482 amplius
1775 3411 1938 3467 habet

355 3526 520 3584 quam
542 3508 736 3565 Filius.
769 3507 978 3579 Ecquid
1005 3507 1152 3562 enim
1181 3503 1362 3576 majus
1392 3506 1474 3560 vel
1497 3503 1794 3575 perfectius
1814 3517 1938 3560 esse

354 3602 549 3673 possit,
584 3614 750 3672 quam
793 3599 940 3670 quod
984 3597 1324 3672 signiﬁcatur
1369 3595 1522 3650 hisce
1566 3596 1933 3660 dictionibus,

361 3693 536 3749 Unum
562 3693 628 3759 “,
663 3691 776 3763 Ego
817 3691 873 3745 in
895 3689 1080 3755 Patre,
1113 3699 1162 3743 et
1189 3688 1356 3742 Pater
1392 3687 1449 3741 in
1479 3703 1559 3741 me
1598 3688 1831 3752 est:Qui
1860 3688 1937 3742 ei-

353 3788 436 3842 dit
461 3803 564 3850 me,
592 3784 721 3841 uidit
750 3783 971 3838 Patrem
992 3782 1040 3814 “
1065 3782 1088 3836 ?
1125 3779 1220 3836 Hae
1260 3779 1408 3836 enim
1436 3794 1602 3834 voces
1631 3777 1754 3832 Filii
1785 3788 1932 3834 sunt.

355 3878 446 3932 Ait
476 3893 606 3948 ergo
637 3874 780 3930 idem
812 3870 1052 3928 Joannes
1079 3889 1095 3928 :
1125 3869 1230 3935 Qui
1261 3869 1392 3924 vidit
1411 3885 1510 3935 me,
1539 3867 1670 3922 vidit
1708 3869 1935 3939 eumqui

359 3970 500 4024 misit
531 3985 612 4021 me
634 3967 700 4021 ⁸⁸.
736 3964 821 4032 Εῑ,
861 3963 968 4030 Qui
995 3979 1076 4018 me
1114 3964 1320 4032 recipit,
1361 3961 1546 4031 recipit
1575 3977 1695 4016 eum
1719 3961 1810 4033 qui
1836 3963 1936 4015 mi-

357 4065 429 4116 sit
451 4077 530 4114 me
555 4060 622 4112 “.
652 4057 738 4125 Et,
767 4056 879 4127 Ego
906 4057 1001 4110 tua:
1028 4056 1081 4108 in
1106 4055 1359 4108 mundum
1384 4056 1519 4118 veni,
1561 4065 1620 4109 ut
1645 4056 1815 4109 omnis
1844 4053 1934 4124 qui

355 4151 524 4207 credit
551 4151 604 4204 in
639 4165 740 4211 me,
766 4149 821 4201 in
848 4145 1072 4200 tenebris
1093 4159 1197 4198 non
1219 4153 1450 4198 maneat.
1481 4142 1569 4211 Et,
1599 4144 1662 4200 Si
1699 4147 1815 4215 quis
1846 4160 1936 4197 au-

354 4239 514 4298 ἀστὴ
547 4241 701 4294 verba
736 4255 872 4304 mea,
901 4247 950 4292 et
971 4253 1076 4291 non
1119 4237 1452 4302 custodierit,
1480 4254 1574 4308 ego
1605 4253 1713 4292 non
1748 4237 1934 4306 judico

354 4351 495 4390 eunt.
541 4333 664 4387 Non
713 4333 852 4386 enim
883 4331 999 4385 ueni
1044 4339 1105 4383 ut
1133 4329 1374 4399 judicent
1429 4331 1704 4398 mundum,
1740 4330 1830 4384 sed
1876 4341 1933 4384 ut

2045 844 2248 910 Harpl.
2281 842 2502 908 Καίτοι,
2534 843 2658 896 ὅσον
2681 845 2746 896 ἐκ
2773 841 2864 894 τοῦ
2893 841 3202 914 προφανοῦς
3223 842 3302 894 δεῖ
3331 844 3492 906 νοεῖν,
3516 841 3629 895 οὔθ’

2046 935 2126 986 ὅτι
2155 934 2283 999 Θεός
2314 937 2462 1006 εἰμι,
2508 934 2618 987 οὐδ’
2651 935 2732 988 ὅτι
2773 935 2900 998 Υἱὸς
2929 934 3062 988 Θεοῦ
3091 935 3206 1005 εἰμι
3226 976 3238 996 ,
3270 929 3457 1000 εἶπεν,
3491 935 3628 1000 ἀλλ’,

2059 1027 2198 1097 Ἐγὼ
2223 1029 2320 1080 καὶ
2347 1031 2378 1081 ό
2414 1027 2616 1095 Πατὴρ
2646 1026 2716 1080 ἒν
2740 1027 2946 1096 ἐσμεν.

2117 1119 2202 1173 17.
2228 1121 2291 1172 Οἱ
2319 1120 2415 1190 μὲν
2438 1114 2530 1173 οὖν
2559 1119 2798 1172 Ἰουδαῖοι
2823 1121 2878 1172 ὲν
2900 1118 2977 1190 τῷ
2997 1118 3351 1182 ἀκοῦσαι,ἓι·,
3382 1117 3633 1188 ἐνόμιζον

2045 1213 2186 1266 κατὰ
2218 1212 2502 1266 Σαὸέλλιον
2531 1212 2692 1266 αὑτὸν
2721 1212 3000 1282 εἰρηκέναι
3033 1207 3171 1265 εἶναι
3197 1211 3288 1266 τὸν
3314 1211 3532 1283 Πατέρα
3551 1229 3564 1241 ·
3600 1213 3631 1264 6

2043 1305 2101 1357 δέ
2124 1322 2188 1374 γε
2214 1304 2403 1376 Σωτὴρ
2425 1304 2582 1375 ἡμῶν
2603 1303 2968 1372 συλλογίζεται
2995 1303 3092 1374 μὲν
3119 1303 3296 1357 αὐτῶν
3325 1303 3422 1374 τὴν
3445 1304 3629 1374 ἁμαρ-

2042 1398 2162 1450 τίαν
2197 1398 2280 1450 ὂτι
2303 1412 2317 1427 ⁶
2354 1397 2418 1450 Et
2462 1396 2556 1450 καὶ
2601 1395 2733 1449 Θεὸν
2786 1391 2936 1449 εἷπον
2961 1437 2974 1463 ,
3035 1395 3142 1449 ἔδει
3173 1396 3316 1466 ὑμᾶς
3346 1380 3540 1450 εἶδέναι
3566 1395 3630 1448 τὸ

2044 1489 2461 1562 γεγραμμένον,
2510 1486 2649 1558 Ἐγὼ
2689 1483 2828 1541 εἶπα
2865 1486 2940 1554 {6)
2962 1527 2974 1548 ,
3015 1488 3149 1540 Θεοί
3177 1488 3348 1541 ἐστε·
3385 1481 3506 1541 εἶτα
3535 1487 3622 1549 τὸ,

2057 1583 2198 1651 Ἐγὼ
2230 1581 2327 1635 καὶ
2357 1585 2390 1635 ό
2418 1579 2620 1648 Πατὴρ
2640 1578 2708 1632 ἓν
2732 1579 2937 1648 ἐσμεν,
2970 1579 3299 1650 σαφηνίζων,
3329 1581 3385 1632 ἐν
3406 1578 3485 1650 τῷ
3511 1579 3626 1651 Υιῷ

2044 1675 2144 1746 τὴν
2177 1674 2314 1746 πρὸς
2340 1673 2428 1726 τὸν
2453 1673 2671 1742 Πατέρα
2696 1672 2922 1742 ἑνότητα
2947 1671 3253 1725 ἀποδέδωκε
3281 1671 3476 1740 λέγων,
3508 1672 3627 1724 Ὅτι

2043 1767 2238 1824 show
2271 1769 2402 1834 Υἱός
2441 1770 2557 1836 ειμι
2588 1765 2695 1819 τοῦ
2726 1767 2873 1820 Θεοῦ
2899 1766 2996 1836 (7).
3031 1766 3092 1818 Εἰ
3125 1764 3233 1836 γὰρ
3254 1767 3320 1837 τῇ
3355 1765 3497 1832 λέξει
3525 1764 3629 1818 οὐκ

2044 1857 2216 1926 εἶπεν,
2244 1861 2380 1915 ἀλλὰ
2402 1863 2503 1934 τὴν
2535 1861 2774 1915 διάνοιαν
2803 1859 2897 1913 τοῦ
2922 1899 2937 1923 ,
2969 1858 3038 1913 ἓν
3069 1859 3256 1928 ἐσμεν
3278 1899 3291 1921 ,
3318 1858 3627 1913 ἀποδέδωκε

2042 1955 2119 2026 τῷ
2142 1953 2253 2026 Υἱῷ
2285 1954 2383 2024 (8).
2415 1953 2580 2006 Οὐδὲν
2614 1953 2721 2025 γὰρ
2756 1951 2813 2004 ἒν
2839 1951 2974 2022 πρὸς
2995 1935 3357 2022 τὸνΠατέρα,
3381 1952 3429 2002 ει
3463 1948 3537 2020 μὴ
3565 1948 3632 2002 τὸ

2042 2048 2101 2114 ἐξ
2131 2045 2316 2099 αὐτοῦ.
2340 2045 2405 2098 Τί
2434 2045 2478 2097 δ’
2511 2043 2575 2098 ἂν
2597 2045 2679 2115 εἴη
2709 2044 2768 2096 τὸ
2791 2043 2850 2106 ἐξ
2881 2041 3045 2096 αὐτοῦ
3080 2041 3112 2113 ἢ
3147 2044 3176 2094 6
3200 2041 3361 2107 Υἰό;;
3402 2039 3626 2110 Ἐπιφέ-

2044 2155 2127 2209 ρει
2160 2137 2292 2206 γοῦν
2315 2178 2330 2202 ,
2385 2137 2512 2190 Ἵνα
2549 2136 2881 2206 γινώσκητε
2904 2176 2917 2198 ,
2961 2134 3050 2188 ὅτι
3074 2133 3188 2202 ἐγὼ
3219 2132 3289 2186 ἐν
3312 2131 3391 2198 τῷ
3419 2131 3628 2200 Harp}.

2041 2230 2137 2284 καὶ
2166 2232 2198 2282 ό
2219 2229 2421 2296 Πατὴρ
2445 2228 2514 2281 ἐν
2532 2227 2682 2296 ἐμοί.
2719 2225 2792 2280 Τὸ
2820 2227 2928 2298 γὰρ
2956 2225 3013 2278 ἒν
3046 2222 3497 2295 ὲπεξηγούμενος,
3523 2223 3629 2275 οὐκ

2041 2322 2097 2372 ὲν
2124 2319 2200 2391 τῷ
2224 2319 2353 2373 αὐτὸ
2375 2315 2515 2372 εἶναι
2532 2320 2608 2390 (9)
2626 2319 2802 2371 ἐκεῖνο
2825 2318 2961 2389 πρὸς
2984 2317 3012 2370 6
3041 2317 3100 2370 ἓν
3129 2319 3274 2370 ἐστιν
3307 2312 3479 2379 εἶπεν,
3505 2315 3625 2370 ἀλλ’

2041 2411 2099 2461 ἐν
2132 2407 2208 2478 τῷ
2235 2408 2396 2461 αὐτὸν
2424 2409 2481 2461 ὲν
2501 2407 2579 2478 τῷ
2607 2407 2803 2479 Πατρὶ,
2827 2408 2918 2460 καὶ
2946 2408 3035 2460 τὸν
3060 2408 3274 2478 Πατέρα
3298 2410 3354 2459 ὲν
3384 2403 3460 2475 τῷ
3483 2403 3623 2476 Υἱῷ,

2039 2501 2138 2572 τὴν
2171 2501 2464 2569 σιινάφειαν
2484 2540 2499 2564 ,
2537 2499 2630 2552 καὶ
2660 2499 2722 2552 τὸ
2753 2497 3074 2570 ἀχώριστον.
3113 2499 3223 2552 Καὶ
3252 2497 3360 2568 γὰρ
3388 2497 3482 2551 καὶ
3515 2497 3624 2550 Σα-

2041 2592 2246 2645 ϐἐλλιον
2272 2594 2330 2645 ὲν
2359 2591 2532 2661 τούτῳ
2554 2592 2868 2660 ἀνατρέπει,
2903 2592 2960 2643 ἐν
2987 2589 3062 2660 τῷ
3086 2591 3260 2643 εἰπεῖν
3282 2591 3401 2660 οὐχ,
3430 2590 3490 2643 Ὀ
3513 2591 3629 2643 Πα-

2038 2686 2143 2756 τήρ
2171 2685 2321 2754 εἰμι,
2367 2683 2532 2749 ἀλλὰ,
2582 2684 2635 2736 Ὀ
2679 2682 2812 2750 Υἱὸς
2852 2682 2958 2736 τοῦ
2986 2681 3134 2737 Θεοῦ
3155 2698 3170 2712 ·
3200 2682 3293 2735 καὶ
3324 2683 3539 2753 Ἀρειον
3566 2682 3632 2734 ἐν

2037 2781 2115 2852 τῷ
2145 2784 2346 2846 εἰπεῖν,
2379 2782 2492 2835 ’Ἑν
2519 2781 2725 2850 ἐσμεν.
2760 2783 2822 2834 Εἰ
2851 2779 3030 2836 τοίνυν
3059 2783 3088 2834 6
3113 2781 3240 2844 Υἱὸς
3273 2781 3400 2834 ἄλλο
3421 2820 3436 2844 ,
3472 2780 3565 2834 καὶ
3594 2783 3631 2835 6

2038 2872 2209 2939 Λόγος
2225 2871 2370 2934 ἄλλο,
2392 2872 2491 2942 οὐχ
2512 2873 2540 2924 6
2564 2872 2736 2940 Λόγος
2759 2872 2819 2925 ἓν
2841 2874 2956 2925 ἐστι
2985 2872 3121 2944 πρὸς
3143 2872 3232 2925 τὸν
3249 2871 3487 2942 Πατέρα,
3506 2871 3629 2928 ἀλλῖ

2036 2964 2065 3016 6
2113 2963 2272 3026 Υἱός·
2303 2962 2424 3016 οὐδὲ
2452 2965 2481 3016 ὁ
2526 2963 2618 3016 τὸν
2647 2964 2818 3031 Λόγον
2854 2962 3114 3034 ἑωρακὼς
3145 2961 3357 3034 ἑώρακε
3389 2962 3482 3015 τὸν
3511 2964 3627 3016 Πα-

2037 3055 2188 3127 τέρα,
2221 3054 2334 3108 ἀλλ’
2358 3057 2387 3108 6
2414 3055 2505 3110 τὸν
2535 3055 2681 3109 Υἱόν.
2716 3055 2931 3109 Τούτων
2951 3056 3006 3110 δὲ
3035 3055 3418 3128 δεικνυμένων,
3442 3056 3476 3128 ἥ
3502 3057 3624 3128 μεί-

2040 3146 2149 3212 ζων
2193 3149 2222 3201 6
2253 3147 2383 3212 Υἱὸς
2425 3147 2518 3201 τοῦ
2552 3147 2759 3216 Λόγου,
2793 3147 2826 3218 ἢ
2874 3146 3056 3201 πλεῖον
3085 3147 3236 3200 οὐδὲν
3268 3149 3296 3201 6
3329 3147 3501 3216 Λόγος
3528 3148 3624 3201 τοῦ

2040 3239 2170 3293 Υῑοῦ
2199 3240 2332 3311 ἔχει.
2361 3240 2428 3293 Τί
2449 3239 2559 3312 γὰρ
2590 3239 2825 3311 μεῖζονῆ
2853 3239 3186 3312 τελειότερον
3207 3238 3324 3303 τοῦ,
3355 3240 3459 3291 Ἕν
3485 3237 3622 3310 (10),

2041 3331 2132 3384 καὶ
2164 3331 2258 3384 τοῦ
2278 3371 2293 3396 ,
2337 3332 2484 3401 Ἐγὼ
2513 3333 2584 3384 ἐν
2607 3330 2685 3396 τῷ
2716 3332 2921 3399 Πατρὶ,
2947 3330 3046 3384 καὶ
3073 3334 3106 3385 ό
3134 3330 3336 3399 Πατὴρ
3373 3331 3443 3384 ἐν
3468 3330 3624 3399 ἐμοὶ,

2039 3423 2132 3476 καὶ
2161 3423 2276 3487 τοῦ,
2317 3423 2381 3476 '0
2412 3423 2682 3492 ἑωρακὼς
2702 3423 2825 3493 ἐμὲ,
2847 3421 3066 3492 ἑώρακε
3093 3422 3200 3476 τόν
3219 3423 3483 3491 Πατέρα;
3511 3423 3625 3476 Ka‘.

2038 3514 2146 3586 γὰρ
2176 3515 2271 3569 καὶ
2299 3515 2412 3585 (ll)
2430 3511 2589 3570 αὗται
2617 3517 2673 3570 αἱ
2700 3517 2875 3587 φωναὶ
2899 3516 2992 3569 τοῦ
3017 3516 3147 3569 Υἱοῦ
3172 3518 3299 3570 εἰσι.
3323 3515 3462 3585 Φησὶ
3488 3514 3620 3585 γοῦν

2037 3606 2065 3657 6
2083 3606 2243 3669 αὐτὸς
2278 3606 2530 3679 Ἰωάννης
2545 3626 2557 3638 ι
2595 3609 2657 3661 '0
2679 3608 2951 3676 ἑωρακὼς
2972 3608 3096 3677 ἐμὲ,
3123 3608 3347 3677 ἑώρακε
3363 3607 3469 3662 τὸν
3484 3609 3625 3678 πέμ-

2036 3697 2237 3766 ⁴ειν-ιιιντοὶ
2256 3716 2350 3768 με·
2379 3700 2492 3763 καὶ,
2511 3700 2564 3752 Ὀ
2586 3700 2691 3769 ἐμὲ
2714 3699 3054 3769 δεχόμενος,
3086 3699 3323 3769 δέχεται
3343 3702 3452 3754 τόν
3482 3701 3622 3754 ἀπο·

2037 3789 2364 3844 στείλαντά
2405 3807 2516 3861 με’
2569 3791 2699 3854 καὶ,
2750 3791 2898 3860 Ἐγὼ
2934 3791 3060 3861 φῶς
3093 3793 3180 3857 εὶς
3228 3792 3338 3844 τὸν
3388 3792 3624 3861 κόσμον

2036 3880 2330 3948 ἐλήλυθα,
2359 3882 2460 3935 ἵνα
2493 3881 2612 3947 πᾶς
2635 3885 2668 3936 ό
2699 3882 3002 3935 πιστεύων
3033 3884 3121 3948 εἰς
3148 3880 3254 3951 ἐμὲ
3278 3881 3348 3933 ἐν
3366 3879 3439 3950 τῇ
3473 3894 3622 3934 σκο-

2037 3973 2133 4039 τίᾳ
2150 3970 2238 4042 μὴ
2260 3973 2470 4042 μείνῃο
2501 3972 2618 4036 καὶ,
2663 3971 2806 4026 Ἐάν
2829 3973 2921 4039 τίς
2947 3990 3067 4041 μου
3093 3972 3329 4042 ἀκούσῃ
3357 3973 3480 4028 τῶν
3510 3973 3620 4028 λό-

2037 4082 2175 4134 γων,
2193 4064 2294 4118 καὶ
2318 4064 2403 4134 μὴ
2433 4063 2698 4134 φυλάξῃ,
2725 4063 2839 4134 ἐγὼ
2865 4066 2936 4119 οὐ
2959 4064 3140 4133 κρίνω
3161 4065 3348 4118 αὐτόν
3367 4080 3380 4094 ⁸
3413 4068 3486 4120 οὐ
3506 4065 3619 4136 γὰρ

2035 4151 2226 4226 ἦλθον
2249 4156 2350 4210 ἵνα
2375 4156 2555 4225 κρίνω
2577 4155 2684 4210 τόν
2709 4156 2962 4226 κόσμον,
2995 4156 3133 4210 ἀλλ’
3167 4156 3268 4209 ἵνα
3295 4156 3476 4212 σώσω
3510 4156 3625 4211 τὸν

2037 4246 2288 4315 κόσμον.
2325 4244 2379 4297 '0
2398 4247 2582 4316 λόγος
2602 4244 2670 4298 δὲ
2688 4245 2761 4299 ὃν
2790 4247 2996 4301 ἀκούει
3014 4245 3126 4317 (12)
3143 4285 3157 4310 ,
3179 4246 3411 4313 ἐκεῖνος
3433 4246 3626 4316 κρινεῖ

2037 4335 2222 4390 αὐτόν
2241 4337 2311 4390 ὲν
2335 4334 2411 4406 τῇ
2437 4335 2666 4406 ἐσχάτη
2694 4335 2912 4406 ἡμέρᾳ·
2940 4337 3028 4390 ὅτι
3050 4337 3166 4409 ἐγὼ
3197 4337 3348 4408 πρὸς
3373 4339 3480 4393 τόν
3501 4342 3622 4394 Πα-

353 4428 555 4485 salvum
584 4426 781 4496 faciam
807 4422 1060 4477 mundum
1084 4437 1102 4475 :
1131 4421 1222 4476 sed
1251 4438 1422 4476 sermo
1450 4438 1601 4493 quem
1640 4421 1814 4486 audit,
1841 4422 1932 4477 ille

2045 4427 2174 4496 τέρα
2200 4429 2545 4498 πορεύομαι.
2603 4428 2677 4482 Τὸ
2718 4431 2976 4500 κήρυγμα
3014 4430 3072 4483 δέ
3116 4447 3248 4503 φησι
3284 4430 3489 4502 κρίνειν
3527 4433 3621 4485 τὸν

345 4516 614 4591 judicabit
651 4530 769 4570 eum
792 4516 848 4568 in
879 4513 1159 4567 novissimo
1195 4512 1318 4568 die:
1352 4515 1479 4584 quia
1501 4530 1594 4585 ego
1619 4515 1688 4568 ad
1713 4513 1931 4570 Patrem

352 4611 489 4666 vado
514 4609 581 4663 ⁸⁷.
617 4607 778 4672 Eum,
819 4607 912 4677 qui
941 4607 1256 4663 mandatum
1300 4622 1410 4662 non
1444 4608 1764 4672 servaverit,
1796 4624 1933 4678 pra:-

353 4697 628 4762 dieatidne
644 4701 1002 4773 iudicandum
1028 4716 1152 4757 esse
1189 4699 1450 4756 declarat.
1487 4697 1610 4754 Nisi
1637 4701 1806 4766 enim,
1847 4703 1933 4758 in-

417 4822 463 4855 "
500 4820 658 4877 Joan.
703 4836 772 4888 x,
813 4818 1004 4875 30-58.
1126 4817 1170 4849 ⁸³
1209 4817 1344 4888 ibid.
1405 4816 1497 4874 '50.

361 4895 406 4928 ⁸⁷
447 4892 607 4948 Joan.
643 4887 974 4958 num—48;
1012 4905 1124 4954 xlv,
1169 4887 1259 4943 i2.

423 5007 500 5080 (5)
542 5005 862 5080 Basiliensis
901 5003 1482 5080 et_Anglicanus,fr_oii
1528 5006 1744 5079 Πατρός
1801 5026 1929 5080 μου.

352 5075 555 5135 Ibidem
607 5075 907 5149 RegiusAet
954 5075 1322 5149 Segu’erianus
1371 5076 1460 5149 hic
1484 5075 1694 5149 et_mo'x
1728 5075 1930 5149 μὴ’πι-

353 5149 591 5221 στεύετε,
622 5144 1177 5216 δι’γινώσκετεξΑιὶἰ
1220 5155 1274 5201 et
1317 5147 1470 5212 editi,
1504 5147 1578 5218 μὴ
1614 5144 1928 5221 πιστεύητε,

351 5231 405 5274 et
430 5217 757 5288 γινώσκητε.

424 5287 501 5357 (6)
543 5287 797 5360 SicLReg.
832 5288 1055 5360 Seguer.
1089 5287 1253 5360 Basil.
1287 5295 1342 5342 et
1371 5287 1702 5360 Anglicum
1753 5289 1843 5342 alii
1877 5298 1931 5344 et

349 5355 504 5423 editi,
530 5360 611 5411 ὅτι
639 5355 780 5423 Ἐγὼ
817 5355 968 5423 εἶπα,
997 5359 1120 5412 Θεοί
1144 5359 1266 5410 ἐστε
1302 5358 1394 5411 καὶ
1427 5355 1554 5419 υἱοὶ,
1584 5355 1722 5419 εἶτα,
1754 5371 1856 5413 etc.

423 5429 500 5499 (7)
540 5427 674 5499 Reg.
699 5427 1016 5498 Seguerian.
1050 5428 1214 5499 Basil.
1243 5437 1298 5499 et
1323 5429 1607 5499 Anglican.
1640 5428 1732 5482 τοῦ
1763 5429 1922 5484 Θεοῦ.

351 5497 583 5620 lnialiis
610 5497 664 5552 et
693 5497 852 5554 editis
896 5502 1048 5555 deest
1091 5497 1203 5552 τοῦ.
1243 5497 1444 5552 Ibidem
1475 5498 1697 5570 Regius,
1726 5500 1788 5551 Ei
1816 5500 1925 5572 γὰρ

352 5585 424 5620 κα
474 5585 561 5620 τη.

352 5585 448 5622 και
474 5585 561 5622 τη.

424 5585 637 5708 ξὸἶῃὲίο
660 5637 788 5708 Reg.
980 5637 1144 5692 Basil.
1175 5647 1230 5692 et
1258 5637 1469 5705 Anglic.
1504 5642 1572 5695 At
1605 5639 1696 5694 alii
1730 5649 1784 5695 et
1807 5638 1926 5695 edi-

448 5706 753 5759 ἁποδέδωκε
789 5708 866 5759 τῶ
945 5708 1018 5759 et?)
1047 5709 1164 5759 ἤτοι
1194 5707 1270 5759 τῶ
1302 5709 1434 5759 Υἱῶ.

352 5709 414 5776 ti,
437 5706 763 5762 ἀποδέδωκέ
789 5708 866 5778 τῷ
899 5706 1018 5776 Θεῷ
1047 5709 1164 5778 ἢτοι
1194 5707 1270 5778 τῷ
1302 5709 1434 5778 Υἱῷ.

1643 4817 1689 4849 ⁸⁸
1725 4819 1887 4876 Joan.
1928 4839 2042 4888 xw,
2086 4827 2142 4893 9,
2183 4826 2270 4880 10.

2037 4518 2113 4591 μὴ
2143 4518 2452 4589 φυλάξαντα
2477 4519 2577 4591 τὴν
2607 4519 2844 4592 ἐντολήν.
2876 4522 2939 4574 Ei
2971 4523 3081 4593 γάρ
3113 4539 3266 4592 φησι,
3292 4523 3381 4592 μὴ
3403 4520 3618 4592 ἦλθον,

2035 4612 2135 4665 καὶ
2163 4613 2438 4680 ἐλάλησα
2465 4612 2690 4679 αὐτοῖς,
2723 4614 3014 4683 ἁμαρτίαν
3037 4615 3149 4668 οὐκ
3175 4610 3344 4683 εἶχον
3360 4632 3376 4646 ·
3397 4615 3515 4669 νῦν
3549 4615 3623 4670 δὲ

2035 4705 2345 4773 πρόφασιν
2372 4707 2484 4774 οὐχ
2514 4705 2798 4771 ἕξουσιν,
2829 4709 2962 4777 φησὶ
2986 4745 3002 4772 ,
3033 4707 3329 4780 ἀκηκοότες
3375 4725 3474 4778 μου
3506 4707 3618 4762 τῶν

2414 4825 2460 4858 ⁸⁸
2497 4823 2656 4881 Joan.
2692 4838 2793 4892 xtl,
2827 4824 2920 4881 45.
3086 4824 3131 4856 ⁸⁸
3166 4823 3356 4881 Matth.
3403 4841 3460 4894 x,
3513 4823 3609 4881 40.

2107 5012 2184 5084 (9)
2224 5012 2426 5084 Regius
2454 5019 2508 5068 et
2534 5012 2921 5084 Seguerianus,
2957 5014 3016 5063 ὲν
3039 5010 3117 5082 τῷ
3138 5012 3270 5065 αὐτὸ
3306 5008 3468 5066 εἶναι.
3498 5011 3618 5068 Cae-

2037 5078 2140 5138 ter'i
2166 5078 2223 5154 et
2248 5078 2400 5154 editi,
2437 5085 2496 5136 ὲν
2525 5078 2784 5154 τῷάὒτῷ
2816 5078 2973 5154 εἶναι.

2110 5153 2222 5226 (l0)
2263 5153 2364 5226 Sic
2386 5169 2521 5226 mss.
2556 5152 2610 5226 et
2650 5153 2820 5226 editio
2850 5152 3302 5208 Commelininna.
3335 5153 3406 5209 At
3443 5152 3618 5210 editio

2038 5223 2217 5308 Pali-isi
2245 5223 2520 5308 εξᾨρξοιιἴ
2553 5223 2612 5277 ἓν
2644 5225 2832 5308 ἕξομεν.

2110 5294 2223 5367 (ll)
2265 5294 2589 5367 Sic_l{egius
2608 5304 2671 5367 et
2699 5292 3084 5367 Seguerianug.
3123 5292 3180 5367 In
3215 5293 3346 5367 aliis
3367 5301 3423 5349 et
3446 5293 3618 5367 editis

2036 5365 2131 5419 καί
2161 5362 2331 5421 deest.
2362 5362 2573 5436 Ibidem
2608 5363 2741 5433 Reg.
2763 5363 3000 5436 ASeguer.
3032 5364 3198 5420 Basil.
3231 5373 3285 5419 et
3308 5362 3613 5436 Anglican.
3685 5381 3696 5390 '

2033 5436 2171 5507 φησὶ
2204 5436 2334 5505 γοῦν
2388 5437 2417 5487 6
2461 5435 2622 5507 αὐτὸς
2647 5434 2930 5507 -Ἱωάννης,
2959 5449 3059 5504 pro
3099 5449 3210 5507 quo
3249 5435 3340 5489 alii
3368 5434 3614 5507 etiediti

2033 5504 2233 5560 habent
2284 5507 2377 5560 καὶ
2424 5506 2604 5559 πάλιν.
2647 5504 3020 5576 Ιὺίόειιιροει
3065 5504 3313 5576 ἑώρακε,
3335 5504 3465 5558 editi
3498 5505 3618 5576 βόα-

2032 5577 2181 5648 dunt,
2199 5579 2292 5648 τὸν
2319 5576 2555 5648 Πατέρα,
2587 5576 2732 5648 quod
2767 5575 2919 5648 abest
2942 5592 2972 5630 a
3002 5575 3170 5646 Regio
3198 5585 3253 5630 et
3284 5575 3614 5646 Seguerian.

2103 5647 2215 5719 (12)
2255 5645 2420 5705 Basil.
2451 5645 2506 5702 et
2528 5646 2740 5718 Anglic.
2773 5645 3008 5709 ἀκούεις.
