3944 6222
356 312 462 368 405

965 309 1020 363 S.
1063 306 1435 362 ATHANASII
1475 306 1628 364 OPP.
1667 305 1847 361 PARS
1886 307 1925 358 1.
1967 335 2037 347 -
2074 305 2445 362 HISTORICA
2486 305 2571 359 ΕΤ
2609 305 3037 363 DOGMATICA.

3502 303 3607 361 ‘96

359 434 546 504 quitur
594 438 651 483 ut
700 442 795 499 per
849 425 1047 481 Filium
1089 427 1261 481 lactus
1317 424 1483 480 fuerit
1529 425 1784 479 mundus.
1837 423 1928 478 Sic

2050 425 2263 492 ιγένετο.
2315 426 2400 478 Ἑν
2443 423 2549 495 γὰρ
2583 427 2645 494 τῇ
2679 425 2819 496 ἀρχῇ
2851 420 2960 477 ’τοῦ
2991 408 3324 492 Εὑοίγγελίου
3357 421 3485 493 περὶ
3517 421 3608 474 τοῦ

356 523 502 578 enim
533 521 872 590 evangelista
903 519 1061 572 initio
1093 517 1371 588 Evangelii
1402 517 1475 572 ita
1505 517 1571 571 de
1602 515 1810 570 Joanne
1834 514 1934 568 Ba-

357 613 522 686 ptista
558 611 801 680 loquitur
833 627 846 661 :
884 607 1006 660 Non
1049 618 1164 662 erat
1193 608 1282 661 ille
1310 607 1426 673 lux,
1468 606 1556 660 sed
1600 615 1654 658 ut
1700 607 1933 659 testimo-

355 707 507 760 nium
533 703 822 774 perhiberet
851 701 914 753 de
937 700 1136 754 lumine
1161 701 1226 753 ⁷³.
1264 698 1488 769 Nempe,
1522 707 1579 752 ut
1601 707 1758 752 antea
1789 697 1932 751 dixi-

359 811 517 861 mus,
567 795 684 864 ipse
733 791 985 846 Christus
1036 789 1129 844 tua:
1177 807 1300 844 vera
1350 798 1456 855 est,
1507 805 1622 859 qua:
1666 788 1934 842 illuminat

360 901 561 942 omnem
591 883 850 936 hominem
870 881 1156 934 venientem
1186 881 1239 932 in
1268 880 1514 932 mundum
1533 877 1600 932 ⁷⁸.
1625 876 1868 947 Namque
1888 878 1935 932 si

362 977 419 1031 in
449 975 652 1031 mundo
683 974 798 1043 ipse
819 979 956 1035 erat,
985 979 1039 1025 et
1071 970 1306 1026 mundus
1335 986 1430 1041 per
1452 985 1576 1026 eum
1605 969 1779 1024 factus
1810 977 1892 1022 est
1918 985 1931 1021 :

360 1083 588 1126 necesse
613 1067 779 1137 igitur
803 1073 886 1120 est
907 1064 1084 1134 ipsum
1113 1062 1208 1117 Dei
1237 1061 1470 1118 Verbum
1501 1077 1642 1130 esse,
1671 1077 1766 1131 per
1792 1059 1936 1130 quod

360 1162 544 1216 omnia
581 1159 722 1214 facta
777 1157 945 1212 fuisse
977 1156 1120 1212 idem
1177 1163 1427 1210 testatur.
1481 1153 1576 1207 Vel
1626 1153 1768 1206 enim
1797 1151 1935 1206 duos

359 1251 596 1308 mundos
625 1249 915 1304 admittere
951 1256 1234 1316 cogentur,
1271 1255 1330 1299 ut
1380 1259 1520 1298 unus
1573 1259 1667 1313 per
1714 1239 1932 1306 Filium,

360 1354 414 1400 et
443 1345 582 1399 alius
613 1357 708 1412 per
760 1340 999 1395 Verbum
1040 1337 1216 1392 factus
1273 1338 1384 1391 sit:
1438 1337 1521 1390 vel
1574 1335 1618 1390 si
1658 1349 1800 1389 unus
1853 1341 1937 1388 est

363 1436 622 1500 mundus,
671 1441 720 1487 et
757 1446 864 1486 una
903 1439 1085 1484 creata
1124 1439 1341 1492 natura,
1393 1426 1637 1495 sequitur
1678 1432 1731 1478 et
1767 1437 1932 1477 unum

361 1540 416 1584 et
440 1529 689 1584 eumdem
720 1524 916 1579 Filium
951 1538 1015 1578 ac
1038 1519 1277 1576 Verbum
1307 1528 1434 1576 ante
1457 1531 1674 1572 omnem
1697 1525 1933 1571 creatam

362 1631 613 1676 naturam
650 1616 946 1679 exstitisse,
1001 1615 1201 1684 quippe
1236 1618 1368 1682 ‘qua:
1415 1627 1510 1681 per
1565 1611 1741 1679 ipsum
1794 1606 1936 1662 facta

364 1715 546 1770 fuerit.
565 1712 858 1778 Quocirca,
901 1711 947 1765 si
980 1705 1438 1778 quemadmodum
1467 1718 1560 1772 per
1577 1701 1838 1765 Verbum,
1864 1701 1934 1754 ita

363 1817 417 1862 et
449 1822 541 1876 per
578 1804 775 1859 Filium
804 1803 987 1856 omnia
1037 1801 1175 1854 facta
1222 1807 1370 1863 sunt,
1429 1796 1567 1850 nihil
1595 1793 1928 1851 contrarium
1964 1775 2007 1829 Β

359 1915 481 1955 esse
514 1897 817 1969 apparebit,
852 1897 944 1949 sed
969 1894 1150 1963 potius
1178 1892 1319 1946 idem
1351 1889 1574 1944 omnino
1609 1889 1709 1944 erit
1729 1889 1929 1954 dicere,

363 1993 431 2048 In
476 1991 736 2062 principio
781 1998 896 2044 erat
967 1985 1226 2052 Verbum,
1283 1990 1357 2048 et,
1405 1979 1462 2036 In
1497 1981 1764 2052 principio
1817 1989 1934 2035 erat

361 2083 556 2138 Filius.
614 2080 719 2135 Sed
755 2079 821 2142 si,
872 2093 936 2134 eo
991 2076 1138 2147 quod
1188 2090 1296 2130 non
1348 2073 1546 2128 dixerit
1580 2072 1842 2136 Joannes,
1875 2069 1930 2125 In

360 2174 632 2248 principio
669 2179 787 2227 erat
835 2169 1028 2236 Filius,
1081 2173 1282 2238 negant
1315 2165 1455 2220 Filio
1484 2164 1778 2220 convenire
1813 2177 1937 2233 quae

361 2267 527 2322 Verbi
554 2264 772 2337 propria
799 2270 967 2327 sunt,
997 2259 1248 2316 similiter
1271 2257 1434 2328 igitur
1459 2254 1638 2311 Verbo
1665 2269 1774 2309 non
1800 2269 1936 2308 con-

363 2361 593 2416 veniunt
619 2372 741 2428 quae
759 2353 981 2426 propria
1005 2350 1288 2408 suntFiiii.
1315 2350 1480 2421 Atqui
1507 2348 1937 2404 demonstratum

365 2460 450 2508 est
495 2449 561 2505 ad
603 2447 803 2502 Filium
859 2447 975 2500 haec
1021 2443 1292 2513 pertinere
1325 2441 1512 2508 verba,
1553 2443 1664 2510 Ego
1695 2447 1744 2493 et
1771 2437 1938 2492 Pater

363 2558 530 2598 unum
560 2555 742 2596 sumus
767 2538 835 2603 ⁷⁵,
867 2537 1157 2606 ipsumque
1185 2549 1328 2597 esse,
1357 2533 1448 2603 qui
1475 2540 1551 2586 est
1573 2532 1628 2584 in
1664 2531 1785 2585 sinu
1829 2527 1941 2582 Pa-

367 2638 464 2691 tris
490 2635 574 2703 7‘;
608 2635 706 2688 has
739 2629 994 2688 similiter
1025 2642 1182 2682 voces
1208 2625 1328 2696 ejus
1369 2639 1512 2688 esse,
1543 2624 1634 2693 qui
1666 2621 1802 2677 videt
1835 2638 1936 2687 me,

364 2729 630 2783 oideteum
649 2719 736 2786 qui
748 2722 890 2776 misit
913 2736 994 2774 me
1007 2720 1050 2750 ⁷⁷
1070 2716 1268 2772 :Verbo
1283 2717 1410 2771 item
1428 2724 1481 2770 et
1495 2712 1634 2768 Filio
1650 2728 1941 2768 commune

365 2833 490 2874 esse
506 2817 649 2887 quod
667 2815 888 2880 dicitur,
905 2810 1173 2866 mundum
1191 2822 1384 2877 nempe
1404 2821 1494 2877 per
1514 2806 1692 2877 ipsum
1734 2803 1940 2858 factum

366 2921 528 2963 esse:
561 2919 628 2959 ex
657 2903 857 2974 quibus
894 2901 1115 2956 evidens
1150 2898 1222 2953 sit
1259 2895 1460 2951 Filium
1507 2904 1633 2974 ante.
1675 2895 1940 2950 mundum

367 2997 664 3061 exstitisse,
696 2995 966 3064 siquidem
996 3005 1219 3047 necesse
1249 2997 1331 3045 est
1347 2972 1748 3059 Opiﬁcem’ante
1777 3004 1941 3058 opera

366 3103 508 3145 esse.
535 3085 739 3141 Deinde
768 3099 836 3140 ex
875 3083 1096 3137 illorum
1129 3080 1399 3137 sententia
1435 3078 1683 3150 sequitur
1717 3080 1769 3134 id
1795 3077 1940 3149 quod

367 3135 1168 3248 ad-‘Pti—ilippumV—di—ctum-est,
1205 3188 1315 3227 non
1349 3171 1417 3226 ad
1448 3135 1706 3238 Verbum,
1740 3135 1838 3227 sed
1871 3171 1940 3225 ad
1969 3135 2010 3193 Ο

365 3272 565 3328 Filium
593 3271 885 3342 pertinere.
911 3266 1070 3333 Nam,
1115 3277 1174 3323 ut
1207 3276 1394 3322 narrat
1425 3265 1776 3336 evangelista,
1805 3265 1943 3320 dixit

367 3367 565 3422 Jesus:
604 3363 773 3419 Tanto
799 3375 1024 3432 tempore
1051 3362 1316 3416 vobiscum
1346 3377 1485 3425 sum,
1529 3377 1621 3414 nec
1650 3361 1940 3430 cognovisti

367 3473 472 3523 me,
501 3454 743 3524 Philippe
763 3454 790 3506 .9
813 3452 918 3518 Qui
953 3452 1085 3507 vidit
1112 3467 1212 3517 me,
1257 3449 1385 3504 vidit
1414 3447 1654 3504 Patrem.
1701 3449 1772 3503 Et
1811 3466 1942 3521 quo—

368 3545 524 3600 modo
566 3553 621 3598 tu
663 3544 820 3610 dicis,
853 3541 1079 3598 Ostende
1106 3541 1253 3594 nobis
1288 3538 1548 3594 Patrem?
1589 3537 1712 3593 Non
1751 3541 1940 3608 credis,

367 3639 494 3710 quia
514 3654 606 3709 ego
636 3638 693 3690 in
721 3635 884 3690 Patre
929 3646 980 3688 et
1013 3633 1172 3688 Pater
1214 3634 1272 3687 in
1313 3649 1394 3688 me
1421 3633 1547 3687 est?
1599 3631 1790 3698 Verba,
1825 3648 1942 3702 quia

368 3747 464 3804 ego
494 3731 685 3802 loquor
707 3729 876 3794 vobis,
902 3745 935 3782 a
957 3745 1037 3781 me
1065 3729 1176 3797 ipso
1199 3743 1301 3780 non
1331 3725 1554 3796 loquor:
1580 3725 1741 3780 Pater
1767 3736 1943 3780 autem

369 3823 462 3896 qui
487 3823 545 3876 in
569 3837 650 3875 me
677 3829 876 3884 manet,
903 3816 1059 3888 501
1085 3817 1195 3886 ipse
1219 3815 1351 3884 facit
1383 3831 1562 3883 opera.
1584 3813 1794 3868 Credite
1817 3813 1944 3867 mihi

368 3914 508 3988 quod
553 3929 646 3983 ego
673 3913 729 3964 in
766 3908 932 3963 Patre
971 3922 1109 3970 sum,
1157 3914 1207 3959 et
1252 3904 1416 3959 Pater
1459 3905 1515 3957 in
1554 3919 1654 3958 me.
1689 3902 1942 3972 Alioquin

369 4014 582 4078 propter
616 4017 774 4072 opera
821 4000 939 4068 ipsa
981 3997 1176 4051 credite
1205 3996 1356 4050 mihi.
1407 3994 1596 4062 Amen,
1639 4009 1792 4048 amen
1825 3992 1942 4044 dico

370 4097 536 4163 vobis,
565 4095 656 4165 qui
687 4092 853 4147 credit
889 4092 944 4145 in
971 4105 1072 4157 me,
1117 4104 1275 4158 opera
1300 4103 1418 4157 quae
1445 4102 1536 4157 ego
1577 4085 1717 4156 facio
1747 4092 1797 4138 et
1835 4085 1943 4154 ipse

372 4189 555 4260 faciet,
579 4196 628 4241 et
651 4185 859 4254 majora
878 4182 959 4236 his
984 4182 1163 4252 faciet,
1191 4180 1319 4250 quia
1346 4195 1437 4250 ego
1459 4177 1526 4232 ad
1549 4177 1764 4232 Patrem
1788 4178 1940 4231 vado.

371 4281 444 4336 Et
471 4279 813 4352 quodcunque
842 4274 1102 4346 petieritis
1129 4274 1185 4326 in
1209 4274 1418 4327 nomine
1440 4288 1574 4335 meo,
1597 4272 1694 4325 hoc
1723 4271 1940 4340 faciam,

371 4382 430 4426 ut
460 4371 785 4443 gloriﬁcatur
811 4365 976 4422 Pater
1006 4367 1062 4419 in
1111 4363 1250 4418 Filio
1271 4363 1338 4420 ⁷⁸.
1372 4363 1560 4434 Itaque
1601 4363 1648 4418 si
1693 4361 1856 4418 Pater
1887 4363 1945 4416 in

2035 517 2336 570 Βαπτιστοῦ
2360 516 2529 585 λέγων
2559 517 2802 570 Ἰωάννου
2823 516 2932 586 (24)
2951 519 2977 568 ὁ
2997 511 3397 585 Εὐαγγελιστής
3418 531 3579 584 φησιν
3599 531 3610 542 ·

2039 613 2158 664 Οὐκ
2183 606 2263 680 ἦν
2290 609 2517 674 ἐκεῖνος
2544 609 2606 662 τὸ
2631 607 2776 677 φῶς,
2807 610 2942 662 ἀλλ’
2970 609 3069 661 ἵνα
3093 608 3447 676 μαρτιφήσῃ
3477 603 3613 672 περὶ

2035 702 2142 756 τοῦ
2172 705 2383 772 φωτός.
2418 699 2523 754 Ἦν
2547 703 2656 774 γὰρ
2680 741 2693 766 ,
2719 704 2793 766 ὡς
2819 703 3140 774 προέφημεν
3162 741 3175 765 ,
3203 701 3270 753 τὸ
3297 699 3420 768 φῶς
3452 697 3616 760 αὐτὸς

2035 800 2062 849 6
2087 796 2317 868 Χριστὸς
2344 797 2409 850 τὸ
2445 796 2753 863 ἀληθινὸν,
2790 795 2856 848 τὸ
2883 794 3132 864 φωτίζον
3160 792 3354 845 πάντα
3393 791 3616 858 ἄνθρω-

2037 902 2154 941 πον
2175 888 2281 941 τὸν
2303 889 2628 956 ἐρχόμενον
2652 891 2738 952 εἰς
2782 886 2887 939 τὸν
2914 887 3145 954 κόσμον
3177 884 3309 952 (25).
3335 885 3398 936 Ei
3421 883 3530 954 γὰρ
3559 884 3616 935 ἐν

2036 978 2112 1049 τῷ
2133 979 2321 1050 κόσμῳ
2345 974 2433 1049 ἦν,
2470 979 2561 1032 καὶ
2583 981 2610 1032 6
2637 977 2839 1048 κόσμος
2859 978 2926 1029 δι’
2950 976 3111 1028 αὐτοῦ
3135 975 3348 1044 ἐγένετο
3364 1014 3377 1037 ,
3403 973 3614 1042 ἀνάγκη

2036 1068 2127 1123 οὖν
2159 1068 2318 1123 αὐτὸν
2352 1065 2486 1122 εἶναι
2516 1069 2605 1122 τὸν
2632 1068 2801 1136 Λόγον
2827 1067 2918 1122 τοῦ
2942 1067 3097 1131 Θεοῦ,
3133 1067 3259 1138 περὶ
3279 1058 3340 1119 οὗ
3364 1066 3457 1118 καὶ
3479 1065 3618 1118 πάν·

2035 1179 2103 1214 τα
2127 1162 2192 1214 δι’
2217 1160 2379 1213 αὐτοῦ
2408 1159 2731 1230 γεγενῆσθαι
2761 1159 2979 1230 ἔφησεν.
3016 1158 3083 1212 Ἢ
3115 1157 3222 1228 γὰρ
3256 1157 3350 1209 δύο
3381 1157 3622 1227 κόσμους

2037 1251 2539 1322 ἀναγκασθήσονται
2569 1251 2746 1319 λέγειν
2767 1291 2780 1313 ,
2816 1251 2880 1302 ἵν’
2907 1253 2935 1303 6
2967 1250 3064 1320 μὲν
3098 1249 3164 1301 δι’
3190 1247 3350 1311 Υἱοῢ,
3385 1249 3413 1300 6
3444 1247 3499 1300 δὲ
3533 1246 3621 1300 διὰ

2036 1345 2127 1399 τοῦ
2158 1346 2329 1410 Λόγου
2358 1342 2443 1414 εἴη
2467 1341 2704 1412 γεγονώς
2725 1361 2736 1371 ·
2782 1342 2813 1412 ἢ
2837 1385 2848 1407 ,
2880 1343 2927 1393 εἰ
2953 1336 3032 1404 εἷς
3061 1342 3206 1393 ἐστιν
3233 1343 3259 1393 6
3284 1340 3487 1410 κόσμος
3519 1340 3621 1394 καὶ

2041 1437 2137 1508 μία
2171 1439 2203 1506 ἠ
2234 1437 2409 1498 κτίσις
2431 1475 2443 1499 ,
2479 1433 2768 1488 ἀκόλουθον
2795 1435 2888 1486 καὶ
2918 1433 3028 1504 (26)
3070 1433 3164 1486 ἕνα
3194 1433 3289 1485 καὶ
3331 1433 3420 1485 τὸν
3451 1431 3618 1484 αὑτὸν

2039 1530 2165 1582 Υἰὸν
2213 1529 2306 1581 καὶ
2341 1528 2509 1595 Λόγον
2547 1527 2652 1597 πρὸ
2693 1529 2873 1596 πάσης
2920 1526 3176 1588 κτίσεωςο
3222 1524 3287 1577 δι’
3319 1524 3480 1578 αὑτοῦ
3509 1524 3619 1594 γὰρ

2035 1621 2275 1689 γέγονεν.
2309 1618 2516 1671 Οὐκοῦν
2545 1620 2592 1670 εἰ
2622 1617 2696 1681 ὡς
2729 1618 2840 1687 (‘27)
2865 1617 2955 1670 διὰ
2997 1617 3090 1669 τοῦ
3122 1617 3316 1685 Λόγου,
3345 1615 3486 1668 οὕτω
3523 1615 3625 1668 καὶ

2037 1712 2122 1765 διὰ
2150 1710 2277 1764 Υἱοῦ
2299 1709 2366 1762 τὰ
2391 1710 2565 1762 πάντα
2592 1709 2831 1777 γέγονεν,
2853 1707 3001 1760 οὐδὲν
3025 1706 3262 1761 ἐναντίον
3287 1706 3608 1776 φανήσεται,

2037 1805 2172 1860 ἀλλὰ
2205 1805 2298 1858 καὶ
2326 1803 2517 1854 ταύτὸν
2551 1801 2636 1871 εἴη
2679 1801 2744 1855 ἂν
2786 1803 2988 1864 εἰπεῖν,
3021 1800 3130 1866 ὼς,
3173 1801 3268 1852 Ἐν·
3293 1797 3450 1867 ἀρχῇ
3478 1793 3557 1867 ἦν
3582 1801 3618 1852 ὁ

2039 1899 2248 1968 Λόγος,
2279 1897 2365 1948 Ἐν
2380 1896 2520 1966 ἀρχῇ
2549 1890 2616 1964 ἦν
2640 1895 2668 1946 6
2700 1894 2845 1956 Υἱός.
2873 1894 2934 1946 Ei
2961 1893 3036 1956 δὲ,
3057 1894 3137 1945 ὅτι
3167 1891 3240 1963 μὴ
3269 1887 3419 1943 εἶπεν
3439 1891 3469 1943 6
3500 1891 3614 1942 Ἰω-

2041 1991 2235 2060 άννης,
2279 1991 2369 2042 Ἐν
2402 1990 2541 2059 ἀρχῇ
2577 1984 2643 2056 ἦν
2689 1987 2716 2038 6
2764 1986 2888 2047 Υἱὸς
2912 2024 2927 2050 ,
2963 1987 3061 2055 οὐχ
3093 1983 3353 2054 ἁρμόζειν
3383 1983 3615 2054 φήσουσι

2039 2083 2116 2154 τῷ
2144 2081 2258 2154 Υιῷ
2291 2082 2360 2136 τὰ
2388 2080 2483 2134 τοῦ
2513 2079 2685 2148 Λόγου
2705 2117 2720 2141 ,
2747 2077 2864 2149 ὥρα
2895 2077 2987 2130 καὶ
3016 2076 3084 2129 τὰ
3109 2075 3203 2129 τοῦ
3238 2075 3367 2128 Υἱοῦ
3407 2075 3479 2146 μὴ
3511 2076 3614 2146 ἁρο

2046 2173 2229 2248 μύζειν
2258 2173 2335 2244 τῷ
2365 2173 2540 2242 Λόγῳ.
2572 2168 2676 2223 Τοὖ
2709 2169 2765 2222 δὲ
2800 2168 2932 2220 Υἱοῦ
2972 2166 3180 2238 ἐδείχθη
3213 2166 3294 2232 τὸ,
3344 2166 3491 2234 Ἐγὼ
3517 2166 3616 2219 καὶ

2044 2271 2076 2322 ό
2111 2265 2312 2333 Πατὴρ
2333 2265 2402 2318 ἐν
2423 2264 2628 2332 ἐσμεν,
2669 2261 2763 2314 καὶ
2785 2260 2844 2312 τὸ
2879 2259 3016 2326 (28),
3047 2262 3078 2312 ό
3108 2257 3192 2311 ὢν
3229 2258 3299 2311 ἐν
3328 2257 3451 2324 τοῖς
3473 2258 3618 2311 κόλ-

2045 2373 2178 2423 ποις
2204 2358 2310 2411 τοῦ
2342 2354 2570 2424 Πατρός
2590 2394 2603 2418 ,
2632 2351 2896 2422 ὑπάρχειν
2920 2349 3082 2404 αὐτόν
3102 2367 3115 2381 ·
3151 2349 3245 2402 καὶ
3273 2349 3332 2402 τὸ
3351 2388 3365 2410 ,
3400 2350 3454 2401 Ὁ
3482 2350 3623 2401 θεω-

2037 2451 2164 2520 ρῶν
2205 2449 2329 2518 ἐμὲ,
2365 2445 2567 2515 θεωρεῖ
2586 2445 2692 2498 τὸν
2723 2440 3042 2512 πέμψαντά
3070 2457 3146 2510 με
3168 2457 3181 2471 ·
3219 2440 3394 2494 κοινὸν
3439 2437 3628 2510 μέντοι

2045 2543 2182 2613 πρός
2203 2559 2261 2594 τε
2288 2541 2378 2593 τὸν
2403 2540 2570 2606 Λόγον
2601 2538 2695 2591 καὶ
2724 2536 2814 2588 τὸν
2838 2534 2962 2587 Υἱὸν
2990 2533 3052 2586 τὸ
3081 2531 3170 2585 τὸν
3199 2531 3400 2601 κόσμον
3424 2531 3490 2583 δι’
3519 2530 3622 2582 αὐ-

2046 2634 2136 2688 τοῦ
2180 2631 2538 2703 γεγενῆσθαι’
2593 2631 2668 2692 ὡς
2725 2629 2790 2680 ὲκ
2821 2625 3010 2678 τούτου
3049 2621 3355 2677 δείκνυσθαι
3390 2621 3495 2694 πρὸ
3527 2619 3622 2674 τοῦ

2047 2726 2251 2796 κόσμου
2279 2719 2418 2776 εἶναι
2447 2723 2534 2775 τὸν
2572 2721 2716 2774 Υἰόν.
2758 2718 2995 2788 Ἀνάγκη
3027 2716 3134 2788 γὰρ
3159 2714 3251 2768 τὸν
3289 2711 3623 2785 δημιουργὸν

2048 2817 2153 2889 πρὸ
2178 2815 2283 2868 τῶν
2311 2814 2608 2884 γινομένων
2636 2812 2750 2881 (29)
2781 2806 2941 2864 εἶναι.
2978 2810 3089 2862 Καὶ
3120 2807 3179 2860 τὸ
3203 2805 3338 2877 πρὸς
3360 2804 3626 2857 Φίλιππον

2048 2910 2104 2963 δὲ
2143 2909 2432 2980 λεγόμενον
2476 2907 2535 2960 οὐ
2570 2906 2662 2960 τοῦ
2694 2903 2868 2972 Λόγου
2900 2901 3019 2956 κατ’
3049 2900 3244 2962 αὐτοὺς
3273 2897 3339 2952 ἂν
3372 2895 3460 2967 εἴη
3487 2894 3628 2950 ἀλλὰ

2047 3001 2140 3056 τοῦ
2171 3001 2319 3055 Υἱοῦ.
2356 2997 2493 3054 Eine
2529 2998 2658 3069 γὰρ,
2689 2997 2873 3069 φησὶν,
2904 2998 2933 3049 6
2969 2993 3169 3065 Ἰησοῦς
3197 2992 3307 3062 (50)
3328 3007 3343 3022 ⁸
3402 2987 3624 3045 Τοσοῦ-

2048 3112 2154 3148 τον
2177 3095 2398 3163 χρόνον
2420 3092 2548 3162 μεθ’
2576 3088 2743 3160 ὑμῶν
2768 3091 2884 3158 ειμι
2902 3127 2917 3153 ,
2967 3086 3064 3140 καὶ
3097 3086 3208 3139 οὐκ
3236 3080 3500 3153 ἔγνωκάς
3525 3097 3622 3150 με,

2047 3189 2302 3241 Φίλιππε
2320 3202 2336 3248 ;
2365 3186 2426 3238 '0
2446 3183 2714 3253 ἑωρακὼς
2731 3180 2856 3250 ἐμὲ,
2877 3177 3095 3246 ἑώρακε
3117 3175 3225 3230 τὸν⁸
3242 3173 3493 3240 Πατέρα.
3513 3171 3624 3226 Kal

2047 3279 2172 3345 πῶς
2201 3278 2282 3332 σὺ
2308 3277 2524 3347 λέγεις,
2566 3273 2771 3338 Δεῖξον
2799 3269 2942 3340 ἡμῖν
2971 3268 3080 3322 τόν
3096 3269 3325 3339 Πατέρα
3358 3265 3510 3335 (31);
3541 3266 3625 3319 οὐ

2047 3370 2379 3435 πιστεύεις,
2412 3367 2500 3421 ὅτι
2526 3367 2640 3437 ἐγὼ
2665 3367 2734 3419 ἐν
2758 3363 2838 3430 τῷ
2874 3361 3057 3430 Harp!
3080 3400 3094 3424 ,
3130 3359 3228 3414 καὶ
3260 3363 3291 3414 ό
3319 3357 3523 3427 Πατὴρ
3554 3357 3624 3410 ἐν

2047 3462 2176 3531 ἐμοί
2195 3459 2357 3524 ἐστι;
2389 3459 2464 3513 Τὰ
2483 3457 2741 3528 ῥήματα,
2765 3453 2804 3509 ἁ
2825 3453 2938 3525 ἐγὼ
2959 3451 3128 3507 λαλῶ
3150 3450 3312 3520 ὑμῖν,
3335 3450 3434 3504 ἀπ’
3451 3450 3624 3519 ἐμαυ-

2047 3552 2153 3606 τοῦ
2175 3555 2245 3606 ού
2281 3549 2448 3606 λαλῶ
2467 3568 2480 3580 ·
2518 3553 2550 3604 ό
2580 3548 2649 3601 δὲ
2668 3545 2884 3614 ’Πατὴρ
2906 3585 2920 3610 ,
2953 3547 2986 3598 ὁ
3005 3544 3076 3597 ἐν
3102 3542 3230 3613 ἐμοὶ
3254 3540 3456 3611 μένων
3479 3581 3493 3605 ,
3521 3541 3626 3593 αὐ·

2048 3643 2148 3707 τὸς
2176 3641 2286 3711 (52)
2316 3639 2474 3693 ποιεῖ
2492 3639 2563 3692 τὰ
2589 3637 2751 3707 ἔργα.
2781 3632 3100 3689 Πιστεύετέ
3127 3651 3228 3702 μοι
3247 3672 3262 3697 ,
3290 3631 3379 3684 ὅτι
3409 3629 3526 3700 ἐγὼ
3551 3629 3621 3683 ἐν

2046 3733 2128 3798 τῷ
2160 3734 2339 3801 Πατρὶ
2358 3775 2371 3797 ,
2399 3731 2495 3784 καὶ
2535 3733 2567 3784 ό
2596 3728 2796 3796 Πατὴρ
2821 3727 2890 3780 ἐν
2910 3726 3042 3796 ἐμοί
3050 3766 3062 3779 .
3095 3727 3164 3778 Et
3196 3723 3264 3777 δὲ
3286 3723 3389 3792 μὴ,
3425 3721 3524 3776 διὰ
3550 3720 3623 3774 τὰ

2047 3823 2188 3892 ἔργα
2213 3819 2363 3876 αὐτὰ
2386 3818 2694 3876 πιστεύετέ
2713 3835 2834 3886 μοι.
2885 3816 3081 3885 Ἀμὴν,
3097 3813 3263 3884 ἀμὴν
3283 3812 3437 3881 λέγω
3457 3810 3620 3880 ὑμῖν,

2049 3918 2082 3970 ό
2113 3915 2410 3968 πιστεύων
2433 3915 2519 3978 εὶς
2549 3911 2676 3980 ἐμὲ,
2705 3911 2779 3964 τὰ
2803 3908 2947 3979 ἔργα
2965 3947 2979 3972 ,
3005 3907 3044 3963 ἄ
3073 3906 3186 3977 ἐγὼ
3223 3903 3390 3969 ποιῶ,
3420 3901 3620 3958 κάκεῖ-

2047 4025 2154 4073 νος
2178 4006 2446 4074 ποιήσει,
2481 4005 2577 4058 καὶ
2598 4004 2838 4075 μείζονα
2866 4003 3091 4057 τούτων
3116 3998 3374 4065 ποιήσει,
3403 3992 3624 4063 ὄτιὲγὼ

2050 4099 2199 4167 πρὸς
2224 4097 2328 4150 τὸν
2347 4095 2572 4166 Πατέρα
2599 4095 2939 4163 πορεύομαι.
2966 4091 3075 4145 Καὶ
3099 4090 3132 4144 ὅ
3157 4107 3214 4143 τι
3237 4086 3314 4142 ἂν
3337 4084 3623 4152 αἰτήσητε

2049 4192 2119 4243 ἐν
2140 4188 2220 4254 τῷ
2257 4188 2500 4256 ὀνόματί
2521 4204 2638 4256 μου
2659 4225 2674 4245 .
2702 4185 2877 4239 τοῦτο
2910 4182 3140 4248 ποιήσω
3163 4221 3176 4246 ,
3210 4181 3310 4234 ἵνα
3352 4173 3620 4242 δοξασθῇ

2053 4283 2085 4334 ό
2115 4277 2314 4345 Πατὴρ
2333 4277 2402 4330 ἐν
2427 4274 2506 4342 τῷ
2537 4275 2664 4340 Υὶῷ.
2692 4273 2897 4328 Οὐκοῦν
2921 4274 2968 4324 εἰ
2991 4272 3020 4323 6
3049 4271 3235 4341 Πατὴρ
3258 4266 3535 4333 δοξάζεται
3564 4265 3621 4316 ἐν

2052 4370 2130 4441 τῷ
2162 4367 2294 4438 Υἰῴ,
2317 4370 2344 4420 6
2378 4367 2504 4430 Υἱὸς
2535 4365 2601 4420 ἂν
2626 4367 2709 4437 εἴη
2741 4368 2770 4419 6
2803 4364 2974 4432 ὶέγων
2993 4379 3006 4392 ⁸
3056 4360 3202 4430 Ἐγὼ
3240 4360 3311 4414 ἐν
3335 4357 3414 4420 τῷ
3440 4353 3623 4422 Πατρὶ

370 4462 512 4518 Filio
547 4461 904 4534 gloriﬁcatur,
937 4457 1108 4513 Filius
1137 4457 1258 4513 sine
1305 4457 1472 4511 dubio
1507 4454 1672 4510 fuerit.
1696 4457 1790 4525 qui
1826 4457 1938 4511 ait:

2051 4460 2148 4513 καὶ
2177 4463 2208 4513 ό
2233 4458 2433 4526 Πατὴρ
2479 4458 2547 4511 ἐν
2571 4457 2701 4526 ἐμοί
2724 4471 2738 4486 ⁸
2787 4455 2948 4517 αὐτὸς
2979 4453 3072 4506 καὶ
3101 4452 3180 4515 τὸ,
3223 4452 3284 4503 '0
3313 4450 3418 4518 ἐμὲ
3446 4446 3622 4514 ἐώραμ

373 4555 488 4628 Ego
521 4556 580 4610 in
604 4553 786 4620 Patre,
812 4561 862 4606 et
897 4549 1060 4604 Pater
1091 4549 1148 4602 in
1181 4563 1262 4602 me
1299 4557 1398 4613 est,
1425 4557 1499 4612 et,
1543 4545 1648 4612 Qui
1683 4563 1765 4601 me
1794 4548 1941 4612 vidit,

447 4715 492 4746 ⁷³
525 4711 682 4768 Joan.
717 4728 756 4778 ι,
787 4711 839 4765 8.
916 4710 962 4741 ⁷⁸
999 4707 1130 4764 ibid.
1162 4707 1215 4762 9.
1288 4708 1335 4738 "
1373 4705 1530 4762 Joan.
1563 4722 1618 4770 ι,
1655 4707 1742 4761 50.
1819 4710 1864 4741 ⁷⁶
1901 4731 1938 4763 ,ι

2050 4709 2242 4777 ,1,18.

446 4854 558 4939 (24)
695 4851 842 4939 Reg.
865 4847 1088 4939 δοβρεε.
1118 4846 1281 4939 Rasil.
1305 4856 1359 4939 et
1377 4845 1686 4939 qngl‘ica‘ng
1712 4849 1804 4904 sed
1835 4851 1944 4932 duo

371 4917 553 4985 ultimi
593 4917 844 4992 Ἰωάννῆς
895 4917 992 4988 pro
1017 4918 1283 4992 “'ldeOU.
1325 4917 1544 4992 b_abent.
1579 4919 1648 4992 At
1681 4922 1946 4992 canet-Le;

371 4999 524 5064 editi,
550 4995 624 5060 ὼς
658 4995 686 5046 ὁ
718 4987 967 5060 Ἰωᾶννης
1014 4987 1118 5058 ἔφη
1167 4987 1296 5057 περὶ
1340 4988 1670 5043 Βαπτιστοῡ·
1707 4992 1820 5044 Οὐκ
1854 4987 1942 5063 ἦν,

372 5081 560 5208 eu2.25)
603 5133 694 5189 Sic
709 5131 926 5208 Regius
954 5139 1006 5208 e_t
1041 5129 1432 5208 Seguenanus:
1458 5128 1526 5208 ln_
1548 5129 1683 5208 aliis
1701 5140 1754 5185 et
1781 5133 1945 5208 editis

373 5198 464 5262 τόν
511 5198 680 5262 deest.
709 5198 914 5256 Ibidem
962 5201 1094 5271 Reg.
1125 5200 1348 5269 Seguer.
1382 5198 1552 5271 Basil.
1582 5209 1636 5255 et
1657 5201 1942 5271 Anglican.

376 5276 712 5360 κόσμον.
743 5273 851 5344 γὰρ
895 5271 972 5342 τῷ
1004 5269 1212 5341 κόσμῳ,
1241 5280 1344 5324 etc.
1376 5269 1466 5324 Sic
1507 5270 1634 5324 item
1667 5269 1819 5326 Gobl.
1851 5272 1944 5328 sed

375 5359 485 5419 γαρ
517 5359 744 5402 omisso.

449 5416 559 5492 (ξιξ)
600 5414 769 5492 ςῖρὶιι.⁸
793 5422 846 5467 et
878 5410 1171 5492 Feleltm.“l
1200 5409 1293 5462 καί
1325 5410 1600 5464 omittunt.

451 5482 562 5554 (27)
605 5485 700 5554 7'70;
723 5486 875 5540 abest
903 5483 972 5554 ab
994 5482 1312 5554 Anglicano.

451 5549 563 5632 (28)
603 5553 674 5609 T6
725 5559 877 5608 abest
926 5553 994 5606 ab
1038 5549 1355 5620 Anglicano.
1405 5549 1527 5606 Mox
1569 5549 1702 5621 Reg.
1737 5549 1859 5622 Seg.
1893 5561 1948 5606 et

379 5623 542 5678 Bastl.
591 5625 797 5678 addunt
868 5623 1130 5691 ὑπάρχειν
1172 5621 1351 5683 αὐτόν,
1402 5637 1522 5690 qua:
1570 5623 1660 5676 alii
1709 5632 1762 5676 et
1817 5623 1946 5677 editi

379 5693 656 5748 omittunt.

2051 4551 2190 4616 κὼς,
2220 4548 2437 4618 ἑώρακε
2468 4547 2572 4600 τόν
2596 4547 2843 4616 Πατέρα.
2880 4544 3051 4606 Αὐτὸς
3075 4542 3182 4613 γὰρ
3203 4543 3230 4594 6
3249 4540 3420 4593 ταῦτα.
3449 4539 3620 4606 λέγων

2323 4709 2366 4739 ⁷⁷
2409 4705 2565 4762 Joan.
2603 4721 2699 4773 xu,
2731 4704 2820 4758 45.
2900 4703 2946 4735 ⁷⁸
2983 4702 3141 4758 Joan.
3173 4717 3286 4767 xiv,
3312 4699 3462 4755 9-15.

2123 4851 2234 4922 (29)
2276 4849 2406 4920 Reg.
2439 4849 2562 4919 Seg.
2591 4857 2646 4904 et
2673 4846 2826 4903 Gobl.
2864 4843 3184 4916 γινομένων.
3220 4838 3410 4896 Ceteri
3437 4848 3492 4894 et
3512 4839 3625 4894 edi-

2140 4921 2466 4972 γενομένων.

2052 4922 2114 4987 ῑὶ,
2140 4922 2466 4987 γενομένων.

2140 4939 2466 4991 γενομενων.

2125 4991 2236 5062 (50)
2282 4989 2372 5045 Sic
2400 4989 2535 5062 Reg.
2571 4985 2899 5062 seg._Basil.
2935 4996 2986 5062 e_t
3013 4983 3248 5062 Anglic;
3277 4979 3369 5062 sed
3385 4979 3622 5062 βαρ-ιι(-

2053 5050 2323 5132 timi,pro
2357 5050 2582 5132 Ἰησόθς,
2627 5050 2826 5132 Habent
2863 5050 3134 5126 Ἰωάννηξζ
3161 5053 3353 5111 εδειωῆ
3382 5050 3436 5106 et
3467 5050 3620 5113 editi,

2055 5129 2317 5185 Τοσοῦτον
2343 5129 2471 5201 γὰρ,
2503 5129 2628 5200 ἔφη,
2656 5129 2866 5201 χρόνον.

2123 5203 2233 5272 (51)
2275 5189 2904 5272 EditioConlin'ejiniana
2928 5206 2982 5272 e_t
3005 5196 3374 5272 aliqugtAmss.
3391 5189 3485 5243 τὸν
3511 5189 3638 5272 Ila--

2052 5263 2330 5343 τὲῥα,’κα“ι
2375 5271 2441 5323 τὰ
2489 5269 2635 5343 ἑξῆς.
2683 5270 2744 5322 Εἰ
2783 5269 2879 5343 μὲν
2911 5263 3002 5343 οὖν
3031 5263 3122 5343 τὸν
3155 5265 3620 5343 ἄνθρωτξον,γειο.,

2051 5331 2271 5398 omissis
2301 5331 2656 5402 intermediis,
2687 5331 2807 5408 quae
2832 5340 2884 5393 in
2917 5338 3048 5408 Reg.
3086 5336 3210 5408 Sieg.
3241 5331 3404 5408 Basil.
3429 5342 3484 5408 St
3510 5331 3621 5408 An-

2053 5414 2177 5481 glic.
2205 5420 2441 5467 exstant.
2472 5411 2575 5466 Sed
2608 5401 2661 5464 in
2693 5401 2815 5476 Seg.
2852 5419 2973 5479 post
2998 5401 3089 5460 ῗνσ,
3115 5401 3406 5481 δοξασθῇ)μὸ
3433 5401 3619 5481 lla-ti}?

2054 5469 2110 5553 ἔν
2142 5482 2218 5553 τῷ
2251 5482 2383 5552 Υἱῷ,
2420 5483 2616 5536 desunt
2643 5469 3098 5550 quise-(tuantur
3138 5486 3262 5539 ante
3303 5469 3367 5526 Εἰ
3397 5473 3496 5542 μὲν
3525 5469 3618 5526 οὖν

2051 5552 2158 5624 τὸν
2176 5552 2271 5624 ἄνθ
2282 5569 2481 5624 ρωπον.

2124 5623 2234 5691 (32)
2277 5615 2440 5678 Basil.
2476 5630 2528 5675 et
2557 5619 2763 5691 Anglic.
2792 5621 2819 5671 6
2847 5625 2901 5674 et
2933 5617 3112 5682 αὐτός,
3146 5615 3422 5682 omittunt,
3455 5624 3514 5671 ut
3563 5619 3621 5670 et

2055 5690 2192 5748 αὐτά
2222 5693 2361 5748 infra
2392 5701 2508 5761 post
2534 5690 2601 5744 τὰ
2630 5691 2784 5759 ἔργα.
