3944 6222
287 416 394 472 4οἹ

1387 425 1638 480 onum
1675 426 1742 480 IV
1779 424 2056 482 CONTRA
2095 395 2430 479 ARIANOS.‘

3417 425 3522 484 ωδ

285 527 416 586 Υἰδν
447 531 641 588 ἑαυτὸν
669 534 936 592 δείκνυσιν
967 539 1219 608 ἐπάγων,
1255 541 1354 594 ἵνα
1375 527 1644 610 δοξασθῇ
1675 545 1707 596 d
1735 545 1849 596 Πα-

1954 543 2082 596 uidit
2105 528 2346 596 Patreni.
2362 538 2466 606 Qui
2481 537 2624 594 enim
2640 537 2758 596 haec
2770 538 3028 610 loquitur,
3060 542 3296 612 seipsum
3319 539 3518 602 Filium

285 620 400 691 τὴρ
433 623 504 676 ὲν
535 621 614 687 τῷ
651 625 776 689 Υἱῷ.

356 712 448 766 20.
484 715 547 766 Εἰ
573 714 672 785 μὲν
695 713 788 770 οὖν
819 717 910 771 τὸν
965 718 1268 791 ἄνθρωπον,
1330 719 1388 773 ὃν
1413 720 1670 790 ὲφόρεσεν
1699 722 1728 773 6
1751 719 1855 772 Λό-

283 817 402 872 γος,
429 805 593 858 αὐτὸν
635 801 774 860 εῖναι
811 807 1027 876 λέγουσι
1056 809 1146 862 τὸν
1169 809 1294 862 Υἱδν
1347 810 1438 862 τοῦ
1470 810 1602 862 Θεοῦ
1629 809 1720 862 τὸν
1760 827 1854 880 μο-

285 895 502 966 νογενῆ,
535 897 628 949 καὶ
658 898 732 969 μὴ
761 899 850 952 τὸν
889 900 1058 970 Λόγον
1114 901 1260 956 Υἱόν·
1287 905 1315 956 6
1343 903 1624 974 ἅνθρωπος
1651 901 1715 955 ἂν
1765 902 1853 972 εἴη

284 987 595 1051 ἀκολούθως
623 990 652 1041 6
681 991 738 1042 ὲν
763 989 842 1062 τῷ
875 992 1070 1062 Πατρὶ,
1101 995 1158 1046 ὲν
1177 987 1222 1061 ᾧ
1257 995 1351 1048 καὶ
1376 996 1404 1048 6
1453 993 1640 1065 Πατὴρ
1666 993 1724 1046 ὲν
1755 993 1854 1047 αὐ-

283 1077 360 1148 τῷ
389 1077 520 1150 (55)'
546 1078 640 1133 καὶ
669 1083 698 1134 6
723 1081 1004 1154 ἄνθρωπος
1037 1082 1102 1137 ἂν
1140 1086 1245 1156 εῐη,
1279 1089 1306 1139 6
1330 1086 1387 1139 ἓν
1419 1085 1492 1140 ὣν
1524 1087 1686 1148 αὐτὸς
1707 1087 1801 1140 καὶ
1827 1089 1856 1140 6

283 1171 496 1242 Πατὴρ,
532 1172 625 1224 καὶ
653 1174 681 1224 6
719 1173 776 1226 ὲν
828 1175 940 1236 τοῖς
987 1174 1206 1239 κόλποις
1259 1176 1354 1230 τοῦ
1384 1175 1614 1248 Πατρὺς,
1656 1178 1749 1230 καὶ
1795 1178 1856 1232 τὸ

283 1259 400 1327 φῶς
421 1260 483 1312 τὸ
514 1259 782 1332 ἀληθινόν.
835 1262 1362 1334 Ἀναγκασθήσονται
1412 1263 1468 1316 δὲ
1492 1264 1584 1316 καὶ
1605 1263 1672 1316 δι’
1693 1263 1853 1317 αὐτοῦ

283 1351 376 1404 τοῦ
414 1351 700 1423 ἀνθρώπου
729 1354 902 1408 εἰπεῖν
951 1353 1044 1407 τὸν
1105 1355 1305 1426 κόσμον
1364 1355 1708 1426 γεγενῆσθαι,
1755 1357 1850 1410 καὶ

283 1442 374 1496 τὸν
403 1442 688 1513 ἄνθρωπον
707 1439 844 1498 εἶναι
887 1446 979 1498 τὸν
1019 1446 1243 1500 ἐλθόντα
1284 1447 1358 1517 μὴ
1405 1449 1585 1518 κρῖναι
1615 1447 1707 1500 τὸν
1771 1447 1854 1500 κό-

286 1550 444 1603 σμον,
475 1534 612 1588 ἀλλὰ
637 1535 804 1589 σῶσαι
857 1537 1034 1590 αὐτόν’
1095 1538 1254 1590 αὐτὸν
1296 1537 1352 1590 δὲ
1409 1534 1546 1591 εἶναι
1587 1539 1680 1592 καὶ
1727 1539 1854 1610 πρὶν

296 1620 544 1692 Ἀϐραὰμ
575 1623 842 1690 γενέσθαι,
896 1625 1124 1692 Ἰησοῦς
1161 1627 1288 1698 γὰρ,
1334 1629 1494 1697 φησιν
1529 1627 1662 1699 (54),
1687 1623 1854 1682 εἶπεν

281 1711 505 1776 αὐτοῖς·
549 1711 744 1782 Ἀμὴν,
769 1713 932 1782 ἀμὴν
951 1715 1106 1784 λέγω
1130 1715 1289 1784 ὑμῖν,
1321 1718 1462 1785 πρὶν
1489 1717 1740 1787 Ἀϐραὰμ
1759 1735 1852 1788 γε·

279 1802 510 1870 νέσθαι,
547 1803 658 1872 ἐγώ
687 1805 823 1874 ειμι.
853 1806 962 1858 Καὶ
994 1805 1110 1870 πῶς
1133 1807 1234 1861 οὐκ
1275 1807 1472 1862 ἄτοπον
1505 1810 1624 1864 κατ’
1657 1811 1854 1874 αὐτοὺς

1957 649 2076 690 esse
2105 634 2458 705 probat,cum
2494 631 2661 698 addit,
2677 639 2734 685 ut
2755 631 3076 703 gloriﬁcetur
3101 632 3330 688 Paterin
3353 635 3516 691 Filio.

2026 722 2115 777 20.
2149 721 2206 776 Si
2251 723 2417 792 igitur
2448 720 2783 777 contendunt
2811 721 3108 786 hominem,
3141 737 3306 792 quem
3335 731 3518 794 gesta-

1955 812 2032 866 vit
2061 811 2318 880 Verbum,
2367 812 2566 868 Filium
2601 811 2694 868 Dei
2731 811 3068 883 unigenitum
3099 827 3239 877 esse,
3269 828 3380 867 non
3415 829 3518 868 au-

1958 902 2324 973 tem‘Verbum
2352 923 2366 959 :
2399 903 2644 974 sequitur
2669 913 2730 959 ut
2761 905 2926 959 homo
2961 904 3034 960 sit
3067 905 3158 960 ille
3186 905 3278 974 qui
3329 905 3384 958 in
3411 903 3516 960 Pa-

1957 1001 2040 1048 tre
2069 1003 2171 1059 est,
2223 1003 2277 1049 et
2307 995 2359 1049 in
2391 1010 2502 1066 quo
2526 995 2688 1050 Pater
2715 1003 2799 1050 est
2823 1014 2842 1049 :~
2884 995 3049 1050 homo
3073 996 3202 1050 item
3235 995 3328 1051 ille
3355 994 3520 1052 fuerit

1956 1086 2050 1156 qui
2079 1101 2244 1139 unum
2273 1086 2388 1155 ipse
2416 1094 2469 1140 et
2503 1084 2663 1139 Pater
2694 1093 2795 1152 est,
2827 1085 3028 1156 quique
3061 1085 3115 1140 in
3145 1086 3270 1141 sinu
3305 1095 3388 1143 est
3414 1085 3520 1141 Pa-

1955 1175 2076 1238 tris,
2107 1182 2161 1229 et
2191 1174 2285 1228 lux
2311 1189 2438 1229 vera
2469 1183 2570 1231 est.
2601 1172 2740 1230 Hinc
2775 1173 2934 1230 fateri
2963 1183 3224 1246 cogentur
3251 1175 3516 1232 mundum

1955 1278 2052 1334 per
2081 1261 2362 1316 hominem
2415 1261 2620 1317 factum
2661 1276 2803 1326 esse,
2833 1270 2888 1316 et
2918 1261 3192 1316 hominem
3221 1276 3348 1318 eum
3395 1277 3520 1318 esse

1955 1354 2048 1424 qui
2075 1355 2222 1409 venit
2253 1369 2362 1409 non
2393 1361 2454 1408 ut
2477 1354 2764 1424 iudicaret,
2795 1354 2890 1409 sed
2923 1361 2986 1408 ut
3015 1353 3276 1408 mundum
3305 1354 3516 1410 salvum

1955 1445 2154 1500 faceret
2185 1463 2198 1498 :
2237 1445 2416 1515 ipsum
2449 1445 2684 1514 denique
2723 1458 2844 1500 esse
2880 1443 3034 1513 prius
3055 1459 3216 1514 quam
3241 1445 3514 1502 Abraham

1955 1537 2126 1592 ﬁeret.
2160 1535 2316 1592 Jesus
2339 1535 2506 1602 enim,
2547 1535 2745 1606 inquit,
2794 1535 2934 1589 dixit
2959 1535 3069 1591 illis
3091 1551 3110 1589 :
3137 1536 3323 1605 Amen,
3364 1555 3516 1594 amen

1955 1627 2073 1681 dico
2119 1627 2283 1692 vobis,
2316 1635 2596 1697 antequam
2637 1625 2906 1680 Abraham
2951 1626 3135 1694 ﬁeret,
3185 1645 3278 1698 ego
3306 1645 3422 1682 sum
3444 1631 3510 1685 ⁷⁸.

1957 1720 2037 1770 An
2069 1733 2178 1774 non
2209 1733 2340 1774 vero
2365 1717 2760 1788 perabsurdum
2790 1717 2939 1774 dictu
2965 1727 3048 1774 est
3075 1734 3200 1774 eum
3231 1719 3514 1788 exsistere,

1955 1818 2247 1879 antequam
2275 1811 2422 1865 ﬁeret
2448 1809 2746 1876 Abraham,
2771 1825 2931 1879 quem
2961 1825 3029 1864 ex
3058 1811 3265 1866 semine
3285 1811 3516 1868 Abrahae

281 1895 366 1948 τὸν
394 1895 462 1946 ὲκ
485 1871 798 1964 σπέρματος
831 1895 1082 1968 ’Λϐραὰμ
1132 1897 1272 1967 μετὰ
1323 1898 1415 1951 δύο
1465 1899 1562 1953 καὶ
1594 1871 1849 1972 τεσσαράί

1955 1907 2076 1968 post
2101 1871 2473 1970 quadraginta
2516 1899 2653 1954 duas
2682 1871 2870 1954 armies
2901 1905 3090 1952 natum
3137 1913 3257 1954 esse
3281 1900 3516 1955 volunt?

281 2000 446 2039 κοντα
473 1983 664 2052 γενεὰς
701 1985 989 2055 γενόμενον
1021 1987 1133 2057 ('55)
1163 1987 1340 2057 λέγειν
1364 2030 1379 2056 ,
1434 1990 1560 2062 πρὶν
1607 1991 1853 2063 Ἀϐραὰμ

280 2073 552 2144 γενέσθαι,
581 2077 846 2148 ὑπάρχειν
872 2093 886 2142 ;
949 2078 1074 2142 Πῶς
1104 2080 1160 2132 δὲ
1193 2081 1294 2134 οὐκ
1324 2081 1542 2145 ἄτοπον,
1591 2085 1638 2136 εἰ
1679 2084 1711 2154 ἡ
1739 2083 1850 2152 (56)

280 2162 434 2238 σὰρξ,
453 2167 521 2238 ἠν
553 2165 807 2238 ὲφόρεσεν
829 2170 858 2220 6
888 2168 1076 2237 Λόγος,
1110 2169 1248 2242 αὕτη
1287 2171 1430 2224 ἐστὶν
1461 2175 1488 2226 ὁ
1519 2173 1852 2240 Υἱὸς,λέγειν

277 2257 374 2329 τὴν
407 2260 476 2310 ὲκ
509 2258 728 2326 Μαρίας
761 2259 938 2332 σάρκα
965 2260 1170 2330 ταύτην
1199 2257 1360 2326 εἶναι,
1417 2263 1482 2316 δι’
1509 2261 1576 2336 ἧς
1598 2267 1626 2318 6
1651 2267 1852 2336 κόσμος

275 2347 522 2414 ὲγὲνετος
554 2348 678 2412 Πῶς
703 2349 758 2402 δὲ
776 2351 1006 2419 φήσουσι
1036 2353 1130 2406 καὶ
1162 2353 1238 2418 τὺ,
1281 2355 1383 2409 Ἐν
1409 2355 1488 2420 τῷ
1527 2358 1732 2425 κόσμῳ
1749 2355 1850 2428 ἦν;

275 2439 346 2491 Τὸ
381 2439 494 2510 γὰρ
514 2439 620 2510 πρὸ
641 2440 738 2510 τῆς
779 2441 920 2494 κατὰ
945 2440 1124 2514 σάρκα
1153 2444 1418 2512 γενέσεως
1447 2446 1542 2499 τοῦ
1591 2447 1722 2500 Υἱοῦ
1751 2465 1849 2520 ση-

277 2530 486 2599 μαίνων
508 2533 536 2584 6
567 2531 971 2602 εὐαγγελιστὴς,
1013 2535 1258 2604 ἐπήγαγε
1294 2535 1487 2604 λέγων,
1521 2538 1617 2591 Ἑν
1641 2538 1720 2603 τῷ
1753 2541 1852 2592 κό-

273 2636 408 2692 σμῳ
425 2619 524 2692 ἦν.
553 2624 676 2688 Πῶς
708 2625 764 2678 δὲ
811 2627 860 2678 εἰ
897 2625 970 2698 μὴ
998 2629 1026 2681 6
1077 2629 1246 2696 Λόγος
1285 2629 1414 2688 Υἱός
1472 2631 1638 2695 ἐστιν,
1679 2632 1792 2686 ἀλλ’
1822 2636 1850 2687 6

271 2712 560 2785 ἄνθρωπος
601 2715 750 2780 Υἱὸς,
785 2717 1006 2772 δύναται
1054 2719 1146 2774 τὸν
1184 2719 1386 2790 κόσμον
1425 2722 1614 2786 σῶσαι,
1649 2718 1728 2787 εἷς
1774 2723 1848 2778 ὢν

272 2805 368 2858 καὶ
397 2805 560 2869 αὐτὸς
584 2807 677 2860 τοῦ
707 2809 946 2880 κόσμου;
987 2811 1048 2864 Εἰ
1073 2811 1130 2865 δὲ
1171 2813 1569 2883 ἀναισχυντοῖεν
1604 2817 1695 2870 ἐπὶ
1722 2819 1848 2870 τού-

269 2913 406 2960 τοις,
437 2896 540 2951 ποῦ
558 2897 709 2954 ἔσται
741 2903 769 2954 6
792 2901 980 2970 Λόγος,
1031 2901 1124 2956 τοῦ
1158 2904 1446 2976 ἀνθρώπου
1475 2904 1624 2970 ὄντος
1668 2908 1724 2961 ἐν
1779 2909 1848 2979 τῷ

269 2988 448 3059 Ilua-pl
473 3005 489 3055 ;
519 2990 720 3055 Πόστος
755 2979 870 3062 (57)
886 2992 942 3044 δὲ
990 2991 1142 3046 ἔσται
1177 2995 1205 3046 6
1239 2995 1410 3064 Λόγος
1439 2997 1572 3066 πρὸς
1620 2997 1711 3050 τὸν
1745 3001 1850 3053 Πα-

267 3078 426 3150 τέρα,
453 3079 548 3132 τοῦ
578 3081 866 3152 ἀνθρώπου
890 3084 982 3136 καὶ
1013 3083 1105 3136 τοῦ
1131 3085 1342 3157 Πατρὸς
1389 3085 1445 3138 ἓν
1478 3087 1678 3154 όντων;
1707 3091 1768 3142 Εἰ
1791 3090 1848 3143 δὲ

267 3168 619 3273 6'
656 3173 950 3273 μονογενής
981 3174 1116 3236 ἐστι,
1166 3175 1360 3238 πόστος
1385 3175 1538 3229 ἔσται
1564 3179 1591 3230 6
1638 3179 1842 3246 Λόγος;
1871 3214 1914 3273 c

271 3259 338 3311 'H
368 3259 482 3328 γὰρ
511 3259 758 3334 δεύτερον
778 3257 915 3314 εἶναι
937 3263 1098 3316 αὐτὸν
1129 3263 1302 3327 λέξειέ
1323 3282 1427 3328 τις·
1449 3265 1480 3336 ἦ
1501 3268 1548 3317 εἰ
1574 3266 1686 3337 (58)
1705 3267 1844 3340 ὑπὲρ

267 3351 328 3402 τὸ
343 3351 654 3420 Μονογενές
669 3355 836 3420 ἐστιν,
860 3355 1020 3418 αὐτὸς
1037 3355 1102 3409 ἂν
1126 3355 1211 3428 εἴη
1237 3359 1264 3408 6
1285 3358 1491 3427 Πατήρ.
1516 3357 1725 3430 Ὥσπερ
1741 3360 1847 3431 γὰρ

269 3437 346 3506 εἷς
373 3445 526 3496 ἐστιν
551 3445 807 3517 όΠατὴρ,
848 3445 1017 3510 οὕτως
1064 3446 1120 3500 ἓν
1161 3448 1254 3500 καὶ
1290 3447 1350 3500 τὸ
1381 3447 1440 3512 ἐξ
1490 3449 1651 3502 αὑτοῦ
1680 3451 1849 3505 Μονο-

266 3534 446 3602 γενές.
475 3535 540 3588 Τί
563 3535 622 3589 δὲ
651 3537 746 3591 καὶ
787 3539 948 3591 πλέον
992 3541 1021 3594 6
1070 3542 1240 3610 Λόγος
1271 3540 1384 3610 ἔχει
1414 3541 1505 3595 τοῦ
1541 3541 1844 3614 ἀνθρώπου,

271 3627 326 3679 εἴ
348 3645 418 3697 γε
442 3627 542 3697 οὐχ
571 3629 599 3681 6
621 3627 791 3696 Λόγος
818 3629 946 3693 Υἱός
969 3631 1114 3696 ὲστι;
1153 3631 1252 3683 Διὰ
1282 3633 1377 3701 μὲν
1429 3633 1537 3704 γὰρ
1572 3633 1701 3686 Υἱοῦ
1755 3634 1849 3687 καὶ

267 3717 366 3770 τοῦ
391 3718 572 3786 Λόγου
598 3720 628 3771 6
650 3719 852 3790 κόσμος
880 3722 1204 3793 γεγενῆσθαι
1251 3723 1576 3795 γέγραπται,
1611 3727 1704 3778 καὶ
1737 3743 1848 3779 κοι-

266 3811 358 3864 νόν
387 3813 510 3865 ἐστι
541 3811 620 3882 τῷ
652 3830 709 3866 τε
737 3813 894 3885 Λόγῳ
924 3815 1018 3868 καὶ
1038 3814 1115 3886 τῷ
1149 3813 1264 3886 Υἰῷ
1295 3818 1356 3868 τὸ
1381 3815 1728 3889 δημιουργεῖν
1756 3818 1846 3872 τὸν

263 3903 494 3974 κόσμον·
533 3903 596 3956 τὸ
617 3903 672 3956 δὲ
694 3905 824 3975 ὁρᾷν
868 3904 961 3958 τὸν
993 3906 1211 3977 Πατέρα
1235 3909 1335 3960 οὐκ
1375 3907 1455 3960 ἔτι
1496 3909 1552 3961 ὲν
1573 3908 1648 3979 τῷ
1689 3909 1846 3979 Λόγῳ

263 3992 600 4062 γέγραπται,
623 3994 738 4047 ἀλλ’
768 3997 824 4048 ὲν
852 3995 930 4066 τῷ
985 3996 1120 4066 Υἰῷ·
1169 3999 1266 4051 καὶ
1321 3998 1382 4051 τὸ
1408 3997 1600 4062 σώζειν
1642 4001 1731 4054 τὸν
1757 3991 1848 4053 κό-

265 4099 406 4153 σμον
436 4083 622 4136 οὐκέτι
648 4082 736 4136 διὰ
757 4084 848 4138 τοῦ
881 4084 1054 4154 Λόγου
1085 4085 1300 4158 ἐλέχθη,
1336 4087 1471 4140 ἀλλὰ
1503 4087 1590 4140 διὰ
1617 4088 1710 4140 τοῦ
1751 4107 1846 4160 μο-

261 4173 521 4242 νογενοῦς
543 4175 694 4230 Υἱοῦ.
720 4172 868 4230 Εἷπε
900 4175 1029 4247 γὰρ,
1055 4178 1237 4248 φησὶν,
1261 4181 1293 4232 ὀ
1356 4179 1604 4246 Ἰησοῦς·
1627 4177 1848 4234 Τοσοῦ-

261 4281 372 4316 τον
405 4267 634 4334 χρόνον
673 4267 801 4336 μεθ’
827 4265 992 4337 ὑμῶν
1030 4271 1165 4337 εἰμι,
1193 4269 1290 4322 καὶ
1327 4271 1436 4323 οὐκ
1469 4269 1731 4338 ἔγνωκάς
1746 4289 1844 4339 με,

259 4355 566 4419 diurnae;
611 4357 664 4409 '0
717 4358 984 4426 ἑωρακὼς
1007 4360 1129 4428 ἐμὲ,
1169 4359 1386 4428 ἑώρακε
1441 4361 1546 4414 τὸν
1589 4363 1839 4431 Πατέρα.

258 4444 376 4498 Καὶ
400 4447 495 4500 τὸν
513 4447 733 4518 Πατέρα
758 4447 814 4501 δὲ
843 4449 940 4518 οὐχ
959 4451 986 4501 6
1009 4449 1179 4516 Λόγος
1203 4450 1506 4520 γέγραπται
1535 4451 1842 4518 γινώσκειν,

1954 1989 2012 2044 Si
2062 1991 2190 2045 item
2227 2006 2378 2058 caro,
2411 2005 2574 2061 quam
2632 1989 2862 2046 Verbum
2908 1991 3156 2062 gestavit,
3193 1989 3364 2046 Filius
3391 2003 3512 2048 est:

1952 2095 2020 2134 an
2047 2095 2156 2134 non
2181 2081 2528 2136 vehementer
2547 2087 2810 2151 repugnat
2832 2081 3156 2136 contendere
3177 2081 3318 2137 hanc
3341 2083 3514 2152 ipsam

1951 2187 2190 2235 carnem,
2238 2187 2402 2242 quam
2447 2187 2512 2228 ex
2562 2170 2734 2227 Maria
2763 2172 2992 2241 accepit,
3047 2187 3178 2228 esse
3204 2163 3310 2241 pcr'
3350 2187 3514 2241 quam

1951 2262 2188 2316 mundus
2219 2261 2394 2317 factus
2428 2264 2509 2316 est
2529 2263 2554 2315 ?
2584 2261 2726 2328 Quid
2748 2276 2879 2316 vero
2905 2261 2972 2316 de
3005 2262 3090 2318 his
3111 2263 3292 2318 verbis
3321 2263 3516 2318 dicturi

1951 2361 2102 2416 sunt,
2121 2352 2185 2407 In
2213 2355 2406 2406 mundo
2436 2355 2594 2406 erat?
2619 2351 2863 2422 Namque
2891 2354 3240 2424 evangelista,
3265 2362 3326 2408 ut
3346 2353 3516 2424 signi-

1954 2443 2143 2498 ﬁcaret
2172 2444 2448 2498 exs1itisse
2476 2443 2694 2510 Filium,
2725 2443 3042 2513 priusquam
3075 2443 3372 2498 secundum
3397 2459 3515 2500 car-

1951 2551 2074 2590 nem
2095 2543 2432 2601 nasceretur,
2449 2535 2563 2589 haec
2578 2534 2810 2602 subjecit
2824 2535 3010 2599 verba,
3023 2533 3090 2588 In
3106 2536 3300 2603 mundo
3317 2543 3431 2589 erat
3443 2536 3509 2588 αθ.

1949 2624 2119 2680 Porro
2149 2625 2196 2678 si
2230 2639 2338 2678 non
2371 2623 2600 2679 Verbum
2631 2635 2713 2680 est
2750 2623 2942 2690 Filius,
2977 2623 3072 2679 sed
3101 2623 3268 2680 homo
3309 2633 3394 2680 est
3423 2624 3512 2680 Fi-

1949 2717 2075 2782 lius,
2109 2713 2386 2785 quomodo
2435 2715 2696 2769 mundum
2747 2716 2918 2784 possit
2950 2729 3190 2782 servare,
3233 2730 3357 2770 cum
3399 2717 3514 2786 ipse

1948 2820 2168 2875 quoque
2195 2805 2267 2858 sit
2299 2819 2366 2858 ex
2399 2804 2641 2858 mundo?
2671 2803 2828 2870 Quod
2859 2805 2906 2858 si
2937 2819 3037 2858 nec
3069 2804 3158 2859 his
3184 2805 3510 2872 rationibus,

1949 2912 2134 2952 eorum
2170 2896 2562 2965 comprimetur
2594 2895 2952 2965 impudentia,
2988 2895 3352 2965 respondeant
3387 2897 3513 2952 ubi-

1949 3004 2073 3042 nam
2123 2987 2365 3043 futurum
2417 2987 2488 3041 sit
2519 2985 2774 3052 Verbum,
2815 2987 2860 3042 si
2893 2987 3060 3040 homo
3093 2995 3176 3041 est
3205 2987 3260 3041 in
3309 2987 3514 3044 Patre?

1947 3077 2182 3145 Quotum
2215 3087 2392 3132 autem
2423 3075 2657 3131 Verbum
2687 3077 2791 3130 erit
2818 3091 2940 3131 cum
2979 3076 3158 3144 Patre,
3191 3093 3316 3132 cum
3347 3078 3512 3134 homo

1946 3180 1999 3225 et
2024 3169 2180 3224 Pater
2210 3185 2377 3224 unum
2419 3171 2526 3223 sint
2548 3169 2572 3222 ?
2597 3167 2752 3234 Quod
2784 3169 2830 3223 si
2868 3168 3034 3223 homo
3063 3169 3376 3240 unigenitus
3395 3179 3509 3237 est;

1950 3273 2196 3332 quotum,
2232 3277 2440 3334 quaeso,
2474 3261 2578 3316 erit
2607 3259 2845 3316 Verbum
2870 3261 2892 3314 ?
2913 3260 3010 3316 Vel
3035 3263 3178 3316 enim
3211 3263 3512 3318 secundum

1947 3368 2066 3410 esse
2104 3353 2453 3423 respondebit
2485 3352 2682 3420 aliquis
2714 3370 2728 3406 :
2761 3353 2846 3406 vel
2884 3353 2931 3406 si
2967 3368 3132 3423 supra
3163 3352 3509 3424 Unigenitum

1947 3452 2068 3509 est,
2115 3445 2227 3512 ipse
2256 3453 2401 3498 certe
2449 3441 2610 3497 Pater
2643 3443 2826 3497 fuerit.
2862 3442 3325 3508 Quemadmodum
3365 3446 3510 3500 enim

1947 3550 2088 3589 unus
2121 3543 2208 3588 est
2237 3534 2399 3588 Pater
2426 3577 2440 3600 ,
2471 3535 2546 3588 ita
2587 3533 2910 3604 Unigenitus
2941 3550 3004 3589 ex
3046 3549 3111 3588 eo
3153 3543 3333 3599 natus,
3367 3552 3511 3592 unus

1945 3633 2050 3680 est.
2082 3624 2222 3690 Quid
2257 3633 2518 3694 praeterea
2549 3623 2786 3679 Verbum
2815 3624 3034 3680 homine
3065 3626 3298 3694 amplius
3323 3625 3508 3690 habet,

1946 3717 1994 3772 si
2025 3714 2264 3772 Verbum
2294 3717 2466 3771 Filius
2491 3731 2600 3770 non
2629 3717 2700 3770 sit
2725 3717 2746 3770 ?
2775 3715 3035 3770 Mundum
3061 3716 3276 3784 quidem
3301 3731 3397 3786 per
3421 3716 3510 3771 Fi-

1945 3811 2080 3866 lium
2120 3821 2174 3864 et
2217 3808 2454 3864 Verbum
2499 3808 2700 3864 factum
2741 3823 2860 3864 esse
2911 3809 3172 3878 scriptum
3203 3817 3306 3873 est,
3355 3823 3508 3864 com-

1946 3917 2218 3972 muneque
2269 3909 2352 3956 est
2401 3898 2582 3954 Verbo
2628 3909 2681 3954 et
2718 3899 2855 3956 Filio
2903 3900 3164 3955 mundum
3197 3914 3420 3956 creare:
3455 3909 3511 3955 at

1945 3993 2160 4050 Patrem
2213 4008 2320 4048 non
2363 4009 2394 4047 a
2447 3991 2626 4046 Verbo
2659 3993 2754 4047 sed
2785 4009 2816 4046 a
2865 3991 3004 4046 Filio
3053 3991 3225 4046 videri
3273 3992 3510 4047 declarat

1949 4081 2228 4157 Scriptura
2257 4104 2271 4154 ;
2304 4099 2405 4140 nec
2432 4084 2562 4138 item
2593 4085 2832 4139 mundus
2869 4100 2964 4154 per
2991 4083 3248 4149 Verbum,
3291 4083 3386 4139 sed
3415 4097 3510 4154 per

1946 4179 2281 4248 unigenitum
2325 4175 2518 4230 Filium
2573 4177 2760 4231 salvus
2803 4176 2920 4230 ﬁeri
2968 4175 3187 4233 dicitur.
3233 4174 3506 4247 Namque,

1946 4270 2141 4340 inquit,
2174 4268 2324 4322 Dixit
2347 4266 2531 4320 Iesus:
2558 4264 2725 4319 Tanto
2757 4276 2981 4336 tempore
3005 4267 3267 4320 vobiscum
3290 4283 3428 4332 sum,
3459 4274 3510 4321 et

1947 4376 2052 4414 non
2079 4358 2364 4428 cognovisti
2383 4373 2484 4423 me,
2511 4355 2756 4425 Philippe
2779 4358 2803 4408 ?
2836 4355 2940 4420 Qui
2967 4357 3094 4410 vidit
3121 4373 3221 4422 me,
3245 4357 3376 4410 vidit
3397 4355 3511 4410 Pa-

1948 4464 2080 4506 trem
2102 4453 2168 4504 “.
2194 4448 2303 4504 Nec
2335 4449 2497 4504 etiam
2521 4463 2550 4502 a
2581 4447 2780 4514 Verbo,
2821 4449 2914 4502 sed
2951 4463 2980 4503 a
3011 4447 3146 4503 Filio
3179 4447 3389 4503 Patrem
3417 4463 3511 4503 co-

255 4539 378 4592 ἀλλ’
421 4539 618 4602 ὀΥἱός·
651 4541 781 4610 όρᾷν
814 4541 924 4610 (59)
969 4541 1025 4593 δὲ
1071 4541 1163 4594 τὸν
1191 4541 1410 4610 Πατέρα
1454 4542 1550 4612 οὐχ
1595 4544 1624 4594 6
1673 4544 1843 4611 Λόγος

1954 4545 2132 4614 gnosci
2165 4544 2442 4612 legimus:
2491 4541 2568 4596 uti
2614 4555 2714 4594 nec
2775 4537 3010 4594 Verbum
3063 4539 3246 4595 videre
3293 4539 3508 4595 Patrem

255 4631 510 4702 εἴρηται,
555 4629 666 4682 ἀλλ’
695 4633 724 4683 6
753 4632 1043 4702 μονογενὴς
1075 4633 1200 4695 Υἱὸς
1237 4634 1264 4684 6
1297 4632 1370 4686 ὢν
1397 4634 1477 4698 εἰς
1527 4634 1615 4686 τὸν
1647 4635 1842 4688 κόλπον

253 4724 354 4776 τοῦ
380 4724 624 4795 Πατρός.

323 4815 430 4868 21.
467 4815 535 4867 Τί
571 4815 627 4868 δὲ
651 4814 808 4868 πλέον
830 4818 908 4878 εἰς
947 4816 1218 4886 σωτηρίαν
1249 4813 1402 4885 ἡμῶν
1431 4815 1459 4866 6
1501 4815 1669 4882 Λόγος
1707 4833 1842 4888 συμ-

253 4906 528 4959 ϐάλλεται
561 4905 758 4974 μᾶλλον
811 4907 903 4960 τοῦ
931 4907 1080 4971 Υἰοῦ,
1112 4909 1166 4960 εἴ
1194 4924 1256 4976 γε
1281 4908 1397 4960 κατ’
1437 4905 1632 4970 αὐτοὺς
1686 4907 1842 4972 ἄλλος

247 4998 416 5050 ἐστὶν
447 4999 478 5050 6
503 4998 652 5062 Υἱὸς,
679 4999 772 5050 καὶ
805 4999 957 5062 ἄλλος
987 5001 1014 5051 6
1039 4999 1239 5067 Λόγος;
1265 4997 1546 5051 Πιστεύειν
1568 4997 1675 5069 γὰρ
1695 5000 1844 5070 ἡμᾶς

245 5089 354 5142 οὐκ
377 5089 470 5151 εἰς
490 5087 583 5140 τὸν
625 5089 818 5156 Λόγον,
864 5091 975 5142 ἀλλ’
1017 5091 1095 5153 εἰς
1118 5089 1209 5142 τὸν
1239 5089 1364 5141 Υἱὸν
1395 5087 1684 5158 πρόσταξίς
1703 5092 1838 5143 ἐστι.

321 5251 372 5281 ⁷⁸
413 5249 584 5304 Joan.
615 5268 734 5317 vm,
774 5251 862 5306 58.
943 5252 988 5282 "°
1025 5250 1182 5306 Joan.
1209 5267 1245 5314 ι,
1286 5252 1370 5304 10.
1449 5251 1490 5280 εί
1534 5250 1689 5308 Joan.
1728 5269 1838 5319 xw,
1867 5253 1918 5307 9.

321 5391 453 5460 (53)
499 5390 588 5446 Sic
618 5409 750 5446 mss.
782 5409 994 5446 οιιηιοε.
1031 5391 1206 5446 Editio
1248 5391 1694 5454 Commeliniana,
1725 5394 1752 5444 6
1781 5394 1836 5446 ὲν

237 5461 326 5532 τῷ
346 5463 573 5534 ματρὶ,
611 5464 704 5534 διαὶ
743 5465 772 5515 6
803 5463 990 5534 Πατὴρ
1025 5464 1085 5534 ὲν
1108 5461 1274 5534 αὐτῷ,

320 5532 452 5600 (54)
477 5531 584 5600 rSie
623 5532 752 5600 Reg.
809 5531 1133 5600 Seg.VBasil.
1165 5531 1235 5583 et?
1258 5532 1536 5600 Anglican.
1567 5533 1636 5584 Al.
1671 5533 1762 5586 alii
1789 5541 1840 5587 et

237 5599 608 5672 θᾱὶιὶίἊ-μὴν
641 5604 770 5672 γὰρ,
801 5599 904 5671 Egi,
933 5604 960 5654 6
999 5602 1221 5670 Ἰησοῦς,
1257 5599 1424 5672 λέγω,
1455 5609 1557 5652 etc.

318 5671 452 5738 (55)
492 5669 810 5725 Basili-uisis
840 5669 903 5724 et
921 5669 1268 5737 Anglicanus,
1302 5669 1607 5738 γενόμενον.
1641 5669 1840 5740 Regius

235 5751 298 5798 et
337 5741 746 5806 Segne-uiantis,
793 5740 1102 5810 λεγόμενον.
1145 5740 1242 5792 Alii
1295 5740 1528 5807 editiqne
1553 5748 1838 5812 utrumque

237 5813 544 5870 omittunt.

1950 4635 2184 4698 dicitur,‘
2219 4633 2328 4702 .sed
2391 4628 2712 4700 Unigenitus
2767 4627 2937 4684 Filius
2993 4631 3087 4700 qui
3142 4640 3225 4684 est
3282 4629 3336 4683 in
3384 4628 3508 4684 sinu

1950 4726 2350 4883 PadlilfoEcquid
2397 4828 2561 4883 porro
2599 4811 2834 4868 Verbum
2879 4813 2944 4868 ad
2987 4818 3224 4867 nostram
3279 4811 3506 4866 salutem

1948 4906 2182 4975 amplius
2223 4905 2400 4975 possit
2427 4904 2674 4960 conferre
2706 4920 2869 4974 quam
2907 4903 3096 4964 Filius,
3130 4904 3177 4958 si
3202 4917 3414 4972 nempe,
3449 4911 3509 4958 ut

1949 4998 2300 5063 arbitrantur,
2335 4997 2474 5052 alius
2509 5007 2591 5052 est
2620 4995 2812 5062 Filius,
2840 5005 2893 5052 et
2917 4995 3064 5050 aliud
3092 4994 3327 5050 Verbum
3351 4995 3374 5048 ἲ
3395 4993 3508 5050 Nos

1950 5090 2093 5143 enim
2131 5102 2240 5142 non
2275 5089 2328 5141 in
2367 5086 2624 5150 Verbum,
2661 5087 2753 5142 sed
2795 5087 2850 5140 in
2884 5085 3080 5140 Filium
3111 5083 3330 5140 credere
3351 5084 3506 5154 jube-

2011 5393 2120 5464 (56)
2163 5391 2254 5446 Sic
2285 5391 2482 5464 Regius
2502 5399 2566 5464 aet
2595 5387 2978 5464 Seguerianus,
3005 5395 3064 5440 ut
3093 5397 3144 5442 et
3163 5387 3404 5447 Nannius
3432 5389 3510 5446 lev

1939 5457 2034 5530 gil'.
2068 5457 2170 5515 Alii
2203 5473 2256 5516 et
2284 5457 2432 5522 ediii,
2469 5457 2882 5530 eminendose.

2009 5531 2118 5602 (57)
2161 5531 2512 5602 Gobleriangs
2541 5526 2636 5602 hic
2657 5526 3094 5602 el__tnox,_7r6:_ro;.

2010 5595 2122 5670 (58)
2163 5599 2252 5654 Sic
2283 5599 2409 5666 Reg.
2447 5597 2569 5667 Seg.
2601 5596 2762 5650 Basil.
2799 5604 2850 5648 et
2874 5595 3083 5666 Anglic.
3119 5596 3187 5650 Αι
3217 5598 3269 5651 in
3305 5599 3428 5656 aliis
3453 5606 3510 5657 et

1941 5671 2100 5724 editis
2125 5671 2275 5724 deest
2301 5670 2367 5719 εξ.

2017 5739 2125 5809 (59)
2168 5735 2480 5792 Basilicnsis
2509 5747 2562 5790 et
2585 5733 2934 5804 Anglicanus,
2969 5737 3060 5788 καὶ
3086 5738 3235 5808 ὁρᾷν.
3275 5809 3284 5818 _
