3944 6222
365 461 466 516 499

955 461 1014 516 S.
1053 453 1426 514 ATHANASII
1467 456 1616 512 OPP.
1656 456 1836 512 PARS
1871 455 1914 508 ι.
1956 485 2026 496 --
2063 453 2430 510 HlSTORlCA
2470 454 2560 509 ΕΤ
2598 454 3012 510 DOGMATICA.

3483 454 3588 513 500

363 589 506 637 mur,
543 578 602 627 ut
630 572 868 627 Joanne
901 572 988 626 his
1031 572 1212 626 verbis
1233 573 1472 629 declarat
1505 591 1518 627 :
1555 571 1659 635 Qui
1687 569 1848 624 credit
1872 568 1923 621 in

2036 569 2162 639 Ιιησὶ
2181 571 2286 644 γάρ
2312 572 2341 624 6
2386 571 2642 642 ’Ἰωάννης
2691 569 2824 644 (40)’
2897 572 2960 626 Ὀ
3007 573 3306 628 πιστεύων
3351 577 3438 642 εις
3481 579 3590 634 τὸν

361 665 588 728 Filium,
631 663 785 718 habet
817 665 983 719 vitam
1011 675 1269 718 alentem
1292 681 1311 719 :
1340 665 1431 735 qui
1452 673 1628 718 autem
1657 659 1796 715 Filio
1822 674 1925 712 non

354 758 546 822 credit,
597 773 699 810 non
743 756 937 810 videbit
969 758 1214 810 vitam".
1257 757 1486 825 Insuper
1529 764 1778 809 sanctum
1825 751 1924 806 ba-

357 850 580 920 ptisma,
615 848 669 901 in
704 862 814 917 quo
845 847 1013 901 totius
1057 856 1260 908 nostra:
1296 845 1420 899 ﬁdei
1464 844 1641 915 posita
1687 851 1770 897 est
1797 856 1929 896 con-

355 937 595 1003 stitutio,
627 952 735 996 non
765 937 817 991 in
845 935 1106 1000 Verbum,
1155 937 1250 992 sed
1281 936 1337 990 in
1371 934 1585 990 Patrem
1633 941 1686 990 et
1728 931 1924 986 Filium

364 1039 419 1084 et
453 1037 702 1084 sanctum
755 1026 1016 1097 Spiritum
1067 1028 1243 1081 datur.
1296 1023 1637 1095 Quapropter
1669 1022 1830 1092 502
1881 1021 1926 1076 si

359 1119 661 1179 secundum
706 1119 829 1175 illos
872 1119 1018 1172 aliud
1052 1127 1136 1172 est
1171 1116 1426 1180 Verbum,
1463 1126 1515 1172 et
1557 1115 1696 1170 alius
1736 1113 1926 1178 Filius,

361 1225 464 1264 nec
498 1207 736 1264 Verbum
764 1219 848 1265 est
880 1208 1050 1264 Filius
1078 1227 1091 1263 :
1135 1209 1270 1262 nihil
1298 1223 1430 1263 sane
1459 1208 1526 1263 ad
1556 1205 1794 1262 Verbum
1835 1205 1930 1260 ba-

360 1307 560 1378 ptisma
592 1305 850 1374 pertinet.
875 1303 1162 1370 Quomodo
1184 1302 1348 1374 igitur
1370 1301 1606 1357 Verbum
1632 1300 1927 1356 secundum

361 1397 490 1456 illos
523 1410 631 1450 una
658 1404 741 1450 est
771 1409 894 1450 cum
926 1393 1109 1456 Patre,
1139 1408 1262 1448 cum
1287 1393 1342 1448 in
1361 1391 1613 1463 baptismi
1639 1390 1931 1445 donatione

359 1502 472 1552 anna
495 1501 618 1542 cum
650 1501 716 1540 eo
742 1501 851 1540 non
879 1486 950 1541 sit
977 1486 1002 1538 Υ
1025 1483 1095 1539 At
1127 1483 1267 1538 forte
1292 1483 1611 1553 responsuri
1643 1489 1770 1536 sunt
1797 1477 1934 1534 Ver-

363 1577 494 1633 bum
525 1580 579 1632 in
622 1577 800 1633 Patris
850 1577 1069 1631 nomine
1120 1575 1407 1631 contineri.
1461 1575 1658 1641 Quidni
1702 1587 1832 1643 ergo
1878 1579 1931 1626 et

360 1670 648 1740 Spiritus?
685 1671 766 1724 An
798 1685 928 1726 vero
962 1679 1113 1726 extra
1151 1668 1366 1724 Patrem
1400 1668 1614 1724 exsistit
1652 1664 1934 1736 Spiritus?

364 1759 591 1827 Deinde,
622 1761 666 1816 si
697 1759 932 1816 Verbum
961 1775 1068 1814 non
1101 1769 1185 1814 est
1209 1758 1403 1826 Filius,
1429 1759 1593 1814 homo
1621 1758 1784 1828 igitur
1810 1764 1932 1826 post

360 1847 579 1915 Patrem
605 1852 969 1905 nominandus
989 1849 1110 1916 erit,
1130 1862 1181 1906 et
1211 1850 1446 1920 Spiritus
1478 1858 1599 1919 post
1627 1848 1928 1903 hominem:

363 1954 466 1995 nec
494 1942 609 2010 jam
641 1943 826 1996 unitas
870 1957 933 1995 ex
972 1941 1189 1994 illorum
1249 1941 1517 1996 sententia
1553 1939 1606 1992 in
1640 1938 1930 1993 trinitatem

357 2032 699 2096 dilatabitur,
730 2032 823 2085 sed
850 2032 904 2083 in
933 2030 1376 2100 quaternitatem,
1401 2045 1593 2099 nempe
1619 2028 1672 2082 in
1695 2027 1931 2094 Patrem,

363 2124 625 2187 Verbum,
661 2121 879 2184 Filium,
915 2133 968 2177 et
1001 2120 1265 2192 Spiritum
1301 2129 1572 2177 sanctum.
1605 2118 1802 2174 Verum
1849 2120 1934 2174 hic

363 2230 460 2270 eos
511 2215 684 2284 pudor
733 2215 787 2268 in
821 2214 966 2268 aliud
1009 2214 1153 2285 cogit
1180 2212 1470 2284 confugere
1521 2213 1931 2268 deverticulum.

362 2305 536 2382 .Aiunt
566 2308 731 2378 igitur
760 2322 866 2362 non
903 2308 1172 2362 hominem
1208 2323 1477 2372 seorsum,
1508 2321 1667 2374 quem
1709 2306 1937 2375 gestavit

363 2401 650 2475 Dominus,
689 2403 783 2456 sed
815 2411 1127 2472 utrumque,
1169 2401 1400 2456 Verbum
1433 2401 1641 2457 scilicet
1670 2410 1723 2455 et
1763 2400 1936 2454 homi-

367 2507 514 2558 nem,
545 2507 666 2549 esse
710 2493 908 2548 Filium
940 2514 953 2548 :
990 2496 1150 2549 ambo
1179 2495 1323 2549 enim
1355 2494 1516 2550 simul
1550 2493 1845 2562 conjuncti,
1879 2499 1937 2546 ut

364 2587 644 2658 inquiunt,
671 2586 842 2644 Filius
875 2589 1235 2658 appellantur.
1268 2586 1402 2653 Quis
1431 2586 1596 2656 igitur
1628 2585 1932 2649 amborum,

361 2693 533 2743 causa
563 2678 785 2733 alterius
813 2678 939 2733 est?
973 2676 1103 2732 Uter
1133 2687 1315 2731 utrum
1349 2677 1528 2731 ell‘ecit
1550 2675 1786 2730 Filium?
1815 2674 1933 2738 Vel,

365 2779 431 2838 ut
464 2770 681 2839 planius
707 2770 900 2839 loquar
926 2810 940 2834 ,
968 2784 1096 2823 num
1125 2768 1361 2824 Verbum
1403 2766 1574 2822 Filius
1601 2779 1682 2822 est
1719 2779 1938 2838 propter

368 2862 631 2916 carnem?
659 2878 726 2915 an
756 2877 884 2920 .vero
914 2877 1042 2916 caro
1083 2870 1302 2930 propter
1337 2858 1573 2914 Verbum
1613 2858 1781 2915 Filius
1805 2859 1938 2914 dici-

369 2953 504 3024 tur?
534 2954 904 3023 Annepotius
936 2961 1186 3007 neutrum
1229 2952 1379 3006 alteri
1416 2967 1580 3007 causa
1605 2961 1687 3006 est
1719 2967 1817 3006 cur
1847 2951 1937 3008 Fi-

370 3044 479 3121 lius
525 3044 853 3115 appelletur,
908 3044 1002 3098 sed
1032 3043 1182 3104 solus
1233 3043 1520 3097 amborum
1569 3043 1939 3114 congressus?

371 3133 529 3200 Quod
563 3135 609 3190 si
641 3133 878 3189 Verbum
911 3143 1130 3204 propter
1158 3148 1410 3196 carnem,
1461 3131 1654 3187 Filium
1703 3149 1823 3189 esse
1852 3150 1939 3189 re-

2024 661 2159 714 Υἱὸν
2193 663 2314 730 ἔχει
2347 663 2498 732 ζωὴν
2528 663 2831 717 αἰώνιονοό
2859 663 2928 716 δὲ
2957 663 3214 718 ἀπειθῶν
3234 667 3315 732 τῷ
3345 667 3453 734 Υιῷ
3480 671 3587 725 οὐκ

2027 753 2236 822 ὄψεται
2285 753 2456 824 ζωήν.
2503 756 2615 810 Καὶ
2659 756 2720 810 τὸ
2781 755 2934 826 ἅγιον
2982 757 3037 810 δὲ
3089 758 3389 829 βάπτισμα,
3442 763 3498 815 ὲν

2027 848 2206 917 πάσης
2225 847 2459 910 πίστεως
2493 848 2648 918 ἡμῶν
2692 849 2725 918 ἡ
2763 847 3016 912 σύστασις
3048 849 3226 920 ὁρμεῖ,
3261 851 3359 904 οὐκ
3385 853 3464 916 είς
3487 854 3590 907 Λό-

2026 957 2143 1009 γον,
2189 940 2300 994 ἀλλ’
2345 942 2424 1005 εἰς
2476 941 2692 1012 Πατέρα
2746 941 2839 994 καὶ
2870 941 2996 993 Υίδν
3042 943 3132 994 καὶ
3181 943 3332 1012 ἆγιον
3368 945 3588 1017 Πνεῦμα

2027 1031 2245 1085 δίδοται.
2269 1031 2442 1096 Εἴπερ
2469 1026 2562 1085 οὖν
2591 1034 2710 1084 κατ’
2741 1033 2939 1096 αὐτοὺς
2971 1033 3128 1096 ἄλλος
3161 1035 3308 1088 ἐστὶν
3343 1039 3373 1089 6
3399 1037 3589 1107 Λόγος,

2027 1120 2122 1174 καὶ
2151 1119 2306 1184 ἄλλος
2335 1123 2364 1174 6
2397 1121 2546 1186 Υἱὸς,
2573 1122 2663 1174 καὶ
2685 1122 2783 1174 οὐκ
2815 1121 2959 1176 ἔστιν
2999 1123 3126 1187 Υἱὸς
3153 1125 3182 1176 6
3219 1126 3408 1194 Λόγος,
3441 1128 3594 1185 οὐδὲν

2028 1211 2167 1284 πρὸς
2190 1211 2282 1265 τὸν
2307 1212 2478 1280 Λόγον
2532 1213 2594 1265 τὺ
2645 1213 2947 1285 βάπτισμα.
3007 1215 3131 1280 Πῶς
3163 1212 3257 1270 οὖν
3295 1217 3538 1275 σύνεστιν
3563 1223 3595 1280 6

2030 1303 2200 1373 Λόγος
2237 1304 2356 1357 κατ’
2379 1304 2574 1368 αὐτοὺς
2603 1305 2680 1375 τῷ
2730 1307 2926 1376 Πατρὶ,
2959 1307 3019 1360 οὐ
3053 1307 3223 1361 συνὼν
3264 1310 3411 1381 αὐτῷ
3451 1313 3594 1385 ἐντῇ

2031 1396 2122 1448 τοῦ
2151 1395 2525 1466 βαπτίσματος
2582 1395 2759 1461 δόσεις
2805 1398 2944 1450 Ἀλλ’
2979 1397 3107 1462 ἴσως
3146 1399 3211 1453 ἄν
3243 1400 3463 1457 εἴποιεν.
3509 1405 3595 1457 Ἐν

2031 1485 2108 1556 τῷ
2133 1485 2228 1539 τοῦ
2259 1488 2473 1559 Πατρδς
2495 1489 2719 1559 ὀνόματι
2746 1489 3056 1560 περιέχεται
3085 1491 3178 1543 καὶ
3210 1495 3238 1546 6
3283 1493 3472 1562 Λόγος.
3495 1496 3595 1555 Διὰ

2028 1578 2080 1630 τί
2102 1578 2212 1648 (Η)
2244 1575 2336 1632 οὖν
2362 1579 2483 1649 οὐχὶ
2507 1580 2598 1632 καὶ
2623 1579 2684 1632 τὸ
2716 1579 2966 1650 Πνεῦμας
2998 1583 3068 1634 Ἢ
3097 1583 3251 1646 ἐκτὸς
3270 1584 3361 1637 τοῦ
3387 1587 3599 1657 Πατρὸς

2031 1669 2091 1722 τὸ
2119 1669 2378 1740 Πνεῦμα;
2403 1671 2511 1723 Καὶ
2542 1669 2827 1741 ἄνθρωπος
2855 1672 2970 1742 μὲν,
2995 1673 3150 1744 εἴπερ
3179 1674 3276 1727 οὐκ
3299 1675 3442 1729 ἔστιν
3471 1676 3600 1744 Υἱὸς

2031 1764 2060 1815 6
2088 1762 2275 1831 Λόγος,
2311 1761 2448 1832 μετὰ
2488 1761 2578 1814 τδν
2607 1761 2823 1833 Πατέρα
2845 1763 3189 1832 ὀνομάζεται,
3209 1767 3270 1818 τὸ
3288 1766 3344 1819 δὲ
3376 1767 3599 1838 Πνεῦμα

2037 1851 2174 1924 μετὰ
2201 1851 2290 1905 τὸν
2317 1850 2619 1921 ἄνθρωπον·
2650 1854 2750 1906 οὐκ
2778 1853 2858 1906 ἔτι
2906 1853 2961 1906 δὲ
2997 1853 3115 1908 οὐδὲ
3151 1857 3231 1919 είς
3261 1857 3452 1926 τριάδα
3475 1860 3601 1912 κατ’

2041 1945 2292 2014 αὐτοὺςὴ
2329 1943 2494 2013 μονὰς
2547 1943 2892 2009 πλατύνεται,
2950 1945 3064 1999 ἀλλ’
3097 1948 3177 2011 είς
3209 1949 3458 2020 τετράδα,
3489 1953 3602 2005 Πα-

2033 2037 2187 2108 τέρα,
2234 2037 2330 2089 καὶ
2358 2036 2526 2104 Λόγον
2555 2036 2690 2108 (ιτ),
2721 2038 2814 2090 καὶ
2865 2037 3016 2101 Υἱδν,
3037 2039 3132 2092 καὶ
3175 2039 3395 2111 Πνεῦμα
3424 2039 3598 2110 ἅγιον,

2047 2127 2134 2180 Ἐν
2167 2127 2374 2191 τούτοις
2419 2127 2481 2198 δὴ
2539 2129 2931 2199 αἰσχυνόμενοι,
2978 2131 3059 2194 εἰς
3099 2131 3283 2203 ἕτερον
3325 2133 3601 2204 καταφεύ-

2034 2235 2209 2287 γουσι,
2252 2217 2344 2271 καί
2394 2235 2524 2286 φασι
2555 2219 2628 2289 μὴ
2675 2218 2766 2272 τὸν
2809 2219 3090 2291 ἄνθρωπον
3144 2223 3268 2277 καθ’
3294 2226 3503 2294 ἑαυτὸν,
3542 2228 3605 2283 δν

2035 2310 2289 2382 ὲερόρεσεν
2332 2309 2361 2360 6
2396 2310 2622 2381 Κύριος,
2655 2309 2791 2363 ἀλλὰ
2837 2311 2898 2363 τὸ
2931 2315 3356 2388 συναμφότερον,
3402 2319 3495 2373 τόν
3541 2337 3602 2374 τι

2036 2402 2205 2470 Λόγον
2242 2400 2336 2455 καὶ⁵
2365 2399 2453 2453 τδν
2471 2399 2772 2472 ἄνθρωπον,
2796 2397 2933 2455 εἶναι
2966 2403 3112 2456 Υἱόν·
3151 2407 3469 2479 συνημμένα
3492 2409 3604 2482 γὰρ

2034 2491 2320 2563 ἀμφότερα
2351 2491 2500 2557 Υἱὸς,
2532 2492 2608 2556 ὡς
2641 2494 2792 2547 αὐτοὶ
2847 2493 3116 2564 λέγουσιν,
3162 2497 3504 2569 ὀνομάζεται.
3536 2501 3605 2558 Τί

2034 2581 2210 2635 τοίνυν
2238 2581 2380 2645 τίνος
2412 2583 2601 2645 αἴτιον,
2633 2585 2724 2637 καὶ
2755 2585 2979 2656 πότερος
3020 2587 3245 2658 πότερον
3298 2588 3428 2644 Υἰὸν
3467 2606 3604 2645 κατ-

2035 2670 2366 2737 εσκεύασεν;
2414 2673 2504 2736 Ἢ,
2554 2673 2641 2726 ἵνα
2693 2673 3011 2749 λευκότερον
3061 2679 3291 2749 εἴποιμι,
3345 2679 3451 2748 ἄρα
3491 2679 3604 2751 (ιδ)

2034 2762 2121 2816 διὰ
2151 2763 2250 2833 τὴν
2286 2764 2463 2833 σάρκα
2495 2767 2524 2817 6
2571 2765 2743 2835 Λόγος
2784 2767 2944 2833 Υἱός;
3003 2769 3034 2838 ἢ
3097 2769 3186 2822 διὰ
3237 2769 3328 2822 τὸν
3368 2770 3540 2840 Λόγον
3568 2774 3603 2844 ἡ

2038 2854 2172 2926 σὰρξ
2201 2855 2326 2919 Υἱὸς
2347 2855 2604 2924 λέγεται;
2652 2859 2722 2911 Ἦ
2781 2858 2890 2912 οὐδ’
2936 2860 3192 2930 ὁπότερον
3233 2861 3458 2925 τούτων,
3488 2861 3605 2916 ἀλλ’

2036 2947 2071 3016 ἡ
2095 2946 2204 3017 (44)
2234 2947 2434 3018 ἀμφοῖν
2471 2948 2722 3014 σύνοδος;
2771 2950 2833 3002 El
2870 2950 2968 3019 μὲν
3009 2946 3102 3005 οὖν
3132 2951 3160 3004 ὁ
3185 2951 3356 3020 Λόγος
3386 2951 3475 3005 διὰ
3505 2951 3606 3023 τὴν

2039 3039 2234 3109 σάρκα,
2263 3040 2475 3111 ἀνάγκη
2504 3040 2604 3111 τὴν
2639 3042 2816 3114 σάρκα
2838 3038 2977 3095 εἷναι
3021 3042 3170 3106 Υἱὸν,
3203 3043 3297 3095 καὶ
3327 3040 3608 3095 ἀκολουθεῖ

2037 3130 2104 3184 τὰ
2134 3132 2326 3195 ἄτοπα,
2357 3132 2455 3184 ὅσα
2488 3134 2806 3205 προείρηται
2839 3135 2902 3187 ἐκ
2945 3132 3038 3186 τοῦ
3068 3133 3247 3202 λέγειν
3277 3133 3367 3186 τὸν
3398 3132 3606 3205 άνθρω·

375 3226 696 3297 sponderint
719 3267 734 3293 ,
775 3234 922 3281 certe
946 3240 1166 3280 carnem
1196 3222 1395 3277 Filium
1421 3238 1543 3278 esse
1569 3239 1790 3280 necesse
1819 3233 1934 3280 est:

2040 3241 2138 3276 πον
2174 3223 2320 3275 Υἱόνο
2355 3225 2403 3276 εἰ
2432 3224 2487 3277 δὲ
2511 3224 2598 3277 διὰ
2627 3226 2717 3278 τὸν
2759 3225 2928 3294 Λόγον
2960 3228 2992 3296 ή
3053 3225 3187 3296 σάρξ
3219 3223 3348 3287 Υἱὸς
3367 3223 3603 3293 λέγεται,

375 3332 485 3386 quo
511 3332 577 3372 ex
602 3331 864 3386 responso
902 3315 1083 3369 omnia
1120 3314 1210 3370 illa
1238 3313 1473 3375 absurda
1513 3323 1935 3384 consequentur,

2039 3315 2132 3368 καὶ
2160 3315 2264 3386 πρὸ
2291 3315 2389 3384 τῆς
2439 3317 2638 3386 σαρκὸς
2665 3317 2883 3380 πάντως
2921 3319 2949 3370 6
2981 3315 3151 3384 Λόγος
3203 3313 3278 3368 ὢν
3335 3312 3460 3378 Υἱὸς
3514 3311 3602 3386 ἦν.

366 3423 496 3478 qua:
525 3424 591 3462 ex
625 3407 842 3462 illorum
870 3406 1121 3477 superius
1144 3406 1345 3461 dictum
1372 3414 1455 3459 est
1488 3404 1617 3459 oriri
1648 3406 1935 3469 sententia,

2038 3408 2162 3471 Πῶς
2183 3408 2290 3479 γὰρ
2317 3401 2424 3461 οἷόν
2460 3426 2520 3461 τε
2553 3410 2810 3462 υίοποιεῖν
2837 3427 2954 3463 τινα
2975 3409 3215 3482 ἑτέρους,
3254 3407 3328 3479 μὴ
3356 3407 3483 3461 ὄντα
3511 3408 3608 3460 αὐ-

369 3498 468 3568 ,qui
509 3497 782 3552 hominem
811 3496 1008 3552 Filium
1050 3512 1170 3550 esse
1213 3497 1503 3550 allirmant.
1559 3493 1617 3548 Si
1651 3509 1780 3548 vero
1813 3511 1935 3564 pro-

2038 3500 2129 3553 τὸν
2151 3502 2285 3564 υἱὸν,
2315 3501 2466 3564 ὄντος
2509 3501 2742 3572 μάλιστα
2770 3501 2973 3574 πατρός
3002 3518 3016 3566 ;
3059 3502 3121 3554 Εί
3182 3500 3280 3570 μὲν
3310 3495 3402 3553 οὖν
3431 3497 3607 3569 ἑαυτῷ

373 3597 494 3659 pter
542 3586 779 3643 Verbum
834 3604 962 3644 caro
1011 3587 1180 3642 Filius
1212 3585 1448 3650 dicitur,
1501 3585 1663 3655 igitur
1699 3583 1935 3640 Verbum

2042 3590 2288 3658 υἱοποιεϊ,
2336 3593 2524 3662 Πατὴρ
2584 3593 2743 3655 αὐτὸς
2792 3592 2858 3646 ἂν
2921 3594 3028 3663 εῖηο
3083 3593 3131 3645 εί
3187 3591 3243 3645 δὲ
3291 3589 3369 3662 τῷ
3409 3589 3606 3661 Πατρὶ,

369 3683 535 3744 etiam
563 3691 688 3737 ante
722 3697 941 3751 carnem
974 3680 1145 3734 Filius
1170 3688 1306 3734 erat.
1339 3677 1472 3734 Nam
1493 3679 1586 3748 qui
1617 3678 1734 3733 ﬁeri
1761 3687 1935 3748 potest

2041 3681 2253 3752 ἀνάγκη
2284 3683 2445 3737 αὐτὸν
2472 3679 2612 3737 εῖναι
2645 3684 2794 3744 Υίὺν,
2826 3683 3022 3754 μᾶλλον
3050 3684 3107 3736 δὲ
3153 3683 3315 3737 αὐτὸν
3351 3677 3491 3737 εἶναι
3515 3679 3608 3736 τὸν

373 3780 436 3838 ut
475 3773 612 3827 alios
649 3772 739 3826 ille
792 3771 935 3848 filios
971 3771 1177 3834 reddat,
1227 3770 1318 3839 qui
1356 3769 1473 3838 ipse
1504 3769 1648 3824 lilius
1680 3783 1788 3823 non
1829 3777 1931 3836 est,

2042 3770 2168 3824 Υἱὸν
2203 3771 2335 3842 (45),
2361 3771 2424 3825 δι’
2452 3773 2510 3827 ὃν
2541 3774 2634 3827 καὶ
2661 3775 2710 3826 οἱ
2737 3773 2882 3828 ἄλλοι
2921 3773 3300 3828 υἱοποιοῦνται.

378 3869 680 3938 praesertim
731 3876 886 3937 patre
936 3866 1276 3920 exsistente?
1307 3863 1584 3929 Profecto,
1629 3863 1674 3918 si
1711 3864 1811 3918 sibi
1858 3864 1973 3934 ipse
2005 3864 2146 3922 ﬁlios
2171 3867 2348 3932 ellicit,
2408 3867 2569 3923 Pater
2610 3870 2868 3924 dicendus
2915 3879 3034 3924 est:
3064 3871 3109 3925 si
3156 3868 3323 3937 Patri,
3377 3869 3492 3938 ipse
3536 3865 3612 3922 sit

373 3982 595 4036 quoque
630 3966 824 4030 Filius,
879 3965 960 4019 vel
1009 3965 1189 4035 potius
1230 3964 1343 4034 ipse
1381 3977 1542 4017 verus
1591 3960 1662 4015 sit
1704 3958 1873 4014 Filius
1940 3974 2164 4016 necesse
2205 3963 2426 4017 omnino
2487 3972 2608 4031 est,
2655 3972 2876 4033 propter
2913 3979 3071 4034 quem
3116 3963 3320 4019 scilicet
3380 3961 3468 4016 alii
3514 3959 3610 4022 lilii

376 4057 706 4120 efﬁciuntur.

433 4145 537 4202 ⁷22.
570 4149 930 4218 Cmteroquin,
966 4150 1011 4203 si
1043 4149 1130 4203 ille
1157 4163 1264 4202 non
1297 4147 1368 4202 sit
1391 4145 1584 4211 Filius,
1623 4153 1677 4199 et
1722 4160 1823 4199 nos
1851 4143 1945 4197 ﬁlii

381 4258 592 4302 sumus,
622 4243 836 4311 utrique
858 4257 966 4295 non
996 4241 1139 4294 illius
1166 4240 1258 4294 sed
1282 4237 1452 4293 nostri
1481 4235 1640 4290 Pater
1655 4236 1758 4290 erit
1783 4236 1940 4289 Deus.

2118 4143 2206 4198 22.
2263 4143 2415 4196 Ἐπεὶ
2459 4144 2528 4207 εί,
2589 4142 2662 4214 μὴ
2695 4142 2845 4206 ὄντος
2891 4141 3054 4196 αὐτοῦ
3094 4136 3248 4203 Υίοῦ,
3293 4141 3450 4211 ἡμεῖς
3505 4134 3610 4191 υἱοί

2049 4236 2236 4304 ἐσμεν,
2259 4232 2416 4304 ἡμῶν
2449 4231 2514 4285 ἂν
2540 4233 2622 4303 εἴη
2663 4235 2692 4285 6
2723 4231 2855 4294 Θεὸς
2899 4231 3111 4302 Πατὴρ,
3155 4231 3247 4283 καὶ⁵
3274 4231 3374 4282 οὐκ
3423 4229 3608 4283 αὐτοῦ.

381 4330 486 4401 Qui
516 4346 646 4402 ergo
679 4331 730 4385 id
757 4331 858 4386 sibi
887 4339 1144 4400 tanquam
1180 4329 1457 4398 proprium
1488 4326 1574 4381 bis
1612 4326 1788 4379 verbis
1827 4325 1935 4378 vin-

2050 4326 2174 4390 Πῶς
2207 4320 2297 4378 οὖν
2327 4324 2666 4392 ίδιοποιεῖται,
2687 4323 2880 4393 μᾶλλον
2908 4322 3102 4390 λέγων,
3148 4321 3211 4372 '0
3237 4318 3434 4387 Πατήρ
3468 4337 3609 4388 μου,

382 4428 547 4488 dicat,
580 4425 743 4479 Pater
789 4441 931 4478 meus
954 4425 1020 4487 ⁸³,
1063 4434 1113 4477 ct
1147 4421 1255 4493 Ego
1298 4437 1363 4475 ea:
1395 4419 1557 4474 Patre
1578 4419 1669 4472 “?
1697 4418 1753 4473 Si
1799 4419 1935 4473 enim

2049 4418 2162 4481 καὶ,
2219 4415 2358 4485 Ἐγὼ
2383 4416 2450 4468 ἐκ
2479 4414 2584 4467 τοῦ
2615 4417 2878 4481 Πατρόςς
2919 4414 2983 4466 Et
3027 4413 3135 4483 γὰρ
3189 4411 3364 4475 κοινὸς
3395 4411 3612 4466 πάντων

377 4517 690 4584 communis
728 4516 969 4570 omnium
1026 4515 1184 4569 Pater
1225 4523 1332 4578 est,
1368 4529 1475 4567 non
1510 4512 1628 4580 ejus
1661 4510 1829 4565 solius
1861 4519 1935 4565 est

2051 4509 2258 4579 Πατὴρ,
2310 4510 2373 4561 οὐ
2427 4507 2584 4577 μόνου
2628 4505 2788 4559 αὑτοῦ
2842 4505 3048 4576 Πατὴρ,
3076 4505 3194 4558 οὐδὲ
3253 4505 3408 4574 μόνος
3450 4502 3612 4567 αὐτὸς

381 4608 562 4670 Pater,
612 4623 787 4676 neque
821 4608 967 4662 solus
998 4607 1084 4660 ille
1116 4622 1178 4660 ex
1230 4607 1386 4661 Patre
1435 4604 1620 4658 exivit.
1673 4602 1935 4658 Interdum

2051 4598 2272 4668 ἐξῆλθεν
2304 4599 2368 4650 ὲκ
2391 4595 2486 4648 τοῦ
2520 4595 2750 4666 Πατρός.
2780 4595 2940 4662 Λέγει
2967 4594 3022 4646 δέ
3058 4611 3184 4646 ποτε
3208 4594 3302 4646 καὶ
3325 4591 3480 4662 ἡμῶν
3514 4592 3611 4644 αὑ-

379 4708 563 4774 ¹ιιιιιιειιι
595 4697 837 4753 nostrum
866 4699 1026 4771 etiam
1066 4697 1278 4751 Patrem
1325 4696 1430 4750 dici
1460 4695 1635 4760 docet,
1685 4695 1756 4750 ob
1790 4708 1935 4749 suam

2048 4691 2140 4743 τὸν
2161 4688 2409 4756 λέγεσθαι
2436 4686 2672 4757 Πατέρα,
2715 4684 2803 4738 διὰ
2843 4685 2906 4738 τὸ
2959 4685 3116 4738 αὐτὸν
3168 4682 3611 4752 κεκοινωνηκέναι

384 4791 591 4846 scilicet
623 4805 745 4844 cum
767 4799 954 4861 nostra
979 4805 1140 4845 carne
1166 4790 1624 4843 communionem.
1652 4786 1774 4841 Ideo
1802 4786 1935 4840 enim

2043 4785 2108 4853 τῇ
2138 4780 2384 4852 ἡμετέρᾳ
2419 4777 2600 4848 σαρκί.
2663 4776 2760 4829 Διὰ
2819 4775 2975 4829 τοῦτο
2996 4775 3103 4848 γὰρ
3133 4775 3354 4844 γέγονεν
3384 4775 3414 4827 6
3443 4772 3612 4842 Λόγος

386 4880 622 4936 Verbum
657 4895 784 4935 caro
818 4880 1018 4935 factum
1049 4890 1152 4943 est,
1189 4890 1269 4943 ut,
1300 4880 1556 4950 quoniam
1604 4877 1838 4934 Verbum
1867 4889 1935 4932 est

2045 4876 2200 4946 σὰρξ,
2237 4874 2324 4940 ἵν’,
2357 4873 2542 4944 ἐπειδὴ
2578 4875 2606 4926 6
2636 4872 2805 4940 Λόγος
2835 4871 2984 4924 ἐστὶν
3041 4869 3189 4934 Υἱὸς,
3235 4869 3323 4923 διὰ
3355 4869 3448 4922 τὸν
3477 4870 3612 4921 ὲνοι-

386 4973 578 5037 Filius,
603 4983 820 5043 propter
858 4973 1053 5026 Filium
1106 4974 1158 5026 in
1192 4973 1348 5027 nobis
1398 4972 1727 5044 habitantem
1762 4982 1935 5025 noster

2043 4968 2236 5021 κοῦντα
2259 4968 2315 5019 ὲν
2344 4967 2472 5036 ἡμῖν
2519 4963 2644 5016 Υίὸν
2679 4963 2900 5035 λέγηται
2951 4961 3061 5034 (46)
3099 4964 3192 5014 καὶ
3215 4960 3370 5031 ήμῶν
3398 4960 3609 5029 Πατήρ.

383 5081 605 5138 ,quoque
639 5066 798 5130 Pater
818 5067 1201 5144 appellaretur.
1231 5064 1388 5133 Nam,
1417 5063 1610 5134 inquit,
1647 5065 1790 5118 misit
1823 5061 1935 5131 Spi-

2054 5057 2397 5113 Ἀπέστειλε
2427 5056 2556 5128 γὰρ,
2593 5053 2746 5135 φησὶ,
2778 5053 2843 5107 τὸ
2891 5052 3133 5122 Πνεῦμα
3158 5052 3264 5106 τοῦ
3316 5050 3452 5104 Υιοῦ
3502 5051 3611 5102 αὐ-

457 5207 500 5236 "
537 5203 695 5258 Joan.
732 5221 812 5269 ιιι,
842 5204 929 5257 56.
1007 5205 1051 5234 ³³
1088 5203 1320 5268 Joan.v,
1353 5203 1437 5257 17.
1512 5203 1557 5231 ’³⁵
1595 5200 1750 5254 Joan.
1781 5216 1892 5266 1m,
1921 5198 2014 5252 28.

459 5337 570 5406 ςιο)
612 5337 703 5392 Sic
731 5337 863 5407 Reg.
899 5339 1023 5409 Seg.
1060 5349 1114 5394 et
1139 5338 1299 5394 liasil.
1349 5337 1451 5391 Alii
1480 5349 1659 5391 autem
1687 5347 1740 5391 et
1768 5336 1894 5390 editi
1926 5337 1954 5387 6
2061 5329 2861 5409 editioCg_mm‘eliniana,§pa.
2924 5397 2936 5408 .
3133 5393 3152 5409 _
3405 5401 3420 5409 _
3466 5405 3478 5409 Α
3504 5389 3579 5409 ’Μ

395 5391 696 5460 omittunt;
790 5391 853 5414 θυ·
913 5391 1001 5409 “0
1067 5391 1106 5394 ’ν
2131 5404 2242 5466 (44)
2286 5402 2376 5456 Sic
2409 5400 2608 5471 Regius
2631 5411 2685 5455 et
2718 5391 3102 5469 Séguerianus.
3133 5393 3190 5463 In
3223 5393 3344 5448 aliis
3371 5401 3424 5447 et
3455 5391 3614 5447 editis

461 5477 571 5548 (4})
613 5477 702 5530 Sic
729 5477 859 5546 Reg.
893 5478 1016 5548 ch.
1049 5478 1210 5534 Basil.
1238 5477 1451 5546 Anglic.
1479 5488 1532 5529 et
1554 5475 1710 5530 Gobl.
1751 5473 1817 5528 At
1839 5473 1953 5528 edi-
2058 5475 2091 5543 ἡ
2121 5474 2289 5548 (ιιξςειἶ

391 5529 478 5597 tio‘
498 5529 1141 5607 Εόηιιιιθιίιιῖξιικι,ῡΔιότι.
1197 5529 1209 5532 -
1239 5529 1356 5546 "nu
1577 5529 1580 5530 ν

2079 5529 2091 5543 ⁸
2127 5543 2240 5612 (45)
2279 5541 2558 5612 Regiusct
2581 5536 3193 5612 Seguerianusaddunt,
3215 5531 3414 5612 μᾶλλον
3437 5529 3494 5612 δέ
3515 5531 3618 5585 αὑ-

465 5616 576 5682 (ιε)
618 5615 839 5685 Regius,
874 5606 1260 5686 Seguerianus,
1286 5616 1597 5672 Basiliensis
1626 5613 1952 5686 etAnglica-
2059 5606 2146 5665 τὸν
2167 5606 2618 5686 _eivat_1_6v_Yi6v,_
2639 5606 3046 5686 quze‘cagteriet‘.
3073 5606 3197 5686 editi
3227 5606 3533 5686 omittunt."

393 5673 494 5803 imi,-
531 5670 672 5738 I'ecte
699 5670 908 5740 addunt
940 5670 1408 5758 ἕαὶήΛό-γῖονῖίιυοά
1435 5688 1526 5740 alii
1560 5697 1612 5740 et
1637 5685 1764 5739 editi
1786 5670 1935 5738 Emit-

420 5764 534 5803 unt.

2096 5680 2375 5803 ἁμωλὲἰο
2418 5679 2548 5749 Reg.
2587 5670 2709 5747 Seg.
2737 5677 2901 5732 Basil.
2939 5685 2991 5731 et
3018 5674 3299 5744 Anglican.
3337 5671 3402 5727 At
3447 5670 3536 5724 alii
3562 5673 3626 5725 et

2061 5769 2089 5803 (ἱ
2134 5765 2210 5803 ιιι.
2305 5767 2475 5803 Ὑᾶται.

394 5763 534 5807 tum.
1139 5755 1145 5756 ⁷
1282 5755 1298 5758 “
2061 5755 2210 5816 editi,
2243 5755 2475 5819 λέγεται.

465 5822 574 5896 (45)
614 5823 932 5879 Basiliensis
978 5836 1031 5881 ct
1075 5827 1455 5904 Goblerianus,
1504 5819 1627 5896 ἆρα,
1661 5821 1849 5897 Caele-ri
1905 5831 1959 5896 et.
2314 5831 2319 5839 '
