3944 6222
305 378 403 436 5.01

1401 379 1654 438 ORATIO
1695 383 1758 439 IV
1795 383 2077 440 CONTRA
2113 384 2432 443 ARIANOS.

309 495 414 552 τοῦ
439 499 527 563 εις
553 494 662 562 τὰς
691 495 935 564 καρδίας
959 496 1145 567 ἡμῶν,
1203 495 1432 567 κρᾶζον,
1478 499 1661 567 Ἀσϐᾶ,
1701 505 1734 556 ὁ
1757 504 1878 556 Πα-

1990 504 2146 558 ritum
2172 502 2306 558 Filii
2352 505 2435 560 sui
2481 505 2538 558 in
2579 505 2740 560 corda
2768 517 2950 564 nostra
2996 509 3331 581 domantem,
3377 515 3548 587 Abba,

309 585 438 656 τήρ.
470 585 679 640 Οὐκοῦν
711 588 738 641 6
759 590 816 640 ἐν
846 590 979 658 ἡμῖν
1001 588 1146 652 Υἱὸς,
1183 588 1274 643 τὸν
1340 590 1468 643 ἴδιον
1516 591 1737 663 Πατέρα
1765 594 1885 646 ἐπι-

311 672 664 744 καλούμενος,
685 675 776 728 καὶ
807 675 960 746 ἡμῶν
988 676 1167 730 αὐτῶν
1196 679 1340 730 ποιεῖ
1361 679 1580 751 Πατέρα
1614 680 1884 750 λέγεσθαι.

323 762 538 834 Ἀμέλει
577 756 654 817 ὧν
686 764 785 816 οὐκ
814 765 959 817 ἐστιν
993 767 1072 829 είς
1118 765 1218 830 τὰς
1274 768 1500 839 καρδίας
1525 771 1553 822 6
1589 768 1736 834 Υἱὸς,
1774 771 1892 824 τού-

310 873 416 908 των
449 855 572 909 οὑδέ
605 855 792 927 Πατὴρ
824 857 853 909 6
901 856 1032 921 Θεὸς
1081 857 1146 911 ἂν
1193 857 1428 931 λεχθείη.
1488 860 1659 934 Εἴπερ
1687 859 1778 916 οὖν
1802 862 1889 916 διὰ

307 945 399 997 τὸν
429 945 601 1013 Λόγον
621 947 649 998 6
680 945 960 1016 ἄνθρωπος
1016 945 1231 1016 λέγεται
1264 947 1410 1012 Υίὺς,
1455 949 1664 1022 ἀνάγκη
1715 953 1884 1016 πᾶσα,

309 1036 614 1107 λεγομένων
646 1038 738 1091 καὶ
767 1037 872 1108 πρὸ
901 1037 1000 1108 τῆς
1025 1038 1485 1111 ὲνανθρωπήσεως
1513 1040 1620 1094 τῶν
1649 1042 1888 1095 παλαιῶν

309 1127 464 1195 υἱῶν,
504 1123 763 1181 εἶναικαὶ
792 1128 898 1200 πρὸ
926 1130 1025 1200 τῆς
1080 1131 1372 1201 ἐπιδημίας
1404 1133 1495 1186 τὸν
1542 1134 1713 1203 Λόγον
1735 1136 1885 1189 Υίόν.

308 1218 479 1285 Υισὺς
533 1218 661 1290 γὰρ,
725 1221 889 1291 φησὶν
936 1220 1412 1292 (47),ὲγέννηστι·
1461 1226 1555 1280 καὶ
1611 1228 1700 1280 ἐπὶ
1739 1227 1882 1282 Νῶε*

320 1309 564 1376 Ἰδόντες
589 1313 642 1365 ol
669 1312 785 1365 viai
830 1311 936 1366 τοῦ
958 1313 1102 1368 Θεοῦ
1120 1330 1133 1343 ·
1163 1315 1254 1367 καὶ
1279 1316 1336 1367 ἐν
1369 1317 1434 1387 τῇ
1478 1316 1619 1388 ’ῼδῇ·
1640 1320 1762 1372 Οὐκ
1781 1323 1885 1374 αὐ-

307 1403 413 1468 τὸς
434 1399 615 1468 οὗτός
658 1421 774 1458 σου
823 1405 1064 1474 Πατήρ;
1119 1407 1326 1460 Οὐκοῦν
1367 1404 1436 1479 ἦν
1476 1410 1569 1463 καὶ
1620 1412 1648 1464 6
1674 1410 1891 1482 ἀληθῶς

309 1493 462 1559 Υίὸς,
487 1493 557 1548 δι’
577 1495 637 1548 ὃν
662 1496 903 1549 κάκεῖνοι
938 1497 1063 1551 υἱοί.
1099 1497 1161 1550 Εἰ
1189 1499 1244 1551 δέ
1301 1501 1417 1552 κατ’
1447 1500 1688 1566 ἐκείνους
1728 1501 1889 1558 πάλιν

306 1586 418 1640 οὐδ’
451 1587 713 1660 ὁπότερον
758 1588 961 1642 τούτων
1021 1589 1170 1655 Υἱὸς,
1226 1591 1360 1645 ἀλλά
1412 1591 1502 1646 διά
1551 1593 1650 1665 τὴν
1689 1595 1890 1665 ἀμφοῖν

310 1675 552 1741 σύνοδον,
574 1677 786 1746 ἀνάγκη
814 1680 940 1751 μηδ’
969 1681 1227 1752 ὁπότερον
1262 1678 1401 1736 εῖναι
1455 1683 1601 1737 Υἱόν·
1633 1687 1775 1758 φημὶ
1801 1686 1886 1758 δὴ,

309 1771 450 1842 μήτε
491 1771 584 1826 τὸν
628 1772 817 1843 Λόγον,
880 1777 1016 1846 μήτε
1069 1776 1158 1831 τὸν
1212 1777 1516 1850 ἄνθρωπον,
1584 1781 1720 1836 ἀλλά
1769 1801 1888 1837 τινα

1991 593 2155 647 Pater
2178 593 2246 647 ⁸⁸.
2281 591 2468 664 Itaque
2511 593 2702 660 Filius,
2735 595 2827 666 qui
2868 596 2921 650 in
2954 598 3114 654 nobis
3139 609 3242 666 est,
3269 604 3550 673 proprium
3615 617 3637 673 ξ

1989 699 2148 740 suum
2197 683 2415 740 Patrem
2464 685 2750 752 invocans,
2783 698 3030 743 nostrum
3082 691 3244 745 etiam
3281 690 3495 752 Patrem
3521 711 3554 753 ι

1987 778 2147 833 nobis
2175 777 2433 848 appellari
2479 777 2748 835 concedit.
2800 778 3184 838 Verumtamen
3230 782 3284 838 in
3317 800 3553 856 quorum

1989 867 2246 924 cordibus
2293 866 2464 924 Filius
2502 884 2612 925 non
2656 879 2762 934 est.
2805 886 2907 927 nec
2959 872 3122 927 etiam
3171 872 3317 929 Dens
3365 891 3556 934 eorum

1988 959 2148 1016 Pater
2175 961 2280 1016 dici
2313 970 2513 1031 potest.
2554 962 2742 1035 igitur,
2775 964 2823 1020 si
2872 964 3038 1019 homo
3069 974 3290 1036 propter
3319 964 3559 1026 Verbum

1989 1051 2162 1106 Filius
2185 1049 2407 1120 dicitur,
2441 1067 2564 1106 cum
2590 1062 2824 1118 veteres,
2849 1063 3140 1124 antequam
3170 1051 3410 1110 Verbum
3451 1055 3559 1112 hu-

1990 1157 2208 1196 manam
2255 1144 2639 1213 assumpsisset
2687 1153 2960 1209 naturam,
2997 1143 3094 1198 ﬁlii
3127 1143 3237 1199 sint
3263 1144 3511 1215 appellati
3539 1183 3559 1210 ,

1990 1234 2214 1289 omnino
2246 1249 2473 1290 necesse
2500 1243 2583 1290 est
2612 1231 2851 1289 Verbum
2895 1235 3060 1290 etiam
3092 1246 3217 1290 ante
3260 1251 3422 1291 suum
3456 1235 3562 1291 ad-

1993 1335 2212 1380 ventum
2245 1325 2444 1381 Filium
2494 1325 2686 1383 fuisse.
2734 1325 2872 1382 Hinc
2914 1326 3008 1382 illa
3047 1327 3346 1397 Scriptura
3372 1327 3560 1395 verba,

1993 1417 2163 1473 Filios
2208 1419 2362 1489 genui
2387 1417 2434 1450 ”
2459 1435 2474 1485 ;
2501 1427 2556 1474 et
2601 1418 2656 1473 in
2695 1418 2925 1475 historia
2963 1417 3119 1476 Noe:
3172 1419 3418 1476 Videntes
3454 1419 3562 1492 ﬁlii

1993 1511 2089 1567 Dei
2104 1513 2148 1544 ⁸⁷
2177 1529 2192 1579 ;
2231 1521 2285 1566 et
2311 1511 2366 1567 in
2399 1511 2623 1568 Cantico
2652 1529 2665 1568 :
2699 1511 2955 1584 Nunquid
3004 1530 3105 1569 non
3137 1514 3248 1583 ipse
3281 1523 3358 1570 est
3401 1513 3564 1570 Pater

1993 1611 2110 1656 tuus
2131 1601 2217 1655 δεῖ
2252 1601 2377 1656 Erat
2405 1616 2535 1673 ergo
2573 1612 2626 1659 et
2651 1618 2812 1659 verus
2833 1603 3021 1671 Filius,
3039 1615 3258 1676 propter
3288 1621 3451 1677 quem
3483 1607 3559 1664 illi

1990 1694 2085 1750 ﬁlii
2143 1695 2420 1750 dicuntur.
2470 1693 2624 1761 Quod
2678 1695 2725 1752 si
2779 1698 3079 1752 secundum
3131 1697 3254 1754 illos
3305 1708 3562 1755 neutrum

1992 1785 2188 1839 horum
2223 1795 2306 1840 est
2335 1783 2529 1852 Filius,
2578 1785 2673 1841 sed
2706 1785 2989 1842 amborum
3029 1801 3326 1858 congressu
3353 1790 3564 1844 consti-

310 1868 513 1930 αίτίαν,
541 1867 712 1940 δι”ἣν
771 1872 866 1924 καὶ
927 1871 1295 1944 ουνήφθησαν·
1361 1875 1456 1928 καὶ
1499 1875 1638 1929 οὕτω
1682 1877 1737 1930 δέ
1772 1877 1882 1947 (48)

1990 1869 2178 1934 tuitur,
2207 1883 2433 1925 necesse
2473 1870 2699 1925 omnino
2735 1878 2817 1926 est
2845 1878 3100 1926 neutrum
3142 1855 3271 1928 esse
3315 1872 3560 1942 Filium;

309 1962 686 2033 προηγήσεται
719 1963 752 2034 ή
784 1964 935 2018 αἰτία
971 1966 1067 2034 τῆς
1101 1967 1400 2037 συνάψεως,
1423 1970 1545 2040 ἥτις
1571 1969 1698 2023 Υἰὸν
1720 1974 1884 2024 ποιεῖ.

311 2050 523 2105 οὐκοῦν
557 2053 652 2105 καὶ
689 2054 829 2106 κατά
861 2054 970 2124 (49)
1005 2055 1162 2110 τοῦτο
1194 2058 1298 2129 πρὸ
1329 2059 1429 2130 τῆς
1483 2059 1684 2129 σαρκὸς
1716 2062 1888 2131 προῆν

308 2143 336 2195 6
362 2138 516 2206 Υἱός.
543 2143 758 2198 Τούτων
788 2146 852 2217 δὴ
893 2143 1222 2216 λεγομένων,
1275 2150 1356 2213 είς
1405 2150 1590 2220 ἓτερον
1619 2152 1893 2220 καταφεύ-

311 2232 513 2298 ξονται,
537 2234 785 2304 λέγοντες
810 2238 882 2308 μὴ
903 2238 995 2291 τὸν
1027 2238 1310 2311 ἄνθρωπον
1336 2236 1472 2294 εἶναι
1499 2240 1646 2308 Υίὸν,
1677 2242 1808 2312 μηδέ
1833 2243 1894 2296 τὸ

313 2325 737 2398 συναμφότερον,
783 2327 920 2382 ἀλλά
969 2329 1060 2382 τὸν
1108 2331 1278 2398 Λόγον
1325 2333 1382 2383 ἐν
1434 2332 1574 2402 ἀρχῇ
1612 2333 1709 2402 μὲν
1742 2329 1882 2386 εῖναι

311 2417 483 2484 Δόγον
511 2419 697 2484 ἁπλῶς
723 2437 737 2451 ο
773 2421 861 2474 ὅτε
897 2421 952 2474 δέ
980 2422 1386 2494 ἐνηνϐρώπησε,
1413 2424 1534 2478 τότε
1576 2423 1888 2494 ὠνομάσθαι

309 2506 457 2562 Υἱόν·
492 2511 598 2582 πρὸ
623 2511 732 2583 γὰρ
754 2513 852 2584 τῆς
879 2515 1200 2585 ἐπιφανείας
1233 2516 1305 2588 μὴ
1359 2511 1497 2568 εἶναι
1566 2515 1715 2581 Υίὸν,
1753 2516 1888 2570 ἀλλά

310 2598 480 2666 Λόγον
526 2602 704 2671 μόνον’
743 2603 834 2656 καὶ
866 2602 1054 2676 ὥσπερ
1085 2607 1113 2658 6
1144 2605 1315 2673 Λόγος
1358 2605 1494 2677 σὰρξ
1522 2605 1760 2674 ἐγένετο.
1787 2606 1888 2658 οὐκ

309 2689 382 2745 ὢν
413 2692 677 2764 πρότερον
707 2693 863 2766 σὰρξ,
889 2693 1061 2758 οὕτως
1087 2696 1114 2749 6
1139 2695 1310 2764 Λόγος
1354 2695 1480 2758 Υἱὸς
1512 2694 1757 2764 γέγονεν,
1789 2695 1888 2747 οὐκ

307 2781 382 2836 ὢν
410 2785 678 2857 πρότερον
710 2786 856 2850 Υἱός.
923 2786 1108 2840 Ταῦτα
1161 2787 1258 2858 μὲν
1290 2786 1513 2842 ἐκείνων
1553 2787 1623 2841 τὰ
1648 2787 1890 2860 φλυαρή-

311 2893 478 2947 ματαο
506 2877 616 2948 ἔχει
647 2879 702 2932 δὲ
741 2878 830 2931 τὸν
853 2879 1070 2951 ἔλεγχον
1091 2881 1295 2951 ἐναργῆ
1331 2879 1464 2952 (50).

1988 1959 2042 2015 id
2075 1969 2177 2026 est,
2214 1975 2316 2016 nec
2343 1960 2580 2016 Verbum
2616 1975 2716 2016 nec
2742 1959 3022 2016 hominem
3056 1959 3260 2016 Filium
3287 1977 3431 2029 esse,
3466 1964 3563 2032 sed

1989 2051 2281 2122 quamdam
2315 2067 2542 2109 causam
2579 2059 2798 2123 propter
2823 2066 2989 2122 quam
3037 2053 3275 2122 copulati
3306 2061 3467 2109 sunt:
3499 2069 3565 2110 ac

1991 2144 2219 2214 proinde
2248 2158 2416 2200 causa
2445 2144 2535 2198 illa
2575 2158 2698 2214 quae
2743 2141 2942 2200 Filium
2982 2143 3166 2210 elﬁcit,
3215 2144 3564 2216 copulatione

1992 2235 2144 2305 prior
2167 2236 2292 2292 erit.
2333 2234 2476 2304 Ergo
2499 2251 2565 2291 ex
2606 2234 2712 2291 hoc
2742 2235 2870 2292 item
2902 2251 3169 2306 responso
3198 2236 3447 2308 sequitur
3469 2233 3562 2290 Fi-

1993 2329 2126 2382 lium
2169 2338 2292 2383 ante
2323 2328 2480 2399 503
2513 2343 2733 2385 carnem
2776 2330 3072 2386 exstitisse.
3106 2330 3309 2386 Verum
3359 2330 3446 2387 his
3487 2331 3564 2388 ita

1993 2419 2419 2484 demonstratis,
2480 2419 2626 2475 aliud
2682 2429 2936 2490 quarunt
2991 2419 3248 2492 effugium
3294 2439 3308 2476 :
3369 2436 3564 2491 nempe

1992 2509 2148 2565 aiunt
2173 2525 2282 2565 non
2312 2511 2586 2567 hominem
2617 2509 2814 2567 Filium
2863 2528 3008 2579 esse,
3056 2529 3234 2584 neque
3269 2523 3565 2582 utrumque

1993 2603 2178 2667 simul,
2209 2603 2303 2659 sed
2347 2602 2608 2670 Verbum,
2648 2605 2794 2676 quod
2825 2605 3042 2676 quidem
3073 2606 3130 2660 in
3158 2605 3428 2677 principio
3460 2605 3566 2661 l‘uit

1991 2695 2258 2751 duntaxat
2307 2694 2586 2764 Verbum;
2638 2713 2764 2753 cum
2801 2707 2982 2754 autem
3023 2699 3187 2754 homo
3232 2697 3411 2754 factus
3456 2707 3558 2765 est,

1989 2794 2121 2842 tunc
2164 2785 2336 2843 Filius
2385 2799 2468 2844 est
2502 2790 2836 2847 nominatus.
2883 2788 3018 2846 Nam
3069 2801 3363 2862 antequam
3400 2791 3564 2847 adve-

1989 2879 2180 2944 nisset,
2217 2878 2489 2948 inquiunt,
2519 2894 2630 2934 non
2663 2891 2782 2936 erat
2820 2879 3010 2945 Filius,
3055 2880 3148 2936 sed
3181 2882 3563 2937 tantummodo

316 2967 547 3024 Verbum
579 2989 592 3024 :
639 2985 702 3024 ac
735 2969 960 3039 proinde
989 2980 1048 3024 ut
1066 2967 1301 3026 Verbum
1325 2985 1454 3025 caro
1489 2969 1690 3026 factum
1725 2979 1828 3036 est,
1862 2984 1986 3025 cum
2015 2979 2171 3026 antea
2199 2986 2326 3026 caro
2354 2985 2460 3026 non
2482 2977 2646 3037 esset,
2677 2972 2750 3026 ita
2771 2969 3008 3027 Verbum
3031 2971 3202 3030 Filius
3225 2971 3428 3030 factum
3454 2982 3561 3038 est,

306 3078 429 3118 cum
463 3069 615 3134 prius
659 3063 830 3119 Filius
860 3079 967 3119 non
1008 3074 1169 3120 esset.
1216 3064 1310 3119 Hae
1344 3064 1560 3119 illorum
1611 3073 1739 3120 sunt
1772 3065 2010 3145 ineptiae,
2034 3080 2172 3134 quas
2205 3062 2445 3118 refutare
2469 3061 2613 3116 haud
2646 3071 2731 3118 est
2758 3062 2994 3119 diﬂicile.

375 3158 467 3211 23.
497 3158 559 3211 Εἰ
584 3155 693 3228 γὰρ
741 3155 876 3221 ὅλως
923 3156 1348 3228 ἐνανορωπήσας
1397 3156 1618 3226 γέγονεν
1667 3155 1817 3218 Υίὺς,
1845 3156 1880 3223 ἡ

2053 3154 2144 3208 25.
2195 3152 2329 3209 Nam
2367 3153 2412 3209 si
2464 3151 2726 3216 Verbum.
2777 3153 3015 3209 lmmana
3063 3163 3285 3225 accepta
3340 3164 3562 3225 natura,

299 3248 716 3322 ὲνανθρώπησις
745 3248 913 3301 αίτία.
947 3248 1059 3301 Καὶ
1084 3248 1133 3300 εί
1162 3247 1190 3300 6
1247 3247 1532 3319 ἄνθρωπος
1577 3246 1749 3310 αἴτιος
1788 3244 1882 3299 τοῦ

309 3339 442 3395 εἶναι
482 3341 644 3394 αὑτὸν
677 3340 826 3403 Υίδν,
882 3339 916 3410 ἢ
950 3339 1011 3392 τὸ
1054 3339 1478 3411 συναμφότερον,
1531 3339 1624 3393 καὶ
1673 3338 1784 3409 (51)
1817 3337 1885 3390 τὰ

307 3432 444 3486 αὺτά
478 3430 656 3486 ἄτοπα
705 3431 1027 3503 ἀπαντήσει.
1065 3431 1328 3493 Ἔπειτα,
1380 3433 1427 3482 εἰ
1455 3429 1667 3501 πρῶτον
1691 3428 1880 3497 Λόγος,

309 3524 398 3578 καὶ
426 3523 654 3595 ὓστερον
687 3522 835 3587 Υἱὸς,
880 3523 1177 3592 φανήσεται
1228 3521 1454 3592 ὕστερον
1511 3521 1764 3589 ἐγνωκὼς
1791 3519 1883 3573 τὸν

310 3614 546 3686 Πατέρα,
574 3614 666 3668 καὶ
701 3613 760 3667 οὗ
784 3613 1065 3684 πρότερον.
1098 3612 1172 3667 Οὐ
1198 3612 1305 3681 γὰρ
1431 3610 1539 3684 (52)
1575 3611 1746 3680 Λόγος
1797 3627 1884 3678 γι-

310 3709 538 3773 νώσκει,
570 3703 746 3782 ἀλλ’ᾖ
799 3708 946 3770 Υἱός.
1005 3706 1213 3774 Οὐδεὶς
1279 3707 1387 3779 γὰρ
1441 3704 1717 3775 γινώσκει
1777 3703 1885 3757 τὸν

312 3801 554 3870 Πατέρα,
587 3802 638 3853 ει
668 3798 754 3869 μὴ
809 3802 841 3853 ό
881 3799 1030 3866 Υἱός.
1075 3799 1402 3869 Ἀπαντήσει
1454 3797 1510 3849 δὲ
1559 3797 1652 3849 καὶ
1697 3794 1881 3858 τοῦτο,

309 3893 386 3944 ὅτι
407 3891 635 3964 ὕστερον
665 3893 722 3944 ἐν
761 3889 981 3953 κόλποις
1013 3889 1107 3942 τοῦ
1130 3889 1342 3960 Πατρὸς
1371 3889 1582 3958 γέγονε,
1612 3888 1708 3941 καὶ
1736 3886 1886 3940 ὓστε-

315 4000 400 4054 ρον
433 3983 596 4047 αὐτὸς
628 3982 725 4035 καὶ
751 3984 779 4035 ὁ
810 3981 996 4053 Πατὴρ
1026 3981 1084 4034 ἓν
1115 3983 1389 4051 γεγόνασι,
1429 3980 1522 4033 καὶ
1552 3979 1775 4050 ὕστερον
1800 3979 1880 4044 τὸ,

321 4074 380 4126 '0
397 4072 666 4142 ἑωρακὼς
692 4072 817 4141 ἐμὲ,
844 4072 1060 4140 ἑώρακε
1089 4071 1194 4125 τὸν
1238 4069 1486 4140 Πατέρα.
1532 4069 1718 4123 Ταῦτα
1773 4070 1883 4141 γὰρ

311 4167 484 4220 πάντα
515 4166 609 4218 ἐπί
641 4164 770 4217 Υιοῦ
805 4163 1018 4232 ἐλέχθη.
1067 4163 1160 4216 Ἐκ
1189 4162 1254 4234 δὴ
1302 4163 1504 4216 τούτων
1534 4161 1882 4231 ἀναγκασθή-

313 4273 489 4309 σονται
523 4257 716 4309 εἰπεῖν·
749 4254 914 4308 Οὐδὲν
933 4249 1000 4324 ἦν
1027 4253 1056 4305 6
1102 4253 1292 4321 Λόγος,
1345 4252 1458 4304 ἀλλ’
1480 4253 1648 4323 ὄνομα
1702 4252 1878 4321 μόνον.

312 4347 443 4400 οὔτε
470 4347 580 4419 γὰρ
609 4347 665 4400 ἐν
701 4348 831 4417 ἡμῖν
861 4345 997 4416 μετά
1043 4345 1136 4398 τοῦ
1169 4345 1402 4414 Παςρδς,
1451 4343 1573 4396 οὔτε
1604 4343 1769 4413 6-(55)
1793 4343 1882 4396 τὸν

311 4443 475 4510 Λόγον
506 4438 768 4510 ἑωρακὼς
795 4437 989 4490 ἕϐλεπε
1036 4437 1126 4489 τὸν
1167 4437 1406 4506 Πατέρα,
1442 4434 1564 4488 οὔτε
1609 4435 1744 4499 ὅλως
1777 4436 1882 4488 τινὶ

1985 3239 2159 3298 Filius
2190 3253 2275 3297 est
2306 3239 2483 3298 factus
2511 3261 2525 3297 :
2559 3241 2724 3317 igitur
2747 3250 2958 3298 natura;
2985 3243 3238 3300 humanae
3258 3233 3560 3318 assumptio

1985 3346 2152 3385 causa
2187 3332 2308 3401 ejus
2361 3332 2437 3386 rei
2489 3340 2594 3388 est.
2616 3331 2972 3404 Quapropter
3000 3333 3046 3389 si
3083 3334 3250 3390 homo
3276 3350 3442 3392 causa
3476 3349 3561 3394 est

1984 3437 2082 3478 cur
2113 3421 2351 3478 Verbum
2399 3423 2470 3480 sit
2508 3423 2698 3488 Filius,
2750 3424 2833 3480 vel
2878 3433 3172 3498 utrumque
3195 3427 3338 3501 (54):
3366 3429 3555 3485 eadem

1984 3521 2130 3568 certe
2171 3513 2407 3569 absurda
2437 3525 2744 3572 occurrent.
2779 3515 3004 3584 Deinde,
3035 3517 3083 3572 si
3114 3519 3266 3590 prius
3316 3517 3555 3576 Verbum

1983 3616 2086 3672 est,
2115 3616 2170 3661 et
2203 3609 2477 3678 posterius
2507 3607 2699 3674 Filius,
2745 3609 2993 3678 sequitur
3020 3618 3079 3664 ut
3112 3608 3327 3666 Patrem
3371 3621 3555 3684 posto-

1985 3699 2120 3765 rius,
2155 3715 2261 3755 non
2300 3701 2454 3770 prius
2499 3701 2832 3772 cognoverit.
2879 3699 2989 3756 Nec
3038 3702 3182 3757 enim
3229 3718 3354 3758 eum
3406 3705 3558 3759 novit

1985 3803 2255 3862 quatenus
2283 3793 2522 3848 Verbum
2557 3802 2658 3855 est,
2699 3793 2791 3847 sed
2835 3802 3104 3862 quatenus
3145 3794 3338 3849 Filius.
3385 3792 3555 3849 Nemo

1985 3887 2127 3940 enim
2147 3888 2289 3939 novit
2314 3885 2549 3947 Patrem,
2571 3885 2673 3938 nisi
2696 3883 2872 3939 Filius
2887 3886 2951 3939 ⁸⁸.
2981 3885 3241 3955 Sequitur
3269 3886 3395 3940 item
3427 3901 3558 3941 non-
3599 3893 3608 3902 “

1988 3976 2090 4030 nisi
2117 3977 2388 4046 posterius
2429 3976 2723 4046 contigisse
2768 3985 2828 4030 ut
2878 3977 2933 4030 in
2975 3977 3097 4031 sinu
3145 3975 3320 4031 Patris
3369 3976 3554 4043 fuerit,

1985 4067 2212 4138 ipseque
2260 4078 2314 4122 et
2341 4067 2501 4122 Pater
2547 4083 2713 4122 unum
2749 4067 2876 4124 facti
2925 4068 3055 4132 sint,
3106 4068 3453 4140 eveneritqne
3501 4070 3554 4125 id

1985 4160 2130 4231 quod
2165 4160 2338 4214 dixit:
2380 4161 2484 4224 Qui
2510 4160 2636 4214 vidit
2657 4176 2758 4226 me,
2782 4161 2913 4214 vidit
2946 4161 3160 4215 Patrem
3183 4163 3251 4217 ”.
3281 4160 3416 4216 Nam
3441 4163 3557 4220 hac

1985 4248 2166 4302 omnia
2199 4248 2265 4302 de
2295 4247 2432 4302 Filio
2465 4248 2606 4303 dicta
2632 4257 2778 4304 sunt.
2809 4249 3036 4319 Insuper
3070 4266 3136 4306 ex
3166 4251 3252 4306 his
3289 4262 3556 4324 cogentur

1989 4339 2145 4393 fateri
2182 4339 2423 4395 Verbum
2472 4339 2610 4394 nihil
2656 4339 2826 4396 fuisse
2860 4349 3055 4411 praeter
3087 4358 3297 4398 merum
3329 4360 3556 4402 nomen.

1985 4430 2171 4502 Neque
2201 4435 2346 4488 enim
2379 4433 2431 4486 in
2459 4434 2618 4488 nobis
2643 4449 2765 4488 cum
2799 4433 2959 4490 Patre
3003 4447 3140 4501 erat,
3172 4451 3272 4492 nec
3296 4438 3393 4508 qui
3423 4437 3556 4494 Ver-

311 4500 551 4602 éyv-dmen
649 4500 856 4601 Πατήρο
895 4528 984 4582 διὰ
1030 4527 1139 4599 γὰρ
1197 4500 1327 4580 Υιοό
1360 4528 1684 4596 γινώσκεται
1711 4531 1739 4581 6
1771 4530 1882 4582 Πα-

1990 4500 2114 4577 bum
2145 4523 2382 4588 videbat,
2404 4521 2619 4578 Patrem
2651 4525 2886 4589 videbat,
2918 4541 3019 4580 nec
3041 4527 3295 4597 cuiquam
3313 4500 3554 4584 omnino

311 4626 428 4694 τήρ·
464 4621 606 4676 οὕτω
631 4619 738 4691 γὰρ
798 4620 892 4672 καὶ
937 4619 1266 4690 γέγραπται,
1313 4620 1424 4672 Καὶ
1471 4612 1519 4684 ᾧ
1547 4617 1622 4672 ἂν
1653 4621 1685 4672 d
1751 4618 1883 4684 Υἱὸς

311 4713 695 4781 ἀποκαλύψῃ.
754 4713 937 4782 Μήπω
965 4711 1022 4764 δὲ
1063 4711 1214 4772 ὄντος
1261 4708 1353 4762 τοῦ
1407 4708 1579 4777 Λόγου
1613 4707 1766 4772 Υίοῦ,
1792 4710 1883 4762 οὐ-

312 4805 452 4856 δέπω
471 4821 557 4866 τις
584 4804 846 4872 ἐγίνωσκε
871 4803 962 4856 τὸν
990 4801 1226 4872 Πατέρα.
1264 4801 1388 4864 Πῶς
1410 4797 1502 4854 οὖν
1534 4802 1741 4865 Μωσεῖ,
1763 4800 1880 4864 πῶς

312 4899 417 4959 τοῖς
437 4893 707 4967 πατράσιν
731 4894 920 4963 ὣφθη;
975 4895 1144 4958 Αὐτὸς
1178 4893 1284 4965 γὰρ
1316 4895 1374 4945 ἐν
1413 4895 1531 4954 ταῖς
1578 4892 1881 4956 Βασιλείαις

315 4987 492 5055 φησίν·
538 4984 998 5054 Ἀποκιιλυςρθεὶς
1019 4985 1448 5052 ἀπεκαλύφθην
1469 4983 1616 5051 πρὸς
1648 4983 1876 5048 πάντας

315 5081 446 5146 τοὺς
479 5079 738 5148 πατέρας
783 5078 968 5149 ὑμῶν.
1004 5081 1066 5132 Εἰ
1100 5079 1156 5133 δὲ
1205 5077 1560 5147 ἀπεκαλύφθη
1604 5079 1754 5143 Θεὸς,
1780 5078 1876 5148 δῆ-

1983 4624 2146 4669 notus
2173 4625 2291 4669 erat
2319 4613 2508 4670 Pater:
2534 4617 2732 4686 quippe
2768 4616 2862 4686 qui
2896 4633 2989 4686 per
3021 4616 3217 4673 Filium
3255 4634 3552 4690 cognosca-

1981 4715 2108 4760 tur:
2141 4707 2221 4761 sic
2248 4706 2391 4762 enim
2421 4708 2684 4778 scriptum
2719 4721 2823 4776 est,
2868 4709 2933 4764 Et
2965 4712 3048 4764 cui
3098 4710 3270 4765 Filius
3294 4713 3548 4765 revelave-

1985 4801 2055 4852 rit
2080 4799 2146 4851 ⁸¹.
2199 4797 2350 4854 Unde
2394 4816 2518 4855 cum
2569 4799 2805 4856 Verbum
2852 4803 3093 4857 nondum
3140 4811 3288 4859 esset
3337 4802 3546 4867 Filius,

1984 4893 2223 4947 nondum
2271 4907 2487 4964 quoque
2535 4891 2696 4949 Pater
2753 4895 3203 4966 cognoscebatur.
3264 4894 3549 4961 Quomodo

1984 4985 2150 5055 igitur
2180 4984 2352 5056 Moysi
2380 4994 2432 5039 et
2462 4985 2709 5055 patribus
2741 4987 3036 5056 apparuit?
3063 4985 3180 5056 Ipse
3218 4985 3364 5041 enim
3393 4987 3448 5041 in
3477 4989 3546 5042 li-

1985 5077 2098 5133 bris
2123 5076 2434 5148 Regnorum
2461 5078 2535 5132 ita
2564 5077 2837 5148 loquitur:
2866 5077 3140 5131 Revelalus
3169 5094 3288 5132 sum
3306 5079 3556 5140 omnibus

380 5196 425 5228 ⁸⁸
447 5195 624 5250 Galat.
655 5211 728 5260 Iv,
765 5194 818 5249 6.
883 5195 930 5226 “
969 5193 1070 5250 isa.
1104 5210 1142 5261 ι,
1181 5193 1233 5248 2.
1310 5194 1354 5226 ⁸⁷
1395 5192 1528 5248 Gen.
1563 5208 1634 5260 vr,
1664 5193 1717 5248 ‘2.
1794 5193 1841 5224 ⁸⁸
1881 5192 1884 5246 ξ

2000 5202 2099 5249 ter.
2133 5209 2306 5261 χχχιι,
2333 5194 2385 5249 6.
2464 5193 2510 5225 ⁸³
2550 5191 2736 5247 Matth.
2773 5209 2860 5257 xi,
2890 5193 2979 5246 27.
3055 5193 3100 5224 ⁸ο
3136 5191 3294 5248 Joan.
3328 5210 3452 5259 xw,
3491 5194 3541 5248 9.

314 5264 352 5294 “
395 5263 580 5320 Matth.
634 5282 710 5331 ιι,
749 5264 840 5321 27.

383 5379 491 5445 (17)
530 5379 697 5448 Φησίν
726 5380 897 5448 abest
950 5393 980 5431 a
1029 5376 1216 5432 codice
1243 5376 1408 5447 Regio
1437 5385 1490 5430 et
1517 5375 1873 5448 Segueriano.

322 5446 607 5518 Basiliensi'
629 5459 683 5502 et
707 5447 1026 5518 Anglicano.

387 5518 512 5590 (68,)?
534 5517 737 5588 Regius
763 5515 819 5574 et
843 5518 1208 5588 Seguerianus
1240 5517 1297 5570 δέ
1335 5516 1558 5580 addunt,
1592 5517 1734 5587 quod
1785 5515 1873 5571 alii

322 5601 372 5642 et
393 5588 517 5642 editi
547 5590 828 5643 omittunt.

389 5658 495 5730 (49)
536 5658 738 5728 Regius
757 5668 814 5714 et
843 5659 1227 5730 Seguerianus,
1254 5656 1348 5710 καὶ
1383 5656 1538 5711 κατά.
1569 5658 1626 5712 in
1665 5657 1785 5713 aliis
1821 5667 1871 5713 et

324 5729 472 5782 editis
502 5731 594 5782 καί
617 5731 788 5784 deesl.
875 5733 881 5738 ⁷

390 5798 492 5872 (50)
533 5800 885 5870 Anglicanus,
916 5800 972 5851 ἐν
998 5796 1157 5870 ἀρχῇ.

2047 5375 2158 5444 (ὃί)
2196 5371 2534 5444 basiliensis
2553 5380 2605 5422 et
2634 5369 2964 5444 Anglicanus
2997 5367 3086 5421 καί
3121 5369 3399 5444 omittunt}.

2046 5436 2157 5514 (λε)
2194 5443 2397 5515 Regips
2423 5438 2722 5515 et_Seguer.
2743 5437 2926 5515 ilicet
2959 5439 3172 5515 nto_x._ﬁ
3205 5456 3300 5515 pro

2045 5506 2159 5582 {55)
2201 5506 2301 5567 Sic:—
2318 5511 2450 5578 Reg.
2484 5507 2707 5578 Seguer.
2741 5506 2906 5561 Basil.
2937 5517 2992 5562 et
3018 5506 3236 5562 Gobler.
3269 5506 3457 5568 At"alii
3489 5519 3548 5569 et

1974 5585 2104 5642 editi
2138 5586 2166 5638 ὁ
2194 5582 2466 5636 οηιίιιυηι.

2048 5654 2161 5724 (54)
2197 5651 2400 5724 Ιρ-θει,
2437 5647 2520 5700 vel
2561 5645 2608 5724 si
2656 5643 2885 5724 Verbum
2923 5659 2976 5700 et
3004 5647 3166 5701 homo
3189 5689 3202 5712 ,
3251 5649 3363 5724 sire
3408 5667 3545 5724 οοηε

1975 5715 2182 5845 jungit.)
2218 5719 2376 5774 Verbi
2407 5732 2529 5772 cum
2561 5715 2799 5783 homine,
2852 5729 3016 5774 causa
3055 5726 3134 5773 est
3167 5733 3261 5776 cur
3301 5719 3537 5779 Verbum

1976 5807 2042 5845 Sll.
2116 5807 2256 5845 nus.

1976 5807 2042 5850 διι
2072 5807 2099 5844 ι’
2116 5807 2256 5846 111115.
