3944 6222
378 405 488 468 595

966 407 1023 464 S.
1063 405 1434 467 ATHANASII
1473 404 1626 461 OPP.
1666 404 1845 460 PARS
1882 404 1923 459 l.
1957 434 2026 447 —-
2062 402 2432 461 HISTORICA
2469 401 2557 458 ET
2594 391 3015 459 DOGMATICA.

3499 402 3602 459 504

380 523 622 597 patribus
670 523 853 577 vestris
877 523 947 579 η.
994 522 1230 578 Proinde
1260 524 1308 578 si
1339 522 1610 577 revelatus
1646 527 1730 575 est
1773 519 1939 583 Deus,

2070 537 2131 572 ov
2155 520 2234 573 ὅτι
2276 520 2387 590 (55)
2416 515 2484 590 ἦν
2508 520 2537 570 ὁ
2564 516 2960 571 ἀποκαλύπτων
2983 515 3130 579 Υἱδς,
3163 514 3236 577 ὡς
3266 514 3425 579 αὐτός
3451 532 3601 587 φησι,

379 623 529 670 certe
552 613 724 671 Filius
746 615 1024 681 revelavit,
1061 624 1122 670 ut
1152 616 1267 685 ipse
1291 623 1542 677 testatur,
1573 611 1637 667 Et
1658 612 1744 665 cui
1770 611 1944 666 Filius

383 703 707 763 revelaverit.
756 703 943 774 Itaque
991 703 1217 773 impium
1262 712 1316 758 et
1369 701 1596 757 stultum
1641 699 1788 754 dictu
1840 707 1943 763 est,

380 795 533 853 aliud
554 810 677 852 esse
703 794 942 851 Verbum
978 803 1033 850 et
1064 794 1228 849 alium
1251 808 1373 850 esse
1417 791 1637 846 Filium.
1681 788 1791 845 Nec
1818 804 1947 845 vero

382 887 484 943 abs
508 901 570 942 re
597 887 701 942 erit
725 886 1000 956 inquirere
1025 885 1291 940 undenam
1327 880 1637 952 huiusmodi
1669 880 1947 935 hauserint

385 977 717 1048 opinionem.
750 978 916 1033 Aiunt
944 977 1127 1047 igitur,
1155 992 1279 1032 cum
1309 975 1365 1029 in
1394 973 1572 1030 Veteri
1604 972 1948 1027 Testamento

388 1070 534 1125 nulla
564 1067 687 1124 Filii
720 1069 819 1125 sed
862 1069 1032 1125 solius
1063 1067 1225 1124 Verbi
1252 1068 1347 1123 ﬁat
1396 1066 1620 1131 mentio,
1654 1064 1856 1119 ideirco
1889 1077 1947 1118 se

388 1163 602 1233 opinari
635 1161 834 1217 Filium
887 1160 1064 1217 Verbo
1093 1160 1367 1231 iuniorem
1398 1174 1540 1226 esse,
1583 1158 1780 1229 quippe
1822 1170 1946 1210 cum

386 1253 529 1308 nihil
555 1253 623 1309 de
656 1256 774 1325 ipso
805 1253 1009 1309 dictum
1044 1253 1118 1307 sit
1150 1253 1205 1307 in
1236 1251 1418 1307 Veteri
1452 1250 1820 1314 Testamento,
1853 1249 1947 1303 sed

390 1354 604 1402 tantum
637 1346 689 1402 in
714 1346 883 1402 Novo.
916 1345 1041 1401 Haec
1069 1353 1199 1401 sunt
1225 1360 1347 1415 quae
1396 1344 1473 1399 illi
1506 1342 1809 1413 proferunt,
1855 1341 1950 1396 sed

390 1439 576 1510 impie.
625 1438 760 1494 Nam
822 1438 1000 1509 primo
1054 1436 1400 1491 Testamenta
1447 1435 1719 1501 dividere,
1769 1433 1843 1488 ita
1892 1440 1951 1487 ut

393 1547 563 1587 unum
593 1546 717 1587 cum
749 1531 856 1585 alio
887 1545 996 1585 non
1027 1529 1315 1594 cohaereat,
1343 1526 1762 1582 Manichaeorum
1790 1534 1952 1596 atque

393 1620 703 1677 Judaaorum
733 1628 836 1686 est,
890 1634 1122 1690 quorum
1175 1618 1432 1673 nimirum
1481 1616 1571 1670 alii
1608 1615 1810 1683 Veteri,
1860 1615 1951 1670 alii

391 1712 544 1770 Novo
566 1712 917 1769 Testamento
941 1712 1319 1767 adversantur.
1346 1708 1551 1764 Deinde
1579 1708 1647 1773 si,
1663 1714 1724 1762 ut
1742 1715 1950 1778 putant,

391 1823 455 1863 ea
490 1823 610 1879 quae
639 1807 693 1861 in
725 1805 905 1862 Veteri
926 1814 1143 1861 exstant
1173 1804 1541 1869 Testamento,
1581 1811 1818 1873 tempore
1851 1817 1952 1856 an-

2045 604 2224 677 Καὶῷ
2249 611 2358 666 ἐὰν
2393 614 2425 664 ό
2458 609 2589 675 Υἱὸς
2616 608 3001 676 ἀποκαλύψῃ.
3031 605 3248 669 Ἀσεϐὲς
3282 606 3378 677 μὲν
3404 601 3496 658 οὖν
3516 606 3606 661 καὶ

2047 703 2270 774 ἀνόητον
2283 701 2343 755 τὸ
2371 701 2549 770 λέγειν
2578 698 2734 753 ἄλλον
2764 696 2901 753 εἶναι
2945 698 3036 751 τὸν
3083 697 3273 766 Λόγον,
3315 697 3410 751 καὶ
3455 698 3607 752 ἄλλον

2047 794 2185 850 εἶναι
2217 795 2327 867 (56)
2356 796 2446 848 τὸν
2469 794 2615 848 Υἱόν.
2655 792 2824 848 Πόθεν
2860 791 2915 845 δὲ
2934 791 3039 864 ἄρα
3070 791 3167 863 τὴν
3204 790 3454 862 τοιαύτην
3477 792 3609 845 ὑπό-

2048 904 2196 943 νοιαν
2219 889 2532 960 ἐσχήκασιν,
2569 885 2788 958 ἐρέσθαι
2826 885 3011 938 καλόν.
3041 885 3176 937 Φασί
3211 884 3297 954 δὴ,
3325 884 3413 937 διὰ
3440 884 3499 936 τὸ
3535 884 3609 957 μὴ

2047 977 2295 1049 εἰρῆσθαι
2316 979 2372 1031 ὲν
2400 979 2464 1048 τῇ
2496 975 2706 1046 Παλαιᾷ
2747 975 2874 1046 περὶ
2896 972 3047 1036 Υἱοῦ,
3090 971 3226 1025 ἀλλὰ
3255 973 3384 1044 περὶ
3414 973 3607 1041 Λόγου,

2047 1071 2144 1123 καὶ
2167 1070 2278 1140 (57)
2311 1069 2399 1124 διὰ
2429 1068 2588 1122 τοῦτο
2634 1066 2895 1140 νεώτερον
2922 1068 3167 1120 ὑπονοεῖν
3200 1066 3291 1119 τοῦ
3312 1064 3483 1133 Λόγου
3521 1063 3613 1118 τὸν

2049 1162 2177 1215 Υἱὸν
2214 1161 2662 1225 διαϐεϐαιοῦνται,
2691 1162 2772 1214 ὅτι
2807 1159 2881 1231 μὴ
2919 1160 2976 1212 ἐν
3014 1161 3079 1230 τῇ
3133 1157 3365 1229 Παλαιᾷ,
3396 1157 3508 1210 ἀλλ’
3557 1157 3614 1211 ἒν

2050 1258 2118 1326 τῇ
2146 1257 2323 1326 Καινῇ
2359 1255 2496 1328 μόνῃ
2530 1255 2657 1327 περὶ
2701 1251 2864 1308 αὐτοῦ
2900 1251 3011 1322 (58)
3038 1250 3253 1323 ἐλέχθη.
3281 1249 3445 1303 Ταῦτ’
3471 1251 3615 1302 ἐκεῖ·

2050 1343 2126 1403 νοι
2151 1346 2361 1410 ἀσεϐῶς
2389 1347 2729 1416 φθέγγονται.
2760 1345 2981 1417 Πρῶτον
3021 1344 3116 1416 μὲν
3141 1343 3247 1414 γὰρ
3271 1343 3496 1413 διαιρεῖν
3521 1340 3618 1399 τὰς

2050 1435 2343 1505 Διαθήκας,
2361 1435 2454 1488 καὶ
2482 1434 2555 1506 μὴ
2577 1433 2673 1506 τὴν
2701 1435 2891 1507 ἑτέραν
2918 1433 3016 1502 τῆς
3036 1433 3227 1505 ἑτέρας
3254 1431 3469 1503 ἔχεσθαι
3484 1431 3615 1503 (59),
3650 1428 3651 1431 “

2051 1524 2372 1595 Μανιχαίων
2407 1525 2500 1578 καὶ
2538 1525 2803 1578 Ἰουδαίων
2832 1525 2892 1578 τὸ
2913 1524 3267 1596 ἐπιτήδευμα,
3298 1522 3406 1576 τῶν
3435 1523 3534 1594 μὲν
3552 1526 3616 1593 τῇ

2054 1617 2286 1688 Παλαιᾷ,
2321 1616 2427 1669 τῶν
2450 1616 2505 1669 δὲ
2534 1619 2598 1689 τῇ
2633 1617 2750 1687 Νέᾳ
2802 1615 3203 1684 ἀντιλεγόντων⁵
3254 1613 3443 1666 ἔπειτα
3497 1614 3618 1666 κατ’

2055 1709 2269 1772 αὐτοὺς,
2298 1708 2345 1760 εἰ
2404 1707 2472 1760 τὰ
2522 1711 2579 1761 ὲν
2630 1710 2696 1779 τῇ
2747 1707 2957 1780 Παλαιᾷ
3020 1708 3245 1778 κείμενα
3279 1707 3508 1778 προάγει
3545 1706 3620 1777 τῷ

2058 1802 2256 1873 χρόνῳ,
2285 1800 2354 1854 τὰ
2379 1800 2436 1853 δὲ
2468 1802 2524 1854 ἐν
2576 1803 2641 1872 τῇ
2672 1800 2787 1871 Νέᾳ
2820 1800 3058 1873 νεώτερα
3084 1802 3220 1865 ἐστι,
3272 1801 3366 1853 καὶ
3398 1801 3463 1853 ὲκ
3512 1798 3621 1852 τῶν

391 1876 666 1967 tecedunt,
694 1914 758 1955 ea
786 1906 987 1964 autem,
1016 1912 1139 1968 quae
1162 1897 1217 1951 in
1251 1894 1402 1952 Novo
1437 1895 1785 1959 Testamento
1826 1908 1959 1949 con-

2070 1892 2397 1963 γραμμάτων
2423 1893 2471 1944 οἱ
2501 1892 2680 1963 χρόνοι
2733 1891 3027 1961 κρίνονται·
3059 1889 3268 1960 ἀνάγκη
3295 1889 3453 1943 πάλιν
3484 1886 3620 1944 νεώ-

392 1990 653 2057 tinentur,
678 1991 978 2047 recentiora
1017 1998 1163 2057 sunt,
1211 1989 1482 2059 velintque
1511 2003 1578 2043 ex
1607 1986 1806 2051 divinis
1840 1984 1955 2040 Lit-

392 2082 526 2137 teris
560 2093 802 2152 tempora
851 2080 1130 2144 aastimari,
1166 2095 1389 2135 necesse
1422 2094 1551 2134 sane
1583 2087 1667 2133 est
1705 2079 1807 2133 ista
1838 2092 1958 2133 esse

392 2173 718 2238 recentiora,
768 2187 983 2242 nempe,
1019 2171 1131 2241 Ego
1180 2181 1231 2226 et
1275 2171 1438 2225 Pater
1482 2188 1645 2225 unum
1685 2187 1865 2224 sumus
1887 2171 1954 2235 ⁸³,

399 2262 706 2335 Unigenitus
728 2263 795 2329 ",
847 2262 953 2329 Qui
1001 2263 1132 2316 vidit
1173 2279 1275 2328 me,
1307 2263 1436 2317 vidit
1481 2262 1697 2316 Patrem
1722 2262 1790 2317 ⁸⁵.
1840 2261 1957 2316 Non

394 2356 541 2411 enim
575 2371 644 2412 ex
671 2353 849 2411 Veteri
878 2355 1245 2422 Testamento,
1277 2357 1369 2411 sed
1399 2370 1462 2410 ex
1486 2353 1636 2411 Novo
1663 2354 1775 2409 haec
1805 2355 1956 2409 testi-

394 2446 578 2501 monia
610 2446 980 2516 proferuntur.

464 2535 556 2592 21.
585 2537 751 2608 Atqui
779 2553 885 2592 non
917 2537 991 2592 ita
1030 2546 1133 2600 est.
1163 2537 1257 2594 sed
1283 2539 1446 2593 etiam
1474 2554 1659 2595 revera
1696 2540 1748 2593 in
1779 2538 1958 2594 Veteri

397 2624 747 2683 Testamento
771 2628 942 2683 multa
970 2628 1037 2683 de
1066 2628 1205 2684 Filio
1232 2633 1545 2694 occurrunt,
1581 2641 1641 2683 ut
1666 2631 1717 2683 in
1749 2631 1958 2700 psalmo

395 2721 637 2777 secundo
660 2740 673 2776 :
700 2720 879 2776 Filius
905 2738 1046 2776 meus
1068 2739 1121 2778 es
1151 2732 1227 2787 ιιι,
1254 2740 1346 2792 ego
1367 2723 1518 2777 hodie
1546 2724 1702 2793 genui
1727 2733 1772 2778 te
1795 2725 1874 2790 ’°;
1905 2732 1959 2777 et

393 2812 450 2867 in
499 2827 646 2868 nono
684 2813 986 2882 inscriptio,
1038 2812 1102 2867 In
1154 2816 1311 2883 ﬁnem
1359 2831 1454 2883 pro
1511 2815 1731 2868 occultis
1786 2813 1958 2880 Filii,

395 2904 628 2974 psalmus
678 2903 850 2959 David
866 2907 956 2959 ’7:
997 2915 1053 2959 et
1101 2906 1155 2959 in
1198 2906 1619 2987 quadragesimo
1647 2915 1863 2976 quarto,
1894 2906 1959 2960 In

304 3064 315 3073 δ
394 2998 553 3068 ﬁnem
576 3012 670 3066 pro
692 2997 760 3050 iis
791 2998 880 3068 qui
923 2999 1404 3064 contmutabuntur,
1431 2998 1557 3068 ﬁliis
1598 2998 1750 3065 Core,
1787 2997 1856 3052 ad
1879 3000 1961 3052 in-

399 3085 681 3150 tellectum,
713 3089 978 3140 canticum
1002 3103 1097 3155 pro
1122 3087 1327 3141 Dilecto
1349 3089 1394 3120 ⁹⁸
1423 3107 1435 3142 :
1481 3098 1534 3142 et
1566 3088 1708 3158 apud
1742 3089 1958 3156 Isaiam,

398 3175 636 3231 Cantabo
674 3175 864 3230 dilecto
909 3179 1174 3231 canticum
1200 3178 1386 3232 Dilecti
1436 3181 1595 3234 vinea:
1622 3196 1768 3234 mete.
1801 3179 1962 3253 504

408 3266 576 3322 Vinea
613 3268 759 3338 facta
785 3278 863 3323 est
893 3267 1099 3323 Dilecto
1126 3269 1193 3324 θ’.
1236 3269 1370 3336 Quis
1403 3279 1581 3327 autem
1611 3270 1848 3328 Dilectus
1878 3282 1961 3328 est
1987 3253 2027 3309 (ἶ

397 3369 593 3431 praeter
621 3358 817 3416 Filium
841 3362 1176 3433 unigenitum
1198 3364 1220 3417 ?
1246 3373 1303 3418 ut
1336 3365 1388 3417 in
1424 3365 1634 3434 psalmo
1665 3366 1965 3421 centesimo

399 3465 549 3508 nono
576 3452 828 3520 habetur,
856 3451 940 3506 Ex
965 3463 1114 3507 utero
1135 3464 1257 3508 ante
1286 3453 1563 3523 luciferum
1590 3458 1743 3524 genui
1768 3465 1815 3510 te
1834 3458 1873 3522 ¹,
1899 3458 1965 3511 de

401 3561 512 3616 quo
554 3554 741 3617 postea
791 3546 1007 3601 dicendi
1042 3547 1221 3602 locus‘
1248 3547 1388 3613 erit;
1433 3558 1487 3603 et
1532 3549 1587 3603 in
1633 3548 1962 3616 Proverbiis,

400 3638 536 3691 Ante
566 3653 744 3691 omnes
774 3637 931 3692 colles
959 3639 1125 3709 gignit
1160 3655 1239 3693 me
1265 3643 1284 3671 ²
1312 3657 1325 3692 :
1367 3648 1422 3693 et
1472 3640 1610 3709 apud
1664 3640 1964 3708 Danielem,

401 3725 472 3780 Et
496 3727 690 3796 species
715 3729 913 3798 quarti,
955 3728 1146 3782 similis
1185 3728 1327 3782 Filio
1349 3729 1445 3783 Dei
1469 3730 1509 3794 ³,
1535 3730 1799 3801 pluraque
1838 3732 1961 3786 alia.

405 3814 465 3870 Si
508 3832 638 3888 ergo
668 3832 732 3870 ex
782 3815 964 3872 Veteri
1011 3817 1357 3872 Testamento
1403 3821 1602 3888 petitur
1647 3820 1962 3890 antiquitas,

349 3893 365 3910 ’
401 3907 682 3964 fatendum
730 3910 919 3979 utique
962 3920 1047 3966 est
1082 3911 1363 3981 antiquum
1408 3909 1602 3965 Filium
1645 3927 1794 3975 esse,
1842 3927 1964 3966 cum

400 4001 588 4057 multis
619 4003 672 4056 in
703 4002 839 4057 locis
870 4000 1078 4058 Veteris
1117 4002 1444 4057 Testamenti
1487 4013 1962 4058 commemoretur.

410 4092 490 4145 Ita
521 4103 625 4158 est,
675 4092 946 4162 inquiunt,
992 4094 1084 4149 sed
1122 4094 1226 4148 ista
1258 4093 1570 4165 propltetice
1613 4095 1753 4149 dicta
1799 4104 1964 4148 sunt:

409 4195 541 4251 ergo
563 4191 618 4235 et
644 4181 733 4235 illa
772 4184 978 4253 pariter
1003 4184 1070 4238 de
1113 4183 1292 4238 Verbo
1321 4184 1631 4253 prophetiae
1668 4194 1965 4238 memorata

404 4282 551 4328 sunt.
589 4273 700 4328 Nec
727 4274 870 4328 enim
900 4290 1068 4328 unum
1099 4274 1412 4344 prophetice
1444 4280 1527 4329 est
1553 4276 1779 4343 dictum,
1819 4275 1964 4329 aliud

401 4377 533 4418 vero
553 4379 657 4418 non
686 4364 1017 4433 prophetice.
1037 4362 1171 4418 Nam
1200 4364 1244 4419 si
1272 4365 1388 4419 haec
1404 4367 1589 4432 verba,
1623 4364 1796 4420 Filius
1821 4382 1964 4418 meus

404 4465 459 4503 es
495 4457 571 4513 tu,
604 4450 847 4505 futurum
883 4446 1085 4522 aliquid
1114 4453 1455 4524 signiﬁcent;
1497 4455 1639 4508 idem
1691 4456 1853 4508 etiam
1897 4456 1964 4509 de

406 4542 513 4597 illis
537 4544 720 4599 verbis
748 4546 1034 4600 dicendum
1060 4557 1163 4608 est,
1202 4543 1366 4599 Verbo
1388 4545 1601 4600 Domini
1619 4547 1739 4609 cmli
1762 4548 1962 4616 ﬁrmati

477 4677 524 4708 "
558 4680 578 4730 Ι
610 4676 742 4748 Reg.
781 4694 875 4747 vn;
901 4718 915 4744 ,
946 4679 1036 4744 27.
1111 4680 1157 4712 ³³
1193 4679 1350 4744 Joan.
1377 4696 1432 4742 χ,
1463 4680 1551 4733 50.
1627 4681 1674 4725 θ’
1706 4680 1867 4737 Joan.
1901 4700 1938 4747 ι,
1969 4683 2053 4736 18.
2130 4687 2177 4718 ’⁵
2217 4684 2372 4741 Joan.
2401 4700 2508 4750 xnv,
2537 4685 2591 4739 9.
2666 4685 2713 4717 ’°
2748 4684 2891 4743 Psal.
2921 4702 2980 4751 ll,
3015 4687 3065 4740 ‘7.

483 4746 630 4803 Psal.
663 4764 808 4811 κων,
840 4751 890 4803 1.
968 4752 1011 4782 ⁹⁹
1052 4750 1155 4806 lsa.
1192 4766 1246 4811 ν,
1285 4751 1334 4804 l.
1415 4752 1429 4780 ¹
1472 4750 1616 4805 Psal.
1658 4767 1769 4811 cxx.
1805 4752 1858 4805 5.
1934 4753 1953 4783 ⁸
1993 4752 2154 4811 Prov.
2188 4773 2308 4811 vm.
2334 4756 2424 4811 25.
2502 4758 2522 4787 ³
2560 4755 2695 4810 Dan.
2738 4774 2818 4811 Ill.
2854 4757 2943 4811 92.

1603 4789 1616 4803 ο
1658 4789 1769 4818 una,
1806 4789 1858 4805 υο
1993 4789 2154 4811 ιιυνο
2197 4789 2308 4821 VIII,
2339 4789 2424 4811 αυο

405 4747 451 4784 ⁸³
483 4746 630 4817 Psal.
663 4746 808 4814 xinv,
840 4751 890 4803 1.
968 4752 1011 4782 ⁹⁹
1052 4750 1155 4806 lsa.
1192 4766 1246 4816 ν,
1285 4751 1334 4814 1.

404 4889 587 5014 ΥΞΒΒ)
622 4889 956 4954 Goblcriau.,
988 4890 1250 4961 δηλονότι.
1283 4889 1408 4945 Mox
1438 4891 1722 4961 Anglican.
1759 4885 1804 4959 ᾧ
1850 4891 1915 4945 ἂν
1941 4894 1972 4945 ὁ
2003 4899 2050 4953 D

455 4980 472 5014 ι
505 4979 552 5014 ε.

455 4980 472 5014 ι

627 5031 760 5097 Reg.
786 5029 1086 5101 etUSeguer.
1122 5025 1329 5085 addunt
1355 5027 1512 5099 εἶναι,
1543 5031 1686 5099 quod
1720 5031 1871 5089 abest
1903 5034 1974 5093 ab

404 5099 603 5173 aliisiet
627 5102 804 5173 editis.
828 5099 961 5173 Mori
997 5099 1128 5172 Reg.
1162 5115 1215 5157 et
1239 5104 1461 5173 Seguer.
1511 5101 1750 5172 ἐρέσθαι.
1779 5102 1970 5157 Caeteri

404 5181 459 5237 et
486 5172 617 5243 editi
637 5211 662 5243 ,γ
678 5170 931 5243 ,ἔρ-εσθαι.

477 5239 589 5312 (5?)
614 5239 878 5312 ASie‘Reg.
907 5239 1127 5312 Seguer.
1160 5241 1325 5296 Basil.
1353 5250 1407 5295 et
1436 5240 1644 5312 Anglic.
1677 5243 1734 5295 In
1769 5242 1890 5296 aliis
1918 5252 1974 5299 et

404 5311 565 5365 editis
592 5310 743 5366 deest
768 5312 880 5365 καί.

478 5378 591 5452 (58)
631 5382 721 5434 Sic
758 5381 889 5451 Reg.
922 5381 1143 5452 Seguer.
1176 5381 1337 5452 Basil.
1369 5390 1422 5435 et
1443 5381 1659 5452 Anglic.
1690 5381 1756 5452 At
1786 5382 1873 5434 alii
1917 5392 1973 5435 et.

407 5449 540 5524 editi
565 5452 818 5524 omittunt
845 5449 1213 5524 ἠπερὶξαὺτοῦ.
1246 5451 1367 5504 Mox
1427 5450 1651 5524 Gohler.
1680 5451 1886 5524 ﬁxeivo:
1918 5454 1969 5504 ot

407 5516 881 5592 daeﬁeig._Anglic.
910 5516 1126 5583 ibidem.
1152 5523 1376 5592 διαιρεῖν
1408 5524 1504 5592 τὴν
1534 5520 1824 5592 Διαοήκην.

479 5587 592 5661 (59)
633 5588 723 5642 Sic
771 5591 822 5643 in
869 5592 1034 5661 Regio
1079 5587 1420 5645 emend-altrm
1454 5587 1555 5646 est.
1592 5587 1696 5643 Alii
1725 5587 1779 5643 et
1805 5589 1967 5646 editi.

408 5656 685 5729 ﬁéXeaOat,
711 5668 766 5711 ut
792 5669 845 5713 et
870 5656 1023 5729 prius
1046 5662 1292 5715 exstabat
1316 5663 1367 5715 in
1396 5661 1583 5728 Regio.

336 5768 340 5780 .
468 5726 593 5795 (60)
636 5726 727 5797 Sic
750 5726 885 5797 Reg:
911 5729 1132 5795 Seguer.
1162 5731 1376 5785 Gohler.
1405 5742 1457 5787 et
1479 5726 1669 5788 ‘Felek.
1701 5731 1749 5783 1.
1777 5729 1845 5783 At
1874 5731 1969 5787 alii.

326 5840 340 5855 ν,
409 5805 463 5864 et
494 5798 644 5862 editi,
670 5795 781 5849 ἀλλ’
813 5795 1027 5869 ᾁληοῶς
1059 5800 1112 5852 δὲ
1147 5802 1201 5851 ὲν

2058 2001 2193 2056 τερα
2216 1980 2355 2038 εἶναι
2388 1984 2469 2049 τὸ,
2508 1982 2648 2052 Ἐγὼ
2680 1982 2777 2037 καὶ
2807 1986 2839 2036 ό
2884 1981 3084 2051 Πατὴρ
3112 1982 3180 2037 ἓν
3210 1982 3414 2051 ἐσμεν·
3448 1981 3509 2035 τό
3541 1998 3619 2045 τε,

2057 2074 2424 2144 Μονογενής’
2461 2076 2554 2128 καὶ
2609 2076 2691 2140 τὸ,
2740 2075 2801 2127 '0
2828 2073 3095 2143 ἑωρακὼς
3117 2072 3238 2144 ἐμὲ,
3265 2073 3485 2142 ἑώρακε
3518 2071 3625 2126 τὸν

2057 2166 2305 2234 Πατέρα’
2338 2168 2398 2219 οὐ
2421 2167 2527 2238 γὰρ
2557 2169 2618 2220 ἐκ
2646 2166 2744 2237 τῆς
2777 2166 3035 2230 Παλαιᾶς,
3065 2165 3177 2218 ἀλλ’
3209 2168 3273 2219 ὲκ
3300 2166 3399 2237 τῆς
3416 2166 3625 2235 Καινῆς

2056 2257 2227 2310 ταῦτα
2264 2260 2633 2330 μαρτυρεῖται.

2128 2536 2216 2589 24.
2252 2537 2326 2590 Οὐ
2362 2535 2467 2607 μὴν
2501 2536 2576 2599 δὲ,
2632 2531 2745 2590 ἀλλ’
2772 2537 2985 2608 ἀληθῶς
3042 2538 3137 2592 καὶ
3175 2541 3328 2610 ἐντῇ
3368 2538 3481 2609 (60)
3512 2541 3625 2594 Πα-

2058 2625 2184 2697 λαιᾷ
2209 2628 2335 2699 περὶ
2354 2628 2482 2681 Υἱοῦ
2518 2628 2686 2683 πολλὰ
2727 2630 2960 2699 λέγεταιθ
3020 2625 3129 2685 οἷον
3174 2633 3231 2685 ὲν
3277 2630 3355 2702 τῷ
3391 2632 3628 2704 δευτέρῳ

2059 2718 2256 2790 ψαλμῷ
2285 2720 2365 2784 τὸ,
2407 2721 2536 2787 Υἱός
2558 2739 2675 2790 μου
2702 2718 2760 2776 εἷ
2783 2722 2862 2776 σὺ
2891 2722 3026 2794 (61),
3074 2722 3189 2794 ἐγὼ
3235 2722 3505 2793 σήμερον
3535 2741 3628 2795 γε·

2060 2810 2322 2881 γέννηκά
2344 2828 2437 2865 σε’
2470 2813 2563 2866 καὶ
2620 2814 2677 2865 ὲν
2722 2812 2801 2884 τῷ
2852 2815 3052 2885 ἐννάτῳ
3099 2816 3132 2886 ὴ
3183 2815 3484 2887 ἐπιγραφὴ,
3530 2817 3627 2881 Εἰς

2060 2902 2127 2955 τὸ
2155 2902 2328 2970 τέλος
2365 2903 2516 2973 ὑπὲρ
2559 2904 2678 2958 τῶν
2709 2907 2971 2977 κρυφίων
3016 2908 3121 2962 τοῦ
3171 2905 3342 2974 Υἱοῦ,
3390 2906 3632 2977 ψαλμός

2060 2991 2140 3056 τῷ
2177 2991 2372 3045 Δαυτδ·
2412 2993 2507 3046 κα)⁸
2535 2995 2591 3046 ὲν
2621 2993 2699 3064 τῷ
2725 2996 3143 3068 τεσσαρακοστῷ
3187 2997 3431 3069 τετάρτῳ
3452 3037 3468 3062 ,
3526 2998 3635 3062 Εἰς

2061 3086 2127 3141 τὸ
2158 3087 2333 3153 τέλος
2364 3088 2516 3156 ὑπὲρ
2548 3088 2664 3142 τῶν
2707 3088 3296 3158 ἀλλοιωθησομένων,
3333 3089 3462 3156 τοῖς
3480 3089 3634 3155 υἱοῖς

2063 3177 2231 3245 Κορὲ,
2253 3180 2339 3243 εις
2378 3180 2652 3243 σύνεσιν,
2679 3179 2800 3247 ᾠδὴ
2834 3179 2984 3247 ὑπὲρ
3006 3179 3111 3234 τοῦ
3156 3181 3504 3250 Ἀταπητοῦ
3540 3181 3634 3235 καὶ

2062 3269 2118 3320 ὲν
2150 3268 2227 3340 τῷ
2267 3269 2482 3341 Ἡσαΐᾳ.
2512 3272 2673 3341 ’ᾼσω
2704 3270 2778 3338 δὴ
2814 3271 2894 3336 τῷ
2924 3270 3285 3341 ἠγαπημένῳ
3315 3266 3482 3342 ᾆσμα
3527 3271 3636 3326 τοῦ

2079 3359 2408 3428 Ἀγαπητοῦ
2438 3360 2516 3426 τῷ
2540 3360 2846 3430 ἀμπελῶνί
2862 3380 3002 3431 μου.
3052 3362 3347 3433 Ἁμπελὼν
3376 3362 3636 3433 ἐγενήθη

2066 3448 2146 3515 τῷ
2170 3450 2548 3520 ἠγαπημένῳ.
2584 3452 2657 3505 Τὸ
2684 3453 2740 3505 δὲ
2785 3454 3090 3525 Ἀγαπητὺς
3111 3454 3197 3518 τίς
3235 3453 3301 3508 ἂν
3334 3454 3422 3525 εἴη
3449 3454 3484 3526 ἢ
3510 3454 3638 3517 Υἱδς

2069 3547 2396 3619 μονογενής;
2464 3547 2540 3610 ὡς
2579 3547 2672 3600 καί
2728 3548 2784 3598 ὲν
2833 3546 2909 3617 τῷ
2947 3546 3222 3618 ἑκατοστῷ
3266 3547 3493 3619 ὲννάτῳ,
3544 3548 3639 3599 Ἐκ

2064 3638 2322 3705 γαστρὸς
2374 3638 2486 3705 πρὸ
2551 3638 2858 3706 ἑωσφόρον
2898 3636 3197 3707 ἐγέννησά
3249 3652 3342 3704 σε,
3398 3639 3535 3711 περὶ
3576 3631 3637 3690 οὗ

2067 3728 2288 3799 ὕστερον
2321 3730 2659 3808 λεχθήσεται·
2697 3730 2790 3783 καὶ¹
2825 3733 2880 3783 ἐν
2910 3732 3236 3802 Παροιμίαις
3263 3733 3316 3785 δὲ
3354 3731 3489 3805 (62),
3520 3734 3641 3802 Πρὸ

2065 3819 2134 3872 δὲ
2164 3820 2403 3874 πάντων
2431 3820 2548 3874 τῶν
2578 3820 2825 3885 βουνῶν
2861 3820 3040 3892 γεννᾷ
3073 3839 3168 3891 με·
3205 3822 3298 3875 καὶ
3327 3824 3382 3875 ἐν
3413 3823 3498 3894 τῷ
3535 3826 3643 3876 Δα-

2067 3911 2206 3981 νιὴλ,
2241 3911 2349 3965 Καὶ
2375 3911 2485 3981 (65)
2514 3913 2552 3980 ή
2583 3913 2789 3980 ὅρασις
2833 3913 2937 3968 τοῦ
2985 3913 3262 3981 τετάρτου
3314 3915 3490 3982 ὁμοία
3533 3916 3645 3980 Υιῷ

2071 4004 2239 4066 Θεοῦ,
2274 4005 2367 4056 καὶ
2393 4004 2527 4061 ἄλλα
2558 4004 2792 4058 πλείονα.
2816 4006 2879 4058 Εἰ
2905 4005 3081 4059 τοίνυν
3110 4008 3174 4059 ἐκ
3203 4007 3303 4075 τῆς
3325 4007 3574 4072 Παλαιᾶς
3606 4011 3640 4077 ή

2069 4092 2382 4165 ἀρχαιότης,
2414 4094 2637 4164 ἀρχαῖος
2666 4092 2730 4146 ἂν
2779 4092 2869 4164 εἴη
2919 4094 3011 4147 καὶ
3043 4097 3071 4147 ό
3097 4094 3244 4158 Υἱὸς,
3268 4098 3297 4149 ὁ
3335 4097 3391 4149 ἐν
3427 4100 3497 4169 τῇ
3529 4097 3646 4150 Πασ-

2068 4182 2193 4254 λαιᾷ
2247 4183 2360 4254 (64)
2428 4186 2484 4237 ἐν
2538 4184 2748 4248 πολλοῖς
2813 4185 3255 4257 σαφηνιζόμενος.
3322 4186 3487 4240 Ἀλλὰ
3532 4187 3643 4249 ναὶ,

2071 4275 2221 4344 φασὶ,
2258 4278 2429 4328 κεῖται
2460 4277 2576 4346 μὲν,
2613 4276 2963 4348 προφητικῶς
3014 4277 3070 4331 δὲ
3109 4277 3282 4330 ἔστω·
3317 4278 3517 4333 οὐκοῦν
3549 4280 3648 4333 κα)⁵

2072 4365 2317 4438 περὶτοῦ
2347 4368 2519 4435 Λόγου
2574 4367 2923 4438 προφητικῶς
2975 4369 3223 4443 εἰρῆσθαι
3262 4358 3489 4441 ’λεχθείη
3552 4371 3643 4424 ἄν.

2069 4460 2143 4510 Οὐ
2178 4458 2285 4528 γὰρ
2312 4458 2373 4511 τὸ
2411 4459 2528 4530 μὲν,
2557 4460 2618 4511 τὸ
2646 4459 2701 4512 δέ
2748 4459 2881 4528 (65).
2918 4461 2980 4513 Εἰ
3019 4461 3126 4535 γὰρ
3148 4461 3227 4526 τὸ,
3277 4463 3407 4527 Υἱός
3435 4481 3563 4532 μου
3596 4458 3658 4517 εἴ

2065 4550 2168 4616 σὺ,
2198 4550 2288 4603 ἐπὶ
2322 4550 2621 4621 μέλλοντος,
2666 4550 2820 4622 δῆλον
2851 4552 2931 4604 ὅτι
2972 4554 3062 4605 καὶ
3091 4554 3170 4618 τὸ,
3214 4553 3295 4620 Τῷ
3324 4555 3495 4622 Λόγῳ
3525 4558 3650 4608 Κυ-

3143 4688 3188 4720 ⁹τ
3242 4687 3388 4743 Psal.
3453 4705 3557 4755 Ix,
3596 4690 3647 4744 1.

2502 4758 2522 4787 ³
2560 4755 2695 4810 Dan.
2738 4774 2818 4823 Ill,
2854 4757 2943 4811 92.

2151 4894 2259 4965 (61)
2300 4892 2431 4963 Reg.
2492 4906 2565 4967 et,
2597 4896 2820 4967 Seguer.
2871 4895 2964 4967 τὸ,
3009 4896 3154 4967 Υἱός⁸
3178 4914 3301 4967 μου.
3338 4896 3395 4950 In
3437 4898 3570 4954 aliis
3598 4912 3653 4954 et

2080 4964 2247 5039 editis
2268 4967 2417 5039 deest
2440 4966 2519 5039 τό.
2554 4964 2835 5039 Moslleg.
2868 4965 3089 5039 Seguer.
3122 4964 3285 5039 Basil.
3316 4975 3387 5039 et
3418 4970 3650 5039 Anglic.

2081 5036 2173 5115 καὶ
2205 5037 2262 5088 ἐν
2287 5035 2364 5115 τῷ
2387 5037 2587 5115 ἐννάτῳ
2678 5037 2975 5115 ἐπιγραφή.
3007 5036 3198 5090 Cmteri
3225 5046 3278 5090 et
3305 5036 3455 5103 editi,
3488 5035 3590 5093 καὶ
3618 5043 3653 5110 ἡ

2078 5107 2354 5177 ὲπιγραςρὴ
2390 5105 2990 5177 τοῦλὲννάτου-ψαλμοῦ.

2150 5174 2262 5246 (62)
2303 5174 2435 5246 Reg.
2472 5174 2691 5245 Seguer.
2729 5174 2892 5228 Basili.
2927 5174 3234 5246 etriAngljc.
3263 5174 3475 5231 addunt
3520 5178 3655 5246 καί,

2079 5247 2222 5319 quod
2247 5243 2322 5319 ab
2351 5243 2565 5319 aliiset'
2579 5246 2739 5300 editis
2768 5246 2937 5319 abest.
2971 5245 3102 5319 Ibid:
3148 5243 3281 5319 Reg.
3312 5260 3367 5300 et
3410 5243 3652 5319 Seguer.

2079 5315 2134 5368 δέ
2166 5317 2442 5376 οηιὶιιυιιι,
2475 5316 2798 5384 habentque,
2831 5317 3043 5384 πάντων
3074 5314 3295 5384 βουνῶν.

2151 5386 2260 5473 (65)
2305 5384 2393 5439 Sic
2418 5384 2617 5454 Regius
2644 5383 2941 5453 et'Seguer.
2974 5383 3031 5437 In
3064 5386 3186 5439 aliis
3209 5397 3262 5439 et
3294 5384 3460 5440 editis
3493 5387 3662 5446 deest

2077 5472 2190 5509 και.

2146 5526 2254 5595 (64)
2296 5524 2495 5595 Regius
2523 5534 2577 5578 et
2611 5522 2832 5595 Seguer.
2863 5522 3068 5595 όΥιὸς,
3096 5523 3154 5577 ὲν
3185 5526 3274 5594 τῇ.

2151 5593 2263 5665 (65)
2305 5593 2398 5649 06
2430 5604 2552 5664 post
2594 5594 2655 5646 τὸ
2698 5594 2754 5645 δέ
2800 5593 3344 5665 Αδιιὺίηιωιίεζοηὸιιιη.
3390 5593 3450 5650 Id
3513 5605 3606 5652 est
3642 5617 3657 5653 :

2082 5664 2194 5719 Nec
2222 5663 2361 5718 enim
2399 5663 2542 5718 istud
2574 5663 2866 5728 prop/retice
2895 5674 2972 5717 est
3000 5663 3235 5728 dictum;
3285 5663 3418 5717 illud
3468 5679 3662 5724 autem

2079 5752 2181 5801 non
2207 5736 2518 5806 prophetice.
2554 5735 2606 5787 Ν
2611 5752 2693 5788 am
2720 5735 2788 5796 si,
2815 5741 2919 5791 etc.
