3944 6222
357 383 460 440 507

945 381 1002 437 S.
1032 373 1416 444 'ATI'IANASII
1452 384 1607 441 OPP.
1643 377 1826 434 PARS
1866 372 1910 428 I.

2051 368 2422 426 IIIS'I'ORICA
2461 370 2549 424 ET
2591 356 3030 425 DOGHATICA.‘

3475 355 3592 420 τοο

357 500 578 556 nomine
604 499 768 554 homo
799 504 973 556 tactus
1002 499 1093 566 sit,
1124 518 1251 558 vere
1294 513 1475 559 autem
1527 517 1595 556 ne
1643 493 1921 552 advenerit

2031 488 2115 540 καὶ
2166 485 2489 555 ψευδόμενος
2553 487 2648 554 μὲν
2706 484 2783 554 τῷ
2836 485 3012 552 λέγειν
3041 480 3174 551 (76),
3232 478 3378 550 Ἐγὼ
3424 479 3520 534 καὶ
3559 481 3595 534 d

355 592 616 664 quidem:
648 591 743 659 qui
773 590 1010 660 denique
1056 591 1193 649 false
1232 593 1453 659 dixerit,
1498 591 1609 662 Ego
1644 600 1692 644 et
1738 589 1925 652 Pater,

356 700 482 740 cum
515 696 704 738 revera
731 682 845 753 ipse
873 683 946 737 sit
979 682 1138 739 Pater
1163 703 1178 752 ;
1209 696 1510 754 caeteraque
1543 681 1778 738 absurda
1807 694 1928 748 quae

357 774 579 830 Sabellii
628 790 872 830 errorem
931 776 1363 846 subsequuntur.
1423 773 1746 831 Necessario
1795 772 1926 825 item

353 875 642 924 evanescet
661 863 783 921 Filii
809 875 865 922 et
897 865 1132 938 Spiritus
1149 883 1369 933 nomen,
1401 870 1523 937 ejus
1545 866 1757 935 expleto
1785 880 1923 918 usu:

356 975 420 1015 ac
452 958 682 1030 proinde
702 959 840 1013 nihil
864 958 969 1014 nisi
1001 959 1161 1014 ludus
1189 960 1293 1014 erit
1319 975 1441 1029 quae.
1470 967 1589 1013 acta
1618 966 1766 1020 sunt,
1801 971 1924 1010 cum

355 1066 465 1106 non
497 1064 625 1105 vere
663 1050 757 1106 sed
789 1051 1012 1106 nomine
1049 1061 1209 1106 tenus
1246 1052 1573 1108 exstiterint.
1610 1051 1795 1106 Deleto
1825 1067 1922 1104 au-

355 1147 489 1204 tem,
530 1151 598 1192 ex
642 1137 858 1193 illorum
900 1142 1189 1207 sententia,
1234 1140 1354 1196 Filii
1382 1141 1622 1204 nomine,
1643 1148 1927 1196 evanescet

353 1243 576 1300 quoque
601 1229 858 1300 baptismi
882 1233 1077 1302 gratia,
1102 1234 1303 1304 quippe
1331 1234 1425 1304 qui
1455 1234 1509 1288 in
1537 1232 1735 1287 Filium
1765 1233 1926 1288 datus

355 1321 447 1377 sit.
483 1319 624 1388 Quid
656 1335 784 1377 vero
811 1323 938 1379 inde
956 1335 1234 1395 sequetur,
1267 1325 1374 1381 nisi
1404 1341 1586 1380 rerum
1616 1332 1924 1380 creatarum

356 1412 652 1468 interitus?
678 1412 811 1468 Nam
843 1414 889 1470 si
924 1422 984 1469 ut
1013 1431 1114 1472 nos
1157 1432 1493 1486 crearemur,
1524 1415 1762 1471 Verbum
1795 1430 1924 1486 pro-

353 1501 474 1567 diit,
524 1518 700 1574 eoque
745 1501 1066 1573 prodeunte,
1117 1507 1476 1562 exsistimus:
1530 1514 1675 1560 certe
1705 1505 1822 1575 ipso
1869 1503 1925 1559 in

353 1590 592 1658 Patrem,
638 1592 718 1648 uti
749 1595 923 1660 aiunt,
965 1595 1250 1660 redeunte,
1291 1597 1556 1652 exsistere
1589 1597 1922 1652 desinemus.

355 1687 450 1742 Sic
478 1685 626 1741 enim
663 1685 752 1740 ille
777 1685 901 1751 erit,
925 1693 985 1740 ut
1010 1695 1168 1741 antea
1202 1696 1322 1742 erat
1348 1707 1362 1743 :
1397 1688 1476 1744 sic
1507 1689 1635 1742 item
1666 1702 1768 1742 nos
1789 1684 1926 1740 nihil

348 1778 462 1848 jam
507 1779 736 1844 erimus,
777 1777 1241 1850 quemadmodum
1291 1780 1428 1834 nihil
1477 1780 1632 1850 prius
1681 1794 1920 1834 eramus.

2027 577 2250 645 Πατὴρ,
2312 576 2388 646 τῷ
2434 577 2489 628 δὲ
2546 577 2656 628 ὄντι
2709 575 2870 638 αὐτὸς
2927 573 3002 627 ὢν
3049 576 3078 626 6
3125 573 3334 644 Πατήρ·
3373 573 3468 624 καὶ
3495 573 3593 625 ὅσα

2032 669 2168 723 ἀλλὰ
2218 669 2309 722 ἐπὶ
2356 668 2647 722 Σαϐελλίου
2699 669 2871 722 ἄτοπα
2932 667 3144 736 ἀπαντᾷ
3177 665 3310 734 (77).
3355 663 3592 734 Ἀνάγκη

2026 761 2083 814 δὲ
2135 760 2228 813 καὶ
2281 759 2655 828 παυθήσεσθαι
2713 757 2774 809 τὸ
2831 757 2997 828 ὄνομα
3038 755 3132 809 τοῦ
3175 753 3306 808 Υίοῦ
3358 755 3452 808 καὶ
3496 753 3590 807 τοῦ

2025 852 2363 921 Πνεύματος,
2421 851 2518 920 τῆς
2579 849 2768 920 χρείας
2822 848 3219 920 πληρωθείσης·
3275 848 3372 899 καὶ
3439 845 3592 898 ἔσται

2025 943 2210 995 λοιπὸν
2235 943 2360 1013 ἄχρι
2411 941 2629 1004 παιδιᾶς
2660 941 2728 994 τὰ
2783 940 3060 1010 γινόμενα,
3115 939 3194 992 ὅτι
3249 937 3322 1008 μὴ
3368 935 3591 1007 ἀληθείᾳ

2025 1035 2140 1088 ἀλλ’
2166 1035 2386 1104 ὀνόματι
2411 1032 2715 1104 ἐπεδείχθη.
2755 1032 3067 1103 Παυομένου
3099 1032 3154 1084 δὲ
3209 1029 3302 1082 τοῦ
3333 1029 3590 1099 ὀνόματος

2024 1126 2118 1180 τοῦ
2151 1126 2282 1180 Υἱοῦ
2307 1126 2426 1180 κατ’
2449 1127 2662 1188 αὐτοὺς,
2694 1127 2957 1177 παύσεται
2989 1123 3080 1176 καὶ
3099 1121 3192 1176 τοῦ
3225 1121 3593 1190 βαπτίσματος

2025 1220 2058 1289 ἠ
2091 1218 2270 1288 χάρις·
2305 1220 2384 1280 είς
2413 1218 2519 1287 γὰρ
2549 1216 2676 1268 Tibv
2709 1215 2886 1286 ἐδόθη.
2941 1215 3050 1266 Καὶ
3093 1212 3146 1266 τί
3171 1211 3523 1282 ἀκολουθήσει
3556 1211 3590 1282 ἢ

2025 1308 2330 1380 ἁφανισμδς
2361 1310 2460 1380 τῆς
2488 1310 2750 1372 κτίσεως;
2800 1307 2864 1359 Εἰ
2892 1305 3020 1378 γὰρ,
3051 1306 3135 1358 ἵνα
3178 1307 3341 1374 ἡμεῖς
3365 1301 3592 1356 κτισθῶ-

2028 1415 2126 1470 μεν
2177 1396 2463 1468 προῆλθεν,
2510 1397 2538 1449 6
2583 1395 2786 1464 Λόγος,
2839 1394 2934 1448 καὶ¹
3006 1392 3354 1465 προελθόντος
3429 1390 3592 1444 αὐτοῦ

2024 1490 2212 1560 ἐσμεν*
2237 1489 2395 1558 δῆλον
2423 1488 2534 1558 (78)
2588 1488 2693 1550 ὅτι,
2741 1485 3146 1557 ἀναχωροῦντος
3182 1483 3345 1538 αὐτοῦ
3375 1483 3455 1546 εἰς
3485 1482 3593 1537 τὸν

2023 1582 2263 1652 Πατέρα,
2287 1580 2361 1644 ὥς
2393 1595 2575 1648 φασιν,
2595 1577 2792 1632 οὐκέτι
2830 1576 3081 1648 ἐσόμεθα.
3107 1575 3261 1630 Οὕτω
3289 1575 3395 1646 γὰρ
3421 1573 3588 1637 ἔσται,

2024 1671 2212 1744 ὥσπερ
2253 1667 2321 1741 ἦν
2342 1688 2354 1701 ο
2407 1670 2580 1735 οὓτως
2612 1671 2712 1724 οὐκ
2762 1669 2835 1722 ἔτ’
2864 1667 3119 1740 ἐσόμεθα,
3159 1667 3346 1738 ὥσπερ
3372 1662 3464 1720 οὖν
3495 1667 3594 1718 οὐκ

2025 1758 2166 1833 ἦμεν
2206 1761 2338 1832 (79).
2385 1762 2500 1815 Οὐκ
2546 1759 2626 1814 ἔτι
2655 1760 2763 1832 γὰρ
2813 1757 3182 1832 προελθόντος,
3209 1758 3305 1811 οὐκ
3326 1757 3454 1827 ετιη
3482 1753 3596 1808 κτί-

353 1837 432 1919 Ϊσίο
468 1866 669 1936 quippe
709 1837 818 1921 non
852 1866 1085 1937 amplius
1111 1867 1432 1938 prodeunte,
1458 1837 1606 1922 nulla
1628 1865 1810 1922 futura
1841 1875 1924 1922 est

2031 1872 2110 1919 σις
2134 1854 2306 1908 ἔσται.

352 1971 444 2012 res
468 1966 650 2012 creata
659 1999 670 2012 .

420 2046 512 2103 26.
534 2047 736 2102 Verum
767 2049 884 2106 haec
909 2049 1128 2121 quidem
1159 2050 1552 2106 absurdissima
1583 2061 1729 2106 sunt.
1768 2050 1925 2118 Quod

352 2147 536 2194 autem
553 2137 724 2194 Filius
747 2141 1074 2211 principium
1097 2142 1390 2197 cxsistendi
1414 2143 1622 2196 nullum
1650 2141 1922 2207 habuerit,

352 2229 448 2287 sed
487 2246 702 2300 semper
725 2241 780 2286 et
807 2240 932 2286 ante
963 2232 1260 2287 humanam
1305 2243 1555 2288 naturam
1586 2241 1922 2303 assumptam

350 2321 495 2394 apud
521 2320 737 2376 Patrem
776 2322 1066 2387 exstiterit,
1118 2332 1268 2392 patet
1297 2339 1364 2378 ex
1412 2323 1498 2377 his
1529 2323 1709 2378 verbis
1735 2323 1925 2393 primae

349 2412 577 2468 Joannis
606 2411 900 2482 Epistolas:
935 2413 1088 2478 Quod
1119 2415 1220 2483 fuit
1254 2414 1318 2466 ab
1347 2414 1521 2479 initio,
1551 2415 1688 2484 quod
1716 2415 1925 2468 audivi-

349 2521 489 2573 mus,
513 2506 652 2576 quod
669 2507 896 2561 uidimus
931 2505 1096 2560 oculis
1131 2508 1346 2572 nostris,
1380 2506 1517 2577 quod
1542 2509 1920 2576 perspeximus,

349 2607 400 2653 et
443 2613 628 2652 manus
671 2607 864 2652 nostra:
897 2607 1344 2652 eontrectaverunt
1392 2598 1455 2652 de
1508 2597 1673 2652 Verbo
1713 2599 1924 2663 vitae,“

351 2689 464 2743 vita
488 2689 835 2758 manifestata
861 2698 960 2752 est,
984 2696 1034 2744 et
1062 2688 1311 2755 vidimus,
1349 2698 1397 2742 et
1440 2696 1717 2755 testamur,
1747 2699 1793 2742 et
1830 2706 1926 2742 au-

349 2779 661 2835 mmtiamus
695 2780 836 2833 vobis
860 2779 1023 2832 vitam
1049 2787 1322 2841 (eternam,
1354 2793 1470 2847 qua:
1499 2786 1612 2832 erat
1635 2778 1774 2847 apud
1810 2778 1923 2832 Pa-

351 2879 507 2934 trem,
537 2880 589 2924 et
618 2871 868 2941 apparuit
890 2870 1037 2924 nobis
1061 2869 1125 2923 “.
1180 2867 1281 2925 Hic
1331 2885 1455 2924 cum
1505 2870 1648 2925 dicat
1687 2868 1924 2927 Joannes

351 2959 519 3014 vitam
543 2975 651 3014 non
680 2960 880 3015 factam
898 2974 1021 3015 esse
1046 2959 1140 3014 sed
1159 2957 1328 3014 fuisse
1352 2959 1495 3029 apud
1520 2959 1756 3026 Patrem,
1784 2961 1922 3014 idem

350 3054 408 3107 in
449 3051 556 3107 line
604 3052 723 3122 ejus
757 3051 1014 3122 Epistola:
1048 3049 1243 3106 Filium
1270 3053 1434 3108 vitam
1472 3053 1644 3123 ipsam
1691 3054 1924 3109 essebis

2095 2050 2184 2108 26.
2219 2055 2430 2106 ’Λτοπα
2482 2053 2579 2122 μὲν
2627 2046 2720 2105 οὖν
2757 2049 2950 2103 ταῦτα.
2985 2050 3105 2102 Ὅτι
3158 2048 3216 2102 δὲ
3267 2049 3297 2100 6
3339 2047 3465 2112 Υἱὸς
3495 2046 3596 2102 οὐκ

2026 2143 2199 2214 ἀρχὴν
2223 2141 2334 2213 ἔχει
2363 2139 2457 2194 τοῦ
2487 2136 2645 2204 εἶναι,
2669 2139 2781 2194 ἀλλ’
2819 2139 2904 2191 ἀεὶ
2932 2139 3026 2192 καὶ
3050 2137 3155 2207 πρὸ
3185 2137 3286 2208 τῆς
3319 2135 3591 2207 ἐνανθρωο

2026 2237 2246 2308 πήσεως
2276 2233 2426 2305 παρὰ
2448 2233 2527 2304 τῷ
2557 2229 2730 2302 Πατρί
2781 2231 2918 2293 ἐστι,
2943 2228 3090 2300 δηλοῖ
3129 2230 3157 2282 6
3187 2228 3437 2298 Ἰωάννης
3481 2225 3594 2299 (8ο)

2024 2329 2081 2382 ἐν
2110 2329 2175 2398 τῇ
2205 2324 2392 2397 πρώτῃ
2430 2321 2712 2391 Ἐπιστολῇ
2748 2320 2918 2389 λέγων
2942 2319 3128 2383 οὕτως’
3166 2321 3234 2372 Ὅ
3260 2313 3338 2388 ἦν
3365 2318 3464 2372 ἀπ’
3491 2317 3594 2388 ἀρ-

2024 2419 2158 2488 χῆς,
2185 2417 2218 2472 ὃ
2243 2417 2603 2484 ἀκηκόαμεν,
2643 2413 2674 2467 ὃ
2705 2411 3045 2481 ἑωράκαμεν
3107 2411 3231 2476 τοῖς
3271 2409 3596 2480 ὀφθαλμοῖς

2023 2506 2210 2578 ἡμῶν,
2243 2507 2273 2560 ὃ
2305 2503 2692 2574 ἐθεασάμεθα,
2723 2503 2821 2556 καὶ
2850 2506 2910 2556 al
2955 2501 3145 2572 χεῖρες
3175 2501 3343 2571 ἡμῶν
3365 2501 3597 2571 ἐψηλά-

2024 2615 2231 2668 φησαν
2257 2597 2388 2665 περὶ
2418 2594 2524 2650 τοῦ
2545 2596 2738 2666 Λόγου
2763 2593 2873 2662 τῆς
2919 2591 3086 2664 ζωῆςο
3115 2593 3210 2646 καὶ
3243 2593 3282 2662 ἠ
3315 2591 3425 2660 ζωὴ
3453 2593 3596 2662 ἐφη.

2024 2688 2270 2759 νερώθη,
2314 2689 2412 2742 καὶ
2460 2686 2816 2756 ἑωράκαμεν,
2870 2685 2968 2740 καὶ
3017 2686 3448 2756 μαρτυροῦμεν,
3499 2686 3598 2742 και

2023 2779 2477 2852 ἀπαγγέλλομεν
2509 2779 2653 2849 ὑμῖν
2697 2777 2812 2844 τὴν
2835 2775 2986 2844 ζωὴν
3036 2776 3150 2844 τὴν
3185 2777 3442 2841 αἰώνιον,
3464 2776 3598 2844 ἣτις

2024 2871 2102 2944 ἦν
2126 2873 2274 2942 πρὸς
2296 2871 2403 2926 τὸν
2419 2869 2668 2938 Πατέρα,
2683 2869 2780 2922 καὶ
2806 2867 3140 2938 ἐφανερώθη
3161 2868 3321 2938 ἡμῖν.
3341 2864 3600 2923 Ἐνταῦθα

2024 2964 2214 3034 λέγων,
2245 2965 2327 3017 ὃτι
2354 2965 2388 3034 ἡ
2427 2961 2618 3033 ζωὴού
2649 2958 2887 3029 γέγονεν,
2938 2959 3052 3012 ἀλλ’
3079 2955 3146 3030 ἦν
3185 2959 3322 3031 πρὸς
3359 2959 3449 3014 τὸν
3485 2961 3598 3014 Πα-

2024 3054 2176 3126 τέρα,
2232 3055 2290 3106 ὲν
2334 3052 2413 3123 τῷ
2459 3051 2600 3105 τέλει
2644 3051 2742 3121 τῆς
2788 3047 3104 3119 Ἐπιστολῆς
3150 3049 3241 3103 τὸν
3274 3049 3402 3102 Υίδν
3455 3044 3598 3105 εἶναι

353 3142 595 3198 declarat
637 3141 864 3197 verbis:
907 3140 976 3194 Et
1009 3158 1191 3196 sumus
1242 3144 1294 3194 iu
1336 3158 1474 3206 vero,
1522 3143 1577 3195 in
1628 3140 1767 3196 Filio
1811 3143 1922 3214 ejus

2031 3163 2160 3217 φησι
2191 3144 2302 3217 (81)
2335 3145 2435 3216 τὴν
2467 3143 2630 3214 ζωήνο
2684 3142 2885 3214 γράφει
2919 3143 2963 3196 δ’
2992 3137 3104 3195 οὖν’
3152 3143 3266 3196 Καί
3320 3143 3506 3211 ἐσμεν
3531 3142 3600 3195 ἐν

351 3233 480 3288 Jesu
525 3232 760 3288 Christo.
805 3230 908 3285 llic
937 3240 1014 3287 est
1044 3249 1193 3286 uerus
1237 3231 1376 3288 Deus
1403 3243 1450 3286 et
1481 3234 1589 3285 vita
1629 3243 1826 3288 (eterna
1854 3235 1919 3288 ¹³.

2026 3231 2105 3300 τῷ
2137 3232 2425 3302 ἀληθινῷ,
2451 3233 2521 3286 ἐν
2555 3231 2635 3297 τῷ
2691 3229 2799 3297 Υιῷ
2855 3232 3038 3286 αὑτοῦ
3108 3232 3300 3298 Ἰησοῦ
3345 3231 3596 3301 Χριστῷ.

353 3323 540 3394 Itaque
566 3325 611 3380 si
645 3323 818 3378 Filius
840 3335 924 3379 est
947 3325 1079 3390 vita,
1105 3341 1228 3395 quae
1253 3325 1322 3380 sit
1363 3324 1506 3394 apud
1531 3324 1766 3391 Patrem,
1797 3342 1922 3380 cum

2031 3321 2208 3389 Οὗτός
2236 3325 2408 3376 ἐστιν
2439 3325 2472 3376 ό
2503 3320 2789 3388 ἀληθινὸς
2816 3320 2979 3387 Θεὸς,
3005 3322 3102 3374 καὶ
3123 3319 3232 3389 ζωὴ
3254 3320 3504 3387 αἰώνιος.
3535 3321 3598 3375 El

355 3413 496 3469 idem
525 3412 764 3468 Joannes
789 3413 952 3480 dicat,
990 3413 1060 3466 Et
1100 3412 1324 3468 Verbum
1343 3423 1455 3467 erat
1486 3415 1626 3483 apud
1651 3412 1818 3467 Deum
1846 3413 1920 3480 “;

353 3505 602 3574 sequitur
637 3515 696 3559 ut
729 3503 903 3559 Filius
933 3519 1118 3559 revera
1159 3505 1231 3559 sit
1258 3505 1496 3560 Verbum
1527 3505 1674 3574 quod
1713 3520 1927 3574 semper

358 3597 500 3667 apud
536 3594 751 3650 Patrem
798 3603 901 3650 est.
935 3593 1006 3650 Ut
1045 3607 1224 3650 autem
1265 3594 1459 3660 Filius,
1512 3595 1749 3651 Verbum
1797 3605 1920 3651 est:

357 3685 431 3739 ita
463 3683 627 3747 Deus,
657 3683 774 3753 ipse
803 3693 887 3738 est
913 3682 1094 3740 Pater.
1123 3684 1390 3738 Caeterum
1422 3683 1593 3739 Filius
1625 3685 1924 3742 secundum

355 3775 620 3830 Joannem
651 3789 762 3829 non
795 3774 971 3830 solum
1001 3772 1164 3840 Deus,
1190 3775 1283 3829 sed
1313 3775 1459 3830 Deus
1480 3792 1641 3831 verus
1661 3786 1762 3831 est.
1789 3773 1925 3830 Nam

357 3876 419 3920 ut
442 3865 584 3920 idem
614 3863 853 3921 Joannes
887 3867 981 3932 ait,
1020 3865 1088 3920 Et
1112 3866 1250 3920 Deus
1279 3877 1394 3921 erat
1451 3865 1676 3922 Verbum
1703 3869 1746 3900 ¹⁵
1775 3886 1787 3923 :
1837 3867 1928 3922 Fi-

359 3957 608 4013 Iiusitem
635 3957 786 4022 dicit,
811 3957 920 4026 Ego
933 3974 1047 4012 sum
1068 3959 1177 4012 vita
1194 3961 1281 4012 ιδ’.
1301 3958 1484 4029 Itaque
1503 3958 1674 4014 Filius
1689 3955 1926 4014 Verbuni

358 4057 415 4103 et
451 4049 560 4104 vita
589 4057 674 4105 est
717 4049 858 4119 apud
900 4051 1118 4104 Patrem
1147 4051 1437 4106 exsistens.
1485 4050 1749 4105 Praeterea
1783 4051 1927 4120 quod

361 4139 505 4208 apud
534 4141 787 4195 eumdem
827 4139 1092 4195 Joannem
1142 4141 1359 4212 legitur,
1395 4140 1704 4212 Uuigenitus
1755 4141 1799 4193 F
1804 4142 1927 4196 ilius

361 4230 452 4301 qui
473 4239 549 4285 est
582 4233 636 4285 in
660 4233 780 4286 sinu
804 4233 981 4288 Patris
1007 4235 1070 4300 ⁸⁸,
1099 4244 1421 4304 argumento
1451 4246 1532 4289 est
1554 4233 1752 4288 Filium
1785 4250 1930 4289 sem-

363 4337 458 4392 per
506 4320 697 4378 fuisse.
738 4323 910 4390 Quem
960 4325 1106 4379 enim
1151 4324 1391 4381 Joannes
1443 4325 1640 4379 Filium
1676 4326 1926 4394 appellat,

364 4412 612 4466 eumdem
643 4411 808 4468 David
837 4429 1058 4468 manum
1085 4425 1244 4470 vocat
1266 4415 1350 4470 his
1380 4414 1573 4485 psalmi
1599 4414 1780 4469 verbis
1807 4433 1820 4470 :
1859 4414 1927 4470 Ut

2026 3415 2082 3468 δὲ
2104 3416 2132 3466 6
2155 3415 2280 3477 Υἱός
2307 3415 2453 3466 ἐστιν
2479 3415 2512 3484 ὴ
2545 3411 2678 3483 ζωὴ,
2738 3412 2833 3466 καὶ
2862 3411 3002 3484 αὕτη
3037 3413 3173 3485 πρὸς
3213 3411 3304 3467 τὸν
3359 3414 3597 3486 Πατέρα,

2027 3506 2123 3559 καὶ
2140 3506 2188 3558 εί
2215 3508 2244 3559 6
2275 3505 2403 3568 Υἱὸς
2431 3500 2498 3574 ἦν
2522 3503 2657 3573 πρὸς
2689 3503 2780 3555 τὸν
2803 3504 3041 3573 Πατέρα,
3085 3503 3231 3572 λέγει
3281 3504 3337 3557 δέ
3367 3505 3395 3556 6
3416 3503 3596 3568 αὐτὸς,

2027 3597 2140 3652 Kal
2197 3600 2230 3650 δ
2278 3597 2469 3664 Λόγος
2499 3591 2578 3664 ἦν
2616 3594 2765 3663 πρὸς
2791 3594 2898 3648 τόν
2929 3595 3095 3648 Θεόν·
3154 3597 3182 3648 6
3209 3593 3336 3659 Υἱὸς
3364 3595 3429 3649 ἂν
3463 3597 3546 3668 εἴη
3573 3600 3600 3650 6

2027 3690 2196 3758 Λόγος
2231 3691 2260 3742 6
2299 3688 2387 3740 ἀεὶ
2419 3687 2492 3739 ὢν
2529 3687 2664 3756 πρὸς
2695 3686 2783 3739 τὸν
2835 3686 3075 3758 Πατέρα.
3103 3687 3312 3759 Ὠσπερ
3334 3687 3389 3741 δὲ
3417 3688 3445 3739 6
3475 3689 3601 3753 Υἱὸς

2027 3783 2198 3850 Λόγος
2227 3780 2394 3839 ἐστὶν,
2428 3777 2599 3841 οὕτως
2633 3781 2660 3831 6
2693 3778 2842 3841 Θεὸς,
2878 3781 2906 3832 6
2937 3779 3096 3842 αὐτὸς
3125 3779 3189 3832 ἂν
3217 3779 3300 3851 εἴη
3332 3781 3360 3832 6
3391 3781 3597 3851 Πατήρ.

2038 3873 2098 3928 Ὀ
2127 3872 2305 3943 μέντοι
2347 3871 2476 3934 Υἱὸς
2529 3870 2668 3924 κατὰ
2717 3870 2829 3940 (82)
2871 3870 2963 3924 τὸν
3014 3870 3265 3943 Ἰωάννην
3327 3872 3459 3937 Θεὸς
3505 3874 3602 3943 οὐχ

2027 3963 2234 4028 ἁπλῶς,
2260 3961 2372 4014 ἀλλ’
2404 3959 2653 4028 ἀληθινὸς
2684 3959 2814 4022 Θεός
2867 3961 3003 4012 ἐστι.
3057 3960 3167 4013 Καὶ
3199 3960 3308 4033 γὰρ
3343 3959 3484 4014 κατὰ
3512 3961 3600 4014 τὸν

2028 4055 2190 4108 αὐτὸν
2216 4052 2421 4114 τοῦτον,
2449 4050 2556 4104 Καὶ
2586 4050 2728 4117 Θεὸς
2758 4048 2836 4121 ἦν
2856 4053 2888 4104 ό
2904 4052 3108 4123 Λόγος·
3135 4053 3286 4121 ἔλεγέ
3313 4070 3372 4106 τε
3401 4057 3429 4106 6
3451 4054 3598 4119 Υἱὸς,

2042 4145 2182 4214 Ἐγώ
2211 4145 2323 4207 ειμι
2349 4144 2386 4210 ἡ
2415 4140 2545 4208 ζωή.
2580 4141 2788 4195 Οὐκοῦν
2819 4144 2846 4195 6
2875 4141 3003 4206 Υιδς
3034 4145 3204 4212 Λόγος
3232 4145 3348 4197 ἐστὶ
3371 4145 3481 4213 (83)
3509 4147 3600 4200 καὶ

2031 4233 2143 4306 ζωὴ
2182 4236 2214 4304 ἡ
2239 4229 2371 4288 οὖσα
2397 4231 2546 4303 παρὰ
2566 4230 2644 4302 τῷ
2674 4231 2866 4303 Πατρί.
2887 4233 3052 4286 Πάλιν
3076 4233 3131 4287 δὲ
3177 4235 3236 4288 τὸ
3270 4236 3328 4288 ὲν
3359 4235 3506 4307 αὑτῷ
3525 4237 3600 4308 τῷ

2043 4325 2262 4396 Ἰωάννῃ
2288 4321 2594 4394 εἰρημένον,
2660 4321 2715 4374 '0
2759 4323 3094 4392 μονογενὴς
3131 4324 3284 4390 Υἱὸς,
3330 4328 3362 4379 ό
3408 4324 3492 4379 ὢν
3515 4329 3602 4392 εὶς

2033 4416 2140 4469 τὸν
2160 4416 2391 4468 κόλπον
2420 4413 2525 4467 τοῦ
2560 4412 2806 4481 Πατρὸς,
2861 4413 3098 4468 δείκνυσι
3146 4416 3234 4468 τὸν
3259 4416 3386 4471 Υἱδν
3414 4417 3500 4471 ἀεὶ
3526 4413 3602 4470 εἴ·

364 4503 491 4573 quid
515 4505 704 4557 avertis
734 4521 948 4558 manum
976 4514 1121 4559 tuam
1143 4517 1194 4561 et
1215 4506 1485 4562 dexteram
1509 4515 1655 4560 tuam
1677 4508 1740 4562 de
1763 4506 1924 4560 media

2032 4522 2140 4559 vat.
2179 4507 2274 4556 Ὃν
2325 4503 2430 4575 γὰρ
2476 4502 2624 4570 λέγει
2674 4503 2703 4554 6
2745 4503 2993 4574 Ἰωάννης
3045 4504 3156 4572 (84)
3207 4505 3354 4569 Υἰὸν,
3415 4505 3602 4560 τοῦτον

363 4595 486 4654 sinu
511 4604 601 4648 tuo
627 4597 669 4628 "
691 4596 713 4649 ?
736 4595 1124 4663 Quamobrem,
1160 4599 1206 4654 si
1239 4596 1436 4654 m'anus
1469 4599 1542 4654 sit
1586 4599 1643 4654 in
1672 4598 1818 4665 sinu,
1865 4609 1919 4653 et

2030 4601 2187 4669 χεῖρα
2213 4597 2242 4648 6
2265 4593 2427 4647 Δαὸὶδ
2464 4592 2656 4662 ψάλλει
2696 4591 2888 4661 λέγων’
2921 4595 3043 4647 Ἵνα
3097 4595 3153 4648 τί
3206 4595 3603 4664 ἀποστρέφεις

437 4689 479 4720 ι’
518 4686 723 4743 IJoan.
761 4707 798 4758 I,
826 4692 878 4755 l,
910 4691 964 4745 2.
1046 4692 1091 4724 "
1127 4695 1149 4746 Ι
1180 4691 1338 4748 Joan.
1369 4708 1421 4760 v,
1447 4693 1539 4748 20.
1616 4691 1826 4747 “Joan.
1861 4708 1914 4756 ι,

2073 4691 2116 4725 ⁸⁸
2149 4691 2282 4745 ibid.
2370 4686 2609 4741 "‘Joan.
2636 4703 2744 4752 xw,
2782 4687 2832 4742 6.
2896 4687 3120 4743 “Joan.
3160 4705 3200 4757 ι,
3229 4688 3315 4745 18.
3394 4689 3600 4746 "Psal.

413 4775 608 4823 uxtu,
639 4760 727 4814 12.

436 4849 547 4920 (76)
587 4850 720 4920 Reg.
775 4861 828 4905 et
863 4849 1084 4920 Segucr.
1118 4849 1196 4920 τῷ
1223 4849 1420 4917 λέγειν.
1467 4847 1660 4920 Crateri
1693 4858 1746 4903 et
1773 4848 1924 4920 editi,

363 4920 428 4974 τὸ
448 4917 647 4988 λέγειν.
671 4917 848 4976 Paulo
872 4917 1011 4990 post,
1049 4917 1181 4991 Reg.
1212 4929 1266 4991 et
1301 4922 1522 4990 Segucr.
1558 4917 1633 4971 ὢν
1659 4921 1687 4972 6
1718 4918 1925 4990 Πατὴρ,

365 4993 462 5052 καὶ
487 4993 604 5044 ὅσα.
641 4991 696 5044 In
728 4992 848 5046 aliis
879 5000 932 5045 et
958 4992 1118 5045 editis
1139 4990 1180 5042 ’6
1211 4990 1382 5044 deest.

439 5062 551 5130 (77)
590 5061 924 5123 Basiliensis,
951 5061 1187 5130 ἀπαντᾷ.
1214 5059 1430 5130 ίϐωιονί,
1458 5059 1692 5114 ἅπαντα.

437 5129 551 5203 (78)
593 5131 744 5203 Reg._
757 5131 1066 5203 Seguer._ot
1094 5129 1308 5203 Gubler.
1331 5129 1598 5203 δηλονότι.

439 5197 552 5270 (79)
596 5197 697 5271 Sic
717 5197 938 5271 Regius,
975 5200 1197 5271 Seguer.
1245 5197 1462 5271 Gobler.
1493 5209 1548 5253 et
1586 5199 1742 5271 ἰθεξιοΖ
1769 5198 1820 5251 1.
1865 5197 1934 5251 At

369 5263 580 5336 Anglic.
613 5267 705 5324 οὖν
735 5263 950 5325 omittit.
983 5263 1175 5324 Caiteri
1208 5278 1262 5323 et
1289 5269 1439 5328 editi.
1465 5271 1564 5323 οὐκ
1595 5266 1690 5323 οὖν
1713 5263 1872 5338 ἦμεν.

443 5341 553 5412 (80)
595 5338 1094 5412 Βοείυεηὸεειιειδ.
1133 5339 1297 5412 δῃλοῖΔ
1323 5341 1350 5391 ὁ
1387 5341 1656 5412 Ἰωάννης.
1679 5336 1820 5412 At
1843 5336 1937 5388 ab-

370 5387 552 5488 ..cgg;
574 5387 1125 5488 ιι-ιξξξέῖέιιίῑετΐιῑξ.
1139 5387 1664 5488 ἰξεςίιίςςςέέιιέέεζ
1679 5387 1843 5488 sui].
1884 5414 1938 5458 ει

370 5480 579 5552 Anglic.
603 5479 781 5552 οὕτως
814 5481 842 5533 ὂ
872 5476 958 5552 ἦν.
991 5481 1095 5552 Alii
1124 5490 1179 5534 et
1201 5476 1328 5552 editi
1361 5476 1532 5552 οὓτως
1561 5478 1835 5552 omittunt.

445 5545 557 5620 (βξ)
593 5547 688 5620 _Sic
713 5545 990 5620 RegiusAet
1020 5551 1242 5619 Seguer.
1272 5548 1340 5602 At
1371 5550 1460 5602 alii
1487 5559 1541 5620 et
1571 5547 1720 5620 editi,
1748 5545 1871 5620 ἔφη.

467 5615 556 5686 82)
593 5615 873 5686 Βεείυεἐι
906 5615 1127 5686 Segucr'.
1161 5620 1256 5670 καὶ
1285 5620 1443 5672 κατὰ.
1481 5618 1669 5672 (lateri
1700 5625 1784 5686 ret,
1805 5615 1932 5668 editi

375 5685 469 5742 καί
502 5685 778 5743 omittunt.
822 5687 943 5741 Mox
980 5685 1189 5754 Anglic.
1244 5689 1340 5757 οὐχ
1382 5687 1600 5751 ἁπλῶς,
1661 5685 1929 5755 ἀληθινός.

377 5755 509 5817 Ibid.
554 5752 684 5823 Reg.
717 5767 770 5811 et
798 5755 1019 5824 Seguer.
1057 5755 1190 5822 Θεός
1241 5761 1372 5810 ἐστι.
1409 5759 1514 5811 Καὶ
1553 5758 1662 5825 γὰρ
1691 5758 1805 5808 κατ’
1833 5755 1929 5811 0.6-

499 5799 509 5811 .
554 5783 684 5823 nuit.
717 5783 770 5811 cs
799 5783 1019 5823 ocgucr.
1058 5783 1190 5822 ῠιυς
1241 5783 1372 5810 εστι.
1409 5783 1514 5811 nat
1553 5783 1662 5823 γαρ
1692 5783 1785 5808 καὶ
1833 5783 1932 5811 υωυ-

2029 4847 2125 4917 τὸνΔ
2169 4843 2583 4917 τοῦτονη-Βίιεὶίι.
2614 4916 2619 4917 ν
2655 4845 2787 4917 Θεός
2831 4847 2964 4900 ἐστι.
3011 4848 3120 4900 Καὶ
3161 4848 3271 4917 γὰρ
3325 4849 3464 4902 κατὰ
3511 4851 3603 4905 τὸν

2033 4914 2242 4990 τοῦτον.
2267 4915 2476 4990 Anglic.
2521 4916 2654 4978 Θεὸς
2699 4916 2833 4990 ἐστι.
2864 4918 3106 4990 καὶγὰρ
3133 4914 3276 4974 κατᾶ
3298 4917 3389 4971 τὸν
3417 4919 3598 4974 αὐτόν.

2033 4987 2138 5040 Alii
2165 4993 2219 5038 et
2249 4985 2400 5047 editi,
2433 4984 2548 5038 ἐστι
2583 4986 2724 5038 κατὰ
2753 4986 2842 5038 τὸν
2874 4984 3051 5042 αὐτόν.

2107 5055 2219 5126 (85)
2257 5052 2470 5126 Anglic:
2513 5054 2726 5126 ﬂcwﬂ-
2766 5057 2874 5126 Καὶ
2905 5056 2977 5125 γά

2035 5128 2064 5179 ὁ
2097 5125 2223 5188 Υἱὸς
2251 5124 2420 5190 Λόγος
2458 5124 2609 5188 ἐστί,
2638 5124 2743 5178 etc.
2779 5124 2925 5181 Ibid.
2952 5124 3030 5182 Re

3066 5058 3184 5110 κατ’
3226 5055 3386 5112 αὑτὸν
3415 5058 3602 5113 τοῦτον

3034 5144 3084 5194 g.
3125 5137 3179 5182 et
3239 5128 3460 5196 Seguer.
3507 5132 3604 5184 καὶ

2039 5194 2151 5265 ζωὴ
2192 5189 2412 5316 manica.
2443 5193 2498 5247 In
2531 5195 2652 5248 aliis
2686 5205 2864 5249 autem
2909 5205 2963 5250 et
3004 5189 3164 5251 editis
3196 5200 3228 5269 ἠ
3267 5189 3434 5253 deest.
3469 5195 3600 5252 Item

2039 5265 2170 5316 ibid.
2265 5279 2347 5316 ea.
2399 5273 2453 5316 et
2500 5263 2721 5316 Senuer.
2804 5267 2974 5316 Πάλιν
3013 5267 3072 5316 δὲ
3125 5268 3185 5316 τὸ
3234 5271 3292 5316 ὲν
3334 5265 3484 5316 αὑτῶ
3523 5268 3600 5316 τῶ

2038 5263 2170 5338 i_|_)id_.
2216 5263 2347 5338 Reg.
2399 5263 2721 5338 et_Seguet_'.
2804 5267 2980 5338 Πάλιν
3013 5267 3072 5320 δὲ
3125 5268 3185 5320 τὸ
3217 5263 3292 5338 ’ἐν
3334 5265 3484 5337 αὐτῷ
3523 5268 3602 5338 τῷ

2050 5335 2266 5408 Ἰωάννῃ
2296 5331 2601 5408 εζρημένονξ
2644 5331 2733 5389 Sic
2759 5335 2920 5408 etiam
2950 5335 3113 5392 Basil.
3143 5346 3197 5392 et
3235 5331 3469 5408 Anglic;
3506 5331 3600 5392 sed

2038 5402 2455 5526 ortiisso'ataltv.
2493 5404 2596 5457 Alii
2643 5414 2698 5458 et
2737 5405 2904 5470 editi,
2937 5408 3031 5460 καὶ
3065 5409 3094 5460 6
3141 5409 3303 5471 αὐτὸς
3323 5402 3600 5477 ’Ἰωάννης

2039 5490 2120 5526 πα
2157 5491 2224 5526 ιν.

2039 5490 2224 5528 παλιν.

2109 5543 2238 5615 (ει)-
2263 5541 2352 5615 Sic
2380 5540 2511 5615 Regi.
2547 5539 2978 5615 Seguer.__I_3asi_l.
3006 5553 3058 5600 et
3087 5545 3296 5615 Anglic.
3332 5545 3436 5600 Alii
3469 5561 3598 5602 vero

2038 5622 2091 5687 et
2115 5610 2263 5687 editi,
2292 5612 2438 5687 λέγει
2466 5610 2738 5687 Ἰωάννης.
2766 5610 2899 5687 Ibid.
2921 5613 3068 5687 _Reg.
3113 5610 3431 5687 et'Segucr.
3462 5615 3602 5685 ea.

2039 5683 2119 5734 λει
2152 5682 2344 5752 λέγων.
2367 5681 2559 5738 Ceteri
2593 5680 2848 5751 edi’tique,
2877 5680 3041 5751 λέγειῖ
