3944 6222
1509 413 1765 471 ORATIO
1803 413 1870 468 IV
1904 410 2183 470 CONTRA
2219 408 2562 467 ARIANOS.‘
3518 410 3620 466 Siti

371 415 483 474 .509

377 535 492 599 τὴν
520 527 690 598 zet'pd
733 543 850 582 σου
873 528 969 585 καὶ
997 527 1110 596 τὴν
1133 529 1337 593 δεξιάν
1367 545 1484 584 σου
1513 530 1582 584 ἐκ
1615 530 1811 598 μέσου
1841 530 1927 585 τοί

2047 526 2220 581 Filius
2271 524 2523 581 similiter
2561 524 2633 580 sit
2670 524 2708 580 iI
2759 525 2883 581 sinu
2913 542 2928 592 ;
2965 527 3083 597 ipse
3129 526 3295 600 igitur
3321 524 3492 585 Filius
3526 545 3614 589 est

374 622 607 676 κόλπου
638 634 798 682 σονς
833 619 1041 673 Οὐκοῦν
1067 621 1115 674 si
1154 622 1186 690 ἡ
1213 621 1332 690 χεὶρ
1363 621 1421 672 ιν
1449 619 1526 690 τῷ
1559 620 1764 692 κόλπῳ,
1807 621 1898 674 καὶ
1925 649 1927 660 ‹

2051 633 2272 684 manus,
2298 627 2354 672 et
2379 633 2574 673 manus
2596 616 2838 674 vicissim
2865 628 2948 676 est
2973 617 3164 685 Filius,
3195 636 3290 692 per
3323 635 3482 693 quem
3510 623 3618 680 Pa-

375 715 500 778 Υἱδς
527 714 588 766 ὲν
615 711 818 782 κόλπῳ,
853 713 882 765 ό
902 711 1028 774 Υἱὸς
1061 710 1126 764 ἂν
1180 711 1265 781 εῖη
1298 713 1331 782 ἡ
1361 713 1502 784 χεὶρ,
1534 713 1628 766 καὶ
1657 714 1690 783 ἡ
1733 714 1853 783 χεὶο
1887 713 1954 767 ἂν

370 801 456 870 εῖη
492 799 692 866 όΥίὺς,
723 799 789 852 δι’
827 792 887 851 οὗ
935 799 1158 870 ἐποίησε
1205 801 1273 854 τὰ
1331 801 1507 855 πάντα
1561 803 1590 854 ό
1643 803 1852 871 Πατήρ.
1894 802 1956 856 Ἡ

368 893 500 962 χείρ
528 908 647 946 σου
693 891 821 962 γὰρ,
850 892 1034 963 φησιν,
1091 891 1342 959 ἐποίησε
1366 891 1552 948 ταῦτα
1590 889 1805 956 πάντα,
1837 893 1950 955 καὶ,

367 982 442 1051 τῇ
465 982 621 1053 χειρί
671 983 925 1053 ἐξήγαγε
971 983 1080 1052 (85)
1110 983 1216 1035 τὸν
1263 985 1436 1038 λαόν·
1473 983 1668 1037 οὐκοῦν
1717 983 1804 1038 διὰ
1850 983 1942 1036 τοῦ

366 1074 520 1128 Υίοῦ.
551 1075 614 1128 Εἰ
645 1073 700 1127 δὲ
722 1074 814 1127 καὶ
856 1073 1006 1140 αὕτη
1037 1075 1077 1142 ἡ
1110 1073 1220 1145 (86)
1250 1074 1574 1140 ἀλλοίωσις
1606 1073 1714 1142 τῆς
1744 1073 1946 1140 δεξιᾶς

360 1165 471 1222 τοῦ
507 1165 818 1233 ’Υψίστουο
861 1165 955 1217 καὶ
978 1164 1159 1227 πάλιν,
1185 1169 1271 1230 εὶς
1303 1165 1368 1218 τὸ
1402 1165 1599 1231 τέλος,
1634 1163 1786 1234 ὑπὲρ
1826 1164 1944 1219 τῶν

359 1256 956 1326 ἁλλοιωθησομένωγ,
988 1257 1111 1326 ᾠδὴ
1157 1258 1310 1325 ὑπὲρ
1373 1257 1480 1312 τοῦ
1541 1257 1888 1326 Ἀγαπητοῦο
1913 1259 1943 1310 ὀ

376 1349 685 1418 ’Δγαπητὸς
715 1349 823 1418 ἀρα
867 1348 1012 1401 ἐστὶν
1054 1349 1086 1419 ἡ
1127 1349 1247 1419 χεὶρ
1297 1347 1674 1412 ἀλλοιωθεῖσα,
1722 1348 1850 1419 περὶ
1877 1340 1938 1400 οὗ

2049 718 2131 764 ter
2167 708 2350 764 omnia
2389 706 2536 764 fech.
2577 707 2714 764 Nam
2743 726 2932 765 manus
2965 721 3078 776 tua,
3113 710 3306 782 inquit,
3342 713 3464 782 fecit
3505 715 3617 772 hac

2047 803 2227 852 omnia
2247 797 2312 864 η,
2351 807 2427 867 et,
2478 816 2640 854 manu
2672 801 2854 855 eduxit
2902 801 3152 872 populum
3181 802 3246 870 ",
3293 819 3487 875 nempe
3520 820 3618 877 per

2048 889 2265 946 Filium.
2305 889 2514 948 Rursus
2563 891 2608 948 si
2643 891 3004 949 hwc'mutatio
3052 894 3284 950 dexterae
3312 894 3612 964 Excelsi”,

2049 992 2125 1048 et,
2155 984 2210 1036 iu
2257 985 2410 1053 ﬁnem
2457 1001 2552 1054 pro
2587 986 2653 1040 iis
2690 985 2793 1056 qui;
2823 987 3307 1055 commutabuutur,
3353 988 3615 1044 canticum

2049 1089 2142 1141 pro
2184 1071 2389 1128 Dilecto
2416 1076 2457 1106 ’ί
2486 1094 2499 1130 :
2546 1091 2672 1132 vere
2699 1091 2827 1146 ergo
2859 1077 2974 1147 ipse
3003 1076 3262 1144 Dilectus,
3294 1083 3492 1136 manus
3532 1087 3616 1136 est

2048 1180 2168 1234 quae
2194 1175 2397 1222 mutata
2429 1176 2531 1233 est,
2563 1166 2630 1222 de
2657 1183 2766 1238 quo
2787 1168 2968 1223 divina
2992 1185 3206 1239 quoque
3235 1185 3336 1225 vox
3367 1170 3477 1226 ait:
3510 1168 3615 1227 Hie

2045 1267 2122 1309 est
2157 1256 2333 1312 Filius
2367 1275 2510 1314 meus
2552 1259 2772 1314 dilectus
2800 1261 2865 1314 “.
2899 1259 3042 1316 Idem
3075 1263 3236 1332 igitur
3280 1271 3392 1329 est,
3427 1278 3614 1318 manus

2043 1366 2180 1417 mea,
2212 1361 2286 1417 et,
2312 1350 2415 1406 Hic
2439 1361 2518 1406 est
2547 1351 2723 1408 Filius
2747 1370 2911 1408 meus.
3331 1365 3338 1370 '

357 1441 455 1495 καὶ
482 1441 629 1510 λέγει
663 1444 695 1512 ἡ
725 1442 842 1495 θεία
890 1443 1062 1514 φωνήο
1092 1438 1278 1509 Οὗτός
1308 1442 1479 1496 ἐστιν
1521 1445 1555 1496 d
1609 1443 1739 1509 Υιός
1759 1460 1878 1512 μου
1917 1443 1951 1496 d
1989 1441 2316 1512 ἀγαπητός.
2360 1447 2504 1499 Ἴσον
2547 1446 2654 1518 ἀρα
2682 1447 2848 1512 ἐστὶν,
2894 1447 3052 1515 αὕτη
3096 1449 3136 1518 ἡ
3163 1448 3291 1518 χείρ
3340 1465 3483 1520 μου,
3509 1447 3613 1520 τῷν

355 1531 546 1602 Οὗτος
573 1536 686 1606 (87)
720 1539 753 1590 ὀ
786 1539 918 1603 Υἱός
940 1555 1074 1604 μου.

423 1628 516 1682 9-7.
559 1628 776 1700 Ἐπειδὴ
800 1627 856 1681 δέ
888 1646 1032 1692 τινες
1067 1628 1176 1683 τῶν
1208 1628 1567 1694 ἀπαιδεύτων,
1593 1627 1927 1700 ἀναιροῦντες

2110 1627 2202 1682 27.
2243 1627 2414 1684 Porro
2437 1629 2565 1699 quia
2601 1629 2846 1683 nonnulli
2880 1629 3112 1701 imperiti
3139 1629 3336 1685 Filium
3367 1645 3490 1686 esse
3516 1647 3613 1688 non

357 1719 416 1772 τὸ
440 1718 581 1773 εἶναι
609 1719 763 1791 Υίὸν,
789 1721 1116 1785 εὐτελίζουσι
1142 1722 1223 1786 τὸ,
1257 1722 1351 1775 Ἐκ
1371 1720 1629 1791 γαστρὸς
1653 1719 1767 1788 πρὸ
1795 1721 1942 1772 ἑωσ-

357 1813 548 1880 φόρον
580 1785 879 1881 έγέιιιῖησά
903 1828 996 1878 σε,
1045 1813 1120 1877 ὡς
1146 1785 1213 1866 ἂν
1242 1814 1334 1866 ἐπὶ
1375 1785 1474 1882 τῆς
1505 1785 1723 1884 Μαρίας
1767 1811 1939 1881 ἁρμό-

355 1903 541 1968 (owe;
565 1905 776 1967 τούτου,
809 1904 1109 1973 φάσκοντες
1149 1905 1253 1976 πρὸ
1302 1904 1395 1959 τοῦ
1437 1903 1658 1957 ἑωθινοῦ
1715 1903 1941 1974 ἀστέρος

356 1995 716 2066 γεγεννῆσθαι
751 1995 863 2062 (88)
883 1995 1042 2048 αὑτὸν
1068 1994 1176 2048 ἀπὸ
1203 1994 1441 2066 Μαρίαςο
1497 1995 1569 2064 μὴ
1599 1993 1704 2065 γάρ
1733 1992 1798 2047 ἂν
1847 1991 1940 2045 ἐπὶ

350 2087 490 2141 Θεοῦ
520 2088 780 2158 ἁρμόζειν
801 2086 1038 2158 γαστέρα
1069 2087 1262 2152 λέγειν’
1303 2087 1458 2155 ὀλίγα
1501 2088 1676 2138 εἰπεῖν
1703 2085 1936 2156 ἀνάγκη.

355 2182 416 2232 Et
454 2181 556 2251 μὲν
579 2176 691 2237 οὖν,
713 2181 796 2232 ὃτι
829 2182 861 2251 ἠ
887 2179 1100 2251 γαστὴρ
1135 2176 1472 2250 ἀνθρώπινόν
1501 2179 1638 2243 ἐστι,
1669 2175 1756 2229 διὰ
1779 2175 1937 2230 τοῦτο

351 2271 634 2342 ἀλλότριον
664 2271 819 2324 Θεοῦο
854 2271 1010 2341 δῆλον
1049 2271 1131 2323 ὃτι
1171 2271 1280 2334 (89)
1316 2269 1408 2322 καὶ
1438 2271 1470 2340 ἠ
1498 2269 1695 2339 καρδία
1723 2267 1934 2340 ἀνθρώ-

353 2380 507 2415 πινον
562 2362 676 2434 ἔχει
726 2363 788 2416 τὸ
852 2362 1264 2434 σημαινόμενον.
1335 2360 1642 2414 Ἀκολουθεῖ
1690 2359 1798 2431 γὰρ
1845 2360 1935 2413 τὸν

352 2454 583 2527 καρδίαν
607 2454 796 2525 ἔχοντα
821 2453 930 2523 (90)
963 2455 1104 2525 ἔχειν
1153 2455 1246 2508 καὶ
1276 2456 1537 2524 γαστέρα.
1586 2452 1934 2523 Ἀμφοτέρων

349 2548 415 2618 δὴ
450 2545 807 2618 ἀνθρωπίνων
833 2545 1020 2611 ὄντων,
1048 2545 1079 2616 ἥ
1130 2547 1372 2617 ἀναιρεῖν
1407 2544 1666 2615 ἑκάτερον
1694 2543 1928 2613 ἀνάγκη,

350 2639 738 2712 ῆάμφοτέρων
766 2639 864 2711 τὴν
903 2638 1140 2692 διάνοιαν
1191 2637 1372 2710 ζητεῖν
1415 2637 1540 2709 χρή.
1586 2637 1672 2699 Ὠς
1705 2635 1814 2707 γὰρ
1867 2636 1932 2688 ὲκ

351 2732 582 2805 καρδίας
623 2731 812 2799 Λόγος,
874 2729 1046 2794 οὕτως
1099 2731 1163 2783 ὲκ
1219 2729 1457 2800 γαστρὸς
1510 2728 1776 2796 γέννημα.
1822 2726 1933 2780 Καὶ

350 2825 563 2894 ὥσπερ,
613 2823 838 2895 καρδίας
890 2821 1023 2875 Θεοῦ
1076 2821 1394 2892 λεγομένης,
1437 2821 1538 2872 οὐκ
1586 2817 1930 2889 ἀνθρωπίνην

349 2918 580 2989 νοοῦμεν
604 2918 790 2988 αὐτήνο
822 2917 990 2981 οὕτως
1031 2916 1143 2981 ἐὰν,
1169 2917 1238 2969 ὲκ
1270 2916 1582 2987 ταστρὸςή
1610 2915 1800 2988 Γραφὴ
1840 2914 1929 2968 λέ-

2042 1728 2251 1790 gantes,
2269 1721 2666 1790 parvipendunt
2686 1720 2786 1776 ista
2811 1722 2994 1785 verba,
3017 1720 3100 1775 Ea:
3125 1731 3273 1776 utero
3308 1730 3430 1777 ante
3474 1724 3612 1778 luei-

2041 1810 2209 1880 ferum
2233 1813 2386 1881 genui
2418 1821 2487 1877 te,
2507 1827 2630 1882 qua:
2655 1812 2913 1867 nimirum
2945 1813 3012 1868 de
3036 1811 3204 1868 Maria
3243 1814 3430 1869 volunt
3450 1814 3612 1887 508

2041 1901 2289 1972 intelligi,
2332 1902 2592 1971 aiuntque
2635 1916 2761 1957 eum
2806 1917 2870 1956 ex
2914 1901 3080 1958 Maria
3113 1913 3236 1960 ante
3281 1907 3608 1962 matutinum

2040 1993 2195 2050 sidus
2228 2008 2352 2049 esse
2383 1993 2644 2064 genitum,
2673 2009 2772 2050 nec
2801 1993 2912 2050 Deo
2934 1995 3156 2051 attribui
3178 2011 3338 2067 posse
3358 2006 3604 2063 uterum;

2039 2100 2212 2155 pauca
2249 2085 2317 2140 de
2345 2086 2430 2141 bis
2454 2085 2636 2142 dicere
2670 2087 2846 2142 visum
2882 2095 2965 2143 est
2994 2089 3384 2146 necessarium.
3424 2089 3608 2160 Itaque

2039 2177 2106 2239 si,
2154 2192 2220 2232 eo
2273 2177 2418 2248 quod
2467 2188 2655 2234 uterus
2706 2180 3006 2236 humanum
3054 2182 3312 2252 quiddam
3357 2193 3460 2247 est,
3511 2183 3607 2239 Dei

2039 2269 2275 2324 alienum
2301 2286 2421 2326 esse
2443 2273 2671 2328 volunt:
2709 2274 2854 2330 haud
2907 2275 3071 2331 dubie
3103 2291 3200 2332 cor
3232 2277 3357 2332 item
3399 2278 3606 2349 aliquid

2038 2362 2338 2420 humanum
2364 2365 2653 2436 signiﬁcat.
2693 2366 2796 2434 Qui
2822 2369 2968 2424 enim
3017 2385 3114 2424 cor
3162 2371 3345 2436 habet,
3389 2379 3606 2429 uterum

2037 2471 2257 2528 quoque
2285 2457 2400 2512 sive
2433 2466 2673 2514 ventrem
2707 2459 2905 2514 habeat
2928 2476 3150 2517 necesse
3193 2471 3300 2518 est.
3338 2463 3472 2530 Quae
3495 2464 3608 2522 duo

2037 2548 2226 2619 utique
2280 2549 2564 2604 hominum
2608 2553 2852 2606 membra
2904 2562 3074 2608 sunt:
3129 2569 3196 2609 ac
3243 2557 3470 2626 proinde
3521 2559 3606 2612 vel

2036 2652 2334 2711 utrumque
2367 2653 2450 2697 est
2478 2643 2801 2704 tollendum.
2833 2645 2917 2700 vel
2951 2647 3172 2716 quinam
3203 2647 3273 2703 sit
3319 2647 3605 2718 utriusque

2034 2745 2230 2786 sensus
2255 2731 2687 2802 investigandum
2719 2743 2821 2788 est.
2850 2731 2922 2788 Ut
2951 2735 3096 2790 enim
3128 2750 3194 2790 ex
3233 2734 3398 2790 corde
3423 2735 3605 2806 prodit

2035 2826 2296 2892 Verbum,
2321 2827 2394 2881 ita
2415 2843 2480 2882 ex
2507 2835 2663 2882 utero
2685 2827 2825 2884 fetus
2850 2829 3042 2884 oritur.
3061 2828 3400 2900 Quapropter
3419 2845 3605 2900 quem-

2033 2916 2325 2971 admodum
2353 2931 2478 2972 cum
2511 2933 2607 2972 cor
2631 2916 2742 2974 Deo
2774 2919 3111 2984 attribuitur,
3134 2918 3274 2973 nihil
3301 2919 3602 2974 humanum

348 3029 421 3083 γῃ
455 3010 595 3078 (91),
641 3010 703 3062 οὐ
737 3008 1051 3080 σωματικὴν
1078 3007 1160 3060 δεῖ
1184 3006 1388 3078 ταύτην
1413 3007 1746 3078 ἐκδέχεσθαι.
1769 3007 1927 3071 Ἔθος

2037 3011 2336 3080 cogitamus
2366 3029 2380 3077 ;
2417 3011 2490 3067 ita
2525 3011 2571 3066 si
2605 3011 2888 3082 Scriptura
2922 3013 3025 3066 bac
3054 3011 3315 3078 dictione,
3344 3026 3408 3065 ea:
3428 3020 3599 3078 utero,

348 3103 458 3174 γὰρ
484 3105 552 3173 τῇ
584 3099 704 3172 θείᾳ
728 3100 918 3172 Γραφῇ
974 3097 1326 3170 ἀνθρωπίνως
1372 3098 1441 3153 τὰ
1476 3099 1617 3172 ὑπὲρ
1645 3099 1927 3166 ἄνθρωπον

346 3195 533 3250 λαλεῖν
584 3195 681 3248 καὶ
730 3193 1034 3264 σημαίνειν.
1089 3191 1304 3262 Ἀμέλει
1364 3193 1494 3264 περὶ
1548 3192 1650 3263 τῆς
1699 3191 1928 3257 κτίσεως

343 3286 706 3358 διηγούμενός
737 3301 919 3356 φησιν’
959 3287 1024 3337 Al
1076 3282 1269 3352 χεῖρές
1333 3299 1449 3338 σου
1504 3281 1802 3351 ἐποίησάν
1828 3302 1925 3354 με,

350 3380 450 3434 καί
478 3375 762 3433 ἐπλασάν
785 3393 879 3446 με’
910 3377 1022 3439 καὶ,
1053 3377 1125 3430 'H
1163 3375 1291 3445 χείρ
1310 3393 1430 3446 μου
1465 3375 1716 3442 ἐποίησε
1742 3377 1928 3430 ταῦτα

346 3470 565 3524 πάνταο
593 3470 708 3532 καὶ,
738 3467 929 3534 Αὐτὸς
981 3467 1336 3530 ἐνετείλατο,
1388 3466 1486 3520 καὶ
1532 3467 1922 3536 ἐκτίσθησαν.

361 3559 734 3634 Ἀρμοζόντως
761 3561 867 3631 ἄρα
925 3559 1052 3629 7:591
1103 3559 1334 3612 ἑκάστου
1386 3559 1660 3629 σημαίνει,
1699 3557 1794 3612 τοῦ
1827 3559 1926 3631 μὲν

350 3655 479 3708 Υίοῦ
505 3655 568 3707 τὸ
599 3653 726 3706 ῖδιον
759 3651 931 3706 καὶτὸ
966 3652 1208 3722 γνήσιον,
1241 3650 1342 3720 τῆς
1359 3649 1416 3703 δὲ
1441 3649 1671 3715 κτίσεως
1695 3649 1795 3722 τὴν
1823 3651 1925 3722 ἀρ-

348 3747 446 3818 χὴν
471 3745 567 3800 τοῦ
597 3740 756 3800 εἶναι.
795 3745 874 3798 Τά
911 3745 1007 3815 μὲν
1055 3743 1164 3816 γάρ
1202 3745 1344 3798 ποιεῖ
1395 3743 1485 3798 καὶ
1525 3741 1721 3807 κτίζει,
1746 3742 1838 3796 τὸν
1867 3742 1926 3796 δὲ

349 3840 512 3910 γεννᾷ
534 3836 594 3902 ἐξ
632 3834 826 3890 ἑαυτοῦ
877 3837 1068 3904 Λόγον,
1125 3836 1337 3905 σοφίαν.
1405 3836 1623 3907 Γαστὴρ
1667 3835 1776 3908 γὰρ
1831 3836 1924 3890 καὶ

350 3930 544 4001 καρδία
583 3930 647 3983 τὸ
680 3929 809 3982 ἴδιον
855 3929 949 3982 καὶ
991 3930 1214 4000 γνήσιον
1270 3927 1506 3999 δηλοῦσι.
1542 3927 1647 3982 Καὶ
1681 3927 1789 4001 γὰρ
1831 3930 1924 3982 καὶ

350 4023 511 4092 ἡμεῖς
533 4022 596 4075 τὸ
627 4023 724 4092 μὲν
755 4023 974 4092 γνήσιον
1004 4022 1068 4074 ὲκ
1098 4021 1332 4092 γαστρὸς
1352 4020 1567 4093 ἔχομεν,
1599 4020 1668 4087 τὰ
1698 4019 1755 4072 δὲ
1790 4019 1923 4104 ἔργα

351 4111 436 4166 διὰ
479 4113 660 4185 χειρὸς
694 4111 973 4184 ποιοῦμεν.

416 4287 506 4342 28.
547 4287 612 4340 Τί
636 4282 749 4350 οὖν,
782 4288 933 4357 φασὶ,
957 4286 1148 4352 καὶτὸ,
1181 4287 1293 4353 πρὸ
1311 4286 1422 4357 (92)
1446 4288 1551 4341 τοῦ
1581 4288 1918 4356 ἐωσςρόρου;

2029 3105 2228 3172 utitur,
2255 3103 2391 3159 nihil
2419 3104 2508 3160 hic
2532 3119 2856 3174 corporeum
2886 3103 3292 3176 intelligendum
3319 3111 3421 3160 est.
3439 3099 3602 3158 Nem-

2028 3211 2096 3266 pe
2123 3210 2242 3252 mos
2270 3203 2357 3252 est
2391 3195 2588 3252 divinae
2615 3196 2910 3268 Scriptura;
2939 3213 3023 3259 ea,
3059 3212 3182 3267 qua:
3214 3210 3379 3266 supra
3418 3195 3600 3250 immi-

2028 3302 2152 3342 ηοω
2184 3295 2334 3354 sunt,
2371 3287 2612 3343 humano
2641 3303 2793 3344 more
2817 3288 3010 3344 eﬁ'erre
3034 3297 3090 3343 et
3111 3288 3438 3358 signiﬁcare.
3463 3287 3601 3344 Hinc

2027 3378 2095 3434 de
2135 3379 2413 3435 creatione
2449 3379 2530 3435 sic
2563 3379 2845 3450 loquitur:
2876 3379 3072 3433 Manus
3105 3387 3210 3433 tua:
3251 3378 3489 3448 fecerunt
3517 3394 3598 3433 nu

2025 3478 2075 3522 et
2092 3469 2448 3538 formaverunt
2467 3485 2546 3524 me
2563 3470 2611 3503 ⁸³
2627 3486 2642 3536 ;
2658 3469 2930 3535 et,Manus
2946 3485 3060 3524 mea
3074 3469 3198 3540 fecit
3213 3469 3322 3524 hwc
3335 3469 3514 3523 omnia
3527 3468 3598 3536 ἐς

2025 3568 2099 3626 et,
2125 3557 2248 3630 Ipse
2269 3559 2564 3630 mandavit,
2585 3570 2635 3616 et
2655 3570 2834 3615 creata
2855 3571 2976 3615 sunt
2990 3562 3055 3615 ”.
3079 3560 3296 3616 Scilicet
3317 3561 3599 3631 aptissimo

2024 3649 2237 3720 singula
2270 3649 2512 3716 denotat,
2547 3667 2672 3706 cum
2703 3660 2759 3707 et
2787 3651 2842 3707 id
2887 3651 3033 3722 quod
3062 3649 3184 3705 Filii
3227 3652 3508 3721 proprium
3543 3660 3599 3707 et

2025 3755 2344 3810 germanum
2371 3750 2455 3796 est
2479 3741 2755 3811 exprimit,
2791 3750 2846 3796 et
2879 3757 2966 3797 res
2993 3751 3206 3797 creatas
3245 3742 3448 3796 indicat
3475 3757 3598 3798 esse

2025 3833 2335 3903 incoepisse.
2365 3832 2501 3888 Nam
2539 3835 2636 3888 has
2663 3835 2880 3905 quidem
2916 3834 3046 3890 facit
3093 3844 3146 3890 et
3173 3845 3359 3901 creat;
3396 3835 3594 3892 Filium

2025 3934 2210 3981 autem
2244 3941 2310 3981 ex
2345 3927 2527 3997 seipso
2553 3925 2790 3981 Verbum
2819 3934 2873 3981 et
2895 3926 3212 3997 sapientiam
3243 3925 3432 3996 gignit.
3467 3924 3596 3981 Ute-

2021 4031 2118 4072 rus
2156 4016 2300 4070 enim
2332 4025 2386 4071 et
2409 4032 2506 4072 cor
2531 4016 2812 4087 proprium
2857 4027 2910 4072 et
2951 4031 3141 4071 verum
3189 4015 3359 4071 fetum
3393 4017 3596 4088 signiﬁ-

2024 4115 2167 4164 cant.
2203 4106 2484 4177 Siquidem
2534 4122 2637 4162 nos
2669 4123 2852 4162 verum
2904 4106 3074 4161 fetum
3123 4107 3479 4177 producimus
3522 4121 3592 4165 ex

2023 4206 2178 4254 utero
2207 4218 2221 4253 :
2254 4213 2418 4268 opera
2450 4207 2628 4252 autem
2663 4214 2826 4252 manu
2856 4199 3140 4255 eﬁicimus.

2095 4289 2182 4344 28.
2226 4288 2367 4355 Quid
2393 4289 2563 4343 velint
2583 4290 2766 4360 igitur,
2800 4291 3072 4360 inquiunt,
3108 4290 3421 4360 huiusmodi
3469 4305 3593 4346 ver-

362 4380 500 4449 Ἐγὼ
530 4380 573 4434 δ’
608 4380 674 4434 ἂν
705 4367 936 4450 εἴποιμι,
965 4381 1012 4432 εί
1041 4380 1102 4432 τὺ
1135 4379 1240 4450 πρὸ
1263 4379 1357 4433 τοῦ
1413 4379 1689 4451 ἑωσφόρον
1731 4379 1918 4432 τούτου

2037 4384 2114 4439 ba.
2150 4388 2270 4431 ante
2302 4377 2620 4448 luciferum?
2649 4376 2858 4444 Quibus
2889 4393 2989 4448 ego
3029 4378 3246 4447 quidem
3295 4376 3593 4446 responde-

352 4472 669 4543 θαυμαστὴν
687 4471 926 4525 δείκνυσι
949 4471 1048 4541 τὴν
1098 4471 1162 4524 ὲκ
1190 4472 1406 4542 Μαρίας
1434 4471 1706 4541 γέννησιν,
1735 4469 1920 4523 πολλοὶ

352 4565 443 4619 καὶ
471 4563 620 4619 ἄλλοι
653 4564 759 4634 πρὸ
791 4563 890 4634 τῆς
913 4562 1019 4633 (95)
1074 4561 1167 4616 τοῦ
1197 4562 1424 4635 ἀστέρος
1457 4562 1721 4633 ἀνατολῆς
1766 4564 1919 4630 ὲγεν-

353 4655 612 4727 νήθησαν.
645 4655 710 4707 Τί
738 4650 829 4708 οὖν
861 4654 1170 4724 θαυμαστὸν
1217 4653 1309 4706 ἐπὶ
1337 4653 1526 4707 τούτου
1574 4653 1806 4726 εἴρηται,
1839 4655 1919 4706 ὅτι

352 4755 427 4812 ὼς
463 4746 742 4818 sempeon
773 4746 914 4808 τινὸς
938 4743 1102 4798 αὐτοῦ
1169 4745 1510 4815 μνημονεύει,
1555 4743 1733 4799 κοινοῦ
1768 4744 1918 4809 ὄντος

349 4838 442 4893 καὶ
474 4837 566 4889 ἐπὶ
593 4835 800 4888 πολλῶν
826 4852 841 4901 ;
873 4836 1102 4888 Ἔπειτα
1149 4835 1393 4906 διαφέρει
1444 4835 1506 4888 τὸ
1537 4835 1794 4907 γεννῆσαι
1821 4835 1914 4888 τοῦ

351 4929 654 4999 ἐξαγαγεῖν.
692 4929 765 4982 Τὸ
795 4929 892 4998 μὲν
931 4927 1038 4999 γὰρ
1071 4928 1328 4998 γεννῆσαι
1387 4928 1559 5000 ἀρχὴν
1584 4927 1696 4998 ἔχει
1743 4946 1914 4983 κατα-

349 5019 526 5088 ϐολῆς·
562 5019 625 5071 τὸ
675 5017 730 5070 δὲ
791 5017 1078 5086 ἐξαγαγεῖν
1126 5017 1274 5070 οὐδὲν
1331 5017 1516 5089 ἕτερόν
1579 5019 1723 5070 ἐστιν
1768 5018 1800 5089 ἢ
1853 5017 1914 5070 τὸ

350 5112 593 5183 ὑπάρχον
629 5111 980 5179 προαγαγεῖν.
1017 5109 1080 5160 El
1138 5108 1314 5160 τοίνυν
1365 5107 1455 5176 ἐπὶ
1518 5107 1612 5160 τοῦ
1665 5106 1914 5178 σώματος

421 5228 464 5259 ⁸⁸
501 5226 784 5304 Isa_._uvt,
954 5227 997 5259 ¹⁰
1038 5224 1194 5304 Deut.
1227 5241 1321 5304 vit,
1457 5225 1534 5304 _’°
1569 5223 1714 5278 Psal.
1753 5241 1927 5304 ngam,

2037 5264 2046 5280 .
2123 5223 2165 5254 “
2207 5221 2352 5278 Psal.
2380 5237 2530 5290 XLIV,
2564 5223 2618 5280 1.
2692 5225 2736 5254 ”
2771 5220 2960 5276 Matth.
2997 5236 3094 5287 ιιι,
3124 5221 3211 5274 i7.

350 5311 539 5361 cxvm,
576 5297 664 5351 75.
742 5296 788 5329 "
828 5295 931 5352 lsa.
962 5312 1110 5358 um,
1134 5295 1188 5348 Ξ.
1267 5297 1310 5325 ³⁸
1351 5293 1493 5351 Psal.
1521 5311 1752 5358 CXLVIII,
1782 5294 1832 5346 ὅ.

351 5483 381 5534 f
423 5412 531 5481 {85)
573 5411 664 5466 Sic
694 5410 894 5482 Regius
935 5421 987 5465 et
1040 5409 1264 5481 Seguer.
1297 5411 1363 5464 At
1396 5410 1489 5480 alii
1525 5420 1577 5470 ct
1611 5411 1769 5476 editi,
1817 5412 1902 5477 ἐξ-

377 5499 569 5534 ιγαγεε.

373 5499 551 5551 ῖγαγες
557 5522 569 5534 ο

425 5552 535 5616 (86)
578 5553 642 5604 Ἦ
672 5562 824 5606 anest
853 5552 920 5603 ab
954 5551 1232 5613 Anglican.

424 5621 534 5690 (87)
572 5619 797 5690 Regius,
827 5620 905 5683 τὸ,
937 5618 1121 5683 Οὗτος.

425 5689 537 5762 (88)
579 5689 741 5762 Βιιέἱι.
795 5700 857 5762 et
887 5689 1458 5762 Αιιςιίεηγεννῆσθαι,
1491 5692 1763 5746 mendose.
1805 5693 1908 5752 Alii

356 5770 409 5816 et
432 5758 595 5816 editio
619 5761 882 5815 Commel.
919 5758 1286 5828 γεγεννῆσθαι.

429 5831 539 5906 (89)
581 5830 714 5902 Reg.
753 5829 974 5901 Segucr.
1004 5839 1054 5884 et
1082 5829 1297 5884 GIJEIII‘r.
1327 5829 1583 5900 δηλονότι.

2008 5479 2246 5535 editigti

2027 4471 2152 4536 rim,
2187 4472 2231 4526 si
2265 4471 2415 4525 hisce
2434 4470 2635 4537 verbis,
2667 4479 2792 4524 ante
2813 4469 3114 4539 luciferum,
3136 4468 3256 4538 ejus
3285 4468 3588 4524 mirabilem

2021 4577 2087 4615 ex
2119 4560 2291 4615 Maria
2333 4570 2511 4615 ortum
2537 4559 2837 4631 signiﬁcari
2869 4568 3078 4631 putent,
3115 4559 3422 4628 complures
3453 4557 3588 4612 alios

2026 4664 2152 4708 ante
2185 4653 2380 4708 sideris
2429 4665 2608 4709 ortum
2637 4637 2819 4708 'l‘uisse
2848 4653 3077 4722 genitos.
3123 4635 3267 4719 Quid
3294 4651 3455 4720 igitur
3498 4649 3589 4703 hic

2022 4747 2381 4801 admiratione
2408 4745 2630 4815 dignum
2665 4745 2920 4810 occurrit,
2949 4744 3040 4799 ubi
3077 4752 3251 4798 tamen
3283 4741 3447 4795 veluti
3473 4739 3588 4794 sin-

2022 4837 2226 4908 gularis
2255 4846 2308 4891 et
2345 4835 2576 4906 insignis
2609 4835 2841 4905 alicujus
2885 4836 2962 4890 rei
3007 4835 3066 4890 ﬁt
3102 4833 3326 4899 mentio,
3357 4847 3480 4888 cum
3531 4830 3584 4884 id

2021 4928 2273 4999 plurimis
2303 4926 2375 4982 sit
2420 4928 2750 4982 commune?
2780 4926 3002 4993 Deinde,
3034 4925 3180 4979 aliud
3229 4930 3311 4979 est
3339 4923 3580 4992 gignere,

2021 5019 2166 5074 aliud
2223 5018 2473 5074 educere.
2523 5016 2658 5073 Nam
2708 5022 2927 5090 gignere
2969 5016 3207 5086 incipere
3240 5021 3326 5070 est
3376 5010 3578 5082 aliquid

2019 5121 2345 5176 procreare:
2403 5104 2636 5162 educere
2681 5117 2863 5161 autem
2922 5105 3058 5160 nihil
3106 5101 3255 5158 aliud
3285 5112 3368 5158 est
3413 5115 3577 5171 quam

3343 5218 3391 5251 "
3426 5216 3570 5274 Psal.

2071 5409 2189 5480 ,(90)
2232 5408 2362 5480 Reg.
2389 5417 2449 5480 et
2470 5406 2694 5480 Seguer.
2728 5405 2822 5459 τὸν
2850 5404 3076 5474 καρδίαν
3124 5403 3335 5476 ἔχοντα.
3370 5403 3475 5459 Alii
3519 5413 3575 5462 et

2265 5496 2293 5530 ν
2320 5477 2396 5532 κα
2433 5477 2561 5532 δίαν
2581 5477 2791 5546 ἔχοντα.

2265 5550 2324 5599 sic
2369 5495 2502 5599 Rpeu.
2553 5546 2775 5599 Seeuer.

2276 5564 2324 5602 lC

2080 5549 2190 5619 (9|)
2235 5543 2775 5619 Siciliegaseguer.
2812 5544 2976 5600 Basil.
3022 5552 3078 5599 et
3120 5543 3328 5616 Anglic.
3375 5544 3566 5600 Castori

2009 5617 2185 5672 autem
2214 5627 2268 5670 et
2292 5618 2440 5680 editi,
2475 5617 2640 5685 λέγει.

2081 5689 2190 5750 ι92)
2224 5685 2340 5757 Πρό
2371 5687 2521 5741 abest
2544 5682 2732 5757 alleg.
2769 5682 3270 5757 Seguer._Basil_.Aet
3299 5684 3506 5757 Anglic:

2079 5758 2188 5826 (95)
2213 5754 2303 5812 Sic
2329 5757 2458 5822 Reg.
2483 5765 2536 5809 et
2566 5755 2797 5826 Segner1
2823 5757 2890 5808 At
2922 5755 3008 5826 alii
3041 5763 3094 5808 et
3121 5754 3272 5826 editi,
3297 5754 3564 5824 περὶτῆς.

2005 5821 2125 5882 Μοί
2159 5825 2287 5896 Reg.
2311 5837 2364 5882 et
2395 5821 2616 5894 Seguer.
2649 5824 2713 5875 Τί
2741 5821 2833 5877 οὖν
2856 5827 2917 5878 τὸ
2941 5824 3267 5890 θαυμαστόν.
