3944 6222
325 277 428 336 515

1456 263 1712 322 ORATIO
1749 261 1816 316 lV
1855 256 2134 315 CONTRA
2171 255 2490 313 ARIANOS.

3458 231 3576 318 stt

325 401 534 462 κεῖται;
603 394 762 449 Ἀλλὰ
827 392 901 464 μὴ
961 392 1170 460 γένοιτο
1219 389 1253 460 ἢ
1303 386 1564 457 νεώτερον
1610 386 1781 437 εἰπεῖν
1829 379 1889 432 τὸ

2021 376 2206 443 uidem
2236 375 2372 429 nihil
2413 375 2479 428 de
2526 373 2617 428 illo
2666 381 2839 428 exstet
2879 373 2936 427 in
2970 371 3145 429 Veteri
3173 372 3566 430 Testamento?

325 488 571 557 Πνεῦμα,
600 487 633 556 ἢ
671 485 862 538 διελεῖν
893 485 984 536 καὶ
1012 483 1197 551 ἕτερον
1241 481 1413 533 εἰπεῖν
1441 478 1502 530 τὸ
1530 477 1683 545 ἅγιον
1720 471 1892 528 Πνεῦ-

327 597 423 650 μα,
462 579 556 630 καὶ
601 577 785 648 ἕτερον
824 576 915 628 τὸν
948 573 1320 644 Παρὰκλητον.
1363 571 1456 622 Ἒν
1500 569 1607 638 γὰρ
1639 568 1730 619 καὶ
1761 565 1893 617 ταῦ-

323 670 412 722 τόν
449 671 566 721 ἐστι
596 668 658 720 τὸ
691 667 944 736 Πνεῦμα,
990 665 1084 718 καὶ
1131 664 1251 716 τότε
1284 661 1378 716 καὶ
1419 660 1513 715 νῦν
1544 657 1764 728 ἁγιάζον
1803 656 1895 709 καὶ

325 760 681 834 παρακαλοῦν
701 759 825 822 τοὺς
856 756 1134 818 δεκτικοὺς
1159 753 1322 807 αὑτοῦ
1350 771 1362 782 ·
1399 753 1473 815 ὼς
1505 747 1584 814 εἷς
1611 750 1705 802 καὶ
1735 747 1895 810 αὐτὸς

326 855 501 921 Λόγος
532 851 662 914 Υἱὸς
684 851 764 913 εἰς
789 847 1057 901 υἱοθεσίαν
1081 846 1227 914 ἄγων
1267 846 1359 898 καὶ
1391 844 1514 896 τότε
1541 842 1664 903 τοὺς
1689 839 1894 904 ἀξίους.

327 943 508 1000 Ἶὶσαν
531 944 639 1014 γὰρ
667 945 760 997 καὶ
798 945 855 996 ὲν
894 945 960 1012 τῇ
997 941 1206 1010 Παλαιᾷ.
1248 940 1374 1003 υίοὶ,
1401 939 1460 990 οὐ
1493 937 1558 989 δι’
1592 935 1749 990 ἄλλου
1785 932 1896 986 ἀλλ’

327 1041 360 1112 ἢ
391 1040 482 1094 διὰ
508 1037 601 1092 τοῦ
631 1036 760 1090 Υίοῦ
797 1033 1284 1102 τεκνοποιούμενοι.
1341 1032 1421 1090 Εἰ¹
1453 1031 1555 1101 γὰρ
1605 1028 1680 1099 μὴ
1708 1023 1775 1097 ἦν
1807 1025 1900 1077 καὶ

331 1133 436 1204 πρὸ
459 1132 560 1200 τῆς
601 1129 818 1200 Μαρίας
851 1127 977 1190 Υίδς
1005 1129 1034 1180 6
1078 1126 1172 1178 τοῦ
1202 1123 1357 1187 Θεοῦ,
1388 1123 1504 1186 πῶς
1548 1122 1655 1193 πρὸ
1683 1120 1898 1172 πάντων

330 1226 499 1288 ἐστὶν,
539 1223 706 1275 όντων
740 1221 846 1293 πρὸ
886 1218 1050 1274 αὑτοῦ
1085 1218 1213 1270 υἱῶν
1241 1235 1255 1283 ;
1288 1216 1411 1279 Πῶς
1442 1216 1500 1269 δὲ
1548 1214 1643 1268 καὶ
1685 1211 1897 1284 πρωτό-

329 1331 508 1377 τοκος,
537 1312 786 1383 δεύτερος
825 1311 961 1382 μετὰ
1006 1309 1233 1372 πολλοὺς
1282 1307 1667 1378 εὑρισκόμενος
1700 1321 1714 1368 ;
1761 1303 1899 1355 Ἀλλ’

329 1405 453 1458 οῦτε
484 1404 734 1475 δεύτερος
762 1404 790 1454 6
822 1402 1176 1474 Παράκλητος
1197 1419 1210 1432 ο
1248 1401 1353 1472 πρὸ
1385 1402 1598 1454 πάντων
1648 1398 1755 1466 γὰρ
1791 1392 1858 1467 ἦν
1883 1413 1896 1426 ο

331 1495 450 1549 οὔτε
485 1493 749 1566 νεώτερος
777 1498 806 1548 6
828 1494 954 1556 Υἱός
973 1509 991 1545 :
1035 1495 1136 1546 Ἐν
1164 1491 1320 1560 ἀρχῇ
1357 1491 1466 1561 γὰρ
1492 1487 1570 1560 ἦν
1601 1493 1632 1543 ό
1661 1490 1851 1558 Λόγος
1885 1504 1902 1520 ο

333 1587 427 1639 καὶ
471 1585 546 1648 ὡς
586 1585 781 1638 ταυτὸν
831 1586 890 1638 τὸ
924 1585 1146 1654 Πνεῦμα
1191 1583 1284 1634 καὶ
1332 1581 1721 1652 Παράκλητος,
1761 1579 1902 1632 οῦτω

332 1675 530 1730 ταυτὸν
551 1676 580 1727 6
602 1674 732 1738 Υἱὸς
757 1676 851 1728 καὶ
878 1675 1048 1743 Λόγος
1067 1691 1082 1704 ·
1107 1675 1201 1727 καὶ
1221 1672 1296 1735 ὣς
1324 1689 1484 1742 φησιν
1511 1674 1538 1724 ὁ
1566 1670 1750 1742 Σωτὴρ
1777 1671 1905 1740 περὶ

333 1768 426 1822 τοῦ
463 1768 781 1838 Πνεῦματος
814 1767 888 1839 (5)
916 1783 929 1798 ·
977 1769 1038 1820 '0
1069 1766 1136 1820 δὲ
1163 1765 1552 1834 Παράκλητος
1577 1763 1643 1817 τὸ
1667 1761 1908 1832 Πνεῦμα

336 1861 398 1914 τὸ
433 1859 627 1928 ἄτιον,
661 1858 692 1911 ὃ
726 1857 945 1927 πέμψει
973 1861 1005 1911 ό
1042 1857 1244 1924 Πατὴρ
1278 1857 1346 1909 ἐν
1374 1854 1453 1920 τῷ
1485 1855 1728 1923 ὀνόματί
1766 1872 1906 1922 μου,

336 1949 530 2004 ταυτὸν
559 1950 732 2018 λέγων
763 1950 856 2003 καὶ
889 1949 949 2002 οὑ
977 1949 1199 2020 διαιρῶν
1219 1966 1231 1978 °
1266 1947 1436 2010 οὓτως
1483 1949 1511 1998 ὀ
1556 1947 1806 2015 Ἰωάννης
1848 1946 1909 2001 τὸ

337 2045 520 2114 ὅμοιον
559 2043 912 2114 διηγούμενος
957 2041 1124 2110 λέγει,
1156 2043 1265 2094 Καὶ
1306 2044 1338 2094 ό
1367 2041 1553 2110 Λόγος
1592 2038 1748 2106 σὰρξ
1784 2038 1910 2106 ἐγέ-

335 2152 496 2198 νετο,
544 2135 643 2188 καὶ
687 2133 1042 2201 ἐσκήνωσεν
1086 2134 1156 2187 ἐν
1197 2133 1374 2203 ἡμῖν,
1410 2132 1505 2186 καὶ
1540 2130 1910 2200 ἐθεασάμεθα

337 2227 450 2295 τὴν
498 2226 689 2291 δόξαν
737 2226 945 2290 αὐτοῦ,
998 2225 1186 2290 δόξαν
1228 2226 1307 2290 ὡς
1333 2223 1710 2294 Μονογενοῦς
1751 2221 1910 2291 παρὰ

337 2321 588 2388 Πατρός.
621 2318 732 2372 Καὶ
765 2319 998 2372 ἐνταῦθα
1029 2317 1104 2389 (6)
1135 2318 1244 2388 γὰρ
1273 2318 1334 2370 οὐ
1373 2317 1562 2370 διεῖλεν
1585 2356 1600 2382 ,
1645 2316 1782 2368 ἀλλὰ
1811 2318 1909 2387 τὴν

337 2412 645 2482 ταυτότητα
679 2411 1000 2482 ἀπήγγειλε.
1052 2410 1162 2462 Καὶ
1199 2411 1296 2480 οὐχ
1322 2410 1396 2472 ὼς
1437 2408 1593 2471 ἄλλος
1627 2409 1701 2478 (7)
1732 2409 1912 2478 Παρά-

341 2503 554 2573 κλητος,
587 2503 682 2556 καὶ
723 2501 851 2556 ἄλλο
898 2502 960 2554 τὸ
1000 2501 1222 2572 Πνεῦμα
1257 2502 1318 2554 τὸ
1360 2503 1534 2570 ἆγιον,
1569 2499 1682 2553 ἀλλ’
1717 2500 1774 2551 ἓν
1818 2500 1911 2553 καὶ

340 2592 535 2644 ταυτὸν
559 2609 572 2621 ⁴
609 2593 780 2654 οὕτως
811 2591 910 2643 οὐκ
943 2591 1100 2654 ἄλλος
1152 2591 1322 2659 Λόγος
1349 2631 1364 2654 ,
1409 2591 1501 2644 καὶ
1545 2590 1701 2652 ἄλλος
1729 2590 1871 2653 ,Υἱὸς
1893 2629 1909 2652 ,

341 2685 452 2739 ἀλλ’
487 2685 517 2736 6
549 2685 722 2752 Λόγος
750 2685 1060 2754 Μονογενής
1102 2684 1238 2736 ἐστι.
1280 2682 1446 2748 Δόξαν
1483 2682 1590 2753 γὰρ
1616 2682 1714 2734 οὑκ
1743 2682 1911 2752 αὐτῆς

342 2773 461 2832 εἷπε
485 2781 586 2850 τῆς
627 2779 848 2850 σαρκὸς,
895 2777 1006 2830 ἀλλ’
1039 2776 1205 2831 αὐτοῦ
1243 2775 1337 2828 τοῦ
1366 2776 1539 2844 Λόγου
1577 2776 1675 2846 (8).
1716 2776 1774 2827 Ὀ
1800 2775 1911 2827 τοί-

345 2888 438 2922 νυν
477 2868 693 2939 τολμῶν
733 2869 960 2939 διαιρεῖν
1007 2867 1176 2934 Λόγον
1222 2865 1316 2918 καὶ
1345 2865 1472 2919 Υίὸν
1503 2865 1778 2935 διαιρείτω
1817 2866 1911 2917 καὶ

344 2961 567 3031 Πνεῦμα
597 2961 690 3013 καὶ
731 2959 1109 3030 Παράκλητον.
1151 2959 1213 3011 Et
1245 2958 1303 3010 δὲ
1333 2957 1634 3028 ἀδιαίρετον
1665 2957 1726 3009 τὸ
1753 2955 1915 3010 Πνεῦ-

349 3072 444 3124 μα,
477 3052 781 3124 ἀδιαίρετος
825 3051 921 3104 καὶ
953 3052 982 3103 6
1013 3050 1202 3119 Λόγος,
1251 3051 1280 3102 6
1323 3048 1484 3113 αὐτὸς
1529 3047 1603 3102 ὢν
1635 3048 1784 3114 Υίὸς,
1818 3051 1913 3102 καὶ

348 3147 531 3216 σοφία,
567 3146 661 3198 καὶ
707 3144 953 3214 δύναμις.
990 3141 1063 3194 Τὺ
1103 3142 1160 3194 δὲ
1203 3143 1485 3213 ἀγαπητὸν
1534 3143 1626 3194 καλ⁵
1657 3141 1916 3212 ’Έλληνες

348 3241 526 3292 ἴσασιν
550 3239 599 3289 ot
637 3237 800 3291 δεινοὶ
824 3235 951 3305 περὶ
972 3234 1071 3296 τὰς
1098 3233 1292 3298 λέξεις,
1325 3233 1406 3286 ὃτι
1434 3233 1546 3286 ἴσον
1578 3233 1694 3285 ἐστὶ
1730 3231 1809 3303 τῷ
1848 3234 1918 3284 εἰ-

348 3333 466 3383 πεῖν
493 3330 823 3399 Μονογενής.
857 3327 992 3398 Φησὶ
1022 3327 1128 3398 γὰρ
1172 3327 1414 3397 ’Όμηρος
1434 3326 1527 3378 ἐπὶ
1556 3325 1874 3396 Τηλεμάχου
1900 3365 1916 3390 ,

349 3422 440 3474 τοῦ
471 3417 589 3474 ὑίοῦ
619 3422 694 3491 (9)
741 3418 1038 3480 Ὀδυσσέως
1089 3416 1411 3488 μονογενοῦς
1443 3415 1614 3480 ὄντος,
1661 3415 1831 3468 ταῦτα
1860 3416 1918 3468 ἐν

348 3517 414 3585 τῇ
446 3513 675 3584 δευτέρᾳ
700 3512 799 3582 τῆς
841 3510 1192 3574 Ὀδυσσείας

359 3796 530 3850 flata
568 3791 638 3845 δέ
673 3809 762 3844 τοι
784 3831 800 3857 ,
840 3792 980 3861 φίλε
999 3791 1213 3846 τέκνον
1239 3791 1349 3863 (10)
1379 3831 1394 3858 ,
1420 3790 1511 3845 ἐνὶ
1549 3791 1727 3863 φρεσὶ
1749 3790 1924 3845 τοῦτο

359 3935 648 3994 Ἔπλετο;
681 3931 765 3999 πῆ
797 3931 864 3985 δὲ
897 3931 1089 3996 θέλεις
1121 3930 1270 3984 ὶέναι
1303 3930 1544 3999 πολλὴν
1563 3861 1886 4000 ἐὲὶνξίίίίιῗρ,

356 4005 593 4068 Μοῦνος
610 4001 717 4056 ἐὼν
743 4003 1075 4072 ἀγαπητός
1109 4002 1162 4053 Ὀ
1191 4001 1240 4053 δ’
1263 4002 1447 4072 ὤλετο
1472 4003 1677 4069 τηλόθι
1700 4002 1925 4072 πάτρης

357 4074 638 4143 Διογενὴς
678 4069 965 4137 Ὀδὺσεὺς
999 4073 1132 4142 (11).
1163 4069 1560 4141 duomsz
1595 4071 1686 4125 ἐνὶ
1716 4071 1900 4141 δήμῳ.

371 4185 426 4238 ’0
452 4185 560 4256 ἄρα
594 4185 753 4254 μόνος
781 4183 855 4236 ὢν
876 4183 954 4254 τῷ
979 4184 1146 4255 πατρὶ
1176 4184 1457 4255 ἀγαπητὸς
1474 4183 1710 4252 λέγεται.

427 4275 514 4331 50.
557 4275 713 4338 Τινὲς
741 4275 847 4328 τῶν
888 4276 994 4329 ἀπὸ
1023 4275 1117 4329 τοῦ
1153 4277 1508 4347 Σαμοσατέως
1536 4316 1550 4335 .
1591 4277 1928 4350 διαιροῦντες

358 4368 448 4422 τὸν
483 4367 652 4435 Λόγον
683 4367 791 4420 ἀπὸ
817 4368 910 4420 τοῦ
943 4368 1093 4432 Υίοῦ,
1129 4371 1392 4436 φάσκουσι
1418 4369 1507 4422 τὸν
1547 4369 1646 4440 μὲν
1674 4371 1800 4424 Υἱὸν
1849 4368 1926 4424 εἷ-

361 4480 447 4516 ναι
478 4427 850 4532 τὺννΧριστὸν,
877 4463 966 4514 τὸν
998 4462 1054 4514 δὲ
1081 4427 1253 4530 Λόγον
1286 4461 1440 4515 ἄλλον
1465 4427 1600 4515 εἶναι
1626 4479 1638 4492 ·
1676 4462 1770 4516 καὶ
1806 4463 1929 4515 τού-
1960 4427 2003 4480 D

361 4571 452 4607 του
488 4554 758 4641 πρόφασιν
792 4553 1156 4624 λαμϐάνουσιν
1179 4553 1288 4606 ἀπὸ
1315 4555 1420 4607 τῶν
1456 4554 1738 4624 Πράξεων,
1769 4554 1797 4607 ὃ
1825 4570 1926 4607 κα-

431 4690 476 4721 ³⁸
507 4687 667 4743 Joan.
695 4689 810 4758 ιιι.
887 4689 932 4720 ²⁹
967 4688 1127 4744 Joau.
1168 4705 1281 4754 xxv,
1315 4689 1406 4742 26.
1483 4689 1526 4721 ³ο
1564 4687 1722 4745 Joan.
1764 4706 1804 4754 ι,
1842 4689 1926 4744 14.

366 4850 626 4920 statvi-:6
650 4849 896 4920 Πνεῦμα,
923 4865 1043 4919 quae
1065 4849 1262 4920 absunt
1286 4849 1354 4903 ab
1378 4849 1499 4920 aliis
1529 4858 1584 4903 et
1613 4850 1790 4904 editis.
1822 4848 1930 4903 lbi-

368 4922 487 4974 dem
533 4919 755 4989 Regius,
806 4919 1036 4988 'Seguer.
1087 4919 1250 4974 Basil.
1293 4928 1346 4972 et
1405 4919 1616 4987 Anglic.
1663 4921 1837 4972 εἰπεῖν
1871 4920 1932 4972 τὸ

368 4991 519 5058 ἅγιον
542 5033 557 5057 ,
585 5000 688 5044 etc.
719 4990 912 5043 (lateri
941 4998 996 5042 et
1021 4989 1180 5056 editi,
1213 4991 1386 5042 εἰπεῖν
1413 4990 1495 5041 δεῖ
1520 4989 1582 5041 τὸ
1609 4989 1762 5058 ἆγιον
1780 5030 1793 5052 ,
1823 4999 1928 5043 etc.

438 5060 516 5131 (5)
557 5058 649 5115 Sic
679 5059 900 5131 Regius,
935 5058 1158 5131 Seguer.
1188 5059 1374 5131 Basil.
1397 5071 1449 5112 et
1479 5058 1689 5131 A_nglic.
1735 5061 1804 5131 A_t
1837 5058 1930 5131 alii

368 5140 420 5184 et
449 5128 589 5184 'editi
635 5133 663 5182 6
695 5130 968 5184 omittunt.
1014 5129 1470 5200 lbidempiRegius,
1508 5128 1730 5197 Sn'guer.
1767 5128 1927 5200 Basil.

373 5213 426 5253 et
446 5200 665 5270 Anglic.
704 5201 796 5252 καὶ
837 5199 1040 5270 Λόγος·
1082 5201 1174 5252 καὶ
1209 5198 1284 5263 ὥς
1322 5198 1486 5270 ᾠησιν
1517 5200 1547 5250 6
1574 5201 1765 5270 Σωτὴρ
1806 5198 1932 5270 περὶ

375 5269 464 5322 τοῦ
495 5269 827 5339 Πνεῦματος.
857 5269 1072 5339 Gobler.
1102 5270 1262 5323 habet
1291 5270 1413 5322 item
1451 5269 1632 5339 φησίν.
1660 5269 1850 5322 Caéteri
1880 5277 1934 5322 et

377 5341 531 5403 editi,
575 5338 670 5394 καὶ
700 5339 869 5409 Λόγος
888 5356 902 5370 ο
934 5338 1008 5402 ὼς
1031 5338 1132 5409 ἔφη
1155 5342 1183 5392 6
1206 5339 1422 5409 Σωτήρ⁹
1465 5338 1520 5391 '0
1548 5338 1605 5390 δέ
1623 5349 1766 5409 ,Aetc.
1802 5339 1932 5409 [tem

374 5409 588 5474 ibidem,
621 5409 754 5479 Reg.
801 5407 1219 5479 Seguer.Rasil.
1266 5420 1319 5462 et
1344 5407 1569 5479 Anglic.
1612 5407 1671 5459 τὸ
1712 5407 1933 5479 Πνεῦμα

369 5479 428 5530 τὸ
459 5481 644 5550 ἅγιον,
674 5478 812 5550 utet
837 5480 1000 5550 habet
1034 5478 1331 5548 Scriptura.
1364 5478 1468 5532 Alii
1498 5492 1628 5532 vero
1655 5493 1779 5532 cum
1814 5478 1931 5532 edi-

373 5550 454 5614 tis,
468 5548 716 5624 _'ro__llva_ii
724 5567 802 5620 μα
826 5548 1101 5624 QqOeiag

435 5621 508 5690 (6)
553 5616 793 5690 Regius,
843 5616 1282 5690 SeguerIBasil.
1328 5627 1382 5672 et
1427 5617 1638 5687 Anglic.
1689 5619 1796 5672 Καὶ
1843 5618 1928 5672 ὲν-

365 5687 554 5748 ταῦθα.
587 5687 802 5746 ΙηέιΙὶίε
835 5697 888 5744 et
912 5687 1073 5746 editis
1101 5687 1194 5743 καί
1227 5688 1396 5747 deest.

1999 465 2200 521 Verum
2231 465 2372 520 absit
2396 473 2454 518 ut
2485 464 2566 518 vel
2598 461 2833 534 Spiritus
2873 463 3057 533 junior
3084 465 3318 532 dicatur,
3352 465 3436 522 vel
3477 466 3566 522 di-

1996 555 2228 622 vidatur,
2272 555 2343 609 ita
2390 565 2449 609 ut
2491 554 2630 609 alius
2669 554 2742 609 sit
2789 553 3024 624 Spiritus
3063 564 3304 621 sanctus,
3331 565 3386 611 et
3426 556 3566 612 alius

1997 643 2328 699 Paracletus.
2363 642 2514 699 Unus
2540 644 2684 698 enim
2710 644 2962 714 idemque
2983 655 3067 699 est
3101 644 3354 713 Spiritus,
3387 647 3481 717 qui
3505 656 3566 700 ut

2000 746 2127 791 tunc
2156 739 2234 790 sic
2262 746 2315 790 et
2344 752 2490 790 nunc
2522 751 2639 804 eos,
2673 737 2766 807 qui
2801 736 2978 806 ipsum
3013 737 3300 806 recipiunt,
3329 740 3568 794 sanctiﬁ-

1999 835 2086 882 cat
2127 837 2182 883 et
2223 828 2571 894 consolatur;
2620 827 3078 898 quemadmodum
3141 845 3283 884 unus
3329 839 3383 884 et
3423 831 3565 886 idem

2003 920 2238 976 Verbum
2279 921 2448 976 Filius
2481 922 2641 975 etiam
2677 929 2806 975 tunc
2844 936 2937 976 eos
2969 921 3062 992 qui
3106 923 3253 993 digni
3291 932 3468 989 erant,
3499 924 3568 978 ad

2001 1013 2233 1067 ﬁliorum
2264 1013 2594 1083 provehebat
2632 1012 3022 1068 conditionem.
3055 1011 3192 1066 Nam
3232 1027 3387 1070 erant
3429 1030 3569 1086 quo—

2002 1119 2107 1174 que
2135 1103 2227 1157 lilii
2256 1105 2309 1158 in
2341 1103 2521 1159 Veteri
2553 1103 2920 1169 Testamento,
2963 1105 3057 1175 qui
3090 1105 3308 1175 quidem
3339 1121 3446 1161 non
3475 1123 3572 1178 per

2003 1192 2168 1246 alium
2194 1209 2356 1262 quam
2386 1210 2480 1263 per
2507 1193 2703 1248 Filium
2729 1195 3044 1265 dignitatem
3088 1195 3400 1265 bujusmodi
3435 1212 3571 1252 eon-

2004 1287 2388 1354 sequebantur.
2428 1285 2483 1339 Si
2510 1287 2656 1340 enim
2691 1287 2786 1340 Dei
2816 1286 2987 1342 Filius
3029 1296 3154 1343 ante
3191 1287 3418 1344 Mariam
3461 1305 3572 1345 non

2003 1377 2230 1440 exstitit,
2277 1377 2570 1446 quomodo,
2626 1393 2832 1448 quaeso,
2884 1389 3006 1434 ante
3052 1393 3242 1435 omnes
3290 1389 3392 1446 est,
3447 1397 3574 1448 cum

2006 1477 2129 1521 ante
2160 1483 2284 1522 eum
2331 1469 2440 1521 sint
2487 1468 2620 1521 lilii?
2671 1467 2955 1534 Quomodo
3003 1470 3126 1523 item
3180 1472 3572 1542 primogenitus

2005 1569 2108 1625 est,
2141 1575 2263 1614 cum
2298 1560 2483 1614 multis
2517 1561 2780 1628 posterior
2805 1560 3139 1630 reperiatur?
3168 1559 3367 1615 Verum
3397 1579 3574 1632 neque

2007 1650 2321 1706 Paracletus
2363 1651 2631 1721 posterior
2676 1660 2778 1716 est,
2824 1652 3024 1721 quippe
3070 1652 3164 1722 qui
3212 1661 3338 1708 ante
3385 1669 3576 1711 omnes

2009 1745 2079 1797 sit
2110 1759 2122 1793 :
2157 1757 2330 1810 neque
2352 1741 2537 1812 junior
2565 1751 2645 1796 est
2673 1741 2877 1807 Filius;
2918 1759 3042 1797 nam
3084 1743 3152 1797 In
3177 1746 3434 1814 principia
3460 1756 3576 1800 erat

2020 1832 2241 1887 Verbum
2271 1832 2358 1884 ἐς
2403 1841 2566 1902 atque
2608 1843 2665 1887 ut
2713 1834 2947 1904 Spiritus
2980 1843 3036 1890 et
3076 1834 3390 1894 Paracletus
3433 1838 3575 1893 idem

2008 1934 2110 1993 est,
2138 1928 2212 1980 ita
2239 1925 2380 1980 idem
2403 1933 2487 1979 est
2507 1923 2677 1980 Filius
2701 1935 2754 1980 et
2791 1924 3052 1983 Verbum.
3079 1925 3346 1984 Praeterea
3374 1938 3435 1985 ut
3460 1929 3578 1986 Sal-

2009 2026 2164 2070 vator
2195 2017 2260 2070 de
2291 2013 2495 2086 Spiritu
2535 2015 2651 2071 hate
2691 2015 2787 2082 ait,
2824 2016 3138 2072 Paracletus
3183 2016 3418 2087 Spiritus
3452 2038 3578 2075 san-

2009 2116 2148 2172 ctus,
2177 2123 2326 2176 quem
2369 2109 2538 2160 mittet
2581 2105 2744 2160 Pater
2787 2105 2840 2158 in
2889 2105 3096 2159 nomine
3139 2121 3252 2158 meo
3275 2107 3343 2172 ”,
3380 2107 3579 2177 quibus

2010 2199 2229 2269 quidem
2279 2199 2458 2253 verbis
2496 2197 2744 2253 eumdem
2795 2196 2949 2251 illum
2995 2212 3115 2253 esse
3149 2197 3426 2265 declarat,
3478 2216 3582 2256 nec

2013 2289 2189 2358 ipsum
2226 2288 2416 2342 dividit
2448 2307 2460 2341 :
2496 2288 2575 2343 sic
2611 2286 2849 2341 Joannes
2891 2286 3094 2356 pariter
3139 2288 3290 2355 dicit,
3339 2287 3408 2343 Et
3459 2287 3582 2344 Vero

2013 2366 2290 2430 bum-caro
2319 2378 2520 2446 factum
2551 2387 2648 2443 est,
2691 2388 2738 2430 et
2771 2376 3025 2431 habitavit
3058 2379 3111 2430 in
3143 2378 3314 2443 nobis,
3360 2389 3410 2433 et
3445 2381 3582 2434 vidi-

2013 2485 2126 2522 mus
2148 2469 2372 2538 gloriam
2397 2469 2533 2538 ejus,
2556 2469 2778 2539 gloriam
2800 2470 2952 2539 quasi
2981 2467 3248 2539 Unigeniti
3271 2487 3304 2524 a
3326 2470 3490 2526 Patre
3509 2473 3578 2530 ’°.

2012 2558 2121 2614 Nec
2147 2560 2290 2614 enim
2321 2559 2555 2615 Joannes
2599 2561 2685 2615 hic
2726 2560 2903 2630 ipsum
2943 2561 3162 2626 divisit,
3201 2561 3298 2617 sed
3327 2563 3581 2620 eumdem

2013 2673 2133 2712 esse
2170 2667 2252 2711 est
2296 2667 2546 2712 testatus.
2587 2658 2762 2728 Atque
2794 2667 2853 2712 ut
2899 2673 3008 2713 non
3039 2659 3178 2714 alius
3211 2668 3296 2716 est
3332 2659 3584 2716 Paracle-

2016 2759 2124 2812 tus,
2165 2758 2219 2803 et
2253 2749 2391 2804 alius
2423 2747 2656 2819 Spiritus
2685 2759 2904 2806 sanctus
2925 2791 2940 2818 ,
2971 2750 3066 2806 sed
3106 2767 3246 2807 unus
3279 2751 3530 2824 idemque
3560 2768 3579 2809 :

2015 2842 2095 2897 sic
2124 2858 2223 2896 nec
2256 2842 2399 2896 aliud
2438 2850 2520 2897 est
2552 2841 2790 2896 Verbum
2827 2851 2880 2898 et
2921 2842 3060 2897 alius
3105 2842 3297 2908 Filius,
3325 2845 3421 2900 sed
3446 2844 3583 2901 Ver-

2015 2933 2142 2987 bum
2173 2942 2254 2987 est
2283 2931 2622 3003 Unigenitus.
2652 2931 2760 2987 Nec
2783 2932 2927 2987 enim
2956 2933 3137 2988 carnis
3161 2933 3255 2988 sed
3279 2931 3440 2989 Verbi
3463 2934 3578 3006 glo-

2018 3026 2151 3078 riam
2176 3025 2329 3079 dixit.
2366 3025 2704 3094 Quapropter
2731 3026 2822 3094 qui
2851 3023 3085 3080 Verbum
3115 3034 3167 3080 et
3189 3025 3387 3083 Filium
3420 3027 3586 3084 audet

1943 3097 1984 3154 C
2019 3131 2287 3185 separare,
2325 3115 2586 3185 Spiritum
2617 3132 2835 3187 quoque
2878 3127 2931 3172 et
2975 3115 3313 3173 Paracletum
3347 3127 3580 3189 separet.

2021 3207 2114 3262 Sin
2147 3216 2325 3262 autem
2354 3207 2666 3263 individuus
2704 3218 2786 3263 est
2816 3208 3075 3279 Spiritus,
3107 3209 3447 3267 individuum
3485 3227 3585 3282 pa-

2018 3300 2150 3354 riter
2183 3296 2419 3352 Verbum
2471 3313 2590 3353 esse
2637 3298 2912 3353 fatendum
2952 3309 3058 3365 est,
3087 3301 3180 3370 qui
3231 3301 3374 3358 idem
3411 3301 3586 3360 F-ilius

2018 3400 2102 3446 est
2131 3399 2185 3446 et
2213 3391 2474 3459 sapientia
2505 3399 2559 3444 et
2584 3390 2776 3446 virtus.
2800 3390 3070 3446 Caeterum
3095 3403 3295 3448 norunt
3329 3395 3432 3464 ipsi
3455 3410 3587 3466 gen-

2020 3483 2140 3537 tiles
2162 3482 2461 3536 litterarum
2484 3481 2640 3551 periti
2669 3482 2923 3537 dilectum
2949 3483 3088 3538 idem
3118 3499 3238 3540 esse
3260 3500 3324 3540 ac
3348 3486 3590 3556 unigeni-

2024 3581 2159 3626 tum.
2192 3569 2327 3624 Nam
2359 3569 2626 3625 Homerus
2652 3571 2718 3625 de
2747 3569 3071 3626 Telemacho
3097 3570 3304 3643 Ulyssis
3325 3574 3436 3630 tilio
3459 3575 3586 3630 uni-

2023 3662 2203 3730 genito
2228 3662 2302 3715 ita
2325 3660 2559 3716 secunda
2591 3659 2823 3731 Odyssea
2846 3661 3087 3732 loquitur
3117 3679 3133 3717 :

2095 3793 2238 3858 Quid
2273 3802 2351 3858 tu,
2375 3809 2516 3857 care,
2543 3800 2632 3845 tuo
2654 3791 2814 3846 volvis
2843 3792 2938 3845 sub
2966 3803 3192 3861 pectore,
3221 3792 3348 3861 fili.’

2095 3863 2234 3928 Quid
2262 3864 2640 3933 muttasrterrw
2675 3872 2850 3931 partes
2881 3877 3160 3933 peragrare
3183 3872 3447 3933 pemptus,

2099 3935 2203 3998 Qui
2229 3933 2372 3986 solus
2397 3932 2618 3986 dilectus
2644 3948 2697 3984 es
2718 3934 2743 3985 Ρ
2767 3941 2821 3984 at
2845 3932 3051 3985 divin'us
3082 3931 3288 4001 Ulysses

2101 4003 2317 4072 Ignotus
2345 4003 2479 4055 inter
2507 4011 2700 4070 gentes,
2724 4004 3017 4071 patriisque
3046 4012 3276 4057 remotus

2099 4071 2342 4139 Sedibus,
2373 4071 2598 4127 interiit.

2029 4184 2194 4256 igitur
2214 4184 2307 4253 qui
2333 4181 2481 4238 solus
2505 4189 2588 4236 est
2616 4181 2776 4251 patri,
2803 4180 2848 4236 is
2874 4181 3100 4238 dilectus
3125 4183 3448 4254 appellatur.

2101 4275 2262 4346 508
2296 4272 2386 4328 30.
2427 4272 2656 4338 Quidam
2687 4287 2754 4327 ex
2799 4271 3200 4328 Samosatensis
3232 4275 3594 4334 sectatoribus

2031 4366 2269 4421 Verbum
2327 4379 2358 4418 a
2399 4361 2536 4417 Filio
2583 4370 2858 4432 separant,
2910 4362 3167 4432 aiuntque
3216 4361 3412 4418 Filium
3470 4379 3595 4420 esse

2031 4457 2305 4513 Christum
2331 4495 2346 4521 ,
2381 4453 2524 4508 aliud
2568 4462 2747 4508 autem
2788 4468 2908 4508 esse
2959 4451 3217 4509 Verbum.
3264 4453 3359 4510 llis
3412 4465 3592 4511 autem

2030 4547 2246 4606 errandi
2280 4545 2496 4602 occasio
2525 4547 2675 4601 t'uere
2707 4545 2797 4601 illa
2828 4544 3062 4602 Actuum
3098 4547 3280 4613 verba,
3303 4563 3424 4618 qua:
3465 4549 3619 4621 qui-.

2103 4850 2313 4923 (7)Sic
2343 4864 2477 4923 mss.
2523 4857 2576 4903 et
2603 4849 2768 4906 editio
2798 4849 3063 4908 Commel.
3110 4853 3179 4908 At
3221 4855 3388 4911 editio
3418 4855 3592 4915 Paris.

2031 4930 2088 4978 et
2113 4919 2327 4986 Cpiam,
2357 4919 2503 4972 ἄλλο.

2105 4993 2180 5063 (8)
2224 4989 2314 5044 Sic
2343 4988 2563 5068 Regius,
2615 4987 2836 5060 Seguer.
2865 4993 3032 5048 Bas".
3063 5004 3116 5048 et
3143 4996 3353 5067 Anglic.
3403 5001 3469 5053 At
3501 4998 3593 5053 alii

2117 5061 2264 5112 editi.
2296 5059 2432 5112 ἀλλὰ
2457 5075 2551 5110 του
2584 5058 2776 5112 Λόγου.

2033 5071 2087 5117 et
2113 5058 2264 5119 editi.
2296 5059 2432 5113 ἀλλὰ
2457 5058 2551 5110 τοῦ
2584 5058 2776 5128 Λόγου.
3229 5058 3258 5067 ⁷

2038 5202 2060 5208 _
2106 5132 2180 5200 (9)
2224 5129 2520 5208 Regius_et
2547 5125 2793 5208 Seguer.,
2832 5131 3154 5208 fif)_ei1rs;tv,
3185 5142 3271 5208 et,
3305 5136 3440 5208 Φησι
3487 5137 3558 5205 γὰ

2037 5197 2281 5272 ὐμήρος
2303 5197 2394 5272 ἐπὶ
2421 5197 2745 5272 Τηλεμάχου
2767 5201 2858 5253 τοῦ
2886 5197 3022 5254 υίοῦ.
3053 5203 3242 5256 Caeteri
3259 5197 3321 5258 et
3353 5197 3510 5268 editi,
3533 5197 3564 5260 ’ξ

2035 5267 2226 5327 εἰτὲεἶν.
2257 5280 2330 5350 et,
2351 5268 2491 5340 tbqu
2517 5267 2706 5346 γοῦνὸ
2725 5271 2970 5393 "Gange
2992 5271 3083 5324 ἐπὶ
3108 5273 3423 5352 Τηλεμάχου
3453 5267 3592 5333 υἱοῦ.

2036 5341 2160 5393 Mox
2203 5339 2428 5393 Remus.
2461 5354 2632 5389 ταυτα
2664 5341 2720 5391 ὲν
2749 5341 2833 5393 τῆ.
2940 5356 3114 5393 mer"
3163 5360 3331 5393 ταυτα
3365 5346 3461 5393 uti:
3503 5350 3592 5393 τῇ-

2036 5341 2160 5421 ξιρδ
2203 5339 2428 5421 Regius;
2461 5339 2632 5415 ταῦτα
2664 5341 2720 5421 ὲν
2749 5341 2833 5421 τῇ.
2869 5339 3114 5421 S_eguer.,
3163 5339 3461 5416 ἐαῦτίμὲν
3503 5350 3593 5418 τῇ.

2035 5412 2136 5465 Alii
2165 5408 2424 5480 editique,
2454 5408 2625 5480 ταῦτα
2655 5408 2754 5480 μὲν
2778 5412 2835 5460 ὲν
2857 5412 2945 5480 τῇ.

2084 5482 2217 5568 μυ)
2256 5474 2458 5568 Regius
2489 5485 2542 5529 et
2587 5474 2824 5544 Gobler.,
2875 5474 3024 5548 (ῥ’ίλον
3081 5481 3286 5538 τέκνον.
3347 5484 3597 5556 Seguer.,

2038 5551 2205 5620 φίλον
2220 5551 2392 5610 τέκος.
3423 5551 3444 5556 ⁷

2109 5622 2161 5690 (1
2170 5620 2220 5690 1)
2258 5618 2442 5690 Basil.,
2477 5615 2707 5690 ‘Anglic.
2755 5617 3088 5690 etUGobier.
3128 5619 3428 5690 Ὀδυσσεύς.
3462 5625 3576 5682 Ibid

2039 5692 2094 5747 in
2121 5685 2335 5745 Homeri
2360 5687 2522 5743 editis
2553 5685 2745 5746 leuitur
2769 5686 3107 5744 ἀλλογνώτω.
3391 5685 3406 5690 ⁷
3549 5717 3556 5723 -
