3944 6222
413 295 524 351 315

1017 291 1075 346 S.
1117 288 1488 345 ATIiANASll
1526 290 1674 345 OPP.
1717 288 1897 344 PARS
1931 291 1968 343 l.
2011 319 2079 329 --
2113 285 2483 342 HISTORICA
2521 282 2606 338 ET
2647 284 3063 342 DOGMATICA.

3541 279 3657 347 BiG'

411 411 534 467 dem
567 414 710 463 recte
742 404 964 476 protulit
995 403 1208 472 Petrus,
1244 405 1338 460 sed
1367 419 1618 475 perverse
1664 405 1768 474 ipsi
1811 407 1965 458 inter-

2077 402 2182 465 λῶς
2219 400 2318 472 μὲν
2335 402 2364 453 6
2389 401 2593 472 Πέτρος
2617 398 2787 465 εἶπεν,
2821 399 2975 453 αὐτο)⁸
3005 401 3063 453 δὲ
3091 398 3279 463 κακῶς
3313 389 3648 473 ἐκδέχονται.

408 508 730 574 pretantur;
764 507 891 552 sunt
945 505 1125 552 autem
1167 497 1525 567 huiusmodi:
1569 495 1792 551 Verbum
1839 496 1983 548 misit

407 594 550 650 Deus
579 591 709 662 ﬁliis
745 587 935 654 Israel,
964 589 1285 643 annuntians
1309 602 1487 659 pacem
1510 606 1602 659 per
1621 587 1804 642 Iesum
1830 586 1986 643 Chri-

410 693 572 737 stum.
621 679 724 734 Hic
765 689 840 733 est
892 681 1126 732 omnium
1171 679 1428 732 Dominus
1464 680 1529 734 ⁸⁸.
1583 677 1785 748 Nempe
1833 680 1986 732 aiunt

411 771 648 829 Verbum
697 772 771 826 ita
823 787 918 841 per
967 770 1245 825 Christum
1299 770 1541 824 locutum
1592 785 1735 834 esse,
1781 786 1844 825 ac
1889 785 1985 840 per

409 867 705 938 prophetas
730 864 957 929 aientes,
988 863 1117 918 Haec
1148 862 1278 916 dicit
1305 862 1563 916 Dominus
1596 875 1615 915 :
1645 862 1812 916 alium
1836 862 1982 916 enim

411 957 582 1014 fuisse
632 958 968 1028 prophetam,
1009 965 1064 1011 et
1103 956 1272 1010 alium
1315 954 1630 1010 Dominum.
1659 953 1860 1008 Verum
1915 954 1982 1008 ad

411 1050 466 1105 id
510 1064 805 1119 possumus
839 1063 1098 1117 reponere
1131 1048 1246 1102 haec
1289 1046 1452 1102 verba
1497 1048 1682 1115 primae
1734 1046 1982 1114 Epistolm

409 1141 479 1198 ad
515 1140 831 1196 Corinthios
884 1158 898 1194 :
951 1137 1324 1204 Exspectanles
1363 1137 1732 1192 reuelationem
1767 1138 1981 1192 Domini

407 1233 578 1289 nostri
605 1231 736 1286 Iesu
766 1231 1001 1295 Christi,
1033 1231 1121 1301 qui
1155 1241 1202 1283 et
1242 1229 1574 1298 conﬁrmabit
1606 1245 1693 1282 vos
1724 1245 1884 1299 usque
1924 1229 1978 1282 in

409 1330 565 1397 finem
595 1329 709 1382 sine
737 1328 974 1389 crimine,
1011 1326 1067 1378 in
1091 1325 1176 1378 die
1214 1323 1423 1377 Domini
1461 1323 1627 1377 nostri
1661 1321 1788 1376 Iesu
1821 1321 1976 1378 Chri-

407 1422 479 1476 sti
505 1421 570 1474 ".
607 1417 674 1473 Ut
716 1418 862 1472 enim
908 1432 1018 1471 non
1053 1416 1193 1469 alius
1233 1414 1484 1468 Christus
1526 1413 1747 1467 alterius
1776 1411 1978 1466 Christi

407 1510 548 1565 diem
576 1509 882 1575 conﬁrmat,
916 1507 1012 1563 sed
1045 1506 1162 1576 ipse
1206 1507 1259 1559 in
1315 1506 1395 1560 sui
1441 1504 1614 1573 ipsius
1662 1505 1748 1558 die
1786 1519 1980 1572 exspe-

407 1610 616 1656 ctantes
652 1601 942 1654 conﬁrmat
975 1616 988 1652 :
1022 1597 1095 1652 ita
1127 1596 1287 1651 Pater
1313 1595 1461 1650 misit
1490 1593 1727 1649 Verbum
1757 1610 1974 1650 carnem

407 1692 630 1758 factum,
673 1699 733 1744 ut
784 1690 950 1744 homo
996 1687 1172 1745 factus
1202 1702 1298 1756 per
1338 1686 1578 1754 seipsum
1637 1686 1972 1755 praedicaret.

2089 493 2246 546 Ἔστι
2275 491 2332 546 δὲ
2360 491 2518 544 τοῦτο
2539 510 2552 522 ο
2603 491 2714 546 Τόν
2751 493 2945 561 Λόγον
2973 491 3289 547 ἀπέστειλε
3331 492 3454 559 τοῖς
3501 495 3654 562 υιοῖζ-

2097 583 2376 653 Ἰσραὴλ,
2428 581 2946 654 εὐαγγελιζόμενος
3003 584 3252 652 εἰρήνην
3299 584 3397 639 διὰ
3454 586 3652 656 Ἰησοῦ

2087 677 2367 744 Χριστοῦ.
2392 671 2581 741 Οὗτός
2605 676 2737 728 ἐστι
2786 673 3028 728 πάντων
3067 676 3300 744 Κύριος.
3342 677 3478 731 Φασὶ
3520 677 3652 750 γὰρ,

2083 770 2159 831 ὼς
2193 768 2287 821 τοῦ
2315 767 2488 836 Λόγου
2535 767 2620 820 διά
2665 766 2902 838 Χριστοῦ
2935 765 3282 836 λαλήσαντος,
3317 767 3392 830 ὡς
3419 769 3513 822 καὶ
3560 770 3653 824 ἐπὶ

2081 861 2188 914 τῶν
2218 859 2532 933 προφητῶν,
2562 859 2707 913 Τάδε
2733 859 2892 928 λέγει
2916 861 3128 927 Κύριος
3155 875 3168 889 ·
3202 859 3360 922 ἄλλος
3395 860 3495 930 μὲν
3532 857 3600 930 ἦν
3623 863 3655 916 6

2083 955 2401 1026 προφήτης,
2457 953 2614 1016 ἄλλος
2654 953 2710 1005 δὲ
2758 953 2786 1004 ό
2838 951 3063 1023 Κύριος.
3111 949 3269 1004 Ἀλλά
3315 951 3449 1022 πρὸς
3495 952 3653 1006 τοῦτο

2080 1043 2262 1112 ὅμοιόν
2299 1045 2446 1096 ἐστιν
2487 1040 2814 1095 ἀντιτιθέναι
2845 1039 2957 1108 (12)
2995 1040 3057 1092 τὸ
3095 1043 3155 1092 ὲν
3193 1043 3258 1111 τῇ
3297 1039 3484 1111 πρώτῃ
3514 1041 3652 1113 πρὸς

2080 1131 2429 1206 Κορινθίους·
2477 1130 3016 1198 Ἀπεκδεχομένους
3043 1129 3152 1199 (15)
3185 1128 3298 1197 τὴν
3342 1127 3649 1183 decantav-

2079 1226 2189 1292 ψιν
2228 1222 2334 1277 τοῦ
2363 1223 2584 1290 Κυρίου
2631 1220 2800 1290 ἡμῶν
2859 1221 3058 1289 Ἰησοῦ
3102 1221 3359 1289 Χριστοῦ
3383 1237 3398 1250 ·
3433 1220 3500 1286 ὃς
3548 1221 3649 1274 καὶ

2080 1314 2390 1380 βεϐαιώσει
2428 1313 2583 1384 ὑμᾶς
2612 1315 2723 1380 ἕως
2758 1313 2974 1381 τέλους
3021 1313 3433 1382 ἀνεγκλήτους
3473 1314 3542 1366 ἐν
3571 1306 3650 1383 τῆ

2076 1405 2264 1476 ’ἡμέρᾳ
2291 1405 2398 1459 τοῦ
2429 1407 2649 1472 Κυρίου
2675 1403 2844 1473 ἡμῶν
2881 1405 3083 1472 Ἰησοῦ
3108 1404 3382 1474 Χριστοῦ.
3428 1405 3512 1469 Ὡς
3540 1405 3649 1477 γὰρ

2076 1500 2176 1552 οὒκ
2205 1498 2362 1561 ἄλλος
2408 1497 2640 1568 Χριστὸς
2674 1497 2860 1569 ἐτέρου
2907 1497 3143 1568 Χριστοῦ
3181 1499 3277 1568 τὴν
3323 1499 3530 1570 ἡμέραν
3560 1499 3652 1568 βεέ

2077 1587 2241 1653 ϐαιοῖ,
2277 1589 2389 1642 ἀλλ’
2422 1589 2584 1652 αὐτὸς
2629 1589 2742 1659 (14)
2795 1591 2852 1642 ὲν
2881 1590 2944 1658 τῇ
2980 1586 3173 1640 ἑαυτοῦ
3207 1589 3394 1660 ἡμέρᾳ
3441 1588 3652 1658 βεϐαιοῖ

2078 1680 2201 1742 τοὺς
2247 1680 2752 1750 ἀπεκδεχομένους·
2798 1679 2938 1733 οὕτω
2975 1679 3066 1732 τὸν
3111 1679 3282 1748 Λόγον
3327 1679 3651 1732 ἀπέστειλεν

403 1781 542 1839 Hinc
571 1792 716 1838 recte
738 1781 940 1845 subdit,
980 1778 1078 1832 llic
1123 1789 1200 1832 est
1239 1779 1472 1832 omnium
1500 1779 1757 1833 Dominus
1782 1795 1801 1833 :
1827 1779 1965 1849 atqui

2076 1774 2104 1825 6
2135 1772 2326 1844 Πατὴρ
2374 1749 2552 1844 σάρκα
2597 1772 2907 1842 γενόμενον,
2953 1771 3041 1824 ἵνα
3083 1771 3151 1823 δι’
3191 1772 3382 1824 ἑαυτοῦ
3430 1771 3642 1842 ἀνθρω-

401 1877 646 1932 omnium
675 1874 939 1929 Dominus
967 1868 1208 1925 Verbum
1232 1879 1334 1926 est.

469 2139 558 2196 51.
599 2138 833 2193 Et'dixit
863 2136 1071 2209 Moyses
1100 2137 1170 2191 ad
1202 2137 1386 2192 Aaron
1407 2153 1426 2190 :
1461 2139 1657 2192 Accede
1682 2138 1752 2191 ad
1781 2140 1970 2207 altare,

398 2239 449 2285 et
479 2230 567 2300 fac
592 2229 914 2298 sacriﬁcium
942 2245 1036 2299 pro
1074 2236 1288 2298 peccato
1333 2237 1441 2296 tuo,
1468 2238 1517 2283 et
1555 2229 1688 2298 oﬂ'er
1718 2229 1972 2284 holocau-

397 2329 538 2375 stum
567 2329 736 2383 tuum,
766 2328 816 2373 et
856 2319 1133 2389 deprecare
1164 2335 1259 2388 pro
1293 2327 1342 2372 te
1382 2328 1430 2372 et
1459 2335 1552 2388 pro
1589 2319 1743 2372 domo
1783 2330 1892 2385 tua,
1921 2331 1970 2376 et

399 2410 488 2479 fac
513 2409 653 2462 dona
684 2408 904 2476 populi,
933 2415 982 2461 et
1012 2407 1292 2476 deprecare
1317 2423 1411 2476 pro
1444 2407 1576 2472 illis,
1613 2409 1751 2462 sicut
1776 2425 1963 2478 prlece-

397 2501 474 2570 pit
502 2501 758 2554 Dominus
785 2501 960 2569 Moysi
987 2497 1052 2551 ³³.
1103 2496 1242 2554 Ecce
1281 2498 1370 2553 hic
1415 2500 1666 2569 quamvis
1716 2517 1858 2556 unus
1899 2501 1971 2556 sit

395 2589 632 2666 Moyses,
673 2596 854 2644 tamen
883 2589 999 2658 ipse
1027 2587 1243 2660 Moyses
1275 2589 1420 2643 velut
1444 2589 1511 2643 de
1538 2590 1646 2644 alio
1675 2589 1858 2662 Moyse
1885 2592 1968 2646 di-

394 2684 489 2750 cit,
526 2681 676 2739 Sicut
703 2684 950 2753 prwcepit
978 2681 1235 2736 Dominus
1261 2681 1454 2751 Moysi.
1482 2680 1572 2737 Sic
1603 2697 1732 2752 ergo
1757 2683 1968 2738 etiamsi

394 2775 589 2831 beatus
624 2774 814 2829 Petrus
846 2774 1090 2828 divinum
1119 2771 1355 2826 Verbum
1391 2774 1517 2828 [iliis
1549 2773 1714 2828 lsrael
1751 2789 1846 2843 per
1876 2773 1964 2827 Je-

395 2881 518 2920 sum
546 2864 827 2919 Christum
859 2863 1088 2917 missum
1115 2878 1237 2918 esse
1275 2861 1442 2929 dicat,
1469 2879 1578 2918 non
1609 2863 1813 2920 idcirco
1852 2865 1968 2919 exi-

393 2954 726 3012 stimandum
769 2962 853 3009 est
901 2953 1048 3008 aliud
1094 2968 1216 3008 esse
1262 2951 1495 3008 Verbum
1542 2965 1596 3011 et
1637 2957 1804 3011 alium
1846 2971 1967 3012 esse

391 3045 712 3111 Christum,
769 3044 864 3099 sed
908 3059 1078 3098 unum
1128 3047 1491 3114 eumdemque
1539 3061 1700 3113 esse,
1741 3057 1963 3117 propter
1991 3080 2033 3139 ο

394 3153 549 3195 suam
599 3152 793 3205 nempe
839 3151 964 3191 cum
1013 3137 1250 3194 humana
1298 3146 1512 3203 natura,
1567 3153 1730 3208 quam
1779 3139 1960 3194 divina

392 3230 553 3302 plane
605 3228 937 3299 benignitate
972 3238 1026 3281 et
1071 3227 1355 3284 clementia
1403 3229 1701 3299 assumpsit
1732 3231 1960 3301 conjun-

389 3319 670 3373 ctiouem:
711 3319 804 3386 qui
854 3316 899 3370 si
931 3315 1093 3370 etiam
1125 3317 1411 3387 dupliciter
1455 3319 1807 3388 intelligatur,
1851 3335 1960 3374 non

391 3410 467 3464 ita
497 3418 680 3463 tamen
712 3419 771 3461 ut
801 3405 1038 3461 Verbum
1069 3418 1380 3478 separatum
1409 3409 1767 3478 concipiatur,
1801 3411 1960 3467 sicuti

389 3501 550 3557 docet
575 3499 794 3554 divinus
818 3496 1055 3553 Joannes
1083 3514 1208 3553 cum
1235 3500 1329 3563 ait,
1357 3499 1424 3553 Et
1467 3499 1688 3555 Verbum
1721 3518 1844 3556 caro
1877 3503 1963 3570 fa-

389 3603 535 3646 ctum
557 3596 657 3656 est,
689 3597 739 3642 et
768 3587 1035 3648 habitavit,
1048 3589 1104 3642 in
1136 3590 1283 3644 nobis
1310 3591 1375 3643 ³⁵.
1412 3591 1597 3661 Itaque
1625 3594 1963 3664 quandoqui-

389 3685 513 3741 dem
557 3684 634 3748 id,
671 3681 815 3753 quod
845 3680 1102 3751 praeclare
1142 3696 1206 3736 ac
1244 3690 1401 3760 recte,
1434 3697 1464 3736 a
1505 3683 1664 3738 beato
1693 3683 1852 3740 Petro
1879 3687 1962 3740 di-

389 3787 536 3834 ctum
564 3784 669 3841 est,
692 3772 834 3828 male
859 3787 924 3828 ac
952 3788 1204 3842 perverse
1227 3773 1534 3844 intelligunt
1561 3774 1958 3834 Samosatensis

389 3866 664 3936 discipuli,
697 3871 844 3936 patet
873 3865 995 3919 illos
1029 3864 1083 3918 in
1115 3865 1340 3918 veritate
1373 3880 1480 3918 non
1527 3876 1674 3922 stare
1697 3869 1762 3923 ³⁸.
1796 3868 1961 3923 Nam-

387 3973 495 4028 que
521 3956 774 4012 Christus
811 3957 865 4009 in
893 3953 1171 4024 Scriptura
1208 3970 1363 4009 sacra
1411 3965 1703 4028 utrumque
1734 3975 1856 4014 esse
1885 3961 1958 4016 si-

389 4047 697 4119 gniﬁcatur,
733 4055 792 4101 ut
830 4061 955 4100 cum
1005 4045 1224 4112 dicitur,
1262 4045 1505 4100 Christus
1553 4046 1645 4102 Dei
1696 4050 1863 4103 virtus
1906 4062 1956 4105 et

388 4137 488 4192 Dei
524 4137 786 4206 sapientia
809 4135 875 4189 ³⁸.
905 4135 1171 4201 Quocirca
1211 4151 1335 4191 cum
1377 4135 1571 4193 Petrus
1614 4140 1689 4194 ait
1723 4139 1954 4196 Verbum

387 4244 485 4300 per
510 4223 696 4284 Iesum
729 4226 1006 4282 Christum
1037 4230 1264 4283 missum
1305 4245 1427 4285 esse
1466 4231 1536 4285 ad
1579 4232 1720 4289 ﬁlios
1767 4233 1952 4300 Israel,

388 4319 494 4376 hoc
536 4321 773 4375 indicare
814 4319 1166 4388 intelligatur,
1218 4337 1411 4390 nempe
1452 4321 1686 4378 Verbum
1736 4341 1952 4381 carnem

2076 1881 2177 1927 πος
2205 1864 2489 1935 γενόμενος
2521 1863 2750 1935 κηρύξῃ.
2797 1863 3012 1926 Εὐθέως
3057 1862 3187 1931 γοῦν
3233 1862 3344 1933 (15)
3389 1863 3639 1932 ἐπάγεις

2069 1951 2259 2022 Οὗτός
2296 1957 2426 2010 ἐστι
2450 1955 2690 2011 πάντων
2725 1957 2939 2025 Κύριος
2971 1972 2985 1986 ·
3026 1955 3227 2027 Κύριος
3260 1955 3318 2008 δὲ
3359 1955 3575 2008 πάντων
3611 1952 3644 2003 6

2072 2045 2244 2114 Λόγος
2276 2045 2412 2099 ἐστί.

2144 2137 2395 2191 51..Κα“ι
2431 2133 2550 2190 εἷπε
2597 2136 2801 2208 Μωσῆς
2855 2135 2989 2206 πρὸς
3041 2132 3282 2206 ’Λαρὼν-
3333 2134 3636 2202 Πρόσελθε

2073 2227 2224 2294 πρὸς
2260 2227 2326 2280 τὸ
2363 2228 2815 2295 θυσιαστήριον,
2844 2227 2941 2280 καὶ
2979 2227 3240 2295 ποίησον
3276 2224 3346 2278 τὸ
3365 2224 3499 2293 περὶ
3525 2223 3639 2293 τῆς

2071 2318 2359 2388 ἁμαρτίας
2385 2333 2523 2384 σου,
2565 2320 2662 2372 καὶ
2695 2321 2757 2372 τὸ
2788 2317 3176 2387 ὁλοκαύτωμά
3217 2332 3351 2379 σου,
3381 2316 3479 2370 καὶ
3517 2315 3637 2380 ἐξι-

2070 2413 2255 2463 λασαι
2288 2410 2398 2482 (16)
2429 2410 2562 2479 περὶ
2586 2411 2848 2465 σεαυτοῦ
2871 2411 2968 2464 καὶ
3005 2410 3111 2464 τοῦ
3140 2410 3308 2464 οἴκου
3345 2423 3482 2472 σου,
3535 2403 3642 2462 καῖ

2071 2501 2327 2568 ποίησον
2349 2502 2420 2554 τὰ
2451 2500 2607 2568 δῶρα
2632 2501 2737 2554 τοῦ
2767 2501 2942 2565 λαοῦ,
2963 2500 3060 2554 καὶ
3080 2499 3359 2564 ἐξίλασαι
3378 2500 3486 2571 (17)
3503 2498 3635 2568 περὶ

2069 2591 2266 2645 αὐτῶν
2293 2634 2308 2657 ,
2348 2592 2611 2664 καθάπερ
2661 2594 2994 2646 ἐνετείλατο
3035 2593 3246 2661 Κύριος
3289 2590 3370 2656 τῷ
3413 2590 3636 2646 Μωσεῖ.

2083 2683 2210 2737 Ἰδοὺ
2245 2685 2422 2738 τοίνυν
2463 2684 2718 2749 ἐνταῦθα,
2765 2685 2965 2757 καίπερ
3009 2685 3126 2749 ἐνὸς
3166 2684 3318 2748 ὄντος
3368 2683 3462 2736 τοῦ
3508 2684 3636 2737 Mosa

2071 2775 2228 2840 σέως,
2261 2775 2335 2839 ὡς
2359 2777 2492 2848 περὶ
2518 2777 2702 2848 ἑτέρου
2739 2775 2983 2840 Μωσέως
3018 2777 3179 2839 αὐτὸς
3219 2775 3422 2845 Μωσῆς
3463 2773 3632 2842 λέγων

2069 2867 2226 2933 ἐστὶ,
2286 2868 2564 2936 Καθάπερ
2619 2869 2955 2922 ἐνετείλατο
3017 2869 3234 2936 Κύριος
3286 2865 3366 2932 τῷ
3411 2865 3629 2921 Μωσεῒ.

2067 2959 2222 3013 Οὕτω
2260 2960 2437 3012 τοίνυν
2489 2961 2583 3013 καὶ
2624 2959 2754 3029 περὶ
2786 2959 2877 3012 τοῦ
2919 2959 3064 3012 θείου
3109 2958 3318 3027 Λόγου,
3361 2955 3456 3009 ὲάν
3501 2955 3643 3030 λέγῃ,

2065 3053 2093 3103 6
2138 3051 2410 3122 μακάριος
2460 3050 2571 3122 (18)
2605 3051 2842 3120 Πέτρος,
2896 3049 3289 3112 ἀποσταλέντος
3333 3051 3448 3111 τοῖς
3500 3050 3632 3108 υῑοίς

2080 3141 2292 3215 Ἰσραὴλ
2311 3141 2398 3195 διὰ
2425 3141 2594 3213 Ἰησοῦ
2619 3140 2870 3213 Χριστοῦ,
2888 3142 2949 3194 οὐ
2968 3142 3072 3213 χρὴ
3089 3141 3273 3211 ἕτερον
3306 3140 3405 3212 μὲν
3425 3141 3514 3193 τὸν
3530 3134 3632 3193 A6-

2066 3250 2179 3302 γον,
2217 3235 2400 3305 ἕτερον
2431 3233 2487 3286 δὲ
2519 3232 2751 3304 Χριστὸν
2792 3235 2965 3296 νοεῖν,
3001 3233 3114 3286 ἀλλ’
3143 3233 3237 3285 ἕνα
3278 3233 3372 3286 καὶ
3405 3231 3499 3285 τὸν
3532 3232 3630 3284 αὺ-

2065 3325 2156 3377 τὸν
2199 3324 2287 3377 διὰ
2339 3324 2436 3394 τὴν
2475 3325 2668 3377 ἕνωσιν
2696 3325 2794 3394 τὴν
2839 3324 2974 3396 πρὸς
3005 3324 3104 3396 τὴν
3145 3323 3296 3376 θείαν
3341 3322 3509 3376 αὐτοῦ
3536 3320 3634 3376 καὶ

2068 3416 2442 3487 φιλάνθρωπον
2486 3415 2891 3484 συγγατάΰασίν
2938 3434 2998 3470 τε
3047 3417 3142 3469 καὶ
3199 3415 3635 3488 ὲνανθρώπησιν.

2066 3507 2129 3560 Εἰ
2160 3507 2216 3559 δὲ
2247 3508 2342 3560 κα).
2382 3511 2553 3561 νοοῖτο
2597 3507 2760 3577 διχῶς
2779 3549 2794 3571 ,
2829 3508 3066 3577 ἀλλὀὐχ
3095 3507 3170 3570 ὡς
3212 3507 3306 3560 τοῦ
3335 3507 3507 3576 Λόγου
3538 3524 3629 3560 κε-

2066 3601 2400 3669 χωρισμένου
2427 3638 2441 3660 ,
2476 3598 2616 3652 κατά
2652 3599 2741 3650 τὸν
2775 3599 3057 3650 θεσπέσιον
3103 3597 3352 3668 Ἰωάννην
3381 3638 3396 3660 ,
3437 3596 3546 3651 Καὶ
3594 3599 3629 3650 ό

2065 3691 2253 3758 Λόγος
2286 3690 2442 3757 σὰρξ
2478 3691 2713 3760 ἐγένετο
2741 3731 2755 3754 ,
2795 3691 3053 3760 εἰρηκότα
3080 3730 3095 3754 ,
3145 3689 3241 3742 καὶ
3278 3688 3628 3754 ἐσκήνωσεν

2062 3783 2133 3834 ἐν
2158 3781 2320 3849 ἡμῖν.
2351 3781 2422 3834 Τὸ
2469 3780 2576 3851 ἀρα
2615 3779 2794 3843 καλῶς
2837 3781 2931 3833 καὶ
2956 3779 3132 3851 ὀρθῶς
3173 3779 3470 3852 εἰρημένον·
3494 3780 3627 3850 πρὸς

2061 3872 2157 3926 τοῦ
2191 3861 2459 3944 μακαρίόυ
2494 3873 2722 3944 Πέτρου,
2759 3871 2942 3935 κακῶς
2973 3872 3066 3924 καὶ
3088 3871 3359 3943 στρεϐλῶς
3387 3871 3628 3936 νοοῦντες

2061 3967 2111 4019 οι
2157 3964 2250 4018 τοῦ
2300 3961 2693 4036 Σαμοσατέως,
2729 3965 2786 4016 ἐν
2824 3967 2889 4035 τῇ
2935 3962 3161 4034 ἀληθείᾳ
3208 3964 3306 4034 οὐχ
3363 3963 3624 4017 ἵστανται.

2062 4056 2294 4128 Χριστὸς
2322 4056 2430 4128 γὰρ
2459 4056 2518 4109 τὸ
2553 4055 2956 4127 συναμφότερον
2986 4057 3182 4107 νοεῖται
3219 4054 3367 4124 παρά
3403 4057 3468 4125 τῇ
3509 4054 3625 4124 θεία

2061 4151 2250 4222 Γραφῇ
2285 4148 2419 4221 (19),
2442 4148 2517 4212 ὡς
2545 4149 2673 4202 ὅταν
2703 4149 2858 4220 λέγῃ,
2892 4147 3147 4215 Χριστὸς
3179 4146 3326 4201 Θεοῦ
3352 4146 3626 4215 δύναμις,

2061 4242 2159 4294 καὶ
2200 4240 2347 4294 Θεοῦ
2370 4240 2572 4308 σοφία.
2626 4241 2883 4294 Είτοίνυν
2916 4239 3060 4307 λέγει
3085 4239 3112 4290 6
3142 4237 3348 4310 Πέτρος
3388 4237 3500 4308 (20)
3537 4238 3626 4291 τὸν

2060 4334 2230 4402 Λόγον
2285 4332 2373 4387 διὰ
2441 4331 2613 4404 Ἰησοῦ
2663 4332 2902 4404 Χριστοῦ
2951 4332 3286 4387 ἀπεστάλθαι
3332 4333 3444 4395 τοῖς
3493 4333 3626 4394 υἱοῖς

386 4411 591 4466 factum
625 4411 753 4465 ﬁliis
781 4409 945 4466 Israel
975 4411 1314 4480 apparuisse,
1352 4423 1411 4467 ut
1447 4412 1644 4469 Joanni
1691 4428 1954 4472 consonet

2075 4423 2307 4495 Ἰσραὴλ,
2340 4423 2497 4477 τοῦτο
2525 4425 2802 4495 σημαίνων
2829 4423 3071 4487 νοείσθω,
3102 4424 3191 4476 τὸν
3216 4422 3386 4492 Λόγον
3415 4440 3626 4494 σαρκω‹⁵

385 4501 608 4566 dicenti,
628 4501 697 4556 Et
721 4501 943 4557 Verbum
965 4519 1088 4556 caro
1110 4503 1311 4573 factum
1331 4516 1407 4558 est
1424 4505 1491 4559 ³’.
1509 4507 1565 4560 Si
1589 4523 1719 4562 vero
1746 4508 1951 4564 dictum

387 4593 519 4652 illud
551 4595 705 4650 aliter
732 4604 1026 4664 exponant,
1061 4593 1404 4666 Verbumque
1436 4597 1680 4653 divinum
1703 4614 1846 4667 esse,
1873 4601 1950 4654 uti

453 4758 498 4794 ⁸⁸
538 4759 660 4815 Act.
689 4774 745 4820 κ,
771 4758 861 4812 '56.
963 4755 1007 4787 ⁸²
1046 4755 1063 4808 Ι
1097 4757 1221 4813 Cor.
1259 4775 1296 4823 ι,
1328 4759 1378 4824 7,
1407 4758 1462 4814 8.

384 4847 430 4898 ι,
457 4829 550 4887 ’4.
637 4828 682 4861 ⁸⁷
720 4827 879 4882 Joan.
913 4842 952 4895 ι,
980 4827 1067 4881 14.

453 4967 568 5038 (12)
592 4966 871 5038 ᾼΒίοῌπιεβ.
899 4964 1150 5038 At_editi,
1183 4962 1478 5038 ἀντιρεναι,
1511 4967 1790 5038 mendose.

453 4968 547 5038 (12
609 4968 700 5022 Sic
735 4979 871 5021 mss.
899 4968 970 5019 At
997 4968 1150 5030 editi,
1183 4968 1478 5023 ἀντιθεναι,
1511 4968 1790 5020 mendose.

453 4968 568 5108 (i3;
590 5035 670 5092 lta
699 5035 924 5108 Regius,
957 5033 1182 5104 Seguer.
1211 5041 1267 5089 et
1296 5032 1598 5103 Scriptura.
1624 5035 1732 5089 Alii
1765 5041 1946 5090 autem

381 5119 436 5165 et
462 5105 616 5172 editi,
642 5105 1080 5177 ἀπεκδεχόμενοι.

457 5177 571 5249 (14)
603 5168 880 5249 Regius,"
913 5168 1351 5249 Seguer.__Basil.
1390 5179 1456 5249 _et
1499 5171 1944 5249 Anglic._a6-rd;.

381 5241 578 5304 Cateri
606 5257 660 5302 et
691 5241 867 5308 'editi,
901 5241 1114 5308 αὐτούς.
1151 5242 1353 5315 ibidem
1386 5241 1674 5315 Regius'et
1717 5241 1943 5315 Seguer.

383 5317 445 5370 tv
463 5320 530 5374 τῇ
557 5316 773 5371 ἑαυτοῦ.
805 5316 912 5370 Alii
945 5329 1071 5371 cum
1099 5312 1280 5374 editis,
1310 5313 1370 5365 ὲν
1397 5314 1462 5374 τῇ
1490 5311 1677 5366 αὐτοῦ.

557 5320 773 5396 ἑαυτοῦ.
805 5320 912 5370 Alii
945 5329 1071 5371 cum
1099 5320 1280 5374 editis,
1310 5320 1370 5365 ὲν
1397 5329 1426 5364 τ
1490 5320 1677 5394 αυτοῦ.
1875 5385 1885 5395 _

608 5385 700 5468 Sic
722 5382 926 5468 [iegius
949 5385 1152 5450 codex,
1179 5381 1406 5454 Seguer.
1431 5320 1606 5438 iiiasrl.
1642 5392 1698 5437 et
1731 5381 1942 5455 Anglic.

385 5451 570 5510 At'alii
600 5465 654 5510 et
684 5451 837 5524 editi',
865 5451 979 5510 οὖν.

457 5525 571 5597 (16)
600 5524 704 5597 ,Hic
728 5526 796 5581 ad
813 5520 1128 5597 :marginem
1172 5521 1346 5597 Regii,
1385 5520 1861 5597 Seg_uer._G_ohler.
1892 5533 1947 5597 e_t

1572 4761 1617 4792 ³³
1655 4760 1825 4817 Levit.
1856 4779 1943 4829 Ix,
1979 4763 2035 4818 7.

2059 4514 2220 4568 θέντα
2273 4517 2384 4578 τοῖς
2420 4516 2556 4576 υἱοῖς
2599 4514 2816 4585 Ἰσραὴλ
2855 4513 3289 4584 πεφανερῶσθαι,
3322 4514 3386 4566 ἵν’
3500 4531 3625 4566 συνσ

2059 4606 2198 4676 ᾴδων
2227 4605 2324 4676 τῷ,
2354 4605 2465 4660 Καὶ
2495 4607 2527 4658 d
2560 4605 2749 4674 Λόγος
2790 4604 2942 4671 σὰρξ
2974 4604 3310 4673 eyes-smn
3341 4603 3396 4656 δὲ
3421 4604 3623 4674 ἑτέρως

2139 4767 2183 4797 ⁸⁵
2221 4765 2380 4821 Joan.
2413 4781 2454 4830 ι,
2492 4766 2574 4820 14.
2681 4764 2725 4795 ³³
2762 4762 2920 4818 Joan.
2970 4777 3090 4829 vm,
3143 4762 3233 4818 11.
3326 4763 3370 4796 ³⁸
3411 4763 3428 4816 1
3491 4763 3618 4819 Cor.

2055 4975 2169 5032 est,
2205 4965 2474 5038 Probatur
2504 4985 2569 5024 ea:
2599 4967 2826 5024 Leuitico
2859 4986 2966 5025 rem
3014 4972 3246 5024 eamdem
3281 4971 3481 5024 diverse
3525 4987 3617 5038 ap—

2055 5037 2245 5118 pellari
2283 5054 2460 5119 aqua:
2490 5041 2652 5094 verba
2695 5042 2749 5094 in
2793 5039 2958 5096 Basil.
3002 5051 3056 5097 et
3099 5041 3311 5112 Anglic.
3353 5050 3479 5095 ante
3528 5037 3617 5093 καὶ

2054 5101 2196 5164 εἷπε.
2232 5123 2285 5160 tn
2314 5123 2432 5164 roso
2453 5119 2708 5164 contextu
2735 5110 3025 5164 habentur.

2131 5123 2196 5169 ιε,
2232 5123 2285 5160 ιη
2314 5123 2432 5169 ιῃεο
2453 5123 2708 5164 contextu
2735 5123 3025 5166 habentur.

2125 5123 2196 5169 τε,
2232 5123 2285 5160 ιη
2314 5123 2432 5176 ipso
2453 5123 2708 5164 contextu
2735 5123 3025 5166 nanentur.

2125 5176 2236 5246 (l7)
2274 5175 2667 5252 Begiuspodex
2702 5193 2756 5234 et
2787 5179 3008 5252 Seguer.
3045 5181 3135 5236 hic
3169 5189 3224 5238 et
3249 5195 3398 5244 mox,
3435 5178 3612 5247 ἐξιλαο

2054 5261 2168 5311 σαι,
2197 5256 2256 5301 ιιι
2281 5246 2458 5302 exstat
2483 5246 2654 5303 Levit.
2687 5265 2764 5312 Ix,
2793 5250 2844 5304 7.

2123 5317 2233 5392 (ῳ)
2273 5317 2489 5392 Cobler.
2520 5329 2573 5373 et
2593 5318 2839 5392 felck._i
2875 5321 3133 5392 omittunt
3154 5321 3186 5373 6
3219 5319 3509 5392 μακάριος.

2122 5386 2236 5469 (19)
2274 5389 2473 5469 Regius
2498 5398 2552 5469 et
2588 5388 2951 5469 Seguerianus
2985 5390 3190 5469 addunt
3218 5386 3460 5462 παραιτῇ
3493 5386 3612 5461 θείᾳ

2054 5456 2270 5530 Γραφῇ,
2301 5456 2444 5528 quod
2474 5461 2627 5516 abest
2654 5456 2723 5514 ab
2751 5460 2874 5516 aliis
2899 5471 2954 5516 et
2979 5462 3158 5516 editis.
3300 5456 3313 5462 ’
3433 5456 3459 5462 ’⁷
3585 5456 3598 5461 ⁷

2101 5527 2232 5598 (ευ)
2273 5527 2472 5598 Regius
2501 5542 2555 5585 et
2581 5528 2964 5598 Segucrianus,
2993 5533 3022 5584 6
3059 5531 3284 5598 Πέτρος.
3319 5527 3375 5585 in
3404 5528 3528 5585 aliis
3559 5537 3609 5583 et

2122 5528 2472 5602 (ξω-[ἱρείας
2501 5542 2555 5585 et
2581 5528 2964 5600 Segucrianus,
2993 5533 3022 5584 6
3059 5531 3284 5602 Πέτρος.
3319 5528 3375 5585 in
3404 5528 3528 5585 aliis
3559 5543 3589 5583 ο

389 5591 569 5652 ΐοιιιιιζ
590 5596 642 5661 1,
668 5597 784 5651 haec
811 5591 1083 5664 leguntur,
1105 5591 1387 5664 ἀπὸδέιξις
1405 5591 1513 5645 ἀπὸ
1539 5592 1635 5647 τοῦ
1659 5593 1942 5664 Λευῖτικοῦ

2075 5591 2224 5654 εὰίῑὶἐ
2237 5599 2266 5651 6
2295 5591 2464 5655 decet.

392 5666 517 5738 περὶ
547 5664 647 5734 τῆς
679 5665 762 5733 ἐφ’
789 5662 886 5718 ἑνΐ
908 5664 1189 5734 πράγματι
1233 5662 1488 5732 διαφόρου
1537 5664 1849 5734 ὀνομασίας.
1887 5663 1942 5718 ld
