3944 6222
361 301 460 358 517

1487 309 1745 364 ORATIO
1778 310 1842 364 IV
1876 311 2156 367 CONTRA
2199 314 2520 370 ARIA‘NOS.

3507 322 3611 378 διδ

354 427 530 480 ἐκεῖνο
565 413 766 489 νοοῦσι,
813 427 906 480 καὶ
938 425 1028 480 τδν
1059 428 1231 495 Λόγον
1261 429 1380 500 μὲν,
1418 426 1602 496 καθὼς
1651 434 1744 486 καὶ
1792 432 1895 485 ἔστι

2036 451 2219 490 revera
2264 445 2347 490 est
2367 479 2380 498 ,
2415 435 2735 491 confitentes
2755 475 2771 500 ,
2803 446 3146 507 assumptum
3179 439 3249 494 ab
3279 439 3398 510 ipso
3426 440 3609 494 homi-

355 517 495 570 θεῖον
545 517 952 589 ὁμολογοῦντες,
998 519 1088 573 τὸν
1131 521 1268 591 πρὸς
1314 521 1481 574 αὑτοῦ
1524 522 1794 595 ληφθέντα
1819 565 1832 588 ,
1885 519 1929 592 ᾧ

351 612 443 664 καὶ
474 609 716 682 ἡνῶσθαι
756 613 1094 676 πιστεύεται,
1124 613 1410 685 ἄνθρωπον
1435 616 1529 669 ἀπ’
1571 617 1732 670 αὐτοῦ
1764 620 1930 689 χωρί-

350 700 521 765 ζουσι,
545 701 816 770 λέγοντες,
847 703 936 756 διὰ
984 703 1158 774 Ἰησοῦ
1199 705 1436 776 Χριστοῦ
1478 707 1640 763 αὐτὸν
1668 709 1780 780 (21)
1821 712 1927 764 ἀπ-

347 792 606 847 εστάλθαι
635 835 650 858 ,
685 795 899 857 ἑαυτοῖς
942 797 1159 850 ἐναντία
1200 798 1562 870 φθεγγόμενοι
1594 801 1656 853 οὐ
1690 802 1920 856 νοοῦσιν.

347 887 409 938 Οί
457 885 567 956 γὰρ
605 884 716 956 (22)
761 886 993 939 ἐνταῦθα
1031 888 1353 959 χωρίζοντες
1385 893 1486 962 τῆς
1515 891 1666 954 θείας
1711 893 1924 964 σαρκώ-

347 996 484 1042 σεως
520 978 661 1032 θεῖον
697 978 911 1039 νοοῦσι,
947 980 1334 1051 σμικρύνουσιν
1373 981 1481 1051 ἄρα
1514 983 1802 1048 ἀκούοντες
1831 987 1921 1038 αῦ-

341 1070 433 1123 τδν
462 1071 642 1142 σάρκα
674 1070 1017 1142 γεγενῆσθαι,
1067 1075 1160 1126 καὶ
1199 1073 1267 1126 τὰ
1307 1073 1575 1146 Ἑλλήνων
1604 1076 1916 1147 φρονοῦσιν,

338 1159 531 1236 ὥσπερ
557 1160 649 1217 οὖν
679 1164 772 1216 καὶ
797 1163 1072 1234 φρονοῦσι.
1103 1165 1310 1235 τροπὴν
1335 1165 1428 1219 τοῦ
1457 1168 1629 1236 Λόγου
1665 1169 1764 1241 τὴν
1795 1169 1919 1241 σάρ-

338 1271 508 1309 κωσιν
531 1253 629 1326 τὴν
655 1254 804 1308 θείαν
831 1255 1326 1327 ὑπολαμϐάνοντες.

404 1346 498 1402 52.
547 1347 685 1400 Ἀλλ’
713 1348 814 1400 οὐκ
854 1347 969 1401 ἔστι
1009 1348 1200 1413 τοῦτο,
1245 1350 1319 1422 μὴ
1362 1351 1612 1419 γένοιτοι
1655 1353 1751 1406 ’ον
1786 1354 1913 1426 τρό-

336 1454 438 1490 πον
466 1436 579 1508 γὰρ
609 1435 841 1490 ἐνταῦθα
888 1437 986 1508 τὴν
1027 1437 1402 1509 ἀνέκφραστον
1436 1440 1631 1494 ἕνωσιν
1673 1445 1702 1496 ό
1743 1443 1916 1497 Ἰωάν-

333 1546 430 1597 νης
471 1527 586 1599 (25)
625 1529 912 1599 κηρύσσει,
964 1532 1366 1596 καταποθέντος
1413 1533 1506 1587 τοῦ
1557 1534 1750 1604 θνητοῦ
1809 1536 1912 1589 ὑπὸ

330 1620 430 1690 τῆς
465 1617 632 1691 ζωῆς,
665 1621 756 1673 καὶ
785 1620 1065 1693 αὑτοζωῆς
1087 1625 1259 1688 ὄντος,
1296 1625 1438 1678 καθὰ
1466 1626 1602 1697 πρὸς
1630 1627 1728 1699 τὴν
1757 1627 1912 1698 Μὰρο

2033 542 2176 586 ncm.
2212 528 2299 580 cui
2333 527 2685 597 conjunctum
2737 543 2860 583 esse
2902 530 3161 594 creditur,
3211 530 3279 585 ab
3327 547 3392 586 eo
3437 532 3610 586 velint

2029 633 2306 686 separare,
2340 620 2514 688 ipsum
2563 619 2772 674 aientes
2814 635 2911 690 per
2940 618 3127 675 Jesum
3161 620 3438 676 Christum
3476 624 3610 678 mis-

2027 724 2148 763 sum
2179 725 2320 773 esse,
2354 727 2484 765 sane
2528 727 2586 764 se
2622 713 2920 781 pugnantia
2951 712 3099 781 loqui
3143 728 3250 766 non
3297 715 3605 770 attendunt.

2025 801 2127 866 Qui
2153 801 2298 856 enim
2333 802 2434 856 hoc
2468 803 2519 855 in
2557 803 2677 857 loco
2711 804 2956 857 divinum
2992 802 3228 858 Verbum
3255 822 3286 860 a
3310 808 3493 863 divina
3523 810 3607 865 in-

2021 893 2335 948 carnatione
2366 893 2658 963 sejungunt
2681 935 2695 956 ,
2737 894 2878 948 idem
2915 895 3091 964 ipsum
3127 897 3471 952 imminutum
3504 915 3607 970 pu-

2020 991 2137 1036 tant
2162 999 2284 1037 cum
2321 986 2546 1038 audiunt
2580 1001 2798 1039 carnem
2835 985 3033 1040 factum
3074 1002 3234 1052 esse;
3268 989 3605 1059 proindeque

2019 1073 2160 1128 idem
2208 1076 2433 1130 omnino
2475 1076 2716 1129 sentiunt
2766 1091 2831 1129 ac
2881 1077 3132 1146 gentiles,
3179 1078 3257 1131 uti
3302 1094 3434 1134 sane
3479 1095 3604 1134 seu-

2018 1163 2201 1232 tiunt,
2260 1180 2385 1220 cum
2439 1167 2682 1221 divinam
2748 1166 3179 1222 incarnationem
3243 1171 3600 1226 mutationem

2017 1251 2180 1308 Verbi
2207 1269 2331 1311 esse
2366 1258 2740 1325 suspicantur.

2086 1347 2174 1402 52.
2219 1346 2418 1402 Verum
2470 1365 2578 1404 non
2621 1350 2695 1404 ita
2742 1360 2868 1405 est:
2915 1351 3084 1406 absit!
3123 1349 3599 1417 Quemadmodum

2013 1439 2157 1492 enim
2190 1439 2619 1509 inexplicabilem
2646 1441 2901 1496 unionem
2930 1442 3019 1497 hic
3044 1442 3304 1512 praedicat
3333 1440 3596 1511 Joannes,

2012 1532 2270 1600 absorpto
2313 1533 2560 1588 videlicet
2617 1536 2832 1590 mortali
2884 1551 2915 1590 a
2970 1537 3081 1590 vita
3135 1535 3296 1607 509
3343 1545 3397 1593 et
3435 1539 3503 1593 ab
3531 1553 3598 1593 eo

2009 1625 2104 1692 qui
2135 1623 2251 1693 ipsa
2284 1639 2378 1693 per
2416 1640 2473 1680 se
2509 1633 2593 1679 est
2620 1626 2751 1688 vita,
2785 1635 2845 1682 ut
2891 1628 3006 1697 ipse
3054 1628 3121 1682 ad
3171 1628 3437 1684 Martham
3474 1630 3592 1697 ait,

329 1711 429 1765 θαν
454 1714 484 1765 ό
517 1713 721 1784 Κύριος
748 1713 874 1784 ἔφη,
919 1715 1066 1784 Ἐγώ
1088 1720 1205 1786 εἰμι
1238 1719 1276 1784 ἡ
1319 1717 1427 1784 ζωή
1458 1719 1568 1789 (24)
1590 1736 1603 1749 ·
1638 1717 1779 1772 οὕτω
1815 1719 1895 1772 κα)

2012 1714 2124 1784 Ego
2171 1733 2288 1769 sum
2326 1717 2434 1770 vita
2460 1717 2504 1748 ³⁸
2536 1735 2548 1771 :
2583 1718 2656 1771 ita
2704 1734 2828 1773 cum
2881 1719 3073 1775 beatus
3105 1718 3303 1777 Petrus
3351 1720 3588 1777 Verbum

327 1803 458 1858 ὅταν
483 1805 620 1878 λέγῃ
647 1809 676 1859 ὁ
708 1809 977 1880 μακάριος
1007 1811 1214 1881 Πέτρος
1242 1811 1322 1873 τὸ,
1346 1811 1433 1863 διὰ
1471 1810 1644 1883 Ἰησοῦ
1669 1809 1895 1882 Χριστοί

2010 1821 2104 1873 per
2149 1804 2337 1860 Jesum
2387 1805 2667 1861 Christum
2708 1807 2941 1862 missum
2977 1823 3098 1863 esse
3135 1810 3293 1874 dixit,
3345 1810 3592 1867 divinam

327 1896 666 1952 ἀπεστάλθαι
709 1900 802 1953 τὸν
845 1900 1018 1968 Λόγον
1042 1939 1056 1964 ,
1099 1901 1196 1972 τὴν
1226 1901 1375 1954 θείαν
1404 1902 1596 1956 ἕνωσιν
1632 1903 1904 1974 σημαίνει.

337 1989 423 2053 Ὠς
453 1991 563 2064 γὰρ
589 1992 802 2046 ἁκούων
840 2010 924 2057 τις
971 1994 1052 2061 τὸ,
1110 1994 1166 2047 '0
1216 1997 1409 2064 Λόγος
1441 1996 1599 2066 σὰρξ
1647 1996 1904 2066 ἐγένετο,

324 2085 424 2137 οὐκ
460 2084 526 2139 ἂν
559 2085 767 2157 νομίσοι
818 2086 930 2157 (25)
967 2088 1163 2159 μηκέτι
1206 2085 1299 2142 οῦν
1343 2085 1484 2143 εἶναι
1530 2091 1723 2158 Λόγον,
1769 2092 1906 2162 ὅπερ

324 2175 544 2239 ἄτοπον,
590 2176 664 2241 ὡς
713 2177 1079 2249 προείρηται·
1142 2179 1284 2233 οὕτω
1343 2182 1438 2234 καὶ
1481 2182 1651 2250 Λόγον
1692 2182 1904 2237 ἀκούων

321 2265 411 2318 τὸν
457 2267 794 2337 συναφθέντα
826 2272 890 2340 τῇ
938 2271 1123 2342 σαρκὶ,
1172 2272 1235 2324 τὸ
1283 2271 1423 2324 θεῖον
1460 2272 1517 2325 ἓν
1561 2275 1653 2326 καὶ
1699 2275 1905 2329 ἁπλοῦν

323 2358 513 2412 νοείτω
544 2359 657 2429 (26)
699 2363 1018 2433 μυστήριον.
1051 2363 1395 2434 Σαφέστερον
1435 2365 1493 2419 δὲ
1538 2367 1632 2420 καὶ
1665 2368 1902 2438 ἀναμφιυ

323 2449 592 2522 σϐήτητον
635 2455 836 2518 παντὸς
877 2454 1138 2523 λογισμοῦ
1185 2457 1245 2509 τὸ
1274 2459 1412 2528 πρὸς
1449 2459 1619 2529 αὐτὴν
1650 2460 1748 2532 τὴν
1781 2461 1905 2515 Θεο-

318 2541 475 2596 τόκον
507 2541 618 2614 (27)
653 2544 788 2615 πρὸς
825 2546 920 2598 τοῦ
965 2547 1305 2617 ἀρχαγγέλου
1338 2547 1502 2620 ῥηθὲν
1536 2550 1635 2622 τὴν
1676 2551 1901 2621 ἑνότητα

316 2632 411 2688 τοῦ
467 2633 613 2687 θείου
653 2636 828 2704 Λόγου
876 2639 970 2690 καὶ
1003 2638 1290 2710 ἀνθρώπου
1333 2639 1545 2705 δείξειε.
1596 2642 1734 2712 Φησὶ
1786 2643 1899 2716 (28)

318 2726 424 2798 γάρ
445 2743 460 2758 ⁸
494 2726 739 2797 Πνεῦμα
764 2727 936 2798 ἅγιον
959 2729 1351 2785 ἐπελεύσεται
1387 2731 1486 2785 ἐπὶ
1530 2734 1623 2802 σὲ,
1660 2735 1757 2788 καὶ
1793 2736 1898 2789 δύ-

315 2833 492 2887 ναμις
529 2817 821 2886 Ὑψίστου
849 2819 1193 2874 ἐπισκιάσει
1232 2837 1332 2876 σοι
1357 2841 1370 2854 ⁸
1403 2823 1494 2877 διὸ
1538 2826 1636 2879 καὶ
1670 2826 1736 2880 τὸ
1769 2845 1899 2897 τετα-

316 2908 584 2979 ηδμενον
600 2911 712 2982 (29)
728 2911 900 2981 ἅγιον
931 2912 1298 2981 κληθήσεται
1346 2917 1477 2982 Υἱὸς
1501 2919 1668 2974 Θεοῦ.
1712 2921 1899 2993 ’Λφρόο

314 3021 420 3068 νως
462 2999 555 3057 οῦν
607 3005 654 3056 οἱ
696 3001 790 3055 τοῦ
830 3004 1191 3074 Σαμοσατέως
1235 3005 1326 3058 τὸν
1360 3007 1531 3076 Λόγον
1580 3008 1892 3080 χωρίζουσι,

317 3095 502 3164 σαφῶς
529 3094 915 3164 ἀποδειχθέντα
946 3096 1184 3166 ἡνῶσθαι
1222 3096 1300 3168 τῷ
1341 3099 1406 3152 ὲκ
1436 3100 1655 3173 Μαρίας
1684 3103 1893 3176 ἀνθρώ-
1920 3132 1961 3188 C

314 3208 416 3260 πῳ.
449 3190 564 3244 Οὐκ
591 3189 698 3260 ἄρα
723 3189 1002 3259 ἀπεστάλη
1027 3190 1094 3243 δι’
1120 3191 1284 3244 αὐτοῦ
1311 3207 1324 3221 ·
1360 3193 1654 3248 ἀπέστελλε
1687 3195 1800 3268 (50)
1834 3197 1890 3249 δὲ

312 3285 368 3336 ἐν
427 3283 579 3354 αὐτῷ
626 3326 641 3348 ,
712 3283 883 3352 λέγων
924 3303 937 3315 ο
1013 3284 1415 3354 Πορευθέντες
1472 3289 1891 3357 μαθητεύσατε

312 3375 509 3430 πάντα
535 3375 608 3430 τὰ
638 3377 806 3443 ἔθνη.

377 3470 466 3524 55.
523 3467 684 3532 Ἔθος
731 3468 787 3520 δὲ
832 3467 988 3520 τοῦτο
1029 3471 1096 3539 τῇ
1154 3469 1343 3540 Γραφῇ
1397 3469 1743 3543 ἀπεριέργως
1795 3475 1889 3527 καὶ

312 3560 498 3624 ἁπλῶς
522 3559 619 3623 τὰς
648 3559 821 3625 λέξεις
863 3557 1179 3630 ὲκφράζειν.
1226 3559 1384 3613 Οὕτω
1410 3561 1520 3633 γὰρ
1555 3563 1650 3615 καὶ
1682 3564 1740 3614 ὲν
1773 3567 1888 3627 τοῖς

323 3653 598 3726 ’Δριθμοῖς
623 3670 704 3715 τις
724 3653 956 3729 ,εὑρήσει
976 3669 989 3681 ·
1020 3648 1168 3705 Ehe
1198 3651 1329 3725 γὰρ,
1363 3653 1516 3724 φησὶ,
1543 3653 1769 3722 Μωσῆς
1808 3654 1888 3719 τῷ

321 3744 618 3816 Ῥαγουὴλ
656 3743 736 3810 τῷ
755 3743 1112 3812 Μαδιανίτῃ,
1147 3744 1380 3815 γαμϐρῷ
1417 3732 1604 3815 Μωσῆ
1641 3747 1773 3818 (51).
1810 3749 1883 3801 Οὐ

310 3841 413 3911 γὰρ
447 3838 605 3901 ἄλλος
634 3836 840 3905 Μωσῆς
876 3836 904 3887 ὁ
929 3836 1123 3902 λέγων,
1155 3839 1248 3890 καὶ
1275 3838 1432 3902 ἄλλος
1455 3835 1516 3892 οῦ
1538 3833 1606 3910 ἦν
1635 3841 1885 3912 γαμϐρὸς

309 3932 336 3983 6
369 3929 658 3999 Ῥαγουὴλ,
691 3927 826 3982 ἀλλὰ
873 3923 952 3992 εἷς
982 3924 1050 3999 ἦν
1083 3930 1111 3982 ὁ
1145 3930 1355 4001 Μωσῆς
1405 3928 1537 4001 (52).
1590 3931 1652 3983 Ei
1695 3931 1802 4003 γὰρ
1855 3932 1884 3984 ὀ

309 4022 474 4090 Λόγος
515 4019 609 4074 τοῦ
657 4019 790 4072 Θεοῦ
829 4021 921 4072 καὶ
962 4021 1122 4088 σοφία
1172 4021 1373 4092 ὁμοίως
1427 4023 1756 4094 χρηματίζει
1787 4023 1882 4076 καὶ

306 4113 552 4183 δύναμις,
591 4113 684 4166 καὶ
710 4111 881 4178 δεξιὰ,
925 4113 1018 4165 καὶ
1053 4112 1315 4184 βραχίων,
1350 4115 1444 4166 καὶ
1476 4116 1578 4168 ὅσα
1603 4115 1827 4170 τοιαῦτα
1862 4133 1876 4146 ’

305 4206 505 4276 ἥνωται
550 4204 660 4274 (55)
707 4203 763 4256 δὲ
819 4203 1216 4274 φιλανθρώπως
1267 4207 1418 4277 ἡμῖν,
1469 4204 1568 4276 τὴν
1627 4207 1879 4278 ἀπαρχὴν

308 4297 459 4367 ἡμῶν
493 4295 869 4367 περιθέμενος,
902 4295 993 4348 καὶ
1023 4296 1196 4368 ταύτῃ
1240 4298 1570 4370 άνακραθείς
1591 4317 1604 4330 ο
1638 4299 1746 4371 ἄρα
1781 4300 1878 4353 αὐ-

305 4388 391 4452 τὸς
421 4391 450 4442 ὁ
483 4387 654 4456 Λόγος
690 4388 783 4440 καὶ
809 4387 878 4439 τὰ
918 4386 1080 4439 λοιπὰ
1116 4387 1341 4452 εἰκότως
1365 4388 1582 4460 εἴληχεν
1611 4389 1873 4459 ὀνόματα.

306 4482 378 4534 Th
419 4481 529 4552 γὰρ
575 4479 853 4552 εἰρηκέναι
893 4477 982 4531 τὸν
1037 4480 1290 4551 Ἰωάννην
1334 4481 1443 4551 (54)
1491 4484 1547 4534 ὲν
1586 4481 1727 4553 ἀρχῇ
1765 4480 1866 4551 μὲν

2007 1899 2126 1966 ejus
2156 1897 2484 1968 signiﬁcavit
2509 1899 2787 1953 unionem.
2813 1897 2948 1954 Nam
2973 1908 3032 1954 ut
3059 1901 3107 1956 is
3129 1901 3221 1970 qui
3253 1901 3426 1968 audit,
3466 1900 3594 1957 Ver.

2007 1989 2124 2042 bum
2156 2007 2277 2044 caro
2309 1991 2508 2058 factum
2529 1999 2627 2057 est,
2663 2007 2768 2044 non
2797 1991 3001 2046 idcirco
3033 1993 3326 2047 arbitratur
3348 1991 3588 2050 Verbum

2005 2079 2240 2147 amplius
2269 2095 2374 2133 non
2412 2095 2553 2145 esse,
2592 2081 2736 2150 quod
2770 2089 2919 2136 certe
2956 2083 3350 2151 perabsurdum
3392 2093 3495 2148 est,
3529 2094 3591 2140 ut

2003 2169 2286 2222 diximus:
2325 2169 2398 2223 ita
2443 2171 2533 2239 qui
2571 2168 2806 2225 Verbum
2855 2186 2982 2226 cum
3023 2187 3188 2227 carne
3229 2175 3584 2244 conjunctum

2002 2275 2122 2316 esse
2171 2262 2343 2327 audit,
2394 2262 2638 2316 divinum
2695 2279 2866 2318 unum
2918 2264 3259 2335 simplexque
3323 2267 3591 2338 intelligat

2002 2355 2344 2424 mysterium.
2395 2353 2595 2408 Verum
2650 2354 2979 2411 luculentius
3028 2359 3344 2428 certiusque
3390 2361 3590 2428 quovis

2000 2444 2286 2498 ratiocinio
2318 2460 2403 2510 ea,
2437 2460 2558 2514 qua:
2598 2445 2668 2499 ab
2709 2445 3040 2515 archangelo
3085 2447 3152 2501 ad
3186 2447 3360 2516 ipsam
3390 2446 3590 2520 Deipa—

1999 2551 2117 2589 ram
2162 2536 2306 2590 dicta
2355 2545 2503 2599 sunt,
2539 2537 2713 2590 divini
2752 2535 2911 2592 Verbi
2945 2547 3000 2593 et
3030 2538 3268 2593 hominis
3317 2543 3584 2596 unitatem

1998 2630 2490 2685 demonstraverint
2534 2651 2546 2685 :
2600 2631 2719 2700 ejus
2760 2632 2875 2685 haec
2920 2641 3048 2686 sunt
3088 2632 3250 2686 verba
3297 2651 3311 2686 :
3349 2631 3588 2703 Spiritus

1998 2733 2210 2777 sanctus
2244 2725 2568 2792 superveniet
2596 2724 2649 2776 in
2685 2733 2754 2788 te,
2784 2733 2834 2777 et
2875 2725 3042 2777 virtus
3078 2724 3346 2780 Allissimi
3391 2728 3585 2780 obum-

1997 2817 2169 2871 brabit
2195 2817 2540 2887 tibi,ideoque
2569 2826 2617 2870 et
2645 2820 2783 2888 quod
2809 2828 3054 2872 nascetur
3083 2828 3345 2880 sanctum,
3371 2819 3584 2874 vocabi-

1995 2919 2083 2963 tur
2107 2908 2284 2964 Filius
2315 2908 2408 2963 Dei
2427 2909 2492 2964 ³⁹.
2518 2909 2692 2964 Stulte
2722 2909 2886 2979 igitur
2909 2907 3322 2966 Samosatenses
3343 2909 3584 2966 Verbum

1992 3001 2261 3068 dividunt,
2289 3017 2412 3056 cum
2438 3001 2526 3055 his
2557 3017 2626 3055 ex
2658 3001 2838 3057 verbis
2877 3001 3084 3056 clarum
3119 3002 3191 3057 sit
3235 3002 3415 3072 ipsum
3458 3001 3586 3058 uni-

1994 3072 2108 3146 tum
2149 3093 2322 3150 fuisse
2368 3094 2578 3148 homini
2625 3108 2694 3148 ex
2732 3093 2903 3149 Maria
2955 3105 3257 3164 assumpto.
3287 3093 3406 3150 Non
3449 3110 3583 3168 ergo

1998 3183 2232 3240 Verbum
2282 3201 2377 3256 per
2422 3185 2702 3240 Christum
2745 3194 2831 3241 est
2867 3187 3124 3252 missum,
3171 3187 3266 3243 sed
3301 3189 3488 3258 potius
3522 3189 3580 3244 in

1990 3276 2212 3335 Christo
2241 3281 2412 3346 misit,
2439 3295 2564 3334 cum
2601 3280 2713 3348 ait,
2755 3278 2861 3348 Ite,
2893 3281 3072 3336 docete
3096 3299 3276 3339 omnes
3304 3294 3483 3355 gentes
3507 3283 3578 3342 ⁵⁸.

2059 3463 2148 3518 55.
2192 3461 2410 3518 Scilicet
2441 3462 2488 3518 is
2520 3470 2606 3518 est
2639 3478 2759 3518 mos
2809 3462 3109 3534 Scriptum
3155 3465 3482 3538 simpliciter
3521 3480 3578 3528 et

1988 3555 2109 3612 sine
2150 3557 2506 3611 exornatione
2549 3555 2716 3611 verba
2753 3555 2967 3614 efferre.
3007 3556 3098 3613 Sic
3125 3561 3360 3630 exempli
3394 3564 3572 3632 gratia

1987 3649 2041 3704 in
2085 3650 2227 3703 libro
2272 3647 2639 3703 Numerorum
2704 3649 2821 3704 hac
2871 3649 3142 3719 legimus:
3177 3651 3330 3706 Dixit
3365 3654 3573 3724 Moyses

1993 3740 2212 3812 Ragueli
2243 3740 2559 3795 Madianitae
2586 3756 2772 3811 genero
2803 3739 3006 3812 Moysis
3028 3741 3094 3795 δ’.
3120 3740 3231 3799 Nec
3252 3743 3399 3799 enim
3429 3747 3572 3802 alius

1983 3841 2103 3889 erat
2139 3831 2354 3903 Moyses
2394 3832 2488 3902 qui
2529 3831 2878 3902 loquebatur,
2921 3842 2974 3888 et
3011 3833 3172 3900 alius,
3211 3834 3370 3904 cujus
3406 3853 3572 3907 gener

1983 3933 2104 3981 erat
2134 3923 2340 3996 Raguel
2373 3941 2386 3979 :
2420 3925 2513 3979 sed
2554 3938 2698 3978 unus
2730 3931 2848 3977 erat
2877 3922 3115 3994 Moyses.
3143 3923 3490 3997 Quapropter
3519 3928 3567 3984 si

1981 4015 2185 4087 pariter
2208 4012 2447 4068 Verbum
2478 4011 2594 4080 Dei,
2626 4012 2918 4082 sapientia,
2940 4013 3136 4079 virtus,
3163 4015 3408 4084 dextera,
3438 4018 3566 4074 bra-

1981 4110 2188 4175 chium,
2222 4107 2528 4178 similiaque
2569 4106 2902 4177 appellatur;
2953 4108 3000 4164 si
3049 4107 3178 4164 item
3230 4125 3353 4166 sese
3406 4112 3566 4168 nobis

1978 4203 2275 4259 clementer
2324 4199 2628 4270 conjunxit,
2674 4208 2998 4271 nostrasque
3047 4201 3226 4258 induit
3271 4203 3563 4274 primitias,

1978 4295 2308 4366 quibuscum
2345 4306 2466 4349 sese
2487 4290 2834 4347 commiscuit
2866 4310 2881 4348 :
2919 4307 3050 4364 ergo
3073 4296 3237 4350 etiam
3262 4295 3402 4350 idem
3427 4294 3560 4351 Ver-

1977 4385 2107 4440 bum
2143 4393 2334 4440 caetera
2370 4381 2592 4437 nomina
2627 4380 2751 4451 jure
2779 4381 2975 4437 merito
3001 4385 3262 4442 sortitum
3302 4394 3409 4441 est.
3435 4385 3565 4442 llaec

1975 4479 2122 4534 enim
2171 4475 2398 4532 Joannis
2447 4476 2611 4530 verba
2661 4475 2859 4545 quibus
2905 4474 3146 4533 Verbum
3185 4477 3241 4532 in
3290 4479 3566 4551 principio

372 4621 420 4655 ³⁸
441 4619 604 4676 Joan.
635 4635 712 4685 xl,
741 4617 832 4676 25.
909 4619 953 4651 ³⁸
976 4616 1108 4672 Luc.
1143 4633 1180 4682 ι,
1206 4617 1295 4671 55.
1375 4616 1420 4647 ⁸ο
1451 4615 1641 4671 Matth.
1677 4630 1870 4673 xxvm.

2068 4613 2109 4644 “
2139 4609 2300 4666 Num.
2324 4629 2381 4676 ι,
2414 4613 2503 4667 29.

372 4758 485 4827 (21)
527 4754 618 4828 Sic
651 4754 851 4828 Regius
879 4766 936 4828 et
971 4753 1195 4828 Seguer.
1229 4753 1298 4806 At
1331 4752 1420 4807 alii
1453 4761 1508 4828 et
1541 4753 1668 4828 editi
1703 4753 1865 4828 omit-
1891 4757 1944 4818 D
2039 4749 2295 4828 (28)__S_ic
2324 4749 2545 4828 ﬁegius,
2577 4749 2800 4822 Seguer.
2837 4750 3004 4808 Basil.
3040 4763 3095 4810 ct
3125 4752 3335 4826 Anglic.
3363 4752 3435 4811 At
3457 4754 3556 4813 alii

304 4823 420 4884 lunt
447 4823 632 4882 αὐτόν.
662 4823 778 4882 Μὼι
808 4827 1090 4896 Regiusth
1119 4823 1367 4896 Seguer.,
1388 4823 1764 4896 φθεγγόμενοι
1800 4823 1859 4877 οὐ

302 4899 529 4954 νοοῦσιν.
564 4899 626 4968 Ol
654 4899 762 4968 γάρ
787 4939 803 4963 ,
838 4894 942 4952 etc.
973 4895 1078 4949 Alii
1106 4903 1159 4968 e_t
1191 4894 1318 4968 editi
1340 4894 1413 4968 ob
1452 4896 1708 4968 omittunt
1735 4905 1862 4968 ante

303 4968 532 5022 νοοῦσιν.
563 4963 779 5022 ϐοδΙε-ἰκ
821 4977 1000 5032 autem
1027 4975 1082 5020 et
1119 4963 1296 5018 Felck.
1331 4965 1355 5017 l
1401 4964 1601 5017 habent
1639 4964 1862 5025 ibidem,

1969 4820 2097 4878 cum
2123 4820 2305 4891 editis,
2331 4820 2457 4891 ἔφη.

2059 4891 2152 4955 29)
2184 4890 2390 4962 Regius
2417 4890 2730 4962 γενόμενον.
2807 4907 2814 4914 ·

2059 4962 2150 5034 50)
2173 4959 2877 5034 ΒεέηξοςιιειίμΒοείιίεη.
2917 4963 3202 5034 Anglican.
3244 4970 3300 5018 et
3329 4960 3549 5018 Gobler.

303 5043 361 5092 Ut
385 5041 516 5110 γάρ,
551 5047 657 5110 etc.
685 5030 926 5110 Basilket
953 5035 1190 5106 Anglic,
1228 5037 1323 5088 'Ov
1359 5034 1496 5106 γάρ,
1533 5044 1638 5090 etc.
1673 5033 1864 5087 Caeteri

2007 5030 2282 5110 πέ-στελλε.
2313 5030 2420 5110 A_lii
2438 5030 2691 5110 “acditi,
2715 5030 3018 5110 ἀπέστειλεξ

300 5123 350 5164 rt
381 5108 535 5170 editi,
562 5108 635 5160 οὐ
670 5108 798 5177 γάρ,
826 5118 932 5162 etc.

369 5178 480 5246 (22)
521 5177 685 5249 Forte
708 5177 758 5231 οἳ
787 5178 915 5249 γάρ.

368 5243 481 5315 (25)
525 5249 616 5302 Sic
645 5243 934 5318 Regius'et
965 5246 1186 5318 Seguer.
1238 5247 1307 5318 si
1336 5243 1426 5318 alii
1460 5253 1514 5298 ct
1552 5243 1718 5311 editi,
1770 5243 1868 5316 τὴν

301 5314 674 5389 ἁνέκφραστον
697 5314 948 5389 γέννησιν
977 5314 1210 5389 ἐνταῦθα
1247 5314 1520 5389 Ἰωάννης.

367 5361 1631 5474 {agisagis};sanares.acassam.
1673 5384 1867 5447 αὐτάς.

313 5457 661 5531 ἐγψᾳεψιῖή
693 5457 828 5531 ζωὴ,
854 5458 1050 5531 tam.

318 5477 368 5512 τε.
408 5477 454 5512 ω
484 5477 532 5512 ει
584 5477 600 5512 ι
626 5477 661 5530 η
693 5477 828 5531 ςωη,
857 5477 1050 5526 Αεγων.

303 5477 482 5601 *ἶ2ξῆ
508 5477 727 5601 diu”.
763 5529 979 5601 νομίσῃ.
1020 5525 1143 5601 Mos
1165 5525 1400 5601 ‘Seguer.
1439 5524 1626 5596 ὥσπερ
1649 5523 1868 5581 ἄτοπον.

387 5596 478 5668 26)
505 5598 641 5667 Reg.
674 5606 729 5653 et
762 5596 986 5668 segne-1".
1013 5596 1256 5668 νοείσθω.

421 5664 477 5749 7)
504 5664 710 5740 Regius
744 5664 912 5749 codex
941 5676 996 5725 et
1029 5666 1358 5749 Seguerian.
1383 5667 1662 5723 Θεοτόκον.
1696 5664 1862 5734 Editi,

300 5739 581 5808 θιὰτόκου,
600 5739 890 5828 mendose:

2039 5103 2168 5173 (si),
2189 5100 2314 5173 Seg.
2345 5101 2554 5157 Μωσετ.
2585 5089 2691 5157 Alii
2733 5111 2789 5160 et
2819 5103 2970 5171 editi,
3007 5101 3202 5172 Μωσῆ.
3240 5089 3542 5172 scriptura,

1965 5172 2201 5240 Μωῦσῆ.

2041 5241 2154 5310 (52)
2171 5239 2382 5310 Regius
2411 5241 2604 5307 codex,
2625 5242 2850 5312 Seguer.
2874 5249 2945 5312 et
2961 5239 3487 5312 Basiliens._addunt
3514 5241 3540 5295 ό

1969 5308 2194 5382 Maia-ig,
2229 5308 2374 5381 quod
2398 5313 2657 5366 omittunt
2695 5308 2788 5382 alii
2823 5310 3226 5382 editiqueJ‘lox
3259 5308 3461 5382 Regius
3490 5319 3542 5367 et

1971 5379 2688 5454 Scitum-iam,xprjpastgot.
2712 5380 2902 5454 Ceteri
2929 5389 2983 5434 et
3008 5380 3159 5448 editi,
3191 5379 3540 5452 χρηματίζει.

2062 5449 2489 5532 ξξμξᾳεῑεξέίιξίε
2516 5449 3086 5532 eiA‘gignqugu.“
3474 5519 3509 5532 ,Α
3601 5498 3608 5503 .

2063 5518 2150 5590 54)
2183 5519 2501 5588 SieRegius
2531 5529 2603 5590 et,
2628 5518 2866 5590 δέεσθε.
2897 5519 2968 5590 At
2999 5518 3086 5573 alii
3117 5526 3184 5590 et
3219 5519 3346 5590 editi
3378 5519 3542 5590 omit-

1971 5587 2094 5662 tunt
2123 5587 2214 5646 τὸν
2254 5587 2523 5658 Ἰωάννην.
2567 5587 2769 5644 Ibidem
2807 5587 2972 5646 Basil.
3005 5596 3061 5645 et
3098 5588 3310 5661 Anglic.
3348 5588 3450 5662 μὲν
3478 5589 3542 5646 ἰν

1972 5659 2126 5716 εἶναι.
