3944 6222
379 297 486 357 819

979 289 1037 345 S.
1069 282 1439 342 ATHANASII
1469 280 1620 336 OPP.
1656 276 1834 333 PARS
1867 273 1908 328 ι.
1942 301 2010 313 ——
2049 264 2422 326 HISTORICA
2457 261 2545 317 ET
2585 243 3002 315 DOGSIATICA'.

3500 246 3606 303 5‘20

376 413 573 477 fuisse,
616 417 670 466 et
714 405 856 478 apud
895 403 1064 460 Deum
1103 418 1167 458 ac
1205 400 1376 455 Deum
1421 397 1607 461 fuisse,
1658 393 1948 462 omniaque

2075 383 2186 442 ῐναι
2219 384 2310 437 τὸν
2331 382 2521 450 Λόγον,
2556 377 2652 431 καὶ
2692 374 2881 429 τοῦτον
2920 370 3053 442 πρὸς
3077 370 3169 422 τὸν
3198 365 3352 431 Θεδν,
3382 367 3476 418 καὶ
3508 363 3610 416 αύ-

381 521 480 577 per
509 505 687 575 ipsum
713 498 851 555 facta
877 511 1019 562 esse,
1041 494 1288 565 nihilque
1312 492 1430 548 sine
1458 483 1578 560 ipso
1599 503 1720 543 esse
1746 485 1946 541 factum

384 597 590 656 dicitur
613 594 679 663 ⁸⁸,
713 599 897 663 aperte
921 588 1163 659 profecto
1201 584 1494 641 ostendunt
1520 583 1697 650 ipsum
1733 592 1952 649 quoque

384 689 663 746 hominem
694 684 787 738 Dei
814 681 975 737 Verbi
998 695 1137 750 opus
1165 694 1304 734 esse.
1336 678 1523 744 Itaque
1552 673 1598 728 si
1628 687 1774 737 eum,
1806 679 1953 741 post-

386 797 553 853 quam
591 784 880 845 corruptus
907 781 1010 838 est,
1041 773 1097 826 in
1143 785 1201 826 se
1243 767 1503 836 suscepit,
1540 774 1598 818 ut
1628 763 1805 832 ipsum
1836 768 1951 815 sta-

385 872 483 927 bili
511 879 565 926 et
584 869 740 923 ﬁrma
769 864 853 920 sui
883 860 1232 917 renovatione
1257 864 1515 927 perpetuo
1536 861 1954 922 permansurum

390 963 656 1022 reﬁceret,
691 971 854 1027 quam
890 952 1109 1025 quidem
1137 950 1209 1005 0b
1247 963 1469 1004 causam
1500 945 1676 1001 eidem
1721 957 1780 998 se
1818 954 1954 995 con-

385 1051 601 1122 junxit,
633 1056 694 1102 ut
721 1046 873 1100 illum
912 1044 967 1096 in
1013 1051 1215 1096 sortem
1255 1037 1694 1093 conditionemve
1722 1029 1956 1087 divinio-

390 1140 507 1198 rem
550 1139 871 1212 proveheret
908 1154 922 1189 :
963 1133 1057 1204 qui
1104 1132 1221 1187 ﬁeri
1271 1137 1451 1200 potest
1494 1136 1555 1182 ut
1591 1124 1827 1179 Verbum
1860 1135 1956 1190 per

390 1234 665 1290 hominem
691 1229 786 1300 qui
815 1244 882 1283 ex
911 1225 1080 1280 Maria
1109 1230 1424 1292 assumptus
1453 1219 1543 1283 sit,
1576 1217 1803 1271 missum
1835 1226 1959 1267 esse

392 1327 627 1392 dicatur,
658 1324 881 1394 ipseque
908 1318 1276 1389 apostolorum
1310 1312 1570 1367 Dominus
1609 1310 1750 1364 inter
1796 1314 1957 1361 caete-

392 1436 485 1477 ros
524 1418 820 1489 apostolos,
850 1428 1043 1481 nempe
1071 1409 1385 1480 prophetas,
1432 1404 1499 1459 ab
1531 1403 1721 1458 eodem
1760 1399 1960 1453 missos

393 1509 752 1568 numeretur?
799 1507 880 1560 An
926 1520 1056 1560 vero
1113 1516 1283 1570 purus
1340 1499 1503 1552 homo
1553 1493 1725 1564 possit
1778 1489 1961 1544 vocari

393 1602 678 1660 Christus?
724 1599 944 1654 Minime
993 1603 1139 1651 certe
1191 1612 1205 1647 :
1262 1600 1316 1646 at
1369 1589 1549 1644 Verbo
1614 1584 1959 1652 coniunctus,

391 1696 515 1767 jure
545 1692 737 1749 merito
764 1690 1015 1746 Christus
1042 1698 1095 1740 et
1130 1682 1301 1738 Filius
1345 1679 1440 1734 Dei
1472 1685 1652 1748 potest
1680 1673 1960 1745 appellari,

2049 481 2140 534 τὸν
2160 478 2312 544 Θεὸν,
2345 477 2441 528 καὶ
2473 473 2650 525 πάντα
2692 469 2755 521 δι’
2785 463 2971 528 αὑτοῦ,
3005 463 3099 515 καὶ
3124 461 3293 531 χωρὶς
3321 455 3485 511 αὐτοῦ
3514 470 3613 523 γε·-

2050 570 2309 643 γενῆσθαι
2341 566 2450 638 (55)
2483 562 2670 636 μηδὲν,
2694 558 2915 629 πλάσμα
2935 552 3028 607 τοῦ
3054 552 3190 606 Θεοῦ
3212 550 3383 618 Λόγου
3426 546 3614 615 σαφῶς

2054 639 2268 718 καὶτὸν
2301 659 2584 728 ἄνθρωπον
2631 652 2899 707 δείκνυσιν
2950 648 3232 718 ὑπάρχειν.
3277 643 3340 695 Εἰ
3387 639 3568 693 τοίνυν
3596 679 3611 702 ,

2054 753 2240 808 τοῦτον
2264 748 2609 820 σαθρωθέντα
2644 743 2758 815 (56)
2794 744 2874 806 εἰς
2902 739 3088 794 ἑαυτὸν
3112 735 3428 805 λαϐόμενος,
3452 729 3615 785 πάλιν

2054 843 2386 907 ἀνακαινίζει
2411 840 2499 894 διὰ
2521 839 2622 909 τῆς
2646 836 2863 907 βεϐαίας
2898 830 3064 887 αὐτοῦ
3086 827 3432 889 ἀνανεώσεως
3480 823 3617 896 πρὸς

2053 937 2311 1008 διαμονὴν
2339 931 2712 1002 ἀτελεύτητον,
2738 926 2937 982 κα“ι⁶διά
2961 923 3115 979 τοῦτο
3142 920 3356 976 ἑνοῦται
3380 920 3458 981 εἰς
3479 916 3620 970 θειο-

2055 1005 2216 1099 τέραν
2246 1024 2460 1093 ἀνάγων
2505 1021 2614 1092 (57)
2656 1018 2817 1072 αὑτὸν
2845 1014 2997 1084 λῆξιν
3021 1030 3035 1044 ο
3068 1011 3186 1075 πῶς
3211 1005 3322 1063 οἷόν
3348 1025 3407 1060 τε
3438 1005 3620 1074 λέγειν

2056 1098 2144 1174 διά
2173 1118 2266 1172 τοῦ
2298 1121 2363 1170 ὲκ
2395 1114 2615 1184 Μαρίας
2640 1107 2925 1179 ἀνθρώπου
2959 1107 3048 1159 τὸν
3070 1106 3240 1172 Λόγον
3264 1098 3619 1163 ἀπεστάλθαι,

2058 1211 2286 1271 καὶτοῖς
2316 1207 2523 1266 λοιποῖς
2550 1199 2887 1263 ἀποστόλοις,
2918 1196 3061 1264 λέγω
3081 1195 3144 1266 δὴ
3164 1194 3275 1263 (58)
3296 1193 3620 1263 προφήταις,

2058 1302 2408 1360 ἀποσταλεῖσι
2435 1298 2564 1368 παρ’
2594 1293 2756 1349 αὐτοῦ
2778 1290 3004 1361 ,συναριθ
3013 1291 3129 1360 μεῖν
3148 1288 3237 1341 τὸν
3258 1286 3364 1339 τῶν
3386 1283 3624 1338 ἀποστό-

2059 1397 2166 1449 λων
2194 1393 2397 1463 Κύριον
2423 1408 2438 1456 ;
2464 1389 2589 1453 Πῶς
2622 1389 2678 1441 δὲ
2701 1387 2794 1440 καὶ
2824 1383 2933 1455 (59)
2963 1380 3182 1451 κληθείη
3216 1380 3448 1450 Χριστὸς
3470 1375 3627 1447 ψιλὸς

2062 1486 2382 1556 ἄνθρωπος;
2425 1480 2730 1550 Ἠνωμένος
2768 1477 2824 1530 δὲ
2850 1474 2927 1545 τῷ
2952 1474 3129 1542 Λόγῳ,
3164 1470 3389 1533 εἰκότως
3411 1486 3626 1541 χρημα-

2062 1579 2198 1643 τίζοι
2224 1574 2474 1648 Χριστὸς,
2507 1572 2600 1624 καὶ
2625 1570 2751 1633 Υἱὸς
2776 1566 2933 1631 Θεοῦ,
2971 1563 3174 1621 ἀνωθεν
3212 1560 3306 1615 τοῦ
3347 1561 3454 1631 (40)
3488 1575 3624 1631 προ-

2070 1672 2239 1742 φήτου
2271 1665 2455 1735 σαφῶς
2488 1662 2849 1731 ὲκϐοήσαντος
2887 1658 2986 1728 τὴν
3022 1654 3292 1725 πατρικὴν
3330 1652 3630 1705 ὑπόστασιν

394 1745 533 1843 teste
563 1783 823 1854 propheta
862 1779 953 1850 qui
979 1778 1090 1847 jam
1122 1775 1250 1830 olim
1282 1745 1563 1842 paternam
1597 1766 1960 1822 substantiam

2075 1763 2190 1835 περὶ
2211 1757 2397 1823 αὑτοῦ,
2426 1758 2522 1810 καὶ
2554 1754 2796 1816 εἰπόντος
2822 1768 2834 1781 ·
2872 1751 2983 1806 Καὶ
3018 1745 3334 1805 ἀποστελῶ
3364 1745 3469 1799 τὸν
3492 1746 3630 1798 Υἰόν

395 1876 684 1932 manifeste
712 1873 789 1926 illi
823 1869 1088 1931 attribuit,
1122 1880 1246 1921 cum
1288 1864 1383 1930 ait,
1415 1865 1484 1915 Et
1514 1860 1726 1913 mittam
1758 1856 1963 1910 Filium

396 1982 568 2020 meum
599 1964 886 2019 Christum.
930 1954 1087 2027 Apud
1131 1954 1419 2009 Jordanem
1453 1949 1634 2004 audita
1679 1949 1805 2003 item
1852 1947 1966 2000 haec

396 2075 502 2113 vox
531 2067 614 2112 est
636 2097 651 2122 ,
691 2052 794 2107 Hic
823 2060 899 2105 est
930 2048 1109 2103 Fit'ius
1156 2062 1300 2100 meus
1334 2043 1558 2097 dilectus
1582 2040 1648 2095 ⁸⁸.
1682 2037 1964 2108 Siquidem

400 2148 636 2218 impletis
664 2141 951 2214 promissis
972 2183 987 2207 ,
1020 2146 1165 2195 recte
1193 2137 1281 2190 his
1306 2135 1488 2191 verbis
1522 2132 1781 2188 indicavit
1812 2129 1964 2183 illum

398 2254 520 2296 esse
556 2252 713 2310 quem
749 2250 807 2292 se
831 2234 1048 2291 misisse
1077 2231 1304 2287 dixerat.

471 2333 560 2386 54.
604 2330 903 2398 Utrumque
939 2341 1067 2395 ergo
1104 2322 1379 2379 Christum
1417 2331 1542 2375 esse
1571 2313 1966 2386 intelligamus,

401 2425 640 2480 Verbum
670 2422 879 2476 scilicet
902 2418 1170 2483 divinum,
1206 2413 1414 2469 homini
1443 2427 1510 2467 ex
1549 2408 1721 2463 Maria
1750 2421 1968 2461 assum-

401 2528 495 2588 pto
539 2515 596 2569 in
642 2513 815 2568 Maria
856 2511 1229 2580 coniunctum.
1254 2504 1496 2561 Verbum
1540 2502 1686 2557 enim
1720 2499 1824 2555 sibi
1866 2497 1971 2568 ipsi

402 2611 626 2666 domum
675 2607 729 2661 in
775 2604 894 2676 ejus
942 2610 1101 2657 utero
1143 2597 1461 2663 fabricavit,
1508 2591 1968 2664 quemadmodum

402 2701 535 2759 olim
572 2699 840 2755 Adamum
884 2710 948 2750 ex
983 2700 1128 2748 terra
1162 2690 1511 2748 formaverat,
1557 2687 1668 2739 imo
1708 2682 1973 2737 diviniore

403 2803 553 2850 certo
580 2790 762 2854 modo,
790 2801 898 2858 quo
935 2785 1003 2839 de
1048 2783 1327 2844 Salomon,
1371 2776 1466 2848 qui
1508 2774 1743 2830 Verbum
1772 2770 1975 2839 optime

404 2892 633 2941 noverat
657 2879 976 2951 sapientiam
1002 2874 1282 2945 appellari,
1305 2872 1385 2926 sic
1412 2867 1672 2938 loquitur,
1702 2861 1975 2932 Sapientia

407 2975 691 3045 wdiﬁcavit
740 2972 843 3026 sibi
881 2972 1097 3025 domum
1119 2966 1165 2998 ⁸⁸
1195 2983 1209 3019 :
1235 2977 1400 3032 quam
1427 2961 1788 3029 interpretans
1822 2954 1972 3041 Apo-

2059 1874 2178 1928 _uov
2223 1854 2331 1908 τὸν
2383 1851 2637 1921 Χριστόν
2674 1866 2687 1878 ·
2734 1847 2830 1900 καὶ
2876 1848 2933 1900 ὲν
2986 1844 3064 1915 τῷ
3122 1842 3391 1914 Ἰορδάνῃ’
3439 1835 3628 1904 Οὗτός

2063 1952 2234 2004 ἐστιν
2264 1951 2295 2002 ὁ
2326 1948 2457 2010 Υἱός
2483 1963 2600 2014 μου
2631 1947 2663 1998 ὀ
2699 1939 3022 2012 ἀγαπητός.
3090 1934 3479 2004 Ἐκπληρώσας
3518 1931 3627 2004 γὰρ

2064 2040 2162 2111 τὴν
2195 2037 2507 2107 ὑπόσχεσιν,
2546 2033 2768 2094 εἰκότως
2805 2026 3103 2093 ὑπέδειξεν,
3150 2025 3225 2088 ὼς
3265 2015 3628 2089 οὗτός.ὲστιν,

2065 2131 2125 2186 ὃν
2166 2126 2316 2185 εἶπεν
2352 2126 2462 2198 (41)
2487 2123 2824 2179 ἀποστεῖλαι.

2138 2290 2226 2345 54.
2269 2289 2342 2341 Τὸ
2400 2285 2577 2338 τοίνυν
2636 2277 3040 2349 συναμφότερον
3094 2273 3302 2344 νοῶμεν
3352 2269 3586 2344 Χριστὸν
3613 2310 3630 2336 ,

2071 2384 2239 2452 Λόγον
2271 2381 2360 2434 τὸν
2392 2378 2532 2432 θεῖον
2562 2373 2835 2445 ἡνωμένον
2866 2369 2943 2440 τῷ
2973 2371 3036 2422 ὲκ
3074 2366 3291 2439 Μαρίας
3321 2368 3378 2419 ὲν
3407 2367 3472 2436 τῇ
3507 2365 3631 2418 Μα-

2073 2477 2179 2548 ρίᾳ.
2229 2474 2315 2525 Ἐν
2349 2471 2456 2543 γὰρ
2495 2471 2561 2539 τῇ
2605 2465 2807 2534 ταύτης
2851 2460 3002 2533 νηδύϊ
3043 2463 3071 2514 ὁ
3114 2459 3282 2527 Λόγος
3333 2456 3512 2527 ἑαυτῷ
3541 2455 3635 2509 τὸν

2072 2563 2217 2621 οἷκον
2244 2563 2592 2624 διεπλάσατο,
2638 2558 2696 2610 ὃν
2729 2554 2926 2628 τρόπον
2954 2549 3011 2617 ἐξ
3053 2551 3225 2623 ἀρχῆς
3246 2549 3337 2602 τὸν
3374 2549 3542 2619 Ἀδὰμ
3571 2549 3635 2601 ὲκ

2071 2662 2168 2733 τῆς
2197 2660 2300 2729 γῆς
2323 2674 2337 2689 ·
2376 2654 2573 2727 μᾶλλον
2607 2651 2662 2704 δὲ
2692 2649 2994 2718 θειοτέρως,
3027 2646 3154 2715 περὶ
3179 2637 3239 2696 οὗ
3265 2643 3358 2694 καὶ
3387 2638 3636 2711 Σολομὼν

2074 2732 2206 2825 φησι
2224 2750 2458 2823 (42),τδν
2483 2747 2652 2816 Λόγον
2681 2742 2835 2804 εἰδὼς
2857 2740 2950 2794 καὶ
2986 2737 3175 2808 σοφίαν
3200 2732 3636 2807 χρηματίζουσαν

2076 2823 2342 2919 φανερῶς
2359 2844 2426 2898 Ἡ
2446 2840 2635 2910 Σοφία
2657 2835 3040 2904 ᾠκοδόμησεν
3058 2827 3241 2897 ἑαυτῇ
3262 2823 3454 2880 οἷκον*
3471 2824 3529 2878 δν
3545 2824 3639 2877 καὶ

2076 2915 2106 2994 ό
2140 2915 2458 2998 Ἀπόστολος
2483 2928 2798 3003 ἑρμηνεύων
2821 2927 2986 2995 λέγει,
3026 2918 3098 2978 οὗ
3131 2920 3240 2993 (45)
3262 2915 3423 2985 οἶκός
3454 2917 3640 2985 ἐσμεν

407 3008 691 3045 tempsam.
740 3008 843 3026 ...η
881 3008 1097 3025 ...πη-η.
1196 3008 1209 3019 .
1237 3008 1400 3032 ηπ.--
1427 3008 1779 3029 -----_,_-__-_-,
1824 3008 1827 3009 ν
1874 3008 1888 3024 ,

407 3068 583 3127 stolus
607 3067 702 3133 ait,
733 3064 881 3132 cujus
909 3078 1002 3116 nos
1028 3058 1213 3113 domus
1233 3055 1394 3126 510
1425 3067 1605 3107 sumus
1635 3050 1705 3115 ⁸⁸,
1739 3023 1971 3117 alibique

2076 3030 2248 3103 ἡμεῖς
2273 3046 2286 3058 ·
2320 3028 2416 3082 καὶ
2460 3020 2691 3094 ἀλλαχοῦ
2736 3021 2793 3073 δὲ
2830 3018 2978 3072 ret-Str
3004 3011 3416 3087 προσαγορεύει,
3454 3008 3639 3062 καθότι

2170 3125 2181 3133 ·
2317 3122 2350 3133 Α
2395 3119 2420 3133 -
2452 3120 2468 3133 ο
2613 3115 2639 3128 ι·-
2688 3132 2693 3133 ν
2730 3113 2956 3133 --_-_--_-.-_.
3017 3101 3071 3133 ,π
3103 3108 3191 3133 -.-ι
3239 3104 3415 3133 ,ιυιιη-
3449 3103 3547 3133 μὲ...
3576 3102 3639 3133 ι...

414 3160 666 3231 templum
686 3157 733 3188 ⁸⁸
762 3153 996 3224 appellat
1025 3170 1039 3207 :
1084 3159 1356 3221 quatenus
1384 3158 1579 3214 nempe
1602 3141 1714 3197 Deo
1736 3140 1892 3195 decet
1918 3140 1975 3192 in

411 3229 615 3321 templo
653 3246 940 3310 habitare;
993 3242 1151 3311 cujus
1185 3241 1411 3309 ﬁguram
1446 3232 1686 3303 antiquis
1729 3229 1976 3301 patribus

409 3358 507 3415 per
528 3320 880 3395 Salomonem
902 3333 1138 3403 iusserat
1169 3344 1236 3383 cx
1263 3325 1537 3396 lapidibus
1562 3320 1973 3378 aediﬁcandam:

410 3412 557 3486 unde
582 3434 770 3484 exorta
817 3422 1064 3487 veritate,
1101 3419 1272 3491 ﬁgura
1308 3415 1546 3472 evanuit.
1576 3412 1822 3483 Namque
1850 3426 1977 3466 cum

409 3519 599 3594 perﬁdi
624 3515 795 3571 Judaei
833 3513 1060 3582 ﬁguram
1087 3509 1286 3564 vellent
1323 3505 1604 3562 veritatem
1630 3505 1805 3574 ipsam
1833 3516 1976 3567 esse,

411 3590 712 3676 verumque
744 3610 986 3660 evertere
1010 3598 1320 3660 aediﬁcium,
1354 3594 1501 3665 quod
1530 3608 1632 3648 nos
1656 3590 1819 3646 Verbi
1851 3604 1976 3645 cum

412 3712 610 3759 natura
648 3699 885 3752 humana
916 3688 1357 3762 coniunctionem
1382 3701 1504 3742 esse
1550 3683 1777 3739 ﬁdenter
1805 3682 1980 3738 credi—

412 3810 558 3860 mus,
607 3789 745 3847 nihil
779 3787 885 3842 illis
923 3786 1162 3840 minatus
1208 3790 1295 3838 est
1331 3778 1594 3835 Dominus
1639 3794 1654 3833 :
1706 3776 1803 3832 sed
1853 3789 1977 3830 cum

413 3888 582 3959 probe
609 3884 776 3942 sciret
813 3882 1030 3937 illorum
1069 3874 1428 3930 temeritatem
1458 3870 1511 3925 in
1544 3869 1692 3938 ipsos
1716 3866 1977 3933 recidere,

414 3958 532 4035 hac
561 3976 630 4031 ad
656 3989 751 4031 eos
777 3972 950 4028 dixit:
980 3967 1177 4023 Solvite
1208 3962 1455 4035 templum
1481 3962 1597 4025 hoc,
1629 3969 1678 4014 et
1716 3960 1775 4012 in
1813 3958 1978 4013 tribus

414 4070 599 4125 diebus
631 4066 868 4122 excitabo
892 4061 1027 4116 illud
1051 4061 1118 4115 ⁸⁷.
1140 4058 1349 4124 Quibus
1369 4055 1551 4110 verbis
1571 4051 1716 4107 clare
1742 4049 1982 4105 ostendit

420 4157 671 4212 Salvator
698 4160 890 4224 sponte
917 4159 972 4204 et
1006 4163 1076 4203 ex
1115 4162 1175 4203 se
1212 4143 1438 4201 dissolvi
1482 4141 1767 4197 hominum
1791 4154 1978 4210 opera.

417 4247 534 4304 Nisi
571 4246 718 4302 enim
750 4241 1015 4299 Dominus
1051 4235 1395 4294 aediﬁcaverit
1430 4234 1673 4297 domum,
1703 4240 1760 4286 et
1797 4238 1982 4285 custo-

418 4339 583 4396 dierit
612 4337 905 4400 civitatem,
933 4330 1134 4386 frustra
1168 4329 1418 4383 laborant
1448 4324 1797 4386 aediﬁcantes,
1827 4330 1881 4377 et
1903 4321 1978 4373 vi-

418 4431 594 4504 gilant
632 4426 1001 4484 custodientes
1035 4421 1103 4476 ⁸⁸.
1134 4419 1320 4489 Itaque
1359 4431 1482 4488 quae
1519 4415 1738 4486 quidem
1768 4411 1983 4468 Judreo-
2016 4435 2058 4489 ο

417 4537 543 4580 rum
566 4527 739 4585 erant,
769 4517 985 4588 penitus
1012 4523 1140 4569 sunt
1167 4509 1449 4573 dissoluta,
1474 4507 1673 4577 quippe
1696 4519 1818 4560 cum
1848 4520 1985 4559 non-

420 4614 529 4672 nisi
561 4611 755 4669 umbra
787 4617 1008 4665 essent:
1041 4606 1251 4659 ﬁrmata
1281 4609 1462 4656 autem
1491 4607 1575 4654 est
1601 4595 1862 4662 Ecolesia,
1899 4604 1986 4650 ut-

420 4715 547 4779 pote
577 4718 700 4775 quae
739 4701 795 4756 in
823 4708 976 4772 petra
1010 4696 1233 4752 fundata
1265 4686 1379 4759 est';
1405 4703 1582 4760 neque
1615 4697 1800 4758 portae
1825 4686 1986 4742 inferi

496 4818 541 4852 ⁸³
573 4817 730 4873 Joan.
761 4831 799 4880 ι,
826 4814 939 4868 1-5.
1014 4809 1061 4843 ⁸³
1088 4808 1277 4865 Matth.
1312 4823 1397 4875 ιιι,
1428 4806 1517 4860 17.
1594 4802 1643 4836 ⁸⁸
1670 4802 1835 4858 Prov.
1861 4819 1941 4871 ix,
1982 4803 2032 4857 Ι.

420 4911 472 4946 ⁸⁸
490 4908 638 4966 Psal.
670 4919 853 4971 cxxvt,
882 4901 936 4959 1.

497 5022 617 5104 (δδὶ
649 5019 882 5104 ιξεείιιε
891 5010 1412 5104 mesen-Rati;
1422 5008 1666 5104 925501;.
1687 5014 1741 5104 ξι
1769 5004 1986 5061 “1"”-

425 5076 771 5215 γεγξνῆσθαῖ.
804 5076 1014 5160 ,εἱειωῆ
1049 5098 1175 5140 cum
1215 5081 1449 5137 editione
1482 5076 1741 5134 commel.
1797 5091 1988 5144 γεγεν-

427 5180 530 5215 νησ
563 5179 642 5215 αι.

604 5179 642 5215 ι.

427 5179 723 5301 νηἷὲἕῖἰιθ
752 5226 973 5301 Regius,
1006 5223 1227 5301 §eguer.
1255 5219 1418 5275 Basil.
1447 5226 1502 5273 et
1536 5215 1745 5295 Anglic.
1772 5212 1987 5301 lunaliis

428 5310 487 5359 et
505 5284 675 5357 ‘edi'tis
688 5299 790 5361 ,καί
814 5284 985 5354 (Ῡθεεί.
1014 5284 1138 5349 Μόἰ
1164 5308 1295 5361 mss.
1322 5304 1540 5361 omnes,
1553 5284 1742 5339 τοῦτον
1772 5284 1984 5356 σαθρωι

432 5358 611 5427 θέντα.
644 5358 804 5433 Editi,
836 5367 991 5421 τοῦτο
1017 5360 1366 5437 σαρκωθέντα
1387 5358 1662 5414 mendose.

525 5440 615 5509 57)
648 5439 925 5509 Anglican,
952 5435 1160 5505 ἀνάγοι.

529 5505 620 5581 ξε)
642 5505 848 5581 angue.
870 5505 949 5581 δέ.

438 5561 621 5702 καῖόῆ
650 5561 756 5631 Sic”
767 5561 969 5645 Regius
993 5582 1048 5630 et
1071 5572 1295 5642 Seguer.
1337 5566 1395 5625 In
1421 5570 1543 5626 aliis
1575 5576 1630 5625 et
1655 5562 1813 5623 editis
1841 5561 1992 5619 deest

509 5686 621 5790 (λθ)
655 5716 760 5771 Τοῦ
788 5716 941 5773 abest
960 5730 990 5769 a
1021 5714 1152 5783 Rrg.
1179 5722 1232 5769 et
1260 5708 1484 5775 Seguer.

2003 3093 2045 3151 C
2079 3125 2286 3195 πρέπον
2313 3119 2430 3191 Θεῷ
2452 3120 2508 3172 ὲν
2536 3115 2649 3186 ναῷ
2685 3113 2977 3176 κατοικεῖν,
3013 3101 3074 3163 οὗ
3103 3108 3197 3160 καὶ
3237 3104 3418 3159 εἰκόνα
3449 3103 3547 3174 τὴν
3575 3102 3641 3155 ἐκ

2075 3218 2237 3271 λίθων
2281 3217 2392 3278 τοῖς
2427 3211 2674 3272 παλαιοῖς
2722 3203 2925 3270 κτίζειν
2977 3202 3063 3269 διά
3096 3197 3435 3269 Σολομῶντος
3469 3209 3639 3266 προσ-

2076 3308 2263 3376 ἔταξεν
2294 3305 2403 3375 (44)
2424 3322 2438 3336 ·
2469 3302 2590 3356 ὅθεν
2613 3300 2712 3370 τῆς
2732 3294 2984 3368 ἀληθείας
3009 3290 3287 3361 φανείσης,
3322 3283 3640 3354 πέπαυταιὴ

2076 3375 2258 3454 εἰκών.
2293 3393 2606 3464 Βουληθεῖσι
2633 3390 2741 3461 γὰρ
2768 3390 2881 3450 τοῖς
2907 3384 3184 3453 ἀγνώμοσι
3214 3380 3313 3451 τὴν
3334 3378 3517 3431 εἰκόνα
3538 3375 3643 3429 δεῖ·

2079 3490 2164 3555 ξαι
2193 3486 2469 3557 ἀλήθειαν,
2508 3481 2602 3554 τὴν
2630 3480 2687 3533 δὲ
2726 3475 2900 3547 ἀληθῆ
2931 3472 3163 3543 οἴκησιν,
3211 3471 3277 3540 ἢν
3317 3468 3412 3521 καί
3453 3466 3644 3518 ἕνωσιν

2079 3578 2264 3650 σαφῶς
2296 3574 2656 3644 πιστεύομεν,
2691 3565 2938 3622 καθελεῖν
2963 3602 2978 3628 ,
3027 3563 3126 3616 οὐκ
3170 3558 3492 3630 ἠπείλησεν·
3529 3553 3641 3608 ἀλλ’

2078 3647 2265 3737 εἰδῶς,
2310 3670 2386 3733 ὡς
2427 3665 2581 3721 αὐτοὶ
2627 3661 2745 3716 καθ’
2783 3655 2991 3713 ἑαυτῶν
3035 3652 3306 3724 τολμῶσι,
3354 3648 3516 3719 φησὶν
3549 3647 3646 3699 αύ-

2077 3769 2191 3830 τοῖς
2219 3762 2329 3836 (45)
2351 3779 2366 3792 ·
2390 3760 2628 3815 Λύσατε
2653 3753 2760 3807 τὸν
2784 3748 2933 3805 ναὸν
2962 3745 3196 3810 τοῦτον,
3230 3740 3328 3795 καὶ
3351 3741 3419 3794 ὲν
3446 3739 3646 3807 τρισὶν

2077 3829 2322 3927 ἡμέραις
2367 3847 2547 3921 ἐγερῶ
2586 3846 2773 3900 αὐτόν
2802 3859 2816 3874 α
2865 3836 3051 3908 σαφῶς
3077 3833 3288 3895 δεικνὺς
3315 3832 3344 3882 ὁ
3382 3829 3646 3901 ἡμέτερος

2080 3919 2503 4018 {magna
2538 3935 2674 4006 πρὸς
2717 3929 3018 4004 ἀνθρώπων
3063 3920 3467 3993 σπουδαζόμενα
3494 3928 3524 3983 ,'
3551 3919 3648 3972 αύ-

2078 4013 2379 4105 τόθενέχει
2403 4033 2511 4103 τὴν
2540 4028 2799 4083 διάλυσιν.
2851 4021 2975 4075 Ἐὰν
3019 4018 3126 4089 γάρ
3155 4015 3228 4087 μὴ
3266 4013 3468 4084 Κύριος
3499 4013 3645 4064 οἰκο-

2081 4100 2478 4203 δομήσῃ-οἷκον,
2510 4123 2604 4175 καὶ
2641 4115 2852 4189 φυλάξῃ
2887 4112 3061 4173 πόλιν,
3101 4110 3181 4171 εἰς
3213 4105 3389 4177 μάτην
3420 4100 3646 4154 ἐκοπία-

2086 4194 2184 4278 σαν
2207 4194 2717 4287 δί’-οἰκοδομοῦντες,
2747 4209 2842 4262 καὶ
2878 4201 3232 4276 ἠγρύπνησαν
3269 4198 3316 4251 οἰ
3347 4194 3647 4264 φυλάσσον-

2083 4335 2192 4381 τες.
2223 4313 2304 4368 Τά
2325 4283 2502 4365 τοίνυν
2533 4307 2642 4359 τῶν
2665 4301 2775 4373 (46)
2820 4295 3083 4351 Ἰουδαίων
3116 4291 3356 4344 λέλυται·
3394 4285 3520 4340 σκιά
3541 4283 3649 4354 γὰρ

2084 4375 2181 4481 ἧνί
2221 4405 2291 4459 τά
2320 4403 2377 4456 δὲ
2420 4400 2520 4468 τῆς
2566 4389 2890 4462 Ἐκκλησίας
2930 4386 3193 4457 ἦδρασται
3216 4397 3230 4411 ⁸
3266 4375 3649 4449 τεθεμελίωται

2089 4468 2199 4572 γὰρ
2232 4499 2323 4551 επὶ
2351 4494 2447 4564 τὴν
2472 4490 2697 4561 πέτραν,
2728 4482 2822 4537 καὶ
2855 4478 3018 4533 πύλαι
3044 4475 3170 4548 ᾅδου
3198 4473 3258 4527 ού
3290 4468 3648 4538 κατισχύσου-

2093 4560 2183 4648 σιν
2198 4587 2383 4657 αὐτῆς.
2405 4560 2678 4635 *Ἐκείνων
2710 4570 2780 4646 ἦν
2812 4573 2873 4625 τὸ
2902 4570 3101 4638 λέγειν,
3134 4563 3266 4629 Πῶς
3296 4561 3402 4625 σὺ,
3427 4560 3649 4627 ἅνθρω-

2091 4701 2205 4750 πος
2229 4648 2334 4742 ὢν,
2366 4672 2554 4737 ποιεῖς
2592 4664 2853 4724 σεαυτὸν
2882 4661 3029 4717 Θεόν
3053 4676 3072 4723 ;
3103 4655 3306 4710 τούτων
3347 4650 3593 4724 μαθητὴς
3621 4648 3651 4703 ὁ

2107 4799 2153 4831 ⁸⁸
2180 4794 2343 4850 Hebr.
2371 4805 2454 4851 ιιι,
2481 4786 2536 4840 6.
2617 4784 2663 4815 ⁸⁸
2698 4780 2874 4835 lCor.
2906 4772 3112 4843 11516.
3191 4770 3232 4802 ⁸⁷
3267 4767 3425 4825 Joan.
3469 4783 3537 4833 ιι,
3563 4764 3649 4823 l9.

2189 4998 2278 5063 4i)
2315 4991 2515 5063 Regius
2531 4994 2599 5063 _et
2627 4983 2849 5063 Seguer.
2883 4969 3135 5063 ὂνῇεῖπρν.

2313 5039 2635 5136 itaita-gius,
2680 5039 3103 5136 ξίιειιιεετειξιιεξιζ
3114 5040 3529 5136 3L
3547 5039 3648 5136 Alii

2093 5109 2654 5221 aui25{.;c§ui}‘aitig,
2685 5109 2810 5192 εφῆ.
2851 5115 2989 5171 una.
3024 5109 3536 5183 Anglicanfomittit
3563 5109 3651 5164 καί

2092 5203 2468 5346 Ροῗὶῦῗῐῗᾷἒξῖἰ.
2508 5273 2562 5320 et
2586 5228 2866 5346 anglican.
2895 5257 2973 5319 ὅς.
3012 5253 3181 5310 Paulo
3210 5261 3333 5323 post
3362 5251 3504 5307 idem
3544 5248 3655 5307 Atr-

2091 5335 2214 5420 ειῖὲε
2233 5335 2488 5420 ﬁt“???
2521 5335 2746 5420 πρέιέφνξ

2303 5396 2503 5485 [tegitis
2533 5396 2835 5485 etSeguer.
2867 5396 3250 5485 προσέταττεν.

2185 5418 2276 5485 ut)
2303 5418 2503 5482 Regius
2533 5418 2587 5462 et
2614 5418 2835 5470 beguer.
2867 5418 3250 5471 προσεταττεν.

2162 5418 2442 5574 (451mg.
2485 5486 2540 5532 et
2584 5473 2810 5544 Seguer.
2847 5469 3008 5538 φησὶν
3039 5464 3239 5526 αὐτοῖς.
3276 5459 3381 5515 Alii
3413 5468 3468 5514 et
3502 5456 3651 5525 editi,

2095 5557 2200 5628 ἔφη
2229 5557 2431 5615 αὐτοῖς.
3165 5601 3196 5614 η
3427 5599 3438 5609 _
3469 5597 3482 5608 .
3588 5594 3614 5610 η

2099 5626 2282 5753 (leg?)
2319 5623 2411 5678 Sic
2442 5618 2642 5690 Regius
2671 5621 2725 5669 et
2766 5610 2989 5681 Seguer.
3020 5603 3079 5660 In
3111 5603 3231 5659 alus
3274 5607 3330 5657 et
3355 5596 3519 5655 editis
3549 5608 3655 5654 των

2136 5705 2268 5752 €851.
