3944 6222
303 377 398 432 εει

1417 376 1673 432 ORATIO
1713 370 1778 430 IV
1819 372 2095 431 CONTRA
2129 369 2447 428 ARIANOS.

3417 367 3520 428 523

303 499 659 569 Σαμοσατεὺς
697 499 963 570 ὑπάρχειο
1012 497 1132 551 ὅθεν
1177 497 1396 561 εἰκότως
1442 498 1509 551 τὰ
1537 498 1664 569 παρ’
1699 497 1852 550 αὑτοῐ

1967 495 2230 550 adversus
2263 508 2382 548 eam
2416 491 2786 561 pravalebunt
2818 491 2881 546 δ’.
2912 491 3126 547 illorum
3160 501 3274 548 erat
3303 494 3512 550 dicere:

1018 589 1152 611 'A‘t“
1180 590 1335 611 .1---9-
1379 589 1427 611 -.θ

295 680 462 750 θομεν
483 680 575 732 τὸν
602 675 852 750 Χριστὸν,
884 681 997 748 εἴγε
1029 679 1188 733 αὑτὸν
1229 679 1556 749 ἠκούσαμεν,
1597 679 1688 730 καὶ
1728 678 1853 750 παρ’

295 771 459 825 αὐτοῦ
491 772 866 842 ἐδιδάχθημεν,
902 766 1226 843 ἀποθέμενοι
1264 771 1354 824 τὸν
1385 771 1611 824 παλαιὸν
1651 770 1856 841 ἀνθρω-

294 879 393 915 πον
431 863 524 915 τὸν
560 855 910 934 φθειρόμενον
951 864 1092 916 κατὰ
1130 863 1227 926 τὰς
1255 862 1543 933 ἐπιθυμίας
1572 862 1672 930 τῆς
1718 860 1858 914 ἀπά-

292 962 410 1025 της,
428 951 785 1016 ἀναλαϐόντες
811 953 866 1006 δὲ
887 952 976 1006 τὸν
997 953 1113 1007 νέον
1133 955 1223 1007 τὸν
1250 953 1392 1007 κατὰ
1418 954 1547 1006 Θεδν
1574 951 1858 1007 κτισθέντα

290 1043 348 1095 ἐν
379 1043 690 1114 δικαιοσύνῃ
734 1047 826 1098 καὶ
863 1045 1098 1114 ὁσιότητι
1130 1045 1226 1115 τῆς
1261 1043 1518 1115 ἀληθείας
1548 1044 1684 1114 (47).
1719 1045 1854 1113 Χρι-

292 1133 417 1197 στὸς
443 1135 728 1206 τοιγαροῦν
767 1135 825 1188 τὺ
857 1135 1257 1208 συναμφότερον
1282 1135 1519 1200 εὐσεϐῶς
1543 1134 1786 1189 νοείσθω.

1965 587 2162 651 Quare,
2184 586 2335 638 homo
2354 593 2408 637 tu
2436 599 2553 637 cum
2577 585 2670 649 sis,
2710 583 2839 653 facis
2874 585 3091 654 teipsum
3123 585 3284 639 Deum
3301 586 3384 638 ὀἳ
3417 587 3518 640 ho-

1961 693 2080 732 rum
2112 677 2411 747 discipulus
2445 686 2529 732 est
2563 676 2982 740 Samosatensis,
3021 678 3161 731 unde
3192 694 3296 732 non
3333 679 3520 732 immeo

1958 769 2063 824 rito
2087 784 2185 824 sua
2215 784 2344 824 suos
2383 769 2572 823 docet:
2605 783 2704 823 nos
2737 780 2914 822 autem
2944 783 3051 822 non
3083 769 3183 824 ista
3210 770 3276 824 de
3302 768 3519 826 Christo

1957 861 2266 928 didicimus,
2293 860 2338 914 si
2368 870 2546 916 tamen
2572 875 2695 915 eum
2730 860 3039 916 audivimus
3072 870 3125 915 et
3157 861 3368 930 ah‘ipso
3394 861 3521 916 edo-

1957 949 2030 1006 cti
2061 966 2272 1014 sumus,
2311 963 2370 1007 ut
2403 960 2581 1008 vetere
2621 951 2858 1015 homine,
2899 953 2989 1022 qui
3025 953 3392 1022 corrumpitur
3433 966 3521 1006 se-

1957 1043 2193 1097 cundum
2234 1044 2502 1099 desideria
2540 1044 2762 1108 erroris,
2792 1043 3056 1113 deposito,
3105 1044 3394 1098 induamus
3426 1058 3523 1096 nov

1963 1151 2088 1190 vum
2123 1136 2420 1200 hominem,
2458 1137 2549 1206 qui
2584 1136 2880 1191 secundum
2911 1135 3081 1191 Deum
3115 1144 3328 1190 creatus
3355 1143 3436 1190 est
3465 1134 3520 1187 in

285 1227 500 1297 justitia
550 1237 604 1281 et
654 1227 943 1282 sanctitate
995 1228 1236 1282 veritatis
1279 1228 1346 1282 ".
1394 1227 1643 1283 Christus
1693 1227 1853 1298 igitur
1891 1234 2184 1297 utrumque
2212 1243 2331 1282 esse
2357 1228 2443 1297 pie
2472 1229 2820 1298 intelligatur.

355 1337 448 1392 55.
489 1338 553 1390 Εἰ
588 1337 644 1390 δὲ
674 1337 853 1389 καὶτὸ
881 1335 1038 1408 σῶμα
1081 1337 1234 1390 καλεῖ
1273 1337 1538 1408 πολλαχοῦ
1586 1339 1619 1408 ἡ
1663 1338 1854 1408 Γραφὴ

287 1428 564 1499 Χριστὸν,
615 1427 690 1490 ὡς
721 1428 848 1480 ὅταν
901 1426 1032 1501 λέγῃ
1073 1430 1100 1481 ὁ
1136 1428 1400 1499 μακάριος
1460 1428 1662 1500 Πέτρος
1722 1427 1856 1498 πρὸς

287 1518 587 1589 Κορνήλιον
620 1514 731 1587 (48)
756 1555 770 1579 ,
811 1515 1074 1570 διδάσκων
1114 1516 1350 1582 Ἰησοῦν
1383 1515 1489 1569 τὸν
1517 1516 1634 1569 ἀπὸ
1670 1514 1851 1575 Ναζα-

233 1679 235 1683 ι
285 1609 407 1678 ρὲτ,
439 1609 514 1662 δν
549 1608 792 1677 ἔχρισεν
833 1611 865 1661 ὀ
903 1607 1045 1674 Θεὸς
1076 1610 1371 1677 Πνεύματι
1416 1608 1587 1676 ἁγίῳ·
1627 1608 1720 1660 καὶ
1745 1607 1850 1660 πά-

287 1702 369 1754 λιν
400 1700 540 1772 πρὸς
602 1700 882 1763 Ἰουδαίους
910 1741 925 1764 ,
979 1701 1210 1768 Ἰησοῦν
1260 1701 1365 1754 τὸν
1410 1699 1528 1754 ἀπὸ
1557 1699 1813 1767 Ναζαρὲτ
1835 1741 1848 1764 ,

287 1791 476 1860 ἄνδρα
513 1792 631 1847 ἀπὸ
672 1793 777 1846 τοῦ
818 1792 964 1846 Θεοῦ
1000 1790 1499 1863 ἀποδεδειγμένον
1542 1793 1628 1859 εἰς
1656 1793 1810 1862 ὑμᾶς
1835 1810 1847 1822 ⁸

288 1883 380 1935 καὶ
413 1881 575 1936 πάλιν
604 1883 634 1936 ὁ
663 1882 925 1954 μακάριος
953 1882 1064 1951 (49)
1090 1883 1297 1946 Παῦλος
1341 1882 1476 1954 πρὸς
1521 1882 1850 1953 Ἀθηναίους,

2031 1336 2122 1391 55.
2165 1335 2429 1391 Caeterum
2461 1338 2506 1393 si
2538 1353 2680 1408 saepe
2722 1337 3003 1408 Scriptura
3033 1337 3307 1393 Christum
3341 1338 3522 1408 appel-

1960 1428 2035 1482 let
2071 1429 2244 1498 ipsius
2270 1443 2492 1498 corpus,
2553 1439 2614 1484 ut
2651 1446 2772 1485 cum
2803 1430 2992 1486 beatus
3017 1429 3203 1484 Petrus
3234 1430 3299 1484 ad
3321 1429 3522 1484 Corne—

1956 1522 2088 1576 lium
2117 1522 2212 1586 ait,
2245 1519 2425 1576 Iesum
2451 1539 2482 1574 a
2515 1520 2782 1574 Nazareth
2805 1537 2954 1590 quem
2984 1521 3133 1574 unxit
3175 1521 3308 1574 Deus
3351 1519 3524 1590 Spiri-

1961 1621 2016 1667 tu
2045 1623 2222 1667 sancto
2247 1613 2292 1644 ⁵³
2328 1632 2343 1680 ;
2376 1622 2428 1668 ει
2461 1613 2526 1666 ad
2556 1611 2789 1677 Iudaeos,
2821 1614 3002 1667 Jesum
3037 1612 3376 1666 Nazarenam
3399 1653 3412 1677 ,
3445 1613 3523 1664 ui-

1958 1717 2074 1758 rum
2099 1705 2443 1774 approbatum
2471 1722 2502 1757 a
2529 1703 2636 1758 Deo
2667 1706 2719 1758 in
2750 1705 2890 1758 vobis
2915 1705 2994 1772 "3
3017 1705 3204 1758 beatus
3230 1705 3354 1758 item
3381 1703 3523 1758 Pau-

1959 1793 2043 1846 lus
2095 1793 2208 1846 hzec
2250 1793 2314 1847 ad
2361 1793 2716 1848 Athenienses
2765 1794 3023 1863 loquitur,
3079 1792 3143 1846 In
3188 1794 3318 1858 viro,
3371 1808 3522 1861 quem

1959 1885 2284 1949 destinarat,
2318 1884 2421 1953 ﬁde
2466 1885 2704 1938 omnibus
2758 1885 3054 1952 impertita,
3105 1901 3163 1936 eo
3231 1901 3262 1936 a
3302 1884 3521 1937 mortuis

300 1970 393 2026 Ἐν
417 1973 611 2043 ἀνδρὶ,
694 1951 888 2041 ὥρισε,
908 1975 1113 2026 πίστιν
1135 1951 1462 2042 παρασχὼν
1486 1951 1691 2036 πᾶσιλο,
1713 1973 1852 2026 ἀνα-

1966 1975 2184 2031 excitato
2203 1976 2252 2008 “
2278 1993 2290 2027 :
2325 1975 2396 2030 ita
2422 1991 2561 2045 saepe
2586 1991 2803 2046 quoque
2832 1977 3197 2031 ostensiouem
3225 1985 3278 2028 et
3306 1976 3525 2031 missio-

289 2067 528 2133 στήσας
583 2067 768 2122 αὑτὸν
816 2066 884 2119 ἐκ
932 2064 1191 2134 νεκρῶν·
1241 2065 1435 2118 ταύτὸν
1465 2065 1522 2118 δὲ
1569 2068 1635 2136 τῇ
1684 2066 1857 2136 χρίσει

289 2159 587 2230 πολλαχόσε
609 2158 706 2230 τὴν
731 2158 995 2224 ἀνάδειξιν
1032 2159 1127 2212 καὶ
1157 2159 1256 2227 τὴν
1289 2157 1589 2229 ἀποστολὴν
1622 2157 1732 2228 (50)
1766 2158 1856 2210 εὐ-

291 2251 568 2322 ρίσκομεν·
604 2252 662 2318 ἐξ
689 2244 762 2304 ὧν
792 2250 1079 2322 μανθάνειν
1113 2249 1288 2316 εξεστι
1313 2249 1391 2321 τῷ
1424 2249 1749 2320 βουλομένῳ,
1784 2250 1859 2313 ὡς

286 2342 344 2395 ού
388 2341 660 2409 διαφωνία
711 2358 794 2404 τις
824 2343 884 2394 ὲν
930 2337 1053 2403 τοῖς
1085 2339 1291 2412 ῥήμασι
1337 2339 1445 2393 τῶν
1481 2340 1648 2408 ἁγίων
1673 2379 1686 2403 ,
1722 2339 1857 2392 ἀλλά

287 2433 556 2506 διαφόρως
598 2433 695 2505 τὴν
748 2433 884 2505 πρὸς
930 2433 1020 2486 τὸν
1067 2434 1130 2485 ὲκ
1162 2430 1376 2502 Μαρίας
1427 2431 1708 2504 ἄνθρωπον
1763 2432 1854 2484 τοῦ

289 2524 418 2578 Θεοῦ
450 2525 566 2596 (51)
603 2524 774 2592 Λόγου
804 2524 996 2578 ἕνωσιν
1025 2523 1324 2593 γενομένην
1356 2524 1696 2594 ὀνομάζουσι·
1727 2524 1856 2576 ποτὲ

292 2616 387 2686 μὲν
413 2616 616 2688 χρίσιν,
657 2616 785 2670 ποτὲ
823 2617 880 2670 δὲ
920 2617 1240 2686 ἀποστολὴν,
1274 2615 1459 2671 ἄλλοτε
1492 2615 1548 2669 δὲ
1577 2615 1689 2687 (52)
1729 2616 1857 2670 ἀνά-

289 2707 469 2773 δειξιν.
506 2709 582 2762 Τὸ
622 2708 801 2762 τοίνυν
844 2708 1131 2779 λεγόμενον
1164 2708 1268 2762 ὑπὸ
1303 2708 1396 2762 τοῦ
1445 2709 1712 2779 μακαρίου
1755 2709 1858 2761 Πὲ-

287 2818 410 2873 τρου
440 2801 598 2872 ὀρθὸν
631 2802 764 2870 (55),
813 2802 907 2855 καί¹
947 2801 1210 2872 εἰλικρινῆ
1236 2801 1332 2872 τὴν
1363 2801 1588 2873 θεότητα
1618 2801 1710 2853 τοῦ
1742 2802 1855 2855 Mo-

288 2895 538 2961 νογενοῦς
584 2893 880 2966 κηρύσσει,
923 2895 984 2948 οὐ
1026 2894 1134 2965 τὴν.
1171 2894 1463 2953 ὑπὰστασιν
1503 2894 1730 2964 χωρίζον
1761 2893 1854 2946 τοῦ

289 2983 420 3038 Θεοῦ
455 2985 631 3053 Λόγου
665 2969 772 3038 ἀπὸ
797 2984 892 3037 τοῦ
930 2986 994 3037 ἐκ
1027 2985 1243 3055 Μαρίας
1287 2983 1569 3056 ἀνθρώπου
1595 3001 1613 3017 ⁶
1656 2985 1729 3056 μὴ
1766 2985 1856 3053 γέ-

196 3140 202 3146 ,
267 3078 459 3129 ’νοιτοί
492 3076 616 3139 Πῶς
649 3077 756 3148 γάρ
787 3079 815 3130 ό
843 3075 1078 3139 ἀκούσας
1108 3072 1385 3145 πολλαχῶς
1415 3076 1474 3128 τὸ
1499 3118 1512 3142 ,
1569 3075 1714 3145 Ἐγὼ
1757 3077 1854 3129 καὶ

289 3169 319 3219 ὁ
346 3167 552 3236 Πατὴρ
583 3167 654 3220 ἐν
679 3167 885 3237 ἐσμεν,
926 3168 1038 3230 καὶ,
1079 3169 1140 3220 ὐ
1183 3167 1454 3234 ἑωρακὼς
1477 3167 1600 3235 ἐμὲ,
1637 3166 1856 3234 ἑώρακε

1959 2080 2080 2122 nem
2105 2069 2245 2123 idem
2277 2083 2396 2123 esse
2422 2084 2486 2122 ac
2517 2070 2826 2123 unctionem
2862 2069 3181 2138 reperimus.
3221 2065 3299 2121 Ex
3323 2068 3522 2137 quibus

1959 2158 2131 2213 cuivis
2158 2159 2282 2213 licet
2320 2159 2529 2214 discere
2567 2160 2703 2214 nihil
2735 2161 2791 2214 in
2833 2160 3014 2214 verbis
3053 2167 3364 2214 sanctorum
3401 2172 3523 2214 esse

1957 2249 2238 2303 dissonum
2266 2265 2278 2301 :
2307 2250 2398 2304 sed
2429 2251 2590 2327 variis
2615 2259 2822 2305 tantum
2849 2251 3164 2305 nominibus
3188 2251 3525 2320 conjunctio-

1959 2355 2080 2396 nem
2118 2340 2213 2395 Dei
2245 2341 2408 2396 Verbi
2442 2357 2566 2397 cum
2597 2342 2818 2396 homine
2846 2357 2913 2397 ex
2941 2341 3109 2396 Maria
3139 2351 3421 2412 assumpto
3452 2343 3525 2396 il-

1957 2434 2040 2488 los
2065 2432 2370 2504 designare,
2397 2437 2516 2488 cum
2551 2449 2670 2488 eam
2694 2435 2856 2489 modo
2889 2435 3201 2489 unctionem
3230 2435 3522 2504 appellant.

1956 2521 2117 2576 modo
2164 2523 2502 2591 missionem,
2539 2525 2700 2578 modo
2740 2524 3125 2578 ostensionem.
3170 2523 3397 2578 Rectum
3441 2533 3527 2577 est

1957 2616 2122 2686 igitur
2147 2616 2291 2687 quod
2332 2616 2408 2670 ait
2435 2616 2626 2672 beatus
2661 2614 2872 2679 Petrus,
2905 2616 2995 2684 qui
3041 2631 3221 2670 veram
3250 2615 3523 2686 Unigeniti

1956 2707 2212 2778 praedicat
2253 2707 2586 2763 divinitatem
2619 2747 2634 2772 ,
2689 2722 2788 2762 nec
2836 2706 2931 2761 Dei
2990 2705 3152 2761 Verbi
3189 2707 3522 2778 hypostasim

1955 2799 2214 2870 disjungit
2269 2800 2338 2854 ab
2376 2799 2596 2854 homine
2647 2813 2712 2852 ex
2762 2798 2930 2852 Maria
2981 2809 3265 2868 assumpto
3309 2815 3322 2851 :
3377 2799 3521 2868 qliod

1956 2892 2178 2946 omnino
2201 2891 2370 2946 absit!
2395 2889 2498 2957 Qui
2521 2891 2664 2946 enim
2694 2891 2746 2946 id
2773 2892 2860 2946 ille
2887 2892 3127 2955 auderet,
3155 2891 3244 2961 qui
3273 2889 3526 2960 frequen-

1957 2991 2038 3038 ter
2077 2983 2266 3047 audiit,
2309 2983 2420 3054 Ego
2466 2993 2515 3037 et
2572 2981 2735 3038 Pater
2768 3000 2932 3037 unum
2983 3001 3165 3038 sumus
3188 2985 3257 3051 ⁸⁸,
3300 2991 3374 3050 ει,
3419 2983 3525 3050 Qui

1955 3077 2084 3132 uidit
2118 3094 2218 3141 me,
2248 3077 2376 3131 vidit
2420 3076 2725 3131 Patrem“?
2750 3075 2888 3131 Hinc
2923 3079 3085 3131 etiam
3124 3087 3245 3146 post
3283 3092 3528 3130 resurre-

1956 3170 2190 3223 ctionem
2216 3169 2358 3224 idem
2389 3183 2606 3236 corpus,
2651 3167 2834 3237 januis
2860 3169 3082 3232 clausis,
3114 3169 3179 3222 ad
3212 3168 3524 3222 universum

288 3257 392 3310 τὸν
434 3258 670 3327 Πατέρα
707 3275 725 3320 ;
759 3261 835 3312 Δι’
883 3254 943 3312 οὗ
996 3259 1090 3312 καὶ
1137 3258 1274 3329 μετά
1316 3258 1411 3329 τὴν
1449 3259 1764 3321 ἀνάστασιν,
1793 3259 1852 3310 τὸ

1966 3262 2326 3331 apostolorum
2375 3271 2575 3317 caelum
2627 3263 2934 3331 ingressum
2977 3270 3097 3325 est;
3141 3260 3283 3329 quod
3321 3276 3388 3315 ne
3437 3262 3523 3314 cui

291 3351 438 3416 αὐτὸ,
472 3350 872 3421 κεκλεισμένων
911 3351 1020 3404 τῶν
1073 3350 1270 3422 θυρῶν,
1311 3352 1687 3422 εἰσερχόμενον
1721 3351 1856 3423 πρὸς

293 3442 468 3493 πᾶσαν
500 3441 608 3494 τῶν
644 3443 958 3496 ἀποστόλων
1001 3443 1098 3513 τὴν
1128 3442 1412 3514 ξυνωρίδα,
1448 3445 1539 3496 καὶ
1567 3444 1622 3496 ετ
1657 3461 1710 3496 τι
1742 3444 1852 3514 (54)

293 3533 467 3603 παρῆν
495 3535 559 3586 ὲκ
585 3534 775 3587 τούτου
818 3535 1100 3600 δυσπειθὲς
1120 3517 1143 3600 ,’
1179 3536 1506 3590 διαλύσαντα
1533 3536 1610 3608 τῷ
1643 3539 1814 3590 εἰπεῖν
1839 3576 1853 3600 ,

297 3625 705 3694 Ψηλαφήσατέ
722 3644 819 3695 με,
851 3629 947 3682 καί
976 3628 1260 3692 βλέπετε,
1297 3629 1385 3682 ὅτι
1408 3629 1640 3697 πνεῦμα
1661 3629 1856 3697 σάρκα

293 3717 380 3769 καὶ
432 3715 616 3769 ὀστέα
665 3717 778 3787 (55)
824 3721 933 3772 οὐκ
978 3719 1138 3788 ἔχει,
1195 3721 1387 3784 καθὼς
1443 3720 1546 3788 ἐμὲ
1595 3721 1855 3789 θεωρεῖτε

293 3809 522 3878 ἔχοντα.
556 3809 666 3861 Καὶ
699 3809 796 3862 οὐκ
827 3805 966 3873 εἷπε,
998 3811 1180 3874 Τόνδε,
1214 3811 1270 3882 ἢ,
1301 3805 1389 3864 τὸν
1422 3809 1704 3880 ἄνθρωπόν
1731 3828 1852 3881 μου,

289 3900 344 3953 ὃν
389 3899 689 3970 ἀνείληφα,
743 3900 854 3953 ἀλλ’
899 3902 1016 3972 ὲμὲ.
1056 3901 1216 3954 Ὅθεν
1249 3899 1500 3973 ούδεμίαν
1531 3902 1855 3974 συγγνώμην

295 3992 464 4063 εὑρεῖν
496 3990 786 4061 δυνήσεται
828 3993 856 4045 ὁ
899 3993 1247 4062 Σαμοσατεὺς
1275 4035 1288 4056 ,
1331 3995 1394 4046 ὲκ
1443 3993 1708 4048 τοσούτων
1758 3995 1855 4066 τὴν

297 4085 480 4137 ἕνωσιν
522 4083 617 4137 τοῦ
658 4084 792 4137 Θεοῦ
826 4083 997 4151 Λόγου
1029 4084 1356 4155 διελεγχθείς
1385 4103 1397 4116 ο
1435 4087 1527 4138 καὶ
1567 4087 1658 4139 ἀπ’
1694 4087 1855 4140 αὐτοῦ

298 4175 347 4228 δὲ
371 4176 466 4227 τοῦ
496 4171 631 4229 Θεοῦ
661 4175 854 4244 Λόγου,
888 4176 1011 4245 ἀρτι
1051 4177 1149 4247 μὲν
1181 4176 1316 4250 πρὸς
1350 4177 1554 4241 πάντας
1579 4177 1677 4248 τὴν
1723 4179 1855 4232 πεῦ-

301 4283 383 4354 av.
418 4267 808 4339 προσάγοντος,
857 4269 948 4321 καὶ
980 4267 1338 4339 πληροφορῶν
1378 4269 1484 4322 ἀπό
1527 4286 1584 4322 τε
1623 4269 1716 4322 τοῦ
1759 4287 1859 4338 φα·-

300 4361 405 4424 γεῖν
439 4355 536 4411 καὶ
567 4359 666 4429 τὴν
695 4359 1008 4430 ψηλάφησιν
1040 4359 1348 4431 ἐπιτρέψαι,
1399 4359 1431 4430 ἢ
1470 4359 1534 4431 δὴ
1576 4361 1671 4414 καὶ
1703 4362 1859 4431 γεγέ-

299 4466 466 4518 νηται.
495 4449 720 4513 Πάντως
751 4449 860 4522 γὰρ
891 4451 919 4502 ὁ
950 4450 1123 4513 διδοὺς
1164 4451 1263 4520 τὴν
1295 4450 1520 4522 τροφὴν,
1553 4451 1584 4522 ἢ
1615 4453 1664 4504 oi
1694 4452 1860 4506 διδόν-

296 4555 378 4602 τες
398 4541 606 4612 ἧψαντο
627 4541 732 4593 τῶν
761 4541 978 4613 χειρῶν.
1013 4540 1341 4595 Ἐπέδωκαν
1379 4543 1506 4614 γάρ,
1540 4545 1722 4614 φησιν,
1756 4549 1859 4601 αὐ-

1954 3350 2271 3405 incredibile
2317 3351 2613 3415 videretur,
2675 3353 2790 3420 ipse
2833 3350 3204 3405 dillicultatem
3251 3352 3524 3414 removit,

1952 3457 2076 3497 cum
2093 3443 2186 3509 ait,
2207 3443 2532 3497 Contrectate
2551 3459 2650 3508 me,
2666 3452 2713 3497 et
2731 3443 2919 3520 videte,
2939 3444 3063 3512 quia
3081 3443 3296 3512 spiritus
3314 3457 3526 3495 carnem

1952 3548 2000 3590 et
2028 3552 2148 3589 ossa
2189 3551 2291 3590 non
2316 3535 2491 3603 habet,
2521 3536 2762 3589 sicut'me
2784 3535 2967 3588 videtis
2995 3533 3183 3587 habere
3205 3534 3270 3586 ⁵⁷.
3301 3531 3404 3586 Ubi
3431 3532 3528 3585 ad-

1952 3627 2271 3683 vertendum
2302 3637 2385 3682 est
2412 3644 2535 3682 eum
2567 3643 2675 3682 non
2711 3627 2914 3682 dixisse
2952 3645 2964 3680 :
3012 3625 3188 3688 Hunc,
3219 3625 3320 3688 vel,
3351 3624 3526 3677 homi-

1955 3735 2076 3773 nem
2106 3735 2307 3780 meum.
2338 3735 2497 3790 quem
2531 3719 2822 3789 assumpsi,
2866 3726 3218 3783 contrectate,
3258 3718 3373 3782 sed,
3402 3733 3528 3768 con-

1956 3821 2170 3865 trectata
2200 3829 2297 3865 me.
2328 3811 2485 3866 Nulla
2513 3813 2741 3881 proinde
2783 3812 2936 3865 venia
2981 3809 3353 3864 Samosatensi
3402 3825 3528 3878 spe-

1955 3903 2121 3957 randa
2151 3911 2251 3969 est,
2272 3904 2469 3973 quippe
2493 3903 2608 3972 qui,
2641 3911 2717 3956 tot
2743 3901 3024 3956 convictus
3047 3899 3402 3970 argumentis,
3431 3913 3527 3952 ne-

1955 4007 2082 4063 gare
2129 4008 2235 4046 non
2280 3994 2456 4063 possit
2492 3992 2654 4047 Verbi
2700 3993 2794 4047 Dei
2846 3991 3286 4061 conjunctionem
3315 4008 3329 4044 z
3362 4006 3526 4060 quam

1959 4085 2216 4138 nimirum
2271 4085 2448 4156 ipsum
2494 4085 2587 4140 Dei
2639 4083 2878 4138 Verbum
2923 4084 3196 4147 asseruit,
3253 4099 3417 4150 cum,
3469 4096 3530 4136 ut

1958 4176 2120 4231 modo
2150 4174 2406 4242 vidimus,
2440 4191 2632 4231 omnes
2657 4185 2742 4230 est
2782 4175 3099 4236 allocutum,
3133 4174 3332 4244 quibus
3371 4183 3426 4227 et
3472 4190 3530 4228 se

1959 4267 2323 4324 resurrexisse
2365 4268 2740 4330 conﬁrmavit,
2792 4274 2906 4320 tum
2967 4265 3124 4336 511
3172 4266 3529 4327 comedenda,

1958 4370 2073 4416 tum
2114 4377 2172 4417 se
2215 4362 2393 4432 ipSum
2436 4359 2879 4416 contrectandum
2912 4358 3294 4429 permittendo,
3341 4358 3418 4412 uti
3451 4356 3531 4410 fa-

1960 4465 2106 4509 ctum
2137 4465 2239 4510 est.
2261 4449 2426 4508 ~Nam
2473 4456 2586 4510 sive
2638 4469 2762 4508 cum
2793 4453 2908 4522 ipse
2937 4452 3045 4506 illis
3081 4451 3261 4505 cibum
3291 4451 3533 4520 imperti-

1963 4560 2065 4617 ret,
2093 4551 2207 4606 sive
2237 4567 2358 4605 cum
2387 4551 2489 4618 illi,
2523 4551 2664 4620 ipsi,
2693 4549 2918 4604 omnino
2948 4563 3143 4603 manus
3172 4549 3290 4618 ejus
3316 4558 3532 4602 contre-

297 4627 371 4693 τῷ
398 4633 604 4700 ἰχθύος
651 4632 838 4685 ὀπτοῦ
865 4633 1068 4701 μέρος,
1114 4632 1210 4688 καὶ
1249 4633 1365 4687 ἀπὸ
1386 4636 1712 4702 μελισσίου
1755 4655 1852 4706 κη-

1966 4651 2260 4697 ctaverunt.
2296 4642 2573 4712 Siquidem
2607 4639 2731 4704 Illi,
2764 4639 2960 4708 inquit,
2994 4639 3292 4692 obtulerunt
3329 4647 3532 4707 partem

294 4719 422 4784 ρίου
458 4719 571 4789 (56)
603 4722 700 4774 καὶ
746 4721 951 4791 φαγὼν
999 4721 1252 4776 ἐνώπιον
1303 4721 1518 4788 αὐτῶν,
1547 4725 1748 4780 λαϐὼν
1784 4733 1856 4782 τὰ

1960 4733 2120 4802 piscis
2153 4733 2261 4786 assi
2293 4742 2340 4786 et
2371 4731 2547 4801 favum
2579 4729 2750 4784 mellis
2776 4746 2794 4781 :
2819 4739 2865 4782 et
2896 4745 3012 4783 cum
3042 4731 3410 4782 manducasset
3444 4744 3532 4780 co-

367 4861 411 4936 ‘_‘
441 4859 763 4936 Matth._xyt,
790 4861 906 4936 l_§._
949 4861 993 4892 '°
1017 4858 1174 4916 Joan.
1209 4877 1260 4924 κ,
1285 4862 1391 4936 55L
1423 4865 1488 4936 _“
1515 4862 1710 4933 Ephes.
1740 4883 1812 4926 ιν.
1839 4871 1852 4922 ε

1966 4873 2026 4928 14.
2101 4871 2147 4903 ⁹¹
2177 4872 2294 4926 Act.
2321 4887 2376 4934 ι,
2409 4870 2498 4925 58.
2569 4871 2614 4902 ⁸⁸
2649 4871 2768 4926 Act.
2800 4887 2858 4936 ιι,
2894 4870 2984 4924 22.
3065 4869 3110 4900 5‘
3132 4867 3249 4921 Act.
3281 4882 3412 4932 xvu,
3440 4867 3528 4921 5i.

299 4932 340 4963 ³³
374 4930 530 4987 Joan.
565 4949 617 4995 χ,
641 4932 729 4985 50.
808 4931 852 4962 ⁶⁶
882 4929 1040 4986 Joan.
1082 4947 1192 4994 xw,
1219 4935 1270 4986 9.
1347 4933 1391 4964 ⁵⁷
1421 4929 1738 5004 Ιιιιεξιιιν,
1761 4939 1852 4993 59.

368 5047 476 5121 (Π)
523 5046 746 5121 Regius,
787 5045 1010 5116 Seguer.
1043 5056 1096 5100 et
1129 5046 1429 5117 Scriptura,
1456 5048 1557 5118 τῆς
1581 5049 1855 5121 ἀληθείας.

305 5119 400 5172 Alii
423 5128 476 5172 et
501 5117 630 5174 editi
658 5117 758 5184 τῆς
791 5121 1070 5170 omittunt.

366 5186 592 5260 ({48)Alta
635 5185 837 5260 ﬁegius
871 5188 1065 5260 codex,
1094 5185 1327 5260 _ch_u_er.
1364 5185 1528 5260 Basil.
1564 5197 1617 5260 et
1648 5188 1858 5260 Anglic,

304 5257 616 5320 AtGohler.,
639 5254 843 5329 Πέτρος
869 5254 1294 5328 ΚορνηλίῳζΑιὶἰ
1315 5266 1368 5311 et
1384 5257 1549 5313 editio
1572 5254 1859 5329 Comniel.,

305 5329 495 5398 Πέτρος
522 5327 844 5398 Κορνήλιον.

525 5345 844 5398 λορνηλιον.

369 5402 381 5463 (
422 5398 474 5469 9)
505 5397 726 5469 Gahler.
770 5406 824 5451 et
868 5394 1010 5469 Felc.
1063 5397 1088 5450 l
1127 5397 1382 5451 omittunt
1422 5397 1652 5469 adhuc}

304 5481 426 5590 εἷς.
455 5465 608 5548 λίθω.
666 5465 800 5556 βεες
845 5473 898 5519 et
946 5467 1311 5548 Seguerian”.
1347 5466 1483 5590 gift};
1527 5465 1858 5538 Ἀθηναίους.

388 5547 481 5590 ten
515 5547 569 5590 et
593 5537 744 5590 edttl.
802 5535 1105 5590 Αθηναίοις.
1133 5535 1262 5590 lteut
1297 5535 1371 5590 Ibt
1415 5574 1429 5590 .
1455 5547 1576 5590 post
1605 5539 1662 5590 ὲν
1686 5539 1855 5590 ἀνδοί-

388 5538 481 5612 teri
515 5547 569 5612 et
593 5535 769 5612 editi,7
787 5535 1105 5612 ’ᾼθηναίοίιᾳ
1133 5535 1262 5591 Item
1297 5535 1429 5592 ibid.
1453 5547 1576 5607 post
1605 5535 1662 5593 ὲν
1686 5535 1856 5612 ἀνδρί,

306 5605 470 5662 deticit
501 5607 714 5676 Anglic.
738 5605 928 5676 codex.

371 5677 472 5746 (50)
498 5675 710 5748 (Regius
732 5675 1152 5748 et_Seguerian.,
1175 5675 1495 5748 ἀποστολήν.
1530 5677 1632 5735 Alii
1655 5689 1707 5737 et
1728 5680 1855 5736 editi

308 5745 622 5809 ἀποστόλων,
651 5746 927 5800 mendose.
1434 5745 1442 5748 ’
1703 5752 1711 5759 ’
1789 5751 1812 5759 ’·

573 5841 844 5904 Ριτιιοι.
881 5842 995 5906 Gn.
1018 5824 1266 5906 'xxvt.

2037 5052 2150 5124 (5i)
2177 5052 2268 5124 Sic
2297 5047 2437 5124 lieg.
2461 5061 2508 5106 et
2538 5051 2759 5124 Seguer.
2785 5049 2984 5124 ln_aliis
3000 5057 3053 5124 et
3073 5043 3316 5124 ed_.._eeo_6
3331 5045 3530 5124 deest:_

2185 5121 2261 5203 Ita
2312 5113 2510 5191 lie—gius
2541 5131 2595 5176 et
2611 5113 2952 5192 “Seguerian.
2995 5119 3062 5172 At
3106 5117 3196 5170 alii
3236 5122 3290 5169 et
3318 5115 3445 5168 editi
3477 5113 3536 5166 δέ

1967 5201 2343 5334 oniiiii'iiég.,
2365 5260 2542 5334 όρθόν,
2572 5269 2751 5334 recte;
2765 5256 2954 5334 Caeteri
2984 5264 3038 5334 et
3068 5254 3214 5334 editi,
3241 5253 3425 5334 6993a.

2039 5265 2130 5330 (55
2186 5265 2343 5333 Ηεεη
2367 5265 2542 5334 ὀρθόν,
2572 5269 2738 5315 recte.
2765 5265 2954 5311 Caeteri
2984 5265 3038 5310 et
3068 5265 3214 5319 εαιιι,
3241 5265 3425 5325 ὀρθήν.

2039 5265 2311 5403 (54)]ὴκ.
2360 5330 2672 5403 Seguer‘._et
2713 5327 2950 5403 Goblerl,
2987 5325 3085 5403 τὴν
3131 5324 3535 5403 ξυνωρίδαηκαὶ

1690 5401 1852 5468 μακάε

1966 5403 2016 5456 εἰ
2042 5393 2361 5457 τι.’ϐοὶ›’ἰει·.
2392 5393 2556 5455 habet
2596 5397 2840 5453 ἰιεῐηκαί
2874 5394 2928 5447 εἴ
2955 5393 3120 5448 “(In
3155 5393 3282 5448 aliis
3303 5404 3356 5448 et
3377 5394 3538 5448 editis

1963 5473 2114 5556 deest
2139 5472 2239 5594 Ἦν
2267 5481 2320 5527 et
2343 5472 2457 5556 καίέ

2031 5541 2145 5594 (55)
2223 5558 2306 5594 ea.
2335 5550 2390 5594 et
2415 5542 2457 5593 δ

2054 5541 2145 5612 55)
2175 5534 2306 5612 Beg.
2335 5550 2390 5594 et
2415 5541 2663 5612 Segne.“
2687 5534 2837 5588 ὀστᾶ.

2053 5603 2143 5676 56)
2176 5603 2374 5676 Βεξὶυε
2403 5616 2456 5661 ει
2486 5603 2730 5673 Seguer.,
2754 5606 2974 5676 κηρίον.
2999 5605 3161 5660 iidem
3193 5604 3324 5660 ibid.
3349 5614 3402 5676 et
3435 5603 3539 5676 βαι

1958 5673 2163 5736 εἰίἰέηὲ.
2210 5673 2447 5738 addunt,
2495 5677 2588 5728 καὶ
2629 5673 3090 5742 φαγὼν-ἐνώπιον
3125 5676 3323 5736 αὐτῶν,
3355 5673 3537 5727 λαϐὼν

1955 5752 2022 5805 τὰ
2053 5751 2303 5804 ἐπίλοιπα
2327 5746 2604 5802 ἀπέδωκεν
2633 5745 2830 5811 αὐτοῖς,
2867 5762 2987 5817 quae
3017 5747 3102 5800 alii
3128 5756 3182 5799 et.
3207 5746 3336 5799 editi
3369 5759 3476 5798 orn.

3198 5835 3295 5900 17.
