3944 6222
381 346 488 402 525

1012 342 1070 398 S.
1110 336 1476 395 ATIIANASII
1516 336 1666 393 OPP.
1709 333 1887 390 PARS
1929 335 1968 388 I.
2002 364 2073 376 -—
2110 328 2477 387 HISTORICA
2515 326 2602 382 ET
2636 325 3055 382 DOCMATICA.

3506 320 3611 375 5'34

378 477 497 516 ram
523 461 618 525 eis,
659 465 895 527 acceptas
928 454 1175 527 reliquias
1202 454 1345 508 dedit
1373 454 1448 506 eis
1471 452 1535 504 ⁵⁸.
1573 451 1648 505 En
1680 451 1864 521 igitur,
1895 450 1939 503 si

2054 448 2343 512 ἐπίλοιπα,
2371 443 2674 499 ἀπέδωκεν
2695 441 2918 506 αὐτοῖς.
2957 441 3086 494 Ἰδοὺ
3112 435 3310 502 τοίνυν,
3326 435 3375 491 εἰ
3401 436 3493 490 καὶ
3513 436 3612 506 οὐχ

382 568 490 607 non
517 559 576 607 ut
619 566 679 606 se
707 564 832 619 erga
865 547 1129 602 Thomam
1158 546 1344 617 gessit,
1387 552 1533 599 certe
1580 543 1686 597 alia
1736 542 1946 596 ratione

381 643 513 700 fecit
535 658 629 699 eos
656 642 723 698 de
753 642 837 696 sui
863 639 1261 695 resurrectione
1289 637 1571 701 certiores,
1602 649 1726 689 cum
1752 648 1812 688 se
1839 631 1946 686 illis

380 734 826 791 contrectandum
856 731 1104 804 praebuit.
1138 729 1293 798 Quod
1329 729 1375 785 si
1415 728 1563 799 ipsas
1594 728 1760 783 etiam
1803 725 1946 781 cica-

379 827 542 882 trices
576 828 730 895 cupis
761 839 1006 891 cernere,
1040 824 1190 880 disce
1229 837 1261 877 a
1307 820 1539 885 Thema,
1580 819 1669 874 cui
1700 816 1945 884 videlicet

377 914 454 969 ait
481 911 764 979 Dominus,
801 912 952 983 Infer
993 928 1207 967 manum
1239 922 1408 974 tuam,
1442 918 1491 965 et
1521 910 1668 963 mitte
1710 909 1767 963 in
1804 907 1945 961 latus

374 1019 569 1067 meum,
597 1014 645 1057 et
668 992 808 1073 infer
832 1003 1059 1073 digitum
1089 1012 1258 1069 tuum,
1281 1010 1331 1056 et
1355 999 1471 1055 vide
1495 1016 1685 1055 manus
1712 1015 1852 1054 meas
1874 1000 1942 1053 ⁸³.

380 1092 552 1150 Suum
587 1093 729 1150 latus
759 1108 996 1164 suasque
1023 1106 1218 1148 manus
1252 1090 1398 1148 Deus
1424 1090 1661 1147 Verbum
1692 1090 1959 1161 appellat,

379 1198 547 1254 seque
576 1185 1041 1239 totumhominem
1059 1183 1294 1240 simulet
1326 1184 1498 1239 Deum
1515 1197 1638 1239 esse
1672 1182 1940 1239 ostendit:

377 1274 527 1345 quod
546 1275 762 1346 quidem
786 1277 905 1346 ipso
923 1276 1086 1331 etiam
1115 1291 1302 1342 sensu,
1321 1283 1384 1330 ut
1403 1274 1700 1344 intelligere
1722 1281 1827 1341 est,
1851 1290 1946 1330 vo-

379 1367 484 1422 luit
501 1360 734 1423 Verbum
752 1373 972 1425 s‘a'nctos
997 1369 1256 1440 experiri,
1273 1385 1399 1425 cum
1437 1382 1595 1425 suum
1615 1382 1835 1438 corpus,
1860 1367 1947 1438 ja-

378 1461 505 1516 nuis
516 1454 741 1528 clausis,
754 1460 1059 1534 ingressum
1075 1471 1157 1518 est
1172 1461 1225 1516 in
1242 1462 1550 1518 cubiculum
1566 1464 1632 1529 ⁸ο,
1647 1477 1711 1516 ac
1725 1469 1946 1530 repente

376 1561 564 1607 astans
606 1567 730 1607 cum
763 1567 1014 1623 corpore,
1048 1566 1143 1609 eos
1185 1554 1252 1609 de
1285 1554 1365 1610 rei
1397 1555 1625 1610 veritate
1657 1567 1946 1625 persuasos

378 1638 630 1699 reddidit.
668 1638 792 1700 Haec
817 1656 998 1700 autem
1030 1637 1277 1701 ﬁdelibus
1310 1645 1531 1716 quidem
1558 1647 1626 1703 ad
1655 1646 1947 1719 conﬁrma-

381 1736 602 1801 tionem,
636 1724 943 1791 inﬁdelibus
976 1751 1105 1793 vero
1138 1738 1204 1791 ad
1231 1737 1844 1804 emendationem,satis
1861 1735 1945 1792 di-

378 1837 465 1883 cta
493 1827 622 1883 sint.

446 1923 537 1979 36.
582 1911 753 1979 Suum
789 1925 973 1995 itaque
1002 1939 1244 2003 errorem
1280 1926 1442 1981 etiam
1472 1925 1710 1998 corrigat
1737 1925 1942 1982 Paulus

378 2011 802 2078 Samosatensis,
834 2014 1014 2068 divina
1052 2012 1349 2071 Salvatoris
1377 2030 1510 2071 voce
1538 2015 1722 2071 audita
1754 2015 1942 2071 dicen-

374 2106 468 2171 tis,
501 2096 704 2176 Corpus
730 2122 898 2159 meum
923 2107 987 2171 ⁶¹,
1014 2122 1122 2161 non
1149 2116 1351 2173 autem,
1377 2108 1654 2164 Christum
1682 2109 1782 2180 qui
1803 2108 1943 2165 alius

374 2206 460 2253 est
490 2213 522 2253 a
550 2213 639 2253 me
670 2200 761 2270 qui
797 2214 917 2255 sum
953 2198 1186 2279 Verbum
1212 2241 1227 2266 ,
1275 2199 1370 2256 sed
1410 2201 1502 2270 qui
1552 2201 1693 2256 idem
1727 2216 1941 2256 mecum

372 2297 479 2355 est,
522 2299 579 2345 et
616 2305 717 2363 ego
762 2306 887 2346 cum
930 2306 1014 2347 eo.
1061 2290 1175 2362 Ego
1218 2292 1363 2347 enim
1391 2290 1653 2356 Verbum.
1684 2307 1806 2349 sum
1840 2308 1944 2347 un-

373 2376 635 2451 guentum
678 2400 692 2435 ε
743 2382 887 2453 quod
929 2391 1111 2437 autem
1153 2398 1183 2437 a
1234 2398 1322 2439 me
1371 2392 1596 2440 unctum
1645 2397 1747 2452 est,
1779 2384 1943 2440 homo
1979 2410 1984 2414 ·

371 2478 486 2540 est;
522 2478 853 2544 quapropter
894 2471 1098 2529 Unctus
1133 2473 1249 2530 sive
1289 2460 1542 2531 Christus
1570 2476 1689 2530 sine
1720 2490 1808 2531 me
1839 2476 1943 2530 mi-

372 2562 521 2620 nime
560 2550 796 2633 dicatur,
824 2550 919 2621 sed
964 2549 1056 2635 qui
1106 2579 1317 2620 mecum
1359 2576 1462 2631 est,
1507 2575 1561 2622 et
1600 2566 1653 2621 in
1693 2582 1803 2637 quo
1842 2581 1944 2638 ego

371 2668 516 2711 sum.
544 2645 733 2727 Itaque
776 2656 968 2713 missio
1009 2657 1100 2712 illa
1132 2656 1294 2713 Verbi
1313 2641 1627 2729 signiﬁcata
1657 2660 1776 2730 ejus
1806 2660 1947 2715 indi-

371 2756 459 2801 cat
495 2747 935 2817 conjunctionem
974 2763 1099 2804 cum
1149 2746 1276 2826 Jesu
1323 2765 1388 2805 ex
1424 2749 1594 2806 Maria
1637 2760 1941 2822 assumpto,

370 2838 464 2907 qui
508 2835 759 2892 Salvator
782 2838 1006 2902 dicitur,
1042 2853 1151 2916 non
1195 2838 1357 2893 aliam
1404 2855 1537 2895 sane
1569 2840 1639 2894 ob
1677 2841 1943 2897 rationem

371 2944 537 2999 quam
573 2931 883 2999 quodcum
926 2929 1038 2986 Deo
1071 2930 1250 2987 Verbo
1292 2932 1363 2986 sit
1408 2931 1756 3002 coniunctus.
1797 2934 1944 2989 Idem

369 3022 599 3093 proinde
636 3022 790 3077 locus
835 3022 925 3077 ille
970 3022 1240 3093 signiﬁcat
1270 3031 1433 3094 atque
1462 3026 1577 3079 haec
1607 3026 1803 3092 verba,
1839 3025 1946 3091 Qui

2043 542 2118 605 ὡς
2139 543 2167 594 6
2191 540 2415 611 Θωμᾶς,
2449 535 2562 590 ἀλλ’
2598 536 2746 605 ὅμως
2773 533 2839 586 δι’
2879 532 3069 603 ἐτέρας
3103 531 3323 602 μεθόδου
3350 529 3449 600 τὴν
3476 527 3614 600 πλη-

2048 633 2303 704 ροφορίαν
2328 631 2509 692 αὐτοῖς
2534 627 2774 699 παρέσχε
2802 622 3163 698 ψηλαφηθείς.
3195 622 3258 674 Εἰ
3279 620 3336 674 δὲ
3363 621 3459 674 καὶ
3485 619 3613 683 τοὺς

2048 722 2318 795 μώλωπας
2356 719 2481 773 ἰδεῖν
2512 717 2684 780 θέλοις
2718 716 2806 789 (57
2816 730 2854 782 ),
2890 713 3042 785 παρὰ
3069 714 3240 783 Θωμᾶ
3269 711 3427 783 μάθε·
3465 709 3614 778 Φέρε

2044 816 2152 887 γάρ
2175 830 2313 878 σου,
2347 812 2500 882 φησὶ,
2532 809 2650 879 τὴν
2678 808 2845 878 χεῖρα
2874 808 2972 860 καί
2995 806 3157 870 ,βάλε
3180 807 3267 872 εὶς
3292 803 3407 873 τὴν
3428 806 3614 857 πλευ-

2041 906 2158 976 ράν
2178 924 2317 977 μου,
2351 904 2447 959 καὶ
2477 901 2618 972 φέρε
2641 902 2747 954 τὸν
2774 898 3081 952 δάκτυλόν
3110 912 3249 962 σου,
3289 895 3388 950 καί
3413 892 3614 961 ,ϐλέπε

2044 999 2152 1065 τὰς
2185 995 2389 1068 χεῖράς
2416 1011 2535 1065 μου
2564 994 2699 1065 (58).
2727 989 2971 1063 Πλευρὰν
3004 989 3139 1043 ἰδίαν
3167 988 3262 1042 καὶ
3287 990 3474 1060 χεῖρας
3497 986 3616 1040 ὀνο-

2048 1090 2232 1159 μάζων
2259 1090 2288 1141 6
2306 1086 2437 1150 Θεὸς
2456 1086 2645 1153 Λόγος,
2668 1083 2758 1137 καὶ
2784 1081 2902 1135 ὅλον
2926 1080 3088 1135 αὑτὸν
3112 1078 3394 1152 ἄνθρωπόν
3418 1095 3478 1131 τε
3501 1075 3615 1148 (59)

2045 1181 2140 1237 καὶ
2170 1179 2302 1235 Θεὸν
2335 1177 2492 1250 ὁμοῦ,
2527 1177 2653 1249 ἄρτι
2703 1175 2803 1247 μὲν
2833 1174 2928 1228 τοῦ
2969 1172 3140 1242 Λόγου
3174 1173 3269 1226 καὶ
3299 1170 3395 1241 τὴν
3423 1168 3617 1241 αἴσθη-

2047 1291 2130 1328 σιν
2167 1276 2280 1337 τοῖς
2308 1273 2485 1341 ἁγίοις
2527 1268 2614 1323 διὰ
2655 1266 2938 1338 σώματος,
2983 1266 3059 1328 ὡς
3092 1264 3207 1316 ἔστι
3263 1264 3423 1327 νοεῖν,
3467 1277 3612 1331 παρ-

2045 1368 2256 1438 έχοντος
2272 1360 2641 1435 τῷείσελθεῖν,
2671 1359 2778 1413 τῶν
2810 1355 2987 1431 θυρῶν
3014 1353 3408 1425 κεκλεισμένων
3430 1368 3444 1382 °
3475 1366 3615 1422 παρ-

2046 1457 2175 1512 ευθὺ
2236 1452 2292 1509 δὲ
2341 1455 2437 1508 σὺν
2473 1452 2550 1524 τῷ
2590 1450 2801 1522 σώματι
2842 1446 3149 1520 παρεστὼς,
3191 1447 3287 1500 κα).
3334 1443 3434 1517 τὴν
3471 1441 3613 1511 πλη-

2049 1547 2304 1620 ροφορίαν
2334 1545 2607 1616 παρέχων.
2633 1541 2820 1596 Ταῦτα
2868 1545 2983 1605 τοῖς
3022 1542 3232 1604 πιστοῖς
3266 1540 3347 1603 είς
3385 1536 3616 1610 βεϐαίω-

2048 1658 2154 1704 σιν,
2210 1637 2304 1693 καὶ
2357 1640 2471 1699 τοῖς
2519 1632 2766 1700 ἀπίστοις
2802 1635 2882 1715 εἰς
2908 1631 3189 1706 διόρθωσιν
3223 1630 3458 1703 εἰρήσθω
3486 1646 3619 1700 συμ-

2050 1729 2281 1803 μέτρως.

2115 1934 2205 1991 56.
2243 1926 2582 2005 Διορθοῦσθω
2635 1929 2919 2003 τοιγαροῦν
2964 1928 3060 1982 καὶ
3099 1926 3311 1992 Παῦλός
3361 1924 3473 1998 (60)
3505 1925 3613 1980 Σαμ

2050 2028 2337 2103 μοσατεὺς,
2376 2026 2475 2098 τῆς
2519 2025 2668 2088 θείας
2709 2025 2975 2093 κατήκοος
3018 2019 3380 2093 γεγενημένος
3408 2016 3616 2088 φωνῆς,

2050 2119 2122 2175 Τὸ
2150 2116 2321 2188 σῶμά
2346 2135 2488 2187 μου,
2513 2116 2783 2185 λέγοντος,
2824 2115 2919 2167 καὶ
2947 2112 3067 2183 οὐχ).
3104 2111 3196 2165 τὸν
3235 2108 3467 2182 Χριστὸν
3498 2107 3617 2160 ἕτε-

2044 2229 2140 2286 ρον
2172 2209 2285 2279 (61)
2314 2209 2444 2280 παρ’
2479 2207 2583 2280 ἐμὲ
2621 2208 2712 2262 τὸν
2750 2206 2944 2276 Λόγον,
2979 2202 3121 2258 ἀλλὰ
3147 2204 3244 2257 σὺν
3275 2200 3400 2273 ἐμοὶ
3428 2199 3616 2262 αὑτὸν,

2046 2303 2142 2358 καὶ
2170 2301 2272 2373 ἐμὲ
2302 2302 2399 2355 σὺν
2436 2300 2602 2371 αὐτῷ.
2638 2300 2712 2354 Τὸ
2744 2298 2854 2370 γὰρ
2885 2297 3092 2368 χρίσμα
3130 2292 3240 2364 ἐγὼ
3265 2295 3294 2347 6
3319 2292 3513 2361 Λόγος,
3555 2289 3619 2344 τὸ

2044 2396 2103 2449 δὲ
2124 2393 2347 2467 χρισθὸν
2369 2393 2459 2446 ὑπ’
2492 2391 2625 2464 ἐμοῦ
2655 2394 2684 2445 6
2710 2390 2992 2464 ἄνθρωπος
3010 2406 3026 2420 ·
3061 2388 3122 2441 οὐ
3153 2386 3321 2457 χωρὶς
3344 2380 3438 2438 οῦν
3478 2380 3617 2453 ἐμοῦ

2046 2485 2282 2558 Χριστὸς
2308 2485 2534 2556 κληθείη
2563 2483 2629 2538 ἂν
2654 2481 2793 2552 (62),
2819 2479 2957 2535 ἀλλὰ
2984 2480 3081 2533 σὺν
3107 2479 3229 2550 ἐμοὶ
3258 2475 3333 2530 ὣν
3361 2475 3453 2528 καί
3479 2471 3618 2544 ἐμοῦ

2044 2579 2104 2632 ὲν
2159 2574 2329 2646 αὐτῷ.
2373 2575 2447 2628 Τὸ
2492 2574 2672 2628 τοίνυν
2709 2572 3010 2643 ἀποστολὴν
3058 2571 3151 2624 τοῦ
3192 2569 3368 2637 Λόγου
3415 2563 3616 2636 σημαία-

2049 2669 2235 2725 νεσθαι
2267 2668 2463 2723 ἕνωσιν
2500 2666 2650 2740 δηλοῖ
2697 2666 2796 2738 τὴν
2837 2665 2976 2738 πρὸς
3002 2664 3094 2718 τὸν
3138 2666 3202 2717 ὲκ
3233 2661 3450 2732 Μαρίας
3510 2659 3617 2727 Ἰη-

2048 2761 2195 2826 σοῦν,
2226 2761 2287 2825 ὃς
2312 2759 2670 2833 ἑρμηνεύεται
2694 2756 2908 2835 Σωτὴρ,
2935 2757 2996 2810 οὐ
3021 2752 3288 2824 δι’ἓτερόν
3318 2770 3390 2817 τι,
3432 2748 3547 2804 ἀλλ’
3579 2748 3616 2818 ἦ

2046 2852 2136 2907 διὰ
2153 2851 2214 2906 τὸ
2244 2850 2323 2922 τῷ
2348 2850 2461 2922 (65)
2497 2848 2619 2920 Θεῷ
2643 2846 3085 2925 Λόγῳηήνῶσθαι.
3141 2843 3320 2898 Ταὺτὸ
3354 2841 3615 2914 σημαίνε-

2044 2962 2134 3000 ται
2169 2943 2231 2997 τὸ
2261 2942 2423 3015 ῥητὸν
2449 2940 2608 2994 τοῦτο
2641 2939 2743 3011 τῷ,
2781 2940 2837 2992 Ὁ
2867 2937 3111 3008 πέμψας
3126 2952 3204 3006 με
3245 2934 3470 3002 Πατὴρ,
3500 2932 3615 2995 καὶ,

2060 3033 2187 3087 Ἀπ’
2223 3029 2485 3101 ἐμαυτοῦ
2521 3031 2631 3084 οὐκ
2674 3026 2947 3095 ἐλήλυθα
2966 3067 2980 3092 ,
3031 3026 3169 3081 ἀλλ’
3210 3028 3243 3080 ό
3296 3022 3499 3093 Πατήρ
3546 3039 3618 3089 με

371 3114 520 3167 misit
548 3130 629 3168 me
661 3112 824 3197 Pater
849 3115 915 3179 “,
942 3122 1015 3182 et,
1045 3116 1089 3168 Α
1120 3132 1202 3169 me
1232 3117 1349 3197 ipso
1369 3132 1470 3170 non
1498 3116 1632 3182 ueni,
1665 3117 1755 3172 sed
1778 3115 1945 3173 Pater

2054 3121 2383 3180 ἀπέστειλε.
2432 3120 2543 3192 Τὴν
2588 3120 2697 3190 γὰρ
2749 3118 2885 3192 πρὸς
2927 3117 3017 3172 τὸν
3054 3116 3339 3188 ἄνθρωπον
3382 3114 3578 3167 ἕνωσιν
3599 3153 3617 3178 ,

370 3222 453 3259 me
481 3205 627 3260 misit
649 3206 713 3259 ⁸³.
747 3192 966 3263 Scilicet
1001 3211 1155 3262 snam
1187 3223 1313 3264 cum
1346 3192 1569 3264 homine
1598 3208 1942 3279 conjunctio~

374 3310 523 3362 nem,
545 3309 782 3366 quocum
817 3284 1107 3352 invisibilis
1139 3306 1336 3353 natura
1373 3314 1469 3368 per
1498 3297 1768 3354 visibilem
1813 3308 1942 3356 nota

369 3386 688 3444 hominibus
713 3402 834 3445 esse
862 3396 1101 3470 poterat,
1134 3389 1449 3445 missionem
1492 3390 1801 3461 appellavit.
1832 3382 1947 3448 Nec)

370 3481 515 3535 enim
541 3479 661 3536 loca
696 3482 924 3537 mutavit
950 3480 1095 3538 Deus
1124 3481 1225 3553 (uti
1252 3497 1352 3538 nos
1376 3483 1469 3554 qui
1496 3472 1630 3540 locis
1656 3484 1945 3540 abscondi-

371 3571 519 3642 mur)
547 3585 671 3627 cum
700 3581 900 3628 nostrae
926 3572 1210 3642 parvitatis
1238 3583 1459 3644 accepta
1488 3558 1662 3646 ﬁgura
1695 3561 1752 3630 in
1778 3590 1945 3632 carne

369 3663 583 3720 exstitit
619 3672 675 3720 et
721 3666 989 3735 apparuit.
1026 3665 1313 3734 Quomodo
1344 3669 1490 3722 enim
1534 3669 1589 3723 id
1635 3668 1715 3723 illi
1759 3678 1947 3739 posset

371 3755 620 3810 accidere
655 3756 749 3826 qui
778 3755 976 3811 caelum
1010 3766 1064 3813 et
1090 3765 1291 3812 terram
1324 3758 1550 3830 implet?
1580 3744 1781 3815 Verum
1807 3760 1943 3831 justi

371 3856 592 3917 propter
619 3847 740 3917 ejus
773 3847 828 3901 in
858 3862 1022 3903 carne
1052 3850 1418 3918 prtesentiam,
1445 3850 1726 3907 missionis
1757 3866 1943 3906 vocem

374 3951 727 4007 usurpavere.
763 3935 883 4007 Ipse
923 3937 1088 4007 igitur
1133 3947 1217 3993 est
1266 3937 1409 3994 Deus
1440 3937 1674 3994 Verbum
1722 3958 1735 3994 :
1782 3938 1945 4010 igitur

369 4027 624 4084 Christus
645 4036 731 4083 est
756 4029 898 4085 Deus
922 4029 1087 4085 homo
1113 4046 1178 4085 ex
1211 4030 1382 4087 Maria
1412 4040 1594 4089 natus.
1633 4032 1751 4087 Non
1783 4032 1943 4097 alius,

372 4116 620 4186 inquam,
651 4116 850 4187 aliquis
878 4129 962 4173 est
992 4118 1267 4187 Christus,
1296 4121 1389 4176 sed
1418 4137 1561 4177 unus
1590 4130 1646 4176 et
1677 4121 1818 4176 idem
1840 4131 1943 4188 est,

373 4205 466 4274 qui
512 4215 637 4262 ante
667 4208 865 4263 saecula
904 4224 969 4264 ex
1001 4208 1182 4277 Patre,
1209 4220 1264 4266 et
1304 4199 1359 4266 in
1405 4213 1612 4269 ultimis
1657 4212 1850 4269 diebus
1879 4230 1946 4269 ex

376 4296 598 4370 Virgine
639 4309 860 4355 exortus
905 4310 989 4356 est
1024 4320 1036 4356 :
1076 4303 1169 4372 qui
1209 4302 1350 4357 idem
1402 4314 1561 4360 antea
1610 4305 1745 4375 ipsis
1780 4306 1945 4361 etiam

375 4389 581 4446 sanctis
623 4390 915 4447 virtutibus
962 4392 1017 4447 in
1063 4393 1218 4448 cce-lis
1263 4403 1382 4449 erat
1442 4396 1753 4466 invisibilis,
1799 4414 1947 4454 nunc

2052 3217 2149 3270 σὺν
2174 3209 2218 3285 ᾧ
2246 3212 2613 3286 γνωρισθῆναι
2638 3210 2945 3284 ἀνθρώποις
2973 3204 3042 3281 ἦν
3069 3208 3295 3264 δυνατὸν
3325 3207 3426 3278 τὴν
3456 3205 3620 3278 ἀόρα-

2049 3325 2139 3362 τον
2172 3306 2332 3377 φύσιν
2372 3305 2461 3360 διὰ
2498 3305 2597 3376 τῆς
2638 3303 2940 3375 ὁρωμένης,
2986 3300 3289 3372 ἀποστολὴν
3312 3299 3615 3370 ὠνόμασεν.

2050 3400 2124 3453 Οὐ
2170 3397 2280 3471 γὰρ
2320 3398 2384 3468 δὴ
2430 3396 2562 3460 Θεὸς
2613 3394 2813 3458 τόπους
2862 3392 3077 3465 ἀμείϐει
3121 3392 3234 3463 (64)
3263 3432 3278 3456 ,
3312 3391 3436 3446 καθ’
3468 3390 3620 3461 ἡμᾶς

2049 3492 2176 3554 τοὺς
2215 3492 2274 3543 ὲν
2317 3489 2503 3551 τόποις
2555 3485 2985 3558 κρυπτομένους,
3034 3484 3113 3555 τῷ
3144 3485 3242 3555 τῆς
3284 3482 3618 3554 μικρότητος

2049 3580 2206 3652 ἡμῶν
2233 3580 2470 3650 σχήματι
2498 3577 2599 3647 τῆς
2632 3574 2918 3647 ὑπάρξεως
2958 3573 3058 3646 τῆς
3099 3574 3157 3625 ὲν
3197 3570 3361 3641 σαρκὶ
3411 3566 3618 3620 ἐπιδει-

2051 3671 2313 3743 κνύμενος
2346 3668 2457 3741 (65)
2486 3687 2498 3699 ·
2534 3667 2654 3731 πῶς
2683 3666 2792 3739 γὰρ
2820 3667 2848 3718 6
2879 3660 2971 3719 τὸν
3000 3662 3227 3734 οὐρανὸν
3266 3661 3359 3715 καὶ
3388 3659 3488 3730 τὴν
3514 3657 3620 3727 γῆν

2052 3763 2304 3836 πληρῶν;
2351 3760 2511 3814 Ἀλλὰ
2540 3759 2640 3830 τῆς
2685 3760 2742 3812 ὲν
2778 3757 2946 3828 σαρκὶ·
2985 3752 3284 3827 παρουσίας
3327 3751 3493 3804 ἕνεκα
3520 3749 3620 3819 τὴν

2053 3853 2353 3924 ἀποστολὴν
2396 3854 2445 3907 οἱ
2490 3851 2689 3905 δίκαιοι
2732 3849 3043 3920 ὠνόμασαν.
3075 3842 3207 3900 Εἶτα
3249 3840 3341 3898 οῦν
3372 3841 3484 3915 (66)
3525 3840 3620 3895 καὶ

2052 3948 2213 4011 αὐτὸς
2239 3948 2269 4000 6
2300 3946 2434 4010 Θεὸς
2460 3944 2649 4013 Λόγος.
2680 3942 2914 4014 Χριστὸς
2940 3936 3033 3994 οὖν
3071 3941 3103 3992 ὁ
3135 3940 3200 3992 ὲκ
3225 3936 3444 4008 Μαρίας
3486 3933 3621 3996 Θεὸς

2052 4038 2369 4112 ἄνθρωπος’
2404 4036 2504 4107 οὐχ
2527 4035 2714 4107 ἕτερός
2755 4052 2838 4098 τις
2881 4031 3137 4104 Χριστὸς,
3173 4029 3289 4083 ἀλλ’
3334 4020 3414 4090 εἷς
3457 4026 3553 4079 καὶ
3590 4024 3620 4076 6

2052 4131 2214 4194 αὐτός
2246 4148 2260 4161 ·
2305 4122 2460 4194 οὗτος
2512 4127 2619 4199 πρὸ
2665 4124 2874 4180 αἰώνων
2915 4126 2980 4177 ὲκ
3028 4122 3263 4193 Πατρὸς,
3316 4112 3472 4180 οὗτος
3526 4114 3619 4169 ἐπ’

2053 4221 2294 4292 ἐσχάτων
2326 4221 2390 4272 ὲκ
2411 4219 2508 4289 τῆς
2534 4216 2841 4288 Παρθένου·
2878 4214 3109 4286 ἀόρατος
3129 4213 3190 4266 τὸ
3217 4210 3329 4282 (67)
3364 4209 3495 4279 πρὶν
3526 4207 3622 4259 καὶ

2053 4312 2171 4373 ταῖς
2203 4309 2261 4361 ὲν
2292 4306 2506 4378 οὐρανῷ
2544 4305 2837 4377 δυνάμεσιν
2878 4304 3096 4373 ἁγίαις,
3133 4301 3326 4374 όρατὸς
3370 4300 3489 4353 νυν).
3533 4297 3622 4351 δίὰ

2052 4401 2151 4473 τὴν
2178 4399 2314 4471 πρὸς
2340 4399 2432 4453 τὸν
2457 4396 2734 4470 ὁρώμενον
2757 4397 3043 4468 ἄνθρωπον
3073 4394 3265 4447 ἕνωσιν
3284 4409 3300 4424 ·
3344 4389 3621 4463 ὁρώμενος

374 4489 554 4535 autem
585 4482 657 4537 ob
686 4498 840 4538 suam
865 4499 990 4538 cum
1021 4484 1223 4539 visibili
1246 4476 1466 4543 homine
1495 4489 1943 4558 conjunctionem

2054 4492 2125 4556 δὲ,
2144 4511 2217 4564 φη
2227 4493 2305 4563 μὶ,
2323 4492 2384 4545 οὐ
2400 4493 2466 4562 τῇ
2494 4489 2710 4561 ἀοράτῳ
2731 4488 2963 4557 θεότητι,
2983 4486 3120 4540 ἀλλὰ
3141 4487 3207 4556 τῇ
3239 4483 3339 4554 τῆς
3369 4481 3619 4550 θεότητος

374 4572 607 4628 visibilis
637 4581 721 4628 est
753 4573 1004 4643 eiiectus;
1038 4576 1288 4645 visibilis,
1325 4577 1580 4660 inquam,
1614 4596 1722 4635 non
1755 4582 1947 4637 invisi-

446 4708 493 4741 ⁵⁸
524 4708 657 4764 Luc.
687 4724 836 4776 xxrv,
862 4708 1046 4776 42,43.
1121 4711 1167 4742 δ’
1195 4709 1352 4765 Joan.
1379 4727 1471 4778 xx,
1494 4710 1585 4766 27.
1663 4711 1709 4744 ‘°
1739 4713 1872 4769 ibid.
1908 4716 1994 4772 i9.
2073 4719 2113 4749 ⁶¹
2147 4717 2337 4770 Matth.
2361 4730 2507 4780 τινι,
2549 4713 2640 4769 26.

450 4817 566 4896 (57)
604 4820 841 4896 Regius,
873 4821 1253 4896 _S_eguerianus
1287 4830 1342 4877 et
1385 4820 1704 4880 Basiliensis
1736 4824 1941 4888 θέλοις.

375 4891 571 4949 Gtt-teri
604 4900 659 4946 et
686 4891 836 4957 editi,
868 4891 1059 4956 θέλεις.

442 4962 553 5036 (56)
589 4961 683 5036 Sic
715 4962 923 5036 Regius
933 4965 1133 5036 codex,
1168 4961 1392 5036 Seguer.
1423 4972 1479 5017 et
1511 4962 1821 5031 Basiliens.;
1851 4966 1945 5021 sed

369 5032 689 5105 Ilasiliensis
714 5032 875 5105 habet
901 5032 1063 5103 βλέπε
1082 5034 1163 5105 είς
1188 5034 1377 5105 χεῖρὰς
1403 5050 1526 5104 μου.
1552 5037 1655 5089 Alii
1685 5038 1945 5105 editique,

371 5106 466 5177 καὶ
492 5104 584 5158 τὸν
619 5103 882 5177 δάκτυλόν
917 5120 1008 5177 σου
1021 5103 1190 5177 Ᾱβᾲλελ
1216 5103 1297 5177 εἰς
1325 5103 1423 5177 τὰς
1449 5106 1637 5177 χεῖράς
1668 5124 1791 5177 μου.
1822 5103 1947 5160 Mox

371 5175 652 5297 ὲὶὲςίἑιελὲι
684 5172 932 5245 Seguer.,
961 5175 991 5227 6
1012 5173 1144 5237 Θεὸς
1166 5173 1356 5241 Λόγος.
1383 5172 1598 5242 Cameri,
1617 5172 1740 5232 cum
1758 5178 1938 5240 editis,

469 5262 493 5296 ε
527 5261 555 5297 c
637 5260 745 5297 γει.

469 5260 555 5307 εος
575 5260 745 5312 Αεγει.

444 5314 554 5383 (59)
584 5314 676 5383 Sic
705 5314 836 5383 Reg.
870 5323 926 5368 et
955 5313 1078 5383 Seg.
1111 5317 1171 5368 In
1197 5315 1319 5371 aliis
1352 5325 1405 5370 et
1431 5315 1589 5371 editis
1612 5316 1765 5370 deest
1789 5332 1871 5368 τε.

444 5382 555 5456 (60)
586 5382 807 5456 Regius
826 5393 881 5456 et
921 5383 1146 5453 Seguer.
1177 5387 1384 5441 addunt
1417 5386 1513 5438 καὶ
1537 5384 1767 5450 Παῦλος,
1794 5385 1939 5456 quod

374 5449 461 5502 alii
490 5449 545 5505 et
571 5449 702 5506 editi
738 5449 1014 5509 omittunt:

444 5519 557 5599 (61)
581 5522 676 5599 _Ita
710 5520 913 5599 Regius
940 5524 1111 5580 codex
1149 5533 1203 5580 et
1231 5523 1456 5599 Seguer.
1495 5523 1552 5580 In
1578 5525 1701 5581 aliis
1727 5538 1854 5580 vero
1886 5531 1940 5579 et

372 5588 717 5663 editisdgest
737 5588 991 5663 ἕτερον..
1108 5662 1117 5663 7
1305 5588 1330 5596 ⁷
1430 5588 1439 5601 ⁴

446 5658 558 5738 (62)
588 5655 810 5738 Regius,
832 5655 1065 5738 'S_eg_u_er.
1088 5662 1407 5738 Goblerian:
1429 5666 1699 5738 etbasilp
1719 5662 1944 5738 κληθείη

374 5726 465 5782 ἄν.
491 5726 557 5782 At
599 5726 691 5780 alii
731 5739 782 5783 et
814 5726 940 5785 editi
968 5732 1029 5786 ἄν
1069 5736 1344 5789 omittunt.
1391 5734 1593 5793 Ibidem
1647 5726 1777 5808 Reg.
1808 5726 1940 5805 'Segl

2050 4583 2300 4654 ἐνεργείᾳ
2329 4580 2419 4635 διὰ
2462 4579 2557 4635 τοῦ
2596 4579 2937 4653 ἀνθρωπίνου
2959 4576 3073 4650 (68)
3098 4576 3347 4648 σώματος
3373 4573 3469 4627 καὶ
3495 4571 3618 4624 ὅλου

2720 4710 2940 4767 “Joan.
2982 4710 3218 4778 vm,10.
3294 4708 3339 4739 ⁸³
3359 4706 3491 4762 ibid.
3528 4705 3619 4759 42.

2044 4834 2099 4882 et
2121 4823 2360 4886 Gobler.,
2384 4822 2479 4876 καὶ
2505 4819 2662 4891 ἐμοῦ.
2687 4818 2743 4874 In
2775 4819 2895 4891 aliis
2926 4824 2980 4891 e_t
3004 4817 3162 4891 editis
3185 4814 3478 4891 xaideest.

2117 4894 2231 4964 (615)
2280 4883 2373 4964 Τῷ
2421 4883 2575 4964 abest
2608 4908 2646 4964 _a
2704 4889 2891 4964 codice
2940 4886 3131 4964 Regia
3155 4896 3210 4941 et
3263 4883 3618 4964 ξεβμοιῆιιρο.

2117 4910 2231 4964 (bis)
2283 4910 2315 4945 1
2421 4910 2575 4946 aDeSI.
2618 4910 2646 4943 a
2704 4910 2891 4946 comae
2940 4910 3110 4957 negti)
3155 4910 3210 4941 et.
3263 4910 3618 4954 anguet-tau".

2045 4966 2211 5037 Iidem
2246 4910 2663 5037 ibiirem_'cqtt')_tbv
2705 4956 3478 5037 σημαίνεσθαι.,Ιιεηὶηίὺίιιεζιη
3508 4952 3622 5007 Go-

2046 5034 2320 5106 blerianus
2347 5042 2402 5106 et
2433 5024 2863 5106 Felcktnann'i'j,
2894 5029 2955 5081 τὸ
2978 5027 3154 5106 ’ῥητὸν
3177 5024 3447 5106 τοῦτοπό.

2047 5177 2082 5230 ἁ
2117 5104 2230 5225 ((ἰὲ)
2266 5102 2465 5172 Regius
2492 5110 2548 5156 et
2586 5099 2929 5172 Seguerian.,
2967 5094 3207 5169 ἀμείϐει.
3246 5095 3351 5149 Alii
3382 5104 3446 5149 et
3468 5094 3621 5156 editi,

2090 5192 2157 5230 tto
2216 5189 2285 5227 ει.

2129 5189 2285 5227 οιοει.

2089 5192 2603 5320 Ἶᾙὲῗιροιξιεῑίαην
2627 5238 3110 5320 ἐπιδεικνυμένοις.
3408 5301 3432 5320 ν
3466 5306 3481 5320 .
3537 5297 3565 5320 τ

2120 5301 2231 5383 (66)
2257 5312 2460 5383 Regius
2490 5301 2681 5383 codex,
2716 5301 2943 5383 §eguer.
2970 5318 3025 5364 et
3047 5306 3357 5371 Basiliens.,
3382 5301 3481 5358 εἶτ’
3507 5301 3619 5357 οῦν.

2047 5377 2149 5438 Alii
2183 5377 2304 5438 cum
2332 5377 2513 5445 éditis,
2541 5379 2659 5435 εἶτα
2684 5377 2795 5435 οῦν.

2120 5454 2233 5527 (6ῖ)
2258 5453 2330 5527 ᾟό
2363 5454 2515 5527 abest
2543 5468 2571 5506 a
2598 5450 2907 5527 Cobletjan.
2931 5459 2994 5527 et
3016 5449 3251 5505 Felckm.
3541 5515 3554 5527 .

2122 5515 2234 5647 (68)
2280 5522 2481 5593 Regius
2522 5522 2723 5602 codex,
2775 5520 3139 5606 Seguerianus
3173 5527 3246 5601 et.
3272 5515 3621 5597 Basiliensis,

2159 5593 2414 5647 οωπείου.
2467 5591 2656 5647 Caetert
2700 5604 2754 5645 et
2800 5593 2951 5647 editi.
3001 5589 3363 5647 ανθρωπινου.
3423 5586 3621 5640 Ibidem

2054 5586 2414 5665 ἁνθρώπείοῦ.
2467 5591 2656 5651 Caneri
2700 5604 2754 5645 et
2800 5586 2951 5647 editi.
3001 5586 3363 5660 ἀνθρωπίνου.
3423 5586 3621 5640 Ibidem

2055 5664 2367 5719 Goblerian.
2413 5672 2469 5720 et
2498 5652 2736 5718 Felckm.
2773 5663 2793 5715 i
2838 5662 3098 5717 omittunt
3127 5658 3219 5712 mi
3259 5656 3382 5710 ὅλου
3417 5652 3623 5726 ἀνθρώ-

2056 5749 2179 5791 που.
