3944 6222
292 365 394 421 525
1167 355 1549 429 EPISTOLA_|
1581 357 1672 411 AD
1711 353 2166 412 SEBAPIONEM.
2197 388 2266 396 —
2299 355 2634 412 MONITUM.
3407 363 3513 420 526

292 479 598 551 ἀνθρώπου,
626 477 683 530 ὃν
705 475 1004 530 ἀνεκαίνισε
1030 477 1094 546 τῇ
1114 473 1378 528 οἰκειώσει
1405 475 1466 543 τῇ
1487 473 1618 544 πρὸς
1641 472 1843 524 ἑαυτόν.

1954 471 2044 525 bili
2097 471 2413 538 divinitate,
2457 473 2549 528 sed
2593 475 2706 544 ipsa
2750 473 3030 529 divinitate
3079 491 3172 546 per
3213 478 3510 534 humanum

295 569 451 640 Αὐτῷ
473 568 534 622 τὸ
563 567 726 630 σέϐας
755 566 901 636 καὶή
931 564 1312 636 προσκύνησις,
1339 563 1396 626 ὃς
1422 558 1489 634 ἦν
1511 563 1619 633 (69)
1638 559 1846 631 πρώην,

1957 569 2153 632 corpus
2179 567 2462 634 totumque
2491 567 2765 620 hominem
2789 575 2998 637 agente,
3027 583 3187 637 quem
3214 577 3383 623 totum
3416 569 3513 623 ho-

292 662 384 715 καὶ
421 658 536 723 νῦν,
573 659 666 712 καὶ
694 657 800 719 ἀεὶ,
833 657 926 710 καὶ
952 657 1031 719 εἰς
1057 655 1180 718 τοὺς
1195 655 1414 717 αἰῶνας.
1471 653 1661 724 Ἀμήν.

1960 653 2154 706 minem
2185 655 2422 724 ejusdem
2459 672 2641 712 secum
2669 657 3051 726 conjunctione
3080 661 3378 714 renovavit.
3407 659 3512 730 Ipsi

293 753 464 807 honor
494 757 548 805 et
582 748 825 804 adoratio
845 747 936 817 qui
962 754 1136 811 antea,
1174 756 1229 803 et
1260 761 1404 802 nunc
1438 756 1492 801 et
1523 759 1735 814 semper
1759 751 1840 798 est
1869 742 1921 796 in
1961 745 2177 801 saecula.
2217 731 2402 803 Amen.

354 951 470 1033 (69)
494 950 799 1033 Basilicus,
825 943 1058 1033 iis."
1083 947 1558 1033 Ibidem__Seguer.,
1605 948 1709 1020 πρὸ
1749 943 1836 1019 ἦν.
1879 948 1911 1002 Ε

1959 955 2097 1025 gius,
2124 958 2317 1030 προῆν.
2349 959 2406 1014 in
2442 960 2548 1014 line
2597 958 2797 1029 Regius
2853 969 2907 1014 et
2954 957 3271 1029 Seguerian.
3313 959 3515 1015 addunt

299 1019 493 1094 Ἀμήν,
518 1021 663 1092 quod
691 1021 843 1075 abest
876 1019 944 1074 ab
972 1019 1092 1076 aliis
1113 1029 1167 1076 et
1187 1019 1364 1076 editis.

286 1216 3491 1248 www—

1636 1399 2213 1492 MONITUM

770 1600 836 1656 IN
873 1595 1274 1666 SEQUENTES
1312 1592 1556 1652 SANCTI
1594 1592 1969 1651 ATHANASII
2010 1593 2100 1649 AD
2144 1594 2580 1655 SERAPIONEM
2615 1598 3019 1664 EPISTOL‘AS.

349 1976 722 2050 512-515.
762 1976 805 2030 1.
845 1973 975 2040 Quae
1017 1981 1303 2043 sequuntur
1334 1971 1391 2026 S.
1433 1971 1714 2026 Athanasii
1745 1970 1812 2023 ad
1843 1969 2178 2034 Serapionem
2213 1973 2594 2028 Thmuitnnum
2637 1975 2933 2044 episwpum
2961 1979 3215 2047 “epistolas,
3263 1985 3517 2039 invitante

283 2087 328 2128 et
352 2076 633 2146 ﬂagitante
657 2075 769 2142 ipso
800 2054 1106 2139 Serapione,
1134 2085 1166 2122 a
1199 2075 1381 2120 sancto
1415 2066 1640 2121 Doctore
1674 2067 1729 2119 in
1752 2081 1923 2120 eremo
1964 2068 2274 2137 conscriptae
2310 2077 2454 2132 sunt,
2479 2077 2536 2121 ut
2568 2084 2632 2122 ex
2665 2069 2835 2138 printa
2869 2080 3008 2138 patet
3030 2073 3268 2140 epistola,
3300 2092 3444 2132 num.
3489 2079 3509 2130 1

279 2177 326 2220 et
349 2168 441 2230 '53,
473 2176 525 2221 et
549 2167 760 2238 quidem
779 2175 893 2233 post
923 2161 1210 2244 Orationes
1232 2175 1420 2220 contra
1449 2164 1699 2227 Arianos,
1723 2173 1780 2217 ut
1813 2163 2071 2231 conjicere
2094 2172 2169 2216 est
2198 2180 2262 2217 ex
2297 2164 2376 2217 his
2419 2165 2604 2234 prima:
2626 2165 2865 2234 epistola:
2890 2166 3079 2232 verbis,
3121 2185 3265 2221 num.
3290 2169 3358 2224 2:
3397 2172 3519 2224 Τῶν

282 2263 375 2333 μὲν
395 2258 491 2316 οὖν
533 2261 822 2333 ’Δρειανῶν
840 2261 938 2316 οὐκ
963 2259 1236 2332 ἀλλότριον
1263 2260 1356 2313 καὶ
1383 2259 1541 2313 τοῦτο
1586 2258 1900 2330 ἐνθύμημα.
1949 2257 2128 2324 "Attae
2158 2258 2268 2331 γὰρ
2288 2259 2613 2331 ἀρνούμενοι
2657 2260 2748 2329 τὸν
2770 2257 2873 2328 Ιτοῦ
2908 2257 3043 2311 Θεοῦ
3074 2259 3518 2327 Λόγον,·εἰκότως

276 2354 342 2407 τὰ
366 2353 509 2408 αὐτὰ
541 2353 635 2407 καὶ
665 2353 803 2408 κατὰ
824 2353 915 2407 τοῦ
940 2352 1252 2423 Πνεύματος
1278 2349 1442 2404 αὐτοῦ
1467 2348 1830 2421 δυσφημοῦσι.
1859 2349 1950 2401 Διὸ
1977 2349 2071 2401 καὶ
2102 2349 2162 2401 οὐ
2186 2348 2290 2419 χρὴ
2314 2349 2472 2402 πλέον
2491 2366 2545 2402 τι
2589 2351 2726 2421 πρὸς
2757 2349 2952 2410 αὐτοὺς
2989 2348 3161 2401 εἰπεῖν
3187 2363 3200 2376 ·
3229 2349 3390 2419 ἀρκεῖ
3411 2349 3518 2420 γὰρ

274 2443 338 2496 τὰ
369 2445 480 2515 πρὸ
507 2444 709 2498 τούτων
740 2444 1002 2515 εἰρημένα
1027 2447 1146 2498 κατ’
1161 2443 1358 2497 αὐτῶν.
1384 2441 1570 2512 Itaque
1597 2441 1831 2495 Arianor

1956 2440 2168 2511 quidem
2200 2451 2542 2509 nequaquam
2571 2441 2746 2495 aliena
2777 2449 2862 2494 est
2888 2440 3204 2510 ltujusmodi
3226 2443 3513 2495 sententia.

273 2533 566 2606 Postquam
583 2535 726 2590 enim
743 2537 910 2592 semel
929 2536 1022 2592 Dei
1039 2535 1275 2591 Verbum
1299 2549 1497 2606 negare
1513 2533 1628 2589 ausi
1645 2545 1792 2597 sunt,
1811 2533 2008 2588 merito
2038 2532 2228 2587 eadem
2250 2546 2470 2602 quoque
2489 2533 2557 2588 de
2582 2534 2702 2602 ejus
2719 2518 2924 2602 Spiritu
2958 2533 3121 2603 impie
3155 2533 3514 2588 mentiuntur.

272 2629 540 2697 Quocirca
566 2641 665 2682 nec
695 2628 849 2698 plura
879 2627 1142 2686 adversus
1173 2630 1298 2685 illos
1327 2637 1551 2685 neceSse
1580 2641 1664 2685 est
1693 2629 1872 2684 dicere
1903 2647 1916 2682 :
1948 2643 2072 2682 nam
2105 2629 2239 2683 satis
2259 2643 2381 2683 esse
2413 2629 2610 2684 debent
2638 2643 2760 2699 quae
2786 2635 2945 2682 antea
2979 2635 3167 2682 contra
3195 2627 3345 2696 ipsos
3372 2629 3516 2683 dicta

271 2735 416 2780 sunt.
458 2725 528 2779 In
569 2725 650 2778 his
684 2726 861 2794 itaque
902 2725 1135 2794 epistolis
1157 2734 1342 2778 contra
1367 2724 1625 2794 quosdam
1654 2724 1892 2792 disputat
1928 2721 1987 2776 S.
2027 2723 2378 2784 Athanasius.
2415 2724 2504 2793 qui
2538 2725 2603 2776 ab
2638 2723 2857 2777 Arionis
2897 2723 3106 2792 quidem
3138 2723 3514 2786 discesserant,

270 2802 672 2886 fatebdnturque
701 2814 902 2869 Filium
930 2832 1042 2870 vere
1074 2815 1239 2886 Deum
1264 2831 1396 2878 esse,
1424 2816 1514 2869 sed
1543 2815 1701 2868 iidem
1725 2815 1789 2870 de
1819 2813 2023 2882 Spiritu
2047 2824 2230 2868 sancto
2254 2814 2412 2882 impie
2443 2815 2754 2883 sentiebant,
2777 2831 2928 2884 quem
2954 2816 3204 2868 nimirum
3237 2832 3345 2868 rem
3371 2833 3520 2869 crea-

273 2919 377 2962 tam
397 2923 510 2961 esse
535 2885 744 2973 vellent,
767 2915 814 2958 et
837 2922 998 2960 unum
1020 2885 1448 2960 exoadministris
1475 2905 1773 2973 spiritibus,
1802 2905 2014 2975 soloque
2043 2909 2212 2975 gradu
2237 2906 2300 2959 ab
2328 2906 2528 2976 angelis
2557 2907 2791 2974 differre,
2816 2917 2872 2961 ut
2902 2924 3117 2962 numero
3147 2909 3173 2962 1
3205 2908 3391 2976 prima:
3411 2910 3519 2977 epi—

268 3005 418 3059 stola:
446 3002 686 3057 habetur.
725 3000 870 3055 Unde
903 3003 1094 3069 Optime
1121 3002 1196 3054 ait
1224 3001 1549 3056 Athanasius
1581 3001 1761 3070 ﬁctam
1798 3001 2013 3055 illorum
2040 3018 2150 3056 esse
2179 3018 2299 3054 cum
2331 3001 2547 3055 Arionis
2569 3019 2820 3072 pugnam,
2845 3013 2902 3057 at
2934 3021 3110 3058 revera
3147 3020 3234 3058 eos
3259 3005 3362 3073 piae
3391 3001 3519 3070 fidei

267 3100 557 3155 adversari.
589 3099 877 3167 Utrumque
904 3097 1042 3151 enim
1066 3113 1297 3162 errorem
1328 3098 1724 3166 propugnabant
1765 3096 1980 3159 Ariani,
2013 3107 2061 3149 et
2108 3093 2312 3148 Filium
2339 3095 2577 3148 videlicet
2613 3105 2658 3149 et
2688 3095 2945 3165 Spiritum
2971 3112 3078 3149 rem
3111 3107 3344 3149 creatam
3382 3113 3514 3163 esse,

268 3191 344 3242 uti
371 3191 524 3243 modo
553 3190 802 3263 vidimus,
829 3187 1126 3256 passimque
1159 3186 1290 3240 alibi
1321 3185 1556 3240 declarat
1587 3183 1644 3240 S.
1691 3184 1901 3252 Doctor,
1925 3184 2066 3238 verbi
2101 3186 2309 3254 gratia,
2340 3184 2599 3238 Oratione
2631 3198 2692 3238 ιιι
2731 3191 2921 3238 contra
2949 3183 3207 3250 Arianos,
3242 3199 3364 3254 pag.
3391 3185 3516 3248 447,

269 3304 412 3341 num.
444 3286 535 3339 15.
571 3284 701 3338 Inde
726 3293 899 3336 autent
921 3268 1162 3354 effectum
1189 3291 1265 3334 est
1296 3291 1352 3334 ut
1381 3281 1462 3334 illi
1487 3290 1535 3334 et
1563 3283 1626 3333 ab
1656 3279 1869 3333 Arionis
1892 3279 2012 3333 odio
2047 3279 2216 3332 habiti
2234 3280 2361 3342 sint,
2386 3279 2524 3348 quod
2548 3277 2750 3331 Filium
2775 3276 2969 3332 nollent
3002 3293 3110 3330 rem
3135 3288 3365 3332 creatam
3386 3295 3516 3342 esse,

269 3381 706 3453 quemadmodum
731 3394 875 3446 num.
903 3361 972 3430 ’52
993 3376 1222 3452 ejusdem
1251 3369 1437 3449 prima?
1459 3373 1694 3444 epistolae
1725 3383 1998 3437 narratur,
2033 3389 2124 3426 nec
2161 3373 2226 3426 ab
2264 3372 2568 3426 orthodoxis
2604 3371 2796 3440 fuerint
2820 3369 3061 3437 admissi,
3093 3372 3230 3442 quod
3260 3371 3517 3440 Spiritum

269 3489 509 3533 sanctum
535 3487 782 3546 negarent
809 3473 976 3527 Deum
997 3489 1274 3538 vereesse,
1291 3471 1510 3542 Tropici
1539 3459 1696 3540 porro
1719 3470 1850 3523 dicti
1876 3470 2036 3523 iidem
2065 3479 2207 3536 sunt,
2241 3470 2319 3523 uti
2349 3486 2486 3539 stepe
2517 3485 2602 3523 eos
2633 3478 2778 3522 vocat
2804 3466 3224 3534 S.Athanasius,
3250 3478 3306 3520 ut
3334 3485 3517 3521 nante-

270 3573 341 3624 ris
368 3572 438 3625 10
463 3580 513 3624 et
541 3570 610 3623 52
625 3569 811 3636 prima:
832 3564 1088 3635 epistolae,
1120 3565 1258 3630 quod
1288 3580 1465 3633 nempe
1481 3579 1647 3617 sacrm
1674 3561 1964 3631 Scriptum
1997 3562 2334 3631 loca,quibus
2363 3563 2416 3616 in
2448 3560 2765 3616 vindicanda
2787 3560 2959 3612 sancti
2983 3558 3213 3628 Spiritus
3243 3560 3521 3612 divinitate

270 3662 552 3715 utebantur
579 3659 878 3724 orthodoxi,
906 3660 1224 3728 metaphoris
1247 3669 1297 3713 et
1333 3660 1497 3728 trOpis
1527 3658 1710 3713 vellent
1736 3670 1848 3712 esse
1884 3658 2296 3727 interpretanda.
2331 3658 2590 3712 Caeterum
2611 3658 2666 3710 hi
2693 3672 2796 3710 non
2824 3655 2983 3709 iident
3021 3655 3264 3709 videntur
3294 3673 3404 3710 esse
3428 3658 3519 3727 qui

271 3751 665 3807 Macedoniani.
697 3748 829 3824 Illos
850 3751 989 3802 enim
1025 3760 1158 3804 recte
1185 3751 1248 3803 de
1280 3749 1422 3815 Filio
1456 3750 1648 3803 sentire
1679 3759 1893 3802 numero
1919 3749 1942 3802 1
1977 3758 2026 3802 et
2056 3748 2186 3802 alibi
2218 3749 2486 3803 indicatur
2508 3766 2526 3802 :
2553 3760 2609 3803 at
2645 3749 3016 3805 Macedoniani
3047 3751 3289 3805 nolebant
3317 3752 3516 3807 Filium

272 3848 424 3904 Patri
437 3865 549 3903 esse
575 3843 1098 3904 consubstantialem,
1121 3844 1210 3894 sed
1234 3840 1460 3894 similem
1495 3840 1778 3903 duntaxat,
1803 3848 1857 3892 ut
1875 3838 2031 3908 refert
2070 3837 2420 3894 Tlteodoretus
2441 3839 2825 3895 [latreticarum
2853 3839 3158 3896 fabularum
3189 3843 3280 3897 lib.
3309 3859 3384 3909 tv,
3419 3862 3521 3899 nu-

269 3955 410 3993 mero
441 3939 497 4003 5,
529 3948 579 3993 et
609 3938 860 3994 Historiae
887 3933 1270 3993 ecclesiastica:
1303 3931 1398 3984 lib.
1425 3947 1486 4008 tt,
1510 3948 1558 3984 c.
1583 3931 1641 3984 6.

338 4030 405 4084 ll.
444 4029 760 4083 Perturbato
803 4027 1088 4082 admodum
1125 4031 1174 4076 et
1213 4011 1533 4091 pt'tepOstero
1559 4021 1742 4074 ordine
1781 4029 1990 4074 exstant
2018 4021 2126 4076 illte
2151 4022 2387 4089 epistola:
2427 4024 2482 4076 in
2510 4023 2666 4079 editis
2683 4036 2838 4082 antea
2863 4029 3103 4098 operibus
3129 4029 3187 4086 S.
3219 4032 3518 4089 Athanasii.

274 4119 415 4174 Nam
444 4137 564 4190 qua:
585 4121 757 4189 prima
777 4135 886 4173 esse
907 4119 1078 4186 debet,
1106 4119 1334 4175 secunda
1359 4121 1468 4184 'est;
1491 4135 1608 4189 qua:
1637 4128 1817 4172 contra
1839 4119 2066 4172 secunda
2094 4119 2240 4174 debet
2269 4137 2398 4188 esse,
2425 4122 2653 4190 primum
2678 4136 2893 4192 occupat
2927 4126 3119 4182 locant.
3149 4127 3268 4184 Ima
3292 4147 3416 4198 pars
3439 4151 3523 4188 se-

271 4214 459 4267 cundm
481 4211 718 4286 epistola:
743 4212 1004 4280 posterior
1027 4213 1080 4265 in
1104 4211 1329 4265 secundo
1358 4212 1535 4265 exstat
1565 4221 1727 4277 tomo,
1757 4225 1873 4262 cum
1917 4225 2040 4278 pars
2065 4209 2299 4279 ejusdem
2333 4213 2481 4280 prior
2519 4214 2587 4266 sit
2621 4215 2673 4266 in
2705 4217 2877 4285 primo
2910 4227 3072 4274 tomo.
3105 4218 3364 4277 Similiter
3397 4241 3520 4293 pars

271 4305 479 4357 ultimae
503 4303 738 4373 epistolte
770 4297 1031 4374 posterior
1059 4305 1113 4357 in
1141 4305 1312 4372 primo
1343 4292 1606 4380 collocata
1628 4311 1704 4356 est
1733 4310 1895 4367 tomo,
1917 4318 2043 4371 pars
2073 4313 2246 4356 autem
2278 4303 2426 4371 prior
2455 4304 2509 4356 in
2537 4307 2782 4360 secundo.
2817 4306 2921 4363 Sed
2946 4312 3186 4364 codicum
3222 4292 3522 4370 manuscri-

269 4410 481 4467 ptorum
515 4415 609 4469 ope
640 4399 876 4469 singulas
900 4400 951 4453 in
980 4401 1251 4469 proprium
1281 4400 1608 4473 restituimns
1656 4397 1913 4461 ordinem,
1950 4407 2107 4466 prout
2140 4399 2393 4467 sequitur.
2427 4396 2611 4453 Prima
2638 4417 2819 4470 nempe
2847 4420 2909 4458 ea
2949 4415 3026 4459 est
3054 4423 3173 4476 qute
3202 4409 3411 4478 incipit,
3441 4411 3521 4464 Τὰ

271 4492 578 4562 γράμματα
606 4481 704 4561 τῆς
735 4479 856 4560 σῆς,
876 4497 999 4553 etc.,
1020 4503 1311 4560 quamcum
1333 4489 1572 4544 nonnulli
1595 4490 1822 4558 fratrum
1851 4498 2094 4558 cuperent
2119 4491 2171 4542 in
2192 4490 2447 4559 epitomen
2472 4492 2822 4561 redigi,petiit
2843 4496 2906 4549 ab
2933 4497 3225 4554 Athanasio
3240 4500 3518 4572 Serapion,

270 4597 324 4639 ut
344 4587 401 4639 id
415 4588 611 4656 efﬁcere
637 4603 738 4638 non
767 4595 1092 4655 gravaretur.
1111 4585 1336 4655 Htecque
1353 4602 1514 4640 causa
1531 4586 1632 4655 fuit
1661 4595 1842 4639 sancto
1862 4584 2076 4639 Doctori
2107 4587 2388 4640 secundum
2412 4587 2481 4639 ad
2502 4589 2738 4642 eumdem
2761 4589 3021 4643 scribendi
3047 4591 3345 4658 epistolam,
3371 4593 3521 4661 cujus

268 4677 506 4742 initium,
553 4674 693 4743 Ἐγὼ
721 4676 818 4746 μὲν
847 4675 1111 4746 ἐνόμιζον,
1142 4687 1241 4730 etc.
1268 4677 1441 4745 Hujus
1470 4678 1525 4731 in
1552 4678 1720 4746 priori
1745 4687 1895 4747 parte
1921 4676 2146 4730 breviter
2171 4688 2357 4748 contra
2399 4679 2626 4733 Arianos
2673 4677 2825 4735 Verbi
2852 4681 3179 4736 divinitatem
3219 4694 3434 4737 tuetur:
3464 4686 3520 4737 in

268 4769 441 4822 altera
468 4779 644 4819 autem
670 4776 832 4834 parte,
854 4783 1010 4836 quam
1022 4768 1102 4821 his
1119 4767 1285 4821 verbis
1301 4767 1592 4833 exorditur,
1619 4768 1776 4831 Ἴσως
1795 4768 2114 4838 θαυμάσεις,
2141 4777 2266 4832 etc.,
2285 4770 2511 4838 primam
2533 4773 2798 4825 contrahit
2820 4773 3116 4842 epistolam.
3148 4772 3364 4826 Videtur
3380 4775 3519 4827 enim

267 4859 490 4912 omnino
515 4874 618 4910 non
647 4857 877 4911 diversas
912 4875 1020 4913 esse
1041 4861 1312 4926 epistolas,
1341 4861 1432 4914 sed
1468 4861 1601 4913 duas
1645 4862 1907 4915 duntaxat
1930 4862 2165 4930 ejusdem
2192 4863 2427 4931 epistola:
2474 4870 2672 4934 partes,
2712 4882 2842 4935 quas
2876 4869 3207 4932 postmodum
3238 4869 3521 4922 distinctas

268 4946 435 5000 veluti
465 4945 715 5014 epistolas
740 4946 963 5000 divisere
984 4963 1346 5001 amanuenses.
1388 4947 1494 5001 Nec
1531 4951 1669 5002 enim
1700 4952 2043 5017 posteriorem
2080 4960 2284 5020 partem
2309 4954 2466 5022 quasi
2501 4952 2665 5006 aliam
2702 4953 2979 5022 epistolam
3009 4959 3284 5013 exorditur
3303 4975 3322 5011 :
3345 4961 3433 5012 sed
3469 4977 3525 5012 se

272 5056 495 5101 excusat
514 5045 682 5116 quod,
701 5055 915 5114 rogatus
937 5055 994 5098 ut
1020 5047 1244 5115 primam
1272 5051 1335 5101 de
1357 5046 1562 5116 Spiritu
1588 5062 1770 5101 sancto
1794 5049 2067 5118 epistolam
2083 5052 2431 5114 contraheret,
2459 5053 2606 5119 prius
2634 5051 2696 5104 de
2725 5050 2859 5104 Filii
2885 5052 3160 5104 divinitate
3189 5050 3520 5104 disseruerit.

271 5137 543 5192 Prteterea
573 5135 819 5190 secunda:
847 5137 1082 5204 epistola:
1104 5138 1258 5192 initio
1289 5154 1342 5191 se
1367 5139 1506 5191 inea
1536 5139 1846 5206 praestitisse
1874 5140 2059 5193 soribit
2098 5140 2236 5210 quod
2276 5143 2574 5210 postularat
2607 5141 2882 5210 Serapion,
2924 5149 2980 5192 ut
3025 5141 3225 5193 scilicet
3269 5141 3519 5208 primum,

267 5243 393 5296 qua
417 5227 577 5297 paulo
611 5227 782 5296 fusior
802 5227 1097 5296 videbatur,
1137 5231 1303 5285 verbis
1329 5231 1663 5300 paucioribus
1689 5232 1838 5286 vellet
1867 5234 2295 5303 comprehendere
2328 5251 2346 5288 :
2400 5235 2537 5305 quod
2565 5251 2678 5288 cum
2711 5234 2921 5288 nonnisi
2962 5235 3016 5286 in
3047 5233 3167 5298 hac,
3201 5250 3356 5302 quam
3380 5234 3519 5287 dici—

277 5338 421 5389 mus,
445 5322 682 5377 secunda
704 5332 856 5392 parte
881 5321 1210 5390 prtestiterit,
1243 5320 1444 5374 clarum
1471 5330 1547 5374 est
1571 5322 1742 5390 ipsam
1768 5337 1868 5374 non
1897 5338 2084 5375 novam
2109 5338 2219 5376 esse
2249 5323 2546 5392 epistolam,
2567 5323 2655 5374 sed
2684 5329 2887 5390 partem
2907 5328 3114 5371 tantum
3145 5321 3386 5374 secundm
3410 5323 3522 5390 epi-

270 5415 428 5468 stola:
451 5416 820 5484 posteriorem.
845 5412 982 5466 Hinc
1005 5415 1163 5467 etiam
1190 5413 1244 5464 in
1274 5410 1534 5480 plerisque
1562 5421 1612 5464 et
1641 5411 2102 5480 prtestantioribus
2127 5412 2502 5481 manuscriptis
2530 5411 2818 5473 codicibus,
2837 5412 3079 5463 secundm
3102 5411 3338 5479 epistola:
3367 5413 3523 5466 initio

269 5527 389 5564 eam
413 5512 602 5580 prima:
649 5526 763 5566 esse
798 5510 1053 5579 epitomen
1085 5489 1391 5568 adnotatur,
1426 5505 1562 5572 quod
1597 5519 1722 5558 sane
1763 5505 1869 5558 veri
1903 5515 2034 5559 esset
2078 5503 2330 5570 alienum,
2372 5504 2418 5555 si
2456 5519 2578 5571 pars
2605 5502 2718 5570 ejus
2753 5501 2921 5554 altera
2967 5502 3219 5556 distincta
3251 5515 3381 5557 esset
3413 5506 3523 5572 epi-

268 5607 427 5661 stola.

342 5699 427 5756 lll.
465 5701 579 5756 Nec
608 5715 730 5755 vero
763 5699 862 5754 soli
891 5692 1584 5754 secun'dte'acciditepistola:
1607 5701 1661 5746 ut
1691 5695 1744 5750 in
1774 5693 1907 5752 duas
1929 5695 2336 5765 disjttngeretur,
2355 5692 2443 5744 sed
2468 5691 2600 5746 idem
2627 5706 2829 5761 quoque
2858 5691 2910 5744 in
2938 5691 3127 5746 ultima
3150 5695 3389 5765 contigit,
3410 5711 3526 5764 quae
