3944 6222
429 375 532 431 527
1034 365 1092 421 S.
1131 361 1499 419 ATHANASll
1537 360 1686 418 OPP.
1723 358 1903 413 PARS
1941 359 1982 415 1.
2019 391 2087 401 -
2124 353 2493 412 l-llSTORlCA
2525 354 2613 410 ΕΤ
2650 353 3070 411 DOGMATICA.
3540 354 3646 410 528

429 494 743 550 videlicetm
767 489 1032 545 codicibus
1060 485 1372 541 Cloberiano
1410 495 1459 537 et
1489 482 1830 536 Felckmanni
1856 483 2025 548 primo
2049 481 2102 533 in
2129 479 2260 533 duas
2284 481 2486 550 pariter
2509 479 2771 532 distracta
2802 487 2879 531 est
2908 463 3179 543 epistolas:
3221 473 3410 527 Verum
3441 475 3648 528 etiamsi

429 584 758 654 exploratum
793 579 939 632 nobis
967 577 1205 631 videatur
1236 576 1313 628 ita
1343 591 1396 627 se
1431 589 1535 625 rem
1566 571 1770 635 habere,
1810 579 1980 623 tamen
2008 585 2126 622 cum
2159 571 2216 622 in
2247 568 2508 632 omnibus,
2538 583 2665 636 quos
2704 568 2952 632 vidimus,
2978 569 3352 637 manuscriptis
3383 570 3647 624 codicibus

428 673 655 732 secunda
669 671 886 740 epistola
915 671 969 721 in
995 669 1126 722 duas
1149 666 1304 719 veluti
1321 664 1564 734 epistolas
1593 663 1847 716 distincta
1869 663 1960 728 sit,
1992 677 2093 714 non
2121 661 2239 714 ausi
2262 675 2441 714 sumus
2469 659 2627 713 simul
2651 661 2984 730 conjungere,
3009 663 3098 718 sed
3122 680 3235 718 eam
3259 675 3413 734 prout
3445 667 3498 718 in
3523 666 3648 734 ipsis

431 763 801 832 manuscriptis
821 759 1057 826 habetur,
1080 762 1380 814 divisimus.

497 856 586 913 ιν.
615 853 997 910 Felckmannus
1027 855 1305 908 secundam
1344 853 1640 922 epistolam,
1675 853 1781 907 sive
1807 853 2031 922 primam
2052 852 2164 922 ejus
2191 860 2415 921 partem,
2448 867 2564 920 qua:
2594 850 2658 904 de
2686 850 2832 905 Filio
2862 852 3073 905 disserit
3106 852 3240 922 (70),
3271 853 3518 922 synopsin
3544 871 3650 908 esse

425 947 746 1002 Orationum
794 956 980 1001 contra
1011 946 1242 1000 Arianos
1271 954 1349 998 est
1377 945 1687 999 arbitratus.
1745 945 1814 998 At
1837 945 1957 997 huic
1991 944 2227 1012 opinioni
2269 943 2611 1013 refragantur
2635 959 2752 996 cum
2779 944 3128 1010 manuscripti
3158 943 3382 1009 codices,
3413 946 3503 1013 qui
3535 962 3648 998 eam

423 1039 681 1106 epitomen
713 1053 822 1091 esse
849 1038 1033 1105 prima
1065 1036 1132 1090 ad
1165 1033 1501 1106 Serapionem
1524 1037 1756 1106 epistola:
1787 1035 2082 1101 observant,
2115 1044 2225 1086 tum
2259 1051 2375 1088 vero
2410 1036 2583 1104 ipsum
2609 1035 2845 1104 ejusdem
2871 1034 3166 1096 exordium,
3202 1035 3290 1087 ubi
3324 1035 3509 1103 prima!
3537 1046 3651 1090 tan-

425 1136 536 1181 tum
560 1129 792 1181 meminit
815 1125 873 1180 S.
901 1127 1241 1192 Athanasius,
1261 1142 1418 1196 quam
1443 1128 1497 1181 ie
1519 1129 1596 1180 ait
1630 1127 1684 1180 in
1721 1127 1948 1180 secunda
1992 1127 2116 1190 ista,
2148 1134 2336 1194 rogatu
2379 1123 2707 1194 Serapionis,
2731 1125 2990 1196 nullisque
3037 1124 3336 1193 optantibus
3372 1126 3647 1194 fratribus,

424 1220 765 1273 contraxisse.
793 1217 914 1272 Non
936 1217 1211 1286 difﬁtemur
1235 1227 1408 1272 tanten
1428 1220 1694 1289 praecipua
1715 1235 1830 1287 qua:
1854 1218 1909 1269 in
1932 1216 2279 1271 Orationibus
2303 1225 2490 1270 contra
2513 1216 2745 1271 Arianos
2769 1216 2942 1286 fusius
2963 1228 3296 1286 exponuntur
3321 1229 3648 1288 argumenta,

422 1314 648 1366 strictim
677 1312 760 1365 hic
781 1327 1051 1381 presseque
1077 1314 1298 1366 tractari
1328 1326 1346 1365 :
1380 1322 1432 1366 at
1465 1313 1824 1367 contendimus
1856 1309 1992 1363 illud
2029 1325 2178 1378 opus,
2201 1309 2338 1378 quod
2370 1310 2614 1363 secunda:
2653 1309 2886 1377 epistola:
2907 1310 3186 1380 principio,
3227 1311 3302 1362 ait
3333 1326 3386 1364 se
3414 1311 3465 1362 in
3486 1311 3651 1379 epito-

422 1426 538 1464 rnen
569 1409 843 1479 redegisse,
870 1408 1017 1462 aliud
1055 1405 1259 1461 nullum
1287 1421 1394 1459 esse
1417 1421 1575 1475 quam
1601 1401 1878 1472 epistolam
1906 1400 2132 1469 primam
2159 1399 2226 1452 ad
2249 1397 2610 1467 Serapionem.

493 1503 554 1558 ν.
593 1503 793 1558 Ultima
817 1504 1033 1573 denique
1058 1502 1279 1571 epistola
1309 1502 1384 1554 ita
1399 1500 1628 1564 orditur,
1662 1496 1937 1566 Ἐνέτυχον
1955 1495 2049 1548 καὶ
2070 1497 2159 1566 τῇ,
2180 1503 2278 1547 etc.
2305 1493 2475 1562 Hujus
2492 1503 2668 1547 autem
2692 1510 2816 1562 pars
2834 1501 3120 1564 postrema,
3162 1492 3266 1548 sive
3282 1491 3439 1546 veluti
3456 1507 3648 1560 appen-

421 1597 514 1652 dix
533 1605 610 1651 est
641 1605 896 1650 tractatus
921 1596 977 1648 in
1001 1593 1243 1648 Matthaei
1267 1593 1440 1658 verba,
1465 1591 1786 1659 Quicunque
1818 1586 2014 1641 dixerit
2039 1587 2105 1651 “,
2143 1594 2266 1648 etc.,
2290 1585 2380 1655 qui
2410 1584 2546 1638 male
2572 1585 2627 1638 in
2654 1584 2900 1641 hactenus
2925 1589 3081 1642 editis
3105 1589 3166 1642 ab
3186 1590 3276 1642 illa
3295 1597 3372 1643 est
3393 1589 3646 1642 divulsus.

420 1693 688 1764 Siquidem
709 1709 810 1746 non
832 1691 1000 1745 solum
1016 1692 1069 1743 in
1085 1685 1320 1743 omnibus
1348 1681 1716 1749 manuscriptis
1730 1677 1993 1733 codicibus
2017 1678 2150 1731 hanc
2167 1676 2346 1731 statim
2367 1677 2698 1745 subsequitur
2724 1679 3021 1748 epistolam,
3045 1681 3135 1735 sed
3164 1682 3324 1735 etiam
3353 1682 3408 1734 in
3439 1683 3648 1751 optima:

421 1794 558 1840 notte
573 1785 732 1855 Regio
748 1793 794 1838 et
808 1782 1124 1853 Segueriano
1143 1786 1278 1830 recte
1293 1791 1408 1828 cum
1426 1775 1540 1843 ipsa
1557 1773 1747 1842 absque
1765 1770 1872 1824 ullo
1892 1769 2044 1823 titulo
2059 1767 2415 1838 coniungitur,
2437 1776 2740 1838 tantumque
2765 1773 2819 1824 in
2847 1772 3078 1842 margine
3103 1777 3256 1826 verba
3276 1773 3391 1841 ipsa
3411 1771 3650 1827 Matt/icui

419 1878 736 1947 afferuntur,
777 1877 854 1928 uti
883 1875 943 1944 fit
985 1883 1032 1928 et
1067 1871 1188 1926 aliis
1222 1871 1277 1923 in
1302 1867 1452 1921 locis.
1480 1864 1547 1920 In
1575 1865 1889 1919 Gobleriano
1913 1873 2087 1917 autem
2109 1873 2155 1915 et
2185 1859 2528 1914 Felcltmanni
2563 1863 2733 1930 primo
2764 1862 2873 1918 ltarc
2901 1881 3046 1919 nova:
3077 1866 3230 1936 quasi
3250 1864 3484 1934 epistola:
3510 1881 3648 1934 pra:-

417 1972 632 2040 ponitur
659 1968 956 2038 inicriptio,
984 1966 1126 2036 Πρὸς
1156 1967 1247 2019 τὸν
1280 1964 1442 2018 αὑτὸν
1467 1962 1808 2035 Σεραπίωνα.
1838 1959 1971 2014 Nem

2090 1974 2182 2010 um
2209 1957 2262 2010 in
2282 1957 2455 2026 prima
2487 1958 2730 2026 epistola,
2763 1958 2925 2030 516
2949 1975 3094 2014 num.
3125 1960 3179 2026 5,
3202 1967 3250 2013 et
3277 1960 3330 2013 in
3355 1960 3460 2029 ﬁne
3481 1961 3647 2029 partis

417 2046 720 2132 posterioris
746 2058 985 2113 secunda:
1013 2057 1122 2112 hazc
1159 2056 1427 2126 Evangelii
1457 2055 1610 2110 verba
1645 2062 1830 2107 contra
1867 2051 2196 2105 adversarios
2231 2049 2539 2104 adduxisset
2577 2049 2636 2107 S.
2675 2052 3019 2122 Athanasius,
3049 2056 3219 2124 ipsum
3263 2057 3462 2126 rogavit
3493 2056 3651 2110 Sera-

416 2155 564 2223 pion,
585 2160 644 2204 ut
669 2150 842 2204 locum
863 2148 1012 2202 illum
1037 2149 1490 2217 interpretaretur,
1512 2144 1896 2214 explicaretque
1918 2159 2013 2196 cur
2041 2142 2130 2210 qui
2161 2141 2215 2195 in
2247 2139 2507 2211 Spiritum
2528 2153 2772 2197 sanctum
2805 2149 3114 2215 peccaverit,
3139 2151 3346 2218 gravius
3359 2150 3648 2219 puniendus

416 2246 678 2314 sit'quam
697 2243 788 2312 qui
816 2242 870 2295 in
893 2238 1129 2303 Filium;
1156 2240 1240 2292 cui
1258 2237 1624 2308 postulationi,
1648 2236 1873 2289 multum
1919 2233 2061 2296 licet,
2094 2243 2152 2287 ut
2189 2233 2396 2299 scribit,
2423 2234 2718 2303 reluctans,
2757 2237 2813 2291 in
2853 2239 2958 2308 ﬁne
2989 2239 3192 2295 ultimis
3231 2240 3388 2309 hujus
3416 2242 3650 2310 epistola!

416 2337 700 2407 satisfecit.

486 2429 576 2485 Vl.
606 2428 728 2483 Non
757 2430 980 2482 multum
1001 2424 1402 2480 immorabimur
1429 2424 1484 2477 in
1518 2421 1802 2492 refellendo
1829 2421 2089 2490 prwcipiti
2112 2430 2162 2475 et
2183 2421 2360 2492 iniquo
2383 2422 2666 2477 admodum
2703 2422 2918 2480 Erasmi
2935 2425 2998 2479 de
3021 2426 3193 2496 prima
3217 2429 3286 2481 ad
3315 2427 3649 2500 Serapionem

415 2519 636 2586 epistola
649 2518 877 2589 judicio.
906 2517 1087 2580 Salvo,
1116 2515 1283 2581 inquit
1311 2513 1422 2576 ille,
1455 2521 1510 2568 et
1531 2513 1740 2582 integro
1768 2510 2054 2566 doctorum
2093 2509 2321 2580 judicio,
2355 2525 2454 2581 ego
2483 2527 2678 2568 censeo
2717 2515 2820 2569 hoc
2851 2529 2988 2585 opus
3037 2533 3158 2575 esse
3195 2521 3433 2577 hominis
3463 2522 3647 2583 otiosi,

416 2613 674 2683 nulloque
702 2610 920 2682 ingenio
948 2609 1179 2680 praediti,
1213 2607 1308 2679 qui
1337 2607 1566 2664 voluerit
1603 2606 1809 2660 imitari
1837 2605 1948 2662 divi
1994 2605 2274 2661 Athanasii
2313 2607 2527 2664 libellos
2558 2609 2625 2664 ad
2655 2607 3032 2684 Serapionem.
3063 2606 3162 2675 llic
3189 2622 3325 2676 mira
3368 2622 3650 2692 congeries

415 2708 662 2764 locorum
688 2715 742 2762 et
771 2708 1042 2762 rationum
1067 2702 1335 2770 confusio,
1360 2701 1858 2772 molestissimaque
1886 2701 2054 2756 semel
2080 2701 2352 2757 dictorum
2395 2703 2631 2760 iteratio.
2677 2705 2866 2763 Eidem
2903 2715 3174 2771 sententiis
3201 2725 3390 2770 temere
3417 2717 3650 2770 subscrio

417 2798 543 2853 bunt
570 2797 835 2853 Scultetus
860 2806 910 2851 et
951 2797 1184 2867 Rivetus,
1210 2801 1370 2856 nullis
1408 2802 1529 2856 aliis
1566 2803 1810 2856 adductis
1841 2803 2186 2872 arguntentis,
2221 2803 2323 2856 nisi
2355 2803 2494 2874 quod
2518 2806 2680 2861 addat
2703 2807 2916 2864 Rivetus
2947 2815 3102 2868 citari
3131 2833 3193 2869 ea
3224 2816 3445 2885 epistola
3475 2816 3647 2869 locum

417 2893 676 2961 Michaue,
709 2897 801 2964 qui
831 2912 1087 2966 nusquam
1134 2899 1410 2966 reperitur,
1457 2899 1729 2964 nimirum,
1762 2897 1965 2953 Domus
1995 2896 2164 2952 Jacob
2194 2900 2542 2956 exacerbavit
2583 2901 2844 2972 Spiritum
2885 2905 3118 2960 Domini.
3159 2905 3347 2961 Verum
3383 2906 3532 2962 valde
3560 2907 3649 2960 ille

415 2983 779 3039 hallucinatur
796 3002 820 3051 ;
842 3003 964 3041 nam
990 2989 1036 3042 is
1061 2998 1138 3044 est
1167 3008 1343 3046 versus
1373 2994 1622 3062 septimus
1657 2994 1845 3064 capitis
1873 2994 2088 3047 secundi
2116 2992 2353 3049 Michwa:
2365 2995 2528 3065 juxta
2555 2997 2793 3055 Grecam
2817 3003 3127 3056 versionem.

485 3080 599 3137 Vll.
629 3080 802 3147 Quam
821 3100 957 3137 vana
981 3094 1030 3138 et
1059 3089 1343 3145 temeraria
1367 3090 1436 3144 sit
1467 3089 1769 3158 hujusmodi
1813 3089 2026 3142 illorum
2065 3088 2328 3158 opinatio,
2360 3107 2425 3145 ea:
2467 3093 2706 3148 omnibus
2736 3100 2946 3151 omnino
2973 3100 3348 3168 manuscriptis
3383 3099 3646 3152 codicibus

415 3175 764 3243 convincitur,
787 3176 842 3229 in
865 3177 1054 3246 quibus
1079 3180 1338 3248 videlicet,
1371 3199 1557 3254 magno
1589 3199 1862 3247 consensu,
1895 3182 1958 3238 S.
1989 3183 2280 3237 Athanasio
2311 3185 2648 3244 attribuitur.
2682 3188 2948 3246 Prcterea
2976 3193 3068 3263 qui
3088 3194 3140 3246 in
3171 3193 3388 3246 lectione
3412 3191 3648 3247 S.Atha-

415 3274 552 3327 nasii
577 3273 655 3328 vel
681 3276 898 3344 paulum
924 3287 1157 3330 versatus
1183 3277 1363 3347 fuerit,
1395 3298 1455 3334 ea
1486 3282 1539 3335 in
1559 3281 1780 3350 epistola
1815 3280 2136 3348 methodum,
2174 3283 2449 3349 dictiones,
2488 3285 2740 3356 verbaque
2780 3289 2895 3358 ipsa
2935 3287 2993 3343 S.
3025 3287 3265 3342 Doctoris
3301 3287 3458 3357 facile
3485 3304 3646 3358 agno-

413 3373 540 3418 scet.
571 3363 683 3418 Nec
712 3367 850 3419 enim
880 3366 1034 3420 aliter
1073 3367 1161 3422 hic
1199 3371 1408 3426 disserit
1442 3388 1595 3444 quam
1633 3373 1755 3426 aliis
1784 3373 1840 3424 in
1886 3372 2148 3442 operibus,
2189 3372 2328 3428 verbi
2357 3376 2530 3445 gratia
2552 3415 2567 3439 ,
2608 3378 2663 3429 in
2703 3377 3056 3433 Orationibus
3089 3388 3273 3434 contra
3311 3378 3562 3441 Arianos,
3589 3379 3646 3432 in

411 3460 599 3532 quibus
622 3459 913 3532 Scriptum
937 3463 1234 3518 testimonia
1267 3464 1494 3534 undique
1517 3462 1835 3527 accumulat,
1849 3457 1928 3514 'ut
1963 3459 2098 3515 Filii
2126 3463 2455 3517 divinitatem
2500 3472 2732 3519 tueatur.
2767 3465 2897 3521 Cum
2919 3467 3057 3520 enim
3079 3475 3127 3520 et
3154 3466 3343 3519 Ariani
3363 3474 3413 3520 et
3439 3465 3646 3535 Tropici

411 3552 621 3606 easdem
642 3553 978 3608 admitterent
1010 3553 1313 3625 Scripturas
1345 3567 1406 3605 ac
1429 3551 1726 3614 orthodoxi,
1757 3549 2038 3613 undenam,
2066 3567 2264 3620 quaeso,
2293 3551 2553 3606 validiora
2579 3564 2752 3622 posset
2786 3556 3021 3624 proferre
3055 3564 3364 3626 argumenta
3395 3573 3550 3625 quam
3579 3572 3643 3610 ea:

412 3647 606 3702 divinis
635 3648 717 3703 his
748 3649 896 3703 libris
922 3651 948 3704 Ρ
977 3648 1089 3705 Nec
1116 3650 1278 3704 etiam
1300 3647 1530 3701 crebrius
1559 3645 1643 3699 hic
1668 3646 1846 3699 eadem
1872 3646 2055 3714 repetit
2083 3662 2240 3715 quant
2271 3646 2425 3711 alibi,
2457 3649 2594 3716 quod
2627 3649 2836 3718 quidem
2883 3649 3160 3704 molestum
3199 3651 3390 3703 nemini
3417 3666 3527 3704 esse
3555 3651 3644 3704 de-

412 3740 528 3797 bere
555 3743 665 3813 ipse
694 3745 826 3800 solet
851 3761 1186 3815 praemonere.
1211 3743 1445 3814 Denique
1467 3758 1585 3796 cum
1614 3741 1772 3795 iidem
1793 3741 1876 3794 illi
1900 3740 2140 3796 secundte
2173 3742 2408 3812 epistola:
2442 3753 2644 3813 partem
2677 3746 3040 3813 posteriorem,
3073 3760 3190 3814 qua:
3213 3745 3398 3813 prima:
3428 3755 3504 3799 est
3534 3746 3643 3814 epi-

413 3842 568 3902 tome,
602 3835 884 3892 Athanasii
905 3853 1015 3892 esse
1044 3835 1390 3900 consentiant,
1421 3832 1705 3902 permirum
1730 3847 1852 3885 sane
1879 3842 1953 3885 est
1974 3833 2114 3902 quod
2135 3833 2269 3886 hanc
2291 3833 2520 3888 audeant
2553 3835 2846 3903 repudiare.
2878 3835 2982 3890 Sed
3009 3837 3074 3890 de
3095 3836 3179 3891 his
3205 3837 3339 3891 satis
3365 3852 3638 3907 superque.

413 3929 503 3984 Ita
529 3933 668 3985 enim
691 3935 1020 4003 perspicuum
1050 3943 1124 3988 est
1153 3948 1266 3986 vere
1295 3931 1576 3985 Athanasii
1598 3945 1709 3984 esse
1734 3930 1958 3998 primaut
1983 3929 2118 3983 hanc
2137 3929 2433 4000 epistolam,
2463 3941 2518 3985 ut
2536 3931 2727 3985 nemini
2754 3948 2861 3986 rem
2881 3930 3016 3986 serio
3040 3929 3366 3983 examinanti
3390 3928 3503 3982 ulla
3523 3946 3642 4000 pos-

411 4025 484 4081 sit
507 4023 706 4079 oboriri
730 4027 959 4095 suspicio
980 4027 1036 4080 id
1061 4027 1114 4081 in
1139 4028 1356 4082 dubium
1379 4026 1680 4080 revocandi.

484 4113 618 4170 Vlll.
642 4114 951 4171 Cardinalis
987 4117 1276 4172 Perronius
1305 4117 1400 4173 lib.
1436 4132 1472 4171 ll
1509 4116 1584 4170 De
1612 4114 1976 4180 Eucharistia,
2005 4114 2201 4186 aliique
2232 4117 2473 4198 nonnulli
2497 4127 2815 4188 postremam
2841 4134 3044 4188 quoque
3079 4125 3283 4188 partem
3317 4116 3425 4168 sive
3449 4131 3642 4186 appen-

411 4204 580 4259 dicem
607 4206 843 4274 epistolte
873 4207 1096 4277 ultimm,
1125 4226 1306 4280 nempe
1332 4207 1636 4264 Tractatum
1669 4209 1724 4261 in
1750 4207 1902 4261 verba
1929 4207 2202 4274 Matt/tari,
2253 4209 2578 4281 Quicunque
2611 4211 2839 4277 dixerit,
2880 4223 3004 4278 etc.,
3037 4223 3292 4282 negarunt
3324 4229 3500 4269 verum
3531 4226 3642 4265 esse

413 4301 472 4359 3.
497 4301 778 4356 Athanasii
813 4319 962 4373 opus.
991 4306 1059 4359 At
1087 4322 1390 4376 germanum
1429 4307 1541 4376 ejus
1581 4305 1742 4374 fetum
1781 4320 1910 4371 esse,
1947 4320 2007 4358 ea
2035 4321 2151 4375 quia
2173 4302 2332 4376 paulo
2360 4317 2498 4375 ante,
2529 4323 2672 4363 num.
2702 4306 2770 4361 [ll
2806 4317 2856 4363 et
2882 4305 2948 4376 γ,
2974 4308 3114 4362 dicta
3139 4319 3281 4376 sunt,
3314 4307 3641 4378 apertissime

411 4398 710 4452 ostendunt.
737 4398 887 4453 Adde
913 4401 968 4453 in
996 4398 1230 4454 Concilio
1253 4399 1596 4456 Lateranensi
1619 4397 1712 4453 sub
1740 4397 1970 4452 Martino
1999 4397 2050 4467 1,
2076 4416 2195 4472 pag.
2221 4399 2345 4470 504,
2372 4411 2474 4457 tres
2499 4402 2639 4458 locos
2667 4419 2730 4459 ea:
2759 4403 2854 4458 hoc
2884 4412 3136 4472 tractatu,
3156 4413 3406 4476 tanquam
3433 4419 3498 4459 ex
3518 4416 3636 4458 vero

412 4493 472 4550 S.
499 4494 783 4550 Athanasii
817 4511 987 4565 opere,
1019 4497 1239 4552 adduci.

481 4636 526 4668 “
563 4633 752 4692 Matth.
784 4635 1047 4701 “111,52.

480 4795 593 4868 (70)
632 4792 767 4851 Vide
797 4795 920 4850 item
952 4811 1074 4866 pag.
1111 4794 1237 4863 267,
1267 4811 1321 4849 n.
1360 4795 1394 4850 3
