3944 6222
411 302 513 359 543

1030 303 1086 358 S.
1124 301 1495 359 ATl-IANASll
1534 302 1680 357 OPP.
1728 301 1908 360 PARS
1947 303 1984 358 Ι.
2026 333 2094 344 -
2134 299 2497 358 lllSTORlCA
2533 300 2620 354 ET
2659 293 3075 354 DOGMATICA.

3537 301 3645 358 5M

412 418 477 474 Et
501 423 659 491 paulo
685 429 806 491 post
836 438 848 474 :
888 438 906 471 ε
948 422 1004 475 Si
1035 431 1213 478 autem
1241 437 1342 494 ego
1371 423 1424 478 in
1459 421 1661 495 Spiritu
1697 422 1790 478 Dei
1817 423 1975 492 ejicio

2079 439 2154 491 μα
2180 421 2273 480 τοῦ
2299 419 2508 491 Πατρδς
2533 417 2686 488 ὑμῶν
2719 418 2779 470 τὸ
2811 416 3000 472 λαλοῦν
3034 417 3092 470 ἐν
3125 417 3277 488 ὑμῖν·
3312 435 3329 468 ι
3383 419 3477 472 καὶ
3525 424 3647 489 μετ’

411 511 704 577 daemonia,
762 513 926 584 igitur
957 516 1198 583 pervenit
1247 516 1300 569 in
1345 529 1442 571 vos
1490 531 1712 586 regnum
1747 514 1842 569 Dei
1870 517 1912 569 ⁸.
1952 533 1970 567 ν

415 602 729 659 Universam
761 605 886 660 item
927 607 1247 677 theologiam
1278 608 1556 678 nostrique
1596 607 1975 674 initiationem,

412 699 467 752 in
508 714 615 766 qna
664 699 868 754 scilicet
917 716 1019 757 nos
1059 701 1161 756 sibi
1194 702 1296 771 ipsi
1326 711 1379 757 et
1435 718 1530 772 per
1561 703 1802 772 seipsum
1831 701 1978 756 Patri

411 787 716 856 conjunxit,
742 788 797 842 in
829 789 1016 843 eodem
1043 793 1340 861 complens,
1375 791 1657 861 discipulis
1693 792 1805 845 haec
1837 806 1977 860 prte-

411 878 679 945 cipiebat:
715 898 734 931 ι
772 879 973 937 Euntes
1014 885 1200 938 docete
1231 876 1420 939 omnes
1461 892 1666 954 gentes,
1699 883 1977 954 baptizan-

413 977 492 1022 tes
517 984 609 1024 eos
627 971 678 1025 in
699 974 913 1029 nomine
927 974 1124 1038 Patris,
1148 983 1200 1029 et
1215 973 1418 1043 Filii,et
1437 973 1668 1044 Spiritus
1698 975 1928 1030 sancti".
1951 992 1970 1026 ι

411 1057 674 1117 Praeterea
725 1079 850 1119 curn
912 1081 972 1120 se
1016 1067 1123 1122 illis
1173 1081 1298 1123 eum
1341 1068 1632 1124 missurum
1687 1066 1974 1137 promisit,

417 1168 437 1202 ι
475 1153 726 1222 praecepit
773 1156 841 1210 ab
885 1155 1238 1229 Jerosolymis
1291 1174 1358 1213 ne
1398 1159 1736 1214 discederent
1776 1157 1818 1224 ⁷,
1857 1175 1876 1209 ι
1911 1172 1976 1212 ac

413 1243 602 1310 paucis
633 1245 823 1302 diebus
868 1247 1184 1318 interjectis,
1231 1269 1251 1302 ι
1286 1249 1424 1304 Cum
1457 1249 1817 1322 compleretur
1858 1249 1974 1305 dies

413 1330 778 1401 Pentecostes,
801 1347 957 1392 erant
978 1355 1166 1396 omnes
1196 1341 1396 1410 pariter
1425 1339 1481 1393 in
1510 1340 1699 1394 eodem
1729 1339 1849 1393 loco
1876 1357 1890 1394 :
1919 1347 1976 1394 et

413 1423 587 1481 factus
615 1437 696 1482 est
719 1438 938 1500 repente
963 1431 1030 1486 de
1051 1434 1189 1488 ccelo
1213 1447 1382 1488 sonus
1407 1441 1660 1501 tanquam
1684 1431 1974 1486 advenien-

413 1518 482 1572 tis
505 1520 725 1588 spiritus
754 1523 1086 1580 vehementis
1111 1564 1127 1590 ,
1176 1533 1230 1579 et
1277 1524 1501 1594 replevit
1533 1533 1700 1578 totam
1751 1523 1971 1578 domum

413 1611 502 1664 ubi
530 1621 684 1667 erant
703 1614 950 1671 sedentes
979 1635 992 1670 :
1036 1625 1090 1672 et
1129 1625 1498 1686 apparuerunt
1531 1616 1640 1670 illis
1673 1615 1972 1685 dispertita;

411 1698 607 1768 linguae
634 1710 891 1773 tanquam
922 1705 1078 1775 ignis.
1130 1706 1490 1775 sederuntque
1537 1719 1697 1775 supra
1730 1705 1971 1775 singulos

410 1804 600 1844 eorum
628 1810 642 1846 :
677 1802 730 1848 et
755 1774 1101 1864 repletisunt
1133 1812 1321 1852 omnes
1335 1774 1539 1866 Spiritu
1565 1774 1972 1862 sancto,etc03-
2002 1774 2044 1828 Β

411 1891 606 1950 perunt
643 1883 790 1953 loqui
835 1887 999 1941 variis
1023 1887 1242 1957 linguis,
1273 1897 1436 1957 prout
1468 1887 1700 1958 Spiritus
1752 1898 1972 1944 sanctus

412 1973 574 2027 dabat
603 1975 780 2046 eloqui
816 1977 922 2032 illis
949 1977 990 2031 ⁸.
1031 1997 1048 2028 ι
1085 1977 1222 2034 llinc
1255 1990 1440 2049 postea
1467 1979 1811 2049 impositione
1853 1996 1970 2034 ma—

412 2080 579 2118 nuum
626 2067 994 2135 apostolorum
1032 2069 1264 2139 Spiritus
1314 2081 1535 2126 sanctus
1564 2073 1972 2129 renascentibus

411 2153 641 2208 dabatur
673 2157 717 2210 ⁹.
743 2155 970 2223 Quidam
1007 2161 1228 2228 insuper
1267 2160 1484 2230 Agabus
1525 2163 1576 2215 in
1611 2163 1800 2217 eodem
1830 2164 1972 2217 vati-

413 2246 623 2302 cinatus
648 2258 750 2316 est,
771 2251 923 2307 aiens
950 2270 962 2305 :
998 2271 1016 2304 ι
1056 2251 1177 2307 llaec
1202 2253 1332 2307 dicit
1351 2253 1585 2321 Spiritus
1607 2263 1830 2309 sanctus
1859 2256 1927 2309 ¹⁰.
1950 2273 1969 2306 ι

413 2337 480 2390 Ει
510 2337 752 2394 Paulus:
811 2360 829 2391 ι
867 2341 921 2396 1η
963 2359 1071 2408 quo
1117 2359 1214 2400 vos
1247 2344 1482 2414 Spiritus
1534 2354 1756 2403 sanctus
1795 2346 1977 2416 posuit

410 2429 711 2499 episcopos,
743 2447 928 2502 regere
958 2432 1254 2490 Ecclesiam
1292 2435 1422 2500 Dei,
1476 2452 1638 2507 quam
1686 2437 1976 2505 acquisivit

411 2522 630 2588 proprio
679 2525 940 2592 sanguine
991 2527 1054 2577 ¹¹.
1121 2544 1138 2577 ι
1207 2525 1275 2580 Ει
1343 2528 1595 2581 eunucho
1657 2527 1973 2597 baptizato:

419 2626 438 2658 ι
478 2607 709 2678 Spiritus
740 2612 952 2668 Domini
1009 2617 1189 2684 rapuit
1219 2615 1524 2686 Philippum
1569 2618 1634 2668 ι’.
1679 2635 1697 2667 ι
1750 2615 1978 2687 Scripsit

409 2717 624 2770 quoque
655 2702 846 2760 Petrus
880 2724 893 2759 :
937 2725 955 2756 ‹
1003 2706 1359 2776 Reportantes
1394 2708 1552 2763 linem
1581 2707 1704 2762 ﬁdei
1749 2709 1975 2763 salutem

410 2793 736 2850 animarum.
769 2796 843 2850 De
867 2813 972 2866 qua
1027 2800 1202 2853 salute
1230 2800 1608 2869 exquisierunt
1629 2809 1789 2869 atQue
1824 2815 1979 2855 scru-

411 2886 504 2938 tati
534 2895 662 2940 sunt
686 2889 992 2956 prophetat,
1038 2891 1132 2958 qui
1177 2891 1245 2944 de
1294 2890 1477 2945 futura
1515 2891 1568 2945 in
1602 2891 1759 2947 vobis
1804 2890 1974 2960 gratia

409 2972 888 3038 pr0phetaverunt,
914 2983 1217 3030 scrutantes
1244 2976 1294 3028 in
1314 2977 1457 3045 quod
1484 2981 1567 3029 vel
1588 2977 1746 3045 quale
1765 2987 1978 3046 tempus

413 3060 810 3129 signiﬁcaretur
839 3065 892 3118 in
941 3064 1020 3119 cis
1055 3064 1287 3135 Spiritus
1328 3067 1563 3131 Christi,
1610 3068 1979 3137 prmnuntians

408 3163 502 3204 eas
524 3165 643 3218 quae
687 3152 740 3205 in
771 3153 989 3208 Christo
1048 3164 1175 3208 sunt
1228 3157 1510 3226 passiones
1555 3167 1607 3211 et
1651 3158 1973 3227 posteriores

409 3243 605 3304 g'orias
623 3245 686 3296 ⁸³.
713 3265 731 3297 ι
751 3244 985 3302 Joannes
1005 3249 1130 3303 item
1156 3250 1345 3304 scribit
1381 3269 1394 3305 :
1421 3270 1439 3301 ι
1464 3251 1519 3304 ln
1559 3253 1662 3306 hoc
1687 3250 1971 3322 cognosci-

409 3347 531 3387 mns
545 3335 797 3403 quoniam
831 3337 884 3390 in
907 3353 970 3393 eo
997 3355 1299 3403 manemus,
1327 3342 1578 3410 etipse‘in
1609 3343 1764 3397 nobis
1793 3361 1806 3398 :
1833 3358 1971 3411 quo-

411 3423 553 3477 niam
582 3426 647 3480 de
675 3426 878 3497 Spiritu
910 3446 1010 3484 suo
1025 3431 1173 3486 dedit
1197 3433 1352 3486 nobis
1379 3431 1476 3486 “.i
1505 3432 1702 3488 Paulus
1725 3433 1972 3488 similiter

407 3515 523 3571 haec
549 3519 613 3571 ad
639 3518 913 3576 Romanos
936 3523 1124 3577 scribit
1156 3542 1170 3577 :
1206 3543 1223 3574 ι
1260 3523 1366 3579 Vos
1391 3533 1570 3579 autem
1601 3526 1654 3578 in
1677 3541 1838 3579 carne
1859 3540 1967 3578 non

415 3610 566 3673 estis,
597 3611 687 3664 sed
724 3611 776 3664 in
809 3613 1023 3682 spiritu,
1065 3615 1109 3669 si
1146 3625 1324 3673 tamen
1356 3615 1590 3686 Spiritus
1629 3615 1722 3670 Dei
1748 3617 1975 3670 habitat

411 3700 465 3753 in
491 3702 660 3756 vobis.
689 3702 744 3756 Si
777 3705 900 3772 quis
922 3717 1098 3760 autem
1130 3705 1390 3776 Spiritum
1421 3691 1622 3762 Christi
1644 3722 1750 3761 non
1788 3707 1968 3772 habet,

411 3793 498 3847 hic
531 3808 636 3847 non
661 3805 742 3849 est
767 3796 904 3864 ejus.
957 3795 1012 3850 Si
1053 3809 1231 3852 autem
1275 3798 1525 3852 Christus
1551 3799 1602 3851 in
1653 3797 1807 3851 vobis
1854 3805 1970 3862 est,

409 3899 607 3953 corpus
644 3885 859 3955 quidem
885 3899 1154 3943 mortuum
1182 3898 1265 3944 est
1290 3902 1508 3959 propter
1540 3899 1843 3959 peccatum,
1871 3889 1976 3958 spi-

408 3975 547 4029 ritus
573 3992 697 4031 vero
718 3979 824 4032 vita
841 3987 924 4033 est
941 3993 1158 4049 prepter
1176 3980 1463 4048 justitiam.
1491 3981 1643 4046 Quod
1669 3981 1714 4035 si
1737 3980 1971 4051 Spiritus

409 4067 529 4134 ejus
553 4069 643 4136 qui
664 4071 889 4125 suscitat
913 4071 1188 4126 Christum
1213 4071 1399 4127 Jesum
1435 4090 1464 4126 a
1490 4073 1741 4138 mortuis,
1767 4074 1972 4129 habitat

410 4158 464 4211 in
487 4159 638 4214 vobis
665 4177 679 4214 :
710 4161 802 4229 qui
834 4165 1115 4217 suscitavit
1137 4161 1323 4217 Jesum
1348 4164 1626 4218 Christum
1653 4181 1682 4217 a
1717 4163 1969 4231 mortuis,

479 4320 500 4350 ⁸
529 4318 657 4373 Luc.
685 4335 762 4384 χι,
796 4320 885 4374 20.
979 4321 999 4351 ⁸
1027 4320 1214 4377 Matth.
1275 4337 1466 4386 xxvm,
1523 4320 1608 4374 19.
1687 4323 1707 4353 ⁷
1735 4321 1854 4376 Act.
1885 4336 1925 4380 ι,
1957 4321 2010 4375 4.

445 4390 485 4420 ¹¹
527 4391 644 4443 Act.
671 4405 762 4455 xx,
792 4390 881 4444 28.
962 4392 1004 4422 ¹²
1027 4397 1146 4446 Act.
1174 4407 1290 4455 vrtt,
1318 4391 1404 4446 59.
1486 4390 1528 4422 ¹³
1552 4393 1573 4443 l
1601 4390 1745 4446 Petr.
1778 4409 1815 4459 I,
1839 4391 1988 4446 9-H.

484 4555 594 4630 (27)
622 4557 711 4613 Sic
733 4555 906 4628 Regii,
941 4556 1159 4630 Seguer.
1197 4557 1376 4614 Ottob.
1399 4559 1535 4615 Editi
1569 4568 1748 4615 autem
1776 4569 1830 4614 et
1852 4560 1966 4627 alii,
1997 4566 2045 4620 D

413 4628 586 4766 tum(021%.)
625 4697 774 4769 Regii
810 4706 863 4751 et
897 4697 1236 4769 Seguerian.,
1270 4701 1538 4772 μαθηταῖς
1561 4698 1646 4753 τά·
1673 4701 1972 4771 Πορευθέν-

408 4777 746 4908 τεῗὲῶιίίίρε.
791 4838 850 4900 1,
897 4838 1122 4906 Seguer.
1150 4841 1262 4902 τοῖς
1308 4839 1592 4908 μαθηταῖς.
1631 4838 1757 4893 Haec
1790 4849 1968 4894 autem

406 4907 567 4981 verba
595 4907 1058 4981 ἐπαγγειλάμενος
1090 4924 1264 4981 usque
1299 4907 1365 4981 ad
1397 4910 1515 4980 μεθ’
1549 4909 1759 4981 ἡμέρας
1785 4910 1972 4977 ὀλίγας

406 4976 661 5048 omittunt
687 4976 912 5031 Gobler.
938 4988 991 5032 et
1019 4977 1254 5032 Felckm.
1291 4979 1344 5037 1,
1384 4976 1615 5048 quorum
1645 4976 1765 5034 loco
1799 4976 1970 5034 solam

407 5047 598 5126 partic.
629 5048 721 5102 καί
768 5048 870 5103 hoc
917 5049 1076 5102 modo
1128 5049 1326 5103 habent
1357 5067 1370 5102 :
1401 5047 1495 5102 και
1519 5050 1577 5101 ἐν
1604 5049 1681 5120 τῷ
1715 5050 1964 5120 συμπλη-

407 5116 648 5185 ροῦσθαι.
671 5127 770 5172 etc.
1653 5116 1665 5120 '
1785 5116 1796 5120 “
1921 5116 1931 5120 ⁷

620 5186 751 5259 Reg.
787 5187 838 5253 1,
878 5185 1101 5257 Seguer.
1139 5187 1355 5244 Gobler.
1388 5196 1442 5243 et
1477 5188 1624 5244 Felc.
1673 5189 1734 5255 1,
1767 5187 1965 5260 ὁμοθυ-

412 5270 590 5404 Pagi).
629 5324 760 5398 Reg.
805 5327 857 5393 1,
906 5324 1128 5398 Seguer.
1171 5327 1420 5383 ἐκάθισεν
1443 5368 1458 5395 ,
1490 5328 1584 5398 qui
1622 5327 1783 5382 iidem
1815 5343 1963 5394 mox,

409 5407 746 5599 ἷξέτῆἷξιθε.
779 5465 847 5571 1,.
879 5465 1266 5537 Seguerianus,‘
1302 5470 1493 5523 Ἔνθεν
1525 5466 1711 5521 λοιπὸν
1741 5467 1838 5538 μὲν
1877 5467 1964 5521 διὰ

735 5596 779 5672 ᾧ
804 5577 945 5676 ὑμᾶς
970 5607 1226 5664 omittunt
1254 5608 1385 5682 Reg.
1417 5610 1469 5680 1,
1495 5609 1716 5682 Seguer.
1744 5609 1956 5666 Gobler.

2077 513 2259 582 ὀλίγα’
2286 533 2305 566 ι
2333 514 2396 565 Ei
2422 513 2476 564 δὲ
2497 513 2556 565 ἐν
2587 509 2860 580 Πνεῦματι
2881 508 3014 562 Θεοῦ
3042 507 3151 576 ἐγὼ
3173 508 3416 562 ἐκϐάλλω
3438 511 3505 564 τά
3531 511 3651 564 δαι-

2079 608 2269 678 μόνια,
2319 605 2428 676 ἄρα
2473 605 2702 674 ἔφθασεν
2735 604 2819 672 ἐφ’
2867 603 3010 673 ὑμᾶς
3042 601 3153 672 (27)
3189 603 3222 672 ἡ
3258 601 3501 672 βασιλεία
3549 603 3645 658 τοῦ

2075 698 2230 752 Θεοῦ.
2265 719 2283 752 ι
2316 697 2424 750 Καὶ
2455 697 2552 768 τὴν
2586 696 2684 768 μὲν
2717 697 2892 750 πᾶσαν
2924 693 3198 761 θεολογίαν
3226 695 3318 747 καὶ
3353 695 3455 765 τὴν
3481 695 3646 766 ἡμῶν

2073 790 2369 852 τελείωσιν,
2401 790 2457 841 ἐν
2555 787 2824 858 συνῆπτεν
2849 787 2998 857 ἡμᾶς
3028 783 3203 856 ἑαυτῷ
3233 787 3324 838 καὶ
3349 787 3417 840 δι’
3447 786 3647 841 ἑαυτοῦ

2075 883 2151 954 τῷ
2181 881 2354 954 Πατρὶ
2378 921 2393 945 ,
2427 883 2485 934 ἐν
2521 879 2693 949 τούτῳ
2727 877 3097 950 συμπληρῶν,
3151 878 3482 950 παρήγγειλε
3530 882 3648 944 τοῖς

2079 972 2374 1044 μαθηταῖς·
2415 988 2432 1021 ι
2461 969 2822 1042 Πορευθέντες
2859 968 3006 1039 (28),
3048 967 3421 1048 μαθητεύσατε
3463 968 3649 1023 πάντα

2073 1065 2142 1118 τὰ
2166 1063 2312 1132 ἔθνη,
2341 1059 2688 1132 βαπτίζοντες
2707 1061 2904 1123 αὐτοὺς
2925 1061 3004 1122 είς
3025 1059 3085 1113 τὸ
3107 1059 3274 1130 δνομα
3296 1058 3389 1112 τοῦ
3409 1059 3644 1130 Πατρὸς,

2075 1156 2282 1211 καὶτοῦ
2314 1153 2464 1218 Υίοῦ,
2489 1154 2582 1208 καὶ
2615 1152 2710 1206 τοῦ
2760 1153 2912 1221 ἁγίου
2945 1151 3289 1224 Πνεύματος·
3323 1171 3342 1206 ι
3388 1155 3650 1221 ἐπαγγει-

2073 1246 2301 1318 λάμενος
2325 1245 2383 1298 δὲ
2415 1246 2595 1308 αὐτοῖς
2627 1244 2757 1298 αὐτὸ
2787 1243 3022 1315 πέμψειν
3049 1242 3182 1314 (29),
3220 1262 3239 1294 ι
3272 1243 3645 1315 παρήγγειλεν

2072 1339 2181 1392 ἀπὸ
2222 1338 2606 1409 Ἱεροσολύμων
2653 1335 2726 1407 μὴ
2765 1335 3118 1408 χωρίζεσθαισ
3151 1353 3170 1386 ι
3223 1336 3318 1389 καὶ
3362 1336 3480 1407 μεθ’
3509 1337 3649 1409 ἡμέ-

2077 1445 2175 1498 ρας
2200 1427 2408 1496 ὁλίγας,
2444 1446 2462 1478 ι
2487 1428 2574 1479 Ἐν
2607 1425 2685 1496 τῷ
2719 1423 3166 1495 συμπληροῦσθαι
3198 1424 3294 1496 τὴν
3313 1425 3526 1498 ἡμέραν
3545 1426 3648 1497 τῆς

2072 1518 2444 1590 Πεντηκοστῆς
2464 1557 2479 1582 ,
2525 1513 2661 1588 ἦσαν
2713 1516 2911 1580 πάντες
2940 1516 3074 1586 ὁμοῦ
3108 1517 3201 1571 ἐπὶ
3229 1518 3291 1570 τὸ
3333 1517 3463 1571 αὐτὸ
3494 1516 3605 1590 (50)
3627 1536 3642 1548 ·

2071 1611 2164 1663 καὶ
2189 1610 2402 1679 ἐγένετο
2429 1610 2579 1678 ἄφνω
2604 1613 2666 1662 ἐκ
2691 1608 2783 1663 τοῦ
2813 1608 3040 1683 οὐρανοῦ
3071 1603 3234 1680 ἦχος,
3265 1609 3452 1681 ὥσπερ
3482 1627 3646 1681 φερο-

2077 1703 2242 1773 μένης
2267 1704 2432 1773 πνοῆς
2463 1701 2642 1773 βιαίας
2663 1743 2678 1767 ,
2725 1701 2820 1756 καὶ
2850 1702 3164 1773 ἐπλήρωσεν
3193 1702 3312 1755 ὂλον
3344 1702 3434 1755 τὸν
3471 1698 3642 1764 οἶκον,

2071 1789 2130 1848 οὗ
2155 1791 2293 1865 ἦσαν
2322 1795 2618 1868 καθήμενοι
2642 1811 2656 1825 ·
2705 1794 2799 1854 καὶ
2836 1793 3099 1865 ὤφθησαν
3126 1795 3307 1859 αὐτοῖς
3335 1795 3646 1868 διαμεριζό-

2075 1905 2233 1958 μεναι
2260 1887 2496 1955 γλῶσσαι
2523 1885 2654 1938 ὡσεὶ
2676 1886 2862 1956 πυρὸς,
2890 1885 2985 1944 καὶ
3011 1885 3270 1939 ἐκάθισαν
3301 1885 3409 1957 (51)
3437 1887 3523 1956 ἐφ’
3546 1886 3644 1940 ἕνα

2072 1980 2298 2034 ἕκαστον
2326 1978 2500 2031 αὐτῶν
2520 1996 2533 2008 ·
2568 1978 2659 2031 καὶ
2683 1977 3029 2048 ἐπλήσθησαν
3061 1977 3295 2040 ἅπαντες
3325 1978 3643 2048 Πνεύματος

2074 2074 2249 2143 ἁγίου,
2284 2072 2378 2125 καὶ
2406 2069 2637 2143 ἤρξαντο
2664 2070 2843 2124 λαλεῖν
2877 2069 3090 2140 ἑτέραις
3123 2068 3428 2137 γλώσσαις,
3459 2067 3645 2132 καθὼς

2073 2165 2133 2218 τὸ
2159 2163 2384 2236 Πνεῦμα
2425 2163 2596 2214 ἐδίδου
2645 2159 3084 2229 ἀποφθέγγεσθαι
3134 2160 3333 2223 αὐτοῖς.
3365 2178 3384 2211 ι
3451 2159 3644 2214 Ἔνθεν

2073 2251 2165 2310 οὖν
2205 2255 2297 2310 καὶ
2329 2254 2416 2307 διὰ
2448 2253 2543 2323 μὲν
2576 2252 2676 2321 τῆς
2706 2251 2816 2323 (52)
2845 2251 3138 2315 ἐπιθέσεως
3169 2250 3275 2304 τῶν
3306 2251 3506 2322 χειρῶν
3534 2251 3644 2304 τῶν

2075 2344 2384 2400 ἀποστόλων
2406 2342 2600 2396 ἐδίδοτο
2626 2343 2738 2404 τοῖς
2761 2340 3225 2411 ἀναγεννωμένοις
3246 2339 3306 2393 τδ
3335 2340 3560 2411 Πνεῦμα
3581 2341 3642 2394 τὸ

2076 2438 2230 2506 ἅγιον
2247 2452 2259 2466 ·
2296 2433 2532 2504 ’Ἄγαϐος
2553 2433 2609 2486 δέ
2633 2450 2716 2495 τις
2739 2432 3139 2502 προεφήτευσεν
3161 2433 3218 2485 ἐν
3243 2431 3414 2502 τούτῳ
3430 2431 3609 2500 λέγων
3629 2448 3644 2462 ⁶

2081 2549 2099 2580 ι
2137 2528 2274 2581 Τάδε
2305 2526 2453 2594 λέγει
2505 2524 2565 2578 τὸ
2620 2522 2843 2594 Πνεῦμα
2877 2522 2936 2576 τὸ
2968 2522 3122 2590 ἅγιον
3144 2539 3158 2553 ·
3193 2541 3211 2574 ›
3253 2525 3281 2576 ὁ
3311 2522 3366 2575 δέ
3400 2521 3644 2586 Παῦλοςο

2083 2638 2101 2670 ι
2135 2619 2223 2671 Ἐν
2255 2611 2298 2685 ᾧ
2324 2617 2467 2687 ὑμᾶς
2493 2615 2606 2686 (55)
2636 2614 2696 2666 τὸ
2723 2612 2947 2683 Πνεῦμα
2977 2613 3037 2666 τὸ
3071 2613 3222 2680 ἅγιον
3251 2612 3400 2666 ἔθετο
3427 2614 3651 2667 ἐπισκό-

2077 2729 2230 2775 πους,
2265 2708 2569 2779 ποιμαίνειν
2610 2706 2709 2777 τὴν
2745 2705 3070 2776 Ἐκκλησίαν
3113 2704 3206 2758 τοῦ
3238 2704 3371 2758 Θεοῦ
3401 2704 3510 2777 (54)
3533 2746 3548 2769 ,
3580 2707 3648 2775 ῆν

2078 2799 2496 2872 περιεποιήσατο
2516 2796 2602 2850 διὰ
2621 2794 2713 2847 τοῦ
2741 2795 2870 2848 ἰδίου
2901 2797 3160 2866 αἵματοςο
3195 2816 3212 2848 ›
3241 2795 3333 2848 τοῦ
3369 2812 3428 2848 τε
3461 2795 3658 2856 εὖνοιΞ-,

2077 2909 2172 2962 χου
2209 2889 2624 2962 βαπτισθέντος,
2697 2907 2715 2939 ι
2753 2891 3006 2960 ’Ἦρπασε
3037 2887 3260 2958 Πνεῦμα
3290 2887 3496 2959 Κυρίου
3532 2887 3645 2958 (55)

2077 2983 2173 3037 τὸν
2192 2982 2474 3034 Φίλιππον.
2511 2999 2528 3031 ι
2557 2980 2665 3032 Καὶ
2682 2979 2884 3051 Πέτρος
2900 2978 3100 3051 ἔγραψε
3122 2995 3136 3010 ’
3165 2997 3182 3030 t
3201 2978 3560 3048 Κομιζόμενιι
3586 2979 3648 3033 τὸ

2079 3075 2226 3138 τέλος
2255 3074 2351 3144 τῆς
2383 3073 2637 3135 πίστεως,
2669 3071 2942 3143 σωτηρίαν
2971 3069 3156 3142 ψυχῶν
3174 3088 3189 3102 ’
3219 3071 3347 3141 περὶ
3372 3066 3439 3140 ἦς
3465 3087 3644 3141 σωτητ

2078 3169 2197 3239 ρίας
2229 3165 2557 3236 ἐξεζήτησαν
2581 3164 2675 3217 καὶ
2708 3163 3076 3235 ὲξηρεύνησαν
3103 3162 3407 3234 προφῆται,
3434 3163 3485 3214 οί
3519 3162 3646 3231 περὶ

2074 3259 2175 3328 τῆς
2210 3259 2289 3320 εἰς
2312 3241 2454 3326 ὑμᾶς
2482 3253 2592 3325 (56)
2615 3253 2834 3325 χάριτος
2863 3251 3354 3323 προφητεύσαντες,
3391 3250 3648 3322 ἐρευνῶν-

2074 3365 2163 3411 τες
2189 3348 2266 3409 είς
2292 3345 2412 3397 τίνα
2449 3345 2482 3414 ἣ
2511 3345 2660 3396 ποῖον
2683 3334 2870 3413 καιρὸν
2897 3340 3146 3412 ἐδηλοῦτο
3173 3342 3230 3394 ἐν
3262 3342 3444 3403 αὐτοῖς
3477 3339 3647 3393 Πνεῦ-

2078 3455 2153 3508 μα
2183 3436 2420 3509 Χριστοῦ
2458 3436 2570 3506 (57)
2591 3477 2605 3499 ,
2659 3433 3178 3508 προμαρτυρόμενον
3205 3431 3274 3484 τά
3306 3433 3385 3494 είς
3413 3431 3644 3502 Χριστὸν

2076 3531 2372 3602 παθήματα
2394 3570 2408 3592 ,
2443 3530 2534 3583 καὶ
2559 3529 2657 3592 τὰς
2688 3527 2826 3599 μετὰ
2852 3526 3021 3580 ταῦτα
3052 3525 3227 3590 δόξας.
3265 3544 3281 3576 ι
3345 3525 3454 3577 Καὶ
3481 3522 3510 3574 ὁ
3547 3523 3645 3594 μὲν

2083 3620 2332 3688 Ἰωάννης
2365 3616 2692 3670 ἐπέστειλεν·
2761 3636 2779 3667 ι
2825 3617 2911 3668 Ἐν
2943 3614 3116 3686 τούτῳ
3150 3613 3488 3684 γινώσκομεν
3513 3654 3527 3676 ,
3564 3614 3645 3666 ὅτι

2069 3713 2126 3764 ἐν
2151 3708 2298 3780 αὐτῷ
2324 3709 2574 3779 μένομεν,
2599 3708 2691 3761 καὶ
2714 3707 2869 3770 αὐτὸς
2901 3709 2957 3762 ἐν
2983 3709 3133 3778 ἡμῖν,
3164 3707 3244 3759 ὅτι
3271 3707 3334 3758 ἐκ
3357 3703 3451 3758 τοῦ
3475 3704 3644 3757 Πνεῦ-

2073 3817 2240 3871 ματος
2269 3797 2431 3851 αὑτοῦ
2483 3797 2682 3849 ἔδωκεν
2731 3799 2893 3868 ἡμῖν·
2936 3815 2955 3848 ι
3019 3798 3046 3849 ὁ
3087 3795 3144 3848 δὲ
3192 3794 3402 3857 Παῦλος
3441 3794 3644 3864 γράφει

2079 3891 2372 3961 Ῥωμαίοις
2408 3890 2505 3960 μέν
2525 3906 2539 3920 ·
2591 3907 2610 3940 ι
2633 3887 2820 3958 Ὑμεῖς
2851 3889 2908 3944 δέ
2936 3887 3036 3941 οῦκ
3066 3890 3187 3940 ἐστε
3221 3888 3280 3940 ἐν
3310 3886 3493 3958 σαρκὶ,
3530 3885 3644 3939 ἀλλ’

2075 3985 2132 4034 ὲν
2167 3980 2434 4051 πνεύματι
2453 4021 2468 4044 ,
2503 3978 2658 4050 εἴπερ
2684 3980 2906 4050 Πνεῦμα
2940 3979 3072 4032 Θεοῦ
3098 3980 3234 4031 οίκεῖ
3261 3981 3318 4030 ἐν
3353 3979 3478 4049 ὑμῖν
3509 3977 3641 4046 (58).

2077 4074 2139 4124 Ei
2168 4071 2224 4124 δέ
2256 4088 2337 4134 τις
2363 4069 2587 4142 Πνεῦμα
2617 4070 2852 4141 Χριστοῦ
2885 4071 2984 4123 οὐκ
3006 4069 3147 4140 ἔχει,
3179 4063 3332 4132 οὗτος
3362 4069 3460 4121 οὐκ
3501 4067 3646 4121 ἔστιν

2077 4164 2264 4218 αὐτοῦ.
2327 4165 2390 4217 Εἰ
2421 4162 2477 4215 δὲ
2506 4162 2738 4232 Χριστὸς
2771 4166 2827 4218 ἐν
2857 4166 3012 4235 ὑμῖν,
3043 4163 3102 4216 τὸ
3139 4162 3235 4234 μὲν
3266 4162 3425 4233 σῶμα
3454 4160 3646 4230 νεκρὸν

2105 4320 2127 4350 ⁸
2158 4319 2274 4374 Act.
2317 4336 2378 4385 ll,
2415 4323 2534 4381 1-5.

2069 4389 2161 4442 “1
2193 4390 2351 4446 Joan.
2387 4408 2461 4461 tv,
2491 4393 2579 4447 15.

2644 4323 2665 4354 ο
2689 4323 2808 4377 Act.
2852 4337 2970 4388 vm,
3002 4323 3087 4377 17.
3184 4323 3226 4355 ³ο
3251 4321 3370 4376 Act.
3407 4337 3522 4389 nr,
3555 4323 3642 4378 11.

2101 4637 2115 4650 ν
2149 4561 2258 4632 (δι)
2279 4561 2419 4641 pes.
2456 4561 2507 4626 ι,
2535 4561 2756 4632 κυρίου,
2777 4561 2844 4614 At
2869 4557 3090 4629 Seguer.
3123 4555 3278 4610 Gobl.
3309 4567 3363 4610 et
3396 4555 3543 4611 Felc.
3577 4556 3632 4621 l,

2073 4638 2490 4773 λῆξέἷὶίξυρίου
2520 4701 2672 4755 abest
2695 4716 2723 4754 a
2751 4697 2882 4769 Reg.
2908 4697 2963 4751 2.
3000 4695 3124 4750 Mox
3156 4695 3297 4749 idem
3329 4703 3383 4750 et
3413 4693 3546 4766 Reg.
3590 4697 3644 4760 1,

2075 4771 2222 4840 Seg.,
2254 4771 2480 4840 ἔγραφε.

2145 4843 2255 4914 (56)
2290 4841 2439 4914 Regii
2470 4848 2523 4914 et
2549 4837 2797 4908 Seguer.,
2827 4839 2994 4907 ἡμᾶς.

2145 4901 2256 4984 (57)
2295 4901 2396 4964 Sic
2423 4901 2795 4984 omnesvmss.
2833 4901 3023 4976 praeter
3052 4904 3273 4984 Felc.._2
3312 4901 3545 4984 et‘Reg.
3584 4903 3639 4984 ξ,

2073 4973 2190 5055 qui,
2219 4973 2285 5055 ti_t_
2309 4973 2848 5055 bragcusSchripturai
2867 4988 3084 5055 "tostus,
3123 4973 3500 5055 é5f12.ou_cb_év
3541 4975 3640 5024 αὑ-

2073 5015 2090 5039 ι
2114 5015 2164 5039 Ill
2220 5015 2277 5035 ιιι
2310 5015 2529 5034 υισσνιιιο
2554 5015 2669 5032 υυιι
2715 5015 2846 5031 suum
2889 5015 3084 5039 ινηιιισ,
3123 5015 3197 5027 Uva
3221 5015 3308 5026 "vv
3361 5015 3408 5026 -ν
3442 5015 3497 5026 -ν
3541 5015 3606 5024 ..-

2069 5015 2199 5117 τοῖςῖ
2239 5051 2359 5104 Mox
2399 5015 2830 5146 Regiihseg'u‘er;
2854 5046 3093 5146 'Goblern.‘
3113 5054 3166 5146 et
3200 5015 3378 5146 ᾕδεις.
3399 5045 3437 5146 ρ1
3465 5085 3479 5103 .
3509 5059 3641 5113 προ-

2078 5121 2513 5146 _-___-.--.'...-......
2606 5119 2656 5146 ιῖι
2782 5133 2812 5146 Α
2838 5134 2848 5146 ι
2874 5132 2929 5146 ,ιιι
2977 5124 3024 5146 ΔΙ
3098 5131 3126 5146 n
3149 5131 3177 5146 η
3317 5131 3390 5146 μνη
3415 5115 3613 5146 hiauit?”

2117 5114 2533 5194 αρτυρούμενον.
2563 5114 2704 5172 Ibid:
2735 5117 2948 5171 Gobler.
2977 5124 3029 5168 et
3054 5114 3209 5194 Felc._
3232 5115 3282 5175 1,
3317 5114 3635 5192 παθήματα,

2071 5144 2179 5246 fidi.
2218 5192 2486 5261 Ἰωάννης·
2526 5190 2613 5241 Ἐν
2654 5186 2860 5258 τούτῳ,
2891 5197 2992 5241 etc.
3036 5184 3165 5240 ltem
3197 5184 3394 5237 ibidem
3429 5181 3638 5247 Bas:h.,

2069 5262 2619 5403 επῗὲέῖλὲιῗέίιὶρηεῐε,
2653 5328 2880 5403 A_pglic,.
2915 5321 3513 5403 é~mx§i._Qtt_a‘ibide-T
3546 5337 3637 5403 ss-

2069 5390 2311 5474 qubutur
2338 5415 2512 5474 usque
2558 5400 2639 5474 atl_
2675 5390 2907 5474 Χριστὸς
2952 5395 3182 5474 Ξν-ὑμῖν
3229 5390 3640 5474 liabentngii,

2071 5458 2296 5550 Seguer.
2346 5458 2554 5550 Anglic.
2602 5458 2918 5550 (ioblera‘et
3179 5503 3193 5527 ,
3223 5462 3468 5550 vertit
3485 5458 3634 5550 Plan:

2069 5531 2232 5597 nius:
2268 5531 2460 5596 caeleri
2488 5547 2541 5592 et
2569 5538 2697 5593 editi
2729 5538 3005 5590 omittunt.
3044 5533 3178 5587 Ibid.
3226 5549 3346 5585 mox
3402 5531 3547 5600 Regii
3580 5540 3633 5584 et

2070 5614 2294 5682 Seguer.
2324 5625 2424 5664 nec
2445 5623 2549 5682 non
2571 5609 2802 5682 Graecus
2822 5606 3115 5682 Scripturge
3138 5611 3334 5666 textus,
3363 5601 3429 5654 δι’
3455 5602 3628 5671 άμαρο

2070 5674 2207 5736 τίοῦ).
2242 5681 2345 5737 Alii
2379 5688 2429 5734 ct
2458 5679 2606 5742 editi,
2637 5677 2721 5729 διὰ
2755 5677 2852 5745 τὴν
2876 5674 3167 5746 ἁμαρτίαν.
