3914 6222
262 315 367 371 549

1379 315 1712 372 EPISTOLA
1751 317 1770 370 l
1808 317 1898 370 AD
1947 315 2397 372 SERAPIONEM.

3391 307 3495 363 530

258 427 549 499 ἀνθρώπου
570 429 617 482 εί
642 429 789 500 μὴτὸ
809 430 1032 501 Πνεῦμα
1050 431 1141 484 τοῦ
1162 429 1445 502 ἀνθρώπου
1467 433 1597 486 τὸέν
1619 435 1783 504 αὐτῷ.
1801 455 1814 486 ι

1931 454 1949 487 ι
1986 434 2155 488 Nemo
2189 435 2289 487 scit
2315 445 2436 502 (piae
2475 438 2602 484 sunt
2632 427 2892 492 hominis,
2925 427 3028 480 nisi
3057 426 3280 492 spiritus
3315 423 3490 477 homi-

270 521 362 574 Ἔν
391 520 450 572 δὲ
470 523 538 592 τῇ
590 521 725 590 πρὸς
753 520 1158 584 Θεσσαλονικεῖς
1183 521 1438 590 ἐπιστολῇ
1467 524 1827 594 ἐπευχόμενος

259 612 432 681 λέγει·
473 630 492 663 ι
537 611 856 682 Ὀλόκληρον
895 613 1048 682 ὑμῶν
1078 612 1137 665 τὸ
1163 612 1384 683 Πνεῦμα
1407 653 1421 675 ,
1451 614 1544 666 καὶ
1588 615 1620 684 ὴ
1660 613 1824 686 ψυχὴ,

256 703 351 756 καὶ
377 703 442 756 τὸ
470 702 630 773 σῶμα
667 703 967 772 ἀμέμπτως
997 703 1055 754 ἐν
1085 705 1150 773 τῇ
1181 702 1452 773 παρουσίᾳ
1495 703 1588 755 τοῦ
1623 705 1826 774 Κυρίου

257 793 416 865 ἡμῶν
437 793 548 864 (55)
585 793 758 862 Ἰησοῦ
781 791 1015 863 Χριστοῦ
1038 792 1321 864 τηρηθείη.
1346 811 1364 844 ι
1396 792 1624 862 Λέγεται
1651 793 1706 846 δὲ
1732 794 1826 845 καὶ

254 885 473 955 ἀνέμων
500 883 782 954 πνεύματα
827 883 996 947 οὕτως
1028 885 1084 936 ἐν
1119 883 1217 954 μὲν
1253 886 1319 954 τῇ
1353 883 1590 952 γενέσει·
1659 903 1678 935 ε
1715 884 1826 938 Καὶ

254 977 536 1046 ἐπήγαγεν
569 978 598 1029 6
627 975 758 1038 Θεὸς
790 972 1005 1046 πνεῦμα
1049 976 1142 1028 ἐπὶ
1170 973 1268 1045 τὴν
1299 975 1402 1044 γῆν
1422 1012 1438 1038 ,
1465 975 1559 1028 καὶ
1589 975 1824 1028 ἐκόπασε

251 1068 313 1122 τὸ
335 1067 514 1137 ὕδωρ·
542 1087 561 1118 ι
590 1067 684 1118 ἐπὶ
718 1066 776 1118 δὲ
814 1065 908 1118 τοῦ
957 1067 1108 1119 Ἰωνᾶ
1127 1081 1141 1094 ·
1177 1085 1196 1117 ι
1220 1066 1329 1118 Καὶ
1357 1065 1558 1136 Κύριος
1576 1067 1823 1139 ἐξήγειρε

253 1157 470 1228 πνεῦμα
493 1158 586 1210 ἐπὶ
608 1159 707 1229 τὴν
733 1157 1024 1222 θάλασσαν,
1058 1157 1150 1212 καὶ
1178 1158 1391 1227 ἐγένετο
1420 1158 1623 1212 κλύδων
1652 1159 1830 1230 μέγας.

251 1251 308 1303 ἐν
331 1253 400 1321 τῇ
437 1250 708 1321 θαλάσσῃ·
741 1251 832 1303 καὶ
859 1249 920 1303 τὸ
947 1249 1130 1303 πλοῖον
1153 1250 1452 1304 ἐκινδύνευε
1484 1250 1578 1304 τοῦ
1611 1269 1822 1322 συντρι-

251 1342 414 1412 ϐῆναι
441 1342 576 1412 (56).
613 1361 633 1394 ι
689 1343 799 1395 Καὶ
826 1345 883 1395 ἐν
911 1341 1009 1412 μέν
1036 1342 1114 1414 τῷ
1157 1343 1430 1413 ἑκατοστῷ
1457 1344 1599 1415 ἕκτῳ
1622 1344 1821 1414 ψαλμῷ

248 1435 588 1506 γέγραπται·
621 1453 639 1485 ‹
669 1429 823 1498 Εἷπε,
855 1435 947 1487 κει)⁸
973 1434 1101 1506 ἔστη
1134 1433 1346 1504 πνεῦμα
1365 1436 1694 1503 καταιγίδος,
1727 1437 1822 1488 καὶ

249 1525 440 1594 ὑψώθη
465 1526 534 1579 τά
563 1525 782 1596 κύματα
802 1525 994 1596 αὐτῆς.
1025 1545 1044 1576 ι
1085 1526 1172 1578 Ἐν
1195 1525 1252 1578 δὲ
1283 1525 1361 1595 τῷ
1391 1526 1664 1597 ἑκατοστῷ
1693 1543 1817 1579 τεσ-

250 1615 576 1686 σαρακοστῷ
603 1614 772 1685 ὀγδόῳ
799 1613 998 1684 ψαλμῷ
1017 1632 1030 1644 ·
1089 1633 1108 1666 ι
1142 1616 1348 1669 Αἰνεῖτε
1381 1615 1471 1669 τὸν
1503 1615 1704 1688 Κύριον
1755 1618 1818 1669 ἐκ

247 1707 344 1777 τῆς
369 1708 496 1777 γῆς,
518 1706 808 1776 δράκοντες
829 1705 924 1759 καὶ
951 1707 1120 1758 πᾶσαι
1144 1704 1365 1759 ἄϐυσσοι
1385 1745 1400 1769 ,
1428 1705 1559 1776 πῦρ,
1586 1706 1814 1776 χάλαζα,

1929 527 2014 580 nis
2042 526 2134 594 qui
2171 527 2225 577 in
2253 524 2370 593 ipso
2400 531 2482 576 est
2512 520 2578 575 ³⁸.
2623 539 2640 570 ι
2674 517 2739 572 Ει
2780 510 3017 587 Epistula
3050 518 3112 571 ad
3144 513 3494 570 Thcssaloni-
3541 546 3543 550 ι

1925 631 2114 672 censes
2154 617 2264 670 hare
2300 621 2592 684 precatur:
2650 629 2668 660 ‹
2707 609 2918 680 integer
2948 609 3174 678 spiritus
3211 615 3390 662 vester
3438 615 3492 659 et

1925 711 2104 763 anima
2149 717 2202 764 et
2239 721 2436 776 corpus
2476 704 2594 760 sine
2631 702 2850 772 querela
2898 702 2950 756 in
2992 702 3224 754 adventu
3273 698 3487 752 Domini

1924 800 2094 855 nostri
2128 799 2253 854 .Iesu
2283 797 2485 853 Christi
2508 803 2755 851 servetur
2777 795 2844 848 ³⁷.
2892 813 2910 844 ι
2943 793 3150 846 Dicitur
3173 793 3333 846 etiam
3367 805 3489 844 ven-

1923 902 2100 948 torum
2126 890 2347 959 spiritus
2387 887 2546 944 sicuti
2575 887 2628 940 in
2657 884 2850 940 Genesi
2887 883 3148 952 scriptum
3197 891 3321 936 est:
3362 900 3380 931 ι
3422 879 3488 933 Ει

1923 985 2148 1040 adduxit
2175 984 2319 1040 Deus
2353 982 2604 1052 spiritum
2647 993 2810 1049 super
2857 989 3076 1041 terram,
3107 984 3160 1030 et
3186 975 3489 1028 imminutae

1922 1085 2051 1132 sunt
2069 1091 2222 1146 aqua:
2256 1075 2325 1128 ⁸⁸.
2369 1093 2386 1126 ι
2428 1073 2502 1128 De
2531 1071 2668 1126 Jona
2706 1071 2832 1125 item
2865 1088 2878 1123 :
2913 1087 2932 1120 ι
2977 1067 3042 1122 Ει
3085 1066 3337 1122 excitavit
3377 1063 3486 1118 Do-

1922 1169 2102 1224 minus
2133 1168 2383 1238 spiritum
2410 1166 2462 1220 in
2500 1181 2678 1229 mare,
2697 1172 2751 1218 et
2783 1162 2924 1218 facta
2948 1167 3032 1215 est
3055 1166 3345 1228 tempestas
3370 1173 3488 1210 ma—

1922 1274 2025 1330 gna
2052 1260 2107 1312 in
2138 1258 2299 1321 mari,
2321 1266 2375 1311 et
2402 1257 2555 1312 navis
2588 1254 2995 1325 periclitabatur
3017 1249 3220 1306 conteri
3251 1249 3317 1302 ”.
3366 1268 3384 1299 ο
3421 1245 3488 1300 Ει

1920 1349 1976 1404 in
2008 1350 2300 1406 centesimo
2327 1357 2482 1402 sexto
2523 1339 2772 1418 psalmo:
2816 1364 2834 1396 ‹
2880 1343 3027 1398 Dixit
3062 1351 3115 1396 et
3152 1340 3297 1394 venit
3325 1338 3489 1407 spiri—

1922 1450 2008 1495 tus
2039 1439 2303 1510 procellae,
2327 1449 2379 1493 et
2401 1438 2622 1493 exaltati
2659 1445 2787 1492 sunt
2810 1435 3009 1490 [luctus
3035 1433 3154 1502 ejus
3187 1431 3252 1484 ⁸ο.
3286 1449 3305 1481 ι
3335 1429 3398 1482 Ει
3429 1429 3487 1481 in

1919 1531 2218 1587 centesimo
2243 1530 2658 1600 quadragesimo
2687 1537 2879 1583 octavo
2900 1526 3110 1596 psalmo
3145 1542 3156 1577 :
3190 1542 3208 1574 ι
3247 1521 3486 1575 Laudate

1920 1622 2209 1679 Dominum
2233 1622 2300 1677 de
2331 1629 2496 1685 terra,
2521 1621 2787 1675 dracones
2807 1627 2860 1673 et
2891 1632 3079 1672 omnes
3102 1615 3303 1685 abyssi,
3322 1612 3484 1682 ignis,

1917 1714 2143 1785 grando,
2169 1712 2284 1779 uix,
2307 1712 2529 1783 glacies,
2565 1711 2788 1780 spiritus
2834 1708 3193 1778 procellarum
3215 1745 3230 1769 ,
3267 1719 3386 1774 quae
3412 1702 3486 1756 fa-

247 1796 377 1867 χιὼν
399 1836 414 1859 ,
445 1792 776 1866 κρύσταλλος
800 1837 814 1862 ,
845 1795 1058 1866 πνεῦμα
1087 1797 1396 1864 καταιγίδος
1420 1837 1434 1860 ,
1467 1798 1535 1850 τὰ
1569 1796 1814 1850 ποιοῦντα

1919 1804 2068 1859 ciunt
2093 1803 2313 1857 verbum
2338 1802 2456 1871 ejus
2491 1799 2552 1855 δι’.
2587 1819 2605 1851 ›
2640 1798 2706 1853 Et
2737 1799 2879 1890 apud
2902 1795 3273 1864 ;Ezechielem,
3310 1794 3363 1846 in
3403 1793 3483 1846 la-

247 1885 334 1939 τὺν
362 1886 525 1953 λόγον
554 1885 716 1938 αὐτοῦ
739 1902 752 1916 ·
785 1905 802 1937 ι
837 1885 932 1938 καὶ
969 1886 1026 1938 ἐν
1055 1885 1133 1955 τῷ
1168 1885 1423 1957 Ἰεζεχιὴλ
1451 1887 1542 1939 ἐπὶ
1570 1885 1665 1939 τοῦ
1689 1886 1820 1958 θρή-

246 1996 334 2030 νου
361 1977 470 2049 Σόρ
495 1972 608 2049 (57)
631 1993 646 2008 ο
677 1996 696 2028 ι
742 1977 829 2030 Ἐν
862 1977 1056 2048 καρδίᾳ
1090 1976 1384 2048 Θαλάσσης,
1420 1980 1476 2031 ἐν
1509 1978 1659 2032 ὕδατι
1688 1979 1817 2033 πολ-

245 2068 317 2138 λῷ
343 2063 481 2138 ἦγόν
517 2084 575 2119 σε
607 2064 655 2120 οἱ
686 2065 1002 2136 κωπηλάται
1044 2082 1138 2118 σου
1160 2083 1174 2095 ·
1203 2066 1264 2118 τὸ
1295 2066 1508 2137 πνεῦμα
1539 2066 1633 2119 τοῦ
1666 2066 1818 2120 νότου

245 2155 531 2230 συνέτριψέ
563 2175 642 2213 σε.
677 2177 696 2210 ι

309 2253 364 2308 8.
395 2245 841 2322 Ἐντυγχάνοντες
863 2249 917 2304 δέ
938 2250 1030 2304 καὶ
1051 2251 1208 2321 ὑμεῖς
1228 2253 1345 2314 ταῖς
1363 2251 1544 2318 ἁγίαις
1561 2250 1669 2322 (58)
1688 2252 1819 2322 Γρα-

244 2345 400 2411 φαῖς,
457 2339 718 2413 εὑρήσετε
764 2338 1052 2412 λεγόμενον
1106 2341 1319 2412 πνεῦμα
1351 2343 1444 2395 καὶ
1474 2341 1563 2394 τὸν
1616 2343 1672 2394 ἐν
1722 2342 1818 2395 αὐ-

239 2437 349 2498 τοῖς
377 2435 493 2497 τοῖς
527 2427 690 2496 θείοις
735 2428 912 2501 λόγοις
940 2432 1093 2500 νοῦν,
1123 2433 1421 2504 γράφοντος
1455 2431 1548 2484 τοῦ
1579 2432 1814 2486 Παύλουο

246 2525 375 2589 «Ὃς
399 2515 511 2597 (5'9)
543 2518 636 2578 καὶ
673 2523 933 2579 ἱκάνωσεν
968 2526 1114 2596 ἡμᾶς
1149 2525 1425 2588 διακόνους
1460 2525 1670 2594 Καινῆς
1694 2526 1817 2579 Δια-

240 2619 436 2690 θήκης,
459 2618 520 2670 οὐ
542 2611 883 2689 γράμματος,
906 2616 1040 2670 ἀλλὰ
1063 2615 1390 2687 πνεύματος.
1417 2615 1490 2669 Τὸ
1510 2616 1618 2687 γὰρ
1643 2617 1818 2687 γράμο

242 2728 314 2781 μα
343 2710 693 2774 ἀποκτείνει,
720 2708 782 2762 τὸ
807 2709 863 2762 δὲ
887 2709 1104 2781 πνεῦμα
1132 2709 1404 2780 ζωοποιεῖ.
1432 2728 1450 2758 ι
1489 2709 1560 2761 Τὸ
1586 2709 1684 2780 μὲν
1708 2708 1815 2777 γὰρ

239 2798 400 2870 ῥητὸν
446 2796 738 2869 γράμματι
789 2798 1154 2869 κεχάρακται·
1201 2798 1229 2848 6
1258 2797 1314 2849 δέ
1352 2797 1476 2860 νοῦς
1507 2798 1536 2849 ὁ
1579 2799 1636 2850 ἐν
1665 2797 1814 2868 αὐτῷ

239 2889 458 2962 πνεῦμα
484 2888 719 2958 λέγεται.
787 2888 974 2953 Οὕτως
1002 2890 1095 2943 xui.
1151 2907 1170 2940 ‹
1207 2891 1236 2942 6
1263 2889 1424 2958 νόμος
1451 2889 1813 2959 πνευματικός

237 2985 404 3046 ἐστιν,
442 3001 461 3032 ι
492 2982 559 3034 ἵν’
588 2980 664 3044 ὡς
694 2981 854 3035 πάλιν
882 2980 1070 3052 εἴρηκε
1109 2979 1242 3052 (60),
1277 2980 1352 3052 μὴ
1384 2979 1721 3051 δουλεύωμεν
1754 2983 1812 3035 ἐν

235 3073 561 3144 παλαιότητι
583 3073 929 3143 γράμματος,
959 3072 1073 3125 ἀλλ’
1107 3073 1164 3125 ἐν
1185 3072 1459 3143 καινότητι
1482 3072 1808 3144 πνεύματος.

1921 1904 2104 1950 mento
2128 1892 2255 1966 Tyri
2287 1913 2298 1947 :
2343 1912 2360 1945 ι
2398 1893 2453 1947 in
2483 1893 2646 1948 corde
2675 1885 2864 1955 maris,
2900 1890 2952 1944 in
2983 1890 3140 1958 aquis
3167 1887 3352 1941 multis
3381 1885 3479 1939 ad-

1918 1985 2190 2040 duxerunt
2216 1994 2266 2040 te
2295 1985 2527 2056 remiges
2574 1983 2694 2038 tui:
2740 1982 2962 2052 spiritus
3007 1979 3178 2035 austri
3229 1976 3485 2033 contrivit

1918 2088 1967 2133 te
2001 2078 2065 2130 ".
2106 2097 2124 2129 ι

1991 2253 2046 2307 8.
2088 2251 2412 2319 Quinetiam
2442 2252 2487 2306 si
2511 2251 2666 2306 Vobis
2693 2258 2909 2306 sanctas
2940 2246 3172 2302 Litteras
3203 2245 3379 2313 legere
3400 2244 3483 2298 lu-

1916 2345 2061 2411 beat,
2091 2345 2268 2414 ipsum
2299 2344 2608 2398 divinorum
2631 2341 2921 2396 verborum
2965 2355 3204 2403 sensum,
3231 2338 3480 2408 spiritum

1915 2453 2132 2508 quoque
2166 2436 2424 2507 appellari
2476 2435 2777 2504 reperietis.
2828 2433 2918 2486 Sic
2949 2432 3092 2486 enim
3120 2431 3320 2485 Paulus
3347 2430 3484 2484 scri-
3521 2467 3523 2470 ‹

1915 2530 1994 2584 bit
2021 2548 2034 2584 :
2069 2528 2212 2598 «Qui
2230 2536 2283 2582 et
2307 2528 2530 2582 idoneos
2550 2542 2648 2581 nos
2678 2523 2806 2580 fecit
2833 2524 3113 2577 ministros
3139 2521 3272 2574 Novi
3294 2519 3484 2575 Testa-

1916 2619 2103 2686 menti,
2136 2634 2243 2672 non
2278 2619 2488 2684 litterae,
2520 2618 2614 2672 sed
2642 2615 2885 2685 Spiritus.
2918 2613 3124 2668 Littera
3156 2613 3301 2667 enim
3338 2611 3484 2666 occi-

1915 2712 2015 2779 dit,
2041 2711 2262 2782 spiritus
2284 2719 2467 2764 autem
2495 2708 2728 2763 viviﬁcat
2751 2708 2818 2763 ⁸³.
2874 2725 2893 2758 ›
2927 2705 3200 2776 Siquidem
3233 2705 3434 2759 dictum
3465 2742 3480 2767 ,

1915 2805 2088 2858 littera
2123 2813 2403 2858 exaratum
2437 2812 2560 2857 est:
2613 2816 2810 2855 sensus
2837 2814 2966 2853 vero
3009 2813 3167 2865 quem
3201 2796 3442 2852 continet
3463 2836 3478 2856 ,

1914 2897 2136 2968 spiritus
2160 2896 2378 2951 dicitur.
2413 2897 2489 2950 Ita
2517 2903 2571 2949 et
2605 2913 2624 2944 ί
2669 2895 2756 2948 lex
2799 2891 3096 2962 spiritualis
3126 2899 3210 2944 est
3229 2889 3296 2953 “,
3337 2908 3356 2940 ι
3401 2895 3478 2950 ιιι,

1913 2987 2372 3057 quemadmodum
2403 2986 2548 3041 idem
2578 2986 2734 3050 dixit,
2765 3000 2871 3038 non
2916 2984 3216 3038 serviamus
3239 2982 3294 3035 in
3329 2989 3482 3034 vetu-

1914 3087 2052 3134 state
2077 3080 2288 3144 litterae,
2315 3079 2409 3134 sed
2447 3079 2499 3132 in
2539 3076 3056 3158 novitate/spiritus.
3092 3073 3236 3128 idem
3268 3087 3486 3143 quoque

235 3164 342 3218 Καὶ
368 3164 538 3228 αὐτδς
572 3165 670 3235 μὲν
696 3163 1028 3234 εὐχαριστῶν
1061 3162 1244 3232 ἔλεγεν
1264 3181 1277 3193 ·
1313 3182 1332 3215 ‹
1361 3164 1502 3235 ’Δρα
1534 3159 1626 3217 οῦν
1651 3163 1813 3227 αὐτὸς

1919 3169 2113 3239 gratias
2140 3185 2308 3240 agens
2337 3169 2552 3224 dicebat
2572 3170 2616 3200 “
2640 3185 2652 3220 :
2693 3187 2712 3220 ί
2741 3168 2907 3238 igitur
2927 3183 3026 3238 ego
3045 3168 3158 3238 ipse
3176 3176 3354 3221 mente
3372 3181 3486 3220 ser-

235 3254 345 3323 ἐγὼ
368 3255 452 3326 τῷ
485 3257 584 3326 μὲν
611 3254 692 3308 νοῒ
716 3254 949 3307 δουλεύω
973 3255 1121 3326 νόμῳ
1147 3254 1281 3307 Θεοῦ
1298 3295 1313 3320 ,
1348 3257 1413 3326 τῇ
1441 3255 1498 3307 δὲ
1524 3255 1684 3327 σαρκὶ
1719 3256 1809 3308 νό-

238 3367 320 3419 μῳ
348 3348 631 3419 ἁμαρτίας
649 3365 662 3377 ·
698 3347 847 3401 οὐδὲν
873 3346 968 3400 νῦν
995 3346 1105 3419 ἄρα
1131 3345 1243 3417 (61)
1270 3346 1588 3417 κατάκριμα
1614 3347 1726 3411 τοῖς
1752 3349 1810 3400 ἐν

236 3440 458 3511 Χριστῷ
487 3437 684 3509 Ἰησοῦ.
718 3439 774 3490 '0
797 3437 904 3510 γάρ
924 3438 1087 3509 νόμος
1107 3436 1200 3489 τοῦ
1222 3436 1526 3508 πνεύματος
1546 3437 1645 3508 τῆς
1666 3438 1809 3508 ζωῆς

235 3527 291 3578 ἐν
324 3524 552 3596 Χριστῷ
595 3524 766 3595 Ἰησοῦ
799 3524 1139 3595 ἠλευθέρωσέ
1168 3542 1234 3595 με
1271 3524 1377 3578 ἀπὸ
1400 3524 1494 3578 τοῦ
1517 3525 1682 3596 νόμου
1711 3527 1810 3597 τῆς

235 3616 545 3689 ἁμαρτίαςο
584 3636 602 3668 ι
648 3619 676 3670 ὁ
706 3617 763 3669 δὲ
807 3616 1098 3680 Φίλιππος,
1146 3616 1236 3669 τὸν
1284 3617 1542 3688 εὐνοῦχον
1575 3617 1684 3670 ἀπὸ
1715 3617 1808 3671 τοῦ

236 3708 567 3780 γράμματος
615 3709 695 3770 είς
725 3707 785 3761 τὸ
817 3707 1030 3778 πνεῦμα
1063 3706 1229 3760 θέλων
1264 3708 1610 3777 ἐπιστρέφειν
1630 3747 1644 3774 ,
1697 3708 1811 3761 ἐλε-

235 3815 361 3869 γενο
400 3819 421 3852 ς
458 3795 609 3871 Ἀρά
636 3815 700 3867 γε
729 3798 1015 3868 γινώσκεις
1054 3799 1090 3854 δι
1120 3800 1545 3869 άναγινὼσκεις;
1578 3819 1597 3852 ι
1632 3800 1810 3854 τοιοῦ-

234 3909 324 3946 τον
351 3891 607 3964 ἐσχηκὼς
644 3894 997 3963 μαρτυρεῖται
1043 3893 1135 3946 καὶ
1187 3895 1214 3945 6
1262 3892 1440 3949 Χάλεό
1465 3893 1576 3963 (6‘2)
1609 3894 1666 3946 ἐν
1697 3896 1812 3958 τοῖς

247 3985 549 4056 Ἀριθμοίς,
574 3983 669 4038 τοῦ
691 3982 822 4037 Θεοῦ
851 3983 1094 4054 λέγοντος
1117 4001 1130 4016 ο
1173 4003 1192 4037 ι
1233 3986 1290 4038 '0
1318 3985 1374 4038 δὲ
1406 3988 1534 4049 παῖς
1566 4003 1666 4057 μου
1694 3986 1809 4040 Χά-

235 4077 348 4142 λεϐ,
371 4078 458 4130 ὅτι
490 4076 722 4147 ἐγενήθη
750 4077 934 4149 ἕτερον
957 4076 1171 4147 πνεῦμα
1197 4075 1256 4131 ἐν
1279 4075 1426 4148 αὐτῷ
1443 4117 1460 4142 ,
1488 4076 1583 4130 καὶ
1611 4078 1811 4148 ἐπηκο-

235 4170 467 4240 λούθησέ
500 4185 590 4238 μοι
609 4185 623 4198 °
655 4169 850 4234 εἰσάξω
882 4169 1041 4223 αὐτὸν
1074 4170 1152 4232 είς
1174 4169 1272 4240 τὴν
1305 4169 1407 4240 γῆν
1434 4170 1513 4233 είς
1535 4171 1599 4241 ἣν
1630 4169 1811 4240 εἰσῆλ-

238 4260 328 4313 θεν
354 4262 477 4313 ἐκεῖ
497 4259 607 4330 (65)
628 4299 642 4312 .
672 4279 691 4311 ι
726 4259 892 4330 Ἀλλῃ
921 4259 1030 4330 γὰρ
1057 4259 1264 4331 διανοίᾳ
1291 4259 1441 4330 παρὰ
1465 4259 1564 4330 τὴν
1588 4257 1810 4311 ἐκείνων

237 4352 396 4415 αὐτὸς
428 4351 670 4423 λαλήσας
688 4391 703 4416 ,
730 4352 1020 4424 εὐάρεστος
1042 4351 1121 4422 τῷ
1148 4351 1266 4416 Θεῷ
1295 4351 1505 4421 γέγονε.
1541 4350 1810 4421 Τοιαύτην

237 4443 380 4514 ἔχειν
406 4443 746 4515 προέτρεψεν
773 4446 802 4497 ὁ
833 4443 965 4507 Θεὸς
989 4443 1080 4498 τὸν
1109 4443 1234 4496 λαὸν
1266 4443 1492 4514 καρδίαν
1520 4441 1608 4495 διὰ
1650 4442 1809 4506 Ἰεζε-

1912 3262 2003 3317 vio
2029 3263 2133 3334 legi
2162 3262 2254 3318 Dei
2285 3282 2299 3317 :
2337 3278 2501 3318 carne
2532 3275 2736 3328 autem,
2759 3261 2862 3333 legi
2911 3260 3140 3331 peccati.
3177 3257 3324 3312 Nihil
3356 3272 3486 3326 ergo

1913 3369 2059 3408 nunc
2085 3355 2450 3409 damnationis
2473 3363 2556 3408 est
2582 3355 2649 3408 iis
2678 3352 2771 3423 qui
2803 3361 2932 3407 sunt
2980 3353 3033 3406 in
3073 3351 3293 3405 Christo
3334 3346 3482 3401 Jesu.

1914 3444 2024 3499 Lex
2043 3446 2187 3500 enim
2217 3446 2442 3515 spiritus
2480 3447 2604 3500 vitae
2637 3446 2691 3500 in
2728 3443 2947 3499 Christo
2967 3443 3095 3498 Jesu
3121 3441 3369 3498 liberavit
3398 3454 3487 3494 me

1913 3549 1944 3588 a
1974 3535 2089 3604 lege
2106 3535 2314 3604 peccati
2343 3536 2410 3589 ⁸⁸.
2443 3554 2462 3587 ι
2501 3534 2784 3604 Philippus
2800 3535 2963 3588 etiam
2988 3532 3300 3588 eunuchum
3336 3546 3366 3584 a
3401 3530 3484 3583 lit-

1914 3635 2029 3680 tera
2063 3628 2129 3681 ad
2162 3627 2413 3696 spiritum
2440 3635 2756 3681 convertere
2789 3625 2977 3680 volens
3008 3624 3188 3678 aiebat
3215 3639 3228 3676 :
3267 3641 3286 3672 ‹
3325 3621 3484 3675 Intel-

1913 3718 2037 3788 ligis
2075 3732 2196 3786 qua:
2244 3719 2376 3788 legis
2411 3719 2491 3771 ‘7?
2539 3736 2558 3768 ι
2597 3715 2782 3770 Talem
2827 3731 3046 3786 quoque
3095 3713 3343 3783 spiritum
3383 3711 3458 3764 Ca

1913 3806 1998 3859 leb
2058 3805 2317 3862 habuisse
2385 3823 2453 3862 ex
2502 3805 2757 3860 Numeris
2788 3814 3042 3870 constat,
3083 3803 3194 3858 Deo
3223 3804 3482 3857 dicente:

1920 3912 1938 3946 ι
1979 3894 2180 3950 Servus
2212 3911 2364 3950 meus
2392 3895 2575 3958 Caleb,
2610 3895 2735 3964 quia
2775 3893 2954 3949 factus
2977 3903 3060 3949 est
3089 3893 3228 3948 alius
3260 3893 3483 3962 Spiritu:

1913 3985 1966 4038 in
1992 4001 2057 4039 eo
2078 4027 2092 4051 ,
2131 3996 2185 4040 et
2209 3995 2428 4041 secutus
2455 3994 2537 4043 est
2566 4001 2672 4050 me,
2699 3986 2952 4040 inducam
2991 3985 3170 4053 ipsum
3197 3983 3250 4037 in
3280 3992 3481 4037 terram

1915 4076 1968 4130 in
2004 4091 2168 4146 quam
2203 4077 2316 4131 illic
2348 4077 2628 4147 ingressus
2673 4086 2755 4133 est
2800 4078 2867 4129 ⁸⁸.
2929 4095 2948 4128 ι
2994 4075 3196 4144 Nempe
3229 4075 3356 4145 quia
3396 4073 3485 4127 ille

1913 4169 2019 4222 alia
2068 4169 2136 4222 ab
2181 4169 2289 4222 illis
2326 4179 2506 4223 mente
2538 4170 2754 4224 locutus
2779 4168 2881 4234 sit,
2913 4166 3022 4221 Deo
3053 4167 3156 4220 fuit
3207 4173 3480 4232 acceptus.

1914 4260 2043 4316 Tale
2073 4260 2199 4316 item
2234 4276 2329 4314 cor
2352 4261 2609 4330 populum
2646 4261 2843 4315 habere
2873 4259 3042 4330 jussit
3069 4258 3208 4312 Deus
3235 4272 3331 4327 per
3354 4253 3485 4307 Eze—

1913 4352 2140 4407 chielem
2164 4368 2182 4405 :
2228 4370 2246 4402 σ
2285 4351 2468 4406 Facite
2507 4350 2668 4422 525
2705 4350 2863 4406 vobis
2897 4365 2994 4405 cor
3023 4363 3225 4404 novum
3248 4358 3302 4400 et
3327 4344 3486 4414 spiri—

1915 4453 2028 4497 tum
2052 4458 2251 4498 novum
2281 4443 2346 4494 ιθ.
2390 4461 2409 4494 ι
2444 4441 2577 4508 Qua:
2618 4458 2744 4499 cum
2777 4442 2848 4496 ita
2879 4442 3006 4506 sint,
3038 4449 3092 4495 et
3122 4448 3271 4493 tanta
3299 4439 3397 4500 sit,
3428 4443 3487 4489 ut

306 4579 354 4609 ⁸⁸
381 4579 402 4632 l
432 4579 563 4633 Cor.
596 4594 657 4643 ιι,
683 4580 771 4633 11.
851 4581 891 4611 ³⁷
923 4575 1158 4636 IThess.
1197 4597 1249 4645 v,
1273 4579 1363 4634 25.
1446 4580 1490 4611 ³⁸
1516 4579 1651 4634 Gen.
1687 4595 1814 4643 vui,

1986 4580 2029 4614 ³⁸
2059 4579 2186 4636 Jon.
2226 4597 2280 4646 ι,
2311 4581 2365 4635 4.
2442 4581 2488 4614 ’⁸ο
2527 4580 2670 4636 Psal.
2703 4596 2810 4643 ενι,
2843 4578 2932 4632 25.
3008 4577 3051 4608 δί
3087 4575 3229 4632 Psal.
3261 4591 3483 4637 cnvm,

237 4649 292 4712 7,
329 4649 386 4702 8.
477 4649 524 4680 “
550 4648 744 4704 Ezech.
771 4665 942 4717 xxvu,
975 4651 1066 4705 25.-
1112 4681 1119 4690 -
1173 4651 1218 4682 ⁸³
1253 4649 1272 4702 ι
1302 4649 1428 4704 Cor.
1457 4665 1541 4710 ut.
1570 4649 1622 4703 6.

1726 4650 1772 4680 “
1805 4649 1963 4704 Rom.
2002 4666 2114 4718 vn,
2160 4652 2249 4706 14.

2349 4653 2394 4683 ⁴⁵
2423 4651 2556 4707 ibid.
2594 4651 2648 4706 6.
2755 4648 3084 4715 “ibid.25;
3137 4663 3255 4712 \‘ltl,
3318 4648 3370 4708 1,
3429 4646 3487 4700 2.

238 4721 278 4750 ⁵⁷
311 4721 438 4774 Act.
467 4735 586 4783 vtu,
608 4720 696 4774 '50.
775 4720 820 4752 ⁸⁸
849 4719 1010 4775 Num.
1045 4736 1156 4786 le,
1179 4719 1268 4774 24.
1347 4720 1392 4752 ‘9
1421 4718 1617 4774 Ezech.
1644 4735 1797 4783 xvm,
1832 4721 1920 4774 51.

308 4809 430 4884 (εξ)
473 4807 568 4884 _Sic
603 4811 813 4880 primus
841 4813 1011 4884 codex
1044 4811 1275 4882 Regius,
1311 4811 1540 4884 Seguer.
1571 4811 1804 4884 etprae—

1919 4813 2031 4882 gius
2062 4813 2117 4884 1,
2142 4805 2390 4884 Seguer.,
2416 4815 2733 4878 ἀποκτένει,
2770 4812 2911 4868 forte
2945 4827 3042 4884 pro
3068 4810 3389 4884 διποκτενεῖ,
3425 4817 3485 4860 υι

239 4879 336 4934 cus
369 4879 672 4950 Scriptura:
703 4890 882 4936 textus
924 4883 978 4935 in
1009 4879 1266 4936 omnibus
1294 4879 1425 4937 mss.
1459 4883 1590 4936 edit.
1624 4881 1802 4936 Oxon.

237 4950 342 5022 Alii
383 4949 613 5022 et._ed_i_li
635 4990 650 5015 ,
681 4951 852 5021 ὑμῶν.
886 4949 1086 5022 [bidem
1130 4950 1354 5022 Seguer.
1393 4953 1594 5022 omittit
1630 4952 1806 5021 Ἰησοῦ

238 5019 500 5091 Χριστοῦ.
519 5018 664 5091 ᾉΜοχ
695 5018 834 5076 idem
875 5021 1102 5091 Seguer.
1126 5063 1139 5087 ,
1171 5018 1270 5091 pro
1297 5021 1612 5090 πνεύματα,
1649 5018 1810 5077 habet

241 5087 687 5162 ΠνεῦμαᾈΡειιιιο
716 5101 839 5160 post
867 5087 1076 5162 Regius
1095 5095 1151 5157 2,
1172 5087 1238 5143 τὸ
1266 5087 1509 5162 Πνεῦμα.

308 5159 427 5228 (56)
469 5159 578 5211 Τοῦ
609 5159 761 5215 deeét
790 5162 843 5216 in
873 5159 1004 5230 mss.
1050 5160 1231 5230 Regiis
1256 5173 1316 5230 et
1342 5159 1564 5230 Seguer.
1605 5161 1804 5218 ibidem

243 5227 373 5301 Beg.
407 5227 463 5296 1,
493 5230 850 5301 ἐκινδύνευσε.
871 5229 1050 5301 ΑΡοιιΙο
1079 5227 1204 5300 pust
1243 5227 1446 5301 Regius
1477 5233 1502 5283 1
1528 5271 1543 5295 ,
1581 5230 1805 5300 Seguer.

238 5299 461 5372 Gobler.
492 5310 548 5354 et
575 5299 833 5372 Felek_._l.
855 5299 1399 5371 Graacus’Seriptura:
1428 5311 1624 5366 textus,
1654 5299 1805 5372 ἔστη.

236 5368 431 5444 ϐάξις]ξί
460 5371 686 5444 ιὶιεδξιί,
713 5368 871 5444 Δἦλθε.

307 5438 420 5522 (57)
470 5437 562 5496 Sic
592 5437 881 5522 1,
925 5441 1244 5522 SeguerL‘At
1271 5441 1373 5522 alii
1390 5450 1444 5496 et
1465 5441 1615 5522 editi,
1642 5440 1803 5505 male,

242 5507 424 5584 Θρόνου
457 5526 574 5584 σου.
588 5507 744 5584 jbid.
777 5510 908 5584 Reg.
923 5507 1265 5584 1ξκαρδίαις
1289 5510 1589 5584 θαλασσῶν.

308 5580 420 5651 {58)
459 5580 554 5636 Sic
587 5580 796 5651 Regius
821 5580 886 5645 1,
918 5580 1140 5650 Seguer.
1186 5583 1376 5636 Caneri
1407 5596 1534 5635 vero
1565 5590 1617 5634 et
1643 5580 1768 5635 editi
1789 5620 1804 5643 .

244 5647 424 5712 θείαις.
459 5651 587 5706 Mox
615 5647 820 5720 Regius
844 5653 900 5717 2,
928 5647 1143 5720 πνεῦμα
1168 5653 1262 5704 καὶ
1291 5653 1351 5704 τὸ
1378 5652 1434 5704 ἐν
1464 5651 1664 5715 αὐτοῖς.

310 5722 528 5791 (59)"0;
555 5719 716 5777 abest
763 5737 791 5775 a
815 5721 1027 5778 Goblcr.
1056 5719 1234 5777 Felck.
1266 5723 1317 5778 l.
1354 5722 1522 5777 Paulo
1556 5731 1673 5791 post
1704 5719 1807 5775 Re-

1913 4879 2075 4955 habet
2101 4879 2312 4955 Regius
2337 4885 2391 4938 2.
2423 4885 2624 4940 Ibidem
2655 4885 2764 4955 γάρ
2797 4879 2961 4940 ᾱεεειξ
2985 4882 3039 4935 in
3072 4879 3397 4934 Gobleriano
3430 4889 3484 4930 et

1913 4952 2096 5146 ﬂigi)
2129 4955 2230 5079 iSic
2271 5024 2482 5106 primus
2511 5026 2679 5080 codex
2723 5021 2958 5108 Regius,
3005 5019 3226 5089 Seguer.
3261 5015 3476 5070 Gobler.

1913 5101 1968 5146 et
2043 5093 2180 5146 (ιρις.
2230 5094 2280 5146 1.
2316 5095 2420 5146 Alu
2467 5111 2595 5146 vero
2647 5103 2700 5146 et
2752 5097 2880 5146 editi
2923 5108 2998 5146 ως
3033 5091 3210 5143 solum
3260 5085 3476 5138 habent.

1912 5101 1968 5164 et
1994 5085 2180 5148 Feiek.
2230 5085 2288 5147 1Ῑ
2316 5095 2420 5147 Alii
2467 5111 2595 5151 vero
2647 5103 2700 5151 et
2752 5085 2880 5148 editi
2923 5091 2998 5153 ὡς
3033 5085 3210 5164 solum
3260 5085 3480 5164 habent.

1913 5161 2036 5245 Mox
2067 5164 2228 5245 iidem
2260 5166 2318 5216 ἐν
2353 5166 2672 5236 παλαιότητι
2707 5163 2907 5217 habent
2964 5179 2978 5214 :
3020 5159 3200 5213 caeteri
3249 5166 3303 5208 et
3352 5156 3480 5207 editi

1915 5235 1973 5284 ἐν
2003 5235 2280 5290 omittunt.
2608 5235 2615 5236 '

1915 5371 1953 5378 _
1984 5303 2095 5378 (6i)
2139 5303 2386 5378 §eguer._,
2415 5319 2513 5378 pro
2539 5305 2632 5378 νῦν
2661 5303 2798 5378 Δἄρξει,
2836 5294 3133 5378 oﬁvmhabet.
3160 5294 3330 5348 Paulo
3363 5302 3482 5362 post

1915 5371 2121 5445 Regius
2141 5373 2197 5445 2,
2217 5371 2322 5444 τῆς
2356 5371 2502 5444 ζωῆς
2528 5375 2628 5445 τῆς
2649 5371 2722 5445 ἐν’
2749 5371 2988 5445 Χριστῷ.

1986 5433 2096 5514 (Ἐξ.)
2135 5433 2249 5514 Sic_
2280 5433 2494 5514 Regius
2528 5445 2552 5496 1
2585 5433 2879 5514 ;'St3gue'_r._
2901 5433 3117 5514 Anglic.
3165 5433 3480 5514 G0bler.net

1913 5506 2101 5594 Felrkl.
2128 5515 2177 5566 1.
2212 5506 2386 5576 Ειίἱιὶξ
2435 5514 2492 5563 ὐ
2522 5506 2595 5565 δὲν
2617 5506 2745 5572 παῖς
2779 5507 2959 5561 Χαλέὅ
2976 5546 2990 5570 ,
3018 5508 3097 5559 ὅτι
3123 5548 3137 5570 ,
3182 5514 3286 5559 etc.
3305 5545 3320 5568 ,
3348 5506 3480 5558 'aliis

1914 5598 2230 5721 θηὶίῗῖῗίεὲίο
2257 5650 2454 5719 Regius
2484 5652 2533 5716 1,
2573 5648 2888 5720 Seguerian.
2916 5655 2968 5702 et
3000 5644 3162 5701 LXX.
3197 5644 3387 5699 Caeteri
3424 5649 3488 5698 et.

1915 5722 2040 5776 editi
2065 5761 2078 5785 ,
2114 5721 2336 5780 ἐκλήθη.
3083 5765 3087 5768 ,
3323 5765 3326 5770 ,
