3914 6222
437 347 537 402 551

1003 339 1057 393 S.
1101 333 1466 394 ATHANASII
1506 333 1656 390 OPP.
1700 324 1877 387 PARS
1915 330 1954 384 l.
1999 363 2069 373 —-
2107 327 2475 386 HISTORICA
2515 327 2600 384 ET
2640 327 3054 384 BOGMATlCA.

3553 325 3657 384 552

436 465 791 528 ostendimus,
820 460 1102 530 spirituum
1147 459 1476 523 diﬂ‘erentia,
1502 456 1710 526 sequius
1745 454 1990 526 proiecto

2105 455 2219 526 ιιιὴλ
2247 454 2445 523 λέγων·
2485 473 2502 505 ι
2534 456 2796 526 Ποιήσατε
2826 455 3034 516 ἑαυτοῖς
3077 451 3300 524 καρδίαν
3341 449 3531 519 καινὴν
3564 448 3658 501 καὶ

436 557 688 627 ageretis,
719 555 786 616 si,
810 553 899 607 ubi
926 552 992 607 de
1023 561 1204 607 creato
1234 551 1426 620 spiritu
1471 549 1674 603 mentio
1709 547 1849 602 facta
1879 545 1994 601 fue-

437 651 529 714 rit,
563 648 615 701 id
645 647 710 700 de
736 646 914 713 aliquo
953 643 1340 710 praedictorum
1394 641 1685 710 spirituum
1724 639 1993 708 intellige-

438 735 588 789 rctis.
641 731 960 801 Hujusmodi
987 731 1074 784 ille
1098 740 1180 786 est
1205 731 1269 784 de
1305 744 1413 798 quo
1451 729 1593 798 apud
1632 727 1826 782 Isaiam
1862 728 1995 796 legi-

442 835 530 877 tur
563 839 576 874 :
620 843 637 874 ‹
671 822 963 876 Consensit
985 822 1147 874 Aram
1175 835 1298 873 cum
1338 819 1616 888 Ephraim,
1639 828 1693 873 et
1719 818 1995 887 obstupuit

436 915 617 968 anima
644 914 783 983 ejus,
811 923 862 966 et
898 913 1097 966 anima.
1126 912 1310 981 populi
1359 912 1498 979 ejus,
1535 909 1996 980 quemadmodum

437 1007 491 1060 in
519 1007 651 1061 silva
690 1006 852 1060 arbor
885 1019 916 1058 a
944 1004 1136 1073 spiritu
1181 1005 1575 1058 concutitur".
1611 1022 1630 1055 ι
1674 1003 1820 1058 Idem
1869 1003 1995 1057 item

436 1099 522 1153 his
551 1097 733 1151 verbis
769 1095 1040 1149 indicatur
1074 1115 1084 1148 :
1130 1113 1148 1146 ε
1180 1093 1448 1149 Excitavit
1468 1094 1730 1149 Dominus
1747 1095 1994 1164 spiritum

435 1191 491 1244 in
525 1189 756 1253 mare“,
794 1207 811 1238 ι
841 1195 1056 1256 propter
1085 1184 1301 1240 Jonam.
1331 1184 1561 1240 Tonitru
1608 1185 1875 1255 siquidem
1914 1199 1999 1238 se-

433 1291 677 1350 quuntur
739 1279 966 1349 spiritus
999 1289 1304 1344 ventorum,
1345 1279 1420 1332 uti
1465 1277 1689 1347 contigit
1723 1277 1776 1330 in
1817 1275 1997 1346 pluvia

434 1385 556 1440 qua:
609 1378 798 1423 contra
837 1369 1026 1422 Achab
1088 1369 1306 1433 cecidit,
1352 1366 1812 1439 quemadmodum
1861 1365 1997 1420 scri-

434 1473 587 1532 ptum
613 1469 696 1515 est
731 1477 744 1514 :
781 1478 800 1511 (
837 1459 902 1512 Ει
929 1458 1104 1514 factus
1133 1469 1215 1514 est
1249 1476 1421 1529 usque
1452 1460 1557 1514 huc
1584 1468 1637 1514 et
1667 1474 1842 1528 usque
1863 1459 1992 1526 huc,

433 1563 488 1608 et
507 1553 626 1608 coeli
656 1553 927 1607 obscurati
954 1561 1087 1606 sunt
1108 1551 1344 1607 nubibus
1369 1561 1422 1606 et
1453 1552 1646 1621 spiritu
1665 1553 1732 1605 δ’.
1759 1571 1778 1604 ι

2100 549 2315 620 πνεῦμα
2359 549 2561 602 καινόν.
2595 567 2613 600 ι
2681 550 2896 603 Τούτων
2925 545 3102 600 τοίνυν
3133 543 3302 606 οὕτως
3328 542 3522 605 ὄντων,
3567 540 3661 594 καὶ
3725 541 3734 549 ’

2099 642 2357 712 τοσαύτης
2387 642 2644 712 διαφορᾶς
2667 641 2795 713 περὶ
2817 641 2927 695 τῶν-
2950 637 3270 708 πνευμάτων
3289 633 3660 704 δεικνυμένης,

2102 719 2339 802 βελτίους
2371 731 2436 785 ἃν
2459 727 2555 802 ἦτε
2585 731 2695 801 (64)
2718 773 2732 796 ,
2765 733 2834 797 εί,
2863 731 2990 802 περὶ
3019 727 3333 798 κτιζομένου
3356 718 3687 794 πνεύματος

2101 822 2420 888 ἀκούοντες,
2458 824 2584 894 περὶ
2608 815 2724 887 ἐνὸς
2767 823 2872 876 τῶν
2907 819 3316 894 προειρημένων
3365 818 3662 888 ἐφρονεῖτε,

2103 911 2211 969 οἷον
2242 911 2310 988 ἦν
2344 914 2471 986 περὶ
2509 907 2570 967 οῦ
2596 918 2652 968 ἐν
2700 915 2895 986 Ἡσαΐᾳ
2921 913 3258 984 γέγραπται·
3302 929 3320 961 ι
3349 906 3667 977 Συνεῴωη-

2100 1023 2191 1059 σεν
2223 1006 2399 1078 Ἀρὰμ
2424 1007 2556 1078 πρὸς
2579 995 2668 1060 τδν
2704 1005 2966 1077 Ἐφραῒμ.
3000 1004 3095 1057 καὶ
3119 1001 3306 1073 ἐξέστη
3333 1003 3365 1072 ή
3394 1000 3540 1071 ψυχὴ
3569 999 3666 1053 αύ-

2097 1100 2189 1153 τοῦ
2215 1143 2227 1166 ,
2263 1100 2356 1152 καὶ
2387 1101 2418 1170 ἡ
2448 1101 2592 1172 ψυχὴ
2620 1099 2712 1153 τοῦ
2743 1099 2872 1153 λαοῦ
2907 1100 3071 1154 αὐτοῦ
3096 1139 3110 1163 ,
3150 1099 3208 1150 ὃν
3231 1097 3428 1168 τρόπον
3462 1095 3573 1166 (65)
3607 1097 3667 1147 ὲν

2099 1191 2286 1264 δρυμῷ
2313 1193 2466 1260 ξύλον
2495 1192 2598 1246 ὑπὸ
2629 1193 2932 1264 πνεύματος
2963 1190 3216 1260 σαλευθῇ.
3251 1207 3270 1240 ›
3329 1186 3580 1240 Τοιοῦτον
3608 1187 3667 1240 δὲ

2095 1278 2163 1354 ἦν
2194 1284 2286 1336 καὶ
2311 1327 2325 1348 ,
2359 1303 2378 1336 ‹
2417 1286 2480 1338 Ὃ
2501 1285 2748 1355 ἐξήγειρε
2776 1283 2977 1355 Κύριος
2999 1281 3212 1352 πνεῦμα
3238 1279 3328 1332 ἐπὶ
3349 1278 3446 1350 τὴν
3466 1277 3669 1330 Θάλασ-

2103 1384 2199 1427 σαν
2243 1395 2261 1426 ι
2295 1376 2381 1430 διὰ
2413 1377 2501 1429 τὸν
2547 1377 2749 1429 Ἰωνᾶν.
2785 1373 3088 1429 Ἀκολουθεῖ
3112 1374 3219 1443 γὰρ
3249 1375 3313 1451 τῇ
3347 1371 3539 1443 βροντῇ
3572 1367 3668 1421 καὶ

2098 1464 2167 1518 τὰ
2189 1465 2295 1520 τῶν
2319 1467 2532 1538 ἀνέμων
2561 1466 2840 1538 πνεύματα
2859 1509 2872 1532 ,
2901 1466 2975 1530 ὡς
3007 1465 3098 1518 ἐπί
3122 1463 3213 1517 τοῦ
3248 1462 3402 1516 ὑετοῦ
3425 1461 3519 1514 τοῦ
3552 1461 3668 1530 (66)

2099 1557 2238 1611 κατὰ
2267 1558 2358 1613 τὸν
2391 1558 2611 1630 Ἀχαὰ6,
2633 1559 2708 1622 ὡς
2736 1559 3081 1630 γέγραπται·
3118 1573 3136 1607 ι
3166 1556 3276 1609 Καὶ
3306 1555 3519 1622 ἐγένετο
3539 1547 3663 1617 (ἶῆεί

433 1645 526 1696 καὶ
547 1643 652 1706 ἓως
670 1635 790 1705 ὧδε,
817 1641 908 1695 καὶ
939 1644 967 1694 ὁ
993 1642 1216 1713 οὐρανὸς
1247 1642 1602 1695 συνεσκότασε
1643 1640 1892 1712 νεφέλαις
1915 1639 2009 1693 καὶ
2045 1646 2334 1718 πνεύματι.
2369 1668 2387 1701 ι

501 1763 556 1816 9.
598 1761 798 1816 Verum
826 1762 949 1830 quia
972 1761 1196 1827 Christi,
1235 1761 1508 1831 inquiunt,
1555 1761 1805 1816 meminit
1833 1759 1990 1815 Scri-

2161 1768 2214 1822 9.
2263 1766 2400 1820 Ἀλλ’
2426 1767 2664 1842 ἐπείπερ
2691 1764 2946 1838 Χριστοῦ,
2982 1765 3114 1836 φησὶ
3141 1761 3288 1832 (67),
3339 1761 3666 1832 μνημονεύει

433 1859 613 1920 ptura,
694 1851 820 1905 hinc
842 1850 900 1904 ﬁt
929 1858 990 1904 ut
1019 1851 1244 1919 spiritus
1273 1851 1338 1904 de
1366 1865 1476 1920 quo
1513 1850 1602 1904 bic
1633 1860 1715 1905 est
1743 1850 1992 1920 quteslio,

434 1944 617 1999 nullus
641 1944 780 1998 alius
813 1943 1194 2013 intelligendus
1232 1945 1304 1998 sit
1336 1952 1530 2012 praeter
1575 1943 1834 2013 Spiritum
1867 1949 1996 1997 san-

432 2044 605 2090 ctum.
654 2035 802 2089 ltaue
849 2051 980 2106 ergo
1019 2036 1279 2106 Spiritum
1329 2045 1580 2092 sanctum
1625 2052 1732 2091 uua
1777 2036 1995 2107 quidem

434 2142 558 2181 cum
591 2126 810 2180 Christo
839 2128 1112 2182 nominari
1143 2112 1450 2182 attendiStis
1470 2128 1494 2180 ?
1517 2135 1573 2180 at
1601 2127 1820 2181 ubinam
1845 2128 1994 2181 illum

433 2225 680 2270 naturaa
708 2216 847 2272 Filio
895 2218 1066 2272 dividi
1123 2227 1176 2272 et
1224 2217 1463 2287 separari
1513 2217 1874 2283 intellexistis,
1903 2218 1996 2287 qui

432 2306 711 2361 Christum
750 2308 966 2377 quidem
999 2324 1114 2363 rem
1148 2323 1382 2363 creatam
1428 2324 1535 2362 non
1572 2323 1711 2371 esse,
1745 2308 1838 2363 sed
1873 2308 1990 2378 Spi-

432 2398 596 2452 ritum
628 2409 875 2453 sanctum
931 2415 1043 2454 rem
1095 2409 1330 2455 creatam
1383 2415 1504 2454 esse
1547 2399 1756 2454 audetis
1785 2399 1999 2454 dicere?

435 2489 753 2545 Absurdum
809 2506 941 2545 sane
980 2490 1163 2550 .fuerit
1201 2507 1264 2546 ea
1299 2507 1420 2562 quae
1471 2501 1664 2545 natura
1714 2491 1997 2546 dissimilia

432 2591 561 2636 sunt
587 2581 751 2636 simul
795 2581 1078 2635 nominare
1130 2581 1430 2652 eademque
1480 2582 1650 2650 gloria
1703 2582 1994 2636 celebrare.

432 2672 566 2738 Quae
597 2671 742 2726 enim
767 2672 1080 2726 communio
1110 2671 1192 2725 vel
1219 2687 1342 2742 qua:
1367 2671 1669 2726 similitudo
1699 2670 1776 2724 rei
1803 2680 2000 2725 creata:

432 2778 556 2816 cum
590 2762 887 2816 Creatore?
914 2760 1163 2816 Profecto
1197 2763 1241 2816 si
1273 2762 1345 2815 ita
1380 2770 1482 2824 est,
1533 2761 1668 2815 nihil
1720 2761 1867 2816 aliud
1900 2777 1996 2816 su-

432 2861 616 2922 perest
640 2869 804 2922 quam
833 2863 891 2906 ut
919 2851 1056 2906 Filio
1100 2867 1188 2906 res
1218 2867 1356 2922 quas
1407 2852 1521 2922 ipse
1577 2852 1779 2906 creavit
1823 2867 1997 2906 annu-

433 2945 659 2998 meretis
711 2954 764 2998 et
816 2943 1182 3013 conjungatis.
1217 2942 1406 3012 Itaque
1461 2943 1594 2998 satis
1627 2944 1846 3014 quidem
1877 2958 1999 2999 esse

435 3034 722 3088 videbatur
751 3035 896 3104 quod
950 3035 1091 3104 apud
1139 3035 1457 3104 prOphetam
1505 3034 1766 3104 scriptum
1809 3043 1892 3089 est
1931 3035 1997 3090 de

433 3126 628 3196 spiritu
663 3136 971 3189 ventorum,
1010 3137 1069 3180 ut
1099 3127 1212 3196 jam
1265 3127 1467 3181 dictum
1521 3136 1624 3194 est,
1677 3127 1994 3199 intelligere.

432 3214 635 3271 Verum
677 3218 1113 3288 quandoquidem
1155 3216 1355 3272 factam
1407 3218 1607 3272 ibidem
1659 3219 1726 3273 de
1780 3219 2000 3274 Christo

432 3307 766 3361 mentionem
798 3309 1058 3377 objicitis,
1098 3320 1351 3364 accurate
1394 3325 1481 3364 res
1510 3319 1594 3364 est
1628 3309 1786 3364 nobis
1823 3311 1996 3381 expli-

434 3397 629 3464 canda,
665 3399 710 3452 si
759 3397 897 3453 forte
939 3400 1068 3469 quid
1125 3401 1318 3455 melius
1364 3401 1432 3456 de
1480 3401 1585 3457 isto
1628 3403 1844 3472 spiritu,
1900 3404 1996 3475 qui

434 3486 611 3538 creari
651 3485 872 3551 dicitur,
903 3489 1190 3542 ostendere
1222 3490 1516 3559 possimus.
1549 3492 1689 3558 Quid
1709 3504 1793 3547 est
1837 3495 2001 3565 igitur

431 3576 760 3630 annuntiare
801 3577 940 3632 inter
988 3579 1237 3635 homines
1271 3580 1550 3637 Christum
1601 3584 1805 3653 ejus",
1836 3604 1999 3657 quam

433 3666 610 3734 ipsum
636 3666 908 3721 hominem
939 3667 1076 3730 ﬁeri.
1113 3669 1362 3741 idemque
1396 3687 1518 3728 esse
1541 3689 1604 3728 ac
1633 3675 1792 3729 illud:
1822 3697 1838 3727 ι
1864 3677 2002 3734 Ecce

431 3757 586 3828 virgo
620 3759 675 3812 in
709 3768 864 3814 utero
906 3761 1146 3829 habebit,
1189 3771 1244 3816 et
1296 3764 1470 3833 pariet
1522 3766 1795 3834 lilium,et
1839 3785 2001 3824 voca-

432 3848 570 3903 bunt
593 3864 790 3905 nomen
817 3850 935 3921 ejus
967 3851 1285 3908 Emmanuel
1316 3853 1382 3921 5",
1406 3874 1423 3907 ι
1448 3863 1502 3909 et
1530 3857 1633 3910 alia
1655 3873 1773 3927 qua“
1791 3861 1862 3916 de
1882 3860 2000 3930 ejus

433 3939 666 3994 adventu
699 3941 900 4010 scripta
928 3944 1086 3997 sunt?
1117 3942 1254 3997 Cum
1288 3945 1452 4014 igitur
1494 3962 1559 4000 eo
1594 3948 1696 4002 loci
1734 3940 1897 4004 Verbi
1943 3951 1996 4004 in

433 4045 651 4085 carnem
676 4033 938 4088 adventus
972 4036 1344 4103 aununtietur,
1372 4039 1584 4107 qualem
1609 4049 1846 4094 creatum
1883 4044 1998 4112 spi-

436 4119 598 4174 ritum
633 4123 930 4194 intelligere
963 4124 1244 4192 debemus,
1273 4137 1467 4195 prwter
1516 4129 1795 4183 hominum
1829 4133 2000 4200 spiri-

439 4217 550 4262 tum
571 4212 664 4279 qui
699 4213 932 4266 el'licitur
961 4223 1012 4266 et
1033 4225 1343 4280 renovatur,
1366 4217 1822 4284 quemadmodum
1857 4219 1998 4278 Deus

2097 1857 2158 1911 τὸ
2183 1858 2396 1927 Λὸγιον,
2421 1857 2727 1920 ἀκολούθως
2749 1857 2842 1910 καὶ
2872 1855 2932 1909 τὸ
2963 1854 3250 1924 λεγόμενον
3273 1850 3487 1922 πνεῦμα
3512 1851 3666 1903 ούδέν

2095 1950 2278 2021 ἕτερον
2308 1950 2340 2021 ἢ
2368 1949 2427 2003 τὸ
2459 1949 2682 2020 Πνεῦμα
2708 1949 2770 2002 τὸ
2800 1947 2952 2016 ἅγιον
2984 1945 3088 2017 χρὴ
3121 1947 3258 1998 νοεῖν
3286 1941 3418 2012 (68).
3450 1938 3585 1996 Εἶτα
3606 1941 3666 1994 τὸ

2101 2035 2195 2106 μὲν
2211 2035 2326 2108 (69)
2346 2034 2795 2108 συνονομάζεσθαι
2808 2035 2884 2106 τῷ
2899 2037 2941 2087 Χ
2950 2033 3113 2105 ριστῷ
3128 2032 3188 2085 τὸ
3200 2031 3419 2102 Πνεῦμα
3434 2031 3496 2084 τὸ
3514 2033 3669 2100 ἅγιον

2098 2126 2435 2200 ἐθεωρὴσατε
2456 2145 2468 2158 ·
2494 2128 2556 2181 τὸ
2582 2128 2638 2181 δέ
2685 2128 2910 2198 διαιρεῖν
2937 2126 3066 2180 αὐτὸ
3090 2127 3156 2196 τῇ
3183 2123 3339 2194 φύσει
3357 2164 3370 2187 ,
3405 2125 3498 2177 καὶ
3532 2125 3668 2177 ἀπο⁶

2099 2221 2322 2286 ξενίζειν
2352 2221 2458 2275 ἀπὸ
2485 2221 2578 2274 τοῦ
2603 2221 2755 2284 Υἱοῦ,
2776 2220 2876 2273 ποῦ
2906 2219 3289 2290 κατενοήσατε,
3322 2216 3403 2268 ὅτι
3429 2216 3518 2267 τὸν
3568 2215 3667 2285 μὲν

2098 2313 2327 2384 Χριστὸν
2355 2312 2538 2382 λέγετε
2573 2313 2648 2384 μὴ
2696 2308 2831 2365 εἶναι
2874 2310 3106 2380 κτίσμα,
3152 2309 3214 2361 τὸ
3255 2307 3311 2360 δὲ
3349 2306 3502 2374 ἅγιον
3552 2305 3666 2375 (70)

2099 2401 2321 2473 Πνεῦμα
2355 2403 2559 2473 κτίσμα
2592 2402 2812 2470 λέγετε;
2841 2401 2949 2454 Καὶ
2976 2398 3172 2455 ἄτοπόν
3198 2399 3314 2451 ἐστι
3348 2397 3414 2450 τὰ
3438 2395 3667 2468 ἀνόμοια

2097 2497 2163 2565 τῇ
2191 2493 2349 2562 φύσει
2393 2493 2792 2564 συνονομάζειν,
2848 2492 2940 2546 καὶ
2988 2488 3344 2555 συνδοξάζειν.
3393 2489 3528 2542 Ποία
3557 2488 3669 2559 γὰρ

2100 2586 2370 2650 κοινωνία,
2405 2584 2438 2655 ἢ
2475 2586 2601 2638 ποία
2627 2585 2878 2655 ὁμοιότης
2902 2583 2976 2654 τῷ
2997 2583 3252 2653 κτίσματι
3284 2582 3416 2649 πρὸς
3435 2581 3526 2634 τὸν
3554 2582 3668 2633 κτί-

2102 2693 2261 2748 στην;
2315 2677 2467 2729 Ἐπεὶ
2501 2676 2619 2749 ὥρα
2643 2677 2785 2747 ὑμᾶς
2808 2677 2900 2729 καὶ
2924 2675 3000 2746 τῷ
3029 2675 3142 2747 Υίῷ
3177 2676 3523 2746 συναριθμεῖν
3574 2673 3671 2726 καὶ

2102 2767 2390 2822 συνάπτειν
2425 2769 2494 2822 τὰ
2541 2769 2606 2822 δι’
2643 2767 2805 2821 αὐτοῦ
2840 2767 3104 2838 γενόμενα
3149 2767 3438 2836 κτίσματα.
3471 2767 3667 2837 Ἤρκει

2104 2860 2201 2929 μὲν
2225 2855 2316 2913 οῦν
2343 2859 2454 2928 (7-1)
2505 2859 2631 2931 περὶ
2665 2858 2967 2928 πνεύματος
3017 2857 3230 2928 ἀνέμων
3281 2858 3418 2910 νοεῖν
3469 2855 3530 2907 τὸ
3571 2871 3668 2922 γε-

2101 2951 2436 3023 γραμμένον,
2471 2950 2656 3024 ὥσπερ
2683 2952 2922 3022 εἴρηται·
2961 2949 3147 3020 ἐπειδὴ
3180 2948 3237 3001 δὲ
3269 2945 3668 3019 προφασίζεσθε

2099 3043 2197 3114 τὴν
2217 3044 2270 3095 ἐν
2294 3042 2372 3114 τῷ
2401 3042 2547 3114 ῥητῷ
2572 3043 2698 3114 περὶ
2729 3041 2820 3094 τοῦ
2848 3040 3080 3111 Χριστοῦ
3117 3040 3352 3111 μνήμην,
3376 3040 3670 3106 ἀναγκαῖον

2105 3135 2228 3188 ἰδεῖν
2251 3133 2491 3206 ἀκριϐῶς
2521 3134 2580 3186 τὸ
2602 3133 2910 3204 λεγόμενον,
2950 3132 3024 3203 μὴ
3050 3132 3155 3202 ἄρα
3175 3131 3266 3184 καὶ
3298 3131 3421 3202 περὶ
3457 3129 3550 3182 τοῦ
3579 3129 3671 3181 λε-

2099 3225 2328 3296 γομένου
2369 3223 2649 3288 κτίζεσθαι
2699 3223 3008 3294 πνεύματος
3037 3222 3368 3293 οἰκειοτέραν
3420 3220 3671 3291 εὕρωμεν

2098 3319 2198 3390 τὴν
2229 3318 2484 3373 διάνοιαν.
2522 3318 2587 3370 Τί
2611 3318 2789 3370 τοίνυν
2815 3317 2930 3370 ἐστὶ
2956 3317 3015 3370 τὸ
3049 3315 3407 3384 ἀπαγγέλλειν
3456 3317 3534 3376 είς
3577 3315 3673 3367 ἀυ-

2101 3406 2349 3480 θρώπους
2371 3406 2461 3460 τὸν
2493 3407 2726 3476 Χριστὸν
2759 3403 2946 3469 αὑτοῦ,
2973 3405 3005 3476 ἢ
3038 3405 3099 3458 τὸ
3129 3403 3371 3473 γίνεσθαι
3404 3403 3565 3457 αύτδν
3587 3402 3673 3455 ἇν-

2103 3499 2339 3569 θρωπον,
2376 3497 2470 3551 καὶ
2502 3497 2613 3550 ῐσον
2639 3492 2774 3550 εἶναι
2802 3497 2959 3550 τοῦτο
2977 3496 3056 3567 τῷ
3087 3496 3198 3565 (7‘2)
3234 3496 3428 3566 φάναιθ
3473 3513 3491 3546 ι
3537 3495 3672 3548 Ἰδοὺ

2107 3587 2140 3656 ἠ
2175 3585 2438 3656 παρθένος
2479 3586 2536 3637 ἐν
2569 3585 2765 3656 γαστρὶ
2811 3584 2956 3649 ἐξει,
2993 3585 3085 3639 καὶ
3121 3585 3332 3649 τέξεται
3377 3585 3488 3638 υἱόν
3511 3599 3525 3612 ·
3577 3585 3675 3638 καὶ

2107 3679 2394 3731 καλέσουσι
2418 3678 2478 3730 τὸ
2501 3677 2669 3748 ὄνομα
2689 3676 2851 3730 αὑτοῦ
2883 3676 3226 3748 Ἐμμανουήλ
3245 3695 3258 3708 ο
3273 3697 3292 3729 ι
3313 3677 3405 3730 καὶ
3426 3676 3492 3729 τὰ
3515 3676 3671 3735 ἄλλα.

2105 3773 2204 3826 ὅσα
2238 3772 2366 3844 περὶ
2405 3772 2502 3842 τῆς
2547 3770 2838 3842 ἐπιδημίας
2880 3771 3043 3824 αὑτοῦ
3075 3773 3410 3841 γέγραπται;
3469 3769 3568 3840 τῆς
3613 3769 3673 3822 δέ

2105 3861 2366 3934 ἐνσὰρκου
2392 3859 2689 3932 παρουσίας
2713 3861 3194 3931 ἀπαγγελλομένης
3212 3857 3448 3931 περὶτοῦ
3471 3861 3667 3928 Λόγου,

2105 3957 2256 4008 ποῖον
2287 3953 2392 4026 χρὴ
2436 3953 2653 4024 πνεῦμα
2690 3952 3006 4024 κτιζόμενον
3041 3957 3208 4014 νοεῖν,
3241 3955 3289 4006 εί
3335 3954 3409 4024 μὴ
3454 3954 3515 4006 τὸ
3561 3953 3670 4024 (75)

2106 4043 2525 4116 ἀνακτιζόμενον
2570 4044 2677 4097 τῶν
2714 4043 3015 4116 ἀνθρώπων
3062 4045 3158 4097 καὶ
3196 4044 3674 4115 ἀνακαινιζόμενον

2101 4135 2317 4206 πνεῦμα
2341 4153 2354 4200 ;
2389 4134 2559 4188 Τοῦτο
2587 4135 2695 4208 γὰρ
2721 4136 2815 4189 καὶ
2835 4135 2925 4188 διὰ
2963 4134 3220 4208 Ἰεζεκιὴλ
3259 4137 3614 4206 ἐπεγγείλατο
3643 4139 3672 4189 ὁ

2101 4228 2232 4290 Θεὸς
2265 4227 2466 4295 λέγων’
2511 4246 2528 4278 ‹
2574 4229 2684 4281 Καὶ
2721 4227 2875 4280 δώσω
2906 4228 3032 4298 ὑμῖν
3076 4227 3300 4301 καρδίαν
3329 4228 3540 4299 καινὴν,
3578 4230 3673 4282 καὶ

505 4346 551 4379 ⁸⁸
581 4345 685 4401 lsa.
714 4364 809 4414 vn,
839 4348 894 4403 2.
973 4351 1016 4380 ⁵¹
1053 4348 1176 4406 Jon.
1202 4367 1241 4416 ι,
1273 4351 1326 4407 4.
1399 4354 1445 4384 ⁵³
1472 4353 1536 4406 lll
1563 4352 1692 4424 Reg.
1725 4372 1878 4422 xrttt,
1903 4361 1992 4414 45.

2105 4370 2108 4392 ι
2140 4365 2308 4420 Amos
2341 4382 2415 4430 iv,-
2448 4365 2534 4419 15.
2613 4365 2660 4397 ⁸⁸
2694 4363 2800 4420 lsa.
2830 4365 3037 4430 “1,14.

656 4506 1043 4596 ξξοᾷῐξεεδίυενί
1070 4551 1083 4573 ,
1119 4511 1344 4596 Seguer.
1387 4514 1605 4596 Gobler:
1636 4524 1690 4570 et
1718 4516 1985 4596 Fcick._i.
2025 4528 2069 4582 ι)
2098 4541 2248 4596 guer.
2286 4526 2501 4582 Cobler.
2537 4535 2590 4580 et
2640 4525 2821 4581 Felck.
2872 4527 2893 4580 1
2923 4543 2939 4593 ;
2998 4527 3192 4581 desunt
3225 4539 3352 4580 vero
3383 4527 3435 4580 in
3467 4528 3589 4582 aliis
3620 4540 3672 4585 ct

434 4579 503 4632 At
531 4579 639 4661 alii,
660 4586 714 4661 et
749 4579 915 4661 editi1
958 4582 1126 4661 εξῃτε.
1168 4579 1354 4661 _Paulo_
1378 4595 1499 4661 post
1531 4585 1729 4661 iidem,
1761 4584 1870 4641 οἷον
1903 4586 1992 4661 ἦν,

437 4647 561 4731 περὶ
577 4642 645 4731 εὖ
667 4649 724 4701 ἐν
759 4649 971 4722 Ἡσαΐᾳ.
992 4642 1183 4707 Caneri
1203 4664 1257 4708 et
1273 4642 1421 4719 editi,
1446 4649 1555 4706 οἷον
1581 4650 1648 4724 ἦν
1673 4642 1810 4729 ὅπερ
1834 4661 1890 4712 ἐν
1913 4642 1998 4731 τῷ
2041 4712 2049 4719 ,

445 4718 657 4771 Ἠσαῒα.

435 4857 457 4870 u
503 4773 875 4870 (65):_Prit_uu5
905 4792 1084 4870 codexA
1111 4790 1310 4870 Regius
1334 4835 1350 4861 ,
1401 4793 1621 4870 §eguer.
1673 4797 1763 4870 hic
1791 4799 1998 4870 addunt

431 4856 886 4936 ξτανέΜυξιὶςίς.
915 4861 1035 4936 let
1053 4862 1110 4924 2,
1139 4856 1362 4936 Se'gner'.
1391 4856 1608 4920 Gobler.
1642 4877 1694 4920 et
1725 4866 1904 4921 Felck.
1942 4871 1992 4931 1,

432 4927 770 5011 Τοιοῦτονιδὲ
789 4925 863 5011 -ἧν
889 4931 979 4984 καὶ
1009 4933 1037 4984 ὃ
1055 4971 1070 4996 ,
1102 4925 1240 4989 etc."
1259 4934 1362 4989 Alii
1390 4946 1442 4990 et
1475 4939 1603 4992 editi
1624 4974 1640 5002 ,
1667 4938 1890 4991 Τοιοῦτο
1937 4925 1994 4993 δέ

429 4999 498 5067 ἣν
532 4999 625 5051 καὶ
646 4999 728 5064 τό,
751 5009 854 5052 etc.

501 5067 612 5149 (56)
652 5067 1041 5149 SicuRegiusﬂ
1074 5112 1090 5138 ,
1141 5072 1366 5149 Seguer.
1413 5074 1604 5149 Cteteri
1636 5086 1690 5149 et
1733 5077 1862 5132 editi
1898 5077 1992 5131 τοῦ

429 5140 706 5210 omittunt.
757 5139 895 5210 Μοί
943 5143 1126 5209 iidem,
1189 5143 1404 5201 Gobler.
1449 5157 1504 5201 et
1536 5147 1714 5203 Felck.
1774 5149 1846 5210 1,
1896 5165 1996 5204 nec

431 5223 537 5296 pou
562 5207 1120 5296 gracususcripturat
1143 5222 1322 5296 tex_tus
1370 5216 1598 5296 habe_nt,
1635 5218 1738 5296 ἓως
1888 5220 1992 5296 ’καὶ

429 5276 532 5357 ἕως
554 5276 678 5333 ὧδε.
708 5281 812 5357 Alii
835 5290 896 5357 et
913 5276 1041 5357 editi
1067 5286 1234 5357 semel
1265 5294 1471 5341 tantum
1499 5276 1602 5351 ἕως
1632 5276 1754 5357 ὧδε.
1789 5287 1989 5342 Ibidem

430 5350 639 5413 primus
661 5350 830 5404 codex
860 5350 1082 5426 Regius,
1116 5354 1338 5426 Seguer.
1364 5367 1417 5412 et
1439 5350 1660 5412 Graecus
1695 5355 1994 5426 Scriptura:

433 5426 648 5494 textus,
701 5423 1059 5494 συνεσκότασε
1094 5425 1362 5494 νεφέλαις.
1417 5428 1522 5481 Alii
1565 5437 1619 5483 et
1660 5428 1787 5481 editi
1809 5423 1837 5491 ,’
1871 5444 1994 5480 συν-

430 5486 721 5561 ἐσκότασεν
739 5493 808 5552 ,ἐν
837 5492 1105 5561 νεφέλαις.

501 5556 615 5638 (ﬁl)
640 5556 855 5638 [Regius
884 5556 936 5625 1⁷,
967 5562 1215 5638 Seguer.,
1260 5567 1382 5619 ἐπεὶ
1407 5569 1552 5638 περὶ,
1582 5567 1744 5636 φασί,
1779 5578 1883 5622 etc.

503 5624 614 5702 (εἶθ)
637 5624 767 5692 Qui:
790 5624 1096 5698 sequuntur
1117 5624 1221 5705 χρῆ
1244 5640 1384 5688 νοεῖν
1401 5675 1416 5700 ,
1463 5624 1604 5700 etc".
1632 5624 1806 5706 usque
1829 5638 1893 5691 ad
1932 5639 1993 5690 τὸ

434 5691 654 5748 Πνενμα
685 5695 746 5748 τδ
775 5698 944 5748 ἅγιον-
975 5701 1167 5748 habent
1193 5707 1398 5748 nrimne
1430 5709 1591 5748 ρηιΙρι(
1626 5707 1822 5748 Rnoinc
1895 5705 1992 5748 Sp-

581 5711 654 5762 μα
685 5701 944 5780 τδὶᾱγιον,
975 5701 1167 5758 habent
1190 5701 1398 5774 primus
1430 5709 1594 5763 codex
1625 5701 1822 5778 Regius
1843 5749 1855 5773 ,
1895 5705 1992 5762 Se-

2101 4596 2282 4650 editis.

2173 4666 2296 4735 ((59)ν
2319 4664 2460 4718 Αὐτό
2491 4673 2607 4736 post
2647 4663 2981 4729 ἀποξενίζειν
3009 4667 3272 4736 abjiciuut
3299 4665 3452 4736 Regii
3483 4677 3536 4721 et
3575 4665 3672 4720 Se-

2101 4751 2252 4802 guer.
2294 4736 2744 4806 Ba_sil.rAng|ic.,
2788 4745 2844 4788 at
2883 4737 2973 4806 alii
3017 4746 3072 4790 et
3117 4737 3246 4790 editi
3282 4737 3503 4791 habent.
3547 4736 3670 4791 Mcl

2101 4806 2310 4872 primus
2358 4803 2621 4872 Regius,‘
2642 4805 2867 4874 Seguer.
2924 4805 3140 4861 Gobler.
3185 4817 3239 4861 et
3287 4806 3466 4862 Fclck.
3512 4808 3570 4872 1,
3611 4808 3669 4858 ού

2101 4875 2485 4945 κατενοήσατε,
2509 4877 2590 4928 ὅτι
2606 4917 2619 4938 ,
2643 4885 2748 4929 etc.

2172 4943 2282 5014 (70)
2319 4943 2511 5015 ”ᾼγιον
2557 4956 2611 4998 et
2660 4959 2784 4998 mox
2829 4946 3013 5014 λέγετε
3045 4946 3242 5001 desunt
3281 4945 3335 5001 in
3386 4945 3553 5015 Regio
3608 4951 3670 5012 1,

2103 5013 2324 5082 Seguer.
2370 5013 2539 5068 Paulo
2600 5023 2720 5084 post
2778 5013 2966 5084 iidem,
3025 5015 3240 5071 Gobler.
3285 5025 3339 5070 et
3381 5013 3568 5070 Felck.
3611 5021 3670 5070 1.

2101 5077 2310 5155 Anglic.
2359 5083 2491 5155 Reg.
2523 5085 2578 5148 2,
2600 5077 2960 5152 ’συνδοξάςειν
2996 5087 3221 5142 addunt.
3267 5086 3370 5140 Alii
3417 5097 3471 5140 et
3505 5088 3673 5141 editio

2101 5154 2364 5209 Commei.
2392 5154 2673 5223 abjiciunt.
3271 5217 3275 5221 ,

2171 5224 2282 5296 (Il)
2322 5222 2591 5296 Ροεςοῦν,
2623 5224 2753 5296 Reg.
2784 5227 2809 5280 1
2843 5235 2898 5282 et
2924 5225 3146 5296 Seguer.
3182 5227 3273 5280 καί
3309 5227 3535 5294 addunt,

2163 5293 2282 5373 (72)
2320 5293 2569 5373 _Sic_Reg.
2601 5296 2652 5359 1,
2706 5293 2929 5373 Sgguer.
2962 5293 3030 5351 Αἰ
3063 5297 3281 5373 Cobler.
3309 5309 3360 5352 et
3390 5297 3591 5373 Felck.
3622 5300 3668 5360 1,

2099 5364 2360 5448 τοῦτοτὸ.
2381 5364 2541 5448 (forte
2576 5382 2673 5448 pro
2699 5364 2799 5448 τῷ)
2829 5367 2996 5448 φάναιἶ
3011 5383 3024 5398 ο
3073 5367 3212 5448 ἐῐδού
3235 5407 3250 5430 ,
3294 5378 3397 5448 etc.
3430 5367 3672 5448 {\‘nglici.

2041 5481 2049 5489 .
2099 5433 2272 5507 τούτῳ
2295 5433 2458 5507 φάναι
2479 5433 3043 5507 τὸ,ί’1δού,ἐιό.γΕι11ι.
3069 5437 3333 5491 Commel.
3362 5447 3416 5492 et
3444 5433 3583 5507 Reg.
3620 5440 3673 5498 2,

2100 5503 2274 5587 τρύτερ
2303 5505 2710 5587 (ρὶάναιοῃἹδοιξὶ,
2739 5516 2842 5562 etc.
2877 5506 3045 5587 _Pau_lo
3069 5518 3189 5576 post
3216 5524 3312 5587 pro
3354 5503 3673 5575 ὲπιδηεῖίας,

2103 5573 2283 5673 Ἐρύξιέὶ
2315 5574 2622 5673 ξῆιῇεειξιὶο
2649 5577 2939 5673 ρυηιῐξιιθίη
2970 5573 3346 5673 δημμιουργὶαξ.
3417 5648 3428 5664 ο

2172 5643 2284 5716 (75)
2325 5644 2540 5702 Primus
2567 5648 2734 5704 codex
2769 5646 2988 5720 Regius,
3021 5643 3268 5718 Seguer.,
3304 5648 3338 5718 ἦ
3371 5648 3465 5716 τό,
3494 5657 3600 5706 cte.
