3914 6222
297 298 404 356 555

1392 294 1733 355 EPISTULA
1772 297 1791 351 l
1830 296 1921 351 AD
1963 298 2424 358 SERAPIONEM.

3430 298 3535 355 556

296 414 517 486 πνεῦμα
542 416 726 471 καινὸν
751 416 906 473 δώσω
936 416 1062 490 ὑμῖν
1081 434 1095 449 ·
1127 414 1221 470 ναὶ
1261 416 1444 486 ἀφελῶ
1495 415 1592 487 τὴν
1637 417 1840 487 καρδία

1966 432 2059 487 per
2084 414 2422 471 Ezecliielem
2465 414 2741 485 pollicitus
2774 386 2878 482 est,
2933 415 3120 470 dicens
3161 434 3173 469 ε
3209 432 3232 466 ε
3274 412 3339 468 Et
3390 414 3534 469 dabo

291 508 389 576 τὴν
415 507 623 580 λιθίνην
643 510 707 563 ὲκ
730 510 830 580 τῆς
861 510 1061 581 σαρκὸς
1088 511 1115 563 ὖ
1125 510 1241 581 μῶν
1258 528 1270 541 υ
1288 511 1381 563 καὶ
1397 509 1553 563 δώσω
1577 512 1704 582 ὑμῖν
1726 530 1861 584 καρ-

291 597 404 652 δίαν
440 601 706 673 σαρκίνην
729 618 742 631 ⁸
771 603 863 656 καὶ
896 603 956 656 τὸ
984 602 1207 671 Πνεῦμα
1235 619 1334 672 μου
1368 601 1525 655 δώσω
1566 605 1622 655 ὲν
1651 604 1795 672 ὑμῖν.
1838 624 1856 654 ι

290 691 427 745 Πότε
442 692 507 763 δὴ
535 693 692 746 τοῦτο
714 694 827 764 (74)
852 695 1222 766 πεπλήρωται,
1254 697 1304 747 εί
1340 695 1414 765 μὴ
1439 696 1526 748 ὅτε
1562 697 1861 765 παραγενό-

291 797 451 851 μενος
476 783 507 835 ξ
537 783 740 857 Κύριος
759 786 1065 840 ἀνεκαίνισε
1091 786 1159 840 τὰ
1187 786 1363 839 πάντα
1386 789 1451 859 τῇ
1478 787 1658 860 χάριτι
1686 805 1699 853 ;
1730 788 1859 840 Ἰδοὺ

288 872 393 943 γὰρ
420 872 516 927 καὶ
547 876 605 927 ὲν
635 876 710 946 τῷ
739 875 886 947 ῥητῷ
922 875 1095 946 τούτῳ
1128 878 1161 946 ἡ
1200 877 1433 949 διαφορὰ
1465 878 1572 931 τῶν
1620 879 1862 949 πνευμά-

285 979 389 1015 των
420 965 695 1020 δείκνυται
717 984 732 998 ’
762 968 856 1021 καὶ
882 969 940 1021 τὸ
974 969 1071 1039 μὲν
1100 968 1315 1038 πνεῦμα
1345 968 1405 1021 τὸ
1439 969 1594 1041 ἡμῶν
1634 971 1858 1024 ἀνακαι-

284 1055 566 1126 νιζόμενόν
612 1060 760 1111 ἐστι’
806 1060 864 1113 τὸ
901 1058 958 1113 δὲ
994 1061 1217 1132 Πνεῦμα
1252 1061 1313 1113 τὸ
1354 1060 1506 1131 ἅγιον
1537 1064 1634 1134 οὐχ
1676 1064 1860 1129 ἁπλῶς

284 1145 523 1215 πνεῦμα,
555 1147 671 1200 ἀλλ’
705 1149 900 1203 ἑαυτοῦ
924 1150 1033 1221 (75)
1062 1169 1225 1222 φησιν
1249 1151 1380 1205 αὐτὸ
1411 1148 1553 1207 εἶναι
1574 1156 1603 1206 6
1627 1155 1777 1220 Θεὸς,
1802 1157 1860 1209 ἐν

280 1230 325 1305 ᾧ
350 1239 445 1293 καὶ
472 1241 544 1292 τὰ
563 1240 727 1311 ἡμῶν
770 1243 1173 1309 ἀνακαινίζεται
1195 1262 1211 1276 ·
1233 1245 1309 1310 ὡς
1337 1246 1429 1298 καὶ
1473 1247 1502 1298 6
1544 1246 1759 1316 ψάλλων
1801 1251 1858 1302 ἐν

279 1328 356 1398 τῷ
378 1318 663 1401 ιέκατοστῷ
690 1331 783 1383 καὶ
811 1332 978 1403 τρίτῳ
1001 1331 1201 1404 ψαλμῷ
1246 1333 1427 1403 λέγει·
1465 1353 1483 1384 ι
1528 1335 1858 1401 Ἀντανελεῖς

279 1418 340 1470 τὸ
367 1417 589 1488 πνεῦμα
621 1420 830 1484 αὐτῶν,
861 1422 953 1474 καὶ
981 1421 1287 1491 ἐκλείψουσι
1306 1466 1319 1490 ,
1365 1425 1456 1476 καὶ
1502 1426 1582 1487 εἰς
1613 1426 1702 1477 τὸν
1730 1425 1857 1496 χοῦν

278 1508 457 1559 αὐτῶν
480 1509 920 1580 ἐπιστρέψωσιν.
970 1512 1377 1577 Ἐξαποστελεῖς
1404 1515 1463 1568 τὸ
1486 1516 1711 1587 Πνεῦμα
1736 1535 1852 1583 σου,

277 1599 368 1651 καὶ
404 1600 811 1672 κτισθήσονται,
848 1604 944 1656 καὶ
968 1605 1298 1671 ἁνακαινιείς
1330 1607 1392 1659 τὸ
1427 1610 1717 1679 πρόσωπον
1757 1612 1855 1681 τῆς

274 1691 396 1760 γῆς.
434 1710 452 1741 ι
483 1692 547 1743 Εί
580 1692 637 1744 δὲ
661 1696 717 1747 ὲν
747 1692 824 1763 τῷ
872 1695 1147 1765 Πνεύματι
1192 1695 1285 1749 τοῦ
1330 1698 1464 1750 Θεοῦ
1509 1699 1853 1762 ἁνακαινιζιόο

1966 508 2120 562 vobis
2148 522 2244 560 cor
2296 522 2528 573 novum,
2561 517 2615 561 et
2646 507 2897 576 spiritum
2922 522 3124 560 novum
3159 506 3301 561 dabo
3331 505 3486 560 vobis
3515 521 3528 554 :

1963 608 2016 652 ct
2039 594 2280 651 auferam
2321 612 2418 651 cor
2451 598 2721 667 lapideum
2766 598 2833 651 de
2883 612 3051 651 carne
3083 605 3283 661 vestra,
3310 604 3366 650 et
3388 595 3533 651 dabo

1963 689 2117 743 vobis
2146 705 2242 744 cor
2297 705 2581 755 carneum,
2632 700 2687 744 et
2736 690 3002 760 Spiritum
3049 704 3230 743 meum
3283 688 3426 744 dabo
3475 689 3529 741 in

1963 782 2117 836 vobis
2141 783 2206 834 ⁸⁸.
2255 801 2273 833 ι
2307 781 2539 847 Quando
2572 797 2703 852 ergo
2730 781 2780 835 id
2820 781 3098 850 impletum
3129 786 3232 845 est,
3256 779 3360 835 nisi
3407 793 3533 832 cum

1962 874 2179 928 advenit
2208 873 2494 939 Dominus,
2518 883 2574 928 et
2621 887 2746 946 sua;
2770 874 2952 944 gratia'
2977 873 3163 926 omnia
3221 873 3534 926 renovavit?

1960 965 2133 1021 Porro
2164 968 2268 1021 hoc
2295 968 2456 1022 etiam
2484 968 2535 1021 in
2559 968 2679 1021 loco
2702 967 2989 1036 spirituum
3015 965 3324 1019 differentia
3347 973 3532 1019 osten-

1960 1059 2128 1113 ditur.
2172 1056 2306 1112 Nam
2336 1057 2560 1129 spiritus
2598 1067 2807 1124 noster,
2857 1058 2906 1112 is
2946 1065 3031 1113 est
3069 1057 3162 1126 qui
3197 1064 3530 1110 renovatur:

1960 1149 2052 1204 sed
2087 1149 2349 1219 Spiritum
2403 1159 2677 1215 sanctum,
2710 1164 2818 1204 non
2868 1149 3189 1219 simpliciter
3246 1146 3526 1217 spiritum,

1960 1242 2052 1296 sed
2078 1257 2238 1295 suum
2269 1256 2392 1297 esse
2438 1240 2699 1313 Spiritum
2725 1240 2874 1296 Deus
2915 1240 3176 1306 declarat,
3201 1239 3255 1292 in
3288 1252 3402 1308 quo
3427 1236 3537 1291 sci-

1958 1333 2088 1387 licet
2110 1333 2338 1403 spiritus
2366 1343 2551 1389 noster
2571 1341 2891 1398 renovatur,
2907 1334 2984 1386 uti
3000 1331 3292 1386 Psalmista
3322 1330 3534 1401 psalmo

1958 1426 2260 1479 centesimo
2295 1425 2453 1478 tertio
2506 1425 2810 1479 luculenter
2850 1423 3047 1478 docet:
3080 1443 3099 1474 ‹
3140 1421 3370 1477 Auferes
3422 1420 3537 1490 spi-

1957 1516 2124 1569 ritum
2158 1530 2344 1569 eorum
2374 1524 2428 1569 et
2452 1516 2726 1578 deficient,
2762 1524 2820 1569 et
2846 1516 2899 1569 in
2930 1515 3203 1583 pulverem
3246 1529 3406 1568 suum
3444 1527 3533 1567 re-

1954 1615 2256 1659 vertentur.
2301 1603 2535 1660 Emittes
2587 1605 2852 1675 Spiritum
2903 1614 3054 1658 tuum
3083 1612 3138 1657 et
3176 1604 3528 1679 erealiuntttr,

1955 1707 2008 1752 et
2046 1697 2337 1751 renovabis
2389 1696 2581 1751 faciem
2622 1696 2893 1754 terrm‘h
2931 1694 3084 1761 Quod
3132 1695 3176 1749 si
3224 1694 3276 1747 in
3324 1691 3531 1762 Spiritu

278 1782 447 1851 μεθα·
472 1784 575 1837 οὐκ
604 1784 712 1857 ἄρα
736 1788 797 1840 τὸ
818 1788 1041 1857 Πνεῦμα
1066 1788 1126 1841 τὸ
1156 1789 1308 1856 ἅγιόν
1333 1792 1448 1844 ἐστι
1476 1790 1537 1843 τὸ
1575 1791 1669 1844 νῦν
1701 1792 1840 1859 λεγό·

1958 1789 2050 1843 Dei
2086 1804 2410 1843 renovamur
2441 1807 2454 1842 :
2487 1804 2596 1843 non
2633 1802 2763 1857 ergo
2818 1784 3054 1856 Spiritus
3097 1792 3323 1839 sanctus
3363 1784 3409 1838 is
3445 1791 3531 1837 cst

276 1890 437 1942 μενον
455 1874 672 1945 πνεῦμα
693 1876 990 1942 κτίζεσθαι,
1005 1879 1141 1932 ἀλλὰ
1154 1880 1213 1932 τὸ
1227 1881 1513 1952 ἡμέτερον.
1542 1883 1649 1935 Καὶ
1669 1883 1849 1954 εἴπερ,

269 1962 357 2014 διὰ
380 1964 445 2016 τὸ
469 1964 648 2017 πάντα
676 1967 925 2034 γενέσθαι
961 1968 1070 2039 (76)
1097 1969 1184 2023 διὰ
1225 1969 1317 2023 τοῦ
1365 1972 1537 2040 Λόγου
1557 2013 1570 2037 ,
1605 1977 1851 2044 φρονεῖτε

272 2054 452 2118 καλῶς
481 2056 557 2126 μὴ
587 2054 723 2110 εἶναι
750 2060 952 2130 κτίσμα
983 2061 1074 2113 τὸν
1105 2061 1229 2114 Υίόν
1250 2078 1264 2090 ·
1296 2062 1412 2126 πῶς
1441 2064 1501 2115 οὐ
1532 2063 1851 2137 βλάσφημόν

268 2144 384 2197 ἔστι
415 2145 597 2214 λέγειν
626 2148 770 2218 ὑμᾶς
801 2150 1003 2220 κτίσμα
1031 2150 1092 2203 τὸ
1117 2151 1359 2222 Πνεῦμα,
1407 2154 1466 2207 ἐν
1492 2147 1535 2221 ᾧ
1573 2156 1640 2208 τὰ
1679 2157 1853 2210 πάντα

270 2236 299 2287 ὁ
326 2236 524 2306 Πατὴρ
549 2236 637 2289 διὰ
673 2238 767 2290 τοῦ
800 2238 974 2307 Λόγου
1001 2239 1196 2293 τελειοί
1229 2242 1321 2295 καὶ
1342 2242 1681 2306 ἁνακαινίζει
1708 2247 1851 2310 ;Καὶ

269 2328 338 2390 εί,
370 2326 461 2379 διὰ
492 2328 553 2380 τὸ
581 2328 891 2400 γεγράφθαι
937 2329 1124 2394 ἁπλῶς
1160 2332 1382 2402 πνεῦμα
1422 2335 1719 2398 κτίζεσθαι,
1753 2337 1846 2388 ἁν-

266 2418 577 2473 επὶάσαντο
604 2422 816 2484 ἑαυτοῖς
842 2417 978 2473 εἷναι
1024 2421 1183 2476 τοῦτο
1216 2424 1275 2476 τὸ
1308 2422 1530 2496 Πνεῦμα
1574 2427 1634 2480 τδ
1668 2428 1853 2497 ἆγιονο·

267 2511 560 2581 πεισθῆναι
578 2511 760 2564 λοιπὸν
781 2512 1104 2580 ὀφείλουσιν,
1134 2514 1249 2585 (77)
1268 2517 1349 2569 ὃτι
1383 2518 1455 2588 μὴ
1473 2518 1532 2570 τὸ
1548 2518 1771 2590 Πνεῦμα
1792 2521 1851 2574 τὸ

267 2603 426 2670 ἅγιόν
465 2604 586 2655 ἐστι
613 2604 675 2656 τὸ
696 2604 1033 2674 κτιςόμενον,
1062 2604 1195 2658 ἀλλὰ
1239 2609 1300 2659 τὸ
1345 2608 1608 2681 ἡμέτερόν
1635 2613 1747 2663 ἐστι
1791 2611 1852 2664 τὸ

263 2695 321 2746 ἐν
350 2693 505 2764 αὐτῷ
547 2695 1059 2766 ἀνακαινιζόμενον·
1100 2699 1227 2768 περὶ
1267 2694 1327 2754 ὦ
1371 2702 1463 2754 καὶ
1520 2703 1549 2755 ό
1591 2703 1704 2774 (78)
1752 2707 1849 2757 Δαρ

262 2782 350 2838 διδ
391 2785 592 2856 ηὔχετο
630 2785 846 2855 ψάλλων
888 2805 902 2819 ο
952 2806 970 2838 ι
1012 2785 1251 2862 Καρδίαν
1285 2793 1529 2864 καθαρὰν
1569 2796 1750 2849 κτίσον
1791 2799 1862 2851 ἐν

263 2874 412 2944 ἐμοὶ,
456 2876 489 2928 6
527 2875 659 2939 Θεὸς
688 2876 831 2948 (79),
867 2879 960 2931 καὶ
1014 2877 1229 2949 πνεῦμα
1260 2881 1413 2945 εὑθὲς
1445 2885 1751 2950 ὲγκαίνισον
1791 2889 1854 2940 ἐν

259 2970 375 3031 τοῖς
420 2970 677 3037 ἑγκάτοις
727 2989 849 3041 μου.
884 2992 903 3025 ι
936 2967 1063 3027 Ὧδε
1092 2974 1191 3044 μὲν
1213 2975 1321 3046 γὰρ
1358 2975 1574 3045 λέγεται
1609 2978 1810 3042 κτίζειν
1831 2994 1849 3010 α

261 3058 533 3129 πρότερον
562 3059 619 3112 δὲ
650 3059 902 3123 ἔπλασεν,
927 3062 955 3112 6
977 3060 1250 3134 Ζαχαρίας
1284 3063 1446 3132 φησίν
1464 3080 1477 3093 ο
1501 3082 1519 3113 ι
1562 3066 1848 3119 Ἑκτείνων

260 3151 349 3203 τὸν
385 3151 654 3223 οὐρανὸν,
689 3153 781 3205 καί
830 3151 1093 3223 θεμελιῶν
1124 3153 1221 3224 τὴν
1267 3156 1408 3225 γῆν,
1461 3155 1556 3209 καὶ
1594 3157 1845 3210 πλάσσων
1874 3136 1914 3192 C

260 3244 481 3317 πνεῦμα
505 3246 796 3318 ἀνθρώπου
816 3249 873 3299 ὲν
891 3248 1039 3318 αὐτῷ
1059 3265 1073 3277 ·
1099 3268 1116 3300 ι
1133 3248 1161 3301 ὃ
1186 3248 1293 3322 γὰρ
1329 3250 1590 3322 πρότερον
1622 3251 1844 3315 ἔπλασε,

259 3340 414 3394 τοῦτο
466 3342 761 3405 πεπτωκὸς
815 3341 1067 3394 ἀνέκτισε
1096 3340 1239 3412 (80),
1274 3342 1560 3414 γενόμενος
1596 3344 1758 3407 αὐτὸς
1788 3346 1846 3397 ἐν

257 3433 333 3505 τῷ
357 3434 647 3503 κτίσματι,
675 3434 762 3486 ὅτε
796 3435 824 3486 ὁ
845 3434 1014 3503 Λόγος
1054 3436 1190 3507 σὰρξ
1219 3435 1454 3506 ἐγένετο,
1490 3456 1508 3489 ι
1534 3437 1641 3504 ἵνα,
1669 3458 1688 3489 ι
1720 3439 1797 3503 ὡς
1816 3442 1844 3493 6

270 3525 601 3588 Ἀπόστολος
650 3521 802 3588 εἶπε,
848 3545 866 3576 ‹
900 3527 1024 3590 τοὺς
1048 3527 1140 3581 δύο
1189 3526 1349 3601 κτίσῃ
1400 3530 1480 3592 είς
1527 3529 1623 3583 ἕνα
1657 3532 1843 3587 καινὸν

255 3616 580 3688 ἄνθρωπον,
621 3617 711 3670 τὸν
749 3618 886 3672 κατὰ
923 3618 1055 3671 Θεὸν
1098 3618 1384 3673 κτισθέντα
1430 3620 1487 3674 ἐν
1528 3622 1841 3696 δικαιοσύνῃ

254 3710 345 3761 καὶ
378 3709 626 3779 ὁσιότητι
675 3709 774 3780 τῆς
806 3710 1082 3781 ἀληθείας.
1122 3730 1141 3763 ι
1177 3713 1250 3764 Οὐ
1280 3711 1389 3784 γὰρ
1421 3712 1497 3778 ὡς
1538 3715 1725 3785 ἐτέρου
1758 3715 1843 3786 δη-

256 3795 687 3865 μιουργηθέντος
715 3796 862 3867 παρὰ
888 3797 978 3850 τὸν
1010 3796 1069 3862 ἐξ
1112 3799 1289 3870 ἀρχῆς
1315 3801 1436 3853 κατ’
1468 3802 1652 3855 εἰκόνα
1692 3804 1842 3870 γενό-

252 3897 413 3957 μενον
444 3887 738 3959 ἄνθρωπον
782 3889 965 3958 ἔλεγεν
996 3888 1141 3961 (81)·
1199 3890 1335 3945 ἀλλὰ
1390 3891 1481 3945 τὸν
1528 3895 1587 3947 ὲν
1620 3895 1840 3967 Χριστῷ

252 3979 545 4032 κτισθέντα
573 3980 667 4033 καὶ
682 3982 1135 4037 ἀνακαινισθέντα
1158 3978 1283 4036 νοῦν
1305 3982 1688 4037 συνεϐούλευεν
1711 3986 1841 4038 ἀνα-

252 4068 435 4124 λαϐεῖν
456 4088 469 4100 °
499 4073 640 4144 ὅπερ
672 4074 764 4126 καὶ
787 4073 875 4128 διὰ
921 4074 1179 4147 Ἰεζεκιὴλ
1211 4076 1374 4129 πάλιν
1413 4076 1707 4147 δηλοῦται,
1750 4077 1838 4131 λέ-

251 4178 439 4227 γοντος
471 4164 672 4217 αὑτοῦ·
731 4184 748 4215 ι
789 4168 1056 4237 Ποιήσατε
1108 4168 1319 4228 ἑαυτοῖς
1366 4167 1593 4238 καρδίαν
1647 4169 1838 4241 καινὴν

254 4255 346 4307 καὶ
375 4255 601 4325 πνεῦμα
641 4258 851 4311 καινόν·
901 4259 996 4312 καὶ
1043 4259 1130 4312 ἵνα
1166 4259 1218 4311 τί
1264 4259 1660 4330 ἀποθνήσκετε,
1690 4256 1839 4325 οἶκος

265 4345 512 4417 Ἰσραήλ;
540 4348 683 4402 Διότι
716 4350 774 4401 οὐ
798 4349 934 4404 θέλω
961 4350 1052 4404 τὸν
1076 4350 1303 4404 θάνατον
1330 4349 1422 4403 τοῦ
1466 4352 1837 4423 ἀποθνήσκον-

252 4451 362 4499 τος,
403 4436 556 4508 λέγει
603 4439 826 4492 Ἀδωναῒ
858 4440 1081 4512 Κύριος.
1130 4461 1148 4491 ›

318 4528 405 4584 1ο.
434 4530 648 4583 Οὐκοῦν
699 4531 792 4584 τοῦ
854 4532 1168 4604 κτιζομένου
1221 4532 1529 4603 πνεύματος
1577 4532 1832 4603 τοιαύτην

1865 4495 1912 4554 D

1955 1883 2045 1951 qui
2077 1882 2247 1935 creari
2280 1881 2499 1941 dicitur,
2530 1880 2621 1935 sed
2659 1887 2846 1933 noster
2878 1879 3121 1947 spiritus.
3143 1877 3199 1929 Si
3224 1874 3531 1946 526itcm

1954 1972 2080 2041 quia
2107 1971 2291 2025 omnia
2331 1985 2428 2040 per
2476 1967 2710 2023 Verbum
2744 1967 2885 2022 facta
2937 1977 3086 2031 sunt,
3122 1976 3270 2020 recte
3316 1966 3531 2021 sentitis

1953 2062 2150 2117 Filium
2214 2076 2324 2117 non
2387 2076 2511 2116 esse
2575 2077 2690 2115 rem
2742 2070 2980 2115 creatam
3016 2073 3126 2112 :an
3178 2071 3289 2111 non
3343 2057 3529 2111 itidem

1956 2153 2179 2222 impium
2224 2161 2307 2207 est
2358 2168 2456 2207 vos
2516 2150 2777 2221 Spiritum
2835 2160 3112 2213 sanctum,
3142 2148 3195 2202 in
3229 2162 3338 2217 quo
3367 2146 3531 2201 Pater

1952 2261 2050 2314 per
2082 2244 2319 2299 Verbum
2354 2244 2537 2299 omnia
2575 2244 2786 2313 perficit
2835 2255 2888 2297 et
2921 2250 3169 2307 renovat,
3198 2239 3532 2295 contendere

1954 2356 2067 2394 rem
2099 2355 2221 2394 esse
2256 2326 2541 2395 creatam?
2572 2337 2629 2389 Si
2663 2337 2828 2407 igitur
2862 2335 3008 2405 quod
3051 2333 3373 2403 simpliciter
3397 2331 3532 2387 scri-

1954 2444 2104 2501 ptum
2138 2431 2209 2485 sit
2267 2430 2521 2499 spiritum
2572 2428 2769 2492 creari,
2807 2427 2962 2481 illum
3019 2426 3223 2480 idcirco
3265 2422 3528 2493 Spiritum

1954 2530 2202 2577 sanctum
2232 2537 2355 2577 esse
2379 2521 2481 2575 sibi
2504 2521 2637 2590 ipsis
2669 2518 2874 2572 ﬁnxere
2897 2539 2907 2572 :
2924 2518 3035 2586 jam
3066 2530 3388 2586 persuasum
3420 2514 3528 2568 illis

1951 2631 2072 2670 esse
2096 2616 2273 2680 debet,
2300 2629 2409 2668 non
2467 2613 2729 2683 Spiritum
2780 2619 3028 2664 sanctum
3075 2609 3227 2663 illum
3262 2622 3387 2662 esse
3433 2606 3528 2675 qui

1951 2716 2186 2773 creatur,
2208 2707 2299 2761 sed
2329 2713 2577 2760 nostrum
2601 2717 2723 2759 esse
2752 2698 2845 2771 qui
2881 2701 2934 2754 in
2963 2715 3029 2755 eo
3052 2708 3386 2766 renovatur;
3417 2713 3530 2768 qua

1951 2800 2017 2854 de
2042 2815 2101 2853 re
2120 2807 2175 2852 et
2214 2800 2330 2868 ipse
2367 2796 2535 2851 David
2592 2796 2697 2850 hoc
2739 2794 2903 2848 modo
2951 2793 3274 2862 precabatur
3305 2810 3319 2846 :
3359 2809 3380 2844 ι
3415 2791 3531 2845 Cor

1950 2887 2216 2943 mundum
2248 2902 2374 2941 crea
2402 2887 2458 2941 in
2488 2900 2598 2950 me,
2624 2883 2791 2947 Deus,
2838 2894 2890 2937 et
2918 2883 3168 2952 spiritum
3206 2890 3415 2936 rectum
3441 2882 3527 2934 in-

1950 2994 2089 3035 nova
2113 2980 2188 3050 ‘in
2220 2979 2525 3034 visceribus
2581 2979 2718 3032 meis
2740 2976 2808 3029 ⁸⁷.
2845 2994 2864 3027 ι
2900 2974 3113 3028 Etenim
3155 2974 3262 3028 hoc
3301 2972 3358 3026 in
3404 2973 3527 3026 loco

1948 3072 2202 3142 spiritum
2231 3086 2419 3126 creare
2446 3068 2666 3134 dicitur,
2705 3083 2866 3137 quem
2900 3074 3058 3120 antea
3082 3067 3335 3131 ﬁnxerat,
3359 3074 3420 3119 ut
3448 3065 3528 3119 ai.’

1950 3165 2246 3220 Zacharias
2275 3183 2289 3219 :
2321 3184 2339 3215 ε
2376 3163 2689 3219 Extendens
2717 3164 2938 3229 coclum,
2958 3170 3014 3217 et
3039 3158 3274 3215 fundans
3298 3169 3525 3226 terram,

1948 3267 2005 3309 et
2028 3256 2239 3326 fingens
2272 3255 2521 3325 spiritum
2550 3255 2788 3311 hominis
2813 3255 2867 3308 in
2890 3255 3011 3324 ipso
3025 3252 3094 3306 ⁸⁸.
3124 3271 3143 3303 ι
3177 3250 3350 3317 Quem
3375 3252 3526 3306 enim

1954 3357 2113 3403 antea
2145 3348 2400 3413 ﬁnxerat,
2429 3348 2680 3403 eumdem
2711 3356 2896 3417 postea
2928 3346 3141 3415 lapsum
3166 3343 3346 3398 denuo
3369 3358 3525 3397 crea-

1950 3441 2050 3506 vit,
2072 3439 2255 3495 factus
2281 3441 2397 3509 ipse
2436 3439 2492 3494 in
2526 3454 2587 3495 re
2643 3448 2847 3503 creata,
2884 3452 3079 3508 nempe
3113 3451 3240 3492 cum
3282 3434 3521 3491 Verbum

1947 3545 2075 3587 caro
2112 3530 2314 3586 factum
2366 3538 2469 3595 est,
2502 3548 2522 3580 ‹
2551 3538 2634 3594 ut,
2663 3549 2683 3583 ι
2738 3525 3194 3599 quemadmodum
3225 3524 3522 3593 Apostolus

1944 3622 2061 3685 ait,
2106 3638 2125 3671 ι
2160 3620 2299 3675 duos
2323 3621 2523 3674 condat
2556 3619 2610 3673 in
2651 3634 2819 3673 unum
2856 3630 3055 3671 novum
3102 3615 3400 3677 hominem,
3424 3613 3521 3681 qui

1943 3712 2247 3767 secundum
2281 3709 2453 3765 Deum
2488 3722 2709 3765 creatus
2747 3717 2833 3764 est
2882 3709 2937 3762 in
2987 3706 3201 3776 juStitia
3232 3714 3288 3760 et
3312 3705 3518 3760 sancti-

1942 3812 2051 3858 tate
2075 3803 2324 3859 veritatis
2345 3803 2411 3855 ".
2435 3821 2453 3856 ι
2473 3802 2527 3857 ld
2548 3802 2693 3856 enim
2719 3816 2824 3855 non
2852 3800 2989 3855 dixit
3012 3809 3273 3869 tanquam
3299 3807 3518 3852 creatus

1940 3896 2014 3951 sit
2043 3894 2186 3951 alius
2218 3897 2287 3950 ab
2323 3895 2418 3949 illo
2471 3893 2693 3948 homine
2736 3894 2828 3964 qui
2889 3892 3047 3946 initio
3095 3890 3163 3946 ad
3220 3888 3516 3957 imaginem

1938 3986 2116 4043 factus
2133 3985 2256 4052 fuit,
2292 3987 2385 4041 sed
2423 3985 2489 4040 ad
2517 3993 2754 4039 creatam
2782 3992 2837 4038 et
2866 3991 3182 4037 renovatam
3210 3980 3267 4034 in
3293 3980 3517 4035 Christo

1938 4087 2176 4133 mentem
2242 4077 2646 4147 suscipiendam
2712 4075 2897 4131 fideles
2951 4074 3316 4139 hortabatur;
3365 4072 3516 4141 quod

1938 4170 2079 4225 idem
2135 4169 2222 4225 his
2263 4170 2445 4224 verbis
2481 4176 2704 4238 praestat
2750 4167 3001 4223 Ezechiel
3033 4182 3049 4218 :
3087 4185 3106 4219 ι
3132 4164 3323 4221 Facite
3354 4163 3515 4217 vobis

1937 4277 2032 4317 cor
2056 4278 2259 4318 novum
2284 4272 2340 4317 et
2361 4262 2614 4331 spiritum
2650 4276 2849 4314 novum
2883 4276 2896 4311 :
2924 4267 2980 4314 et
3010 4273 3181 4329 quare
3206 4255 3511 4322 morimini,

1937 4354 2139 4408 domus
2164 4353 2371 4409 Israel?
2402 4352 2539 4418 Quia
2590 4351 2718 4405 nolo
2765 4358 2996 4404 mortem
3043 4346 3350 4413 morientis,
3380 4344 3515 4399 dicit

1935 4443 2142 4499 Adonai
2179 4444 2443 4499 Dominus
2459 4444 2525 4497 ⁶⁰.
2554 4462 2571 4493 ι

2008 4536 2094 4591 10.
2132 4535 2269 4591 Cum
2304 4536 2471 4607 igitur
2502 4536 2577 4589 ita
2603 4533 2947 4589 sentiendum
2993 4531 3066 4587 sit
3097 4530 3165 4587 de
3195 4530 3289 4584 illo
3313 4527 3512 4599 spiritu

322 4664 373 4741 ξ
393 4665 595 4741 Ezech.
634 4684 818 4741 xxxvi,
841 4669 934 4741 Q6.
1011 4669 1059 4700 “
1089 4667 1231 4723 Psal.
1258 4684 1370 4735 cm,
1393 4669 1484 4735 29,
1513 4668 1601 4725 '50.
1679 4671 1724 4701 "
1756 4670 1840 4726 Ps:

1950 4713 1984 4739 .,
2021 4674 2107 4731 l2.
2182 4675 2228 4707 ³⁸
2263 4673 2495 4729 Zachar.
2529 4687 2627 4736 xu,
2664 4671 2715 4726 1.
2789 4671 2835 4702 ⁸⁸
2863 4668 3063 4741 Ephes.
3092 4682 3152 4732 ll,
3182 4668 3285 4733 15;
3313 4680 3388 4730 tv,
3414 4664 3505 4720 24.

246 4725 536 4790 ΤΕιεεΙκ
573 4754 730 4803 xvm,
759 4725 849 4807 51,
878 4740 969 4795 32.

314 4848 433 4921 (71)
472 4850 710 4919 Anglic.,
737 4852 876 4907 Πότε
903 4853 960 4906 δὲ
997 4852 1172 4906 τοῦτο.
1204 4851 1369 4907 Paulo
1396 4859 1523 4921 post
1548 4851 1746 4921 Regius
1785 4853 1808 4905 1

243 4930 294 4994 et
316 4919 371 4983 2,
398 4920 624 4994 seguer.
655 4921 817 4975 Basil.
847 4923 1065 4978 Gobler.
1097 4921 1359 4994 FelckJ,
1389 4919 1417 4974 6
1447 4919 1666 4991 Κύριος.
1692 4962 1743 4994 τ
1779 4924 1813 4994 ἡ

240 4990 627 5063 διαφοράηΑίὶὶ
652 5002 707 5046 et
732 4994 859 5047 editi
884 4993 1228 5063 omittunto,
1264 4990 1545 5063 iidemque
1564 5007 1685 5063 c_um
1715 4990 1814 5046 Ba;

240 5060 637 5135 sil.,_ﬁ.‘lbid_..
671 5065 882 5135 antcAév
906 5062 985 5135 τῷ
1019 5062 1193 5135 ῥητῷ,
1218 5061 1328 5135 καί
1340 5061 1492 5135 abest
1520 5060 1749 5135 a_Basil.

312 5104 353 5123 .,
381 5079 441 5133 η.
478 5079 637 5121 ιυια..
671 5079 794 5116 ante
824 5079 882 5116 εν
906 5080 937 5115 τ
1019 5079 1193 5135 ρητῳ,
1218 5079 1310 5116 και
1340 5079 1492 5115 aues;
1520 5079 1548 5114 a
1586 5079 1749 5115 uasu.

308 5132 423 5211 L75)
450 5128 771 5211 _Sic_Regius
802 5133 839 5211 1
860 5143 914 5187 et
1035 5133 1260 5211 δεμες.
1290 5130 1506 5187 Gobler.
1536 5130 1726 5211 _Felcl§.
1756 5132 1807 5185 1.

237 5196 364 5273 Alii.
404 5196 598 5256 αὐτοῦ.
635 5196 768 5257 Ibid.
800 5202 933 5273 Reg.
965 5204 991 5257 1
1023 5213 1075 5257 et
1101 5196 1164 5266 ἦ,
1201 5201 1457 5273 Seguer.,
1491 5200 1621 5253 αὐτὸ
1650 5196 1809 5254 εἶναι.

238 5272 428 5327 Οεριετί
461 5281 519 5326 et
544 5274 672 5326 editi
700 5273 837 5325 αὐτὸ
861 5272 1138 5327 omittunt.

303 5344 420 5415 (76)
461 5343 679 5415 [fringis
704 5346 879 5415 code}
914 5343 1134 5415 Regius,
1157 5413 1164 5415 Α
1185 5341 1434 5415 δεειιονη
1461 5339 1809 5415 γεγενῆσθαι.

303 5410 415 5483 (77)
461 5413 556 5468 Sic
591 5410 795 5482 Regius
823 5410 879 5477 1ξ
904 5410 1112 5483 Anglic.
1140 5413 1207 5464 At
1240 5410 1331 5465 alii
1358 5419 1412 5465 et
1442 5413 1607 5465 editio
1643 5411 1809 5465 Com-

237 5485 381 5548 mel.,
411 5484 735 5553 γνώτωσαν,
765 5485 882 5547 ὅτι,
921 5493 1023 5536 etc.
1064 5482 1263 5553 Ibidem
1308 5497 1436 5553 qua:
1486 5489 1808 5553 sequuntur,

238 5554 305 5608 ita
332 5548 559 5609 exstant
593 5555 645 5606 in
680 5554 852 5621 Regio
884 5556 931 5615 l,
970 5553 1192 5622 Sugner.
1212 5548 1440 5622 iGobler.
1470 5561 1523 5622 et
1547 5548 1706 5603 Felck
1730 5620 1736 5622 ἓ
1761 5552 1773 5602 Ι
1794 5589 1808 5603 .

231 5623 505 5681 Atcmteri
540 5634 594 5678 et
628 5618 787 5684 editi,
822 5622 881 5674 τὸ
915 5618 1066 5690 ἅγιον
1096 5621 1318 5691 Πνεῦμα
1344 5622 1443 5674 οὐκ
1479 5618 1593 5673 ἔστι
1631 5620 1809 5684 κτιζό-

234 5711 411 5764 μενον.

563 5789 845 5850 ΡΑτιιοι..
890 5786 1003 5848 Gn.
1058 5788 1282 5850 XXVI.

1991 4853 2101 4925 (78)
2141 4854 2360 4910 Gohler.
2411 4860 2467 4909 et
2505 4852 2702 4925 Felck.
2736 4849 3218 4925 primu§,_I_{egius
3254 4845 3503 4925 primyq.

1920 4913 2146 4996 Seguér.
2193 4926 2223 4978 ὁ
2250 4924 2531 4996 omittunt.
2570 4913 2792 4978 Goble‘r.
2825 4931 2880 4977 et
2911 4913 3370 4988 Félckfprimbs,
3399 4913 3504 4967 ibi-

1918 4994 2041 5065 dem
2071 4994 2270 5065 ηὔχετο
2299 4994 2494 5062 λέγων.
2518 5062 2535 5065 _
2602 5061 2630 5065 _
2904 5061 2915 5065 Α
2942 5061 2953 5065 _
3106 5059 3120 5065 _
3169 5055 3201 5065 Α
3250 5055 3262 5065 ,

1993 5013 2041 5047 m
2071 5013 2270 5117 ηυιχετο
2301 5013 2494 5062 Λεγων.
3460 5050 3495 5062 η

1989 5064 2119 5136 (79),
2159 5065 2339 5134 ίεείιιε
2369 5065 2395 5118 1
2429 5071 2484 5118 et
2511 5062 2568 5129 2,
2598 5061 2823 5136 Seguer.
2852 5061 3058 5115 addunt
3097 5059 3126 5110 6
3164 5055 3297 5117 Θεὸς
3339 5069 3353 5105 :
3405 5050 3498 5105 aln

1916 5148 1970 5191 et
1997 5135 2125 5189 editi
2149 5137 2431 5188 omittunt.

1988 5206 2099 5273 (80)
2138 5203 2558 5276 Ρτὶῐῃυείοοᾶει
2594 5201 2816 5276 Begius,
2852 5200 3102 5276 S_e‘guer.,
3134 5194 3436 5276 ἀνέστησε..

1981 5266 2094 5345 (sti
2135 5274 2226 5331 Sic
2248 5274 2509 5343 Regius!
2545 5311 2560 5336 ,
2592 5266 2817 5342 Seg'uer.
2859 5266 3052 5324 Caiteri
3087 5276 3142 5345 et
3166 5266 3299 5345 editi
3324 5266 3496 5345 omn-

1910 5333 2031 5399 tunt
2063 5333 2267 5413 ἔλεγεν.
2317 5333 2516 5397 ibidem
2547 5333 2694 5410 qua:~
2730 5349 3071 5413 sequuntur,
3113 5335 3403 5413 ita-iacent
3438 5333 3496 5413 in

1910 5415 2078 5484 Regio
2110 5416 2133 5469 1
2159 5407 2177 5478 ξ
2205 5415 2428 5484 Seguer.
2461 5407 2679 5484 Gobler.
2705 5419 2759 5465 et
2788 5408 2970 5484 Eelck.
3008 5407 3498 5484 1..Al_ii_autem~et

1907 5470 2076 5542 ecli't‘io
2117 5470 2384 5539 C'omn‘icl.
2417 5482 2707 5539 omittunt,
2741 5480 2834 5531 καὶ
2865 5470 3319 5532 ἀνακαινισθέντα
3343 5470 3494 5529 νοῦν.

1910 5555 2023 5609 Vox
2070 5553 2450 5607 συνεϐούλευεν
2492 5552 2647 5603 abest
2680 5565 2708 5602 a
2742 5550 2963 5602 Gobler.
2996 5557 3047 5602 et
3088 5546 3275 5601 Felck.
3320 5543 3376 5600 1.
3424 5543 3498 5599 At

1905 5625 2082 5680 Ottoh.
2117 5625 2277 5679 habet
2300 5619 2734 5673 συνεϐούλευσεν.

3135 5773 3199 5835 18
