3914 6222
381 348 483 402 555

976 344 1030 397 S.
1075 341 1441 396 ATHANASII
1477 344 1626 399 OPP.
1664 343 1848 398 PARS
1888 343 1925 400 l.
1967 377 2036 389 —
2071 343 2432 400 [FSTORICA
2469 345 2556 400 ΕΤ
2595 345 3012 404 DOGMATICA.

3511 353 3617 409 5’36

378 463 470 533 qui
500 471 735 526 creatur,
765 468 1360 530 eongrueuterquoque
1391 460 1616 528 intelligi
1661 469 1840 529 potest
1865 469 1932 512 to-

2048 461 2260 532 ἔχοντος
2281 462 2378 532 τὴν
2419 462 2684 528 διάνοιαν,
2721 466 3037 534 πρεπόντως
3080 467 3146 519 ἂν
3186 467 3402 538 νοηθείη
3457 469 3548 523 καὶ
3582 473 3615 540 ἡ

379 557 544 617 nitru,
573 553 718 624 quod
750 551 957 606 lirmari
989 551 1187 604 ibidem
1229 551 1450 614 dicitur,
1493 550 1666 605 fidelis
1691 567 1870 606 sermo
1897 562 1951 606 et

379 647 674 702 immobilis
725 645 810 698 lex
867 643 1092 712 spiritus
1143 641 1352 712 :cujus
1408 658 1528 697 cum
1587 641 1849 696 Iacobum
1897 651 1950 696 et

376 737 641 791 Joannem
672 735 952 789 ministros
985 748 1106 788 esse
1135 733 1295 787 vellet
1324 732 1630 798 Dominus,
1657 732 1777 786 illos
1811 732 1950 786 Boa-

378 844 571 898 nerges
629 825 949 886 nominavit,
984 824 1131 892 quod
1177 833 1280 888 est,
1320 822 1415 876 lilii
1468 823 1693 878 tonitrui
1720 825 1783 874 ει.
1812 822 1948 878 Hine

377 920 619 976 Joannes
679 935 798 972 vere
830 917 1038 972 ecmlis
1089 915 1327 969 clamat:
1359 934 1375 966 ι
1419 915 1474 968 ln
1526 916 1789 985 principio
1830 925 1948 971 erat

379 1011 641 1076 Verbum,
671 1021 724 1064 et
758 1009 993 1064 Verbum
1018 1014 1134 1060 erat
1172 1007 1311 1074 apud
1351 1006 1543 1073 Deum,
1575 1016 1627 1061 et
1652 1006 1795 1062 Deus
1832 1017 1948 1062 erat

375 1103 695 1159 Verbum“.
739 1121 756 1152 ι
797 1101 905 1156 Lex
929 1100 1130 1170 quippe
1161 1100 1311 1169 prius
1353 1101 1603 1154 umbram
1634 1100 1941 1154 futurorum

376 1200 643 1252 bonorum
673 1196 878 1252 habuit.
905 1194 1042 1249 Cum
1100 1201 1282 1248 autem
1329 1193 1580 1248 Christus
1633 1193 1945 1247 hominibus

376 1288 737 1341 annuntiatus
776 1297 888 1351 est;
915 1294 962 1338 et
1007 1284 1122 1353 ipse
1165 1281 1341 1336 adfuit
1380 1283 1608 1336 dicens:
1650 1300 1668 1332 ι
1701 1280 1818 1352 Ipse
1852 1281 1944 1351 qui

376 1379 572 1450 loquor
610 1379 804 1434 adsum
824 1377 906 1443 ⁰³;
943 1385 1092 1440 tunc,
1132 1395 1149 1427 ι
1185 1385 1246 1430 ιιι
1303 1375 1439 1430 dixit
1480 1374 1682 1430 Paulus
1715 1415 1728 1440 ,
1756 1395 1772 1428 ι
1825 1375 1944 1444 ejus

374 1491 480 1529 vox
538 1481 734 1528 terram
793 1472 1102 1539 concussit,
1171 1487 1295 1527 cum
1351 1471 1402 1524 id
1457 1471 1606 1540 prius
1669 1469 1944 1540 pollicitus

375 1576 519 1622 esset
561 1584 575 1619 :
621 1565 811 1619 Adhuc
845 1565 1015 1619 semel
1055 1578 1156 1634 ego
1193 1563 1423 1617 movebo
1465 1578 1572 1616 non
1610 1563 1786 1616 solum
1833 1570 1944 1617 ter-

373 1675 514 1720 ram,
549 1659 640 1712 sed
667 1668 720 1712 et
765 1658 984 1712 cmlum.
1015 1656 1172 1722 Quod
1214 1665 1395 1709 autem
1444 1656 1622 1709 adhuc
1665 1654 1832 1709 semel
1858 1654 1942 1709 di-

373 1751 470 1813 cit,
505 1749 745 1804 declarat
787 1748 1070 1802 mobilium
1105 1746 1542 1811 translationem,
1583 1756 1642 1800 ut
1685 1755 1941 1800 maneant

2054 555 2411 625 στερεουμένη
2464 554 2658 625 βροντὴ
2692 557 2719 607 6
2757 557 2943 620 πιστὸς
2976 557 3160 625 λόγος,
3196 559 3288 612 καὶ
3319 561 3617 626 ἀσάλευτος

2049 644 2144 698 τοῦ
2176 645 2478 713 πνεύματος
2499 648 2527 698 6
2562 646 2742 715 νόμος.
2773 646 2975 698 Τούτου
3017 647 3122 719 γὰρ
3165 648 3443 720 ὑπηρέτας
3476 648 3616 706 εἶναι

2052 737 2215 790 θέλων
2236 737 2324 790 τὸν
2366 736 2557 790 Ἰακὼϐ
2579 739 2672 790 καὶ
2697 738 2786 790 τὸν
2823 738 3103 808 Ἰωάννην,
3144 741 3400 794 ἐκάλεσεν
3442 745 3470 795 6
3505 743 3616 795 Κύ-

2054 844 2165 897 ριος
2188 827 2348 880 Βοανε
2359 827 2500 897 ργὲς,
2524 827 2552 878 ὅ
2576 828 2741 890 ἐστιν,
2768 829 2874 881 υἱοὶ
2896 829 3119 899 βροντῆς
3139 847 3152 860 ·
3177 830 3276 899 ὃ¹γ⁹
3303 827 3395 884 οὖν
3437 832 3618 885 Ἰωάν-

2049 934 2144 986 νης
2175 916 2388 986 άληθῶς
2413 918 2508 970 ἀπ’
2539 917 2768 990 οὐρανοῦ
2789 919 2912 989 βοᾷο
2943 939 2960 970 ι
2999 921 3084 972 Ἐν
3109 923 3246 993 ἀρχῇ
3274 918 3341 992 ἧν
3370 925 3398 976 6
3425 923 3619 992 Λόγος,

2049 1009 2182 1060 καὶὸ
2205 1009 2375 1076 Λόγος
2402 1004 2471 1079 ἦν
2492 1008 2626 1079 πρὸς
2658 1010 2751 1061 τὸν
2780 1010 2933 1074 Θεὸν,
2957 1013 3051 1064 καὶ
3079 1011 3210 1075 Θεὸς
3236 1009 3302 1084 ἦν
3325 1015 3354 1066 6
3382 1015 3574 1082 Λόγος.
3592 1035 3611 1066 ι

2047 1103 2318 1172 Πρότερον
2353 1102 2449 1171 μὲν
2483 1101 2590 1173 γὰρ
2625 1101 2781 1156 σκιὰν
2812 1099 2957 1172 εἶχεν
2991 1105 3019 1154 6
3055 1105 3216 1174 νόμος
3245 1105 3352 1157 τῶν
3394 1105 3618 1178 μελλόν-

2045 1210 2153 1247 των
2176 1194 2424 1263 ἀγαθῶν·
2449 1196 2537 1248 ὅτε
2565 1194 2620 1248 δὲ
2646 1197 2673 1248 6
2691 1193 2926 1265 Χριστὸς
2950 1196 3235 1268 ἀπηγγέλη
3268 1201 3381 1262 τοῖς
3408 1200 3620 1272 ἀνθρώ-

2047 1304 2168 1350 ποις
2209 1287 2301 1340 καί⁹
2347 1286 2678 1359 παρεγένετο
2725 1285 2927 1356 λέγων’
2957 1307 2975 1339 ι
3008 1289 3177 1352 Αὐτὸς
3209 1292 3236 1342 6
3271 1289 3444 1346 λαλῶν
3477 1295 3620 1364 πάρ-

2047 1395 2192 1448 ειμι·
2235 1379 2354 1432 τότε
2382 1419 2395 1444 ,
2435 1398 2452 1430 ι
2486 1379 2561 1442 ὡς
2593 1373 2746 1432 εἶπεν
2769 1381 2797 1431 6
2839 1379 3073 1445 Παῦλος,
3103 1399 3121 1432 ι
3168 1383 3201 1452 ή
3234 1383 3421 1436 τούτου
3465 1383 3622 1455 φωνὴ

2043 1470 2142 1542 τὴν
2165 1471 2268 1540 γῆν
2295 1470 2604 1534 ἐσάλευσεν,
2631 1471 3098 1542 ἐπαγγειλαμένου
3144 1474 3402 1546 πρότερον
3422 1493 3440 1505 ν
3491 1477 3622 1529 Ἔτι

2045 1564 2190 1628 ἅπαξ
2219 1563 2330 1632 ἐγὼ
2364 1565 2527 1617 σείσω
2559 1563 2668 1634 (82)
2691 1564 2750 1616 οὐ
2787 1564 2945 1632 μόνον
2969 1565 3066 1634 τὴν
3098 1566 3219 1636 γῆν,
3253 1566 3385 1620 ἀλλὰ
3410 1568 3618 1621 καὶτὸν

2043 1657 2291 1728 οὐρανόν.
2327 1655 2400 1708 Τὸ
2430 1655 2486 1708 δὲ
2510 1655 2588 1708 ἔτι
2613 1653 2760 1720 ἅπαξ
2791 1654 2940 1724 δηλοῖ
2965 1657 3071 1709 τῶν
3110 1658 3483 1731 σαλευομένων
3513 1662 3628 1731 τὴν>

2048 1747 2364 1818 μετάθεσιν,
2397 1747 2481 1800 ἵνα
2515 1749 2672 1819 μείνῃ
2709 1747 2778 1801 τὰ
2812 1750 2885 1820 μὴ
2928 1748 3277 1820 σαλευόμενα.
3325 1751 3415 1804 Διὸ
3457 1752 3620 1822 βασι-

372 1857 434 1895 ea
481 1856 602 1911 quae
639 1849 767 1894 sunt
797 1839 1114 1893 immobilia.
1151 1839 1339 1908 Itaque
1390 1855 1614 1910 regnum
1662 1837 1932 1892 immobile

2040 1839 2186 1893 λείαν
2212 1838 2506 1893 ἀσάλευτον
2531 1840 3063 1910 παραλαμϐάνοντες,
3101 1841 3295 1912 ἔχομεν
3329 1843 3504 1914 χάριν,
3545 1844 3616 1896 δι’

372 1933 749 2001 suscipientes,
786 1931 1048 1984 habemus
1077 1929 1331 1999 gratiam,
1358 1945 1451 2000 per
1474 1944 1640 1994 quam
1670 1929 1941 1984 servimus

371 2026 647 2095 placentes
682 2023 870 2077 Deo“.
911 2041 930 2072 ι
968 2021 1125 2086 Quod
1172 2032 1352 2076 autem
1406 2021 1496 2076 hic
1541 2022 1817 2076 tmmobile
1854 2037 1942 2076 re-

373 2133 539 2187 gnum
573 2116 724 2179 dicit,
758 2117 898 2169 idem
933 2115 1205 2168 ﬁrmatum
1259 2115 1406 2169 canit
1453 2112 1662 2168 David:
1699 2134 1717 2165 ι
1752 2113 1938 2168 Domi-

371 2222 477 2261 nus
505 2206 772 2275 regnavit,
802 2203 1053 2258 decorem
1091 2204 1286 2271 induit,
1325 2204 1501 2260 induit
1538 2204 1802 2260 Dominus
1833 2205 1942 2259 for—

376 2296 657 2351 titudinem
683 2305 734 2350 et
760 2312 821 2350 ea
843 2296 1123 2365 praecinxit
1149 2311 1227 2351 se.
1246 2295 1457 2350 Etenim
1502 2295 1938 2352 lirmavitorbem

372 2396 558 2449 terrm,
595 2386 688 2455 qui
730 2401 835 2439 non
875 2385 1304 2441 commovebitur
1324 2387 1390 2440 ³⁸.
1433 2405 1450 2437 ι
1506 2385 1694 2456 Itaque
1740 2388 1938 2456 quoda

372 2479 637 2548 propheta
685 2477 888 2531 dictum
929 2486 1032 2540 est,
1063 2476 1364 2532 Salvatoris
1403 2477 1694 2532 adventum
1727 2478 1937 2549 signiti-

371 2577 482 2632 cat,
512 2569 565 2622 in
596 2583 704 2638 quo
727 2577 781 2623 et
813 2583 913 2622 nos
944 2568 1189 2623 renovati
1245 2585 1458 2635 sumus,
1488 2577 1544 2622 et
1587 2570 1673 2624 lex
1716 2570 1940 2639 spiritus

370 2662 666 2717 immobilis
683 2669 1014 2732 perseverat.
1046 2659 1151 2716 Sed
1187 2661 1263 2714 illi
1304 2677 1424 2716 vere
1465 2662 1659 2732 tr0pici
1695 2677 1788 2717 seu
1813 2677 1936 2716 ver-

367 2755 556 2809 satiles
587 2753 792 2810 fmdere
850 2770 972 2809 cum
1007 2754 1228 2809 Arianis
1255 2755 1408 2821 inito,
1445 2770 1509 2809 ac
1561 2756 1702 2808 inter
1735 2769 1792 2809 se
1833 2755 1940 2808 im-

365 2847 564 2917 pietate
587 2847 850 2901 adversus
877 2845 1226 2915 Divinitatem
1258 2849 1450 2914 divisa,
1501 2857 1560 2902 ut
1593 2848 1938 2903 videlicetilli

363 2936 585 2999 Filium,
605 2938 706 3006 ipsi
728 2937 988 3007 Spiritum
1010 2953 1122 2993 rem
1138 2948 1374 2994 creatam
1399 2953 1518 2994 esse
1533 2947 1804 3008 pugnent;
1827 2947 1938 2991 tro-

363 3031 744 3101 pos,utiidem
765 3031 1084 3100 loquuntur,
1101 3031 1373 3102 eﬂingere,
1411 3040 1575 3101 atque
1612 3032 1742 3085 illud
1771 3032 1933 3084 etiam

362 3122 508 3192 quod
526 3129 670 3177 recte
685 3123 751 3176 ad
769 3120 1110 3176 Timotheum
1127 3124 1344 3193 scripsit
1359 3123 1674 3193 Apostolus,
1695 3123 1836 3176 male
1855 3123 1936 3176 in-
1961 3163 2005 3222 Ο

365 3213 648 3282 terpretari
679 3212 796 3266 ausi
825 3222 985 3269 sunt:
1011 3231 1030 3264 ι
1057 3212 1268 3278 Testor,
1297 3233 1314 3266 ι
1346 3214 1521 3284 inquit
1546 3212 1770 3278 Paulus,
1808 3228 1931 3268 «ρο-

364 3319 483 3358 ram
516 3301 628 3356 Deo
648 3311 701 3357 et
722 3302 940 3358 Christo
972 3300 1134 3368 Jesu,
1166 3312 1222 3358 et
1261 3304 1446 3358 electis
1478 3304 1705 3375 angelis,
1727 3315 1785 3358 ut
1818 3306 1930 3357 haec

362 3394 523 3466 527
554 3397 828 3451 custodias
851 3396 970 3450 sine
999 3395 1331 3464 praejudicio,
1354 3396 1486 3450 nihil
1525 3395 1729 3452 faciens
1756 3413 1822 3450 ex
1845 3395 1930 3450 in-

361 3486 623 3542 vitatione
660 3487 762 3541 ⁸⁸.)
785 3486 861 3541 Ex
899 3489 1098 3558 quibus
1129 3488 1204 3542 illi
1238 3489 1587 3554 concludunt,
1620 3487 1761 3558 quod
1805 3503 1930 3542 eum

361 3576 531 3631 Deum
555 3588 605 3631 et
627 3576 906 3633 Christum
930 3579 1312 3643 nominaverit,
1342 3579 1646 3648 deindeqne
1677 3579 1926 3649 angelos,

361 3677 682 3732 necesseest
707 3669 958 3738 spiritum
982 3670 1123 3725 inter
1142 3671 1365 3740 angelos
1381 3674 1755 3736 annumerari,
1775 3686 1932 3727 eum-

359 3774 464 3828 que
478 3774 543 3814 εκ
561 3759 774 3814 illorum
793 3775 914 3815 esse
932 3762 1143 3828 ordine,
1164 3769 1327 3831 atque
1345 3762 1594 3832 angelum
1612 3763 1733 3816 aliis
1752 3761 1928 3831 majo-

357 3867 473 3906 rem
489 3868 632 3907 esse.
664 3850 872 3920 Primo,
908 3852 1012 3910 hoc
1039 3853 1189 3922 impii
1229 3853 1494 3906 Valentini
1521 3855 1798 3908 inventum
1830 3860 1934 3916 est,

356 3958 533 4014 neque
561 3945 691 4000 latet
719 3945 1069 4014 ipsoseadem
1088 3961 1152 4000 ac
1170 3945 1321 3998 illum
1352 3945 1522 4015 loqui.
1549 3944 1642 4000 llle
1658 3944 1927 4014 siquidem

357 4033 513 4099 dixit,
549 4037 694 4104 quod
733 4036 902 4090 misso
951 4035 1254 4100 Paracleto,
1296 4053 1404 4091 una
1457 4052 1580 4091 cum
1615 4038 1707 4091 illo
1762 4036 1927 4091 coaevi

356 4127 474 4195 ejus
509 4127 684 4198 angeli
715 4128 868 4184 missi
897 4127 1116 4184 fuerint.
1144 4127 1368 4196 Deinde,
1394 4129 1521 4184 dum
1558 4125 1830 4198 Spiritum
1853 4129 1918 4182 ad

432 4284 472 4352 '7‘
503 4282 666 4352 Marc.
699 4299 778 4346 ιιι,
813 4283 898 4339 l7.
975 4284 1198 4342 "J03",
1239 4305 1277 4352 ι,
1316 4289 1365 4344 ι,

355 4352 402 4385 ⁸⁸
444 4351 460 4403 Ι
499 4351 736 4407 Timoth.
769 4371 820 4417 v,
853 4354 941 4407 21.

1482 4289 1526 4320 ⁸³
1553 4287 1708 4343 Joan.
1740 4304 1813 4353 Iv,
1839 4287 1930 4341 ‘26.

426 4535 534 4606 (82)
575 4534 792 4606 Primus
820 4536 990 4606 codex
1027 4534 1248 4606 Regius,
1277 4535 1525 4606 Seguer.,
1558 4535 1706 4606 σείω.

427 4605 776 4678 (85)]ἶρςὶιιε
803 4605 1368 4678 ξλεύαρεστοῦντες.
1415 4605 1537 4678 Mox
1583 4605 1782 4678 Regius
1814 4605 1924 4678 prio

355 4673 500 4738 mus,
523 4673 760 4744 'Sgguer.
798 4673 962 4730 Basil.
985 4718 999 4740 ,
1032 4673 1346 4736 ἆσάλευτον,
1383 4686 1437 4728 et
1473 4673 1682 4744 Regius
1717 4675 1768 4744 1,
1819 4674 1919 4729 Se-

392 4763 528 4809 uer.,
550 4739 722 4809 οῦτος.
745 4745 846 4798 Alii
870 4755 922 4798 et
950 4739 1096 4810 editi,
1129 4747 1290 4808 αὐτὸς
1314 4739 1686 4813 ἀτελεύτητον.
1714 4743 1918 4800 Ibidem

392 4763 528 4809 uer.,
550 4763 722 4809 ουτος.
745 4763 846 4798 mu
870 4763 922 4798 et
950 4763 1096 4810 eum,
1129 4763 1290 4808 αυτος
1314 4763 1686 4813 ατεΑευτητον.
1715 4763 1916 4800 minem

354 4763 556 4886 Regius
580 4817 630 4882 1,
653 4815 873 4886 Seguer.
899 4816 1199 4886 Gobler._et
1231 4815 1409 4870 Felck.
1431 4817 1482 4881 1,
1508 4814 1916 4886 στερεωθεῖσαν.

352 4881 544 4942 Cteieri
577 4881 630 4940 et
653 4881 802 4950 editi,
836 4887 1065 4955 ἑτέρωθι
1092 4881 1277 4941 οὖσαν.

423 4956 533 5038 (Si)
571 4956 839 5038 Sicoﬂegii
867 4953 1192 5038 et'Seguer”
1225 4964 1284 5009 ut
1315 4965 1368 5009 et
1391 4955 1519 5026 legit
1545 4953 1809 5009 Nannius.
1851 4954 1919 5008 At

353 5026 447 5082 alii
475 5026 529 5082 et
557 5027 708 5088 editi,
741 5026 974 5096 Πατρός.

421 5098 533 5187 (85)
556 5097 806 5187 Adlha'nc
831 5093 1040 5176 vocem,
1069 5093 1426 5187 τροπικοί..ἰιι
1443 5093 1579 5187 ‘cod.
1602 5111 1713 5180 'ms.
1745 5093 1914 5182 Baosil.

349 5164 700 5236 Δοξαπατρής
723 5168 836 5220 haec
867 5181 975 5220 non
1001 5164 1179 5236 inepte
1213 5173 1364 5219 notat
1395 5179 1408 5213 ε
1443 5164 1776 5236 Σημείωσαι,
1810 5167 1914 5236 ὅτι,

349 5184 596 5231 Δοςαπατ
636 5184 700 5236 ης
723 5184 836 5220 ntec
867 5184 975 5220 non
1001 5184 1179 5234 inepte
1213 5184 1364 5219 nutat
1395 5184 1408 5213 ε
1443 5184 1480 5215 ι.
1525 5184 1776 5233 μειωσαι.
1810 5184 1914 5226 οτι,

346 5237 435 5288 διὰ
474 5237 534 5288 τὸ
562 5184 740 5303 λῖγεὶν
785 5237 1010 5306 ἐαυτοὺς
1045 5235 1279 5304 τρόπους
1325 5184 1668 5306 ἐφευρίσκειν
1716 5235 1918 5306 παρεξ-

347 5254 435 5288 osa
474 5254 534 5288 το
563 5254 740 5303 Λεγειν
785 5254 1010 5300 εαυτους
1045 5254 1279 5304 τροπους
1325 5254 1668 5306 εφευρισκειν
1716 5254 1791 5291 πα
1832 5254 1916 5299 ες-

347 5309 620 5375 ηγήσεων,
652 5305 959 5375 ἐκλήθησαν
989 5308 1036 5359 οἱ
1070 5305 1520 5375 Πνευματομάχοι
1561 5254 1828 5375 τροπικοξ
1859 5309 1916 5375 ἐν

348 5373 489 5447 ἀρχῇ
513 5375 787 5447 ζ-ῦστερον
803 5373 884 5447 Δδὲ
925 5376 1032 5447 ὰπὸ
1060 5373 1394 5447 Μακεδονίου
1423 5373 1829 5447 Μακεδονιανοί.
1858 5373 1914 5447 ιιι

348 5393 489 5447 αρχῃ
513 5393 524 5405 ·
563 5393 690 5428 υστε
729 5393 787 5427 ον
829 5393 884 5428 οε
925 5393 1032 5429 απο
1060 5393 1388 5429 Μακεοονιου
1423 5393 1829 5429 ιτιακεοονιανοι.
1858 5393 1914 5426 ιιι

347 5456 464 5497 est:
504 5443 646 5498 Nota
793 5443 1019 5514 Spiritus
1063 5448 1262 5511 hostes,
1306 5446 1429 5515 quia
1455 5445 1627 5497 varios
1654 5457 1828 5507 tropos
1860 5445 1916 5496 in

346 5516 522 5580 pravis
553 5516 662 5567 suis
689 5516 1202 5582 interpretationibus
1245 5532 1298 5568 se
1327 5515 1623 5582 excogitare
1659 5516 1910 5577 dicerent,

348 5584 503 5635 initio
527 5594 733 5636 vocatos
760 5584 922 5651 fuisse
952 5587 1175 5653 tropicos
1205 5602 1222 5639 :
1253 5594 1431 5650 postea
1458 5600 1574 5637 vero
1607 5601 1638 5639 a
1669 5583 1916 5638 Macedo-

348 5655 455 5725 nio.
488 5653 985 5725 Μαξεάριιὶαιιοειῖ
1007 5657 1089 5725 ide
1121 5671 1174 5725 p.
1205 5656 1327 5709 5'16.

420 5724 530 5793 (86)
574 5721 666 5777 Sic
694 5719 894 5791 Regius
918 5723 968 5787 1,
1017 5719 1239 5796 Seguer.
1288 5724 1568 5796 Anglican.
1606 5724 1820 5781 Gobler.
1861 5734 1913 5780 et

2040 1926 2110 2003 ἧς
2140 1931 2471 2003 λατρεύομεν
2498 1931 2808 2003 εὐαρέστως
2836 1931 2944 2002 (85)
2966 1931 3043 2002 τῷ
3075 1932 3211 2003 Θεῷ.
3247 1953 3266 1984 ι
3311 1936 3411 1987 Ἢν
3436 1936 3492 1988 δὲ
3523 1936 3616 1989 λέ-

2040 2038 2128 2089 γει
2150 2019 2424 2089 βασιλείαν
2450 2014 2606 2082 οὗτος
2626 2020 2944 2085 ἀσάλευτον,
2982 2019 3185 2091 ταύτην
3223 2020 3613 2091 στερεωθεῖσαν

2039 2111 2228 2180 ψάλλει
2250 2111 2410 2166 Δαϐίδ
2428 2129 2441 2142 ·
2477 2131 2495 2162 ι
2551 2112 2608 2164 '0
2627 2111 2830 2182 Κύριος
2855 2111 3200 2164 ἐϐασίλευσεν
3219 2152 3234 2177 ,
3280 2113 3624 2182 εὐπρέπειαν

2040 2204 2352 2257 ἐνεδύσατο’
2388 2202 2674 2256 ἐνεδύσατο
2723 2201 2927 2273 Κύριος
2967 2201 3195 2272 δύναμιν
3221 2203 3314 2256 καὶ
3346 2201 3614 2274 περιεζώ-

2043 2313 2190 2350 σατο.
2219 2297 2329 2348 Καὶ
2349 2294 2455 2366 γὰρ
2478 2294 2777 2365 ἐστερέωσε
2806 2293 2904 2362 τὴν
2925 2293 3264 2364 οἰκουμένην,
3291 2293 3412 2362 ἥτις
3434 2294 3493 2345 οὐ
3523 2311 3618 2346 σα-

2040 2386 2376 2458 λευθήσεται.
2415 2401 2432 2434 ι
2475 2385 2546 2436 Τὸ
2579 2384 2686 2455 ἄρα
2727 2383 2877 2454 παρὰ
2903 2381 2980 2452 τῷ
3027 2384 3275 2454 προφήτῃ
3312 2384 3474 2454 ῥητὸν
3511 2383 3621 2456 τὴν

2039 2478 2330 2547 ἐπιδημίαν
2359 2475 2453 2529 τοῦ
2485 2476 2733 2545 Σωτῆρος
2760 2474 3032 2544 σημαίνει,
3085 2476 3141 2526 ἐν
3166 2469 3310 2546 ᾖκαὶ
3339 2477 3498 2544 ἡμεῖς
3519 2477 3614 2529 ἀν-

2039 2568 2315 2639 εκαινίσθη
2325 2585 2443 2639 μεν,
2469 2567 2558 2620 καὶ
2581 2568 2782 2638 ὁνόμος
2803 2565 2895 2619 τοῦ
2914 2565 3221 2636 πνεύματος
3245 2565 3354 2635 (84)
3375 2566 3611 2620 ἀσάλευ-

2038 2679 2129 2724 τος
2166 2661 2430 2731 διαμένει.
2471 2659 2610 2712 Ἀλλ’
2637 2661 2686 2712 οἱ
2709 2658 2786 2729 τῷ
2816 2659 2928 2712 ὅντε
2967 2659 3216 2729 τροπικοὶ
3252 2658 3387 2728 (85),
3424 2658 3616 2711 συνθέ-

2042 2770 2189 2824 μενοι
2231 2755 2341 2815 τοῖς
2389 2752 2703 2823 Ἀρειανοῖς,
2752 2752 2844 2804 καὶ
2898 2751 3248 2822 μερισάμενοι
3291 2752 3404 2820 μετ’
3429 2751 3613 2805 αὐτῶν

2036 2846 2133 2918 τὴν
2153 2849 2232 2909 εἰς
2260 2845 2356 2916 τὴν
2378 2845 2608 2914 θεότητα
2643 2844 3012 2916 βλασφημίαν,
3043 2845 3130 2897 ἵνα
3164 2845 3357 2897 ἐκεῖνοι
3390 2844 3490 2914 μὲν
3517 2844 3613 2897 τὸν

2037 2941 2185 3004 Υἱὸν,
2220 2934 2362 2995 οὗτοι
2387 2939 2444 2992 δὲ
2474 2939 2535 2992 τὸ
2560 2939 2783 3010 Πνεῦμα
2804 2939 3010 3009 κτίσμα
3051 2939 3281 3006 λέγωσιν
3302 2955 3318 2970 ο
3376 2938 3607 3010 ἐτόλμη-

2039 3046 2158 3091 σαν,
2189 3030 2265 3092 ὡς
2290 3028 2441 3082 αὐτοί
2476 3046 2627 3098 φασι,
2664 3029 2901 3100 τρόπους
2930 3029 3089 3082 πάλιν
3118 3030 3327 3093 ἑαυτοῖς
3356 3031 3609 3102 ἐφευρεῖν

2037 3125 2130 3177 καὶ
2163 3123 2591 3195 παρεξηγεῖσθαι
2623 3123 2717 3177 καὶ
2741 3122 2801 3176 τὸ
2833 3122 2926 3175 τοῦ
2975 3122 3292 3175 Ἀποστόλου
3347 3124 3542 3194 ῥητὸν,
3579 3124 3614 3177 ὅ

2035 3215 2212 3279 καλῶς
2236 3215 2334 3285 μέν
2367 3215 2527 3278 αὐτὸς
2552 3214 2669 3285 (86)-
2693 3214 2898 3285 ἔγραφε
2922 3214 3168 3284 Τιμοθέῳ
3196 3213 3366 3282 λέγων
3388 3230 3402 3243 ο
3437 3233 3456 3264 ι
3482 3216 3609 3266 Δια-

2039 3304 2384 3377 μαρτύρομαι
2408 3302 2634 3358 ἐνώπιον
2649 3304 2743 3356 τοῦ
2767 3303 2901 3356 Θέοῦ
2930 3304 3022 3355 καὶ
3046 3301 3220 3372 Ἰησοῦ
3237 3301 3471 3372 Χριστοῦ
3493 3302 3605 3372 (8⁸1)

2035 3395 2130 3447 καὶ
2163 3392 2271 3445 τῶν
2307 3393 2578 3445 ἐκλεκτῶν
2598 3393 2864 3461 ἀγγέλων,
2899 3393 2986 3445 ἵνα
3017 3391 3187 3446 ταῦτα
3218 3391 3458 3463 φυλάξῃς
3499 3410 3606 3463 χω-

2040 3485 2123 3556 ρὶς
2143 3485 2533 3556 προκρίματος,
2559 3485 2721 3555 μηδὲν
2739 3485 2906 3539 ποιῶν
2923 3485 3064 3539 κατὰ
3084 3485 3417 3558 πρόσκλησιν
3435 3486 3598 3558 (88).)

2042 3577 2268 3629 Ἐκεῖνοι
2294 3576 2349 3628 δέ
2384 3576 2704 3645 φάσκουσιν,
2735 3577 2920 3647 ἐπειδὴ
2942 3577 3033 3630 τὸν
3053 3576 3183 3631 Θεὸν
3217 3579 3311 3631 καὶ
3339 3578 3432 3631 τὸν
3470 3577 3605 3650 Χρι-

2029 3668 2151 3721 στὸν
2175 3668 2477 3740 ὠνόμασεν,
2512 3663 2627 3720 εἷτα
2653 3668 2779 3731 τοὺς
2805 3668 3090 3736 ἀγγέλους,
3115 3669 3328 3742 ἀνάγκῃ
3357 3672 3469 3722 τοῖς
3497 3672 3601 3737 ἀγ-

2029 3762 2208 3831 γέλοις
2260 3760 2704 3832 συναριθμεῖσθαι
2749 3760 2810 3813 τὸ
2843 3759 3086 3832 Πνεῦμα,
3147 3762 3244 3832 τῆς
3301 3779 3360 3814 τε
3418 3763 3601 3816 αὐτῶν

2024 3850 2165 3908 εἶναι
2202 3853 2510 3922 συστοιχίας
2561 3852 2655 3906 καὶ
2700 3852 2830 3905 αὐτὸ
2861 3852 2994 3924 (89),
3037 3855 3130 3906 καὶ
3180 3853 3408 3922 ἄγγελον
3461 3851 3599 3908 εἶναι

2029 3943 2250 4016 μείζονα
2293 3943 2403 3996 τῶν
2445 3943 2639 4014 ἄλλων.
2697 3942 2920 4014 Πρῶτον
2949 3945 3045 4012 μὲν
3073 3939 3163 3998 οὖν
3204 3945 3301 4015 τῆς
3343 3946 3598 4010 ἀσεϐείας

2025 4037 2170 4090 ἐστὶν
2200 4034 2552 4088 Οὐαλεντίνου
2577 4033 2735 4088 τοῦτο
2762 4034 2822 4087 τὸ
2854 4033 3070 4106 εὕρημα
3092 4051 3104 4064 °
3151 4037 3244 4089 καὶ
3277 4037 3377 4090 οὐκ
3405 4036 3594 4089 ἔλαθον

2027 4119 2172 4181 οὗτοι
2203 4125 2271 4181 τὰ
2305 4125 2513 4179 ἐκείνου
2534 4124 2644 4196 (90)
2665 4124 3044 4194 φθεγγόμενοι.
3084 4126 3316 4190 Ἐκεῖνος
3333 4126 3439 4198 γὰρ
3466 4126 3600 4198 ἐφη-

2042 4286 2089 4318 “
2119 4287 2249 4355 Agg.
2279 4302 2352 4349 ιι,
2387 4285 2453 4348 ’ῖ;
2486 4283 2650 4341 llebr.
2686 4300 2799 4346 xu.
2831 4283 3024 4339 26-28.
3116 4283 3161 4316 ⁸³
3195 4283 3338 4340 Psal.
3379 4301 3510 4350 xcu,
3540 4287 3592 4343 1.

2023 4536 2205 4591 Felck.
2256 4537 2308 4590 1.
2350 4536 2539 4592 Caeteri
2570 4551 2699 4592 vero
2739 4546 2794 4591 et
2841 4536 2967 4590 editi
3018 4536 3180 4600 αὐτὸς
3206 4538 3490 4600 omittunt,
3539 4547 3594 4592 et

2025 4608 2222 4678 habent
2241 4607 2463 4678 ἔγραψε.
2497 4606 2630 4675 Reg.
2660 4607 2694 4660 2
2713 4617 2914 4678 _tamen
2939 4605 3144 4678 ἔγραφε
3166 4621 3381 4678 quoque
3407 4609 3587 4662 habet.

2095 4675 2322 4749 (ansas
2346 4675 2931 4749 Regiu_s.l_et__Seguer.
2963 4675 3020 4730 ln
3047 4676 3203 4749 G_ob_l.
3237 4688 3290 4749 et
3334 4675 3516 4749 Felck.
3560 4679 3589 4749 1

2024 4745 2343 4819 iita'legitur,
2373 4747 2467 4819 τοῦ
2493 4745 2900 4819 ΘεοῦΧριστοῦν
2922 4746 3118 4817 Ἰησοῦ.
3148 4745 3205 4819 in
3227 4746 3472 4819 énglic”
3497 4747 3592 4801 τοῦ

2021 4817 2156 4900 Θεοῦ
2181 4815 2904 4900 καὶῆΚυρίουΛήμῶνἸησλοῦ
2939 4815 3195 4900 ξ’ριστοῦ.
3212 4815 3404 4900 βιρξιὶυ
3425 4818 3594 4898 Com-

2022 4886 2470 4966 mel_._et_f_{egius
2495 4886 2683 4952 2,“τοῦ
2719 4886 2853 4940 Θεοῦ
2874 4886 3240 4966 prurigine-ro»?
3286 4887 3493 4966 Ἰησοῦ..
3584 4927 3592 4966 .i

2093 4958 2206 5027 (88)
2249 4957 2339 5012 Sic
2358 4957 2558 5013 omnes
2587 4973 2720 5014 mss.
2747 4965 2800 5027 et
2825 4958 2956 5012 edit.
2988 4957 3387 5027 Co’mmel.,uti
3421 4957 3592 5027 etiam

2021 5024 2224 5082 habent
2260 5029 2288 5082 ι
2323 5045 2455 5082 mss.
2475 5029 2693 5082 codices
2723 5026 2858 5081 Novi
2883 5027 3217 5083 Testamenti
3248 5025 3378 5081 edit.
3409 5024 3587 5082 Oxon.

2206 5099 2282 5180 .At
2329 5099 2425 5153 alii
2472 5097 2824 5180 πρόσκλισιν,
2848 5099 3318 5180 quemadmodum
3345 5113 3595 5180 (quoque

2022 5167 2149 5237 legit
2205 5169 2471 5237 interpres
2517 5167 2796 5228 'Latinus,
2840 5169 2896 5221 in
2961 5169 3180 5220 alterum
3236 5178 3439 5236 partem
3499 5169 3592 5237 de-_

2019 5232 2288 5292 ειῖηαηάο.
2329 5232 2464 5293 Ibid.
2503 5237 2652 5309 Regii
2689 5249 2742 5292 et
2763 5237 3018 5309 Ottobon.
3052 5237 3176 5307 Seg.
3206 5232 3591 5308 Basil.‘Angl.,'

2021 5309 2338 5380 φάσκουσιν.
2372 5309 2478 5380 Alii
2512 5318 2566 5363 et
2594 5308 2747 5380 editi,
2778 5308 3080 5380 φάσκωσιν.

2091 5379 2203 5449 (89)
2247 5377 2338 5434 Sic
2370 5379 2523 5446 Regii
2557 5387 2610 5432 et
2639 5377 2762 5449 Seg.
2790 5375 3067 5433 Ottobon.
3093 5375 3585 5449 Basil._Ang_lican.

2017 5446 2331 5503 Cohle'rian.
2359 5460 2412 5504 et
2442 5449 2679 5505 Felekm.
2706 5446 2758 5504 1.
2784 5449 2925 5503 Editi
2955 5464 3084 5503 vero
3111 5457 3166 5503 et
3199 5447 3291 5501 alii
3326 5447 3420 5500 καί
3459 5455 3585 5501 ante

2018 5519 2147 5571 αὐτό
2173 5521 2452 5576 omittunt.

2090 5589 2202 5658 (90)
2243 5589 2403 5643 Gohl.
2439 5599 2493 5644 et
2525 5589 2763 5645 Felckm.
2792 5590 3022 5658 primus,
3049 5586 3174 5658 Seg.
3197 5586 3479 5658 Ottobon,
3514 5585 3581 5639 τά

2017 5656 2260 5728 ἐκείνων.
2293 5659 2461 5714 Paulo
2489 5669 2611 5728 post
2641 5660 2773 5726 Reg.
2796 5656 2832 5712 Vl
2871 5670 2925 5712 et
2954 5659 3009 5722 2,
3054 5656 3220 5713 Basil.
3259 5656 3382 5727 Seg.
3418 5658 3577 5713 Gobl.

2015 5737 2067 5781 et
2097 5727 2331 5784 Felckm.
2367 5731 2416 5795 1,
2452 5727 2668 5801 ἔφησενΔ
2703 5731 2806 5783 Alii
2834 5740 2886 5784 et
2916 5731 3066 5796 editi,
3103 5729 3284 5798 φησίν.
