3914 6222
283 343 383 398 557

1376 333 1706 400 EPISTULA
1746 343 1765 397 l
1803 345 1894 397 Al)
1920 342 2397 401 SERAPIONEM.

3430 357 3532 410 533

285 473 394 524 σεν,
428 441 530 518 δτι,
553 454 893 525 πεμφθέντος
920 441 1013 509 τοῦ
1035 456 1414 528 Παρακλήτου,
1443 456 1850 526 συναπεστάλη-

1968 458 2270 528 ingelorum
2326 451 2573 512 naturam
2627 455 2922 530 deducunt,
2972 477 3079 520 non
3131 467 3423 523 advertunt
3473 488 3531 524 se

284 563 380 600 σαν
407 547 556 617 αύτῷ
588 549 639 600 ei
668 547 950 619 ἡλικιῶται
995 547 1160 601 αὑτοῦ
1194 549 1414 616 ἄγγελοι
1435 565 1448 579 ο
1486 549 1677 602 ἔπειτα
1712 549 1768 601 δὲ
1799 551 1860 602 τὸ

284 639 510 709 Πνεῦμα
545 640 873 708 κατάγοντες
903 639 1011 709 (9i)
1047 641 1130 704 εἰς
1172 641 1296 701 τοὺς
1335 640 1598 708 ἀγγέλους
1641 641 1720 701 εἰς
1761 641 1860 709 τὴν

283 731 324 782 Τ
329 731 486 800 ριάδα
513 731 918 794 συντάσσοντες.
949 732 1012 784 EE
1046 731 1150 800 γὰρ
1189 731 1324 799 μετά
1352 731 1572 801 Πατέρα
1607 731 1697 782 καὶ
1733 731 1859 783 Υἰὸν

283 823 402 874 κατ’
429 823 625 886 αὐτοὺς
661 825 709 876 οἱ
739 823 982 891 ἄγγελοι,
1027 822 1268 891 δηλονότι
1316 823 1414 893 τὴν
1445 821 1672 892 Τριάδος
1723 824 1858 875 εἰσὶν

281 913 328 963 οἱ
355 912 462 983 (92)
488 912 729 981 ἄγγελοι,
764 915 857 966 καὶ
887 913 986 966 οὐκ
1019 913 1097 964 ἔτι
1137 931 1154 962 ι
1195 910 1540 982 λειτουργικὰ
1575 911 1859 981 πνεύματα

1965 551 2184 620 angelos
2232 552 2285 603 in
2330 549 2596 607 Trinitate
2635 553 2922 609 collocare.
2957 555 3090 611 Nam
3137 561 3184 614 si
3230 559 3530 616 secundum

1966 642 2086 695 illos
2120 650 2248 710 post
2277 641 2492 698 Patrem
2515 653 2567 698 et
2597 643 2792 699 Filium
2827 660 3131 716 sequuntur
3153 653 3363 722 angeli:
3386 665 3531 709 certe

1965 750 1994 786 e
2027 731 2296 787 Trinitatc
2346 745 2472 788 sunt
2513 737 2710 807 angeli,
2745 753 2845 793 nec
2865 738 2978 808 jam
3025 752 3152 796 sunt
3217 762 3237 796 ε
3294 744 3519 800 admini-

1965 833 2228 880 stratores
2252 827 2474 895 spiritus
2505 828 2559 882 in
2601 830 2961 886 ministerium
2991 835 3142 891 missi
3163 838 3227 903 ⁸⁷,
3254 854 3271 889 ι
3301 856 3400 894 nec
3427 841 3529 910 ipsi
3558 887 3572 905 ,

1965 916 2138 970 sancti
2165 917 2491 985 etliciuntur,
2519 921 2611 975 sed
2645 924 2827 990 potius
2849 925 2985 980 alios
3016 937 3237 983 sanctos
3266 930 3528 993 elliciunt,
3579 921 3586 927 ’

281 1005 359 1068 είς
391 1005 670 1059 διακονίαν
699 1005 1172 1075 ἀποστελλόμενοι,
1208 1025 1226 1056 ι
1260 1003 1381 1056 οὐδὲ
1412 1003 1778 1074 ἁγιαζόμενοι,
1809 1005 1922 1057 ἀλλ’
1955 1007 2106 1061 αὐτοὶ
2136 1010 2333 1079 μᾶλλον
2372 1011 2687 1080 ἀγιάζοντες
2711 1015 2903 1080 ἄλλους
2941 1018 3006 1071 ἂν
3033 1016 3160 1073 εἷεν.

352 1119 439 1172 Η.
477 1119 544 1171 Τί
573 1114 664 1172 οῦν
698 1123 730 1189 ή
759 1119 992 1190 τοσαύτη
1045 1119 1251 1172 τούτων
1302 1119 1564 1182 ἀπόνοια;
1609 1117 1714 1170 Ποῦ
1749 1119 1857 1170 τῶν

281 1210 514 1282 Γραφῶν
543 1212 701 1265 πάλιν
725 1206 879 1282 εῦρον
906 1210 1130 1279 ἄγγελον
1155 1210 1263 1281 (95)
1293 1210 1354 1263 τὸ
1374 1209 1596 1280 Πνεῦμα
1632 1210 1859 1279 λεγόμε-

283 1318 403 1365 νον;
455 1301 539 1355 Τὰ
599 1301 739 1356 αὑτά
789 1302 845 1354 δέ
889 1319 980 1373 μοι
1041 1304 1150 1364 τοῖς
1205 1302 1622 1373 προειρημένοις
1685 1303 1858 1354 εἰπεῖν

281 1393 516 1463 ἀνάγκη.
552 1393 904 1463 Παράκλητος
935 1392 1125 1462 ἐλέχθη
1173 1393 1266 1445 καὶ
1304 1391 1520 1462 πνεῦμα
1565 1392 1855 1456 υἱοθεσίας,

283 1485 373 1538 καί
402 1483 622 1554 πνεῦμα
651 1482 946 1553 ἀγιασμοῦ,
973 1483 1066 1535 καὶ
1093 1481 1308 1552 πνεῦμα
1339 1481 1494 1546 Θεοῦ,
1532 1481 1624 1535 καὶ⁵
1642 1480 1856 1549 πνεῦμα

283 1573 518 1644 Χριστοῦ
561 1574 755 1645 ἐλέχθη
785 1591 798 1604 ·
840 1573 1074 1643 οὐδαμοῦ
1108 1573 1163 1624 δὲ
1211 1571 1462 1640 ἄγγελος,
1504 1572 1622 1625 οὐδὲ
1651 1573 1857 1643 ἀρχάγ-

283 1666 458 1736 γελος,
492 1665 613 1719 οὐδὲ
643 1665 856 1736 πνεῦμα
888 1665 1182 1729 διακονίας,
1215 1659 1315 1718 οἷοί
1349 1665 1458 1734 (94)
1502 1664 1636 1716 εἰσιν
1677 1666 1726 1716 οἱ
1759 1664 1857 1732 ἄγ-

284 1760 427 1828 γελοι
446 1775 461 1789 °
495 1759 633 1812 ἀλλὰ
669 1758 867 1829 μᾶλλον
894 1759 988 1811 σὺν
1018 1757 1095 1827 τῷ
1123 1757 1235 1827 Υίῷ
1257 1757 1351 1810 καὶ
1382 1757 1513 1810 αὐτὸ
1529 1755 1856 1808 διακονεῖται

284 1851 432 1922 παρὰ
480 1851 577 1904 τοῦ
625 1850 864 1921 Γαϐριὴλ
913 1849 1163 1918 λέγοντος
1212 1851 1277 1919 τῇ
1312 1849 1534 1919 Μαρίαυ
1566 1858 1590 1900 1
1636 1845 1859 1918 Πνεῦμα

285 1942 433 2011 ἅγιον
473 1942 826 1996 ἐπελεύσεται
851 1943 943 1994 ἐπὶ
965 1941 1026 1994 σέ
1043 1958 1060 1974 ο
1085 1941 1178 1993 καὶ
1206 1940 1434 2011 δύναμις
1467 1939 1718 2009 Ὑψίστου
1745 1941 1862 1991 ἑπι-

288 2037 499 2090 σκιάσει
537 2052 636 2089 σοι.
676 2055 693 2084 ι
721 2034 841 2088 Τῶν
873 2034 930 2086 δὲ
959 2034 1188 2104 Γραφῶν
1224 2033 1300 2103 μὴ
1332 2030 1606 2099 λεγουσῶν
1630 2029 1858 2098 ἀγγελον

283 2133 343 2186 τὸ
369 2130 630 2201 Πνεῦμα,
672 2131 798 2183 ποία
846 2128 1055 2192 τούτοις
1100 2127 1366 2194 ἀπολογία
1425 2125 1620 2193 γένοιτ’
1656 2123 1721 2177 ἂν
1761 2124 1860 2194 τῆς

285 2223 554 2293 τοσαύτης
588 2221 868 2288 ἀλογίστου
895 2221 1141 2291 τόλμηςς
1179 2221 1314 2272 ὅπου
1347 2235 1409 2286 γε
1443 2219 1535 2270 καὶ
1568 2218 1596 2269 6
1625 2217 1723 2286 τὴν
1745 2233 1859 2269 τοι⁴

287 2315 451 2382 αὐτην
490 2315 672 2373 αὐτοῖς
708 2299 994 2366 κακόνοιαν
1039 2311 1362 2379 ὲπισπείρας
1407 2308 1755 2371 Οὐαλεντίνος
1800 2307 1861 2359 τὸ

289 2404 778 2479 μὲνιεΠαράκλητον
820 2404 952 2474 (9'5),
990 2404 1117 2466 τοὺς
1148 2402 1204 2455 δὲ
1243 2400 1506 2469 ἀγγέλους
1545 2398 1860 2469 ὠνόμασε-ιε

284 2502 329 2553 εί
351 2501 452 2552 καὶ
478 2501 539 2551 ὲν
564 2497 643 2567 τῷ
671 2497 768 2566 ἴσῳ
787 2495 991 2567 χρόνῳ,
1008 2493 1303 2565 ἡλικιώτην
1330 2495 1442 2556 τοῖς
1462 2491 1712 2560 ἀγγέλοις
1738 2504 1860 2543 συνέ

285 2592 472 2644 τάσσει
501 2590 597 2642 καὶ
626 2589 789 2650 αὐτὸς
819 2588 879 2639 τὸ
920 2587 1144 2657 Πνεῦμα
1176 2589 1205 2638 6
1252 2583 1665 2656 ἀφρονέστατος.
1721 2582 1858 2634 Ἀλλ’

291 2683 418 2745 δδοὺ,
448 2683 636 2752 φασὶν,
662 2683 718 2733 ὲν
740 2679 818 2750 τῷ
839 2680 1092 2752 προφήτῃ
1113 2678 1358 2750 Ζαχαρία
1389 2676 1498 2747 (96)
1521 2676 1824 2747 γέγραπται
1844 2677 1860 2706 ι’

292 2793 311 2825 ι
337 2774 476 2827 Τάδε
504 2773 651 2841 λέγει
681 2774 709 2823 6
730 2771 979 2840 ἄγγελος,
1006 2771 1034 2822 6
1058 2769 1232 2823 λαλῶν
1253 2771 1311 2820 ὲν
1340 2767 1484 2838 ἐμοί.
1521 2787 1540 2818 ι
1571 2768 1681 2819 Καὶ
1705 2765 1860 2836 δῆλόν

287 2867 454 2928 ἐστιν,
505 2866 588 2917 ὃτι
632 2863 858 2933 ἄγγελον
901 2858 1035 2916 εἶναι
1085 2862 1146 2914 τὸ
1199 2860 1420 2930 Πνεῦμα
1473 2859 1725 2930 σημαίνει
1771 2860 1861 2911 τὸν

285 2958 338 3010 ἐν
366 2955 524 3026 αὐτῷ
555 2954 841 3008 λαλοῦντα.
859 2954 1028 3008 Τοῦτο
1063 2954 1120 3006 δὲ
1154 2953 1253 3006 οὐκ
1275 2952 1340 3005 ἀν
1370 2948 1544 3014 εἷπον,
1572 2953 1621 3003 εἰ
1653 2952 1719 3021 τῇ
1741 2949 1863 3003 ἁνα-

285 3047 484 3116 γνώσει
515 3047 872 3119 προσέχοντες
902 3041 1062 3116 ἦσαν.
1105 3045 1275 3106 Αὐτὸς
1322 3042 1430 3114 γὰρ
1472 3045 1500 3096 ὀ
1548 3043 1854 3114 Ζαχαρίας,

2037 1125 2121 1177 11.
2153 1124 2412 1190 Quaenam
2449 1130 2666 1184 tandem
2725 1132 2840 1187 haec
2883 1143 2990 1188 tam
3039 1137 3274 1192 absurda
3309 1140 3526 1196 illorum

1966 1213 2238 1269 dementia
2275 1216 2542 1283 est?-Quo
2575 1219 2628 1274 in
2661 1220 2782 1276 loco
2809 1238 3000 1278 rursus
3029 1223 3321 1297 Scripturze
3361 1246 3532 1286 sacrae

1966 1307 2288 1363 invenerunt
2341 1309 2603 1380 Spiritum
2647 1313 2896 1383 angelum
2928 1316 3035 1370 dici
3084 1317 3332 1375 ?Eadem
3383 1325 3527 1378 cnim

1965 1416 2085 1469 quae
2113 1401 2224 1470 jam
2254 1403 2387 1469 dixi,
2425 1405 2560 1459 mihi
2593 1416 2836 1468 repetere
2886 1424 3108 1466 necesse
3150 1423 3254 1467 est.
3283 1405 3532 1473 Paracle-

1962 1502 2051 1546 tus
2074 1492 2252 1547 dictus
2285 1502 2368 1548 est
2397 1504 2450 1548 et
2504 1496 2730 1564 spiritus
2785 1498 3118 1569 adoptionis,
3153 1505 3378 1572 spiritus
3404 1524 3532 1562 san-

1963 1584 2256 1651 ctimoniae,
2295 1593 2350 1637 et
2370 1584 2570 1640 Christi
2611 1587 2860 1663 spiritus;
2907 1591 2976 1644 At
3005 1608 3280 1663 nunquam
3313 1598 3394 1652 vel
3427 1615 3529 1653 an-

1963 1673 2115 1744 gelus
2143 1683 2237 1728 aut
2272 1675 2652 1744 archangelus,
2677 1661 3010 1749 aufspiritus
3029 1661 3312 1742 ministerii
3341 1693 3532 1760 quales

1962 1773 2091 1818 sunt
2115 1765 2310 1834 angeli,
2342 1766 2640 1834 appellatus
2669 1778 2768 1822 est.
2801 1769 2942 1838 Quin
2994 1774 3102 1828 imo
3148 1777 3321 1831 eidem
3355 1789 3410 1834 et
3441 1780 3531 1833 Fi-

1961 1854 2033 1907 lio
2076 1855 2348 1909 ministrat
2387 1855 2604 1912 Gabriel
2664 1875 2788 1913 cum
2837 1861 3017 1917 Maria:
3061 1867 3186 1921 ait:
3237 1887 3256 1919 ι
3295 1870 3530 1939 Spiritus

1962 1958 2182 2001 sanctus
2211 1951 2555 2016 superveniet
2584 1953 2637 2004 in
2687 1962 2758 2018 te,
2781 1963 2836 2008 et
2857 1956 3027 2011 virtus
3052 1957 3314 2016 Altissimi
3336 1964 3529 2019 obum-

1958 2036 2138 2089 brabit
2168 2038 2259 2090 tibi
2280 2037 2362 2090 (⁵⁸.⁵
2395 2057 2413 2088 ι
2451 2037 2588 2093 Cum
2621 2041 2786 2111 igitur
2819 2043 3115 2115 Scriptura;
3138 2049 3398 2120 Spiritum
3430 2070 3529 2109 an-

1961 2127 2137 2196 gelum
2165 2145 2271 2182 non
2313 2132 2610 2200 appellent,
2646 2135 2772 2201 quid
2801 2140 3170 2195 excusationis
3185 2142 3381 2200 habere
3406 2163 3531 2215 pos-

1961 2219 2070 2272 sint
2109 2220 2162 2272 in
2197 2230 2346 2275 tanta
2392 2233 2609 2294 tamque
2668 2227 2903 2282 absurda
2939 2233 3259 2300 temeritate,
3295 2239 3529 2292 maxime

1961 2326 2082 2363 cum
2114 2311 2229 2379 ipse
2260 2310 2596 2382 Valentinus,
2629 2317 2724 2385 qui
2755 2320 2975 2389 impiam
3001 2321 3143 2378 hanc
3159 2337 3390 2382 mentem
3424 2331 3527 2385 illis

1961 2398 2222 2467 inseruit,
2272 2403 2423 2457 illum
2460 2406 2700 2474 quidem,
2729 2407 3091 2477 Paracietum,
3123 2414 3224 2470 bes
3261 2433 3408 2480 vero,
3434 2438 3531 2474 nn-

1962 2490 2111 2556 gclos
2142 2491 2525 2558 nominaverit,
2555 2493 2678 2548 licet
2707 2496 2846 2550 idem
2874 2499 3233 2556 stultissimus
3267 2503 3528 2573 Spiritum

1961 2581 2165 2650 angelis
2191 2592 2522 2638 comtancum
2548 2587 2850 2656 eodemque
2887 2590 3150 2645 duntaxat
3193 2602 3434 2664 tempore
3462 2613 3527 2652 ac

1961 2671 2081 2724 illos
2109 2672 2380 2727 exstitisse
2409 2676 2658 2729 senserit.
2715 2678 2819 2731 Sed
2873 2693 3018 2743 ecce,
3064 2682 3338 2750 inquiunt,
3384 2690 3527 2754 apud

1961 2761 2279 2830 prophetam
2329 2761 2654 2819 Zachariam
2700 2765 2964 2834 scriptum
3007 2777 3138 2823 est:
3179 2788 3198 2820 ‹
3236 2769 3361 2826 Haec
3395 2773 3528 2828 dicit

1961 2859 2181 2922 angelus
2209 2855 2302 2924 qui
2331 2855 2570 2925 loquitur
2601 2859 2652 2911 in
2681 2873 2768 2912 me
2803 2857 2868 2913 θ’.
2910 2863 2942 2909 ι’
2967 2860 3129 2930 Atqui
3179 2864 3527 2932 perspicuum

1961 2953 2043 2998 est
2079 2945 2167 2999 hic
2196 2946 2421 3016 spiritus
2457 2948 2678 3002 nomine
2709 2949 2957 3019 angelum
2984 2949 3036 3004 in
3074 2951 3193 3020 ipso
3221 2952 3528 3022 loquentem

1962 3033 2279 3104 significari.-
2313 3035 2513 3092 Verum
2555 3037 2610 3093 id
2638 3039 2864 3094 minimc
2882 3041 3147 3106 dicerent,
3181 3043 3228 3098 si
3277 3046 3421 3115 quod
3452 3047 3530 3100 le-

285 3141 448 3212 ήνίκα
477 3140 577 3210 τὴν
606 3139 868 3192 ὀπτασίαν
894 3139 1022 3208 περὶ
1052 3137 1152 3207 τῆς
1189 3136 1407 3206 λυχνίας
1437 3133 1669 3206 ἑώρακε,
1690 3133 1822 3204 φησί
1843 3152 1855 3164 ’

1968 3136 2097 3196 gunt
2123 3127 2322 3183 vellent
2353 3131 2647 3184 attendere.
2694 3128 2830 3184 Nam
2872 3129 3166 3187 Zacharias
3215 3134 3270 3188 in
3326 3138 3529 3191 cande-

289 3248 309 3282 ι
339 3232 450 3284 Καὶ
477 3229 753 3301 ἀπεκρίθη
777 3231 805 3282 6
829 3229 1056 3297 ἀγγελος
1079 3230 1108 3281 6
1128 3227 1302 3280 λαλῶν
1326 3228 1384 3279 ἐν
1405 3228 1546 3296 ἐμοὶ,
1571 3225 1664 3278 καὶ
1684 3222 1855 3278 εἶπεν·

285 3323 354 3376 Οὐ
386 3321 684 3392 γινώσκεις
713 3321 765 3373 τί
819 3323 934 3373 ἐστι
971 3318 1185 3383 ταῦτα;
1215 3318 1325 3371 Καὶ
1357 3314 1510 3370 εἷπον
1545 3316 1652 3387 (97)
1675 3333 1689 3347 ο
1725 3318 1858 3386 ούχ¹ι

285 3413 471 3485 Κύριε.
498 3415 616 3468 Καὶ
645 3411 937 3483 ἀπεκρίθη,
961 3412 1056 3466 καὶ
1087 3406 1209 3464 εἷπε
1245 3413 1379 3482 πρὸς
1417 3410 1484 3480 μὲ
1517 3409 1689 3478 λέγων
1708 3425 1720 3437 ⁸
1758 3405 1859 3462 Οὖ-

285 3520 368 3569 τος
389 3508 417 3558 6
454 3505 624 3572 λόγος
661 3503 862 3574 Κυρίου
898 3504 1034 3574 πρὸς
1060 3502 1383 3574 Ζοροϐάϐελ,
1416 3501 1589 3568 λέγων
1611 3514 1626 3530 ⁸
1665 3502 1778 3554 Οὐκ
1801 3503 1858 3553 ἐν

285 3594 504 3666 δυνάμει
543 3594 769 3664 μεγάλῃ,
793 3593 912 3646 οὐδὲ
938 3595 993 3645 ὲν
1030 3593 1192 3662 ἰσχύϊ,
1220 3591 1332 3646 ἀλλ’
1367 3594 1423 3644 ὲν
1452 3591 1562 3662 (98)
1586 3591 1860 3661 Ηνεύματί

288 3704 381 3757 μου
435 3729 452 3754 ,
493 3687 654 3754 λέγει
703 3685 903 3756 Κύριος
959 3685 1369 3755 παντοκράτωρ.
1398 3704 1417 3735 ›
1465 3683 1696 3752 Εῦδηλον
1750 3683 1859 3752 (99)

288 3773 398 3841 οῦν,
437 3779 522 3840 ὡς
582 3779 610 3830 6
643 3777 816 3829 λαλῶν
840 3777 1068 3846 ἄγγελος
1119 3776 1196 3846 τῷ
1241 3777 1493 3848 προφήτῃ
1536 3776 1636 3828 ούκ
1679 3771 1745 3846 ἦν
1801 3775 1861 3827 τὸ

284 3871 498 3940 Πνεῦμα
537 3870 602 3922 τὸ
633 3869 803 3938 ἀγιον,
837 3869 949 3923 ἀλλ’
981 3869 1139 3932 αὐτὸς
1173 3870 1271 3940 μὲν
1309 3868 1568 3937 ἀγγελος,
1607 3869 1669 3920 τὸ
1699 3868 1756 3920 δὲ
1800 3868 1860 3920 τὸ

281 3961 497 4032 Πνεῦμα
553 3961 651 4013 τοῦ
701 3959 834 4013 Θεοῦ
877 3961 992 4013 ἐστι
1021 3959 1116 4012 τοῦ
1156 3959 1594 4030 παντοκράτορος
1626 3959 1732 4028 (1)·
1764 3958 1859 4010 καὶ

279 4050 610 4106 διακονεῖται
636 4052 732 4121 μὲν
763 4053 891 4122 παρ’
922 4051 1173 4119 ἀγγέλου,
1192 4050 1494 4121 ἀδιαίρετον
1531 4050 1586 4103 δὲ
1612 4050 1708 4118 τῆς
1742 4048 1858 4102 θεό-

281 4146 431 4215 τητος
462 4148 527 4198 ὲσ
541 4160 611 4207 τι,
655 4144 747 4196 καὶ
781 4143 908 4196 εδιον
931 4142 1023 4196 τοῦ
1045 4142 1204 4210 λόγου
1234 4143 1334 4212 (2).
1374 4143 1526 4195 Ἐπεὶ¹
1556 4143 1604 4193 εί
1632 4143 1693 4194 τὸ
1719 4141 1856 4194 ἀπο-

286 4235 519 4289 στολικὸν
543 4232 974 4305 προφασίζονται
1006 4232 1186 4302 ῥητὸν,
1221 4231 1311 4284 διὰ
1334 4231 1394 4284 τὸ
1431 4229 1682 4301 εἰρῆσθαι
1722 4228 1861 4300 μετὰ

351 4412 392 4444 ⁸⁷
431 4411 610 4468 Hebr.
653 4424 693 4476 ι,
723 4411 805 4465 M.
885 4412 929 4444 ⁸⁸
967 4410 1102 4466 Luc.
1135 4410 1285 4477 1,35.
1363 4409 1407 4439 ⁸³
1447 4408 1612 4464 Zach.
1646 4425 1722 4474 IV,
1761 4409 1816 4462 5.

1963 3221 2104 3274 labri
2147 3222 2357 3277 visione
2387 3224 2462 3277 ait
2489 3243 2501 3279 :
2534 3242 2552 3275 ε
2588 3222 2654 3278 Ει
2675 3225 2950 3293 respondit
2972 3227 3195 3296 angelus
3228 3228 3320 3296 qui
3343 3229 3528 3298 loque-

1961 3312 2123 3366 batur
2170 3313 2224 3366 in
2273 3330 2380 3378 mc,
2429 3326 2482 3369 et
2528 3314 2980 3387 dixitzNunquid
3020 3318 3197 3373 nescis
3242 3320 3371 3389 quid
3400 3331 3530 3376 sunt

1964 3406 2106 3459 haec?
2125 3403 2192 3458 Et
2224 3405 2335 3459 dixi
2361 3423 2372 3456 :
2403 3404 2542 3471 Non,
2570 3405 2816 3462 Domine.
2844 3407 2909 3462 Et
2933 3411 3233 3478 respondit,
3265 3423 3319 3466 et
3351 3414 3428 3467 ait
3457 3414 3528 3467 ad

1961 3511 2070 3560 me,
2101 3496 2286 3552 dicens
2313 3513 2326 3547 :
2357 3495 2469 3552 Hoc
2498 3507 2583 3552 est
2611 3499 2833 3554 verbum
2859 3499 3076 3556 Domini
3108 3503 3174 3556 ad
3206 3501 3526 3570 Zorobabel,

1961 3587 2188 3640 dicens:
2221 3585 2340 3642 Non
2383 3589 2436 3642 in
2471 3590 2670 3645 virtut‘e
2706 3607 2925 3663 magna,
2962 3608 3064 3648 nec
3101 3595 3154 3648 in
3190 3596 3404 3663 robore,
3431 3597 3528 3651 sed

1963 3682 2014 3732 in
2051 3681 2251 3748 Spiritu
2288 3696 2425 3744 meo,
2457 3681 2588 3737 dicit
2619 3681 2882 3739 Dominus
2916 3686 3258 3754 omnipotens
3289 3688 3353 3741 ⁷⁰.
3390 3706 3411 3738 ι
3445 3686 3528 3742 Ex

1963 3770 2160 3838 quibus
2205 3770 2374 3839 liquet
2423 3773 2670 3840 angelum
2723 3773 2816 3842 qui
2859 3775 3136 3843 prOphetae
3179 3775 3522 3846 loquebatur,

1965 3874 2072 3913 non
2103 3860 2270 3915 fuisse
2326 3860 2588 3931 Spiritum
2632 3874 2903 3929 sanetum,
2953 3865 3046 3920 sed
3107 3865 3256 3920 illum
3305 3868 3525 3937 quidem

1963 3967 2085 4007 esse
2114 3951 2385 4021 angelum,-
2419 3953 2566 4009 hunc
2584 3966 2762 4010 autem
2793 3971 2915 4011 esse
2949 3954 3209 4026 Spiritum
3240 3957 3333 4012 Dei
3349 3961 3526 4013 omni-

1963 4045 2217 4112 potentis,
2251 4046 2340 4100 cui
2366 4053 2420 4098 et
2445 4047 2671 4116 angelus
2705 4048 2999 4111 ministrat,
3024 4049 3226 4119 quique
3258 4068 3288 4104 a
3329 4051 3526 4106 divini-

1965 4147 2074 4191 tate
2115 4137 2282 4191 dividi
2324 4138 2530 4208 nequit,
2561 4155 2625 4194 ac
2660 4138 3104 4210 verbi'prnprias
3154 4151 3255 4197 est.
3294 4143 3448 4209 Quod
3477 4147 3526 4199 si

1966 4228 2205 4296 Apostoli
2249 4229 2407 4282 verba
2445 4229 2598 4282 nobis
2632 4231 3009 4298 opposuerim,
3055 4231 3147 4302 qui
3175 4233 3380 4288 scilicet
3403 4243 3530 4303 post

1892 4408 1936 4437 ⁷⁰
1977 4409 2113 4464 ibid.
2141 4409 2198 4472 5,
2234 4408 2285 4462 6.

343 4578 451 4646 (91)
494 4577 594 4633 Sic
634 4574 789 4644 Regii
825 4582 881 4630 et
905 4573 1231 4645 .Seguerian.
1261 4573 1401 4629 Editi
1443 4585 1498 4629 et
1544 4575 1681 4640 alii,
1721 4591 1856 4628 κατ-

1968 4574 2221 4650 Ζαχαρίὲι.
2259 4574 2579 4650 lidem__mox
2605 4583 2660 4650 et
2691 4572 2894 4650 Regius
2927 4573 3156 4650 primus,
3179 4572 3328 4650 Seg.,
3360 4575 3522 4650 δῆλόν

283 4649 545 4718 αγαγόντε
551 4665 579 4712 ς
588 4688 602 4700 .

346 4739 457 4808 (92)
500 4735 1018 4808 Regiussccundus
1064 4735 1112 4786 oi
1155 4733 1376 4808 omittit,
1407 4737 1500 4804 qui
1533 4737 1676 4790 idem
1713 4736 1853 4791 infra

280 4803 954 4876 Ιιιώοι’ἀποστελλόμενα,
995 4813 1052 4858 ut
1089 4813 1143 4858 et
1182 4803 1466 4872 Ottobom,
1523 4822 1587 4860 ac
1635 4808 1857 4870 ἁγιαζό-

282 4891 432 4948 μενα.

347 4966 605 5038 (93)..Sic
638 4965 882 5038 primus
907 4964 1076 5038 codex
1113 4963 1334 5038 Regius,
1374 4964 1498 5038 serg.
1537 4965 1702 5021 Basil.
1735 4967 1852 5022 An-

279 5035 470 5106 glican.
503 5035 671 5090 Gobl.
710 5045 765 5089 et
795 5035 1034 5106 Felckm.
1074 5039 1124 5106 1,
1175 5035 1266 5089 sed
1298 5037 1581 5106 Anglican.
1619 5037 1848 5106 ἄγγελος

281 5101 454 5162 liabet.
487 5107 599 5160 Alii
631 5117 690 5178 et
720 5106 874 5178 editi,
905 5103 1007 5157 ποῦ
1037 5104 1144 5158 τῶν
1173 5101 1407 5176 Γραφῶν
1431 5101 1596 5176 ηὗρον
1622 5101 1849 5178 Εγόμεὲ

278 5192 362 5229 νον
389 5178 602 5245 κτίσμα
629 5176 693 5228 τὸ
719 5175 961 5245 Πνεῦμα.

341 5197 362 5229 ν
389 5197 513 5231 κτισ
565 5197 602 5229 α
629 5197 693 5228 το
719 5197 961 5245 ιινευμα.

341 5247 452 5316 (94)
498 5197 596 5301 Sic
628 5261 823 5299 omnes
860 5260 991 5298 mss.
1023 5243 1163 5316 ἒξ.Ιίιί
1192 5260 1340 5316 vero,
1377 5245 1448 5298 οἵ.

341 5313 455 5384 (95)
498 5317 715 5386 Regius
763 5317 993 5386 primus,
1045 5313 1166 5384 Seg.
1223 5314 1396 5386 Basril.
1433 5316 1738 5386 Anglican.,
1783 5317 1845 5370 τὸ

277 5385 393 5506 μὲν,
441 5385 835 5458 Παράκλητον.
864 5385 970 5437 Alii
997 5387 1065 5450 let
1116 5386 1265 5448 editi,
1291 5385 1382 5436 τὸν
1428 5386 1544 5454 μέν,
1574 5395 1677 5441 etc.
1716 5387 1844 5440 Mox

299 5457 470 5506 {cuius
503 5459 747 5506 primus.
783 5455 933 5506 Sest.
981 5457 1028 5506 εί
1068 5455 1182 5506 καί.
1219 5465 1324 5506 etc.
1355 5453 1548 5506 Cazteri
1583 5467 1761 5506 autem
1793 5465 1844 5506 et

277 5453 470 5526 lic-gius
503 5453 747 5526 primus,
783 5455 933 5522 Sext,
981 5457 1028 5506 εί
1068 5455 1182 5517 καί,
1219 5465 1324 5508 etc.
1355 5453 1548 5508 Caneri
1583 5467 1762 5510 autem
1793 5465 1847 5511 et

275 5525 398 5597 editi
443 5528 493 5579 εἰ
545 5527 836 5597 ριηὶιιιιηι.
863 5523 1031 5578 Paulo
1059 5521 1182 5593 post
1215 5523 1414 5597 Regius
1446 5528 1677 5597 primus,
1719 5525 1844 5597 ch.

276 5593 428 5651 anl.
460 5607 517 5650 et
545 5595 800 5650 Felckm.
836 5596 1067 5662 primus,
1095 5595 1379 5646 συντάσσει
1403 5596 1499 5647 καὶ
1530 5596 1711 5659 αὐτὸς,
1740 5593 1844 5652 etc.

275 5665 340 5719 At
359 5668 450 5719 alii
477 5676 536 5720 et
563 5665 706 5720 editi
732 5665 824 5716 mi.
844 5663 1009 5726 αὐτός
1033 5677 1141 5716 ιιοη
1174 5664 1396 5718 habent.

333 5755 454 5831 (96)
495 5756 670 5813 Gobl.
712 5762 767 5810 et
811 5753 1044 5810 Fclckm.
1085 5755 1316 5826 primus,
1359 5758 1541 5824 φασιν,
1577 5759 1725 5830 παρὰ
1771 5759 1852 5830 τῷ

1961 4636 2127 4708 ἐστὶν,
2151 4636 2261 4716 ὅτι.
2284 4644 2578 4716 Anglican.
2612 4636 2812 4714 Regius
2842 4645 2896 4709 2,
2924 4636 3082 4716 δῆλον
3110 4636 3212 4698 ὅτι.
3246 4636 3436 4701 (id-ted
3470 4656 3525 4700 et

1961 4716 2113 4778 editi,
2144 4714 2404 4778 δηλονότι.

2033 4732 2113 4778 ιιι,
2144 4732 2172 4768 ο
2213 4732 2404 4766 Αονοτι.

2031 4784 2144 4856 (97)
2176 4732 2398 4856 Erimus
2425 4785 2592 4838 codex
2624 4783 3020 4856 Regius,_Seg.,
3043 4781 3206 4856 εἶπα.

1959 4925 1989 4996 ἢ
2025 4853 2384 4979 ἑθᾛιῐίεείιιε
2419 4857 2648 4924 primus,
2685 4855 2808 4925 Seg.
2841 4853 2996 4908 Gobl.
3041 4853 3276 4910 Felckm.
3315 4854 3367 4914 1,
3404 4854 3500 4907 ἀλλ

2055 4943 2104 4987 ν,
2129 4941 2158 4978 e
2182 4941 2232 4978 c.

2025 4928 2104 4987 ὲν,
2129 4935 2232 4979 etc.

2023 5016 2136 5086 (99)
2178 5017 2270 5070 Sic
2301 5031 2432 5069 mss.
2464 5031 2673 5072 omnes.
2692 5015 2872 5086 Editio
2896 5016 3167 5086 Commcl.
3195 5015 3355 5082 male,
3387 5015 3522 5086 ἄδη-

1955 5082 2063 5139 λον.
2095 5082 2232 5140 Ibid.
2263 5086 2462 5156 Regius
2495 5089 2722 5156 primus,
2753 5085 2905 5156 Seg.,
2941 5082 3032 5138 οὖν
3065 5085 3340 5138 omittunt.

2027 5179 2104 5247 (Ι)
2146 5176 2244 5244 Βία,
2267 5176 2468 5246 Regius
2491 5179 2719 5247 primus,
2755 5176 2879 5247 Seg.
2911 5177 3068 5247 Gobl.
3097 5175 3312 5247 Anglic1
3335 5175 3496 5229 Felck

1954 5245 2184 5317 primus.
2215 5245 2467 5301 Attamen
2493 5245 2674 5303 ’Gobl.
2710 5245 2948 5301 Felckm.
2985 5245 3193 5317 primus
3224 5245 3317 5317 τοῦ
3354 5247 3517 5298 omit-

1956 5314 2097 5372 tunt.
2131 5319 2322 5371 Alii.et
2353 5319 2505 5379 editi.
2542 5318 2600 5370 τὸ
2648 5319 2705 5369 δὲ
2747 5317 2970 5385 Πνεῦμα
3013 5315 3070 5366 τὸ
3111 5314 3264 5382 ἅγιόν
3295 5317 3409 5368 ἐστι
3459 5317 3529 5368 τὸ.

1957 5387 2178 5459 Πνεῦμα
2206 5388 2297 5440 τοῦ
2332 5389 2787 5458 παντοκράτορος.

2028 5479 2103 5549 (2)
2146 5479 2237 5534 Sic
2269 5479 2471 5547 Regius
2503 5479 2732 5547 primus,
2786 5475 2912 5549 Seg.
2963 5475 3121 5549 Gobl.
3177 5484 3231 5530 et
3259 5474 3518 5549 _F9_.lclun.
3581 5515 3583 5517 .

1995 5545 2184 5604 rimus.
2245 5545 2434 5602 (λιιιιένί
2485 5545 2608 5602 vero
2654 5557 2709 5600 et
2754 5547 2906 5610 editi,
2963 5545 3144 5614 ἰσχύος
3190 5545 3285 5598 τοῦ
3337 5546 3517 5614 λόγου.

1995 5566 2184 5604 rlmus.
2245 5566 2434 5602 bauer:
2485 5566 2608 5602 vero
2654 5566 2709 5600 ιιι
2754 5566 2906 5610 CUI",
2963 5566 3144 5614 ισχυος
3190 5566 3285 5598 του
3337 5566 3516 5614 Αογου.

1953 5566 2089 5700 rbid.
2117 5619 2326 5700 Regius
2376 5617 2608 5700 primusz
2660 5615 3001 5700 Sgg.,’l§1:::‘t,
3031 5617 3082 5700 εἰ
3107 5615 3325 5700 τάκεις.
3357 5615 3516 5700 prl.

1955 5700 2009 5744 et
2040 5685 2274 5742 Felckfn.
2308 5685 2536 5755 primus,
2556 5685 2794 5755 Ἐπειδὴ,
2822 5687 2870 5738 εἰ
2890 5685 2968 5748 τό,
3002 5696 3106 5740 etc.
3138 5686 3243 5740 Alii
3274 5687 3525 5754 etediti,

1971 5758 2188 5828 Ἐπειδὴ
2208 5757 2264 5808 δὲ
2291 5757 2372 5820 τό,
2400 5767 2503 5810 etc.
