3914 6222
340 369 440 424 559

936 363 992 417 S.
1034 359 1401 416 ATHANASII
1441 357 1588 414 OPP.
1631 356 1810 410 PARS
1848 357 1888 409 l.

2052 352 2408 406 [liSTOIllCi
2453 349 2536 403 ΕΤ
2580 348 2995 405 ΒΟἱῙιΜᾹἹῚΕᾺ.

3472 344 3576 400 550

341 479 619 538 Christum
646 479 845 535 electos
867 478 1088 548 angelos
1108 475 1448 543 nominavit;
1475 475 1656 528 dicant
1684 472 1904 543 quinam

2027 471 2098 521 τὸν
2131 469 2359 539 Χριστὸν
2379 468 2502 531 τοὺς
2529 466 2817 529 ἐκλεκτοὺς
2844 463 3130 533 ἀγγέλους,
3158 459 3470 522 εἰπάτωσαν
3492 463 3581 523 τίς

341 591 408 628 ex
434 573 540 631 illis
562 573 815 629 omnibus
830 570 1076 625 Trinitati
1104 567 1480 639 adjungendus
1502 566 1610 622 sit?
1632 562 1743 620 Nec
1762 564 1906 618 enim

345 682 536 723 omnes
564 682 708 722 unus
742 673 870 720 sunt
894 678 1143 718 numero.
1176 663 1283 715 Aut
1310 660 1436 732 quis
1486 659 1702 714 illorum
1730 657 1783 711 in
1815 672 1908 711 co—

346 759 546 814 lumbae
575 758 756 829 specie
780 758 831 811 in
866 755 1158 812 Jordanem
1203 752 1520 809 descendit?
1566 750 1700 806 Nam
1742 749 1908 805 millia

347 852 577 907 millium
627 861 678 906 et
741 850 919 906 decies
952 847 1147 903 millies
1189 845 1328 902 dena
1378 844 1547 899 millia
1600 842 1914 897 ministrant

347 944 398 998 ei
434 944 501 998 ⁷³.
552 940 648 998 Vel
675 959 845 1013 quare
887 942 1040 997 caelis
1088 939 1290 1011 apertis
1338 953 1448 993 non
1487 938 1690 993 dictum
1718 945 1819 999 est,
1848 932 1914 986 Et

350 1034 630 1089 descendit
675 1034 873 1105 aliquis
920 1050 987 1089 ex
1046 1031 1233 1088 electis
1275 1031 1500 1101 angelis,
1532 1029 1647 1095 sed,
1678 1025 1912 1096 Spiritus

351 1128 609 1183 sanctus?
644 1127 735 1183 Vel
783 1141 952 1196 quare
998 1126 1112 1196 ipse
1143 1125 1406 1180 Dominus
1439 1123 1505 1177 de
1558 1121 1663 1175 ﬁne
1701 1131 1907 1187 tempo-

350 1237 472 1276 rum
501 1236 623 1276 cum
656 1218 935 1289 discipulis
963 1218 1258 1282 disserens,
1296 1214 1462 1285 528
1496 1211 1749 1266 distincte
1789 1211 1865 1264 ait
1894 1224 1908 1261 :

355 1333 374 1364 ι
403 1313 575 1385 Mittet
607 1310 776 1366 Filius
803 1309 1038 1364 hominis
1060 1309 1278 1379 angelos
1309 1304 1554 1362 suos"?i
1584 1302 1715 1357 ltcm
1741 1311 1791 1356 et
1818 1317 1915 1354 an-

352 1413 438 1461 tea
467 1404 666 1459 dictum
714 1401 933 1457 fuerat:
973 1418 993 1453 ι
1032 1400 1221 1472 Angeli
1271 1397 1655 1454 ministrabant
1694 1394 1745 1449 ei
1781 1393 1848 1446 ⁷³.
1888 1412 1909 1446 ι

354 1496 558 1551 Iterum
591 1510 808 1565 quoquc
835 1493 971 1549 dixit
1023 1511 1035 1547 :
1067 1512 1085 1545 ι
1139 1491 1375 1547 Exibunt
1408 1488 1584 1560 angeli
1616 1488 1682 1541 '".
1727 1507 1745 1539 ι
1776 1486 1914 1541 Cum

352 1601 483 1641 vero
507 1585 785 1656 discipulis
813 1593 1062 1640 sanctum
1105 1583 1368 1653 Spiritum
1408 1582 1582 1642 daret,
1605 1581 1717 1635 ait:
1760 1597 1779 1631 ι
1816 1579 1917 1633 Ac-

353 1677 517 1747 cipite
555 1676 814 1748 Spiritum
854 1686 1101 1733 sanctum
1147 1675 1213 1729 ⁷⁸.
1251 1694 1268 1726 ι
1310 1673 1524 1729 Rursus
1565 1682 1766 1728 etcum
1793 1686 1916 1727 eos-

353 1769 477 1824 dem
510 1768 577 1824 ad
616 1769 1014 1840 praedicandum
1057 1766 1244 1822 misit:
1278 1785 1296 1818 ι
1321 1764 1545 1830 Euntes,
1579 1764 1776 1834 inquit,
1827 1762 1916 1817 do-

353 1870 471 1916 cete
491 1876 681 1916 omnes
712 1870 919 1931 gentes,
974 1859 1314 1929 baptizantes
1347 1873 1442 1913 eos
1479 1857 1533 1913 in
1566 1858 1785 1913 nomine
1813 1855 1918 1911 Pa-

357 1952 456 2009 tris
505 1962 558 2008 et
593 1951 714 2007 Filii
744 1964 797 2008 et
843 1952 1076 2022 Spiritus
1107 1951 1362 2006 sancti".
1393 1970 1414 2003 ι
1445 1947 1555 2005 Nec
1578 1949 1721 2005 enim
1750 1964 1915 2019 ange-

355 2045 468 2100 lum
505 2060 627 2101 eum
667 2045 947 2099 divinitate
975 2043 1274 2114 copulavit,
1308 2056 1485 2113 neque
1535 2056 1637 2097 nos
1674 2039 1778 2096 sibi
1815 2039 1917 2110 ipsi

357 2146 412 2192 et
438 2136 586 2191 Patri
615 2138 669 2191 in
699 2152 756 2191 re
789 2146 968 2191 creata
995 2136 1297 2205 conjunxit,
1327 2135 1421 2189 sed
1471 2133 1525 2188 in
1558 2133 1762 2202 Spiritu
1787 2146 1885 2187 san
1905 2160 1919 2173 -

358 2238 467 2296 cto,
495 2244 654 2299 quem
686 2244 809 2283 cum
859 2228 1217 2298 promitteret,
1249 2241 1359 2281 non
1414 2225 1491 2280 ait
1555 2240 1613 2279 se
1661 2224 1915 2294 angelum

360 2321 595 2386 mittere,
620 2319 712 2375 sed
754 2338 772 2371 ι
811 2318 1074 2389 Spiritum
1100 2318 1345 2373 veritatis
1375 2315 1470 2387 qui
1500 2331 1532 2370 a
1582 2313 1742 2369 Patre
1793 2329 1922 2385 pro-

359 2413 519 2478 cedit,
544 2412 587 2442 ττ
611 2431 629 2462 ι
668 2412 761 2481 qui
782 2412 924 2467 idem
952 2426 1019 2466 ex
1044 2411 1164 2482 ipso
1187 2409 1383 2480 accipit
1412 2415 1467 2463 et
1492 2407 1674 2462 datur.

433 2697 520 2752 l2.
550 2695 764 2767 Moyses
788 2708 1006 2765 quoque
1025 2692 1118 2763 qui
1156 2691 1378 2762 angelos
1407 2665 1626 2758 quidEm
1659 2701 1748 2741 res
1771 2699 1924 2740 crea-

364 2804 450 2848 tas
478 2805 619 2851 esse,
679 2787 937 2857 Spiritum
994 2791 1175 2839 autem
1217 2792 1467 2837 sanctum
1515 2777 1653 2833 Filio
1675 2787 1728 2832 et
1776 2773 1925 2830 Patri

364 2884 715 2953 coniunctum
774 2885 1022 2946 noverat,
1076 2877 1188 2932 Deo
1240 2874 1344 2946 ipsi
1412 2873 1661 2928 dicente:
1699 2890 1717 2923 ι
1759 2869 1923 2933 Vade,

366 2974 596 3031 ascende
642 2973 709 3029 de
763 2971 887 3027 loco
938 2971 1046 3025 isto
1090 2977 1149 3023 tu
1190 2978 1244 3023 et
1288 2965 1522 3038 populus
1576 2972 1702 3018 tuus
1765 2975 1924 3031 quem

366 3064 601 3121 eduxisti
630 3063 698 3118 de
730 3074 871 3117 terra
894 3059 1139 3132 Egypti,
1182 3060 1236 3112 in
1283 3066 1484 3112 terram
1540 3067 1703 3124 quam
1748 3049 1927 3121 iuravi

2012 564 2073 614 ἐκ
2093 560 2307 614 πάντων
2330 559 2531 613 τούτων
2560 558 2748 612 ἐστὶνὸ
2781 558 2847 627 τῇ
2870 555 2942 626 (5)
2986 555 3174 627 Τριάδι
3214 552 3583 622 συντασσόμε-

2011 670 2127 719 veg;
2163 654 2237 705 Οὐ
2282 651 2389 724 γὰρ
2424 651 2488 723 δὴ
2528 651 2728 715 πάντες
2772 648 2852 714 εἷς
2896 650 3000 702 εἰσι
3032 646 3107 718 τῷ
3156 644 3392 719 ἀριθμῷ·
3426 645 3460 715 ἢ
3498 643 3584 706 τίς

2011 745 2186 798 αὐτῶν
2226 746 2373 797 ἐστιν
2410 743 2438 794 6
2476 741 2750 815 κατελθὼν
2780 743 2860 805 εἰς
2893 740 2983 794 τὸν
3043 737 3312 809 Ἰορδάνην
3348 737 3406 788 ἐν
3451 733 3583 787 εἴδει

2012 837 2369 907 περιστερᾶς;
2396 834 2576 887 Χίλιαι
2610 831 2719 905 γὰρ
2747 831 2982 903 χιλιάδες
3012 829 3117 883 εἰσὶ
3141 829 3235 883 καὶ
3266 827 3457 899 μύριαι
3483 842 3584 895 μυ-

2014 927 2192 998 ριάδες
2214 929 2261 980 οἱ
2289 926 2463 979 λειτου
2474 926 2747 996 ργοῦντες.
2771 927 2841 979 Ἢ
2869 924 2957 979 διὰ
2975 924 3048 988 τί,
3084 921 3450 991 ἀνοιγομένων
3472 918 3583 971 τῶν

2011 1019 2286 1092 οὐρανῶν,
2327 1021 2424 1071 οὐκ
2461 1021 2696 1090 εἴρηται,
2743 1019 2851 1070 Ka‘t
2886 1015 3154 1086 κατῆλθεν
3183 1017 3246 1068 ἐκ
3285 1014 3393 1066 τῶν
3425 1011 3583 1066 ἐκλε·

2014 1111 2156 1165 κτῶν
2186 1108 2452 1178 ἀγγέλων,
2482 1107 2638 1174 ἀλλὰ,
2667 1107 2727 1161 τὸ
2764 1107 2988 1177 Πνεῦμα
3012 1106 3074 1159 τὸ
3102 1106 3283 1175 ἆγιον;
3311 1104 3382 1157 Ἢ
3414 1102 3501 1157 διὰ
3528 1101 3583 1156 τί

2013 1204 2171 1267 αὐτὸς
2191 1203 2219 1254 ὁ
2248 1201 2447 1273 Κύριος
2476 1202 2603 1272 περὶ
2634 1200 2730 1271 μὲν
2753 1201 2850 1271 τῆς
2874 1198 3179 1261 συντελείας
3206 1197 3584 1265 διαλεγόμενος

2013 1297 2122 1357 τοῖς
2166 1293 2450 1364 μαθηταῖς,
2479 1291 2797 1345 διαστέλλων
2832 1291 2928 1361 μὲν
2949 1289 3160 1358 ἐλεγενο
3201 1307 3219 1339 ι
3275 1287 3588 1340 Ἀποστελεῖ

2012 1390 2042 1441 ὁ
2074 1387 2200 1451 Υἱὸς
2226 1385 2318 1439 τοῦ
2346 1383 2638 1457 ἀνθρώπου
2689 1385 2814 1447 τοὺς
2862 1382 3123 1452 ἀγγέλους
3157 1380 3320 1434 αὐτοῦ
3348 1397 3363 1446 ;
3414 1399 3432 1431 ι
3472 1379 3587 1433 Καὶ

2014 1481 2119 1553 πρὸ
2149 1479 2351 1533 τούτων
2386 1478 2598 1550 εἴρητο’
2638 1495 2655 1527 ι
2693 1477 2755 1530 Οί
2786 1474 3003 1544 ἄγγελοι
3046 1473 3320 1544 διηκόνουν
3358 1471 3528 1542 αὐτῷ.
3561 1491 3580 1523 ι

2015 1570 2126 1624 Καὶ
2152 1572 2313 1623 πάλιν
2349 1568 2509 1631 αὐτὸς
2529 1567 2707 1637 λέγει’
2747 1585 2765 1617 ε
2814 1564 3211 1630 Ἐξελεύσονται
3239 1564 3286 1615 οί
3308 1560 3580 1630 ἄγγελοι.ι

2015 1666 2140 1727 Τοῖς
2182 1662 2239 1716 δὲ
2297 1658 2565 1732 μαθηταῖς
2617 1659 2790 1723 διδοὺς
2829 1657 2977 1724 ἔλεγε
3045 1674 3063 1706 ι
3098 1654 3303 1708 Λάϐετε
3362 1652 3590 1721 Πνεῦμα

2017 1758 2202 1826 ἅγιον·
2248 1774 2267 1807 ι
2295 1752 2637 1808 ἀποστέλλων
2665 1768 2725 1803 τε
2765 1749 2959 1812 αὐτοὺς
2999 1747 3183 1814 ἔλεγε·
3227 1765 3245 1796 r
3286 1746 3591 1816 Πορευθέν-

2016 1866 2106 1912 τες
2159 1845 2535 1918 μαθητεύσατε
2573 1843 2648 1915 (4)
2691 1842 2869 1895 πάντα
2919 1840 2987 1892 τὰ
3038 1838 3164 1908 ἔθνη
3190 1834 3589 1907 ,βαπτίζοντες

2019 1940 2211 2002 αὐτοὺς
2239 1939 2317 2001 εἰς
2344 1936 2404 1989 τὸ
2427 1936 2595 2005 ὄνομα
2628 1932 2718 1987 τοῦ
2758 1930 2970 2003 Πατρὸς
2991 1970 3005 1994 ,
3051 1928 3146 1982 καὶ
3183 1926 3274 1981 τοῦ
3302 1924 3430 1979 Υίοῦ
3450 1963 3464 1987 ,
3493 1924 3590 1977 καὶ

2019 2032 2111 2086 τοῦ
2146 2031 2299 2100 ἁγίου
2330 2028 2664 2100 Πνεύματος.
2712 2045 2729 2077 ι
2767 2025 2840 2078 Οὐ
2885 2023 2993 2094 γὰρ
3032 2020 3261 2090 ἄγγελον
3296 2017 3589 2071 συνέτασσε

2019 2130 2085 2197 τῇ
2108 2126 2343 2196 θεότητι,
2374 2122 2493 2176 ούδέ
2532 2124 2588 2174 ἐν
2622 2120 2879 2188 κτίσματι
2909 2117 3178 2186 συνῆπτεν
3219 2113 3366 2184 ἡμᾶς
3409 2108 3589 2178 ἐαυτῷ

2020 2234 2078 2270 τε
2102 2217 2196 2269 καὶ
2214 2214 2293 2286 τῷ
2315 2213 2508 2283 Πατρὶ,
2539 2210 2652 2265 ἀλλ’
2683 2211 2738 2263 ἐν
2760 2207 2835 2279 τῷ
2864 2206 3141 2277 Πνεύματι
3168 2203 3244 2275 τῷ
3270 2203 3428 2273 ἁγίῳ,
3450 2202 3593 2272 ὅπερ

2022 2308 2181 2371 αὐτὸς
2210 2304 2672 2374 ἐπαγγελλόμενος
2704 2301 2780 2372 (5)
2810 2300 2909 2352 οὐκ
2936 2298 3155 2368 εἴρηκεν
3191 2295 3418 2367 ἄγγελον
3455 2295 3592 2347 ἀπο-

2025 2399 2280 2463 στέλλειν,
2309 2397 2440 2452 ἀλλὰ
2463 2415 2481 2447 ι
2507 2396 2568 2449 τὸ
2590 2393 2808 2464 Πνεῦμα
2835 2392 2935 2462 τῆς
2966 2388 3239 2459 ἀληθείας,
3267 2388 3295 2441 ὃ
3321 2385 3470 2458 παρά
3494 2384 3594 2438 τοῦ

2024 2493 2235 2562 Πατρὺς
2260 2489 2639 2561 ἐκπορεύεται,
2680 2507 2698 2538 ι
2728 2486 2821 2539 καὶ
2852 2486 2917 2537 ἐκ
2964 2482 3058 2536 τοῦ
3106 2480 3272 2536 αὐτοῦ
3326 2477 3597 2549 λαμϐάνει
3638 2540 3647 2547 ί

2025 2584 2117 2638 καὶ
2152 2582 2369 2635 δίδοται.

2097 2698 2184 2755 l2.
2223 2696 2333 2748 Καὶ
2351 2694 2555 2764 Μωσῆς
2583 2695 2635 2761 γ’
2665 2687 2778 2756 οὖν,
2807 2688 3089 2759 γινώσκων
3131 2688 3257 2751 τοὺς
3306 2685 3403 2757 μέν
3426 2685 3597 2754 ἀγγέ-

2024 2789 2147 2852 λους
2171 2788 2463 2858 κτίσματα,
2494 2782 2550 2836 τὸ
2580 2783 2637 2835 δὲ
2660 2780 2885 2851 Πνεῦμα
2908 2778 2968 2832 τὸ
3002 2778 3156 2847 ἆγιον
3192 2775 3475 2848 ἡνωμένον
3516 2773 3601 2846 τῷ

2026 2880 2140 2951 Υῐῷ
2167 2877 2261 2933 καὶ
2285 2877 2362 2948 τῷ
2390 2876 2585 2948 Πατρὶ,
2623 2873 2875 2943 λέγοντος
2907 2870 3055 2941 αὐτῷ
3091 2867 3186 2922 τοῦ
3209 2866 3377 2921 (5)505-
3424 2886 3445 2919 ι
3485 2868 3599 2920 Πο-

2031 2971 2187 3044 ρεύου
2212 3012 2227 3036 ,
2260 2967 2491 3040 ἀνάϐηθι
2516 2965 2769 3021 ἐντεῦθεν
2797 2964 2860 3017 σὺ
2904 2962 2978 3034 (6)
3009 2962 3100 3015 καὶ
3127 2964 3155 3015 6
3179 2961 3304 3024 λαός
3351 2976 3467 3023 σου,
3503 2958 3601 3022 οὓς

2028 3064 2292 3135 ἐξήγαγες
2324 3063 2387 3114 ἐκ
2418 3064 2520 3131 γῆς
2552 3058 2828 3127 Αἰγύπτου
2867 3058 2944 3118 εἰς
2990 3055 3087 3125 τὴν
3134 3054 3257 3122 γῆν,
3291 3051 3358 3122 ἣν
3404 3051 3598 3120 ὤμοσα

368 3156 666 3220 Abraham,
702 3153 853 3210 lsaac
894 3160 948 3208 et
995 3150 1186 3217 Iacob,
1237 3150 1459 3204 dicens:
1489 3145 1694 3213 Semini
1742 3152 1923 3199 vestro

2027 3155 2103 3227 τῷ
2140 3153 2407 3226 Ἀϐραὰμ,
2433 3152 2527 3206 καὶ
2558 3149 2635 3221 τῷ
2668 3148 2874 3213 Ἰσαὰκ,
2910 3149 3003 3201 καὶ
3025 3146 3102 3217 τῷ
3153 3142 3346 3199 Ἰακὼϐ
3382 3143 3557 3210 λέγων
3581 3158 3597 3170 ·

371 3250 513 3305 dabo
534 3263 651 3303 eam
687 3254 779 3303 :et
817 3247 1026 3301 mittam
1060 3253 1186 3300 ante
1234 3243 1428 3297 faciem
1475 3250 1626 3295 tuam
1673 3240 1924 3310 angelum

376 3358 583 3408 meum,
610 3350 664 3398 et
704 3340 883 3412 ejiciet
902 3338 1267 3394 Chananaenm
1287 3338 1353 3403 7°;
1384 3355 1402 3386 ι
1453 3334 1505 3389 id
1534 3333 1826 3396 recusavit,
1855 3332 1927 3385 ita

369 3433 707 3505 respondens
736 3449 752 3485 :
789 3449 808 3483 ι
839 3429 951 3485 Nisi
980 3430 1095 3501 ipse
1128 3426 1491 3499 proﬁciscaris
1522 3424 1829 3489 nobiscum,
1860 3436 1931 3476 ne

369 3541 459 3582 me
485 3542 552 3582 ex
572 3524 680 3581 isto
701 3525 822 3580 loco
854 3523 1054 3579 educas
1082 3523 1148 3574 ’9.
1191 3538 1209 3573 ι
1242 3517 1463 3572 Nelebat
1514 3530 1708 3585 nempe
1758 3529 1931 3584 popu-

370 3618 484 3674 lum
514 3635 544 3673 a
568 3633 630 3673 re
669 3624 851 3673 creata
881 3615 1031 3681 duci,
1061 3629 1128 3668 ne
1166 3612 1245 3667 rei
1297 3620 1491 3666 creatae
1540 3608 1720 3679 potius
1768 3620 1933 3675 quam

373 3712 486 3769 Deo
508 3711 748 3766 omnium
779 3706 1029 3764 Creatori
1059 3703 1264 3763 servire
1291 3703 1578 3757 discerent.
1610 3699 1768 3753 Certe
1792 3696 1933 3750 idem

372 3807 464 3860 ille
517 3802 903 3880 qui_angelum
951 3800 1145 3855 ducem
1196 3794 1398 3851 habere
1439 3798 1712 3853 renucrat,
1767 3790 1935 3841 Deum

372 3900 549 3969 ipsum
583 3905 642 3951 ut
669 3896 754 3950 sui
784 3894 891 3948 dux
934 3899 1081 3948 esset
1125 3887 1357 3959 rogavit.
1411 3882 1568 3950 Quod
1602 3898 1728 3936 cum
1788 3885 1934 3934 Deus

373 3988 646 4060 pollicitus
713 3985 816 4055 ipsi
866 3979 1254 4052 responderit:
1296 3995 1315 4026 ι
1368 3973 1436 4030 Et
1490 3973 1633 4029 istud
1707 3971 1931 4026 verbum

376 4091 552 4145 tuum,
605 4077 748 4148 quod
806 4077 1018 4130 locutus
1067 4063 1146 4135 es',
1182 4068 1376 4123 faciam
1423 4083 1437 4119 :
1489 4064 1740 4120 invenisti
1787 4063 1932 4117 enim

378 4172 606 4242 gratiam
635 4183 817 4223 coram
871 4180 978 4231 me,
1032 4172 1087 4218 et
1135 4161 1259 4216 novi
1289 4169 1340 4214 te
1373 4174 1482 4231 pra:
1516 4156 1871 4213 omnibus”:
1908 4174 1926 4207 ι

374 4277 497 4316 cum
529 4260 655 4314 item
684 4258 807 4314 inde
831 4257 884 4310 in
914 4255 1054 4310 lsaia
1095 4254 1360 4322 scriptum
1391 4251 1633 4322 legamus
1670 4267 1683 4303 :
1714 4266 1734 4299 ί
1770 4246 1874 4314 Qui
1901 4262 1932 4303 e

2029 3245 2118 3315 Τῷ
2146 3246 2416 3316 σπέρματι
2438 3242 2592 3314 ὑμῶν
2635 3239 2791 3294 δώσω
2822 3240 2990 3310 αὐτήν
3015 3256 3026 3268 ·
3070 3237 3165 3291 καὶ
3217 3233 3600 3288 συναποστελῶ

2029 3338 2135 3409 πρὸ
2167 3335 2452 3409 προσώπου
2487 3351 2579 3387 σου
2613 3334 2700 3386 τὸν
2728 3331 2956 3401 ἄγγελόν
2998 3348 3118 3400 μου,
3152 3328 3246 3382 καὶ
3265 3326 3481 3381 ἐκϐαλεῖ
3508 3324 3602 3378 τὸν

2029 3431 2329 3483 Καναναῖον
2349 3444 2364 3459 ⁸
2401 3446 2418 3479 ι
2458 3427 2800 3496 παραιτεῖται
2835 3423 2911 3493 (7)
2943 3422 3114 3489 λέγων
3137 3438 3150 3451 ·
3189 3437 3208 3470 ι
3237 3420 3300 3472 Εἰ
3330 3418 3406 3489 μὴ
3441 3417 3605 3480 αὐτὸς

2031 3519 2349 3591 συμπορεύῃ
2395 3516 2510 3589 μεθ’
2546 3515 2723 3587 ἡμῶν,
2755 3515 2828 3586 μή
2858 3530 2924 3586 με
2951 3512 3233 3584 ἀναγάγῃς
3260 3508 3530 3562 ἐντεῦθεν.
3574 3525 3595 3558 ι

2031 3615 2142 3666 Οὐκ
2166 3611 2412 3666 ἐϐούλετο
2438 3609 2545 3680 γὰρ
2565 3607 2870 3679 κτίσμα’(8)
2908 3603 3268 3678 προηγεῖσθαι
3311 3601 3405 3655 τοῦ
3444 3599 3599 3660 λαοῦ,

2032 3705 2119 3759 ἶνα
2151 3704 2225 3775 μὴ
2271 3702 2480 3773 μάθωσι
2522 3699 2802 3772 λατρεύειν
2841 3701 2905 3769 τῇ
2956 3698 3131 3751 κτίσει
3174 3694 3325 3766 παρὰ
3364 3693 3456 3746 τὸν
3496 3692 3606 3747 κτί-

2039 3812 2201 3849 σαντα
2224 3795 2294 3846 τὰ
2318 3793 2493 3846 πάντα
2515 3791 2669 3845 Θεόν.
2712 3789 2947 3860 Ἀμέλει,
2970 3788 3057 3841 τὸν
3081 3785 3308 3855 ἄγγελον
3339 3801 3607 3856 παραιτη-

2036 3888 2287 3959 σάμενος,
2316 3883 2615 3957 παρεκάλει
2647 3881 2806 3936 αὐτὸν
2840 3881 2931 3934 τὸν
2959 3880 3089 3933 Θεὸν
3119 3876 3482 3949 καθηγεῖσθαι
3507 3876 3606 3929 αὐ-

2035 3978 2165 4031 τῶν.
2197 3973 2303 4029 Τοῦ
2328 3973 2384 4027 δὲ
2408 3971 2542 4025 Θεοῦ
2570 3968 3033 4040 ἐπαγγειλαμένου
3064 3964 3156 4020 καὶ
3190 3963 3432 4026 εἰπόντος
3468 3962 3607 4034 πρὸς

2038 4067 2198 4121 αὐτόν
2225 4064 2299 4138 (9)
2320 4081 2333 4094 ’
2376 4082 2394 4115 ι
2432 4062 2539 4116 Καὶ
2566 4059 2751 4114 τοῦτόν
2786 4075 2879 4113 σου
2918 4058 3007 4110 τὸν
3034 4055 3192 4125 λόγον
3214 4096 3229 4122 ,
3264 4053 3324 4107 ὃν
3353 4053 3604 4124 εἴρηκας,

2036 4132 2245 4232 ποιήσω
2264 4132 2289 4190 ’⁷
2309 4155 2545 4227 εῦρηκας
2566 4154 2674 4226 γὰρ
2700 4154 2857 4224 χάριν
2885 4148 3110 4204 ἐνώπιόν
3135 4165 3257 4219 μου,
3285 4145 3377 4200 καὶ
3405 4141 3524 4197 οἶδά
3545 4157 3606 4196 σε
3678 4132 3686 4138 ’

2038 4252 2188 4322 παρὰ
2214 4251 2449 4315 πάντας·
2485 4268 2502 4300 ι
2529 4248 2835 4318 γέγραπται
2868 4245 2923 4295 ἐν
2954 4241 3031 4311 τῷ
3068 4238 3297 4308 Ἠσαῖᾳ’
3340 4253 3360 4286 ι
3401 4235 3458 4288 '0
3478 4234 3610 4286 ἁνα-

376 4362 516 4406 terra
543 4349 729 4407 eduxit
748 4356 1019 4420 pastorem
1047 4345 1228 4400 ovium
1257 4342 1391 4398 :ubi
1414 4349 1497 4397 est
1530 4340 1624 4412 qui
1664 4339 1846 4411 posuit
1878 4339 1923 4393 in

2040 4342 2267 4405 ϐιϐάσας
2295 4343 2358 4394 ἐκ
2386 4341 2483 4409 τῆς
2511 4339 2613 4412 γῆς
2636 4338 2725 4390 τὸν
2757 4335 2988 4406 ποιμένα
3015 4331 3123 4385 τῶν
3151 4327 3438 4400 προϐάτων
3459 4342 3472 4354 ·
3502 4322 3607 4375 ποῦ

443 4532 484 4562 τ’
529 4530 662 4582 Dan.
692 4542 788 4585 vn.
823 4525 907 4579 10.
981 4522 1229 4576 "Matth.
1260 4537 1375 4585 xm,
1405 4520 1493 4573 41.

1572 4519 1619 4549 ⁷⁸
1656 4516 1845 4570 Matth.
1872 4534 1943 4582 tv,
1978 4519 2063 4574 11.

2140 4521 2187 4552 τι
2227 4520 2415 4574 Matth.
2448 4534 2568 4579 xm,
2600 4517 2688 4570 £9.
2767 4515 2812 4546 ⁷⁵
2852 4510 3010 4565 Joan.
3041 4526 3132 4573 xx,
3165 4507 3257 4562 22.
3331 4505 3380 4537 "
3415 4502 3607 4558 Matth.

376 4579 807 4665 ιχνιιιξῖθζλί⁷
846 4594 1003 4648 Joan.
1038 4609 1124 4655 xv,
1163 4592 1262 4655 26;
1288 4579 1397 4654 xvi,
1432 4588 1518 4641 14.
1594 4587 1639 4619 ⁷⁸
1680 4586 1851 4642 Exod.
1891 4604 1922 4642 x

2027 4606 2086 4653 tt,
2115 4591 2166 4654 1,
2196 4591 2252 4644 2.
2329 4592 2373 4621 ⁷⁹
2416 4589 2551 4643 ibid.
2590 4587 2679 4640 15.
2754 4585 2799 4616 ⁸⁸
2840 4582 2970 4638 ibid.
3010 4579 3215 4644 17,18.

452 4784 528 4854 (5)
569 4782 660 4854 Sic
685 4778 835 4854 Regii
870 4778 896 4830 1
934 4787 987 4830 et
1017 4776 1074 4841 2,
1250 4772 1422 4854 .Gobl.
1456 4780 1510 4854 et
1540 4770 1773 4825 Felckm.
1815 4773 1927 4840 pri-

376 4845 519 4913 mus.
554 4852 744 4907 Caeteri
770 4845 952 4903 autem
980 4856 1033 4902 et
1064 4846 1215 4907 editi,
1247 4845 1305 4895 ἐν
1326 4846 1414 4913 τῇ,
1448 4852 1552 4913 etc.

815 4899 1313 4997 wFjelclt'in.primus,
1344 4899 1565 4982 Πνεῦμα
1604 4910 1777 4979 ἅγιον,
1815 4911 1929 4973 καὶ,

378 4987 731 5059 πορευθέντες
760 4987 1154 5059 μαθητεύσατε,
1187 4991 1292 5059 et_c.

450 5048 527 5136 is)
570 5048 1181 5136 Sicjiegiusnprimus,
1221 5052 1343 5136 Seg.
1377 5052 1531 5107 Gobl.
1577 5058 1656 5136 ει,
1681 5049 1928 5136 ξθιὲιιιιιζ

376 5118 741 5207 ρνίἰᾖ’“ε,-Α1ἱί
768 5118 819 5207 ej
854 5118 1004 5207 editi,
1032 5118 1533 5207 _é:xaﬁ5t):dpevog:
1585 5119 1718 5207 "id.
1761 5118 1932 5207 £88.“

378 5188 493 5263 i’éi’
513 5188 579 5270 2,‘
615 5201 739 5270 Seg.
772 5197 927 5270 Gobl.
956 5188 1927 5270 Felcktnl'priniusmnnglicx‘llasil‘.

370 5258 581 5337 Οιίὸδί,
611 5258 718 5324 οὐκ
757 5268 975 5340 εἴρηκεν
1023 5258 1817 5340 ἄγγελον-ἀποστέλλεινηάλλά
1836 5336 1846 5340 Α
1868 5258 1933 5340 to

370 5327 617 5407 ngam,
647 5349 777 5403 elc.,
810 5327 903 5392 ubi
935 5327 1713 5407 ιιιπιέιιβειείιηξπεστέλλειν.
1740 5327 1935 5407 caeteri

367 5416 423 5459 et
455 5398 615 5473 editi,
640 5398 917 5471 mendose,
954 5407 1054 5460 οὐκ
1080 5405 1287 5476 εἴρηκε
1327 5401 1549 5476 Πνεῦμα
1583 5398 1929 5476 ἀποστέχειν.

374 5420 423 5459 [ξι
455 5420 603 5473 eam,
640 5420 917 5471 mendose,
954 5423 1054 5460 ουκ
1096 5420 1284 5476 ειρηκε
1327 5420 1468 5456 ιινευ
1515 5420 1549 5453 o.
1590 5420 1926 5468 αποστεχειν.

374 5478 501 5532 Mox
529 5477 840 5535 tbid.-Gobl.
873 5487 928 5530 et
950 5475 1186 5529 Fclckm.
1210 5420 1682 5543 primus,i‘ll_egius
1695 5470 1926 5537 primus,

380 5546 915 5618 δεκαέξ-,κπαρεύεται
947 5545 1041 5598 καὶ
1068 5547 1134 5618 ἐκ
1175 5537 1269 5596 τόῦ
1299 5541 1460 5618 αὑτοῦ
1508 5537 1793 5618 λαμϐἁνᾳεῇ
1825 5547 1933 5591 etc.

378 5618 431 5672 in
451 5607 579 5672 ’δοῦ
604 5656 617 5670 .
649 5607 713 5670 σι’
738 5615 984 5683 Feckm.
1013 5615 1186 5683 primo
1219 5613 1311 5666 καί
1344 5614 1503 5683 deest
1541 5607 1664 5683 post
1683 5607 1928 5683 _8i80~ra_t.

375 5688 730 5757 Anglicanus,
752 5672 1134 5757 ἐκπορεύεται.
1170 5672 1620 5757 ΚαίΜωῦσῇςᾟφ
1649 5672 1741 5757 οὖν
1774 5676 1936 5744 γινώ-

378 5750 544 5811 σκῶν.
572 5754 765 5817 Galeri
792 5763 844 5807 ct
882 5750 1031 5816 editi,
1064 5751 1436 5825 ἐκπορεύεται.
1482 5750 1591 5802 Καὶ
1621 5751 1931 5816 γικώσκων,

2033 4783 2137 4859 etc.
2166 4771 2304 4827 Ibid.
2329 4770 2492 4841 Regii
2520 4769 2544 4822 1
2583 4777 2638 4824 et
2661 4767 2717 4836 2,
2745 4766 2895 4839 Seg.,
2920 4764 3213 4837 κτίσματα.
3244 4761 3349 4816 Alii
3370 4769 3425 4817 et
3452 4760 3610 4824 editi,

2033 4859 2379 4997 ῗᾚξςιαέεεη
2416 4909 2648 4963 ἐνταῦθα
2684 4909 2772 4976 σύ,
2805 4918 2906 4964 etc.
2943 4906 3065 4961 Mox
3093 4902 3374 4968 Ottobon.,
3412 4903 3478 4954 ἐκ
3508 4899 3612 4970 τῆς

2032 4985 2442 5122 “Erginum
2459 5051 2632 5106 codex
2654 5049 2875 5122 Regius,
2896 5047 3047 5117 Seg.,
3064 5039 3609 5122 napattei‘ca-t‘._§9bl.

2033 5131 2088 5178 et
2111 5111 2357 5178 ‘Felckm.
2389 5123 2628 5192 primus,
2661 5111 2943 5192 Ottobon.,
2972 5111 3322 5192 Ἰιιεαραίτεῖτο.
3375 5111 3613 5192 Εὐξιὶ-ιξι

2033 5193 2154 5266 alii_,
2176 5179 2552 5266 παρῃτήσατο.
2586 5179 2708 5245 Mox
2756 5179 2960 5266 Regius
3012 5179 3401 5266 primus_,_§pg.
3433 5179 3608 5266 ﬁam.

2032 5271 2087 5319 et
2114 5250 2353 5318 Felclin'i.
2382 5250 2614 5330 'primus,
2667 5250 2988 5331 συμπόρεύῃ
3013 5250 3094 5311 ἰιι
3125 5265 3178 5311 et
3204 5250 3376 5308 LXXI
3420 5250 3525 5305 Alii
3558 5260 3615 5303 et

2033 5333 2180 5404 editi,
2218 5349 2281 5404 συ
2291 5332 2596 5404 μτεορεύσῃ.

2107 5389 2200 5527 (8)ι
2226 5389 2318 5458 Sic
2347 5389 2502 5482 Regii
2536 5389 2575 5455 Γ
2600 5408 2656 5455 et
2684 5399 2739 5463 2,
2779 5398 2906 5470 Seg.
2940 5396 3111 5477 Basil.
3130 5395 3414 5476 Anglican.
3451 5389 3612 5471 Gobl.

2107 5473 2163 5527 :lc
2205 5489 2279 5526 ιιι.
2324 5487 2558 5527 prunus.
2610 5469 2867 5525 Ottobon.
2920 5467 3116 5521 Caneri
3174 5474 3227 5519 et
3270 5464 3442 5527 editi,
3501 5476 3612 5513 κτι-

2038 5464 2279 5527 Feickm.
2324 5464 2558 5542 primus,
2610 5464 2880 5525 Ottobon:
2920 5466 3116 5521 Caneri
3174 5464 3231 5519 et
3270 5464 3442 5527 editi,
3501 5464 3616 5513 κτί-

2039 5559 2435 5745 ῑῖξὶῖαῖὶοεὶιιε
2456 5612 2491 5665 2
2523 5622 2576 5666 et
2604 5610 2846 5666 Felckm.
2875 5608 2931 5675 2,
2964 5622 3088 5662 cum
3132 5603 3313 5671 editis,
3352 5601 3490 5673 πρὸς
3514 5599 3611 5699 a6.-
3648 5610 3653 5619 '

2100 5699 2128 5734 υ
2169 5720 2182 5734 .

2034 5699 2182 5735 τους.
