3914 6222
313 292 408 352 561

1429 296 1773 352 EPISTOLA
1810 296 1830 350 ἱ
1869 297 1959 351 ΑΙ)
1998 294 2449 353 ΞΕΒΑΙΊΟᾸΕΜ.

3432 282 3552 358 "sos

314 436 459 489 ἔστιν
484 432 515 487 6
540 432 653 498 θεὶς
681 436 739 487 ὲν
758 436 936 499 αὐτοῖς
959 437 1018 489 τὸ
1048 437 1268 508 Πνεῦμα
1299 438 1358 490 τὸ
1386 438 1535 506 ἅγιον
1561 479 1574 501 ,
1606 441 1633 491 6
1674 439 1881 508 ἀναγα-

1990 440 2121 510 ipsis
2152 440 2413 510 Spiritum
2459 448 2731 505 sanctum,
2778 441 2871 511 qui
2922 440 3140 513 Moysen
3188 442 3408 499 dextera
3460 443 3553 500 de-

313 523 421 592 γὼν
461 522 575 596 (10)·
608 526 674 595 τῇ
708 522 855 595 δεξιᾷ
879 527 1113 597 Μωσῆν;
1154 546 1172 578 ι
1215 527 1306 579 καὶ
1350 528 1464 598 μετ’
1515 527 1669 596 ὀλίγα
1716 529 1879 599 φησί’

315 636 333 668 ι
366 616 587 686 Κατέδη
608 614 830 687 Πνεῦμα
856 618 1006 689 παρὰ
1030 619 1231 690 Κυρίου
1254 621 1348 672 καὶ
1366 617 1646 690 ὡδήγησεν
1666 619 1883 684 αὐτούς.

312 706 495 771 υῦτως
530 708 736 778 ήγαγες
777 708 869 760 τὸν
913 707 1040 761 λαόν
1093 727 1184 762 σου
1246 710 1475 782 ποιήσας
1520 709 1631 780 (Ἠ)
1678 710 1885 781 σεαυτῷ

310 799 479 870 ὄνομα
500 799 657 871 δόξης
675 817 688 829 ·
721 818 739 851 ι
766 800 847 863 τίς
869 800 933 853 ὲκ
956 800 1157 854 τούτων
1178 802 1237 854 οὐ
1265 803 1465 874 συνορᾷ
1484 802 1581 874 τὴν
1607 802 1883 874 ἁλήθειανς

313 888 417 942 Τοῦ
452 889 562 959 γὰρ
587 890 720 943 Θεοῦ
752 891 1218 962 ἐπαγγειλαμένου
1250 893 1627 964 καθηγεῖσθαι,
1654 894 1762 947 ἰδοὺ
1786 895 1886 947 οὐκ

310 982 391 1036 ἔτι
424 981 652 1052 ἄγγελον
680 982 1069 1051 ἐπαγγέλλεται
1111 983 1368 1054 πέμπειν,
1402 984 1537 1037 ἀλλὰ
1574 984 1637 1037 τὸ
1662 985 1886 1057 Πνεῦμα

313 1072 498 1136 αὑτοῦ,
535 1073 563 1125 ὃ
607 1074 752 1126 ἐστιν
784 1072 922 1143 ὑπὲρ
950 1074 1075 1137 τοὺς
1102 1072 1365 1141 ἀγγέλους
1387 1114 1402 1139 ,
1448 1075 1542 1128 καὶ
1581 1075 1713 1128 αὐτὸ
1756 1074 1890 1129 καθ-

312 1163 617 1236 ηγοῦμενόν
659 1165 775 1217 ἐστι
802 1163 897 1217 τοῦ
925 1162 1076 1219 λαοῦ.
1105 1164 1216 1217 Καὶ
1242 1164 1532 1230 δείκνυται,
1561 1166 1642 1219 ὄτι
1685 1166 1744 1219 οὐ
1778 1165 1888 1220 τῶν

314 1257 649 1328 κτισμάτων,
684 1253 803 1309 οὐδὲ
824 1254 1052 1324 ἄγγελός
1087 1257 1203 1308 ἐστι
1224 1256 1284 1309 τὸ
1306 1256 1559 1328 Πνεῦμα,
1607 1256 1739 1309 ἀλλὰ
1778 1256 1887 1310 ἄνω

312 1349 411 1419 τῆς
454 1346 687 1410 κτίσεώς
733 1349 879 1402 ἐστιν
916 1347 1064 1420 (12),
1108 1348 1385 1419 ἡνωμένον
1424 1351 1491 1420 τῇ
1537 1347 1748 1420 θεότητι
1792 1347 1884 1403 τοῦ

311 1438 549 1511 Πατρός.
586 1437 753 1502 Αὐτὸς
781 1439 889 1511 γὰρ
913 1442 939 1492 ὁ
969 1439 1099 1501 Θεὸς
1123 1439 1211 1492 διὰ
1249 1438 1343 1491 τοῦ
1387 1440 1559 1508 Λόγου
1617 1441 1674 1493 ὲν
1721 1441 1888 1494 Πνεῦ-

314 1547 443 1598 ματι
474 1528 767 1602 καθηγεῖτο
798 1530 892 1582 τοῦ
938 1529 1101 1582 λαοῦ·
1130 1530 1251 1584 ὅθεν
1290 1530 1383 1584 καὶ
1426 1530 1514 1584 διὰ
1568 1532 1745 1601 πάσης
1788 1532 1889 1600 τῆς

310 1623 350 1674 Γ
357 1622 538 1693 ραφῆς
578 1639 758 1693 φησιν·
798 1641 815 1673 ι
861 1620 1000 1692 Ἐγὼ
1030 1623 1302 1694 ἀνήγαγον
1352 1621 1463 1694 (i3)
1497 1623 1640 1694 ὑμᾶς
1687 1625 1750 1675 ἐκ
1787 1624 1888 1694 γῆς

311 1712 587 1781 Αἰγύπτου
610 1730 623 1743 ·
682 1714 956 1784 μάρτυρες
1024 1713 1181 1784 ὑμεῖς
1213 1716 1357 1778 ὲστε,
1405 1716 1452 1766 εἰ
1478 1713 1607 1778 Θεὸς
1638 1709 1706 1785 ἦν
1738 1712 1890 1767 ἀλλό-

1985 535 2142 589 duxit
2192 534 2313 586 “'Pr
2373 543 2427 589 et
2475 534 2637 604 paulo
2676 542 2838 604 post:
2875 533 3195 590 «Descendit
3232 535 3469 606 Spiritus
3520 555 3549 590 a

1988 626 2218 681 Domino
2245 635 2297 681 et
2325 627 2518 681 ductor
2539 626 2754 682 illorum
2786 625 2909 683 fuit.
2946 625 3036 681 Sic
3059 626 3262 683 duxisti
3290 627 3548 698 populum

1987 727 2162 779 tuum,
2220 728 2279 773 ut
2319 717 2524 774 faceres
2572 718 2670 774 tibi
2703 733 2902 773 nomen
2946 718 3131 790 gloriae
3160 717 3240 770 ⁸¹ι
3279 737 3299 770 ›
3326 720 3449 788 quis
3484 734 3551 774 ex

1986 807 2072 864 his
2103 808 2384 863 veritatem
2411 824 2520 863 non
2546 809 2840 880 perspicit?
2869 807 3008 864 Nam
3031 824 3153 864 cum
3187 806 3332 864 Deus
3363 824 3423 864 se
3451 809 3553 864 du-

1988 908 2102 954 cem
2139 900 2322 970 populi
2350 899 2465 955 fore
2491 906 2636 957 esset
2675 900 2971 971 pollicitus,
3000 915 3126 956 ecce
3178 915 3287 955 non
3313 899 3426 971 jam
3454 915 3553 953 an-

1987 988 2186 1058 gelum,
2222 988 2315 1042 sed
2342 1003 2499 1043 suum
2520 986 2805 1058 Spiritum,
2825 989 2917 1059 qui
2937 988 3143 1058 angelis
3175 988 3425 1059 superior
3447 995 3550 1051 est,

1987 1077 2267 1132 ductorem
2320 1077 2505 1148 populi
2565 1093 2625 1135 se
2675 1079 2974 1135 missurum
3031 1078 3323 1150 promittit.
3372 1077 3553 1145 Quare

1987 1174 2136 1238 patet
2173 1167 2436 1237 Spiritum
2474 1184 2583 1223 non
2638 1184 2703 1224 ex
2753 1170 2917 1227 rebus
2951 1170 3149 1227 creatis
3178 1186 3356 1241 neque
3386 1185 3554 1242 ange-

1988 1260 2100 1315 lum
2124 1276 2266 1325 esse,
2292 1260 2388 1316 sed
2417 1261 2581 1318 rebus
2605 1263 2865 1318 omnibus
2907 1263 3104 1319 creatis
3137 1263 3473 1334 superiorem
3499 1270 3554 1319 et

1988 1350 2163 1406 Patris
2216 1351 2488 1406 divinitati
2537 1353 2888 1424 conjunctum
2947 1369 3088 1410 esse.
3141 1353 3388 1425 Namque
3438 1354 3554 1424 ipse

1990 1443 2132 1498 Deus
2189 1458 2285 1514 per
2326 1442 2562 1500 Verbum
2612 1445 2666 1499 in
2731 1446 2937 1516 Spiritu
2992 1448 3253 1517 populum
3287 1448 3551 1510 ducebat;

1990 1536 2133 1591 unde
2182 1552 2277 1606 per
2303 1545 2471 1591 totam
2513 1536 2848 1608 Scripturam
2895 1547 3163 1594 testatur:
3202 1558 3222 1592 ‹
3249 1538 3363 1610 Ego
3390 1538 3554 1594 eduxi

1991 1642 2087 1681 vos
2108 1625 2175 1681 de
2210 1634 2351 1681 terra
2375 1624 2595 1697 Egypti
2626 1642 2637 1677 :
2666 1634 2830 1682 testes
2858 1643 2954 1683 vos
2978 1629 3133 1695 estis,
3165 1629 3208 1684 si
3248 1627 3392 1683 Deus
3417 1629 3551 1682 alie-

1991 1731 2094 1771 nus
2117 1714 2310 1770 eratin
2334 1715 2486 1770 vobis
2516 1728 2713 1787 praeter
2752 1732 2838 1771 me
2855 1716 2921 1770 ⁸³.
2958 1736 2976 1768 ι
3009 1716 3196 1772 Sancti
3231 1733 3448 1788 quoque
3479 1710 3552 1773 ita

309 1821 459 1876 τριος
484 1806 541 1856 ὲν
575 1804 701 1875 ὑμῖν
725 1802 860 1875 πλὴν
883 1801 1037 1874 ἐμοῦ.
1084 1825 1100 1856 ι
1138 1805 1247 1858 Καὶ
1293 1806 1341 1858 οἱ
1369 1804 1514 1874 ἆγιοι
1546 1803 1602 1856 δὲ
1632 1784 1884 1876 τέροσιρω⁴

1990 1804 2099 1862 Deo
2142 1806 2481 1879 loquuntur:
2516 1784 2539 1859 ἱ
2590 1807 2872 1863 Deduxisti
2924 1808 3067 1864 sicut
3108 1784 3263 1865 oves'
3289 1784 3553 1880 populum

309 1895 461 1950 νοῦσι
491 1896 570 1968 τῷ
596 1895 713 1967 Θεῷ
736 1912 750 1927 ο
796 1915 813 1948 ι
867 1897 1164 1968 Ὠδήγησας
1213 1896 1287 1960 ὡς
1320 1896 1566 1969 πρόϐατα
1612 1897 1701 1949 τὸν
1758 1897 1883 1951 λαόν

311 2005 406 2042 σου
431 2007 446 2021 ·
478 2009 496 2042 ι
515 1990 631 2051 καὶ,
657 2008 675 2041 ι
699 1988 987 2061 Ὠδήγησεν
1017 1988 1211 2052 αὐτοὺς
1235 1987 1434 2060 Κύριος
1452 1989 1537 2042 ἐπ’
1556 1988 1727 2042 ἐλπίδι
1748 1988 1881 2060 (Ἠ),

311 2083 404 2136 καὶ
437 2083 540 2136 οὐκ
577 2082 898 2138 ὲδειλίασαν.
949 2102 967 2134 ι
1007 2081 1193 2153 Τούτῳ
1224 2081 1317 2135 καὶ
1365 2080 1454 2133 τὸν
1500 2079 1665 2151 ὕμνον
1700 2081 1885 2134 ἀνατι-

310 2174 467 2228 θέασι
496 2173 773 2244 λέγοντες·
812 2192 830 2225 ι
873 2172 962 2244 Τῷ
993 2173 1301 2242 διαγαγόντι
1338 2173 1427 2227 τὸν
1468 2172 1593 2226 λαὸν
1639 2172 1801 2226 αὐτοῦ
1828 2175 1885 2225 ἐν

310 2268 374 2336 τῇ
412 2266 628 2337 ἐρήμῳ,
651 2265 734 2318 ὅτι
760 2266 838 2329 είς
860 2265 950 2318 τὸν
985 2264 1157 2318 αἰῶνα
1180 2263 1241 2315 τὸ
1267 2262 1413 2326 ἔλεος
1435 2262 1618 2315 αὐτοῦ.
1652 2281 1670 2313 ι
1728 2261 1785 2315 ⁸0
1828 2262 1885 2315 δὲ

315 2357 491 2428 μέγας
536 2357 742 2428 Μωσῆς
778 2355 1013 2426 συνεχῶς
1050 2355 1313 2425 διηγεῖται
1362 2353 1503 2425 (15)ο
1561 2371 1577 2403 ι
1615 2352 1818 2423 Κύριος
1857 2352 1886 2405 ό

312 2449 443 2514 Θεὸς
477 2451 507 2501 6
556 2449 1026 2521 προπορευόμενος
1065 2447 1172 2520 πρὸ
1210 2445 1500 2518 προσώπου
1536 2445 1706 2516 ὑμῶν.
1755 2465 1771 2496 ι
1812 2445 1887 2499 Τὸ

313 2541 420 2613 ἄρα
453 2541 547 2595 τοῦ
576 2540 710 2595 Θεοῦ
740 2540 961 2611 Πνεῦμα
989 2540 1088 2593 οὐκ
1119 2539 1183 2593 ἂν
1216 2541 1300 2609 εἴη
1338 2539 1583 2607 ἄγγελος,
1621 2537 1741 2591 οὐδὲ
1773 2535 1888 2589 κτί-

315 2652 447 2702 σμα,
478 2633 594 2687 ἀλλ’
626 2632 753 2687 ἴδιον
780 2633 876 2702 τῆς
897 2630 1148 2703 θεότητος
1196 2628 1379 2685 αὑτοῦ.
1429 2629 1535 2683 Τοῦ
1572 2629 1680 2700 γὰρ
1725 2627 1888 2682 Πνεῦ-

317 2742 487 2796 ματος
525 2725 675 2789 ὄντος
706 2726 764 2778 ὲν
791 2723 869 2794 τῷ
895 2721 1029 2794 λαῷ,
1059 2724 1087 2777 6
1107 2722 1236 2785 Θεὸς
1264 2722 1328 2775 δι’
1354 2721 1486 2774 Υἱοῦ
1520 2723 1577 2776 έν
1610 2719 1887 2792 Πνεύματι

315 2811 382 2888 ἦν
409 2818 469 2870 ὲν
497 2817 702 2880 αὐτοῖς.

388 2911 476 2966 15.
523 2910 660 2964 Ἀλλ’
687 2909 824 2963 ἔστω
850 2907 1041 2972 ταῦτα,
1069 2906 1199 2978 φασὶ
1229 2907 1319 2959 καὶ
1352 2906 1503 2959 αὐτοί
1528 2922 1541 2936 ·
1585 2904 1672 2960 διὰ
1706 2904 1757 2957 τί
1794 2900 1885 2958 οῦν

314 3002 345 3054 6
403 2999 727 3063 Ἀπόστολος
760 2998 899 3069 μετὰ
954 2997 1046 3051 τὸν
1090 2994 1321 3067 Χριστὸν
1379 2996 1477 3048 οὐκ
1536 2993 1783 3064 ὠνόμασε
1828 2993 1889 3046 τὸ

1983 1909 2135 1955 tuum
2169 1899 2267 1953 ⁸⁸.»
2294 1899 2393 1955 Et:
2419 1920 2437 1952 ι
2472 1899 2700 1956 Deduxit
2723 1916 2820 1957 eos
2842 1900 3108 1958 Dominus
3139 1903 3193 1956 in
3228 1918 3344 1973 spe,
3369 1912 3422 1957 et
3443 1918 3554 1956 non

1983 1994 2365 2050 timuerunt”.
2399 2014 2418 2047 ι
2452 1993 2593 2052 Iluic
2655 1995 2829 2050 eidem
2883 1997 3143 2067 hymnum
3190 1994 3425 2050 oﬂ‘erunt
3457 1996 3553 2065 qui

1985 2085 2140 2137 aiunt
2178 2101 2191 2137 :
2229 2102 2249 2135 ι
2272 2082 2374 2150 Qui
2402 2084 2641 2140 traduxit
2662 2085 2920 2155 populum
2952 2101 3113 2140 suum
3144 2100 3236 2155 per
3256 2086 3552 2152 desertum,

1984 2174 2243 2245 quoniam
2278 2175 2334 2230 in
2402 2178 2663 2232 saeculum
2724 2177 3099 2233 misericordia
3160 2178 3359 2247 ejus“.
3394 2196 3411 2230 ι
3444 2177 3558 2233 Ma-

1984 2281 2124 2338 gnus
2170 2281 2301 2321 vero
2355 2256 2568 2339 Moyses
2613 2268 2905 2325 identidem
2952 2270 3195 2341 repetit:
3234 2288 3253 2320 ι
3291 2269 3556 2325 Dominus

1985 2354 2129 2411 Deus
2155 2357 2248 2426 qui
2296 2358 2450 2427 praeit
2496 2368 2622 2413 ante
2677 2357 2871 2415 faciem
2930 2368 3167 2415 vestram
3202 2360 3268 2416 ⁸⁷.
3295 2379 3314 2413 ι
3369 2361 3557 2430 Itaque

1986 2448 2081 2503 Dei
2112 2449 2348 2518 Spiritus
2377 2466 2483 2505 non
2519 2459 2603 2507 est
2629 2452 2855 2522 angelus
2891 2467 3068 2520 neque
3116 2468 3203 2507 res
3234 2461 3435 2516 creata,
3460 2451 3555 2508 sed

1987 2540 2106 2609 ejus
2144 2540 2441 2596 divinitatis
2472 2550 2555 2596 est
2594 2541 2867 2611 proprius.
2908 2539 3041 2595 Nam
3067 2557 3191 2596 cum
3220 2540 3457 2612 Spiritus
3498 2540 3554 2595 in

1988 2631 2189 2700 populo
2223 2641 2389 2699 esset,
2422 2630 2565 2686 Deus
2596 2648 2692 2701 per
2719 2631 2916 2686 Filium
2948 2632 3002 2705 in
3035 2631 3239 2705 Spiritu
3268 2633 3323 2688 in
3360 2633 3552 2689 iisdem

1987 2731 2124 2776 erat.

2060 2898 2147 2954 {5.
2191 2899 2389 2955 Verum
2419 2900 2532 2955 haec
2560 2900 2633 2954 ita
2657 2900 2784 2966 sint,
2817 2901 3073 2972 inquiunt
3106 2901 3184 2957 illi
3218 2918 3231 2954 :
3263 2917 3363 2957 cur
3386 2902 3556 2972 igitur

1990 2991 2282 3063 Apostolus
2316 3002 2439 3062 post
2465 2992 2767 3058 Christum,
2800 3009 2910 3048 non
2941 2994 3201 3064 Spiritum
3233 2993 3395 3065 529
3425 3011 3554 3050 san~

317 3091 543 3163 Πνεῦμα
574 3090 635 3144 τὸ
668 3090 845 3158 ἅγιον,
872 3087 1006 3142 ἀλλὰ
1027 3089 1151 3152 τοὺς
1181 3085 1468 3148 ἐκλεκτοὺς
1489 3084 1784 3153 ἀγγέλους;
1817 3084 1884 3136 Τὸ

1990 3093 2156 3149 ctum,
2188 3084 2281 3139 sed
2298 3084 2731 3154 electosangelos
2767 3085 3107 3140 nominavit?
3129 3085 3294 3156 Atqui
3317 3085 3457 3141 idem
3487 3087 3554 3140 ab

316 3185 447 3239 αὐτὸ
476 3185 523 3238 δ’
547 3184 611 3236 ἄν
630 3200 711 3248 τις
742 3183 939 3245 αὐτοὺς
971 3180 1284 3253 ἐρωτήσειε·
1317 3177 1416 3231 Διὰ
1438 3177 1492 3231 τί
1521 3176 1596 3247 μὴ
1620 3174 1892 3247 ἀρχαγγέ-

313 3274 464 3342 λους,
483 3272 620 3345 μηδὲ
637 3271 747 3346 (16)
770 3270 1053 3343 χερουεὶμ,
1090 3269 1222 3341 μηδὲ
1247 3268 1487 3338 σεραφὶμ
1506 3306 1519 3328 ,
1554 3265 1690 3336 μηδὲ
1711 3265 1893 3335 κυριό-

314 3384 509 3440 τητας,
537 3365 670 3437 μηδὲ
697 3363 936 3435 θρόνους,
964 3360 1098 3432 μηδὲ
1126 3359 1314 3431 ἕτερόν
1347 3375 1420 3423 τι,
1456 3356 1568 3411 ἀλλ’
1604 3356 1892 3418 ἐκλεκτοὺς

318 3460 518 3532 μόνους
539 3456 806 3526 ἀγγέλους
833 3454 1115 3524 ὠνόμασεν
1147 3453 1175 3504 6
1202 3451 1447 3516 Παῦλος;
1476 3445 1601 3519 'Ap'
1635 3442 1749 3510 οῦν,
1769 3446 1890 3498 ἐπεὶ

319 3553 395 3626 μὴ
427 3550 604 3613 οὕτως
627 3547 929 3619 ὠνόμασεν,
958 3547 1009 3600 oi
1039 3544 1258 3614 ἄγγελοι
1287 3540 1610 3613 ὰρχὰγγελοί
1637 3541 1772 3594 εἰσιν
1790 3579 1805 3604 ,
1850 3540 1882 3610 ἢ

321 3645 469 3715 μόνοι
501 3638 719 3710 ἄγγελοί
760 3641 887 3701 εισι,
916 3637 1011 3691 καὶ
1044 3635 1167 3690 οῦτε
1201 3634 1475 3706 σεραφὶμ,
1516 3631 1549 3703 ἢ
1583 3629 1881 3702 χερουϐὶμ,

316 3736 418 3790 οὐκ
439 3730 791 3805 ἀρχάγγελοι,
820 3729 941 3784 οὐδὲ
967 3727 1306 3799 κυριότητες,
1334 3726 1394 3778 οὐ
1420 3724 1618 3795 θρόνοι,
1655 3723 1755 3775 οὐκ
1788 3723 1884 3793 ἀρ-

317 3829 429 3900 χαὶ,
458 3826 559 3896 οὐχ
602 3822 789 3895 ἔτερόν
817 3840 868 3876 τι
897 3821 1076 3887 ἐστξν;
1115 3819 1274 3873 Ἀλλὰ
1298 3817 1455 3871 τοῦτό
1479 3818 1626 3869 ἐστιν
1645 3814 1887 3883 ἀνάγκην

321 3919 423 3989 μὲν
446 3913 757 3971 ὲπιῦἀλλειν
776 3912 855 3983 τῷ
895 3911 1220 3981 Ἀποστόλῳ,
1250 3910 1336 3964 διὰ
1373 3908 1423 3963 τί
1458 3908 1532 3980 μὴ
1556 3907 1746 3971 οὕτως,
1775 3907 1887 3960 ἀλλ’

316 4009 491 4074 οὕτως
515 4006 771 4080 ἔγραψεν,
807 4006 1017 4074 ἀγνοεῖν
1044 4003 1101 4057 δὲ
1125 4002 1223 4069 τὰς
1251 4001 1396 4064 θείας
1418 3999 1658 4071 Γραφὰς,
1688 4000 1780 4052 καὶ
1804 3999 1889 4052 διὰ

317 4097 478 4153 τοῦτο
505 4094 809 4150 πλανᾶσθαι
836 4094 964 4164 περὶ
994 4094 1106 4165 (ΓΙ)
1138 4092 1234 4164 τὴν
1275 4091 1553 4162 ἀλήθειαν.
1609 4089 1739 4143 Ἰδοὺ
1781 4088 1888 4160 γὰρ

320 4186 474 4260 παρὰ
494 4186 592 4258 μὲν
612 4183 691 4256 τῷ
715 4184 912 4254 Ἦσαῖᾳ
934 4183 1273 4254 γέγραπται*
1304 4200 1321 4232 ι
1348 4178 1731 4252 Προσαγὰγετε
1755 4178 1890 4249 πρὸς

324 4276 530 4351 [amat
552 4277 819 4332 ἀκούσατε
853 4273 1053 4328 ταῦτα·
1101 4276 1213 4329 Οὐκ
1251 4275 1345 4329 ἀπ’
1393 4271 1566 4344 ἀρχῆς
1604 4272 1662 4325 ὲν
1706 4273 1884 4341 κρυφῇ

1990 3176 2097 3230 illis
2116 3175 2309 3230 merito
2336 3176 2460 3246 quis
2485 3177 2790 3233 sciscitetur
2816 3195 2829 3231 :
2850 3176 3028 3243 Quare
3046 3194 3152 3232 non
3173 3178 3551 3248 archangelos,

1987 3282 2161 3337 neque
2177 3267 2676 3340 cherubim,neque
2703 3270 2982 3339 seraphin,
3014 3285 3190 3340 neque
3228 3270 3556 3326 dominatio-

1986 3375 2102 3425 nes,
2124 3375 2300 3430 neque
2333 3360 2580 3428 thronos,
2614 3376 2791 3432 neque
2821 3361 2951 3431 quid
2973 3361 3141 3427 aliud,
3168 3363 3261 3418 sed
3279 3361 3427 3418 solos
3441 3361 3553 3418 ele-

1987 3460 2107 3506 ctos
2124 3451 2343 3519 angelos
2368 3450 2568 3508 Paulus
2592 3454 2932 3510 nominavit?
2950 3454 3090 3508 Num
3117 3467 3269 3524 ergo,
3293 3454 3421 3523 quia
3444 3468 3552 3507 non

1987 3543 2062 3598 ita
2080 3536 2400 3613 nominavit,
2419 3545 2594 3616 angeli
2621 3556 2749 3602 sunt
2769 3548 3218 3619 archangeliﬁaut
3243 3547 3344 3602 soli
3375 3546 3554 3618 angeli

1987 3637 2280 3703 exsistunt,
2310 3637 2553 3708 nullique
2584 3648 2710 3694 sunt
2769 3640 3040 3710 seraphin:
3097 3646 3192 3694 aut
3246 3639 3551 3705 cherubim,

1989 3728 2124 3782 nulli
2168 3727 2479 3799 archangeli
2525 3737 2580 3783 et
2625 3730 3049 3794 dominationes,
3089 3730 3219 3783 nulli
3267 3728 3448 3783 throni
3499 3736 3554 3782 et

1990 3817 2351 3887 principatus,
2392 3818 2531 3872 nihil
2577 3818 2814 3888 denique
2861 3820 3009 3874 aliud
3058 3818 3310 3874 exsistit?
3349 3816 3549 3871 Verum

1953 3909 1959 3915 '
1988 3906 2043 3961 id
2075 3907 2349 3977 inquirere
2380 3908 2513 3961 nihil
2549 3908 2696 3963 aliud
2737 3918 2839 3973 est,
2864 3925 3028 3979 quam
3085 3909 3338 3977 Apostolo
3366 3923 3553 3963 neces-

1988 3998 2201 4053 sitatem
2235 3999 2340 4052 hoc
2381 3999 2464 4053 vel
2493 3998 2586 4053 illo
2612 4001 2772 4053 modo
2802 4000 3073 4055 scribendi
3127 4001 3423 4069 imponere,
3450 4015 3551 4056 nec

1988 4107 2099 4146 non
2132 4090 2342 4147 divinas
2372 4093 2682 4163 Scripturas
2723 4093 2992 4165 ignorare,
3026 4110 3090 4149 ac
3138 4096 3366 4164 proinde
3393 4111 3424 4149 a
3466 4109 3552 4150 ve-

1988 4179 2145 4234 ritate
2173 4180 2447 4237 aberrare.
2490 4181 2628 4237 Ecce
2676 4183 2818 4237 enim
2858 4182 3000 4253 apud
3044 4183 3238 4238 Isaiam
3284 4184 3547 4254 scriptum

1990 4272 2218 4343 legimus
2248 4289 2262 4325 :
2294 4292 2311 4324 ι
2352 4273 2604 4329 Accedite
2628 4273 2695 4328 ad
2731 4289 2819 4329 me
2849 4283 2903 4329 et
2932 4272 3115 4329 audite
3144 4275 3297 4330 haec:
3329 4273 3446 4330 Non
3480 4277 3548 4331 ab

390 4441 433 4475 ”
468 4441 573 4497 lsa.
610 4455 763 4504 LXIII,
796 4440 882 4498 Η,
920 4438 1005 4493 12.
1080 4439 1126 4470 θ’
1157 4438 1285 4491 ἰΜιΙ.
1325 4438 1407 4491 14.
1430 4506 1447 4508 ἐ
1484 4437 1532 4470 ⁸³
1552 4436 1724 4492 Levit.
1749 4452 1821 4499 ιι,
1852 4436 1952 4502 45;
1993 4437 2144 4508 Dent.
2168 4453 2341 4499 xxxii,
2371 4435 2599 4500 39;]sa.
2631 4454 2752 4506 xcv,
2787 4438 2888 4505 21;
2921 4436 3043 4494 Ose.
3078 4440 3267 4508 xm,4.
3337 4438 3383 4472 ⁸⁸
3401 4439 3543 4496 Psal.

320 4527 504 4579 um,
540 4511 629 4565 2|.
705 4510 750 4542 "
790 4510 932 4565 Psal.
965 4524 1166 4571 Lxxvn,
1196 4509 1280 4561 55.

1361 4509 1407 4539 ⁸⁸
1428 4506 1569 4562 Psal.
1602 4523 1800 4572 cxxxv,
1850 4507 1926 4562 l6.
2006 4509 2051 4540 ⁸⁷
2089 4507 2308 4573 Deut.1,
2339 4508 2426 4574 50,
2459 4509 2547 4562 55.

373 4670 505 4759 '(lO)
542 4668 741 4742 Regius
763 4668 993 4740 primus,
1018 4664 1140 4736 Seg.
1161 4665 1317 4720 Gobl.
1341 4677 1393 4719 et
1417 4663 1653 4719 Felckm.
1676 4663 1727 4726 l,
1749 4665 1884 4734 ἀγα-

1991 4666 2195 4759 --Ωὲλ
2217 4664 3543 4759 2.235.?‘735.§"1I?EE‘SWIE‘BE‘E9.03‘ae.‘_F?I?Fﬂ‘

318 4760 507 4881 “an
546 4808 1037 4881 Regiusprimush
1061 4803 1208 4875 Seg.,
1260 4803 1683 4881 maﬁagudbid.
1723 4803 1884 4881 iidem

315 4894 373 4940 et
394 4872 567 4966 'Gg'bl.
599 4872 656 4937 εἷ
687 4872 925 4934 Felckm.
962 4872 1188 4947 primus,
1240 4872 1465 4943 σεαυτῷ.
1506 4872 1609 4928 Alii
1650 4884 1704 4928 et
1735 4875 1883 4940 editi,

317 4957 521 5106 “3290).
546 5020 638 5076 Sic
672 5019 823 5091 Regii
857 5020 881 5074 ‘l
932 5029 986 5073 et
1011 5018 1067 5085 2,
1100 5016 1222 5087 Seg.
1258 5012 1450 5070 Czeteri
1480 5024 1531 5067 et
1563 5014 1691 5067 etliti
1727 5014 1882 5068 ἐστίν

307 5103 702 5232 θτῖἓῗηέὸω.
734 5159 987 5232 Felckm.
1003 5158 1231 5232 primus,
1246 5154 1372 5232 ῥθεν
1389 5152 1478 5207 καί
1502 5170 1663 5231 φησιν
1684 5169 1697 5181 ο
1738 5150 1877 5232 Ἐγὼ

310 5222 753 5303 ἀνήγάγονῳῑο.
781 5230 921 5303 ibid.
959 5222 1118 5283 iidem
1159 5236 1211 5280 et
1245 5225 1446 5303 Regius
1488 5222 1715 5303 primus,
1750 5222 1872 5303 Seg.

312 5293 485 5359 Basi'l.
514 5293 662 5373 ῖέιμᾶς
692 5301 918 5367 addunt,
950 5314 1072 5370 qua:
1102 5312 1208 5351 vox
1237 5297 1304 5350 ab
1333 5293 1457 5348 aliis
1491 5301 1545 5346 et
1589 5293 1746 5346 editis
1779 5296 1874 5346 ab-

307 5382 505 5511 θδῗιι)
545 5442 637 5497 Sic
666 5440 877 5511 Regius,
901 5440 1133 5511 primus,
1166 5433 1291 5505 508-
1325 5431 1605 5511 Af‘glican'
1638 5430 1792 5511 δρψ
1826 5441 1880 5486 ει

316 5500 559 5567 Felckin.
592 5500 823 5582 primus.
856 5500 959 5564 Alii
986 5500 1267 5582 autemet
1303 5500 1432 5582 editi
1459 5516 1647 5582 vocem
1674 5500 1877 5582 Κύριος

314 5572 609 5643 omittunt:
635 5582 937 5650 habentque
980 5581 1037 5631 ὲν
1072 5575 1266 5650 ἐλπίδι.
1293 5572 1481 5650 _Pa_ulo
1513 5579 1761 5650 post‘pro
1792 5572 1875 5624 λέ-

315 5668 527 5718 γοντες,
586 5639 785 5773 ltegius
833 5639 1062 5719 primus,
1112 5646 1236 5718 Seg.
1291 5639 1527 5706 habent,
1562 5639 1868 5709 ψάλλοντες.

316 5720 598 5773 0ttoben..
630 5720 659 5771 λ
703 5736 874 5773 γοντα.

316 5720 598 5782 0ttobon.,
630 5720 689 5773 λέ
703 5736 874 5788 γοντα.

1990 4733 2217 4804 primus.
2246 4733 2381 4789 Mox’
2408 4735 2539 4789 ibid.
2564 4733 2734 4789 iidem
2762 4744 2815 4789 et
2842 4733 2992 4801 Regii
3018 4736 3178 4799 leti,
3204 4736 3352 4803 Seg.,
3372 4736 3543 4807 ὑμῶν.

1984 4806 2087 4886 élii
2117 4813 2172 4886 et
2197 4807 2347 4886 editi,
2367 4803 2694 4886 medim-Item
2727 4806 2898 4886 patth
2922 4816 3060 4886 post,
3088 4805 3290 4875 Regius
3313 4807 3541 4886 primus,

1986 4876 2110 4945 Seg.
2144 4876 2364 4939 habent,
2389 4874 2514 4946 ίάλλξ
2551 4875 2678 4946 ἴδιον
2727 4876 2825 4946 τῆς
2874 4875 3142 4946 θεότητος,
3177 4874 3281 4930 etc.
3326 4874 3396 4929 At
3441 4890 3546 4929 ca:-

1983 4944 2083 5002 teri
2115 4954 2168 4999 ct
2204 4946 2357 5009 editi,
2386 4945 2523 4999 ἀλλὰ
2560 4944 2758 5015 μᾶλλον
2782 4944 2885 5015 τῆς
2910 4944 3182 5015 θεότητος.

2055 5017 2167 5085 (16)
2207 5016 2312 5071 Pro
2353 5015 2487 5087 μηδέ
2516 5012 2571 5087 et
2599 5016 2651 5087 in
2694 5012 3185 5087 sequientib.AGobl.
3210 5023 3273 5087 _et
3302 5012 3540 5087 Felrlrm.

1983 5084 2250 5156 primusﬁ
2283 5084 2503 5140 habent.
2540 5085 2675 5141 Ibid.
2705 5086 2905 5156 Regius
2938 5084 3352 5156 prirnusLchq
3390 5085 3543 5156 ἐκλε-

1984 5154 2142 5221 ᾆιτοὺς
2174 5154 2365 5237 μόνους
2395 5156 2679 5237 ἀγγέλους.
2710 5154 2848 5237 Etli_ti
2868 5169 3013 5237 ~vero
3034 5163 3090 5237 et
3122 5154 3220 5237 allii.
3240 5155 3544 5237 vocentur:-

1982 5244 2103 5289 νους
2134 5223 2409 5280 omittunt.
2448 5226 2571 5281 Mox
2624 5240 2727 5281 vox
2778 5223 2987 5285 Παῦλος
3015 5224 3164 5277 deest
3208 5223 3262 5276 in
3303 5223 3461 5279 Gobl.
3489 5236 3545 5279 et

1982 5295 2217 5351 Felckm.
2257 5297 2310 5357 1,
2342 5297 2432 5364 qui
2466 5297 2627 5350 iidem
2671 5293 2833 5364 paulo
2870 5301 3010 5361 post,
3040 5291 3418 5364 inspiciat;
3448 5295 3544 5364 καὶ

1979 5366 2102 5490 ἓῦτε
2149 5369 2205 5490 at!
2260 5361 2647 5438 προειρημέναι
2673 5361 2944 5432 δυνάμεις
2988 5363 3140 5416 εἰσίν.
3182 5361 3342 5417 Ἀλλὰ
3387 5362 3543 5418 τοῦτό

2011 5455 2114 5490 στι.
2138 5452 2168 5490 e
2194 5453 2243 5490 c.

2011 5455 2114 5500 στι,
2138 5445 2243 5492 etc.

2054 5507 2166 5579 (Π)
2210 5508 2301 5579 Sic
2337 5506 2534 5579 Regius
2563 5505 2792 5579 primus,
2830 5503 2955 5579 Seg.
2993 5503 3308 5579 Alii_autem
3343 5513 3397 5559 et
3429 5503 3545 5557 edi-

1982 5571 2250 5649 ιί,’παρὰ.
2285 5571 2451 5631 Paulo
2481 5571 2603 5645 post
2634 5574 2794 5628 iidem
2831 5571 2958 5628 Reiz.
2996 5583 3049 5630 et
3091 5571 3341 5644 Seguer.,
3373 5589 3544 5646 προσ-

1980 5646 2148 5717 άγαγε
2158 5646 2170 5701 ζ
