3914 6222
438 351 541 404 555

1033 353 1088 434 S.
1131 354 1500 412 ATHANASII
1540 357 1692 412 OPP.
1736 357 1914 413 PARS
1949 359 1989 412 l.
2030 391 2097 401 ——-
2137 359 2505 416 HISTORIGA
2541 361 2628 416 ET
2665 362 3062 419 DOGMATICA
3564 367 3656 423 561

436 461 594 523 initio
626 469 677 543 in
732 469 1054 530 abscondito
1101 474 1314 530 locutus
1357 493 1509 543 sum;
1546 493 1668 530 cum
1717 476 1887 541 ﬁeret,
1927 475 2000 530 ibi

2116 477 2398 547 λελάληκα·
2440 479 2600 549 ἡνίκα
2625 478 2858 548 ἐγένετο,
2877 481 2993 532 ἐκεῖ
3023 480 3194 550 ήμην·
3231 479 3322 543 καὶ
3349 479 3442 544 νῦν
3468 479 3660 552 Κύριος

433 569 584 616 eram
621 579 635 616 :
668 571 721 618 ct
771 579 915 618 nunc
965 564 1228 637 Dominus
1300 566 1448 622 misit
1513 583 1596 620 me
1648 578 1700 622 et
1769 566 2003 636 Spiritus

2116 569 2409 622 ἀπέσταλκέ
2445 586 2532 639 με,
2568 572 2660 624 καὶ¹
2692 570 2752 624 τὸ
2783 571 3008 641 Πνεῦμα
3035 570 3226 623 αὑτοῦ·
3275 589 3293 622 ι
3330 571 3480 642 παρὰ
3501 571 3555 624 δὲ
3588 573 3659 644 τῷ

436 652 555 719 ejus
573 653 638 704 ⁸⁸.
666 672 684 704 r
736 652 802 720 Et
832 654 973 724 apud
1001 657 1252 726 Aggaaum
1290 677 1303 710 :
1340 675 1358 707 ι
1387 657 1451 710 Et
1497 673 1640 712 nunc
1666 657 1997 721 confortare,

434 743 758 810 Siorobabel,
794 747 923 801 dicit
960 746 1242 823 Dominus,
1295 757 1348 802 et
1389 748 1718 809 confortare,
1762 746 1888 803 Jesu
1925 749 1997 802 ﬁli

433 837 685 900 Josedec,
717 837 975 892 sacerdos
1000 854 1211 907 magne,
1246 849 1297 893 et
1322 839 1662 909 confortetur
1684 841 1864 897 omnis
1907 855 2004 911 po-

435 929 624 996 pulus.
658 937 832 992 terrae,
883 929 1015 983 dicit
1067 929 1354 992 Dominus,
1388 941 1442 986 et
1497 933 1686 994 facite,
1747 934 2001 1005 quoniam

435 1032 537 1084 ego
565 1017 844 1073 vobiscum
871 1035 1013 1078 sum.
1049 1020 1178 1074 dicit
1220 1019 1489 1097 Dominus
1530 1023 1893 1092 omnipotens.
1943 1021 2007 1075 Et

440 1104 681 1176 Spiritus
724 1123 880 1164 meus
945 1111 1094 1164 stetit
1167 1111 1218 1165 in
1289 1111 1467 1167 medio
1536 1114 1702 1168 vestri
1726 1113 1793 1166 ⁸³.
1834 1132 1852 1164 ι
1902 1111 2001 1187 Hic

440 1199 582 1266 apud
610 1209 900 1267 utrumque
957 1201 1300 1274 prophetam,
1337 1203 1508 1268 solius
1552 1201 1764 1258 Domini
1791 1211 1842 1257 ct
1877 1203 1998 1274 Spi-

436 1279 577 1344 ritus
611 1289 666 1344 lit
707 1292 911 1344 mentio
954 1309 966 1343 :
1009 1292 1137 1360 quid
1192 1294 1356 1363 igitur
1394 1294 1466 1370 ad
1513 1297 1562 1349 id
1598 1294 1792 1349 dicturi
1837 1297 2002 1349 sunt?

436 1379 572 1433 Nam
604 1381 648 1435 si
669 1397 735 1436 eo
760 1383 902 1452 quod
920 1381 1122 1438 Paulus
1154 1382 1356 1438 Christi
1402 1387 1728 1454 mentionem
1777 1385 2002 1451 faciens,

439 1471 506 1524 de
537 1469 741 1540 Spiritu
771 1473 1020 1538 tacuerit,
1050 1481 1104 1527 et
1130 1474 1426 1549 electorum
1464 1475 1781 1549 angelorum
1810 1475 2004 1528 memi-

440 1562 583 1615 nerit
611 1579 624 1628 ;
652 1562 720 1634 si,
757 1563 1004 1637 inquam,
1034 1579 1152 1618 eam
1188 1565 1258 1619 ob
1298 1581 1518 1621 causam
1555 1565 1818 1636 Spiritum
1866 1567 2006 1620 inter

438 1655 663 1724 angelos
687 1655 958 1710 collocare
999 1657 1134 1725 nihil
1168 1666 1425 1726 verentur
1457 1677 1471 1712 :
1513 1666 1681 1712 restat
1717 1667 1777 1732 _ut
1812 1672 1878 1711 ex
1919 1659 2005 1712 his

437 1745 774 1814 propheticis
815 1747 1019 1821 verbis,
1070 1748 1232 1802 iidem
1288 1749 1355 1808 de
1405 1748 1498 1821 ιιιο
1531 1748 1623 1818 qui
1671 1748 1746 1802 ibi
1788 1747 2004 1814 silentio

2118 661 2354 730 Ἀγγαίῳ
2381 678 2394 690 ο
2431 679 2449 711 ι
2478 662 2588 714 Καὶ
2619 661 2714 715 νῦν
2745 662 2859 732 (18)
2890 664 3145 732 κατίσχυε
3177 663 3496 732 Ζοροϐάϐελ,
3525 665 3660 734 λέγει

2106 749 2326 820 Κύριος,
2362 751 2455 802 καὶ
2481 751 2738 820 κατίσχυε
2779 751 2947 820 Ἰησοῦ
2980 753 3008 804 6
3027 751 3116 803 τοῦ
3150 749 3413 814 Ἰωσεδὲκ,
3441 755 3468 806 6
3497 754 3660 824 ἱερεὺς

2105 847 2134 898 6
2165 843 2354 914 μέγας,
2386 843 2534 911 λέγει
2565 845 2787 916 Κύριος.
2825 846 2934 898 Καὶ
2966 845 3303 914 κατισχυέτω
3339 847 3446 908 πᾶς
3479 847 3506 896 6
3541 845 3659 909 λαδς

2103 937 2202 1004 τῆς
2227 935 2345 1003 γῆς,
2371 933 2518 1001 λέγει
2552 934 2753 1005 Κύριος
2777 952 2790 964 ’
2822 935 2913 987 καὶ
2939 939 3162 1000 ποιεῖτε,
3201 935 3332 987 διότι
3367 935 3483 1005 μεθ’
3520 937 3661 1004 ὑμῶν

2106 1024 2214 1093 ἐγὼ
2235 1028 2368 1095 είμι,
2396 1025 2541 1094 λέγει
2564 1026 2764 1098 Κύριος
2786 1027 3198 1098 παντοκράτωρ,
3230 1027 3320 1082 καὶ
3351 1027 3410 1079 τὸ
3449 1027 3663 1105 Πνεῦμά

2109 1132 2208 1186 μου
2253 1117 2550 1186 ἐφέστηκεν
2584 1120 2641 1171 ὲν
2677 1118 2824 1188 μέσῳ
2854 1117 3024 1188 ὑμῶν.
3065 1138 3082 1169 ι
3120 1119 3229 1172 Καὶ
3262 1116 3662 1189 παρ”ἀμφοτέ-

2107 1222 2221 1276 ροις
2245 1209 2356 1269 τοῖς
2386 1207 2692 1276 προφήταις
2721 1207 2847 1277 περὶ
2870 1207 3030 1276 μόνου
3068 1208 3161 1261 τοῦ
3207 1209 3412 1280 Κυρίου
3449 1209 3542 1262 καὶ
3576 1211 3662 1262 τοῦ

2107 1296 2421 1366 Πνεύματος
2464 1300 2648 1369 μνήμη
2687 1298 2896 1366 γέγονε.
2927 1299 2991 1349 Τί
3036 1300 3208 1352 τοίνυν
3251 1299 3345 1352 καὶ
3393 1301 3521 1372 περὶ
3557 1300 3666 1352 τού-

2104 1404 2193 1439 του
2218 1387 2327 1457 (1'9)
2364 1390 2654 1459 φήσουσιν;
2677 1389 2739 1440 Εἰ
2772 1387 2900 1460 γὰρ,
2932 1389 3117 1460 ἐπειδὴ
3141 1390 3234 1442 τοῦ
3265 1390 3502 1464 Χριστοῦ
3540 1408 3663 1462 μνηο

2107 1475 2374 1545 μονεύσσις
2392 1477 2419 1526 6
2440 1476 2649 1540 Παῦλος
2668 1477 2794 1546 περὶ
2814 1478 2909 1546 μὲν
2931 1477 3023 1530 τοῦ
3045 1479 3183 1532 Πνεύ
3191 1497 3356 1550 ματος
3379 1477 3662 1549 ἐσιώπησε,

2103 1565 2209 1618 τῶν
2247 1567 2300 1618 δὲ
2327 1567 2594 1626 ἐκλεκτῶν
2619 1570 2863 1639 ἀγγέλων
2896 1571 3286 1642 ἐμνημόνευσε,
3321 1570 3408 1623 διὰ
3438 1570 3592 1624 τοῦτο
3610 1573 3663 1623 ἐν

2099 1658 2354 1732 ᾲγγὲλοις
2397 1658 2459 1712 τὸ
2504 1659 2727 1730 Πνεῦμα
2778 1661 3194 1714 συντάττουσινο
3229 1660 3376 1731 ὥρα,
3430 1661 3524 1713 καὶ
3559 1665 3666 1726 τοῖς

2105 1751 2459 1824 προφητικοῖς
2491 1750 2698 1814 τούτοις
2750 1751 3175 1822 ἐντυγχάνοντας
3209 1751 3321 1822 (20)
3347 1791 3362 1815 ,
3407 1751 3640 1824 τολμηρά

440 1832 708 1887 omittitur
730 1819 1004 1889 audacius.
1025 1835 1323 1905 disputent.
1358 1819 1491 1893 Nam
1533 1838 1578 1892 si
1610 1838 1792 1892 dicant
1824 1837 2008 1915 Domi-

2116 1855 2262 1910 τερον
2290 1819 2484 1902 αὐτοὺς
2504 1819 2901 1908 διαλογίζεσθαι
2918 1819 3023 1897 ⁷καὶ.
3055 1843 3180 1916 περὶ
3209 1819 3303 1896 τοῦ
3329 1819 3666 1915 σεσιωπηίμέε

439 1939 570 1977 num
599 1940 738 1991 esse,
768 1927 909 1980 idem
937 1941 1061 1982 esse
1095 1943 1159 1982 ac
1184 1926 1381 1981 Filium
1419 1943 1540 1985 esse
1567 1945 1581 1980 :
1613 1928 1740 2002 quid
1761 1928 1827 1982 de
1852 1913 2012 1998 Patre

439 2013 638 2068 dicturi
691 2017 850 2069 sunt?
897 2015 954 2070 Si
1009 2031 1138 2072 vero
1201 2017 1331 2072 illud
1375 2017 1442 2071 de
1482 2016 1643 2072 Patre
1689 2017 2009 2088 intelligant,

441 2105 570 2174 quid
605 2107 804 2162 dicturi
832 2117 959 2163 sunt
991 2109 1057 2164 de
1087 2108 1264 2164 Filio?
1308 2108 1504 2164 Procul
1534 2119 1714 2164 autem
1745 2111 1887 2165 absit
1926 2110 2012 2166 vel

440 2213 473 2253 a
495 2198 609 2253 sola
644 2198 987 2268 cogitatione,
1013 2215 1077 2254 ea
1104 2215 1226 2269 quae
1253 2214 1318 2254 ex
1348 2199 1563 2254 illorum
1588 2200 1853 2255 sententia
1882 2215 2012 2256 con—

441 2290 688 2360 sequitur
723 2291 994 2360 impietas.
1030 2290 1234 2360 Nempe
1258 2291 1380 2346 illos
1413 2291 1745 2360 respondere
1788 2305 2012 2359 necesse

441 2394 544 2446 est,
570 2387 654 2436 vel
684 2383 892 2437 nullum
942 2383 1093 2438 illum
1129 2400 1273 2452 esse,
1296 2384 1400 2450 vel,
1434 2384 1576 2453 quod
1626 2384 1846 2438 silentio
1881 2399 2012 2453 prae-

440 2475 732 2531 termissus
756 2477 848 2543 sit,
878 2491 1002 2531 eum
1031 2476 1172 2530 inter
1203 2491 1290 2531 res
1318 2486 1529 2531 creatas
1553 2491 1938 2530 annumerare.

513 2567 601 2620 1.1.
643 2550 784 2632 Quid
819 2567 945 2621 item
977 2566 1174 2622 dicturi
1210 2577 1366 2630 sunt,
1400 2568 1445 2621 si
1481 2568 1655 2636 ipsum
1689 2567 1852 2622 etiam
1900 2566 2009 2620 Do-

443 2642 950 2712 minum'dicentem
990 2657 1300 2712 audierint:
1343 2675 1361 2708 ‹
1409 2657 1582 2712 Judex
1627 2659 1846 2728 quidam
1897 2668 2012 2712 erat

444 2748 498 2801 in
533 2748 767 2817 quadam
797 2749 1036 2815 civitate,
1070 2750 1164 2818 qui
1197 2748 1367 2803 Deum
1397 2765 1503 2804 non
1551 2750 1794 2814 timebat,
1829 2759 1883 2811 et
1913 2751 2012 2804 ho-

442 2840 643 2894 minem
686 2856 795 2900 non
833 2841 1183 2919 reve_reba_tur
1222 2839 1290 2894 “.
1329 2859 1348 2890 ι
1403 2839 1658 2909 Nunquid
1711 2842 1837 2912 quia
1891 2851 2012 2910 post

444 2929 614 2984 Deum
675 2932 953 2986 hominem
1005 2932 1326 2997 nominavit,
1369 2931 1458 2986 ille
1509 2934 1672 2988 homo
1713 2941 1797 2987 est
1841 2931 2010 2989 Filius

442 3037 603 3092 quem
641 3023 878 3094 iniustus
900 3025 1067 3103 jude;
1102 3040 1207 3097 non
1239 3026 1552 3080 reveretur?
1599 3026 1680 3080 An
1719 3025 1853 3080 forte
1882 3027 2009 3095 quia

442 3122 567 3184 post
595 3112 786 3176 Deum,
829 3113 1103 3170 hominem
1135 3114 1454 3186 subdiderit,
1485 3115 1679 3169 tertius
1727 3125 1807 3169 est
1843 3115 2010 3170 Filius

442 3213 568 3272 post
600 3203 898 3264 hominem.
929 3213 982 3258 et
1010 3212 1240 3274 quartus
1273 3202 1509 3272 Spiritus
1554 3205 1818 3258 sanctus?
1847 3203 2010 3270 Quid,

445 3294 493 3348 si
534 3295 852 3363 Apostolum
893 3294 1078 3348 eadem
1111 3293 1352 3363 Epistola
1381 3309 1572 3348 rursus
1603 3295 1868 3349 dicentem
1910 3310 2011 3348 au-

445 3385 598 3439 diant
665 3403 684 3436 ‹
719 3385 980 3454 Praecipio
1039 3385 1137 3438 tibi
1181 3399 1365 3440 coram
1426 3384 1576 3449 Deo,
1623 3387 1716 3455 qui
1776 3385 2012 3440 viviﬁcat

445 3477 650 3540 omnia,
684 3485 738 3531 et
765 3476 981 3531 Christo
1018 3475 1168 3538 Jesu,
1217 3476 1311 3547 qui
1355 3476 1723 3530 testimonium
1777 3475 2010 3530 reddidit

447 3567 549 3621 sub
577 3567 769 3621 Pontio
810 3565 984 3620 Pilato
1027 3560 1680 3631 bonam'confessionem,
1724 3575 1784 3621 ut
1828 3583 2010 3622 serves

447 3660 760 3714 mandatum
789 3659 906 3714 sine
933 3660 1164 3720 macula,
1191 3660 1663 3735 irreprehensibile
1683 3659 1726 3690 ⁹¹
1759 3679 1778 3711 ι
1807 3659 1831 3712 ?
1868 3657 2009 3714 Num

447 3751 573 3820 quia
601 3751 686 3806 hic
716 3751 782 3806 de
824 3751 1030 3822 angelis
1073 3760 1127 3806 et
1172 3749 1375 3820 Spiritu
1407 3752 1576 3814 siluit,
1611 3752 1677 3806 de
1710 3751 1915 3821 Spiritu
1960 3760 2016 3806 et

445 3843 514 3896 de
543 3841 746 3912 angelis
774 3849 957 3896 utrum
991 3842 1099 3897 sint
1125 3842 1412 3896 dubitant?
1450 3842 1527 3896 lta
1568 3857 1699 3897 sane
1734 3841 2016 3896 dubitare-

447 3934 575 3998 rint,
625 3932 867 4003 quandiu
915 3933 1030 3987 haec
1087 3933 1222 3987 adeo
1287 3933 1454 4001 impia
1510 3941 1697 3988 contra
1749 3930 2011 4002 Spiritum

447 4023 872 4079 meditabuntur.
897 4023 953 4078 Si
981 4036 1237 4094 praeterea
1264 4025 1330 4078 ad
1355 4024 1472 4078 haec
1497 4024 1622 4078 libri
1651 4010 1820 4077 Exodi
1851 4025 2012 4078 verba

449 4115 728 4168 attendant
756 4157 772 4183 ,
845 4135 863 4165 ‹
910 4115 1114 4169 Timuit
1143 4126 1320 4171 autem
1355 4116 1585 4186 populus
1616 4114 1925 4188 Dominum,
1959 4125 2011 4169 et

448 4207 792 4265 crediderunt
823 4208 932 4288 Deo
970 4195 1220 4281 etMoysi
1254 4226 1410 4266 servo
1442 4211 1561 4281 ejus
1576 4210 1621 4241 ⁹²
1650 4250 1665 4274 ,
1707 4228 1725 4260 ι
1761 4224 1826 4262 an
1855 4189 2009 4278 Moy-

2110 1947 2221 2000 νου.
2247 1933 2342 1984 "Av
2373 1950 2431 1985 τε
2458 1933 2566 2005 γὰρ
2594 1934 2682 1986 τὸν
2708 1934 2907 2004 Κύριον
2924 1929 3082 1995 εἶναι,
3114 1937 3370 2006 φήσουσιν
3399 1931 3538 1989 εἶναι
3578 1937 3664 1988 τὸν

2110 2021 2258 2085 Υἱὸν,
2294 2024 2346 2075 τί
2369 2022 2435 2078 ἂν
2457 2023 2657 2084 εἴποιεν
2683 2026 2809 2095 περὶ
2835 2026 2927 2078 τοῦ
2962 2026 3204 2096 Πατρός;
3231 2025 3296 2078 ἄν
3331 2043 3388 2078 τε
3431 2025 3525 2077 τὸν
3564 2027 3667 2078 Πα-

2110 2111 2240 2181 τέρα
2263 2115 2475 2178 είπωσι,
2521 2114 2573 2166 τί
2613 2113 2678 2166 ἂν
2707 2115 2907 2167 εἴποιεν
2936 2115 3063 2186 περὶ⁸
3092 2114 3182 2166 τοῦ
3219 2115 3377 2178 Υίοῦ;
3419 2115 3530 2185 Τὴν
3566 2116 3664 2185 γὰρ

2110 2201 2506 2258 ἀκολουθοῦσαν
2536 2207 2656 2258 κατ’
2685 2206 2924 2269 ἐκείνους
2947 2205 3257 2277 δυσφημίαν
3296 2207 3429 2277 μηδὲ
3459 2207 3669 2274 λογίσα-

2113 2293 2236 2348 σθαί
2265 2311 2386 2349 τινα
2408 2295 2615 2364 γένοιτο
2636 2313 2648 2326 °
2683 2295 2896 2366 ἀνάγκη
2927 2297 3035 2367 γὰρ
3064 2297 3258 2361 αὐτοὺς
3292 2299 3489 2359 εἰπεῖν,
3519 2299 3548 2368 ἢ
3588 2300 3664 2351 ὅτι

2105 2386 2210 2448 ,οὐκ
2237 2385 2402 2463 ἔστιν,
2429 2385 2462 2457 ἢ
2487 2388 2597 2450 τοῖς
2642 2387 2908 2458 ποιήμασι
2941 2387 3289 2458 συναριθμεῖν
3308 2388 3366 2439 τὸ
3400 2405 3665 2458 σεσιωπη-

2114 2479 2291 2554 μένον..

2181 2572 2268 2624 14.
2310 2573 2374 2624 Τί
2395 2572 2440 2630 δ’
2468 2571 2533 2625 ἂν
2561 2575 2764 2632 εἴποιεν
2797 2570 2936 2648 (21),
2976 2573 3070 2632 ἐὰν
3110 2573 3399 2627 ἁκούσουσι
3446 2573 3540 2626 καὶ
3577 2569 3664 2624 τοῦ

2111 2665 2313 2735 Κυρίου
2339 2664 2610 2739 λέγοντος·
2637 2683 2655 2716 ι
2683 2666 2889 2736 Κριτής
2917 2683 2999 2729 τις
3022 2661 3088 2736 ἦν
3116 2665 3172 2717 ἐν
3203 2677 3310 2717 τινι
3355 2663 3512 2734 χώρᾳ
3529 2706 3544 2729 ,
3581 2661 3666 2715 τὸν

2109 2753 2239 2805 Θεὸν
2270 2752 2343 2824 μὴ
2375 2752 2737 2822 φοϐούμενος,
2781 2753 2874 2806 καὶ
2909 2751 3192 2823 ἄνθρωπον
3237 2752 3310 2824 μὴ
3346 2752 3666 2824 ἐντρεπόμε-

2109 2860 2215 2905 νος.
2251 2863 2268 2894 r
2304 2839 2468 2911 Ἀρα,
2505 2841 2690 2912 ἐπειδὴ
2735 2841 2872 2912 μετὰ
2912 2841 3004 2894 τὸν
3053 2841 3186 2894 Θεὸν
3217 2841 3502 2911 ὠνόμασεν
3557 2841 3662 2908 (22)

2109 2935 2409 3006 ἄνθρωπον,
2433 2938 2460 2988 6
2479 2936 2603 3008 Titi;
2625 2921 2769 2997 ἐστιν
2794 2927 2948 2998 οὗτος
2977 2937 3004 2988 6
3037 2933 3336 3006 ᾷνθρωπος,
3373 2934 3435 2988 ὃν
3459 2935 3558 2988 ούκ
3589 2937 3667 2985 ὲνι

2109 3023 2318 3094 ετρὰπη
2346 3026 2374 3076 6
2387 3023 2565 3086 ἄδικος
2590 3025 2779 3095 κριτής
2797 3039 2810 3088 ;
2838 3024 2909 3076 Ἦ
2929 3022 3113 3094 ἐπειδὴ
3137 3024 3270 3094 μετὰ
3287 3023 3376 3076 τὸν
3393 3023 3526 3076 Θεὸν
3540 3021 3666 3074 ὠνό-

2117 3131 2253 3185 μασε
2301 3115 2391 3166 τὸν
2430 3111 2740 3186 ἄνθρωπον,
2783 3113 2962 3184 τρίτος
2987 3105 3139 3168 ἐστὶν
3173 3115 3202 3166 6
3235 3114 3362 3177 Υἱὸς
3418 3113 3556 3185 μετὰ
3585 3112 3669 3165 τδν

2117 3203 2418 3275 ἄνθρωπον,
2460 3189 2553 3256 καὶ
2581 3204 2835 3273 τέταρτον
2859 3204 2919 3256 τὸ
2946 3204 3166 3275 Πνεῦμα
3195 3204 3256 3275 τὺ
3285 3204 3476 3273 ἆγιον;
3514 3202 3577 3254 Τί
3618 3201 3668 3254 δὲ

2117 3295 2244 3365 ἄρα,
2262 3294 2354 3345 ἐὰν
2371 3295 2462 3346 καὶ
2489 3293 2581 3347 τοῦ
2617 3292 2936 3360 ’Λποστόλου
2964 3297 3020 3346 ἐν
3039 3296 3102 3364 τῇ
3122 3294 3256 3365 αὐτῇ
3286 3293 3540 3363 ἐπιστολῇ
3570 3292 3669 3345 πά·

2113 3385 2194 3438 λιν
2244 3385 2484 3452 λέγοντος
2514 3385 2817 3454 ἀκούσωσιο
2857 3403 2876 3436 ‹
2908 3385 3274 3459 Παραγγέλλω
3314 3402 3397 3438 σοι
3451 3383 3670 3438 ἐνώπιον

2112 3476 2204 3530 τοῦ
2234 3477 2367 3529 Θεοῦ
2416 3474 2507 3528 τοῦ
2539 3475 2919 3544 ζωογονοῦντος
2959 3476 3029 3528 τά
3081 3476 3255 3528 πάντα
3280 3517 3294 3541 ,
3347 3476 3444 3528 καὶ
3475 3473 3669 3546 Κυρίου

2128 3566 2300 3638 Ἰησοῦ
2327 3565 2581 3636 Χριστοῦ,
2610 3566 2701 3619 τοῦ
2732 3567 3172 3638 μαρτυρήσαντος
3204 3565 3296 3617 ἐπὶ
3331 3564 3558 3618 Ποντίου
3585 3565 3674 3615 Πι-

2114 3660 2296 3721 λάτου,
2325 3659 2424 3729 τὴν
2445 3658 2612 3728 καλὴν
2645 3650 2948 3728 ὁμολογίαν,
2972 3656 3203 3728 τηρῆσαί
3229 3674 3287 3708 σε
3321 3657 3424 3728 τὴν
3465 3655 3674 3724 ἐντολὴν

2115 3751 2360 3812 ἄσπιλον,
2401 3750 2763 3818 ἀνεπίληπτον
2793 3765 2806 3814 ;
2840 3769 2856 3799 ι
2894 3745 3038 3820 τᾹρα
3085 3744 3177 3801 οὖν
3200 3787 3214 3811 ,
3255 3749 3446 3819 ἐπειδὴ
3494 3745 3676 3800 σεσιώ-

2115 3861 2255 3912 πηκε
2277 3841 2370 3895 νῦν
2395 3859 2460 3893 πε
2471 3841 2521 3912 _ol
2546 3840 2786 3908 ἀγγέλων
2808 3842 2901 3892 καὶ
2925 3839 3256 3910 Πνεύματος,
3282 3839 3674 3910 ἀμφιϐάλλουσι

2119 3933 2248 4002 περὶ
2280 3931 2610 4001 Πνεύματος,
2637 3932 2684 3982 εί
2718 3930 2830 3982 ἔστι
2865 3931 2995 4000 (23),
3027 3931 3120 3982 καὶ
3156 3929 3280 3998 περὶ
3308 3929 3559 3996 ἀγγέλων
3579 3967 3593 3990 ,
3631 3925 3680 3977 εἴ

2119 4026 2223 4077 είσι
2245 4041 2258 4088 ;
2277 4024 2383 4076 Ναὶ
2402 4023 2828 4094 ἁμιριϐἁλλουσιν
2849 4023 2954 4086 ἕως
2979 4022 3201 4075 τοιαῦτα
3228 4022 3532 4092 δυσφημεῖν
3556 4019 3675 4088 περὶ

2117 4115 2208 4169 τοῦ
2256 4115 2569 4184 Πνεύματος
2609 4115 3058 4186 μεμελετήκασιν.
3127 4113 3251 4185 Ἐὰν
3298 4113 3356 4165 δὲ
3409 4111 3678 4166 ἀκούσωσι

2115 4209 2213 4278 τῆς
2245 4208 2464 4278 Γραφῆς
2491 4207 2752 4277 λεγούσης
2782 4206 2962 4276 ὲν(24)
2993 4208 3058 4276 τῇ
3102 4203 3317 4278 Ἐξόδῳ,
3353 4225 3371 4256 ι
3411 4202 3677 4274 Ἐφοϐήθη

519 4344 563 4375 ’⁸
601 4341 704 4398 lsa.
736 4359 922 4410 XLVIII,
956 4343 1038 4399 16.
1115 4347 1158 4377 ⁸³
1198 4346 1331 4418 Agg.
1369 4363 1426 4408 ιι,
1467 4346 1520 4412 5,
1546 4345 1597 4401 6.
1673 4344 1718 4376 ⁸⁸
1755 4343 1888 4398 Luc.
1918 4359 2003 4398 xv:

2116 4341 2151 4414 ί.
2226 4342 2266 4372 ⁹¹
2312 4339 2333 4393 Ι
2365 4339 2504 4394 Tim.
2540 4356 2614 4405 vr,
2644 4340 2728 4395 15.
2804 4341 2848 4370 "
2891 4337 3058 4392 Exod.
3089 4353 3195 4400 xw,
3230 4337 3321 4390 51.

483 4482 631 4562 _(18)
671 4482 828 4562 Gabi.
855 4491 908 4536 et
934 4482 1170 4562 Felckm.
1199 4485 1429 4562 primus,
1464 4484 1556 4562 καὶ
1584 4485 1843 4562 Ἀγγαῖος
1867 4482 2010 4562 ’κκαὶ
2044 4483 2084 4537 D

446 4552 563 4623 νῦν,
606 4563 713 4607 etc.
753 4552 872 4605 Mox
926 4554 1024 4605 καί
1072 4552 1419 4622 δρ‹ι.⁷1ιιιι)ιξιιι
1469 4553 1619 4623 Regii
1651 4557 1671 4606 1
1708 4565 1766 4623 et
1791 4553 1846 4613 ‘2,
1884 4552 2007 4623 Seg.

446 4621 589 4688 Editi
609 4632 665 4684 et
690 4623 779 4685 alii
805 4631 1082 4690 omittunt.
1110 4621 1240 4685 item
1267 4627 1420 4680 abest
1448 4640 1476 4676 a
1503 4621 1634 4693 Reg.
1672 4626 1722 4688 1,
1749 4621 1896 4692 Seg.,
1926 4622 2012 4673 λέ-

446 4693 531 4760 γει’
568 4693 786 4763 Κύριος.

518 4764 630 4840 (.19)
658 4761 875 4840 Briseis
904 4765 1146 4840 θάνοιεν,
1169 4762 1317 4840 523-.
1346 4763 1483 4840 περὶ,
1501 4762 1725 4840 where

518 4831 630 4904 (20)
676 4831 778 4904 Sic:
800 4831 952 4904 Regii
982 4833 1004 4888 1
1029 4831 1088 4904 _et
1117 4835 1172 4895 2,
1210 4831 1334 4900 seg.
1377 4831 1485 4904 ﬁlii
1519 4844 1572 4886 et
1605 4834 1736 4887 editi
1786 4833 2010 4904 mendo-

444 4902 534 4964 se,
555 4902 991 4974 ἐντυγχάνοντες,
1027 4902 1196 4974 Paulo
1226 4913 1349 4970 post
1374 4902 1591 4974 Regius_
1607 4904 1836 4974 primus,
1856 4902 2007 4974 Seg.,

445 4975 667 5035 habent,
693 4969 786 5044 τόν
825 4969 1199 5044 Κύριονεῖναι
1231 4969 1503 5044 φήσουσιν
1541 4969 1680 5044 εἶναι
1723 4973 1820 5044 τὸν,
1859 4971 2006 5044 Υίόν.

443 5045 550 5097 Alii
581 5052 635 5096 et
661 5043 809 5113 editi.
842 5037 935 5096 τδὺ
963 5043 1164 5113 Κύριον
1195 5037 1436 5112 φήσωσιν
1453 5039 1590 5098 εἶναι
1618 5043 1706 5097 τὸν
1731 5043 1876 5096 Υἱόν.
1908 5041 2009 5094 Re-

444 5115 566 5182 gius
597 5113 652 5176 2,
689 5112 846 5168 Gobl.
881 5123 934 5173 et
951 5112 1187 5170 Feletn.
1219 5115 1426 5181 primus
1457 5113 1656 5172 habent
1687 5123 1865 5167 tamen
1901 5113 2007 5182 φήτ

447 5180 648 5235 σουσιν.
682 5183 812 5249 Qua:
841 5199 962 5237 mox
1000 5180 1299 5251 sequuntur
1335 5183 1386 5237 τί
1419 5183 1483 5235 ἂν
1517 5182 1728 5235 εἴποιεν
1747 5197 1917 5248 usque
1940 5180 2008 5233 ad

443 5253 692 5322 περὶτοῦ
728 5253 854 5314 Υἱοῦ
889 5249 1091 5305 desunt
1115 5254 1166 5304 in
1199 5249 1321 5322 Ség.
1354 5251 1487 5306 Ibid.
1523 5269 1646 5306 mox
1681 5252 1878 5320 Regius
1903 5251 2008 5318 pri-

446 5320 588 5408 mus,
625 5320 749 5408 δῖε.
785 5323 941 5408 prl.
970 5333 1024 5376 et
1051 5320 1290 5408 F_c_-lcktnI
1315 5324 1542 5408 primus.
1570 5323 1934 5408 xal‘éxs’tyouf
1956 5328 2008 5372 et

444 5389 780 5458 λογίσασθαι.
816 5393 919 5446 Alii
955 5403 1007 5447 et
1034 5393 1184 5455 editi,
1215 5389 1330 5444 κατ’
1363 5393 1578 5444 ἐκείνου
1599 5401 1653 5446 et
1677 5389 2004 5459 λογίζεσθαι.

447 5461 569 5513 Ἐτι
597 5476 830 5531 sequens
859 5465 1010 5516 abest
1041 5479 1068 5515 a
1106 5462 1235 5530 Reg.
1272 5463 1484 5531 1,7Seg.
1769 5528 1804 5531 _
1842 5465 1876 5531 ς

519 5531 631 5595 (21)
670 5527 761 5600 Sic
801 5530 1000 5599 Regius
1049 5527 1274 5600 primus,
1327 5527 1455 5600 Seg:
1488 5531 1644 5586 Gobl.
1687 5538 1740 5583 et
1768 5527 2005 5600 Felcltm.

443 5591 676 5686 primus,
713 5599 807 5686 ubi
839 5591 1017 5686 tuinen
1049 5591 1198 5686 Seg.,
1232 5591 1540 5686 ἀκούσωσιρ
1561 5601 1750 5686 Caztel‘i
1779 5608 1831 5652 et
1852 5591 2004 5686 1editi,

444 5663 494 5717 τί
524 5666 568 5719 δ’
697 5667 899 5748 εἴποιεν
945 5671 992 5720 οί
1029 5663 1148 5722 κατἶ
1179 5663 1416 5734 ἐκείνως
1437 5689 1448 5699 ’
1500 5671 1705 5751 Κριτής
1740 5686 1821 5732 τις
1850 5663 1915 5739 ἦν
1944 5667 2007 5719 ῗν

444 5753 546 5786 τινι
577 5753 616 5786 π
680 5751 747 5786 ει.
1554 5765 1559 5772 ·

443 5753 546 5788 τινι.
577 5751 747 5788 πολει.
1554 5765 1559 5772 ’

2183 4478 2570 4550 (22)]Ῑριῇιιι1ιη
2603 4479 2885 4550 ὠνόμασεν
2912 4477 3112 4550 habent
3139 4475 3288 4550 Regii
3321 4475 3340 4532 1
3385 4484 3441 4528 et
3467 4474 3526 4538 2,
3559 4472 3676 4550 Segt

2113 4541 2548 4605 Gobl.'Felcktn.
2585 4541 2811 4616 primus,
2837 4549 3092 4616 Ottobon.
3117 4541 3411 4616 ;ogtiittunt
3441 4541 3678 4616 }'_ero_a|ii

2111 4633 2164 4674 et
2195 4620 2344 4684 editi.
2371 4618 2492 4672 Mox
2519 4611 2718 4688 Regius
2747 4621 2977 4687 primus,
3015 4615 3150 4688 Segg.
3169 4615 3324 4688 Gobl.
3351 4623 3408 4668 et
3442 4611 3678 4688 _Felckm.

2114 4691 2322 4764 primus
2357 4689 2561 4764 addunt
2602 4683 3006 4764 Scalnréraprpg
3042 4683 3110 4738 τό
3144 4683 3370 4764 Πνεῦμα
3407 4683 3485 4764 τὸ-
3508 4683 3679 4764 ειγιον,

2111 4752 2232 4829 qua:
2277 4758 2498 4829 in__aliis
2546 4768 2599 4812 et
2648 4758 2807 4829 editis
2854 4752 3133 4810 deﬁciunt.
3163 4752 3330 4808 Paulo
3362 4762 3494 4823 post
3524 4752 3679 4829 iidem

2113 4822 2236 4898 post
2283 4827 2444 4880 πάλιν
2484 4822 2706 4882 addunt
2751 4827 3018 4894 λέγοντος,
3053 4840 3216 4895 quam
3257 4822 3454 4880 vocem
3503 4822 3596 4877 alii
3633 4827 3684 4874 et

2111 4899 2237 4953 editi
2267 4900 2542 4952 omittunt.

2184 4969 2294 5042 (25)
2337 4967 2441 5042 Sic
2460 4967 2884 5042 primuscodeir
2904 4965 3038 5037 Reg.
3074 4965 3205 5042 δίε..
3229 4963 3432 5042 {lateri
3459 4970 3528 5042 _et
3555 4957 3682 5042 editi

2112 5033 2372 5091 omittunt
2399 5033 2606 5090 εἶ’ἐστι.
2644 5037 2765 5090 Mox
2812 5033 3009 5090 iidem'
3032 5045 3088 5090 et
3109 5033 3288 5092 οδω..
3321 5033 3681 5088 Felckmanni

2114 5109 2345 5176 primus,
2375 5115 2497 5176 post
2524 5106 2968 5178 ἁμφιϐάλλουσιν,
2988 5106 3185 5178 habent
3201 5115 3258 5178 ut
3284 5103 3392 5178 hic_
3411 5103 3674 5178 sequitur.

2111 5173 2441 5250 Anglicanus
2478 5173 2627 5250 _vero
2655 5187 2726 5250 _et
2753 5176 3036 5250 Ottobon.,
3067 5174 3303 5228 Τοιαῦτα
3331 5174 3458 5250 γαρ.
3482 5173 3682 5250 δυσφη-

2114 5241 2234 5316 μεῖν
2265 5249 2391 5316 περὶ
2412 5246 2503 5298 τοῦ
2530 5247 2845 5316 Πνεύματος
2877 5245 3326 5316 μεμελετῄκασιν.
3495 5252 3551 5316 et
3579 5241 3683 5294 edi-

2112 5311 2170 5378 ii,
2206 5311 2442 5370 Τοιαῦτα
2465 5316 2571 5387 γὰρ
2605 5311 3055 5387 μεμελετήκασιν.
3094 5311 3251 5370 σθω.
3279 5322 3334 5368 et
3359 5311 3678 5369 Felckman.

2114 5388 2321 5454 primus
2355 5402 2450 5453 pro
2485 5385 2568 5438 ναί
2597 5385 2795 5439 habent
2820 5385 2932 5438 καί.

2183 5457 2292 5523 (24)
2333 5449 2546 5508 Primus
2593 5457 2760 5508 codex
2807 5455 3026 5522 Regius,
3059 5454 3320 5522 λεγούσης
3357 5455 3478 5506 καί.
3519 5449 3678 5523 _Gohl.

2110 5537 2163 5578 rt
2207 5520 2438 5580 Felcknr.
2483 5526 2710 5593 primus.
2729 5525 2851 5578 Ἐὰν
2877 5520 2933 5577 δὲ
2968 5520 3236 5577 ἀκούσωσι
3267 5520 3327 5576 τὸ
3360 5527 3422 5576 ὲν
3449 5520 3644 5593 Ἐξζᾷῳ
3667 5533 3678 5547 '

2112 5595 2372 5666 ἐφοϐήθη,
2405 5591 2510 5666 etc.
2543 5595 2711 5666 Paulo
2766 5605 2885 5666 post
2941 5593 3300 5666 iidemiGohl:
3351 5605 3406 5647 et
3439 5591 3681 5646 Felckm.

2110 5663 2345 5734 primus,
2371 5665 2434 5717 Τί
2460 5665 2535 5728 δὲ,
2570 5664 2662 5716 ἐὰν
2689 5663 2960 5718 ἀκούσωσι
2987 5664 3076 5716 τοῦ
3109 5663 3320 5736 Tam-Q6,
3355 5674 3468 5718 etc.
