3914 6222
335 331 444 390 565

1459 331 1794 389 EPISTOLA
1830 333 1851 386 ι
1888 333 1979 388 AD
2019 332 2474 390 SERAPIONEM.

3476 335 3580 393 566

333 454 397 507 δὲ
417 454 446 505 6
481 452 610 516 λαὸς
643 453 732 506 τὸν
757 452 982 526 Κύριον,
1036 454 1130 507 καὶ
1164 455 1491 507 ἔπιστευσαν
1523 452 1601 524 τῷ
1643 451 1782 523 Θεῷ,
1810 453 1905 506 καὶ

2018 470 2120 511 sem
2152 453 2262 510 Deo
2287 452 2696 509 annumeraturi
2727 459 2874 516 sunt,
2910 465 3085 522 neque
3112 451 3462 522 postDeum,
3491 451 3583 508 Fi-

342 549 536 617 Μωσῇ,
570 547 646 616 τῷ
679 546 1186 618 θεραπόντιαίηοῦ,
1233 567 1251 599 ›
1291 544 1400 618 ἆρα
1447 547 1907 619 συναριθμήσουσι

341 637 417 709 τῷ
448 639 568 710 Θεῷ
594 640 685 693 τὸν
713 640 937 711 Μωσῆν,
977 641 1070 694 καὶ
1106 643 1242 712 μετά
1267 641 1359 696 τὸν
1393 639 1525 694 Θεὸν
1571 641 1631 693 ού
1661 642 1908 712 νοήσουσι

339 731 429 783 τὸν
457 730 605 791 Υἱὸν,
632 731 766 784 ἀλλά
791 731 946 801 μόνον
971 732 1062 784 τὸν
1088 731 1321 801 Μωσῆν;
1384 729 1448 782 Τί
1489 729 1568 794 δὲ,
1618 728 1713 783 saw
1748 731 1910 784 ἀκού-

338 837 475 873 σωσι
511 821 607 874 καὶ
655 820 749 874 τοῦ
790 823 1128 893 πατριάρχου
1186 821 1380 875 Ἰακὼϐ
1436 821 1782 891 εύλογοῦντος
1818 823 1908 876 τὸν

351 912 546 984 Ἰωσὴφ
581 913 674 966 καὶ
701 913 948 980 λέγοντος
969 931 980 943 ·
1019 933 1036 965 ι
1082 914 1139 968 Ὀ
1163 915 1292 978 Θεὸς
1311 916 1340 967 6
1361 915 1576 986 τρέφων
1604 931 1671 986 με
1708 917 1771 968 ὲκ
1797 915 1910 969 νεό-

333 1005 496 1074 τητός
533 1023 635 1076 μου
660 1005 764 1069 ἓως
795 1005 894 1074 τῆς
924 1006 1132 1077 ἡμέρας
1161 1007 1364 1078 ταύτης
1387 1023 1400 1037 ·
1429 1009 1457 1060 6
1489 1007 1716 1077 ἄγγελος
1737 1009 1765 1061 ὁ
1782 1007 1906 1078 ρυό-

338 1096 499 1167 μενός
539 1114 606 1167 με
635 1099 698 1150 ἐκ
725 1098 940 1151 πάντων
975 1098 1083 1150 τῶν
1129 1099 1310 1152 κακῶν
1357 1098 1648 1170 εὐλογῆσαι
1681 1098 1794 1169 (25)
1839 1097 1909 1151 τὰ

332 1189 527 1242 παιδία
555 1188 728 1244 ταῦτα
757 1209 775 1242 ι
804 1206 819 1256 ;
851 1186 1018 1260 Ἆρα,
1052 1191 1238 1263 ἐπειδὴ
1271 1190 1410 1262 μετὰ
1451 1191 1552 1258 ,τὸν
1606 1190 1738 1245 Θεὸν
1779 1191 1910 1244 ὠνό-

339 1298 516 1350 μασεν
547 1282 799 1351 ἄγγελον,
849 1283 1061 1355 πρῶτός
1113 1286 1259 1336 ἐστιν
1311 1282 1422 1354 (‘26)
1455 1285 1484 1337 6
1533 1282 1762 1352 ἄγγελος
1812 1283 1907 1336 τοῦ

335 1370 492 1436 Υίοῦ,
522 1373 556 1443 ἢ
580 1374 830 1442 ἀγγέλοις
870 1375 1282 1448 συναριθμεῖται
1311 1377 1340 1429 6
1381 1376 1538 1442 Υἱός;
1573 1377 1680 1430 Ναὶ
1700 1416 1716 1441 ,
1747 1376 1908 1430 πάλιν

324 1463 478 1518 νοῦτω
513 1467 785 1536 νοήσουσι,
831 1467 1233 1540 διεφθαρμένην
1264 1469 1480 1539 ἔχοντες
1512 1468 1608 1540 τὴν
1657 1469 1905 1540 καρδίαν.
1933 1522 1940 1526 .

347 1555 487 1610 Ἀλλ’
520 1557 619 1627 οὐχ
651 1559 683 1628 ὴ
717 1558 1047 1630 ἀποστολικὴ
1102 1560 1282 1623 πίστις
1339 1561 1454 1613 ἐστὶ
1482 1558 1704 1629 τοιαύτη
1729 1599 1744 1625 ,
1795 1559 1904 1612 οὐδ’

335 1648 471 1714 ὅλως
497 1651 822 1721 Χριστιανὸς
847 1651 1130 1722 ἀνάσχοιτο
1160 1652 1225 1706 ἂν
1254 1652 1478 1706 τούτων.
1525 1650 1587 1705 Ἥ
1626 1653 1735 1723 γὰρ
1779 1650 1909 1718 ἁγία

325 1742 432 1794 ’καὶ
485 1743 733 1814 μακαρία
763 1744 954 1814 Τριὰς,
984 1743 1288 1814 ἀδιαίρετος
1337 1745 1432 1797 καὶ
1473 1743 1724 1815 ἡνωμένη
1774 1744 1908 1814 πρὸς

2010 548 2141 602 lium
2170 547 2265 602 sed
2311 546 2488 601 solum
2522 543 2761 616 Moysem
2795 551 2924 598 sunt
2965 543 3291 599 intellecturi
3314 545 3338 597 ?
3365 543 3504 610 Quid
3535 546 3580 600 si

2009 639 2172 694 etiam
2210 638 2571 710 patriarcham
2619 635 2788 692 Jacob
2848 635 3087 707 Josepho
3119 637 3280 707 530
3325 635 3412 692 liis
3453 651 3576 690 ver-

2008 733 2092 787 bis
2109 733 2425 787 benedicere
2444 729 2792 785 meminerint
2825 747 2843 780 ‹
2875 728 3020 784 Deus
3069 729 3162 799 qui
3197 727 3373 797 pascit
3402 728 3490 783 die
3511 727 3582 782 ab

2009 825 2377 880 adolescentia
2402 838 2518 876 mea
2550 837 2724 892 usque
2762 823 2813 875 in
2847 829 3170 890 praesentem
3198 821 3340 876 diem
3370 838 3384 886 ;
3411 835 3581 890 ange-

2009 914 2116 978 lus,
2152 915 2246 984 qui
2285 914 2430 968 eruit
2461 928 2547 967 me
2580 913 2645 966 de
2677 913 2891 967 cunctis
2924 911 3101 975 malis,
3134 910 3417 966 benedicat
3445 925 3579 980 pue-

2010 1004 2086 1058 ris
2120 1005 2238 1058 istis
2265 1005 2311 1036 ⁹³
2347 1022 2364 1055 ι
2389 1003 2412 1056 ?
2439 1001 2580 1056 Num
2618 1002 2744 1070 quia
2773 1011 2895 1071 post
2921 1000 3090 1056 Deum
3131 1001 3381 1069 angelum
3412 997 3581 1054 nomi-

2010 1095 2179 1157 navit,
2214 1094 2364 1164 prior
2408 1101 2491 1149 est
2526 1093 2752 1163 angelus
2785 1091 2945 1159 Filio,
2982 1100 3076 1146 aut
3111 1091 3284 1146 Filius
3312 1092 3452 1145 inter
3481 1105 3580 1145 an-

2009 1186 2156 1257 gelos
2190 1185 2619 1257 annumeratur?
2659 1183 2736 1238 lta
2770 1183 3014 1253 profecto
3048 1183 3350 1246 senserint,
3383 1181 3584 1253 quippe

2009 1279 2207 1350 quibus
2239 1295 2334 1335 cor
2360 1287 2676 1349 corruptum
2701 1279 2792 1333 sit.
2822 1279 3023 1333 Verum
3052 1294 3160 1332 non
3190 1277 3306 1333 haec
3338 1285 3422 1334 est
3453 1289 3582 1344 apo-

2009 1370 2201 1426 stolica
2232 1370 2385 1435 lides,
2418 1385 2593 1439 neque
2621 1383 2683 1424 ea
2726 1367 2866 1424 ferre
2915 1369 3042 1423 licet
3081 1369 3414 1424 Christiano.
3443 1353 3580 1423 Na‘m

2009 1468 2196 1515 sancta
2245 1468 2299 1514 et
2339 1458 2494 1514 beata
2528 1458 2766 1514 Trinitas
2806 1459 3082 1514 individua
3127 1468 3289 1529 atque
3329 1458 3445 1529 ipsa
3491 1475 3581 1515 se-

2010 1566 2132 1607 cum
2166 1551 2318 1606 unita
2345 1559 2456 1617 est,
2491 1551 2563 1604 ita
2597 1559 2657 1604 ut
2686 1550 2775 1604 ubi
2811 1550 2988 1606 Patris
3031 1551 3236 1606 mentio
3279 1550 3392 1615 ﬁat,
3429 1550 3578 1621 ejus-

2009 1642 2131 1697 dem
2184 1643 2368 1697 statim
2401 1640 2661 1707 Verbum,
2704 1657 2769 1697 ac
2818 1642 2872 1696 in
2921 1641 3060 1697 Filio
3108 1642 3343 1713 Spiritus
3388 1643 3581 1698 debeat

2011 1735 2256 1802 intelligi.
2304 1732 2460 1800 Quod
2513 1733 2558 1788 si
2609 1732 2779 1788 Filius
2831 1733 3163 1801 nominetur,
3216 1732 3466 1788 similiter
3524 1733 3580 1787 in

326 1799 537 1905 τὲαυτην
560 1799 675 1888 ἐστι
697 1852 708 1864 ·
730 1799 823 1888 καί
843 1799 1243 1906 λεγομένουιτοῦ
1265 1799 1770 1905 Πατρὸςίπρὸσεσὸιι
1793 1799 1904 1905 (ἐν.Ἱῇ

2018 1825 2150 1880 Filio
2170 1799 2253 1880 est
2278 1799 2460 1892 Pater,
2489 1839 2590 1880 nec
2618 1833 2772 1879 extra
2802 1823 3035 1880 Verbum
3064 1799 3156 1880 est
3184 1822 3418 1894 Spiritus
3454 1839 3581 1879 san-

337 1926 431 1980 καὶ
463 1929 491 1979 6
512 1927 701 1980 τούτου
729 1927 899 1996 Λόγος
929 1928 1021 1981 καὶ
1048 1927 1109 1980 τὸ
1141 1928 1198 1980 ὲν
1235 1926 1313 1997 τῷ
1350 1926 1466 1996 Υίῷ
1501 1927 1740 1997 Πνεῦμα.
1782 1927 1905 1980 Ἐὰν

325 2011 392 2065 δὲ
425 2013 522 2065 καὶ
546 2015 576 2066 6
604 2013 728 2077 Υἱὸς
754 2013 1104 2085 ὀνομάζηται,
1131 2015 1188 2069 έν
1207 2015 1284 2086 τῷ
1313 2014 1426 2086 Υίῷ
1459 2017 1606 2069 ἐστιν
1632 2017 1659 2068 6
1694 2015 1902 2087 Πατὴρ,

338 2105 431 2157 καὶ
462 2104 524 2156 τὸ
550 2105 774 2176 Πνεῦμα
803 2107 902 2160 οὐκ
929 2106 1073 2162 ἐστιν
1106 2107 1261 2171 ὲκτὸς
1285 2106 1378 2160 τοῦ
1420 2106 1617 2176 Λόγου.
1660 2107 1775 2161 Μία
1799 2107 1904 2180 γάρ

336 2197 486 2249 ἐστιν
509 2197 574 2249 ὲκ
590 2196 683 2249 τοῦ
706 2200 918 2270 Πατρὸς
951 2199 1109 2271 χάρις
1135 2200 1200 2251 δι’
1221 2198 1351 2252 Υίοῦ
1379 2201 1435 2252 ὲν
1467 2197 1746 2268 Πνεύματι
1768 2199 1906 2268 ἁγίῳ

326 2287 689 2359 πληρουμένη
715 2305 729 2319 ⁶
786 2290 880 2342 καὶ
943 2289 1038 2360 μία
1076 2289 1265 2361 θεότης
1324 2290 1460 2355 ἐστὶ,
1511 2289 1603 2342 καὶ
1646 2283 1726 2352 εἷς
1778 2289 1908 2353 Θεός

336 2380 487 2432 ἐστιν
518 2379 628 2450 (28)
656 2381 684 2432 6
719 2380 809 2434 ἐπὶ
842 2381 1078 2447 πάντων,
1105 2383 1200 2435 καὶ
1229 2381 1315 2434 διὰ
1337 2381 1573 2444 πάντων,
1604 2381 1696 2435 καὶ
1728 2383 1785 2435 ἐν
1805 2385 1909 2435 πᾶ-

328 2488 444 2525 -σιν,
481 2471 636 2525 Οὕτω
657 2473 765 2544 γὰρ
798 2472 893 2526 καὶ
924 2475 951 2526 6
977 2472 1206 2536 Παῦλος,
1235 2471 1502 2544 εἰρηκὼς,
1544 2491 1563 2524 ‹
1602 2474 1909 2546 Διαμαρτύ-

330 2577 510 2632 ,ρομαι
541 2561 767 2616 ἐνώπιον
792 2563 886 2616 τοῦ
918 2563 1050 2616 Θεοῦ
1080 2565 1174 2618 καὶ
1207 2564 1379 2635 Ἰησοῦ
1407 2566 1643 2634 Χριστοῦ
1669 2608 1684 2631 ,
1735 2585 1754 2617 ι
1793 2566 1906 2634 ἐγί-

337 2669 568 2717 νωσκεν,
598 2655 679 2706 ὅτι
697 2655 758 2708 ού
787 2655 1024 2728 διῃρεῖτο
1054 2655 1146 2708 τοῦ
1169 2656 1298 2709 Υἱοῦ
1321 2656 1382 2709 τὸ
1414 2657 1639 2728 Πνεῦμα
1665 2697 1678 2721 ,
1705 2657 1818 2711 ἀλλ’
1850 2660 1908 2710 ὲν

337 2743 562 2816 Χριστῷ
600 2740 668 2816 ἦν
702 2745 796 2799 καὶ
831 2746 983 2810 αὐτὸ,
1043 2745 1228 2819 ὥσπερ
1265 2749 1294 2800 6
1323 2748 1450 2812 Υίὸς
1503 2750 1559 2802 ὲν
1588 2748 1665 2820 τῷ
1697 2750 1870 2820 Πατρί
1891 2768 1903 2781 ·

336 2831 463 2894 τοὺς
511 2833 570 2887 δὲ
616 2833 904 2898 ἐκλεκτοὺς
941 2836 1209 2904 ἀγγέλους
1253 2837 1629 2908 συνεπήγαγεν
1664 2838 1904 2915 εἰκότως,

337 2922 448 2987 ῐνα,
486 2923 673 2996 ἐπειδὴ
727 2925 1091 2998 διαμαρτυρία
1137 2923 1205 3000 ἦν
1243 2928 1321 2999 τῷ
1372 2928 1582 3002 μαθητῇ
1623 2930 1905 3000 λεγομένη,

331 3014 644 3083 γινώσκων,
692 3018 911 3090 (ὓς-(29)
948 3019 1017 3073 τὰ
1046 3020 1141 3090 μὲν
1159 3021 1425 3092 λεγόμενα
1455 3023 1609 3094 παρά
1650 3023 1784 3076 Θεοῦ
1824 3022 1910 3075 διὰ.

2012 1926 2151 1973 ctus.
2179 1916 2456 1987 Siquidem
2483 1933 2590 1972 una
2616 1926 2699 1972 est
2725 1917 2900 1972 Patris
2929 1918 3099 1986 gratia
3120 1932 3239 1988 qua:
3263 1933 3355 1988 per
3380 1916 3578 1990 Filium

2011 2010 2067 2064 in
2099 2009 2301 2080 Spiritu
2334 2017 2522 2065 sancto
2555 2010 2876 2080 completur.
2919 2008 3033 2064 Una
3082 2010 3282 2079 pariter
3322 2008 3580 2063 divinitas

2012 2112 2067 2158 et
2118 2118 2261 2159 unus
2315 2102 2459 2160 Deus
2514 2115 2597 2158 est
2648 2103 2742 2173 qui
2789 2110 2873 2158 est
2917 2117 3082 2172 super
3132 2102 3335 2169 omnia,
3383 2111 3438 2157 et
3485 2117 3581 2172 per

2013 2194 2216 2260 omnia,
2248 2202 2410 2264 atque
2437 2193 2491 2247 in
2521 2194 2794 2248 omnibus.
2826 2191 3072 2263 Namque
3101 2194 3215 2264 ipse
3239 2194 3400 2248 etiam
3435 2193 3580 2248 Pau—

2013 2283 2098 2340 lus
2124 2284 2282 2354 cujus
2310 2286 2425 2340 ltaec
2454 2293 2582 2340 sunt
2606 2285 2791 2347 verba,
2827 2305 2845 2337 ‹
2875 2283 3159 2340 Testiticor
3186 2299 3370 2340 coram
3397 2283 3508 2339 Deo
3525 2292 3582 2340 et

2012 2376 2141 2434 Jesu
2167 2377 2464 2446 Christo”,
2495 2398 2511 2430 ι
2536 2376 2796 2449 Spiritum
2822 2393 2852 2432 a
2877 2377 3015 2433 Filio
3046 2378 3362 2447 neutiquam
3391 2377 3578 2440 dividi,

2014 2471 2108 2525 sed
2126 2471 2303 2540 ipsum
2334 2471 2386 2523 in
2405 2469 2624 2524 Christo
2655 2484 2796 2536 esse,
2835 2469 3294 2537 quemadmodum
3323 2467 3496 2524 Filius
3525 2468 3581 2522 in

2013 2559 2172 2616 Patre
2204 2569 2306 2628 est,
2344 2561 2545 2630 optime
2573 2568 2816 2616 noverat.
2840 2557 3234 2614 Convenienter
3268 2568 3448 2613 tamen
3473 2559 3583 2614 ele-

2013 2665 2131 2710 ctos
2158 2656 2379 2724 angelos
2407 2670 2513 2707 una
2544 2652 2812 2723 adjunxit,
2844 2661 2924 2717 ut,
2961 2651 3216 2722 quoniam
3257 2652 3372 2706 haec
3404 2649 3471 2704 ad
3500 2649 3583 2702 di-

2013 2745 2283 2816 scipulum
2315 2744 2619 2808 scribebat,
2647 2743 2737 2798 ille
2763 2743 2850 2798 cui
2883 2743 3104 2798 minime
3140 2741 3442 2797 latebat-ea,
3463 2755 3584 2811 quae

2013 2853 2045 2892 a
2085 2837 2195 2893 Deo
2239 2839 2384 2894 dicta
2434 2845 2562 2892 sunt
2605 2852 2700 2907 per
2744 2833 3024 2890 Christum
3072 2835 3130 2889 in
3185 2834 3388 2905 Spiritu
3439 2834 3580 2888 dicta

2013 2945 2155 2995 esse,
2185 2940 2240 2986 et
2268 2931 2489 3000 angelos
2529 2945 2616 2985 res
2657 2939 2874 2985 nostras
2904 2928 3302 2992 administrare,
3340 2925 3583 2995 singulo—

1975 3017 1985 3028 ’
2012 3037 2245 3090 rumque
2276 3030 2430 3078 actus
2457 3021 2747 3091 speculari,
2785 3021 3031 3093 magistri
3059 3020 3460 3076 exhortationes
3488 3031 3586 3071 cu-

339 3108 577 3179 Χριστοῦ
607 3111 664 3162 ὲν
695 3110 973 3181 Πνεύματι
1006 3111 1318 3184 λελάληται,
1350 3114 1402 3166 oi.
1441 3114 1497 3167 δὲ
1546 3113 1765 3183 ἄγγελοι
1797 3114 1910 3169 δια-

2018 3113 2260 3180 stodiret,
2315 3123 2375 3168 ut.
2431 3113 2520 3168 cui
2579 3128 2899 3182 persuasum
2967 3123 3113 3169 esset
3163 3111 3404 3166 omnium
3460 3123 3582 3179 qua:

338 3199 556 3253 κονοῦσι
595 3201 666 3254 τὰ
697 3201 829 3272 παρ’
855 3202 1032 3274 ἡμῶν,
1078 3204 1498 3269 ἐπισκοποῦντες
1534 3205 1632 3268 τὰς
1676 3206 1905 3259 ἑκάστου

2018 3205 2218 3260 diceret
2266 3203 2412 3274 ipsos
2457 3204 2679 3274 angelos
2729 3203 3103 3274 speculatores
3151 3209 3317 3257 testes
3360 3199 3580 3254 habere.

337 3289 587 3360 πράξεις,
610 3291 818 3364 φυλάξῃ
842 3293 940 3356 τὰς
955 3293 1048 3346 τοῦ
1071 3293 1386 3348 διδασκάλου
1410 3296 1758 3368 παραινέσεις
1775 3296 1908 3367 (ὅθ),

329 3379 414 3444 ὡς
438 3381 576 3451 ἔχων
605 3385 730 3446 τοὺς
755 3384 1064 3455 ἐφορῶντας
1101 3385 1207 3439 τῶν
1253 3386 1560 3458 λεγομένων
1605 3387 1907 3459 μάρτυρας.

345 3475 412 3527 Ἦ
450 3475 592 3546 τάχα
636 3476 732 3530 καὶ
783 3477 872 3531 διὰ
921 3478 1046 3542 τοὺς
1094 3478 1182 3532 διὰ
1209 3479 1410 3543 παντὸς
1455 3478 1792 3550 θεωροῦντας
1847 3478 1909 3532 τὸ

342 3567 630 3638 πρόσωπον
671 3567 764 3620 τοῦ
801 3569 1041 3639 Πατρὸς,
1083 3568 1176 3622 τοῦ
1226 3571 1284 3623 ὲν
1331 3572 1446 3634 τοῖς
1493 3571 1761 3641 οὐρανοῖς,
1801 3569 1919 3622 δια-

2016 3297 2101 3352 An
2134 3295 2278 3351 forte
2323 3296 2548 3366 angelos
2580 3295 2674 3366 qui
2709 3310 2925 3366 semper
2951 3295 3134 3350 vident
3164 3293 3357 3348 faciem
3382 3290 3582 3354 Patris,

2017 3388 2110 3459 qui
2155 3388 2208 3441 in
2260 3387 2414 3442 caelis
2461 3395 2564 3452 est,
2601 3395 2821 3455 propter
2856 3384 3110 3441 Ecclesiae
3138 3383 3387 3454 pusillos,
3417 3390 3583 3438 testes

2016 3477 2268 3546 appellat,
2309 3484 2371 3531 ut
2417 3475 2742 3545 discipulus,
2782 3475 3012 3546 cognitis
3060 3475 3383 3546 populorum
3424 3486 3583 3527 cura-

2024 3568 2257 3634 toribus,
2285 3566 2532 3637 Apostoli
2560 3566 2962 3622 admonitiones
2987 3581 3096 3622 non
3134 3568 3444 3637 negligeret.

343 3657 678 3728 μαρτύρεται
718 3656 812 3710 νῦν
853 3659 967 3729 (51)
997 3659 1282 3728 ἀγγέλους,
1308 3659 1473 3714 ἕνεκά
1510 3678 1575 3724 γε
1605 3661 1711 3714 τῶν
1752 3662 1810 3713 ὲν
1841 3662 1908 3730 τῇ
1964 3657 2258 3730 Ἐκκλησία
2307 3658 2549 3730 μικρῶν,
2603 3659 2720 3726 ἵνα,
2774 3657 3055 3727 γινώσκων
3095 3659 3122 3710 ὁ
3161 3656 3404 3729 μαθητὴς
3456 3658 3581 3720 τοὺς

333 3753 643 3824 κηδεμόνας
678 3752 784 3805 τῶν
809 3751 973 3818 λαῶν,
1006 3753 1080 3824 μὴ
1119 3755 1368 3828 ἀμελήσῃ
1410 3755 1518 3809 τῶν
1550 3756 1919 3827 παραινέσεων
1956 3751 2046 3806 τοῦ
2096 3753 2439 3807 Ἀποστόλου.

409 3845 497 3899 15.
533 3845 652 3898 Τῶν
685 3845 781 3916 μὲν
801 3842 894 3900 οὖν
919 3845 1076 3902 θείων
1101 3847 1296 3916 λογίων
1315 3847 1553 3911 τοιοῦτος
1579 3851 1606 3901 ὁ
1638 3848 1762 3912 νοῦς
1788 3847 1909 3918 ἐμοὶ

336 3936 606 4006 φαίνεται,
638 3937 926 4008 διελέγχων
952 3937 1050 4010 τὴν
1078 3938 1186 3992 τῶν
1211 3939 1418 4009 ἀλόγων
1449 3939 1590 3992 κατά
1619 3937 1712 3993 τοῦ
1743 3938 1912 3991 Πνεύ-

345 4045 510 4098 ματος
537 4029 848 4100 δυσφημίαν
867 4047 880 4060 '
908 4031 1063 4085 αὐτοὶ
1086 4032 1144 4085 δὲ
1175 4032 1274 4103 τὴν
1314 4031 1644 4102 φιλονεικίαν
1675 4029 1908 4101 ἔμμονον

339 4118 554 4189 ἔχοντες
592 4119 730 4190 πρὸς
766 4120 863 4192 τὴν
884 4121 1160 4193 ἀλήθειαν,
1194 4125 1269 4187 ὼς
1299 4123 1549 4194 γράφεις,
1586 4121 1766 4176 οὐκέτι
1813 4121 1909 4192 μὲν

339 4208 448 4261 ἀπὸ
489 4208 598 4262 τῶν
625 4210 856 4280 Γραφῶν
893 4211 1023 4282 (οὐχ
1051 4212 1360 4282 εὑρίσκουσι
1403 4212 1566 4284 γὰρ),
1587 4211 1693 4265 ἀπὸ
1720 4210 1778 4264 δὲ
1814 4209 1906 4262 τοῦ

344 4299 779 4370 περισσεύματος
819 4302 918 4370 τῆς
947 4301 1174 4372 καρδίας
1213 4303 1311 4374 τῆς
1357 4303 1492 4366 ἰδίας
1525 4301 1906 4372 ἐρευγόμενοι,

344 4388 505 4443 πάλιν
533 4391 860 4460 φάσκουσιν’
890 4395 954 4447 Ei
984 4394 1058 4464 μὴ
1088 4392 1292 4464 κτίσμα
1315 4394 1430 4448 ἐστὶ
1449 4435 1463 4460 ,
1497 4393 1631 4465 μηδὲ
1664 4391 1770 4446 τῶν
1805 4391 1908 4459 ἀγ-

345 4477 516 4545 γέλων
560 4475 643 4543 εἷς
673 4482 842 4546 ἐστιν,
873 4482 986 4535 ἀλλ’
1009 4484 1073 4536 ὲκ
1120 4482 1214 4536 τοῦ
1262 4484 1474 4556 Πατρὸς
1519 4481 1903 4553 ἐκπορεύεται·

415 4659 463 4693 ’³
499 4659 634 4715 Gen.
657 4677 847 4728 xnvm,
873 4661 960 4717 15.
1035 4664 1081 4696 ’⁵
1117 4663 1160 4717 ιι
1195 4664 1432 4720 Timotli.
1467 4682 1537 4731 ιν,
1581 4666 1630 4720 1.

418 4815 534 4895 (es)
576 4816 667 4895 Sic
695 4788 904 4895 Regius
919 4809 1162 4895 _primus,
1197 4817 1323 4889 Seg.
1357 4830 1409 4874 et
1433 4818 1592 4895 LXX.
1621 4819 1758 4895 Ειιίιι
1791 4836 1916 4877 vero
1946 4835 1995 4895 ι)

344 4894 400 4939 et
427 4887 551 4960 alii,
582 4887 887 4960 εὐλογήσει.
919 4887 1091 4945 Porro
1120 4887 1293 4959 supra
1309 4891 1555 4944 oratione
1587 4892 1742 4946 tertia
1782 4906 1914 4946 con-

2087 3845 2173 3898 15.
2202 3844 2388 3915 Itaque
2427 3847 2474 3900 is
2505 3845 2634 3900 mihi
2675 3845 2885 3901 videtur
2913 3858 3033 3900 esse
3066 3857 3258 3900 sensus
3289 3841 3580 3910 Scripturae

2015 3952 2206 4000 sacrae,
2240 3953 2348 4006 quo
2378 3939 2534 4007 plane
2563 3939 2778 3992 illorum
2805 3938 3067 3993 adversus
3093 3937 3354 4006 Spiritum
3387 3934 3579 4004 impie-

2014 4039 2099 4084 tas
2133 4030 2461 4086 validissime
2489 4030 2776 4086 refutatur.
2804 4028 3007 4086 Verum
3045 4028 3205 4083 iidem
3249 4028 3326 4081 illi
3368 4027 3578 4082 veritati

2015 4121 2292 4176 adversari
2318 4131 2568 4193 pergunt,
2588 4130 2643 4176 ut
2674 4121 2890 4186 scribis,
2910 4136 3017 4176 non
3033 4122 3144 4191 jam
3168 4135 3236 4174 ex
3261 4118 3576 4189 Scripturis,

2014 4215 2209 4284 quippe
2238 4217 2331 4285 qui
2361 4216 2496 4270 nihil
2526 4215 2597 4270 ibi
2628 4215 2928 4279 inveniant,
2955 4214 3048 4269 sed
3074 4229 3141 4268 ex
3165 4211 3368 4282 proprii
3400 4210 3579 4266 cordis

2013 4307 2372 4362 redundantia
2407 4309 2522 4362 haec
2566 4323 2761 4363 rursus
2807 4314 3100 4362 eructant:
3136 4305 3194 4360 Si
3227 4303 3461 4374 Spiritus
3489 4317 3579 4358 res

2014 4407 2193 4454 creata
2227 4416 2332 4454 non
2361 4409 2462 4465 est,
2509 4415 2684 4469 neque
2715 4414 2857 4453 unus
2888 4414 2955 4455 ex
2986 4397 3213 4469 angelis,
3251 4396 3344 4452 sed
3379 4410 3445 4451 ex
3472 4393 3576 4448 Pa-

2016 4499 2096 4546 tre
2142 4493 2424 4560 procedit:
2460 4493 2623 4562 igitur
2670 4491 2840 4547 Filius
2887 4506 3101 4563 quoque
3149 4489 3267 4559 ipse
3315 4485 3580 4543 dicendus

2089 4822 2203 4964 $98;
2255 4823 2432 4877 Ἐστιν
2459 4826 2610 4878 deest
2646 4820 2700 4875 in
2731 4820 2901 4906 .Reglo
2933 4821 3111 4906 primo
3144 4827 3196 4871 et
3220 4816 3346 4902 ξος.

2113 4894 2181 4964 29
2241 4893 2478 4948 Felckm.
2512 4893 2546 4944 2
2581 4900 2636 4948 et
2659 4892 2810 4964 edlll,
2841 4905 3327 4964 YLWUO'hXOVﬂLQﬂ.

2113 4883 2203 4960 29)
2241 4893 2478 4948 Fclckm.
2512 4893 2546 4944 2
2581 4900 2636 4948 et
2659 4883 3319 4960 editi,'ytv?ocrxov'rt,_6n:
3363 4883 3506 4960 βας.
3540 4884 3578 4938 2

346 4964 428 5031 tra
463 4955 729 5031 Arianos,
765 4955 890 5029 pag.
918 4961 1042 5031 4M,
1096 4955 1372 5031 num._42,
1405 4961 1509 5031 hoc
1536 4959 1589 5014 in
1623 4961 1910 5031 Scriptura:

2018 4973 2072 5018 et
2097 4955 2372 5018 'Ot'tobon.
2422 4964 2620 5018 habent
2649 4955 2972 5031 γινώσκων,
3006 4961 3107 5013 ὅτι.
3141 4956 3243 5009 Alii
3277 4962 3334 5010 ut
3363 4955 3451 5008 hic
3480 4968 3576 5008 ex-

347 5027 489 5092 loco,
516 5029 694 5098 angeli
729 5027 967 5096 nomine,
995 5030 1230 5086 Verbum
1264 5029 1359 5085 Dei
1385 5030 1612 5084 indicari
1642 5027 1816 5086 docet.
1843 5031 1913 5085 At

346 5111 471 5169 cum
499 5114 559 5152 ea
593 5100 904 5155 observatio
948 5100 1084 5154 nihil
1131 5101 1220 5154 hie
1263 5100 1327 5154 ad
1379 5116 1492 5154 rem
1521 5103 1808 5169 pertineat,
1843 5102 1908 5156 ad

347 5167 462 5239 sola
486 5169 728 5239 _att_endit
762 5169 1055 5239 Scriptum
1084 5171 1268 5224 verba.

417 5236 528 5310 (26)
568 5237 788 5310 Primus
834 5236 1273 5310 codexURegins,
1303 5241 1630 5310 Segnia-rw
1651 5243 1856 5297 addunt
1892 5261 1905 5297 :

349 5304 438 5358 alii
463 5304 517 5361 et
545 5309 676 5362 editi
705 5309 982 5363 omittunt.
1014 5304 1327 5364 Mox‘Gobl.
1356 5304 1410 5364 οῖ
1443 5309 1680 5367 Felckm.
1700 5313 1752 5374 l,
1789 5331 1910 5365 συν-

349 5376 723 5449 αριθμεῖταιρ
753 5378 884 5442 Θεὸς
915 5381 1007 5432 καὶ
1045 5378 1192 5441 Υίός.
1239 5379 1373 5434 Ibid.
1417 5395 1516 5448 pro
1566 5382 1654 5434 ναί
1712 5381 1910 5449 Regius

349 5445 556 5512 primus
589 5456 642 5502 et
675 5445 994 5520 seguerian.
1022 5449 1222 5520 habent
1247 5449 1360 5514 καί,
1391 5445 1445 5504 εὶ
1481 5450 1677 5520 Regius
1701 5445 1912 5520 primus

351 5525 606 5634 Egﬁterea
653 5519 912 5588 νοήσωσι,
943 5527 996 5574 et
1024 5518 1188 5589 paulo
1225 5528 1347 5587 post
1372 5518 1606 5575 διάνοιαν
1650 5518 1747 5592 pro
1779 5539 1913 5593 καρ-

401 5601 484 5638 αν.

401 5655 531 5735 ,(ἳἹ)
575 5654 726 5728 Seg.,
768 5657 1014 5729 συνέστη.
1050 5653 1252 5730 Regius
1296 5658 1525 5730 primus,
1558 5659 1906 5733 Anglicanus.

357 5737 583 5778 συνεστι.

2018 5043 2149 5089 stat.

2087 5103 2198 5176 (50)
2240 5103 2884 5176 Basiluﬁapa'crjpﬁaetg.
2926 5093 3406 5176 [:aulonpostnﬁif'z
3453 5101 3579 5162 post

2014 5163 2154 5244 τάχα
2181 5163 2299 5226 ’καί
2345 5163 2599 5244 οιιῇἰιιιιίιι
2637 5163 2916 5244 ῐὶἒέέλιει
2940 5169 2994 5233 2,
3027 5176 3080 5221 et
3109 5163 3231 5236 ch.
3270 5163 3432 5230 lbid.,
3479 5179 3576 5234 pro

2013 5241 2589 5329 θείτλρρβνξριςςβειξίιη
2617 5241 2951 5329 ἐφρρῶνταςέ
2995 5321 3023 5329 _

2087 5297 2199 5385 (an
2240 5297 2589 5385 Sici'liegius:
2634 5297 2861 5385 p'ri'tnus,
2903 5297 3044 5385 'sqg.
3079 5297 3488 5385 _Basil.___Gobl.I
3524 5309 3580 5358 et

2012 5373 2249 5455 _Felckin.
2276 5373 2508 5455 primus.
2543 5373 2824 5455 Cge'ter'i_et
2855 5373 3015 5455 _editi'
3041 5374 3138 5455 νῦν
3168 5373 3448 5455 omittunt",
3477 5373 3580 5455 ha?

2013 5453 2248 5522 bentque
2276 5441 2377 5522 art.
2411 5451 2554 5522 τούς.
2579 5449 2713 5522 Ibid.
2737 5447 2939 5522 Regius
2972 5443 3205 5522 primus,
3238 5441 3388 5522 ξος...
3413 5442 3579 5522 ἕνεκα

2035 5540 2099 5587 ξε.
2134 5511 2390 5576 Ιίιιι-ιίοιιι.
2431 5537 2495 5587 γε
2517 5511 2582 5572 in
2625 5518 2745 5587 aliis
2778 5511 2844 5587 εἴ
2858 5511 3020 5587 editis
3046 5511 3416 5587 _deestLPaulo
3454 5519 3580 5587 post

2069 5553 2226 5661 ξείιὲ

2018 5657 2160 5726 nuis,
2201 5657 2544 5728 κηδομένους.
