3914 6222
415 351 514 404 571
1013 348 1072 404 S.
1112 347 1482 405 ATHANASII
1520 351 1670 406 OPP.
1710 351 1890 406 PARS
1925 353 1967 406 l.
2011 382 2080 394 —
2120 347 2492 404 HISTORICA
2533 349 2622 404 ET
2663 348 3080 410 DOGMATICA.
3546 354 3656 411 572

411 482 526 522 non
563 466 809 519 humana
857 464 1119 532 sapientia
1149 466 1469 533 expendere,
1515 463 1607 520 sed
1643 463 1766 518 ﬁdei
1799 463 1986 518 auditu

2106 463 2239 530 .όγος
2287 463 2525 530 ἐπαξίως
2555 463 2940 536 διερμηνεῦσαι
2967 464 3254 536 δυνήσεται
3285 465 3354 518 τὰ
3383 465 3521 538 ὑπὲρ
3555 467 3660 540 τὴν

416 559 670 627 excipere
721 557 992 610 convenit.
1041 553 1172 620 Quae
1214 556 1356 608 enim
1389 557 1565 609 oratio
1591 570 1654 609 ea
1683 570 1803 624 qua:
1829 569 1984 609 crea-

420 661 530 706 tam
559 658 808 703 naturam
839 646 1230 702 transcendunt
1262 646 1423 717 digne
1460 647 1634 717 possit
1675 645 1988 717 explicare?
2025 693 2027 696 .

418 742 515 797 Vel
547 755 820 811 quaenam,
851 754 1056 810 qumso,
1086 755 1247 796 aures
1277 754 1474 808 capere
1500 739 1711 808 possint
1742 755 1862 809 quae
1891 739 1987 794 ho-

416 836 658 890 minibus
685 849 782 888 nec
809 833 996 887 audire
1035 848 1136 887 nec
1171 833 1320 903 loqui
1356 833 1514 888 licet?
1545 832 1635 889 Sic
1668 834 1811 888 enim
1842 832 1985 887 Pau-

417 927 504 982 lus
555 926 621 981 de
663 924 748 978 his
792 939 912 994 quae
945 923 1058 992 ipse
1087 923 1294 978 audivit
1331 932 1561 979 testatus
1605 933 1724 990 est;
1776 924 1843 979 de
1877 923 1986 978 Deo

407 1025 601 1071 autem
631 1018 748 1070 haec
774 1015 907 1069 dicit
934 1032 946 1067 :
985 1033 1005 1065 ‹
1043 1015 1217 1082 Quam
1267 1015 1670 1087 investigabiles
1701 1017 1802 1071 viae
1833 1015 1982 1085 ejus!

409 1107 553 1176 'Quis
579 1109 722 1162 enim
756 1108 1008 1177 cOgnovit
1040 1123 1260 1162 sensum
1292 1107 1550 1162 Domini?
1580 1109 1687 1163 Aut
1715 1109 1838 1178 quis
1862 1121 1989 1162 eon-

421 1201 661 1257 siliarius
699 1201 818 1266 ejus
851 1200 1054 1255 fuit"?
1081 1220 1098 1252 ι
1143 1199 1281 1257 Hinc
1312 1201 1586 1256 Abraham
1616 1202 1750 1256 nihil
1776 1205 1987 1256 curiose

413 1279 720 1361 inquisivit,
757 1308 858 1348 nec
891 1293 1159 1362 loquentis
1193 1293 1354 1349 verba
1390 1293 1668 1357 discussit,
1697 1293 1792 1347 sed
1825 1309 1845 1344 ι
1866 1307 1985 1348 cre-

419 1387 556 1442 didit
586 1386 693 1441 Deo
729 1394 782 1440 et
820 1393 1124 1454 rcputatum
1154 1394 1237 1440 est
1278 1384 1327 1440 ei
1357 1384 1422 1438 ad
1449 1385 1716 1452 justitiam
1740 1385 1808 1437 ".
1847 1403 1864 1435 ι
1899 1381 1990 1438 Sic

417 1479 632 1548 Moyses
678 1478 851 1532 lidclis
904 1477 1140 1531 famulus
1190 1477 1489 1547 appellatus
1529 1484 1613 1530 est
1635 1477 1701 1528 θ’,
1739 1474 1892 1542 Quod
1941 1473 1987 1529 si

421 1567 628 1631 Ariani,
660 1567 784 1636 quia
834 1566 887 1620 in
935 1567 1252 1621 malevolam
1301 1566 1541 1635 ipsorum
1591 1565 1826 1620 animam
1879 1580 1988 1618 non

421 1657 747 1727 ingredietur
789 1659 1077 1727 sapientia,
1116 1656 1452 1711 individuam
1498 1665 1552 1711 et
1594 1666 1836 1711 sanctam
1871 1655 1992 1709 Tri-

416 1750 644 1806 nitatem
675 1765 774 1805 nec
808 1750 1108 1820 intelligere
1145 1764 1245 1804 nec
1271 1749 1492 1805 credere
1530 1757 1736 1819 queunt
1762 1768 1775 1804 :
1803 1763 1872 1803 ne
1904 1747 1990 1802 id-

2093 554 2322 626 τενητὴν
2360 554 2487 608 ὄντα
2519 553 2715 624 φύσιν;
2749 557 2817 608 Ἢ
2853 555 2980 610 ποία
3007 573 3094 620 τις
3122 556 3259 619 ὅλως
3297 557 3433 629 ἀκοὴ
3478 560 3661 614 συνιέ-

2093 663 2179 699 ναι
2212 645 2322 717 (48)
2356 645 2577 700 δύναται
2605 688 2618 711 ,
2691 647 2727 702 ἃ
2769 649 2841 720 μὴ
2887 646 3095 714 ἔξεστιν
3153 649 3463 720 ἀνθρώποις
3517 654 3658 722 μήτε

2093 735 2327 802 ἀκούειν,
2363 737 2499 807 μήτε
2531 737 2745 804 λαλεῖν;
2778 739 2913 810 Περὶ
2967 739 3066 811 μὲν
3114 735 3206 794 οῦν
3250 734 3324 794 ὧν
3367 741 3598 812 ἤκουσεν
3630 745 3662 796 ὁ

2094 824 2303 888 Παῦλος
2327 867 2342 890 ,
2375 826 2544 890 οὕτως
2584 829 2770 899 εἴρηκε
2793 845 2806 858 ·
2849 829 2977 900 περὶ
3014 830 3070 882 δέ
3117 829 3278 884 αὑτοῦ
3323 831 3416 884 τοῦ
3471 832 3610 886 Θεοῦ
3642 851 3658 864 ·
3681 869 3698 894 ι

2099 936 2118 968 ι
2159 918 2247 980 Ὠς
2276 893 2668 988 ἀνεξιχνίαστοι
2694 893 2768 974 *αἱ
2801 893 3116 975 ὁδοὶ-αὐτοῦ
3164 924 3177 975 ι
3217 924 3312 987 Τίς
3361 924 3470 996 γὰρ
3517 925 3664 995 ἔγνω
3682 893 3712 925 1

2093 1007 2216 1061 νοῦν
2247 1009 2487 1079 Κυρίου;
2523 1008 2589 1062 "H
2617 1009 2702 1072 τίς
2730 1009 3032 1081 σύμϐουλος
3060 1011 3222 1064 αὑτοῦ
3251 1011 3464 1081 ἐγένετο
3489 1030 3503 1078 ;
3535 1033 3568 1065 ιΔ
3601 1015 3663 1068 '0

2093 1098 2222 1168 γοῦν
2272 1100 2519 1172 Ἀϐραὰμ
2555 1099 2677 1154 οὔτε
2730 1101 3150 1173 περιειργάσατο
3177 1143 3191 1168 ,
3235 1103 3354 1156 ούδέ
3406 1105 3664 1175 ἀνέκρινε

2093 1191 2183 1242 τὸν
2205 1190 2486 1257 λαλοῦντα,
2523 1191 2636 1244 ἀλλ’
2673 1211 2691 1244 ι
2723 1193 3002 1246 ἐπίστευσε
3027 1233 3042 1258 ,
3082 1193 3176 1248 καὶ
3219 1194 3469 1266 ἐλογίσθη
3511 1182 3664 1268 αύτῷ

2093 1281 2174 1344 είς
2194 1281 2537 1352 δικαιοσύνην
2560 1300 2574 1314 ’
2601 1303 2622 1335 ι
2660 1283 2802 1338 οὕτω
2827 1285 3030 1356 Μωσῆς
3057 1287 3246 1350 πιστὸς
3273 1287 3474 1360 ἐκλήθη
3502 1288 3666 1359 θερά-

2095 1389 2234 1428 πωνο
2263 1373 2326 1426 Εἰ
2363 1374 2419 1427 δέ
2450 1375 2498 1426 οί
2527 1374 2595 1426 τὰ
2629 1374 2738 1446 (49)
2786 1375 2993 1447 Ἀρείου
3025 1377 3367 1448 φρονοῦντες,
3413 1380 3540 1434 ἐπεὶ
3583 1384 3667 1444 είς

2094 1464 2191 1535 τὴν
2225 1463 2548 1536 κακότεχνον
2582 1465 2759 1519 αὐτῶν
2803 1465 2980 1539 ψυχὴν
3027 1469 3126 1521 οὐκ
3167 1470 3528 1525 εἰσελεύσεται
3581 1489 3670 1526 σο-

2096 1559 2214 1628 φία,
2247 1558 2308 1611 ού
2333 1557 2584 1612 δύνανται
2615 1560 2753 1613 νοεῖν
2779 1559 2898 1612 ούδέ
2923 1560 3196 1614 πιστεύειν
3225 1564 3352 1634 περὶ
3374 1563 3473 1634 τῆς
3497 1563 3669 1617 ἀδιαι-

2100 1649 2254 1722 ρέτου
2286 1648 2380 1703 καὶ
2417 1649 2578 1718 ἁγίας
2610 1650 2858 1721 Τριάδος,
2894 1651 2967 1722 μὴ
2990 1651 3078 1730 διᾲ
3105 1652 3263 1706 τοῦτο
3288 1653 3380 1707 καὶ
3410 1654 3508 1724 τὴν
3533 1654 3669 1726 ἀλή-

2099 1742 2248 1797 θειαν
2281 1741 2392 1814 (50)
2422 1739 2954 1813 παρεξηγείσθωσαν,
2977 1744 3110 1814 μηδέ
3126 1743 3268 1817 ᾇπερ
3297 1746 3451 1799 αὐτοὶ
3477 1746 3551 1816 μὴ
3575 1746 3670 1799 δύ-

417 1842 568 1897 circo
601 1841 880 1896 veritatem
909 1841 1233 1906 adulterent,
1274 1857 1374 1895 nec
1402 1857 1524 1910 quae
1570 1841 1674 1910 ipsi
1718 1841 1994 1910 percipere

2106 1849 2280 1885 mvratt
2305 1834 2465 1893 νοεῖν,
2505 1830 2675 1884 ταῦτα
2700 1833 3002 1900 λεγέτωσαν
3043 1834 3178 1905 μηδὲ
3207 1830 3344 1887 εἶναι
3381 1834 3665 1890 δύνασθαι.

420 1945 530 1986 non
567 1938 813 2000 possunt,
852 1931 964 1984 haec
993 1944 1102 1983 non
1132 1945 1294 1999 posse
1323 1945 1442 1984 esse
1472 1930 1824 1984 contendant.
1860 1928 1993 1984 Per-

421 2023 658 2078 absurda
697 2022 840 2076 enim
889 2036 976 2074 res
1015 2028 1118 2087 est,
1171 2021 1337 2090 quod,
1389 2036 1512 2076 cum
1560 2022 1843 2091 concipere
1885 2037 1995 2074 non

416 2112 654 2177 valeant,
690 2112 782 2181 qui
811 2112 923 2165 ﬁeri
956 2112 1127 2181 possit
1170 2121 1228 2166 ut
1256 2111 1537 2167 individua
1564 2113 1635 2168 sit
1660 2111 1846 2167 sancta
1875 2111 1997 2166 Tri-

423 2203 594 2270 nitas,
626 2203 812 2256 Ariani
859 2204 1061 2257 idcirco
1108 2201 1338 2268 Filium,
1388 2212 1442 2258 et
1491 2203 1680 2272 tropici
1734 2202 1996 2272 Spiritum

414 2300 671 2348 sanctum
701 2291 840 2346 inter
865 2308 952 2346 res
977 2301 1188 2347 creatas
1221 2301 1524 2347 numerent.
1549 2291 1751 2363 Nempe
1780 2302 1995 2363 aequum

419 2390 543 2436 erat
573 2381 655 2436 vel
698 2383 798 2436 ista
847 2397 954 2435 non
998 2382 1382 2452 intelligentes,
1416 2396 1644 2451 prorsus
1686 2382 1866 2449 silere,
1901 2397 2000 2438 nec

425 2472 548 2528 illos
580 2468 798 2538 Filium,
835 2487 933 2527 nec
973 2473 1109 2527 istos
1153 2471 1415 2542 Spiritum
1453 2485 1698 2527 sanctum
1731 2465 1873 2528 inter
1907 2489 1996 2529 res

425 2571 638 2618 creatas
687 2561 1020 2630 collocare;
1073 2563 1158 2619 vel
1208 2573 1357 2618 certe
1407 2563 1550 2643 quod
1601 2565 1860 2636 scriptum
1915 2575 1998 2622 est

425 2668 752 2724 agnoscere,
789 2653 1098 2724 Filiumque
1137 2670 1261 2710 cum
1298 2654 1458 2711 Patre
1492 2657 1857 2727 conjungere,
1897 2673 1997 2713 nec

425 2745 693 2816 Spiritum
727 2760 756 2799 a
791 2745 928 2800 Filio
957 2747 1218 2814 dividere,
1265 2755 1328 2801 ut
1369 2748 1576 2802 scilicet
1618 2749 1896 2804 individua
1936 2765 2000 2805 ac

426 2837 670 2906 ejusdem
700 2852 826 2892 vere
858 2839 1130 2908 particeps
1170 2847 1379 2893 naturae
1426 2848 1768 2909 permaneret
1813 2849 1998 2895 sancta

429 2925 691 2983 Trinitas.
731 2925 938 2993 Quibus
979 2930 1168 2998 utique
1216 2931 1452 3000 cognitis
1496 2947 1604 2986 non
1646 2947 1711 2988 eo
1762 2933 2000 2989 audaciae

431 3034 786 3088 prorumpere
830 3020 1121 3087 debebant,
1176 3031 1236 3076 ut
1286 3021 1597 3078 dubitantes
1664 3024 2002 3094 inquirerent

430 3124 671 3167 quonam
701 3118 858 3178 pacto
882 3110 996 3165 haec
1021 3127 1080 3166 se
1099 3111 1355 3178 habeant,
1387 3127 1454 3167 ne
1483 3113 1530 3168 si
1555 3112 1911 3183 interrogatus
1943 3115 1997 3170 in

430 3200 805 3270 respondendo
832 3201 1075 3262 haereret,
1118 3201 1222 3270 ipsi
1251 3218 1450 3272 pravos
1494 3203 1597 3257 sibi
1627 3203 1760 3273 ipsis
1799 3219 1996 3260 sensus

427 3289 992 3353 comminiscerentur.
1039 3291 1165 3346 Haec
1209 3293 1354 3347 enim
1399 3302 1484 3349 est
1529 3309 1709 3348 rerum
1755 3297 1995 3350 omnium

430 3377 699 3435 factarum
755 3382 1114 3454 inprimisque
1171 3385 1448 3440 hominum
1498 3387 1768 3454 conditio,
1831 3394 1890 3441 ut
1933 3386 2000 3440 de

434 3474 600 3529 rebus
633 3489 754 3543 quae
791 3475 968 3529 verbis
997 3475 1230 3545 exprimi
1257 3490 1364 3530 non
1395 3485 1622 3547 queunt,
1649 3478 1810 3548 digne
1849 3477 1999 3548 loqui

431 3578 546 3620 non
574 3567 863 3632 possimus.
895 3566 1067 3636 Major
1095 3575 1276 3622 autem
1316 3583 1447 3623 sane
1480 3568 1754 3624 temeritas
1796 3569 1997 3638 fuerit,

436 3656 486 3711 si
510 3656 576 3710 ad
602 3658 716 3712 haec
742 3659 925 3712 eadem
956 3659 1300 3727 explicanda,
1330 3674 1469 3714 nova
1499 3660 1761 3714 vocabula
1789 3661 2001 3732 aliaque

433 3761 468 3800 a
507 3745 803 3815 Scripturis
832 3749 1222 3817 excogitemus.
1256 3747 1370 3803 lmo
1399 3764 1529 3804 vero
1559 3751 1781 3806 insanus
1815 3753 2003 3807 admo-

435 3836 565 3890 dum
596 3837 683 3891 ille
715 3840 1018 3894 censendus
1052 3839 1143 3905 sit,
1175 3841 1267 3909 qui
1297 3841 1444 3895 hisce
1473 3840 1540 3894 de
1574 3841 1739 3896 rebus
1768 3844 2001 3898 interro-

434 3925 586 3994 ganti
633 3927 717 3980 vel
755 3934 965 3982 tantum
1009 3929 1208 3997 cogitet
1256 3928 1582 3998 respondere
1617 3946 1630 3982 :
1664 3930 2007 4001 quandoqui-

2025 3163 2069 3222 C

2096 1923 2336 1993 Πρᾶγμα
2383 1921 2490 1992 γὰρ
2529 1923 2826 1992 πάσχουσιν
2853 1921 3196 1977 ἀτοπώτατον
3229 1941 3243 1954 ·
3273 1926 3373 1990 ὅτι,
3403 1925 3477 1997 μὴ
3501 1927 3667 1980 δυνά-

2100 2032 2248 2086 μενοι
2280 2016 2457 2078 νοεῖν,
2490 2014 2608 2077 πῶς
2660 2014 2961 2086 ἀδιαίρετός
3007 2017 3153 2068 ἐστιν
3202 2018 3234 2086 ὴ
3290 2017 3422 2084 ἁγία
3469 2019 3667 2089 Τριὰς,

2096 2105 2340 2159 ποιοῦσιν
2371 2107 2420 2159 οί
2458 2106 2556 2177 μὲν
2597 2108 2862 2178 Ἀρειανοὶ
2900 2107 2959 2160 ἓν
2989 2107 3097 2178 (51)
3118 2108 3209 2161 τὸν
3237 2108 3364 2162 Υίὸν
3403 2109 3538 2180 μετὰ
3565 2110 3668 2181 τῆς

2097 2199 2325 2262 κτίσεως
2375 2215 2388 2226 ⁸
2435 2200 2483 2251 οί
2525 2198 2581 2251 δὲ
2630 2200 2881 2271 τροπικοὶ
2904 2198 2966 2252 τδ
2998 2199 3222 2271 Πνεῦμα
3245 2202 3336 2254 καὶ
3362 2202 3515 2254 αὐτοὶ
3551 2205 3670 2267 τοῖς

2099 2293 2356 2363 κτίσμασι
2393 2291 2835 2363 συναριθμοῦσινε
2875 2293 3019 2346 Ἔδει
3051 2293 3107 2346 δέ
3146 2293 3402 2366 αὐτοὶ)ςῆ
3435 2295 3668 2348 καθόλου
3754 2284 3756 2287 ’

2102 2388 2175 2458 μὴ
2201 2386 2452 2450 νοοῦντας
2479 2388 2708 2456 σιωπᾷν,
2732 2385 2828 2439 καὶ
2867 2385 2940 2456 μὴ
2985 2385 3318 2454 συντάσσειν,
3358 2388 3497 2458 μήτε
3523 2389 3670 2440 ἐκεί-

2098 2494 2219 2541 νους
2240 2476 2331 2529 τὸν
2357 2476 2503 2542 Υἰδν,
2537 2476 2673 2546 μήτε
2703 2474 2925 2538 τούτους
2955 2475 3014 2527 τὸ
3035 2474 3259 2546 Πνεῦμα
3286 2478 3401 2538 τοῖς
3433 2475 3671 2546 κτίσμαο

2100 2585 2185 2622 σιν
2207 2584 2220 2598 ·
2261 2567 2293 2639 ἢ
2322 2567 2382 2620 τὸ
2414 2551 2795 2637 γεγραμμένον
2841 2565 3236 2636 ἐπιγινώσκειν,
3270 2565 3363 2618 καὶ
3387 2565 3464 2636 τῷ
3491 2568 3671 2636 Πατρὶ

2101 2659 2390 2714 συνάπτειν
2418 2659 2508 2712 τὸν
2543 2657 2694 2722 Υίὸν,
2732 2657 2826 2710 καὶ
2853 2657 2915 2709 τὸ
2943 2656 3167 2728 Πνεῦμα
3199 2655 3273 2727 μὴ
3301 2656 3528 2727 διαιρεῖν
3557 2657 3671 2710 ἀπὸ

2097 2750 2192 2804 τοῦ
2217 2749 2371 2812 Υίοῦ,
2399 2750 2485 2802 ἵνα
2511 2748 2573 2801 τὺ
2601 2748 2901 2819 ἀδιαίρετον
2929 2747 3023 2802 καὶ
3054 2749 3291 2818 ὀμοφυὲς
3324 2749 3540 2819 ἀληθῶς
3567 2751 3671 2822 τῆς

2099 2840 2259 2910 ἁγίας
2307 2839 2534 2912 Τριάδος
2591 2839 2866 2910 διαμείνῃ.
2918 2836 3104 2892 Ταῦτα
3153 2839 3424 2909 μαθόντας
3463 2841 3669 2906 αὐτοὺς

2100 2932 2205 2986 ἔδει
2243 2931 2314 3003 μὴ
2347 2931 2568 3001 τολμᾷν,
2624 2929 2747 3001 μηδ’
2795 2929 3230 3001 ἀμφιϐάλλοντας
3272 2933 3504 3004 ἐρωτᾷν,
3548 2934 3672 2996 πῶς

2097 3022 2270 3077 ταῦτα
2321 3022 2547 3090 γένοιτο,
2599 3022 2704 3084 ἵνα,
2754 3020 2852 3074 κᾶν
2898 3022 2926 3073 ὁ
2973 3020 3323 3092 ἐρωτώμενος
3360 3023 3541 3094 ἀπορῇ
3579 3023 3670 3077 λέ-

2099 3130 2237 3182 γειν,
2274 3112 2347 3184 μὴ
2375 3111 2660 3167 ἐπινοῶσιν
2705 3111 2858 3166 αὐτοὶ
2899 3112 3186 3177 κακονοίας
3233 3115 3464 3177 ἑαυτοῖς.
3509 3116 3672 3169 Ἔστι

2105 3205 2201 3274 μὲν
2228 3204 2337 3274 γὰρ
2386 3205 2520 3257 πᾶσι
2551 3206 2663 3266 τοῖς
2708 3205 2972 3271 γενητοῖς,
3013 3203 3250 3273 μάλιστα
3294 3205 3350 3258 δὲ
3381 3207 3514 3277 ἡμῖν
3554 3210 3673 3271 τοῖς

2101 3294 2406 3365 ἀνθρώποις
2439 3293 2696 3350 ἀδύνατον
2730 3293 2966 3359 ἐπαξίως
2999 3296 3171 3347 εἰπεῖν
3193 3296 3320 3366 περὶ
3357 3296 3466 3350 τῶν
3497 3299 3674 3371 ἀποῤ-

2105 3388 2280 3458 ῥήτων
2315 3385 2446 3456 (52).
2484 3385 2892 3456 Τολμηρότερον
2932 3385 2989 3438 δέ
3019 3387 3197 3452 πάλιν,
3239 3388 3312 3459 μὴ
3339 3387 3672 3460 δυναμένους

2101 3478 2299 3548 λέγειν,
2335 3479 2568 3531 ἐπινοεῖν
2602 3476 2694 3529 ἐπὶ
2737 3475 2940 3529 τούτων
2967 3478 3282 3549 καινοτέρας
3311 3479 3486 3546 λέξεις
3518 3483 3674 3553 παρὰ

2102 3569 2200 3632 τὰς
2232 3569 2336 3622 τῶν
2369 3567 2616 3641 Γραφῶν.
2648 3567 2858 3630 Ἀλλως
2877 3584 2938 3620 τε
2966 3569 3059 3621 καὶ
3090 3567 3358 3640 μανιώδης
3385 3573 3418 3641 η
3442 3572 3673 3643 τοιαύτη

2103 3659 2436 3730 ἐπιχείρησις
2463 3657 2557 3711 τοῦ
2583 3676 2640 3711 τε
2675 3657 2988 3729 ἐρωτῶντος
3024 3659 3117 3713 καὶ
3152 3660 3246 3712 τοῦ
3271 3661 3372 3715 κᾶν
3391 3662 3532 3726 ὅλως
3559 3663 3674 3734 (55)

2105 3750 2503 3822 ἐνθυμουμένου
2556 3748 2971 3821 ἀποκρίνασθαι.
3035 3750 3168 3803 ούδέ
3223 3752 3332 3822 γὰρ
3382 3754 3506 3807 ούδέ
3539 3758 3677 3824 περὶ

2103 3841 2210 3895 τῶν
2242 3840 2484 3911 γενητῶν
2531 3839 2670 3892 οὕτω
2696 3857 2780 3903 τις
2811 3839 3029 3910 ἐρωτῶν
3063 3841 3340 3912 νομισθείη
3369 3843 3495 3898 νοῦν
3527 3844 3677 3915 ἔχειν

2109 3935 2284 4006 ὀρθόν.

437 4019 560 4075 dem
592 4019 764 4076 necis
798 4019 995 4075 mentis
1021 4034 1246 4090 compos
1273 4035 1395 4076 esse
1418 4021 1796 4089 mstimabitur,
1821 4023 1912 4092 qui
1938 4025 2053 4084 haec
2078 4028 2266 4084 eadem
2300 4025 2368 4081 de
2399 4025 2563 4082 rebus
2593 4025 2749 4081 factis
2787 4025 2950 4081 fuerit
2969 4033 3336 4096 percontatus.

511 4130 598 4185 18.
638 4128 771 4184 Nam
803 4131 882 4184 vel
911 4131 1124 4186 tandem
1147 4131 1224 4184 illi
1251 4132 1344 4202 qui
1373 4131 1439 4188 de
1464 4148 1522 4188 re
1550 4135 1698 4189 nulla
1727 4137 1998 4205 dubitant,

437 4221 765 4291 respondere
807 4221 1060 4289 audeant,
1105 4225 1381 4292 quomodo
1424 4234 1478 4280 et
1519 4241 1586 4282 ex
1627 4244 1734 4297 qua
1774 4232 1998 4286 materia

437 4312 563 4367 (ειειὶ
585 4313 863 4368 constituti
890 4313 1020 4380 sint,
1052 4314 1136 4368 vel
1175 4331 1422 4384 quaenam
1453 4317 1671 4374 illorum
1713 4321 1783 4375 sit
1821 4322 1998 4376 admi-

2177 4138 2264 4192 18.
2305 4137 2376 4190 Ἦ
2403 4136 2827 4208 τολμησάτωσαν
2870 4136 3264 4208 ἀποκρίνασθαι
3293 4139 3342 4190 οί
3376 4139 3557 4193 πάντα
3587 4143 3680 4196 λέ-

2105 4248 2290 4303 γοντες
2319 4230 2575 4301 εὐχερῶς,
2606 4229 2721 4292 πῶς
2752 4231 2779 4283 ὁ
2805 4229 3030 4300 οὐρανὸς
3059 4229 3306 4300 συνέστη,
3336 4231 3429 4284 καὶ
3461 4232 3527 4285 ἐκ
3548 4235 3677 4288 ποί·-

2105 4341 2170 4386 ας
2202 4321 2355 4393 ὕλης,
2403 4321 2497 4374 καὶ
2529 4322 2639 4390 (54)
2667 4321 2748 4384 τίς
2775 4322 2809 4391 ὴ
2831 4319 3019 4373 τούτου
3053 4321 3272 4393 μίξις,ἣ
3303 4323 3466 4387 πῶςό
3499 4325 3677 4395 ἥλιος,

440 4404 577 4469 stio,
626 4420 803 4474 quove
833 4406 992 4460 modo
1033 4406 1114 4462 sol
1155 4419 1208 4462 et
1252 4409 1467 4478 singula
1517 4420 1665 4466 astra
1698 4416 1997 4482 composita

2107 4415 2198 4468 καὶ
2236 4413 2599 4477 ἕκαστος-τῶν
2628 4413 2869 4484 ἀστέρων
2898 4430 2912 4477 ;
2947 4414 3011 4466 Τί
3043 4413 3099 4466 δέ
3123 4413 3431 4485 θαυμαστὸν
3471 4419 3536 4470 ἐκ
3561 4419 3677 4471 τῶν

2034 4456 2080 4515 D

439 4495 683 4550 fuerint?
708 4496 906 4553 Verum
929 4499 1059 4568 quid
1083 4500 1302 4566 mirum,
1327 4502 1374 4557 si
1400 4517 1466 4557 ex
1492 4505 1864 4573 superioribus
1889 4508 1997 4562 sive

2108 4505 2534 4577 ὑπερκειμένων,
2567 4503 2745 4558 αὐτῶν
2776 4504 3015 4573 ἐλέγχειν
3051 4503 3148 4575 τὴν
3176 4504 3504 4577 ἀφροσύνην,
3534 4508 3676 4560 ὅπου

439 4589 750 4668 οωιθειὶιιιιε
783 4591 964 4656 rebus,
1009 4592 1223 4648 illorum
1260 4595 1552 4649 amentiam
1593 4599 2000 4668 convincamus,

438 4697 563 4737 cum
594 4666 769 4753 neque
799 4683 932 4753 ipsis
955 4694 1136 4754 pateat
1164 4701 1412 4756 quaenam
1457 4688 1528 4742 sit
1563 4705 1747 4744 rerum
1775 4666 2002 4747 inferio;

508 4881 553 4912 ’⁷
593 4879 752 4935 Rom.
785 4896 863 4948 xl,
900 4881 987 4937 55.
1063 4883 1107 4914 ⁸⁸
1148 4881 1306 4938 Rom.
1334 4899 1407 4951 IV,
1441 4885 1492 4939 5.
1568 4887 1614 4919 '9
1644 4885 1808 4943 Hebr.
1833 4906 1916 4957 ιιι,
1948 4892 2000 4945 5.

434 5079 437 5081 ·
510 5058 622 5134 (ιὸ)
663 5058 863 5146 Regius
907 5061 1139 5144 primus,
1179 5061 1300 5132 Seg.
1337 5061 1496 5128 Gobl.
1528 5073 1581 5120 et
1612 5064 1852 5121 Felckm.
1891 5067 2002 5136 pri-

439 5147 585 5194 mus,
619 5146 876 5184 συνειναι.

511 5223 624 5292 (49)
666 5221 758 5277 Sic
810 5221 1013 5291 Regius
1059 5225 1286 5291 primus.
1319 5226 1422 5278 Alii
1451 5241 1579 5281 vero
1603 5226 1658 5280 et
1689 5227 1838 5290 editi,
1868 5229 1916 5280 οἱ
1951 5227 2007 5280 δέ

438 5291 528 5356 τά,
553 5301 691 5366 _etc.,
727 5293 932 5346 omissa
978 5297 1228 5366 particul.
1265 5297 1334 5366 είζ
1369 5295 1511 5350 ldem
1547 5296 1749 5366 Regius
1798 5298 2008 5366 primus

439 5361 606 5431 paulo
636 5370 760 5431 post
796 5371 855 5416 ut
893 5371 947 5416 et
975 5361 1099 5430 Seg.
1137 5364 1257 5419 Bas.
1297 5365 1453 5420 Gobl.
1489 5375 1539 5420 et
1565 5361 1885 5431 Felckmfl,
1917 5383 2007 5418 σο-

443 5430 656 5505 φίαηού
689 5430 941 5486 δύνανται
971 5436 1110 5505 νοεῖν
1131 5436 1251 5488 ούδέ
1281 5436 1553 5488 πιστεύειν
1590 5437 1716 5505 περὶ
1741 5437 1856 5504 τῆς,
1902 5446 2006 5489 etc.

444 5496 585 5579 Εειὶιὶ
638 5515 767 5556 vero
814 5512 869 5558 et
915 5503 1044 5567 alii,
1092 5507 1281 5575 σοφία,
1329 5507 1450 5559 ούδέ
1497 5496 1852 5558 πιστεῦουσίν⁷
1885 5507 2010 5577 περὶ

445 5583 564 5638 της,
602 5579 708 5623 etc.

518 5657 647 5734 (501
674 5658 804 5734 Reg.
839 5662 1186 5734 9,_&_.1thth
1223 5656 1523 5718 ὁδόν.Ἰι)ἰι1.
1553 5662 1751 5734 Regius
1781 5662 2009 5734 primus,

450 5723 572 5796 Seg.
610 5723 794 5787 Basilf.
825 5731 980 5801 μηδὲ.
1014 5723 1116 5786 Alii
1145 5723 1202 5788 et
1231 5734 1383 5797 editi,
1423 5735 1578 5804 μήτε.
1611 5723 1728 5790 Mox
1765 5723 1885 5804 post
1924 5723 2010 5787 λεὲ

2113 4617 2174 4668 γε
2205 4599 2327 4654 οὐδὲ
2360 4597 2479 4662 πῶς
2503 4597 2610 4651 τῶν
2646 4591 2748 4652 ὧδε
2776 4598 2924 4652 κάτω
2953 4597 3179 4670 ξύλωνή
3210 4598 3389 4668 φύσις,
3427 4601 3523 4654 καὶ
3563 4600 3680 4654 τῶν

2107 4694 2316 4748 ὑδάτων
2351 4692 2419 4746 τὰ
2461 4692 2800 4764 συστήματα,
2833 4691 2949 4756 πῶς
2979 4710 3038 4746 τε
3069 4692 3177 4746 τῶν
3207 4692 3357 4758 ζώων
3399 4696 3432 4764 ἡ
3475 4695 3681 4758 πλάσις

2107 5062 2373 5132 γέτωσαν,
2409 5061 2610 5134 Regius
2643 5062 2872 5134 primus,
2899 5062 3023 5134 Seg.
3055 5064 3210 5118 Gobl.
3238 5073 3292 5119 et
3323 5047 3681 5122 Felekmanni

2107 5134 2336 5203 primus.
2371 5133 2526 5204 μηδέ,
2556 5133 2647 5187 ubi
2683 5133 2774 5187 alii
2799 5141 2853 5188 et
2877 5133 3029 5198 editi,
3073 5136 3167 5204 μή.

2180 5223 2291 5296 (51)
2335 5223 2906 5296 Si_c_Regius_primus,
2925 5225 3060 5296 _Seg.
3091 5224 3245 5280 Gobl.
3273 5234 3326 5296 et
3348 5225 3679 5296 iFelckman.

2109 5292 2337 5364 primus.
2376 5292 2518 5366 Editi
2544 5292 2605 5346 et
2629 5292 2755 5366 alii,
2775 5294 2888 5347 ἕνα.
2924 5292 3090 5350 Paulo
3114 5304 3237 5366 post
3262 5294 3418 5350 Gobl.
3445 5306 3500 5350 et
3522 5296 3683 5354 Felc.

2109 5363 2337 5434 primus,
2370 5363 2507 5434 μετὰ
2526 5367 2639 5426 τοῖς
2671 5364 2952 5432 κτίσμασι.

2182 5456 2294 5527 (52)
2335 5454 2426 5527 Sic
2461 5454 2660 5527 Regius
2693 5454 2924 5527 primus,
2952 5452 3075 5527 Seg.
3101 5454 3260 5527 Gobl.
3291 5455 3530 5527 Felckm.
3560 5458 3689 5526 pri-

2111 5523 2235 5581 mus
2273 5523 2334 5596 et
2382 5523 2582 5596 Basil.)
2619 5523 2710 5596 sed
2758 5523 2936 5596 Basil.
2967 5523 3130 5579 habet
3175 5526 3446 5596 ἀρρήτων.
3479 5523 3588 5581 Alii
3629 5539 3696 5584 et

2111 5595 2470 5666 editibabent
2498 5595 2751 5666 ᾁρῤήεων
2776 5603 2836 5666 _et
2864 5593 3150 5666 τολμηρόν.

2185 5665 2296 5731 (55)
2339 5665 2471 5733 Reg.
2508 5661 2548 5716 Ξ
2570 5661 2886 5733 ἐιῬεΙοΙιιιι.
2916 5661 3142 5732 primus.
3179 5662 3270 5720 τοῦ
3307 5681 3362 5718 τε
3387 5664 3545 5732 ὅλως,
3568 5673 3692 5724 etc.

2185 5733 2296 5804 (54)
2336 5731 2534 5802 Regius
2557 5733 2782 5808 primus,
2812 5731 2960 5804 Segl,
2989 5733 3039 5808 ἡ.
