3914 6222
326 360 434 416 573

320 475 418 531 καὶ
463 473 498 544 ἠ
551 471 826 534 σύστασις,
863 471 1216 540 γινώσκεται,
1259 471 1397 524 Ἀλλ’
1431 471 1531 524 οὐκ
1569 471 1633 524 ἂν
1664 469 1776 542 (55)
1803 469 1884 522 ετ·
1913 475 1954 528 Α

322 582 496 630 ποιεν,
524 565 656 616 ὅπου
681 580 744 632 γε
774 564 868 616 καὶ
899 563 1172 634 Σολομὼν,
1201 563 1229 614 ὁ
1259 563 1642 634 περισσότερον
1671 563 1886 616 πάντων

324 655 518 724 σοφίας
553 655 853 726 μετασχὼν,
903 655 1044 729 ὁρῶν
1100 655 1360 709 ἀδύνατον
1406 652 1712 723 ἀνθρώποις
1761 653 1888 722 περὶ

321 748 527 800 τούτων
550 747 608 799 εὖ
620 751 750 818 ρεϊν,
779 747 930 815 ἔλεγε
955 763 968 776 ·
1008 765 1026 798 ι
1053 747 1159 801 Καί
1185 764 1248 816 γε
1285 747 1574 818 σύμπαντα
1600 745 1692 800 τὸν
1716 745 1885 798 αίῶνα

321 839 521 892 Ξδωκεν
555 839 613 890 ὲν
651 839 846 910 καρδίᾳ
889 837 1085 902 αὑτῶν,
1129 838 1276 900 ὅπως
1318 838 1393 909 μὴ
1436 836 1572 910 εῦρῃ
1604 836 1888 908 ἄνθρωπος

317 934 382 986 τὺ
429 932 732 1004 ποίημα,,ὃ
763 931 1012 1002 ἐποίησεν
1040 933 1067 984 ό
1099 929 1230 994 Θεὸς
1263 930 1356 982 ἀπ’
1391 930 1562 1002 ἀρχῆς
1589 929 1683 982 καὶ
1726 930 1885 1000 μέχρι

317 1025 526 1088 τέλους.
559 1045 579 1075 ι
629 1021 754 1095 Ἆρ’
791 1021 903 1087 οὖν,
958 1023 1078 1076 ἐπεὶ
1113 1025 1185 1096 μὴ
1237 1023 1486 1077 δύνανται
1525 1023 1702 1092 εὑρεῖν
1751 1019 1884 1090 (56),

317 1117 440 1171 οὐδὲ
495 1111 637 1169 εἶναι
682 1116 820 1169 αύτὰ
869 1115 1236 1186 ὁμολογοῦσι;
1289 1115 1398 1168 Na".
1463 1112 1885 1184 ὁμολογήσουσιν

321 1205 676 1276 ἐφθαρμένην
715 1203 926 1274 ἔχοντες
963 1203 1058 1274 τὴν
1097 1203 1354 1258 διάνοιαν.
1405 1201 1612 1256 Οὐκοῦν
1661 1202 1884 1265 εἰκότως

319 1297 384 1352 ἄν
407 1313 492 1358 τις
523 1297 708 1359 αὐτοῖς
740 1297 882 1348 εἴποι
910 1311 924 1326 ο
951 1291 1020 1346 Ὦ
1047 1296 1262 1366 ἀνόητοι
1285 1296 1377 1348 κει)⁵
1403 1294 1574 1346 πάντα
1600 1295 1882 1366 τολμηροὶ.

313 1384 404 1438 διὰ.
435 1384 490 1436 τί
531 1385 606 1455 μὴ
657 1383 852 1454 μᾶλλον
899 1385 992 1437 ἐπὶ
1035 1385 1133 1454 τῆς
1177 1385 1336 1454 ἁγίας
1387 1383 1613 1456 Τριάδος
1644 1384 1882 1438 παύεσθε

318 1477 826 1548 περιεργαζόμενοι,
843 1477 936 1531 καὶ
958 1478 1117 1546 μόνον
1144 1477 1422 1530 πιστεύετε
1597 1477 1680 1530 ὅτι
1709 1477 1877 1530 ἐστιν·

317 1567 534 1638 ἔχοντες
557 1569 638 1632 εἰς
655 1568 813 1622 τοῦτο
839 1567 1152 1622 διδάσκαλον
1173 1567 1264 1624 τὸν
1296 1567 1614 1622 Ἀπόστολον
1634 1568 1878 1637 λέγοντα·

323 1679 342 1710 ι
370 1659 668 1714 Πιστεῦσαι
705 1660 814 1732 γὰρ
859 1660 938 1712 δεῖ
961 1661 1174 1726 πρῶτον
1201 1661 1340 1733 Θεῷ,
1366 1662 1444 1714 ὅτι
1469 1661 1606 1724 ἔστι,
1641 1663 1735 1714 καὶ
1773 1665 1884 1726 τοῖς

317 1749 640 1820 ἐκζητοῦσιν
685 1751 845 1803 αὐτὸν
881 1751 1274 1822 μισθαποδότης
1315 1752 1521 1820 γίνεται
1548 1769 1562 1819 ;
1589 1771 1607 1804 ›
1647 1755 1720 1806 Ού
1753 1753 1878 1824 γάρ,

317 1818 634 1907 πῶς-ἑστιν,
670 1818 911 1914 εἴρηκεν,
939 1842 1072 1896 ἀλλὰ
1108 1818 1284 1913 μόνον,
1322 1818 1443 1896 ιὸτι
1475 1818 1640 1897 ἔστιν.
1665 1863 1685 1895 ι
1717 1818 1779 1897 Ei
1820 1818 1876 1897 δὲ
1911 1818 1954 1872 Β

319 1933 453 2003 μηδὲ
480 1933 626 1985 οῦτω
659 1933 1033 1998 καταδύονται,
1068 1933 1374 1986 εἰπάτωσαν
1401 1933 1516 1997 πῶς
1541 1935 1687 1987 ἐστιν
1705 1935 1736 1987 6
1761 1935 1878 1988 Πα-

313 2023 448 2098 τὴρ,
489 2025 557 2077 ἵν’
585 2025 726 2078 οὕτω
769 2024 1012 2096 μάθωσι,
1055 2025 1172 2088 πῶς
1203 2026 1318 2078 ἐστι
1361 2025 1454 2077 καὶ
1484 2026 1513 2077 ό
1553 2024 1742 2078 τούτου
1780 2025 1883 2077 Λό-

315 2132 430 2182 γος.
482 2115 622 2169 Ἀλλ’
653 2116 872 2182 ἄτοπον,
913 2118 1163 2187 φήσουσι,
1203 2116 1331 2187 περὶ
1357 2115 1449 2168 τοῦ
1478 2117 1690 2188 Πατρὸς
1711 2115 1882 2182 οὕτως

313 2208 546 2278 ἔρωτᾷν.
599 2209 830 2261 Ἀτοπον
857 2203 947 2260 οὖν
981 2207 1090 2278 (58)
1125 2208 1471 2261 ἁκουέτωσαν
1501 2208 1595 2262 καὶ
1632 2209 1760 2280 περὶ
1787 2208 1881 2262 τοῦ

315 2299 488 2367 Λόγου
511 2299 672 2352 αὐτοῦ
703 2298 875 2363 οὕτως
905 2300 1132 2370 ἐρωτᾷν.

1411 353 1745 409 EPISTOLA
1785 353 1804 406 Ι
1841 351 1932 407 AD
1983 349 2440 406 SERAPIONEM.

3454 351 3556 436 57d

1985 483 2125 535 rum,
2159 467 2306 524 verbi
2333 481 2518 532 causa,
2555 463 2824 535 lignorum
2869 473 3084 530 natura,
3117 466 3392 534 quomodo
3420 483 3556 522 con-

1990 557 2188 613 sistant
2229 571 2416 628 aquae,
2466 571 2714 628 quaenam
2747 555 2818 610 sit
2849 556 3164 610 animalium
3193 556 3556 613 conformatio

1989 671 2052 711 ac
2093 655 2454 725 compositio?
2487 653 2613 709 Haec
2665 653 2808 708 enim
2855 653 3098 724 profecto
3143 669 3423 723 nunquam
3481 655 3556 708 illi

1985 745 2640 817 explicaverint,'quando
2667 745 2784 814 ipse
2817 741 3073 798 Salomon
3095 783 3110 808 ,
3141 745 3236 814 qui
3280 745 3559 814 sapientiae

1987 837 2314 894 cumulatius
2349 837 2453 892 fuit
2483 838 2752 906 particeps
2777 853 2942 907 quam
2986 839 3076 892 alii
3105 853 3316 902 omnes,
3345 839 3446 892 ista
3487 837 3557 890 ab

1987 928 2207 982 homine
2253 928 2487 982 inveniri
2531 943 2640 982 non
2682 943 2843 996 posse
2874 929 3213 998 perspiciens
3255 927 3329 982 ait
3372 943 3385 978 :
3437 945 3455 977 ι
3489 925 3556 980 Et

1985 1021 2203 1090 quidem
2245 1021 2560 1075 universum
2592 1021 2852 1076 sacculum
2883 1021 3032 1075 dedit
3058 1021 3109 1074 in
3141 1020 3304 1075 corde
3330 1035 3554 1085 eorum,

1987 1121 2045 1165 ut
2100 1127 2206 1166 non
2255 1113 2497 1166 inveniat
2541 1111 2706 1166 homo
2758 1127 2896 1182 opus
2939 1111 3085 1182 quod
3125 1110 3255 1166 fecit
3297 1110 3441 1164 Deus
3485 1109 3556 1163 ab

1985 1201 2141 1256 initio
2163 1211 2217 1256 et
2243 1217 2416 1273 usque
2453 1203 2505 1256 in
2533 1203 2785 1257 iinem'.»
2807 1203 2888 1256 An
2917 1218 3044 1273 ergo
3065 1203 3197 1274 quia
3227 1203 3344 1256 haec
3368 1202 3550 1256 omnia

1985 1309 2148 1349 nosse
2200 1303 2515 1364 nequeunt,
2571 1295 2776 1350 idcirco
2836 1294 3166 1350 contendent
3234 1293 3392 1364 533
3438 1305 3542 1348 non

1983 1386 2282 1441 exsistere?
2323 1384 2514 1441 Nullus
2553 1387 2740 1454 utique
2769 1385 2958 1440 dubito
2987 1387 3120 1456 quin
3162 1387 3216 1440 id
3255 1384 3542 1439 contende-
3599 1419 3604 1424 -

1983 1479 2112 1542 rint,
2151 1479 2349 1549 quippe
2392 1477 2486 1548 qui
2531 1485 2766 1533 mentem
2821 1477 3037 1547 penitus
3087 1485 3397 1545 corruptam
3447 1475 3548 1529 ba-

1985 1569 2164 1626 beant.
2201 1568 2328 1624 Jure
2360 1569 2526 1640 igitur
2563 1569 2756 1623 merito
2787 1583 2880 1623 eos
2912 1569 2984 1622 ita
3015 1569 3214 1636 alloqui
3260 1569 3419 1624 liceat
3451 1585 3468 1621 :
3503 1563 3551 1622 Ο

1983 1661 2137 1718 stulti
2170 1669 2332 1730 atque
2367 1661 2432 1715 ad
2473 1661 2656 1714 omnia
2689 1659 2922 1715 audaces
2949 1674 3003 1714 et
3029 1659 3352 1729 praecipites,
3379 1672 3552 1728 quare

1985 1769 2093 1809 non
2151 1755 2332 1822 potius
2378 1760 2618 1807 sanctam
2678 1749 3001 1805 Trinitatem
3053 1751 3282 1806 curiose
3315 1749 3548 1804 scrutari

1982 1845 2252 1910 desinitis,
2276 1857 2506 1912 eamque
2527 1857 2650 1896 esse
2675 1842 2942 1896 duntaxat
2964 1841 3202 1906 creditis,
3229 1842 3548 1909 magistrum

1984 1937 2304 2006 Apostolum
2331 1937 2432 1989 hac
2461 1935 2510 1988 in
2539 1951 2596 1988 re
2625 1934 2845 1996 imitati,
2871 1933 3027 2002 cujus
3063 1933 3177 1987 haec
3215 1940 3344 1986 sunt
3383 1931 3547 1985 verba

1988 2046 2008 2079 ι
2047 2027 2278 2082 Credere
2309 2028 2452 2081 enim
2483 2034 2698 2096 oportet
2742 2025 2976 2096 primum
3011 2024 3142 2090 Deo,
3181 2023 3306 2095 quia
3344 2032 3460 2088 est,
3493 2031 3550 2077 et

1983 2119 2385 2190 inquirentibus
2435 2133 2496 2174 se
2550 2125 2930 2174 remuneratur
2953 2117 3025 2172 sit
3059 2118 3080 2148 '
3110 2135 3127 2167 ι
3160 2116 3183 2169 ?
3251 2114 3362 2170 Nec
3403 2113 3548 2168 enim

1981 2209 2137 2278 dixit,
2172 2211 2446 2282 quomodo
2472 2217 2576 2275 est,
2610 2209 2704 2264 sed
2733 2217 2964 2274 tantum,
3001 2226 3020 2258 ι
3047 2208 3176 2277 quia
3201 2215 3309 2270 est.
3343 2225 3361 2257 ι
3394 2203 3548 2271 Quod

1983 2303 2028 2358 si
2069 2317 2170 2358 nec
2202 2302 2282 2358 sic
2307 2301 2524 2371 quidem
2553 2301 2905 2364 erubescunt,
2948 2299 3130 2354 dicant
3160 2313 3290 2366 ergo
3320 2310 3552 2366 quomo-

315 2389 384 2444 do
414 2392 488 2445 sit
509 2389 686 2456 Pater,
717 2399 778 2445 ut
807 2391 912 2444 hoc
937 2397 1094 2458 pacto
1124 2389 1334 2445 discant
1363 2390 1640 2459 quomodo
1663 2406 1880 2460 quoque
1916 2391 2037 2461 ejus
2075 2392 2148 2448 sit
2195 2390 2448 2446 Verbum.
2485 2388 2588 2444 Sed
2631 2390 2927 2444 absurdum
2989 2395 3091 2452 est,
3127 2388 3390 2458 inquient,
3437 2387 3552 2443 haec

313 2482 380 2537 de
407 2481 568 2536 Patre
605 2483 898 2554 inquirere.
939 2482 1172 2536 Audiant
1209 2483 1371 2554 igitur
1399 2485 1692 2539 absurdum
1741 2499 1956 2556 quoque
1983 2499 2106 2540 esse
2133 2485 2272 2540 idem
2297 2485 2364 2539 de
2389 2483 2509 2552 ejus
2541 2483 2713 2556 verbo
2739 2481 3026 2537 sciscitari.

385 2573 474 2629 l9.
515 2575 783 2646 Περιττῆς
820 2575 1104 2648 τοιγαροῦν
1143 2575 1236 2628 καὶ
1277 2575 1438 2628 πλέον
1479 2577 1675 2645 μανίας
1713 2575 1880 2647 οὔσης

314 2664 414 2735 τῆς
439 2665 697 2734 τοιαύτης
723 2666 1136 2737 ἐπιχειρήσεως,
1165 2666 1358 2736 μηκέτι
1390 2667 1614 2720 τοιαῦτά
1645 2685 1728 2730 τις
1755 2669 1881 2738 ἐρω-

312 2757 481 2822 τάτω,
515 2757 548 2828 ἢ
576 2757 732 2827 μόνον
762 2756 831 2809 τὰ
864 2760 921 2810 ὲν
948 2760 1066 2821 ταῖς
1097 2758 1338 2828 Γραφαῖς
1373 2756 1708 2828 μανθανέτω.
1744 2759 1882 2810 Αὐτ-

317 2845 462 2917 άρκη
507 2845 618 2916 γὰρ
659 2848 754 2900 καὶ
807 2847 965 2902 ἱκανά
1006 2846 1074 2900 τά
1115 2847 1173 2900 ὲν
1219 2847 1444 2912 ταύταις
1493 2847 1602 2919 (59)
1655 2847 1882 2919 κείμενα

314 2937 444 3008 περὶ
477 2937 670 2989 τούτου
728 2939 1160 3010 παραδείγματα.
1216 2939 1378 3008 Πηγὴ
1423 2939 1601 2992 τοίνυν
1633 2940 1726 2994 καὶ
1767 2939 1882 3008 φῶς

312 3025 533 3095 λέγεται
565 3031 594 3081 6
625 3029 814 3100 Πατήρ
839 3043 854 3058 ’
903 3047 923 3080 ι
955 3030 1085 3100 Ἐμὲ
1108 3049 1128 3082 ι
1170 3031 1298 3100 γὰρ,
1332 3031 1516 3100 φησιν,
1552 3049 1570 3082 ι
1601 3031 1880 3098 ἐγκατέλι-

315 3135 416 3172 πον
439 3100 625 3190 πηγὴν
664 3119 854 3183 ὓδατος
893 3117 1113 3184 ζῶντος.
1150 3141 1167 3172 ι
1207 3123 1318 3174 Καὶ
1362 3121 1524 3174 πάλιν
1564 3125 1622 3175 ὲν
1669 3121 1746 3192 τῷ
1778 3123 1882 3174 Βα-

2059 2577 2142 2630 l9.
2183 2577 2368 2646 Itaque
2411 2593 2533 2631 cum
2577 2554 2786 2630 inutilis
2815 2587 2868 2626 et
2897 2571 3095 2626 stultus
3127 2571 3199 2626 sit
3237 2569 3551 2638 hujusmodi

1987 2677 2234 2734 conatus,
2263 2684 2422 2724 nemo
2450 2669 2564 2738 jam
2595 2667 2830 2737 amplius
2869 2665 2934 2719 de
2973 2664 3058 2718 his
3098 2663 3404 2732 percontari
3451 2679 3553 2717 au-

1988 2760 2130 2826 deat,
2179 2760 2274 2815 sed
2305 2775 2368 2814 ea
2421 2768 2629 2814 tantum
2678 2773 2798 2828 quae
2845 2755 3142 2824 Scripturis
3176 2755 3546 2818 continentur,

1988 2851 2196 2906 discere
2237 2852 2370 2907 satis
2413 2851 2666 2905 habeant.
2713 2848 2985 2918 Siquidem
3020 2848 3245 2902 omnino
3279 2845 3553 2902 suﬁiciunt

1987 2958 2107 3012 qua:
2149 2943 2201 2996 in
2235 2943 2376 2997 hanc
2405 2957 2519 2997 rem
2563 2940 2768 3012 profert
2809 2939 3078 3009 exempla.
3118 2937 3318 3007 Nempe
3349 2937 3470 2992 fons
3497 2946 3554 2992 et

1987 3038 2076 3090 lux
2107 3036 2264 3091 Pater
2291 3037 2490 3091 dicitur
2517 3052 2532 3088 :
2565 3053 2584 3086 ι
2621 3033 2704 3090 Me
2733 3054 2752 3087 ι
2779 3033 2945 3096 enim,
2979 3031 3174 3102 inquit,
3209 3049 3226 3081 ι
3257 3031 3556 3100 derelique-

1985 3137 2113 3182 runt
2137 3128 2342 3183 fontem
2384 3143 2539 3198 aquae
2567 3127 2799 3182 viventis
2822 3126 2862 3180 ³.
2898 3145 2917 3177 ι
2948 3124 3014 3180 Ει
3042 3125 3236 3180 iterum
3267 3124 3408 3194 apud
3444 3123 3551 3178 Ba-

317 3209 482 3281 ρούχ·
531 3230 550 3262 ι
581 3211 646 3264 Τί
679 3213 844 3276 ἐστιν,
887 3212 1120 3282 Ἰσραὴλ,
1142 3213 1224 3265 ὅτι
1253 3216 1309 3266 ἐν
1338 3215 1404 3284 τῇ
1437 3215 1506 3284 γῇ
1537 3213 1645 3265 τῶν
1673 3212 1882 3284 ἐχθρῶν

1991 3219 2116 3274 rucli
2149 3235 2164 3271 :
2197 3236 2216 3269 ι
2249 3217 2386 3282 Quid
2413 3224 2517 3280 est,
2550 3216 2736 3284 Israel,
2768 3217 2912 3286 quod
2946 3216 2998 3270 in
3031 3223 3174 3269 terra
3207 3213 3550 3270 inimicorum

313 3297 366 3354 εἴ
389 3300 506 3371 (60)
533 3319 548 3366 ;
597 3301 950 3370 ἐγκατέλιπες
979 3301 1075 3373 τὴν
1122 3303 1300 3375 πηγὴν
1327 3305 1426 3373 τῆς
1465 3303 1654 3372 σοφίας
1678 3319 1692 3330 ·
1731 3323 1749 3354 ι
1791 3305 1885 3357 καὶ

313 3393 460 3446 κατὰ
489 3393 584 3445 τὸν
623 3393 874 3464 Ἰωάννην
896 3411 910 3426 ·
944 3413 963 3446 ‹
992 3396 1052 3448 '0
1074 3395 1205 3458 Θεὸς
1235 3394 1394 3466 ἡμῶν
1425 3395 1539 3464 φῶς
1569 3398 1704 3448 ἐστι.
1731 3415 1749 3446 ι
1786 3397 1886 3450 Λέ-

317 3503 473 3556 γεται
504 3486 562 3538 δὲ
603 3487 696 3540 καὶ⁵
726 3488 756 3538 6
788 3487 915 3550 Υἱὸς
945 3487 1019 3550 ὡς
1067 3487 1166 3558 μὲν
1199 3487 1336 3558 πρὸς
1367 3486 1464 3558 τὴν
1495 3487 1676 3558 πηγὴν
1720 3503 1888 3542 ποτα-

323 3578 422 3648 μὸς
447 3595 464 3609 ·
501 3597 520 3628 ι
552 3575 616 3631 Ὀ
650 3579 892 3648 ποταμὸς
916 3597 934 3629 ι
964 3579 1072 3650 γὰρ
1107 3595 1125 3629 ι
1154 3577 1247 3631 τοῦ
1278 3577 1411 3631 Θεοῦ
1443 3577 1730 3650 ἐπληρώθη
1763 3579 1887 3636 ὑδά-

313 3687 422 3722 των
442 3687 456 3699 ·
480 3688 500 3720 ι
551 3669 690 3739 πρὸς
736 3669 794 3721 δὲ
839 3669 900 3720 τὸ
933 3669 1050 3735 φῶς
1084 3669 1424 3741 ἀπαύγασμα
1451 3711 1464 3734 ,
1515 3669 1760 3739 λέγοντος
1791 3671 1883 3724 τοῦ

317 3759 533 3814 Παύλου
555 3775 570 3789 ο
607 3777 624 3810 ι
653 3761 750 3822 Ὀς
775 3757 850 3811 ὢν
880 3759 1215 3830 ἀπαύγασμα
1257 3759 1358 3829 τῆς
1389 3759 1568 3830 δόξης,
1597 3759 1690 3814 καὶ
1717 3776 1886 3830 χαρα-

317 3853 456 3922 κτὴρ
489 3851 588 3919 τῆς
613 3851 960 3912 ὑποστάσεως
990 3850 1176 3904 αὐτοῦ.
1223 3869 1240 3902 ι
1305 3849 1412 3903 Τοῦ
1457 3849 1632 3903 τοίνυν
1674 3851 1886 3922 Πατρὸς

317 3939 497 4006 φωτὸς
523 3939 676 4002 ὄντος
700 3939 832 4006 (61),
874 3939 965 3992 τοῦ
997 3940 1054 3994 δὲ
1097 3940 1225 3993 Υῐοῦ
1257 3940 1688 4010 ἀπαυγάσματος
1721 3937 1884 3992 αὑτοῦ

317 4030 423 4097 (τὰ
455 4031 599 4084 αὐτὰ
626 4030 738 4102 γὰρ
785 4034 912 4104 περὶ
955 4032 1158 4086 τούτων
1211 4031 1454 4102 μάλιστα·
1487 4031 1586 4085 οὐκ
1633 4031 1886 4100 ὀκνητέον

319 4119 502 4190 λέγειν
543 4123 802 4188 πολλάκις
832 4127 873 4195 ),
933 4123 1140 4190 ἔξεστιν
1173 4127 1306 4197 ὁρᾷν
1339 4125 1434 4178 καὶ
1466 4127 1524 4180 ὲν
1557 4123 1634 4194 τῷ
1657 4123 1770 4195 Υίῷ
1825 4125 1888 4177 τὸ

323 4215 570 4286 Πνεῦμα,
605 4219 662 4268 ὲν
757 4217 1129 4289 φωτιζόμεθα’
1168 4236 1186 4268 ι
1213 4219 1330 4271 Ἵνα
1350 4237 1368 4269 ι
1397 4216 1526 4288 γὰρ,
1555 4218 1708 4288 φησι,
1734 4235 1752 4268 ι
1777 4216 1885 4288 δώῃ

325 4303 450 4373 ὑμῖν
485 4305 712 4377 Πνεῦμα
761 4308 954 4377 σοφίας
995 4307 1090 4360 καὶ
1124 4305 1517 4374 ἀποκαλύψεως
1549 4308 1606 4358 ὲν
1657 4304 1888 4374 ὲπιγνὼο

325 4413 406 4448 σει
435 4395 624 4462 αὐτοῦ,
660 4397 1102 4467 πεφωτισμένους
1138 4399 1263 4460 τοὺς
1283 4397 1592 4466 ὀφθαλμοὺς
1621 4399 1716 4475 τῇς
1749 4414 1888 4468 καρ-

1983 3308 2082 3364 es?
2114 3308 2451 3378 dereliquisti
2481 3307 2682 3363 fontem
2711 3307 2990 3378 sapientia:
3013 3305 3057 3360 ⁸.
3094 3325 3113 3356 ι
3151 3304 3218 3358 Ει
3251 3306 3550 3360 secundum

1982 3395 2264 3460 Joannem,
2308 3415 2326 3448 ι
2366 3396 2508 3452 Deus
2545 3408 2734 3452 noster
2769 3397 2860 3450 lux
2905 3405 2989 3452 est
3024 3395 3066 3450 ⁵.
3111 3413 3130 3446 ι
3182 3393 3354 3450 Filius
3397 3409 3550 3458 vero,

1983 3503 2106 3542 cum
2147 3487 2379 3543 refertur
2423 3488 2492 3542 ad
2539 3487 2764 3553 fontem,
2814 3487 3014 3542 dicitur
3053 3485 3550 3554 ﬂuviusznamque

1991 3598 2009 3629 ι
2041 3578 2240 3633 flumen
2293 3579 2388 3634 Dei
2439 3579 2700 3648 repletum
2745 3589 2829 3634 est
2877 3578 3034 3648 aquis
3065 3578 3105 3630 ⁸.
3142 3595 3163 3629 ›
3200 3577 3336 3631 Cum
3367 3585 3546 3632 autem

1985 3669 2125 3724 idem
2156 3669 2222 3723 ad
2251 3671 2424 3724 lucem
2459 3669 2712 3736 refertur,
2743 3669 2999 3738 splendor
3020 3667 3339 3739 appellatur,
3365 3667 3552 3722 dicen-

1987 3770 2041 3816 te
2069 3759 2281 3815 Paulo:
2319 3779 2338 3811 ‹
2380 3760 2482 3827 Qui
2517 3777 2640 3818 cum
2684 3761 2756 3816 sit
2801 3761 3055 3831 splendor
3085 3759 3270 3830 gloriae
3293 3767 3348 3814 et
3379 3759 3549 3829 ﬁgura

1985 3851 2304 3930 substantiae
2333 3854 2453 3922 ejus
2480 3853 2520 3906 ⁷.
2565 3871 2583 3904 ›
2629 3852 2768 3907 Cum
2801 3867 2928 3924 ergo
2953 3851 3114 3906 Pater
3139 3852 3210 3906 sit
3241 3851 3356 3915 lux,
3383 3859 3436 3904 et
3463 3848 3554 3902 Fi-

1986 3945 2094 3999 lius
2129 3942 2250 4012 ejus
2279 3943 2350 3998 sit
2378 3942 2634 4012 splendor
2659 3941 2808 4012 (nam
2837 3939 3024 3996 eadem
3057 3953 3222 4009 saepe,
3259 3935 3552 4007 praesertim

1986 4037 2052 4092 de
2093 4035 2410 4105 hujusmodi
2451 4034 2638 4097 rebus,
2677 4033 2857 4087 dicere
2909 4029 3116 4086 nemini
3171 4044 3334 4101 grave
3381 4025 3555 4082 videri

1985 4127 2188 4195 debet),
2229 4127 2358 4182 licet
2405 4140 2624 4196 quoque
2670 4124 2723 4178 in
2769 4122 2906 4178 Filio
2949 4121 3256 4192 perspicere
3292 4119 3552 4189 Spiritum

1987 4227 2261 4282 sanctum,
2307 4217 2362 4270 in
2407 4231 2516 4285 quo
2569 4230 2760 4284 nempe
2809 4213 3198 4268 illuminamur.
3233 4208 3371 4264 llinc
3407 4207 3552 4263 enim

1988 4309 2320 4380 Apostolus:
2357 4326 2376 4359 (
2407 4305 2478 4361 Ut
2503 4307 2595 4362 det
2617 4306 2792 4370 vobis,
2834 4323 2853 4357 ι
2885 4303 3076 4372 inquit,
3113 4322 3130 4354 ι
3165 4300 3422 4370 Spiritum
3463 4313 3555 4354 sa-

1989 4401 2205 4472 pientiae
2237 4409 2291 4454 et
2327 4398 2702 4462 revelationis,
2739 4399 2792 4451 in
2821 4395 3094 4466 agnitione
3123 4393 3262 4463 ejus,
3294 4391 3558 4445 illumina-

320 4487 458 4550 δίας.
485 4509 506 4539 ι
543 4489 634 4560 Τῷ
665 4489 722 4543 δὲ
755 4489 1032 4561 Πνεύματι
1074 4489 1186 4560 (62)
1231 4487 1614 4560 φωτιζομένων
1652 4489 1828 4560 ἡμῶν,
1859 4491 1884 4543 ό

1992 4503 2076 4549 tns
2098 4495 2284 4550 oculos
2306 4493 2486 4548 cordis
2507 4494 2548 4546 ⁸.
2575 4511 2592 4544 ι
2613 4489 2783 4546 Porro
2799 4504 2920 4544 cum
2939 4487 3140 4556 Spir-itu
3163 4485 3552 4543 illuminamur,

325 4579 558 4652 Χριστός
597 4583 746 4633 ἐστιν
776 4582 804 4632 6
851 4583 908 4634 ὲν
949 4580 1098 4650 αύτῷ
1132 4579 1380 4649 φωτίζων
1405 4598 1419 4612 ·
1478 4599 1496 4631 ι
1525 4577 1634 4633 Ἦν
1661 4599 1680 4631 ι
1739 4581 1884 4652 γὰρ,

328 4671 458 4738 φησὶ
481 4711 496 4732 ,
536 4690 554 4722 ι
581 4671 642 4724 τὸ
675 4671 791 4740 φῶς
834 4670 892 4724 τὸ
926 4671 1178 4744 ἀληθινὸν
1200 4711 1215 4735 ,
1255 4671 1282 4724 ὃ
1321 4669 1544 4738 φωτίζει
1585 4671 1762 4725 πάντα
1797 4672 1890 4725 ἄν·

325 4761 541 4833 θρωπον
586 4764 878 4834 ἐρχόμενον
932 4766 1008 4827 εἰς,
1057 4763 1146 4816 τὸν
1176 4763 1399 4833 κόσμον.
1427 4783 1446 4815 ι
1480 4762 1649 4816 Πάλιν
1687 4779 1747 4815 τε
1792 4761 1888 4815 τοῦ

329 4851 535 4922 Ila-:96;
563 4854 715 4918 ὄντος
744 4853 950 4925 πηγῆς,
996 4851 1090 4907 τοῦ
1121 4855 1180 4908 δὲ
1223 4853 1354 4907 Υίοῦ
1389 4853 1634 4924 ποταμοῦ
1665 4852 1891 4924 λεγομέ-

327 4961 438 5010 von,
476 4945 651 4998 πίνειν
683 4945 953 5016 λεγόμεθα
992 4945 1054 4998 τὸ
1087 4944 1310 5015 Πνεῦμα
1345 4963 1360 4977 ·
1407 4946 1714 5016 γέγραπται
1757 4944 1888 5016 γὰρ,

1994 4585 2248 4640 Christus
2275 4584 2388 4654 ipse
2426 4593 2508 4638 est
2537 4582 2629 4653 qui
2660 4597 2758 4636 nos
2800 4582 2854 4635 in
2901 4579 2992 4635 illo
3039 4577 3326 4639 illuminat,
3356 4583 3414 4628 ιιι
3442 4573 3558 4626 haec

1995 4677 2158 4730 verba
2211 4683 2480 4731 testantur
2538 4694 2550 4727 :
2601 4693 2620 4725 ι
2657 4673 2786 4728 Erat
2828 4672 2923 4726 lux
2976 4685 3104 4726 vera
3131 4684 3252 4738 quae
3289 4657 3557 4720 illuminat

1995 4782 2212 4822 onmem
2231 4767 2506 4821 hominem
2525 4765 2826 4819 venientem
2847 4763 2900 4816 in
2919 4762 3174 4816 mundum
3194 4761 3235 4812 9.
3249 4777 3267 4808 ι
3297 4754 3555 4810 Similiter

1997 4869 2058 4912 ut
2073 4857 2234 4912 Pater
2256 4868 2340 4914 est
2364 4855 2505 4920 fons,
2527 4865 2581 4911 et
2597 4855 2769 4910 Filius
2785 4853 2980 4908 ﬂuvius
3005 4851 3321 4920 appellatur,
3343 4847 3417 4899 ita
3441 4843 3556 4910 Spi-

1996 4951 2158 5005 ritum
2190 4951 2377 5006 bibere
2407 4950 2660 5005 dicimur.
2685 4947 2820 5002 Nam
2850 4947 3108 5016 scriptum
3137 4951 3256 4998 est:
3298 4957 3316 4990 ι
3351 4935 3556 4991 Omnes

399 5062 416 5090 ¹
443 5061 621 5142 Eccle.
655 5061 840 5124 m,il.
917 5063 936 5092 '
959 5059 1121 5116 Hebr.
1149 5060 1298 5126 xt,6.
1374 5056 1610 5113 'Jerem.
1641 5073 1702 5125 ιι,
1739 5057 1822 5110 i3.
1898 5057 1921 5090 δ
1956 5058 2165 5116 Baruch
2195 5077 2276 5125 III,
2308 5059 2501 5118 ΝΛΞ.
2603 5058 2662 5110 ⁵1
2693 5057 2848 5111 Joan.
2889 5073 2924 5118 ι,
2957 5055 3009 5109 5.
3085 5054 3106 5083 ‘
3141 5045 3552 5113 Psal-LIIVJO-

325 5175 352 5228 ,τ
387 5174 548 5231 Hebr.
582 5192 620 5242 ι,
651 5176 705 5230 5.
729 5174 768 5232 ,⁸
805 5172 1003 5244 Ephes.
1037 5190 1076 5240 ι,
1110 5174 1196 5228 17.
1275 5143 1491 5229 ⁸Ἱοειιι.
1526 5188 1564 5234 ι,
1589 5172 1641 5225 9.

399 5289 508 5360 (55)
563 5287 699 5360 Ἀλλ’
729 5288 830 5360 οὐκ
867 5285 932 5340 ἄν
973 5287 1126 5342 deest
1159 5286 1213 5340 in
1244 5285 1374 5356 Reg.
1419 5285 1474 5348 2,
1503 5282 1741 5339 Felckm.
1767 5283 1804 5337 2
1837 5293 1884 5339 et

1997 5284 2226 5360 primus.
2255 5283 2374 5360 Alii
2415 5289 2593 5360 autem
2648 5288 2722 5356 et-
2748 5275 2900 5336 editi,
2925 5274 3167 5360 gbraig._
3191 5269 3325 5360 ibid.
3353 5269 3554 5340 Regius

331 5359 566 5415 editione
586 5359 851 5412 Commel.

401 5429 510 5562 (56)
551 5427 755 5496 Regius
782 5427 988 5496 primus
1012 5435 1067 5481 et
1100 5426 1450 5497 Anglicanus,
1479 5423 1677 5492 λέγειν.

428 5500 514 5562 5'7)
551 5498 644 5550 Sic
699 5498 900 5562 Regius
938 5497 1167 5562 primus,
1227 5495 1351 5562 Seg.
1399 5494 1562 5548 Basil.
1632 5493 1672 5548 G

1997 5343 2389 5423 primustmgﬂ.
2415 5353 2603 5404 τούτου
2635 5347 2728 5401 τοῦ
2768 5343 3225 5423 παραδείγματος.

2069 5423 2180 5492 (ϐυ)
2217 5413 2310 5475 Sic
2337 5413 2746 5492 'Anglicanuset
2769 5413 2987 5492 Graecus
3022 5413 3316 5492 Scriptura;
3341 5417 3552 5492 textus.

551 5477 1562 5566 Sig—Regiusp‘rimus,ioSeg.wRasil:
1632 5493 1787 5548 Gobl.
1841 5504 1895 5549 et
2001 5477 2247 5566 Ed‘iti'et
2283 5477 2460 5566 caatefi
2493 5485 2543 5541 εί
2569 5489 2846 5566 omittunt.
2880 5481 3010 5552 Reg.
3049 5480 3086 5534 2
3110 5477 3239 5535 vero
3267 5480 3448 5547 habet,
3485 5477 3554 5535 si-

337 5568 568 5624 Felckm.
605 5565 835 5634 primus.
870 5567 1081 5627 ϐαδιεῖ-ἰ,
1108 5565 1468 5627 πιστεύοντες.

403 5639 512 5708 (58)
553 5633 672 5708 Οὗν
712 5637 863 5708 abest
910 5654 959 5708 a7
992 5635 1159 5706 Regio
1211 5637 1407 5706 primo,
1457 5633 1579 5704 Seg.
1631 5633 1786 5686 Gobl.
1841 5644 1892 5688 et

341 5707 570 5763 Felrkm.
597 5707 798 5776 primo,
827 5707 984 5762 Basil.

407 5779 516 5850 (59)
559 5770 652 5836 Sic
685 5777 881 5847 Regius
907 5777 1133 5847 primus,
1164 5774 1284 5846 Seg.
1321 5775 1477 5832 Gobl.
1507 5781 1560 5829 et
1582 5770 1889 5830 Fclckman.

2001 5579 2120 5626 vat;
2153 5563 2200 5614 εἰ
2231 5559 2604 5625 ἐγκατέλιπες,
2630 5565 2744 5626 feta.

2070 5619 2182 5696 (61)
2227 5619 2414 5690 Ὄντος
2443 5629 2594 5681 deest
2627 5625 2680 5677 in
2717 5621 3014 5696 Anglicano
3042 5628 3097 5679 et
3123 5619 3252 5676 edit.
3290 5619 3554 5676 Commel.

2071 5691 2183 5768 (6⁸2)
2227 5697 2424 5766 Regius
2453 5696 2677 5767 primus,
2705 5691 2894 5761 Πατρί.
