3914 6222
237 293 338 350 581

1343 293 1682 350 EPISTOLA
1721 297 1740 350 Ι
1775 298 1868 352 AD
1910 297 2372 356 SERAPIONEM.

3385 317 3492 376 582

233 407 361 479 μίαν
383 404 518 476 (87).
553 405 778 475 Ἵδωμεν
800 405 856 458 δὲ
887 405 1070 459 λοιπὸν
1105 406 1375 461 καὶ-αὑτὰ
1425 407 1544 461 καθ’
1570 409 1709 464 αύτά
1735 409 1804 462 τὰ

1909 426 2030 466 mus
2063 427 2312 480 quasnam
2344 414 2398 468 in
2429 413 2628 470 divinis
2653 415 2952 488 Scripturis
2974 421 3041 476 de
3065 424 3272 494 Spiritu
3299 439 3492 486 sancto

229 502 288 556 ὲν
315 501 433 562 ταῖς
468 497 640 561 θείαις
663 499 906 568 Γραφεῖς
929 501 1058 571 περὶ
1083 499 1176 554 τοῦ
1195 499 1508 570 Πνεύματος
1535 499 1628 553 τοῦ
1657 501 1810 569 ἁγίου

227 591 516 662 λεγόμενα,
543 593 635 644 καὶ
684 593 760 655 ὡς
805 593 1016 664 δόκιμοι
1055 593 1384 664 τραπεζῖται
1425 592 1807 662 διακρίνωμεν,

227 687 276 738 εξ
303 684 434 737 ἴδιόν
461 703 514 738 τι
549 685 684 755 πρὸς
715 683 785 738 τὰ
809 685 1080 757 κτίσματα
1112 685 1223 756 ἔχει
1253 685 1312 738 τὸ
1338 684 1581 756 Πνεῦμα,
1613 685 1646 754 ἢ
1683 685 1810 738 ἴδιον

227 775 322 829 τοῦ
343 775 482 828 Θεοῦ
505 777 674 840 ἐστιν,
728 777 812 830 ἵνα
843 778 876 850 ἦ
905 777 1110 848 κτίσμα
1164 776 1296 829 αὐτὸ
1321 777 1584 846 εἴπωμεν,
1614 775 1647 846 ἢ
1683 775 1810 829 ἄλλο

229 870 329 939 μὲν
376 867 487 920 τῶν
521 869 856 938 κτισμάτων,
908 867 1036 920 ἴδιον
1088 867 1144 920 δὲ
1199 868 1294 921 καὶ
1350 867 1408 920 ἒν
1444 867 1554 938 (88)
1609 868 1708 937 τῆς
1751 869 1808 919 ὲν

226 961 416 1032 Τριὰδι
437 960 707 1032 θεότητος.
737 961 887 1030 Τάχα
911 959 1010 1014 κᾶν
1043 959 1216 1024 οὕτως
1247 958 1578 1030 ὲντραπῶσι,
1608 957 1808 1029 μαθόν-

225 1069 334 1115 τες,
369 1053 496 1106 ὅσον
521 1051 714 1123 ἀπᾴδει
765 1051 874 1104 τῶν
904 1051 1060 1104 θείων
1088 1052 1314 1120 λογίων-
1331 1051 1400 1104 τά
1448 1050 1808 1121 ὲφευρεθέντα

225 1144 356 1213 παρ’
387 1141 570 1194 αὐτῶν
601 1143 700 1213 τῆς
733 1141 1078 1214 βλασφημίας
1112 1144 1349 1214 ῥήματα.

293 1234 382 1288 22.
420 1235 503 1288 Τὰ
533 1235 806 1306 κτίσματα
834 1235 1010 1288 τοίνυν
1041 1233 1099 1298 ἐξ
1125 1235 1223 1287 οὐκ
1257 1234 1426 1288 ὄντων
1445 1233 1688 1302 γέγονεν,
1713 1235 1810 1304 ἀρ-

225 1329 324 1400 χὴν
349 1327 546 1397 ἔχοντα
583 1328 677 1380 τοῦ
733 1327 996 1396 γίνεσθαι·
1057 1329 1116 1380 ὲν
1161 1329 1302 1398 ἀρχῇ
1349 1328 1457 1398 γὰρ
1499 1328 1752 1398 ἐποίησεν
1779 1329 1808 1380 ὁ

227 1421 356 1483 Θεὸς
378 1420 476 1472 τὸν
502 1420 725 1490 οὐρανὸν
759 1419 852 1472 καὶ
879 1420 977 1490 τὴν
1009 1421 1112 1490 γῆν
1144 1422 1239 1474 καὶ
1296 1421 1472 1474 πάντα
1518 1421 1586 1476 τὰ
1620 1423 1680 1474 ὲν
1710 1423 1808 1476 αύ-

227 1515 354 1575 τοῖς.
403 1512 500 1566 Ἐκ
521 1512 579 1564 δὲ
603 1511 694 1563 τοῦ
727 1511 861 1564 Θεοῦ
896 1511 1112 1579 λέγεται
1161 1512 1222 1565 τὸ
1273 1513 1497 1583 Πνεῦμα
1529 1513 1591 1566 τὸ
1631 1514 1804 1584 ἅγιον·

235 1621 254 1653 ι
280 1603 504 1666 Οὐδεὶς»
532 1601 661 1674 γὰρ,
688 1603 872 1672 φησιν,
904 1621 922 1654 ι
945 1599 1052 1655 οἵδε
1073 1601 1142 1656 τά
1155 1603 1246 1656 τοῦ
1265 1603 1551 1674 ἀνθρώπου
1580 1606 1628 1656 εἰ
1652 1605 1728 1676 μὴ
1745 1608 1806 1657 τὸ

1915 504 2059 558 dicta
2083 503 2301 570 fuerint,
2328 521 2390 560 ac
2422 507 2568 562 velut
2591 510 2746 578 probi
2781 515 3038 568 mensarii
3085 516 3489 590 discernamus,

1916 609 2046 647 num
2087 597 2368 664 proprium
2418 597 2622 667 aliquid
2661 599 2861 656 habeat
2904 603 3139 673 Spiritus
3171 623 3294 664 cum
3327 612 3492 669 rebus

1914 685 2129 750 creatis,
2153 687 2235 739 vel
2264 703 2330 741 an
2353 691 2605 759 proprius
2631 691 2702 744 sit
2720 690 2924 757 Dei,'ut
2943 711 3067 748 eum
3086 699 3170 752 vel
3195 715 3308 754 rem
3334 718 3488 758 crea-

1915 785 2045 840 tam,
2080 778 2159 829 vel
2201 779 2366 832 alium
2399 796 2429 833 a
2467 782 2627 836 rebus
2668 784 2888 852 creatis,
2925 789 3316 860 propriumque
3347 794 3488 848 divi-

1914 868 2100 923 nitatis
2124 869 2408 927 Trinitatis
2440 883 2494 928 et
2529 889 2696 930 unum
2728 893 2794 930 ex
2826 893 2890 931 ea
2915 893 3038 933 esse
3060 881 3325 938 dicamus.
3353 883 3490 940 For-

1912 974 2012 1014 san
2047 961 2190 1016 enim
2232 964 2334 1018 hoc
2377 972 2534 1034 pacto
2563 967 2890 1023 erubescent
2927 969 3023 1032 illi,
3058 971 3148 1024 ubi
3177 971 3484 1040 didicerint,

1911 1061 2174 1120 quantum
2219 1055 2509 1124 impietatis
2566 1059 2728 1113 verba
2786 1075 2908 1130 qua:
2954 1062 3245 1118 commenti
3271 1073 3421 1133 sunt,
3451 1082 3484 1120 a

1911 1143 2112 1200 divinis
2138 1147 2373 1202 oraculis
2398 1147 2730 1220 discrepent.

1977 1234 2066 1289 22.
2101 1235 2284 1306 itaque
2315 1253 2402 1294 res
2431 1251 2629 1296 creata:
2652 1257 2718 1296 ex
2749 1241 2896 1297 nulla
2930 1259 2987 1299 re
3023 1243 3176 1302 facta:
3202 1257 3348 1314 sunt,
3381 1247 3486 1304 ha-

1909 1325 2142 1396 bentque
2165 1327 2463 1383 exsistcndi
2491 1331 2841 1402 principium.
2875 1333 3152 1406 Siquidem
3186 1339 3238 1392 in
3273 1339 3482 1409 princi-

1907 1418 1998 1487 pio
2039 1417 2166 1474 fecit
2212 1419 2352 1474 Deus
2399 1423 2597 1476 caelum
2647 1433 2701 1480 et
2740 1435 2940 1480 terram
2980 1437 3032 1482 et.
3060 1431 3244 1485 omnia
3275 1449 3398 1501 quas
3423 1434 3484 1490 in

1905 1509 1986 1565 eis
2017 1519 2146 1566 sunt
2176 1511 2239 1566 ³⁸.
2273 1519 2342 1566 At
2365 1513 2601 1583 Spiritus
2635 1527 2856 1572 sanctus
2884 1535 2952 1572 ex
2979 1519 3088 1574 Deo
3117 1537 3238 1576 esse
3259 1523 3480 1580 dicitur.

1913 1621 1932 1654 ι
1971 1600 2140 1657 Νεωο
2168 1622 2186 1654 ι
2217 1605 2386 1670 enim,
2407 1606 2606 1675 inquit,
2631 1625 2649 1658 ι
2669 1609 2773 1663 scit
2801 1625 2921 1680 qua:
2950 1621 3076 1666 sunt
3103 1613 3358 1682 hominis,
3378 1617 3485 1672 nisi

229 1693 442 1764 πῈῦμα
477 1693 572 1747 τοῦ
604 1693 890 1765 ἀνθρώπου
915 1693 1008 1746 τοῦ
1031 1695 1086 1746 ὲν
1112 1693 1470 1764 αὑτῷ·οῦτως
1502 1695 1593 1748 καὶ
1616 1694 1684 1748 τὰ
1711 1693 1802 1748 τοῦ

1908 1694 2130 1763 spiritus
2155 1693 2314 1766 536
2347 1697 2604 1760 hominis,
2639 1699 2732 1768 qui
2765 1700 2820 1754 in
2860 1701 2979 1770 ipso
3007 1711 3091 1758 est
3123 1724 3136 1757 :
3169 1706 3242 1759 ita
3281 1715 3336 1761 et
3361 1723 3484 1777 quas

230 1761 564 1850 Daciae-383i;
587 1761 728 1840 οἶδεν
756 1788 802 1838 εἰ
830 1786 984 1858 μὴτὸ
1024 1761 1250 1857 Πνεῦμα
1273 1787 1366 1840 τοῦ
1414 1786 1570 1840 Θεοῦ.
1612 1788 1803 1859 Ἡμεῖς

1912 1785 2007 1840 Dei
2031 1795 2160 1842 sunt
2201 1801 2361 1841 nemo
2391 1789 2666 1858 cognovit,
2697 1791 2802 1846 nisi
2826 1761 3060 1861 spiritus
3087 1795 3204 1850 Dei.
3239 1795 3351 1854 Nos
3379 1761 3484 1853 au-

227 1878 280 1932 δὲ
312 1880 372 1930 οὐ
405 1879 472 1931 τὸ
520 1879 744 1949 Πνεῦμα
785 1878 879 1931 τοῦ
943 1877 1150 1948 κόσμου
1201 1878 1489 1948 ἐλάϐομεν,
1549 1877 1684 1932 ἀλλά
1743 1879 1804 1931 τὸ

227 1971 442 2042 Πνεῦμα
481 1971 542 2024 τὸ
567 1973 632 2024 ὲκ
657 1971 750 2023 τοῦ
787 1969 896 2040 (89)
950 1969 1106 2023 Θεοῦ.
1135 1989 1153 2020 ι
1208 1970 1341 2024 Ποία
1370 1970 1550 2022 τοίνυν
1587 1971 1652 2023 ὲκ
1697 1969 1804 2023 τῶν

230 2063 642 2134 προειρημένων
700 2063 990 2132 συγγένεια
1047 2061 1126 2134 τῷ
1188 2063 1466 2132 Πνεύματι
1527 2061 1663 2132 πρὸς
1734 2061 1804 2114 τά

228 2155 534 2226 κτίσματα;
567 2155 647 2208 Τά
704 2157 800 2226 μὲν
829 2156 936 2226 γὰρ
961 2155 1232 2226 κτίσματα
1276 2157 1374 2209 οὐκ
1397 2151 1485 2226 ἦν·
1523 2156 1550 2207 ὁ
1587 2155 1644 2207 δὲ
1671 2153 1802 2217 Θεὸς

225 2248 292 2300 ὢν
309 2247 485 2312 ἐστιν,
505 2246 564 2312 ἐξ
581 2241 639 2301 οῦ
657 2249 749 2300 καὶ
764 2247 823 2302 τὸ
839 2246 1084 2318 Πνεῦμα.
1103 2247 1175 2299 Τὸ
1202 2247 1256 2298 δὲ
1273 2248 1336 2299 ἐκ
1351 2246 1443 2300 τοῦ
1460 2246 1594 2300 Θεοῦ
1612 2247 1710 2300 ούκ
1737 2246 1800 2299 ἂν

225 2339 302 2410 εἴη
329 2341 390 2392 ὲκ
413 2337 513 2392 τοῦ
546 2339 622 2410 μὴ
646 2339 818 2400 ὄντος,
851 2338 972 2391 οὐδὲ
1003 2338 1228 2408 κτίσμα,
1286 2338 1374 2390 ἴνα
1403 2338 1477 2409 μὴ
1509 2339 1626 2390 κατ’
1659 2339 1802 2391 ὲκεί-

226 2446 340 2492 vos;
359 2432 452 2482 καὶ
483 2431 511 2482 ὁ
543 2429 658 2499 (90)
696 2428 756 2494 ἐξ
780 2422 840 2482 οὗ
869 2430 984 2481 ἐστι
1032 2429 1094 2481 τὸ
1127 2429 1368 2500 Πνεῦμα,
1421 2429 1628 2499 κτίσμα
1660 2425 1800 2482 εἶναι

227 2521 464 2593 νομισθῇ.
527 2522 627 2584 Τίς
672 2517 763 2574 οῦν
809 2520 918 2574 τῶν
949 2520 1202 2574 τοιούτων
1253 2521 1500 2591 ἀφρόνων
1531 2522 1798 2589 ἀνέξεται,

225 2611 478 2680 λεγόντων
513 2613 614 2665 καὶ
647 2611 826 2664 αὐτῶν
855 2612 912 2664 ἐν
941 2611 1137 2683 καρδίᾳ
1305 2607 1440 2662 εἶναι
1473 2609 1638 2676 Θεόν;
1691 2611 1800 2663 Καὶ

228 2707 326 2774 γὰρ
357 2707 404 2758 εἰ
430 2705 548 2776 (9-1)
588 2705 775 2776 ὥσπερ
831 2705 1004 2766 οὐδεὶς
1049 2699 1156 2756 οἶδε
1186 2703 1253 2756 τὰ
1307 2702 1400 2756 τοῦ
1432 2701 1717 2775 ἀνθρώπου
1751 2706 1798 2757 εἰ

230 2797 298 2869 μὴ
325 2798 384 2850 τὸ
419 2797 654 2869 Πνεῦμα
676 2798 736 2850 τὸ
756 2799 812 2850 ἐν
845 2795 992 2868 αὐτῷ
1011 2836 1026 2860 ,
1070 2795 1239 2858 οὕτως
1269 2797 1361 2849 καὶ
1419 2795 1488 2848 τὰ
1541 2795 1634 2848 τοῦ
1665 2795 1802 2848 Θεοῦ

229 2895 272 2942 ιι
299 2889 452 2961 μὴτὸ
489 2892 555 2944 ὲν
588 2889 735 2960 αὐτῷ
763 2889 1004 2959 Πνεῦμα·
1043 2888 1161 2950 πῶς
1208 2887 1268 2940 οὺ
1307 2886 1587 2958 δύσφημον
1615 2886 1680 2939 ἂν
1713 2889 1798 2958 εἴη

228 2983 391 3050 λέγειν
415 2984 631 3053 κτίσμα
660 2983 720 3036 τὸ
745 2983 801 3035 ὲν
828 2982 906 3051 τῷ
935 2979 1052 3051 Θεῷ
1075 2978 1317 3050 Πνεῦμα,
1352 2977 1411 3031 τὸ
1445 2979 1538 3030 καὶ
1570 2977 1638 3031 τὰ
1660 2977 1796 3049 βάθη

227 3075 310 3129 τοῦ
338 3075 470 3129 Θεοῦ
505 3075 780 3146 ὲρευνῶν;
809 3073 1129 3143 Μαθήσεται
1167 3071 1274 3140 γὰρ
1303 3073 1364 3122 ὲκ
1393 3069 1594 3122 τούτων
1625 3070 1797 3122 εἰπεῖν

227 3171 254 3221 ὀ
281 3171 508 3234 τοιοῦτος
541 3171 609 3222 τὸ
637 3171 733 3240 μὲν
767 3167 860 3222 τοῦ
911 3165 1196 3238 ἀνθρώπου
1232 3161 1446 3234 πνεῦμα
1478 3161 1673 3227 ἔξωθεν
1706 3162 1801 3214 αύ-

227 3261 310 3316 τοῦ
344 3262 436 3316 τοῦ
473 3261 769 3333 ἀνθρώπου
825 3257 987 3326 εἶναι,
1020 3258 1112 3311 τὸν
1149 3257 1206 3308 δὲ
1233 3257 1291 3308 ὲν
1324 3255 1400 3325 τῷ
1423 3254 1597 3324 Πατρὶ
1627 3255 1800 3322 Λόγον

230 3351 328 3422 (92)
355 3351 492 3407 εἶναι
527 3352 766 3422 κτίσμα.
801 3350 968 3404 Πάλιν
997 3366 1057 3402 τε
1109 3347 1334 3418 Πνεῦμα
1373 3344 1678 3414 ἁγιωσύνης
1707 3343 1800 3397 καὶ

229 3441 638 3506 ἁνακαινὼσεώς
671 3442 784 3512 (95)
810 3441 926 3494 ἐστί
957 3457 1016 3492 τε
1051 3437 1144 3492 καὶ
1195 3437 1416 3506 λέγεται
1459 3435 1520 3487 τὸ
1553 3433 1797 3502 Πνεῦμω

229 3535 410 3604 γράφει
432 3537 544 3607 γὰρ
583 3535 611 3586 ὁ
641 3533 868 3596 Παῦλος·
925 3551 942 3584 ι
976 3531 1081 3584 Τοῦ
1143 3529 1449 3601 ὁρισθέντος
1481 3525 1609 3579 Υἱοῦ
1663 3524 1797 3578 Θεοῦ

230 3625 279 3678 ὲν
307 3625 526 3697 δυνάμει
557 3625 704 3677 κατὰ
735 3624 957 3694 Πνεῦμα
985 3622 1296 3692 ἁγιωσύνης
1343 3619 1403 3683 ἐξ
1451 3619 1798 3680 ἀναστάσεως

232 3718 420 3788 νεκρῶν
463 3715 642 3788 Ἰησοῦ
677 3713 912 3785 Χριστοῦ
933 3713 1026 3767 τοῦ
1057 3713 1262 3786 Κυρίου
1295 3711 1505 3782 ἡμῶν.»
1538 3709 1648 3762 Καὶ
1695 3709 1797 3761 πά-

232 3805 303 3859 λιν
335 3809 514 3880 φησιν·
579 3826 600 3859 ι
652 3808 788 3859 Ἀλλ’
837 3805 1156 3876 ἡγιάσθητε,
1213 3800 1708 3886 ἁλλ’ὲδεκαιώθητε
1740 3801 1798 3851 ὲν

230 3900 298 3968 τῷ
325 3901 546 3971 ὀνόματι
581 3899 678 3954 τοῦ
709 3899 913 3970 Κυρίου
941 3897 1094 3968 ἡμῶν
1130 3893 1302 3966 Ἰησοῦ
1331 3891 1566 3965 Χριστοῦ
1599 3891 1692 3944 καὶ
1741 3892 1799 3942 ὲν

231 3989 299 4061 τῷ
321 3992 598 4063 Πνεύματι
629 3989 724 4043 τοῦ
785 3987 918 4042 Θεοῦ
953 3987 1128 4060 ἡμῶν·
1173 4006 1191 4038 ι
1241 3987 1329 4038 ὅτε
1361 3985 1454 4038 καὶ
1482 3983 1617 4054 πρὸς
1643 3983 1799 4060 Τῖτον

293 4168 334 4199 ³³
359 4165 492 4224 Gen.
527 4186 566 4235 ι,
605 4170 658 4221 1.

1911 1885 2016 1928 tem
2047 1891 2152 1930 non
2187 1877 2436 1946 spiritum
2469 1879 2654 1933 mundi
2701 1882 3048 1958 accepimus,
3091 1885 3185 1940 sed
3216 1887 3480 1956 Spiritum

1909 1967 2004 2035 q’ui
2033 1982 2098 2021 ex
2131 1966 2240 2022 Deo
2271 1978 2352 2022 est
2367 1968 2431 2021 ⁸⁸.
2462 1988 2480 2020 ι
2507 1969 2766 2037 Quianam
2791 1973 2953 2042 igitur
2981 1977 3228 2046 cognatio
3247 1977 3486 2048 Spiritus

1909 2069 2030 2109 cum
2063 2055 2223 2112 rebus
2246 2059 2442 2113 creatis
2482 2076 2548 2114 ex
2580 2060 2665 2114 his
2699 2077 2820 2116 esse
2862 2063 3110 2118 videtur?
3137 2065 3349 2122 Etenim
3391 2083 3480 2124 res

1908 2159 2102 2203 creatae
2123 2165 2228 2204 non
2262 2160 2421 2205 erant
2450 2167 2463 2204 :
2495 2161 2551 2206 at
2585 2151 2727 2206 Deus
2751 2154 2796 2208 is
2839 2165 2922 2209 est
2946 2157 3164 2226 quiest,
3188 2173 3256 2212 ex
3289 2175 3400 2229 quo
3428 2169 3485 2215 et.

1907 2239 2022 2309 ipse
2050 2240 2284 2310 Spiritus
2314 2249 2415 2295 est.
2447 2239 2600 2308 Quod
2637 2251 2818 2297 autem
2862 2259 2928 2298 ex
2965 2245 3074 2299 Deo
3101 2255 3206 2312 est,
3247 2263 3355 2302 non
3385 2263 3484 2318 po-

1907 2341 2012 2388 test
2038 2349 2159 2388 esse
2181 2349 2248 2388 ex
2285 2333 2477 2400 nihilo,
2512 2351 2688 2405 neque
2715 2351 2804 2390 res
2831 2347 3014 2391 creata
3035 2377 3050 2401 ,
3081 2354 3149 2394 ne
3179 2343 3485 2395 secundum

1904 2441 2000 2481 eos
2052 2426 2143 2480 ille
2191 2441 2408 2496 quoque
2459 2442 2524 2480 ex
2569 2443 2679 2496 quo
2721 2428 2952 2498 Spiritus
2986 2439 3207 2484 sanctus
3259 2440 3363 2496 est,
3393 2447 3481 2486 res

1906 2515 2086 2572 cr'eata
2118 2532 2238 2572 esse
2261 2525 2496 2586 putetur.
2519 2515 2652 2582 Quis
2671 2533 2800 2588 ergo
2833 2519 3140 2587 hujusmodi
3167 2521 3482 2590 insipientes

1907 2605 2051 2658 ferre
2075 2605 2270 2674 possit,
2298 2605 2392 2676 qui
2419 2615 2472 2659 et
2497 2607 2599 2676 ipsi
2632 2607 2686 2660 in
2715 2607 2878 2661 corde
2910 2623 3011 2662 suo
3031 2609 3220 2663 dicunt
3238 2624 3489 2664 noucsse

1905 2694 2074 2749 Deum
2109 2695 2192 2749 “1'
2225 2694 2360 2750 Nam
2405 2697 2448 2751 si
2499 2696 2956 2766 quemadmodum
2991 2715 3152 2753 nemo
3186 2701 3335 2754 novit
3360 2717 3486 2771 quae

1905 2796 2030 2841 sunt
2059 2787 2314 2854 hominis,
2347 2788 2452 2843 nisi
2489 2788 2711 2858 spiritus
2739 2788 2978 2844 hominis
3008 2791 3102 2860 qui
3131 2791 3185 2844 in
3217 2790 3336 2859 ipso
3373 2797 3478 2855 est,

1904 2879 1975 2932 ita
2003 2889 2054 2933 et
2088 2895 2208 2949 qua:
2251 2889 2378 2934 sunt
2409 2878 2501 2933 Dei
2534 2894 2697 2933 nemo
2731 2880 2882 2934 novit
2913 2881 3017 2934 nisi
3046 2879 3280 2949 Spiritus
3303 2881 3396 2950 qui
3422 2881 3480 2933 in

1905 2971 2024 3041 ipso
2057 2981 2140 3026 est
2173 2989 2186 3024 :
2219 2986 2287 3025 an
2322 2985 2431 3024 non
2478 2986 2708 3024 summae
2755 2971 3046 3040 impietatis
3073 2954 3266 3042 querit'
3298 2971 3486 3026 dicere

1905 3078 2018 3116 rem
2041 3071 2278 3117 creatam
2301 3077 2424 3116 esse
2465 3061 2724 3131 Spiritum
2769 3063 2862 3131 qui
2893 3063 2954 3117 in
2995 3062 3108 3118 Deo
3145 3071 3250 3130 est,
3281 3072 3337 3118 et
3383 3060 3481 3132 qui

1903 3151 2171 3222 profunda
2198 3151 2292 3206 Dei
2324 3151 2632 3206 scrutatur?
2665 3139 2800 3206 Nam
2834 3153 2928 3222 qui
2959 3169 3023 3208 ea
3059 3163 3363 3222 mente-est,
3391 3153 3478 3208 fa-

1905 3243 2000 3297 teri
2034 3243 2217 3312 utique
2246 3251 2466 3313 cogetur
2490 3244 2740 3313 spiritum
2759 3243 2999 3299 hominis
3022 3254 3173 3299 extra
3197 3245 3476 3300 hominem

1901 3355 2039 3404 esse,
2071 3349 2124 3394 et
2161 3337 2395 3394 Verbum
2430 3339 2575 3409 quod
2608 3347 2690 3394 est
2725 3339 2780 3393 in
2813 3337 2990 3402 Patre,
3027 3354 3140 3393 rem
3171 3339 3300 3393 item
3331 3353 3481 3396 crea-

1897 3437 2010 3484 tam
2037 3445 2176 3484 esse.
2201 3429 2486 3492 Praeterea,
2523 3427 2761 3499 Spiritus
2787 3437 2842 3483 et
2873 3437 2958 3483 est
2990 3440 3042 3484 et
3072 3429 3272 3484 dicitur
3293 3413 3473 3498 Spiri-

1900 3528 1989 3576 tus
2042 3521 2346 3575 sanctitatis
2403 3530 2457 3574 et
2503 3521 2896 3575 renovationis.
2955 3520 3155 3574 Scribit
3203 3521 3480 3590 siquidem

1901 3611 2102 3665 Paulus
2131 3628 2144 3663 :
2179 3628 2198 3661 ι
2234 3609 2336 3676 Qui
2365 3611 2781 3680 praedestinatus
2821 3619 2908 3665 est
2949 3611 3118 3666 Filius
3157 3609 3252 3665 Dei
3283 3613 3335 3665 in
3361 3612 3481 3667 vir-

1901 3713 2015 3758 tute
2038 3703 2334 3756 secundum
2361 3701 2621 3772 Spiritum
2649 3703 2954 3758 sanctitatis
2979 3717 3042 3756 ex
3073 3703 3478 3758 resurrectione

1903 3806 2242 3850 mortuorum
2262 3795 2307 3826 “
2331 3793 2444 3865 (94)
2473 3794 2632 3850 Jesus
2649 3794 2901 3850 Christus
2917 3793 3179 3849 Dominus
3201 3803 3406 3850 noster.
3449 3813 3473 3848 ι

1903 3887 1968 3941 Et
1995 3887 2186 3941 iterum
2211 3885 2376 3941 dicit:
2412 3905 2430 3936 ι
2465 3887 2571 3940 Sed
2603 3886 2924 3940 sanctiﬁcati
2945 3887 3100 3950 estis,
3137 3887 3228 3941 sed
3263 3886 3472 3955 justiﬁ-

1904 3980 2010 4034 cati
2049 3979 2181 4034 estis
2219 3979 2272 4033 in
2321 3977 2540 4032 nomine
2571 3977 2786 4033 Domini
2819 3977 2994 4032 nostri
3019 3976 3146 4035 Jesu
3185 3978 3392 4034 Christi
3417 3987 3472 4034 et

738 4169 780 4199 ³⁵
811 4167 827 4221 1
855 4167 980 4222 Cor.
1021 4183 1084 4231 it,
1117 4167 1204 4228 il,
1241 4165 1326 4219 12.
1408 4164 1450 4198 ³³
1490 4162 1633 4219 Psal.
1669 4177 1788 4228 ml,
1823 4161 1875 4215 1.
1953 4159 1998 4192 ³⁸
2039 4159 2199 4213 Rom.
2241 4177 2280 4223 ι,
2307 4159 2360 4213 4.

295 4355 396 4437 (97)
434 4353 646 4437 Regius
691 4350 1259 4437 prunuskm'omxiiv‘
1285 4347 1614 4437 δυσιξξημίαν.
1652 4346 1788 4437 ‘hlox

1908 4343 2360 4437 l‘fﬁ:.?:.3i“§i_':_t
2392 4341 2610 4437 Ῥέἳῗθπέὶ
2627 4341 3208 4437 “Ξ-ἓ⁵ἓ-ἓέ⁵ἱῗίτ-ἑίῖἰ
3240 4353 3300 4437 ἓξ
3327 4345 3474 4437 39ἔὲ

235 4418 417 4494 Regius
462 4418 706 4495 primus,
760 4421 881 4491 Seg.
914 4418 1104 4495 Rasil”
1134 4418 1272 4495 αύτά
1298 4419 1428 4495 ,καθῖ
1459 4419 1600 4472 αὐτὰ
1621 4420 1691 4495 τὰ
1732 4422 1790 4495 εν

229 4487 354 4560 ταῖς,
385 4487 488 4549 ειό.
521 4487 885 4562 Anglicanus,
914 4489 1113 4562 Regius
1139 4491 1174 4543 2
1201 4497 1254 4544 et
1290 4487 1798 4562 OllQDOIngg‘tdgdi’J-

229 4565 290 4619 τὰ
317 4564 432 4618 καθ’
459 4559 639 4618 ἑαυτᾶ
685 4563 774 4621 τά,
806 4573 910 4616 etc.
948 4559 1089 4613 Eiliti
1137 4569 1190 4614 et
1235 4560 1435 4623 caeteri,
1467 4560 1605 4612 αὐτὰ
1637 4560 1704 4613 τὰ
1737 4560 1796 4612 ὲν

229 4639 354 4699 ταῖς.
381 4635 549 4690 Paulo
583 4643 708 4703 post
738 4631 895 4686 Gobl.
919 4640 974 4684 et
1003 4629 1240 4685 Felckm.
1273 4631 1498 4699 primus,
1530 4629 1797 4700 διακρινό-

231 4721 364 4774 [Levat
387 4721 486 4775 pro
514 4703 902 4775 διακρίνωμεν.

291 4769 404 4844 (88)
439 4775 532 4830 Sic
568 4769 1034 4844 Regiusprimus,
1059 4769 1187 4844 Seg.
1213 4769 1367 4824 Gobl.
1401 4769 1626 4844 etchlc.
1659 4771 1712 4834 1,
1735 4771 1794 4844 ἓν

227 4841 342 4898 item
371 4841 571 4914 legitur
604 4843 662 4895 in
691 4841 1074 4914 Basil..Cae_teri
1103 4856 1230 4914 vero
1266 4849 1322 4914 et
1343 4841 1507 4914 editi,
1539 4841 1793 4914 {meum}.

229 4914 280 4966 iv
300 4918 359 4985 τῇ
391 4909 680 4984 ἀγεννῆ-τῳ
706 4912 929 4983 (Regius
957 4911 1012 4977 2,
1051 4909 1319 4984 ἀγενήτῳ)
1341 4910 1530 4982 Τριάὸι
1553 4913 1652 4982 τῆς
1672 4911 1792 4964 θεό-

233 5003 392 5048 τητος.

226 5001 398 5125 ﬂigi»)
442 5053 537 5125 sn;
563 5051 701 5122 Reg.
737 5054 849 5125 re;
881 5053 936 5125 ε,
977 5051 1110 5125 Seg.
1139 5052 1294 5106 Gobl.
1327 5060 1382 5125 e_t
1407 5049 1643 5125 Fclckm.
1677 5053 1789 5122 pri-

227 5121 355 5188 mus,
377 5121 468 5179 sed
494 5121 667 5178 Gobl.
685 5133 736 5176 et
765 5124 999 5176 Felckm.
1033 5124 1242 5190 primus
1270 5122 1484 5176 articul.
1503 5121 1596 5174 τοῦ
1623 5121 1788 5176 omit-

228 5201 352 5246 tunt.
387 5195 444 5247 In
495 5194 625 5247 aliis
678 5203 730 5246 et
773 5193 1010 5247 editione
1035 5193 1302 5246 Commel.
1325 5207 1430 5244 non
1471 5193 1698 5246 habetur
1725 5195 1789 5246 ἐκ

222 5261 324 5316 τοῦ.
359 5263 493 5318 Ibid.
522 5262 730 5331 Regius
761 5267 990 5331 primus,
1019 5264 1144 5330 Seg.
1177 5262 1334 5316 Gobl.
1361 5271 1416 5315 et
1437 5260 1787 5316 Felckmanni

225 5333 437 5397 primus,
476 5333 619 5387 Ποία
655 5332 769 5385 νῦν.
803 5332 972 5386 Paulo
1009 5342 1132 5400 post
1161 5331 1362 5401 Regius
1405 5333 1440 5382 2
1474 5333 1554 5384 sic
1586 5335 1744 5386 habet
1770 5369 1786 5393 ,

223 5401 252 5452 ὁ
271 5402 323 5474 es
351 5404 481 5466 Θεὸς
509 5403 587 5455 ὥν
611 5405 788 5474 ἐστιν,
811 5404 870 5467 ἐξ
893 5405 996 5474 οὐκ
1020 5402 1186 5474 ὄντων
1213 5403 1284 5454 τὰ
1315 5401 1490 5455 πάντα
1530 5420 1789 5474 παραγα-

223 5470 446 5538 γών.Ὥν
477 5475 621 5534 ἐστι,
663 5473 825 5542 φημὶ,
857 5473 914 5538 EE
941 5468 1001 5526 οῦ
1035 5472 1149 5536 καί,
1173 5480 1280 5542 etc.

443 5545 504 5616 '_(_)
539 5541 750 5616 abestis
781 5543 946 5611 Regio
977 5543 1152 5616 primo
1181 5541 1386 5616 et_Seg.

287 5609 396 5679 (91)
439 5612 537 5666 Sic
573 5609 782 5678 Regius
817 5609 1046 5680 primus,
1075 5610 1200 5678 Seg.
1233 5609 1392 5666 Gobl.
1437 5621 1490 5667 et
1539 5613 1779 5680 Felckm.

225 5683 436 5748 primus.
466 5681 670 5736 (laeter!
703 5689 753 5736 ct
775 5679 903 5736 editi
948 5683 995 5733 ei
1049 5682 1329 5752 abjiciunt.
1368 5682 1490 5738 Mox
1533 5679 1692 5739 iidem
1728 5697 1780 5740 et

1896 4411 2154 4486 omittunt
2177 4413 2373 4486 erant);
2399 4413 2496 4486 καὶ
2542 4413 2611 4465 τά
2640 4411 2752 4486 ᾔτοῦ
2775 4411 2934 4486 Θεοῦ,
2968 4417 3021 4486 εί
3045 4414 3134 4486 μὴί
3153 4413 3213 4486 τὸ
3241 4414 3476 4486 ἐναύτῷ

1895 4484 2139 4555 Πνεῦμα.
2176 4483 2309 4555 lbitl_.
2346 4483 2546 4555 Regius
2573 4483 2804 4552 primus,
2834 4481 2964 4555 Seg.
2993 4481 3158 4555 Basil.
3183 4481 3471 4552 Anglicani.

1896 4549 2217 4623 particulam
2248 4549 2340 4606 οῦν
2365 4549 2650 4623 abjiciuitt,
2679 4567 2844 4620 quam
2880 4549 2970 4605 alii
2996 4563 3050 4623 et
3071 4554 3199 4623 editi
3233 4549 3354 4621 post
3377 4571 3474 4606 vo-

1896 4621 2010 4678 cem
2043 4625 2158 4688 πῶς
2195 4621 2584 4678 ιιόόυηιξιιεῐη
2613 4623 2769 4687 ibid.,
2805 4637 2904 4692 pro
2936 4623 2996 4676 ού
3023 4621 3326 4693 δύσφημον,
3363 4623 3472 4677 Re-

1893 4695 2268 4817 gius'primus,
2303 4695 2403 4747 οὐκ
2438 4693 2617 4748 ἄνουν.
2651 4693 2820 4746 Abest
2849 4693 3068 4764 quodue
3095 4695 3162 4747 ab
3177 4695 3465 4762 Anglican.

1934 4782 1961 4816 ν
1990 4783 2099 4817 ειη.

1934 4782 1961 4816 ν
1990 4783 2099 4835 ειη.

1965 4855 2077 4926 (92)
2119 4853 2209 4908 Sic
2230 4851 2717 4926 Regiusprimus,
2745 4851 2876 4926 ch.
2913 4851 3016 4926 Α]ἰί
3043 4860 3224 4926 autem
3252 4862 3305 4926 e_t
3335 4852 3468 4926 editi

1893 4921 1983 4980 hic
2013 4921 2135 4994 post
2167 4921 2343 4992 Λόγον
2372 4921 2579 4994 addunt
2621 4925 2714 4976 καὶ
2745 4923 2806 4974 τὸ
2833 4921 3081 4994 Πνεῦμα.Δ
3105 4921 3236 4994 ibid.
3267 4921 3469 4990 Regius

1891 4991 2123 5063 prinius.
2145 4991 2269 5062 Sag.
2303 5003 2356 5048 et
2387 4992 2520 5064 Reg.
2562 4994 2598 5046 2
2632 5009 2778 5058 mox,
2799 4991 3026 5062 κτίσμα.
3055 4991 3161 5044 Alii
3188 5001 3370 5045 autem
3413 5000 3468 5044 ct

1891 5065 2044 5128 editi,
2082 5065 2374 5133 κτίσματα.

1965 5133 2077 5204 (95)
2121 5128 2279 5188 Gobl.
2313 5143 2368 5188 et
2401 5131 2636 5186 Felckm.
2671 5133 2726 5194 ,1,
2759 5131 2908 5201 Seg.,
2935 5129 3023 5184 hic
3054 5139 3109 5184 et
3141 5128 3306 5198 infra,
3337 5128 3466 5182 ἀνα-

1890 5221 2205 5258 καινισεως.

2196 5243 2424 5342 .Vulgata
2453 5271 2704 5342 habetur,
2735 5267 2866 5342 Iesu
2897 5266 3096 5342 Christi
3129 5267 3340 5320 Domini
3367 5283 3462 5320 no-

1885 5347 1986 5397 stri
2017 5339 2187 5412 aqua:
2212 5339 2342 5412 καιιό
2397 5340 2832 5412 rcferemla_sint,
2865 5339 3133 5412 varia‘esl
3154 5346 3462 5412 _a_uctorut_u

1887 5405 2179 5468 senteniia.
2209 5405 2461 5480 Plerique
2490 5421 2666 5480 tamen
2689 5405 3466 5480 hacc_verbafine-913936306,

1884 5495 2012 5544 οπο..
2045 5485 2110 5536 ad
2139 5484 2227 5536 illa
2263 5475 2450 5534 referri
2485 5479 2753 5554 volunt_v.
2785 5475 3142 5554 _5,_7tapi_éo'3
3175 5475 3328 5554 Υἱοῦ.
3359 5475 3465 5554 Sed

1885 5554 1974 5606 hic
2004 5569 2110 5605 non
2131 5566 2288 5619 posse
2303 5549 2588 5619 cptmnode
2608 5545 2798 5619 referri
2817 5545 2920 5599 nisi
2940 5545 3007 5599 ad
3028 5549 3142 5603 hac
3160 5545 3348 5614 verba,
3367 5545 3466 5598 τοῦ

1883 5616 2190 5691 ὁρισθέντος
2222 5617 2372 5682 Υἰοῦ,
2407 5617 2577 5671 cuivis
2611 5616 2959 5684 perspicuum
2996 5627 3106 5679 ese;
