3914 6222
295 377 397 437 589

1423 378 1756 435 EPISTOLA
1796 379 1816 434 l
1859 381 1950 434 AD
1990 380 2456 438 SERAPIONEM.

3442 383 3550 442 E90

291 500 352 554 τδ
383 499 632 571 Πνεῦμα,
658 500 722 552 ἐκ
757 499 851 551 τοῦ
878 497 1012 552 Θεοῦ
1062 499 1369 568 λεγόμενον,
1409 498 1541 552 ἴδιον
1585 494 1724 552 εἶναι
1757 516 1855 552 κατ

1978 500 2063 553 lus
2085 500 2151 556 ⁸⁸.
2184 498 2356 556 Porro
2399 500 2444 554 si
2500 498 2672 554 Filius
2701 499 2828 570 quia
2872 511 2956 556 est
2992 516 3057 554 ex
3083 500 3264 566 Patre,
3296 503 3552 572 proprius

289 590 476 645 οὐσίαν
501 588 595 642 τοῦ
626 588 774 642 Υίοῦ.
801 589 1016 659 Ἀμέλει
1039 588 1132 642 τοῦ
1165 589 1370 660 Κυρίου
1394 589 1545 653 ὄντος
1567 590 1718 655 Υίοῦ,
1739 590 1870 644 αὐτὸ

289 681 348 736 τὸ
379 681 492 750 (2i)
527 680 752 750 Πνεῦμα
789 680 1002 750 εἴρηται
1037 679 1258 750 Πνεῦμα
1297 679 1588 744 υἱοθεσίας.
1627 683 1736 736 Καὶ
1763 683 1870 737 πά-

287 773 368 828 λιν
396 772 490 826 τοῦ
527 772 656 826 Υίοῦ
679 773 828 837 ὄντος
863 773 1052 841 σοφίας
1110 773 1206 826 καὶ
1253 771 1530 844 ἀληθείας,
1560 773 1870 844 γέγραπται

287 867 346 919 τι
370 865 598 937 Πνεῦμα
626 861 764 919 εἶναι
793 864 1015 936 Πνεῦμα
1038 865 1228 934 σοφίας
1252 866 1346 919 καὶ
1384 865 1662 935 ἀληθείας.
1701 866 1870 920 Πάλιν

289 975 345 1011 τε
370 958 400 1010 6
432 957 533 1028 μὲν
558 957 685 1021 Υἱός
718 959 834 1010 ἐστι
855 955 1084 1028 δύναμις
1109 956 1263 1021 Θεοῦ,
1291 958 1385 1011 καὶ
1409 957 1612 1029 Κύριος
1649 958 1751 1028 τῆς
1787 959 1871 1012 δό-

289 1047 404 1118 ξης
437 1049 497 1102 τὸ
526 1048 584 1101 δὲ
628 1048 852 1120 Πνεῦμα
902 1049 1117 1118 λέγεται
1163 1035 1387 1120 Πνεῦμα
1421 1049 1698 1120 δυνάμεως
1732 1050 1868 1119 (22),

290 1141 382 1192 καὶ
403 1139 630 1210 Πνεῦμα
653 1139 754 1210 τῆς
779 1139 957 1210 δόξης,
987 1139 1159 1202 οὕτως
1209 1142 1294 1210 ἐφ’
1315 1141 1546 1194 ἑκάστου
1598 1141 1699 1212 τῆς
1731 1142 1871 1214 Γρα-

292 1228 393 1299 ei};
426 1229 710 1300 λεγούσης*
729 1229 822 1282 τοῦ
849 1231 945 1301 μὲν
970 1229 1183 1283 Παύλου
1213 1231 1515 1300 γράφοντος
1539 1231 1864 1302 Κορινθίοις⁹

292 1343 312 1373 ι
340 1323 402 1374 Et
432 1321 544 1392 γάρ
582 1322 846 1391 ἔγνωσαν,
901 1323 1001 1376 οὐκ
1059 1323 1124 1377 ἂν
1183 1323 1275 1377 τὸν
1321 1323 1522 1393 Κύριον
1567 1327 1666 1395 τῆς
1713 1324 1869 1396 δόξης

287 1415 656 1485 ἑσταύρωσαψ
698 1434 716 1466 ›
771 1415 866 1468 καὶ
919 1416 976 1467 ὲν
1030 1415 1254 1487 ἑτέροιςο
1315 1435 1334 1467 ι
1366 1417 1440 1471 Οὐ
1492 1416 1602 1487 γὰρ
1647 1415 1868 1470 ἐλάϐετε

286 1507 502 1578 πνεῦμα
570 1506 810 1570 δουλείας
889 1507 1050 1560 πάλιν
1104 1509 1184 1572 εἰς
1236 1508 1416 1578 φόϐον·
1479 1509 1594 1562 ἀλλ’
1645 1508 1867 1562 ἐλάϐετε

287 1600 509 1671 Πνεῦμα
557 1599 849 1664 υἱοθεσίας·
886 1620 907 1652 ι
965 1601 1059 1654 καὶ
1117 1597 1291 1665 αὖθις·
1342 1621 1360 1652 ι
1404 1601 1867 1666 Ἐξαπέστειλενό

285 1692 414 1755 Θεὸς
443 1692 506 1744 τὸ
536 1691 760 1762 Πνεῦμα
811 1691 907 1744 τοῦ
969 1691 1099 1744 Υίοῦ
1166 1691 1329 1745 αὑτοῦ
1366 1695 1446 1756 είς
1487 1693 1586 1755 τὰς
1639 1692 1866 1763 καρδίας

286 1782 437 1853 ὑμῶν
472 1782 608 1851 (25),
636 1783 857 1854 κράξον·
902 1782 1090 1845 Ἀϐϐά,
1141 1783 1170 1835 6
1201 1783 1441 1852 Πατήρ.»
1491 1785 1547 1835 '0
1572 1783 1629 1836 δὲ
1657 1783 1865 1854 Πέτρος

1975 593 2178 648 idcirco
2204 593 2448 664 ejusdem
2495 594 2816 649 substantia:
2844 603 2929 649 est
2955 611 2969 658 ;
2998 609 3220 650 necesse
3247 604 3332 651 est
3361 595 3556 652 simili-

1974 695 2056 743 ter
2079 685 2340 756 Spiritum
2361 686 2457 757 qui
2486 701 2551 740 ex
2580 685 2692 741 Deo
2713 700 2837 741 esse
2865 685 3084 751 dicitur,
3108 687 3386 755 proprium
3414 705 3554 758 quo-

1973 796 2081 852 que
2121 778 2243 834 Filii
2281 794 2403 836 esse
2431 779 2733 834 secundum
2765 778 3148 834 substantiam.
3180 777 3339 834 Certe
3365 797 3555 850 quem-

1974 873 2268 928 admodum
2295 872 2562 928 Dominus
2590 880 2674 926 est
2701 869 2896 934 Filius,
2934 870 3008 925 ita
3035 871 3151 940 ipse
3175 869 3412 940 Spiritus
3445 873 3556 941 spi-

1974 966 2112 1020 ritus
2133 963 2444 1034 ad0ptionis
2463 963 2644 1018 dictus
2665 971 2768 1018 est.
2788 960 2861 1016 Ut
2881 963 3008 1016 item
3033 960 3206 1016 Filius
3227 970 3314 1016 est
3337 963 3551 1032 sapien-

1974 1053 2049 1106 tia
2081 1062 2136 1107 et
2165 1053 2404 1119 veritas;
2433 1052 2514 1108 sic
2543 1053 2705 1106 etiam
2732 1053 2994 1122 scriptum
3032 1061 3117 1106 est
3143 1051 3409 1122 Spiritum
3434 1068 3555 1107 esse

1973 1145 2224 1215 spiritum
2255 1145 2536 1214 sapientiae
2559 1146 2607 1177 "
2642 1155 2695 1200 et
2719 1145 2966 1199 veritatis
2986 1145 3052 1198 ⁸⁸.
3085 1144 3256 1200 Filius
3279 1153 3364 1200 est
3387 1145 3552 1199 etiam

1970 1238 2144 1291 virtus
2173 1237 2264 1292 Dei
2291 1239 2336 1270 ”
2359 1249 2412 1292 et
2441 1238 2705 1294 Dominus
2729 1238 2914 1308 gloria:
2939 1238 3004 1292 “".
3033 1236 3292 1292 Similiter
3318 1237 3554 1308 Spiritus

1970 1328 2169 1382 dicitur
2200 1327 2435 1397 Spiritus
2453 1329 2668 1384 virtutis
2690 1339 2744 1383 et
2770 1329 3010 1398 Spiritus
3033 1329 3240 1398 gloriae,
3266 1329 3333 1382 de
3351 1329 3552 1398 quibus

1970 1421 2200 1490 singulis
2233 1421 2313 1474 sic
2353 1421 2594 1490 loquitur
2623 1419 2928 1490 Scriptura,
2963 1435 3157 1489 nempe
3206 1421 3297 1474 ubi
3347 1419 3552 1473 Paulus

1969 1511 2036 1564 ad
2063 1510 2379 1565 Corinthios
2405 1510 2591 1565 scribit
2617 1529 2630 1564 :
2669 1529 2688 1561 ι
2711 1509 2766 1564 Si
2798 1511 2945 1564 enim
2977 1511 3384 1579 cognovissent,
3412 1525 3552 1564 nun-

1968 1618 2133 1671 quam
2166 1600 2458 1655 Dominum
2487 1601 2670 1669 gloria:
2702 1601 3102 1656 crucilixissent
3123 1602 3201 1668 ⁶¹;
3237 1621 3255 1653 ι
3299 1611 3352 1656 et
3387 1603 3547 1657 alibi:

1973 1713 1992 1744 ι
2014 1693 2129 1748 Non
2161 1694 2304 1748 enim
2340 1693 2626 1762 accepistis
2677 1693 2928 1762 spiritum
2969 1693 3246 1748 servitutis
3272 1695 3466 1748 iterum
3495 1695 3550 1749 in

1970 1787 2242 1849 timorem,
2276 1784 2370 1840 sed
2397 1784 2685 1855 accepistis
2709 1784 2968 1854 Spiritum
3000 1785 3310 1854 adoptionis
3337 1786 3380 1816 δ’
3405 1803 3420 1851 ;
3455 1805 3473 1837 ο
3495 1793 3552 1840 et

285 1871 538 1943 ἔγραφεν·
581 1892 599 1924 ι
642 1873 705 1926 Εἰ
738 1872 1060 1937 ὀνειδίζεσθε
1092 1873 1150 1926 ὲν
1196 1872 1418 1944 ὀνόματι
1473 1873 1731 1944 Χριστοῦ,
1766 1891 1856 1944 μα-

1973 1879 2167 1934 iterum
2201 1895 2214 1931 :
2262 1897 2279 1929 ι
2307 1877 2455 1934 Misit
2481 1878 2624 1933 Deus
2648 1877 2908 1948 Spiritum
2938 1875 3060 1932 Filii
3086 1879 3170 1932 sui
3195 1878 3246 1931 in
3272 1879 3436 1932 corda
3461 1894 3550 1932 ve-

285 1965 484 2036 κάριοιο
513 1965 594 2017 ὅτι
645 1964 708 2016 τὸ
751 1963 854 2034 τῆς
886 1964 1042 2035 δόξης
1068 1964 1162 2018 καὶ
1215 1964 1496 2034 δυνάμεως
1546 1963 1641 2018 καὶ
1680 1964 1740 2017 τὸ
1766 1964 1861 2018 τοῦ

283 2055 416 2110 Θεοῦ
445 2055 671 2126 Πνεῦμα
699 2057 781 2124 ἐφ’
804 2057 948 2126 ὑμᾶς
991 2056 1424 2110 ἀναπέπαυται.»
1479 2057 1536 2108 '0
1563 2056 1621 2110 δὲ
1663 2056 1864 2129 Κύριος

283 2147 472 2218 εἴρηκε
513 2147 737 2218 Πνεῦμα
767 2149 866 2217 τῆς
900 2147 1158 2218 ἀληθείας
1205 2149 1298 2201 καὶ
1346 2148 1702 2220 Παράκλητον
1726 2145 1861 2202 εἶναι

282 2242 340 2294 τὸ
370 2240 616 2311 Πνεῦμαο
647 2242 704 2308 ἐξ
729 2236 789 2296 οῦ
830 2242 1102 2296 δείκνυται
1162 2241 1371 2295 τελείαν
1417 2238 1555 2294 εἶναι
1605 2243 1662 2294 ὲν
1689 2241 1862 2312 τούτῳ

281 2332 378 2403 τὴν
412 2333 618 2404 Τριάδα
655 2333 792 2403 (24).
833 2333 922 2387 Ἐν
942 2333 1117 2404 τούτῳ
1169 2335 1222 2402 γ’
1251 2330 1344 2388 οὖν
1376 2334 1405 2385 6
1429 2335 1599 2402 Λόγος
1622 2334 1721 2405 τὴν
1743 2335 1862 2387 κτί-

280 2440 364 2478 σιν
384 2425 618 2493 δοξάζει,
640 2426 902 2481 θεοποιῶν
953 2427 1009 2481 δὲ
1047 2427 1142 2481 καὶ
1169 2426 1424 2480 υίοποιῶν
1482 2427 1748 2498 προσάγει
1785 2426 1864 2498 τῷ

279 2518 473 2589 Πατρί.
499 2519 572 2570 Τδ
609 2518 666 2571 δὲ
692 2519 963 2573 συνάπτον
986 2519 1066 2590 τῷ
1099 2518 1256 2590 Λόγῳ
1305 2520 1406 2589 τὴν
1444 2519 1620 2572 κτίσιν
1658 2519 1758 2572 οὑκ
1797 2518 1862 2572 ἂν

279 2612 362 2680 εἴη
398 2611 527 2663 αὐτὸ
554 2610 660 2663 τῶν
701 2613 1033 2682 κτισμάτων⁸
1094 2613 1186 2664 καὶ
1243 2611 1305 2664 τὸ
1353 2611 1627 2664 υίοποιοῦν
1682 2611 1738 2664 δὲ
1766 2611 1863 2682 τὴν

277 2700 475 2765 κτίσιν,
511 2700 612 2753 οὐκ
636 2700 701 2754 ἂν
730 2700 814 2772 εἴη
844 2700 991 2765 ξένον
1022 2699 1117 2754 τοῦ
1145 2698 1298 2753 Υίοῦ·
1331 2701 1454 2754 ἐπεὶ
1476 2699 1658 2772 ζητεῖν
1679 2701 1864 2771 ἕτερον

276 2793 492 2865 ἀνάγκη
518 2792 762 2863 Πνεῦμα,
798 2793 886 2846 ἶνα
940 2793 1034 2845 καὶ
1089 2791 1246 2846 τοῦτο
1285 2793 1342 2844 ἐν
1388 2792 1582 2862 ἐκείνῳ
1618 2791 1862 2862 συναφθῇ

273 2886 352 2956 τῷ
378 2885 535 2956 Λόγῳ
556 2886 690 2956 (25).
757 2885 896 2938 Ἀλλ’
933 2885 1132 2938 ἄτοπον
1155 2884 1334 2938 τοῦτο.
1367 2884 1480 2938 Οὐκ
1509 2884 1616 2954 ἄρα
1635 2883 1742 2938 τῶν
1773 2901 1860 2952 γε·

271 2976 452 3046 νητῶν
481 2977 677 3029 ἔστιτὸ
702 2976 947 3047 Πνεῦμα,
979 2976 1091 3030 ἀλλ’
1111 2977 1240 3030 ἴδιον
1267 2976 1368 3046 τῆς
1387 2975 1482 3028 τοῦ
1510 2976 1724 3046 Πατρὸς
1758 2976 1866 3030 θεό-

269 3085 456 3139 τητος,
485 3068 544 3121 ὲν
569 3061 612 3136 ᾧ
637 3069 732 3121 καὶ
761 3068 830 3121 τὰ
866 3069 1068 3149 γενητὰ
1114 3070 1142 3120 ό
1191 3069 1362 3149 ᾼόγος
1407 3067 1666 3122 θεοποιεί.
1708 3069 1796 3122 Ἐν
1821 3063 1865 3136 ᾦ

271 3162 327 3214 δὲ
359 3161 687 3215 θεοποιείται
723 3164 757 3232 ἡ
794 3147 993 3228 κτίσις,
1052 3161 1154 3214 οὐκ
1195 3147 1261 3215 ἂν
1291 3160 1376 3233 εἴη
1415 3159 1571 3224 ὲκτὸς
1599 3160 1732 3214 αὐτὸ
1767 3161 1865 3230 τῆς

268 3254 365 3306 τοῦ
398 3253 614 3324 Πατρὸς
646 3253 919 3325 θεότητος.

1965 1979 2102 2032 stra.
2153 1969 2481 2025 clamantem
2526 1988 2540 2024 :
2595 1969 2770 2034 Abba,
2816 1968 2976 2024 Pater
3007 1970 3071 2023 ".
3116 1988 3135 2022 ι
3174 1968 3366 2024 Petrus
3421 1971 3548 2025 item

1965 2062 2156 2116 scribit
2181 2080 2194 2116 :
2227 2080 2245 2113 ι
2273 2059 2330 2116 Si
2360 2061 2765 2130 exprobramini
2798 2062 2850 2114 in
2883 2061 3104 2114 nomine
3134 2059 3360 2124 Christi,
3381 2061 3547 2125 beati,

1964 2150 2222 2219 quoniam
2247 2151 2431 2220 gloriae
2451 2162 2505 2206 et
2536 2153 2754 2208 virtutis
2781 2162 2834 2206 et
2864 2150 2959 2206 Dei
2993 2151 3230 2220 Spiritus
3257 2167 3422 2222 super
3451 2170 3548 2207 vos

1964 2244 2235 2312 requievit
2263 2243 2330 2298 “.
2372 2263 2396 2297 ι
2431 2245 2551 2314 Ipse
2591 2255 2770 2300 autem
2801 2244 3066 2300 Dominus
3110 2244 3375 2314 Spiritum
3408 2247 3549 2300 veri.-

1965 2336 2092 2391 tatis
2123 2333 2387 2404 Spiritum
2420 2345 2475 2390 et
2502 2337 2841 2392 Paracletum
2872 2351 2994 2392 esse
3024 2346 3208 2406 aperte
3238 2340 3546 2392 testatur“.

1963 2425 2274 2498 Exquibus
2327 2435 2475 2498 patet
2504 2428 2797 2498 perfectam
2834 2429 2889 2483 in
2931 2429 3022 2483 illo
3052 2445 3172 2484 esse
3201 2427 3546 2484 Trinitatem.

1965 2497 2213 2586 539111
2261 2497 2354 2570 illo
2402 2497 2586 2587 itaque
2617 2515 2854 2572 Verbum
2897 2532 2985 2573 res
3016 2528 3228 2572 creatas
3261 2519 3548 2588 gloriticat,

1965 2607 2324 2679 hominesque
2370 2608 2504 2662 deos
2541 2618 2595 2663 et
2659 2609 2799 2664 lilios
2848 2609 3085 2666 eﬂicieus
3126 2609 3270 2664 Patri
3305 2611 3542 2666 adducit.

1965 2699 2130 2769 Atqui
2163 2701 2210 2755 is
2230 2702 2324 2770 qui
2363 2716 2451 2755 res
2489 2711 2700 2755 creatas
2725 2717 2851 2755 cum
2887 2700 3063 2755 Verbo
3096 2702 3399 2772 conjungit,
3432 2702 3549 2771 ipse

1966 2801 2112 2845 certe
2150 2806 2238 2846 res
2259 2800 2440 2846 creata
2469 2807 2590 2846 esse
2624 2808 2730 2847 non
2759 2801 2957 2861 potest.
2994 2792 3097 2858 Qui
3128 2793 3256 2846 item
3286 2807 3372 2846 res
3396 2808 3548 2847 crea-

1967 2892 2051 2938 tas
2072 2883 2214 2938 ﬁlios
2236 2883 2418 2948 eiiicit,
2444 2900 2550 2938 non
2579 2893 2754 2954 potest
2775 2900 2805 2938 a
2837 2882 2974 2939 Filio
2993 2885 3203 2940 alienus
3231 2899 3371 2940 esse.
3397 2885 3548 2939 Alio-

1967 2975 2096 3043 quin
2121 2974 2285 3028 alium
2303 2973 2567 3044 Seritum
2586 2990 2831 3044 quaerere
2847 2990 3068 3031 necesse
3081 2985 3245 3042 esset,
3274 2985 3336 3030 ut
3359 2976 3462 3030 iste
3491 2979 3545 3030 in

1968 3067 2063 3120 illo
2113 3083 2236 3122 cum
2267 3065 2445 3121 Verbo
2496 3067 2752 3140 conjungi
2795 3077 2998 3138 posset.
3032 3067 3232 3122 Verum
3273 3068 3324 3123 id
3359 3068 3547 3138 perab-

1968 3159 2194 3215 surdum
2223 3168 2324 3214 est.
2354 3158 2697 3229 Quapropter
2731 3158 3008 3214 fatendum
3047 3170 3129 3214 est
3153 3174 3261 3213 non
3286 3175 3352 3213 ex
3384 3163 3547 3214 rebus

1886 3258 1928 3315 C
1963 3253 2128 3321 factis
2151 3268 2272 3308 esse
2294 3251 2581 3322 Spiritum,
2601 3251 2696 3306 sed
2721 3251 3022 3307 divinitatis
3057 3251 3234 3308 Patris
3263 3251 3544 3322 preprinm

267 3360 416 3410 esse,
463 3347 520 3400 in
563 3361 674 3416 quo
715 3355 771 3402 et
813 3347 992 3417 ipsum
1018 3345 1255 3401 Verbum
1303 3362 1390 3402 res
1435 3344 1606 3400 fat-tas
1653 3345 1850 3400 divina:
1878 3354 2089 3399 natura:
2131 3353 2416 3397 consortes
2432 3343 2626 3398 reddit.
2643 3342 2806 3413 Atqui
2839 3343 2885 3399 is
2916 3343 2968 3397 in
2996 3360 3106 3414 quo
3138 3354 3331 3398 natura
3360 3353 3544 3398 creata

265 3439 574 3496 divinitatis
596 3439 653 3493 ﬁt
678 3441 969 3509 particeps,
993 3449 1145 3493 extra
1168 3439 1343 3494 Patris
1359 3438 1692 3493 divinitatem
1715 3438 1828 3507 ipse
1855 3452 1978 3492 esse
2007 3453 2114 3491 non
2140 3447 2341 3506 potest.

333 3531 430 3586 26.
465 3531 587 3584 Ὅτι
613 3530 670 3584 δὲ
700 3530 814 3585 ἄνω
840 3531 940 3601 τῆς
967 3529 1196 3594 κτίσεώς
1249 3531 1365 3584 ἐστι
1397 3530 1458 3584 τὸ
1488 3531 1734 3600 Πνεῦμα,
1765 3531 1860 3584 καὶ

266 3624 396 3677 ἄλλο
428 3624 527 3696 μὲν
558 3623 708 3695 παρὰ
737 3622 835 3694 τὴν
867 3623 976 3676 τῶν
1004 3622 1247 3694 γενητῶν
1287 3622 1470 3692 φύσιν,
1527 3623 1656 3677 ἴδιον
1679 3623 1735 3676 δὲ
1761 3623 1860 3695 τῆς

268 3716 545 3787 θεότητος,
581 3714 754 3781 ἔξεστι
813 3715 909 3768 καὶ
957 3716 1022 3768 ἐκ
1047 3714 1236 3768 τούτου
1263 3713 1375 3786 (26)
1415 3714 1575 3768 πάλιν
1606 3716 1854 3769 συνιδεῖν.

266 3809 576 3878 Ἀτρεπτον
607 3807 700 3860 καὶ
717 3806 1070 3861 ἀναλλοίωτόν
1097 3807 1212 3859 ἐστι
1243 3805 1305 3859 τὸ
1346 3805 1567 3876 Πνεῦμα
1589 3805 1649 3858 τὸ
1679 3806 1854 3874 ἆγιονο

268 3920 286 3950 ι
327 3900 545 3967 ’Δγιον,
608 3899 716 3970 γάρ
788 3915 940 3969 φησι,
1012 3897 1236 3970 Πνεῦμα
1306 3897 1553 3960 παιδείας
1604 3897 1856 3967 φεύξεται

260 3993 438 4055 δόλον,
476 3992 572 4044 καὶ
598 3992 1040 4064 ἀπαναστήσεται
1065 3993 1174 4046 ἀπὸ
1207 3991 1482 4062 λογισμῶν
1510 3992 1803 4044 ἀσυνέτων.
1832 4011 1850 4042 ›

260 4086 374 4139 Καὶ
392 4086 423 4138 6
440 4083 542 4154 μὲν
557 4084 763 4157 Πέτρος
788 4085 971 4156 φησίν·
997 4103 1016 4136 ι
1046 4086 1134 4137 Ἐν
1153 4083 1232 4155 τῷ
1258 4084 1520 4156 ἀφθάρτῳ
1535 4084 1628 4136 τοῦ
1653 4083 1856 4154 πραέος

260 4176 358 4228 καὶ
379 4173 609 4244 ἡσυχίου
637 4172 747 4244 (27)
778 4173 1110 4244 Πνεῦματος
1135 4193 1152 4224 ι
1184 4173 1276 4227 καὶ
1298 4173 1460 4226 πάλιν
1486 4175 1541 4226 ἐν
1661 4172 1848 4244 Σοφίᾳ*

264 4287 281 4317 ι
303 4264 382 4319 Τὸ
419 4264 530 4334 γὰρ
559 4263 834 4336 ἄφθαρτόν
863 4282 955 4318 σου
990 4265 1214 4336 Πνεῦμά
1251 4267 1397 4319 ἐστιν
1433 4267 1490 4318 ὲν
1519 4267 1673 4318 πᾶσι·
1702 4285 1720 4317 ι
1759 4265 1852 4317 καὶ

328 4401 378 4430 ⁵⁸
421 4397 442 4450 1
473 4396 605 4451 Cor.
638 4413 698 4460 ll,
732 4398 819 4450 12.
882 4398 927 4430 ⁸⁷
967 4397 1072 4454 lsa.
1105 4416 1180 4463 XI,
1225 4399 1282 4453 2.

254 4485 354 4524 vui
383 4509 400 4532 ,
440 4469 532 4522 15.
635 4467 678 4498 ⁸³
713 4465 890 4523 Galat.
930 4485 1003 4534 iv,
1042 4469 1094 4524 ϐ.
1206 4470 1251 4500 ⁸⁵
1290 4467 1311 4521 ι
1346 4468 1486 4524 Pctr.
1520 4485 1591 4532 iv,
1627 4468 1711 4522 M.

259 4541 304 4571 ⁸⁸
347 4541 489 4608 Sap.
533 4553 632 4603 xu,
668 4536 721 4590 1.

1361 4399 1406 4430 ⁸⁸
1439 4397 1600 4453 Joan.
1635 4414 1723 4460 xv,
1751 4396 1843 4452 26.

1361 4468 1486 4521 Petr.
1520 4485 1591 4521 iv.
1627 4468 1711 4521 M.
1821 4469 1856 4500 δε

2006 4395 2182 4452 lCor.
2223 4413 2259 4461 I,
2286 4394 2377 4449 2i.
2455 4395 2500 4426 ⁸ο
2539 4393 2558 4446 l
2602 4393 2729 4447 Cor.
2768 4409 2829 4459 ll,
2861 4396 2913 4450 8.
2992 4397 3034 4427 ⁶¹
3078 4397 3208 4452 ibid.

1967 4484 2062 4521 ian.
2120 4483 2231 4521 xtv.
2293 4467 2378 4520 16.
2497 4467 2542 4497 ⁸⁸
2583 4464 2711 4521 SaD.
2749 4481 2786 4521 1.
2829 4467 2882 4520 5.
2992 4467 3094 4520 ⁶⁷Ι
3149 4468 3208 4521 Pe

1821 4476 1864 4500 ⁸³
1905 4476 2062 4522 Joan.
2120 4483 2231 4530 xtv,
2293 4476 2378 4520 16.

2035 3529 2126 3584 26.
2155 3528 2424 3584 Caaterum
2447 3544 2514 3583 ex
2543 3529 2627 3584 his
2659 3543 2878 3600 quoque
2905 3528 3182 3598 percipere
3210 3529 3336 3583 licet
3364 3528 3540 3598 Spiri-

1967 3634 2080 3676 tum
2123 3621 2287 3676 rebus
2345 3622 2546 3675 creatis
2591 3620 2923 3689 superiorem
2977 3619 3256 3689 aliumque
3298 3636 3328 3674 a
3375 3621 3544 3676 rebus

1964 3710 2122 3766 factis
2147 3726 2290 3766 esse.
2325 3708 2528 3779 Nempe
2557 3707 2911 3764 immutabilis
2945 3719 2999 3763 et
3042 3709 3320 3764 varietatis
3347 3725 3543 3780 expers

1961 3812 2045 3857 est
2101 3803 2338 3873 Spiritus
2389 3812 2652 3857 sanctus:
2694 3819 2712 3850 ι
2749 3800 2985 3870 Spiritus
3031 3810 3292 3867 sanctus,
3342 3802 3542 3871 inquit,

1963 3894 2265 3965 disciplinae
2294 3895 2464 3965 fugiet
2485 3895 2692 3958 dolum,
2727 3903 2780 3946 et
2810 3892 3020 3947 auferet
3056 3910 3114 3949 se
3137 3911 3167 3946 a
3197 3896 3540 3965 cogitationi-

1962 3989 2068 4044 bus
2091 4004 2210 4058 qnze
2240 3995 2369 4042 sunt
2397 3989 2516 4043 sine
2540 3988 2814 4045 intellectu
2843 3987 2906 4039 “.
2946 4006 2964 4038 ι
2997 3986 3062 4041 Et
3084 3985 3276 4043 Petrus
3303 3991 3406 4043 ait:
3438 4010 3457 4042 ‹
3479 3989 3536 4045 In

1965 4081 2475 4151 incorruptibilitate
2502 4081 2666 4149 quieti
2699 4088 2753 4134 et
2783 4080 3011 4133 modesti
3045 4079 3364 4151 Spiritus".
3406 4100 3424 4132 ›
3472 4082 3539 4136 Et

1964 4174 2159 4228 iterum
2196 4173 2249 4226 in
2285 4171 2563 4242 Sapientia
2592 4171 2790 4241 legitur
2821 4190 2833 4224 :
2872 4190 2889 4221 ι
2923 4171 3074 4226 Tuus
3110 4173 3254 4226 enim
3288 4173 3537 4229 incorru-

1959 4276 2082 4335 ptus
2127 4265 2361 4335 Spiritus
2404 4274 2488 4320 est
2535 4266 2588 4319 in
2637 4265 2890 4320 omnibus
2914 4265 2978 4319 ⁸⁸.
3009 4284 3028 4317 ι
3074 4267 3207 4320 item
3237 4266 3282 4320 si
3322 4285 3339 4318 ι
3376 4282 3536 4321 nemo

3285 4401 3329 4431 δ’
3370 4397 3531 4455 Rom.

2497 4467 2542 4497 ⁸⁸
2583 4464 2711 4533 Sap.
2749 4481 2786 4529 l,
2829 4467 2882 4520 5.
2992 4467 3034 4499 ⁵⁷
3075 4468 3094 4520 l
3149 4468 3292 4524 Petr.
3333 4487 3430 4533 ιιι,
3472 4473 3527 4525 4.

329 4651 454 4726 (21)
498 4649 591 4726 Sic
621 4649 826 4726 Regius
853 4649 1086 4726 primus,
1115 4646 1254 4726 Seg._
1293 4645 1450 4702 Cobl.
1499 4654 1552 4702 et
1598 4646 1837 4702 Felckm.

1968 4649 2378 4726 ohgnllegitur
2427 4652 2764 4717 συνδοξάζον.
2811 4652 2941 4723 Reg.
2978 4654 3035 4719 2,
3067 4657 3328 4712 mendose
3371 4659 3531 4720 habet

257 4718 516 4795 prini‘us:
545 4718 734 4795 Caneri
761 4731 816 4775 et
845 4718 974 4795 editi
1000 4718 1380 4795 16_abjic_i_unt_.

327 4791 455 4865 (22)
479 4789 1112 4865 _ln_editione_Commel.
1143 4799 1196 4842 et
1224 4787 1460 4842 Fclckm.
1479 4787 1533 4848 2,
1565 4802 1664 4856 pro
1682 4787 1842 4840 δυνά-

256 4861 445 4936 μεώς,
478 4862 674 4936 legitur
700 4861 856 4914 Θεοῦ.

325 4926 455 5006 (25)
482 4926 650 5006 _R'egii
684 4948 824 5006 [ηδε.
839 4938 912 5006 _et
949 4930 1125 5006 ξος,
1146 4930 1326 5006 ἡμῶν.
1375 4926 1554 5006 Paulo:
1577 4935 1696 4997 post
1731 4927 1839 5006 Re-

283 4997 379 5061 ius
410 4997 649 5073 primus,
680 5003 805 5068 Seg.
837 5001 1011 5073 Basil.
1030 4997 1243 5073 habent
1256 4997 1591 5073 ἑνειδίζεσθε
1624 5006 1682 5073 ut
1707 4999 1837 5073 etin

298 5068 456 5130 neco
500 5070 797 5141 Scriptura:
827 5082 973 5124 textu
1000 5071 1218 5140 legitur.
1255 5068 1394 5141 Editi
1426 5077 1481 5122 et
1504 5071 1617 5130 alii,
1649 5068 1840 5120 ὀνειδι-

249 5143 497 5217 ζόμεθα.
530 5139 664 5217 Ibid.
715 5151 862 5217 po_st‘
877 5139 1180 5217 δυνάμεως,
1210 5139 1411 5217 Regius
1447 5141 1676 5217 primus,
1709 5141 1833 5217 Seg.

250 5210 474 5271 addunt
499 5211 594 5265 καὶ
619 5214 679 5266 τὸ
704 5210 797 5266 τοῦ
829 5212 986 5276 Θεοῦ,
1018 5227 1140 5280 quae
1163 5211 1324 5264 verba
1357 5210 1425 5262 ab
1451 5210 1574 5263 aliis
1597 5219 1651 5262 et
1678 5210 1839 5262 editis

246 5289 486 5341 absunt.
520 5280 651 5337 item
682 5284 845 5338 iidem
875 5283 1007 5337 ibid.
1035 5281 1239 5335 habent
1273 5280 1417 5350 ὑμᾶς
1446 5295 1459 5308 '
1490 5281 1582 5332 alii
1608 5289 1663 5332 et
1683 5280 1835 5334 editi.

246 5373 449 5499 ⁷Εμῶ)
494 5421 748 5499 SicReg.
776 5422 965 5499 l__e_t2_,
996 5419 1121 5490 Seg.
1153 5419 1367 5499 Anglic.
1397 5419 1560 5499 Basil.
1594 5419 1752 5499 prl.
1783 5427 1835 5499 et

245 5489 501 5554 Feickin.
536 5489 768 5562 primus.
808 5492 949 5546 Editi
985 5489 1114 5562 vero
1141 5502 1194 5544 ct
1224 5489 1312 5543 alii
1346 5490 1605 5562 omittunt
1631 5491 1687 5543 ὲν
1716 5489 1839 5541 τού-

241 5585 339 5639 τῳ.
366 5565 498 5639 mox
527 5560 659 5639 Reg.
685 5563 743 5630 2,
759 5562 1022 5639 605693.
1050 5560 1192 5639 ltlein
1218 5572 1278 5639 et
1308 5562 1430 5630 Seg.
1455 5561 1510 5639 δέ
1535 5576 1652 5630 seq.
1671 5562 1839 5639 _on_iit-

245 5631 394 5694 tunt.
425 5631 845 5699 BasilfAnglic.
878 5633 1036 5687 Cobl.
1062 5642 1115 5685 ct
1141 5631 1374 5684 Felrkm.
1403 5632 1610 5699 primus
1639 5631 1718 5686 sic
1744 5632 1837 5684 lia-

245 5651 394 5694 ιιιιιι.
425 5651 598 5691 uasu.
626 5651 711 5688 Att
758 5651 845 5687 llC.
878 5651 1036 5687 ιιουι.
1062 5651 1115 5685 et
1142 5651 1374 5684 l‘cu‘lﬂll.
1403 5651 1610 5699 primus
1639 5651 1718 5686 Slc
1744 5651 1832 5684 nu-

245 5710 378 5764 bent
411 5725 428 5763 :
465 5703 686 5772 δοξάζει
718 5651 980 5756 ξεοττοιῶν
1005 5721 1019 5736 ’
1052 5704 1145 5754 καὶ
1175 5702 1425 5772 υίοποιῶγ
1449 5702 1527 5763 δέ,
1561 5711 1662 5756 etc.
1701 5701 1832 5753 Ibid.

244 5795 346 5850 pro
379 5771 685 5842 συνάπτον,
739 5777 797 5830 in
829 5773 1035 5842 Anglic.
1074 5772 1203 5841 lteg.
1239 5774 1262 5826 1
1304 5782 1355 5826 cl
1389 5771 1624 5830 Felckm.
1660 5772 1714 5837 2,
1744 5773 1838 5829 0t-

1949 4719 2305 4783 συνδοξάζών.

2015 4789 2375 4869 (25)__Regitis
2403 4791 2457 4856 2,
2497 4792 2801 4869 Qttohon,
2826 4795 2884 4847 ὲν
2917 4795 3400 4869 Χριστῷ-’συνάψῃ
3425 4799 3533 4869 τῷ

1943 4859 2080 4935 esp,
2105 4859 2415 4935 “Mortiantc
2455 4863 2564 4935 τῶν
2601 4865 2864 4935 γενητῶν,
2897 4859 3446 4935 Αιῐειὶοξιτθιοιιιιὶῗίὲ.
3473 4859 3530 4922 οἰ

1943 4931 2070 5005 editi
2103 4931 2162 4982 ἓν
2191 4933 2397 4986 addunt
2423 4953 2435 4987 :
2463 4932 2664 5002 Regius
2696 4931 2885 5005 {post
2913 4931 3175 5005 γεῦητῶν.
3203 4935 3371 4988 Paulo
3403 4950 3527 5005 post

1944 5000 2387 5090 liaacseqnen‘tia‘
2411 5000 2618 5090 desunt‘
2642 5005 2693 5090 in
2723 5003 2860 5090 Reg.
2898 5000 2950 5090 2,
2982 5000 3220 5090 Fclck‘in.
3253 5005 3287 5057 2
3315 5016 3369 5059 et
3403 5000 3526 5060 edi.

1943 5071 2127 5144 ιίεηὲν
2147 5071 2191 5134 ᾧ
2216 5074 2311 5144 καὶ.
2334 5073 2402 5126 τὰ
2427 5074 2630 5144 γενητὰ
2662 5075 2690 5125 ό
2717 5071 2886 5140 Λόγος
2909 5074 3167 5144 θεοποιεί.

2014 5142 2127 5214 (26)
2171 5144 2260 5199 Sic
2289 5143 2492 5214 Regius
2536 5142 2763 5212 primus,
2800 5145 2922 5210 ch.
2956 5143 3242 5198 Basilicus.
3279 5146 3434 5200 Cohl.
3469 5159 3522 5201 et

1941 5210 2180 5268 Felckin.
2220 5210 2446 5280 primus.
2480 5210 2584 5266 Alii
2617 5231 2742 5266 vero
2766 5225 2818 5266 (ιι
2846 5214 2996 5276 editi,
3025 5215 3088 5266 ἐκ
3119 5214 3344 5270 τούτων.
3376 5215 3521 5270 Pau-

1942 5283 1993 5334 lo
2023 5297 2142 5352 post
2172 5286 2330 5339 iidem
2355 5301 2486 5339 mss.
2520 5282 2721 5352 Regius
2749 5285 2977 5349 primus,
3015 5284 3138 5352 Seg.
3166 5284 3330 5339 Basit.
3359 5288 3515 5343 Gobl.

1936 5365 1990 5425 et
2023 5353 2258 5409 Felckin.
2291 5356 2520 5422 primus,
2545 5365 2614 5425 ut
2641 5363 2694 5406 et
2722 5354 2944 5425 Graecus
2985 5353 3278 5425 Scriptura:
3315 5367 3518 5425 textus,

1942 5421 2163 5489 habent,
2199 5421 2463 5486 παιδείας.
2493 5424 2596 5476 Alii
2619 5436 2671 5476 et
2703 5423 2850 5483 editi,
2886 5423 3093 5488 σοφίας.

2016 5494 2126 5564 (27)
2168 5497 2378 5564 Anglic.
2426 5493 2590 5545 Basil.
2614 5562 2622 5564 _
2649 5491 2778 5561 Reg.
2829 5495 2884 5564 2,
2935 5493 3174 5548 Felckm.
3213 5495 3268 5555 2,
3303 5507 3354 5551 et
3386 5497 3518 5554 editi

1945 5562 2279 5638 hiega‘dduni
2321 5565 2412 5616 καὶ
2464 5562 2690 5633 ἡσυχίῳ,
2721 5563 2968 5638 quodab
3003 5565 3124 5638 aliis
3168 5577 3222 5638 et
3275 5566 3401 5638 Seg.
3453 5583 3521 5623 ao

1945 5633 2238 5702 Scriptura:
2277 5644 2424 5688 textu
2452 5632 2638 5699 abest;
2669 5648 2778 5701 seq.
2819 5632 2978 5686 πάλιν
3013 5636 3164 5690 deest
3199 5637 3252 5690 in
3277 5632 3433 5693 Go'bl.
3464 5645 3520 5695 υι

1942 5702 2180 5764 Fclckm.
2214 5705 2409 5773 primo.
