3914 6222
411 347 509 403 591

1011 341 1067 394 S.
1109 337 1477 393 ATIIANASII
1516 334 1664 393 OPP.
1709 335 1886 391 PARS
1928 334 1966 389 Ι.
2009 366 2076 374 --
2122 330 2492 388 HISTORICA
2528 333 2616 387 ET
2651 332 3073 391 DOGMATICA.

3535 334 3634 389 59?.

401 462 657 534 cognovit
683 475 802 529 quze
832 467 955 513 sunt
986 456 1100 520 Dei,
1131 458 1232 510 nisi
1270 455 1504 525 Spiritus
1545 454 1657 517 Dei,
1686 454 1776 523 qui
1800 463 1882 507 est
1917 453 1945 505 il

2075 455 2120 504 εί
2161 471 2178 502 ι
2212 453 2385 514 οὐδεὶς
2411 448 2518 505 οἶδε
2550 451 2618 505 «ca
2649 453 2741 505 τοῦ
2785 452 2918 505 Θεοῦ
2943 452 3077 524 (‘28),
3110 453 3158 504 εί
3190 452 3263 521 μὴ
3307 449 3368 504 τὸ
3415 450 3634 520 Πνεῦμα

403 556 521 623 ipso
542 552 624 616 ‘9;
656 568 675 600 ι
712 563 822 602 non
863 557 946 601 est
981 554 1159 599 autem
1189 546 1329 614 apud
1362 546 1529 597 Deum
1551 582 1565 606 ,
1599 551 1658 596 ut
1686 543 1844 597 docet
1873 539 1965 596 Ja-

399 644 590 705 cobus,
627 660 644 694 ι
678 637 1059 694 transmutatio
1098 650 1198 691 nec
1236 634 1625 690 vicissitudinis
1672 635 1964 689 obumbrac

399 735 568 791 tio":
598 752 616 785 ι
652 734 774 803 jure
804 744 867 785 ac
896 729 1088 783 merito
1114 727 1348 796 Spiritus
1375 734 1618 790 sanctus,
1647 725 1740 794 qui
1772 725 1825 779 in
1853 724 1965 780 Deo

294 808 307 819 ’
396 838 498 890 est,
525 822 880 880 immutabilis
905 830 960 876 et
986 821 1333 889 incorruptus
1364 819 1653 888 omnisque
1691 818 1965 874 vicissitu-

394 916 540 974 dinis
566 929 759 986 expers
782 928 905 969 esse
926 911 1229 967 censendus
1256 919 1360 965 est.
1383 909 1453 964 At
1481 925 1662 965 rerum
1697 908 1961 965 factarum

396 1020 451 1065 et
482 996 788 1065 creatarum
830 1014 1023 1059 natura
1063 1003 1340 1057 mutabilis
1388 1010 1492 1068 est,
1518 1009 1705 1071 utpote
1746 1016 1866 1071 quae
1891 1000 1963 1055 sit

395 1110 547 1155 extra
579 1098 674 1153 Dei
697 1096 1077 1154 substantiam.
1110 1103 1163 1147 et
1189 1109 1219 1148 e
1243 1093 1414 1147 nihilo
1451 1093 1736 1147 exstiterit.
1780 1091 1963 1159 Siqui-

395 1192 516 1247 dem
557 1210 577 1243 ι
614 1193 792 1245 omnis
826 1189 1010 1253 homo,
1043 1187 1238 1256 inquit,
1268 1185 1500 1239 mendax
1528 1185 1594 1238 ⁷³.
1624 1203 1643 1235 ι
1678 1182 1760 1249 Et,
1793 1202 1811 1234 ι
1843 1199 1963 1237 om-

397 1298 493 1337 nes
516 1289 875 1351 peccaverunt
899 1287 953 1333 et
974 1287 1132 1348 egent
1157 1276 1327 1346 gloria
1352 1275 1445 1331 Dei
1469 1277 1538 1329 ⁷⁸.
1567 1274 1803 1344 Angelos
1836 1289 1961 1327 vero

395 1375 488 1443 qui
517 1389 624 1428 non
649 1381 1001 1426 servaverunt
1032 1380 1191 1425 suum
1227 1367 1610 1437 principatum,
1639 1366 1732 1421 sed
1761 1364 1960 1419 dereli-

395 1469 630 1534 querunt
661 1476 818 1516 suum
851 1458 1208 1522 domicilium,
1240 1457 1293 1510 in
1324 1456 1589 1526 judicium
1628 1456 1806 1524 magni
1829 1454 1957 1515 diei,

396 1552 625 1607 vinculis
649 1551 864 1606 aeternis
898 1549 1000 1604 sub
1018 1548 1251 1617 caligine
1276 1547 1573 1615 reservavit
1595 1546 1660 1601 ⁷³.
1680 1565 1698 1598 ι
1728 1544 1793 1599 Et
1818 1545 1960 1615 apud

391 1645 494 1700 .lob
528 1664 540 1699 :
582 1662 601 1695 ι
631 1641 689 1697 Si
716 1642 918 1697 sanctis
946 1640 1149 1709 angelis
1178 1639 1291 1693 suis
1327 1650 1435 1692 non
1465 1638 1613 1702 ﬁdit,
1641 1639 1735 1693 sed
1769 1644 1958 1692 contra

388 1737 611 1807 angelos
644 1750 869 1806 pravum
902 1733 1031 1803 quid
1064 1732 1323 1803 cogitavit
1349 1732 1432 1797 “;
1471 1731 1637 1786 stella:
1680 1745 1808 1785 vero
1849 1744 1957 1784 non

389 1838 518 1883 Sunt
559 1827 774 1882 munda;
821 1827 874 1880 in
922 1833 1213 1894 conspectu
1242 1824 1360 1894 ejus
1384 1824 1450 1877 ⁷⁵.
1483 1842 1503 1875 ι
1538 1823 1739 1877 Paulus
1771 1836 1950 1877 autem

387 1919 580 1974 scribit
615 1937 628 1973 :
676 1936 694 1969 ι
726 1916 959 1973 Nescitis
999 1917 1259 1987 quoniam
1302 1915 1521 1984 angelos
1551 1912 1953 1984 judicabimus?

384 2019 591 2080 quanto
620 2008 792 2079 magis
824 2008 1201 2063 saecularia"?
1230 2027 1247 2059 ι
1282 2006 1421 2073 Quin
1457 2008 1620 2061 etiam
1646 2006 1952 2061 audivimus

387 2100 683 2166 diabolum,
715 2099 807 2168 qui
841 2099 893 2151 in
923 2099 1104 2153 medio
1136 2098 1414 2154 cherubim
1450 2097 1650 2159 stabat,
1678 2104 1732 2150 et
1766 2096 1950 2167 signa-

387 2192 569 2244 culum
597 2186 967 2245 similitudinis
988 2198 1125 2253 erat,
1155 2203 1186 2243 e
1220 2189 1360 2243 coelo
1393 2187 1549 2256 quasi
1598 2186 1778 2256 fulgur
1811 2185 1954 2241 ceci-

383 2280 536 2336 disse
552 2280 619 2336 ⁷⁷.
652 2279 707 2334 Si
739 2294 899 2350 porro
922 2295 984 2334 ea
1012 2288 1094 2334 est
1119 2293 1299 2333 rerum
1332 2288 1636 2333 crcatarurn
1659 2283 1870 2338 natura,
1897 2282 1953 2329 et

384 2371 502 2424 haec
527 2370 593 2425 de
616 2370 822 2440 angelis
845 2370 1043 2439 scripta
1073 2378 1197 2424 sunt
1220 2387 1235 2436 ;
1265 2369 1311 2424 si
1331 2377 1516 2423 contra
1538 2367 1775 2437 Spiritus
1808 2368 1947 2421 idem

385 2472 598 2527 semper
624 2467 677 2512 et
708 2457 884 2513 omnis
910 2457 1224 2513 mutationis
1262 2473 1453 2527 expers
1492 2466 1594 2523 est,
1626 2458 1716 2526 qui
1741 2465 1795 2512 et
1828 2455 1948 2510 Filii

385 2549 840 2605 immutabilitatis
872 2551 1161 2619 particeps,
1195 2565 1318 2605 cum
1355 2552 1473 2619 ipso
1499 2566 1712 2620 semper
1750 2550 1949 2605 immu-

384 2639 561 2693 tabilis
579 2649 760 2693 manet
782 2657 796 2694 :
822 2654 1093 2708 quaenam,
1117 2640 1330 2702 amabo,
1358 2639 1657 2693 similitudo
1694 2639 1948 2693 immuta-

383 2730 505 2785 bilis
532 2744 656 2783 cum
680 2729 1061 2784 mutabilibus?
1094 2727 1232 2785 Hinc
1284 2730 1428 2784 enim
1465 2729 1810 2799 perspicuum
1841 2738 1944 2792 est,

382 2837 557 2891 neque
585 2836 698 2875 rem
725 2829 959 2875 creatam
992 2835 1134 2878 esse.
1171 2836 1345 2889 neque
1371 2819 1438 2874 ad
1482 2821 1793 2890 angelorum
1815 2862 1830 2884 ,
1864 2829 1947 2874 ut-

382 2921 505 2979 pote
522 2911 615 2980 qui
638 2910 924 2964 mutabiles
949 2910 1079 2974 sint,
1101 2918 1348 2964 naturam
1367 2910 1655 2979 pertinere,
1673 2910 1767 2966 sed
1786 2908 1945 2964 Verbi

382 3001 670 3073 imaginem
698 3011 751 3057 et
772 3001 942 3056 Patris
965 3002 1239 3070 proprium
1266 3015 1406 3055 esse.
1425 2999 1688 3056 Praeterea
1712 3000 1945 3071 Spiritus

380 3092 596 3146 Domini
640 3091 950 3147 universum
996 3092 1182 3144 orbem
1222 3089 1462 3158 replevit.
1493 3088 1570 3142 Ita
1601 3092 1743 3143 enim
1780 3087 1942 3142 David

379 3185 575 3241 cecinit
602 3203 615 3239 :
652 3204 670 3235 ι
699 3184 818 3250 Quo
851 3183 941 3238 ibo
963 3199 992 3237 a
1018 3182 1224 3252 Spiritu
1255 3190 1347 3237 tuo
1370 3181 1448 3235 “’3?
1482 3200 1502 3234 ι
1545 3181 1608 3235 Ει
1633 3182 1687 3235 in
1720 3180 1947 3249 Sapien-

379 3279 454 3332 tia
479 3277 736 3349 scriptum
765 3285 848 3329 est
876 3293 889 3328 :
925 3292 943 3327 ι
981 3275 1133 3329 Tuus
1160 3275 1305 3328 enim
1341 3273 1688 3342 incorruptus
1717 3271 1953 3341 Spiritus

375 3378 460 3425 est
494 3370 548 3423 in
577 3368 829 3422 omnibus
856 3368 921 3422 ⁷⁸.
950 3386 968 3417 ιι
1003 3365 1165 3436 Atqui
1194 3365 1462 3420 universae
1492 3381 1579 3420 res
1611 3364 1764 3419 facta:
1792 3364 1844 3417 in
1872 3363 1955 3417 di-

377 3460 511 3516 visis
541 3460 675 3515 locis
703 3457 989 3524 exsistunt,
1021 3459 1165 3515 verbi
1192 3459 1386 3529 gratia.
1414 3458 1516 3525 sol,
1547 3458 1671 3512 luna
1697 3466 1751 3512 et
1780 3465 1949 3519 astra,

377 3551 432 3604 in
465 3550 827 3614 ﬁrmamento,
859 3562 914 3605 et
935 3550 1106 3605 nubes
1135 3551 1189 3605 in
1218 3566 1362 3606 aere.
1397 3549 1455 3605 ln
1480 3551 1792 3605 hominibus
1810 3567 1949 3621 quo-

375 3660 481 3714 que
510 3645 794 3698 nationum
825 3642 1085 3697 terminos
1117 3643 1402 3697 constituit
1429 3642 1497 3696 ³ο.
1529 3641 1718 3712 Angeli
1755 3642 1950 3697 simili-

376 3746 456 3790 ter
499 3737 557 3791 in
601 3734 906 3791 ministeria
952 3734 1278 3788 mittuntur:
1316 3753 1334 3786 ί
1372 3733 1439 3788 Ει
1477 3743 1741 3788 venerunt
1771 3735 1946 3806 angeli

372 3824 468 3881 Dei
498 3834 556 3880 ut
582 3826 904 3882 assisterent
927 3840 1110 3881 coram
1144 3825 1399 3891 Domino,
1426 3845 1443 3877 ι
1474 3826 1554 3879 uti
1590 3825 1642 3879 in
1673 3824 1776 3881 Job
1809 3828 1943 3897 legi-

374 3931 496 3971 mus
517 3917 584 3969 εί.
617 3915 704 3983 Et,
743 3934 764 3967 ι
795 3915 1088 3972 somniavit
1134 3914 1302 3971 Jacob
1345 3915 1677 3985 patriarcha.
1725 3915 1789 3969 Et
1820 3933 1945 3972 ecce

372 4008 517 4062 scala
541 4008 726 4062 innixa
752 4008 806 4062 in
835 4017 998 4074 terra,
1022 4006 1178 4076 cujus
1196 4021 1454 4061 cacumen
1480 4005 1640 4077 55,0
1661 4006 1726 4062 ad
1747 4009 1943 4062 coelum

376 4100 754 4167 perveniebat:
783 4110 836 4155 et
857 4101 1029 4171 angeli
1067 4098 1161 4153 Dei
1190 4098 1552 4153 ascendebant
1574 4109 1626 4152 et
1648 4100 1941 4153 descende-

376 4191 507 4244 bant
540 4205 634 4258 per
659 4191 830 4259 ipsam
847 4191 912 4244 ⁸⁸.
938 4210 957 4242 ι
995 4190 1048 4245 Si
1085 4190 1247 4261 igitur
1281 4190 1514 4259 Spiritus
1533 4191 1938 4260 omniaimplet,

372 4290 425 4335 ct
454 4280 507 4334 in
533 4279 709 4334 Verbo
738 4297 974 4349 praesens
1009 4288 1093 4336 est
1117 4281 1170 4333 in
1204 4279 1383 4335 medio
1420 4280 1696 4346 omnium;
1727 4281 1771 4335 si
1806 4298 1938 4337 con-

370 4381 453 4426 tra
496 4372 669 4441 angeli
715 4372 815 4427 hac
858 4372 912 4426 in
956 4388 1014 4426 re
1053 4373 1127 4426 illi
1153 4373 1373 4439 cedunt,
1409 4382 1572 4442 atque
1598 4372 1707 4427 illic
1729 4381 1936 4432 tantum

443 4489 489 4520 ”
529 4487 698 4543 lCor.
753 4503 813 4551 ιι,
868 4487 954 4540 Η.
1062 4488 1108 4519 το
1146 4486 1261 4541 Jac.
1299 4505 1335 4550 ι,
1378 4488 1464 4541 l7.

369 4558 414 4590 ⁷⁸
452 4557 555 4614 Job
586 4572 710 4623 xxv,
750 4557 804 4612 5.
903 4558 949 4590 ⁷⁸
986 4556 1159 4611 lCor.
1195 4574 1266 4619 vt,
1296 4559 1348 4612 5.

367 4643 500 4694 xvu,
533 4627 622 4681 26.
699 4627 743 4659 ⁸¹
783 4626 885 4682 Job
917 4643 953 4692 ι,
990 4627 1041 4680 6.
1140 4627 1186 4659 ³¹
1227 4626 1422 4683 Cenes.
1455 4641 1647 4690 xxvnt,
1680 4627 1764 4680 19..

1573 4488 1617 4557 ῗι
1657 4487 1802 4542 Psal.
1841 4507 1964 4557 cxv,
1998 4496 2085 4549 Η.

1462 4558 1505 4587 ⁷⁷
1548 4555 1741 4631 Ezeclr.
1781 4555 1969 4631 xxvnt,
2004 4566 2090 4619 1‘2.

2064 545 2156 598 τοῦ
2189 544 2323 598 Θεοῦ
2347 546 2405 598 τὸ
2438 547 2492 598 ἐν
2522 545 2721 616 αὐτῷ’)
2761 547 2861 598 οὐκ
2889 544 3003 599 ἔστι
3031 544 3089 597 δέ
3110 542 3260 616 παρὰ
3286 542 3363 613 τῷ
3393 542 3530 612 Θεῷ,
3563 542 3634 605 ὡς

2063 633 2213 690 εἶπεν
2228 639 2257 689 ὁ
2280 636 2550 700 Ἰάκωϐος,
2573 656 2590 688 ι
2610 636 2931 709 παραλλαγὴ
2949 637 2981 708 ἢ
3001 638 3204 709 τροπῆς
3229 635 3542 706 ἁποσκίασμ
3555 653 3595 689 ι·
3613 657 3630 684 ι

2062 730 2121 781 ἐν
2158 727 2234 798 τῷ
2260 728 2377 799 Θεῷ
2404 728 2463 783 ὃν
2491 729 2553 781 τὸ
2611 728 2835 799 Πνεῦμα
2884 728 2946 781 τὸ
2989 729 3161 796 ἆγιον,
3204 727 3425 790 εἰκότως
3452 727 3516 779 ἂν
3552 729 3632 797 εἴη

2061 821 2324 893 ἄτρεπτον
2349 821 2442 873 καί
2467 817 2880 891 ἀπαράλλακτον
2903 820 2997 873 καὶ
3020 818 3308 889 ἄφθαρτον.
3351 817 3416 868 Ἦ
3445 815 3501 868 δὲ
3525 815 3630 866 τῶν

2060 911 2301 984 γενητῶν
2332 911 2551 966 καὶτῶν
2575 912 2803 971 κτιστῶν
2854 910 3011 981 φύσις
3041 913 3157 965 ἐστὶ
3183 909 3408 983 τρεπτὴ,
3443 911 3538 962 ἆτε
3569 909 3630 979 δὴ

2060 1005 2255 1072 ἔξωθεν
2285 1002 2396 1075 (29)
2425 1000 2557 1057 οὖσα
2586 998 2685 1075 τῆς
2708 1004 2800 1058 τοῦ
2824 1003 2958 1057 Θεοῦ
2985 1003 3190 1066 οὐσίας,
3226 1003 3320 1055 καὶ
3349 998 3408 1065 ἐξ
3439 1001 3539 1053 οὐκ
3556 999 3635 1051 δν-

2057 1113 2165 1149 των
2197 1096 2492 1148 ύποστᾶσα·
2530 1115 2548 1147 ι
2577 1097 2683 1159 πᾶς
2713 1115 2731 1147 ι
2770 1095 2867 1165 μὲν
2896 1096 3005 1167 γὰρ
3043 1112 3061 1145 ι
3093 1094 3393 1166 ἄνθρωπος,
3422 1111 3443 1144 ι
3476 1090 3630 1160 φησι,

2064 1205 2081 1235 ι
2112 1183 2401 1255 ψεύστης.»
2434 1186 2564 1250 Καὶ,
2630 1204 2648 1236 ι
2699 1186 2897 1250 πάντες
2926 1187 3190 1257 ἥμαρτον,
3215 1186 3309 1238 καὶ
3343 1185 3630 1255 ὑστεροῦν-

2058 1291 2145 1327 ται
2177 1275 2276 1346 τῆς
2300 1273 2459 1346 δόξης
2488 1275 2583 1328 τοῦ
2615 1274 2771 1329 Θεοῦ.
2817 1276 3107 1346 Ἀγγέλους
3141 1276 3198 1329 δὲ
3237 1276 3350 1346 (50)
3398 1278 3529 1338 τοὺς
3559 1277 3631 1347 μὴ

2057 1367 2398 1437 τηρήσαντας
2429 1367 2527 1438 τὴν
2555 1368 2760 1422 ἑαυτῶν
2817 1369 3011 1440 ἀρχὴν,
3045 1368 3156 1422 ἀλλ’
3186 1368 3547 1433 ἀπολιπόντας
3575 1369 3634 1422 τὸ

2060 1459 2187 1510 ίδιον
2220 1459 2553 1530 οίκητήριον,
2587 1461 2666 1523 εἰς
2694 1460 2872 1530 κρίσιν
2902 1460 3142 1531 μεγάλης
3168 1460 3378 1531 ἡμέρας
3414 1460 3633 1532 δεσμοῖς

2059 1549 2247 1613 ἀϊδίοις
2274 1550 2378 1603 ὑπὸ
2404 1548 2565 1619 ζόφον
2593 1551 2912 1623 τετήρηκεν.
2948 1570 2966 1601 ι
3008 1552 3095 1605 Ἐν
3130 1550 3186 1604 δὲ
3210 1550 3287 1622 τῷ
3325 1550 3464 1605 Ἰώσ-
3507 1571 3527 1602 ι
3568 1553 3631 1606 ΕΞ

2058 1638 2196 1692 κατά
2224 1638 2393 1708 ἀγίων
2409 1638 2653 1708 ἀγγέλων
2682 1640 2788 1710 (51)
2824 1639 2987 1693 αὑτοῦ
3013 1641 3071 1693 οὐ
3094 1640 3358 1706 πιστεύει,
3391 1640 3536 1695 κατά
3576 1642 3633 1695 δὲ

2057 1728 2303 1797 ἀγγέλων
2364 1730 2526 1783 αὑτοῦ
2575 1730 2783 1784 σκολιόν
2825 1748 2876 1784 τι
2929 1732 3235 1802 ἐπενόησεν⁸
3273 1730 3446 1802 ἄστρα
3479 1731 3538 1784 δὲ
3569 1732 3630 1784 οὐ

2058 1818 2272 1890 καθαρά
2300 1818 2525 1874 ἐνώπιον
2553 1819 2736 1873 αὐτοῦ·
2766 1840 2785 1872 ι
2811 1823 2840 1874 6
2879 1820 2935 1873 δὲ
2969 1821 3177 1886 Παῦλος
3211 1821 3430 1892 γράφει·
3470 1840 3488 1871 ι
3517 1823 3634 1875 Οὐκ

2056 1908 2251 1974 οἴδατε,
2285 1910 2366 1963 ὅτι
2397 1911 2659 1980 ἀγγέλους
2714 1910 3026 1983 κρινοῦμεν,
3066 1913 3258 1983 μήτιγε
3311 1911 3576 1982 βιωτικά;
3609 1932 3627 1963 ι

2070 2000 2225 2054 Ἀλλά
2250 2001 2360 2073 γὰρ
2392 2004 2486 2056 καὶ
2509 2001 2839 2073 ἠκούσαμεν,
2867 2004 2948 2056 ὅτι
2968 2006 2995 2057 6
3021 2003 3263 2068 διάϐολος
3289 2004 3420 2075 (52),
3438 2005 3497 2057 ἐν
3532 2004 3634 2076 μέσ-

2058 2110 2135 2163 σῳ
2163 2093 2267 2146 τῶν
2295 2093 2561 2165 χερου6ὶμ
2595 2093 2689 2158 ὢν,
2720 2095 2812 2148 καὶ
2851 2095 3280 2166 ἀποσφράγισμα
3315 2094 3632 2166 ὁμοιώσεως

2054 2188 2362 2258 γενόμενος,
2403 2187 2654 2253 ἐξέπεσεν
2705 2189 2769 2241 ἐκ
2823 2187 2917 2240 τοῦ
2950 2188 3173 2259 οὐρανοῦ
3216 2185 3290 2251 ὡς
3346 2190 3631 2258 ἀστραπή.

2054 2280 2116 2331 Εἰ
2146 2280 2202 2333 δὲ
2232 2279 2299 2332 τά
2335 2280 2431 2351 μὲν
2462 2281 2736 2351 κτίσματα
2761 2280 3014 2350 τοιαύτην
3038 2281 3150 2351 ἔχει
3183 2281 3339 2349 φύσιν
3365 2280 3499 2350 (55),
3539 2281 3635 2333 καὶ

2052 2371 2360 2441 γέγραπται
2386 2371 2510 2440 περὶ
2568 2370 2812 2439 ἀγγέλων
2837 2372 3079 2425 τοιαῦτα·
3118 2372 3178 2424 τὸ
3204 2371 3261 2424 δὲ
3318 2369 3547 2441 Πνεῦμα
3576 2370 3635 2422 τὸ

2052 2463 2184 2516 αὐτό
2220 2464 2334 2516 ἐστι
2380 2464 2471 2515 καὶ
2494 2462 2867 2525 ἀναλλοίωτον,
2905 2464 3119 2533 καὶτῆς
3172 2460 3265 2516 τοῦ
3306 2460 3436 2515 Υίοῦ
3467 2463 3635 2531 ἀτρεε

2050 2553 2179 2624 ψίας
2237 2554 2375 2617 ἐστὶ,
2437 2554 2592 2625 μένον
2637 2553 2725 2606 ἀεὶ⁸
2792 2555 2887 2607 σὺν
2945 2553 3092 2624 αὐτῷ
3153 2553 3437 2624 ἄτρεπτον·
3499 2552 3635 2605 ποία

2049 2644 2303 2716 ὁμοιότης
2326 2643 2402 2715 τῷ
2427 2643 2680 2716 ἀτρέπτῳ
2699 2644 2833 2715 πρὸς
2860 2644 2930 2698 τὰ
2957 2644 3296 2715 τρεπόμενας
3320 2644 3491 2714 Δῆλον
3520 2642 3635 2714 γὰρ

2052 2736 2119 2790 ἂν
2136 2738 2242 2807 εἴη,
2275 2736 2350 2799 ὡς
2380 2735 2503 2788 οῦτε
2528 2735 2732 2805 κτίσμα
2758 2736 2924 2799 ἐστὶν,
2960 2734 3082 2788 οὔτε
3099 2737 3234 2799 ὅλως
3258 2736 3356 2806 τῆς
3389 2735 3500 2788 τῶν
3533 2735 3634 2802 ἀγ-

2052 2827 2223 2897 γέλων
2255 2827 2441 2890 οὐσίας
2470 2826 2604 2891 ἐστὶ,
2647 2826 2734 2879 διὰ
2783 2826 2844 2879 τὸ
2872 2827 3111 2890 ἐκείνους
3166 2823 3303 2880 εἷναι
3336 2825 3630 2896 τρεπτούς·

2051 2919 2162 2972 ἀλλ’
2192 2917 2352 2973 εἰκὼν
2379 2916 2473 2971 τοῦ
2511 2916 2704 2986 Λόγου,
2743 2917 2836 2973 καὶ
2885 2915 2977 2971 τοῦ
3039 2918 3250 2988 Πατρὸς
3304 2917 3429 2971 ἴδιόν
3486 2919 3631 2970 ἐστι.

2050 3009 2217 3063 Πάλιν
2256 3027 2314 3063 τε
2336 3011 2395 3064 τὸ
2429 3011 2525 3081 μὲν
2553 3010 2777 3082 Πνεῦμα
2805 3010 3010 3082 Κυρίου
3042 3009 3370 3080 πεπλήρωκε
3403 3008 3505 3079 τὴν
3546 3010 3633 3061 οὶ·-

1976 3137 2016 3194 C
2050 3103 2335 3172 κουμένην.
2387 3103 2543 3156 Οῦτω
2599 3103 2707 3175 γὰρ
2753 3102 2847 3156 καὶ
2903 3104 2931 3156 6
2976 3101 3137 3157 Δα6“ιδ
3182 3099 3391 3169 ψάλλει·
3456 3119 3476 3151 ι
3512 3099 3633 3153 Ποῦ

2058 3191 2305 3263 πορευθῶ
2331 3192 2437 3245 ἀπὸ
2462 3191 2554 3245 τοῦ
2586 3192 2899 3263 Πνεύματός
2934 3208 3061 3255 σους
3094 3210 3111 3242 ι
3146 3190 3255 3244 Καὶ
3286 3190 3444 3245 πάλιν
3465 3191 3528 3242 ἐν
3562 3192 3633 3260 τῇ

2056 3283 2223 3353 Σοφίᾳ
2244 3283 2565 3354 γέγραπται·
2627 3302 2646 3335 ι
2684 3284 2757 3337 Τὸ
2796 3282 2904 3354 γὰρ
2954 3281 3225 3353 ἄφθαρτόν
3262 3296 3353 3334 σου
3395 3278 3639 3350 Πνεῦμά.

2054 3376 2199 3427 ἐστιν
2229 3375 2286 3427 ἐν
2320 3375 2504 3427 πᾶσι.»
2538 3373 2618 3427 Τά
2648 3374 2706 3427 δέ
2730 3372 2932 3445 γενητὰ
2953 3373 3128 3426 πάντα
3164 3374 3220 3426 ἐν
3285 3369 3635 3444 μεμερισμέ-

2053 3482 2161 3529 νοις
2196 3466 2381 3529 τόποις
2412 3467 2566 3529 εἰσιν,
2600 3466 2749 3537 ἥλιος
2775 3466 2895 3537 μὲν,
2941 3464 3036 3519 καὶ
3078 3462 3294 3535 σελήνη,
3338 3463 3432 3515 καὶ
3462 3462 3636 3514 ἀστέ-

2052 3574 2145 3627 ρες
2173 3561 2229 3610 ἐν
2250 3556 2326 3628 τῷ
2359 3557 2714 3629 στερεώματι,
2771 3556 2987 3626 νεφέλαι
3045 3555 3101 3609 δὲ
3135 3558 3191 3608 ἐν
3242 3554 3320 3625 τῷ
3346 3553 3491 3623 ἀέρι·
3529 3553 3634 3606 καὶ

2047 3653 2159 3713 τοῖς
2184 3648 2488 3720 ἀνθρώποις
2528 3648 2751 3719 ἔστησεν
2784 3649 2907 3719 ὅρια
2959 3646 3148 3700 ἐθνῶν·
3183 3646 3237 3699 οἵ
3280 3661 3339 3698 τε
3395 3642 3635 3712 ἄγγελοι

2046 3742 2460 3796 ἀποστέλλονται
2492 3742 2571 3805 είς
2592 3740 2884 3801 διακονίας·
2922 3756 2940 3788 ι
2988 3737 3096 3791 Καὶ
3126 3732 3285 3807 ἦλθον
3312 3736 3359 3788 oi
3393 3732 3634 3802 ἄγγελοι

2047 3833 2385 3904 παραστῆναι
2413 3830 2640 3885 ἐνώπιον
2664 3829 2754 3883 τοῦ
2784 3828 3038 3899 Κυρίου,›
3069 3827 3143 3889 ὡς
3172 3827 3228 3878 ἐν
3258 3824 3335 3896 τῷ
3376 3822 3497 3876 Ἰὼϐ
3534 3821 3635 3890 γέ-

2045 3940 2302 3994 γραπται·
2329 3924 2441 3987 καὶ,
2479 3942 2496 3973 ι
2528 3919 2853 3990 ἐνυπνιάσθη
2882 3919 2937 3971 δὲ
2966 3916 3160 3972 Ἰακὼϐ
3192 3918 3220 3969 6
3246 3913 3631 3985 πατριάρχης·

2043 4018 2169 4079 καὶ,
2232 4016 2339 4069 ἰδοὺ
2374 4013 2573 4084 κλίμαξ
2612 4010 2978 4083 ἐστηριγμένη
3026 4010 3082 4060 ἐν
3130 4008 3194 4077 τῇ
3224 4008 3315 4076 γῇ,
3357 4000 3425 4075 ἦς
3455 4006 3491 4075 ὴ
3529 4021 3633 4056 κε·-

2043 4107 2184 4177 φαλὴ
2210 4106 2485 4174 ἀφικνεῖτο
2508 4106 2587 4167 εἰς
2619 4104 2708 4156 τὸν
2732 4101 2981 4173 οὐρανὸν,
3037 4100 3128 4153 καὶ
3174 4101 3221 4151 οἱ
3262 4095 3485 4165 ἄγγελοι
3522 4096 3632 4148 τοῦ

2040 4199 2173 4252 Θεοῦ
2212 4196 2493 4251 ἀνέϐαινον
2532 4195 2627 4249 καὶ
2660 4194 2973 4248 κατέϐαινον
3004 4194 3087 4244 ἐπ’
3108 4190 3294 4259 αὐτῆς.
3334 4208 3351 4239 ι
3384 4187 3447 4240 Εἰ
3472 4186 3540 4240 δὲ
3565 4187 3633 4239 τδ

2044 4288 2141 4358 μὲν
2169 4284 2389 4354 Πνεῦμα
2416 4284 2590 4337 πάντα
2615 4281 2829 4353 πληροῖ,
2846 4281 2938 4333 καὶ
2970 4279 3028 4332 ἐν
3056 4276 3132 4347 τῷ
3161 4275 3319 4345 Λόγῳ
3346 4273 3633 4342 πάρεστιν

2040 4382 2097 4432 ἐν
2129 4379 2277 4449 μέσῳ
2329 4375 2542 4428 πάντων
2593 4372 2726 4444 (54),
2771 4374 2818 4424 οί
2871 4370 2929 4423 δέ
2987 4368 3205 4437 ἄγγελοι
3260 4360 3633 4418 ἐλαττοῦνται

2186 4494 2232 4524 ⁷²
2268 4491 2426 4545 Rom.
2462 4504 2544 4550 ιιι,
2575 4487 2663 4542 23.
2774 4486 2821 4517 ⁷³
2859 4484 2979 4538 Jud.
3013 4483 3074 4538 6.
3189 4482 3234 4512 ⁷⁸
3270 4479 3484 4550 ποιεῖν,
3527 4476 3628 4532 18.

2206 4564 2250 4594 ⁷⁸
2291 4561 2433 4615 Psal.
2468 4547 2790 4620 cv'xxvmﬂ.
2869 4555 2913 4586 "°
2955 4553 3080 4622 Sap.
3109 4567 3206 4616 xu,
3242 4552 3291 4604 Ι.
3364 4548 3410 4578 ⁸ο
3450 4547 3595 4600 Act.

438 4739 549 4813 (28)
589 4739 682 4813 Sic
714 4739 914 4813 Regius
945 4742 1168 4813 primus,
1210 4740 1334 4811 Seg.
1382 4741 1537 4813 Gobl.
1588 4751 1641 4813 et
1686 4740 1924 4813 Felckm.

2050 4749 2080 4793 ει
2105 4738 2143 4813 1:
2148 4737 2598 4813 elelirn._primus,
2626 4730 2762 4813 ἀλλά
2792 4726 3210 4813 καὶυὸκδιάϐρλος
3236 4724 3630 4813 Anglicanus

364 4811 599 4881 primus.
632 4811 736 4881 Alii
762 4826 913 4881 vero,
942 4820 997 4864 et
1036 4811 1165 4866 editi
1210 4813 1258 4863 εἰ
1292 4812 1567 4881 omittunt.
1602 4811 1771 4865 Paulo
1807 4820 1928 4880 post

366 4879 463 4962 pro
486 4880 874 4962 τροπῆςλδεβ.
905 4880 1064 4960 habet
1085 4881 1379 4962 τροπικῶς,
1396 4879 1673 4962 Ottobon,
1693 4879 1926 4962 apo-cpe:

364 4948 490 5022 πῆς.
521 4948 660 5005 Μοκ“
707 4948 905 5022 Regius
957 4948 1183 5022 primus.
1238 4950 1363 5020 Seg.
1398 4959 1542 5022 post
1584 4952 1641 5022 ὲν
1690 4948 1766 5020 τῷ
1812 4948 1928 5019 Θεῴ

362 5019 622 5076 omittunt
651 5020 829 5073 τοίνυν
855 5021 999 5126 quod
1027 5019 1080 5073 in
1112 5021 1233 5074 aliis
1260 5030 1312 5074 et
1345 5021 1504 5075 eJitis
1533 5019 1745 5089 legitur.

434 5091 545 5126 [θοι
585 5090 798 5126 Wall-Iun
896 5125 899 5126 ,
941 5098 991 5126 at
1040 5091 1147 5126 alii
1204 5088 1445 5126 nnmnanl
1502 5091 1745 5126 nan-illnc:

434 5091 545 5214 (ἓξ)
567 5090 822 5214 6Felckm.
865 5088 901 5141 9.
941 5098 994 5143 et
1040 5091 1170 5144 edit.
1204 5088 1467 5144 Commel.
1502 5088 1781 5153 mendose,
1807 5088 1929 5141 οὐδὲ

516 5179 563 5214 ιο
600 5177 680 5213 εν.

359 5162 424 5228 δὴ
459 5162 680 5228 εξιοθεν.

724 5230 928 5301 Regius
968 5230 1196 5302 primus,
1233 5228 1357 5298 Seg.
1399 5228 1555 5302 Gobl.
1593 5239 1645 5282 et
1677 5226 1914 5302 Eelckut.

359 5294 462 5369 Alii
516 5294 640 5354 vero
683 5308 737 5355 et
779 5294 931 5363 editi,
959 5294 1219 5369 ἀγγέλους
1244 5294 1331 5353 τεῖ
1366 5301 1484 5352 Mox
1535 5314 1631 5367 pro
1687 5294 1917 5360 ἑαυτῶν,

361 5366 595 5422 Felekut.
631 5370 687 5432 2,
715 5379 768 5424 et
796 5371 924 5425 editi
960 5366 1160 5424 habent
1194 5369 1349 5422 ἰδίαν.

432 5439 544 5509 (ξι)
586 5438 786 5509 Regius
832 5440 888 5502 2,
918 5440 1162 5508 ἀγγέλων
1197 5440 1415 5492 omittit.
1450 5436 1625 5509 Basil._
1656 5444 1779 5509 post
1821 5452 1915 5509 ςπι-

362 5504 537 5561 στεύει
566 5504 744 5562 ίιιιίιῐιῑ.
774 5504 1015 5563 Εειειιιιίξ
1040 5510 1075 5562 2
1100 5520 1154 5563 et
1186 5509 1348 5562 editio
1388 5504 1675 5561 Commelf
1698 5507 1779 5559 sic
1819 5504 1917 5557 ha-

361 5576 448 5653 bet
470 5595 486 5630 :
509 5579 557 5629 εἰ
587 5578 724 5653 κατὰ
751 5580 920 5653 ἁγίων
939 5579 1100 5631 αὐτοῦ
1125 5582 1186 5631 οὐ
1210 5577 1469 5641 πιστεύει,
1493 5576 1666 5645 ἄστρα
1688 5573 1768 5638 δέ,
1791 5583 1925 5640 etc.,

362 5648 696 5707 iutermediis
729 5649 967 5702 omissis.

431 5715 543 5785 (5‘3)
584 5712 677 5768 Sic
712 5708 913 5785 Regius
947 5717 1176 5785 primus,
1209 5716 1329 5786 ch.
1375 5726 1430 5772 et
1469 5715 1633 5770 Basil.
1666 5716 1735 5770 At
1761 5713 1919 5769 Gobl.

2030 4820 2084 4863 ει
2110 4808 2306 4877 Regius
2331 4794 2386 4864 Ξῖ
2406 4794 2740 4877 ’ᾼλλάςγάρ-
2755 4800 2849 4877 κα).
2873 4800 2900 4851 6
2931 4798 3190 4877 διάὸολρς.
3223 4794 3327 4877 Alii
3370 4803 3421 4876 et
3447 4796 3631 4877 editi,

2043 4863 2332 4947 Ἀλλιῖγάρ
2361 4863 2389 4928 δ
2420 4863 2875 4947 διάϐολὸςξΡίιιιιο
2912 4877 3031 4946 post
3057 4865 3237 4947 iidem,
3256 4863 3474 4947 .Relgius
3498 4865 3634 4947 priT

2030 4964 2174 5011 mns,
2208 4935 2332 5012 Seg.
2359 4954 2413 5000 et
2434 4942 2596 4997 Basil.
2629 4942 2827 4995 habent
2853 4935 2928 4991 ἐκ
2941 4936 3034 4990 τοῦ
3057 4935 3304 5006 ούρανοῦ.
3332 4935 3541 4989 (lateri
3567 4944 3631 4990 et

2029 5018 2187 5088 editi,
2216 5016 2281 5088 ἐκ
2308 5014 2414 5088 τῷν
2446 5012 2711 5088 οὐρανῶν.
2791 5086 2796 5088 Α
2854 5076 2884 5088 ﬁ
3223 5072 3235 5088 ι
3336 5073 3359 5088 υ

2103 5072 2214 5155 (53)
2258 5085 2451 5154 ltegius
2495 5072 2701 5151 primus
2751 5086 2805 5133 et
2853 5076 3003 5146 Seg.,
3044 5072 3281 5155 τρεπτὴν
3334 5073 3446 5141 ἔχει
3506 5072 3630 5195 12v

2111 5172 2207 5195 mu,
2250 5152 2369 5195 Mm
2426 5153 2585 5195 ἰίιιριῃ
2630 5158 2684 5195 ρι
2734 5147 2898 5195 Basil.
2950 5161 3015 5195 ac
3062 5144 3418 5195 Anglicanus.
3447 5141 3523 5194 τὸ
3598 5142 3629 5194 ὲ

2034 5141 2211 5225 φύσινί
2250 5141 2372 5225 lio}
2424 5141 2587 5225 iidem
2630 5158 2684 5205 et
2734 5147 2898 5225 Dasil.
2928 5141 3418 5225 'ac_Angli_§anus,
3447 5141 3523 5194 τὸ
3557 5141 3629 5223 δὲ

2026 5211 2249 5296 Πνεῦμα
2281 5224 2341 5276 τὸ
2377 5222 2507 5275 αὑτό
2541 5217 2795 5296 ἐστι-καί,
2825 5215 3099 5296 etc.Gobl.
3122 5222 3181 5296 et
3211 5211 3445 5296 Felcltm:
3484 5212 3630 5296 pri-

2024 5280 2522 5362 musfanonymus,
2550 5290 2610 5362 το
2635 5280 3073 5362 ξδὲΑΠνεῦμα-τὸ
3112 5282 3273 5362 ςιγιον
3310 5280 3440 5362 αὐτό
3480 5280 3629 5362 ἐστι

2026 5349 2278 5426 καί,ἐιε.
2306 5349 2410 5416 Αἰἰὶ
2439 5371 2493 5415 et
2511 5349 2670 5421 editi,
2696 5356 2758 5411 τὸ
2787 5356 2844 5409 δὲ
2866 5349 3090 5426 Πνεῦμα
3112 5349 3455 5426 svi-56:53:41.
3493 5360 3625 5405 etc.

2099 5420 2206 5502 (34)
2249 5433 2340 5487 Sic
2370 5431 2587 5502 Regius_
2603 5420 2831 5502 primus,
2853 5425 2977 5502 Seg.
2998 5420 3524 5502 .Basil.‘Gob_leriap_.
3561 5431 3632 5473 et

2026 5488 2260 5557 Felckin.
2292 5488 2520 5571 primus.
2550 5488 2741 5571 Cit-teri
2790 5488 2843 5550 et
2885 5488 3035 5571 editi,
3078 5491 3240 5571 ἐστίν.
3268 5488 3397 5571 βίοις
3427 5488 3630 5571 inter}:

2026 5589 2158 5628 mss.
2215 5560 2415 5626 habent
2463 5567 2804 5623 ἐλαττοῦνται
2851 5564 3044 5633 τούτῳ.
3079 5560 3282 5633 Αϐωιετί
3338 5568 3392 5611 et
3433 5560 3627 5633 editi,

2024 5626 2276 5705 ἐλάττους
2308 5642 2455 5703 ὅντες
2478 5641 2534 5692 ὲν
2566 5638 2716 5709 τόπῳ
2744 5634 2868 5688 εἰσί.
2890 5626 3202 5709 Iidem-item
3233 5626 3630 5709 manuscripti

2025 5714 2237 5768 codices
2257 5696 2593 5782 particulam
2627 5696 2741 5774 οὖν,
2774 5718 2937 5775 quam
2982 5701 3070 5757 alii
3114 5708 3167 5755 et
3212 5697 3339 5753 editi
3380 5696 3629 5754 habent
