3914 6222
357 378 464 438 595

892 375 949 430 S.
1013 371 1384 429 ATHANASII
1423 370 1572 428 OPP.
1615 369 1797 425 PARS
1833 367 1876 423 Ι.
1914 397 1978 406 -
2013 364 2388 421 lllSTORlCA
2443 361 2530 416 ET
2572 356 2988 418 DOGMATICA.

3501 352 3605 409 596

356 500 498 555 enim
529 496 772 554 Ecclesia
816 496 1038 552 fundata
1077 505 1181 558 est,
1211 513 1242 551 a
1280 512 1386 566 qua
1413 497 1457 550 si
1489 496 1610 565 quis
1639 492 1919 556 exciderit,

2055 487 2316 556 φύλαξαν.
2343 486 2431 539 Ἐν
2461 483 2631 554 ταύτῃ
2665 480 2830 552 γὰρὴ
2868 473 3165 547 Ἐκκλησία
3196 471 3599 545 τεθεμελίωται,

355 595 402 648 is
423 608 522 647 nec
549 607 671 648 esse
700 606 800 646 nec
829 592 1063 660 amplius
1091 590 1196 645 diei
1218 589 1564 645 Christianus
1587 587 1695 641 ulla
1720 584 1930 640 ratione

354 685 571 757 poterit.
610 686 795 754 itaque
832 683 1074 738 Trinitas
1111 692 1300 738 sancta
1323 691 1378 738 et
1409 681 1646 752 perfecta
1680 689 1783 745 est,
1809 694 1932 748 quae

355 781 409 833 in
440 778 600 832 Patre
620 788 673 832 et
698 775 838 830 Filio
862 785 916 829 ct
938 774 1147 845 Spiritu
1177 784 1368 829 sancto
1401 773 1734 844 agnoscitur,
1769 770 1934 825 nihil-

353 888 461 942 que
498 872 735 926 alienum
763 869 844 923 vel
867 868 1207 923 extrinsecus
1229 867 1523 923 admistum
1553 865 1733 928 habet,
1757 879 1932 933 neque

355 981 421 1020 ex
475 970 722 1019 creatore
767 971 821 1018 et
875 977 932 1016 re
984 972 1165 1017 creata
1210 969 1444 1026 constat,
1486 959 1579 1016 sed
1629 967 1742 1013 tota
1772 957 1927 1030 541

355 1057 578 1114 creandi
611 1067 664 1112 et
687 1055 950 1113 eiiiciendi
980 1055 1032 1109 vi
1061 1053 1284 1126 prazdita
1320 1062 1403 1110 est
1429 1071 1443 1108 :
1479 1053 1582 1107 sibi
1614 1064 1832 1122 quoque
1855 1052 1932 1105 s‘i-

357 1150 504 1206 milis
531 1159 584 1205 et
625 1149 903 1204 individua
949 1155 1032 1203 est
1081 1157 1297 1209 natura,
1330 1161 1547 1216 unaque
1569 1146 1689 1214 ejus
1711 1153 1795 1199 est
1823 1143 1936 1198 elli-

357 1242 508 1297 cacia
539 1250 594 1297 et
623 1241 788 1297 actio.
831 1238 966 1294 Nam
1016 1238 1177 1294 Pater
1221 1253 1319 1308 per
1365 1235 1602 1291 Verbum
1640 1238 1692 1290 in
1729 1235 1935 1305 Spiritu

359 1343 554 1391 sancto
598 1333 783 1389 omnia
826 1331 976 1397 facit,
1007 1346 1180 1400 eoque
1226 1330 1385 1384 modo
1418 1342 1622 1383 sanctae
1650 1327 1934 1383 Trinitatis

360 1427 540 1481 unitas
567 1433 836 1482 servatur.
864 1423 942 1478 ita
975 1439 1116 1478 unus
1146 1422 1289 1478 Deus
1316 1422 1368 1475 in
1401 1420 1641 1476 Ecclesia
1674 1421 1936 1490 pradica-

361 1529 472 1588 tur,
497 1520 591 1590 qui
620 1525 705 1573 est
735 1537 754 1570 ι
790 1532 953 1588 super
979 1516 1186 1582 omnia,
1207 1524 1262 1570 et
1293 1530 1385 1585 per
1413 1513 1620 1578 omnia,
1651 1520 1706 1568 et
1733 1513 1788 1567 in
1819 1528 1937 1568 om-

361 1611 524 1666 nibus
546 1610 615 1667 “.
647 1629 666 1663 ›
728 1628 747 1660 ι
790 1609 967 1678 Super
995 1607 1178 1662 omnia
1213 1625 1232 1658 ι
1287 1605 1507 1676 quidem
1559 1612 1618 1659 ut
1656 1603 1835 1668 Pater,
1877 1614 1938 1660 ut

362 1705 688 1774 principium
717 1711 765 1756 et
802 1700 924 1756 fons
950 1719 962 1753 :
1000 1719 1018 1751 ι
1055 1715 1150 1770 per
1181 1698 1362 1752 omnia
1388 1717 1406 1750 ›
1438 1713 1590 1764 vero,
1631 1711 1822 1767 nempe
1844 1711 1938 1765 per

369 1793 598 1849 Verbum
636 1813 650 1849 :
695 1813 712 1844 ι
745 1793 800 1847 in
847 1791 1103 1847 omnibus
1140 1811 1160 1843 ι
1191 1791 1444 1861 denique,
1477 1789 1532 1843 in
1575 1787 1778 1859 Spiritu
1807 1803 1937 1842 san-
1970 1828 2013 1887 Β

362 1896 470 1941 οιο.
509 1885 679 1941 Porro
721 1885 962 1939 Trinitas
992 1899 1098 1938 non
1140 1885 1360 1939 nomine
1391 1893 1551 1940 tenus
1584 1892 1640 1938 et
1672 1882 1786 1937 sola
1823 1897 1942 1936 ver-

365 1981 561 2034 borum
595 1979 777 2049 specie
807 1987 890 2033 est
917 1977 1179 2039 Trinitas,
1217 1977 1310 2032 sed
1333 1991 1460 2032 vere
1487 1984 1540 2029 et
1589 1974 1765 2044 reipsa
1795 1974 1941 2028 exsi-

365 2074 462 2129 stit
492 2071 749 2127 Trinitas.
781 2071 915 2126 Nam
952 2072 1112 2127 sicuti
1144 2086 1271 2125 vere
1296 2077 1381 2125 est
1423 2069 1603 2132 Pater,
1627 2069 1700 2122 ita
1733 2077 1786 2124 et
1815 2083 1942 2123 vere

365 2173 450 2219 est
480 2164 597 2231 ejus
629 2161 865 2217 Verbum
915 2163 1059 2232 quod
1114 2171 1170 2217 et
1216 2162 1394 2232 ipsum
1445 2177 1604 2231 super
1636 2161 1818 2228 omnia
1861 2167 1944 2214 est

368 2255 532 2309 Deus.
574 2253 685 2310 Nec
731 2255 857 2309 item
910 2252 1145 2321 Spiritus
1185 2261 1406 2308 sanctus
1431 2267 1538 2305 non
1578 2250 1812 2312 exsistit,
1847 2250 1941 2304 sed

367 2345 556 2416 utique
598 2361 725 2401 vere
771 2355 855 2402 est
887 2355 941 2400 et
975 2346 1209 2401 exsistit.
1259 2342 1367 2399 Nec
1400 2345 1486 2398 his
1526 2345 1706 2398 minus
1739 2343 1943 2412 aliquid

369 2437 538 2492 sentit
563 2437 830 2492 catholica
855 2435 1120 2500 Ecclesia,
1154 2452 1223 2490 ne
1258 2435 1548 2490 liodiernos
1578 2434 1795 2490 Judmos
1823 2434 1946 2488 Cai-

368 2528 490 2598 phae
517 2528 661 2582 haud
683 2527 961 2582 absimiles
981 2536 1032 2581 et
1063 2525 1358 2580 Sabellium
1394 2533 1692 2594 sequatur;
1729 2538 1829 2578 nec
1863 2523 1946 2577 his

370 2621 498 2674 item
521 2619 644 2688 plus
665 2617 869 2688 aliquid
892 2617 1342 2682 comminiscitur,
1369 2630 1438 2670 ne
1466 2615 1518 2669 in
1545 2613 1944 2670 multitudinem

369 2712 593 2766 deorum
617 2711 898 2782 gentilium
925 2709 1263 2765 devolvatur.
1288 2707 1392 2763 Sed
1413 2717 1472 2761 ut
1493 2709 1631 2762 hanc
1645 2721 1766 2762 esse
1786 2704 1944 2760 ﬁdem

371 2804 633 2860 Ecclesia!
654 2803 976 2873 intelligant,
1005 2817 1099 2856 eos
1121 2802 1330 2856 discere
1355 2814 1532 2870 operae
1572 2799 1806 2866 pretium
1840 2805 1943 2862 est,

372 2911 612 2967 quonam
654 2895 820 2950 modo
866 2894 1132 2949 Dominus
1162 2895 1388 2946 mittens
1417 2889 1716 2961 apostolos,
1753 2887 1943 2943 iisdem

373 2987 688 3057 praeceperit
716 2994 775 3040 ut
819 2985 962 3040 istud
999 2982 1411 3038 fundamentum
1448 2981 1500 3034 in
1539 2979 1776 3034 Ecclesia
1803 2978 1949 3047 jace-

373 3088 495 3134 rent
523 3097 539 3133 :
577 3097 595 3130 ι
624 3077 850 3142 Euntes,
877 3076 1076 3146 inquit,
1098 3075 1289 3129 docete
1321 3088 1513 3127 omnes
1543 3080 1749 3142 gentes,
1775 3069 1949 3139 bapti-

2036 582 2130 636 καὶ
2161 583 2189 634 6
2211 579 2412 649 ταύτης
2443 576 2724 630 ἐκπίπτων
2755 572 2865 627 οὔτ’
2888 571 2956 625 ἂν
3009 569 3116 640 εἴη,
3161 565 3272 622 οὔτ’
3293 566 3402 639 (42)
3425 565 3492 621 ἂν
3524 565 3603 620 ἔτι

2031 675 2239 742 λέγοιτο
2295 668 2637 741 Χριστιανός.
2684 664 2854 736 Τριὰς
2903 661 3083 716 τοίνυν
3108 659 3241 728 ἁγία
3289 657 3386 712 καὶ
3426 657 3606 711 τελεία

2033 767 2199 830 ἐστὶν,
2225 767 2282 817 ὲν
2312 763 2488 834 Πατρὶ
2511 761 2604 814 καὶ
2621 757 2735 829 Υῑῷ
2762 757 2855 810 καὶ
2870 755 3009 827 ἁγίῳ
3032 753 3307 824 Πνεύματι
3331 750 3608 819 θεολογου-

2037 859 2193 930 μένη,
2219 856 2372 910 οὐδὲν
2402 854 2682 924 ἀλλότριον
2713 851 2747 924 ἦ
2793 848 2990 916 ἔξωθεν
3040 843 3462 916 ἐπιμιγνύμενον
3497 841 3603 914 (43)

2033 948 2252 1020 ἔχουσα,
2270 947 2389 1000 οὐδὲ
2417 947 2482 999 ὲκ
2511 940 2840 1014 δημιουργοῦ
2863 938 2956 993 καί
2973 935 3200 1010 γενητοῦ
3220 935 3604 1005 συνισταμένη,

2033 1039 2147 1094 ἀλλ’
2179 1038 2276 1108 ὅλη
2297 1035 2388 1089 τοῦ
2417 1035 2622 1099 κτίζειν
2664 1032 2758 1086 καὶ
2805 1030 3154 1102 δημιουργεῖν
3178 1020 3329 1079 οῦσα·
3370 1023 3529 1095 ὁμοία
3553 1024 3609 1077 δὲ

2013 1131 2198 1206 ,ἑαυτῇ
2227 1127 2321 1182 καὶ
2352 1124 2652 1197 ἀδιαίρετός
2685 1124 2803 1175 ἐστι
2831 1122 2896 1193 τῇ
2932 1120 3110 1189 φύσει,
3145 1117 3239 1171 καὶ
3278 1115 3376 1186 μία
3407 1112 3609 1184 ταύτης

2034 1224 2068 1293 ἡ
2098 1221 2363 1293 ἐνέργεια.
2397 1219 2458 1272 '0
2483 1217 2590 1290 γὰρ
2605 1213 2795 1286 Πατὴρ
2824 1211 2912 1267 διὰ
2935 1210 3028 1265 τοῦ
3053 1209 3227 1279 Λόγου
3252 1209 3310 1262 ὲν
3333 1204 3610 1276 Πνεύματι

2033 1313 2174 1383 ἁγίῳ
2198 1313 2268 1366 τὰ
2320 1311 2494 1365 πάντα
2519 1309 2680 1362 ποιεῖ·
2715 1304 2808 1360 καὶ
2834 1304 3006 1366 οὕτως
3031 1304 3064 1372 ή
3100 1301 3286 1370 ἑνότης
3326 1298 3426 1368 τῆς
3449 1295 3610 1365 ἁγίας

2035 1404 2265 1477 Τριάδος
2296 1400 2547 1466 σώζεται·
2572 1400 2664 1452 καὶ⁹
2686 1397 2860 1460 οὕτως
2907 1389 2991 1459 εἷς
3019 1393 3152 1457 Θεὸς
3185 1393 3244 1447 ἐν
3273 1392 3340 1462 τῇ
3378 1387 3612 1459 Ἐκκλη-

2039 1494 2129 1566 σία
2157 1492 2506 1565 κηρύττεται,
2541 1508 2558 1540 ι
2591 1489 2619 1540 6
2641 1487 2733 1540 ἐπὶ
2761 1485 2998 1549 πάντων,
3017 1484 3112 1536 καὶ
3135 1481 3224 1534 διὰ.
3247 1479 3485 1543 πάντων,
3517 1477 3614 1532 καὶ

2038 1587 2098 1640 ἐν
2119 1587 2303 1639 πᾶσιν.
2319 1603 2336 1635 ι
2375 1603 2394 1636 ι
2417 1583 2542 1636 Ἐπὶ
2568 1580 2784 1634 πάντων
2818 1597 2836 1630 ι
2865 1577 2962 1649 μὲν
2987 1577 3062 1640 ὡς
3085 1573 3297 1645 Πατὴρ,
3323 1573 3401 1636 ὡς
3445 1570 3613 1642 ἀρχὴ,

2039 1679 2132 1732 καὶ
2164 1678 2332 1748 πηγή·
2369 1695 2386 1728 ι
2421 1675 2509 1730 διὰ
2542 1674 2758 1728 πάντων
2793 1692 2812 1726 ι
2872 1673 2930 1728 δὲ
2979 1673 3068 1726 διὰ
3114 1670 3208 1724 τοῦ
3262 1668 3455 1738 Λόγουο
3499 1685 3520 1718 ι
3558 1667 3616 1718 ὲν

2040 1774 2173 1826 πᾶσι
2206 1791 2224 1824 ι
2250 1773 2306 1826 δὲ
2337 1773 2393 1824 έν
2415 1770 2494 1840 τῷ
2523 1768 2800 1840 Πνεύματι
2827 1765 2905 1837 τῷ
2955 1764 3116 1835 ἁγίῳ.
3143 1760 3316 1834 Τριὰς
3359 1759 3416 1812 δέ
3466 1759 3616 1811 ἔστιν

2040 1867 2137 1936 οὐχ
2158 1866 2262 1928 ἓως
2287 1865 2546 1934 ὀνόματος
2579 1861 2738 1932 μόνον
2768 1859 2879 1930 (44)
2928 1857 3021 1912 καὶ
3068 1853 3364 1925 φαντασίας
3393 1850 3614 1917 λέξεως,

2042 1955 2178 2011 ἀλλὰ
2205 1954 2432 2026 ἀληθείᾳ
2460 1954 2555 2007 καὶ
2581 1951 2809 2024 ὑπάρξει
2836 1950 3026 2022 Τριάς.
3079 1948 3286 2017 Ὥσπερ
3331 1942 3440 2014 γὰρ
3471 1943 3501 1996 6
3543 1940 3590 1995 ὦ

2043 2052 2191 2103 ἐστιν
2216 2048 2244 2099 6
2274 2045 2482 2118 Πατὴρ,
2509 2044 2680 2108 οὕτως
2705 2046 2733 2098 ὁ
2758 2042 2832 2096 ὢν
2859 2043 2974 2095 ἐστι
3011 2039 3123 2110 (45)
3151 2037 3245 2092 καὶ
3287 2035 3378 2089 ἐπὶ
3399 2032 3613 2088 πάντων

2043 2139 2176 2201 Θεὸς
2203 2139 2231 2190 6
2255 2136 2445 2191 τούτου
2485 2135 2675 2204 Λόγος.
2725 2133 2836 2186 Kal.
2878 2133 2939 2186 τὸ
2976 2130 3202 2199 Πνεῦμα
3232 2126 3292 2180 τὸ
3318 2126 3471 2194 ἆγιον
3521 2123 3621 2177 οὐκ

2044 2230 2388 2302 ἀνύπαρκτόν
2412 2231 2580 2293 ἐστιν,
2615 2211 2992 2296 ἀλλ’,ὑπᾶρχει
3037 2222 3131 2275 καὶ
3156 2220 3457 2288 ὑφέστηκεν
3484 2215 3620 2288 ἀλη-

2044 2323 2171 2388 θῶς.
2211 2321 2321 2376 Καὶ
2346 2321 2456 2390 (46)
2505 2317 2628 2373 οὔτε
2657 2317 2874 2372 ἔλαττον
2916 2314 3120 2368 τούτων
3173 2310 3419 2384 φρονείή
3459 2307 3623 2362 καθο-

2043 2415 2168 2486 λικὴ
2211 2411 2523 2482 Ἐκκλησία,
2557 2411 2644 2464 ἵνα
2679 2408 2752 2480 μὴ
2780 2410 2860 2471 είς
2910 2407 3034 2469 τοὺς
3059 2404 3152 2459 νῦν
3189 2401 3332 2456 κατὰ
3361 2400 3620 2469 Καϊάφαν

2057 2505 2339 2567 Ἰουδαίους
2359 2504 2454 2556 καὶ
2477 2504 2555 2566 είς
2586 2499 2869 2556 Σαϐέλλιον
2907 2496 3121 2569 ἐμπέσῃ
3139 2494 3270 2566 (47)’
3295 2491 3416 2546 οὔτε
3439 2492 3621 2544 πλεῖον

2045 2598 2272 2661 ἐπινοεῖ,
2303 2595 2390 2649 ἵνα
2422 2593 2495 2664 μὴ
2550 2594 2628 2656 εἰς
2666 2591 2764 2662 τὴν
2815 2589 3082 2659 Ἑλλήνων
3131 2584 3494 2654 πολυθεότητα
3529 2601 3622 2636 κυ-

2044 2690 2222 2760 λισθῇ.
2252 2687 2364 2741 Καὶ
2393 2688 2474 2740 ὅτι
2500 2685 2641 2756 αὕτη
2684 2686 2717 2755 ἡ
2749 2682 2933 2744 πίστις
2975 2681 3074 2751 τῆς
3115 2677 3438 2746 Ἐκκλησίας
3481 2675 3619 2740 ἐστὶ,

2051 2781 2365 2853 μαθέτωσαν
2391 2779 2507 2842 πῶς
2534 2779 2563 2830 6
2600 2777 2696 2848 μὲν
2736 2777 2939 2848 Κύριος
2979 2769 3318 2826 ἀποστέλλων
3341 2769 3465 2831 τοὺς
3488 2769 3626 2822 ἀπο-

2049 2872 2266 2934 στόλους
2296 2867 2626 2941 παρήγγειλε
2655 2865 2840 2920 τοῦτον
2890 2863 3136 2935 θεμέλιον
3163 2859 3366 2912 τιθέναι
3394 2859 3459 2928 τῇ
3502 2855 3625 2908 Ἐκ-

2048 2963 2247 3034 κλησίᾳ
2266 2962 2462 3030 λέγων·
2501 2977 2518 3010 ι
2558 2956 2916 3029 Πορευθέντες
2955 2950 3327 3024 μαθητεύσατε
3347 2948 3527 3002 πάντα
3559 2946 3624 3000 τὰ

2049 3054 2198 3126 ἔθνη,
2241 3051 2588 3123 βαπτίζοντες
2621 3047 2814 3110 αὐτοὺς
2840 3047 2920 3108 είς
2963 3043 3025 3096 τὸ
3053 3041 3160 3111 (48)
3183 3041 3352 3110 ὄνομα
3391 3037 3486 3091 τοῦ
3515 3039 3623 3091 Πα-

375 3179 562 3223 zantes
588 3182 682 3222 eos
715 3167 769 3220 in
807 3127 1026 3220 nomine
1057 3163 1234 3218 Patris
1258 3171 1312 3217 et
1332 3160 1454 3216 Filii
1487 3127 1804 3230 etuSpiritus
1831 3127 1947 3214 san-

2054 3145 2174 3217 τρὸς
2192 3144 2284 3197 καὶ
2309 3141 2403 3196 τοῦ
2441 3141 2571 3194 Υἱοῦ
2601 3139 2696 3193 καὶ
2725 3135 2819 3191 τοῦ
2867 3135 3022 3205 ἁγίου
3051 3133 3384 3202 Πνεύματος.
3417 3148 3436 3182 ο
3471 3130 3539 3182 Οί
3571 3127 3625 3180 δὲ

374 3262 448 3316 eti
472 3261 540 3314 ⁸⁸.
578 3281 594 3312 ι
626 3258 862 3315 Profecti
906 3272 1037 3312 vero
1075 3256 1325 3326 apostoli,
1354 3255 1427 3308 ita
1481 3255 1598 3308 sine
1639 3251 1806 3307 dubio
1853 3251 1950 3306 do—

375 3359 630 3415 cuerunt,
662 3357 827 3420 atque
869 3349 984 3403 haec
1031 3349 1146 3417 ipsa
1191 3345 1503 3416 praedicatio
1537 3345 1590 3398 in
1637 3344 1947 3399 universam

379 3443 674 3498 Ecclesiam
703 3456 824 3511 qua:
858 3439 961 3495 sub
989 3438 1128 3493 emlo
1156 3446 1259 3499 est,
1285 3436 1643 3506 pcrmanavit.

445 3532 538 3586 ‘29.
582 3532 718 3586 Cum
751 3530 913 3599 igitur
962 3527 1105 3584 istud
1151 3527 1270 3581 ﬁdei
1305 3525 1714 3580 fundamentum
1762 3525 1955 3579 habeat

378 3624 641 3690 Ecclesia,
668 3623 826 3678 nobis
848 3623 1044 3677 iterum
1076 3620 1152 3675 illi
1182 3620 1507 3690 respondere
1529 3634 1596 3675 ne
1621 3630 1913 3691 graventur
1937 3639 1949 3674 :

378 3719 690 3775 Trinitasne
720 3727 825 3784 est,
848 3733 914 3771 an
943 3716 1209 3771 dualitas?
1238 3715 1294 3769 Si
1327 3714 1559 3769 dualitas
1593 3722 1676 3768 est
1705 3733 1718 3768 :
1751 3730 1844 3783 per
1871 3730 1955 3768 me

379 3813 527 3878 licet,
559 3811 820 3882 Spiritum
853 3811 1017 3866 rebus
1043 3809 1243 3866 creatis
1265 3809 1559 3878 adiungite.
1583 3807 1653 3861 At
1677 3807 1721 3861 si
1749 3807 1820 3860 ita
1848 3815 1953 3870 est,

381 3902 516 3958 ﬁdes
557 3911 735 3956 vestra
773 3902 887 3971 jam
935 3916 1042 3955 non
1094 3907 1176 3955 est
1228 3900 1280 3953 in
1320 3900 1485 3954 Deum
1535 3913 1726 3959 unum,
1761 3899 1852 3967 qui
1885 3898 1957 3952 sit

387 4017 410 4046 ι
438 4012 601 4067 super
629 3996 833 4058 omnia,
861 4011 957 4066 per
984 3995 1170 4049 omnia
1191 4001 1244 4048 et
1264 3993 1316 4047 in
1341 3990 1617 4047 omnibus.
1639 4008 1657 4042 ι
1689 3990 1792 4044 Nec
1809 3989 1953 4043 enim

389 4109 410 4141 ι
443 4091 496 4144 in
550 4091 803 4145 omnibus
832 4109 850 4140 ι
901 4088 1187 4149 habebitis,
1222 4087 1266 4142 si
1313 4085 1572 4154 Spiritum
1613 4100 1643 4138 a
1675 4084 1957 4139 divinitate

384 4183 649 4251 separetis
683 4181 828 4236 etab
856 4197 916 4236 ea
950 4180 1186 4234 alienum
1223 4177 1457 4234 faciatis.
1482 4175 1675 4232 Vestra
1699 4176 1824 4230 item
1853 4173 1956 4228 ini-

385 4273 563 4338 tiatio,
591 4288 756 4340 quam
811 4287 1067 4343 peragere
1108 4270 1469 4333 arbitramini,
1510 4269 1556 4324 si
1599 4270 1672 4323 ita
1720 4267 1954 4332 sentitis,

389 4378 498 4416 non
529 4370 725 4416 totaet
751 4363 956 4432 integra
981 4362 1071 4416 tiet
1095 4361 1148 4415 in
1177 4359 1476 4416 divinitatis
1506 4373 1702 4414 nomen
1725 4357 1957 4428 :quippe

387 4467 514 4507 eum
538 4467 652 4507 rem
673 4460 914 4507 creatam
947 4451 1049 4522 ipsi
1081 4451 1447 4520 admisceatis,
1483 4460 1536 4506 et
1565 4447 1732 4504 veluti
1769 4446 1951 4502 Ariani

460 4626 509 4658 "
545 4625 740 4698 Ephes.
780 4643 852 4690 tv,
883 4626 936 4681 6.
1007 4627 1053 4659 ³⁵
1094 4625 1280 4681 Matth.
1312 4642 1500 4691 xxvm,
1537 4625 1620 4682 I9.

463 4782 576 4864 (με)
619 4780 710 4836 Sic
736 4780 938 4852 Regius
962 4783 1172 4851 primus
1199 4793 1254 4838 et
1277 4782 1402 4853 Seg.
1430 4780 1620 4837 Caneri
1649 4789 1702 4834 et
1725 4779 1853 4835 editi
1880 4779 1959 4834 ἔτι

389 4862 672 4910 omittunt.

461 4923 574 4996 (45)
617 4923 819 4994 Regius
865 4923 1140 4981 secundus
1184 4932 1238 4978 et
1284 4921 1563 4985 Ottobon.,
1590 4919 1960 4991 ἐπισυνηγμέ-

389 5013 500 5052 νον.

461 5065 578 5136 (44)
622 5063 715 5120 Sic
747 5064 881 5135 Reg.
912 5065 936 5118 1
967 5075 1022 5120 οι
1047 5064 1102 5129 2,
1137 5063 1262 5136 seg.
1295 5061 1647 5136 BasiluGubt.
1679 5069 1733 5116 et
1775 5059 1956 5136 ποίοις.

389 5132 624 5206 primus,
661 5132 1048 5206 Basilftamen
1086 5143 1140 5188 et
1163 5132 1298 5204 Ség.
1332 5132 1534 5189 habent
1566 5133 1748 5203 μόνου.
1780 5132 1885 5185 Alii
1908 5141 1962 5185 et

391 5205 520 5261 editi
552 5206 757 5276 habent
789 5215 843 5260 et
882 5205 1043 5276 μόνου
1066 5213 1120 5258 et
1147 5206 1432 5276 φαντασίᾳ.

465 5276 583 5345 (45)
625 5275 726 5346 δῖοί
745 5270 946 5346 Regius
963 5270 1171 5346 primus
1194 5289 1247 5329 et
1269 5270 1398 5346 seg:
1418 5274 1509 5344 qui
1539 5272 1668 5327 ibid.
1694 5273 1722 5324 6
1744 5281 1868 5326 ante
1887 5270 1960 5323 ὧν

397 5347 676 5400 omittunt.
702 5345 786 5399 Ab
813 5345 934 5400 aliis
961 5345 1016 5401 et
1047 5346 1208 5400 editis
1232 5345 1328 5400 καί
1356 5347 1527 5399 abest.

468 5415 580 5486 (46)
623 5414 716 5470 Sic
774 5416 972 5486 Regius
1029 5417 1260 5484 primus,
1313 5415 1436 5485 Seg.
1496 5412 1660 5486 Basil.
1703 5410 1962 5486 Gobl.__ct

396 5481 634 5552 felckm.
674 5481 901 5552 primus.
936 5481 1044 5540 Alii
1074 5502 1195 5540 cum
1226 5481 1506 5541 ειὶίιίἐκαί
1535 5481 1957 5552 omittuntJbiu.

398 5550 533 5621 Reg-
567 5557 613 5626 1Δ
647 5550 720 5626 et;
748 5556 804 5618 2,
839 5554 963 5626 Seg.
1004 5556 1158 5610 Gobl.
1192 5565 1246 5610 et
1277 5557 1513 5611 Felckm.
1546 5556 1569 5607 Ι
1610 5555 1809 5626 habent
1835 5550 1964 5626 τού-ο

400 5638 529 5675 των.
579 5621 1148 5691 Οιιοὶιοιιιιεξτοῡτου.
1187 5629 1288 5681 Alii
1327 5642 1454 5681 vero
1503 5633 1556 5679 et
1602 5624 1729 5678 editi
1764 5623 1962 5676 habent

399 5707 472 5742 τι.

474 5760 584 5831 (i7)
628 5760 717 5813 Sic
751 5759 947 5833 Regius
976 5764 1200 5833 primus,
1239 5767 1358 5836 Seg.
1399 5766 1559 5817 Basil.
1586 5765 1888 5819 Coblcrian.
1911 5774 1962 5817 ct

2051 3234 2358 3298 ἀπόστολοι,
2393 3231 2762 3304 πορευθέντες,
2799 3229 2970 3291 οὕτως
3013 3223 3276 3288 ἐδίδαξαν·
3327 3221 3422 3274 κα),
3465 3218 3626 3272 τοῦτό

2052 3329 2197 3381 ἐστιν
2263 3329 2342 3390 εἰς
2399 3327 2577 3378 πᾶσαν
2635 3323 2732 3392 τὴν
2783 3322 2874 3374 ὑπ’
2910 3318 3136 3387 οὐρανὸν
3191 3312 3518 3386 Ἐκκλησίαν
3569 3309 3626 3363 τὸ

2053 3419 2335 3490 κήρυγμα-

2122 3510 2210 3564 29.
2245 3508 2450 3562 Οὐκοῦν
2482 3505 2669 3560 τοῦτον
2731 3503 2963 3574 ἐχούσης
3019 3501 3116 3571 τῆς
3159 3495 3478 3566 Ἐκκλησίας
3536 3493 3626 3546 τὸν

2055 3599 2301 3667 θεμέλιον
2326 3598 2422 3667 τῆς
2444 3595 2698 3657 πίστεως,
2729 3592 3036 3646 εἰπάτωσαν
3079 3589 3240 3642 πάλιν
3269 3587 3401 3658 ἡμῖν
3430 3587 3625 3637 ἐκεῖνοι

2055 3690 2149 3742 καὶ
2173 3685 2677 3760 ἀποκρινάσθωσαν·
2725 3682 2896 3754 Τριάς
2949 3678 3182 3749 scum?)
3239 3677 3396 3740 δυάς;
3427 3675 3488 3726 Ei
3532 3673 3628 3744 μὲν

2054 3777 2146 3834 οὖν
2175 3781 2304 3844 δυάς
2338 3782 2474 3842 ἐστι,
2508 3775 2941 3848 συναριθμεισθω
3000 3773 3128 3843 παρ’
3160 3769 3311 3840 ὑμῶν
3356 3767 3464 3836 (49)
3513 3768 3630 3827 τοῖς

2055 3874 2314 3942 κτίσμασι
2334 3871 2392 3924 τὸ
2415 3869 2658 3940 Πνεῦμα.
2695 3868 2808 3921 υύκ
2843 3865 2958 3919 ἔστι
2996 3865 3090 3935 μὲν
3122 3862 3182 3914 τὸ
3211 3859 3446 3913 τοιοῦτον
3471 3857 3628 3928 ὑμῶν

2055 3966 2309 4037 φρόνημα
2338 3965 2418 4025 είς
2439 3963 2534 4015 ἕνα
2555 3961 2710 4025 Θεὸν,
2739 3959 2830 4012 τὸν
2873 3977 2891 4008 ι
2927 3956 3018 4009 ἐπὶ
3048 3955 3316 4015 navum,»
3355 3950 3450 4003 καὶ
3487 3969 3508 4000 ι
3541 3947 3628 4001 διὰ

2056 4059 2325 4121 πάντων,›
2352 4055 2446 4110 καὶ
2477 4074 2496 4106 ι
2530 4056 2587 4106 ὲν
2615 4055 2800 4107 πᾶσι.)
2839 4050 2912 4104 Τὸ
2935 4048 3062 4120 γὰρ,
3108 4065 3126 4098 ι
3167 4047 3224 4098 ἐν
3271 4044 3489 4103 nam,»
3530 4040 3628 4093 οὐκ

2056 4149 2225 4220 ἔχετε,
2259 4146 2591 4219 διαιροῦντες
2621 4145 2714 4198 καὶ
2772 4140 3157 4207 ἀποξενοῦντες
3211 4135 3320 4206 (50)
3371 4132 3478 4188 ἀπὸ
3532 4133 3628 4202 τῆς

2057 4241 2308 4310 θεότητος
2344 4239 2402 4292 τὸ
2423 4236 2664 4307 Πνεῦμασ
2709 4235 2868 4304 καὶὴ
2921 4230 3199 4292 τελείωσις
3248 4228 3304 4282 δὲ
3353 4223 3529 4296 ὑμῶν,
3563 4225 3630 4294 ἦν

2056 4330 2303 4402 νομίζετε
2337 4331 2528 4392 ποιεῖν,
2559 4327 2700 4381 οὕτω
2727 4322 3068 4396 φρονοῦντες,
3102 4321 3202 4373 οὐκ
3223 4317 3368 4372 ἐστιν
3403 4315 3631 4385 ὁλόκλη-

2060 4441 2152 4499 ρος
2183 4425 2262 4492 είς
2315 4421 2544 4493 θεότητα
2599 4418 2874 4491 γινομένη.
2916 4413 3294 4486 Ἐπιμίγνυται
3349 4408 3459 4480 γὰρ
3497 4405 3629 4462 ταύ-

2063 4786 2298 4841 Felckm.
2336 4783 2563 4851 primus,
2595 4781 2684 4852 qui
2737 4779 2925 4852 iidemA
2951 4777 3090 4832 infra
3139 4775 3348 4852 habent
3377 4775 3630 4852 κυλισθῇ.

2061 4855 2202 4910 Editi
2227 4863 2282 4910 et
2309 4845 2418 4918 alii,
2450 4845 2741 4924 περιπέσῃ,
2768 4847 3003 4924 et_it_ifra_,
3020 4845 3474 4924 κατακυλισθαιῇ.
3491 4845 3631 4924 Ibid.

2063 4925 2264 4994 Regius
2293 4914 2502 4994 primus
2525 4914 2584 4976 ἐι
2628 4914 2758 4994 δέει.
2784 4919 2945 4973 πλέον
2983 4919 3195 4994 habent
3213 4936 3225 4970 :
3247 4917 3346 4994 _alii
3381 4914 3447 4970 et'
3470 4914 3634 4994 editi,

2062 4985 2281 5116 σπλέῗῗὶνζ
2296 4985 2501 5063 Regius
2557 4985 2831 5047 secundus
2876 5005 2977 5059 pro
3034 4987 3420 5058 πολυθεότητα,
3470 4985 3636 5040 habet

2062 5083 2193 5116 πολυ
2233 5083 2368 5116 ειαν.

2062 5067 2368 5118 πολυθεῒαν.

2133 5134 2246 5206 (48)
2285 5133 2562 5206 Articulos
2606 5131 2668 5185 τό
2714 5139 2768 5186 et
2811 5128 2906 5184 τοῦ
2945 5139 3026 5184 ter
3052 5134 3341 5198 sequentes
3373 5125 3638 5181 omittunt

2063 5204 2267 5269 Regius
2294 5215 2347 5258 et
2375 5204 2499 5274 ch.

2135 5265 2268 5346 (49),
2289 5265 2485 5346 Basili,
2512 5274 2638 5346 παρ’
2687 5272 2836 5346 ύμῖν..
2872 5269 2994 5324 Mox
3022 5269 3168 5346 idem
3196 5277 3250 5346 et
3272 5266 3484 5346 Regius
3517 5265 3637 5333 pri-

2064 5335 2207 5410 mus,
2230 5335 2362 5411 'Seg.
2393 5345 2548 5398 Gobl.
2594 5335 2648 5397 et
2687 5335 2925 5396 Felckm.
2957 5335 3400 5411 primushahent
3424 5335 3484 5411 τὸ
3519 5351 3636 5411 τοις

2063 5401 2218 5468 οὖτού
2268 5401 2442 5484 ὑμῶν.
2473 5426 2576 5468 etc.
2629 5413 2750 5484 Alii
2785 5401 2970 5484 autem
3008 5418 3061 5464 et
3104 5408 3358 5484 editi,_1or
3397 5405 3545 5458 οὕτω
3578 5401 3639 5455 τὸ

2065 5486 2240 5555 ὑμῶν.
2270 5477 2372 5555 etc,
2403 5485 2603 5553 Regius
2641 5482 3000 5555 2.6315578?”
3033 5494 3133 5555 PIO
3166 5477 3345 5555 9W3":

3585 5549 3642 5596 et

2065 5599 2305 5680 Feickin.
2335 5599 2659 5690 ιιι-ἱιιιιῗςῗλί
2685 5622 2773 5676 alii
2792 5599 3022 5682 crediti,
3050 5599 3472 5690 ἆποξενίζοντες.
3497 5599 3642 5690 Pau-

2065 5696 2118 5749 lo
2153 5705 2276 5762 post
2320 5682 2481 5753 iidem
2512 5694 2798 5765 ὁλόκληρος
2837 5692 3030 5746 habent
3068 5709 3078 5742 :
3113 5689 3200 5742 alii
3230 5697 3282 5742 et
3312 5686 3457 5748 editi,
3509 5682 3634 5735 ὁλο-

2068 5767 2166 5837 κλή
2177 5783 2299 5839 ρως.
