3914 6222
324 349 424 407 597

1431 346 1766 404 EPiSTOLA
1801 346 1819 402 l
1857 345 1948 400 AD
1987 343 2443 402 SERAPIONEM.

3429 342 3535 402 598

313 484 379 542 τη
410 466 520 538 (51)
579 464 800 537 κτίσμα·
857 467 952 520 καὶ
999 467 1291 538 θεολογεῖτε
1345 469 1437 522 καὶ
1501 469 1676 542 ὑμεῖς,
1711 471 1785 533 ὡς
1826 471 1874 522 oi

1987 485 2039 526 ac
2065 470 2309 541 gentiles,
2334 485 2448 526 rem
2471 479 2704 526 creatam
2739 482 2843 523 una
2871 483 2992 523 cum
3023 467 3154 533 Deo,
3173 467 3265 537 qui
3298 481 3416 523 eam
3439 482 3533 536 per

328 559 596 632 Ἀρειανοὶ
625 560 718 613 καὶ
747 559 1025 630 Ἕλληνες,
1087 561 1184 633 τὴν
1217 562 1390 616 κτίσιν
1446 563 1580 632 μετὰ
1631 562 1722 616 τοῦ
1761 561 1876 614 κτί-

317 668 506 714 σαντος
535 649 705 721 αὐτὴν
729 649 862 704 Θεοῦ
888 651 974 704 διὰ
1001 651 1094 705 τοῦ
1122 653 1250 705 ίδίου
1276 653 1469 721 Λόγου.
1493 652 1649 706 Οὕτω
1677 653 1731 706 δὲ
1763 654 1878 707 δια·-

313 741 575 810 κείμενοι,
611 742 768 804 ποίας
809 741 1018 806 ἐλπίδος
1050 743 1204 809 ἐστέ;
1239 746 1310 796 Ἢ
1346 743 1428 808 τίς
1463 745 1604 814 ὑμᾶς
1657 745 1879 814 συνάψει

313 831 390 902 τῷ
423 831 544 903 Θεῷ
564 831 786 904 (52),μὴ
811 833 1030 903 ἔχοντας
1061 833 1122 886 τὸ
1156 834 1378 906 Πνεῦμα
1412 835 1575 888 αὐτοῦ
1607 835 1701 888 τοῦ
1720 835 1876 900 Θεοῦ,

313 925 447 979 ἀλλά
477 925 540 979 τὸ
589 925 691 996 τῆς
738 924 996 990 κτίσεως;
1052 924 1184 978 Ποία
1248 925 1304 979 δὲ
1362 925 1513 996 ὑμῶν
1563 925 1738 996 τόλμα
1789 927 1881 978 καὶ

313 1015 632 1086 ἀπροσεξία,
665 1017 745 1069 ὅτι
772 1016 863 1068 τὸν
891 1017 1108 1086 Πατέρα
1140 1017 1234 1070 καὶ
1271 1016 1362 1069 τὸν
1393 1015 1581 1069 τούτου
1603 1017 1772 1084 Λόγον
1802 1017 1881 1079 είς

311 1107 377 1159 τὰ
407 1107 686 1176 κτίσματα
723 1108 987 1174 κατάγετε
1043 1107 1177 1178 (55),
1229 1108 1322 1162 καὶ
1371 1108 1530 1163 πάλιν
1562 1107 1623 1160 τὸ
1676 1107 1880 1177 κτίσμα

315 1196 652 1260 σδνεξισοῦτε
685 1195 762 1267 τῷ
785 1197 942 1268 Θεῷ;
975 1197 1144 1251 Τοῦτο
1173 1198 1283 1269 γὰρ
1307 1199 1508 1251 ποιεῖτε
1541 1196 1880 1267 φανταζόμε-

311 1305 387 1340 νοι
413 1291 542 1360 περὶ
568 1286 663 1341 τοῦ
721 1287 1034 1359 Πνεῦματος
1060 1288 1134 1352 ὡς
1165 1289 1479 1359 κτίσματος,
1533 1289 1626 1342 καὶ
1656 1287 1882 1339 συντάσο

313 1396 494 1442 σοντες
520 1379 650 1432 αὐτὸ
677 1380 756 1442 εἰς
777 1379 1000 1450 Τριάδα.
1024 1379 1088 1432 Τί
1120 1380 1176 1434 δὲ
1208 1381 1300 1434 καὶ
1325 1381 1384 1433 τὸ
1411 1379 1670 1450 μανιῶδες
1703 1377 1878 1448 ὑμῶν,

310 1469 448 1522 ὥστε
475 1471 690 1540 φρονεῖν
718 1469 929 1522 ἀδικίαν
961 1469 1102 1523 κατὰ
1144 1469 1237 1523 τοῦ
1268 1469 1425 1532 Θεοῦ,
1461 1471 1543 1523 ὅτι
1584 1471 1658 1542 μὴ
1683 1472 1880 1535 πάντες

312 1561 552 1630 ἄγγελοι,
587 1562 618 1632 ἢ
650 1562 829 1616 πάντα
861 1562 928 1616 τὰ
961 1562 1256 1633 κτίσματα,
1313 1561 1424 1615 ἀλλ’
1459 1556 1540 1625 εἷς
1587 1564 1651 1615 ὲκ
1678 1563 1878 1617 τούτων

312 1653 719 1724 συναριθμεῖται
747 1653 823 1724 τῷ
845 1653 961 1725 Θεῷ
983 1655 1076 1707 καὶ
1104 1654 1180 1725 τῷ
1202 1655 1356 1724 Λόγῳ
1383 1653 1575 1718 αὑτοῦ;
1601 1655 1743 1707 Ἔδει
1771 1653 1880 1725 γὰρ

1981 563 2256 633 proprium
2284 555 2516 618 Verbum
2545 561 2767 625 creavit,
2799 560 3158 630 eonjungatis.
3193 558 3323 626 Quae
3354 568 3532 614 autem

1977 655 2132 710 vobis
2164 656 2238 709 ita
2267 655 2623 710 sentientibus
2646 669 2768 725 spes
2793 669 2914 710 esse
2943 653 3148 723 possit?
3179 652 3276 707 Vel
3299 651 3423 723 quis
3440 667 3536 707 vos

1979 762 2102 802 cum
2136 745 2245 803 Deo
2287 748 2594 818 eonjunget,
2635 747 2728 818 qui
2776 760 2887 801 non
2942 745 3114 816 ipsius
3167 744 3283 812 Dei,
3311 744 3406 800 sed
3457 745 3536 799 rei

1978 847 2169 894 creata:
2194 839 2442 908 spiritum
2477 838 2720 894 habetis?
2741 837 2872 906 Quae
2902 837 3115 894 tandem
3140 845 3320 891 vestra
3348 843 3432 890 est
3459 843 3538 890 te-

1978 930 2200 989 meritas
2225 940 2279 986 et
2303 931 2776 998 inconsiderantia,
2802 930 2894 1002 qui
2922 929 3137 986 Patrem
3169 936 3224 983 et
3253 928 3371 998 ejus
3400 925 3536 981 Ver-

1977 1022 2105 1077 bum
2154 1022 2222 1078 ad
2267 1037 2355 1079 res
2399 1038 2571 1093 usque
2623 1032 2832 1079 creatas
2872 1022 3194 1094 deprimitis,
3237 1035 3541 1088 rursusque

1978 1126 2090 1167 rem
2115 1123 2350 1167 creatam
2380 1111 2490 1169 Deo
2507 1114 2837 1184 exaequatis?
2860 1113 2916 1171 ld
2931 1113 3195 1185 siquidem
3211 1113 3392 1183 agitis,
3414 1125 3539 1192 cum

1978 1202 2044 1258 de
2076 1201 2281 1273 Spiritu
2321 1219 2427 1259 non
2472 1219 2630 1261 secus
2679 1220 2743 1260 ac
2790 1206 2858 1261 de
2888 1220 2948 1260 re
2981 1213 3161 1261 creata
3188 1205 3458 1276 cogitatis,
3487 1211 3542 1257 et

1977 1293 2128 1348 illum
2163 1293 2518 1350 nihilominus
2562 1295 2616 1349 in
2660 1293 2925 1350 Trinitate
2954 1294 3220 1351 collocare
3244 1309 3350 1350 non
3385 1307 3539 1348 vere-

1978 1382 2133 1438 mini.
2157 1381 2290 1449 Quis
2318 1391 2500 1438 tantus
2521 1383 2612 1438 ille
2641 1392 2819 1440 vester
2849 1383 3022 1450 furor,
3048 1391 3107 1440 ut
3133 1393 3240 1439 tam
3265 1383 3448 1453 iniqua
3471 1384 3540 1438 de

1979 1472 2089 1528 Deo
2109 1473 2376 1538 sentiatis,
2407 1475 2502 1545 qui
2524 1475 2729 1532 scilicet
2755 1491 2863 1532 non
2891 1491 3080 1534 omnes
3102 1491 3189 1533 res
3213 1489 3425 1532 creatas
3447 1478 3537 1531 vel

1979 1582 2168 1623 omnes
2215 1567 2456 1638 angelos,
2497 1569 2591 1624 sed
2639 1584 2804 1624 unum
2848 1570 3116 1626 duntaxat
3153 1585 3220 1627 ex
3266 1569 3396 1637 illis,
3427 1568 3540 1625 Deo

1980 1659 2207 1727 ejusque
2237 1656 2413 1715 Verbo
2442 1661 2841 1716 annumeretis?
2879 1660 3172 1732 Postquam
3201 1660 3346 1716 enim
3371 1659 3540 1716 semel

312 1745 433 1798 καθ’
465 1745 628 1816 ὑμᾶς,
653 1746 796 1812 ἅπαξ
827 1746 1057 1814 ἀγγέλου
1103 1747 1198 1800 καὶ
1256 1746 1551 1816 κτίσματος
1587 1745 1736 1809 ὄντος
1783 1744 1877 1798 τοῦ

1987 1748 2241 1819 Spiritum
2273 1765 2388 1804 rem
2423 1761 2657 1807 creatam
2679 1767 2799 1808 esse
2819 1754 3129 1819 censuistis,
3159 1752 3320 1824 eique
3353 1751 3538 1807 locum

312 1835 646 1905 Πνεῦματος,
690 1835 783 1889 καὶ¹
829 1837 1253 1906 συντασσομένου
1288 1837 1368 1898 εἰς
1397 1836 1619 1907 Τριάδα,
1656 1836 1730 1906 μὴ
1759 1835 1875 1900 ἕνα,

1987 1842 2034 1895 in
2067 1839 2328 1896 Trinitate
2353 1843 2692 1913 assignastis,
2722 1858 2831 1898 non
2859 1859 3026 1899 unum
3055 1852 3200 1900 certe
3228 1842 3321 1898 sed
3351 1857 3541 1897 omnes

311 1924 447 1978 ἀλλά
479 1925 570 1979 καὶ
597 1925 704 1996 (5-4)
755 1928 960 1990 πάντας
983 1928 1106 1991 τοὺς
1127 1928 1439 1990 κτισθέντας
1463 1926 1726 1996 ἀγγέλους
1756 1944 1880 1980 συν-

310 2017 604 2071 τάσσεσθαι
627 2017 815 2091 ταύτῃ·
853 2019 946 2072 καὶ
984 2019 1179 2090 μηκέτι
1233 2019 1456 2091 Τριάδα,
1488 2017 1623 2071 ἀλλά
1672 2017 1879 2087 πληθύν

311 2127 430 2163 τινα
458 2109 708 2180 θεότητος
743 2111 1108 2182 ἀναρίθμητον
1132 2106 1292 2166 εἶναι·
1326 2111 1409 2164 ἵνα
1440 2112 1533 2164 καὶ
1562 2112 1594 2182 ή
1630 2113 1685 2164 ὲν
1707 2111 1880 2182 τούτῳ

313 2201 473 2254 πάλιν
497 2201 727 2255 δοκοῦσα
755 2202 1032 2266 τελείωσις
1054 2203 1082 2256 ὕ
1092 2203 1209 2274 μῶν
1233 2203 1498 2272 γίνεσθαι,
1535 2204 1878 2277 διαιρουμένη

310 2285 412 2346 ὧδε
446 2295 689 2360 κάκεῖσε,
718 2294 974 2359 ἀϐέϐαιος
1005 2297 1072 2366 τῇ
1105 2296 1347 2368 ποικιλίᾳ
1375 2298 1617 2369 γένηται.
1649 2297 1881 2351 Τοιαῦτα

311 2384 417 2455 γὰρ
443 2386 512 2439 τὰ
535 2385 664 2456 τέλη
697 2386 852 2456 ὑμῶν
875 2403 935 2440 τε
965 2385 1078 2458 (55)
1125 2387 1219 2440 καὶ
1273 2387 1379 2441 τῶν
1419 2387 1711 2460 Ἀρειανῶν
1739 2389 1882 2458 λογι-

314 2473 554 2545 ζομένων
583 2475 724 2528 κατά
753 2475 852 2546 τῆς
875 2475 1148 2547 θεότητος,
1174 2477 1270 2529 κα)⁴
1294 2479 1359 2546 τῇ
1397 2477 1572 2530 κτίσει
1595 2476 1883 2550 λατρευόν-

314 2583 420 2622 των
445 2567 594 2638 παρά
613 2568 704 2621 τὸν
730 2568 993 2623 κτίσαντα
1010 2567 1082 2621 τὰ
1107 2569 1285 2621 πάντα
1310 2568 1462 2622 Θεόν.

379 2740 471 2796 30.
503 2739 740 2794 Τοιαῦτα
770 2741 868 2812 μὲν
885 2736 977 2796 οῦν
1011 2742 1139 2813 ὑμῖν
1161 2741 1272 2814 (56)
1303 2741 1478 2795 ἄτοπα
1501 2743 1564 2794 ὲκ
1591 2740 1685 2794 τοῦ
1718 2742 1884 2796 δυάδα

312 2834 491 2902 λέγειν
521 2833 756 2905 ἀπαντᾷ.
789 2835 853 2887 Εἰ
907 2835 964 2887 δὲ
1017 2834 1186 2906 Τριάς
1221 2837 1390 2900 ἐστιν,
1429 2835 1616 2905 ὥσπερ
1671 2831 1763 2889 οῦν
1791 2837 1884 2890 καὶ

314 2926 447 2992 ἔπι,
476 2926 742 2980 δέδεικται
773 2926 830 2979 δὲ
870 2926 1171 2998 ἀδιαίρετος
1201 2923 1336 2981 οῦσα
1368 2928 1461 2982 καὶ
1479 2929 1579 2982 οὐκ
1613 2929 1880 3000 ἀνόμοιος·

312 3018 525 3089 ἀνάγκη
561 3017 688 3088 μίαν
718 3017 919 3089 ταύτης
968 3015 1105 3072 εἶναι
1148 3018 1244 3091 τὴν
1300 3019 1582 3090 ἀγιότητα,
1623 3020 1718 3073 καὶ
1759 3021 1884 3092 μίαν

314 3109 516 3180 ταύτης
543 3108 640 3180 τὴν
668 3109 962 3181 ἁῖδιότητα,
997 3109 1093 3162 καὶ
1126 3109 1226 3180 τὴν
1261 3111 1358 3176 τῆς
1406 3109 1667 3181 ἀτρεψίας
1701 3109 1879 3178 φύσιν.

316 3202 522 3271 Ὠσπερ
545 3201 653 3271 γὰρ
689 3203 721 3271 ἡ
769 3201 844 3264 ὡς
886 3201 1053 3272 αὐτὴν
1081 3201 1192 3272 (57)
1242 3202 1644 3274 παραδεδομένη
1704 3203 1884 3267 πίστις

317 3293 413 3364 μία
441 3293 580 3358 ἐστὶ,
604 3294 697 3345 καὶ
713 3291 850 3364 αῦτη
894 3293 1153 3348 συνάπτει
1177 3294 1258 3364 τῷ
1281 3294 1420 3366 Θεῷ,
1439 3296 1467 3348 ό
1490 3297 1546 3349 δὲ
1567 3297 1884 3370 ὑπεξαιρού-

319 3384 477 3453 μενός
504 3402 557 3437 τι
602 3385 700 3456 τῆς
735 3385 980 3456 Τριάδος,
1032 3385 1127 3439 καὶ
1155 3387 1212 3438 ὲν
1245 3387 1391 3458 μόνῳ
1446 3388 1524 3459 τῷ
1552 3389 1643 3442 τοῦ
1673 3389 1886 3462 Πατρὸς

315 3475 537 3545 ὀνόματι
570 3475 1042 3547 βαπτιζόμενος,ἢ
1100 3479 1157 3529 ὲν
1189 3477 1334 3550 μόνῳ
1385 3478 1462 3549 τῷ
1513 3479 1732 3550 ὀνόματι
1788 3479 1882 3533 τοῦ

317 3565 467 3630 Υἱοῦ,
507 3563 540 3636 ἢ
576 3566 743 3636 χωρίς
766 3583 829 3634 γε
866 3566 960 3618 τοῦ
989 3565 1304 3637 Πνεῦματος
1327 3569 1385 3622 ὲν
1419 3569 1594 3638 Πατρὶ
1626 3569 1718 3621 καὶ
1746 3569 1881 3640 Υἱῷ,

317 3657 466 3710 οὐδὲν
494 3657 603 3727 (58)
630 3658 916 3729 λαμϐάνει,
949 3659 1082 3712 ἀλλὰ
1108 3659 1261 3722 κενὸς
1299 3659 1393 3712 καὶ
1421 3660 1616 3732 ἀτελὴς
1636 3662 1794 3724 αὑτός
1823 3679 1884 3716 τε

317 3747 650 3801 καὶόδοκῶν
682 3747 878 3801 διδόναι
933 3748 1193 3819 διαμένειο
1246 3751 1304 3802 ὲν
1351 3753 1414 3821 τῇ
1462 3750 1650 3822 Τριάδι
1703 3752 1810 3823 γὰρ
1849 3753 1882 3822 ή

317 3838 590 3902 τελείωσίς
615 3841 780 3892 ἐστιν·
812 3839 982 3903 οὕτως
1032 3841 1060 3892 ό
1088 3840 1308 3913 διαιρῶν
1360 3841 1450 3894 τὸν
1481 3841 1608 3895 Υίὸν
1651 3841 1758 3894 ἀπὸ
1789 3842 1882 3895 τοῦ

318 3929 548 3998 Πατρὸς,
570 3930 604 3999 ἢ
632 3930 694 3982 τό
720 3929 944 4002 Πνεῦμα
975 3932 1229 3999 κατάγων
1253 3934 1332 3996 εἰς
1352 3933 1418 3985 τά
1447 3933 1738 4005 κτίσματα,
1761 3933 1882 3987 οὔτε

317 4021 405 4073 τὸν
428 4021 558 4074 Υἰδν
581 4021 692 4092 ἔχει
721 4021 844 4074 οὔτε
866 4022 956 4076 τὸν
986 4023 1224 4095 Πατέρα,
1285 4023 1397 4076 ἀλλ’
1421 4023 1565 4077 ἐστιν
1591 4024 1749 4088 ἄθεος
1789 4025 1884 4079 καὶ

319 4112 545 4165 ἀπίστου
578 4113 795 4183 χείρων,
821 4114 913 4167 καὶ
935 4115 1110 4170 πάντα
1143 4116 1339 4185 μᾶλλον
1373 4117 1404 4188 ἢ
1435 4118 1773 4187 Χριστιανός·
1789 4119 1882 4172 καὶ

318 4202 538 4267 δικαίως
574 4220 636 4272 γε
665 4204 797 4276 (59).
835 4205 1100 4277 Καθάπερ
1133 4207 1242 4278 γὰρ
1269 4208 1329 4261 ἓν
1357 4209 1474 4261 ἐστι
1513 4209 1574 4262 τὸ
1604 4209 1884 4280 βάπτισμα

321 4294 375 4346 ὲν
406 4295 580 4367 Πατρ).
603 4296 697 4349 καὶ
724 4295 838 4367 Υίῷ
868 4298 960 4350 καὶ
990 4298 1129 4369 ἁγίῳ
1164 4299 1442 4367 Πνεῦματι
1475 4300 1768 4372 διδόμενον,
1790 4302 1882 4355 καὶ

1978 1940 2188 1988 creatos
2219 1933 2439 2001 angelos
2479 1932 2532 1986 in
2576 1933 2666 1986 illa
2699 1947 2917 2004 quoque
2972 1933 3240 1989 collocare
3278 1933 3538 2003 oportuit,

1978 2035 2078 2075 nec
2127 2020 2358 2090 amplius
2393 2019 2712 2076 Trinitatem
2758 2036 2912 2086 esse,
2947 2022 3043 2078 sed
3091 2020 3537 2076 innumerabilem

1978 2113 2266 2180 quamdam
2313 2112 2612 2168 divinitatis
2656 2113 3107 2168 multitudinem:
3149 2119 3209 2166 ut
3253 2118 3308 2166 et
3355 2120 3534 2165 vestra

1981 2202 2214 2258 initiatio
2242 2219 2362 2274 qua:
2385 2204 2438 2259 in
2467 2219 2530 2258 ea
2564 2204 2678 2259 ﬁeri
2717 2203 2952 2272 videtur,
2975 2203 3084 2260 huc
3105 2211 3162 2259 et
3193 2201 3321 2258 illuc
3346 2200 3544 2256 distra-

1981 2303 2088 2361 cta,
2139 2293 2405 2350 instabilis
2450 2293 2609 2366 542
2657 2303 2804 2348 tanta
2852 2293 3164 2349 diversitate
3206 2291 3538 2347 redderetur.

1979 2385 2224 2456 Namque
2249 2385 2517 2455 ejusmodi
2541 2395 2669 2441 sunt
2708 2391 2888 2440 vestra
2916 2393 2970 2440 et
2985 2384 3310 2439 Arianorum
3339 2389 3543 2453 myste-

1981 2472 2084 2540 ria,
2116 2472 2210 2543 qui
2249 2481 2359 2527 tam
2399 2471 2564 2541 impia
2595 2471 2856 2528 adversus
2892 2471 3226 2526 divinitatem
3253 2469 3540 2525 commini-

1981 2565 2214 2630 scimini,
2241 2574 2295 2620 et
2324 2564 2486 2620 rebus
2526 2562 2723 2619 creatis
2754 2563 2934 2634 potius
2963 2577 3126 2633 quam
3161 2560 3273 2617 Deo
3295 2563 3536 2617 omnium

1981 2657 2207 2713 creatori
2225 2655 2460 2714 servitis.

2050 2749 2138 2805 50.
2166 2748 2244 2803 En
2278 2763 2408 2818 ergo
2437 2762 2559 2818 qua:
2596 2747 2752 2803 vobis
2778 2746 3012 2802 absurda
3052 2761 3117 2802 ex
3158 2745 3416 2802 dualitate
3443 2757 3539 2799 oc-

1980 2848 2227 2896 currunt.
2265 2837 2419 2905 Quod
2455 2838 2502 2894 si
2539 2835 2780 2892 Trinitas
2832 2836 2924 2904 sit,
2961 2836 3038 2892 uti
3072 2835 3248 2906 reipsa
3288 2841 3392 2900 est,
3419 2849 3542 2904 quae

1981 2929 2222 3001 quidem,
2249 2939 2311 2984 ut
2340 2927 2696 2990 ostendimus,
2721 2925 2996 2981 individua
3015 2939 3115 2980 nec
3136 2923 3418 2980 dissimilis
3433 2931 3539 2987 est,

1981 3033 2203 3074 necesse
2230 3026 2314 3074 est
2331 3033 2495 3072 unam
2524 3017 2650 3086 ejus.
2671 3031 2792 3072 esse
2814 3015 3178 3078 sanctitatem,
3201 3027 3367 3069 unam
3390 3019 3552 3068 aater-.

1985 3111 2240 3174 nitatem,
2268 3109 2771 3179 immutabilcmque
2815 3116 3088 3163 naturam.
3127 3105 3196 3162 Ut
3237 3105 3384 3162 enim
3414 3103 3552 3162 ﬁdes.

1984 3217 2146 3271 quam
2177 3202 2295 3272 ejus
2337 3202 2552 3256 nomine
2595 3202 2904 3271 accepimus
2929 3215 3035 3255 una
3072 3207 3175 3266 est,
3200 3207 3257 3253 et
3291 3213 3394 3255 nos
3423 3212 3553 3253 cum

1983 3292 2094 3349 Deo
2126 3293 2408 3364 conjungit
2433 3313 2444 3346 :
2470 3303 2528 3346 ut
2552 3293 2679 3347 item
2715 3297 2808 3362 qui
2841 3291 3044 3363 aliquid
3074 3293 3142 3347 de
3172 3289 3436 3346 Trinitate
3456 3289 3552 3344 de.

1986 3381 2171 3446 trahit,
2202 3391 2257 3436 et
2284 3381 2340 3436 in
2374 3381 2491 3438 solo
2522 3379 2699 3437 Patris
2727 3381 2812 3436 vel
2837 3379 2961 3436 Filii
2985 3380 3202 3435 nomine
3220 3379 3548 3450 baptizatur,

1985 3484 2080 3530 aut
2105 3475 2224 3530 sine
2251 3473 2480 3546 Spiritu,
2510 3475 2562 3528 in
2590 3473 2751 3530 Patre
2779 3484 2834 3530 et
2866 3473 3026 3539 Filio,
3046 3473 3182 3528 nihil
3213 3472 3429 3543 accipit,
3455 3470 3551 3527 sed

1983 3581 2190 3620 vacuus
2239 3581 2340 3620 nec
2387 3565 2629 3621 initiatus
2675 3554 2791 3636 ipse
2846 3574 2900 3620 et
2944 3565 2992 3620 is
3022 3565 3115 3636 qui
3152 3564 3284 3619 dare
3311 3563 3548 3627 videtur,

1984 3666 2199 3722 manet;
2241 3654 2512 3724 siquidem
2552 3655 2785 3711 initiatio
2815 3655 3030 3710 nonnisi
3061 3655 3114 3709 in
3146 3651 3410 3708 Trinitate
3442 3651 3548 3706 sita

1983 3756 2067 3802 est
2094 3765 2107 3800 :
2143 3746 2219 3802 ita
2246 3746 2340 3818 qui
2371 3746 2565 3802 Filium
2599 3761 2631 3802 a
2662 3745 2822 3802 Patre
2847 3746 3056 3813 dividit,
3080 3747 3158 3800 vel
3187 3743 3447 3814 Spiritum
3473 3741 3542 3796 ad

1979 3827 2072 3897 res
2105 3857 2278 3913 usque
2303 3853 2513 3898 creatas
2545 3842 2818 3914 deprimit,
2850 3858 2950 3898 nec
2978 3842 3176 3897 Filium
3208 3855 3308 3896 nec
3328 3838 3544 3895 Patrem

1986 3933 2161 4000 habet,
2191 3934 2286 3989 sed
2307 3943 2392 3990 est
2421 3935 2622 4005 impius
2641 3942 2696 3989 et
2717 3935 2916 3990 inlideli
2941 3935 3194 4000 deterior,
3224 3933 3548 4004 quidvisque

1982 4025 2163 4094 potius
2209 4041 2371 4096 quam
2408 4024 2754 4081 Christianus
2797 4026 2992 4081 merito
3022 4041 3086 4081 ac
3121 4025 3242 4095 jure
3273 4025 3549 4096 putandus

1982 4123 2085 4172 est.
2117 4115 2581 4181 Quemadmodum
2613 4116 2758 4172 enim
2794 4130 2960 4170 unum
2989 4123 3074 4169 est
3101 4113 3366 4184 baptisma
3402 4110 3548 4182 quod

1984 4206 2040 4260 in
2070 4205 2230 4262 Patre
2256 4219 2309 4262 et
2341 4207 2476 4262 Filio
2496 4217 2550 4263 et
2573 4207 2776 4278 Spiritu
2807 4217 2995 4263 sancto
3023 4208 3182 4262 datur
3212 4221 3226 4256 :
3255 4213 3314 4258 ut
3339 4218 3446 4258 una
3473 4203 3549 4257 si-

1985 4298 2183 4354 militer
2210 4299 2342 4356 lides
2369 4308 2452 4355 est
2487 4300 2540 4354 in
2568 4301 2810 4355 eamdem
2829 4299 3166 4364 Trinitatem,
3198 4297 3549 4367 quemadmo-

325 4384 417 4454 μία
441 4387 624 4451 πίστις
649 4389 794 4440 ἐστὶν
822 4390 901 4452 εἰς
936 4389 1124 4460 αὐτὴν,
1153 4389 1229 4454 ὡς
1274 4385 1425 4445 εἶπεν
1479 4394 1508 4445 ό
1547 4392 1881 4458 Ἀπόστολοςο

1989 4391 2118 4447 dum
2145 4391 2296 4448 docet
2312 4392 2604 4463 Apostolus
2621 4393 2666 4425 9‘
2691 4411 2704 4448 :
2731 4393 2800 4448 ita
2819 4402 3004 4448 sancta
3036 4389 3296 4456 Trinitas,
3312 4403 3433 4458 quae
3456 4404 3548 4444 ea-

387 4591 433 4625 “
472 4589 674 4661 Ephes.
704 4608 777 4654 tv,
805 4591 858 4646 5.

388 4769 502 4841 (5|)
545 4769 635 4824 Sic
686 4769 886 4840 Regius
931 4772 1160 4841 primus,
1193 4771 1314 4836 Seg.
1351 4769 1506 4826 Gobl.
1544 4780 1598 4827 et
1646 4771 1882 4829 Felekm.

321 4840 882 4911 primuszAliiautem
909 4840 962 4896 et
985 4843 1134 4904 editi,
1164 4843 1321 4911 αῦτῇ.

391 4909 504 4981 (52)
546 4909 887 4981 SicMBegius
940 4913 1172 4981 primus,
1201 4909 1322 4979 Seg.
1358 4911 1514 4966 Gobl.
1549 4919 1602 4966 et
1646 4910 1880 4968 Felckm.

321 4977 551 5052 primus.
583 4977 722 5034 Editi
750 4977 879 5052 vero
907 4977 960 5036 et
1000 4982 1089 5036 alii
1136 4977 1351 5052 articul.
1376 4982 1454 5052 τῷ
1482 4983 1759 5052 omittunt,
1790 4984 1884 5052 qui

319 5059 370 5120 et
411 5050 572 5102 iidem
624 5066 749 5120 mox
783 5050 982 5105 habent
1010 5051 1141 5104 αὐτὸ
1163 5051 1224 5103 τὸ
1244 5050 1466 5120 Πνεῦμα
1508 5051 1601 5104 τοῦ
1631 5051 1784 5106 Θεοῦ.
1808 5050 1887 5108 Ἀι

322 5116 521 5190 Regius
557 5119 788 5190 primus,
829 5122 952 5190 Seg.
994 5121 1151 5176 Gohl.
1188 5130 1246 5176 et
1271 5116 1511 5176 Felc'km.
1542 5121 1752 5190 primus
1783 5123 1883 5176 ha-

321 5187 445 5250 bent
481 5197 539 5241 ut
569 5189 657 5243 hic
686 5198 884 5245 exstat.

388 5259 500 5330 (55)
543 5256 634 5313 Sic
665 5258 866 5330 Regius
897 5261 1126 5330 primus,
1163 5259 1284 5329 Seg.
1317 5259 1476 5315 Basil.
1499 5259 1810 5319 Goblerian.
1831 5272 1884 5317 et

319 5327 557 5401 Felekm.
593 5327 1048 5401 primi—isititateri
1090 5327 1385 5401 veroicum
1425 5331 1606 5396 editis,
1647 5331 1885 5401 κατηγά-

318 5415 462 5466 γετε.
501 5397 622 5468 Mox
652 5397 782 5468 Reg.
813 5400 870 5464 2,
899 5399 1289 5466 συνεξισοῦται.

387 5468 501 5532 (Si)
545 5467 751 5536 Regius
779 5470 1007 5537 primus,
1038 5470 1163 5539 Seg.
1208 5468 1364 5539 Gobl.
1402 5477 1456 5525 et
1494 5467 1735 5539 Felekm.
1771 5471 1884 5539 pri-

318 5552 458 5608 mus,
492 5554 822 5608 anonymus,
854 5538 1172 5606 particulam
1203 5538 1295 5591 καί
1329 5540 1417 5594 hic
1441 5538 1646 5592 addunt
1673 5547 1725 5592 et
1752 5538 1884 5608 pan:

318 5606 366 5656 In
399 5593 520 5679 post
548 5593 726 5679 ταιῗτῃ
759 5593 960 5679 habent
989 5627 1000 5662 :
1029 5609 1118 5679 alii
1147 5624 1275 5663 vero
1313 5617 1368 5663 ct
1391 5593 1520 5663 editi
1570 5593 1772 5677 partio:
1791 5597 1883 5663 καί

319 5678 590 5748 emittunt,
619 5677 803 5748 eti—pro
832 5677 1002 5748 ταύτῃ
1037 5678 1236 5738 habent
1261 5681 1327 5748 τῇ
1353 5679 1583 5747 θεότητι.

387 5747 497 5818 (55)
541 5747 635 5802 Sic
669 5747 871 5815 Regius
910 5747 1113 5815 primus
1143 5757 1192 5803 et
1225 5747 1343 5817 Seg.
1383 5748 1522 5803 Editi
1557 5764 1684 5808 vero,
1713 5759 1762 5805 et
1792 5749 1882 5804 alii

1987 4769 2238 4840 particul.
2275 4787 2333 4822 τε
2365 4768 2640 4840 omittunt.

2059 4841 2169 4912 (56)
2194 4839 2266 4912 _ln_
2307 4841 2428 4910 Seg.
2475 4839 2633 4912 G_ob|.
2667 4847 2720 4893 et
2771 4838 3009 4894 Felckm.
3047 4841 3378 4912 primatvox
3421 4841 3547 4912 ὑμῖν

1987 4908 2162 4968 abest.
2193 4909 2357 4968 Iidem
2387 4908 2459 4963 ‘et
2508 4908 2708 4978 Regius
2751 4912 2956 4978 primus
2982 4921 3104 4979 post
3131 4910 3352 4964 τοιαῦτα
3383 4908 3549 4979 parti-

1987 4982 2162 5036 culam
2195 4981 2292 5050 μέν
2318 4979 2546 5041 addunt,
2575 4996 2695 5048 quae
2723 4983 2790 5033 ab
2819 4980 2942 5050 aliis
2968 4991 3022 5033 et
3050 4980 3208 5050 editis
3241 4983 3416 5034 abest.

2057 5051 2168 5122 (57)
2197 5047 2404 5122 Regius
2434 5050 2668 5122 primus,
2698 5050 2826 5122 Seg.
2875 5047 3029 5122 Gebl.
3067 5059 3120 5104 et
3149 5049 3386 5122 Felckm.
3421 5051 3471 5111 l,
3514 5048 3546 5117 ἠ

1985 5119 2074 5184 είς
2090 5119 2293 5191 ταύτην
2324 5120 2508 5191 ((Ξοὺιἐ
2539 5131 2600 5191 et
2621 5119 3122 5191 Fclckm._primus,
3148 5120 3346 5191 αὑτήν)
3372 5135 3546 5191 παραέ

1983 5187 2446 5261 διδομένηφύσις.
2478 5188 2688 5261 Regius
2708 5191 2742 5241 2
2770 5187 3110 5261 ιιΑΟιῑυὺυῐι.Δ
3142 5189 3220 5242 sic
3255 5187 3471 5261 habent,
3490 5190 3544 5261 j}

1985 5262 2064 5323 εἰς
2101 5256 2288 5330 ἀὑτῆν
2324 5256 2728 5330 παραέεδομένη
2774 5258 3246 5330 πίστιςησυνάπτει
3281 5259 3356 5330 τῷ
3384 5256 3543 5330 Θεῷ.

1985 5330 2118 5384 ibid.
2146 5327 2346 5401 Regius
2376 5327 2603 5401 primus,
2630 5328 2751 5401 ἔριζε.
2779 5328 2934 5401 Gobl.
2966 5339 3019 5382 cl.
3047 5327 3285 5401 Feb-km.
3317 5327 3546 5401 primuf,

1985 5396 2307 5471 anonymiis.
2339 5396 2541 5471 habent
2555 5396 3043 5471 Δί.ιτ·ιε.ξα.ιρο·ὗμενοςτ
3063 5400 3164 5471 Alii
3201 5396 3341 5471 vero
3359 5407 3411 5450 et
3435 5397 3549 5451 edi—

1986 5471 2046 5535 ti,
2082 5465 2643 5542 u<§_atpodpevo;.__bl_o_.\'
2677 5465 2777 5534 pro
2800 5465 2888 5542 καί
2914 5465 3114 5542 Regius
3139 5470 3174 5521 ‘2
3194 5470 3228 5539 ἣ
3261 5470 3439 5542 habet.

2037 5535 2170 5610 ~(58)
2211 5535 2372 5610 Quid.
2402 5549 2455 5591 et
2485 5536 2953 5610 Eelcktnlprinrus
2982 5535 3441 5610 ouaévcntiltunt.

2056 5605 2169 5679 (59)
2211 5608 2406 5679 Rogius
2447 5608 2676 5674 primus,
2706 5605 2826 5679 Sea.
2859 5606 3015 5659 Gobl.
3040 5619 3090 5679 ct
3121 5607 3358 5667 Fclckm.
3391 5609 3442 5667 l,
3474 5607 3548 5656 εί-

1986 5674 2175 5740 )ιότως.
2215 5677 2382 5729 Paulo
2418 5685 2536 5741 post
2573 5691 2668 5744 pro
2709 5674 3000 5742 διδόμενον,
3037 5678 3197 5730 Busil.
3249 5679 3404 5731 habet
3446 5679 3546 5728 ὁια-

1986 5749 2275 5817 διδόμενον,
2307 5757 2354 5798 υι
2389 5745 2586 5818 Regius
2615 5747 2667 5809 ‘2,
2711 5744 3096 5815 1':?.:t0'3p.:‘m1.
