  <div class='ocr_page' id='page_1' title='image "/cluster/home/n/w/nwhite01/storage/ocr_20150623/26/mdp.39015019958456/317.png"; bbox 0 0 3914 6222; ppageno 0'>
   <div class='ocr_carea' id='block_1_1' title="bbox 979 316 1937 391">
    <p class='ocr_par' dir='ltr' id='par_1_1' title="bbox 979 331 1935 391">
     <span class='ocr_line' id='line_1_1' title="bbox 979 331 1935 391; baseline 0 -3"><span class='ocrx_word' id='word_1_1' title='bbox 979 331 1037 390; x_wconf 91' lang='lat' dir='ltr'><strong>S.</strong></span> <span class='ocrx_word' id='word_1_2' title='bbox 1073 331 1445 391; x_wconf 79' lang='lat' dir='ltr'><strong>ATHANASII</strong></span> <span class='ocrx_word' id='word_1_3' title='bbox 1483 331 1632 390; x_wconf 91' lang='lat' dir='ltr'><strong>OPP.</strong></span> <span class='ocrx_word' id='word_1_4' title='bbox 1675 334 1853 390; x_wconf 83' lang='lat' dir='ltr'><strong>PARS</strong></span> <span class='ocrx_word' id='word_1_5' title='bbox 1892 335 1935 389; x_wconf 86' lang='grc' dir='ltr'>Ι.</span> 
     </span>
    </p>
   </div>
   <div class='ocr_carea' id='block_1_2' title="bbox 2043 316 3068 391">
    <p class='ocr_par' dir='ltr' id='par_1_2' title="bbox 2076 316 3068 389">
     <span class='ocr_line' id='line_1_2' title="bbox 2076 316 3068 389; baseline -0.005 -1"><span class='ocrx_word' id='word_1_6' title='bbox 2076 332 2454 389; x_wconf 74' lang='lat' dir='ltr'><strong>HISTORICA</strong></span> <span class='ocrx_word' id='word_1_7' title='bbox 2496 329 2582 386; x_wconf 77' lang='grc' dir='ltr'><strong>ΕΤ</strong></span> <span class='ocrx_word' id='word_1_8' title='bbox 2625 316 3068 387; x_wconf 43' lang='grc' dir='ltr'><strong>ΒΟΕΜΑΤΙΟΑᾘ</strong></span> 
     </span>
    </p>
   </div>
   <div class='ocr_carea' id='block_1_3' title="bbox 3506 331 3609 386">
    <p class='ocr_par' dir='ltr' id='par_1_3' title="bbox 3506 331 3609 386">
     <span class='ocr_line' id='line_1_3' title="bbox 3506 331 3609 386; baseline -0.029 0"><span class='ocrx_word' id='word_1_9' title='bbox 3506 331 3609 386; x_wconf 79' lang='lat'><strong>600</strong></span> 
     </span>
    </p>
   </div>
   <div class='ocr_carea' id='block_1_4' title="bbox 393 443 1937 521">
    <p class='ocr_par' dir='ltr' id='par_1_4' title="bbox 393 446 1937 521">
     <span class='ocr_line' id='line_1_4' title="bbox 393 446 1937 521; baseline -0.001 -17"><span class='ocrx_word' id='word_1_10' title='bbox 393 453 512 504; x_wconf 79' lang='lat' dir='ltr'><strong>dem</strong></span> <span class='ocrx_word' id='word_1_11' title='bbox 534 446 589 504; x_wconf 87' lang='lat' dir='ltr'><strong>in</strong></span> <span class='ocrx_word' id='word_1_12' title='bbox 612 448 794 517; x_wconf 82' lang='lat' dir='ltr'><strong>seipsa</strong></span> <span class='ocrx_word' id='word_1_13' title='bbox 824 456 925 514; x_wconf 89' lang='lat' dir='ltr'><strong>est,</strong></span> <span class='ocrx_word' id='word_1_14' title='bbox 941 456 997 503; x_wconf 85' lang='lat' dir='ltr'><strong>et</strong></span> <span class='ocrx_word' id='word_1_15' title='bbox 1017 463 1201 504; x_wconf 85' lang='lat' dir='ltr'><strong>secum</strong></span> <span class='ocrx_word' id='word_1_16' title='bbox 1229 449 1346 520; x_wconf 87' lang='lat' dir='ltr'><strong>ipsa</strong></span> <span class='ocrx_word' id='word_1_17' title='bbox 1373 453 1658 521; x_wconf 88' lang='lat' dir='ltr'><strong>conjuncta</strong></span> <span class='ocrx_word' id='word_1_18' title='bbox 1689 460 1792 512; x_wconf 87' lang='lat' dir='ltr'><strong>est,</strong></span> <span class='ocrx_word' id='word_1_19' title='bbox 1814 449 1937 504; x_wconf 81' lang='lat' dir='ltr'><strong>nihil</strong></span> 
     </span>
    </p>
   </div>
   <div class='ocr_carea' id='block_1_5' title="bbox 2043 443 3614 521">
    <p class='ocr_par' dir='ltr' id='par_1_5' title="bbox 2051 443 3614 521">
     <span class='ocr_line' id='line_1_5' title="bbox 2051 443 3614 521; baseline -0.001 -18"><span class='ocrx_word' id='word_1_20' title='bbox 2051 449 2223 514; x_wconf 78' lang='grc' dir='ltr'>οὕτως</span> <span class='ocrx_word' id='word_1_21' title='bbox 2256 452 2287 520; x_wconf 88' lang='grc' dir='ltr'>ὴ</span> <span class='ocrx_word' id='word_1_22' title='bbox 2324 450 2452 518; x_wconf 87' lang='grc' dir='ltr'>ἁγία</span> <span class='ocrx_word' id='word_1_23' title='bbox 2484 448 2672 521; x_wconf 75' lang='grc' dir='ltr'>Τριὰς,</span> <span class='ocrx_word' id='word_1_24' title='bbox 2721 450 2755 520; x_wconf 82' lang='grc' dir='ltr'><strong>ἡ</strong></span> <span class='ocrx_word' id='word_1_25' title='bbox 2809 449 2946 519; x_wconf 78' lang='grc' dir='ltr'>αὐτὴ</span> <span class='ocrx_word' id='word_1_26' title='bbox 2997 443 3131 501; x_wconf 83' lang='grc' dir='ltr'>οὖσα</span> <span class='ocrx_word' id='word_1_27' title='bbox 3158 448 3324 519; x_wconf 79' lang='grc' dir='ltr'>ἑαυτῇ</span> <span class='ocrx_word' id='word_1_28' title='bbox 3351 446 3485 518; x_wconf 84' lang='grc'>(60),</span> <span class='ocrx_word' id='word_1_29' title='bbox 3523 450 3614 503; x_wconf 73' lang='grc' dir='ltr'><strong>καὶ</strong></span> 
     </span>
    </p>
   </div>
   <div class='ocr_carea' id='block_1_6' title="bbox 392 538 1951 610">
    <p class='ocr_par' dir='ltr' id='par_1_6' title="bbox 392 538 1951 610">
     <span class='ocr_line' id='line_1_6' title="bbox 392 538 1951 610; baseline 0.001 -17"><span class='ocrx_word' id='word_1_30' title='bbox 392 542 448 593; x_wconf 89' lang='lat' dir='ltr'><strong>iu</strong></span> <span class='ocrx_word' id='word_1_31' title='bbox 476 553 536 595; x_wconf 88' lang='lat' dir='ltr'><strong>se</strong></span> <span class='ocrx_word' id='word_1_32' title='bbox 562 553 740 594; x_wconf 89' lang='lat' dir='ltr'><strong>rerum</strong></span> <span class='ocrx_word' id='word_1_33' title='bbox 769 538 1033 594; x_wconf 79' lang='lat' dir='ltr'><strong>factarum</strong></span> <span class='ocrx_word' id='word_1_34' title='bbox 1062 539 1252 605; x_wconf 86' lang='lat' dir='ltr'><strong>habet;</strong></span> <span class='ocrx_word' id='word_1_35' title='bbox 1292 540 1512 610; x_wconf 65' lang='lat' dir='ltr'><strong>haecque</strong></span> <span class='ocrx_word' id='word_1_36' title='bbox 1529 538 1810 605; x_wconf 70' lang='lat' dir='ltr'><strong>Trinitatis</strong></span> <span class='ocrx_word' id='word_1_37' title='bbox 1830 541 1951 595; x_wconf 50' lang='lat' dir='ltr'><strong>uni.</strong></span> 
     </span>
    </p>
   </div>
   <div class='ocr_carea' id='block_1_7' title="bbox 390 629 1949 699">
    <p class='ocr_par' dir='ltr' id='par_1_7' title="bbox 390 629 1949 699">
     <span class='ocr_line' id='line_1_7' title="bbox 390 629 1949 699; baseline 0.001 -14"><span class='ocrx_word' id='word_1_38' title='bbox 390 639 474 685; x_wconf 89' lang='lat' dir='ltr'><strong>tas</strong></span> <span class='ocrx_word' id='word_1_39' title='bbox 506 629 781 684; x_wconf 88' lang='lat' dir='ltr'><strong>individua</strong></span> <span class='ocrx_word' id='word_1_40' title='bbox 804 636 906 692; x_wconf 90' lang='lat' dir='ltr'><strong>est,</strong></span> <span class='ocrx_word' id='word_1_41' title='bbox 925 630 1209 698; x_wconf 84' lang='lat' dir='ltr'><strong>unaquein</strong></span> <span class='ocrx_word' id='word_1_42' title='bbox 1237 631 1481 686; x_wconf 87' lang='lat' dir='ltr'><strong>eamdem</strong></span> <span class='ocrx_word' id='word_1_43' title='bbox 1501 630 1632 685; x_wconf 82' lang='lat' dir='ltr'><strong>ﬁdes</strong></span> <span class='ocrx_word' id='word_1_44' title='bbox 1659 639 1760 685; x_wconf 85' lang='lat' dir='ltr'><strong>est.</strong></span> <span class='ocrx_word' id='word_1_45' title='bbox 1793 630 1949 699; x_wconf 87' lang='lat' dir='ltr'><strong>Quod</strong></span> 
     </span>
    </p>
   </div>
   <div class='ocr_carea' id='block_1_8' title="bbox 389 720 1948 791">
    <p class='ocr_par' dir='ltr' id='par_1_8' title="bbox 389 720 1948 791">
     <span class='ocr_line' id='line_1_8' title="bbox 389 720 1948 791; baseline -0.001 -14"><span class='ocrx_word' id='word_1_46' title='bbox 389 722 436 777; x_wconf 85' lang='lat' dir='ltr'><strong>si</strong></span> <span class='ocrx_word' id='word_1_47' title='bbox 476 721 552 776; x_wconf 92' lang='lat' dir='ltr'><strong>uti</strong></span> <span class='ocrx_word' id='word_1_48' title='bbox 583 736 700 786; x_wconf 85' lang='lat' dir='ltr'><strong>vos,</strong></span> <span class='ocrx_word' id='word_1_49' title='bbox 726 720 963 791; x_wconf 89' lang='lat' dir='ltr'><strong>Tropici,</strong></span> <span class='ocrx_word' id='word_1_50' title='bbox 1005 723 1298 776; x_wconf 91' lang='lat' dir='ltr'><strong>commenti</strong></span> <span class='ocrx_word' id='word_1_51' title='bbox 1329 723 1482 787; x_wconf 95' lang='lat' dir='ltr'><strong>estis,</strong></span> <span class='ocrx_word' id='word_1_52' title='bbox 1518 737 1622 778; x_wconf 92' lang='lat' dir='ltr'><strong>non</strong></span> <span class='ocrx_word' id='word_1_53' title='bbox 1670 723 1743 777; x_wconf 89' lang='lat' dir='ltr'><strong>ita</strong></span> <span class='ocrx_word' id='word_1_54' title='bbox 1769 738 1828 777; x_wconf 89' lang='lat' dir='ltr'><strong>se</strong></span> <span class='ocrx_word' id='word_1_55' title='bbox 1860 736 1948 777; x_wconf 90' lang='lat' dir='ltr'><strong>res</strong></span> 
     </span>
    </p>
   </div>
   <div class='ocr_carea' id='block_1_9' title="bbox 390 806 1948 882">
    <p class='ocr_par' dir='ltr' id='par_1_9' title="bbox 390 806 1948 882">
     <span class='ocr_line' id='line_1_9' title="bbox 390 806 1948 882; baseline 0.003 -17"><span class='ocrx_word' id='word_1_56' title='bbox 390 811 570 875; x_wconf 88' lang='lat' dir='ltr'><strong>habet,</strong></span> <span class='ocrx_word' id='word_1_57' title='bbox 588 811 702 875; x_wconf 87' lang='lat' dir='ltr'><strong>sed,</strong></span> <span class='ocrx_word' id='word_1_58' title='bbox 730 820 789 866; x_wconf 91' lang='lat' dir='ltr'><strong>ut</strong></span> <span class='ocrx_word' id='word_1_59' title='bbox 808 812 1144 879; x_wconf 81' lang='lat' dir='ltr'><strong>somniastis,</strong></span> <span class='ocrx_word' id='word_1_60' title='bbox 1165 811 1400 882; x_wconf 82' lang='lat' dir='ltr'><strong>Spiritus</strong></span> <span class='ocrx_word' id='word_1_61' title='bbox 1418 806 1639 871; x_wconf 86' lang='lat' dir='ltr'><strong>sanctus</strong></span> <span class='ocrx_word' id='word_1_62' title='bbox 1668 830 1755 870; x_wconf 89' lang='lat' dir='ltr'><strong>res</strong></span> <span class='ocrx_word' id='word_1_63' title='bbox 1768 822 1948 870; x_wconf 88' lang='lat' dir='ltr'><strong>creata</strong></span> 
     </span>
    </p>
   </div>
   <div class='ocr_carea' id='block_1_10' title="bbox 388 903 1946 975">
    <p class='ocr_par' dir='ltr' id='par_1_10' title="bbox 388 903 1946 975">
     <span class='ocr_line' id='line_1_10' title="bbox 388 903 1946 975; baseline 0.001 -16"><span class='ocrx_word' id='word_1_64' title='bbox 388 920 422 959; x_wconf 86' lang='lat' dir='ltr'><strong>a</strong></span> <span class='ocrx_word' id='word_1_65' title='bbox 442 903 598 963; x_wconf 86' lang='lat' dir='ltr'><strong>vobis</strong></span> <span class='ocrx_word' id='word_1_66' title='bbox 636 903 833 960; x_wconf 89' lang='lat' dir='ltr'><strong>dicitur</strong></span> <span class='ocrx_word' id='word_1_67' title='bbox 864 922 880 960; x_wconf 89' lang='lat'><strong>:</strong></span> <span class='ocrx_word' id='word_1_68' title='bbox 903 904 1015 975; x_wconf 90' lang='lat' dir='ltr'><strong>jam</strong></span> <span class='ocrx_word' id='word_1_69' title='bbox 1045 919 1153 958; x_wconf 93' lang='lat' dir='ltr'><strong>non</strong></span> <span class='ocrx_word' id='word_1_70' title='bbox 1193 921 1297 960; x_wconf 87' lang='lat' dir='ltr'><strong>una</strong></span> <span class='ocrx_word' id='word_1_71' title='bbox 1323 915 1406 962; x_wconf 87' lang='lat' dir='ltr'><strong>est</strong></span> <span class='ocrx_word' id='word_1_72' title='bbox 1444 907 1576 963; x_wconf 80' lang='lat' dir='ltr'><strong>ﬁdes</strong></span> <span class='ocrx_word' id='word_1_73' title='bbox 1607 918 1806 971; x_wconf 88' lang='lat' dir='ltr'><strong>vestra,</strong></span> <span class='ocrx_word' id='word_1_74' title='bbox 1836 921 1946 961; x_wconf 92' lang='lat' dir='ltr'><strong>non</strong></span> 
     </span>
    </p>
   </div>
   <div class='ocr_carea' id='block_1_11' title="bbox 389 997 1946 1067">
    <p class='ocr_par' dir='ltr' id='par_1_11' title="bbox 389 997 1946 1067">
     <span class='ocr_line' id='line_1_11' title="bbox 389 997 1946 1067; baseline 0.002 -16"><span class='ocrx_word' id='word_1_75' title='bbox 389 1012 557 1051; x_wconf 88' lang='lat' dir='ltr'><strong>unum</strong></span> <span class='ocrx_word' id='word_1_76' title='bbox 596 997 884 1067; x_wconf 83' lang='lat' dir='ltr'><strong>baptisma,</strong></span> <span class='ocrx_word' id='word_1_77' title='bbox 912 997 1005 1053; x_wconf 87' lang='lat' dir='ltr'><strong>sed</strong></span> <span class='ocrx_word' id='word_1_78' title='bbox 1039 999 1184 1054; x_wconf 87' lang='lat' dir='ltr'><strong>duo:</strong></span> <span class='ocrx_word' id='word_1_79' title='bbox 1216 1015 1381 1053; x_wconf 91' lang='lat' dir='ltr'><strong>unum</strong></span> <span class='ocrx_word' id='word_1_80' title='bbox 1418 1000 1624 1056; x_wconf 85' lang='lat' dir='ltr'><strong>scilicet</strong></span> <span class='ocrx_word' id='word_1_81' title='bbox 1652 1000 1704 1054; x_wconf 93' lang='lat' dir='ltr'><strong>in</strong></span> <span class='ocrx_word' id='word_1_82' title='bbox 1731 998 1946 1055; x_wconf 91' lang='lat' dir='ltr'><strong>Patrem</strong></span> 
     </span>
    </p>
   </div>
   <div class='ocr_carea' id='block_1_12' title="bbox 386 1086 1946 1161">
    <p class='ocr_par' dir='ltr' id='par_1_12' title="bbox 386 1086 1946 1161">
     <span class='ocr_line' id='line_1_12' title="bbox 386 1086 1946 1161; baseline 0.001 -17"><span class='ocrx_word' id='word_1_83' title='bbox 386 1099 442 1144; x_wconf 88' lang='lat' dir='ltr'><strong>et</strong></span> <span class='ocrx_word' id='word_1_84' title='bbox 473 1086 692 1151; x_wconf 86' lang='lat' dir='ltr'><strong>Filium.</strong></span> <span class='ocrx_word' id='word_1_85' title='bbox 723 1089 868 1153; x_wconf 74' lang='lat' dir='ltr'><strong>aliud</strong></span> <span class='ocrx_word' id='word_1_86' title='bbox 899 1090 953 1143; x_wconf 90' lang='lat' dir='ltr'><strong>in</strong></span> <span class='ocrx_word' id='word_1_87' title='bbox 985 1090 1234 1161; x_wconf 84' lang='lat' dir='ltr'><strong>angelum</strong></span> <span class='ocrx_word' id='word_1_88' title='bbox 1269 1091 1361 1161; x_wconf 90' lang='lat' dir='ltr'><strong>qui</strong></span> <span class='ocrx_word' id='word_1_89' title='bbox 1396 1107 1485 1147; x_wconf 84' lang='lat' dir='ltr'><strong>res</strong></span> <span class='ocrx_word' id='word_1_90' title='bbox 1507 1100 1685 1146; x_wconf 86' lang='lat' dir='ltr'><strong>creata</strong></span> <span class='ocrx_word' id='word_1_91' title='bbox 1716 1101 1834 1157; x_wconf 88' lang='lat' dir='ltr'><strong>est;</strong></span> <span class='ocrx_word' id='word_1_92' title='bbox 1860 1091 1946 1145; x_wconf 89' lang='lat' dir='ltr'><strong>ui-</strong></span> 
     </span>
    </p>
   </div>
   <div class='ocr_carea' id='block_1_13' title="bbox 390 1180 1944 1252">
    <p class='ocr_par' dir='ltr' id='par_1_13' title="bbox 390 1180 1944 1252">
     <span class='ocr_line' id='line_1_13' title="bbox 390 1180 1944 1252; baseline 0.001 -18"><span class='ocrx_word' id='word_1_93' title='bbox 390 1180 575 1251; x_wconf 86' lang='lat' dir='ltr'><strong>bilque</strong></span> <span class='ocrx_word' id='word_1_94' title='bbox 596 1180 708 1251; x_wconf 87' lang='lat' dir='ltr'><strong>jam</strong></span> <span class='ocrx_word' id='word_1_95' title='bbox 748 1182 901 1238; x_wconf 82' lang='lat' dir='ltr'><strong>vobis</strong></span> <span class='ocrx_word' id='word_1_96' title='bbox 938 1184 1150 1243; x_wconf 76' lang='lat' dir='ltr'><strong>ﬁrmum</strong></span> <span class='ocrx_word' id='word_1_97' title='bbox 1171 1226 1189 1248; x_wconf 88' lang='lat'><strong>,</strong></span> <span class='ocrx_word' id='word_1_98' title='bbox 1218 1183 1351 1237; x_wconf 90' lang='lat' dir='ltr'><strong>nihil</strong></span> <span class='ocrx_word' id='word_1_99' title='bbox 1376 1200 1563 1238; x_wconf 71' lang='lat' dir='ltr'><strong>verum</strong></span> <span class='ocrx_word' id='word_1_100' title='bbox 1595 1182 1944 1252; x_wconf 78' lang='lat' dir='ltr'><strong>superfuerit.</strong></span> 
     </span>
    </p>
   </div>
   <div class='ocr_carea' id='block_1_14' title="bbox 387 1273 1949 1342">
    <p class='ocr_par' dir='ltr' id='par_1_14' title="bbox 387 1273 1949 1342">
     <span class='ocr_line' id='line_1_14' title="bbox 387 1273 1949 1342; baseline 0 -12"><span class='ocrx_word' id='word_1_101' title='bbox 387 1273 519 1340; x_wconf 67' lang='lat' dir='ltr'><strong>Quae</strong></span> <span class='ocrx_word' id='word_1_102' title='bbox 559 1275 701 1328; x_wconf 91' lang='lat' dir='ltr'><strong>enim</strong></span> <span class='ocrx_word' id='word_1_103' title='bbox 748 1274 1060 1330; x_wconf 84' lang='lat' dir='ltr'><strong>communio</strong></span> <span class='ocrx_word' id='word_1_104' title='bbox 1098 1274 1238 1331; x_wconf 80' lang='lat' dir='ltr'><strong>inter</strong></span> <span class='ocrx_word' id='word_1_105' title='bbox 1264 1290 1378 1329; x_wconf 89' lang='lat' dir='ltr'><strong>rem</strong></span> <span class='ocrx_word' id='word_1_106' title='bbox 1421 1273 1618 1331; x_wconf 81' lang='lat' dir='ltr'><strong>factam</strong></span> <span class='ocrx_word' id='word_1_107' title='bbox 1642 1283 1698 1329; x_wconf 88' lang='lat' dir='ltr'><strong>et</strong></span> <span class='ocrx_word' id='word_1_108' title='bbox 1724 1274 1841 1342; x_wconf 86' lang='lat' dir='ltr'><strong>ejus</strong></span> <span class='ocrx_word' id='word_1_109' title='bbox 1868 1273 1949 1330; x_wconf 80' lang='lat' dir='ltr'><strong>ef-</strong></span> 
     </span>
    </p>
   </div>
   <div class='ocr_carea' id='block_1_15' title="bbox 384 1364 1947 1435">
    <p class='ocr_par' dir='ltr' id='par_1_15' title="bbox 384 1364 1947 1435">
     <span class='ocr_line' id='line_1_15' title="bbox 384 1364 1947 1435; baseline 0.002 -16"><span class='ocrx_word' id='word_1_110' title='bbox 384 1365 678 1423; x_wconf 75' lang='lat' dir='ltr'><strong>fectorem?</strong></span> <span class='ocrx_word' id='word_1_111' title='bbox 724 1364 818 1421; x_wconf 84' lang='lat' dir='ltr'><strong>Vel</strong></span> <span class='ocrx_word' id='word_1_112' title='bbox 877 1381 999 1435; x_wconf 67' lang='lat' dir='ltr'><strong>quae</strong></span> <span class='ocrx_word' id='word_1_113' title='bbox 1048 1366 1278 1426; x_wconf 77' lang='lat' dir='ltr'><strong>societas</strong></span> <span class='ocrx_word' id='word_1_114' title='bbox 1333 1367 1475 1421; x_wconf 89' lang='lat' dir='ltr'><strong>inter</strong></span> <span class='ocrx_word' id='word_1_115' title='bbox 1520 1381 1609 1423; x_wconf 83' lang='lat' dir='ltr'><strong>res</strong></span> <span class='ocrx_word' id='word_1_116' title='bbox 1660 1365 1947 1422; x_wconf 81' lang='lat' dir='ltr'><strong>inferiores</strong></span> 
     </span>
    </p>
   </div>
   <div class='ocr_carea' id='block_1_16' title="bbox 382 1455 1948 1528">
    <p class='ocr_par' dir='ltr' id='par_1_16' title="bbox 382 1455 1948 1528">
     <span class='ocr_line' id='line_1_16' title="bbox 382 1455 1948 1528; baseline 0.002 -17"><span class='ocrx_word' id='word_1_117' title='bbox 382 1465 593 1513; x_wconf 86' lang='lat' dir='ltr'><strong>creatas</strong></span> <span class='ocrx_word' id='word_1_118' title='bbox 622 1466 675 1511; x_wconf 92' lang='lat' dir='ltr'><strong>et</strong></span> <span class='ocrx_word' id='word_1_119' title='bbox 704 1455 938 1521; x_wconf 80' lang='lat' dir='ltr'><strong>Verbum</strong></span> <span class='ocrx_word' id='word_1_120' title='bbox 972 1472 1003 1512; x_wconf 90' lang='lat' dir='ltr'><strong>a</strong></span> <span class='ocrx_word' id='word_1_121' title='bbox 1034 1472 1144 1528; x_wconf 90' lang='lat' dir='ltr'><strong>quo</strong></span> <span class='ocrx_word' id='word_1_122' title='bbox 1164 1458 1437 1528; x_wconf 72' lang='lat' dir='ltr'><strong>productas</strong></span> <span class='ocrx_word' id='word_1_123' title='bbox 1459 1458 1622 1513; x_wconf 83' lang='lat' dir='ltr'><strong>sunt?</strong></span> <span class='ocrx_word' id='word_1_124' title='bbox 1649 1457 1807 1513; x_wconf 86' lang='lat' dir='ltr'><strong>Certe</strong></span> <span class='ocrx_word' id='word_1_125' title='bbox 1823 1459 1948 1514; x_wconf 88' lang='lat' dir='ltr'><strong>bea-</strong></span> 
     </span>
    </p>
   </div>
   <div class='ocr_carea' id='block_1_17' title="bbox 383 1547 1944 1620">
    <p class='ocr_par' dir='ltr' id='par_1_17' title="bbox 383 1547 1944 1620">
     <span class='ocr_line' id='line_1_17' title="bbox 383 1547 1944 1620; baseline 0.001 -17"><span class='ocrx_word' id='word_1_126' title='bbox 383 1556 473 1605; x_wconf 86' lang='lat' dir='ltr'><strong>tus</strong></span> <span class='ocrx_word' id='word_1_127' title='bbox 504 1547 728 1616; x_wconf 84' lang='lat' dir='ltr'><strong>Paulus,</strong></span> <span class='ocrx_word' id='word_1_128' title='bbox 762 1549 856 1618; x_wconf 88' lang='lat' dir='ltr'><strong>qui</strong></span> <span class='ocrx_word' id='word_1_129' title='bbox 889 1547 992 1604; x_wconf 88' lang='lat' dir='ltr'><strong>ista</strong></span> <span class='ocrx_word' id='word_1_130' title='bbox 1025 1548 1249 1615; x_wconf 83' lang='lat' dir='ltr'><strong>minime</strong></span> <span class='ocrx_word' id='word_1_131' title='bbox 1272 1549 1577 1620; x_wconf 85' lang='lat' dir='ltr'><strong>ignorabat.</strong></span> <span class='ocrx_word' id='word_1_132' title='bbox 1602 1564 1711 1604; x_wconf 90' lang='lat' dir='ltr'><strong>non</strong></span> <span class='ocrx_word' id='word_1_133' title='bbox 1741 1558 1802 1604; x_wconf 89' lang='lat' dir='ltr'><strong>ut</strong></span> <span class='ocrx_word' id='word_1_134' title='bbox 1826 1564 1944 1615; x_wconf 89' lang='lat' dir='ltr'><strong>vos,</strong></span> 
     </span>
    </p>
   </div>
   <div class='ocr_carea' id='block_1_18' title="bbox 383 1637 1948 1709">
    <p class='ocr_par' dir='ltr' id='par_1_18' title="bbox 383 1637 1948 1709">
     <span class='ocr_line' id='line_1_18' title="bbox 383 1637 1948 1709; baseline 0.001 -16"><span class='ocrx_word' id='word_1_135' title='bbox 383 1637 699 1695; x_wconf 83' lang='lat' dir='ltr'><strong>Trinitatem</strong></span> <span class='ocrx_word' id='word_1_136' title='bbox 730 1639 942 1705; x_wconf 82' lang='lat' dir='ltr'><strong>dividit,</strong></span> <span class='ocrx_word' id='word_1_137' title='bbox 969 1638 1064 1695; x_wconf 93' lang='lat' dir='ltr'><strong>sed</strong></span> <span class='ocrx_word' id='word_1_138' title='bbox 1086 1639 1205 1709; x_wconf 87' lang='lat' dir='ltr'><strong>ejus</strong></span> <span class='ocrx_word' id='word_1_139' title='bbox 1234 1639 1495 1696; x_wconf 89' lang='lat' dir='ltr'><strong>unitatem</strong></span> <span class='ocrx_word' id='word_1_140' title='bbox 1524 1640 1824 1695; x_wconf 89' lang='lat' dir='ltr'><strong>luculenter</strong></span> <span class='ocrx_word' id='word_1_141' title='bbox 1849 1641 1948 1694; x_wconf 56' lang='lat' dir='ltr'><strong>doc</strong></span> 
     </span>
    </p>
   </div>
   <div class='ocr_carea' id='block_1_19' title="bbox 380 1730 1947 1801">
    <p class='ocr_par' dir='ltr' id='par_1_19' title="bbox 380 1730 1947 1801">
     <span class='ocr_line' id='line_1_19' title="bbox 380 1730 1947 1801; baseline -0.001 -15"><span class='ocrx_word' id='word_1_142' title='bbox 380 1739 462 1786; x_wconf 87' lang='lat' dir='ltr'><strong>cct</strong></span> <span class='ocrx_word' id='word_1_143' title='bbox 484 1746 607 1786; x_wconf 91' lang='lat' dir='ltr'><strong>cum</strong></span> <span class='ocrx_word' id='word_1_144' title='bbox 634 1731 701 1787; x_wconf 90' lang='lat' dir='ltr'><strong>de</strong></span> <span class='ocrx_word' id='word_1_145' title='bbox 734 1730 1111 1801; x_wconf 86' lang='lat' dir='ltr'><strong>spiritualibus</strong></span> <span class='ocrx_word' id='word_1_146' title='bbox 1140 1730 1303 1786; x_wconf 88' lang='lat' dir='ltr'><strong>rebus</strong></span> <span class='ocrx_word' id='word_1_147' title='bbox 1328 1731 1395 1786; x_wconf 88' lang='lat' dir='ltr'><strong>ad</strong></span> <span class='ocrx_word' id='word_1_148' title='bbox 1425 1730 1733 1787; x_wconf 88' lang='lat' dir='ltr'><strong>Corinthios</strong></span> <span class='ocrx_word' id='word_1_149' title='bbox 1757 1731 1947 1787; x_wconf 83' lang='lat' dir='ltr'><strong>scribit</strong></span> 
     </span>
    </p>
   </div>
   <div class='ocr_carea' id='block_1_20' title="bbox 2050 539 3615 613">
    <p class='ocr_par' dir='ltr' id='par_1_20' title="bbox 2050 539 3615 613">
     <span class='ocr_line' id='line_1_20' title="bbox 2050 539 3615 613; baseline -0.013 -12"><span class='ocrx_word' id='word_1_150' title='bbox 2050 542 2299 613; x_wconf 79' lang='grc' dir='ltr'><strong>ἡνωμένη</strong></span> <span class='ocrx_word' id='word_1_151' title='bbox 2324 541 2457 612; x_wconf 75' lang='grc' dir='ltr'>πρὸς</span> <span class='ocrx_word' id='word_1_152' title='bbox 2477 541 2698 612; x_wconf 79' lang='grc' dir='ltr'>ἑαυτὴν,</span> <span class='ocrx_word' id='word_1_153' title='bbox 2723 540 2874 593; x_wconf 74' lang='grc' dir='ltr'>οὐδὲν</span> <span class='ocrx_word' id='word_1_154' title='bbox 2912 539 3024 611; x_wconf 80' lang='grc' dir='ltr'>ἔχει</span> <span class='ocrx_word' id='word_1_155' title='bbox 3045 541 3102 592; x_wconf 77' lang='grc' dir='ltr'><strong>ἐν</strong></span> <span class='ocrx_word' id='word_1_156' title='bbox 3131 540 3294 611; x_wconf 78' lang='grc' dir='ltr'>ἑαυτῇ</span> <span class='ocrx_word' id='word_1_157' title='bbox 3326 539 3432 593; x_wconf 88' lang='grc' dir='ltr'><strong>τῶν</strong></span> <span class='ocrx_word' id='word_1_158' title='bbox 3459 556 3615 611; x_wconf 82' lang='grc' dir='ltr'>γενη..</span> 
     </span>
    </p>
   </div>
   <div class='ocr_carea' id='block_1_21' title="bbox 2047 629 3611 703">
    <p class='ocr_par' dir='ltr' id='par_1_21' title="bbox 2047 629 3611 703">
     <span class='ocr_line' id='line_1_21' title="bbox 2047 629 3611 703; baseline -0.001 -18"><span class='ocrx_word' id='word_1_159' title='bbox 2047 631 2173 685; x_wconf 71' lang='grc' dir='ltr'>τῶνσ</span> <span class='ocrx_word' id='word_1_160' title='bbox 2206 632 2300 685; x_wconf 75' lang='grc' dir='ltr'>κα).</span> <span class='ocrx_word' id='word_1_161' title='bbox 2327 631 2463 703; x_wconf 77' lang='grc' dir='ltr'>αὕτη</span> <span class='ocrx_word' id='word_1_162' title='bbox 2491 633 2587 702; x_wconf 79' lang='grc' dir='ltr'><strong>τῆς</strong></span> <span class='ocrx_word' id='word_1_163' title='bbox 2621 631 2902 703; x_wconf 83' lang='grc' dir='ltr'>Τριάδοςὴ</span> <span class='ocrx_word' id='word_1_164' title='bbox 2938 629 3239 703; x_wconf 82' lang='grc' dir='ltr'>ἀδιαίρετος</span> <span class='ocrx_word' id='word_1_165' title='bbox 3268 629 3456 701; x_wconf 77' lang='grc' dir='ltr'>ἑνότης</span> <span class='ocrx_word' id='word_1_166' title='bbox 3484 629 3611 701; x_wconf 77' lang='grc'>(61),</span> 
     </span>
    </p>
   </div>
   <div class='ocr_carea' id='block_1_22' title="bbox 2048 721 3612 793">
    <p class='ocr_par' dir='ltr' id='par_1_22' title="bbox 2048 721 3612 793">
     <span class='ocr_line' id='line_1_22' title="bbox 2048 721 3612 793; baseline 0.001 -17"><span class='ocrx_word' id='word_1_167' title='bbox 2048 722 2141 776; x_wconf 73' lang='grc' dir='ltr'>καὶ</span> <span class='ocrx_word' id='word_1_168' title='bbox 2165 722 2262 793; x_wconf 91' lang='grc' dir='ltr'><strong>μία</strong></span> <span class='ocrx_word' id='word_1_169' title='bbox 2291 723 2323 792; x_wconf 86' lang='grc' dir='ltr'>ή</span> <span class='ocrx_word' id='word_1_170' title='bbox 2357 724 2437 785; x_wconf 82' lang='grc' dir='ltr'>εἰς</span> <span class='ocrx_word' id='word_1_171' title='bbox 2460 721 2659 792; x_wconf 78' lang='grc' dir='ltr'>ταύτην</span> <span class='ocrx_word' id='word_1_172' title='bbox 2689 722 2871 786; x_wconf 83' lang='grc' dir='ltr'><strong>πίστις</strong></span> <span class='ocrx_word' id='word_1_173' title='bbox 2906 723 3072 777; x_wconf 80' lang='grc' dir='ltr'>ἐστίν.</span> <span class='ocrx_word' id='word_1_174' title='bbox 3130 722 3192 774; x_wconf 83' lang='lat' dir='ltr'><strong>El.</strong></span> <span class='ocrx_word' id='word_1_175' title='bbox 3220 721 3278 775; x_wconf 80' lang='grc' dir='ltr'>δὲ</span> <span class='ocrx_word' id='word_1_176' title='bbox 3324 721 3467 776; x_wconf 86' lang='grc' dir='ltr'>κατὰ</span> <span class='ocrx_word' id='word_1_177' title='bbox 3516 723 3612 792; x_wconf 78' lang='grc' dir='ltr'>τὴν</span> 
     </span>
    </p>
   </div>
   <div class='ocr_carea' id='block_1_23' title="bbox 2047 812 3613 886">
    <p class='ocr_par' dir='ltr' id='par_1_23' title="bbox 2047 812 3613 886">
     <span class='ocr_line' id='line_1_23' title="bbox 2047 812 3613 886; baseline 0.001 -20"><span class='ocrx_word' id='word_1_178' title='bbox 2047 813 2201 884; x_wconf 84' lang='grc' dir='ltr'>ὑμῶν</span> <span class='ocrx_word' id='word_1_179' title='bbox 2242 813 2349 867; x_wconf 83' lang='grc' dir='ltr'><strong>τῶν</strong></span> <span class='ocrx_word' id='word_1_180' title='bbox 2387 814 2671 885; x_wconf 87' lang='grc' dir='ltr'>Τροπικῶν</span> <span class='ocrx_word' id='word_1_181' title='bbox 2701 813 3045 886; x_wconf 79' lang='grc' dir='ltr'>ὲπεξεύρεσιν</span> <span class='ocrx_word' id='word_1_182' title='bbox 3092 814 3191 885; x_wconf 74' lang='grc' dir='ltr'>οὐχ</span> <span class='ocrx_word' id='word_1_183' title='bbox 3249 812 3420 877; x_wconf 77' lang='grc' dir='ltr'>οὕτως</span> <span class='ocrx_word' id='word_1_184' title='bbox 3449 814 3613 879; x_wconf 74' lang='grc' dir='ltr'>ἐστὶν,</span> 
     </span>
    </p>
   </div>
   <div class='ocr_carea' id='block_1_24' title="bbox 2045 905 3616 978">
    <p class='ocr_par' dir='ltr' id='par_1_24' title="bbox 2045 905 3616 978">
     <span class='ocr_line' id='line_1_24' title="bbox 2045 905 3616 978; baseline 0.001 -20"><span class='ocrx_word' id='word_1_185' title='bbox 2045 905 2159 958; x_wconf 79' lang='grc' dir='ltr'>ἀλλ’</span> <span class='ocrx_word' id='word_1_186' title='bbox 2189 905 2577 977; x_wconf 81' lang='grc' dir='ltr'>ὲνυπνιάσοητε</span> <span class='ocrx_word' id='word_1_187' title='bbox 2601 906 2806 976; x_wconf 82' lang='grc' dir='ltr'><strong>κτίσμα</strong></span> <span class='ocrx_word' id='word_1_188' title='bbox 2837 906 2948 978; x_wconf 70' lang='grc'>(62)</span> <span class='ocrx_word' id='word_1_189' title='bbox 2991 906 3169 975; x_wconf 88' lang='grc' dir='ltr'>λέγειν</span> <span class='ocrx_word' id='word_1_190' title='bbox 3202 905 3261 960; x_wconf 84' lang='grc' dir='ltr'><strong>τὸ</strong></span> <span class='ocrx_word' id='word_1_191' title='bbox 3294 905 3521 977; x_wconf 96' lang='grc' dir='ltr'>Πνεῦμα</span> <span class='ocrx_word' id='word_1_192' title='bbox 3555 907 3616 960; x_wconf 82' lang='grc' dir='ltr'><strong>τὸ</strong></span> 
     </span>
    </p>
   </div>
   <div class='ocr_carea' id='block_1_25' title="bbox 2046 997 3614 1070">
    <p class='ocr_par' dir='ltr' id='par_1_25' title="bbox 2046 997 3614 1070">
     <span class='ocr_line' id='line_1_25' title="bbox 2046 997 3614 1070; baseline 0.001 -18"><span class='ocrx_word' id='word_1_193' title='bbox 2046 998 2218 1067; x_wconf 77' lang='grc' dir='ltr'>ἅγιον·</span> <span class='ocrx_word' id='word_1_194' title='bbox 2246 999 2428 1052; x_wconf 84' lang='grc' dir='ltr'>οὐκέτι</span> <span class='ocrx_word' id='word_1_195' title='bbox 2462 999 2561 1070; x_wconf 88' lang='grc' dir='ltr'><strong>μία</strong></span> <span class='ocrx_word' id='word_1_196' title='bbox 2612 999 2794 1063; x_wconf 84' lang='grc' dir='ltr'>πίστις</span> <span class='ocrx_word' id='word_1_197' title='bbox 2840 1001 2987 1054; x_wconf 73' lang='grc' dir='ltr'>ἐστὶν</span> <span class='ocrx_word' id='word_1_198' title='bbox 3045 999 3220 1069; x_wconf 83' lang='grc' dir='ltr'>ὑμῶν,</span> <span class='ocrx_word' id='word_1_199' title='bbox 3263 999 3384 1052; x_wconf 76' lang='grc' dir='ltr'>οὐδὲ</span> <span class='ocrx_word' id='word_1_200' title='bbox 3416 999 3475 1053; x_wconf 85' lang='grc' dir='ltr'>ἓν</span> <span class='ocrx_word' id='word_1_201' title='bbox 3519 997 3614 1069; x_wconf 80' lang='grc' dir='ltr'><strong>βά-</strong></span> 
     </span>
    </p>
   </div>
   <div class='ocr_carea' id='block_1_26' title="bbox 2047 1088 3617 1162">
    <p class='ocr_par' dir='ltr' id='par_1_26' title="bbox 2047 1088 3617 1162">
     <span class='ocr_line' id='line_1_26' title="bbox 2047 1088 3617 1162; baseline 0 -19"><span class='ocrx_word' id='word_1_202' title='bbox 2047 1108 2279 1161; x_wconf 86' lang='grc' dir='ltr'>πτισμα,</span> <span class='ocrx_word' id='word_1_203' title='bbox 2302 1090 2440 1145; x_wconf 81' lang='grc' dir='ltr'>ἀλλὰ</span> <span class='ocrx_word' id='word_1_204' title='bbox 2474 1090 2584 1144; x_wconf 70' lang='grc' dir='ltr'>δύοο</span> <span class='ocrx_word' id='word_1_205' title='bbox 2611 1091 2668 1145; x_wconf 81' lang='grc' dir='ltr'>ἓν</span> <span class='ocrx_word' id='word_1_206' title='bbox 2702 1091 2804 1162; x_wconf 83' lang='grc' dir='ltr'><strong>μὲν</strong></span> <span class='ocrx_word' id='word_1_207' title='bbox 2837 1093 2916 1155; x_wconf 75' lang='grc' dir='ltr'>εἰς</span> <span class='ocrx_word' id='word_1_208' title='bbox 2950 1090 3168 1160; x_wconf 79' lang='grc' dir='ltr'><strong>Πατέρα</strong></span> <span class='ocrx_word' id='word_1_209' title='bbox 3206 1090 3301 1143; x_wconf 75' lang='grc' dir='ltr'>καὶ</span> <span class='ocrx_word' id='word_1_210' title='bbox 3323 1090 3471 1143; x_wconf 72' lang='grc' dir='ltr'>Υίόψ</span> <span class='ocrx_word' id='word_1_211' title='bbox 3501 1088 3617 1143; x_wconf 76' lang='grc' dir='ltr'>ἐτε-</span> 
     </span>
    </p>
   </div>
   <div class='ocr_carea' id='block_1_27' title="bbox 2048 1180 3615 1252">
    <p class='ocr_par' dir='ltr' id='par_1_27' title="bbox 2048 1180 3615 1252">
     <span class='ocr_line' id='line_1_27' title="bbox 2048 1180 3615 1252; baseline 0 -19"><span class='ocrx_word' id='word_1_212' title='bbox 2048 1199 2141 1252; x_wconf 91' lang='grc' dir='ltr'><strong>ρον</strong></span> <span class='ocrx_word' id='word_1_213' title='bbox 2176 1181 2235 1235; x_wconf 86' lang='grc' dir='ltr'>δὲ</span> <span class='ocrx_word' id='word_1_214' title='bbox 2264 1182 2344 1246; x_wconf 89' lang='grc' dir='ltr'>εἰς</span> <span class='ocrx_word' id='word_1_215' title='bbox 2400 1181 2626 1251; x_wconf 79' lang='grc' dir='ltr'>ἄγγελον</span> <span class='ocrx_word' id='word_1_216' title='bbox 2690 1181 2893 1252; x_wconf 80' lang='grc' dir='ltr'><strong>κτίσμα</strong></span> <span class='ocrx_word' id='word_1_217' title='bbox 2935 1181 3085 1237; x_wconf 75' lang='grc' dir='ltr'>ὄντα·</span> <span class='ocrx_word' id='word_1_218' title='bbox 3128 1180 3221 1233; x_wconf 76' lang='grc' dir='ltr'><strong>καὶ</strong></span> <span class='ocrx_word' id='word_1_219' title='bbox 3262 1180 3412 1235; x_wconf 82' lang='grc' dir='ltr'>οὐδὲν</span> <span class='ocrx_word' id='word_1_220' title='bbox 3434 1180 3615 1234; x_wconf 79' lang='grc' dir='ltr'>λοιπὸν</span> 
     </span>
    </p>
   </div>
   <div class='ocr_carea' id='block_1_28' title="bbox 2047 1257 3616 1344">
    <p class='ocr_par' dir='ltr' id='par_1_28' title="bbox 2047 1257 3616 1344">
     <span class='ocr_line' id='line_1_28' title="bbox 2047 1257 3616 1344; baseline -0.002 -18"><span class='ocrx_word' id='word_1_221' title='bbox 2047 1273 2201 1344; x_wconf 85' lang='grc' dir='ltr'>ὑμῶν</span> <span class='ocrx_word' id='word_1_222' title='bbox 2229 1273 2471 1343; x_wconf 83' lang='grc' dir='ltr'>ἀσφαλὲς</span> <span class='ocrx_word' id='word_1_223' title='bbox 2502 1274 2624 1327; x_wconf 84' lang='grc' dir='ltr'>οὐδὲ</span> <span class='ocrx_word' id='word_1_224' title='bbox 2672 1257 2889 1344; x_wconf 73' lang='grc' dir='ltr'>ἀληθές.</span> <span class='ocrx_word' id='word_1_225' title='bbox 2919 1272 3056 1326; x_wconf 91' lang='grc' dir='ltr'>Ποία</span> <span class='ocrx_word' id='word_1_226' title='bbox 3107 1271 3215 1343; x_wconf 80' lang='grc' dir='ltr'><strong>γὰρ</strong></span> <span class='ocrx_word' id='word_1_227' title='bbox 3252 1271 3506 1325; x_wconf 86' lang='grc' dir='ltr'><strong>κοινωνία</strong></span> <span class='ocrx_word' id='word_1_228' title='bbox 3527 1289 3616 1340; x_wconf 88' lang='grc' dir='ltr'>γε-</span> 
     </span>
    </p>
   </div>
   <div class='ocr_carea' id='block_1_29' title="bbox 2046 1360 3616 1435">
    <p class='ocr_par' dir='ltr' id='par_1_29' title="bbox 2046 1360 3616 1435">
     <span class='ocr_line' id='line_1_29' title="bbox 2046 1360 3616 1435; baseline -0.003 -19"><span class='ocrx_word' id='word_1_229' title='bbox 2046 1362 2191 1434; x_wconf 87' lang='grc' dir='ltr'>νητῷ</span> <span class='ocrx_word' id='word_1_230' title='bbox 2229 1364 2322 1417; x_wconf 75' lang='grc' dir='ltr'>καὶ</span> <span class='ocrx_word' id='word_1_231' title='bbox 2374 1362 2724 1435; x_wconf 79' lang='grc' dir='ltr'>δημιουργῴς</span> <span class='ocrx_word' id='word_1_232' title='bbox 2768 1364 2841 1416; x_wconf 77' lang='grc' dir='ltr'><strong>’Ἠ</strong></span> <span class='ocrx_word' id='word_1_233' title='bbox 2906 1362 3035 1415; x_wconf 87' lang='grc' dir='ltr'>ποία</span> <span class='ocrx_word' id='word_1_234' title='bbox 3105 1360 3293 1432; x_wconf 78' lang='grc' dir='ltr'><strong>ἑνότης</strong></span> <span class='ocrx_word' id='word_1_235' title='bbox 3327 1363 3440 1424; x_wconf 85' lang='grc' dir='ltr'>τοῖς</span> <span class='ocrx_word' id='word_1_236' title='bbox 3468 1360 3616 1414; x_wconf 84' lang='grc' dir='ltr'>κάτω</span> 
     </span>
    </p>
   </div>
   <div class='ocr_carea' id='block_1_30' title="bbox 2045 1451 3615 1526">
    <p class='ocr_par' dir='ltr' id='par_1_30' title="bbox 2045 1451 3615 1526">
     <span class='ocr_line' id='line_1_30' title="bbox 2045 1451 3615 1526; baseline -0.001 -18"><span class='ocrx_word' id='word_1_237' title='bbox 2045 1455 2306 1526; x_wconf 78' lang='grc' dir='ltr'><strong>κτίσμασι</strong></span> <span class='ocrx_word' id='word_1_238' title='bbox 2385 1456 2479 1517; x_wconf 80' lang='grc' dir='ltr'><strong>καὶ</strong></span> <span class='ocrx_word' id='word_1_239' title='bbox 2537 1455 2618 1523; x_wconf 81' lang='grc' dir='ltr'>τῷ</span> <span class='ocrx_word' id='word_1_240' title='bbox 2672 1455 2846 1509; x_wconf 88' lang='grc' dir='ltr'>ταῦτα</span> <span class='ocrx_word' id='word_1_241' title='bbox 2899 1453 3364 1525; x_wconf 86' lang='grc' dir='ltr'>δημιουργήσαντι</span> <span class='ocrx_word' id='word_1_242' title='bbox 3426 1451 3615 1522; x_wconf 79' lang='grc' dir='ltr'>Λόγῳ;</span> 
     </span>
    </p>
   </div>
   <div class='ocr_carea' id='block_1_31' title="bbox 2045 1544 3616 1617">
    <p class='ocr_par' dir='ltr' id='par_1_31' title="bbox 2045 1544 3616 1617">
     <span class='ocr_line' id='line_1_31' title="bbox 2045 1544 3616 1617; baseline -0.002 -18"><span class='ocrx_word' id='word_1_243' title='bbox 2045 1544 2213 1599; x_wconf 88' lang='grc' dir='ltr'>Τοῦτο</span> <span class='ocrx_word' id='word_1_244' title='bbox 2242 1545 2397 1609; x_wconf 76' lang='grc' dir='ltr'>εἰδὼς</span> <span class='ocrx_word' id='word_1_245' title='bbox 2442 1548 2471 1599; x_wconf 97' lang='lat'><strong>6</strong></span> <span class='ocrx_word' id='word_1_246' title='bbox 2533 1545 2804 1617; x_wconf 84' lang='grc' dir='ltr'>μακάριος</span> <span class='ocrx_word' id='word_1_247' title='bbox 2859 1544 3104 1609; x_wconf 83' lang='grc' dir='ltr'><strong>Παῦλος,</strong></span> <span class='ocrx_word' id='word_1_248' title='bbox 3155 1546 3216 1599; x_wconf 82' lang='grc' dir='ltr'><strong>οὐ</strong></span> <span class='ocrx_word' id='word_1_249' title='bbox 3278 1544 3475 1616; x_wconf 87' lang='grc' dir='ltr'>διαιρεί</span> <span class='ocrx_word' id='word_1_250' title='bbox 3520 1545 3616 1615; x_wconf 85' lang='grc' dir='ltr'>τὴν</span> 
     </span>
    </p>
   </div>
   <div class='ocr_carea' id='block_1_32' title="bbox 2046 1634 3619 1709">
    <p class='ocr_par' dir='ltr' id='par_1_32' title="bbox 2046 1634 3619 1709">
     <span class='ocr_line' id='line_1_32' title="bbox 2046 1634 3619 1709; baseline -0.001 -19"><span class='ocrx_word' id='word_1_251' title='bbox 2046 1636 2271 1709; x_wconf 81' lang='grc' dir='ltr'>Τριάδα,</span> <span class='ocrx_word' id='word_1_252' title='bbox 2298 1636 2485 1708; x_wconf 81' lang='grc' dir='ltr'>ὥσπερ</span> <span class='ocrx_word' id='word_1_253' title='bbox 2515 1638 2692 1708; x_wconf 81' lang='grc' dir='ltr'><strong>ὑμεῖς,</strong></span> <span class='ocrx_word' id='word_1_254' title='bbox 2722 1635 2857 1690; x_wconf 83' lang='grc' dir='ltr'>ἀλλὰ</span> <span class='ocrx_word' id='word_1_255' title='bbox 2903 1636 3002 1707; x_wconf 86' lang='grc' dir='ltr'><strong>τὴν</strong></span> <span class='ocrx_word' id='word_1_256' title='bbox 3048 1636 3276 1707; x_wconf 78' lang='grc' dir='ltr'><strong>ἑνότητα</strong></span> <span class='ocrx_word' id='word_1_257' title='bbox 3313 1635 3517 1706; x_wconf 81' lang='grc' dir='ltr'><strong>ταύτης</strong></span> <span class='ocrx_word' id='word_1_258' title='bbox 3545 1634 3619 1688; x_wconf 89' lang='grc' dir='ltr'>δι-</span> 
     </span>
    </p>
   </div>
   <div class='ocr_carea' id='block_1_33' title="bbox 2045 1725 3675 1799">
    <p class='ocr_par' dir='ltr' id='par_1_33' title="bbox 2045 1725 3675 1799">
     <span class='ocr_line' id='line_1_33' title="bbox 2045 1725 3675 1799; baseline -0.002 -17"><span class='ocrx_word' id='word_1_259' title='bbox 2045 1727 2257 1782; x_wconf 85' lang='grc' dir='ltr'>δάσκων</span> <span class='ocrx_word' id='word_1_260' title='bbox 2284 1727 2488 1799; x_wconf 76' lang='grc' dir='ltr'>ἔγραψε</span> <span class='ocrx_word' id='word_1_261' title='bbox 2530 1726 3012 1798; x_wconf 65' lang='grc' dir='ltr'>Κορινθίοιςιπερὶ</span> <span class='ocrx_word' id='word_1_262' title='bbox 3057 1726 3162 1780; x_wconf 91' lang='grc' dir='ltr'><strong>τῶν</strong></span> <span class='ocrx_word' id='word_1_263' title='bbox 3211 1725 3616 1798; x_wconf 76' lang='grc' dir='ltr'>πνευματικῶν,</span> <span class='ocrx_word' id='word_1_264' title='bbox 3670 1792 3675 1799; x_wconf 28' lang='grc'><strong><em>⁸</em></strong></span> 
     </span>
    </p>
   </div>
   <div class='ocr_carea' id='block_1_34' title="bbox 379 1808 1937 1891">
    <p class='ocr_par' dir='ltr' id='par_1_34' title="bbox 379 1819 1937 1890">
     <span class='ocr_line' id='line_1_34' title="bbox 379 1819 1937 1890; baseline 0 -14"><span class='ocrx_word' id='word_1_265' title='bbox 379 1831 434 1876; x_wconf 84' lang='lat' dir='ltr'><strong>et</strong></span> <span class='ocrx_word' id='word_1_266' title='bbox 466 1822 648 1878; x_wconf 88' lang='lat' dir='ltr'><strong>omnia</strong></span> <span class='ocrx_word' id='word_1_267' title='bbox 677 1822 744 1876; x_wconf 93' lang='lat' dir='ltr'><strong>ad</strong></span> <span class='ocrx_word' id='word_1_268' title='bbox 777 1838 946 1877; x_wconf 86' lang='lat' dir='ltr'><strong>unum</strong></span> <span class='ocrx_word' id='word_1_269' title='bbox 971 1819 1138 1876; x_wconf 89' lang='lat' dir='ltr'><strong>Deum</strong></span> <span class='ocrx_word' id='word_1_270' title='bbox 1162 1820 1377 1876; x_wconf 84' lang='lat' dir='ltr'><strong>Patrem</strong></span> <span class='ocrx_word' id='word_1_271' title='bbox 1404 1830 1659 1890; x_wconf 83' lang='lat' dir='ltr'><strong>tanquam</strong></span> <span class='ocrx_word' id='word_1_272' title='bbox 1687 1821 1753 1876; x_wconf 91' lang='lat' dir='ltr'><strong>ad</strong></span> <span class='ocrx_word' id='word_1_273' title='bbox 1782 1829 1937 1890; x_wconf 88' lang='lat' dir='ltr'><strong>caput</strong></span> 
     </span>
    </p>
   </div>
   <div class='ocr_carea' id='block_1_35' title="bbox 2043 1808 3618 1891">
    <p class='ocr_par' dir='ltr' id='par_1_35' title="bbox 2044 1817 3618 1891">
     <span class='ocr_line' id='line_1_35' title="bbox 2044 1817 3618 1891; baseline -0.002 -17"><span class='ocrx_word' id='word_1_274' title='bbox 2044 1822 2138 1874; x_wconf 82' lang='grc' dir='ltr'><strong>καὶ</strong></span> <span class='ocrx_word' id='word_1_275' title='bbox 2173 1821 2241 1874; x_wconf 81' lang='grc' dir='ltr'>τὰ</span> <span class='ocrx_word' id='word_1_276' title='bbox 2279 1821 2454 1874; x_wconf 86' lang='grc' dir='ltr'>πάντα</span> <span class='ocrx_word' id='word_1_277' title='bbox 2485 1822 2564 1884; x_wconf 83' lang='grc' dir='ltr'>εἰς</span> <span class='ocrx_word' id='word_1_278' title='bbox 2591 1820 2688 1873; x_wconf 73' lang='grc' dir='ltr'><strong>ἕνα</strong></span> <span class='ocrx_word' id='word_1_279' title='bbox 2708 1819 2839 1874; x_wconf 82' lang='grc' dir='ltr'>Θεὸν</span> <span class='ocrx_word' id='word_1_280' title='bbox 2860 1820 2952 1874; x_wconf 79' lang='grc' dir='ltr'><strong>τὸν</strong></span> <span class='ocrx_word' id='word_1_281' title='bbox 2975 1819 3194 1891; x_wconf 79' lang='grc' dir='ltr'>Πατέρα</span> <span class='ocrx_word' id='word_1_282' title='bbox 3222 1817 3618 1887; x_wconf 83' lang='grc' dir='ltr'>ἀνακεφαλαιοῖ</span> 
     </span>
    </p>
   </div>
   <div class='ocr_carea' id='block_1_36' title="bbox 380 1912 1941 1984">
    <p class='ocr_par' dir='ltr' id='par_1_36' title="bbox 380 1912 1941 1984">
     <span class='ocr_line' id='line_1_36' title="bbox 380 1912 1941 1984; baseline -0.001 -17"><span class='ocrx_word' id='word_1_283' title='bbox 380 1915 485 1968; x_wconf 86' lang='lat' dir='ltr'><strong>hoc</strong></span> <span class='ocrx_word' id='word_1_284' title='bbox 510 1923 670 1984; x_wconf 88' lang='lat' dir='ltr'><strong>pacto</strong></span> <span class='ocrx_word' id='word_1_285' title='bbox 690 1913 900 1969; x_wconf 86' lang='lat' dir='ltr'><strong>reducit</strong></span> <span class='ocrx_word' id='word_1_286' title='bbox 923 1932 937 1968; x_wconf 89' lang='lat'><strong>:</strong></span> <span class='ocrx_word' id='word_1_287' title='bbox 968 1933 986 1965; x_wconf 78' lang='grc' dir='ltr'><strong>ι</strong></span> <span class='ocrx_word' id='word_1_288' title='bbox 1010 1912 1308 1969; x_wconf 89' lang='lat' dir='ltr'><strong>Divisiones</strong></span> <span class='ocrx_word' id='word_1_289' title='bbox 1329 1929 1463 1968; x_wconf 88' lang='lat' dir='ltr'><strong>vero</strong></span> <span class='ocrx_word' id='word_1_290' title='bbox 1483 1913 1777 1984; x_wconf 74' lang='lat' dir='ltr'><strong>gratiarum</strong></span> <span class='ocrx_word' id='word_1_291' title='bbox 1795 1922 1941 1977; x_wconf 86' lang='lat' dir='ltr'><strong>sunt,</strong></span> 
     </span>
    </p>
   </div>
   <div class='ocr_carea' id='block_1_37' title="bbox 379 2003 1943 2074">
    <p class='ocr_par' dir='ltr' id='par_1_37' title="bbox 379 2003 1943 2074">
     <span class='ocr_line' id='line_1_37' title="bbox 379 2003 1943 2074; baseline -0.002 -15"><span class='ocrx_word' id='word_1_292' title='bbox 379 2006 519 2060; x_wconf 89' lang='lat' dir='ltr'><strong>i.lem</strong></span> <span class='ocrx_word' id='word_1_293' title='bbox 544 2014 723 2061; x_wconf 89' lang='lat' dir='ltr'><strong>autem</strong></span> <span class='ocrx_word' id='word_1_294' title='bbox 757 2003 990 2074; x_wconf 87' lang='lat' dir='ltr'><strong>Spiritus</strong></span> <span class='ocrx_word' id='word_1_295' title='bbox 1021 2021 1037 2059; x_wconf 89' lang='lat'><strong>:</strong></span> <span class='ocrx_word' id='word_1_296' title='bbox 1076 2013 1130 2059; x_wconf 90' lang='lat' dir='ltr'><strong>et</strong></span> <span class='ocrx_word' id='word_1_297' title='bbox 1156 2004 1453 2060; x_wconf 74' lang='lat' dir='ltr'><strong>divisiones</strong></span> <span class='ocrx_word' id='word_1_298' title='bbox 1487 2003 1943 2059; x_wconf 86' lang='lat' dir='ltr'><strong>ministrationum</strong></span> 
     </span>
    </p>
   </div>
   <div class='ocr_carea' id='block_1_38' title="bbox 380 2096 1942 2166">
    <p class='ocr_par' dir='ltr' id='par_1_38' title="bbox 380 2096 1942 2166">
     <span class='ocr_line' id='line_1_38' title="bbox 380 2096 1942 2166; baseline -0.001 -16"><span class='ocrx_word' id='word_1_299' title='bbox 380 2105 530 2166; x_wconf 88' lang='lat' dir='ltr'><strong>sunt,</strong></span> <span class='ocrx_word' id='word_1_300' title='bbox 556 2097 694 2153; x_wconf 88' lang='lat' dir='ltr'><strong>idem</strong></span> <span class='ocrx_word' id='word_1_301' title='bbox 720 2106 901 2154; x_wconf 88' lang='lat' dir='ltr'><strong>autem</strong></span> <span class='ocrx_word' id='word_1_302' title='bbox 923 2097 1185 2155; x_wconf 88' lang='lat' dir='ltr'><strong>Dominus</strong></span> <span class='ocrx_word' id='word_1_303' title='bbox 1216 2115 1229 2151; x_wconf 92' lang='lat'><strong>:</strong></span> <span class='ocrx_word' id='word_1_304' title='bbox 1266 2106 1320 2151; x_wconf 90' lang='lat' dir='ltr'><strong>et</strong></span> <span class='ocrx_word' id='word_1_305' title='bbox 1350 2096 1646 2151; x_wconf 89' lang='lat' dir='ltr'><strong>divisiones</strong></span> <span class='ocrx_word' id='word_1_306' title='bbox 1674 2097 1942 2165; x_wconf 89' lang='lat' dir='ltr'><strong>operatio-</strong></span> 
     </span>
    </p>
   </div>
   <div class='ocr_carea' id='block_1_39' title="bbox 378 2188 1942 2258">
    <p class='ocr_par' dir='ltr' id='par_1_39' title="bbox 378 2188 1942 2258">
     <span class='ocr_line' id='line_1_39' title="bbox 378 2188 1942 2258; baseline -0.001 -15"><span class='ocrx_word' id='word_1_307' title='bbox 378 2204 508 2243; x_wconf 88' lang='lat' dir='ltr'><strong>num</strong></span> <span class='ocrx_word' id='word_1_308' title='bbox 549 2196 695 2253; x_wconf 88' lang='lat' dir='ltr'><strong>sunt,</strong></span> <span class='ocrx_word' id='word_1_309' title='bbox 721 2188 860 2244; x_wconf 89' lang='lat' dir='ltr'><strong>idem</strong></span> <span class='ocrx_word' id='word_1_310' title='bbox 894 2204 1022 2243; x_wconf 92' lang='lat' dir='ltr'><strong>vero</strong></span> <span class='ocrx_word' id='word_1_311' title='bbox 1053 2189 1214 2253; x_wconf 85' lang='lat' dir='ltr'><strong>Deus,</strong></span> <span class='ocrx_word' id='word_1_312' title='bbox 1246 2188 1338 2258; x_wconf 88' lang='lat' dir='ltr'><strong>qui</strong></span> <span class='ocrx_word' id='word_1_313' title='bbox 1383 2198 1640 2257; x_wconf 84' lang='lat' dir='ltr'><strong>operatur</strong></span> <span class='ocrx_word' id='word_1_314' title='bbox 1671 2189 1851 2247; x_wconf 91' lang='lat' dir='ltr'><strong>omnia</strong></span> <span class='ocrx_word' id='word_1_315' title='bbox 1886 2189 1942 2243; x_wconf 93' lang='lat' dir='ltr'><strong>in</strong></span> 
     </span>
    </p>
   </div>
   <div class='ocr_carea' id='block_1_40' title="bbox 377 2278 1941 2351">
    <p class='ocr_par' dir='ltr' id='par_1_40' title="bbox 377 2278 1941 2351">
     <span class='ocr_line' id='line_1_40' title="bbox 377 2278 1941 2351; baseline 0.002 -19"><span class='ocrx_word' id='word_1_316' title='bbox 377 2278 632 2333; x_wconf 82' lang='lat' dir='ltr'><strong>omnibus</strong></span> <span class='ocrx_word' id='word_1_317' title='bbox 655 2279 722 2333; x_wconf 81' lang='grc'><strong>⁸⁷.</strong></span> <span class='ocrx_word' id='word_1_318' title='bbox 757 2297 775 2330; x_wconf 72' lang='grc' dir='ltr'><strong>ι</strong></span> <span class='ocrx_word' id='word_1_319' title='bbox 798 2278 929 2345; x_wconf 66' lang='lat' dir='ltr'><strong>Quae</strong></span> <span class='ocrx_word' id='word_1_320' title='bbox 950 2280 1093 2337; x_wconf 85' lang='lat' dir='ltr'><strong>enim</strong></span> <span class='ocrx_word' id='word_1_321' title='bbox 1130 2279 1364 2351; x_wconf 86' lang='lat' dir='ltr'><strong>Spiritus</strong></span> <span class='ocrx_word' id='word_1_322' title='bbox 1393 2281 1623 2351; x_wconf 78' lang='lat' dir='ltr'><strong>singulis</strong></span> <span class='ocrx_word' id='word_1_323' title='bbox 1645 2281 1941 2344; x_wconf 88' lang='lat' dir='ltr'><strong>distribuit,</strong></span> 
     </span>
    </p>
   </div>
   <div class='ocr_carea' id='block_1_41' title="bbox 376 2365 1942 2440">
    <p class='ocr_par' dir='ltr' id='par_1_41' title="bbox 376 2365 1942 2440">
     <span class='ocr_line' id='line_1_41' title="bbox 376 2365 1942 2440; baseline 0.003 -19"><span class='ocrx_word' id='word_1_324' title='bbox 376 2383 438 2421; x_wconf 86' lang='lat' dir='ltr'><strong>ca</strong></span> <span class='ocrx_word' id='word_1_325' title='bbox 462 2382 492 2422; x_wconf 91' lang='lat' dir='ltr'><strong>a</strong></span> <span class='ocrx_word' id='word_1_326' title='bbox 516 2365 672 2423; x_wconf 80' lang='lat' dir='ltr'><strong>Patre</strong></span> <span class='ocrx_word' id='word_1_327' title='bbox 700 2383 793 2438; x_wconf 88' lang='lat' dir='ltr'><strong>per</strong></span> <span class='ocrx_word' id='word_1_328' title='bbox 821 2366 1055 2427; x_wconf 85' lang='lat' dir='ltr'><strong>Verbum</strong></span> <span class='ocrx_word' id='word_1_329' title='bbox 1082 2369 1298 2427; x_wconf 88' lang='lat' dir='ltr'><strong>dantur.</strong></span> <span class='ocrx_word' id='word_1_330' title='bbox 1327 2369 1461 2425; x_wconf 84' lang='lat' dir='ltr'><strong>Nam</strong></span> <span class='ocrx_word' id='word_1_331' title='bbox 1493 2371 1673 2425; x_wconf 84' lang='lat' dir='ltr'><strong>omnia</strong></span> <span class='ocrx_word' id='word_1_332' title='bbox 1703 2387 1825 2440; x_wconf 70' lang='lat' dir='ltr'><strong>qua:</strong></span> <span class='ocrx_word' id='word_1_333' title='bbox 1842 2370 1942 2426; x_wconf 82' lang='lat' dir='ltr'><strong>Pa-</strong></span> 
     </span>
    </p>
   </div>
   <div class='ocr_carea' id='block_1_42' title="bbox 378 2459 1938 2531">
    <p class='ocr_par' dir='ltr' id='par_1_42' title="bbox 378 2459 1938 2531">
     <span class='ocr_line' id='line_1_42' title="bbox 378 2459 1938 2531; baseline 0.002 -17"><span class='ocrx_word' id='word_1_334' title='bbox 378 2461 476 2516; x_wconf 90' lang='lat' dir='ltr'><strong>tris</strong></span> <span class='ocrx_word' id='word_1_335' title='bbox 499 2469 646 2525; x_wconf 83' lang='lat' dir='ltr'><strong>suut,</strong></span> <span class='ocrx_word' id='word_1_336' title='bbox 670 2469 799 2517; x_wconf 87' lang='lat' dir='ltr'><strong>sunt</strong></span> <span class='ocrx_word' id='word_1_337' title='bbox 842 2461 969 2516; x_wconf 83' lang='lat' dir='ltr'><strong>item</strong></span> <span class='ocrx_word' id='word_1_338' title='bbox 1008 2459 1130 2516; x_wconf 84' lang='lat' dir='ltr'><strong>Filii</strong></span> <span class='ocrx_word' id='word_1_339' title='bbox 1159 2480 1174 2516; x_wconf 90' lang='lat'><strong>:</strong></span> <span class='ocrx_word' id='word_1_340' title='bbox 1215 2462 1357 2517; x_wconf 91' lang='lat' dir='ltr'><strong>unde</strong></span> <span class='ocrx_word' id='word_1_341' title='bbox 1394 2478 1458 2517; x_wconf 91' lang='lat' dir='ltr'><strong>ea</strong></span> <span class='ocrx_word' id='word_1_342' title='bbox 1488 2477 1609 2531; x_wconf 76' lang='lat' dir='ltr'><strong>quae</strong></span> <span class='ocrx_word' id='word_1_343' title='bbox 1638 2478 1668 2517; x_wconf 88' lang='lat' dir='ltr'><strong>a</strong></span> <span class='ocrx_word' id='word_1_344' title='bbox 1698 2460 1839 2516; x_wconf 89' lang='lat' dir='ltr'><strong>Filio</strong></span> <span class='ocrx_word' id='word_1_345' title='bbox 1882 2462 1938 2517; x_wconf 91' lang='lat' dir='ltr'><strong>in</strong></span> 
     </span>
    </p>
   </div>
   <div class='ocr_carea' id='block_1_43' title="bbox 375 2553 1941 2624">
    <p class='ocr_par' dir='ltr' id='par_1_43' title="bbox 375 2553 1941 2624">
     <span class='ocr_line' id='line_1_43' title="bbox 375 2553 1941 2624; baseline -0.001 -16"><span class='ocrx_word' id='word_1_346' title='bbox 375 2554 579 2624; x_wconf 86' lang='lat' dir='ltr'><strong>Spiritu</strong></span> <span class='ocrx_word' id='word_1_347' title='bbox 613 2554 830 2621; x_wconf 88' lang='lat' dir='ltr'><strong>dantur,</strong></span> <span class='ocrx_word' id='word_1_348' title='bbox 864 2569 986 2609; x_wconf 88' lang='lat' dir='ltr'><strong>vera</strong></span> <span class='ocrx_word' id='word_1_349' title='bbox 1016 2562 1144 2611; x_wconf 87' lang='lat' dir='ltr'><strong>sunt</strong></span> <span class='ocrx_word' id='word_1_350' title='bbox 1172 2553 1351 2609; x_wconf 89' lang='lat' dir='ltr'><strong>Patris</strong></span> <span class='ocrx_word' id='word_1_351' title='bbox 1390 2567 1638 2608; x_wconf 87' lang='lat' dir='ltr'><strong>munera.</strong></span> <span class='ocrx_word' id='word_1_352' title='bbox 1678 2553 1941 2608; x_wconf 81' lang='lat' dir='ltr'><strong>Similiter</strong></span> 
     </span>
    </p>
   </div>
   <div class='ocr_carea' id='block_1_44' title="bbox 373 2645 1940 2718">
    <p class='ocr_par' dir='ltr' id='par_1_44' title="bbox 373 2645 1940 2718">
     <span class='ocr_line' id='line_1_44' title="bbox 373 2645 1940 2718; baseline 0.001 -19"><span class='ocrx_word' id='word_1_353' title='bbox 373 2662 495 2700; x_wconf 85' lang='lat' dir='ltr'><strong>cum</strong></span> <span class='ocrx_word' id='word_1_354' title='bbox 528 2645 768 2718; x_wconf 88' lang='lat' dir='ltr'><strong>Spiritus</strong></span> <span class='ocrx_word' id='word_1_355' title='bbox 797 2648 849 2701; x_wconf 92' lang='lat' dir='ltr'><strong>iu</strong></span> <span class='ocrx_word' id='word_1_356' title='bbox 885 2647 1039 2702; x_wconf 88' lang='lat' dir='ltr'><strong>nobis</strong></span> <span class='ocrx_word' id='word_1_357' title='bbox 1067 2654 1171 2713; x_wconf 85' lang='lat' dir='ltr'><strong>est,</strong></span> <span class='ocrx_word' id='word_1_358' title='bbox 1201 2648 1458 2709; x_wconf 86' lang='lat' dir='ltr'><strong>Verbum,</strong></span> <span class='ocrx_word' id='word_1_359' title='bbox 1480 2661 1517 2701; x_wconf 74' lang='lat' dir='ltr'><strong>.a</strong></span> <span class='ocrx_word' id='word_1_360' title='bbox 1541 2660 1651 2715; x_wconf 91' lang='lat' dir='ltr'><strong>quo</strong></span> <span class='ocrx_word' id='word_1_361' title='bbox 1675 2646 1825 2701; x_wconf 90' lang='lat' dir='ltr'><strong>illum</strong></span> <span class='ocrx_word' id='word_1_362' title='bbox 1849 2661 1940 2701; x_wconf 88' lang='lat' dir='ltr'><strong>ae-</strong></span> 
     </span>
    </p>
   </div>
   <div class='ocr_carea' id='block_1_45' title="bbox 372 2737 1939 2808">
    <p class='ocr_par' dir='ltr' id='par_1_45' title="bbox 372 2737 1939 2808">
     <span class='ocr_line' id='line_1_45' title="bbox 372 2737 1939 2808; baseline -0.001 -15"><span class='ocrx_word' id='word_1_363' title='bbox 372 2738 629 2808; x_wconf 68' lang='lat' dir='ltr'><strong>cipimus,</strong></span> <span class='ocrx_word' id='word_1_364' title='bbox 649 2738 703 2793; x_wconf 91' lang='lat' dir='ltr'><strong>in</strong></span> <span class='ocrx_word' id='word_1_365' title='bbox 737 2739 895 2794; x_wconf 86' lang='lat' dir='ltr'><strong>nobis</strong></span> <span class='ocrx_word' id='word_1_366' title='bbox 916 2741 1076 2793; x_wconf 89' lang='lat' dir='ltr'><strong>etiam</strong></span> <span class='ocrx_word' id='word_1_367' title='bbox 1104 2749 1205 2803; x_wconf 90' lang='lat' dir='ltr'><strong>est,</strong></span> <span class='ocrx_word' id='word_1_368' title='bbox 1233 2748 1288 2794; x_wconf 87' lang='lat' dir='ltr'><strong>et</strong></span> <span class='ocrx_word' id='word_1_369' title='bbox 1320 2740 1373 2793; x_wconf 94' lang='lat' dir='ltr'><strong>in</strong></span> <span class='ocrx_word' id='word_1_370' title='bbox 1408 2737 1585 2794; x_wconf 87' lang='lat' dir='ltr'><strong>Verbo</strong></span> <span class='ocrx_word' id='word_1_371' title='bbox 1608 2747 1692 2794; x_wconf 89' lang='lat' dir='ltr'><strong>est</strong></span> <span class='ocrx_word' id='word_1_372' title='bbox 1719 2753 1939 2808; x_wconf 89' lang='lat' dir='ltr'><strong>quoque</strong></span> 
     </span>
    </p>
   </div>
   <div class='ocr_carea' id='block_1_46' title="bbox 369 2828 1935 2902">
    <p class='ocr_par' dir='ltr' id='par_1_46' title="bbox 369 2828 1935 2902">
     <span class='ocr_line' id='line_1_46' title="bbox 369 2828 1935 2902; baseline 0 -17"><span class='ocrx_word' id='word_1_373' title='bbox 369 2828 550 2895; x_wconf 84' lang='lat' dir='ltr'><strong>Pater,</strong></span> <span class='ocrx_word' id='word_1_374' title='bbox 572 2840 736 2902; x_wconf 87' lang='lat' dir='ltr'><strong>atque</strong></span> <span class='ocrx_word' id='word_1_375' title='bbox 768 2832 843 2886; x_wconf 87' lang='lat' dir='ltr'><strong>ita</strong></span> <span class='ocrx_word' id='word_1_376' title='bbox 873 2833 934 2885; x_wconf 84' lang='lat' dir='ltr'><strong>ﬁt</strong></span> <span class='ocrx_word' id='word_1_377' title='bbox 963 2833 1106 2887; x_wconf 90' lang='lat' dir='ltr'><strong>istud</strong></span> <span class='ocrx_word' id='word_1_378' title='bbox 1130 2848 1145 2883; x_wconf 89' lang='lat'><strong>:</strong></span> <span class='ocrx_word' id='word_1_379' title='bbox 1184 2850 1203 2883; x_wconf 76' lang='grc' dir='ltr'><strong>ι</strong></span> <span class='ocrx_word' id='word_1_380' title='bbox 1224 2830 1517 2887; x_wconf 86' lang='lat' dir='ltr'><strong>Veniemus</strong></span> <span class='ocrx_word' id='word_1_381' title='bbox 1543 2846 1644 2901; x_wconf 79' lang='lat' dir='ltr'><strong>ego</strong></span> <span class='ocrx_word' id='word_1_382' title='bbox 1678 2840 1732 2885; x_wconf 90' lang='lat' dir='ltr'><strong>et</strong></span> <span class='ocrx_word' id='word_1_383' title='bbox 1754 2829 1935 2897; x_wconf 89' lang='lat' dir='ltr'><strong>Pater,</strong></span> 
     </span>
    </p>
   </div>
   <div class='ocr_carea' id='block_1_47' title="bbox 370 2920 1938 2993">
    <p class='ocr_par' dir='ltr' id='par_1_47' title="bbox 370 2920 1938 2993">
     <span class='ocr_line' id='line_1_47' title="bbox 370 2920 1938 2993; baseline 0.001 -19"><span class='ocrx_word' id='word_1_384' title='bbox 370 2928 426 2974; x_wconf 87' lang='lat' dir='ltr'><strong>et</strong></span> <span class='ocrx_word' id='word_1_385' title='bbox 457 2920 792 2977; x_wconf 79' lang='lat' dir='ltr'><strong>mansionem</strong></span> <span class='ocrx_word' id='word_1_386' title='bbox 823 2921 965 2993; x_wconf 88' lang='lat' dir='ltr'><strong>apud</strong></span> <span class='ocrx_word' id='word_1_387' title='bbox 1007 2937 1131 2976; x_wconf 88' lang='lat' dir='ltr'><strong>eum</strong></span> <span class='ocrx_word' id='word_1_388' title='bbox 1174 2921 1439 2979; x_wconf 78' lang='lat' dir='ltr'><strong>faciemus</strong></span> <span class='ocrx_word' id='word_1_389' title='bbox 1454 2923 1522 2988; x_wconf 82' lang='grc'><strong>⁸⁸,</strong></span> <span class='ocrx_word' id='word_1_390' title='bbox 1550 2941 1571 2975; x_wconf 83' lang='grc'><strong><em>›</em></strong></span> <span class='ocrx_word' id='word_1_391' title='bbox 1615 2923 1691 2978; x_wconf 90' lang='lat' dir='ltr'><strong>uti</strong></span> <span class='ocrx_word' id='word_1_392' title='bbox 1716 2923 1829 2992; x_wconf 84' lang='lat' dir='ltr'><strong>jam</strong></span> <span class='ocrx_word' id='word_1_393' title='bbox 1853 2922 1938 2979; x_wconf 86' lang='lat' dir='ltr'><strong>di-</strong></span> 
     </span>
    </p>
   </div>
   <div class='ocr_carea' id='block_1_48' title="bbox 370 3011 1936 3088">
    <p class='ocr_par' dir='ltr' id='par_1_48' title="bbox 370 3011 1936 3088">
     <span class='ocr_line' id='line_1_48' title="bbox 370 3011 1936 3088; baseline 0.004 -22"><span class='ocrx_word' id='word_1_394' title='bbox 370 3020 518 3066; x_wconf 78' lang='lat' dir='ltr'><strong>ctum</strong></span> <span class='ocrx_word' id='word_1_395' title='bbox 549 3020 649 3067; x_wconf 85' lang='lat' dir='ltr'><strong>est.</strong></span> <span class='ocrx_word' id='word_1_396' title='bbox 682 3011 781 3068; x_wconf 89' lang='lat' dir='ltr'><strong>Ubi</strong></span> <span class='ocrx_word' id='word_1_397' title='bbox 810 3014 954 3069; x_wconf 91' lang='lat' dir='ltr'><strong>enim</strong></span> <span class='ocrx_word' id='word_1_398' title='bbox 993 3015 1083 3069; x_wconf 83' lang='lat' dir='ltr'><strong>lux</strong></span> <span class='ocrx_word' id='word_1_399' title='bbox 1111 3024 1215 3075; x_wconf 90' lang='lat' dir='ltr'><strong>est.</strong></span> <span class='ocrx_word' id='word_1_400' title='bbox 1234 3015 1344 3071; x_wconf 90' lang='lat' dir='ltr'><strong>illic</strong></span> <span class='ocrx_word' id='word_1_401' title='bbox 1365 3024 1419 3070; x_wconf 87' lang='lat' dir='ltr'><strong>et</strong></span> <span class='ocrx_word' id='word_1_402' title='bbox 1442 3016 1699 3085; x_wconf 86' lang='lat' dir='ltr'><strong>splendor</strong></span> <span class='ocrx_word' id='word_1_403' title='bbox 1719 3032 1936 3088; x_wconf 88' lang='lat' dir='ltr'><strong>quoque</strong></span> 
     </span>
    </p>
   </div>
   <div class='ocr_carea' id='block_1_49' title="bbox 370 3105 1936 3178">
    <p class='ocr_par' dir='ltr' id='par_1_49' title="bbox 370 3105 1936 3178">
     <span class='ocr_line' id='line_1_49' title="bbox 370 3105 1936 3178; baseline 0.004 -20"><span class='ocrx_word' id='word_1_404' title='bbox 370 3112 493 3158; x_wconf 88' lang='lat' dir='ltr'><strong>est:</strong></span> <span class='ocrx_word' id='word_1_405' title='bbox 526 3105 615 3159; x_wconf 88' lang='lat' dir='ltr'><strong>ubi</strong></span> <span class='ocrx_word' id='word_1_406' title='bbox 641 3106 769 3160; x_wconf 88' lang='lat' dir='ltr'><strong>item</strong></span> <span class='ocrx_word' id='word_1_407' title='bbox 805 3106 1058 3175; x_wconf 82' lang='lat' dir='ltr'><strong>splendor</strong></span> <span class='ocrx_word' id='word_1_408' title='bbox 1091 3117 1195 3172; x_wconf 87' lang='lat' dir='ltr'><strong>est,</strong></span> <span class='ocrx_word' id='word_1_409' title='bbox 1226 3108 1299 3163; x_wconf 90' lang='lat' dir='ltr'><strong>ibi</strong></span> <span class='ocrx_word' id='word_1_410' title='bbox 1334 3109 1586 3165; x_wconf 89' lang='lat' dir='ltr'><strong>similiter</strong></span> <span class='ocrx_word' id='word_1_411' title='bbox 1605 3118 1658 3163; x_wconf 92' lang='lat' dir='ltr'><strong>et</strong></span> <span class='ocrx_word' id='word_1_412' title='bbox 1681 3110 1800 3178; x_wconf 87' lang='lat' dir='ltr'><strong>ejus</strong></span> <span class='ocrx_word' id='word_1_413' title='bbox 1823 3109 1936 3164; x_wconf 84' lang='lat' dir='ltr'><strong>clli-</strong></span> 
     </span>
    </p>
   </div>
   <div class='ocr_carea' id='block_1_50' title="bbox 2042 1907 3621 1984">
    <p class='ocr_par' dir='ltr' id='par_1_50' title="bbox 2042 1907 3621 1984">
     <span class='ocr_line' id='line_1_50' title="bbox 2042 1907 3621 1984; baseline -0.003 -19"><span class='ocrx_word' id='word_1_414' title='bbox 2042 1911 2237 1983; x_wconf 82' lang='grc' dir='ltr'>λέγων’</span> <span class='ocrx_word' id='word_1_415' title='bbox 2267 1931 2284 1964; x_wconf 76' lang='grc' dir='ltr'><strong>ι</strong></span> <span class='ocrx_word' id='word_1_416' title='bbox 2325 1911 2627 1984; x_wconf 75' lang='grc' dir='ltr'>Διαιρέσεις</span> <span class='ocrx_word' id='word_1_417' title='bbox 2654 1911 2710 1965; x_wconf 82' lang='grc' dir='ltr'>δὲ</span> <span class='ocrx_word' id='word_1_418' title='bbox 2749 1910 3103 1982; x_wconf 83' lang='grc' dir='ltr'>χαρισμάτων</span> <span class='ocrx_word' id='word_1_419' title='bbox 3136 1909 3261 1972; x_wconf 77' lang='grc' dir='ltr'>εἰσὶ,</span> <span class='ocrx_word' id='word_1_420' title='bbox 3291 1908 3352 1961; x_wconf 81' lang='grc' dir='ltr'><strong>τὸ</strong></span> <span class='ocrx_word' id='word_1_421' title='bbox 3378 1907 3435 1962; x_wconf 81' lang='grc' dir='ltr'>δὲ</span> <span class='ocrx_word' id='word_1_422' title='bbox 3486 1908 3621 1961; x_wconf 70' lang='grc' dir='ltr'>αὐτί-</span> 
     </span>
    </p>
   </div>
   <div class='ocr_carea' id='block_1_51' title="bbox 2041 1999 3619 2075">
    <p class='ocr_par' dir='ltr' id='par_1_51' title="bbox 2041 1999 3619 2075">
     <span class='ocr_line' id='line_1_51' title="bbox 2041 1999 3619 2075; baseline -0.003 -17"><span class='ocrx_word' id='word_1_423' title='bbox 2041 2002 2285 2075; x_wconf 81' lang='grc' dir='ltr'>Πνεῦμα·</span> <span class='ocrx_word' id='word_1_424' title='bbox 2319 2004 2413 2058; x_wconf 67' lang='grc' dir='ltr'>κα).</span> <span class='ocrx_word' id='word_1_425' title='bbox 2449 2003 2741 2074; x_wconf 79' lang='grc' dir='ltr'>διαιρέσεις</span> <span class='ocrx_word' id='word_1_426' title='bbox 2778 2000 3060 2056; x_wconf 84' lang='grc' dir='ltr'>διακονιῶν</span> <span class='ocrx_word' id='word_1_427' title='bbox 3122 2002 3279 2063; x_wconf 87' lang='grc' dir='ltr'>εἰσιν,</span> <span class='ocrx_word' id='word_1_428' title='bbox 3302 2002 3330 2054; x_wconf 89' lang='grc' dir='ltr'>ὁ</span> <span class='ocrx_word' id='word_1_429' title='bbox 3363 2000 3420 2053; x_wconf 80' lang='grc' dir='ltr'>δὲ</span> <span class='ocrx_word' id='word_1_430' title='bbox 3452 1999 3619 2063; x_wconf 78' lang='grc' dir='ltr'>αὐτὸς</span> 
     </span>
    </p>
   </div>
   <div class='ocr_carea' id='block_1_52' title="bbox 2041 2091 3620 2167">
    <p class='ocr_par' dir='ltr' id='par_1_52' title="bbox 2041 2091 3620 2167">
     <span class='ocr_line' id='line_1_52' title="bbox 2041 2091 3620 2167; baseline -0.004 -16"><span class='ocrx_word' id='word_1_431' title='bbox 2041 2096 2244 2167; x_wconf 86' lang='grc' dir='ltr'>Κύριος</span> <span class='ocrx_word' id='word_1_432' title='bbox 2279 2095 2411 2165; x_wconf 55' lang='grc'>(65)</span> <span class='ocrx_word' id='word_1_433' title='bbox 2442 2096 2534 2149; x_wconf 78' lang='grc' dir='ltr'><strong>καὶ</strong></span> <span class='ocrx_word' id='word_1_434' title='bbox 2583 2094 2876 2167; x_wconf 81' lang='grc' dir='ltr'>διαιρέσεις</span> <span class='ocrx_word' id='word_1_435' title='bbox 2909 2091 3471 2165; x_wconf 75' lang='grc' dir='ltr'>ὲνεργημὰτωνείσὶν,</span> <span class='ocrx_word' id='word_1_436' title='bbox 3565 2092 3620 2145; x_wconf 79' lang='grc' dir='ltr'>δὲ</span> 
     </span>
    </p>
   </div>
   <div class='ocr_carea' id='block_1_53' title="bbox 2040 2183 3623 2259">
    <p class='ocr_par' dir='ltr' id='par_1_53' title="bbox 2040 2183 3623 2259">
     <span class='ocr_line' id='line_1_53' title="bbox 2040 2183 3623 2259; baseline -0.001 -18"><span class='ocrx_word' id='word_1_437' title='bbox 2040 2188 2201 2252; x_wconf 84' lang='grc' dir='ltr'>αὐτὸς</span> <span class='ocrx_word' id='word_1_438' title='bbox 2230 2187 2361 2251; x_wconf 81' lang='grc' dir='ltr'>Θεὸς</span> <span class='ocrx_word' id='word_1_439' title='bbox 2384 2188 2413 2241; x_wconf 91' lang='lat'><strong>6</strong></span> <span class='ocrx_word' id='word_1_440' title='bbox 2436 2186 2671 2259; x_wconf 78' lang='grc' dir='ltr'>ἐνεργῶν</span> <span class='ocrx_word' id='word_1_441' title='bbox 2709 2185 2778 2239; x_wconf 82' lang='grc' dir='ltr'>τὰ</span> <span class='ocrx_word' id='word_1_442' title='bbox 2818 2186 2996 2240; x_wconf 82' lang='grc' dir='ltr'>πάντα</span> <span class='ocrx_word' id='word_1_443' title='bbox 3023 2187 3081 2241; x_wconf 76' lang='grc' dir='ltr'>ὲν</span> <span class='ocrx_word' id='word_1_444' title='bbox 3142 2185 3324 2239; x_wconf 83' lang='grc' dir='ltr'>πᾶσιν.</span> <span class='ocrx_word' id='word_1_445' title='bbox 3350 2203 3370 2237; x_wconf 83' lang='grc'><strong><em>›</em></strong></span> <span class='ocrx_word' id='word_1_446' title='bbox 3410 2185 3477 2237; x_wconf 82' lang='grc' dir='ltr'>Ἃ</span> <span class='ocrx_word' id='word_1_447' title='bbox 3514 2183 3623 2257; x_wconf 86' lang='grc' dir='ltr'>γὰρ</span> 
     </span>
    </p>
   </div>
   <div class='ocr_carea' id='block_1_54' title="bbox 2040 2277 3618 2352">
    <p class='ocr_par' dir='ltr' id='par_1_54' title="bbox 2040 2277 3618 2352">
     <span class='ocr_line' id='line_1_54' title="bbox 2040 2277 3618 2352; baseline -0.002 -18"><span class='ocrx_word' id='word_1_448' title='bbox 2040 2280 2099 2334; x_wconf 86' lang='grc' dir='ltr'><strong>τὸ</strong></span> <span class='ocrx_word' id='word_1_449' title='bbox 2127 2278 2351 2350; x_wconf 83' lang='grc' dir='ltr'>Πνεῦμα</span> <span class='ocrx_word' id='word_1_450' title='bbox 2372 2279 2587 2351; x_wconf 76' lang='grc' dir='ltr'>ἑκάστῳ</span> <span class='ocrx_word' id='word_1_451' title='bbox 2614 2279 2829 2352; x_wconf 82' lang='grc' dir='ltr'>διαιρεῖ,</span> <span class='ocrx_word' id='word_1_452' title='bbox 2860 2278 3032 2333; x_wconf 87' lang='grc' dir='ltr'>ταῦτα</span> <span class='ocrx_word' id='word_1_453' title='bbox 3082 2278 3233 2350; x_wconf 82' lang='grc' dir='ltr'>παρὰ</span> <span class='ocrx_word' id='word_1_454' title='bbox 3260 2277 3353 2331; x_wconf 90' lang='grc' dir='ltr'><strong>τοῦ</strong></span> <span class='ocrx_word' id='word_1_455' title='bbox 3402 2278 3618 2351; x_wconf 77' lang='grc' dir='ltr'>Πατρὸς</span> 
     </span>
    </p>
   </div>
   <div class='ocr_carea' id='block_1_55' title="bbox 2038 2368 3618 2444">
    <p class='ocr_par' dir='ltr' id='par_1_55' title="bbox 2038 2368 3618 2444">
     <span class='ocr_line' id='line_1_55' title="bbox 2038 2368 3618 2444; baseline 0.001 -18"><span class='ocrx_word' id='word_1_456' title='bbox 2038 2371 2127 2426; x_wconf 81' lang='grc' dir='ltr'>διὰ</span> <span class='ocrx_word' id='word_1_457' title='bbox 2153 2371 2246 2426; x_wconf 87' lang='grc' dir='ltr'><strong>τοῦ</strong></span> <span class='ocrx_word' id='word_1_458' title='bbox 2274 2371 2447 2440; x_wconf 86' lang='grc' dir='ltr'>Λόγου</span> <span class='ocrx_word' id='word_1_459' title='bbox 2476 2373 2812 2443; x_wconf 83' lang='grc' dir='ltr'>χορηγείται.</span> <span class='ocrx_word' id='word_1_460' title='bbox 2844 2371 3029 2437; x_wconf 79' lang='grc' dir='ltr'>Πάντα</span> <span class='ocrx_word' id='word_1_461' title='bbox 3082 2370 3191 2444; x_wconf 80' lang='grc' dir='ltr'><strong>γὰρ</strong></span> <span class='ocrx_word' id='word_1_462' title='bbox 3233 2369 3303 2424; x_wconf 82' lang='grc' dir='ltr'>τὰ</span> <span class='ocrx_word' id='word_1_463' title='bbox 3353 2368 3451 2423; x_wconf 86' lang='grc' dir='ltr'><strong>τοῦ</strong></span> <span class='ocrx_word' id='word_1_464' title='bbox 3505 2372 3618 2427; x_wconf 86' lang='grc' dir='ltr'>Πα-</span> 
     </span>
    </p>
   </div>
   <div class='ocr_carea' id='block_1_56' title="bbox 2037 2463 3617 2536">
    <p class='ocr_par' dir='ltr' id='par_1_56' title="bbox 2037 2463 3617 2536">
     <span class='ocr_line' id='line_1_56' title="bbox 2037 2463 3617 2536; baseline 0.001 -20"><span class='ocrx_word' id='word_1_465' title='bbox 2037 2463 2187 2534; x_wconf 67' lang='grc' dir='ltr'>τρδς,</span> <span class='ocrx_word' id='word_1_466' title='bbox 2221 2463 2314 2517; x_wconf 95' lang='grc' dir='ltr'><strong>τοῦ</strong></span> <span class='ocrx_word' id='word_1_467' title='bbox 2347 2463 2477 2518; x_wconf 85' lang='grc' dir='ltr'>Υίοῦ</span> <span class='ocrx_word' id='word_1_468' title='bbox 2513 2464 2652 2518; x_wconf 76' lang='grc' dir='ltr'>ἐστι’</span> <span class='ocrx_word' id='word_1_469' title='bbox 2680 2463 2760 2517; x_wconf 84' lang='grc' dir='ltr'>διὸ</span> <span class='ocrx_word' id='word_1_470' title='bbox 2792 2464 2887 2527; x_wconf 82' lang='grc' dir='ltr'>κα).</span> <span class='ocrx_word' id='word_1_471' title='bbox 2937 2464 3005 2517; x_wconf 86' lang='grc' dir='ltr'>τὰ</span> <span class='ocrx_word' id='word_1_472' title='bbox 3036 2464 3187 2536; x_wconf 71' lang='grc' dir='ltr'>παρὰ</span> <span class='ocrx_word' id='word_1_473' title='bbox 3233 2464 3326 2520; x_wconf 90' lang='grc' dir='ltr'><strong>τοῦ</strong></span> <span class='ocrx_word' id='word_1_474' title='bbox 3384 2464 3520 2519; x_wconf 87' lang='grc' dir='ltr'>Υἰοῦ</span> <span class='ocrx_word' id='word_1_475' title='bbox 3561 2466 3617 2518; x_wconf 82' lang='grc' dir='ltr'>ἐν</span> 
     </span>
    </p>
   </div>
   <div class='ocr_carea' id='block_1_57' title="bbox 2038 2555 3617 2633">
    <p class='ocr_par' dir='ltr' id='par_1_57' title="bbox 2038 2555 3617 2633">
     <span class='ocr_line' id='line_1_57' title="bbox 2038 2555 3617 2633; baseline 0 -23"><span class='ocrx_word' id='word_1_476' title='bbox 2038 2555 2313 2627; x_wconf 82' lang='grc' dir='ltr'>Πνεύματι</span> <span class='ocrx_word' id='word_1_477' title='bbox 2336 2555 2589 2626; x_wconf 83' lang='grc' dir='ltr'>διδόμενα</span> <span class='ocrx_word' id='word_1_478' title='bbox 2614 2556 2709 2610; x_wconf 91' lang='grc' dir='ltr'><strong>τοῦ</strong></span> <span class='ocrx_word' id='word_1_479' title='bbox 2750 2556 2962 2628; x_wconf 84' lang='grc' dir='ltr'>Πατρός</span> <span class='ocrx_word' id='word_1_480' title='bbox 2982 2557 3098 2630; x_wconf 66' lang='grc' dir='ltr'>ὲεττι</span> <span class='ocrx_word' id='word_1_481' title='bbox 3142 2560 3478 2633; x_wconf 84' lang='grc' dir='ltr'>χαρίσματα.</span> <span class='ocrx_word' id='word_1_482' title='bbox 3509 2556 3617 2623; x_wconf 75' lang='grc' dir='ltr'>Καὶ</span> 
     </span>
    </p>
   </div>
   <div class='ocr_carea' id='block_1_58' title="bbox 2036 2646 3618 2721">
    <p class='ocr_par' dir='ltr' id='par_1_58' title="bbox 2036 2646 3618 2721">
     <span class='ocr_line' id='line_1_58' title="bbox 2036 2646 3618 2721; baseline 0.002 -20"><span class='ocrx_word' id='word_1_483' title='bbox 2036 2646 2128 2701; x_wconf 92' lang='grc' dir='ltr'><strong>τοῦ</strong></span> <span class='ocrx_word' id='word_1_484' title='bbox 2159 2646 2473 2719; x_wconf 85' lang='grc' dir='ltr'>Πνεύματος</span> <span class='ocrx_word' id='word_1_485' title='bbox 2506 2648 2562 2701; x_wconf 87' lang='grc' dir='ltr'>δὲ</span> <span class='ocrx_word' id='word_1_486' title='bbox 2588 2647 2740 2712; x_wconf 69' lang='grc' dir='ltr'>ὄντος</span> <span class='ocrx_word' id='word_1_487' title='bbox 2768 2649 2825 2702; x_wconf 85' lang='grc' dir='ltr'><strong>ὲν</strong></span> <span class='ocrx_word' id='word_1_488' title='bbox 2847 2649 2998 2719; x_wconf 83' lang='grc' dir='ltr'>ἡμῖν.</span> <span class='ocrx_word' id='word_1_489' title='bbox 3029 2651 3121 2714; x_wconf 64' lang='grc' dir='ltr'><strong>καὶ</strong></span> <span class='ocrx_word' id='word_1_490' title='bbox 3139 2651 3168 2702; x_wconf 90' lang='grc' dir='ltr'><strong>ό</strong></span> <span class='ocrx_word' id='word_1_491' title='bbox 3207 2653 3377 2721; x_wconf 85' lang='grc' dir='ltr'>Λόγος</span> <span class='ocrx_word' id='word_1_492' title='bbox 3404 2655 3435 2706; x_wconf 84' lang='lat'><strong>6</strong></span> <span class='ocrx_word' id='word_1_493' title='bbox 3460 2652 3618 2706; x_wconf 87' lang='grc' dir='ltr'>τοῦτο</span> 
     </span>
    </p>
   </div>
   <div class='ocr_carea' id='block_1_59' title="bbox 2036 2738 3617 2817">
    <p class='ocr_par' dir='ltr' id='par_1_59' title="bbox 2036 2738 3617 2817">
     <span class='ocr_line' id='line_1_59' title="bbox 2036 2738 3617 2817; baseline 0.005 -25"><span class='ocrx_word' id='word_1_494' title='bbox 2036 2738 2211 2802; x_wconf 81' lang='grc' dir='ltr'>διδούς</span> <span class='ocrx_word' id='word_1_495' title='bbox 2241 2739 2389 2793; x_wconf 79' lang='grc' dir='ltr'>ἐστιν</span> <span class='ocrx_word' id='word_1_496' title='bbox 2418 2741 2475 2793; x_wconf 81' lang='grc' dir='ltr'>ἐν</span> <span class='ocrx_word' id='word_1_497' title='bbox 2505 2741 2636 2812; x_wconf 78' lang='grc' dir='ltr'>ἡμῖν</span> <span class='ocrx_word' id='word_1_498' title='bbox 2659 2740 2793 2811; x_wconf 73' lang='grc'>(64),</span> <span class='ocrx_word' id='word_1_499' title='bbox 2848 2741 2942 2795; x_wconf 72' lang='grc' dir='ltr'><strong>καὶ</strong></span> <span class='ocrx_word' id='word_1_500' title='bbox 2973 2742 3031 2793; x_wconf 84' lang='grc' dir='ltr'>ὲν</span> <span class='ocrx_word' id='word_1_501' title='bbox 3079 2742 3156 2814; x_wconf 81' lang='grc' dir='ltr'>τῷ</span> <span class='ocrx_word' id='word_1_502' title='bbox 3191 2745 3349 2817; x_wconf 82' lang='grc' dir='ltr'>Λόγῳ</span> <span class='ocrx_word' id='word_1_503' title='bbox 3399 2746 3552 2800; x_wconf 76' lang='grc' dir='ltr'>ἐστὶν</span> <span class='ocrx_word' id='word_1_504' title='bbox 3588 2748 3617 2799; x_wconf 87' lang='lat'><strong>6</strong></span> 
     </span>
    </p>
   </div>
   <div class='ocr_carea' id='block_1_60' title="bbox 2036 2830 3616 2906">
    <p class='ocr_par' dir='ltr' id='par_1_60' title="bbox 2036 2830 3616 2906">
     <span class='ocr_line' id='line_1_60' title="bbox 2036 2830 3616 2906; baseline 0.004 -23"><span class='ocrx_word' id='word_1_505' title='bbox 2036 2831 2245 2901; x_wconf 78' lang='grc' dir='ltr'>Πατήρ’</span> <span class='ocrx_word' id='word_1_506' title='bbox 2276 2831 2369 2885; x_wconf 73' lang='grc' dir='ltr'><strong>καὶ</strong></span> <span class='ocrx_word' id='word_1_507' title='bbox 2401 2830 2572 2894; x_wconf 75' lang='grc' dir='ltr'>οὕτως</span> <span class='ocrx_word' id='word_1_508' title='bbox 2597 2832 2712 2885; x_wconf 78' lang='grc' dir='ltr'>ἐστὶ</span> <span class='ocrx_word' id='word_1_509' title='bbox 2744 2832 2826 2897; x_wconf 85' lang='grc' dir='ltr'><strong>τὸ,</strong></span> <span class='ocrx_word' id='word_1_510' title='bbox 2890 2851 2910 2883; x_wconf 78' lang='grc' dir='ltr'><strong>ι</strong></span> <span class='ocrx_word' id='word_1_511' title='bbox 2961 2834 3321 2906; x_wconf 80' lang='grc' dir='ltr'>Ἐλευσόμεθα</span> <span class='ocrx_word' id='word_1_512' title='bbox 3360 2837 3476 2906; x_wconf 81' lang='grc' dir='ltr'><strong>ἐγὼ</strong></span> <span class='ocrx_word' id='word_1_513' title='bbox 3523 2837 3616 2891; x_wconf 81' lang='grc' dir='ltr'>καὶ</span> 
     </span>
    </p>
   </div>
   <div class='ocr_carea' id='block_1_61' title="bbox 2036 2923 3617 2999">
    <p class='ocr_par' dir='ltr' id='par_1_61' title="bbox 2036 2923 3617 2999">
     <span class='ocr_line' id='line_1_61' title="bbox 2036 2923 3617 2999; baseline 0.003 -23"><span class='ocrx_word' id='word_1_514' title='bbox 2036 2925 2064 2976; x_wconf 91' lang='lat'><strong>6</strong></span> <span class='ocrx_word' id='word_1_515' title='bbox 2092 2923 2299 2995; x_wconf 82' lang='grc' dir='ltr'>Πατὴρ,</span> <span class='ocrx_word' id='word_1_516' title='bbox 2333 2924 2425 2978; x_wconf 82' lang='grc' dir='ltr'><strong>καὶ</strong></span> <span class='ocrx_word' id='word_1_517' title='bbox 2460 2923 2625 2995; x_wconf 76' lang='grc' dir='ltr'>μονὴν</span> <span class='ocrx_word' id='word_1_518' title='bbox 2651 2924 2781 2997; x_wconf 89' lang='grc' dir='ltr'>παρ’</span> <span class='ocrx_word' id='word_1_519' title='bbox 2807 2923 2957 2994; x_wconf 80' lang='grc' dir='ltr'>αὐτῷ</span> <span class='ocrx_word' id='word_1_520' title='bbox 2978 2927 3328 2998; x_wconf 75' lang='grc' dir='ltr'>ποιήσομεν,ι</span> <span class='ocrx_word' id='word_1_521' title='bbox 3362 2929 3617 2999; x_wconf 74' lang='grc' dir='ltr'>καθάπερ</span> 
     </span>
    </p>
   </div>
   <div class='ocr_carea' id='block_1_62' title="bbox 2037 3014 3616 3091">
    <p class='ocr_par' dir='ltr' id='par_1_62' title="bbox 2037 3014 3616 3091">
     <span class='ocr_line' id='line_1_62' title="bbox 2037 3014 3616 3091; baseline 0.004 -23"><span class='ocrx_word' id='word_1_522' title='bbox 2037 3014 2272 3086; x_wconf 81' lang='grc' dir='ltr'>εἴρηται.</span> <span class='ocrx_word' id='word_1_523' title='bbox 2308 3014 2476 3069; x_wconf 86' lang='grc' dir='ltr'>Ἔνθα</span> <span class='ocrx_word' id='word_1_524' title='bbox 2503 3015 2612 3089; x_wconf 84' lang='grc' dir='ltr'>γὰρ</span> <span class='ocrx_word' id='word_1_525' title='bbox 2661 3017 2722 3071; x_wconf 79' lang='grc' dir='ltr'>τὸ</span> <span class='ocrx_word' id='word_1_526' title='bbox 2767 3020 2902 3088; x_wconf 78' lang='grc' dir='ltr'>φῶς,</span> <span class='ocrx_word' id='word_1_527' title='bbox 2928 3020 3046 3072; x_wconf 74' lang='grc' dir='ltr'>ἐκεῖ</span> <span class='ocrx_word' id='word_1_528' title='bbox 3070 3021 3163 3073; x_wconf 77' lang='grc' dir='ltr'><strong>κα)⁸</strong></span> <span class='ocrx_word' id='word_1_529' title='bbox 3190 3019 3299 3091; x_wconf 82' lang='grc'>(65)</span> <span class='ocrx_word' id='word_1_530' title='bbox 3336 3021 3397 3073; x_wconf 80' lang='grc' dir='ltr'><strong>τὸ</strong></span> <span class='ocrx_word' id='word_1_531' title='bbox 3437 3021 3616 3075; x_wconf 75' lang='grc' dir='ltr'>ἀπαύ-</span> 
     </span>
    </p>
   </div>
   <div class='ocr_carea' id='block_1_63' title="bbox 2036 3106 3613 3180">
    <p class='ocr_par' dir='ltr' id='par_1_63' title="bbox 2036 3106 3613 3180">
     <span class='ocr_line' id='line_1_63' title="bbox 2036 3106 3613 3180; baseline 0.004 -22"><span class='ocrx_word' id='word_1_532' title='bbox 2036 3123 2241 3176; x_wconf 87' lang='grc' dir='ltr'>γασμα·</span> <span class='ocrx_word' id='word_1_533' title='bbox 2297 3109 2390 3160; x_wconf 75' lang='grc' dir='ltr'><strong>καὶ</strong></span> <span class='ocrx_word' id='word_1_534' title='bbox 2428 3106 2557 3161; x_wconf 79' lang='grc' dir='ltr'>ἔνθα</span> <span class='ocrx_word' id='word_1_535' title='bbox 2581 3107 2643 3161; x_wconf 85' lang='grc' dir='ltr'><strong>τὸ</strong></span> <span class='ocrx_word' id='word_1_536' title='bbox 2673 3109 3033 3180; x_wconf 82' lang='grc' dir='ltr'>ἀπαύγασμα,</span> <span class='ocrx_word' id='word_1_537' title='bbox 3075 3112 3192 3163; x_wconf 76' lang='grc' dir='ltr'>ἐκεῖ</span> <span class='ocrx_word' id='word_1_538' title='bbox 3237 3110 3331 3164; x_wconf 79' lang='grc' dir='ltr'>καὶ</span> <span class='ocrx_word' id='word_1_539' title='bbox 3363 3112 3396 3179; x_wconf 78' lang='grc' dir='ltr'><strong>ἡ</strong></span> <span class='ocrx_word' id='word_1_540' title='bbox 3422 3111 3613 3164; x_wconf 71' lang='grc' dir='ltr'>τούτου</span> 
     </span>
    </p>
   </div>
   <div class='ocr_carea' id='block_1_64' title="bbox 369 3181 1937 3272">
    <p class='ocr_par' dir='ltr' id='par_1_64' title="bbox 369 3193 1935 3267">
     <span class='ocr_line' id='line_1_64' title="bbox 369 3193 1935 3267; baseline 0.004 -20"><span class='ocrx_word' id='word_1_541' title='bbox 369 3193 569 3248; x_wconf 75' lang='lat' dir='ltr'><strong>cientis</strong></span> <span class='ocrx_word' id='word_1_542' title='bbox 594 3202 648 3249; x_wconf 86' lang='lat' dir='ltr'><strong>et</strong></span> <span class='ocrx_word' id='word_1_543' title='bbox 672 3195 949 3264; x_wconf 90' lang='lat' dir='ltr'><strong>splendida</strong></span> <span class='ocrx_word' id='word_1_544' title='bbox 978 3207 1059 3252; x_wconf 86' lang='lat' dir='ltr'><strong>est</strong></span> <span class='ocrx_word' id='word_1_545' title='bbox 1089 3197 1282 3267; x_wconf 82' lang='lat' dir='ltr'><strong>gratia.</strong></span> <span class='ocrx_word' id='word_1_546' title='bbox 1310 3197 1466 3264; x_wconf 85' lang='lat' dir='ltr'><strong>Quod</strong></span> <span class='ocrx_word' id='word_1_547' title='bbox 1496 3198 1635 3253; x_wconf 86' lang='lat' dir='ltr'><strong>idem</strong></span> <span class='ocrx_word' id='word_1_548' title='bbox 1660 3198 1862 3255; x_wconf 90' lang='lat' dir='ltr'><strong>Paulus</strong></span> <span class='ocrx_word' id='word_1_549' title='bbox 1882 3200 1935 3253; x_wconf 91' lang='lat' dir='ltr'><strong>in</strong></span> 
     </span>
    </p>
   </div>
   <div class='ocr_carea' id='block_1_65' title="bbox 2043 3181 3614 3272">
    <p class='ocr_par' dir='ltr' id='par_1_65' title="bbox 2043 3196 3614 3272">
     <span class='ocr_line' id='line_1_65' title="bbox 2043 3196 3614 3272; baseline 0.005 -23"><span class='ocrx_word' id='word_1_550' title='bbox 2043 3196 2287 3268; x_wconf 72' lang='grc' dir='ltr'>ἐνέργεια</span> <span class='ocrx_word' id='word_1_551' title='bbox 2319 3199 2414 3252; x_wconf 75' lang='grc' dir='ltr'><strong>καὶ</strong></span> <span class='ocrx_word' id='word_1_552' title='bbox 2444 3198 2727 3269; x_wconf 78' lang='grc' dir='ltr'>αὑγοειδὴς</span> <span class='ocrx_word' id='word_1_553' title='bbox 2755 3199 2934 3272; x_wconf 80' lang='grc' dir='ltr'>χάρις.</span> <span class='ocrx_word' id='word_1_554' title='bbox 2986 3200 3099 3254; x_wconf 77' lang='grc' dir='ltr'><strong>Καὶ</strong></span> <span class='ocrx_word' id='word_1_555' title='bbox 3148 3201 3307 3255; x_wconf 84' lang='grc' dir='ltr'>τοῦτο</span> <span class='ocrx_word' id='word_1_556' title='bbox 3343 3202 3508 3257; x_wconf 83' lang='grc' dir='ltr'>πάλιν</span> <span class='ocrx_word' id='word_1_557' title='bbox 3534 3204 3614 3257; x_wconf 79' lang='grc' dir='ltr'>δι-</span> 
     </span>
    </p>
   </div>
   <div class='ocr_carea' id='block_1_66' title="bbox 370 3283 1933 3356">
    <p class='ocr_par' dir='ltr' id='par_1_66' title="bbox 370 3283 1933 3356">
     <span class='ocr_line' id='line_1_66' title="bbox 370 3283 1933 3356; baseline 0.003 -17"><span class='ocrx_word' id='word_1_558' title='bbox 370 3284 609 3339; x_wconf 85' lang='lat' dir='ltr'><strong>secunda</strong></span> <span class='ocrx_word' id='word_1_559' title='bbox 638 3283 875 3356; x_wconf 82' lang='lat' dir='ltr'><strong>Epistula</strong></span> <span class='ocrx_word' id='word_1_560' title='bbox 918 3287 985 3341; x_wconf 89' lang='lat' dir='ltr'><strong>ad</strong></span> <span class='ocrx_word' id='word_1_561' title='bbox 1014 3286 1329 3343; x_wconf 83' lang='lat' dir='ltr'><strong>Corinthios</strong></span> <span class='ocrx_word' id='word_1_562' title='bbox 1383 3288 1471 3344; x_wconf 85' lang='lat' dir='ltr'><strong>bis</strong></span> <span class='ocrx_word' id='word_1_563' title='bbox 1520 3289 1696 3344; x_wconf 88' lang='lat' dir='ltr'><strong>verbis</strong></span> <span class='ocrx_word' id='word_1_564' title='bbox 1742 3288 1933 3345; x_wconf 90' lang='lat' dir='ltr'><strong>docet:</strong></span> 
     </span>
    </p>
   </div>
   <div class='ocr_carea' id='block_1_67' title="bbox 375 3373 1938 3447">
    <p class='ocr_par' dir='ltr' id='par_1_67' title="bbox 375 3373 1938 3447">
     <span class='ocr_line' id='line_1_67' title="bbox 375 3373 1938 3447; baseline 0.005 -19"><span class='ocrx_word' id='word_1_565' title='bbox 375 3392 398 3428; x_wconf 77' lang='grc' dir='ltr'><strong>ι</strong></span> <span class='ocrx_word' id='word_1_566' title='bbox 415 3373 599 3430; x_wconf 84' lang='lat' dir='ltr'><strong>Gratia</strong></span> <span class='ocrx_word' id='word_1_567' title='bbox 616 3374 829 3430; x_wconf 88' lang='lat' dir='ltr'><strong>Domini</strong></span> <span class='ocrx_word' id='word_1_568' title='bbox 848 3378 1018 3433; x_wconf 89' lang='lat' dir='ltr'><strong>nostri</strong></span> <span class='ocrx_word' id='word_1_569' title='bbox 1035 3377 1164 3434; x_wconf 79' lang='lat' dir='ltr'><strong>Jesu</strong></span> <span class='ocrx_word' id='word_1_570' title='bbox 1184 3379 1409 3444; x_wconf 86' lang='lat' dir='ltr'><strong>Christi,</strong></span> <span class='ocrx_word' id='word_1_571' title='bbox 1424 3389 1478 3435; x_wconf 89' lang='lat' dir='ltr'><strong>et</strong></span> <span class='ocrx_word' id='word_1_572' title='bbox 1494 3380 1735 3437; x_wconf 86' lang='lat' dir='ltr'><strong>cbaritas</strong></span> <span class='ocrx_word' id='word_1_573' title='bbox 1751 3380 1866 3447; x_wconf 89' lang='lat' dir='ltr'><strong>Dei,</strong></span> <span class='ocrx_word' id='word_1_574' title='bbox 1883 3391 1938 3436; x_wconf 91' lang='lat' dir='ltr'><strong>et</strong></span> 
     </span>
    </p>
   </div>
   <div class='ocr_carea' id='block_1_68' title="bbox 369 3462 1937 3540">
    <p class='ocr_par' dir='ltr' id='par_1_68' title="bbox 369 3462 1937 3540">
     <span class='ocr_line' id='line_1_68' title="bbox 369 3462 1937 3540; baseline 0.003 -18"><span class='ocrx_word' id='word_1_575' title='bbox 369 3467 795 3523; x_wconf 88' lang='lat' dir='ltr'><strong>communicatio</strong></span> <span class='ocrx_word' id='word_1_576' title='bbox 826 3470 997 3524; x_wconf 89' lang='lat' dir='ltr'><strong>sancti</strong></span> <span class='ocrx_word' id='word_1_577' title='bbox 1031 3468 1266 3540; x_wconf 88' lang='lat' dir='ltr'><strong>Spiritus</strong></span> <span class='ocrx_word' id='word_1_578' title='bbox 1292 3471 1362 3526; x_wconf 91' lang='lat' dir='ltr'><strong>sit</strong></span> <span class='ocrx_word' id='word_1_579' title='bbox 1399 3487 1523 3527; x_wconf 90' lang='lat' dir='ltr'><strong>cum</strong></span> <span class='ocrx_word' id='word_1_580' title='bbox 1555 3472 1811 3527; x_wconf 91' lang='lat' dir='ltr'><strong>omnibus</strong></span> <span class='ocrx_word' id='word_1_581' title='bbox 1840 3462 1937 3527; x_wconf 65' lang='lat' dir='ltr'><strong>vo:</strong></span> 
     </span>
    </p>
   </div>
   <div class='ocr_carea' id='block_1_69' title="bbox 370 3556 1935 3634">
    <p class='ocr_par' dir='ltr' id='par_1_69' title="bbox 370 3556 1935 3634">
     <span class='ocr_line' id='line_1_69' title="bbox 370 3556 1935 3634; baseline 0.004 -21"><span class='ocrx_word' id='word_1_582' title='bbox 370 3557 454 3613; x_wconf 91' lang='lat' dir='ltr'><strong>bis</strong></span> <span class='ocrx_word' id='word_1_583' title='bbox 471 3559 537 3613; x_wconf 80' lang='grc'>⁸⁸.</span> <span class='ocrx_word' id='word_1_584' title='bbox 572 3576 591 3611; x_wconf 72' lang='grc' dir='ltr'><strong>ι</strong></span> <span class='ocrx_word' id='word_1_585' title='bbox 616 3556 799 3615; x_wconf 88' lang='lat' dir='ltr'><strong>Gratia</strong></span> <span class='ocrx_word' id='word_1_586' title='bbox 828 3559 985 3632; x_wconf 61' lang='lat'><strong>543</strong></span> <span class='ocrx_word' id='word_1_587' title='bbox 1009 3561 1153 3616; x_wconf 91' lang='lat' dir='ltr'><strong>enim</strong></span> <span class='ocrx_word' id='word_1_588' title='bbox 1178 3571 1231 3618; x_wconf 90' lang='lat' dir='ltr'><strong>et</strong></span> <span class='ocrx_word' id='word_1_589' title='bbox 1256 3562 1457 3618; x_wconf 91' lang='lat' dir='ltr'><strong>donum</strong></span> <span class='ocrx_word' id='word_1_590' title='bbox 1489 3564 1635 3634; x_wconf 90' lang='lat' dir='ltr'><strong>quod</strong></span> <span class='ocrx_word' id='word_1_591' title='bbox 1666 3564 1718 3618; x_wconf 93' lang='lat' dir='ltr'><strong>in</strong></span> <span class='ocrx_word' id='word_1_592' title='bbox 1754 3563 1935 3619; x_wconf 89' lang='lat' dir='ltr'><strong>Trini-</strong></span> 
     </span>
    </p>
   </div>
   <div class='ocr_carea' id='block_1_70' title="bbox 369 3649 1938 3726">
    <p class='ocr_par' dir='ltr' id='par_1_70' title="bbox 369 3649 1938 3726">
     <span class='ocr_line' id='line_1_70' title="bbox 369 3649 1938 3726; baseline 0.005 -22"><span class='ocrx_word' id='word_1_593' title='bbox 369 3657 479 3704; x_wconf 73' lang='lat' dir='ltr'><strong>tate</strong></span> <span class='ocrx_word' id='word_1_594' title='bbox 505 3649 684 3715; x_wconf 90' lang='lat' dir='ltr'><strong>datur,</strong></span> <span class='ocrx_word' id='word_1_595' title='bbox 717 3651 878 3706; x_wconf 91' lang='lat' dir='ltr'><strong>datur</strong></span> <span class='ocrx_word' id='word_1_596' title='bbox 906 3668 935 3706; x_wconf 91' lang='lat' dir='ltr'><strong>a</strong></span> <span class='ocrx_word' id='word_1_597' title='bbox 962 3651 1123 3708; x_wconf 89' lang='lat' dir='ltr'><strong>Patre</strong></span> <span class='ocrx_word' id='word_1_598' title='bbox 1146 3669 1244 3723; x_wconf 87' lang='lat' dir='ltr'><strong>per</strong></span> <span class='ocrx_word' id='word_1_599' title='bbox 1273 3653 1471 3709; x_wconf 89' lang='lat' dir='ltr'><strong>Filium</strong></span> <span class='ocrx_word' id='word_1_600' title='bbox 1499 3656 1551 3709; x_wconf 93' lang='lat' dir='ltr'><strong>in</strong></span> <span class='ocrx_word' id='word_1_601' title='bbox 1582 3654 1788 3726; x_wconf 87' lang='lat' dir='ltr'><strong>Spiritu</strong></span> <span class='ocrx_word' id='word_1_602' title='bbox 1817 3673 1938 3712; x_wconf 87' lang='lat' dir='ltr'><strong>san-</strong></span> 
     </span>
    </p>
   </div>
   <div class='ocr_carea' id='block_1_71' title="bbox 367 3743 1937 3818">
    <p class='ocr_par' dir='ltr' id='par_1_71' title="bbox 367 3743 1937 3818">
     <span class='ocr_line' id='line_1_71' title="bbox 367 3743 1937 3818; baseline 0.004 -20"><span class='ocrx_word' id='word_1_603' title='bbox 367 3749 478 3798; x_wconf 67' lang='lat' dir='ltr'><strong>eto.</strong></span> <span class='ocrx_word' id='word_1_604' title='bbox 511 3743 648 3798; x_wconf 78' lang='lat' dir='ltr'><strong>Nam</strong></span> <span class='ocrx_word' id='word_1_605' title='bbox 676 3744 1132 3813; x_wconf 89' lang='lat' dir='ltr'><strong>quemadmodum</strong></span> <span class='ocrx_word' id='word_1_606' title='bbox 1163 3762 1229 3802; x_wconf 85' lang='lat' dir='ltr'><strong>ex</strong></span> <span class='ocrx_word' id='word_1_607' title='bbox 1254 3744 1415 3803; x_wconf 90' lang='lat' dir='ltr'><strong>Patre</strong></span> <span class='ocrx_word' id='word_1_608' title='bbox 1439 3763 1535 3818; x_wconf 86' lang='lat' dir='ltr'><strong>per</strong></span> <span class='ocrx_word' id='word_1_609' title='bbox 1550 3747 1756 3803; x_wconf 78' lang='lat' dir='ltr'><strong>Filium</strong></span> <span class='ocrx_word' id='word_1_610' title='bbox 1776 3751 1937 3804; x_wconf 88' lang='lat' dir='ltr'><strong>datur</strong></span> 
     </span>
    </p>
   </div>
   <div class='ocr_carea' id='block_1_72' title="bbox 368 3836 1935 3910">
    <p class='ocr_par' dir='ltr' id='par_1_72' title="bbox 368 3836 1935 3910">
     <span class='ocr_line' id='line_1_72' title="bbox 368 3836 1935 3910; baseline 0.004 -22"><span class='ocrx_word' id='word_1_611' title='bbox 368 3836 563 3906; x_wconf 78' lang='lat' dir='ltr'><strong>gratia,</strong></span> <span class='ocrx_word' id='word_1_612' title='bbox 591 3836 664 3891; x_wconf 89' lang='lat' dir='ltr'><strong>ita</strong></span> <span class='ocrx_word' id='word_1_613' title='bbox 700 3837 753 3891; x_wconf 93' lang='lat' dir='ltr'><strong>in</strong></span> <span class='ocrx_word' id='word_1_614' title='bbox 790 3839 948 3894; x_wconf 89' lang='lat' dir='ltr'><strong>nobis</strong></span> <span class='ocrx_word' id='word_1_615' title='bbox 973 3838 1089 3893; x_wconf 82' lang='lat' dir='ltr'><strong>ﬁeri</strong></span> <span class='ocrx_word' id='word_1_616' title='bbox 1118 3854 1224 3895; x_wconf 92' lang='lat' dir='ltr'><strong>non</strong></span> <span class='ocrx_word' id='word_1_617' title='bbox 1256 3849 1436 3910; x_wconf 89' lang='lat' dir='ltr'><strong>potest</strong></span> <span class='ocrx_word' id='word_1_618' title='bbox 1468 3841 1596 3895; x_wconf 89' lang='lat' dir='ltr'><strong>doni</strong></span> <span class='ocrx_word' id='word_1_619' title='bbox 1623 3842 1935 3896; x_wconf 86' lang='lat' dir='ltr'><strong>communi-</strong></span> 
     </span>
    </p>
   </div>
   <div class='ocr_carea' id='block_1_73' title="bbox 368 3929 1936 4005">
    <p class='ocr_par' dir='ltr' id='par_1_73' title="bbox 368 3929 1936 4005">
     <span class='ocr_line' id='line_1_73' title="bbox 368 3929 1936 4005; baseline 0.004 -22"><span class='ocrx_word' id='word_1_620' title='bbox 368 3929 512 3984; x_wconf 78' lang='lat' dir='ltr'><strong>catio</strong></span> <span class='ocrx_word' id='word_1_621' title='bbox 540 3931 641 3986; x_wconf 91' lang='lat' dir='ltr'><strong>nisi</strong></span> <span class='ocrx_word' id='word_1_622' title='bbox 668 3932 719 3985; x_wconf 91' lang='lat' dir='ltr'><strong>in</strong></span> <span class='ocrx_word' id='word_1_623' title='bbox 749 3930 951 4001; x_wconf 87' lang='lat' dir='ltr'><strong>Spiritu</strong></span> <span class='ocrx_word' id='word_1_624' title='bbox 977 3942 1184 3989; x_wconf 89' lang='lat' dir='ltr'><strong>sancto.</strong></span> <span class='ocrx_word' id='word_1_625' title='bbox 1216 3933 1392 4003; x_wconf 86' lang='lat' dir='ltr'><strong>Hujus</strong></span> <span class='ocrx_word' id='word_1_626' title='bbox 1419 3934 1686 4004; x_wconf 92' lang='lat' dir='ltr'><strong>siquidem</strong></span> <span class='ocrx_word' id='word_1_627' title='bbox 1713 3934 1936 4005; x_wconf 87' lang='lat' dir='ltr'><strong>partici-</strong></span> 
     </span>
    </p>
   </div>
   <div class='ocr_carea' id='block_1_74' title="bbox 368 4022 1936 4099">
    <p class='ocr_par' dir='ltr' id='par_1_74' title="bbox 368 4022 1936 4099">
     <span class='ocr_line' id='line_1_74' title="bbox 368 4022 1936 4099; baseline 0.004 -22"><span class='ocrx_word' id='word_1_628' title='bbox 368 4037 464 4091; x_wconf 83' lang='lat' dir='ltr'><strong>pes</strong></span> <span class='ocrx_word' id='word_1_629' title='bbox 494 4022 880 4090; x_wconf 75' lang='lat' dir='ltr'><strong>em-cti,Patris</strong></span> <span class='ocrx_word' id='word_1_630' title='bbox 911 4026 1252 4092; x_wconf 79' lang='lat' dir='ltr'><strong>charitatem,</strong></span> <span class='ocrx_word' id='word_1_631' title='bbox 1277 4027 1399 4081; x_wconf 86' lang='lat' dir='ltr'><strong>Filii</strong></span> <span class='ocrx_word' id='word_1_632' title='bbox 1431 4028 1660 4099; x_wconf 79' lang='lat' dir='ltr'><strong>gratiam</strong></span> <span class='ocrx_word' id='word_1_633' title='bbox 1685 4039 1738 4084; x_wconf 90' lang='lat' dir='ltr'><strong>et</strong></span> <span class='ocrx_word' id='word_1_634' title='bbox 1762 4028 1936 4099; x_wconf 87' lang='lat' dir='ltr'><strong>ipsius</strong></span> 
     </span>
    </p>
   </div>
   <div class='ocr_carea' id='block_1_75' title="bbox 371 4112 1496 4182">
    <p class='ocr_par' dir='ltr' id='par_1_75' title="bbox 371 4112 1496 4182">
     <span class='ocr_line' id='line_1_75' title="bbox 371 4112 1496 4182; baseline 0.008 -16"><span class='ocrx_word' id='word_1_635' title='bbox 371 4112 606 4182; x_wconf 84' lang='lat' dir='ltr'><strong>Spiritus</strong></span> <span class='ocrx_word' id='word_1_636' title='bbox 635 4116 1182 4174; x_wconf 85' lang='lat' dir='ltr'><strong>communicationem</strong></span> <span class='ocrx_word' id='word_1_637' title='bbox 1212 4119 1496 4176; x_wconf 87' lang='lat' dir='ltr'><strong>habemus.</strong></span> 
     </span>
    </p>
   </div>
   <div class='ocr_carea' id='block_1_76' title="bbox 438 4374 1936 4449">
    <p class='ocr_par' dir='ltr' id='par_1_76' title="bbox 438 4374 1936 4449">
     <span class='ocr_line' id='line_1_76' title="bbox 438 4374 1936 4449; baseline 0.012 -21"><span class='ocrx_word' id='word_1_638' title='bbox 438 4375 525 4430; x_wconf 80' lang='lat'><strong>5|.</strong></span> <span class='ocrx_word' id='word_1_639' title='bbox 562 4374 640 4430; x_wconf 84' lang='lat' dir='ltr'><strong>Ex</strong></span> <span class='ocrx_word' id='word_1_640' title='bbox 668 4376 753 4433; x_wconf 91' lang='lat' dir='ltr'><strong>his</strong></span> <span class='ocrx_word' id='word_1_641' title='bbox 804 4378 973 4449; x_wconf 83' lang='lat' dir='ltr'><strong>igitur</strong></span> <span class='ocrx_word' id='word_1_642' title='bbox 1009 4397 1117 4437; x_wconf 88' lang='lat' dir='ltr'><strong>una</strong></span> <span class='ocrx_word' id='word_1_643' title='bbox 1165 4382 1449 4442; x_wconf 82' lang='lat' dir='ltr'><strong>Trinitatis</strong></span> <span class='ocrx_word' id='word_1_644' title='bbox 1477 4386 1759 4444; x_wconf 77' lang='lat' dir='ltr'><strong>elﬁcientia</strong></span> <span class='ocrx_word' id='word_1_645' title='bbox 1812 4405 1936 4445; x_wconf 83' lang='lat' dir='ltr'><strong>esse</strong></span> 
     </span>
    </p>
   </div>
   <div class='ocr_carea' id='block_1_77' title="bbox 367 4468 1933 4552">
    <p class='ocr_par' dir='ltr' id='par_1_77' title="bbox 367 4468 1933 4552">
     <span class='ocr_line' id='line_1_77' title="bbox 367 4468 1933 4552; baseline 0.01 -32"><span class='ocrx_word' id='word_1_646' title='bbox 367 4468 687 4524; x_wconf 84' lang='lat' dir='ltr'><strong>ostenditur.</strong></span> <span class='ocrx_word' id='word_1_647' title='bbox 712 4469 824 4526; x_wconf 88' lang='lat' dir='ltr'><strong>Nec</strong></span> <span class='ocrx_word' id='word_1_648' title='bbox 850 4476 993 4527; x_wconf 87' lang='lat' dir='ltr'><strong>enim</strong></span> <span class='ocrx_word' id='word_1_649' title='bbox 1025 4476 1235 4531; x_wconf 90' lang='lat' dir='ltr'><strong>diversa</strong></span> <span class='ocrx_word' id='word_1_650' title='bbox 1263 4487 1318 4533; x_wconf 87' lang='lat' dir='ltr'><strong>et</strong></span> <span class='ocrx_word' id='word_1_651' title='bbox 1336 4479 1509 4535; x_wconf 84' lang='lat' dir='ltr'><strong>divisa</strong></span> <span class='ocrx_word' id='word_1_652' title='bbox 1538 4482 1654 4535; x_wconf 87' lang='lat' dir='ltr'><strong>dari</strong></span> <span class='ocrx_word' id='word_1_653' title='bbox 1685 4498 1719 4536; x_wconf 91' lang='lat' dir='ltr'><strong>a</strong></span> <span class='ocrx_word' id='word_1_654' title='bbox 1745 4482 1933 4552; x_wconf 75' lang='lat' dir='ltr'><strong>singu-</strong></span> 
     </span>
    </p>
   </div>
   <div class='ocr_carea' id='block_1_78' title="bbox 2037 3289 3615 3366">
    <p class='ocr_par' dir='ltr' id='par_1_78' title="bbox 2037 3289 3615 3366">
     <span class='ocr_line' id='line_1_78' title="bbox 2037 3289 3615 3366; baseline 0.003 -23"><span class='ocrx_word' id='word_1_655' title='bbox 2037 3289 2251 3343; x_wconf 85' lang='grc' dir='ltr'>δάσκων</span> <span class='ocrx_word' id='word_1_656' title='bbox 2282 3292 2311 3345; x_wconf 91' lang='lat'><strong>6</strong></span> <span class='ocrx_word' id='word_1_657' title='bbox 2340 3290 2551 3355; x_wconf 82' lang='grc' dir='ltr'>Παῦλος</span> <span class='ocrx_word' id='word_1_658' title='bbox 2579 3290 2816 3364; x_wconf 77' lang='grc' dir='ltr'>ἔγραφεν</span> <span class='ocrx_word' id='word_1_659' title='bbox 2846 3289 3001 3358; x_wconf 81' lang='grc' dir='ltr'>αὖθις</span> <span class='ocrx_word' id='word_1_660' title='bbox 3038 3293 3149 3364; x_wconf 89' lang='grc'><strong>(66)</strong></span> <span class='ocrx_word' id='word_1_661' title='bbox 3179 3294 3488 3366; x_wconf 81' lang='grc' dir='ltr'>Κορινθίοις</span> <span class='ocrx_word' id='word_1_662' title='bbox 3525 3298 3615 3352; x_wconf 74' lang='grc' dir='ltr'><strong>καὶ</strong></span> 
     </span>
    </p>
   </div>
   <div class='ocr_carea' id='block_1_79' title="bbox 2037 3382 3613 3459">
    <p class='ocr_par' dir='ltr' id='par_1_79' title="bbox 2037 3382 3613 3459">
     <span class='ocr_line' id='line_1_79' title="bbox 2037 3382 3613 3459; baseline 0.004 -25"><span class='ocrx_word' id='word_1_663' title='bbox 2037 3383 2094 3434; x_wconf 83' lang='grc' dir='ltr'><strong>ἐν</strong></span> <span class='ocrx_word' id='word_1_664' title='bbox 2115 3385 2178 3454; x_wconf 83' lang='grc' dir='ltr'>τῇ</span> <span class='ocrx_word' id='word_1_665' title='bbox 2201 3382 2427 3455; x_wconf 80' lang='grc' dir='ltr'>δευτέρᾳ</span> <span class='ocrx_word' id='word_1_666' title='bbox 2451 3384 2737 3456; x_wconf 84' lang='grc' dir='ltr'>Ἐπιστολῇ</span> <span class='ocrx_word' id='word_1_667' title='bbox 2783 3385 2976 3455; x_wconf 86' lang='grc' dir='ltr'>λέγων·</span> <span class='ocrx_word' id='word_1_668' title='bbox 3015 3404 3034 3437; x_wconf 77' lang='grc' dir='ltr'><strong>ι</strong></span> <span class='ocrx_word' id='word_1_669' title='bbox 3086 3387 3151 3440; x_wconf 86' lang='grc' dir='ltr'><strong>Ἦ</strong></span> <span class='ocrx_word' id='word_1_670' title='bbox 3181 3390 3339 3459; x_wconf 82' lang='grc' dir='ltr'>χάρις</span> <span class='ocrx_word' id='word_1_671' title='bbox 3375 3389 3473 3443; x_wconf 89' lang='grc' dir='ltr'><strong>τοῦ</strong></span> <span class='ocrx_word' id='word_1_672' title='bbox 3500 3391 3613 3443; x_wconf 84' lang='grc' dir='ltr'>Κυ-</span> 
     </span>
    </p>
   </div>
   <div class='ocr_carea' id='block_1_80' title="bbox 2038 3474 3612 3552">
    <p class='ocr_par' dir='ltr' id='par_1_80' title="bbox 2038 3474 3612 3552">
     <span class='ocr_line' id='line_1_80' title="bbox 2038 3474 3612 3552; baseline 0.006 -26"><span class='ocrx_word' id='word_1_673' title='bbox 2038 3474 2155 3546; x_wconf 82' lang='grc' dir='ltr'>ρίου</span> <span class='ocrx_word' id='word_1_674' title='bbox 2185 3474 2338 3545; x_wconf 85' lang='grc' dir='ltr'>ήμῶν</span> <span class='ocrx_word' id='word_1_675' title='bbox 2375 3475 2548 3546; x_wconf 84' lang='grc' dir='ltr'>Ἰησοῦ</span> <span class='ocrx_word' id='word_1_676' title='bbox 2601 3477 2858 3549; x_wconf 89' lang='grc' dir='ltr'>Χριστοῦ,</span> <span class='ocrx_word' id='word_1_677' title='bbox 2910 3478 3059 3551; x_wconf 76' lang='grc' dir='ltr'>καὶὴ</span> <span class='ocrx_word' id='word_1_678' title='bbox 3099 3481 3283 3552; x_wconf 81' lang='grc' dir='ltr'>ἀγάπη</span> <span class='ocrx_word' id='word_1_679' title='bbox 3329 3481 3424 3535; x_wconf 86' lang='grc' dir='ltr'><strong>τοῦ</strong></span> <span class='ocrx_word' id='word_1_680' title='bbox 3454 3482 3612 3545; x_wconf 83' lang='grc' dir='ltr'>Θεοῦ,</span> 
     </span>
    </p>
   </div>
   <div class='ocr_carea' id='block_1_81' title="bbox 2037 3568 3615 3643">
    <p class='ocr_par' dir='ltr' id='par_1_81' title="bbox 2037 3568 3615 3643">
     <span class='ocr_line' id='line_1_81' title="bbox 2037 3568 3615 3643; baseline 0.006 -24"><span class='ocrx_word' id='word_1_681' title='bbox 2037 3568 2184 3638; x_wconf 82' lang='grc' dir='ltr'>καὶὴ</span> <span class='ocrx_word' id='word_1_682' title='bbox 2215 3569 2464 3622; x_wconf 82' lang='grc' dir='ltr'>κοινωνία</span> <span class='ocrx_word' id='word_1_683' title='bbox 2485 3568 2579 3621; x_wconf 86' lang='grc' dir='ltr'><strong>τοῦ</strong></span> <span class='ocrx_word' id='word_1_684' title='bbox 2625 3569 2780 3638; x_wconf 86' lang='grc' dir='ltr'>ἁγίου</span> <span class='ocrx_word' id='word_1_685' title='bbox 2824 3571 3162 3643; x_wconf 80' lang='grc' dir='ltr'>Πνεῦματος,</span> <span class='ocrx_word' id='word_1_686' title='bbox 3201 3572 3341 3643; x_wconf 84' lang='grc' dir='ltr'>μετὰ</span> <span class='ocrx_word' id='word_1_687' title='bbox 3392 3575 3615 3629; x_wconf 71' lang='grc' dir='ltr'>πάντων</span> 
     </span>
    </p>
   </div>
   <div class='ocr_carea' id='block_1_82' title="bbox 2038 3659 3613 3736">
    <p class='ocr_par' dir='ltr' id='par_1_82' title="bbox 2038 3659 3613 3736">
     <span class='ocr_line' id='line_1_82' title="bbox 2038 3659 3613 3736; baseline 0.003 -25"><span class='ocrx_word' id='word_1_688' title='bbox 2038 3659 2243 3729; x_wconf 80' lang='grc' dir='ltr'>ὑμῶν.»</span> <span class='ocrx_word' id='word_1_689' title='bbox 2287 3660 2349 3712; x_wconf 85' lang='grc' dir='ltr'>Ἦ</span> <span class='ocrx_word' id='word_1_690' title='bbox 2383 3659 2492 3729; x_wconf 84' lang='grc' dir='ltr'>γὰρ</span> <span class='ocrx_word' id='word_1_691' title='bbox 2528 3661 2782 3733; x_wconf 87' lang='grc' dir='ltr'>διδομένη</span> <span class='ocrx_word' id='word_1_692' title='bbox 2807 3663 2967 3734; x_wconf 84' lang='grc' dir='ltr'>χάρις</span> <span class='ocrx_word' id='word_1_693' title='bbox 2997 3662 3091 3716; x_wconf 77' lang='grc' dir='ltr'><strong>καὶ</strong></span> <span class='ocrx_word' id='word_1_694' title='bbox 3127 3662 3306 3732; x_wconf 81' lang='grc' dir='ltr'>δωρεὰ</span> <span class='ocrx_word' id='word_1_695' title='bbox 3338 3666 3396 3717; x_wconf 83' lang='grc' dir='ltr'>ὲν</span> <span class='ocrx_word' id='word_1_696' title='bbox 3420 3664 3613 3736; x_wconf 76' lang='grc' dir='ltr'>Τριὰδι</span> 
     </span>
    </p>
   </div>
   <div class='ocr_carea' id='block_1_83' title="bbox 2035 3752 3608 3830">
    <p class='ocr_par' dir='ltr' id='par_1_83' title="bbox 2035 3752 3608 3830">
     <span class='ocr_line' id='line_1_83' title="bbox 2035 3752 3608 3830; baseline 0.006 -25"><span class='ocrx_word' id='word_1_697' title='bbox 2035 3752 2230 3807; x_wconf 84' lang='grc' dir='ltr'>δίδοται</span> <span class='ocrx_word' id='word_1_698' title='bbox 2263 3754 2417 3825; x_wconf 86' lang='grc' dir='ltr'>παρά</span> <span class='ocrx_word' id='word_1_699' title='bbox 2438 3755 2533 3810; x_wconf 91' lang='grc' dir='ltr'><strong>τοῦ</strong></span> <span class='ocrx_word' id='word_1_700' title='bbox 2559 3756 2770 3828; x_wconf 67' lang='grc' dir='ltr'>Πατρός</span> <span class='ocrx_word' id='word_1_701' title='bbox 2792 3757 2857 3810; x_wconf 78' lang='grc' dir='ltr'>δι’</span> <span class='ocrx_word' id='word_1_702' title='bbox 2876 3756 3011 3811; x_wconf 84' lang='grc' dir='ltr'>Υἱοῦ</span> <span class='ocrx_word' id='word_1_703' title='bbox 3043 3759 3101 3811; x_wconf 83' lang='grc' dir='ltr'>ἐν</span> <span class='ocrx_word' id='word_1_704' title='bbox 3131 3758 3410 3830; x_wconf 73' lang='grc' dir='ltr'>Πνεῦμα-ει</span> <span class='ocrx_word' id='word_1_705' title='bbox 3444 3760 3608 3830; x_wconf 81' lang='grc' dir='ltr'>ἁγίῳ.</span> 
     </span>
    </p>
   </div>
   <div class='ocr_carea' id='block_1_84' title="bbox 2040 3845 3614 3924">
    <p class='ocr_par' dir='ltr' id='par_1_84' title="bbox 2040 3845 3614 3924">
     <span class='ocr_line' id='line_1_84' title="bbox 2040 3845 3614 3924; baseline 0.004 -25"><span class='ocrx_word' id='word_1_706' title='bbox 2040 3845 2245 3919; x_wconf 80' lang='grc' dir='ltr'>Ὠσπερ</span> <span class='ocrx_word' id='word_1_707' title='bbox 2275 3847 2384 3919; x_wconf 81' lang='grc' dir='ltr'>γὰρ</span> <span class='ocrx_word' id='word_1_708' title='bbox 2406 3848 2470 3900; x_wconf 86' lang='grc' dir='ltr'><strong>ὲκ</strong></span> <span class='ocrx_word' id='word_1_709' title='bbox 2495 3848 2588 3902; x_wconf 89' lang='grc' dir='ltr'><strong>τοῦ</strong></span> <span class='ocrx_word' id='word_1_710' title='bbox 2634 3850 2843 3921; x_wconf 79' lang='grc' dir='ltr'>Πατρός</span> <span class='ocrx_word' id='word_1_711' title='bbox 2901 3853 3016 3904; x_wconf 83' lang='grc' dir='ltr'>ἐστι</span> <span class='ocrx_word' id='word_1_712' title='bbox 3056 3850 3124 3903; x_wconf 86' lang='grc' dir='ltr'>δι’</span> <span class='ocrx_word' id='word_1_713' title='bbox 3159 3851 3287 3905; x_wconf 84' lang='grc' dir='ltr'>Υίοῦ</span> <span class='ocrx_word' id='word_1_714' title='bbox 3330 3852 3442 3923; x_wconf 84' lang='grc'>(67)</span> <span class='ocrx_word' id='word_1_715' title='bbox 3471 3855 3504 3924; x_wconf 84' lang='grc' dir='ltr'><strong>ή</strong></span> <span class='ocrx_word' id='word_1_716' title='bbox 3537 3853 3614 3906; x_wconf 87' lang='grc' dir='ltr'>δι-</span> 
     </span>
    </p>
   </div>
   <div class='ocr_carea' id='block_1_85' title="bbox 2035 3936 3613 4013">
    <p class='ocr_par' dir='ltr' id='par_1_85' title="bbox 2035 3936 3613 4013">
     <span class='ocr_line' id='line_1_85' title="bbox 2035 3936 3613 4013; baseline -0.004 -14"><span class='ocrx_word' id='word_1_717' title='bbox 2035 3936 2232 4008; x_wconf 82' lang='grc' dir='ltr'>δομένη</span> <span class='ocrx_word' id='word_1_718' title='bbox 2262 3937 2443 4009; x_wconf 86' lang='grc' dir='ltr'>χάρις,</span> <span class='ocrx_word' id='word_1_719' title='bbox 2490 3937 2662 4003; x_wconf 75' lang='grc' dir='ltr'>οὕτως</span> <span class='ocrx_word' id='word_1_720' title='bbox 2712 3941 2811 3994; x_wconf 85' lang='grc' dir='ltr'><strong>οὐκ</strong></span> <span class='ocrx_word' id='word_1_721' title='bbox 2843 3941 2909 3995; x_wconf 86' lang='grc' dir='ltr'>ἂν</span> <span class='ocrx_word' id='word_1_722' title='bbox 2951 3941 3160 4010; x_wconf 85' lang='grc' dir='ltr'>γένοιτο</span> <span class='ocrx_word' id='word_1_723' title='bbox 3208 3942 3467 3996; x_wconf 86' lang='grc' dir='ltr'>κοινωνία</span> <span class='ocrx_word' id='word_1_724' title='bbox 3514 3942 3613 4013; x_wconf 74' lang='grc' dir='ltr'>τῆς</span> 
     </span>
    </p>
   </div>
   <div class='ocr_carea' id='block_1_86' title="bbox 2034 4027 3609 4104">
    <p class='ocr_par' dir='ltr' id='par_1_86' title="bbox 2034 4027 3609 4104">
     <span class='ocr_line' id='line_1_86' title="bbox 2034 4027 3609 4104; baseline 0.003 -23"><span class='ocrx_word' id='word_1_725' title='bbox 2034 4027 2234 4092; x_wconf 86' lang='grc' dir='ltr'>δόσεως</span> <span class='ocrx_word' id='word_1_726' title='bbox 2267 4029 2324 4081; x_wconf 85' lang='grc' dir='ltr'>ὲν</span> <span class='ocrx_word' id='word_1_727' title='bbox 2356 4031 2507 4100; x_wconf 80' lang='grc' dir='ltr'>ἡμῖν,</span> <span class='ocrx_word' id='word_1_728' title='bbox 2555 4031 2605 4084; x_wconf 86' lang='grc' dir='ltr'><strong>εί</strong></span> <span class='ocrx_word' id='word_1_729' title='bbox 2661 4031 2734 4102; x_wconf 81' lang='grc' dir='ltr'>μὴ</span> <span class='ocrx_word' id='word_1_730' title='bbox 2791 4033 2848 4085; x_wconf 80' lang='grc' dir='ltr'>ἐν</span> <span class='ocrx_word' id='word_1_731' title='bbox 2889 4031 2967 4102; x_wconf 79' lang='grc' dir='ltr'>τῷ</span> <span class='ocrx_word' id='word_1_732' title='bbox 2995 4030 3272 4102; x_wconf 75' lang='grc' dir='ltr'>Πνεῦματι</span> <span class='ocrx_word' id='word_1_733' title='bbox 3320 4033 3396 4104; x_wconf 81' lang='grc' dir='ltr'>τῷ</span> <span class='ocrx_word' id='word_1_734' title='bbox 3446 4032 3609 4103; x_wconf 86' lang='grc' dir='ltr'>ἁγίῳ.</span> 
     </span>
    </p>
   </div>
   <div class='ocr_carea' id='block_1_87' title="bbox 2035 4119 3611 4196">
    <p class='ocr_par' dir='ltr' id='par_1_87' title="bbox 2035 4119 3611 4196">
     <span class='ocr_line' id='line_1_87' title="bbox 2035 4119 3611 4196; baseline 0.003 -25"><span class='ocrx_word' id='word_1_735' title='bbox 2035 4119 2236 4173; x_wconf 87' lang='grc' dir='ltr'>Τούτου</span> <span class='ocrx_word' id='word_1_736' title='bbox 2295 4119 2403 4191; x_wconf 84' lang='grc' dir='ltr'>γὰρ</span> <span class='ocrx_word' id='word_1_737' title='bbox 2454 4120 2790 4192; x_wconf 85' lang='grc' dir='ltr'>μετέχοντες,</span> <span class='ocrx_word' id='word_1_738' title='bbox 2844 4123 3037 4194; x_wconf 82' lang='grc' dir='ltr'>ἔχομεν</span> <span class='ocrx_word' id='word_1_739' title='bbox 3091 4123 3185 4179; x_wconf 89' lang='grc' dir='ltr'><strong>τοῦ</strong></span> <span class='ocrx_word' id='word_1_740' title='bbox 3240 4124 3457 4196; x_wconf 84' lang='grc' dir='ltr'>Πατρὸς</span> <span class='ocrx_word' id='word_1_741' title='bbox 3512 4123 3611 4195; x_wconf 86' lang='grc' dir='ltr'><strong>τὴν</strong></span> 
     </span>
    </p>
   </div>
   <div class='ocr_carea' id='block_1_88' title="bbox 2035 4209 3611 4289">
    <p class='ocr_par' dir='ltr' id='par_1_88' title="bbox 2035 4209 3611 4289">
     <span class='ocr_line' id='line_1_88' title="bbox 2035 4209 3611 4289; baseline 0.004 -27"><span class='ocrx_word' id='word_1_742' title='bbox 2035 4209 2277 4281; x_wconf 86' lang='grc' dir='ltr'>ἀγάπην,</span> <span class='ocrx_word' id='word_1_743' title='bbox 2327 4212 2549 4265; x_wconf 74' lang='grc' dir='ltr'>καὶτοῦ</span> <span class='ocrx_word' id='word_1_744' title='bbox 2604 4213 2734 4268; x_wconf 83' lang='grc' dir='ltr'>Υίοῦ</span> <span class='ocrx_word' id='word_1_745' title='bbox 2782 4215 2880 4287; x_wconf 79' lang='grc' dir='ltr'>τὴν</span> <span class='ocrx_word' id='word_1_746' title='bbox 2936 4216 3116 4289; x_wconf 87' lang='grc' dir='ltr'>χάριν,</span> <span class='ocrx_word' id='word_1_747' title='bbox 3174 4216 3267 4270; x_wconf 77' lang='grc' dir='ltr'>καὶ</span> <span class='ocrx_word' id='word_1_748' title='bbox 3315 4216 3485 4271; x_wconf 81' lang='grc' dir='ltr'>αὐτοῦ</span> <span class='ocrx_word' id='word_1_749' title='bbox 3513 4213 3611 4270; x_wconf 88' lang='grc' dir='ltr'><strong>τοῦ</strong></span> 
     </span>
    </p>
   </div>
   <div class='ocr_carea' id='block_1_89' title="bbox 2034 4291 3365 4375">
    <p class='ocr_par' dir='ltr' id='par_1_89' title="bbox 2034 4291 3365 4375">
     <span class='ocr_line' id='line_1_89' title="bbox 2034 4291 3365 4375; baseline 0.008 -22"><span class='ocrx_word' id='word_1_750' title='bbox 2034 4301 2171 4355; x_wconf 82' lang='grc' dir='ltr'>Πνεύ</span> <span class='ocrx_word' id='word_1_751' title='bbox 2178 4319 2344 4373; x_wconf 89' lang='grc' dir='ltr'>ματος</span> <span class='ocrx_word' id='word_1_752' title='bbox 2373 4302 2472 4375; x_wconf 74' lang='grc' dir='ltr'>τὴν</span> <span class='ocrx_word' id='word_1_753' title='bbox 2508 4306 2809 4362; x_wconf 87' lang='grc' dir='ltr'>κοινωνίαν.</span> <span class='ocrx_word' id='word_1_754' title='bbox 3360 4291 3365 4297; x_wconf 38' lang='grc'><strong>’</strong></span> 
     </span>
    </p>
   </div>
   <div class='ocr_carea' id='block_1_90' title="bbox 2097 4394 3611 4473">
    <p class='ocr_par' dir='ltr' id='par_1_90' title="bbox 2097 4394 3611 4473">
     <span class='ocr_line' id='line_1_90' title="bbox 2097 4394 3611 4473; baseline 0.005 -25"><span class='ocrx_word' id='word_1_755' title='bbox 2097 4394 2183 4449; x_wconf 80' lang='grc'><strong>51.</strong></span> <span class='ocrx_word' id='word_1_756' title='bbox 2221 4394 2334 4449; x_wconf 87' lang='grc' dir='ltr'>Μία</span> <span class='ocrx_word' id='word_1_757' title='bbox 2365 4398 2472 4468; x_wconf 84' lang='grc' dir='ltr'>ἄρα</span> <span class='ocrx_word' id='word_1_758' title='bbox 2510 4396 2602 4452; x_wconf 74' lang='grc' dir='ltr'><strong>καὶ</strong></span> <span class='ocrx_word' id='word_1_759' title='bbox 2634 4400 2697 4452; x_wconf 82' lang='grc' dir='ltr'>ἐκ</span> <span class='ocrx_word' id='word_1_760' title='bbox 2725 4399 2929 4454; x_wconf 82' lang='grc' dir='ltr'>τούτων</span> <span class='ocrx_word' id='word_1_761' title='bbox 2969 4403 3001 4472; x_wconf 84' lang='grc' dir='ltr'>ή</span> <span class='ocrx_word' id='word_1_762' title='bbox 3049 4403 3148 4472; x_wconf 82' lang='grc' dir='ltr'><strong>τῆς</strong></span> <span class='ocrx_word' id='word_1_763' title='bbox 3179 4402 3409 4473; x_wconf 83' lang='grc' dir='ltr'>Τριάδος</span> <span class='ocrx_word' id='word_1_764' title='bbox 3455 4400 3611 4473; x_wconf 86' lang='grc' dir='ltr'>ὲνέρ-</span> 
     </span>
    </p>
   </div>
   <div class='ocr_carea' id='block_1_91' title="bbox 2032 4485 3612 4565">
    <p class='ocr_par' dir='ltr' id='par_1_91' title="bbox 2032 4485 3612 4565">
     <span class='ocr_line' id='line_1_91' title="bbox 2032 4485 3612 4565; baseline 0.004 -27"><span class='ocrx_word' id='word_1_765' title='bbox 2032 4502 2155 4555; x_wconf 75' lang='grc' dir='ltr'>γεια</span> <span class='ocrx_word' id='word_1_766' title='bbox 2176 4485 2465 4541; x_wconf 88' lang='grc' dir='ltr'>δείκνυται.</span> <span class='ocrx_word' id='word_1_767' title='bbox 2496 4489 2573 4542; x_wconf 81' lang='grc' dir='ltr'><strong>Οὐ</strong></span> <span class='ocrx_word' id='word_1_768' title='bbox 2598 4490 2706 4562; x_wconf 81' lang='grc' dir='ltr'>γὰρ</span> <span class='ocrx_word' id='word_1_769' title='bbox 2729 4491 2804 4555; x_wconf 87' lang='grc' dir='ltr'>ὡς</span> <span class='ocrx_word' id='word_1_770' title='bbox 2830 4492 2961 4564; x_wconf 81' lang='grc' dir='ltr'>παρ’</span> <span class='ocrx_word' id='word_1_771' title='bbox 2990 4492 3219 4546; x_wconf 76' lang='grc' dir='ltr'>ἑκάστου</span> <span class='ocrx_word' id='word_1_772' title='bbox 3243 4493 3482 4565; x_wconf 82' lang='grc' dir='ltr'>διάφορα</span> <span class='ocrx_word' id='word_1_773' title='bbox 3512 4493 3612 4546; x_wconf 72' lang='grc' dir='ltr'><strong>καὶ</strong></span> 
     </span>
    </p>
   </div>
   <div class='ocr_carea' id='block_1_92' title="bbox 368 4561 1937 4655">
    <p class='ocr_par' dir='ltr' id='par_1_92' title="bbox 368 4561 1931 4642">
     <span class='ocr_line' id='line_1_92' title="bbox 368 4561 1931 4642; baseline 0.01 -27"><span class='ocrx_word' id='word_1_774' title='bbox 368 4561 436 4617; x_wconf 85' lang='lat' dir='ltr'><strong>lis</strong></span> <span class='ocrx_word' id='word_1_775' title='bbox 458 4562 726 4634; x_wconf 78' lang='lat' dir='ltr'><strong>signiﬁcat</strong></span> <span class='ocrx_word' id='word_1_776' title='bbox 747 4564 1062 4635; x_wconf 86' lang='lat' dir='ltr'><strong>Apostolus,</strong></span> <span class='ocrx_word' id='word_1_777' title='bbox 1095 4570 1190 4625; x_wconf 90' lang='lat' dir='ltr'><strong>sed</strong></span> <span class='ocrx_word' id='word_1_778' title='bbox 1219 4586 1280 4625; x_wconf 89' lang='lat' dir='ltr'><strong>ea</strong></span> <span class='ocrx_word' id='word_1_779' title='bbox 1303 4588 1425 4642; x_wconf 81' lang='lat' dir='ltr'><strong>quae</strong></span> <span class='ocrx_word' id='word_1_780' title='bbox 1444 4573 1662 4639; x_wconf 78' lang='lat' dir='ltr'><strong>dantur,</strong></span> <span class='ocrx_word' id='word_1_781' title='bbox 1715 4575 1768 4629; x_wconf 89' lang='lat' dir='ltr'><strong>iu</strong></span> <span class='ocrx_word' id='word_1_782' title='bbox 1810 4574 1931 4630; x_wconf 85' lang='lat' dir='ltr'><strong>Tri-</strong></span> 
     </span>
    </p>
   </div>
   <div class='ocr_carea' id='block_1_93' title="bbox 2043 4561 3607 4655">
    <p class='ocr_par' dir='ltr' id='par_1_93' title="bbox 2043 4561 3607 4655">
     <span class='ocr_line' id='line_1_93' title="bbox 2043 4561 3607 4655; baseline 0.006 -26"><span class='ocrx_word' id='word_1_783' title='bbox 2043 4577 2335 4649; x_wconf 70' lang='grc' dir='ltr'>Βιῃρημένα</span> <span class='ocrx_word' id='word_1_784' title='bbox 2361 4579 2428 4632; x_wconf 76' lang='grc' dir='ltr'><strong>τὰ</strong></span> <span class='ocrx_word' id='word_1_785' title='bbox 2457 4561 2709 4652; x_wconf 83' lang='grc' dir='ltr'>διδόμενα</span> <span class='ocrx_word' id='word_1_786' title='bbox 2738 4561 2993 4655; x_wconf 80' lang='grc' dir='ltr'>σημαίνει</span> <span class='ocrx_word' id='word_1_787' title='bbox 3017 4586 3047 4638; x_wconf 91' lang='lat'><strong>6</strong></span> <span class='ocrx_word' id='word_1_788' title='bbox 3099 4561 3420 4650; x_wconf 79' lang='grc' dir='ltr'>Ἀπόστολος</span> <span class='ocrx_word' id='word_1_789' title='bbox 3440 4603 3455 4616; x_wconf 89' lang='grc'><strong>·</strong></span> <span class='ocrx_word' id='word_1_790' title='bbox 3489 4585 3607 4640; x_wconf 83' lang='grc' dir='ltr'>ἀλλ’</span> 
     </span>
    </p>
   </div>
   <div class='ocr_carea' id='block_1_94' title="bbox 437 4739 1937 4823">
    <p class='ocr_par' dir='ltr' id='par_1_94' title="bbox 437 4739 1937 4815">
     <span class='ocr_line' id='line_1_94' title="bbox 437 4739 1937 4815; baseline 0.012 -21"><span class='ocrx_word' id='word_1_791' title='bbox 437 4740 483 4772; x_wconf 79' lang='grc'><strong>⁸⁷</strong></span> <span class='ocrx_word' id='word_1_792' title='bbox 523 4739 543 4793; x_wconf 91' lang='lat' dir='ltr'><strong>l</strong></span> <span class='ocrx_word' id='word_1_793' title='bbox 575 4741 700 4798; x_wconf 89' lang='lat' dir='ltr'><strong>Cor.</strong></span> <span class='ocrx_word' id='word_1_794' title='bbox 738 4760 835 4809; x_wconf 80' lang='lat' dir='ltr'><strong>xu,</strong></span> <span class='ocrx_word' id='word_1_795' title='bbox 868 4745 988 4802; x_wconf 76' lang='grc'><strong>4-6.</strong></span> <span class='ocrx_word' id='word_1_796' title='bbox 1063 4747 1109 4780; x_wconf 82' lang='grc'>⁸⁸</span> <span class='ocrx_word' id='word_1_797' title='bbox 1145 4746 1303 4804; x_wconf 80' lang='lat' dir='ltr'><strong>Joan.</strong></span> <span class='ocrx_word' id='word_1_798' title='bbox 1334 4765 1449 4815; x_wconf 69' lang='lat' dir='ltr'><strong>xxv,</strong></span> <span class='ocrx_word' id='word_1_799' title='bbox 1478 4751 1569 4806; x_wconf 72' lang='lat'><strong>25.</strong></span> <span class='ocrx_word' id='word_1_800' title='bbox 1643 4753 1689 4785; x_wconf 81' lang='grc'><strong>⁸⁹</strong></span> <span class='ocrx_word' id='word_1_801' title='bbox 1725 4755 1772 4810; x_wconf 91' lang='lat' dir='ltr'><strong>ll</strong></span> <span class='ocrx_word' id='word_1_802' title='bbox 1808 4756 1937 4813; x_wconf 84' lang='lat' dir='ltr'><strong>Cor.</strong></span> 
     </span>
    </p>
   </div>
   <div class='ocr_carea' id='block_1_95' title="bbox 2043 4739 2211 4823">
    <p class='ocr_par' dir='ltr' id='par_1_95' title="bbox 2044 4762 2211 4823">
     <span class='ocr_line' id='line_1_95' title="bbox 2044 4762 2211 4823; baseline 0.012 -8"><span class='ocrx_word' id='word_1_803' title='bbox 2044 4773 2087 4823; x_wconf 63' lang='lat'><strong>~1,</strong></span> <span class='ocrx_word' id='word_1_804' title='bbox 2124 4762 2211 4818; x_wconf 77' lang='grc'><strong>13.</strong></span> 
     </span>
    </p>
   </div>
   <div class='ocr_carea' id='block_1_96' title="bbox 436 4898 1931 4982">
    <p class='ocr_par' dir='ltr' id='par_1_96' title="bbox 436 4898 1931 4982">
     <span class='ocr_line' id='line_1_96' title="bbox 436 4898 1931 4982; baseline 0.011 -29"><span class='ocrx_word' id='word_1_805' title='bbox 436 4898 550 4982; x_wconf 81' lang='grc'>(60)</span> <span class='ocrx_word' id='word_1_806' title='bbox 591 4899 682 4982; x_wconf 63' lang='lat' dir='ltr'><strong>Sic</strong></span> <span class='ocrx_word' id='word_1_807' title='bbox 732 4904 932 4982; x_wconf 76' lang='lat' dir='ltr'><strong>Regius</strong></span> <span class='ocrx_word' id='word_1_808' title='bbox 980 4910 1210 4982; x_wconf 83' lang='lat' dir='ltr'><strong>primus,</strong></span> <span class='ocrx_word' id='word_1_809' title='bbox 1266 4907 1391 4982; x_wconf 79' lang='lat' dir='ltr'><strong>Seg.</strong></span> <span class='ocrx_word' id='word_1_810' title='bbox 1426 4908 1583 4982; x_wconf 26' lang='lat' dir='ltr'><strong>‘Gohl.</strong></span> <span class='ocrx_word' id='word_1_811' title='bbox 1608 4920 1662 4966; x_wconf 90' lang='lat' dir='ltr'><strong>et</strong></span> <span class='ocrx_word' id='word_1_812' title='bbox 1689 4912 1931 4970; x_wconf 86' lang='lat' dir='ltr'><strong>Felckm.</strong></span> 
     </span>
    </p>
   </div>
   <div class='ocr_carea' id='block_1_97' title="bbox 367 4973 1933 5059">
    <p class='ocr_par' dir='ltr' id='par_1_97' title="bbox 367 4973 1933 5059">
     <span class='ocr_line' id='line_1_97' title="bbox 367 4973 1933 5059; baseline 0.011 -37"><span class='ocrx_word' id='word_1_813' title='bbox 367 4973 592 5059; x_wconf 49' lang='lat' dir='ltr'><strong>primus.</strong></span> <span class='ocrx_word' id='word_1_814' title='bbox 618 4973 836 5059; x_wconf 59' lang='lat' dir='ltr'><strong>Caeteri&#39;</strong></span> <span class='ocrx_word' id='word_1_815' title='bbox 850 4973 1054 5034; x_wconf 58' lang='lat' dir='ltr'><strong>vero&#39;et</strong></span> <span class='ocrx_word' id='word_1_816' title='bbox 1085 4981 1239 5045; x_wconf 88' lang='lat' dir='ltr'><strong>editi,</strong></span> <span class='ocrx_word' id='word_1_817' title='bbox 1280 4981 1315 5051; x_wconf 82' lang='grc' dir='ltr'><strong>ή</strong></span> <span class='ocrx_word' id='word_1_818' title='bbox 1342 4973 1480 5049; x_wconf 72' lang='grc' dir='ltr'>ἆγία</span> <span class='ocrx_word' id='word_1_819' title='bbox 1511 4981 1678 5053; x_wconf 81' lang='grc' dir='ltr'>Τριὰς</span> <span class='ocrx_word' id='word_1_820' title='bbox 1706 4984 1771 5036; x_wconf 83' lang='grc' dir='ltr'><strong>ἐν</strong></span> <span class='ocrx_word' id='word_1_821' title='bbox 1797 4986 1933 5059; x_wconf 81' lang='grc' dir='ltr'>αὐτῇ</span> 
     </span>
    </p>
   </div>
   <div class='ocr_carea' id='block_1_98' title="bbox 366 5044 977 5108">
    <p class='ocr_par' dir='ltr' id='par_1_98' title="bbox 366 5044 977 5108">
     <span class='ocr_line' id='line_1_98' title="bbox 366 5044 977 5108; baseline 0.016 -15"><span class='ocrx_word' id='word_1_822' title='bbox 366 5044 518 5100; x_wconf 75' lang='grc' dir='ltr'>οὖσα,</span> <span class='ocrx_word' id='word_1_823' title='bbox 549 5044 660 5108; x_wconf 87' lang='grc' dir='ltr'>καί,</span> <span class='ocrx_word' id='word_1_824' title='bbox 690 5056 796 5100; x_wconf 87' lang='lat' dir='ltr'><strong>etc.</strong></span> <span class='ocrx_word' id='word_1_825' title='bbox 962 5063 977 5076; x_wconf 86' lang='lat'>&#39;</span> 
     </span>
    </p>
   </div>
   <div class='ocr_carea' id='block_1_99' title="bbox 401 5111 1932 5193">
    <p class='ocr_par' dir='ltr' id='par_1_99' title="bbox 401 5111 1932 5193">
     <span class='ocr_line' id='line_1_99' title="bbox 401 5111 1932 5193; baseline 0.011 -29"><span class='ocrx_word' id='word_1_826' title='bbox 401 5111 548 5193; x_wconf 70' lang='lat'><strong>_(61)</strong></span> <span class='ocrx_word' id='word_1_827' title='bbox 586 5113 745 5193; x_wconf 83' lang='lat' dir='ltr'><strong>_Gob|.</strong></span> <span class='ocrx_word' id='word_1_828' title='bbox 777 5125 832 5171; x_wconf 81' lang='lat' dir='ltr'><strong>et</strong></span> <span class='ocrx_word' id='word_1_829' title='bbox 848 5117 1118 5193; x_wconf 81' lang='lat' dir='ltr'><strong>_Felckm._</strong></span> <span class='ocrx_word' id='word_1_830' title='bbox 1142 5119 1377 5193; x_wconf 72' lang='lat' dir='ltr'><strong>primus,</strong></span> <span class='ocrx_word' id='word_1_831' title='bbox 1412 5121 1622 5186; x_wconf 80' lang='grc' dir='ltr'>ἓνωσις.</span> <span class='ocrx_word' id='word_1_832' title='bbox 1658 5124 1778 5179; x_wconf 73' lang='lat' dir='ltr'><strong>Mox</strong></span> <span class='ocrx_word' id='word_1_833' title='bbox 1824 5124 1932 5182; x_wconf 82' lang='lat' dir='ltr'><strong>Re-</strong></span> 
     </span>
    </p>
   </div>
   <div class='ocr_carea' id='block_1_100' title="bbox 364 5183 1859 5266">
    <p class='ocr_par' dir='ltr' id='par_1_100' title="bbox 364 5183 1859 5266">
     <span class='ocr_line' id='line_1_100' title="bbox 364 5183 1859 5266; baseline 0.011 -34"><span class='ocrx_word' id='word_1_834' title='bbox 364 5183 728 5266; x_wconf 39' lang='lat' dir='ltr'><strong>giusf‘pri&#39;r‘nus</strong></span> <span class='ocrx_word' id='word_1_835' title='bbox 762 5197 816 5242; x_wconf 92' lang='lat' dir='ltr'><strong>et</strong></span> <span class='ocrx_word' id='word_1_836' title='bbox 844 5187 992 5266; x_wconf 57' lang='lat'><strong>$93.,</strong></span> <span class='ocrx_word' id='word_1_837' title='bbox 1019 5183 1244 5266; x_wconf 65' lang='grc' dir='ltr'>ταύτην.</span> <span class='ocrx_word' id='word_1_838' title='bbox 1278 5191 1382 5245; x_wconf 87' lang='lat' dir='ltr'><strong>Alii</strong></span> <span class='ocrx_word' id='word_1_839' title='bbox 1409 5183 1637 5266; x_wconf 77' lang='lat' dir='ltr'><strong>et_editi,</strong></span> <span class='ocrx_word' id='word_1_840' title='bbox 1670 5196 1859 5266; x_wconf 83' lang='grc' dir='ltr'>αὐτήν.</span> 
     </span>
    </p>
   </div>
   <div class='ocr_carea' id='block_1_101' title="bbox 435 5251 1932 5341">
    <p class='ocr_par' dir='ltr' id='par_1_101' title="bbox 435 5251 1932 5341">
     <span class='ocr_line' id='line_1_101' title="bbox 435 5251 1932 5341; baseline 0.009 -36"><span class='ocrx_word' id='word_1_841' title='bbox 589 5253 681 5341; x_wconf 44' lang='grc' dir='ltr'><strong>ΕΞ.</strong></span> <span class='ocrx_word' id='word_1_842' title='bbox 700 5272 831 5341; x_wconf 85' lang='lat' dir='ltr'><strong>mss.</strong></span> <span class='ocrx_word' id='word_1_843' title='bbox 1018 5261 1042 5314; x_wconf 81' lang='grc'><strong>1</strong></span> <span class='ocrx_word' id='word_1_844' title='bbox 1071 5272 1127 5341; x_wconf 72' lang='lat' dir='ltr'><strong>et</strong></span> <span class='ocrx_word' id='word_1_845' title='bbox 1143 5251 1199 5326; x_wconf 71' lang='lat'><strong>2,</strong></span> <span class='ocrx_word' id='word_1_846' title='bbox 1226 5275 1432 5341; x_wconf 83' lang='lat' dir='ltr'><strong>necnon</strong></span> <span class='ocrx_word' id='word_1_847' title='bbox 1459 5261 1583 5341; x_wconf 78' lang='lat' dir='ltr'><strong>Seg.</strong></span> <span class='ocrx_word' id='word_1_848' title='bbox 1608 5251 1932 5320; x_wconf 46' lang='lat' dir='ltr'><strong>vocem&#39;xet;</strong></span> 
     </span>
    </p>
   </div>
   <div class='ocr_carea' id='block_1_102' title="bbox 364 5326 1660 5390">
    <p class='ocr_par' dir='ltr' id='par_1_102' title="bbox 364 5326 1660 5390">
     <span class='ocr_line' id='line_1_102' title="bbox 364 5326 1660 5390; baseline 0.014 -19"><span class='ocrx_word' id='word_1_849' title='bbox 364 5335 477 5390; x_wconf 85' lang='grc' dir='ltr'><strong>σμα</strong></span> <span class='ocrx_word' id='word_1_850' title='bbox 512 5326 565 5375; x_wconf 90' lang='lat' dir='ltr'><strong>in</strong></span> <span class='ocrx_word' id='word_1_851' title='bbox 594 5326 715 5380; x_wconf 90' lang='lat' dir='ltr'><strong>aliis</strong></span> <span class='ocrx_word' id='word_1_852' title='bbox 749 5337 803 5382; x_wconf 91' lang='lat' dir='ltr'><strong>et</strong></span> <span class='ocrx_word' id='word_1_853' title='bbox 826 5326 987 5384; x_wconf 86' lang='lat' dir='ltr'><strong>editis</strong></span> <span class='ocrx_word' id='word_1_854' title='bbox 1012 5332 1269 5386; x_wconf 87' lang='lat' dir='ltr'><strong>omissam</strong></span> <span class='ocrx_word' id='word_1_855' title='bbox 1305 5326 1660 5389; x_wconf 74' lang='lat' dir='ltr'><strong>restituimus.</strong></span> 
     </span>
    </p>
   </div>
   <div class='ocr_carea' id='block_1_103' title="bbox 437 5390 1931 5472">
    <p class='ocr_par' dir='ltr' id='par_1_103' title="bbox 437 5390 1931 5472">
     <span class='ocr_line' id='line_1_103' title="bbox 437 5390 1931 5472; baseline 0.002 -15"><span class='ocrx_word' id='word_1_856' title='bbox 437 5390 547 5472; x_wconf 36' lang='grc' dir='ltr'><strong>(εἶδ’)</strong></span> <span class='ocrx_word' id='word_1_857' title='bbox 587 5393 719 5472; x_wconf 49' lang='lat' dir='ltr'><strong>lieg.</strong></span> <span class='ocrx_word' id='word_1_858' title='bbox 748 5397 797 5459; x_wconf 83' lang='lat' dir='ltr'><strong>l,</strong></span> <span class='ocrx_word' id='word_1_859' title='bbox 831 5397 955 5470; x_wconf 84' lang='lat' dir='ltr'><strong>Seg.</strong></span> <span class='ocrx_word' id='word_1_860' title='bbox 979 5401 1191 5472; x_wconf 82' lang='lat' dir='ltr'><strong>Anglic.</strong></span> <span class='ocrx_word' id='word_1_861' title='bbox 1218 5399 1376 5456; x_wconf 85' lang='lat' dir='ltr'><strong>Gobl.</strong></span> <span class='ocrx_word' id='word_1_862' title='bbox 1411 5412 1465 5458; x_wconf 90' lang='lat' dir='ltr'><strong>et</strong></span> <span class='ocrx_word' id='word_1_863' title='bbox 1488 5402 1726 5460; x_wconf 86' lang='lat' dir='ltr'><strong>Felckm.</strong></span> <span class='ocrx_word' id='word_1_864' title='bbox 1753 5405 1806 5472; x_wconf 75' lang='grc'>1,</span> <span class='ocrx_word' id='word_1_865' title='bbox 1830 5406 1931 5460; x_wconf 71' lang='grc' dir='ltr'>καὶ</span> 
     </span>
    </p>
   </div>
   <div class='ocr_carea' id='block_1_104' title="bbox 359 5457 818 5537">
    <p class='ocr_par' dir='ltr' id='par_1_104' title="bbox 359 5457 818 5537">
     <span class='ocr_line' id='line_1_104' title="bbox 359 5457 818 5537; baseline -0.011 0"><span class='ocrx_word' id='word_1_866' title='bbox 359 5457 390 5510; x_wconf 73' lang='grc' dir='ltr'><strong>ὁ</strong></span> <span class='ocrx_word' id='word_1_867' title='bbox 416 5461 580 5537; x_wconf 62' lang='grc' dir='ltr'><strong>σξιέῖὸς</strong></span> <span class='ocrx_word' id='word_1_868' title='bbox 599 5457 818 5537; x_wconf 61' lang='grc' dir='ltr'><strong>Κύριος⁵</strong></span> 
     </span>
    </p>
   </div>
   <div class='ocr_carea' id='block_1_105' title="bbox 432 5529 1923 5617">
    <p class='ocr_par' dir='ltr' id='par_1_105' title="bbox 432 5529 1923 5617">
     <span class='ocr_line' id='line_1_105' title="bbox 432 5529 1923 5617; baseline 0.01 -30"><span class='ocrx_word' id='word_1_869' title='bbox 432 5529 545 5612; x_wconf 73' lang='grc'>(64)</span> <span class='ocrx_word' id='word_1_870' title='bbox 587 5529 923 5617; x_wconf 40' lang='lat' dir='ltr'><strong>Si‘chegius</strong></span> <span class='ocrx_word' id='word_1_871' title='bbox 970 5541 1207 5617; x_wconf 70' lang='lat' dir='ltr'><strong>primus.</strong></span> <span class='ocrx_word' id='word_1_872' title='bbox 1237 5541 1363 5617; x_wconf 67' lang='lat' dir='ltr'><strong>Seg.</strong></span> <span class='ocrx_word' id='word_1_873' title='bbox 1395 5543 1551 5617; x_wconf 71' lang='lat' dir='ltr'><strong>Gobl.</strong></span> <span class='ocrx_word' id='word_1_874' title='bbox 1599 5554 1659 5617; x_wconf 89' lang='lat' dir='ltr'><strong>et</strong></span> <span class='ocrx_word' id='word_1_875' title='bbox 1685 5536 1923 5602; x_wconf 83' lang='lat' dir='ltr'><strong>Felckm.</strong></span> 
     </span>
    </p>
   </div>
   <div class='ocr_carea' id='block_1_106' title="bbox 363 5603 1929 5720">
    <p class='ocr_par' dir='ltr' id='par_1_106' title="bbox 363 5603 1929 5720">
     <span class='ocr_line' id='line_1_106' title="bbox 363 5603 1929 5720; baseline 0.014 -70"><span class='ocrx_word' id='word_1_876' title='bbox 363 5603 592 5720; x_wconf 57' lang='lat' dir='ltr'><strong>Erimus.</strong></span> <span class='ocrx_word' id='word_1_877' title='bbox 622 5603 763 5659; x_wconf 88' lang='lat' dir='ltr'><strong>Editi</strong></span> <span class='ocrx_word' id='word_1_878' title='bbox 805 5603 991 5664; x_wconf 71' lang='lat' dir='ltr'><strong>autem</strong></span> <span class='ocrx_word' id='word_1_879' title='bbox 1027 5622 1081 5664; x_wconf 91' lang='lat' dir='ltr'><strong>et</strong></span> <span class='ocrx_word' id='word_1_880' title='bbox 1116 5612 1230 5676; x_wconf 83' lang='lat' dir='ltr'><strong>alii,</strong></span> <span class='ocrx_word' id='word_1_881' title='bbox 1265 5603 1377 5667; x_wconf 51' lang='lat' dir='ltr'><strong>Kval</strong></span> <span class='ocrx_word' id='word_1_882' title='bbox 1405 5614 1499 5667; x_wconf 88' lang='grc' dir='ltr'><strong>τοῦ</strong></span> <span class='ocrx_word' id='word_1_883' title='bbox 1526 5616 1840 5688; x_wconf 79' lang='grc' dir='ltr'>Πνεῦματος</span> <span class='ocrx_word' id='word_1_884' title='bbox 1871 5619 1929 5672; x_wconf 86' lang='grc' dir='ltr'>δὲ</span> 
     </span>
     <span class='ocr_line' id='line_1_107' title="bbox 396 5675 1911 5720; baseline 0 0"><span class='ocrx_word' id='word_1_885' title='bbox 396 5687 516 5720; x_wconf 74' lang='grc' dir='ltr'>ντος</span> <span class='ocrx_word' id='word_1_886' title='bbox 563 5675 621 5720; x_wconf 73' lang='grc' dir='ltr'>ἐν</span> <span class='ocrx_word' id='word_1_887' title='bbox 664 5675 815 5720; x_wconf 64' lang='grc' dir='ltr'>ἦιιΐν-</span> <span class='ocrx_word' id='word_1_888' title='bbox 851 5680 945 5720; x_wconf 71' lang='grc' dir='ltr'>νηὶ</span> <span class='ocrx_word' id='word_1_889' title='bbox 994 5682 1053 5720; x_wconf 64' lang='grc' dir='ltr'><strong><em>ἐν</em></strong></span> <span class='ocrx_word' id='word_1_890' title='bbox 1095 5682 1270 5720; x_wconf 57' lang='grc' dir='ltr'><strong>ηηνῖιηή</strong></span> <span class='ocrx_word' id='word_1_891' title='bbox 1301 5683 1451 5720; x_wconf 63' lang='grc' dir='ltr'>...ἰ-π.</span> <span class='ocrx_word' id='word_1_892' title='bbox 1481 5686 1628 5720; x_wconf 63' lang='grc' dir='ltr'><strong>ὅπη-η.</strong></span> <span class='ocrx_word' id='word_1_893' title='bbox 1658 5690 1688 5720; x_wconf 68' lang='grc' dir='ltr'><strong>Α</strong></span> <span class='ocrx_word' id='word_1_894' title='bbox 1721 5689 1911 5720; x_wconf 53' lang='lat' dir='ltr'><strong>unus-</strong></span> 
     </span>
    </p>
   </div>
   <div class='ocr_carea' id='block_1_107' title="bbox 396 5675 1931 5760">
    <p class='ocr_par' dir='ltr' id='par_1_107' title="bbox 396 5675 1931 5760">
     <span class='ocr_line' id='line_1_108' title="bbox 396 5675 1931 5760; baseline 0.014 -39"><span class='ocrx_word' id='word_1_895' title='bbox 396 5675 621 5760; x_wconf 30' lang='grc' dir='ltr'>ντρςέὲν</span> <span class='ocrx_word' id='word_1_896' title='bbox 664 5675 827 5760; x_wconf 56' lang='grc' dir='ltr'><strong>ἡμίν,Δ</strong></span> <span class='ocrx_word' id='word_1_897' title='bbox 851 5680 945 5731; x_wconf 77' lang='grc' dir='ltr'><strong>καὶ</strong></span> <span class='ocrx_word' id='word_1_898' title='bbox 994 5682 1053 5760; x_wconf 65' lang='grc' dir='ltr'><strong>έν</strong></span> <span class='ocrx_word' id='word_1_899' title='bbox 1095 5682 1270 5753; x_wconf 82' lang='grc' dir='ltr'>τούτῳ</span> <span class='ocrx_word' id='word_1_900' title='bbox 1285 5683 1451 5760; x_wconf 45' lang='grc' dir='ltr'>ἀῦτῷ</span> <span class='ocrx_word' id='word_1_901' title='bbox 1480 5686 1628 5739; x_wconf 83' lang='grc' dir='ltr'>ἐστιν</span> <span class='ocrx_word' id='word_1_902' title='bbox 1658 5675 1688 5741; x_wconf 81' lang='lat'><strong>6</strong></span> <span class='ocrx_word' id='word_1_903' title='bbox 1720 5675 1931 5760; x_wconf 69' lang='grc' dir='ltr'>Πατήρ,</span> 
     </span>
    </p>
   </div>
   <div class='ocr_carea' id='block_1_108' title="bbox 362 5751 1931 5814">
    <p class='ocr_par' dir='ltr' id='par_1_108' title="bbox 362 5751 1931 5814">
     <span class='ocr_line' id='line_1_109' title="bbox 362 5751 1931 5814; baseline 0.015 -22"><span class='ocrx_word' id='word_1_904' title='bbox 362 5751 582 5798; x_wconf 79' lang='lat' dir='ltr'><strong>omissis</strong></span> <span class='ocrx_word' id='word_1_905' title='bbox 606 5760 727 5814; x_wconf 77' lang='lat' dir='ltr'><strong>qua:</strong></span> <span class='ocrx_word' id='word_1_906' title='bbox 756 5751 1074 5805; x_wconf 68' lang='lat' dir='ltr'><strong>inter-media</strong></span> <span class='ocrx_word' id='word_1_907' title='bbox 1107 5751 1251 5806; x_wconf 80' lang='lat' dir='ltr'><strong>sunt.</strong></span> <span class='ocrx_word' id='word_1_908' title='bbox 1285 5751 1433 5808; x_wconf 59' lang='grc' dir='ltr'><strong>Ιὶιίόζ</strong></span> <span class='ocrx_word' id='word_1_909' title='bbox 1452 5764 1554 5811; x_wconf 88' lang='lat' dir='ltr'><strong>art.</strong></span> <span class='ocrx_word' id='word_1_910' title='bbox 1595 5760 1623 5811; x_wconf 88' lang='lat'><strong>6</strong></span> <span class='ocrx_word' id='word_1_911' title='bbox 1667 5767 1792 5814; x_wconf 89' lang='lat' dir='ltr'><strong>ante</strong></span> <span class='ocrx_word' id='word_1_912' title='bbox 1820 5751 1931 5813; x_wconf 63' lang='grc' dir='ltr'><strong>[Ϊὰἐ</strong></span> 
     </span>
    </p>
   </div>
   <div class='ocr_carea' id='block_1_109' title="bbox 2035 4918 2995 4991">
    <p class='ocr_par' dir='ltr' id='par_1_109' title="bbox 2035 4918 2995 4991">
     <span class='ocr_line' id='line_1_110' title="bbox 2035 4918 2995 4991; baseline 0.008 -19"><span class='ocrx_word' id='word_1_913' title='bbox 2035 4918 2329 4991; x_wconf 67' lang='grc' dir='ltr'>τήρΒεεὶΙ.</span> <span class='ocrx_word' id='word_1_914' title='bbox 2359 4933 2535 4991; x_wconf 87' lang='lat' dir='ltr'><strong>ms.et</strong></span> <span class='ocrx_word' id='word_1_915' title='bbox 2561 4922 2693 4976; x_wconf 82' lang='lat' dir='ltr'><strong>editi</strong></span> <span class='ocrx_word' id='word_1_916' title='bbox 2721 4925 2995 4980; x_wconf 89' lang='lat' dir='ltr'><strong>omittunt.</strong></span> 
     </span>
    </p>
   </div>
   <div class='ocr_carea' id='block_1_110' title="bbox 2034 4990 3612 5113">
    <p class='ocr_par' dir='ltr' id='par_1_110' title="bbox 2034 4990 3612 5113">
     <span class='ocr_line' id='line_1_111' title="bbox 2034 4990 3612 5113; baseline -0.032 -14"><span class='ocrx_word' id='word_1_917' title='bbox 2034 4990 2217 5113; x_wconf 42' lang='lat' dir='ltr'><strong>ml?)</strong></span> <span class='ocrx_word' id='word_1_918' title='bbox 2259 4990 2348 5047; x_wconf 68' lang='lat' dir='ltr'><strong>Sic</strong></span> <span class='ocrx_word' id='word_1_919' title='bbox 2382 4990 2514 5063; x_wconf 64' lang='lat' dir='ltr'><strong>Reg&#39;</strong></span> <span class='ocrx_word' id='word_1_920' title='bbox 2550 5002 2605 5048; x_wconf 70' lang='grc' dir='ltr'><strong>θι</strong></span> <span class='ocrx_word' id='word_1_921' title='bbox 2627 4991 2751 5065; x_wconf 62' lang='grc'><strong>8⁸8.</strong></span> <span class='ocrx_word' id='word_1_922' title='bbox 2779 4993 2919 5051; x_wconf 87' lang='lat' dir='ltr'><strong>Editi</strong></span> <span class='ocrx_word' id='word_1_923' title='bbox 2956 5009 3084 5051; x_wconf 89' lang='lat' dir='ltr'><strong>vero</strong></span> <span class='ocrx_word' id='word_1_924' title='bbox 3108 5005 3161 5051; x_wconf 91' lang='lat' dir='ltr'><strong>et</strong></span> <span class='ocrx_word' id='word_1_925' title='bbox 3192 4994 3282 5050; x_wconf 91' lang='lat' dir='ltr'><strong>alii</strong></span> <span class='ocrx_word' id='word_1_926' title='bbox 3317 4994 3413 5051; x_wconf 85' lang='grc' dir='ltr'><strong>καί</strong></span> <span class='ocrx_word' id='word_1_927' title='bbox 3445 4995 3612 5051; x_wconf 84' lang='lat' dir='ltr'><strong>omit-</strong></span> 
     </span>
    </p>
   </div>
   <div class='ocr_carea' id='block_1_111' title="bbox 2102 5129 3603 5207">
    <p class='ocr_par' dir='ltr' id='par_1_111' title="bbox 2102 5129 3603 5207">
     <span class='ocr_line' id='line_1_112' title="bbox 2102 5129 3603 5207; baseline 0.005 -24"><span class='ocrx_word' id='word_1_928' title='bbox 2102 5129 2214 5199; x_wconf 76' lang='grc'>(66)</span> <span class='ocrx_word' id='word_1_929' title='bbox 2251 5129 2764 5207; x_wconf 70' lang='lat' dir='ltr'><strong>Sic_8egius,_Seg.</strong></span> <span class='ocrx_word' id='word_1_930' title='bbox 2800 5134 2957 5207; x_wconf 84' lang='lat' dir='ltr'><strong>Gobl.</strong></span> <span class='ocrx_word' id='word_1_931' title='bbox 2997 5145 3053 5191; x_wconf 91' lang='lat' dir='ltr'><strong>et</strong></span> <span class='ocrx_word' id='word_1_932' title='bbox 3088 5135 3325 5207; x_wconf 76' lang='lat' dir='ltr'><strong>Felckm.</strong></span> <span class='ocrx_word' id='word_1_933' title='bbox 3363 5137 3603 5207; x_wconf 90' lang='lat' dir='ltr'><strong>primus.</strong></span> 
     </span>
    </p>
   </div>
   <div class='ocr_carea' id='block_1_112' title="bbox 2032 5199 3602 5271">
    <p class='ocr_par' dir='ltr' id='par_1_112' title="bbox 2032 5199 3602 5271">
     <span class='ocr_line' id='line_1_113' title="bbox 2032 5199 3602 5271; baseline 0.006 -18"><span class='ocrx_word' id='word_1_934' title='bbox 2032 5199 2281 5256; x_wconf 82' lang='lat' dir='ltr'><strong>Attamen</strong></span> <span class='ocrx_word' id='word_1_935' title='bbox 2316 5202 2367 5255; x_wconf 88' lang='lat' dir='ltr'><strong>hi</strong></span> <span class='ocrx_word' id='word_1_936' title='bbox 2400 5199 2508 5257; x_wconf 72' lang='grc' dir='ltr'>ιιιιό</span> <span class='ocrx_word' id='word_1_937' title='bbox 2528 5204 2700 5257; x_wconf 91' lang='lat' dir='ltr'><strong>ultimi</strong></span> <span class='ocrx_word' id='word_1_938' title='bbox 2716 5199 3009 5268; x_wconf 56' lang='lat' dir='ltr'><strong>&#39;omittunt,</strong></span> <span class='ocrx_word' id='word_1_939' title='bbox 3031 5206 3212 5271; x_wconf 85' lang='grc' dir='ltr'>πάλιν,</span> <span class='ocrx_word' id='word_1_940' title='bbox 3234 5199 3391 5271; x_wconf 76' lang='grc' dir='ltr'>αὖθις</span> <span class='ocrx_word' id='word_1_941' title='bbox 3404 5217 3463 5261; x_wconf 68' lang='lat' dir='ltr'><strong>et</strong></span> <span class='ocrx_word' id='word_1_942' title='bbox 3484 5207 3602 5262; x_wconf 85' lang='grc' dir='ltr'>καί.</span> 
     </span>
    </p>
   </div>
   <div class='ocr_carea' id='block_1_113' title="bbox 2034 5271 3603 5350">
    <p class='ocr_par' dir='ltr' id='par_1_113' title="bbox 2034 5271 3603 5350">
     <span class='ocr_line' id='line_1_114' title="bbox 2034 5271 3603 5350; baseline 0.006 -27"><span class='ocrx_word' id='word_1_943' title='bbox 2034 5271 2138 5350; x_wconf 45' lang='lat' dir='ltr'><strong>{Alii</strong></span> <span class='ocrx_word' id='word_1_944' title='bbox 2160 5281 2216 5326; x_wconf 86' lang='lat' dir='ltr'><strong>et</strong></span> <span class='ocrx_word' id='word_1_945' title='bbox 2237 5271 3009 5350; x_wconf 39' lang='grc' dir='ltr'>(διίίεξηᾎτεόστολοςδιδ-άσκων</span> <span class='ocrx_word' id='word_1_946' title='bbox 3036 5277 3289 5350; x_wconf 68' lang='grc' dir='ltr'>ἔγραψεν.</span> <span class='ocrx_word' id='word_1_947' title='bbox 3312 5276 3522 5350; x_wconf 55' lang='grc' dir='ltr'>Ιςοςίιιε</span> <span class='ocrx_word' id='word_1_948' title='bbox 3548 5277 3603 5350; x_wconf 57' lang='grc' dir='ltr'><strong>ξ,</strong></span> 
     </span>
    </p>
   </div>
   <div class='ocr_carea' id='block_1_114' title="bbox 2035 5340 3605 5413">
    <p class='ocr_par' dir='ltr' id='par_1_114' title="bbox 2035 5340 3605 5413">
     <span class='ocr_line' id='line_1_115' title="bbox 2035 5340 3605 5413; baseline 0.003 -19"><span class='ocrx_word' id='word_1_949' title='bbox 2035 5340 2294 5413; x_wconf 75' lang='grc' dir='ltr'>ἔγραφεν.</span> <span class='ocrx_word' id='word_1_950' title='bbox 2329 5342 2463 5413; x_wconf 81' lang='lat' dir='ltr'><strong>ibid.</strong></span> <span class='ocrx_word' id='word_1_951' title='bbox 2499 5344 2662 5400; x_wconf 90' lang='lat' dir='ltr'><strong>Basil.</strong></span> <span class='ocrx_word' id='word_1_952' title='bbox 2697 5344 2933 5401; x_wconf 82' lang='lat' dir='ltr'><strong>Felckm.</strong></span> <span class='ocrx_word' id='word_1_953' title='bbox 2965 5346 3001 5400; x_wconf 77' lang='lat'><strong>2</strong></span> <span class='ocrx_word' id='word_1_954' title='bbox 3029 5340 3087 5402; x_wconf 79' lang='lat' dir='ltr'><strong>et</strong></span> <span class='ocrx_word' id='word_1_955' title='bbox 3105 5340 3288 5403; x_wconf 58' lang='lat' dir='ltr'><strong>&#39;ed&#39;itio</strong></span> <span class='ocrx_word' id='word_1_956' title='bbox 3323 5340 3605 5402; x_wconf 61' lang='lat' dir='ltr'><strong>Co&#39;mmei.</strong></span> 
     </span>
    </p>
   </div>
   <div class='ocr_carea' id='block_1_115' title="bbox 2033 5412 3602 5488">
    <p class='ocr_par' dir='ltr' id='par_1_115' title="bbox 2033 5412 3602 5488">
     <span class='ocr_line' id='line_1_116' title="bbox 2033 5412 3602 5488; baseline 0.005 -25"><span class='ocrx_word' id='word_1_957' title='bbox 2033 5412 2218 5467; x_wconf 89' lang='lat' dir='ltr'><strong>vocem</strong></span> <span class='ocrx_word' id='word_1_958' title='bbox 2262 5412 2417 5485; x_wconf 82' lang='grc' dir='ltr'>ἡμῶν</span> <span class='ocrx_word' id='word_1_959' title='bbox 2465 5416 2738 5488; x_wconf 69' lang='lat' dir='ltr'><strong>omittunt.</strong></span> <span class='ocrx_word' id='word_1_960' title='bbox 2795 5417 2953 5488; x_wconf 79' lang='lat' dir='ltr'><strong>Cobl.</strong></span> <span class='ocrx_word' id='word_1_961' title='bbox 2993 5426 3048 5471; x_wconf 82' lang='lat' dir='ltr'><strong>et</strong></span> <span class='ocrx_word' id='word_1_962' title='bbox 3090 5417 3326 5473; x_wconf 78' lang='lat' dir='ltr'><strong>Felckm.</strong></span> <span class='ocrx_word' id='word_1_963' title='bbox 3358 5419 3602 5488; x_wconf 86' lang='lat' dir='ltr'><strong>primus,</strong></span> 
     </span>
    </p>
   </div>
   <div class='ocr_carea' id='block_1_116' title="bbox 2032 5483 3607 5626">
    <p class='ocr_par' dir='ltr' id='par_1_116' title="bbox 2032 5483 3607 5626">
     <span class='ocr_line' id='line_1_117' title="bbox 2032 5483 3607 5605; baseline 0.002 -68"><span class='ocrx_word' id='word_1_964' title='bbox 2032 5483 2357 5604; x_wconf 39' lang='lat' dir='ltr'><strong>illisgnymus,</strong></span> <span class='ocrx_word' id='word_1_965' title='bbox 2391 5493 2515 5605; x_wconf 64' lang='grc' dir='ltr'>βρει</span> <span class='ocrx_word' id='word_1_966' title='bbox 2558 5483 2693 5538; x_wconf 86' lang='grc' dir='ltr'>Θεοῦ</span> <span class='ocrx_word' id='word_1_967' title='bbox 2743 5487 2967 5553; x_wconf 87' lang='lat' dir='ltr'><strong>addunt,</strong></span> <span class='ocrx_word' id='word_1_968' title='bbox 2997 5489 3091 5541; x_wconf 79' lang='grc' dir='ltr'><strong>καὶ</strong></span> <span class='ocrx_word' id='word_1_969' title='bbox 3117 5483 3443 5561; x_wconf 54' lang='grc' dir='ltr'>Πατρόςίεῑ</span> <span class='ocrx_word' id='word_1_970' title='bbox 3478 5496 3607 5557; x_wconf 90' lang='lat' dir='ltr'><strong>post</strong></span> 
     </span>
     <span class='ocr_line' id='line_1_118' title="bbox 2113 5570 3463 5626; baseline 0.004 0"><span class='ocrx_word' id='word_1_971' title='bbox 2113 5570 2379 5626; x_wconf 55' lang='grc' dir='ltr'><strong>..υ-μαῗοςι</strong></span> <span class='ocrx_word' id='word_1_972' title='bbox 2400 5572 2426 5607; x_wconf 83' lang='grc' dir='ltr'>ε</span> <span class='ocrx_word' id='word_1_973' title='bbox 2450 5572 2505 5626; x_wconf 85' lang='grc' dir='ltr'>η·</span> <span class='ocrx_word' id='word_1_974' title='bbox 3458 5625 3463 5626; x_wconf 32' lang='grc' dir='ltr'><em>γ</em></span> 
     </span>
    </p>
   </div>
   <div class='ocr_carea' id='block_1_117' title="bbox 2124 5623 3601 5696">
    <p class='ocr_par' dir='ltr' id='par_1_117' title="bbox 2124 5623 3601 5696">
     <span class='ocr_line' id='line_1_119' title="bbox 2124 5623 3601 5696; baseline 0.002 -17"><span class='ocrx_word' id='word_1_975' title='bbox 2124 5623 2215 5696; x_wconf 62' lang='grc' dir='ltr'><strong>ρἶ</strong></span> <span class='ocrx_word' id='word_1_976' title='bbox 2240 5623 2332 5679; x_wconf 87' lang='lat' dir='ltr'><strong>Sic</strong></span> <span class='ocrx_word' id='word_1_977' title='bbox 2352 5623 2553 5696; x_wconf 80' lang='lat' dir='ltr'><strong>Regius</strong></span> <span class='ocrx_word' id='word_1_978' title='bbox 2583 5628 2790 5696; x_wconf 84' lang='lat' dir='ltr'><strong>primus</strong></span> <span class='ocrx_word' id='word_1_979' title='bbox 2821 5637 2874 5683; x_wconf 90' lang='lat' dir='ltr'><strong>et</strong></span> <span class='ocrx_word' id='word_1_980' title='bbox 2899 5628 3189 5695; x_wconf 88' lang='lat' dir='ltr'><strong>secundus,</strong></span> <span class='ocrx_word' id='word_1_981' title='bbox 3219 5626 3382 5682; x_wconf 86' lang='lat' dir='ltr'><strong>Basil.</strong></span> <span class='ocrx_word' id='word_1_982' title='bbox 3435 5625 3601 5682; x_wconf 86' lang='lat' dir='ltr'><strong>Gobl.</strong></span> 
     </span>
    </p>
   </div>
   <div class='ocr_carea' id='block_1_118' title="bbox 2021 5694 3608 5816">
    <p class='ocr_par' dir='ltr' id='par_1_118' title="bbox 2021 5694 3608 5816">
     <span class='ocr_line' id='line_1_120' title="bbox 2021 5694 3608 5816; baseline 0.005 -71"><span class='ocrx_word' id='word_1_983' title='bbox 2108 5694 2251 5816; x_wconf 40' lang='lat' dir='ltr'><strong>gelo.</strong></span> <span class='ocrx_word' id='word_1_984' title='bbox 2286 5694 2493 5766; x_wconf 82' lang='lat' dir='ltr'><strong>primus</strong></span> <span class='ocrx_word' id='word_1_985' title='bbox 2536 5694 2860 5770; x_wconf 79' lang='lat' dir='ltr'><strong>auuuymus.</strong></span> <span class='ocrx_word' id='word_1_986' title='bbox 2901 5698 3003 5753; x_wconf 80' lang='lat' dir='ltr'><strong>Alii</strong></span> <span class='ocrx_word' id='word_1_987' title='bbox 3037 5708 3217 5755; x_wconf 87' lang='lat' dir='ltr'><strong>autem</strong></span> <span class='ocrx_word' id='word_1_988' title='bbox 3247 5707 3302 5753; x_wconf 86' lang='lat' dir='ltr'><strong>et</strong></span> <span class='ocrx_word' id='word_1_989' title='bbox 3337 5696 3479 5753; x_wconf 85' lang='lat' dir='ltr'><strong>editi</strong></span> <span class='ocrx_word' id='word_1_990' title='bbox 3510 5697 3608 5753; x_wconf 78' lang='grc' dir='ltr'><strong>ἐπὶ</strong></span> 
     </span>
     <span class='ocr_line' id='line_1_121' title="bbox 2165 5780 2264 5816; baseline 0.01 -1"><span class='ocrx_word' id='word_1_991' title='bbox 2165 5780 2264 5816; x_wconf 80' lang='grc' dir='ltr'>ιου.</span> 
     </span>
    </p>
   </div>
   <div class='ocr_carea' id='block_1_119' title="bbox 2165 5780 2264 5817">
    <p class='ocr_par' dir='ltr' id='par_1_119' title="bbox 2165 5780 2264 5817">
     <span class='ocr_line' id='line_1_122' title="bbox 2165 5780 2264 5817; baseline 0.01 -2"><span class='ocrx_word' id='word_1_992' title='bbox 2165 5780 2264 5817; x_wconf 82' lang='grc' dir='ltr'>ιου.</span> 
     </span>
    </p>
   </div>
  </div>
