3914 6222
397 322 503 383 003

996 323 1054 378 S.
1095 320 1466 377 ATIIANASII
1506 319 1654 377 OPP.
1694 319 1875 375 PARS
1910 319 1949 374 1,
1991 348 2061 359 -
2096 316 2465 375 IIISTORICA
2505 317 2592 372 ET
2640 314 3054 373 DOGMATICA.

3510 310 3618 366 601»

398 439 466 495 ad
489 445 671 508 patres
698 441 912 489 vestros
937 433 982 486 ί.
1013 450 1033 485 ι
1060 431 1127 486 Ει
1151 433 1218 486 ad
1242 430 1585 486 Timotheum
1605 430 1721 484 haec
1741 428 1959 483 scribit:

2088 444 2230 491 ιατος
2259 426 2370 499 (76)
2401 427 2564 482 Δαδὶδ
2583 425 2676 480 τοῦ
2703 423 2888 488 παιδός
2904 440 2995 476 σου
3022 421 3208 475 εἰπών.
3247 440 3263 471 ι
3290 420 3399 474 Καὶ
3431 421 3458 474 6
3480 420 3620 474 Παῦ-

404 549 425 582 ‹
458 529 697 599 Spiritus
730 536 911 580 autem
941 523 1229 578 manifeste
1261 523 1416 589 dicit,
1446 522 1576 591 quia
1621 521 1678 574 in
1722 519 1959 575 novissi-

398 621 507 676 mis
534 618 870 689 temporibus
907 615 1189 671 discedent
1240 614 1460 684 quidam
1495 629 1526 668 a
1556 627 1689 668 sana
1720 611 1845 674 fide,
1880 619 1965 664 at-

398 713 682 770 tendentes
712 709 995 780 spiritibus
1019 708 1226 762 erroris
1255 710 1297 761 ’.
1331 726 1350 759 ι
1378 706 1647 772 Quocirca
1692 720 1813 760 cum
1839 702 1964 773 Spi-

399 807 540 861 ritus
565 803 768 859 dicitur
801 802 858 857 in
904 800 1088 869 aliquo
1113 812 1256 861 esse,
1287 796 1526 852 Verbum
1577 796 1633 850 iu
1676 796 1797 865 ipso
1828 793 1965 849 dans

403 898 666 968 Spiritum
700 893 1041 963 intelligitur.
1072 890 1211 947 Hinc
1238 906 1361 946 cum
1390 889 1707 959 impleretur
1733 888 1967 957 pr0phe-

403 991 499 1056 tia,
536 1003 659 1059 qua:
684 987 860 1042 dicit:
899 1003 918 1036 ι
946 983 1231 1041 Effundam
1281 980 1348 1036 de
1386 979 1591 1049 Spiritu
1648 993 1771 1033 meo
1803 992 1967 1047 super

403 1098 624 1138 omnem
659 1093 879 1135 carnem
913 1076 955 1142 ³,
994 1095 1012 1128 ι
1048 1073 1250 1128 Paulus
1298 1072 1393 1137 ait,
1425 1089 1445 1124 ι
1480 1069 1788 1126 Secundum
1838 1070 1968 1124 sub-

404 1172 865 1230 ministrationem
910 1166 1148 1237 Spiritus
1167 1162 1295 1219 Jesu
1321 1161 1524 1218 Christi
1559 1160 1615 1215 in
1654 1174 1742 1214 me
1765 1159 1807 1213 ‘.
1850 1178 1869 1210 ι
1902 1157 1969 1212 Ει

402 1265 471 1319 ad
512 1262 829 1318 Corinthios
878 1259 1019 1313 idem
1057 1256 1287 1312 scribit:
1335 1273 1355 1306 ι
1405 1254 1487 1307 An
1538 1253 1966 1322 experimentum

405 1356 649 1426 quaeritis
682 1353 798 1423 ejus
830 1351 924 1421 qui
972 1349 1027 1403 in
1077 1364 1165 1403 me
1205 1347 1447 1417 loquitur
1485 1344 1735 1400 Christus
1761 1344 1824 1398 ’ἲ
1854 1364 1872 1395 ι
1909 1342 1969 1397 Si

405 1462 570 1517 porro
600 1445 852 1499 Christus
878 1451 994 1497 erat
1019 1441 1112 1512 qui
1137 1441 1191 1494 in
1227 1454 1293 1494 eo
1339 1438 1685 1508 loquebatur,
1737 1433 1970 1489 manife-

407 1546 551 1592 stum
587 1542 671 1589 est
708 1533 913 1588 Christi
941 1531 1113 1587 fuisse
1137 1528 1401 1600 Spiritum
1432 1527 1524 1598 qui
1572 1527 1627 1581 in
1662 1527 1755 1581 illo
1781 1525 1971 1595 loque—

407 1629 587 1683 batur.
615 1624 829 1680 Etenim
864 1639 988 1678 cum
1015 1622 1268 1677 Christus
1295 1621 1349 1675 in
1382 1619 1535 1674 Actis
1560 1619 1615 1673 in
1639 1619 1758 1688 ipso
1783 1619 1973 1689 loque-

2063 518 2170 583 λος,
2203 521 2260 572 ὲν
2294 519 2393 590 μὲν
2427 519 2540 591 (77)
2574 522 2640 589 τῇ
2696 517 2883 589 Ῥώμῃ
2922 515 3241 585 γένομενθς,
3286 511 3623 583 ὲπαρρησιά·

2063 612 2184 675 ζετο
2211 614 2326 675 τοῖς
2353 611 2564 665 ἐλθοῦσι
2586 611 2721 683 πρὸς
2758 609 2919 663 αὑτὸν
2952 605 3220 667 Ἰουδαίοις
3241 620 3255 634 '
3288 623 3307 654 ι
3340 603 3534 665 Καλῶς
3560 603 3624 655 τὸ

2063 700 2286 773 Πνεῦμα
2315 702 2375 756 τὸ
2408 703 2559 772 ἅγιον
2584 702 2810 773 ἐλάλησε
2841 699 2931 753 διὰ
2968 697 3188 751 Ἦσαῖου
3213 693 3307 749 τοῦ
3345 693 3621 765 προφήτου

2064 794 2200 866 πρὸς
2221 796 2345 858 τοὺς
2377 795 2620 868 πατέρας
2647 794 2820 866 ύμῶν.
2862 812 2881 846 ι
2910 791 3158 863 Τιμοθέῳ
3176 791 3232 844 δὲ
3259 789 3463 859 ἔγραφε
3489 785 3622 857 (78)·

2070 904 2088 937 ι
2126 886 2199 939 T6
2230 887 2285 940 δὲ
2309 887 2530 959 Πνεῦμα
2553 887 2729 959 ῥητῶς
2757 885 2926 955 λέγει,
2953 886 3036 938 ὅτι
3068 887 3126 937 ὲν
3155 881 3400 953 ὑπέροις
3417 882 3628 952 καιροῖς

2065 979 2457 1050 ἀποστήσονταί
2487 995 2630 1043 τινες
2651 977 2749 1050 τῆς
2769 975 3117 1047 ὑγιαινούσης
3166 972 3399 1036 πίστεως
3417 1011 3431 1034 ,
3467 987 3630 1042 προσ-

2065 1071 2277 1141 έχοντες
2309 1070 2577 1141 πνεύμασι
2598 1070 2804 1141 πλάνης
2834 1068 2999 1141 (79).)
3030 1067 3119 1121 Διὸ
3137 1067 3231 1121 καὶ
3251 1067 3378 1120 ὅταν
3404 1063 3631 1134 λέγηται

2066 1162 2123 1216 ἔν
2158 1179 2265 1216 τισι
2295 1162 2356 1217 τὸ
2381 1163 2602 1235 Πνεῦμα
2632 1162 2905 1233 γενέσθαι,
2932 1163 3130 1215 νοεῖται
3151 1160 3181 1213 6
3204 1158 3372 1227 Λόγος
3396 1157 3453 1209 ὲν
3481 1154 3632 1226 αὐτῷ

2066 1255 2237 1319 διδοὺς
2251 1254 2310 1308 τὸ
2330 1254 2569 1326 Πνεῦμα.
2594 1256 2703 1327 Τῆς
2723 1255 2851 1325 γοῦν
2870 1252 3201 1327 προφητείας
3228 1247 3630 1321 πληρουμένης.

2073 1364 2092 1397 ι
2135 1345 2341 1417 Ἐκχεῶ
2367 1346 2473 1400 ἀπὸ
2501 1346 2596 1401 τοῦ
2626 1345 2940 1418 Πνεύματός
2959 1362 3059 1416 μου
3084 1343 3178 1397 ἐπὶ
3204 1344 3381 1397 πᾶσαν
3398 1341 3627 1412 σάρκα,ι

2068 1439 2097 1490 6
2130 1437 2340 1502 Παῦλος
2378 1438 2530 1507 ἔλεγε
2575 1438 2722 1510 (80)ο
2754 1455 2773 1490 ι
2814 1436 2972 1492 Κατὰ
3000 1437 3097 1505 τὴν
3146 1431 3498 1505 ἑπιχορηγίαν
3536 1428 3632 1483 τοῦ

2069 1529 2385 1600 Πνεύματος
2418 1528 2588 1602 Ἰησοῦ
2619 1528 2855 1603 Χριστοῦ
2898 1528 2981 1592 εἰς
3008 1526 3140 1598 ἐμέ·
3188 1544 3207 1578 ι
3240 1525 3334 1578 καὶ
3367 1522 3502 1595 πρὸς
3523 1523 3633 1574 Ko-
3673 1553 3687 1567 ι

2076 1622 2309 1694 ρινθιους
2332 1622 2389 1676 δὲ
2435 1621 2704 1694 ἔγραφεν⁸
2744 1640 2764 1674 ι
2804 1621 2876 1675 Ἥ
2914 1617 3144 1691 δοκιμὴν
3188 1617 3397 1687 ζητεῖτε
3438 1612 3533 1667 τοῦ
3579 1616 3636 1667 ἒν

406 1731 580 1784 retur,
612 1734 808 1775 rursus
832 1718 922 1772 ille
954 1717 1205 1772 dicebat:
1246 1734 1265 1765 ι
1300 1713 1366 1769 Et
1389 1729 1535 1769 nunc
1561 1728 1687 1769 ecce
1717 1713 1968 1783 alligatus

2088 1715 2197 1786 ἐμοὶ
2224 1714 2511 1779 λαλοῦντος
2537 1712 2803 1785 Χριστοῦ;
2834 1733 2852 1763 ι
2885 1713 2951 1767 Εἰ
2974 1712 3031 1766 δὲ
3058 1709 3291 1782 Χριστὸς
3317 1703 3386 1780 ἦν
3407 1709 3435 1761 6
3461 1705 3637 1760 λαλῶν

406 1828 510 1885 ego
544 1811 773 1884 Spiritu,
806 1810 948 1864 vado
979 1807 1032 1861 in
1066 1805 1387 1870 Jerusalem,
1411 1819 1532 1874 qua:
1564 1804 1619 1859 in
1650 1819 1713 1859 ea
1741 1776 1970 1857 ventura

2162 1806 2328 1878 αὐτῷ,
2360 1776 2536 1878 δῆλον,
2573 1776 2654 1859 ότι
2681 1776 2798 1877 (81)
2837 1801 3073 1874 Χριστοῦ
3105 1776 3173 1874 ἦν
3216 1800 3273 1853 τὸ
3312 1776 3538 1865 Πνεῦμα
3580 1795 3638 1848 τὸ

408 1915 538 1961 sunt
562 1903 692 1958 mihi
719 1902 998 1972 ignorans,
1027 1898 1131 1953 nisi
1160 1897 1304 1968 quod
1336 1896 1572 1966 Spiritus
1622 1905 1847 1951 sanctus
1876 1910 1973 1966 per

408 1996 660 2053 civitates
691 2000 1028 2064 protestatur
1069 1987 1202 2042 mihi
1226 1987 1434 2049 dicens,
1465 1984 1722 2055 quoniam
1759 1985 1973 2040 vincula

408 2096 465 2142 et
493 2086 870 2142 tribulationes
918 2097 1004 2136 me
1047 2090 1271 2136 manent
1306 2080 1347 2132 ⁸.
1387 2097 1406 2132 ι
1442 2076 1594 2133 Unde
1636 2092 1760 2133 cum
1801 2076 1971 2132 sancti

411 2179 620 2241 dicunt,
662 2174 950 2237 Erro-dicit
981 2171 1257 2238 Dominus,
1282 2185 1389 2225 non
1428 2170 1584 2225 aliter
1631 2183 1764 2225 sane
1808 2184 1972 2239 quam

413 2267 469 2322 in
503 2267 708 2337 Spiritu
744 2274 932 2321 sancto
960 2263 1261 2334 loquuntur
1291 2280 1306 2329 ;
1342 2270 1398 2318 et
1428 2261 1483 2316 in
1517 2260 1721 2330 Spiritu
1751 2260 1977 2331 loquen-

411 2367 515 2423 tes,
550 2358 605 2412 in
636 2356 860 2412 Chrisw
883 2356 999 2411 haec
1022 2355 1206 2409 eadem
1234 2352 1553 2423 loquuntur.
1578 2351 1734 2429 Quod
1760 2352 1805 2407 si
1841 2351 1977 2421 Aga-

410 2450 514 2506 bus
548 2449 603 2503 in
636 2448 786 2504 Actis
814 2448 978 2514 dicat,
1008 2466 1027 2498 ι
1060 2445 1187 2501 Haec
1212 2445 1343 2500 dicit
1366 2444 1605 2515 Spiritus
1634 2452 1859 2499 sanctus
1877 2449 1920 2510 ",
1950 2463 1970 2496 ι

410 2556 518 2596 non
553 2541 710 2595 aliter
731 2540 859 2594 item
896 2537 1277 2604 intelligendus
1307 2544 1391 2591 est
1415 2551 1579 2606 quam
1620 2534 1766 2606 quod
1789 2576 1805 2602 ,
1850 2550 1975 2591 cum

409 2634 476 2687 ad
502 2633 683 2702 ipsum
718 2630 924 2686 factum
973 2628 1167 2685 fuisset
1219 2628 1480 2695 Verbum,
1515 2626 1753 2697 Spiritus
1781 2641 1978 2698 sugge-

409 2723 565 2779 rebat
584 2737 707 2793 quae
734 2722 788 2777 in
816 2734 883 2776 eo
912 2721 1254 2790 loqueretur,
1283 2726 1343 2773 ut
1366 2726 1422 2773 et
1443 2734 1565 2787 qua:
1603 2715 1775 2773 Paulo
1824 2715 1979 2772 Jcro—

409 2815 635 2888 solymis
672 2823 902 2870 ventura
936 2821 1093 2868 erant
1135 2811 1501 2867 denuntiaret.
1550 2809 1802 2866 Profecto
1851 2825 1977 2865 cum

412 2904 650 2976 Spiritus
685 2902 858 2965 Paulo
885 2902 1083 2957 iterum
1111 2905 1532 2970 protestaretur,
1579 2898 1694 2969 ipse
1725 2897 1979 2954 Christus

410 2998 466 3052 in
493 3010 563 3053 eo
597 2995 922 3064 loquebatur
951 3011 967 3060 ;
997 2994 1070 3048 ita
1097 3001 1155 3047 ut
1187 2989 1428 3061 Spiritus
1487 2990 1860 3046 testimonium
1906 2991 1980 3046 sit

2072 1893 2265 1948 λαλοῦν
2300 1896 2357 1949 ὲν
2386 1893 2533 1966 αὐτῷ
2552 1911 2566 1926 ·
2593 1893 2690 1948 καὶ
2727 1892 2836 1965 γὰρ
2857 1891 2951 1946 τοῦ
2996 1889 3230 1962 Χριστοῦ
3266 1885 3553 1949 λαλοῦντος
3581 1885 3645 1936 ὲν

2072 1984 2219 2057 αὐτῷ
2246 1986 2304 2039 ἐν
2330 1987 2450 2049 ταῖς
2476 1984 2742 2057 Πράξεσιν
2776 1983 2929 2053 ἔλεγε
2962 1982 3124 2037 πάλιν
3149 1999 3163 2014 ·
3203 2001 3220 2031 ι
3244 1980 3357 2034 Καὶ
3398 1977 3493 2031 νῦν
3530 1976 3643 2030 ἰδοὺ

2072 2076 2352 2148 δεδεμένος
2378 2076 2487 2147 ἐγὼ
2509 2075 2620 2149 (8‘2)
2645 2076 2723 2147 τῷ
2745 2074 3018 2145 Πνεύματι
3041 2113 3056 2137 ,
3101 2072 3402 2144 πορεύομαι
3427 2072 3507 2133 εἰς
3543 2070 3642 2124 Ἱε-

2076 2170 2393 2241 ρουσαλὴμ,
2451 2167 2521 2221 τὰ
2574 2170 2632 2222 ὲν
2679 2167 2815 2237 αὐτῇ
2848 2162 3244 2234 συναντήσοντα
3290 2177 3378 2232 μοι
3419 2159 3530 2230 (85)
3568 2159 3642 2230 μὴ

2075 2260 2228 2324 εἰδώς
2248 2277 2261 2291 ·
2293 2259 2432 2331 πλὴν
2454 2259 2534 2313 ὅτι
2559 2258 2621 2311 τὸ
2644 2255 2867 2328 Πνεῦμα
2899 2255 2959 2309 τδ
2990 2254 3142 2323 ἅγιον
3165 2253 3304 2307 κατὰ
3335 2252 3487 2306 πόλιν
3528 2250 3644 2304 δια-

2080 2351 2412 2424 μαρτύρεται
2465 2368 2555 2422 μοι
2598 2349 2785 2419 λέγον,
2828 2348 2910 2401 ὅτι
2956 2344 3130 2415 δεσμὰ
3168 2345 3263 2399 καὶ
3305 2343 3511 2413 Θλίψεις
3546 2343 3644 2413 μέ-

2077 2444 2229 2497 νουσί
2259 2460 2348 2515 με.
2375 2462 2393 2495 ι
2425 2441 2606 2505 Ὅθεν,
2658 2441 2754 2494 ἐὰν
2778 2440 2827 2492 οἱ
2858 2439 3001 2508 ἂγιοι
3035 2437 3266 2506 λέγωσιο
3303 2436 3446 2491 Τάδε
3483 2436 3646 2505 λέγει

2075 2535 2290 2603 Κύριος
2314 2573 2329 2597 ,
2404 2532 2505 2587 οὐκ
2530 2531 2704 2596 ἄλλως
2727 2531 2761 2603 ἦ
2795 2532 2852 2584 ὲν
2876 2529 2955 2602 τῷ
2982 2530 3258 2601 Πνεύματι
3279 2526 3355 2599 τῷ
3385 2528 3525 2599 ἁγίῳ
3547 2527 3644 2581 λα-

2075 2627 2253 2681 λοῦσι·
2295 2627 2389 2681 κα).
2429 2627 2487 2679 ὲν
2524 2623 2601 2695 τῷ
2652 2623 2931 2695 Πνεύματι
2970 2621 3275 2685 λαλοῦντες,
3317 2621 3374 2674 ἐν
3425 2617 3645 2693 Χριστῷ

2074 2718 2247 2773 ταῦτα
2273 2718 2384 2790 (84)
2430 2716 2679 2787 λέγουσιν
2699 2732 2713 2745 ο
2750 2714 2845 2767 ἐὰν
2875 2713 2931 2766 δὲ
2958 2713 3052 2767 κα)¹
3082 2715 3112 2766 6
3155 2710 3392 2781 ’Ἄγαϐος
3432 2712 3490 2764 ὲν
3524 2712 3655 2773 ταῖς

2078 2807 2317 2881 Πράξεσι
2341 2808 2506 2881 λέγει’
2540 2793 2738 2889 «(Τάδε
2772 2804 2918 2873 λέγει
2962 2804 3023 2857 τὸ
3055 2801 3277 2871 Πνεῦμα
3298 2801 3359 2856 τὸ
3383 2802 3537 2871 ἅγιον
3556 2817 3572 2833 ·
3619 2818 3649 2851 ι.

2078 2901 2178 2954 οὐκ
2207 2899 2381 2964 ἄλλως
2412 2900 2445 2971 ἢ
2489 2890 2591 2953 τοῦ
2630 2897 2804 2968 Λόγου
2844 2895 3135 2967 γενομένου
3173 2895 3309 2967 πρὸς
3346 2894 3508 2949 αὑτὸν
3527 2933 3543 2959 ,
3584 2892 3647 2946 τὸ

2078 2991 2302 3062 Πνεῦμα
2325 2990 2580 3062 ἐχορήγει,
2610 2988 2790 3043 λαλεῖν
2816 2989 2873 3043 ὲν
2898 2986 3047 3058 αύτῷ
3082 2986 3194 3057 (85)
3222 2986 3316 3039 καὶ
3343 2981 3642 3056 διαμαρτύ-

411 3102 629 3159 quoque
658 3085 820 3142 Verbi
844 3084 1235 3140 testimonium.
1278 3082 1371 3138 Sic
1398 3083 1561 3139 etiam
1588 3099 1713 3139 cum
1740 3083 1975 3139 Verbum

2088 3083 2279 3157 ρασθαι
2327 3082 2395 3136 τὰ
2439 3081 2665 3153 μένοντα
2715 3082 2806 3135 τὸν
2858 3080 3071 3135 Παῦλον
3123 3080 3204 3143 εἰς
3267 3074 3646 3150 Ἰερουσαλήμ.

412 3176 468 3230 in
491 3184 734 3231 sanctam
759 3173 1037 3245 Virginem
1068 3171 1294 3227 Mariam
1325 3172 1577 3240 advenit,
1631 3173 1795 3228 simul
1841 3190 1979 3243 quo-

421 3281 529 3337 que
550 3265 707 3322 atfuit
737 3264 992 3336 Spiritus,
1035 3272 1092 3319 et
1112 3262 1349 3318 Verbum
1382 3263 1437 3317 in
1462 3262 1667 3334 Spiritu
1710 3265 1817 3321 sibi
1874 3266 1977 3337 ipsi

2095 3174 2330 3246 Ἀμέλει,
2364 3173 2457 3228 τοῦ
2483 3173 2797 3246 Πνεύματος
2819 3172 2978 3226 πάλιν
3006 3168 3539 3243 διαμαρτυρουμένου
3570 3165 3648 3236 τῷ

2084 3267 2303 3339 Παύλῳ,
2349 3269 2378 3322 6
2431 3268 2590 3332 αὐτὸς
2633 3267 2866 3340 Χριστὸς
2898 3264 3076 3321 ἐλάλει
3118 3266 3181 3317 ὲν
3206 3260 3358 3330 αὐτῷ
3404 3260 3541 3332 (86).
3573 3259 3655 3327 ὡς,

486 3381 504 3413 ι
541 3380 662 3434 Act.
688 3360 880 3442 xxiuu,
905 3376 994 3432 25.
1070 3377 1092 3409 ²
1116 3372 1137 3427 l
1164 3373 1304 3429 Tim.
1339 3389 1413 3441 tv,
1445 3373 1497 3431 1.
1573 3373 1595 3406 ³
1622 3372 1739 3430 Joel
1772 3391 1831 3443 ιι,
1866 3375 1956 3432 28.

2088 3375 2313 3448 Philipp.
2340 3392 2379 3441 ι,
2406 3375 2493 3433 19.
2569 3377 2591 3409 ³
2615 3374 2660 3430 ll
2683 3376 2811 3432 Cor.
2838 3392 2958 3444 xm,
2988 3376 3043 3430 3.
3119 3373 3143 3406 ⁸
3164 3374 3282 3429 Act.
3305 3388 3399 3439 xx,
3429 3372 3534 3438 Si,
3554 3371 3642 3428 25.

413 3457 435 3488 '
457 3451 578 3506 Act.
612 3465 723 3517 xxi,
748 3448 834 3501 11.

486 3558 597 3642 (76)
621 3557 712 3612 Sic
746 3556 879 3626 Reg.
911 3556 963 3642 1,
995 3555 1230 3642 Seguer._
1462 3553 1717 3642 ⁷ιςὶοιιιιεςπ,
1738 3554 1885 3642 ξειο.
1921 3557 1975 3642 1,

455 3623 616 3684 uibus
661 3623 967 3682 consonant
1015 3623 1148 3681 mss.
1206 3624 1422 3680 codices
1462 3623 1599 3680 Novi
1651 3624 1986 3682 Testamenti

464 3699 815 3754 lexandrinns
860 3705 935 3767 et
963 3693 1288 3750 Oxoniensis
1340 3710 1503 3767 unus,
1534 3693 1775 3767 Videtur
1805 3705 1986 3753 tamen

416 3778 705 3838 corruptus
756 3781 879 3838 esse
915 3765 1079 3838 locus
1104 3804 1149 3838 ,Α
1177 3764 1635 3838 transpositaque
1667 3766 1868 3838 verba,
1923 3783 1990 3823 ac

418 3834 619 3895 omissa
656 3837 967 3907 prmpositio
988 3835 1098 3907 δια,
1125 3834 1371 3907 ferteque
1408 3836 1582 3907 possit
1622 3835 1938 3907 ita_restitui
1970 3856 1984 3893 :

415 3910 447 3988 ό
483 3908 574 3988 διὰ
617 3904 933 3988 Πνηεύματος
954 3905 1143 3988 ,αγεου
1184 3904 1299 3988 διαί
1322 3905 1594 3988 στόματος
1640 3904 1734 3958 τοῦ
1765 3906 1990 3988 Δπατρὸς

417 3978 575 4051 ἡμῶν
603 3974 922 4051 Δαὸιδλοιο.
954 3974 1295 4051 Lj_ira_a_t_itern
1322 3974 1519 4051 hocin
1553 3976 1672 4030 loco
1698 3984 1781 4031 est
1804 3974 1985 4051 varie-

420 4043 502 4103 tEis
530 4064 661 4103 mss.
694 4048 942 4103 codicum
972 4044 1106 4099 Novi
1134 4043 1487 4115 Testamenti,
1524 4054 1582 4099 ut
1608 4055 1752 4115 patet
1777 4062 1841 4101 ex
1871 4047 1987 4101 edi-

417 4118 568 4171 tione
588 4116 883 4171 Oxoniensi
916 4115 1073 4169 1675.
1102 4115 1203 4168 Alii
1226 4115 1369 4169 enim
1398 4114 1477 4169 sic
1501 4114 1700 4170 habent
1726 4134 1739 4169 :
1772 4117 1800 4168 6
1828 4116 1990 4170 Πνεύ-

422 4204 551 4254 ματι
598 4189 739 4258 ἁγίῳ
775 4187 865 4258 διὰ
913 4185 1256 4258 τοῦπατρὸς
1301 4183 1667 4258 ήμῶνΔΔαδλίδ,
1698 4195 1802 4258 etc.
1830 4186 1988 4258 Alii6

418 4253 477 4310 ἐν
513 4253 974 4328 Πνεύματιᾼὰγίῳ
1018 4255 1131 4328 διὰᾼ
1156 4253 1418 4328 στόματος
1452 4253 1633 4328 ῥαϐὶδ
1658 4254 1755 4328 τοῦ
1802 4255 1987 4328 παιδός

2082 3555 2281 3627 Ibidem
2293 3554 2442 3627 _Reg.
2476 3555 2531 3620 2,
2557 3555 2618 3609 τὸ
2639 3555 2872 3627 Πνεῦμα
2887 3554 2948 3608 τδ
2971 3555 3143 3627 ἅγιον.

2292 3622 2492 3708 Regius
2526 3622 2817 3708 primuset
2841 3622 3223 3708 Seg‘uerianus,
3248 3622 3492 3708 ’πλάνοιςἶ

2154 3686 2264 3766 (80)
2301 3686 2400 3751 Sic
2414 3686 2618 3766 Regius
2674 3686 3324 3766 primus,chguerianus,
3355 3686 3644 3766 Anglicani.

2084 3764 2393 3823 Gublerian.
2430 3764 2856 3834 et’Fclc.'i.ret
2886 3764 3100 3834 quidem
3143 3774 3305 3819 recte.
3338 3764 3439 3818 Alii
3456 3764 3646 3819 autem

2082 3846 2136 3891 et
2159 3837 2309 3902 editi,
2342 3837 2485 3906 κα).γὸ
2508 3835 2717 3899 Παῦλος
2748 3833 3249 3906 ἐλεγείΚορινθίοις.
3273 3834 3409 3906 ibid.
3437 3834 3567 3902 Reg.
3591 3835 3646 3895 2,

2085 3905 2370 3978 χορηγίαν.
2403 3905 2524 3978 Mox
2571 3906 2738 3978 iidem
2764 3903 2963 3960 illi‘sex
3005 3903 3137 3978 ipss.
3177 3904 3257 3959 sic
3284 3903 3521 3978 habent”:
3555 3906 3650 3978 ml.

2091 3973 2583 4047 atpbgKoptvﬁiou;
2612 3976 2693 4047 66
2714 3976 2969 4047 ἔγραφεν.
3000 3973 3138 4029 Editi
3173 3988 3319 4047 V§f9_
3337 3984 3390 4029 et
3419 3974 3530 4047 alii,
3560 3976 3650 4047 καὶ

2093 4042 2253 4100 nam
2278 4042 2411 4118 πρὸς
2440 4045 2701 4118 9610646
2731 4042 3179 4118 d616§_éypa§asy.
3209 4042 3409 4118 Ibidem
3451 4043 3650 4118 Regius

2092 4119 2299 4186 primus
2322 4114 2333 4118 ⁷
2353 4124 2407 4170 et
2435 4114 2797 4186 Seguerianus
2830 4114 3087 4186 habenti)
3118 4114 3367 4185 δοκιμήν,
3405 4124 3464 4169 ιιι
3493 4124 3548 4186 et
3579 4116 3649 4167 le-

2092 4182 2239 4256 gisse
2282 4182 2785 4254 videtur'Vulgataa
2829 4184 2960 4256 Novi
3006 4182 3335 4256 Testaménti
3380 4184 3650 4256 VCI‘Si_QlliS

2093 4252 2302 4325 auctor.
2336 4256 2437 4309 Alii
2479 4263 2530 4310 ct
2562 4252 2711 4318 editi,
2757 4257 2806 4309 sl
2836 4254 3083 4325 δοκιμήν.
3110 4255 3329 4325 Graecus
3354 4271 3481 4310 vero
3515 4252 3649 4307 Nm-i

422 4344 539 4391 σου,
580 4324 684 4398 ειιξ.
724 4326 829 4380 Alii
856 4324 979 4398 post
1012 4324 1198 4398 παιδός
1230 4324 1334 4398 ⁸σου
1349 4324 1596 4398 _hab_cnt,
1620 4327 1678 4378 ὲν
1710 4325 1979 4398 Πνεύματι

2094 4324 2422 4398 Testamenti
2447 4335 2645 4388 textus,
2667 4326 2789 4378 ἐπεὶ
2807 4324 3053 4396 δοκιμήν,
3084 4324 3202 4379 sine
3225 4326 3332 4379 ulla
3359 4340 3491 4380 mss.
3520 4325 3648 4380 edit.

420 4398 582 4468 (irim.
620 4394 1079 4468 Cantabrigiensis
1100 4437 1114 4460 ,
1157 4394 1312 4468 66:6
1341 4394 1664 4468 Πνεύμᾳτος
1707 4394 1871 4468 ἁγίου
1906 4395 1979 4449 διὰ

2094 4394 2267 4468 Oxon.
2301 4397 2681 4468 discncpantia.

420 4462 515 4520 τοῦ
535 4462 810 4537 ’στόματος
832 4462 1069 4537 λαλήσας
1090 4464 1255 4537 Δαὸὶδ
1275 4462 1373 4537 τοῦ
1400 4462 1586 4537 παιδός
1609 4481 1724 4537 σου.
1747 4462 1989 4537 Vulgata

420 4538 601 4592 versio
628 4532 788 4591 habet
816 4545 872 4590 ut
901 4532 991 4589 hic
1024 4534 1307 4590 vertimus.
1338 4532 1595 4589 Ottobon.
1628 4535 1709 4589 sic
1746 4532 1909 4590 habet
1931 4539 1989 4589 ἐν

421 4606 624 4678 αὐτοῖς,
670 4607 826 4678 ἡμῶν
841 4605 954 4678 *διὰ
996 4603 1310 4678 Πνεύμαςεος
1341 4604 1495 4673 ἁγίου
1538 4604 1803 4678 στόματος
1826 4606 1990 4678 Δαϐξιδ

419 4677 612 4741 παιδός
666 4674 780 4731 σου.
828 4676 1093 4731 Caeterum
1143 4674 1233 4727 alii
1281 4689 1414 4729 mss.
1462 4682 1517 4727 et
1563 4676 1690 4730 editi
1741 4676 1987 4743 hunc,S.

419 4747 704 4802 Athanasii
750 4748 927 4802 locum
963 4744 1044 4816 sic
1081 4744 1337 4816 exhibent
1366 4762 1381 4797 :
1412 4746 1440 4798 6
1471 4743 1559 4797 διὰ
1586 4745 1851 4816 στόματος
1885 4748 1990 4799 Δα-

419 4816 508 4870 διδ
542 4817 727 4881 παιδός
756 4834 849 4871 σου
888 4814 1077 4869 εἰπών.
1106 4814 1280 4869 Aliam
1318 4824 1499 4869 autem
1532 4814 1838 4881 lectionem,
1867 4817 1992 4872 licet

420 4887 641 4957 paulum
687 4898 942 4957 corrupta
984 4886 1261 4950 videatur,
1308 4883 1633 4957 selegimus,
1683 4901 1804 4940 cum
1856 4888 1985 4957 quia

421 4956 606 5027 plures
642 4967 696 5013 et
723 4956 1132 5027 melioris_notae
1177 4968 1311 5009 mss.
1348 4956 1563 5009 codices
1587 4971 1704 5027 cam
1738 4957 1939 5027 habent
1968 4974 1984 5024 ;

422 5025 535 5098 tum
565 5029 694 5098 quia
721 5036 939 5084 constat
964 5025 1025 5080 S.
1047 5025 1405 5098 Athanasium
1432 5040 1627 5098 nomen
1658 5026 1718 5082 S.
1753 5025 1989 5098 Spiritus

422 5097 513 5153 hic
558 5095 665 5154 non
718 5098 992 5159 omisisse,
1022 5111 1146 5151 cum
1193 5095 1340 5149 hunc
1378 5096 1553 5164 ipsum
1595 5097 1772 5151 locum
1803 5097 1992 5151 aderat

421 5168 485 5238 ad
515 5170 850 5238 probandum
884 5166 1054 5238 Deum
1091 5166 1148 5219 in
1189 5166 1464 5238 prophetis
1509 5181 1604 5235 per
1634 5164 1892 5238 Spiritum
1929 5166 1987 5220 S.

420 5233 661 5292 locutum
704 5238 894 5294 fuisse.
931 5237 1063 5306 Reg.
1103 5238 1167 5299 1,
1194 5233 1528 5305 Βεειιειίιιιιζ
1574 5246 1629 5291 et
1670 5233 1834 5291 Basil.
1866 5248 1992 5293 ante

422 5307 630 5371 παιδός.
660 5318 763 5363 art.
787 5308 882 5362 τοῦ
908 5307 1187 5362 omittunt.

493 5375 606 5446 (77)
644 5378 861 5433 Primus
899 5378 1066 5432 codex
1111 5374 1415 5446 Regiuset
1465 5374 1868 5446 Segucrianus,
1890 5375 1990 5446 μέν

422 5454 544 5514 post
567 5444 625 5499 ἐν
648 5448 850 5502 habent
877 5464 890 5498 :
917 5447 1008 5501 alii
1033 5454 1087 5500 et
1110 5444 1238 5501 editi
1271 5445 1451 5500 minus
1482 5448 1614 5499 bene
1634 5453 1758 5514 post
1777 5447 1826 5498 6.
1854 5444 1986 5501 Ibid.

423 5510 732 5633 ﬁoblerian.
765 5527 822 5573 et
856 5516 1001 5572 Felc.
1046 5518 1098 5581 1,
1130 5530 1294 5571 anon.
1325 5510 1677 5587 προσελθοῦσι
1719 5516 1990 5579 Ἰουδαίοις

488 5598 597 5633 γων

488 5598 597 5639 γων

498 5652 609 5726 (78)
646 5651 737 5708 Sic
764 5654 974 5726 primus
1002 5656 1173 5710 codex
1212 5654 1434 5725 Regius,
1461 5657 1844 5726 chucrianus,
1871 5656 1985 5709 Co-

427 5719 720 5790 hiet-ianus,
765 5719 819 5778 et
862 5722 1003 5779 Fclc.
1046 5727 1090 5779 I.
1136 5726 1239 5779 Alii
1286 5719 1413 5781 rem
1455 5738 1505 5781 ct
1536 5719 1696 5794 ὶιΙίιί,
1740 5727 1983 5796 γράφων.

2162 4466 2274 4537 (81)
2309 4465 2400 4537 Sic
2429 4464 2629 4537 Regius
2658 4465 2950 4537 secundus,
2974 4462 3353 4537 Seguerianus
3384 4472 3441 4520 et
3460 4463 3649 4535 Angli-

2088 4534 2279 4606 canus.
2314 4535 2504 4606 Ctetet‘i
2538 4546 2591 4589 et
2617 4536 2765 4601 editi,
2802 4534 3059 4606 δηλονότι.

2160 4605 2285 4677 (82)
2322 4604 2415 4659 Sic
2454 4603 2652 4677 Regius
2699 4603 2945 4677 primus,
2986 4604 3301 4677 Seguerian.
3348 4604 3570 4677 Anglic,
3601 4616 3653 4657 rt

2090 4674 2234 4730 Felc.
2255 4674 2315 4730 ’1.
2352 4677 2422 4728 At
2454 4674 2584 4745 Reg.
2618 4677 2653 4728 2
2677 4674 2731 4731 et
2758 4674 3079 4745 Basilicus;
3100 4674 3212 4743 ἐγώ
3236 4674 3514 4730 omittunt.
3545 4676 3650 4731 Alii

2088 4756 2143 4803 ct
2172 4743 2557 4817 editi_habent,
2579 4745 2859 4817 δεδεμένος
2882 4748 2940 4817 ἐν
2968 4743 3045 4814 τῷ
3066 4745 3362 4816 Πνεύματι.

2161 4815 2285 4887 (851
2298 4814 2500 4887 Regius
2530 4814 2761 4887 primus,
2802 4826 2855 4870 et
2889 4814 3231 4887 Seguerian;
3263 4814 3652 4887 συμϐησόμενὰ

2092 4884 2201 4957 μοι.
2238 4884 2360 4940 Mox
2386 4884 2544 4957 Reg.
2578 4886 2634 4950 2,
2679 4888 2760 4940 ὅτι
2803 4885 3020 4957 omittit.
3064 4884 3234 4957 Paulo
3277 4884 3400 4956 νόει
3435 4884 3650 4955 Regius

2087 4955 2318 5027 primus,
2343 4964 2397 5010 et
2428 4955 2677 5027 Seguer..
2706 4955 3104 5027 διεμαρτύρατό
3130 4973 3240 5027 μοι,
3282 4955 3423 5027 utet
3459 4957 3653 5026 legitur

2089 5026 2143 5078 in
2189 5042 2291 5081 nis.
2343 5024 2530 5081 codice
2568 5024 2829 5080 Alexand.
2872 5024 3003 5079 Noui
3034 5024 3365 5080 Testamenti
3394 5024 3651 5081 editionis

2088 5096 2436 5168 Oxoniensis.
2473 5094 2597 5168 Mox
2643 5096 2802 5168 iidem
2834 5095 3032 5167 Regius
3058 5097 3286 5165 primus,
3314 5106 3370 5152 et
3402 5096 3607 5168 Seguer
3633 5134 3649 5160 ,

2087 5164 2411 5235 éa'tvhabcut
2442 5167 2569 5219 :alii
2602 5176 2655 5220 et
2675 5166 2799 5220 editi
2828 5164 2937 5220 ἄνξ
3042 5232 3045 5235 _

2161 5234 2271 5303 (84)
2308 5234 2441 5304 Reg.
2475 5236 2527 5300 1,
2559 5235 2869 5291 Goblerian.
2895 5245 2949 5290 et
2973 5234 3115 5291 Felc.
3145 5236 3196 5299 1,
3223 5234 3293 5288 τὰ
3323 5234 3511 5289 αὑτοῦ.

2160 5306 2271 5375 (85)
2303 5304 2395 5376 Sic
2422 5304 2805 5376 Seguerianus,
2838 5306 3188 5376 Anglicanus.
3218 5306 3579 5376 Goblerianus
3601 5316 3651 5358 et

2088 5374 2268 5431 Felck.
2314 5375 2365 5429 1.
2396 5378 2465 5430 At
2508 5375 2707 5445 Regius
2739 5374 2967 5445 primus,
2996 5377 3245 5445 ἐχορήγει
3278 5375 3456 5445 λαλεῖν
3483 5376 3646 5444 αύτιξη

2089 5395 2268 5431 νοιςκ.
2314 5395 2365 5429 ι.
2396 5395 2465 5430 At
2508 5395 2707 5445 neglus
2740 5395 2967 5445 prunus,
2996 5395 3019 5428 ε
3059 5395 3086 5428 ο
3126 5395 3245 5445 ηγει
3279 5395 3456 5429 λαλειν
3483 5395 3646 5444 αυτῳ.

2089 5445 2289 5514 Regius
2320 5448 2614 5517 secundus,
2637 5447 2953 5517 ὲπιχορηγεῖ
2974 5395 3244 5498 κέ)”λαλεῖ
3264 5444 3434 5517 αὐτῷ.
3462 5445 3647 5508 Basit.,

2088 5518 2447 5586 ἁποχορηγεῖν
2470 5516 2563 5569 καὶ
2588 5516 2763 5569 λαλεῖν
2787 5516 2844 5569 ἐν
2869 5516 3036 5586 αὐτῷ.
3062 5516 3164 5569 Alii
3194 5526 3246 5570 et
3273 5516 3425 5586 editi,
3453 5517 3648 5586 ἁποχο-

2092 5584 2379 5654 ρηγεῖκαὶ
2426 5586 2602 5640 λαλεῖν
2644 5589 2703 5640 ὲν
2746 5585 2911 5655 αὐτῷ.
2940 5584 3129 5656 Al‘aulo
3176 5595 3297 5656 post
3335 5584 3469 5655 Reg.
3526 5584 3647 5638 bet

2090 5656 2336 5729 Seguﬂen,
2359 5656 2852 5729 διαμαρτυρομένου
2866 5654 2871 5655 ⁷
2883 5654 2959 5726 τῷ
2993 5654 3207 5729 Παύλῳ.

2159 5728 2270 5797 (86)
2306 5727 2393 5782 Sic
2425 5726 2553 5797 Reg.
2596 5726 2721 5793 1,01
2764 5727 2985 5799 Srgurr.
3026 5728 3116 5799 qui
3164 5735 3219 5785 et
3251 5726 3386 5779 infra
3427 5726 3645 5787 Ιιιιὶηιιςι,
