3914 6222
301 373 404 430 605

1431 373 1762 429 EPISTOLA
1802 375 1817 427 Ι
1853 374 1944 428 AD
1986 373 2421 466 SERAPIQNEM

3433 380 3537 435 606

296 483 434 541 εἶναι
485 485 579 538 τοῦ
629 487 802 557 Λόγου
832 487 928 559 τὴν
976 491 1040 543 ὲκ
1093 489 1185 543 τοῦ
1227 490 1539 560 Πνεύματος
1584 491 1872 562 γινομένην

1984 507 2174 562 corpus
2196 490 2448 546 formavit
2478 498 2532 546 et
2564 491 2784 561 aptavit,
2815 508 2903 548 res
2938 501 3149 549 creatas
3175 508 3271 564 per
3296 493 3534 564 séipsum

299 579 719 649 διαμαρτυρίαν.
768 579 923 632 Οὕτω
964 582 1058 634 καὶ
1118 581 1210 634 ἐπὶ
1258 581 1356 651 τὴν
1387 581 1548 649 ἁγίαν
1599 581 1870 652 Παρθένον

297 669 513 739 Μαρίαν
551 670 941 741 ἐπιδημοῦντος
982 671 1074 724 τοῦ
1121 671 1293 740 Λόγου
1322 711 1336 737 ,
1372 674 1758 744 συνεισήρχετο
1808 673 1869 726 τὸ

296 761 538 832 Πνεῦμα,
578 764 670 816 καὶ
699 765 869 832 Λόγος
905 766 962 816 ἐν
985 764 1061 835 τῷ
1088 764 1362 836 Πνεύματι
1382 765 1612 818 ἔπλαττε
1638 766 1732 819 καὶ
1767 766 1865 836 ἦρ-

1972 583 2115 637 Patri
2138 583 2466 652 conjungere
2493 595 2547 637 et
2580 582 2795 649 offerre,
2826 585 3117 653 omniaque
3139 584 3194 638 in
3217 585 3310 639 illo
3341 601 3536 639 recon-

1971 677 2157 731 ciliare
2187 676 2434 744 cupiens,
2473 695 2491 726 ‹
2527 678 2818 746 paciﬁcans
2855 677 2968 732 sive
3005 692 3127 746 qua:
3156 677 3212 731 in
3239 678 3392 734 ctelis
3421 679 3540 731 sive

1969 781 2090 836 quae
2115 765 2170 819 in
2195 765 2355 820 terris
2387 775 2513 820 sunt
2535 766 2575 819 ".
2618 786 2636 818 ι

299 852 462 919 μοζεν
488 852 662 922 ἑαυτῷ
687 854 747 906 τὸ
772 853 947 925 σῶμα,
992 855 1225 923 συνάψαι
1256 855 1424 908 θέλων
1455 856 1549 909 καὶ
1611 859 1997 927 προσενεγκεῖν
2046 856 2114 910 δι’
2149 857 2344 910 ἑαυτοῦ
2389 857 2488 928 τὴν
2521 859 2695 911 κτίσιν
2723 857 2801 929 τῷ
2832 857 3026 930 Πατρὶ,
3085 859 3179 911 καὶ
3236 859 3541 913 ἀποκαταλ⁸⁸

295 943 448 1007 λὰξαι
474 943 542 997 τὰ
577 943 752 996 πάντα
775 945 830 996 ὲν
850 943 1017 1014 αὐτῷ.
1052 963 1070 994 ι
1106 947 1524 1016 εἰρηνοποιήσας
1557 944 1627 998 τὰ
1669 948 1726 998 ὲν
1752 948 1865 1008 τοῖς
1896 947 2143 1018 οὐρανοῖς
2171 949 2260 1001 καὶ
2292 948 2358 1002 τὰ
2385 949 2477 1001 ἐπὶ
2498 948 2595 1017 τῆς
2629 949 2752 1019 γῆς.
2791 969 2808 999 ι

367 1035 457 1090 52.
494 1035 565 1086 Συ
574 1033 805 1106 μφώνως
829 1037 936 1105 ἄρα
959 1037 1064 1090 ἀπὸ
1095 1037 1203 1089 τῶν
1224 1038 1382 1091 θείων
1408 1037 1638 1108 Γραφῶν
1660 1037 1870 1090 δείκνυ-

2035 1037 2124 1091 52.
2155 1040 2343 1108 Itaque
2367 1055 2432 1094 cx
2471 1039 2774 1093 divinarum
2808 1037 3214 1108 Scripturarum
3265 1055 3538 1104 consensu

295 1143 383 1179 ται
412 1125 486 1195 μὴ
513 1119 653 1177 εἶναι
693 1125 897 1196 κτίσμα
925 1127 986 1179 τὸ
1017 1127 1242 1198 Πνεῦμα
1269 1127 1329 1180 τὸ
1362 1126 1535 1195 ἅγιον,
1564 1125 1698 1180 ἀλλά
1743 1125 1871 1178 ἴδιον

1984 1128 2186 1184 evidens
2201 1139 2283 1183 est
2307 1129 2569 1199 Spiritum
2599 1139 2845 1185 sanctum
2872 1147 2984 1184 rem
3011 1141 3248 1186 creatam
3267 1147 3377 1188 non
3391 1150 3534 1202 esse,

295 1215 388 1269 τοῦ
414 1216 590 1284 Λόγου
646 1216 740 1269 καὶ
797 1219 895 1286 τῆς
915 1216 1007 1270 τοῦ
1035 1217 1246 1289 Πατρός
1285 1217 1565 1288 θεότητος·
1593 1216 1735 1270 οὕτω
1765 1217 1873 1288 γὰρ

1984 1219 2064 1273 sed
2091 1219 2374 1288 proprium
2400 1235 2520 1276 csse
2571 1219 2729 1276 Verbi
2767 1231 2820 1276 et
2861 1221 3036 1278 Patris
3074 1223 3394 1280 divinitatis.
3445 1225 3540 1283 Sic

294 1305 403 1358 τῶν
442 1307 541 1376 μὲν
581 1306 750 1375 ἁγίων
772 1307 804 1377 ἡ
828 1307 1139 1361 διδασκαλία
1164 1311 1241 1372 είς
1273 1308 1371 1380 τὴν
1393 1309 1556 1378 ἁγίαν
1585 1310 1678 1362 καὶ
1700 1309 1876 1362 ἀδιαί-

1984 1310 2121 1364 enim
2154 1319 2465 1365 sanctorum
2490 1312 2736 1367 doctrina
2754 1313 2819 1367 ad
2847 1324 3091 1369 sanctam
3121 1324 3174 1369 et
3201 1316 3534 1373 individuam

301 1414 455 1466 ρετον
489 1397 696 1468 Τριὰδα
747 1399 1059 1466 συνάγεται,
1108 1399 1203 1453 καὶ
1263 1400 1358 1471 μία
1391 1400 1574 1462 πίστις
1617 1400 1751 1469 αὓτη
1779 1403 1877 1471 τῆς

1985 1400 2302 1456 Trinitatem
2347 1403 2692 1457 astruendam
2749 1405 3048 1474 conspirat,
3096 1422 3267 1475 eaque
3316 1425 3424 1463 una
3457 1419 3540 1466 est

298 1486 592 1556 καθολικῆς
632 1488 952 1558 Ἐκκλησίας
997 1490 1110 1543 ὲστί
1141 1492 1251 1561 (87)
1277 1507 1290 1520 ο
1339 1492 1447 1544 τῶν
1493 1491 1548 1545 δὲ
1589 1492 1877 1563 Τροπικῶν

1984 1493 2256 1548 catholica:
2298 1492 2552 1548 Ecclesiae.
2599 1495 2752 1550 ﬁdes.
2782 1495 2854 1549 At
2895 1496 3142 1550 absurdae
3183 1497 3538 1568 Tropicorum

298 1580 352 1654 i;_
391 1579 675 1646 ἀλόγιστος
727 1579 1101 1651 μυθοπλαστία
1145 1582 1404 1652 διαφωνεῖ
1463 1583 1559 1654 μὲν
1608 1583 1745 1654 πρὸς
1778 1582 1877 1646 τὰς

1984 1582 2171 1638 fabulae
2209 1600 2236 1638 a
2273 1584 2572 1654 Scripturis
2595 1586 2750 1640 valde
2779 1585 3127 1654 dissentiunt,
3163 1591 3541 1646 consentiunt-

300 1652 542 1740 Γραφὰς.
572 1675 850 1741 συμφωνεῖ
871 1671 927 1724 δὲ
951 1675 1015 1743 τῇ
1051 1673 1158 1726 τῶν
1202 1652 1620 1746 Ἀρειομανιτῶν
1641 1652 1832 1748 ἀλογία
1855 1695 1868 1707 ο

1984 1689 2078 1742 que
2103 1673 2326 1727 omnino
2358 1689 2483 1728 cum
2514 1673 2842 1727 Arianorum
2879 1674 3070 1730 haeresi
3103 1693 3117 1729 :
3173 1675 3318 1730 unde
3350 1677 3542 1732 verisi-

301 1762 392 1814 καὶ
443 1761 592 1824 εἰκὸς
646 1763 843 1826 αὐτοὺς
879 1763 988 1834 (88)
1035 1764 1208 1830 οὕτως
1237 1767 1630 1838 ὑποκρίνασθαι
1656 1768 1873 1838 ἀπάτης

300 1849 480 1903 ἕνεκεν
506 1850 615 1904 τῶν
650 1852 941 1922 ἀκεραίων,
981 1853 1140 1907 Ἀλλά
1187 1856 1346 1927 χάρις
1380 1856 1458 1927 τῷ
1492 1857 1683 1928 Κυρίῳ
1704 1898 1719 1921 ,
1769 1859 1870 1923 δτι,

300 1940 370 2003 ὡς
391 1941 647 2011 γρὰερεις,
675 1943 776 1995 οὐκ
803 1942 992 1996 ἔλαθον
1032 1944 1324 2009 σκέποντες
1365 1947 1591 2010 ἑαυτοὺς
1623 1950 1688 2019 τῇ
1737 1948 1874 2018 πρὸς

298 2031 421 2094 τοὺς
464 2031 777 2103 Ἀρειανοὺς
810 2036 1159 2106 προσποιὴτῳ
1189 2037 1284 2090 ἀντ
1296 2037 1500 2108 ιλογία·
1529 2038 1752 2110 καὶγὰρ
1781 2040 1874 2092 καὶ

300 2121 426 2191 παρ’
461 2123 684 2177 ἐκείνων
710 2127 1049 2198 ἐμισήθησαν
1075 2129 1208 2200 (89),
1239 2131 1319 2183 ὅτι
1353 2131 1510 2201 μόνον
1551 2130 1613 2184 τὸ
1651 2131 1873 2202 Πνεῦμα

299 2212 393 2264 καὶ
423 2213 545 2283 οὐχὶ
587 2216 681 2268 καὶ
717 2217 806 2270 τὸν
839 2217 1009 2286 Λόγον
1056 2219 1261 2290 κτίσμα
1301 2219 1550 2288 λέγουσι’
1599 2222 1693 2276 καὶ
1725 2221 1875 2292 παρά

302 2305 516 2357 πάντων
551 2305 607 2358 δὲ
637 2307 1114 2380 κατεγνώσθησαν,
1145 2312 1219 2374 ὡς
1352 2311 1464 2364 όντι
1491 2329 1876 2382 πνευματομα-

300 2393 541 2465 χοῦντες,
585 2398 676 2450 καὶ
711 2398 827 2468 μετ’
853 2399 1031 2467 ὀλίγον
1059 2402 1332 2471 γινόμενοι
1363 2401 1475 2472 (90)
1509 2404 1710 2472 νεκροὶ,
1747 2403 1875 2475 ἔρη-

304 2504 390 2560 μοι
421 2490 518 2541 κα“ι
559 2491 706 2544 κενοὶ
760 2492 854 2545 τοῦ
889 2492 1207 2560 Πνεῦματος
1239 2495 1408 2558 ὄντες.
1454 2495 1610 2548 Κατά
1641 2496 1750 2566 γὰρ
1785 2496 1876 2549 τὸν

304 2581 574 2652 μακάριον
609 2583 955 2648 Ἀπόστο).ον,
1008 2585 1226 2656 ψυχικοί
1264 2586 1536 2656 ἄνθρωποι
1578 2587 1728 2650 ὄντες
1776 2589 1875 2640 οὐκ

301 2668 641 2740 ἡδυνήθησαν
683 2672 937 2736 δέξασθαι
984 2674 1052 2727 τα
1081 2675 1176 2728 τοῦ
1205 2675 1522 2745 Πνεῦματος
1568 2676 1664 2729 τοῦ
1698 2677 1830 2730 Θεοῦ
1859 2719 1872 2743 ,

301 2765 379 2820 ὅτι
416 2766 803 2836 πνευματικῶς
830 2767 1175 2838 ἀνεκρίνοντο
1195 2785 1208 2799 ο
1243 2771 1291 2822 οἱ
1322 2769 1378 2822 δὲ
1405 2769 1474 2822 τὰ
1501 2769 1601 2839 τῆς
1621 2769 1876 2840 ἀληθείας

303 2857 620 2928 φρονοῦντες
654 2859 1002 2929 ἀνακρίνουσι
1036 2859 1134 2930 μὲν
1157 2860 1226 2913 τά
1266 2861 1439 2914 πὰντα
1463 2901 1477 2924 ,
1508 2860 1661 2914 αὐτοὶ
1693 2862 1749 2915 δὲ
1786 2863 1874 2915 ὑπ’

304 2949 510 3014 οὐδενὸς
537 2950 940 3021 ἁνακρίνονται,
976 2950 1189 3021 ἔχοντες
1210 2953 1266 3004 ἐν
1299 2954 1510 3016 ἑαυτοῖς
1547 2953 1636 3006 τὸν
1673 2955 1876 3026 Κύριον

303 3041 756 3096 ἀποκαλύπτοντα
789 3045 971 3107 αὐτοῖς
991 3047 1047 3096 ἐν
1065 3044 1143 3114 τῷ
1173 3044 1449 3116 Πνεύματι
1484 3047 1674 3100 ἑαυτόν
1701 3065 1759 3101 τε
1784 3049 1878 3102 καὶ
1904 3011 1945 3069 C

303 3132 366 3184 δι’
392 3133 587 3186 ἑαυτοῦ
611 3134 701 3186 τὸν
730 3135 963 3206 Πατέρα.

371 3309 462 3364 53.
512 3307 655 3377 Ἐγὼ
693 3308 791 3380 μὲν
829 3306 922 3364 οὖν
948 3309 1150 3384 καίπερ
1198 3313 1256 3365 ὲν
1293 3313 1486 3384 ὲρήμῳ
1536 3312 1755 3380 διάγων,
1790 3312 1878 3365 διὰ

307 3397 432 3465 γοῦν
472 3397 568 3468 τὴν
596 3397 868 3450 ἀναίδειαν
896 3398 1002 3450 τῶν
1043 3399 1424 3468 ἐκτραπέντων
1463 3398 1572 3451 ἀπὸ
1607 3399 1705 3468 τῆς
1750 3397 1879 3467 ἀλη-

308 3491 475 3553 θείας,
501 3491 560 3542 οὐ
587 3489 876 3559 φροντίσας
897 3489 1004 3543 τῶν
1021 3490 1182 3561 γελᾷν
1211 3490 1501 3544 ἐθελόντων
1524 3489 1612 3542 διὰ
1633 3490 1693 3542 τὸ
1721 3489 1880 3542 ἀσθε-

305 3581 391 3645 νὲς
424 3582 521 3634 καὶ
551 3581 805 3635 ταπεινὸν
838 3585 936 3652 τῆς
967 3581 1056 3635 διὰ
1079 3583 1187 3635 τῶν
1215 3581 1388 3651 λόγων
1428 3581 1772 3648 ἀποδείξεως,
1810 3581 1877 3634 δι’

262 3718 273 3753 '.
306 3673 499 3741 ὀλίγων
533 3671 753 3744 γράψας
775 3714 789 3737 ,
848 3673 1140 3727 ἀπέστειλα
1177 3677 1244 3745 τῇ
1303 3677 1369 3745 σῇ
1423 3674 1534 3742 (9i!)
1587 3673 1835 3743 εὐλαϐείᾳ
1862 3713 1876 3738 ,

307 3764 476 3818 πολλά
500 3765 856 3837 παρακαλῶν,
882 3765 1000 3828 ἴνα,
1036 3765 1378 3836 ἐντυγχάνων
1401 3766 1640 3828 τούτοις,
1680 3764 1749 3818 τὰ
1784 3765 1880 3834 μὲν

306 3856 594 3929 διορθὼσῃ,
631 3859 724 3911 ἐπὶ
749 3858 805 3912 δὲ
839 3861 951 3922 τοῖς
990 3858 1236 3920 ἀσθενῶς
1269 3857 1576 3928 εἰρημένοις
1621 3854 1882 3926 συγγινώ-

311 3965 464 4021 σκῃς.
502 3951 660 4003 Κατά
706 3951 813 4022 γὰρ
844 3951 942 4021 τὴν
971 3949 1364 4021 παραδοθεῖσαν
1393 3950 1524 4019 ἡμῖν
1575 3947 1723 4017 παρὰ
1773 3947 1881 4001 τῶν

312 4039 566 4108 Πατέρων
598 4038 954 4108 ἁποστολικὴν
988 4040 1168 4114 πίστιν
1203 4037 1511 4107 παρέδωκα,
1549 4037 1710 4108 μηδὲν
1749 4037 1880 4103 ἔξω·

312 4129 399 4184 θεν
453 4130 745 4200 ἐπινοήσας
795 4131 905 4198 (92)
935 4170 950 4194 ,
991 4130 1104 4183 ἀλλ’
1151 4131 1287 4201 ὅπερ
1344 4128 1544 4199 ἔμαθον
1582 4127 1881 4199 ἐνεχάραξα

314 4221 615 4292 συμφώνως
639 4225 757 4285 ταῖς
795 4223 976 4290 ἁγίαις
1010 4224 1271 4294 Γραφαῖς.
1307 4221 1601 4292 Σύμφωνον
1635 4221 1744 4292 γὰρ
1787 4221 1882 4275 καὶ

309 4312 467 4365 τοῦτο
510 4316 623 4377 τοῖς
667 4314 1252 4384 προαποπεφασμένοις
1295 4313 1432 4381 πρὸς
1485 4310 1772 4382 βεϐαίωσιν
1817 4313 1881 4365 ὲκ

313 4405 415 4458 τῶν
448 4405 617 4470 ἁγίων
664 4403 912 4474 Γραφιῖιν,
963 4405 1071 4458 Καὶ
1126 4406 1243 4459 οὐκ.
1275 4405 1469 4470 ἔξωθεν
1522 4405 1880 4474 ἐπινενόηται,

318 4599 408 4636 σκε
457 4583 558 4654 τὴν
605 4585 956 4655 Σαμαρεῖτιν,
997 4587 1091 4640 καὶ
1120 4586 1187 4639 δι’
1218 4588 1388 4658 αὐτῆς
1439 4588 1607 4658 ἡμᾶς,
1639 4585 1737 4657 τὴν
1787 4587 1886 4657 τῆς

317 4675 470 4743 ἁγίας
493 4675 718 4746 Τριὰδος
740 4676 1072 4748 τελειότητα,
1092 4677 1393 4749 ἀδιαίρετον
1417 4677 1769 4749 ὑπάρχουσαν
1793 4677 1886 4729 καὶ

315 4768 441 4837 μίαν
472 4767 714 4838 Θεότητα
743 4769 873 4838 (95).
929 4769 1076 4840 Αὐτὴ
1121 4769 1411 4840 ήὰλήθεια
1463 4771 1759 4840 μαρτυρεῖ,
1810 4766 1884 4831 ὣς

314 4875 440 4926 φησι
478 4861 543 4928 τῇ
581 4858 963 4930 Σαμαρείτιδι·
996 4880 1013 4910 ι
1054 4860 1283 4912 Πίστευέ
1312 4878 1422 4930 μοι,
1453 4861 1644 4929 γύναι,
1678 4861 1762 4913 ὃτι
1793 4859 1880 4931 ἔρ-

421 5037 446 5072 ⁸
473 5038 686 5097 Coloss.
718 5056 755 5107 ι,
778 5038 869 5094 20.
947 5041 990 5072 ⁸·
1017 5042 1038 5094 Ι
1061 5039 1187 5096 Cor.
1216 5055 1276 5108 ιι,
1307 5038 1394 5093 14.

318 5203 720 5272 συνεισήρχετο.
753 5200 857 5254 Alii
905 5209 960 5254 ct
1000 5200 1160 5268 editi,
1200 5198 1368 5262 λαλεῖ,
1411 5205 1465 5252 et
1499 5196 1663 5264 infra,
1691 5196 1888 5268 συνήρ-

321 5289 499 5410 χείὲἦ)
534 5338 667 5410 Reg.
718 5340 771 5404 t,
812 5348 869 5410 et,
911 5339 1160 5408 Segne?»
1200 5337 1316 5410 ἐστι
1347 5337 1598 5410 “dumi
1634 5336 1724 5390 am
1761 5352 1882 5410 cum

319 5405 790 5466 editis'omittunt.
823 5409 941 5464 Mox
986 5405 1153 5465 iidem,
1198 5408 1328 5477 Reg.
1380 5407 1432 5470 1,
1478 5417 1532 5477 et
1567 5405 1881 5477 Seguerian.

325 5496 527 5536 necnon
566 5480 786 5536 Goblcr.
837 5491 890 5534 et
931 5479 1107 5534 Felck.
1136 5479 1187 5543 1,
1220 5476 1420 5532 habent
1441 5476 1740 5545 ἀλόγιστος.
1769 5476 1886 5531 Ca:-

325 5552 415 5604 teri
446 5567 574 5604 vero
603 5559 660 5606 et
693 5550 845 5611 editi,
879 5551 1218 5611 ἀλλοπιστος.

357 5621 502 5702 .(SS)
531 5619 622 5679 Sic
649 5617 782 5690 Reg.
813 5621 865 5683 1,
896 5630 949 5674 et
984 5620 1301 5689 Segueriau.
1337 5616 1442 5670 Alii
1472 5631 1600 5671 vero
1631 5624 1684 5669 et
1729 5616 1880 5680 editi,

328 5690 556 5744 ιῖκότως.

394 5743 698 5832 (89)]1ιιιιυ
733 5761 908 5814 lueu'n
949 5760 1018 5814 ita
1055 5758 1394 5813 restituimus
1429 5774 1490 5811 ex
1525 5774 1651 5810 mss,
1694 5755 1817 5826 Reg.
1859 5756 1877 5807 l

1975 1765 2100 1818 mile
2128 1765 2200 1820 sit
2225 1765 2346 1820 illos
2371 1780 2477 1819 non
2511 1765 2617 1819 alia
2641 1765 2707 1820 de
2730 1780 2895 1820 causa
2925 1765 2999 1819 ita
3037 1765 3408 1831 dissimulare,
3437 1767 3541 1823 nisi

1973 1870 2082 1926 quo
2107 1855 2320 1912 facilius
2337 1857 2612 1927 simplices
2627 1856 2956 1927 deciperent.
2982 1856 3084 1912 Sed
3102 1858 3288 1927 gratiae
3312 1857 3542 1913 Domino

1974 1944 2255 2010 habendae,
2289 1945 2457 2016 quod,
2491 1953 2551 2000 ut
2585 1946 2804 2012 scribis,
2843 1945 3022 2001 ﬁctam
3053 1962 3209 2002 suam
3237 1963 3361 2002 cum
3389 1947 3542 2002 Aria-

1973 2032 2059 2087 nis
2085 2036 2487 2090 contentionem
2512 2035 2767 2106 obtegere
2797 2051 2903 2089 non
2930 2038 3225 2106 potuerint.
3253 2038 3537 2109 Siquidem

1973 2133 2025 2179 et
2055 2125 2275 2190 illorum
2312 2127 2498 2180 odium
2529 2127 2582 2181 in
2614 2143 2674 2182 se
2718 2127 2868 2197 ipsos
2901 2129 3336 2196 concitaverunt,
3365 2138 3422 2183 ut
3446 2131 3540 2200 qui

1975 2215 2149 2269 solum
2180 2214 2442 2284 Spiritum
2491 2231 2598 2270 non
2633 2224 2814 2270 autem
2868 2215 3106 2270 Verbum
3150 2232 3264 2270 rem
3301 2224 3540 2270 creatam

1975 2321 2095 2360 esse
2118 2306 2342 2360 dicant:
2371 2315 2426 2361 et
2457 2307 2525 2361 ab
2551 2307 2672 2362 aliis
2702 2308 2958 2363 omnibus
2988 2308 3372 2378 reprobantur,
3395 2308 3540 2377 quod

1974 2399 2176 2468 liqueat
2198 2414 2323 2454 vere
2354 2413 2449 2455 eos
2477 2399 2675 2454 bellum
2733 2410 2925 2456 contra
2980 2412 3229 2455 sanctum
3277 2399 3542 2470 Spiritum

1975 2505 2182 2559 gerere,
2217 2505 2282 2545 ac
2302 2490 2529 2560 proinde
2573 2491 2720 2545 brevi
2745 2489 2860 2545 fore
2895 2501 3162 2557 mortuos,
3195 2499 3386 2560 utpote
3416 2491 3542 2560 Spi-

1973 2581 2083 2634 ritu
2115 2595 2317 2634 vacuos
2349 2589 2401 2634 et
2429 2579 2743 2635 destitutos.
2770 2578 2971 2648 Nempe
3000 2579 3127 2649 quia
3181 2588 3306 2634 sunt
3333 2578 3546 2632 anima-

1976 2670 2054 2725 les
2083 2672 2353 2734 homines,
2385 2685 2493 2724 nou
2523 2679 2841 2740 potuerunt,
2871 2669 3032 2741 545
3062 2676 3120 2723 ut
3147 2669 3307 2724 docet
3350 2668 3546 2724 beatus

1974 2760 2348 2830 Apostolus“,
2366 2762 2644 2832 percipere
2670 2777 2790 2831 qua:
2807 2769 2935 2816 sunt
2963 2760 3199 2829 Spiritus
3217 2759 3331 2822 Dei,
3361 2768 3545 2828 utpote

1975 2853 2069 2924 qui
2094 2854 2450 2923 Spiritualiter
2476 2853 2932 2922 dijudicarentur.
2961 2854 3031 2907 At
3059 2852 3154 2923 qui
3181 2867 3244 2908 ea
3271 2867 3394 2922 qua:
3416 2859 3545 2906 sunt

1976 2941 2220 2994 veritatis
2271 2939 2510 3010 sapiunt,
2561 2941 2746 2995 omnia
2793 2941 3013 3010 quidem
3047 2941 3386 3011 dijudicant,
3438 2940 3544 3010 ipsi

1978 3045 2110 3084 vero
2148 3046 2179 3085 a
2208 3033 2426 3087 nemine
2453 3032 2845 3101 dijudicantur,
2887 3031 3325 3102 quandoquidem
3355 3030 3542 3086 Domi~

1979 3139 2107 3177 num
2139 3123 2193 3177 in
2227 3123 2421 3193 seipsis
2452 3123 2673 3189 habent,
2703 3123 2797 3193 qui
2829 3123 2935 3178 illis
2963 3133 3017 3178 et
3047 3125 3286 3194 scipsum
3336 3131 3391 3178 et
3448 3138 3546 3194 per

1979 3217 2217 3286 scipsum
2249 3217 2464 3272 Patrem
2491 3218 2545 3271 in
2577 3216 2784 3286 Spiritu
2816 3215 3092 3286 patefacit.

2051 3311 2139 3365 55.
2178 3311 2290 3381 Ego
2315 3311 2518 3380 itaque,
2558 3311 2771 3365 tametsi
2804 3310 2858 3363 in
2891 3309 3183 3364 solitudine
3208 3309 3432 3380 degens,
3458 3319 3544 3364 t-a-

1980 3419 2102 3456 men
2127 3409 2347 3472 propter
2377 3416 2567 3456 eorum
2599 3402 2986 3472 impudentiam
3019 3402 3111 3470 qui
3149 3415 3178 3454 a
3201 3402 3429 3455 veritate
3458 3401 3544 3456 de-

1980 3495 2268 3559 ﬁcxerunt,
2305 3493 2440 3548 nihil
2475 3493 2700 3548 omnino
2727 3493 2792 3548 de
2817 3493 2922 3548 illis
2938 3508 3161 3557 curans,
3186 3493 3387 3562 quibus
3408 3491 3548 3546 forte

1980 3601 2114 3639 meae
2146 3584 2595 3639 ratiocinationes
2618 3585 2847 3639 inﬁrmae
2875 3593 2924 3638 et
2962 3583 3194 3638 humiles
3219 3592 3382 3651 atque
3410 3583 3547 3635 adeo

1981 3674 2270 3728 irridenda:
2313 3674 2664 3740 videbuntur,
2715 3673 2830 3728 hate
2854 3690 3024 3744 pauca
3068 3689 3189 3744 qua:
3224 3674 3440 3744 scripsi,
3478 3673 3546 3727 ad

1981 3771 2129 3818 tuam
2156 3763 2406 3833 pietatem
2444 3765 2648 3834 placuit
2694 3764 2907 3819 mittere
2929 3804 2948 3831 ,
2981 3772 3144 3834 teque
3201 3763 3548 3818 vehementer

1980 3871 2131 3926 rogo,
2167 3866 2226 3909 ut
2247 3855 2300 3909 in
2327 3856 2413 3910 his
2433 3856 2695 3926 legendis,
2726 3856 2831 3910 alia
2865 3855 3082 3926 quidem
3132 3856 3408 3919 emendes,
3439 3855 3546 3910 alia

1981 3963 2110 4002 vero
2139 3964 2260 4018 quae
2290 3949 2506 4002 inﬁrma
2529 3957 2843 4014 occurrent,
2870 3948 3005 4002 mihi
3034 3947 3326 4003 condones.
3362 3947 3547 4018 Siqui-

1982 4039 2104 4094 dem
2131 4039 2266 4093 nihil
2292 4040 2408 4108 ipse
2463 4039 2657 4093 tradidi
2706 4039 2810 4094 nisi
2853 4040 3150 4094 secundum
3184 4038 3543 4108 apostolicam

1983 4133 2166 4198 ﬁdem.
2197 4141 2361 4202 prout
2391 4147 2451 4187 ea
2480 4132 2640 4187 nobis
2666 4147 2694 4186 a
2719 4131 2970 4188 Patribus
3014 4131 3208 4186 tradita
3237 4139 3340 4194 est,
3379 4129 3544 4184 nihil-

1983 4238 2090 4291 que
2111 4228 2396 4276 externum
2448 4236 2568 4276 sum
2623 4231 2988 4286 commentus,
3018 4221 3113 4276 sed
3144 4220 3288 4291 quod
3339 4220 3546 4283 didici,

1911 4357 1955 4412 Β
1979 4311 2134 4379 juxta
2167 4323 2400 4367 mentem
2429 4320 2744 4366 sanctarum
2788 4309 3193 4380 Scripturarum
3226 4311 3309 4366 his
3355 4311 3550 4366 litteris

1985 4403 2226 4458 exaravi.
2257 4403 2315 4455 Id
2351 4401 2494 4455 enim
2519 4401 2723 4471 optime
2750 4415 2872 4454 cum
2902 4401 2986 4454 his
3013 4400 3296 4469 congruit,
3330 4415 3452 4470 qua:
3479 4401 3547 4455 ad

1983 4494 2234 4547 veritatis
2270 4493 2739 4547 confirmationem
2770 4508 2836 4546 ex
2863 4492 3069 4547 sanctis
3112 4492 3408 4562 Scripturis
3452 4491 3548 4546 ad-

1978 4586 2265 4641 duximus.
2299 4584 2418 4639 Non
2447 4601 2580 4655 ergo
2606 4585 2950 4640 extrinsecus
2987 4585 3246 4640 accersita
3297 4593 3380 4638 est
3432 4583 3546 4638 hac

1985 4683 2170 4730 nostra
2198 4676 2450 4731 doctrina
2484 4694 2497 4730 :
2533 4675 2627 4730 sed
2664 4675 2780 4744 ipse
2812 4675 3074 4730 Dominus
3110 4674 3268 4728 Jesus
3298 4672 3546 4727 Christus

1992 4781 2088 4835 per
2121 4766 2362 4836 scipsum
2387 4767 2607 4836 quidem
2639 4767 3036 4821 Samaritanam
3067 4781 3130 4821 ac
3159 4779 3258 4820 nos
3287 4779 3381 4834 per
3400 4762 3544 4815 illam

1992 4855 2186 4910 deinde
2209 4857 2414 4923 docuit,
2447 4872 2609 4927 quam
2646 4857 2882 4926 perfecta
2924 4866 2979 4912 et
2997 4856 3240 4912 absoluta
3263 4855 3334 4909 sit
3357 4861 3543 4908 sancta

1995 5194 2308 5267 Seguerian.
2345 5192 2657 5267 Goblerian.
2699 5198 2754 5245 et
2798 5189 2940 5267 Felc.
2977 5188 3026 5241 1.
3067 5183 3281 5267 μηλοῑίἰε
3308 5191 3363 5238 et
3392 5181 3548 5237 editis

1993 5255 2190 5323 desunt
2221 5265 2304 5334 δτι
2343 5266 2523 5334 μόνον,
2553 5276 2726 5334 usque
2761 5261 2825 5313 ad
2850 5255 3316 5334 κατεγνώσθησαν.

2063 5336 2174 5408 (90)
2204 5324 2529 5408 Seguerian’.
2563 5324 2725 5408 Basil.
2759 5338 2812 5382 et
2835 5324 3392 5408 Alrigli'cqryavopevm.

2062 5394 2510 5477 (‘9l§_SicVchius
2541 5402 2768 5477 primus,
2796 5406 2850 5451 et
2868 5394 3393 5477 _Ot'tob._Seguerli‘an‘.
3419 5405 3546 5477 nee.-

2062 5420 2143 5477 (91
2200 5420 2290 5457 DIC
2312 5420 2510 5523 negtus
2541 5420 2768 5470 DI‘ImUS,
2796 5420 2850 5451 Cl.
2877 5420 3055 5451 υιιυυ.
3083 5420 3393 5463 ocgucnau.
3420 5420 3516 5470 "occ
3542 5420 3546 5422 ·

1993 5493 2103 5531 non
2159 5420 2358 5543 llegius
2438 5511 2450 5534 ,
2485 5473 2575 5543 qui
2623 5469 2899 5543 laniena-ﬁ
2941 5483 3032 5543 σου
3067 5465 3245 5543 habet.
3273 5463 3464 5516 theri
3495 5467 3550 5514 et

1993 5525 2143 5610 editi,
2159 5525 2326 5611 V'rﬁocﬁ
2357 5549 2408 5592 et
2436 5525 2618 5611 σου
2633 5546 2702 5611 et
2721 5525 3180 5611 πολλόιόηιίιῐιηιιτ

2063 5598 2173 5685 (Si)
2209 5598 2403 5676 Regius
2445 5598 2500 5673 1’;
2532 5618 2584 5662 ct
2631 5607 2967 5675 Srguerian.,
3015 5602 3270 5685 ἐπινοῶν,
3303 5609 3355 5655 et
3397 5612 3525 5655 mox

1994 5703 2094 5739 απε
2105 5702 2154 5754 ρ.

2063 5743 2171 5822 (£37.)
2207 5749 2403 5820 Regius
2436 5747 2720 5811 secundus,
2748 5749 2811 5815 τῇ
2856 5747 2949 5815 μιᾷ
2981 5743 3211 5815 Θεότητι.
