3914 6222
376 319 482 379 007

976 314 1033 370 S.
1074 312 1448 368 ATHANASII
1485 311 1633 367 OPP.
1678 311 1858 366 PARS
1896 310 1936 363 l.
1978 338 2044 349 —
2085 306 2459 365 HISTORICA
2501 306 2590 360 ET
2630 298 3057 361 DOGMATICA.

3505 305 3610 360 608

377 435 638 497 Trinitas,
672 448 905 503 eamque
927 432 1262 488 individuam
1302 447 1365 487 ac
1398 447 1562 487 unam
1591 430 1929 485 Divinitatem

2037 444 2191 497 χεται
2225 426 2363 499 ὥρα,
2389 428 2482 479 καὶ
2504 424 2600 478 νῦν
2626 425 2793 488 ἐστιν,
2828 424 2915 475 ὅτε
2944 425 2994 475 οί
3028 421 3270 493 ἀληθινοὶ
3297 437 3610 492 προσκυνη-

377 525 660 580 exsistere.
691 522 769 587 Id,
795 523 1041 593 inquam,
1068 522 1186 591 ipsa
1213 531 1439 576 testatur
1466 520 1686 585 veritas,
1724 519 1815 574 ubi
1842 520 1942 573 Sa-

379 613 662 667 maritana:
694 612 815 667 ait:
854 629 874 663 ι
926 609 1099 665 Crede
1149 609 1306 673 mihi,
1347 609 1564 676 mulier,
1616 610 1743 679 quia
1798 608 1944 662 venit

381 704 535 770 hora,
569 710 624 758 et
652 719 797 757 nunc
827 708 930 767 est,
971 716 1099 755 cum
1129 701 1245 754 veri
1273 701 1591 755 adoratores
1643 699 1944 753 adorabunt

376 793 591 849 Patrem
626 794 681 848 in
713 792 917 863 Spiritu
950 801 1006 848 et
1026 793 1272 847 veritate.
1331 790 1465 845 Nam
1513 799 1567 846 et
1614 790 1777 845 Pater
1809 791 1942 845 tales

376 885 576 954 quaerit
605 886 698 955 qui
729 883 958 939 adorent
982 899 1130 938 eum.
1171 882 1408 953 Spiritus
1441 890 1527 937 est
1550 880 1717 946 Deus,
1765 890 1820 937 et
1847 896 1941 938 eos

375 975 465 1045 qui
502 975 732 1030 adorant
768 990 914 1043 eum,
938 976 991 1030 in
1021 973 1224 1045 Spiritu
1252 985 1308 1028 et
1328 974 1555 1029 veritate
1569 982 1781 1043 oportet
1812 973 1943 1028 ado-

379 1079 504 1119 rare
531 1066 572 1119 ⁹.
604 1084 624 1116 ι
650 1065 781 1121 lnde
826 1065 972 1119 enim
991 1064 1335 1134 perspicuum
1356 1071 1439 1118 est
1459 1063 1738 1117 veritatem
1763 1063 1940 1131 ipsum

383 1168 507 1209 esse
559 1153 776 1220 Filium,
820 1162 881 1207 ut
911 1154 1024 1222 ipse
1056 1152 1151 1215 ait,
1187 1171 1206 1203 (
1238 1149 1350 1221 Ego
1403 1163 1525 1204 sum
1571 1149 1769 1203 veritas
1792 1149 1837 1180 ⁸⁵
1861 1187 1877 1212 ,
1915 1165 1934 1198 ι

374 1260 536 1314 quem
590 1254 644 1298 et
703 1246 963 1313 praplieta
1011 1242 1176 1296 David
1232 1242 1318 1298 his
1381 1242 1561 1296 verbis
1612 1238 1937 1293 invocabat:

377 1349 395 1383 ι
434 1331 635 1387 Emitte
667 1334 843 1388 lucem
877 1342 1023 1386 tuam
1058 1339 1113 1385 et
1138 1331 1417 1386 veritatem
1460 1340 1611 1385 tuam
1647 1329 1712 1386 ¹⁰.
1754 1348 1773 1380 ι
1812 1326 1939 1382 Veri

374 1423 541 1493 igitur
588 1424 906 1478 adoratores
958 1420 1172 1474 Patrem
1223 1419 1443 1490 quidem
1479 1418 1801 1480 adorabunt,
1844 1417 1936 1471 sed

372 1514 430 1567 in
466 1512 671 1582 Spiritu
698 1522 751 1567 ct
779 1512 1026 1574 veritate,
1065 1509 1263 1563 Filium
1294 1509 1545 1564 videlicet
1594 1515 1647 1561 et
1695 1507 1749 1561 in
1800 1505 1937 1560 Filio

372 1601 638 1671 Spiritum
669 1600 998 1656 conﬁtendo.
1031 1597 1167 1654 Nam
1201 1614 1232 1653 a
1264 1599 1402 1653 Filio
1433 1598 1672 1669 separari
1702 1613 1807 1650 non
1841 1613 1938 1667 po-

368 1701 477 1748 test
503 1692 759 1762 Spiritus,
785 1693 860 1746 uti
889 1708 987 1746 nec
1017 1706 1046 1744 a
1073 1690 1228 1745 Patre
1252 1690 1446 1755 Filius,
1476 1691 1933 1760 quemadmodum

2043 519 2133 571 ταὶ
2177 519 2612 595 προσκυνήσουσι
2638 515 2717 587 τῷ
2744 515 2920 585 Πατρὶ
2949 516 3005 568 ὲν
3037 514 3312 584 Πνεύματι
3359 514 3454 566 καὶ
3480 512 3613 583 ἀλη-

2044 608 2197 680 θείᾳ*
2237 610 2330 662 καὶ
2369 610 2476 680 γὰρ
2509 611 2538 661 6
2587 608 2773 678 Πατὴρ
2801 607 3073 669 τοιούτους
3114 604 3267 676 ζητεῖ
3293 605 3420 667 τοὺς
3443 621 3613 675 προσ-

2043 696 2336 760 κυνοῦντας
2365 698 2547 752 αὐτόν.
2573 696 2796 767 Πνεῦμα
2823 699 2851 750 6
2880 696 3010 759 Θεὸς
3034 695 3167 764 (94),
3196 694 3425 757 καὶτοὺς
3442 710 3613 764 προσ-

2043 787 2335 853 κυνοῦντας
2361 790 2521 842 αὐτὸν
2553 792 2610 842 ὲν
2642 787 2919 858 Πνεῦμα-ει
2946 786 3039 839 καὶ
3065 784 3291 856 ἀληθείᾳ
3324 784 3405 837 δεῖ
3438 801 3611 855 προσ-

2002 886 2003 889 “
2043 879 2243 932 κυνεῖν.
2276 898 2294 930 ι
2319 877 2597 933 Δέδεικται
2620 879 2797 933 τοίνυν
2818 875 3083 940 ἐντεῦθεν,
3105 874 3179 938 ὡς
3199 877 3232 945 ἡ
3265 873 3489 945 ἀλήθεια
3510 872 3612 943 μὲν

2043 970 2204 1034 αὐτὸς
2231 972 2260 1023 6
2290 971 2417 1034 Υἱός
2444 973 2612 1035 ἐστιν,
2639 970 2712 1034 ὡς
2740 968 2898 1032 αὑτός
2930 985 3091 1039 φησιν
3114 983 3128 997 ο
3176 985 3195 1018 ι
3255 964 3394 1034 Ἐγώ
3435 967 3549 1035 είμι
3572 966 3606 1033 ἡ

2041 1061 2266 1131 ἀλήθεια
2285 1081 2299 1094 θ
2335 1082 2354 1114 ι
2386 1065 2514 1134 περὶ
2542 1058 2604 1117 οὗ
2637 1063 2730 1116 καὶ
2750 1063 2777 1114 6
2796 1061 3076 1133 προφήτης
3103 1059 3267 1112 Δαῦὶδ
3294 1057 3611 1111 ἐπεκαλεῖτο

2039 1148 2211 1217 λέγων
2243 1149 2354 1219 (95)
2375 1167 2389 1181 ·
2419 1169 2437 1201 ι
2485 1149 2888 1215 Ἐξαπόστειλον
2906 1149 2966 1202 τὸ
2988 1149 3100 1218 φῶς
3123 1165 3214 1202 σου
3243 1147 3335 1201 καὶ
3361 1146 3458 1218 τὴν
3480 1145 3610 1217 ἀλή-

2040 1240 2188 1294 θειάν
2219 1258 2333 1294 σου.
2377 1262 2395 1294 ι
2438 1244 2501 1295 Οἱ
2531 1242 2772 1311 ἀληθινοὶ
2809 1241 2986 1293 τοίνυν
3035 1237 3607 1310 προσκυνηταὶπροσ-

2039 1331 2257 1386 κυνοῦσι
2288 1334 2384 1404 μὲν
2403 1333 2482 1405 τῷ
2509 1334 2703 1404 Πατρὶ,
2722 1332 2834 1387 ἀλλ’
2864 1335 2920 1386 ὲν
2936 1329 3211 1399 Πνεύματι
3237 1329 3331 1383 καὶ
3359 1328 3604 1399 ἀληθεία,

2037 1424 2422 1495 ὁμολογοῦντες
2449 1425 2576 1479 Υἱὸν
2610 1426 2703 1478 καὶ
2728 1426 2784 1477 ἐν
2817 1424 2964 1494 αὐτῷ
2992 1423 3053 1475 τὸ
3096 1421 3337 1491 Πνεῦμα.
3376 1418 3607 1490 Ἀχὼρι-

2038 1528 2160 1565 στον
2209 1512 2317 1584 γάρ
2371 1514 2464 1566 τοῦ
2526 1513 2656 1566 Υἱοῦ
2717 1513 2778 1566 τὸ
2834 1510 3055 1583 Πνεῦμα
3091 1552 3105 1576 ,
3170 1510 3246 1573 ὡς
3303 1508 3606 1581 ἀχώριστος

2037 1603 2066 1654 6
2136 1600 2266 1662 Υἱὸς
2340 1600 2432 1655 τοῦ
2489 1601 2719 1673 Πατρός.
2789 1601 2934 1672 Αὐτὴ
2999 1603 3033 1671 ἡ
3070 1599 3317 1670 Ἀλήθεια
3397 1616 3607 1669 μαρτυ-

2036 1691 2120 1760 ρεῖ
2163 1690 2271 1762 (96)
2313 1692 2347 1760 ἡ
2389 1690 2618 1760 λέγουσα
2653 1709 2668 1722 ’
2714 1713 2732 1743 ι
2772 1691 2979 1762 Πὲμψω
3020 1692 3145 1760 ὑμῖν
3184 1690 3273 1743 τὸν
3310 1688 3603 1760 Παράκλη-

372 1783 490 1853 ipsa
515 1781 730 1839 Veritas
763 1785 847 1839 bis
879 1785 1059 1839 verbis
1093 1784 1290 1838 docet:
1321 1801 1339 1834 ι
1391 1781 1598 1836 Mittam
1630 1782 1783 1836 vobis
1831 1780 1929 1835 Pa-

2034 1795 2145 1845 τον,
2188 1779 2250 1832 τὸ
2286 1781 2509 1851 Πνεῦμα
2549 1782 2649 1852 τῆς
2682 1781 2957 1851 ἀληθείας,
2985 1779 3014 1833 ὃ
3048 1779 3197 1850 παρά
3248 1777 3341 1831 τοῦ
3392 1779 3604 1849 Πατρὸς

364 1875 653 1942 racletum,
680 1874 944 1945 Spiritum
974 1876 1241 1940 veritatis,
1261 1874 1354 1943 qui
1383 1889 1414 1928 a
1447 1873 1605 1928 Patre
1658 1873 1924 1942 procedit,

365 1982 527 2038 quem
561 1968 797 2023 mundus
828 1982 933 2021 non
958 1975 1136 2036 potest
1168 1966 1413 2035 accipere
1439 1966 1505 2031 “,
1541 1983 1560 2017 ›
1591 1966 1692 2019 hoc
1716 1976 1817 2030 est,
1842 1964 1934 2034 qui

364 2071 491 2111 eum
518 2073 585 2112 ex
620 2058 780 2112 Patre
809 2058 863 2111 in
904 2057 1042 2111 Filio
1090 2072 1211 2113 esse
1240 2064 1458 2127 negant.
1509 2054 1613 2121 Qui
1647 2055 1809 2126 igitur
1836 2070 1935 2108 vo-

365 2148 572 2203 luerint
630 2164 790 2203 veros
828 2147 1031 2203 imitari
1094 2149 1453 2212 adoratores,
1508 2161 1603 2201 eos
1654 2146 1931 2199 veritatem

364 2238 613 2293 conﬁteri
647 2247 700 2292 et
730 2239 983 2307 amplecti
1010 2253 1232 2294 necesse
1261 2238 1484 2292 omnino
1518 2245 1621 2290 est.
1664 2236 1930 2301 Quocirca

365 2327 464 2391 illi,
502 2342 641 2396 quos
670 2326 757 2382 hic
787 2325 1111 2384 refellendos
1139 2327 1384 2396 suscepi,
1421 2326 1467 2379 si
1524 2340 1621 2378 nec
1653 2333 1775 2393 post
1817 2325 1930 2379 haec

363 2418 534 2473 velint
560 2419 702 2487 quod
735 2433 925 2473 verum
960 2427 1043 2473 est
1077 2419 1305 2483 discere,
1335 2432 1435 2471 nec
1474 2415 1772 2486 intelligere
1805 2432 1931 2484 pos-

361 2510 505 2573 sint;
539 2510 730 2566 saltem
765 2511 928 2582 impia
982 2509 1226 2581 proferre
1254 2509 1524 2575 desinant,
1575 2523 1674 2562 nec
1697 2506 1931 2562 Trinita-

368 2613 475 2658 tem
505 2604 744 2658 audeant
772 2618 1047 2674 separare,
1090 2618 1157 2657 ne
1191 2601 1294 2673 ipsi
1320 2616 1351 2657 a
1395 2601 1507 2657 vita
1557 2608 1879 2671 separentur
1910 2616 1926 2661 ;

359 2708 463 2747 nec
486 2691 749 2762 Spiritum
778 2702 1027 2748 sanetum
1059 2694 1199 2746 inter
1228 2709 1316 2748 res
1358 2701 1570 2747 creatas
1620 2699 1926 2754 numerent,

359 2800 429 2839 ne
460 2785 917 2854 quemadmodum
948 2785 1124 2840 sancti
1177 2784 1414 2854 Spiritus
1442 2799 1606 2854 opera
1666 2782 1927 2839 Pharisaei

360 2877 489 2930 olim
525 2876 831 2932 Beelzebuli
879 2877 1268 2941 attribuebant,
1310 2877 1391 2932 sic
1419 2885 1475 2930 et
1523 2875 1598 2929 illi
1631 2875 1779 2944 paris
1831 2890 1930 2928 au-

2036 1869 2412 1939 ὲκπορεύεται,
2447 1872 2474 1925 ὃ
2498 1873 2525 1924 6
2557 1872 2759 1942 κόσμος
2800 1873 2860 1925 οὐ
2898 1870 3120 1926 δύναται
3150 1870 3354 1934 λαϐεῖν,
3397 1889 3417 1921 ι
3451 1887 3606 1922 τουτ-

2035 1963 2180 2017 έστιν
2206 1964 2317 2035 (97)
2339 1965 2385 2016 οἱ
2415 1962 2736 2034 ἀρνούμενοι
2784 1964 2914 2017 αὐτὸ
2939 1965 3003 2017 ἐκ
3049 1962 3142 2016 τοῦ
3188 1961 3400 2033 Πατρὸς
3430 1961 3490 2013 ὲν
3526 1958 3605 2030 τῷ

2037 2057 2168 2129 Υίῷ.
2203 2058 2323 2129 Χρὴ
2349 2056 2526 2110 τοίνυν
2555 2056 2696 2110 κατὰ
2732 2055 2961 2126 μίμησιν
2992 2053 3099 2108 τῶν
3130 2051 3393 2124 ἀληθινῶν
3417 2050 3607 2121 ὁμολο-

2035 2152 2151 2217 γεῖν
2198 2151 2290 2202 καὶ
2333 2147 2702 2221 προσδραμεῖν
2729 2148 2795 2216 τῇ
2852 2145 3098 2215 ἀληθείᾳ.
3133 2146 3228 2197 Ἂν
3274 2145 3317 2196 δ’
3369 2143 3477 2213 ἄρα
3509 2140 3609 2195 καὶ

2038 2239 2174 2310 μετά
2197 2239 2369 2293 ταῦτα
2387 2241 2521 2311 μήτε
2548 2237 2736 2309 μαθεῖν
2753 2237 2968 2303 θέλωσι,
2996 2238 3131 2308 μήτε
3154 2240 3291 2290 νοεῖν
3318 2237 3599 2293 δύνωνται’

2030 2331 2134 2384 κᾶν
2163 2331 2270 2384 τῶν
2298 2329 2615 2400 δυσφημιῶν
2645 2329 3021 2393 παυέσθωσαν,
3050 2330 3143 2383 καὶ
3197 2329 3271 2400 μὴ
3300 2330 3603 2402 διαιρείτωο

2032 2440 2130 2475 σαν
2179 2422 2275 2493 τὴν
2320 2421 2546 2492 Τριάδα,
2583 2422 2670 2475 ἵνα
2702 2422 2776 2492 μὴ
2821 2420 3158 2493 διαιρεθῶσιν
3198 2420 3307 2488 (98)
3355 2422 3463 2474 ἀπὸ
3506 2423 3604 2494 τῆς

2029 2513 2175 2584 ζωῆς
2189 2530 2200 2542 ·
2229 2512 2361 2585 μηδὲ
2376 2515 2484 2578 τοῖς
2507 2513 2765 2584 κτίσμασι
2785 2511 3283 2584 συναριθμείτωσαν
3303 2512 3362 2565 τὸ
3380 2513 3603 2581 Πνεῦμα

2027 2605 2086 2657 τὸ
2106 2605 2279 2674 ἅγιον,
2312 2605 2398 2658 ἵνα
2420 2605 2515 2675 μὴ,
2537 2605 2612 2668 ὡς
2639 2605 2688 2657 οί
2708 2602 2829 2656 τότε
2857 2603 3139 2674 Φαρισαῖοι
3168 2600 3247 2672 τῷ
3276 2601 3605 2666 Βεελζεϐοὺλ

2031 2698 2099 2749 τὰ
2134 2696 2225 2750 τοῦ
2277 2696 2592 2767 Πνεῦματος
2624 2694 2959 2759 ἀνετίθεσαν,
3019 2694 3160 2747 οὕτω
3204 2694 3298 2747 κα)⁵
3337 2690 3505 2758 οὗτοι,
3536 2694 3605 2748 τὰ

2033 2788 2123 2841 ίσα
2149 2786 2471 2857 τολμῶντες,
2498 2786 2878 2855 ἀσύγγνωστον
2906 2787 2999 2838 καὶ
3024 2780 3125 2838 ὧδε
3153 2784 3244 2838 καὶ
3266 2785 3403 2857 μετά
3428 2786 3602 2839 ταῦτα

2033 2878 2130 2946 τὴν
2162 2878 2431 2948 τιμωρίαν
2465 2879 2578 2949 μετ’
2606 2876 2829 2929 ἐκείνων
2864 2876 2974 2948 (99)
3008 2877 3391 2947 ὑπομείνωσιν.

360 2965 529 3020 dacia:
581 2967 680 3030 rei,
717 2967 806 3022 hic
843 2976 899 3022 et
930 2967 984 3021 in
1016 2967 1199 3022 futura
1263 2969 1372 3022 vita
1405 2977 1609 3023 aeterno
1637 2966 1902 3035 supplicio
1937 2967 2055 3024 sine
2088 2969 2197 3023 ulla
2224 2985 2318 3039 spe
2339 2969 2511 3024 veniae
2533 2985 2656 3024 cum
2686 2969 2792 3024 illis
2825 2968 3143 3024 adiciantur.

537 3078 875 3134 EIUSDEM
898 3082 995 3135 AD
1015 3081 1333 3136 EUMDEM
1372 3081 1800 3137 EPISCOPUM
1820 3080 1929 3135 SE-

2042 3087 2184 3139 ΤΟΥ
2208 3088 2251 3138 Α
2266 3087 2451 3137 ΥΙὈΥ
2473 3088 2668 3138 ΠΡΟΣ
2703 3085 2841 3138 TON
2872 3088 2918 3138 A
2933 3085 3119 3136 ΥΤΟΝ
3160 3083 3607 3137 ἘΠΙΣΚΟΠυΝ

361 3077 875 3204 θῇσειυεθειι
898 3082 995 3135 AD
1015 3081 1333 3136 EUMDEM
1372 3081 1800 3137 EPISCOPUM
1820 3080 1932 3135 SE-

479 3149 1240 3208 APIONEMADVERSUS
1292 3151 1431 3207 EOS
1470 3152 1596 3216 QUI
1656 3150 1932 3207 FILIUM

426 3218 581 3275 REM
605 3218 941 3275 CREATAM
971 3220 1155 3277 ESSE
1183 3221 1718 3279 CONTENDUNT.

430 3338 481 3388 1.
520 3333 632 3405 Ego
661 3336 877 3405 quidem
902 3353 1071 3407 pauca
1102 3353 1189 3393 me
1217 3338 1288 3392 ita
1328 3338 1616 3408 scripsisse
1648 3339 1927 3400 existima-

359 3426 718 3497 bamzatque
749 3428 884 3483 adeo
930 3444 1018 3483 me
1066 3428 1181 3498 ipse
1228 3428 1479 3483 maxima:
1538 3429 1926 3486 imbecillitatis

360 3519 707 3581 accusabam,
742 3519 835 3589 qui
878 3534 990 3587 nec
1041 3527 1251 3573 tantum
1303 3519 1539 3574 scribere
1583 3521 1876 3589 potuissem
1904 3562 1921 3587 ,

361 3616 624 3676 quantum
650 3608 907 3662 adversus
929 3622 1025 3662 eos
1052 3607 1143 3675 qui
1171 3607 1224 3660 in
1256 3605 1516 3678 Spiritum
1549 3618 1798 3664 sanctum
1825 3611 1927 3664 im-

360 3698 434 3767 pii
466 3707 596 3754 sunt
648 3700 775 3754 licet
831 3700 1146 3754 hominibus
1197 3700 1396 3755 dicere.
1431 3701 1660 3766 Quando
1690 3718 1836 3765 vero,
1869 3711 1929 3757 ut

363 3789 577 3854 scribis,
607 3791 827 3860 quidam
870 3805 937 3844 ex
972 3789 1236 3845 fratribus
1262 3791 1672 3860 postulaverunt
1713 3803 1771 3847 ut
1816 3793 1932 3849 haec

362 3880 419 3935 in
468 3882 847 3950 compendium
898 3882 1305 3952 redigerentur,
1356 3897 1465 3950 quo
1523 3885 1823 3952 paratiores
1865 3901 1928 3940 ac

359 3974 722 4043 promptiores
756 3990 878 4028 esse
919 3974 1133 4044 possint
1162 3989 1286 4027 cum
1326 3973 1393 4026 ad
1426 3974 1663 4028 breviter
1696 3990 1924 4044 respon-

2106 3158 2523 3209 ΣΕΡΑΠΙΩΝΑ
2546 3154 2740 3210 ΚΑΤΑ
2762 3152 3597 3210 ΤΩΝΛΕΓΟΝΊὨΝΚΤΙΣΜΑ

2113 3227 2253 3278 ΤοΝ
2285 3227 2455 3279 non
2484 3224 2582 3295 (1).

2104 3337 2155 3391 1.
2201 3336 2340 3406 Ἐγὼ
2374 3339 2470 3408 μὲν
2492 3337 2736 3407 ἐνόμιζον
2776 3337 2867 3391 καὶ
2899 3336 2971 3407 (2)
3004 3335 3173 3399 οὕτως
3208 3336 3361 3404 ὀλίγα
3391 3353 3597 3406 γεγρα-

2032 3429 2217 3498 φέναι’
2265 3430 2360 3482 καὶ
2392 3428 2725 3499 κατηγόρουν
2776 3426 3012 3497 ἐμαυτοῦ
3050 3426 3247 3497 πολλῆς
3292 3426 3599 3492 ἀσθενείας,

2030 3520 2115 3596 ὡς.
2135 3520 2209 3591 μὴ
2234 3520 2548 3591 δυνηθέντος
2573 3518 2823 3572 τοσοῦτον
2851 3516 3079 3589 γράψαι,
3124 3518 3245 3570 ὅσον
3291 3517 3599 3589 ἀνθρώποις

2031 3611 2206 3675 ἔξεστι
2230 3611 2407 3678 λέγειν
2443 3609 2581 3663 κατὰ
2607 3609 2714 3662 τῶν
2735 3607 3071 3663 ἀσεϐούντων
3094 3610 3173 3672 είς
3200 3608 3259 3660 τὸ
3286 3608 3506 3678 Πνεῦμα
3535 3608 3601 3662 τὸ

2032 3701 2184 3771 ἅγιον
2206 3719 2219 3733 ο
2252 3701 2438 3773 ἐπειδὴ
2468 3701 2562 3767 δὲ,
2609 3701 2684 3764 ὡς
2728 3701 2979 3772 γράφεις,
3014 3700 3156 3762 τινὲς
3212 3698 3320 3753 τῶν
3352 3699 3599 3767 ἀδελφῶν

2028 3791 2263 3861 ἠξίωσαν
2285 3794 2377 3846 καὶ
2413 3791 2584 3846 ταῦτα
2610 3793 2906 3861 ἐπιτεμεῖν,
2941 3791 3027 3844 ἵνα
3053 3791 3246 3861 ἔχωσιν
3285 3789 3344 3854 ἐξ
3379 3791 3597 3861 ἑτοίμου

2028 3884 2121 3935 καὶ
2143 3882 2210 3936 δι’
2236 3884 2430 3952 ὀλίγων
2465 3882 2846 3951 ἀπολογεῖσθαι
2897 3883 2994 3953 μὲν
3022 3886 3133 3946 τοῖς
3176 3882 3418 3952 ἐρωτῶσι
3465 3884 3596 3954 περὶ

2029 3974 2126 4044 τῆς
2161 3976 2216 4027 ὲν
2247 3975 2374 4045 ἡμῖν
2405 3973 2657 4038 πίστεως,
2682 3973 2972 4043 διελέγχειν
2999 3971 3054 4026 δὲ
3073 3973 3196 4036 τοὺς
3230 3971 3559 4035 ἀσεϐοῦντας
3576 3989 3595 4003 ο

429 4088 451 4120 ⁸
473 4086 630 4145 Joan.
657 4105 729 4154 IV,
755 4088 845 4153 21,
868 4089 958 4144 ‘22.
1033 4088 1078 4119 ”’
1108 4086 1265 4142 Joan.
1302 4104 1415 4155 xxv,
1448 4087 1502 4144 6.
1582 4090 1624 4122 ¹⁰
1652 4088 1796 4144 Psal.
1822 4106 1954 4155 xui,
1982 4090 2036 4144 5.
2113 4092 2155 4122 ιι
2184 4090 2341 4144 Joan.
2377 4106 2465 4155 xv,
2493 4090 2592 4156 26;
2621 4106 2731 4154 xxv,
2768 4089 2855 4144 l7.

430 4201 540 4271 (94)
569 4201 701 4273 Reg.
739 4202 775 4255 2
804 4213 857 4255 et
884 4203 1028 4257 Felc.
1072 4205 1107 4258 2
1147 4204 1352 4257 addunt
1388 4206 1488 4258 ὅτι.
1524 4206 1592 4259 At
1635 4207 1747 4259 haec
1771 4207 1934 4261 verba

357 4272 440 4345 δτι
485 4272 704 4345 Πνεῦμα
731 4275 759 4326 6
792 4273 944 4345 Θεὸς,
975 4274 1068 4327 καὶ
1110 4274 1234 4336 τοὺς
1277 4276 1712 4345 προσκυνοῦντας
1744 4276 1924 4341 αὐτόν,

359 4340 556 4413 desunt
581 4340 641 4413 in
660 4343 866 4413 Anglic.
890 4342 1172 4413 Rasiliensi
1199 4354 1254 4397 et
1281 4340 1704 4413 edit._Commel.

433 4411 544 4481 (95)
574 4410 788 4486 Gobler.
811 4427 862 4466 et
888 4411 1124 4486 Fclckm.
1149 4413 1203 4486 ί,
1233 4417 1358 4486 περὶ
1391 4410 1460 4486 οὖν
1484 4418 1574 4470 καὶ
1599 4418 1625 4468 6
1650 4416 1812 4469 Δαϐὶδ
1839 4416 1925 4469 λέ-

394 4496 491 4554 ων.
517 4490 637 4554 etc._
650 4481 770 4534 Mox
802 4492 920 4554 post
949 4484 1011 4535 Οί
1038 4481 1593 4554 ἀληθινοί,⁷ριιιτιίουιο
1624 4486 1800 4540 τοίνυν
1824 4486 1921 4540 ad-

396 4550 560 4621 itura
606 4549 770 4621 Regio
800 4552 851 4612 1,
883 4550 1104 4621 Seguer.
1127 4549 1443 4607 'Goblerian.
1477 4567 1531 4609 et
1569 4554 1711 4609 Felc.
1744 4557 1794 4618 l,
1828 4554 1922 4610 sed

355 4621 425 4674 ab
432 4619 569 4697 aliis
603 4630 657 4697 et
690 4619 850 4675 editis
889 4619 1173 4697 omittitur.
1210 4621 1409 4678 Ibidem
1445 4626 1645 4697 Regius
1678 4628 1727 4690 l,
1762 4626 1918 4681 Gobl.

356 4698 411 4744 et
431 4687 660 4763 elc.__l,
682 4694 1139 4763 προσκυνήσουσι.

426 4757 536 4837 (96)
569 4757 815 4837 Verbum
843 4757 1106 4837 μαρτυρεῖ
1136 4763 1286 4819 abest
1317 4780 1348 4819 a
1386 4764 1554 4836 Regio
1584 4766 1782 4837 primo,
1815 4765 1922 4823 Go-

355 4828 619 4903 bleriaino,
651 4828 870 4903 etgFelc'.
900 4828 953 4895 l',
985 4828 1274 4903 anonymo.

427 4899 538 5022 (θη
568 4901 660 4957 Sic
689 4900 886 4970 Regius
919 4899 1150 4972 primus,
1182 4902 1408 4986 Seguer.
1447 4903 1731 4987 Anglican.
1764 4905 1919 4961 Gobl.

438 4969 508 5022 Ite
531 4987 579 5022 c.
618 4974 668 5022 1.
700 4971 767 5022 At
797 4970 976 5022 Ollolt.
1008 4972 1036 5022 ὃ
1064 4974 1199 5022 ἐστι.
1227 4975 1330 5022 ΑΙιι
1362 4990 1488 5022 vero
1519 4985 1568 5022 el
1603 4975 1733 5022 ρᾶιῑ-
1756 4976 1918 5022 Com-

354 4979 410 5025 et
438 4969 579 5024 Felc.
618 4974 668 5025 l.
700 4969 976 5027 At’Otto'b.
1008 4972 1036 5024 ὃ
1064 4974 1199 5026 ἐστι.
1227 4969 1332 5028 Klii
1362 4990 1488 5029 vero
1519 4969 1570 5030 e't
1603 4975 1733 5030 edit.
1756 4976 1918 5030 Com-

357 5040 484 5115 m_el._
513 5042 571 5115 δς
597 5043 764 5115 εστιν,
795 5043 891 5115 sed
928 5044 1206 5115 mendose.
1233 5042 1310 5098 ιι).
1348 5043 1478 5115 Reg.
1505 5050 1557 5111 1,
1589 5054 1642 5100 et
1671 5044 1920 5115 Seguer.,

356 5110 488 5186 9.636
531 5111 729 5186 habent
758 5127 773 5164 :
805 5113 895 5186 alii
934 5122 991 5186 et
1028 5112 1156 5186 editi
1174 5115 1415 5186 .__a61:6v.
1430 5110 1578 5186 vitem
1630 5131 1725 5183 pro
1745 5110 1814 5168 ἓν
1845 5115 1922 5186 τῷ

357 5178 494 5252 Iit},
525 5190 585 5234 ut
619 5181 812 5252 legitur
849 5183 903 5235 in
934 5181 1063 5252 Reg.
1096 5182 1148 5245 l.
1185 5183 1499 5247 Seguerian.
1530 5178 1837 5239 Golilerian.
1869 5178 1922 5241 εἰ

356 5247 598 5325 Felclttn:
624 5247 790 5319 lfalii
818 5247 1122 5325 etttn_editis
1150 5254 1366 5325 habent,
1392 5256 1448 5307 ὲν
1475 5254 1553 5325 τῷ
1576 5252 1813 5325 Χριστῷ.

428 5319 790 5393 (98)_S_eguer.
824 5322 1129 5393 αἱρεθῶσιν.
1162 5324 1470 5380 Goblerian.
1507 5319 1561 5378 et
1600 5319 1834 5379 Felckin.
1866 5324 1916 5388 1,

356 5384 786 5465 διαιρείσθῷσαν.
837 5384 1003 5465 Paulo
1044 5403 1169 5465 post
1220 5393 1348 5462 Reg.
1399 5394 1422 5446 1
1469 5405 1521 5449 et
1600 5384 1915 5465 Seguerian.

360 5453 577 5517 habent.
603 5461 649 5512 οἱ
677 5461 817 5513 τότε.
855 5460 989 5516 Editi
1024 5453 1076 5516 et
1107 5464 1197 5518 alii
1236 5453 1458 5517 οἷ’ποτε.

729 5530 1283 5603 ct_Felc._‘.’.pmi!tunt
1314 5536 1430 5603 μετ’
1462 5534 1703 5588 ἐκείνων.

360 5660 392 5673 ,Δ
428 5594 507 5664 (1)
648 5597 904 5673 Ottobon.
934 5601 990 5673 In
1014 5602 1177 5657 Basil.
1209 5612 1261 5657 et
1299 5594 1577 5673 Anglican.
1602 5604 1919 5659 inscribitur

357 5666 520 5732 ibim,
562 5666 842 5739 Ἐπιστολὴ
889 5671 1022 5739 πρὸς
1068 5673 1157 5726 τὸν
1206 5674 1364 5727 αὐτῦν
1382 5666 1733 5746 "Samnitem
1780 5674 1916 5728 κατὰ

1958 4361 2002 4416 ι)
2034 4355 2087 4399 et
2119 4345 2262 4400 Felc.

2038 4206 2145 4259 τῶν
2186 4206 2449 4277 λεγόντων
2498 4208 2703 4277 κτίσμα
2742 4209 2832 4260 τὸν
2874 4206 3036 4272 Υίόν,
3071 4215 3137 4277 et
3166 4206 3230 4261 ad
3270 4205 3592 4277 marginem,

2047 4276 2329 4346 Ἐπιστολὴ
2359 4276 2599 4346 δευτέρα.
2629 4275 2832 4345 Regius
2878 4286 3052 4331 autem
3074 4317 3089 4342 ,
3118 4276 3339 4346 Seguer.
3371 4275 3590 4346 Gobler.

2344 4389 2357 4410 ,
2386 4362 2481 4414 pro
2515 4344 2668 4401 titulo
2709 4344 2820 4401 [nec
2854 4347 3067 4401 liabent'
3093 4344 3275 4408 verba,
3313 4344 3493 4399 Ταῦτα
3527 4349 3593 4400 ἐκ

2027 4415 2133 4487 τῶν
2160 4416 2568 4487 προειρημένων
2595 4416 2711 4470 κατ’
2738 4415 2999 4487 ἐπιτομὴν
3032 4417 3242 4487 ἐγράφη
3266 4417 3384 4487 κατ’
3414 4416 3592 4487 αὐτῶν

2026 4485 2184 4556 πάλιν
2210 4485 2599 4553 τῶνλεγόντων
2623 4487 2825 4556 κτίσμα
2851 4485 2988 4540 εἶναι
3010 4486 3070 4538 τὸ
3092 4485 3311 4556 Πνεῦμα
3332 4485 3390 4537 τὸ
3414 4485 3587 4552 ἅγιον.

2016 4555 2080 4609 .ld
2109 4565 2212 4620 est,
2247 4556 2372 4610 licet:
2398 4570 2462 4607 επ
2484 4557 2747 4626 prwdictis
2778 4558 3076 4626 compendio
3099 4555 3295 4616 scripta
3325 4566 3444 4609 sum
3474 4572 3593 4608 con-

2025 4635 2108 4678 tra
2135 4627 2339 4679 eosdem
2364 4626 2453 4695 qui
2475 4627 2655 4679 dicunt
2686 4624 2938 4696 Spiritum
2960 4636 3198 4680 sanctum
3229 4636 3589 4696 reniti-catam

2022 4712 2149 4749 esse.
2182 4697 2313 4761 Quae
2347 4693 2472 4749 item
2503 4693 2801 4749 exstant'in
2830 4697 3070 4765 margine
3095 4696 3296 4765 codicis
3323 4693 3589 4748 Basilien-

2025 4765 2121 4821 sis.
2150 4767 2205 4819 ln
2234 4765 2482 4820 omnibus
2517 4782 2676 4829 porro
2699 4782 2833 4820 mss.
2878 4770 3038 4821 etiam
3067 4767 3119 4820 in
3151 4764 3387 4819 Felckm.
3418 4765 3475 4831 2,
3505 4775 3590 4819 est

2027 4852 2254 4890 numero
2272 4836 2509 4890 secunda
2527 4836 2641 4891 sive
2657 4837 2903 4906 sequitur
2918 4838 3326 4905 praecedentem.
3355 4835 3410 4887 In
3427 4836 3587 4889 editis

2026 4916 2208 4959 autem
2252 4906 2429 4975 primo
2464 4906 2584 4960 loco
2615 4906 2729 4957 sive
2767 4916 2890 4962 ante
2924 4907 3311 4975 praecedentem
3347 4906 3585 4975 ponitur,

2023 4992 2144 5045 cum
2161 4973 2473 5045 ltujusmodi
2501 4977 2677 5039 titulo,
2691 4976 2795 5029 Τοῦ
2813 4980 2870 5031 ὲν
2888 4973 3080 5045 ἁγίοις,
3095 4992 3148 5027 κ.
3164 4992 3213 5028 τ.
3233 4973 3281 5026 λ.
3301 4973 3587 5045 Ἐπιστολὴ

2022 5044 2158 5117 πρὸς
2188 5043 2516 5117 ,Σεραπίωνα
2543 5046 2632 5099 τὸν
2669 5043 2960 5101 ἐπίσκοπον
2994 5045 3134 5098 κατά
3163 5045 3269 5097 τῶν
3300 5043 3584 5117 λεγόντων,

2020 5113 2100 5186 ὅτι
2133 5113 2314 5186 ό-Υἱδς
2341 5116 2547 5186 κτίσμα
2580 5117 2742 5170 ἐστίν.
2769 5117 2951 5171 Sancti
2985 5119 3151 5184 patris
3171 5155 3186 5178 ,
3216 5125 3316 5167 etc.
3339 5113 3585 5186 Epistula

2022 5184 2091 5237 ad
2140 5184 2484 5250 Serapionem
2520 5187 2852 5254 episcopum,
2896 5199 3080 5240 contra
3128 5202 3214 5238 eos
3260 5185 3347 5253 qui
3402 5186 3583 5237 dicunt

2027 5253 2223 5308 Filium
2287 5272 2396 5309 esse
2462 5253 2566 5309 rem
2640 5269 2892 5310 creatam.
2960 5255 3089 5310 Vide
3161 5254 3581 5309 admonitionem

2020 5340 2142 5395 pag.
2178 5325 2301 5383 516.
2340 5342 2488 5379 num.
2520 5326 2573 5379 2.

2090 5392 2168 5460 (2)
2198 5395 2434 5451 Felckm.
2465 5395 2498 5449 2
2535 5395 2626 5450 καί
2684 5397 2900 5450 omittit.
2945 5395 3064 5448 Mox
3101 5394 3263 5448 Basil.
3302 5392 3578 5455 Allgiit'f-ll.

2018 5474 2071 5517 ct
2098 5457 2333 5537 lii-lckm.
2360 5465 2418 5537 2.
2455 5475 2508 5520 et
2534 5467 2683 5531 editi,
2725 5465 3171 5537 yeypacpqxévatt._
3191 5461 3320 5537 Ibid.
3352 5461 3579 5537 ﬁoldvr.

2019 5534 2344 5607 etglf‘elckm.
2367 5536 2434 5607 A1,
2474 5531 2856 5607 ἐκατηγὸρουν.
2894 5531 3023 5607 item
3066 5531 3578 5607 ibidlAngliczunus.

2018 5605 2218 5671 πολλὴν
2247 5604 2549 5660 ἀσθένειαν.
2593 5600 2761 5659 Paulo
2794 5619 2915 5674 post
2956 5606 3083 5675 Reg.
3116 5613 3169 5658 ct
3197 5600 3583 5671 Seguerianus,

2018 5675 2239 5745 γράψαι.
2276 5677 2377 5730 Alii
2407 5689 2457 5732 ct
2487 5676 2636 5742 editi,
2668 5677 2912 5745 γράφειν.
