3914 6222
379 315 474 372 fill

975 314 1032 368 S.
1074 311 1442 368 ATHANASll
1483 313 1632 368 OPP.
1676 312 1854 367 PARS
1913 310 1951 364 l.
1994 343 2058 349 ——
2096 306 2465 364 l-llSTORlCA
2505 306 2588 360 ΕΤ
2630 304 3053 360 DOGMATlCA.

3503 305 3605 358 61?.

377 429 584 490 teus".
627 447 645 480 ι
691 427 810 481 Lux
857 433 942 482 cst
961 423 1164 480 Pater:
1200 425 1455 494 splendor
1493 434 1545 479 et
1568 425 1661 478 lux
1711 439 1832 478 vera
1857 434 1941 478 est

2066 419 2251 491 Ιατὴρ,
2287 418 2533 490 ἀληθινὸς
2568 415 2698 477 Θεὸς
2721 416 2750 466 6
2782 414 2906 476 Υἱός
2928 433 2940 444 ·
2968 414 3108 468 οὕτω
3143 420 3250 487 γάρ
3278 416 3305 466 ὁ
3359 415 3606 487 Ἰωάννης

377 519 570 577 Filius.
597 519 740 574 Deus
781 532 939 574 verus
962 525 1048 571 est
1088 515 1246 570 Pater
1275 535 1288 570 :
1327 514 1468 570 Deus
1498 530 1658 570 verus
1685 523 1767 568 est
1807 528 1937 583 quo-

379 629 486 685 que
516 613 708 667 Filius.
744 609 819 665 Ita
848 609 992 664 enim
1032 607 1251 676 scripsit
1278 605 1521 662 Joannes
1553 625 1565 660 :
1597 624 1616 657 ι
1658 606 1863 660 Sumus
1891 605 1946 658 in

381 721 529 770 vero,
565 704 620 757 in
643 702 780 757 Filio
798 701 917 771 ejus
945 697 1072 754 Jesu
1095 698 1334 753 Christo.
1373 695 1471 750 Hic
1503 706 1585 752 est
1619 711 1780 750 verus
1807 694 1948 749 Deus

381 805 436 851 ct
465 797 576 850 vita
605 806 804 850 aeterna
829 793 895 847 ³⁸.
923 809 945 846 ι
978 791 1220 860 Denique
1253 791 1391 844 nihil
1420 789 1580 842 habet
1597 788 1774 851 Paler,
1803 787 1948 856 quod

383 902 494 942 non
525 888 595 942 sit
623 886 768 940 Filii.
807 883 1014 940 ldcirco
1054 884 1199 937 enim
1232 883 1402 937 Filius
1426 882 1481 935 in
1513 880 1673 934 Patre
1705 889 1760 934 et
1792 878 1950 932 Pater

383 979 440 1033 in
469 977 605 1032 Filio
627 987 729 1041 est,
750 977 877 1046 quia
908 991 1028 1045 qua:
1051 987 1178 1029 sunt
1194 973 1396 1038 l’atris,
1425 975 1541 1028 hac
1563 974 1618 1026 in
1643 972 1779 1026 Filio
1801 980 1948 1036 sunt,

384 1074 438 1119 et
471 1081 662 1119 rursus
702 1065 890 1118 eadem
925 1063 978 1118 in
1033 1063 1194 1118 Patre
1251 1063 1648 1132 intelliguntur.
1695 1062 1769 1115 lta
1819 1076 1952 1115 sane

385 1157 528 1211 istud
558 1156 776 1226 intelligi
806 1156 963 1210 debet
988 1174 1000 1210 :
1023 1175 1040 1206 ι
1064 1155 1174 1225 Ego
1193 1165 1245 1210 et
1270 1156 1426 1210 Pater
1442 1173 1608 1209 uinum
1639 1171 1828 1210 sumus
1847 1157 1943 1221 ¹’,›

385 1247 515 1317 quia
548 1261 654 1301 non
691 1247 794 1300 alia
827 1255 956 1301 sunt
981 1247 1034 1299 in
1062 1246 1220 1300 Patre
1240 1258 1293 1300 et
1314 1247 1417 1298 alia
1446 1246 1498 1299 in
1528 1246 1683 1312 Filio,
1709 1246 1801 1300 scd
1831 1261 1952 1314 qua:

386 1338 441 1391 in
467 1339 625 1392 Patre
655 1345 802 1403 sunt,
843 1338 1030 1391 eadem
1064 1349 1191 1391 sunt
1219 1339 1272 1390 in
1311 1337 1467 1391 Filio.
1502 1336 1654 1391 Unde
1678 1336 1805 1407 quia
1831 1351 1952 1406 qua:

388 1427 444 1482 in
471 1428 629 1482 Patre
654 1427 824 1490 vides,
857 1427 1006 1482 vides
1036 1443 1254 1498 quoque
1283 1428 1334 1481 in
1368 1428 1524 1493 Filio,
1553 1438 1697 1481 recte
1721 1427 1850 1482 illud
1879 1427 1954 1481 in-

390 1517 667 1588 telligitur,
697 1535 714 1568 ι
751 1513 852 1580 Qui
877 1514 1024 1568 videt
1054 1530 1160 1581 me,
1194 1515 1338 1569 videt
1366 1514 1581 1570 Patrem
1614 1515 1681 1568 ³ο.
1720 1533 1739 1566 ι

457 1611 510 1665 '5.
542 1609 637 1664 llis
663 1623 793 1680 ergo
817 1608 889 1660 ita
911 1607 1268 1672 confirmatis,
1300 1608 1497 1677 impius
1523 1607 1641 1662 sine
1670 1608 1836 1661 dubio
1865 1606 1954 1662 ille

389 1700 669 1756 habendus
697 1709 781 1755 est
805 1701 898 1771 qui
935 1700 1130 1754 Filium
1158 1713 1270 1752 rem
1310 1707 1545 1753 creatam
1578 1713 1698 1753 esse
1729 1707 1954 1753 conten-

388 1793 490 1847 dit.
525 1789 664 1847 llinc
699 1791 844 1846 enim
879 1790 1036 1845 fateri
1075 1798 1298 1859 cogetur
1336 1804 1449 1842 rem
1493 1798 1730 1843 creatam
1777 1789 1954 1858 ipsum
1987 1775 2028 1828 Β

388 1898 607 1954 quoque
639 1899 760 1939 esse
789 1882 1012 1947 fontem,
1046 1881 1190 1936 unde
1219 1891 1437 1936 emanat
1484 1891 1665 1936 creata
1692 1882 1956 1952 sapientia

389 1987 446 2033 et
475 1975 713 2031 Verbum
748 1977 802 2030 in
836 1991 946 2045 quo
999 1974 1204 2039 omnia,
1236 1989 1356 2043 qua:
1398 1972 1577 2028 Patris
1609 1983 1756 2040 sunt,
1809 1973 1957 2028 exsi-

391 2079 562 2127 stunt.
594 2069 860 2124 Prazterea
881 2071 966 2122 vel
989 2083 1054 2123 ex
1080 2067 1165 2122 his
1188 2067 1569 2136 comprehendi
1601 2077 1772 2136 potest
1795 2081 1956 2137 quam

393 2163 564 2218 futilis
585 2163 656 2218 sit
679 2162 1005 2216 Arianorum
1029 2160 1270 2215 lizeresis.
1289 2157 1490 2229 Nempe
1513 2175 1743 2230 quorum
1769 2174 1959 2213 sumus

393 2253 623 2315 similes,
652 2252 896 2306 eamdem
932 2267 1147 2320 quoque
1175 2266 1336 2320 quam
1387 2251 1466 2305 illi
1496 2260 1744 2305 naturam
1791 2249 1959 2304 habe-

394 2357 538 2409 mus,
572 2351 735 2412 atque
763 2341 898 2396 adeo
926 2341 1420 2396 consubstantiales
1444 2356 1655 2396 sumus.
1689 2339 1827 2406 Quia
1860 2340 1961 2411 igi-

394 2441 482 2486 tur
513 2432 760 2487 homines
791 2431 1000 2487 similes
1029 2447 1221 2486 sumus
1242 2440 1296 2486 et
1320 2432 1506 2486 eadem
1543 2432 1702 2487 nobis
1751 2439 1836 2487 est
1866 2449 1960 2486 ua-

394 2531 517 2578 tura
545 2541 559 2578 :
591 2538 782 2579 sumus
812 2523 1017 2579 idcirco
1047 2523 1278 2578 invicem
1311 2523 1820 2578 consubstantiales.
1853 2522 1960 2578 Ea~

393 2615 516 2670 dem
544 2616 691 2670 enim
716 2615 972 2670 omnibus
1015 2625 1096 2669 est
1129 2615 1454 2680 mortalitas,
1503 2618 1804 2685 corruptio,
1838 2631 1962 2669 niu-

396 2705 657 2770 tabilitas,
683 2714 737 2761 et
765 2705 918 2777 origo
948 2720 1015 2760 ex
1045 2705 1238 2759 nihilo.
1269 2705 1460 2776 Angeli
1504 2705 1707 2775 pariter
1733 2705 1872 2760 inter
1905 2720 1965 2760 se

396 2796 612 2868 aliaque
652 2795 838 2852 omnia
881 2803 1094 2850 natura:
1142 2795 1501 2851 similitudine
1533 2811 1718 2851 secum
1763 2811 1962 2850 conve‘

395 2886 576 2940 niunt.
613 2886 936 2942 Scrutentur
968 2900 1099 2956 ergo
1127 2885 1378 2941 homines
1406 2886 1528 2951 plus
1558 2901 1716 2957 a=quo
1737 2887 1962 2953 curiosi,

396 2980 443 3034 si
471 2981 611 3035 inter
643 2979 841 3034 Filium
867 2987 924 3034 et
951 2994 1040 3034 res
1061 2988 1273 3035 creatas
1312 2979 1530 3035 intersit
1561 2981 1740 3050 aliqua
1771 2979 1965 3036 simili-

394 3071 550 3139 tudo,
579 3072 664 3126 vcl
694 3071 741 3126 si
769 3086 856 3135 ea,
893 3085 1014 3141 qua:
1045 3070 1099 3124 iu
1140 3070 1280 3127 Filio
1311 3083 1461 3136 sunt,
1511 3072 1563 3125 in
1598 3072 1758 3127 rebus
1806 3071 1965 3126 factis

396 3162 636 3234 reperire
667 3164 898 3234 possint,
933 3179 1044 3234 quo
1079 3164 1188 3220 illis
1237 3165 1396 3220 liceat
1443 3165 1680 3220 Verbum
1725 3164 1820 3219 Dei
1850 3179 1963 3219 rem

397 3262 639 3310 creatam
676 3254 968 3325 appellare.
1023 3253 1224 3310 Verum
1277 3255 1329 3312 id
1375 3271 1656 3327 nunquam
1695 3256 1970 3310 invenient

397 3345 501 3399 viri
535 3353 797 3416 perQuam
831 3347 1103 3402 temerarii
1133 3357 1295 3418 atque
1326 3363 1356 3402 a
1382 3363 1510 3403 vera
1561 3350 1760 3418 pietate
1813 3349 1971 3404 aber—

396 3447 604 3494 rantes.
634 3438 768 3494 Nam
802 3439 856 3494 in
889 3440 1052 3495 rebus
1081 3441 1278 3496 creatis
1311 3441 1444 3494 nihil
1484 3450 1567 3496 cst
1605 3440 1968 3510 omnipotens,

398 3531 657 3601 nullaque
702 3531 756 3585 in
805 3532 1028 3587 alterius
1057 3533 1152 3588 sed
1199 3532 1370 3587 solius
1411 3532 1504 3587 Dei
1554 3540 1639 3587 est
1684 3540 1967 3600 potestate.

401 3622 680 3693 Siquidem
712 3641 730 3674 ι
770 3623 896 3678 οωιὶ
921 3634 1179 3678 enarrant
1199 3624 1426 3694 gloriam
1458 3622 1646 3690 Dei“;
1674 3642 1692 3674 ι
1717 3631 1790 3688 et,
1820 3641 1837 3674 ι
1866 3622 1971 3677 Do-

399 3713 534 3766 mini
563 3718 651 3768 est
677 3723 818 3767 terra
845 3721 900 3767 et
925 3712 1202 3782 plenitudo
1233 3714 1351 3783 ejus
1375 3714 1441 3768 ²¹.
1475 3712 1624 3767 Mare
1651 3713 1783 3767 vidit
1815 3721 1869 3766 et
1893 3711 1973 3766 fu-

399 3803 563 3872 git“.
615 3822 634 3856 ι
665 3804 862 3858 Omnia
917 3803 1153 3875 denique
1204 3805 1440 3859 creatori
1489 3803 1843 3870 famulantur,
1891 3802 1971 3858 fa-

400 3896 666 3972 ciuntque
692 3897 914 3951 verbum
939 3896 1060 3966 ejus
1080 3897 1146 3963 “,
1177 3906 1231 3952 et
1256 3898 1376 3968 cjus
1409 3898 1665 3953 mandato
1688 3897 1967 3953 obcdiunt.

400 3984 472 4039 At
503 3969 678 4042 Pilius
712 3989 1058 4058 omnipotens
1089 3998 1192 4055 est,
1233 3999 1293 4043 ut
1317 3989 1501 4052 Pater,
1540 3989 1684 4059 quod
1709 3988 1895 4057 utique
1920 3996 1974 4042 et

401 4078 662 4150 scriptum
681 4090 735 4136 et
761 4090 1040 4138 ostensum
1071 4093 1175 4137 est.
1209 4080 1337 4136 ltem
1373 4081 1506 4134 nihil
1536 4081 1677 4136 inter
1708 4096 1795 4135 res
1822 4095 1973 4135 crea-

403 4180 489 4227 tas
535 4181 728 4227 natura
764 4173 1101 4228 immutabile
1153 4186 1256 4229 est.
1311 4172 1590 4244 Siquidem
1636 4172 1855 4241 quidam
1906 4187 1968 4226 ex

403 4262 610 4334 angelis
635 4263 880 4318 ordinem
903 4280 1061 4318 suum
1091 4280 1198 4319 non
1223 4273 1574 4320 servaverunt
1597 4264 1665 4328 ’⁸,
1693 4272 1766 4328 et,
1798 4282 1816 4314 ι
1847 4263 1975 4317 stel-

2045 511 2280 584 ἐγραψεν
2302 529 2314 540 '
2345 529 2364 562 ι
2411 511 2603 580 Ἐσμὲν
2632 511 2688 561 ὲν
2708 509 2784 578 τῷ
2803 505 3060 577 ἀληθινῷ,
3094 509 3152 559 ἐν
3176 507 3252 577 τῷ
3281 506 3393 577 Υἱῷ
3444 509 3608 561 αὐτοῦ

2058 604 2232 675 Ἰησοῦ
2265 601 2506 673 Χριστῷ.
2537 592 2704 663 Οὗτός
2758 601 2906 651 ἐστιν
2958 599 2986 650 6
3019 597 3270 668 ἀληθινὸς
3309 599 3440 661 Θεὸς
3467 641 3481 664 ,
3520 602 3612 653 καὶ

2048 693 2216 766 ζωὴή
2253 695 2360 764 (11)
2394 693 2623 754 αἰώνιος.
2666 710 2683 741 ι
2731 690 2838 744 Kal.
2864 690 2998 752 ὅλως
3021 689 3173 742 οὐδέν
3198 692 3367 754 ἐστιν,
3394 683 3468 743 ὧν
3502 689 3614 761 ἔχει

2047 787 2075 839 6
2105 786 2312 858 Πατὴρ,
2344 786 2372 838 ὃ
2405 785 2479 856 μὴ
2505 783 2597 836 τοῦ
2627 783 2755 837 Υἱοῦ
2783 785 2918 835 ἐστι.
2950 781 3048 834 Διὰ
3093 780 3251 834 τοῦτο
3287 783 3396 854 γὰρ
3427 784 3457 835 6
3490 783 3614 846 Υἱὸς

2049 879 2106 930 ὲν
2123 876 2201 947 τῷ
2238 877 2433 948 Πατρὶ,
2471 876 2565 929 καὶ
2592 876 2620 926 6
2640 873 2828 944 Πατὴρ
2858 874 2916 924 ὲν
2943 871 3020 942 τῷ
3044 873 3156 942 Υίῷ
3174 889 3188 902 ·
3215 873 3399 946 ἐπειδὴ
3435 874 3503 927 τὰ
3523 875 3615 927 τοῦ

2049 969 2282 1038 Πατρὺς,
2303 967 2475 1022 ταῦτα
2505 970 2563 1021 ὲν
2588 967 2662 1038 τῷ
2693 967 2805 1037 Υίῷ
2832 969 2970 1031 ἐστι,
3010 965 3104 1019 καὶ
3133 965 3293 1019 πάλιν
3336 966 3510 1020 ταῦτα
3560 968 3616 1018 έν

2048 1060 2126 1130 τῷ
2156 1061 2328 1129 Πατρὶ
2360 1063 2578 1113 νοεῖται.
2616 1056 2770 1111 Οῦτω
2798 1060 2996 1110 νοεῖται
3025 1056 3200 1110 καὶτὸ
3231 1055 3342 1125 (12)
3369 1093 3383 1120 ,
3417 1075 3435 1106 ι
3480 1056 3620 1124 Ἐγὼ

2050 1153 2144 1205 καὶ
2173 1154 2200 1204 6
2227 1152 2414 1222 Πατὴρ
2446 1151 2504 1202 έν
2541 1150 2706 1220 ἐσμεν
2731 1165 2746 1178 ·
2777 1168 2796 1200 ι
2829 1148 3015 1218 ἐπειδὴ
3041 1148 3140 1200 οὐκ
3165 1147 3297 1201 ἄλλα
3323 1148 3383 1200 ὲν
3421 1147 3618 1218 τούτῳ,

2052 1245 2144 1298 καί
2175 1243 2308 1296 ἄλλα
2338 1245 2394 1297 ἐν
2430 1241 2509 1312 τῷ
2542 1241 2655 1311 Υἱῴ
2675 1258 2689 1270 °
2724 1241 2859 1295 ἀλλὰ
2881 1240 2949 1293 τὰ
2973 1241 3030 1294 ὲν
3051 1239 3128 1310 τῷ
3150 1239 3345 1311 Πατρὶ,
3376 1239 3547 1292 ταῦτα
3564 1242 3621 1292 ὲν

2051 1337 2128 1408 τῷ
2152 1335 2264 1406 Υἱῷ
2299 1338 2435 1389 ἐστι.
2469 1335 2579 1388 Καὶ
2607 1335 2643 1388 ἃ
2684 1333 2900 1404 βλέπεις
2923 1333 2980 1386 δὲ
3012 1333 3070 1384 ὲν
3107 1332 3186 1402 τῷ
3218 1333 3424 1402 Πατρὶ,
3471 1333 3622 1384 ἐπει-

2050 1431 2115 1501 δὴ
2139 1430 2249 1502 (15)
2286 1428 2504 1498 βλέπεις
2535 1429 2594 1480 ἐν
2625 1426 2702 1498 τῷ
2727 1425 2876 1496 Υἱῷ,
2923 1429 3122 1481 νοεῖται
3161 1424 3338 1488 καλῶς
3388 1425 3470 1489 τὸ,
3505 1443 3524 1474 ‹
3565 1425 3624 1477 '0

2053 1524 2152 1594 ἐμὲ
2177 1522 2439 1593 ἑωρακὼς
2469 1522 2679 1594 ἑώρακε
2708 1521 2797 1575 τὸν
2829 1520 3067 1591 Πατέρα.
3110 1537 3129 1570 ι

2126 1616 2178 1669 5.
2214 1615 2430 1669 Τούτων
2479 1615 2535 1668 δὲ
2579 1614 2719 1667 οὕτω
2765 1612 3146 1681 δεικνυμένων,
3188 1610 3390 1681 ἀσεϐής
3425 1611 3572 1662 ἐστιν
3599 1608 3626 1661 6

2055 1707 2228 1776 λέγων
2272 1708 2476 1778 κτίσμα
2507 1703 2645 1761 εἶναι
2676 1705 2790 1776 (14)
2815 1705 2903 1758 τὸν
2931 1703 3079 1757 Υἱόν.
3127 1702 3626 1774 Ἀναγκασθήσεται

2055 1800 2162 1871 γὰρ
2187 1801 2358 1852 εἰπεῖν
2389 1799 2594 1869 κτίσμα
2626 1797 2720 1851 καὶ
2751 1797 2847 1866 τὴν
2883 1793 3062 1866 πηγὴν
3104 1793 3391 1864 βρύουσαν,
3419 1793 3628 1863 κτίσμα

2053 1890 2151 1962 τὴν
2181 1891 2392 1959 σοφίαν,
2423 1890 2515 1943 τὸν
2547 1889 2737 1957 Λόγον,
2764 1890 2822 1942 ὲν
2848 1879 2892 1955 ᾧ
2919 1887 3034 1939 ἐστι
3067 1885 3243 1939 πάντα
3278 1883 3348 1938 τὰ
3379 1884 3476 1937 τοῦ
3510 1886 3629 1936 Πα-

2054 1981 2198 2052 τρός.
2234 1981 2441 2044 Ἀλλως
2478 1998 2539 2033 τε
2573 1981 2667 2034 καὶ
2698 1980 2806 2033 ἀπὸ
2856 1977 3063 2032 τούτων
3091 1979 3157 2032 ἄν
3189 1995 3273 2042 τις
3300 1977 3396 2030 ίδοι
3427 1978 3487 2030 τὸ
3512 1977 3628 2048 (15)

2059 2074 2254 2146 σαθρὸν
2288 2073 2386 2144 τῆς
2408 2072 2671 2143 αἱρέσεως
2697 2070 2806 2124 τῶν
2843 2070 3284 2141 Ἀρειομανιτῶν.
3319 2063 3420 2122 Ὧν
3459 2071 3631 2140 ἐσμεν

2055 2169 2252 2238 ὅμοιοι,
2287 2168 2380 2220 καὶ
2405 2167 2503 2236 τὴν
2531 2166 2833 2235 ταυτότητα
2860 2163 3055 2234 ἔχομεν
3071 2163 3293 2227 τούτων,
3314 2164 3408 2216 καὶ
3431 2161 3629 2234 ὁμοσύ-

2060 2259 2161 2312 σιοί
2183 2261 2377 2329 ἐσμεν·
2408 2255 2680 2328 ἅνθρωποι
2703 2254 2832 2324 γοῦν
2860 2255 3032 2324 ὅμοιοι
3062 2253 3154 2308 καὶ
3181 2253 3482 2324 ταυτότητα
3514 2253 3628 2323 (16)

2059 2348 2291 2420 ἔχοντες,
2322 2347 2594 2418 ὁμοούσιοί
2617 2347 2784 2416 ὲσμεν
2810 2345 3072 2417 ἀλλήλων.
3097 2345 3168 2397 Τὸ
3195 2345 3324 2398 αὐτὸ
3346 2345 3454 2414 γὰρ
3471 2347 3632 2407 πᾶσι,

2059 2441 2118 2494 τὸ
2149 2440 2360 2511 Θνητὸν,
2384 2439 2444 2492 τὸ
2470 2437 2725 2510 φθαρτὸν,
2753 2437 2813 2489 τὸ
2853 2437 3101 2507 τρεπτὸν,
3146 2437 3207 2490 τὸ
3231 2439 3293 2490 ἐκ
3325 2438 3398 2508 μὴ
3433 2437 3630 2491 ὄντων.

2060 2535 2169 2588 Καὶ
2183 2533 2398 2602 ἄγγελοι
2419 2530 2529 2604 (17)
2547 2531 2602 2584 δὲ
2633 2529 2768 2602 πρὸς
2790 2530 3032 2594 ἑαυτοὺς,
3067 2531 3160 2583 καὶ
3187 2528 3253 2582 τὰ
3277 2529 3408 2583 ἄλλα
3432 2529 3635 2594 πάντα,

2061 2625 2320 2689 ὡσαύτως
2342 2624 2552 2694 ὁμοφυῆ
2574 2623 2720 2676 ὲστιν
2741 2621 3000 2692 ἀλλήλων.
3027 2620 3234 2674 Ούκοῦν
3258 2621 3637 2693 ὲρευνάτωσαν

2061 2722 2110 2773 oi
2145 2718 2469 2789 περίεργοι,
2521 2717 2570 2768 εί
2603 2715 2717 2768 ἐστι
2767 2731 2849 2778 τις
2897 2713 3148 2784 ὁμοιότης
3182 2713 3316 2783 πρὸς
3365 2713 3455 2766 τὸν
3507 2713 3638 2766 Υἱδν

2062 2810 2172 2871 τοῖς
2217 2806 2535 2877 κτίσμασιν·
2583 2806 2616 2876 ἢ
2646 2807 2712 2857 τα
2752 2806 2809 2857 ὲν
2841 2802 2918 2874 τῷ
2941 2804 3052 2874 Υίῷ
3079 2803 3326 2856 δύνανται
3359 2805 3540 2876 εὑρεῖν
3577 2807 3639 2856 ἐν

2062 2901 2176 2960 τοῖς
2202 2899 2468 2968 γενητοῖς,
2502 2896 2588 2948 ἵνα
2617 2895 2711 2948 καὶ
2739 2895 2944 2963 κτίσμα
2974 2893 3312 2964 τολμήσωσιν
3343 2897 3515 2947 εἰπεῖν
3543 2895 3638 2947 τὸν

2064 2987 2156 3040 τοῦ
2181 2985 2314 3038 Θεοῦ
2339 2985 2508 3052 Λόγον
2540 2984 2673 3055 (18).
2717 2983 2854 3036 Ἀλλ’
2889 2982 2988 3036 οὐκ
3033 2982 3098 3036 ἂν
3131 2982 3340 3053 ε’ύροιεν
3380 2985 3429 3035 oi
3460 2985 3641 3037 πάντα

2066 3080 2353 3149 προπετεῖς
2382 3077 2474 3130 καὶ
2503 3076 2841 3148 πλανώμενοι
2881 3074 3009 3145 περὶ
3041 3074 3140 3142 τὴν
3182 3073 3484 3127 εὐσέϐειαν.
3551 3077 3641 3128 Ἐν

2071 3169 2168 3239 μὲν
2198 3168 2306 3239 γὰρ
2329 3170 2441 3230 τοῖς
2471 3166 2762 3236 κτίσμασιν
2789 3165 2937 3218 οὐδέν
2957 3166 3073 3217 ἐστι
3107 3166 3524 3237 παντοκράτωρ,
3545 3167 3644 3220 καὶ

2067 3261 2216 3314 οὐδὲν
2241 3259 2394 3332 παρὰ
2423 3257 2515 3312 τοῦ
2543 3259 2734 3330 ἑτέρου
2753 3260 3058 3329 κρατεῖται.
3090 3258 3360 3311 ’Έκαστον
3397 3258 3507 3329 γὰρ
3539 3259 3642 3312 αὐ-

2066 3353 2160 3406 τοῦ
2175 3353 2283 3423 (19)
2303 3352 2522 3405 έστιτοῦ
2536 3350 2692 3405 Θεοῦ.
2713 3371 2731 3402 ι
2753 3352 2814 3405 0i
2835 3370 2854 3404 ι
2884 3350 3100 3422 μὲνγὰρ
3123 3369 3140 3401 ι
3162 3350 3642 3422 ούρανοὶδιηγοῦν-

2067 3460 2158 3495 ται
2183 3443 2338 3508 δόξαν
2369 3441 2503 3495 Θεοῦ
2523 3456 2536 3470 ’
2569 3443 2601 3508 ἡ
2623 3441 2678 3494 δὲ
2704 3441 2776 3510 γῆ
2788 3440 2882 3494 τοῦ
2908 3441 3114 3512 Κυρίου
3143 3442 3261 3493 ἐστὶ
3290 3442 3385 3493 καὶ
3413 3441 3474 3493 τὸ
3505 3441 3644 3512 πλή-

2073 3550 2229 3604 ρωμα
2263 3535 2463 3602 αὐτῆς·
2504 3534 2536 3602 ἡ
2569 3533 2810 3587 θάλασσα
2847 3528 2956 3584 εἶδε
2991 3532 3084 3586 καὶ
3134 3531 3322 3600 ἔφυγε.
3381 3552 3401 3584 ι
3440 3533 3548 3585 Καὶ
3575 3533 3644 3585 τὰ

2070 3624 2248 3678 πάντα
2272 3624 2432 3677 δοῦλα
2458 3623 2550 3677 τοῦ
2575 3624 2934 3694 πεποιηκότος
2957 3624 3100 3687 ἐστὶ,
3135 3623 3389 3678 ποιοῦντα
3433 3623 3524 3677 τὸν
3557 3624 3618 3678 λό
3634 3656 3646 3664 -

2069 3735 2164 3787 γον
2191 3716 2374 3782 αὑτοῦ,
2412 3717 2502 3769 καὶ
2538 3715 2877 3769 ὑπακούοντα
2913 3715 2991 3784 τῷ
3031 3716 3409 3786 προστάγματι
3453 3714 3642 3768 αὑτοῦ.

2085 3811 2142 3863 Ὀ
2171 3809 2225 3862 δὲ
2279 3809 2406 3872 Υἱὸς
2457 3809 2848 3880 παντοκράτωρ
2892 3809 3059 3874 ἐστὶν,
3089 3809 3163 3872 ὡς
3221 3810 3249 3861 6
3302 3809 3522 3878 Πατήρο
3552 3807 3648 3860 καὶ

2071 3898 2228 3952 τοῦτο
2258 3899 2587 3969 γέγραπται,
2636 3899 2728 3951 καὶ
2759 3898 3045 3952 δέδεικται.
3095 3897 3264 3952 Πάλιν
3317 3915 3374 3950 τε
3418 3897 3530 3967 (‘20)
3588 3899 3649 3950 ἐν

2071 3994 2182 4053 τοῖς
2204 3991 2493 4061 κτίσμασιν
2519 3989 2669 4042 οὐδέν
2717 3991 2861 4043 ἐστιν
2900 3990 3167 4062 ἄτρεπτον
3211 3992 3277 4060 τῇ
3317 3988 3492 4058 φύσει.
3526 3990 3648 4042 Τῶν

2072 4082 2181 4153 γὰρ
2211 4081 2456 4150 ἀγγέλων
2482 4081 2624 4143 τινὲς
2645 4082 2744 4134 οὑκ
2793 4083 3066 4152 ἐτήρησαν
3114 4081 3212 4152 τὴν
3275 4082 3409 4135 ίδίαν
3451 4081 3604 4146 τάξιν
3629 4099 3643 4113 ·

2074 4173 2167 4225 καὶ
2207 4190 2224 4222 ι
2256 4172 2430 4242 ἄστρα
2461 4173 2520 4224 ού
2549 4170 2763 4242 καθαρὰ
2786 4171 3014 4225 ἐνώπιον
3046 4171 3209 4224 αὐτοῦ
3230 4189 3242 4201 ·
3290 4191 3306 4221 ι
3344 4173 3438 4224 καὶ
3480 4175 3509 4225 6
3550 4173 3653 4243 μὲν

2073 4263 2312 4326 διάϐολος
2350 4263 2541 4316 ἔπεσεν
2584 4265 2678 4316 ἀπ’
2710 4263 2937 4335 ούρανοῦ
2961 4281 2975 4295 ·
3012 4264 3039 4314 6
3075 4263 3134 4316 δὲ
3173 4263 3346 4334 Ἀδὰμ
3392 4264 3608 4335 παρέϐη
3632 4281 3644 4292 ο

403 4353 470 4408 lae
499 4368 606 4408 non
630 4364 756 4409 sunt
779 4356 991 4410 munda:
1014 4357 1066 4409 in
1092 4365 1382 4425 conspectu
1409 4355 1591 4422 ejus"
1630 4373 1642 4408 :
1681 4373 1699 4405 ›
1727 4353 1961 4407 diabolus

2078 4357 2170 4412 καὶ
2222 4356 2400 4410 πάντα
2443 4357 2797 4428 ἀλλοιούμενα
2831 4361 2998 4411 ἐστιν.
3041 4360 3098 4411 '0
3126 4359 3182 4412 δὲ
3226 4359 3352 4422 Υἱὸς
3381 4358 3653 4430 ἇτρεπτός

402 4445 620 4521 e_cmlis
647 4445 863 4512 cecidit,
896 4448 1070 4502 Adam
1103 4448 1488 4517 praavaricatus
1531 4456 1617 4502 est
1653 4464 1667 4500 :
1701 4455 1961 4515 postrcmc

2078 4446 2195 4498 ἐστι
2229 4445 2324 4497 καὶ
2345 4446 2718 4511 ἀναλλοίωτος,
2746 4448 2820 4512 ὡς
2849 4451 2877 4501 6
2903 4448 3114 4520 Πατήρ.
3142 4450 3252 4501 Καὶ
3275 4449 3431 4501 τοῦτο
3457 4452 3484 4502 6
3511 4448 3652 4501 Παῦο

401 4544 613 4590 cuncta:
645 4551 732 4591 res
758 4545 1058 4590 mutantur.
1101 4535 1272 4590 Filius
1303 4551 1431 4591 vero
1481 4537 1836 4592 immutabilis
1887 4545 1961 4591 est

2079 4536 2169 4599 λος
2196 4535 2510 4606 ὑπέμνησεν
2537 4538 2600 4590 ὲκ
2622 4537 2714 4590 τοῦ
2745 4539 3037 4592 ἐκατοστοῦ
3069 4540 3162 4592 καὶ
3185 4539 3400 4609 πρώτου
3435 4539 3651 4610 ψαλμοῦ

474 4733 766 4807 f'_Apocal.
798 4749 837 4798 ι,
856 4733 921 4807 _8.
989 4733 1041 4807 4““
1063 4733 1093 4807 _l
1116 4732 1272 4788 Joan.
1303 4735 1469 4807 v,_2_0.
1533 4735 1586 4807 1’
1615 4733 1852 4807 Joan._x,
1878 4733 1961 4807 '50.

2066 4733 2086 4764 °
2119 4731 2421 4807 Joanguv,
2447 4734 2502 4788 9.
2581 4734 2621 4764 ’⁸
2655 4733 2795 4788 l’sal.
2823 4749 2979 4797 xvln,
3007 4735 3060 4790 2.
3140 4738 3185 4768 ¹¹
3215 4735 3358 4790 Psal.
3410 4754 3572 4807 xxiii,
3598 4741 3649 4794 l.

440 4803 487 4838 ³³
510 4803 654 4860 Psal.
679 4819 832 4869 cmi,
855 4803 908 4858 5.
984 4803 1031 4836 ’³
1063 4804 1207 4859 Psal.
1239 4819 1336 4871 cu,
1360 4805 1450 4858 20.
1527 4805 1576 4836 ³⁸
1609 4804 1738 4860 Jud.
1772 4805 1824 4858 6.
1902 4806 1948 4836 ’θ

2066 4821 2076 4858 ν
2105 4819 2235 4866 xxv,
2261 4803 2314 4858 5.

479 4919 590 5000 (11)
718 4917 867 4972 deest
896 4917 952 4972 in
983 4915 1172 4988 Regio,
1203 4916 1426 4988 Seguer.
1460 4917 1677 4974 Gobler.
1705 4927 1759 4974 et
1783 4916 1970 4972 Felck-

405 5005 589 5045 manm
625 5003 821 5058 primo.

474 5059 584 5127 (12)
619 5057 781 5114 Basil.
809 5057 1045 5129 Felckm.
1071 5057 1343 5114 secundus
1369 5073 1694 5129 anonymus,
1723 5069 1778 5114 ct
1805 5059 1972 5114 editio

403 5129 858 5190 Commeliniana,
887 5128 980 5181 καί
1005 5129 1282 5182 omittunt.

473 5200 584 5271 (15)
617 5198 708 5254 Sic
727 5197 976 5271 Regius;
994 5206 1051 5271 et
1089 5197 1312 5271 Seguer.
1351 5197 1420 5251 At
1451 5197 1539 5250 alii
1579 5206 1633 5251 et
1669 5199 1796 5271 editi
1827 5198 1884 5250 δέ
1917 5206 1970 5271 et

405 5266 601 5338 67:25:56
632 5266 906 5338 omittunt.
944 5266 1277 5338 Ibidemjal
1325 5278 1448 5323 ante
1492 5271 1686 5320 νοεῖται
1724 5269 1875 5323 deest
1915 5269 1970 5321 in

406 5336 794 5408 lteg.Seg_uer.
826 5336 1132 5408 Gobler._et
1153 5336 1296 5408 Felc.
1331 5339 1381 5391 1.

477 5404 589 5477 (14)
631 5404 782 5460 Εῐναι
814 5407 962 5462 abest
996 5421 1026 5460 a
1058 5406 1543 5477 RegLSeguerian.
1579 5404 1887 5462 Goblcrian.
1918 5414 1972 5459 et

403 5475 546 5548 Felc.
571 5474 630 5529 ’1.
673 5477 793 5531 Mox
825 5486 946 5546 post
971 5474 1162 5542 εἰπεῖν,
1192 5474 1324 5547 Reg.
1359 5487 1414 5532 et
1451 5475 1672 5548 Seguer.
1716 5477 1972 5531 omittunt
2081 5545 2092 5548 _
2148 5474 2418 5548 (19)11εε.
2451 5474 2690 5544 Seguer.
2721 5478 3000 5546 Anglican.
3034 5477 3248 5532 Gobler.
3290 5487 3342 5530 ct
3378 5477 3561 5532 Frlrk.
3600 5477 3649 5541 l,

405 5545 666 5618 κτίσμαι,
726 5615 757 5618 _
826 5544 850 5618 ί
1068 5617 1078 5618 ,
1277 5544 1326 5618 ί
1407 5616 1424 5618 μ
1523 5544 1546 5618 Ϊ
1789 5617 1797 5618 ,
1924 5614 1933 5618 _

2075 5544 2486 5618 6au;9§._l_ideui
2524 5557 2738 5615 (praeter
2761 5544 2996 5618 Anglic.)
3027 5559 3280 5601 omittunt
3301 5548 3395 5599 τοῦ
3423 5549 3579 5601 Θεοῦ.

472 5613 582 5734 (15)
600 5613 704 5671 'Sic
726 5615 926 5686 Regius
959 5627 1027 5697 et_
1052 5617 1274 5687 Seguer.
1302 5616 1372 5671 At
1393 5616 1671 5682 Ottobon.,
1707 5617 1814 5670 ἀπὸ
1845 5614 1961 5667 τού-

472 5700 511 5734 N
576 5683 654 5734 δοι
702 5701 804 5734 τις.
837 5686 1029 5734 leen
1068 5698 1121 5734 et
1161 5686 1311 5734 editi.
1353 5687 1463 5734 ἀπὸ
1504 5687 1703 5734 τούτων
1740 5687 1961 5734 μάλιστα

2091 5685 2107 5734 1
2147 5615 2259 5734 (εἳ)
2294 5614 2386 5670 Sic
2416 5613 2635 5684 Regiet
2681 5613 2903 5686 Seguei'.
2955 5616 3009 5671 lu
3057 5619 3174 5673 aliis
3221 5633 3348 5672 vero
3391 5629 3447 5672 et
3493 5617 3652 5674 editis

2074 5700 2201 5734 (nes
2248 5701 2329 5734 τε.

399 5683 511 5741 των
557 5683 654 5736 ῐδοι
702 5683 1031 5749 τις.’οωιοι·ἰ
1068 5683 1312 5751 ειέᾱὶιί,
1353 5687 1463 5742 ἀπὸ
1504 5687 1703 5742 τούτων
1737 5687 1961 5758 μάλιστα

2074 5685 2226 5742 deest
2240 5683 2329 5738 τε.

2075 4915 2173 4990 ἴδρι
2199 4916 2279 4990 τό,
2309 4925 2413 4970 etc.
2443 4914 2646 4990 [bidem
2689 4915 2891 4987 Regius
2920 4929 2974 4972 et
3000 4917 3344 4989 Segucrian.,
3386 4919 3650 4990 αἱρέσεως

2071 4986 2180 5040 τῶν
2216 4985 2530 5056 Ἀρειανῶν.

2145 5055 2524 5128 (16)_Felckm.
2562 5055 2621 5128 2Δ
2657 5066 2710 5110 et
2753 5057 2912 5128 editi,
2946 5057 3044 5128 τὴν
3071 5058 3392 5128 ταυτότητα.
3429 5056 3550 5110 Mox
3591 5059 3653 5111 τὸ

2074 5124 2488 5196 φθαρτόν-θὺβεῐ
2521 5141 2551 5178 a
2584 5125 2802 5182 Gobler.
2832 5127 2975 5182 Felc.
3002 5124 3074 5190 ’1,
3100 5129 3228 5196 Reg.
3254 5124 3307 5182 et
3335 5126 3560 5196 Seguer.

2145 5194 2257 5275 (Γζ)
2289 5194 2630 5275 μειωξίιιε,
2665 5199 2889 5275 Seguer.
2927 5197 3082 5252 Gobl.
3125 5194 3344 5275 et‘Felc.
3383 5194 3648 5275 ll_At__a_lii

2075 5275 2146 5347 et,
2172 5265 2338 5347 editi".
2372 5265 2981 5347 άγγέλοιςκῖμίᾱκιξοε.
3027 5279 3081 5347 et
3127 5269 3376 5347 segnem,
3407 5267 3474 5320 τὰ
3519 5269 3650 5321 ἄλλα

2077 5334 2272 5387 πάντα.
2299 5334 2489 5389 Caneri
2522 5347 2569 5390 cl
2599 5337 2749 5397 editi,
2775 5336 2842 5389 τὰ
2871 5334 3002 5390 ἄλλα
3029 5337 3084 5390 δὲ
3122 5334 3318 5393 πάντα.

2147 5405 2258 5476 (18)
2292 5404 2493 5476 Regius
2520 5417 2573 5460 et
2604 5406 2850 5476 Seguer.,
2885 5407 3018 5459 Θεοῦ
3052 5408 3197 5460 Υἱόν.
