3914 6222
299 328 398 385 613

1423 327 1757 384 EPISTOLA
1795 327 1834 384 II
1873 327 1964 381 AD
2005 326 2461 383 SERAPIONEM.

3427 324 3531 381 616

296 447 466 516 λέγων
497 444 637 514 (21)⁶
694 462 712 495 ι
739 443 851 498 Καὶ
880 445 943 496 σὺ
978 445 1097 497 κατ’
1124 443 1318 517 ἀρχὰς,
1361 445 1553 516 Κύριε,
1607 445 1706 517 τὴν
1760 446 1862 518 γῆν

1976 454 2025 498 ιιι
2044 443 2225 508 Pater,
2245 443 2408 514 idque
2419 442 2621 497 Paulus
2632 455 2693 495 ex
2713 442 3012 497 centesimo
3028 441 3205 510 primo
3217 441 3428 512 psalmo
3444 443 3530 497 In's

293 535 665 606 ἐθεμελίωσας
685 551 699 564 ο
725 535 819 586 xui.
851 534 986 604 ἔργα
1011 535 1120 587 τῶν
1158 535 1356 607 χειρῶν
1396 552 1490 589 σου
1525 537 1662 589 εἰσὶν
1694 539 1743 589 οἱ
1769 537 1860 588 οὑ-

295 626 468 701 ρανοί.
493 627 652 678 Αὐτοὶ
681 625 1022 690 ἀπολοῦνται,
1050 627 1112 679 σὺ
1141 627 1196 680 δὲ
1224 627 1524 698 διαμενεῖς·
1548 628 1643 680 xui.
1667 627 1865 692 πάντες

291 716 366 779 ὡς
408 715 624 782 ἱμάτιον
685 713 1174 784 παλαιωθήσονται,
1225 716 1317 769 xui.
1362 717 1493 770 ὡσεὶ
1525 718 1864 790 περιϐόλαιον

295 805 548 871 ἀλλάξεις
571 806 788 870 αὐτοὺς,
825 806 917 858 καὶ
945 805 1338 877 ἀλλαγήσονται
1356 824 1367 836 ·
1398 809 1460 862 σὺ
1475 809 1570 862 δὲό
1603 809 1762 872 αὐτὸς
1792 805 1862 874 εἴ,

294 897 480 950 καὶτὰ
505 897 600 966 ἐτη
619 913 712 950 σου
730 897 830 950 οὐκ
851 897 1175 967 ὲκλείψουσι.
1200 919 1218 950 ι
1242 899 1351 952 Kui.
1366 899 1526 953 πάλιν
1547 899 1694 968 λέγει
1714 900 1825 971 (22)
1847 918 1860 930 ·

301 1007 322 1039 ι
345 987 550 1058 Ἰησοῦς
571 986 803 1058 Χριστὸς
835 988 961 1057 χθὲς
991 989 1084 1042 xui.
1107 989 1343 1061 σήμερον
1363 1007 1377 1021 ο
1425 990 1453 1042 6
1471 990 1630 1053 αὐτὸς
1664 992 1757 1044 xu‘t
1786 993 1864 1054 εἰς

295 1081 421 1143 τοὺς
451 1079 675 1142 αἰῶνας.
718 1097 736 1131 ι

365 1173 420 1226 4.
454 1172 567 1227 Καὶ
596 1171 754 1226 πάλιν
783 1171 852 1224 τὰ
876 1172 1078 1241 γενητὰ
1095 1171 1272 1225 πάντα
1294 1167 1396 1227 οὐκ
1421 1167 1509 1244 ἦν,
1528 1172 1622 1226 xui.
1650 1173 1862 1241 γέγονε.

299 1264 408 1336 Τὴν
449 1264 558 1335 γὰρ
593 1264 716 1334 γῆν,
748 1263 823 1328 ὡς
845 1264 1016 1330 οὐδὲν,
1050 1265 1298 1335 ἐποίησε·
1325 1264 1438 1330 xui,
1479 1283 1498 1316 ε
1530 1267 1558 1318 6
1595 1265 1773 1320 καλῶν
1799 1265 1866 1319 τὰ

304 1356 376 1425 μὴ
403 1353 530 1406 ὄντα
565 1352 640 1416 ὡς
679 1353 808 1406 ὄντα
836 1370 850 1383 ·
887 1373 905 1404 ι
937 1354 1030 1407 καὶ
1064 1354 1174 1424 (25)
1225 1355 1502 1425 ποιήματα
1530 1353 1586 1408 δέ
1627 1356 1744 1408 ἐστι
1776 1356 1867 1408 καὶ

303 1445 608 1515 κτίσματα’
642 1443 730 1497 διὰ
753 1443 908 1497 τοῦτο
945 1445 1056 1516 γὰρ
1087 1447 1180 1497 xui.
1215 1444 1388 1516 ἀρχὴν
1426 1445 1539 1516 ἔχει
1586 1446 1678 1498 τοῦ
1715 1447 1866 1516 γενέ-

302 1537 442 1590 σθαι.
467 1556 484 1588 ι
509 1538 597 1589 Ἐν
625 1536 764 1608 ἀρχῇ
801 1555 820 1588 ι
841 1536 948 1608 γὰρ
971 1555 989 1587 ι
1030 1537 1283 1608 ἐποίησεν
1307 1541 1334 1591 6
1367 1537 1496 1602 Θεὸς
1524 1538 1612 1592 τὸν
1640 1541 1866 1612 οὐρανὸν

301 1631 390 1682 xui.
415 1629 512 1699 τὴν
538 1630 660 1700 γῆν,
687 1648 704 1682 ι
725 1629 818 1682 xui.
839 1628 1015 1683 πάντα
1029 1629 1096 1683 τὰ
1126 1632 1182 1683 ὲν
1204 1631 1386 1695 αὐτοῖς
1405 1649 1417 1661 ·
1443 1632 1534 1684 xui
1553 1632 1710 1687 πάλιν
1732 1633 1864 1704 (2.1)⁹

305 1740 323 1772 ι
372 1721 436 1773 'H
466 1721 585 1790 χείρ
631 1738 733 1792 μου
759 1721 980 1792 ἐποίησε
1023 1721 1196 1775 ταῦτα
1229 1721 1424 1776 πάντα.
1479 1745 1498 1776 ο
1539 1725 1598 1776 Ὀ
1636 1724 1693 1778 δὲ
1741 1725 1868 1790 Υίὸς

1966 537 2146 590 verbis
2175 537 2332 590 docet
2349 536 2393 567 ³⁷
2416 553 2430 589 :
2456 533 2552 588 «Et
2579 543 2636 589 tu
2661 533 2718 587 in
2746 534 3036 604 principio,
3056 533 3303 600 Domine,
3329 543 3529 588 tcrra-m

1965 625 2228 692 fundasti,
2261 635 2314 680 et
2343 640 2508 695 opera
2541 638 2800 678 manuum
2832 632 3046 677 tuarum
3081 631 3212 677 sunt
3239 624 3361 678 caeli
3387 642 3400 678 :
3430 623 3534 693 ipsi

1966 721 2244 789 peribunt,
2280 731 2336 772 tu
2388 729 2565 773 autem
2606 716 2994 786 permanebis:
3033 725 3087 769 et
3111 731 3302 770 omnes
3347 726 3408 770 ut
3437 730 3536 771 ve-

1966 809 2282 865 stimentum
2328 815 2684 870 veterascent,
2715 815 2767 860 et
2803 805 2954 860 velut
3002 804 3262 860 amictum
3297 803 3535 858 mulabis

1966 915 2081 964 eos,
2128 909 2183 955 et
2233 900 2608 954 mutabuntur.
2657 896 2738 952 Tu
2793 907 2971 951 autem
3006 896 3148 950 idem
3200 894 3315 965 ipse
3360 910 3443 961 es,
3482 902 3538 949 et

1966 996 2095 1049 anni
2128 993 2204 1049 tui
2234 1011 2341 1049 non
2361 993 2646 1058 deﬁcient;
2681 1011 2700 1045 ι
2734 1000 2790 1048 ει
2810 991 3064 1046 iterum"
3093 1008 3106 1044 :
3137 1007 3156 1041 ι
3189 987 3352 1044 Jesus
3373 987 3536 1042 Chri-

1966 1093 2085 1140 stus
2119 1085 2236 1139 heri
2263 1094 2317 1140 et
2346 1083 2505 1138 hodie
2532 1101 2544 1136 :
2575 1084 2689 1152 ipse
2717 1093 2769 1136 et
2797 1084 2848 1136 in
2883 1081 3100 1136 saecula.
3129 1100 3147 1132 ι

2037 1177 2090 1231 4.
2120 1175 2383 1230 Praeterea
2417 1174 2680 1245 quidquid
2708 1183 2792 1228 est
2824 1173 3050 1237 factum,
3084 1171 3284 1228 factum
3307 1179 3391 1227 est
3410 1185 3535 1225 cum

1967 1276 2123 1323 antea
2168 1268 2303 1321 nihil
2351 1275 2514 1322 esset.
2573 1264 2708 1320 Nam
2763 1275 2984 1328 terram,
3035 1279 3157 1334 qua:
3199 1271 3356 1318 antea
3401 1260 3539 1316 nihil

1967 1368 2106 1420 erat.
2126 1357 2270 1413 fecit.
2296 1358 2361 1412 Et
2394 1357 2486 1428 qui
2512 1377 2529 1409 ι
2555 1368 2713 1412 vocat
2733 1374 2796 1412 ea
2813 1373 2933 1427 quae
2961 1372 3066 1409 non
3104 1363 3252 1420 sunt,
3277 1364 3536 1424 tanquam

1967 1467 2027 1506 ea
2058 1467 2178 1521 qua:
2206 1461 2334 1506 sunt
2359 1453 2426 1506 ’9.
2467 1470 2486 1501 ι
2521 1451 2685 1520 Atqui
2730 1466 2817 1505 res
2849 1449 3024 1513 factae,
3056 1457 3186 1504 sunt
3219 1447 3345 1502 item
3379 1459 3538 1524 crea-

1967 1553 2054 1600 ta}.
2096 1543 2304 1600 Idcirco
2338 1544 2480 1600 enim
2520 1543 2732 1598 initium
2774 1541 2938 1614 548
2981 1541 3280 1597 exsistendi
3317 1529 3535 1593 habent.

1966 1636 2102 1691 Nam
2141 1656 2159 1688 ι
2195 1637 2246 1691 in
2275 1638 2543 1707 principio
2571 1636 2699 1692 fecit
2720 1635 2860 1690 Deus
2890 1633 3086 1689 coelum
3120 1642 3173 1688 et
3194 1642 3393 1687 terram
3418 1632 3486 1694 ³⁰,
3514 1649 3532 1682 ι

1966 1745 2177 1785 necnon
2217 1731 2398 1785 omnia
2438 1747 2558 1801 quae
2593 1731 2646 1784 in
2673 1729 2754 1784 eis
2793 1737 2936 1782 sunt.
2971 1727 3037 1780 Et
3095 1728 3332 1781 iterum:
3372 1743 3390 1776 ι
3421 1723 3538 1778 Ma-

300 1810 372 1864 ὣν
428 1812 545 1864 ἐστι
593 1812 688 1865 xui.
727 1813 818 1865 ἐπὶ
852 1812 1068 1866 πάντων
1103 1812 1237 1876 Θεὸς
1263 1853 1277 1878 ,
1320 1813 1395 1876 ὡς
1445 1815 1471 1867 6
1499 1815 1687 1886 Πατήρ
1712 1831 1726 1845 ⁶
1774 1817 1863 1869 xui

1976 1837 2074 1875 nus
2099 1837 2216 1876 mea
2246 1820 2377 1908 'iccit
2404 1822 2518 1876 haec
2543 1821 2726 1876 omnia
2753 1819 2818 1873 ³¹.
2863 1839 2880 1871 ι
2917 1817 3089 1872 Filius
3121 1826 3322 1882 autem,
3352 1823 3412 1868 ut
3438 1813 3542 1868 Pa-

299 1905 456 1958 τοῦτο
491 1904 601 1975 (25)
647 1903 787 1957 οὕτω
806 1904 1108 1958 δέδεικται·
1145 1906 1239 1958 xui.
1262 1905 1320 1959 οὐ
1352 1907 1668 1977 ποιούμενός
1698 1910 1864 1974 ἐστιν,

301 1998 435 2052 ἀλλὰ
469 1996 668 2051 ποιῶν·
727 1997 823 2052 καὶ
880 1998 940 2050 οὐ
967 1998 1303 2068 κτιζόμενος,
1360 1999 1494 2052 ἀλλὰ
1546 2000 1745 2065 κτίζων
1772 2004 1867 2056 xui.

299 2091 467 2144 ποιῶν
492 2091 560 2143 τὰ
580 2090 716 2160 ἔργα
744 2089 838 2143 τοῦ
861 2090 1091 2161 Πατρός.
1135 2091 1210 2143 Δι’
1237 2091 1401 2144 αὑτοῦ
1439 2092 1546 2164 γὰρ
1583 2094 1632 2146 οἱ
1675 2094 1869 2158 αἰῶνες

299 2182 592 2250 γεγόνασι·
637 2182 732 2234 xui.
774 2181 949 2234 πάντα
981 2181 1046 2234 δι’
1083 2183 1245 2236 αὑτοῦ
1290 2185 1528 2251 ἐγένετο·
1563 2185 1655 2238 xui.
1699 2187 1864 2259 χωρὶς

297 2269 463 2323 αὑτοῦ
496 2270 716 2338 ἐγένετο
742 2269 862 2322 οὐδὲ
893 2269 949 2322 ἓν
968 2285 982 2300 ο
1023 2268 1099 2331 ὡς
1127 2269 1183 2321 δὲ
1229 2269 1548 2334 Ἀπόστολος
1574 2270 1775 2338 ἐδίδαξε
1808 2273 1870 2325 τὸ

298 2363 353 2414 ὲν
373 2365 452 2432 τῷ
481 2360 679 2432 ψαλμῷ
711 2361 844 2432 (26),
873 2361 1033 2423 αὐτὸς
1054 2363 1173 2414 κατ’
1201 2361 1374 2432 ἀρχὰς
1407 2362 1505 2433 τὴν
1544 2363 1648 2434 γῆν
1679 2364 1869 2435 ἐθεμε-

297 2453 476 2520 λίωσε,
511 2454 606 2506 xui.
643 2453 779 2524 ἔργα
803 2453 912 2506 τῶν
942 2453 1140 2524 χειρῶν
1175 2453 1339 2506 αὑτοῦ
1374 2457 1511 2509 εἰσιν
1545 2457 1592 2508 οἱ
1628 2457 1864 2528 οὐρανοί.

297 2548 406 2600 Καὶ
431 2547 595 2601 πάλιν
626 2545 732 2599 τῶν
755 2547 1068 2617 κτισμάτων
1105 2546 1257 2599 οὐδέν
1279 2547 1397 2599 ἐστι
1425 2550 1491 2618 τῇ
1521 2546 1679 2617 φύσει
1705 2549 1863 2612 Θεός’

443 2635 672 2690 ἕκαστον
702 2635 808 2688 τῶν
828 2635 1132 2706 γενομένων
1153 2635 1181 2688 ὃ
1204 2635 1296 2688 xui.
1323 2635 1512 2703 γέγονε
1539 2635 1682 2705 (27),
1712 2635 1870 2688 τοῦτο

297 2727 389 2780 καὶ
417 2727 621 2798 ἐκλήθη
648 2745 662 2760 ·
703 2729 762 2781 τὸ
791 2729 882 2798 μὲν
941 2728 1186 2799 οὐρανὸς,
1215 2727 1342 2782 ἄλλο
1371 2727 1427 2779 δὲ
1465 2730 1534 2798 γῆ
1573 2727 1686 2798 (28)
1709 2745 1720 2757 ·
1777 2728 1869 2780 xui.

295 2821 468 2891 οἱμὲν
498 2821 809 2892 φωστῆρες,
846 2819 917 2874 τὰ
953 2820 1010 2873 δὲ
1033 2822 1208 2891 ἄστρα
1229 2836 1242 2849 ·
1271 2819 1366 2873 xui.
1417 2820 1550 2874 ἄλλα
1602 2819 1866 2883 θάλασσα,

295 2914 390 2964 καὶ
416 2913 662 2974 ἄϐυσσοι,
694 2913 790 2966 xui.
806 2911 1142 2985 τετράποδα*
1175 2910 1266 2965 xui
1315 2911 1522 2975 λοιπὸν,
1555 2911 1865 2982 ἄνθρωπος’

296 3002 389 3054 καὶ
413 3002 521 3073 πρὸ
544 3004 748 3055 τούτων
776 3001 1014 3072 ἄγγελοι,
1049 3001 1141 3055 xui.
1170 3000 1499 3072 ἀρχάγγελοι
1522 3001 1655 3071 (29),
1690 3019 1871 3073 χερον-

296 3094 416 3164 mu,
454 3093 714 3164 σεραφὶμ,
747 3095 840 3148 καὶ
867 3095 1149 3165 δυνάμεις,
1182 3094 1368 3165 ἀρχαὶ,
1393 3092 1653 3159 ἐξουσίαι,
1687 3096 1870 3166 κυριό-

1969 1923 2075 1980 ter,
2115 1907 2261 1970 Deus
2291 1923 2375 1969 est
2400 1930 2562 1984 super
2594 1911 2800 1977 omnia,
2824 1910 2966 1980 quod
2999 1909 3215 1978 quidem
3253 1907 3539 1976 probatum

1967 2015 2088 2069 est;
2120 2022 2218 2062 nec
2247 2016 2331 2061 est
2371 2021 2460 2060 res
2506 2021 2627 2076 qua:
2664 2006 2758 2070 lit,
2812 2002 2903 2056 sed
2940 2001 3053 2070 ipse
3094 2015 3180 2053 res
3229 1997 3396 2052 facit:
3440 2012 3542 2052 nec

1967 2097 2204 2168 denique
2228 2108 2466 2163 creatur,
2492 2098 2584 2152 sed
2614 2098 2729 2167 ipse
2757 2094 2934 2149 Patris
2958 2108 3119 2162 Opera
3143 2103 3290 2145 creat
3312 2101 3364 2145 et
3390 2089 3539 2144 facit.

1970 2187 2102 2241 Nam
2135 2203 2228 2256 per
2252 2187 2428 2257 ipsum
2477 2197 2530 2241 et
2565 2185 2761 2241 saecula
2782 2185 2824 2216 ³³
2860 2192 2914 2238 ει
2945 2182 3127 2236 omnia
3157 2180 3297 2236 facta
3333 2180 3542 2246 sunt",

1970 2288 2024 2333 ει
2053 2278 2170 2333 sine
2205 2279 2322 2346 ipso
2352 2277 2556 2331 factum
2589 2286 2672 2331 est
2713 2275 2849 2332 nihil
2879 2293 2891 2329 :
2927 2283 3112 2344 atque,
3145 2281 3206 2328 ut
3241 2271 3540 2341 Apostolus

1968 2383 2030 2422 ex
2066 2367 2277 2438 psalmo
2311 2367 2573 2430 ostendit,
2604 2367 2721 2436 ipse
2757 2366 2916 2420 initio
2943 2376 3142 2418 terram
3187 2361 3455 2428 fundavit,
3491 2372 3548 2416 et

1971 2475 2133 2528 opera
2158 2474 2419 2512 manuum
2445 2459 2565 2529 ejus
2599 2467 2728 2513 sunt
2754 2456 2875 2512 coeli
2904 2455 2969 2508 ³⁸.
3002 2452 3250 2524 Insuper,
3279 2453 3427 2507 nulla
3458 2467 3548 2507 res

1969 2557 2152 2604 creata
2205 2560 2399 2604 natura
2453 2549 2598 2604 Deus
2635 2557 2740 2616 est,
2775 2549 2869 2603 sed
2920 2545 3151 2616 singulae
3199 2544 3342 2614 quod
3391 2542 3548 2598 facta:

1969 2651 2114 2705 sunt,
2135 2641 2367 2711 idipsum
2387 2641 2666 2712 appellata:
2695 2649 2825 2696 sunt
2851 2659 2864 2693 :
2888 2638 3014 2692 hinc
3041 2637 3412 2701 alia,cu:lum,
3440 2634 3547 2688 alia

1971 2741 2112 2786 terra
2139 2733 2282 2788 dicta
2320 2744 2442 2788 est:
2475 2734 2616 2799 aliae,
2651 2730 2972 2794 luminaria;
3007 2729 3146 2797 aliae,
3178 2736 3364 2794 astra;
3404 2726 3545 2791 aliae,

1968 2824 2162 2890 maria,
2186 2824 2369 2894 abyssi
2398 2831 2453 2878 et
2469 2824 2870 2894 quadrupedes,
2900 2824 3136 2894 aliaque,
3168 2824 3334 2878 homo
3359 2841 3372 2877 :
3409 2833 3467 2876 ut
3494 2830 3549 2876 et

1969 2922 2095 2967 ante
2113 2930 2198 2969 res
2216 2915 2337 2968 illas
2353 2915 2551 2984 angeli,
2575 2915 2908 2986 archangeli,
2925 2916 3232 2980 cherubim,
3251 2914 3546 2985 seraphim,

1980 3005 2234 3072 virtutes,
2255 3007 2617 3077 principatus,
2648 3013 2968 3076 potestates,
2997 3005 3420 3069 dominationes,
3451 3018 3550 3074 pa-

1969 3097 2220 3152 radisus:
2271 3105 2434 3166 atque
2481 3098 2555 3151 ita
2603 3111 2692 3151 res
2732 3096 2838 3151 illa:
2893 3095 3121 3167 singula:
3173 3104 3544 3166 perseverant.

205 3372 212 3379 ’
295 3372 358 3440 τῇ
391 3370 653 3440 μετουσία
677 3370 772 3423 τοῦ
802 3369 955 3424 Υίοῦ.
995 3369 1151 3424 Οὕτω
1181 3372 1290 3441 γὰρ
1331 3372 1427 3424 xui.
1471 3372 1630 3435 αὐτὸς
1678 3368 1864 3426 εἶπεν

295 3162 475 3256 τητες,
489 3162 814 3256 τέαράδεισος
833 3203 846 3216 ·
879 3186 970 3239 xui.
988 3162 1160 3248 οὕτως
1173 3162 1414 3238 ιέιιαστον
1431 3185 1695 3256 διαμένει.
1728 3162 1792 3239 Εἰ
1812 3187 1863 3240 δὲ

1976 3187 2125 3254 Quod
2157 3189 2203 3244 si
2242 3162 2488 3243 non—nulli
2535 3188 2610 3242 dii
2641 3189 2894 3260 appellati
2943 3162 3110 3244 sunt:
3149 3162 3295 3244 certe
3335 3204 3444 3244 nou
3479 3204 3548 3244 ex

296 3279 387 3331 xui.
409 3277 521 3332 θεοί
546 3295 691 3341 τινες
717 3277 1022 3350 ἐκλήθησαν
1039 3279 1172 3350 (50),
1192 3279 1307 3332 ἀλλ’
1338 3280 1398 3332 o6
1421 3281 1488 3350 τῇ
1524 3281 1703 3348 φύσει,
1734 3281 1863 3334 ἀλλὰ

1976 3291 2190 3345 natura,
2223 3281 2314 3336 sed
2345 3282 2490 3350 quod
2522 3281 2646 3336 Filii
2686 3283 2984 3352 participes
3015 3280 3146 3337 facti
3177 3282 3307 3350 sint,
3347 3282 3402 3337 id
3445 3297 3549 3337 no-

1975 3385 2098 3424 men
2143 3379 2269 3424 sunt
2307 3372 2607 3426 consecuti.
2644 3371 2738 3428 Sic
2765 3373 2912 3428 enim
2954 3374 3070 3442 ipse
3099 3373 3212 3428 ait:
3252 3391 3271 3426 ι
3317 3372 3374 3428 Si
3425 3374 3550 3428 illos

301 3483 319 3513 ι
358 3465 419 3516 Ei
441 3463 683 3525 ἐκείνους
711 3459 860 3516 εἶπεν
887 3462 1062 3526 θεοὺς,
1087 3463 1220 3533 πρὸς
1244 3461 1336 3525 οὓς
1362 3465 1389 3516 6
1413 3463 1582 3531 Λόγος
1610 3463 1700 3517 τοῦ
1734 3462 1863 3518 Θεοῦ

1976 3461 2112 3516 dixit
2141 3461 2297 3528 deos,
2323 3464 2391 3518 ad
2422 3480 2560 3534 quos
2589 3479 2772 3520 sermo
2793 3463 2888 3520 Dei
2921 3464 3096 3521 factus
3125 3475 3210 3521 est
3232 3467 3296 3521 ³⁸.
3341 3487 3360 3519 ι
3397 3467 3551 3523 Unde

297 3556 514 3622 ἐγένετο
552 3555 683 3626 (51).
730 3574 746 3606 ι
781 3555 889 3620 Διὸ,
924 3555 997 3626 μὴ
1031 3555 1182 3618 ὄντες
1215 3557 1280 3625 τῇ
1323 3555 1482 3623 φύσει
1535 3555 1668 3622 θεοὶ,
1721 3556 1863 3610 εστιν

1976 3559 2105 3628 quia
2156 3569 2350 3614 natura
2382 3576 2491 3614 non
2523 3571 2653 3616 sunt
2696 3561 2793 3627 dii,
2827 3561 2886 3615 Iit
2912 3562 3204 3631 aliquando
3238 3571 3296 3617 ut
3327 3563 3548 3632 quidam

295 3647 383 3700 ὅτε
415 3648 561 3711 τινὲς
608 3649 920 3719 τρέπονται,
949 3647 1235 3710 ἀκούοντες
1259 3663 1273 3677 ο
1314 3665 1333 3698 r
1385 3647 1526 3716 Ἐγὼ
1557 3643 1716 3701 εἷπα’
1750 3648 1874 3702 Θεοί

296 3741 420 3792 ἐστε
455 3741 550 3794 xui.
586 3739 692 3792 υἱοὶ
731 3740 986 3810 Ὑψίστου
1038 3740 1238 3802 πάντες
1311 3739 1496 3809 Ὑμεῖς
1525 3739 1613 3804 δὲ,
1663 3739 1739 3802 ὡς
1778 3741 1881 3794 ἄν-.

297 3831 524 3903 θρωποι,
544 3831 931 3903 ἁποθνὴσκετε.
974 3850 992 3882 ι
1029 3831 1280 3893 Τοιοῦτος
1308 3825 1376 3902 ἦν
1396 3832 1424 3882 ὁ
1459 3830 1696 3893 ἀκούσας
1716 3847 1729 3860 ο
1755 3849 1772 3880 ι
1798 3831 1870 3882 Σὺ

294 3925 350 3978 δὲ
371 3922 420 3978 εἴ
447 3925 752 3996 ἄνθρωπος,
786 3925 880 3978 xui.
906 3925 967 3977 οὐ
996 3923 1148 3987 Θεός.
1189 3942 1206 3974 ι
1251 3923 1309 3976 '0
1334 3924 1390 3976 δὲ
1419 3923 1546 3986 Υἱὸς
1570 3923 1700 3987 Θεὸς
1734 3923 1871 3994 ἀλη-

297 4015 439 4080 θινός
472 4017 641 4082 ἐστιν,
679 4017 755 4081 ὡς
786 4019 815 4068 6
843 4018 1050 4088 Πατήρ.
1100 4016 1186 4069 Ἐν
1220 4015 1367 4085 αὐτῷ
1389 4015 1497 4087 γάρ
1527 4017 1697 4080 ἐστιν,
1726 4015 1820 4068 xui.
1843 4013 1877 4067 6'

364 4152 410 4182 ’⁷
439 4149 602 4206 Hebr.
630 4167 667 4211 ι,
697 4149 873 4204 10-12.
952 4151 998 4184 ³⁸
1021 4149 1182 4206 Hebr.
1210 4167 1328 4214 xm,
1353 4148 1405 4203 8.

364 4333 478 4416 (21)
517 4331 734 4416 ῧρὶιιετ.
782 4341 836 4387 ει
867 4331 1012 4416 Felc.
1044 4333 1096 4400 1,
1140 4331 1325 4416 exn'roﬁ
1360 4331 1525 4416 Au6i;6
1555 4330 1734 4416 λαϐὼν
1756 4331 1852 4403 τὴν

296 4401 725 4482 χρῇσινῖ.Ρὲ¹Ξ¹¹⁰
769 4412 889 4482 Ρ¹Ρξί
930 4401 1062 4482 ἓεετ
1105 4414 1169 4482 ei.
1199 4402 1446 4482 .seﬁuerzt
1477 4402 1782 4482 διαμεῗῗῖῗθ
1810 4401 1870 4458 -θι
1900 4427 1944 4482 θ

300 4471 458 4544 infra,
485 4472 752 4544 ἀλλάξεις,
775 4474 866 4527 ubi
897 4473 987 4544 alii
1013 4471 1066 4527 et
1087 4475 1236 4540 editi,
1263 4471 1554 4544 διαμένεις,
1573 4471 1622 4525 et
1651 4471 1863 4544 ἑλίξεις.

366 4543 482 4611 (22)
538 4543 666 4610 Reg.
699 4544 922 4613 Seguer.
955 4543 1172 4599 Gobler.
1207 4553 1260 4598 et
1290 4542 1572 4613 Felck._1,
1605 4543 1868 4613 omittunt

297 4615 404 4685 Καὶ
436 4611 798 4685 πάλινᾉλέγειῖ
825 4613 948 4668 Mox
990 4629 1089 4684 pro
1115 4615 1223 4667 Καὶ
1253 4613 1434 4678 πάλιν,
1474 4611 1604 4683 Reg.
1651 4623 1705 4666 et
1738 4612 1862 4685 Seg.

297 4684 495 4738 habent
524 4683 690 4738 Πάλιν
717 4701 793 4738 τε.

367 4755 482 4823 (25)
515 4755 606 4808 Sic
656 4753 789 4824 Reg.
834 4763 889 4808 et
931 4752 1155 4825 Seguer.
1198 4752 1255 4807 In
1284 4754 1493 4825 Anglic.
1531 4752 1643 4825 καί
1663 4753 1814 4808 deest
1849 4773 1862 4808 :

298 4825 383 4878 alii
414 4822 469 4878 et
501 4825 627 4894 editi
655 4825 711 4878 δέ
742 4822 1027 4880 omittunt:
1053 4824 1174 4878 Mox
1205 4825 1334 4879 ibid.
1368 4823 1500 4894 Reg.
1534 4835 1588 4878 et
1613 4822 1860 4892 Seguer.,

297 4895 386 4948 τοῦ
415 4893 681 4963 γίνεσθαι.

366 4965 478 5036 (24)
525 4965 698 5036 Ιιάλιν
746 4966 898 5021 deest
942 4965 994 5019 in
1040 4963 1366 5036 Gobleriano
1410 4973 1466 5036 et
1514 4963 1863 5036 Felckmanni

296 5034 492 5104 primo.
523 5035 723 5089 Ibidem
778 5036 965 5099 Basi|.,
989 5036 1212 5105 εποίησε
1247 5035 1315 5105 τα
1349 5035 1544 5088 πάντα.
1575 5035 1691 5088 Mox
1729 5034 1860 5104 Reg.

295 5116 346 5159 et
373 5105 622 5176 Seguer.,
647 5105 721 5157 ὢν
744 5109 888 5159 ἐστιν
923 5107 1014 5159 ἐπὶ
1045 5104 1259 5176 πάντων
1288 5104 1436 5176 Θεὸς,
1465 5105 1539 5168 ὼς
1566 5106 1772 5176 Πατήρ.

363 5173 477 5256 (νέξ)
515 5175 604 5230 Sic
631 5177 757 5256 Reg.
794 5175 1014 5256 seguer.
1049 5173 1512 5256 Anglip.ﬁobler.
1546 5173 1766 5256 ctfelc.
1808 5175 1863 5228 1.

294 5247 346 5299 In
374 5243 501 5301 aliis
529 5256 584 5300 et
623 5243 784 5301 editis
821 5243 972 5300 deest
999 5243 1174 5300 τοῦτο.
1205 5243 1337 5298 Ibid.
1367 5243 1498 5314 Reg.
1531 5255 1583 5298 et
1612 5243 1860 5315 Seguer.,

293 5317 380 5368 xui
406 5317 467 5368 οὐ
493 5315 812 5386 ποιούμενος
839 5334 850 5368 :
889 5317 978 5386 alii
1001 5327 1055 5370 et
1082 5317 1233 5386 editi,
1257 5315 1334 5386 ᾡς
1368 5315 1449 5386 οὐ,
1478 5325 1582 5368 ett'.

363 5386 477 5455 (26)
511 5385 586 5439 Ita
629 5383 759 5456 Heg.
792 5396 846 5440 ct
883 5385 1106 5456 Seguer.
1140 5385 1458 5456 AtGﬁobIer.
1504 5397 1555 5456 et
1587 5383 1768 5456 Felck.
1806 5385 1858 5456 1,

293 5454 486 5518 ὼςκαὶ
522 5458 551 5509 6
588 5454 905 5520 ’Λτῇστολος
952 5454 1136 5520 ἔδειξε·
1168 5455 1336 5517 Αὐτὸς
1367 5456 1486 5508 κατ’
1516 5455 1706 5525 ἀρχὰς,
1748 5455 1860 5507 Κύ-

296 5541 394 5592 ριε.
429 5527 530 5579 Alii
564 5537 616 5580 et
646 5527 774 5580 editi
819 5543 915 5595 pro
949 5527 1026 5591 δέ,
1070 5526 1270 5579 habent
1319 5525 1432 5587 xui,
1463 5535 1516 5595 ιιι
1551 5527 1620 5578 τά
1649 5541 1746 5595 pro
1777 5527 1860 5586 τό,

297 5606 342 5666 et
376 5597 550 5666 Κύριε
593 5607 718 5666 post
761 5594 940 5660 αὑτός,
970 5599 1242 5665 iidemque
1282 5610 1405 5666 cuin
1456 5594 1768 5650 Goblertan.
1808 5605 1863 5650 ει

295 5665 432 5720 Fclc.
463 5664 742 5737 Lina—bent
763 5667 1124 5737 ἐθεμελίωσας
1147 5664 1415 5737 ει-χειρῶξν
1446 5681 1560 5720 σου.

360 5737 473 5808 (27)
513 5735 735 5808 Regius,
770 5734 1153 5808 Segucriaiius,
1184 5734 1563 5802 Goblerianus,
1593 5743 1645 5793 et
1674 5734 1861 5793 Felck-

1501 4148 1544 4181 "
1575 4147 1730 4201 Rom.
1760 4163 1830 4214 IV,
1859 4149 1945 4202 17.

299 4219 342 4250 ³³
365 4220 526 4276 Joan.
557 4236 605 4284 ι,
635 4223 689 4276 ὅ.
766 4222 812 4253 ³⁵
842 4219 1006 4277 Hebr.
1042 4237 1079 4287 r,
1109 4220 1216 4286 10;.
1243 4221 1384 4275 Psal.
1411 4234 1484 4285 Cl,
1519 4218 1608 4273 26.
1685 4219 1728 4250 ⁸⁸
1757 4217 1863 4274 Ιοει

1982 4261 1996 4286 ,
2039 4219 2130 4273 55.

1971 3660 2270 3717 mutentur,
2309 3651 2533 3721 haecque
2583 3652 2850 3707 audiant:
2885 3671 2902 3704 ι
2943 3652 3054 3723 Ego
3100 3653 3211 3708 dixi
3241 3671 3256 3708 :
3288 3653 3369 3707 Dii
3419 3655 3550 3710 estis

1969 3753 2024 3796 ct
2064 3741 2158 3795 ﬁlii
2200 3741 2413 3797 Excelsi
2463 3759 2674 3798 omnes.
2711 3742 2822 3799 Vos
2861 3754 3066 3807 autem,
3097 3747 3242 3799 sicut
3275 3745 3547 3812 homines,

1970 3815 2249 3885 m'orimini
2274 3832 2338 3883 ³⁸.
2377 3850 2396 3882 ι
2442 3831 2591 3886 Talis
2622 3833 2712 3886 ille
2742 3843 2860 3887 erat
2889 3834 2975 3888 cui
3003 3833 3210 3887 dictum
3251 3843 3372 3889 est:
3409 3853 3428 3886 ‹
3467 3834 3549 3890 Tu

1967 3939 2098 3978 vero
2129 3923 2293 3978 homo
2322 3940 2402 3989 es,
2438 3935 2494 3979 et
2530 3939 2636 3978 non
2669 3924 2835 3979 Deus.
2886 3943 2903 3975 ι
2938 3927 3008 3978 At
3045 3924 3236 3990 Filius,
3288 3924 3431 3980 Deus
3459 3943 3550 3982 vc-

1968 4032 2064 4071 rus
2101 4025 2203 4079 cst,
2239 4031 2348 4070 non
2380 4032 2540 4072 secus
2573 4032 2638 4070 ac
2663 4015 2843 4070 Pater.
2886 4014 2944 4070 In
2981 4017 3100 4086 ipso
3139 4014 3410 4085 siquidem
3443 4026 3546 4082 est,

2061 4149 2105 4179 '°
2133 4147 2328 4204 Genes.
2357 4164 2398 4213 ι,
2429 4149 2480 4204 1.
2589 4150 2634 4180 ³¹
2665 4151 2769 4203 Isa.
2797 4165 2944 4217 ιινι,
2971 4148 3026 4202 2.
3127 4148 3172 4181 ³¹
3202 4149 3365 4208 Hebr.
3401 4165 3440 4215 ι,
3491 4150 3545 4204 2.

2211 4219 2256 4250 ³⁸
2285 4218 2430 4274 Psal.
2463 4235 2647 4285 LXXXI,
2679 4221 2732 4275 ϐ.

1958 4331 2142 4386 manni
2174 4331 2403 4401 primus,
2438 4331 2530 4384 καί
2565 4331 2840 4387 omittunt.

2041 4403 2154 4470 (28)
2174 4399 2280 4456 Sic
2309 4399 2442 4471 Reg.
2479 4410 2533 4457 et
2563 4401 2786 4472 Seguegn
2820 4401 2926 4456 Alii
2958 4418 3088 4458 vero
3119 4414 3172 4457 et
3214 4402 3367 4466 editi,
3395 4403 3457 4457 τὸ
3486 4403 3544 4458 δὲ

1968 4472 2059 4544 γῆ,
2086 4475 2134 4524 oi
2162 4472 2560 4544 νδὲῌερωστῆρειέ
2591 4471 2710 4544 Mox
2737 4471 2949 4544 Reguct
2977 4472 3318 4544 Seguerian.,
3349 4473 3546 4528 θάλασ-

1969 4541 2055 4596 σαι
2087 4543 2180 4595 xui.
2225 4541 2481 4606 ἄϐυσσος.
2515 4541 2735 4598 Gobler.
2771 4541 2838 4597 et,
2867 4541 3107 4599 Felckm.
3152 4545 3205 4610 1,
3245 4543 3421 4615 ἄστρα
3452 4545 3548 4598 xui.

1968 4612 2253 4665 Θάλασσαι.

2003 4629 2253 4665 αΑασσαι.

2039 4683 2150 4754 (29)
2183 4681 2385 4754 Regius
2427 4692 2482 4738 et
2530 4681 2753 4752 Seguer.
2784 4682 3061 4754 omittunt,
3084 4683 3194 4754 xui
3219 4693 3273 4738 et
3302 4684 3543 4754 σεραφὶμ

1966 4753 2078 4806 καί.
2116 4752 2171 4805 In
2198 4751 2382 4824 Dttob.
2415 4762 2594 4808 autem
2611 4751 2799 4824 ideest.
2833 4753 3160 4824 ἁρχάγγελοι
3186 4763 3242 4824 e_t
3279 4751 3540 4824 σεραφίμ.

2037 4823 2149 4890 (50)
2191 4822 2282 4892 Sic
2315 4822 2446 4892 Reg.
2500 4824 2724 4892 Seguer.
2769 4822 3077 4877 Goblerian.
3119 4834 3172 4876 et
3204 4822 3356 4876 Fele.’
3381 4823 3404 4874 1
3430 4863 3445 4886 ,
3483 4831 3544 4875 ιιι

1965 4902 2018 4946 ει
2041 4893 2166 4960 legit
2191 4891 2457 4947 Nannius.
2491 4891 2595 4946 Alii
2621 4908 2748 4947 vero
2783 4900 2838 4946 et
2881 4894 3029 4956 editi,
3067 4893 3175 4946 Καὶ
3220 4892 3332 4945 Θεοί
3373 4891 3429 4944 δέ
3461 4908 3542 4944 τι-

1965 4981 2072 5026 νες.
2103 4963 2222 5016 Mox
2275 4961 2406 5032 Reg.
2443 4974 2497 5018 et
2543 4963 3208 5034 Seguer.,rﬁ_peeouctu_.
3254 4964 3323 5015 At
3364 4961 3454 5014 alii
3489 4969 3546 5034 et

1965 5034 2117 5095 editi,
2143 5036 2207 5104 τῇ
2225 5030 2516 5155 <Emittunt.
2562 5030 2766 5089 Ibidem
2808 5030 2879 5087 in'
2907 5030 3036 5102 Reg.
3078 5045 3129 5086 et
3166 5030 3416 5103 Seguer.,
3449 5030 3543 5084 καί

1966 5113 2086 5155 ante
2122 5105 2222 5155 αὐτ
2257 5121 2301 5155 :.

1966 5113 2086 5157 ante
2122 5105 2301 5166 αὐτός.

2037 5174 2148 5244 (31)
2201 5175 2273 5227 Ita
2332 5173 2532 5243 Regius
2575 5184 2630 5228 et
2681 5174 3085 5244 Seguerianus,
3134 5178 3195 5225 ut
3244 5179 3318 5244 ειΔ
3344 5171 3542 5238 legitur

1964 5234 2208 5309 Jo:in.'x,
2244 5244 2332 5298 53.
2359 5234 2548 5299 C2Eteri
2580 5253 2634 5297 et
2661 5234 2810 5307 editi,
2843 5242 2934 5294 τοῦ
2965 5242 3243 5294 omittunt.
3270 5234 3543 5310 Mox'post

1963 5313 2076 5376 Διό,
2110 5313 2308 5382 Regius
2335 5325 2387 5368 et
2414 5314 2752 5382 Seguerian.,
2783 5312 2874 5365 καί
2901 5311 3120 5364 addunt.
3152 5310 3352 5382 Ibidem
3378 5311 3539 5381 paulo

1965 5393 2081 5452 post
2137 5379 2216 5438 sic
2263 5385 2460 5438 habent
2490 5379 2822 5443 Basiliensis.
2859 5381 3222 5452 Anglicanus,
3253 5379 3453 5447 Regius
3487 5391 3542 5435 et

1964 5450 2246 5510 Ottobon..
2279 5454 2420 5506 ἔστιν
2447 5454 2535 5522 ὅτε
2567 5453 2710 5522 τινες
2731 5452 3021 5522 τρέπονται
3045 5450 3351 5522 ἀκούοντες.
3377 5453 3536 5522 GObI.

1963 5539 2092 5577 vero
2124 5534 2176 5576 et
2207 5522 2481 5591 FelckaI,
2511 5520 2655 5574 ἔστιν
2690 5520 2778 5572 ὅτε
2818 5521 2962 5582 τινὲς
2999 5521 3286 5591 τρέποντες
3315 5521 3540 5574 ἀκούον-

1962 5610 2072 5656 τες.
2108 5591 2199 5647 Sic
2227 5595 2352 5646 item
2389 5590 2899 5662 Seguerianus,_sed
2933 5591 3013 5642 ὅτι
3037 5589 3293 5662 additum
3325 5601 3409 5647 est
3447 5607 3538 5646 se-

1963 5663 2140 5717 cunda
2187 5676 2347 5714 manu
2392 5659 2489 5731 pro
2521 5661 2630 5727 ὅτε,
2659 5659 2806 5731 quod
2839 5661 3042 5716 aberat.
3077 5659 3240 5729 Editi,
3271 5661 3416 5716 ἔστιν
3449 5663 3538 5716 ὅτε

1963 5731 2253 5802 τρέπονται
2288 5728 2592 5791 ἀκούοντες.
