3914 6222
285 364 382 416 (il?

1371 358 1701 418 EPIS'I‘OLA
1740 358 1786 411 II
1831 358 1922 412 AD
1962 355 2415 414 SERAPIONEM.

3404 356 3509 410 GIS

286 481 460 543 πίστις
498 481 659 553 ἡμῶν
690 483 768 546 είς
789 481 1005 553 Πατέρα
1033 481 1126 536 καὶ
1158 481 1283 534 Τὶδν
1310 484 1404 537 καὶ
1436 485 1588 553 ἆγιον
1617 483 1843 554 ΙΙνεῦμά

1963 480 2144 551 δίεπψε
2181 482 2312 538 ﬁdes
2346 492 2529 537 nostra
2583 488 2666 535 est
2711 479 2769 534 in
2807 478 3046 540 I’atrem.
3073 476 3270 531 Filium
3302 486 3357 530 et
3388 475 3513 548 Spl-

284 575 395 626 ὲστι
424 572 558 641 (44),
582 572 830 642 λέγοντος
858 573 1022 626 αὑτοῦ
1058 575 1150 628 τοῦ
1187 574 1316 628 Υίοῦ
1345 578 1457 639 τοῖς
1484 575 1804 638 ἀποστόλοις
1826 592 1839 605 ·

289 679 309 712 ι
342 661 722 733 Πορευθέντες,
761 662 1132 734 μαθητεύσατε
1161 666 1336 720 πάντα
1369 666 1439 720 τὰ
1468 666 1616 739 ἔθνη,
1652 667 1844 737 βαπτί-

284 749 465 816 ζοντες
502 753 696 817 αὐτοὺς
727 756 806 818 είς
833 755 894 807 τὸ
921 755 1088 826 ὄνομα
1118 757 1212 810 τοῦ
1245 759 1456 828 Πατρὺς
1476 760 1568 811 καὶ
1595 758 1688 811 τοῦ
1717 757 1846 811 Υἱοῦ

283 843 500 897 καὶτοῦ
544 846 698 915 ἁγίου
733 846 1065 917 Πνεύματος.
1111 867 1129 899 ι
1163 844 1300 902 Εἷπε
1343 849 1399 902 δὲ
1438 849 1628 914 οὕτως,
1659 851 1746 904 ἵνα
1790 849 1849 914 ἐξ

283 931 356 990 ὧν
388 937 630 1006 οἴδαμεν,
653 937 761 990 ἀπὸ
787 939 991 992 τούτων
1023 939 1233 1012 νοῶμεν
1261 941 1356 994 καὶ
1385 941 1511 1012 περὶ
1541 942 1648 994 τῶν
1673 959 1851 1014 προει-

285 1045 348 1098 ρη
358 1027 533 1098 μένων
557 1027 906 1101 (45).Ὦσπερ
932 1026 1023 1084 οὖν
1051 1033 1150 1086 οὐκ
1180 1033 1246 1087 ἂν
1270 1033 1515 1103 εἴποιμεν
1539 1035 1665 1096 τοὺς
1695 1034 1851 1088 πατέ-

283 1136 381 1190 ρας
406 1121 656 1191 ποιητὰς,
691 1121 825 1174 ἀλλὰ
859 1123 1210 1194 γεννήτορας,
1248 1125 1340 1176 καὶ
1364 1125 1559 1188 αὐτοὺς
1605 1124 1663 1177 δὲ
1703 1126 1850 1195 ἡμᾶς

280 1212 378 1264 οὐκ
402 1209 469 1265 ἂν
497 1211 638 1266 εἴποι
671 1230 752 1276 τις
783 1213 988 1284 κτίσμα
1010 1214 1280 1285 πατέρων,
1314 1215 1450 1268 ἁπλά
1484 1217 1636 1280 υἱοὺς
1669 1217 1848 1285 φύσει,

281 1303 374 1356 καὶ
415 1305 734 1375 ὁμοουσίους
779 1306 888 1360 τῶν
931 1305 1181 1379 πατέρων
1204 1324 1216 1337 ·
1274 1306 1484 1373 οὕτως,
1523 1309 1571 1361 εἰ
1604 1309 1793 1380 Πατὴρ
1825 1311 1854 1362 6

281 1394 430 1457 Θεὸς,
460 1395 676 1458 πάντως
701 1395 830 1448 Υἱοῦ
867 1395 1024 1465 φύσει
1057 1399 1150 1450 καὶ
1177 1398 1460 1468 όμοουσίου
1489 1399 1607 1450 ἐστὶ
1635 1399 1846 1470 Πατήρ.

293 1483 541 1554 Ἀϐραὰμ
564 1484 694 1552 γοῦν
725 1485 824 1538 ούκ
849 1484 1028 1539 ἔκτισε
1049 1485 1141 1540 τὸν
1180 1486 1362 1540 Ἰσαὰκ
1390 1487 1522 1559 (46),
1558 1488 1672 1541 ἀλλ’
1702 1490 1852 1557 έγέν·

280 1591 407 1644 νησε
429 1592 441 1602 ·
471 1575 734 1647 Βεσελεὴλ
772 1576 828 1630 δὲ
859 1578 953 1630 καὶ
991 1576 1174 1630 Ἐλιὰὸ
1205 1579 1306 1632 ούκ
1359 1579 1656 1652 ἐγέννησαν
1679 1619 1695 1645 ,
1736 1580 1852 1634 ἀλλ’

282 1666 540 1737 ἐποίησαν
583 1668 758 1723 πάντα
798 1669 866 1722 τὰ
894 1667 1030 1741 ἔργα
1055 1669 1122 1723 τὰ
1165 1671 1222 1723 ὲν
1253 1673 1318 1742 τῇ
1353 1674 1545 1744 σκηνῇ.
1583 1672 1692 1725 Καὶ
1723 1690 1850 1725 ναυ-

284 1757 456 1826 πηγὸς
487 1757 543 1810 δὲ
577 1759 672 1810 καὶ
703 1759 981 1831 οἰκοδόμος
1009 1760 1070 1812 ού
1096 1761 1356 1828 γεννῶσιν
1375 1760 1411 1815 ἃ.
1440 1761 1702 1826 ποιοῦσιν,
1735 1762 1850 1815 ἀλλ’

1947 576 2109 630 ritum
2142 585 2412 643 sanetum,
2465 576 2584 646 ipso
2634 574 2774 629 Filio
2811 573 2877 627 ad
2931 573 3206 641 apostolos
3254 572 3506 626 dicente:

1951 685 1971 717 ι
2013 665 2239 731 Euntes,
2264 669 2453 723 docete
2481 683 2673 722 omnes
2707 676 2913 737 gentes,
2951 665 3290 733 baptizantes
3323 676 3420 717 eos
3455 663 3509 715 in

1947 759 2164 813 nomine
2190 758 2366 814 Patris
2388 771 2439 814 et
2459 758 2578 813 Filii
2603 768 2655 813 et
2684 757 2920 826 Spiritus
2950 756 3208 812 sancti“.
3251 774 3269 805 ι
3298 753 3511 820 Quibus

1949 863 2078 902 sane
2109 849 2287 903 verbis
2315 865 2445 905 usus
2497 858 2598 912 est,
2635 859 2694 903 ut
2736 865 2799 903 ex
2835 849 2918 903 his
2964 862 3086 916 quae
3137 847 3412 904 novimus.
3445 860 3511 898 ca

1948 954 2070 1009 qua!
2097 939 2242 995 dicta
2268 949 2395 996 sunt
2418 941 2858 1009 intelligercmus.
2884 937 3352 1004 Quemadmodum
3377 949 3509 1006 ergo

1948 1040 2129 1097 patres
2156 1045 2264 1084 non
2313 1031 2539 1101 opifices
2588 1031 2680 1086 sed
2731 1029 3000 1099 genitores
3057 1027 3410 1097 appellamus,
3445 1039 3511 1077 ac

1949 1118 2175 1186 proinde
2212 1133 2372 1173 nemo
2411 1135 2510 1174 nos
2548 1135 2578 1172 a
2612 1119 2856 1189 patribus
2890 1124 3120 1178 creatos,
3170 1114 3264 1169 sed
3294 1123 3508 1183 patrum

1950 1225 2070 1265 esse
2096 1220 2288 1265 natura
2313 1212 2455 1266 filios
2476 1220 2530 1266 et
2558 1207 3052 1281 consubstantiales
3085 1208 3265 1262 dicere
3299 1204 3510 1276 possit:

1951 1302 2044 1366 ita,
2081 1303 2126 1356 si
2159 1301 2319 1357 Pater
2366 1310 2449 1357 est
2483 1301 2647 1367 Deus,
2693 1301 2936 1371 profecto
2970 1300 3129 1355 Pater
3160 1307 3244 1354 est
3265 1297 3386 1350 Filii
3419 1295 3514 1366 qui

1950 1395 2020 1450 sit
2045 1404 2236 1449 natura
2291 1395 2437 1450 filius
2480 1395 2690 1464 ipsique
2739 1394 2965 1464 proinde
3005 1389 3509 1448 consubstantialis.

1951 1487 2088 1543 ilinc
2115 1488 2386 1542 Abraham
2438 1503 2548 1541 non
2572 1489 2778 1542 creavit
2811 1488 2902 1542 sed
2932 1486 3117 1558 genuit
3143 1487 3318 1540 Isaac.
3353 1482 3514 1536 Bese-

1950 1580 2048 1634 leel
2084 1593 2262 1634 autem
2307 1589 2360 1634 et
2399 1578 2552 1634 Eliab
2589 1595 2697 1633 non
2752 1586 3075 1650 genuerunt,
3124 1578 3219 1632 sed
3268 1575 3516 1630 fecerunt

1951 1669 2134 1722 omnia
2157 1683 2322 1738 opera
2348 1682 2470 1738 quae
2503 1669 2557 1722 in
2585 1669 2932 1723 tabernaculo
2961 1678 3117 1722 erant
3136 1667 3204 1721 δ’.
3250 1665 3513 1721 Similiter

1954 1760 2169 1814 navium
2221 1769 2275 1815 et
2325 1760 2673 1816 editiciorum
2724 1759 3078 1817 fabricatores
3121 1775 3231 1815 non
3284 1758 3515 1830 gignunt

281 1846 828 1919 έκαστοςέργάζεται,
857 1851 886 1903 6
916 1850 1015 1920 μὲν
1046 1850 1106 1903 τὸ
1138 1852 1363 1919 σκάφος,
1385 1855 1413 1904 6
1439 1851 1497 1904 δὲ
1524 1851 1622 1922 τὴν
1650 1851 1846 1905 οἰκίαν.

1963 1867 2073 1921 qua:
2107 1851 2358 1907 faciunt:
2406 1851 2501 1907 sed
2545 1851 2622 1906 illi
2667 1852 2884 1922 quidem
2927 1867 3141 1919 navem,
3190 1851 3244 1906 hi
3282 1851 3506 1905 domum

292 1937 349 1990 Ὀ
381 1939 567 2008 μέντοι
611 1941 794 1994 Ἰσαὰκ
839 1942 900 1994 οὐ
932 1944 1109 2004 ποιεῖ,
1155 1942 1289 1996 ἀλλὰ
1337 1945 1499 2014 γεννᾷ
1545 1943 1702 2012 φύσει
1755 1945 1849 1996 καὶ

282 2029 558 2101 όμοούσιον
603 2032 696 2085 τὸν
741 2032 931 2087 Ἰακώϐ
970 2033 1118 2102 (47)⁶
1166 2035 1259 2087 καὶ
1296 2036 1324 2088 ὁ
1363 2033 1555 2087 Ἰακὼὸ
1583 2033 1642 2104 δὲ
1677 2033 1850 2098 οὕτως

1949 1951 2293 1997 construunt.
2347 1941 2438 1998 Sic
2473 1943 2598 1997 item
2645 1940 2798 1998 Isaac
2829 1958 2939 1997 non
2986 1942 3138 2009 fecit,
3183 1942 3281 1997 sed
3326 1941 3515 2012 genuit

1949 2034 2050 2086 sibi
2099 2043 2288 2088 natura
2343 2034 2859 2089 consubstantialem
2902 2031 3090 2098 Jacob,
3129 2041 3188 2086 ut
3240 2040 3294 2086 et
3341 2029 3512 2085 Iacob

280 2122 368 2174 τὸν
407 2122 608 2175 Ἰούδαν
660 2124 908 2188 καὶτοὺς
946 2125 1206 2196 ἀδελφοὺς
1261 2125 1446 2179 αὐτοῦ.
1505 2127 1713 2197 Ὥσπερ
1757 2123 1849 2179 οὖν

1963 2124 2141 2178 Iudam
2169 2141 2233 2179 ac
2263 2124 2458 2180 fratres
2491 2124 2628 2194 ejus.
2671 2122 2938 2189 Quocirca
2970 2134 3028 2179 ut
3059 2123 3106 2178 is
3149 2138 3282 2178 sana
3333 2129 3516 2175 mente

283 2212 508 2285 μαίνοιτ’
533 2215 598 2270 ἄν
629 2233 712 2280 τις
740 2216 912 2284 λέγων
944 2216 1041 2288 τὴν
1070 2218 1248 2272 οἰκίαν
1276 2217 1558 2289 όμοούσιον
1582 2218 1675 2272 τοῦ
1703 2219 1850 2271 οἱκο-

282 2303 464 2377 δόμου,
496 2307 591 2360 καὶ
616 2308 674 2361 τὸ
708 2307 912 2378 σκάφος
943 2307 1038 2361 τοῦ
1077 2307 1356 2380 ναυπηγοῦ
1375 2350 1391 2374 ,
1415 2307 1586 2372 οὕτως
1615 2309 1850 2380 πρεπόν-

281 2413 385 2460 τως
419 2397 486 2452 ᾶν
511 2415 596 2463 τις
625 2401 767 2453 εἴποι
790 2399 966 2454 πάντα
987 2400 1113 2454 Υἱον
1137 2400 1421 2472 όμοούσιον
1443 2396 1580 2453 εἶναι
1607 2400 1699 2453 τοῦ
1729 2401 1854 2452 ἐαυ-

281 2486 372 2540 τοῦ
399 2490 634 2560 Πατρός.
669 2490 730 2543 El
760 2491 937 2544 τοίνυν
969 2491 1157 2562 Πατήρ
1187 2492 1302 2543 ὲστι
1330 2491 1424 2545 καὶ
1465 2490 1612 2556 Υἱὸς,
1639 2491 1850 2560 ἀνάγκη

281 2577 369 2630 τὸν
394 2578 522 2631 Υἰδν
548 2581 703 2650 φύσει
737 2581 829 2634 καὶ
855 2582 1080 2652 ἀληθείᾳ
1106 2579 1243 2636 εἶναι
1269 2583 1393 2636 Υίόν
1417 2582 1548 2652 (48).
1603 2582 1770 2635 Τοῦτο
1795 2583 1855 2636 δέ

283 2668 393 2720 ἔστι
426 2669 488 2722 τὸ
508 2669 786 2741 ὁμοούσιον
808 2667 947 2725 εἶναι
975 2671 1054 2743 τῷ
1076 2673 1271 2744 Πατρὶ,
1297 2673 1372 2736 ὡς
1397 2673 1462 2726 ὲκ
1486 2671 1693 2740 πολλῶν
1719 2672 1853 2725 ἐδεί-

284 2758 404 2831 χθη.
443 2762 662 2832 Ἀμέλει
690 2764 816 2834 περὶ
844 2764 942 2834 μὲν
967 2764 1076 2816 τῶν
1094 2764 1413 2836 ποιημάτων
1433 2781 1447 2794 ·
1474 2782 1492 2814 ι
1521 2763 1689 2827 Αὐτὸς
1709 2759 1850 2829 εἷπε,

284 2852 374 2903 καὶ
392 2851 728 2923 ἐγενήθησαν
749 2871 763 2885 ·
789 2853 951 2917 αὐτὸς
971 2854 1291 2919 ἐνετείλατο,
1317 2856 1410 2909 καὶ
1441 2854 1789 2926 ἐκτίσθησαν.
1830 2873 1848 2906 ι

283 2943 413 3014 Περὶ
439 2943 495 2998 δὲ
522 2943 615 2997 τοῦ
640 2943 768 2998 Υίοῦ
791 2962 806 2975 ·
838 2964 857 2998 ι
899 2943 1254 3017 Ἐξηρεύξατο
1279 2948 1312 3018 ἡ
1338 2947 1533 3018 καρδία
1553 2963 1652 3017 μου
1685 2947 1854 3014 Λόγον

283 3034 502 3102 ἀγαθόν.
548 3055 566 3087 ι
613 3037 672 3090 '0
703 3036 759 3089 δὲ
785 3036 980 3109 Δανιὴλ
1010 3032 1150 3091 οἶδεν
1177 3037 1302 3091 Υίὺν
1322 3037 1417 3090 τοῦ
1443 3036 1600 3103 Θεοῦ,
1631 3032 1739 3091 οἶδε
1761 3037 1856 3090 καὶ⁸

282 3123 349 3176 τὰ
375 3124 512 3195 ἔργα
557 3124 653 3178 τοῦ
690 3125 856 3180 Θεοῦ·
911 3127 1003 3179 καὶ
1052 3125 1142 3179 τὸν
1203 3127 1300 3196 μὲν
1333 3126 1462 3179 Υἱὸν
1514 3122 1620 3179 εἶδε
1673 3125 1853 3198 δροσίο

1951 2234 2055 2270 ιιιιιι
2087 2227 2248 2281 esset,
2277 2217 2369 2287 qui
2395 2217 2614 2272 domum
2642 2219 2724 2270 vel
2774 2233 2965 2273 navem
3005 2216 3184 2288 opiﬁci
3219 2229 3340 2270 esse
3384 2228 3518 2268 con-

1951 2309 2363 2364 substantialem
2392 2309 2634 2364 diceret:
2668 2309 2742 2364 ita
2785 2310 3029 2379 profecto
3060 2310 3216 2363 fateri
3267 2305 3519 2363 convenit

1950 2417 2164 2456 omnem
2225 2401 2394 2456 filium
2457 2415 2558 2456 suo
2611 2401 2745 2471 patri
2795 2417 2916 2458 esse
2970 2399 3514 2457 consubstantialem.

1952 2490 2292 2562 Quapropter
2321 2492 2366 2546 si
2403 2507 2528 2546 vere
2558 2503 2611 2547 et
2653 2491 2811 2546 Pater
2843 2500 2898 2546 et
2941 2490 3116 2546 Filius
3153 2498 3258 2553 est,
3295 2501 3519 2542 necesse

1951 2584 2174 2637 omnino
2199 2592 2279 2638 est
2309 2582 2501 2638 Filium
2548 2592 2742 2638 natura
2793 2594 2846 2638 et
2885 2583 3112 2639 veritate
3144 2581 3365 2647 Filium,
3415 2580 3520 2633 hoc

1951 2682 2034 2729 est
2055 2673 2199 2728 Patri
2222 2675 2740 2730 consubstantialem
2761 2689 2900 2740 esse,
2919 2674 3063 2744 quod
3093 2671 3311 2742 quidem
3335 2669 3520 2725 multis

1952 2765 2379 2820 demonstratum
2405 2774 2504 2820 est.
2529 2765 2688 2820 Certe
2711 2766 2778 2820 de
2800 2765 3058 2834 operibus
3081 2764 3279 2818 dicitur
3306 2781 3318 2815 :
3349 2780 3369 2813 ι
3406 2761 3520 2830 Ipse

1954 2859 2108 2923 dixit,
2167 2866 2222 2912 et
2274 2856 2417 2912 facta
2473 2867 2650 2925 sunt;
2697 2858 2814 2930 ipse
2866 2857 3183 2922 mandavit,
3236 2864 3290 2910 et
3338 2867 3520 2910 creata

1954 2951 2160 3006 sunt“.
2199 2970 2217 3002 ι
2249 2949 2326 3006 De
2357 2949 2497 3004 Filio
2525 2959 2706 3005 autem
2733 2969 2751 3005 :
2797 2968 2817 3001 ι
2872 2947 3154 3003 Eructavit
3197 2960 3293 3001 cor
3339 2961 3520 3000 meum

1956 3040 2192 3098 Verbum
2228 3043 2446 3108 bonum
2472 3041 2538 3095 “.
2588 3061 2608 3093 ι
2664 3040 2851 3096 Daniel
2903 3053 3122 3111 quoque
3173 3037 3371 3092 Filium
3429 3035 3521 3088 Dei

1955 3135 2157 3204 optimc
2194 3142 2461 3190 noverat:
2495 3141 2719 3189 noverat
2741 3142 2795 3188 et
2834 3131 2927 3188 Dei
2963 3145 3146 3200 opera.
3198 3132 3387 3198 Itaque
3431 3125 3521 3180 Fi-

284 3215 441 3280 ζοντα
462 3216 573 3286 (49)
605 3217 706 3289 τὴν
737 3217 965 3289 κάμινον
983 3233 997 3248 ·
1027 3217 1154 3288 περὶ
1191 3217 1246 3269 δὲ
1265 3217 1372 3270 τῶν
1397 3215 1571 3289 ἔργων
1598 3216 1855 3289 εἰρηκὼς,

1963 3224 2090 3278 lium
2123 3225 2339 3293 quidem
2367 3224 2616 3279 ﬂammas
2658 3223 2894 3278 fornacis
2940 3235 3066 3276 rore
3100 3218 3413 3291 irrigantem
3445 3217 3520 3271 vi,

292 3325 310 3356 ι
342 3307 649 3376 Εὐλογείτε,
699 3308 876 3361 πάντα
923 3306 993 3360 τὰ
1019 3306 1156 3379 ἔργα
1182 3308 1387 3380 Κυρίου
1409 3349 1423 3372 ,
1458 3307 1550 3361 τὸν
1580 3307 1804 3379 Κύριον,
1835 3327 1853 3359 ι

289 3397 515 3452 ἕκαστον
565 3400 660 3470 μὲν
706 3399 812 3452 τῶν
850 3400 1160 3470 κτισμάτων
1188 3398 1443 3466 κατέλεξε
1462 3416 1478 3430 ο
1523 3399 1614 3454 τὸν
1645 3400 1702 3453 δὲ
1735 3399 1861 3452 Υίὺν

287 3491 346 3544 οὐ
376 3491 751 3563 συνηριθμησε
792 3490 1035 3556 τούτοις,
1064 3490 1252 3556 εἰδὼς,
1299 3493 1383 3545 ὅτι
1435 3493 1538 3546 οὐκ
1585 3491 1729 3545 ἔστιν
1768 3491 1861 3562 ἔρ-

285 3598 378 3646 γον
403 3582 534 3653 (50),
551 3583 686 3636 ἀλλὰ
710 3583 777 3636 δι’
808 3583 972 3637 αὑτοῦ
995 3583 1182 3653 γέγονε
1209 3583 1308 3654 μὲν
1328 3583 1397 3637 τὰ
1430 3582 1586 3655 ἔργα,
1604 3585 1662 3636 ὲν
1687 3584 1863 3654 Πατρὶ

288 3666 343 3720 δὲ
372 3671 706 3742 ὑμνούμενος
730 3673 822 3728 καὶ
844 3673 1288 3745 ὑπερυψούμενός
1318 3677 1484 3729 ἐστιν.
1517 3676 1728 3746 ’Ὠσπερ
1748 3675 1860 3746 (51)

291 3755 382 3812 οὖν
409 3760 477 3813 δι’
505 3762 669 3817 αὐτοῦ
691 3766 1129 3820 ἀποκαλύπτεται
1145 3769 1174 3820 6
1192 3765 1325 3830 Θεὸς
1345 3771 1457 3830 τοῖς
1482 3767 1859 3835 γινώσκουσιν,

291 3851 461 3917 οὕτως
487 3853 555 3906 δι’
585 3855 749 3910 αὐτοῦ
779 3859 812 3928 ἡ
839 3858 1078 3926 εὐλογία,
1113 3859 1207 3912 καὶ
1233 3861 1262 3914 6
1286 3858 1474 3930 ὕμνος,
1517 3860 1610 3914 καὶ
1641 3862 1674 3931 ή
1717 3859 1862 3925 δόξα,

291 3945 463 3997 καὶτὸ
481 3945 681 4018 κράτος
708 3948 1047 4018 ὁμολογεῖται
1073 3949 1152 4020 τῷ
1175 3950 1350 4022 Πατρὶ
1367 3949 1434 4002 δι’
1451 3944 1615 4003 αὐτοῦ
1635 3950 1730 4004 καὶ
1749 3949 1862 4021 (52)

293 4036 349 4086 ὲν
379 4037 549 4107 αὐτῷ,
578 4038 665 4091 ἵνα
709 4039 804 4092 καὶ
843 4041 1234 4113 εὐπρόσδεκτος
1271 4043 1305 4113 ἡ
1345 4041 1568 4112 τοιαύτη
1608 4042 1865 4113 ὁμολογία

295 4125 538 4198 γένηται,
584 4127 660 4192 ὡς
701 4131 756 4181 αξ
783 4130 997 4201 Γραφαὶ
1045 4131 1308 4200 λέγουσιν.
1367 4133 1462 4185 Ἐκ
1509 4132 1718 4186 πολλῶν
1767 4132 1866 4203 μὲν

293 4211 382 4269 οὖν
412 4221 506 4269 καὶ
535 4217 601 4270 ἐκ
625 4218 828 4271 τούτων
866 4219 1130 4274 δέδεικται
1157 4221 1252 4274 καὶ
1289 4220 1564 4276 δείκνυται
1741 4221 1867 4274 ἀσε-

295 4303 391 4376 ϐὴς
417 4309 447 4360 6
466 4307 639 4377 λέγων
665 4309 867 4380 κτίσμα
899 4306 1037 4365 εἶναι
1065 4313 1156 4364 τὸν
1193 4309 1290 4364 τοῦ
1318 4311 1454 4364 Θεοῦ
1477 4311 1672 4379 Λόγον.

1955 3313 2076 3369 dit:
2118 3323 2173 3369 at
2227 3330 2351 3369 cum
2399 3314 2466 3370 de
2515 3314 2777 3384 Operibus
2821 3313 3070 3378 dixisset,
3129 3329 3149 3363 ι
3199 3309 3521 3370 Benedicite,

1957 3405 2138 3460 omnia
2169 3419 2332 3474 opera
2363 3403 2601 3470 Domini,
2631 3402 2862 3459 Domino
2880 3403 2946 3466 ",
2977 3421 2995 3454 ι
3025 3399 3264 3471 singulas
3309 3398 3522 3468 quidem

1957 3509 2048 3550 res
2079 3504 2289 3550 creatas
2318 3495 2695 3549 enumeravit:
2747 3492 2842 3548 sed
2894 3492 3034 3548 inter
3063 3507 3156 3546 eas
3183 3489 3382 3544 Filium
3421 3486 3508 3542 mi-

1961 3585 2108 3639 nime
2139 3584 2466 3639 collocavit:
2500 3585 2700 3654 quippe
2733 3584 2828 3654 qui
2861 3597 2969 3637 non
3011 3589 3158 3637 esset
3189 3579 3428 3642 nescius,
3463 3576 3519 3630 il-

1960 3673 2072 3728 lum
2100 3688 2239 3742 opus
2270 3689 2378 3728 non
2410 3689 2551 3740 esse,
2579 3674 2672 3728 sed
2701 3689 2796 3741 per
2823 3673 3000 3743 ipsum
3029 3669 3171 3725 facta
3195 3684 3316 3725 esse
3341 3682 3519 3738 opera.

1960 3779 2195 3835 eumque
2228 3762 2283 3818 in
2337 3762 2500 3819 Patre
2546 3763 2751 3819 laudari
2799 3772 2856 3818 et
2898 3759 3310 3832 superexaltari.
3361 3757 3518 3824 Igitul

1961 3855 2420 3926 quemadmodum
2445 3854 2540 3911 Dei
2569 3854 2808 3927 cognitio
2840 3869 2936 3925 per
2963 3853 3139 3923 ipsum
3169 3842 3404 3905 Verbum
3434 3847 3505 3902 ha

1963 3948 2154 4001 betur:
2191 3947 2266 4001 ita
2313 3961 2410 4016 per
2455 3946 2633 4016 ipsum
2677 3953 2733 4000 et
2775 3946 2832 4000 in
2876 3945 2997 4016 ipso
3030 3941 3354 4008 benedictio,
3385 3939 3519 3994 laus.

1967 4037 2138 4108 gloria
2161 4045 2217 4092 et
2236 4036 2477 4108 potentia
2506 4035 2658 4091 Patri
2682 4037 3011 4102 concinitur,
3038 4048 3150 4106 quo
3179 4041 3334 4102 grata
3355 4040 3412 4086 et
3435 4045 3520 4086 ac-

1967 4138 2120 4198 cepta
2173 4127 2247 4182 sit
2296 4127 2610 4198 huiusmodi
2657 4125 2971 4191 confessio,
3020 4125 3182 4181 sicuti
3237 4121 3520 4193 Scriptura

1968 4229 2259 4276 testantur.
2303 4217 2491 4290 Itaque
2534 4233 2659 4274 cum
2688 4234 2756 4274 ex
2798 4218 2985 4273 multis
3035 4215 3365 4278 rationibus,
3417 4221 3521 4267 tnrr

1923 4334 1934 4342 ·
1969 4310 2134 4380 55o
2183 4310 2400 4366 existis
2445 4309 2796 4382 perspicuum
2841 4316 2896 4364 et
2925 4307 3147 4364 evidens
3173 4319 3258 4362 est
3306 4304 3522 4374 impiurr

297 4416 416 4455 cum
445 4417 571 4457 esse
599 4405 912 4476 quicunque
939 4405 1033 4460 Dei
1065 4404 1302 4461 Verbum
1327 4423 1441 4461 rem
1469 4416 1708 4462 creatam
1737 4420 1860 4461 esse
1887 4408 2186 4463 contendit.

364 4537 406 4569 “
437 4537 626 4594 Matth.
653 4554 846 4605 xxvut,
877 4541 964 4598 19.
1041 4541 1088 4575 ⁸³
1113 4540 1286 4597 Exod.
1313 4558 1504 4603 xxxvi,
1536 4541 1586 4596 1.

1661 4542 1707 4574 ⁵³
1737 4544 1878 4608 Psal.
1910 4559 2135 4608 crum,
2166 4544 2220 4599 ὅ.
2297 4543 2342 4576 ⁵³
2367 4543 2513 4600 Psal.
2549 4559 2696 4608 xuv,
2727 4541 2782 4597 2.

2859 4544 2902 4574 "
2927 4541 3059 4596 Dan.
3101 4558 3187 4602 ιιι,
3216 4541 3307 4596 57.

364 4653 480 4731 (μ)
518 4651 614 4731 Sic
658 4654 862 4731 Regius
887 4665 943 4731 et
985 4656 1210 4731 Seguer.
1254 4655 1445 4731 caeteri
1476 4672 1616 4731 vero
1649 4665 1703 4712 et
1731 4657 1855 4713 editi

1967 4659 2058 4731 τὸν
2095 4656 2281 4731 Ἰούδα.
2315 4658 2525 4731 Ὠσπερ
2554 4655 2684 4726 οὖν,
2733 4669 2838 4714 etc.
2885 4655 3090 4727 Regius
3127 4654 3292 4708 habet
3320 4668 3524 4722 quoqut

296 4725 549 4779 omittunt
579 4726 716 4779 ἐστι.
749 4725 871 4781 Mox
906 4727 1020 4780 haec
1051 4725 1234 4793 verba,
1261 4730 1372 4791 τοῖς
1399 4727 1736 4790 ἀποστόλοις,
1765 4745 1863 4781 πο⁹

357 4794 596 4867 υθέντες,
623 4796 889 4867 habentur
927 4798 981 4850 in
1029 4796 1222 4866 Regio,
1251 4795 1480 4867 Seguer.
1513 4797 1724 4865 Anglic.
1751 4795 1863 4852 Go-

335 4863 430 4914 ler.
452 4873 516 4934 et
549 4863 728 4920 Felck.
762 4868 961 4934 primo,
987 4879 1043 4920 et
1075 4863 1499 4934 le—gitNan'nius,
1538 4863 1631 4922 Sed
1661 4867 1863 4921 desunt

298 4931 352 5008 i_n
392 4933 532 5008 aliis
545 4943 600 4987 et
638 4931 819 5008 editis.
844 4935 1081 5008 Ibidem
1134 4935 1337 5008 Regius
1381 4947 1437 4990 et
1479 4933 1737 5008 Segtter.,
1785 4938 1862 5001 εἰς

296 5000 465 5075 ὄνομα
489 5003 700 5075 Πατρὺς
724 5005 818 5058 καὶ
843 5005 972 5059 Υίοῦ
1005 5007 1099 5060 καὶ
1135 5000 1310 5075 ἁγίου,
1337 5015 1441 5061 etc.

362 5071 488 5147 (εδ),
513 5071 712 5147 Regius
735 5084 788 5147 e_t
814 5075 1062 5147 Seguer.,
1085 5071 1408 5147 εἰρημένων,
1441 5075 1709 5147 iidemque
1738 5091 1862 5130 mox

299 5149 350 5216 et
373 5139 617 5216 _Go_b|er.'
651 5139 928 5216 achelcl‘t’.
961 5139 1168 5215 primus
1194 5139 1548 5216 'anonymus,
1577 5139 1825 5216 εἴποιμεν
1845 5188 1859 5209 ,

300 5209 388 5285 ubi
420 5211 510 5264 alii
536 5219 591 5285 et
613 5215 763 5280 editi,
793 5209 1058 5285 εἴπωμεν.
1090 5216 1290 5271 Ibidem
1321 5209 1440 5284 post
1466 5209 1739 5285 πατέρας,
1759 5215 1863 5268 Re-

336 5280 502 5351 iusiet
535 5279 761 5351 Seguer.
795 5279 1000 5340 addunt
1030 5286 1257 5340 ἑαυτῶν.
1301 5279 1502 5340 Ibidem
1527 5279 1766 5341 'Gobler.
1810 5295 1865 5339 et

344 5350 480 5428 eicit.
508 5350 744 5428 primus,
763 5356 862 5409 οὐκ
884 5356 948 5410 ἂν
966 5357 1116 5428 εἴποι
1148 5357 1371 5428 κτίσμα.

371 5421 482 5508 e6)
515 5421 588 5508 te
616 5421 840 5508 seems,
873 5437 935 5508 ει,
959 5425 1183 5508 segnem
1215 5421 1432 5508 οᾲυιεςο
1457 5434 1511 5508 «ςι
1540 5422 1863 5508 restori—

305 5504 422 5560 gnos
447 5532 487 5560 ,ἐ
515 5500 572 5543 ut
614 5502 668 5544 et
712 5494 842 5560 legit
891 5493 1170 5560 Nannius;
1233 5505 1288 5549 at
1317 5496 1407 5549 alii
1437 5505 1491 5549 et
1521 5495 1684 5558 editi,
1712 5493 1860 5546 Υἱόν.

305 5558 420 5636 Mor
434 5558 746 5636 _Beg_ius_‘et
770 5558 1020 5636 Seguer.,
1055 5558 1433 5636 καιΒεσελεὴλ
1459 5564 1535 5636 δέ,
1562 5573 1666 5636 etc.

359 5601 1817 5716 passages:"struassegregatione.
1831 5675 1866 5698 ..

306 5699 459 5768 φύσει
508 5700 598 5752 τὸν
635 5699 825 5768 Ἰακὼὸ
873 5699 1006 5756 υίόνῖ
1057 5699 1246 5759 ειέιοτί
1284 5699 1354 5758 et:
1370 5705 1534 5758 editio
1573 5704 1864 5761 Οιιιιιιιιρι..

307 5771 395 5822 καὶ
419 5771 508 5822 τὸν
545 5767 759 5823 Ἰακώὸ.
795 5769 914 5825 Mox
947 5773 1077 5826 ibid.
1105 5771 1319 5829 Gohler.
1357 5783 1409 5828 et
1446 5773 1620 5830 Felt'k.
1651 5775 1674 5827 l
1701 5817 1714 5840 ,
1749 5776 1776 5825 6
1808 5775 1861 5826 δὲ

622 5865 888 5925 ΡΑτιιυι.
937 5864 1054 5925 Gn.
1091 5863 1322 5928 XXVI.

1965 4729 2058 4782 τὸν
2097 4729 2283 4784 Ἰούδα.

2038 4799 2148 4868 (48)
2186 4801 2276 4853 Sic
2306 4797 2526 4868 Regius.
2555 4797 2761 4869 Segner
2804 4797 3022 4852 Gobler.
3054 4791 3235 4869 Felclt.
3267 4792 3318 4869 1,
3349 4799 3401 4843 et
3427 4791 3509 4869 ᾼη

1966 4859 2246 4938 ειίὸ.,ἐρι1
2277 4883 2305 4921 a
2350 4859 2528 4921 tribus
2571 4859 2858 4938 postremis
2903 4869 3057 4920 abest
3089 4866 3226 4916 ὲστι.
3261 4859 3454 4916 Caeteri
3484 4871 3524 4912 et

1966 4937 2118 4999 editi,
2150 4939 2309 5008 Υίὸν,
2331 4937 2601 4991 τουτέστιν
2635 4937 2935 5008 ὁμοούσιον.
3058 5001 3099 5008 _
3138 5001 3149 5008 _
3180 4972 3187 5007 τ

2037 4996 2150 5076 (49)
2180 5007 2256 5062 lta
2284 4996 2504 5077 Regius,
2541 4996 2768 5077 Segiier.
2801 5005 3017 5062 Gobler.
3036 5000 3303 5077 _Felck._|l
3348 5004 3402 5077 et
3427 4996 3522 5077 ηυξ·

1966 5065 2155 5134 tobon.
2179 5065 2580 5151 Qteteriautent
2613 5065 2735 5151 cum
2769 5065 3322 5151 θιιίιὶοηιξλϐοηιιῃειζ,
3351 5065 3522 5151 δροσί-

1971 5165 2160 5233 σαντα.
2195 5147 2332 5202 Ibid.
2366 5147 2568 5220 Regius
2591 5158 2646 5202 et
2676 5148 2926 5216 Seguer.,
2957 5141 3084 5198 εἶδε.
3127 5141 3234 5194 Alii
3277 5149 3330 5194 et
3371 5137 3526 5192 editi.

1969 5233 2094 5271 οιοε.

2041 5288 2153 5356 (ὸθ)
2183 5287 2363 5343 Felck.
2389 5288 2426 5341 2
2453 5296 2507 5342 et
2537 5285 2702 5350 editi,
2737 5283 2835 5336 οὐκ
2865 5281 2978 5334 ἔστι
3013 5279 3146 5352 μέν,
3181 5292 3235 5334 et
3265 5292 3413 5340 mox,
3444 5274 3522 5342 γέ.

1969 5375 2092 5426 γονε
2123 5359 2223 5428 μὲν
2249 5361 2425 5412 πάντα
2446 5357 2512 5413 τὰ
2539 5357 2694 5428 ἔργοιο
2747 5422 2776 5428 _
2963 5421 2975 5428 .
3057 5421 3118 5428 η-
3352 5416 3362 5428 .

2042 5421 2152 5498 (51)
2189 5427 2369 5482 Felck.
2397 5428 2446 5498 2_
2460 5436 2514 5478 et
2545 5421 2712 5498 editio
2738 5421 3266 5498 Co_mmel.,A"(Ior:ep
3300 5421 3427 5498 γαρ.

2045 5489 2157 5566 (52)
2193 5498 2367 5551 Editio
2407 5493 2674 5566 Comtnel.
2714 5501 2768 5566 et
2803 5489 2986 5545 Felck.
3021 5489 3055 5542 2
3109 5489 3201 5542 καί
3259 5489 3525 5542 omittunt.

1973 5561 2092 5621 Mox
2123 5561 2918 5636 Segne!"Iva_€9ﬁ96°§5w§?€-
3012 5629 3025 5636 ,
3120 5626 3152 5636 ,,
3271 5626 3316 5636 ..

2043 5638 2156 5716 (ξὸ)
2187 5622 2422 5716 rtaﬁeg.
2461 5622 2683 5716 S‘egu'er.
2713 5629 2879 5684 Basil.
2918 5638 2971 5682 et
2996 5626 3207 5697 Anglic.
3257 5626 3325 5680 At
3366 5622 3455 5677 alii
3484 5633 3531 5676 et

1969 5699 2095 5760 edi-ti
2129 5699 2397 5759 omittunt
2413 5702 2505 5755 καὶ
2528 5699 2801 5752 δείκνυται

3148 5858 3226 5914 20
