3914 6222
369 316 472 376 δίο

370 531 466 588 niti
515 531 815 595 videantur,
849 548 868 582 ι
923 529 1186 585 Dominus
1215 531 1420 586 creavit
1451 546 1536 584 me
1570 531 1783 584 initium
1819 531 1934 584 via-

370 643 490 683 rum
507 626 796 682 suarumin
816 641 980 697 opera
1003 641 1098 680 sua
1119 628 1183 690 "°,
1210 644 1227 676 ι
1263 636 1424 695 atque
1449 624 1516 680 ad
1541 625 1682 679 hunc
1713 623 1931 700 modum

369 720 698 775 concludant
723 739 737 762 τ
762 718 899 774 Ecce
935 719 1096 788 igitur
1125 718 1347 780 creavit,
1383 733 1446 772 ac
1481 717 1705 786 proinde
1737 731 1822 770 res
1853 724 1935 770 est

370 826 594 882 creata;
627 831 657 870 e
684 831 742 870 re
780 830 910 869 sane
946 813 1110 868 fuerit
1149 829 1214 868 ex
1266 812 1369 867 hoc
1410 813 1571 866 etiam
1603 812 1724 866 loco
1751 818 1935 865 osten-

371 910 501 962 dere
527 916 790 977 quantum
821 907 895 961 illi
924 905 1340 966 hallucinentnr.
1388 913 1442 958 et
1478 919 1508 957 a
1539 917 1702 973 scopo
1739 902 1936 956 divina:

376 998 671 1068 Scriptura:
715 998 984 1052 aberrent.
1039 996 1333 1049 Enimvero
1386 993 1430 1049 si
1479 992 1649 1047 Filius
1694 1003 1797 1050 εει.
1846 1007 1934 1047 res

374 1099 554 1143 creata
580 1103 647 1143 ne
679 1088 926 1142 dicatur:
955 1087 1046 1142 sed
1078 1090 1123 1142 si
1157 1101 1244 1142 res
1271 1094 1356 1141 est
1377 1095 1581 1150 creata,
1623 1084 1792 1138 Filius
1825 1099 1932 1138 non

375 1181 689 1250 appelletur.
724 1178 967 1249 Namque
1001 1194 1162 1248 supra
1195 1177 1478 1248 probatum
1521 1189 1621 1242 est,
1671 1184 1934 1247 quantum

375 1283 518 1328 esset
546 1274 621 1328 rei
652 1283 844 1332 creata:
867 1282 920 1326 et
944 1271 1038 1326 lilii
1062 1271 1376 1326 discrimen.
1404 1270 1624 1333 Deinde,
1671 1284 1794 1323 cum
1829 1267 1934 1322 ini-

377 1362 677 1419 tiatio-sive
706 1362 1007 1433 baptismus
1047 1377 1154 1416 non
1203 1362 1256 1416 in
1311 1362 1530 1418 nomine
1580 1361 1842 1416 creatoris
1883 1367 1938 1414 et

378 1455 456 1511 rei
479 1465 693 1520 creatw,
723 1456 815 1510 sed
845 1454 898 1508 in
935 1454 1154 1510 nomine
1181 1453 1358 1509 Patris
1386 1463 1440 1509 et
1478 1453 1598 1508 Filii
1636 1452 1932 1524 perﬁcitur,

378 1561 597 1600 necesse
630 1555 712 1600 est
739 1545 1030 1600 Dominum
1061 1561 1169 1599 non
1203 1560 1315 1600 rem
1341 1554 1576 1599 creatam
1610 1545 1705 1599 sed
1737 1543 1935 1598 Filium

378 1635 580 1688 vocari.
615 1634 703 1699 At,
737 1634 1009 1705 inquiunt,
1041 1650 1109 1689 an
1155 1650 1262 1688 non
1299 1634 1350 1690 id
1395 1635 1655 1704 scriptum
1691 1635 1816 1689 est?
1860 1633 1936 1688 Ita

377 1743 508 1782 sane
524 1727 792 1795 scriptum
826 1734 908 1780 est
935 1736 988 1780 et
1015 1724 1323 1780 necessario
1363 1725 1563 1778 dictum
1595 1743 1606 1778 :
1643 1723 1735 1778 sed
1767 1723 1936 1776 latere-

376 1819 470 1872 tici
497 1818 642 1888 quod
667 1818 801 1871 bene
823 1817 1024 1870 dictum
1047 1823 1149 1881 est,
1169 1815 1310 1869 male
1337 1812 1580 1883 profecto
1605 1813 1931 1882 intelligunt.
1966 1801 2008 1855 Β

463 1911 608 1964 enim
642 1906 1042 1963 Christianismi
1071 1905 1300 1960 formam
1336 1913 1390 1958 et
1435 1905 1802 1960 characterem
1850 1903 1937 1957 in-

379 2000 678 2068 telligerent
729 2001 1207 2065 cognoscerentve,
1259 1992 1548 2048 Dominum
1598 1993 1780 2064 gloriae
1821 2006 1936 2046 rem

377 2098 616 2145 creatam
645 2102 766 2142 esse
805 2099 1144 2154 nequaquam
1178 2082 1439 2144 dicerent,
1474 2096 1649 2152 neque
1669 2079 1812 2150 quod
1848 2096 1937 2136 re-

357 2190 461 2236 cte
488 2179 748 2249 scriptum
775 2184 878 2242 est,
907 2176 1021 2230 illis
1060 2176 1233 2230 instar
1260 2173 1467 2245 scopuli
1490 2183 1651 2229 esset.
1679 2172 1744 2227 Hi
1779 2173 1940 2244 igitur

384 2291 405 2327 ι
435 2270 750 2328 nescierunt
775 2283 950 2339 neque
977 2265 1440 2330 intellexerunt",
1477 2283 1496 2317 ι
1523 2281 1684 2335 quam
1706 2266 1774 2320 ob
1800 2280 1937 2331 rem,

379 2366 461 2420 uti
509 2364 776 2432 scriptum
808 2370 910 2424 est,
947 2379 967 2412 ι
1011 2360 1064 2414 in
1109 2359 1346 2414 tenebris
1376 2357 1658 2414 ambulant
1679 2357 1742 2411 ⁸⁸.
1781 2376 1799 2409 ι
1836 2355 1941 2411 Ve-

375 2467 684 2510 rumtamen
719 2469 834 2508 rem
864 2452 1134 2521 explicare
1169 2465 1391 2505 necesse
1427 2463 1531 2516 est,
1583 2465 1709 2505 cum
1754 2458 1816 2504 ut
1861 2446 1940 2502 illi

375 2550 540 2605 etiam
572 2547 758 2602 hocin
809 2546 930 2600 loco
981 2544 1224 2613 desipere
1270 2544 1688 2606 convincantur,
1725 2551 1838 2596 tum
1873 2555 1940 2594 ne

379 2658 480 2698 nos
510 2641 612 2712 ipsi
645 2638 1026 2696 refutationem
1059 2637 1274 2691 illorum
1311 2635 1604 2706 impietatis
1636 2632 1938 2704 praetermi-

375 2735 516 2792 sisse
547 2735 848 2796 videamur,
878 2746 944 2786 ac
970 2730 1202 2800 denique
1243 2729 1474 2785 fortasse
1505 2737 1564 2782 ut
1617 2727 1776 2781 iidem
1834 2723 1937 2795 ipsi

375 2843 595 2899 quoque
641 2827 981 2896 resipiscant.
1030 2823 1081 2878 Is
1114 2832 1198 2878 est
1241 2824 1424 2892 itaque
1467 2819 1784 2875 Christianae
1817 2817 1940 2873 ﬁdei

375 2921 678 2983 character,
712 2917 909 2972 Filium
942 2915 1059 2981 Dei,
1083 2914 1176 2984 qui
1205 2913 1441 2968 Verbum
1479 2911 1622 2967 Dens
1645 2921 1726 2966 est
1750 2911 1939 2982 (nam,

382 3030 403 3064 ι
461 3011 515 3065 in
566 3010 829 3080 principio
875 3016 992 3062 erat
1041 3005 1278 3060 Verbum
1323 3013 1388 3060 .et
1439 3003 1582 3059 Deus
1633 3011 1748 3058 erat
1807 3003 1941 3058 Ver-

961 317 1016 370 S.
1059 315 1430 370 ATHANASII
1470 316 1617 371 OPP.
1664 315 1840 370 PARS
1880 315 1919 368 Ι.

2051 313 2400 371 IlSTORlCA
2437 316 2524 371 ΕΤ
2567 315 2985 371 ΟΟΟΜᾹἸΊΕΑ.

434 440 491 495 ἱῖ.
529 439 722 495 Verum
749 454 871 494 cum
905 439 1137 494 maxime
1172 439 1256 494 his
1296 438 1711 494 Proverbiorum
1750 438 1926 494 verbis
1957 446 1998 504 Α

3486 323 3588 368 οτυ

2098 442 2152 494 7.
2195 441 2331 494 Ἀλλ’
2364 443 2547 512 ἐπειδὴ
2589 438 3014 510 προφασίζονται
3049 435 3112 490 τδ
3146 436 3203 488 ὲν
3236 435 3354 498 ταῖς
3400 432 3591 503 Παροι-

2037 533 2186 603 μίαις
2217 534 2596 604 γεγραμμένον
2647 533 2726 597 τὸ,
2790 550 2808 582 ι
2843 530 3044 601 Κύριος
3073 525 3251 581 ἔκτισέ
3311 541 3379 596 με
3421 522 3592 594 ἀρχὴν

2033 625 2164 678 ὁδῶν
2199 625 2360 677 αὑτοῦ
2385 629 2464 688 είς
2491 626 2627 697 ἔργα
2674 623 2858 688 αὐτοῦ,
2895 642 2912 672 ι
2952 623 3044 675 ml
3093 619 3436 686 ἐπιλέγουσιν
3483 613 3592 686 (54)

2034 717 2271 780 ἑαυτοῖς·
2319 715 2443 771 Ἰδοὺ
2478 717 2678 784 ἔκτισε,
2715 717 2808 769 καὶ
2836 713 3040 785 κτίσμα
3073 711 3219 766 ἐστίν
3242 728 3255 741 ·
3303 708 3595 778 ἀναγκαῖόν

2034 811 2148 861 ἐστι
2190 809 2282 861 ml
2309 810 2373 862 ὲκ
2405 807 2591 861 τούτου
2626 807 2792 873 δεῖξαι
2825 806 2947 859 ὅσον
2978 802 3306 866 πλανῶνται,
3357 801 3431 872 μὴ
3462 797 3595 851 εἰδό-

2032 916 2121 961 τες
2153 899 2244 952 τὸν
2277 898 2476 952 σκοπὸν
2507 899 2605 968 τῆς
2637 897 2783 960 θείας
2810 896 3050 967 Γραφῆς.
3084 893 3147 946 El
3198 891 3294 962 μὲν
3333 885 3425 943 οὖν
3468 886 3596 950 Υἱός

2035 991 2170 1056 ἐστι,
2201 990 2274 1061 μὴ
2307 988 2544 1059 λεγέσθω
2569 989 2800 1058 κτίσμα·
2827 989 2875 1039 εί
2907 986 2964 1040 δὲ
2991 985 3216 1054 κτίσμα,
3254 980 3328 1052 μὴ
3355 977 3600 1046 λεγέσθω

2035 1083 2180 1146 Υἱός.
2211 1083 2486 1136 Δέδεικται
2519 1081 2627 1152 γὰρ
2650 1083 2706 1133 ἐν
2742 1081 2851 1142 τοῖς
2877 1075 3178 1148 ἔμπροσθεν
3199 1113 3214 1138 ,
3241 1074 3338 1140 ὅση
3366 1065 3599 1140 διαφορᾶ

2036 1178 2152 1229 ἐστι
2178 1174 2471 1244 κτίσματος
2505 1175 2598 1225 ml
2625 1169 2774 1224 Υίοῦ.
2805 1169 2916 1222 Καὶ
2936 1166 3121 1235 ἐπειδὴ
3147 1162 3476 1234 ήτελείωσις
3499 1160 3602 1212 οὐκ

2036 1271 2114 1331 είς
2160 1267 2382 1338 κτίστην
2414 1265 2507 1319 καὶ
2537 1263 2741 1333 κτίσμα
2786 1261 2923 1333 (55),
2957 1258 3071 1312 ἀλλ’
3111 1259 3192 1320 εἰς
3238 1252 3457 1322 Πατέρα
3503 1250 3604 1303 καὶ

2037 1360 2163 1413 Υίὺν
2195 1360 2404 1429 κρατεῖ,
2443 1356 2655 1425 ἀνάγκη
2691 1353 2764 1424 μὴ
2795 1351 3048 1420 λέγεσθαι
3077 1349 3303 1416 κτίσμα,
3333 1342 3446 1397 ἀλλ’
3471 1339 3605 1393 Υίδν

2034 1451 2124 1506 τὸν
2149 1450 2368 1521 Κύριον.
2393 1447 2466 1500 Οὑ
2492 1446 2794 1516 γέγραπται
2823 1439 2912 1496 οὖν
2933 1459 2948 1507 ;
2967 1440 3114 1510 φησί.
3137 1438 3244 1494 Ναὶ
3270 1436 3600 1506 γέγραπται,

2037 1542 2129 1595 ml
2153 1539 2463 1609 ἀναγκαίως
2485 1536 2695 1608 εἴρηται
2714 1553 2729 1570 ο
2756 1532 2890 1587 ἀλλὰ
2919 1531 3102 1594 κακῶς
3127 1527 3303 1582 νοοῦσι
3332 1527 3392 1579 τὸ
3419 1521 3605 1585 καλῶς

2037 1633 2320 1705 εἰρημένον
2341 1631 2390 1684 oi.
2417 1627 2702 1701 αἱρετικοί.
2731 1627 2794 1679 El
2819 1625 2926 1696 γὰρ
2954 1624 3133 1676 ὲνόουν
3172 1619 3265 1673 καὶ
3303 1617 3606 1685 ἐγίνωσκον

2037 1724 2126 1778 τὸν
2155 1723 2476 1794 χαρακτῆρα
2499 1719 2593 1772 τοῦ
2614 1715 3061 1790 Χριστιανισμοῦ,
3079 1715 3178 1766 οὐκ
3202 1712 3266 1766 ἂν
3283 1711 3370 1764 τὸν
3394 1707 3604 1779 Κύριον

2036 1820 2134 1888 τῆς
2163 1814 2320 1885 δόξης
2347 1812 2530 1881 ἔλεγον
2559 1811 2764 1881 κτίσμα
2801 1803 2958 1868 εἶναι,
2985 1806 3102 1859 οὐδὲ
3134 1803 3502 1876 προσέκοπτον
3523 1797 3604 1866 τῷ

2037 1907 2400 1980 γεγραμμένῳ
2427 1903 2627 1966 καλῶς.
2659 1903 2882 1955 Ἐκεῖνοι
2919 1900 3014 1970 μὲν
3040 1893 3131 1950 οὖν
3162 1913 3180 1946 ι
3208 1894 3308 1947 οὐκ
3336 1892 3605 1961 ἔγνωσαν,

2037 2002 2156 2055 οὐδὲ
2190 2001 2424 2070 συνῆκαν
2441 2015 2453 2028 ·
2480 2017 2498 2048 ι
2522 1994 2610 2047 διὰ
2630 1993 2804 2057 τοῦτο,
2830 1992 2904 2055 ὡς
2929 1991 3256 2060 γέγραπται,
3293 2003 3311 2034 ι
3343 1987 3400 2038 ὲν
3425 1981 3609 2052 σκότῳ

2037 2091 2478 2164 διαπορεύονται·
2528 2107 2547 2140 ι
2591 2089 2736 2158 ἡμᾶς
2772 2085 2828 2138 δὲ
2884 2085 3033 2154 ὅμως
3075 2080 3366 2148 ἀναγκαῖον
3402 2076 3605 2135 εἰπεῖν,

2040 2187 2106 2240 ἵν’
2139 2187 2333 2239 ἐκεῖνοι
2363 2183 2458 2254 μὲν
2482 2181 2574 2235 ml
2607 2181 2663 2232 ὲν
2687 2178 2857 2248 τούτῳ
2874 2173 3153 2244 ὃειχθῶσιν
3172 2172 3420 2242 ἄφρονες,
3439 2167 3607 2238 ἡμεῖς

2038 2277 2094 2330 δὲ
2139 2275 2214 2348 μὴ
2263 2271 2652 2348 παραλίπωμεν
2686 2269 2779 2322 τὸν
2825 2266 2967 2320 κατὰ
3008 2266 3106 2334 τῆς
3145 2260 3395 2323 ἀσεϐείας
3421 2256 3606 2348 αὑτων

2040 2344 2277 2438 ἔλεγχον,
2339 2344 2465 2426 ίσως
2496 2362 2588 2414 ml
2634 2357 2786 2412 αὑτοῖ¹
2832 2353 3196 2438 μεταγνῶσιν.
3233 2351 3291 2403 '0
3319 2344 3608 2438 χαρακτὴρ

2039 2436 2214 2514 τοίνυν
2240 2458 2338 2528 τῆς
2364 2457 2421 2508 ὲν
2448 2450 2668 2525 Χριστῷ
2695 2447 2926 2512 πίστεώς
2960 2449 3104 2499 ἐστιν
3143 2436 3292 2505 οὗτος
3309 2483 3323 2506 ,
3351 2440 3442 2493 τὸν
3472 2437 3608 2490 Υίόν

2039 2551 2130 2604 τοῦ
2164 2547 2320 2614 Θεοῦ,
2351 2548 2520 2616 Λόγον
2549 2545 2675 2598 ὄντα
2704 2542 2835 2596 Θεόν
2888 2542 2946 2613 (ι
3001 2539 3086 2592 Ἐν
3119 2537 3259 2606 ἀρχῇ
3301 2533 3408 2603 γὰρ
3437 2533 3465 2583 6
3494 2529 3606 2582 Λό-

2040 2661 2154 2713 γος,
2176 2643 2270 2697 ml
2302 2641 2432 2704 Θεὸς
2463 2635 2530 2711 ἦν
2557 2641 2585 2692 ὁ
2608 2637 2777 2706 Λόγος
2815 2656 2832 2686 ³
2854 2633 2871 2704 )
2897 2675 2912 2700 9
2949 2631 3136 2701 σοφίαν
3160 2629 3285 2683 ὄντα
3327 2626 3420 2678 καὶ
3445 2622 3608 2713 δξίναῖ

2043 2711 2134 2806 μιν
2155 2731 2247 2786 τοῦ
2275 2731 2484 2801 Πατρός
2531 2725 2798 2799 (Χριστὸς
2822 2723 2930 2795 γὰρ
2951 2721 3082 2775 Θεοῦ
3103 2719 3324 2788 δύναμις
3351 2714 3444 2768 καὶ
3464 2711 3608 2764 Θεοῦ

2043 2826 2260 2896 σοφία),
2288 2825 2473 2878 τοῦτον
2505 2822 2598 2875 ἐπὶ
2624 2817 2900 2888 συντελείᾳ
2929 2815 3035 2868 τῶν
3075 2810 3282 2866 αἰώνων
3316 2806 3608 2878 ἄνθρωπον

2039 2893 2361 2989 γεγενῆσθαι
2395 2914 2505 2984 (56)
2544 2912 2631 2966 διὰ
2658 2911 2757 2981 τὴν
2790 2907 3074 2981 ἡμετέραν.
3106 2899 3396 2972 σωτηρίαν.
3431 2893 3611 2959 Αὐτὸς

2040 3011 2148 3082 γὰρ
2179 3012 2207 3062 6
2248 3007 2520 3076 Ἰωάννης,
2554 3001 2808 3073 εἰρηκὼς,
2848 3019 2866 3051 ι
2891 2999 2977 3052 Ἐν
3015 2998 3154 3068 ἀρχῇ
3183 2989 3249 3064 ἦν
3281 2995 3309 3044 6
3335 2989 3537 3082 Λόγος,
3585 3004 3603 3037 ι

377 3104 505 3158 bum
522 3103 590 3166 δί’,
616 3101 660 3170 ι)
711 3099 804 3170 qui
833 3097 1092 3168 sapientia
1123 3105 1178 3151 et
1202 3096 1374 3150 virtus
1402 3094 1583 3150 Patris
1633 3103 1718 3150 est
1741 3092 1938 3165 (Chri~

2048 3080 2163 3174 μετ’
2197 3100 2349 3168 ὀλίγα
2380 3095 2498 3150 εἷπε
2521 3114 2534 3127 ·
2570 3115 2589 3148 ι
2630 3093 2725 3148 ml
2752 3096 2780 3146 6
2806 3091 2976 3159 Λόγος
3007 3088 3141 3159 σὰρξ
3171 3085 3385 3194 ὲγέζεέο
3403 3080 3613 3194 ϊοίσον

376 3201 495 3247 stus
532 3169 677 3246 enim
727 3169 819 3245 Dei
852 3191 1108 3244 virtuset
1145 3187 1240 3242 Dei
1286 3187 1550 3256 sapientia
1573 3184 1681 3257 ⁸τ’),
1730 3185 1782 3239 in
1833 3185 1939 3240 ﬁne

2048 3169 2120 3262 τῷ
2149 3191 2340 3253 εἰπεῖν,
2379 3186 2663 3260 ἅνθρωπος
2692 3183 2900 3251 γέγονε.
2929 3180 3039 3233 Καὶ
3068 3180 3095 3229 ὁ
3124 3175 3222 3247 μὲν
3255 3173 3367 3244 (57)
3403 3169 3612 3262 Κύριος

377 3283 697 3339 saeculorum
733 3280 1006 3336 hominem
1055 3287 1270 3350 propter
1299 3288 1537 3332 nostram
1572 3276 1802 3331 salutem
1857 3275 1938 3330 fa-

375 3385 523 3430 ctum
545 3387 687 3428 esse.
715 3370 950 3426 Joannes
997 3371 1140 3425 enim
1189 3368 1285 3438 qui
1330 3367 1484 3432 dixit,
1522 3385 1540 3417 ι
1582 3367 1642 3421 In
1673 3365 1939 3436 principio

374 3473 491 3521 erat
522 3465 759 3520 Verbum
788 3481 802 3517 :
837 3483 855 3515 ι
892 3477 1019 3516 mox
1077 3460 1337 3530 subjecit,
1373 3477 1400 3518 Δι
1433 3458 1498 3512 Ει
1527 3456 1764 3512 Verbum
1813 3473 1940 3512 caro

377 3563 578 3643 factum
605 3569 688 3615 est
709 3561 776 3624 ⁶¹,
816 3579 834 3611 ι
873 3558 1018 3628 quod
1052 3555 1192 3612 idem
1227 3564 1311 3611 est
1346 3570 1410 3609 ac
1443 3554 1489 3607 si
1513 3553 1736 3620 diceret,
1775 3553 1938 3607 homo

375 3653 554 3708 factus
600 3663 701 3707 est.
741 3649 882 3718 Quin
925 3650 1089 3705 etiam
1139 3649 1254 3718 ipse
1306 3645 1572 3701 Dominus
1645 3645 1712 3699 de
1762 3644 1940 3713 seipso

375 3747 591 3800 aiebat:
629 3763 648 3797 ι
699 3743 841 3810 Quid
883 3757 974 3798 me
1013 3740 1262 3811 quaeritis
1298 3737 1621 3801 interficere,
1662 3735 1938 3790 hominem

375 3838 469 3909 qui
495 3837 774 3893 veritatem
797 3834 952 3890 vobis
977 3835 1193 3889 locutus
1211 3847 1331 3888 sum
1354 3829 1471 3882 ⁸⁸⁸3»
1502 3825 1702 3883 Paulus
1725 3840 1850 3881 vero
1873 3826 1940 3880 ab

376 3928 566 3983 eodem
597 3928 790 3983 doctus
823 3927 1054 3983 scribit:
1087 3943 1105 3977 ι
1139 3921 1300 3978 :Unus
1332 3921 1508 3987 .Deus,
1555 3935 1696 3976 unus
1727 3929 1780 3974 et
1825 3933 1940 3972 me-

376 4023 553 4076 diator
581 4022 675 4078 Dei
701 4032 760 4077 et
791 4021 1091 4083 hominum,
1120 4019 1282 4073 homo
1310 4015 1561 4070 Christus
1601 4011 1760 4070 Jesus
1784 4013 1831 4046 ⁵³
1857 4033 1871 4069 :
1913 4033 1931 4066 ι

2047 3261 2171 3355 περὶ
2205 3279 2392 3334 ἑαυτοῦ
2422 3278 2574 3345 ἔλεγε
2593 3293 2606 3307 ⁸
2641 3294 2659 3327 ι
2691 3273 2756 3327 Τί
2785 3290 2852 3343 με
2879 3271 3090 3341 ζητεῖτε
3123 3266 3435 3321 ἀποκτεῖναι
3463 3300 3478 3324 ,
3517 3261 3615 3314 ἄν·

2044 3351 2258 3445 θρωπον
2280 3372 2339 3435 ὃς
2362 3371 2459 3441 τὴν
2488 3367 2740 3439 ἀλήθειαν
2774 3366 2901 3437 ὑμῖν
2926 3362 3229 3430 λελάληκα;
3267 3379 3284 3409 ι
3322 3358 3349 3408 ὁ
3380 3355 3436 3407 δὲ
3463 3351 3617 3445 Ποιιὲ-

2042 3438 2153 3531 λος,
2186 3465 2315 3537 παρ’
2343 3438 2508 3518 αὑτοῦ
2537 3438 2744 3533 μαθὼν,
2769 3459 2953 3528 ἔλεγεν
2974 3474 2987 3488 ο
3029 3475 3048 3508 ι
3079 3451 3172 3516 Εἷς
3203 3451 3333 3514 Θεὸς
3361 3447 3496 3517 (58),
3528 3438 3614 3508 εἷς

2043 3560 2136 3613 ml
2165 3536 2388 3630 μεσίτης
2413 3553 2547 3610 Θεοῦ
2579 3554 2672 3608 ml
2693 3549 3014 3622 ἀνθρώπων,
3055 3545 3336 3616 ἄνθρωπος
3378 3536 3614 3608 Χριστὸς

2057 3649 2294 3720 Ἰησοῦς·
2333 3667 2350 3700 ι
2385 3647 2668 3717 ἄνθρωπος
2694 3643 2750 3697 δὲ
2795 3641 3083 3712 γενόμενος
3121 3637 3212 3690 ml
3251 3630 3613 3720 olxovoplhaaj

2044 3713 2473 3811 zdt'dtvllptbmva,
2492 3713 2791 3810 spondam;
2815 3751 2874 3787 τε
2893 3733 2986 3785 ml
3007 3728 3358 3798 καταργήσας
3369 3722 3460 3771 τὸν
3486 3713 3612 3811 καθ’

2045 3832 2199 3902 ἡμῶν
2224 3805 2335 3901 (39)
2367 3805 2612 3893 θάνατον,
2637 3827 2868 3896 κάθηται
2891 3822 2984 3876 νῦν
3002 3823 3057 3875 ὲν
3086 3817 3235 3886 δεξιᾷ
3258 3811 3351 3865 τοῦ
3374 3805 3614 3902 Πατρδιῖι

2047 3927 2103 3979 ὲν
2135 3922 2281 3994 αὐτῷ
2305 3922 2401 3987 ὢν,
2435 3921 2529 3974 ml
2565 3919 2658 3974 τοῦ
2688 3917 2900 3988 Πατρὸς
2935 3915 3084 3977 ὄντος
3118 3913 3175 3962 ὲν
3199 3903 3345 3975 αὐτῷ
3368 3945 3383 3968 ,
3421 3900 3616 3969 ὥσπερ

2042 4012 2110 4088 ἦν
2137 4017 2244 4082 ἀεὶ,
2282 4015 2374 4068 ml
2403 4013 2518 4066 ἐστι
2547 4009 2856 4070 διαπαντός.

379 4115 563 4180 homo,
589 4114 830 4182 inquam,
871 4112 1066 4173 factus,
1095 4111 1211 4180 qui,
1247 4110 1408 4163 rebus
1470 4107 1722 4164 humanis
1769 4108 1969 4178 optime
2007 4083 2413 4171 administratis,
2477 4114 2533 4159 et
2581 4113 2776 4168 morte,
2839 4100 2996 4170 cujus
3037 4095 3118 4151 rei
3160 4103 3398 4152 eramus,
3430 4083 3618 4152 fugata

377 4221 441 4262 ac
471 4206 761 4267 destructa,
787 4206 900 4272 jam
930 4203 998 4257 ad
1027 4203 1270 4257 dextram
1303 4199 1481 4254 Patris
1521 4197 1692 4263 sedet,
1722 4201 1777 4252 in
1816 4214 1924 4266 quo
1961 4207 2015 4254 et
2038 4201 2152 4268 ipse
2171 4207 2277 4264 est,
2304 4205 2357 4250 et
2379 4194 2540 4249 Pater
2567 4193 2621 4247 in
2643 4193 2762 4262 ipso
2791 4189 2949 4245 sicuti
2978 4186 3078 4242 fuit
3099 4191 3153 4240 et
3169 4193 3253 4238 est
3277 4193 3507 4248 semper.

448 4300 501 4354 8.
544 4298 670 4352 Haec
706 4313 837 4368 ergo
876 4312 1004 4351 vera
1039 4305 1123 4351 est
1155 4295 1482 4350 Christianae
1509 4291 1634 4348 ﬁdei
1657 4291 1833 4346 forma
1874 4307 1941 4345 ex

377 4391 640 4460 apostolis
681 4405 776 4460 per
825 4388 1013 4442 Patres
1051 4387 1314 4442 derivata.
1355 4385 1621 4439 Caeterum
1665 4384 1759 4454 qui
1792 4382 1942 4438 Scri-

379 4492 550 4552 plura:
565 4480 782 4537 lectioni
811 4489 984 4544 vacat,
1006 4479 1337 4548 perpendere
1363 4485 1417 4531 et
1437 4477 1746 4534 discernere
1765 4475 1940 4538 debet,

378 4573 723 4643 quandonatn
777 4573 843 4626 de
883 4572 1166 4627 divinitate
1195 4568 1354 4625 Verbi
1399 4569 1672 4639 loquatur,
1725 4568 1942 4639 quando

449 4707 493 4738 ⁸⁸
521 4707 680 4762 Prov.
715 4723 830 4767 vnt.
856 4707 946 4761 29..

380 4801 424 4832 "
457 4797 592 4854 Joan
646 4815 743 4863 vn,
775 4800 873 4862 i9;
913 4815 1028 4862 vm,
1065 4798 1153 4854 40.
1230 4798 1276 4830 ⁸³
1302 4797 1321 4850 ι
1349 4797 1491 4851 Tim.
1525 4811 1562 4850 tt
1612 4797 1662 4850 5.

1021 4708 1065 4738 ⁸⁷
1092 4705 1235 4761 Psal.
1265 4721 1450 4768 Lxxxr,
1483 4705 1535 4758 5.
1611 4704 1656 4736 ⁸⁸
1680 4701 1838 4758 Joan.
1869 4718 1967 4769 an,
1993 4702 2083 4757 55.

2116 4292 2169 4347 8.
2218 4292 2275 4343 Ὀ
2305 4290 2402 4361 μὲν
2421 4287 2720 4360 ’χαρακτὴρ
2751 4280 2905 4346 οὗτος
2929 4283 2994 4334 ὲκ
3028 4278 3134 4332 τῶν
3171 4273 3481 4330 ἀποστόλων
3527 4271 3621 4326 διὰ

2047 4379 2154 4434 τῶν
2174 4381 2451 4452 Πατέρων·
2469 4379 2548 4433 δεῖ
2563 4378 2620 4431 δὲ
2650 4375 2856 4441 λοιπὸν,
2889 4370 3282 4440 ἐντυγχάνοντα
3308 4367 3374 4436 τῇ
3400 4364 3618 4436 Γραφῇ,

2047 4471 2359 4544 δοκιμάζειν
2374 4473 2465 4526 ml
2486 4470 2799 4540 διακρίνειν,
2822 4467 2951 4522 πότε
2977 4464 3073 4535 μὲν
3096 4461 3224 4534 περὶ
3241 4458 3340 4527 τῆς
3365 4455 3620 4523 θεότητος

2048 4565 2140 4621 τοῦ
2162 4566 2332 4634 Λόγου
2351 4564 2520 4632 λέγει,
2544 4562 2672 4615 πότε
2688 4561 2744 4614 δὲ
2775 4559 2901 4630 περὶ
2920 4557 3027 4610 τῶν
3057 4550 3406 4622 ἀνθρωπίνων
3427 4544 3619 4600 αὐτοῦ·

2181 4700 2410 4756 "Joan.
2446 4715 2485 4757 t.
2513 4699 2563 4752 1.
2674 4698 2719 4729 ⁸⁰
2744 4696 2912 4751 lCor.
2948 4710 2988 4757 ι,
3017 4689 3110 4745 24.
3186 4690 3229 4720 ⁸¹
3255 4685 3410 4742 Joan.
3449 4701 3488 4748 ι,
3529 4681 3624 4736 l4.-

471 4936 561 5005 54)
597 4936 685 4990 Sic
721 4935 851 5007 Reg.
885 4935 1106 5007 Segne].
1137 4933 1344 5006 Anglic.
1371 4933 1591 5007 Gobler.
1626 4941 1680 4986 et
1706 4930 1865 5007 Felc._
1887 4931 1936 4984 Ι.
1974 4932 2017 4988 ι)
2047 4928 2100 4981 in
2127 4926 2340 5007 aliiset
2361 4923 2525 5007 editis
2557 4922 2806 5007 habetur.
2853 4909 3622 5007 IbidemiiidemnReg-Lgtlsle;

376 4999 569 5062 Caneri
598 5021 723 5060 vero
756 4999 1005 5061 etvediti'o
1032 4999 1295 5060 Commél.
1319 5045 1333 5069 ,
1364 5004 1779 5071 éﬂsl‘iléyouatv.
1819 4999 1941 5054 Mox

379 5075 513 5147 Reg.
541 5085 611 5147 pet
653 5075 900 5147 S_eguer.,
949 5075 1149 5147 ἔκτισε.
1196 5076 1302 5128 Alii
1349 5083 1402 5128 et
1444 5076 1610 5147 editio
1649 5071 1939 5147 CommeI.,

379 5143 620 5217 ἐκτίσθη,
673 5143 851 5200 Editio
897 5145 1299 5217 autemnl’aris.
1342 5153 1398 5198 et
1436 5145 1652 5217 (_Jolon.,
1698 5143 1941 5217 κτίστης.

2045 4976 2554 5069 ξὲιέέζξΑὖτρξάᾷρ
2575 4995 2603 5045 ὁ
2638 4976 2892 5069 Ἰωάννης
2921 4988 3182 5069 είρηκῲς,
3215 4976 3622 5069 ξενιάξχῇρνῆν-τξ

2046 5054 2240 5135 λόγος.
2275 5067 2390 5136 μετ’
2405 5054 2594 5136 ’ὀλίγῳ
2621 5073 2739 5136 εις.
2761 5054 3350 5136 G_o_bler."et_Felck.nl,
3370 5054 3619 5136 ἸἏῆνπξ

2046 5119 2155 5210 ἱξᾴρ
2189 5119 2447 5210 ἔψη...
2489 5119 2592 5210 agat
2629 5135 2742 5203 μετ’
2771 5131 2946 5210 ὀλίγα.
2982 5129 3087 5210 an}
3121 5136 3190 5210 ft
3219 5123 3387 5188 editi,
3429 5119 3623 5180 Οὕτως

382 5195 1296 5288 Regius
1341 5195 1396 5268 et
1437 5195 1657 5282 Sigheri
1689 5195 1939 5265 omittu'nl

2049 5195 2806 5288 ὗάἒηζίῷἰννηςξῖρηκένοκι·.
2831 5195 2931 5288 με
2961 5195 3283 5288 ξετιζὲἒξγαί

381 5286 516 5338 ὲστί.
539 5307 548 5331 ι

2120 5256 2676 5352 (57-[ᾖεέίρεξςιῖετ.
2709 5272 2928 5352 Gobler.
2953 5256 3006 5352 et
3051 5256 3419 5352 F_elc,k".11
3449 5256 3618 5312 omit-
3662 5327 3671 5352 Ι

454 5331 567 5424 (ξῦ)
606 5353 685 5408 lta
715 5353 947 5425 Regius,
981 5353 1205 5424 Seguer.
1238 5349 1456 5425 Gobler.
1494 5360 1547 5425 et
1574 5350 1754 5425 Felck.
1787 5351 1837 5404 1.
1881 5350 1939 5425 At

2050 5331 2344 5425 turgt.“thth
2361 5331 2421 5425 in
2457 5331 2680 5425 Seﬁuetr‘.
2706 5344 2814 5425 :rﬂv
2835 5341 3136 5425 deestﬁatite
3153 5331 3439 5425 31110519...

384 5420 661 5494 Ottobon.,
686 5420 906 5494 ἐκτίσθη
936 5425 1028 5478 καί
1046 5420 1077 5487 ,⁷
1100 5435 1204 5478 etc.
1237 5424 1344 5477 Alii
1371 5432 1426 5476 et
1455 5422 1623 5475 editio
1651 5421 1944 5482 (λυπηθείη

385 5492 556 5563 κτίσιν
579 5493 671 5563 ml
697 5492 918 5563 κτίσμα,
943 5495 1102 5563 male.

457 5560 564 5632 (5(3)
617 5559 976 5632 Sicrlle'gius,
1028 5561 1256 5631 Seguer.
1307 5561 1524 5632 Gobler.
1576 5571 1630 5616 et
1669 5559 1848 5613 Felck.
1893 5559 1944 5611 1.

382 5628 488 5681 Alii
521 5640 574 5699 et
615 5631 778 5684 editio
806 5628 1070 5685 C‘otntnel.
1094 5628 1116 5695 ,”
1143 5632 1414 5699 γενέσθαι.
1452 5631 1574 5686 Mox
1620 5639 1737 5698 post
1773 5645 1947 5699 σωτηέ

389 5699 508 5767 ρίαν
542 5698 671 5768 Reg.
702 5708 753 5752 cl
788 5700 1009 5767 chucr.
1043 5698 1300 5754 omittunt
1324 5701 1558 5771 ἐδέησεν,
1591 5716 1713 5771 quae
1740 5717 1836 5753 vox
1873 5698 1943 5752 ibi

2923 5392 2951 5462 6
2983 5392 3272 5486 .Ilaﬁld‘é
3301 5412 3490 5486 φησιν·
3523 5392 3621 5458 Εἷς

2055 5469 2349 5548 Θεόςίειο.
2382 5483 2515 5538 Ιιιίιι.
2545 5484 2638 5535 καί
2669 5485 2820 5535 abest
2845 5469 2914 5533 ab
2941 5469 3474 5548 editionqummel.

2252 5536 2676 5624 ⁷ὁίιγυίιοῗιίηχτὸν
2715 5550 2836 5605 καθ’
2858 5549 3034 5624 ἡμᾶς·
3085 5539 3396 5624 ΈΡὶ⁶·..⁸⁸²’
3432 5548 3487 5624 ﬁ}

2054 5608 2241 5692 gnem],
2277 5623 2508 5693 κάθηται
2531 5608 2646 5686 νῦν,
2674 5633 2778 5678 etc.
2811 5608 2923 5674 Ali't'
2949 5626 3000 5670 ct
3041 5615 3205 5669 editio
3232 5608 3493 5666 Comtnel.
3525 5608 3622 5657 νῦν

2053 5696 2326 5750 υιιιὶιιιιιιι.
