3914 6222
319 328 415 383 ἥδ

1429 323 1758 380 EPISTOIA
1800 323 1864 378 lll
1903 321 1994 376 AD
2033 317 2485 377 SERAPIONEM.

3435 317 3533 372 6‘26

319 447 434 517 μεῖν
454 441 589 514 (74),
614 445 706 496 καὶ
728 441 792 495 δι’
817 440 1009 510 ὀλίγων
1035 440 1290 513 δηλῶσαι,
1313 442 1442 512 ὁρᾷς
1463 439 1612 494 ὥσπε
1622 409 1662 510 ρ⁹
1672 441 1877 509 ἀφέντα

2000 454 2122 506 gere,
2172 453 2395 510 remque
2441 435 2631 508 paucis
2676 434 2966 505 explicare,
3001 451 3088 492 me
3137 435 3320 491 videas
3355 443 3532 491 tamen

319 555 386 608 με
421 536 513 590 τὸν
541 536 669 606 περὶ
699 534 887 588 τούτου
933 534 1110 603 λόγον,
1145 534 1238 589 καὶ
1275 535 1553 604 γράφοντα
1600 533 1740 588 κατὰ
1771 533 1877 586 τῶν

318 627 650 681 ἀσεϐούντων
707 627 786 690 είς
830 627 921 679 τὸν
970 627 1097 680 Υίὸν
1133 625 1226 679 τοῦ
1271 624 1438 689 Θεοῦ,
1482 626 1575 678 καὶ
1615 625 1878 694 λεγόντων

319 718 478 772 αὐτὸν
533 719 772 788 κτίσμα·
809 717 922 770 ἀλλ’
960 717 1022 770 οὐ
1067 717 1256 788 μέμψῃ
1303 713 1361 771 εὖ
1406 711 1502 770 οἷδ’
1534 717 1635 781 ὃτι,
1675 717 1724 769 εί
1778 715 1881 788 μά-

320 809 431 874 θοις
454 809 566 882 (75)
591 809 652 862 16
678 811 868 873 αίτιον,
893 808 1026 863 ἀλλά
1055 810 1148 862 καὶ
1176 808 1489 875 ἀποδέξεται
1519 825 1612 862 σου
1649 810 1682 880 ή
1722 807 1880 861 εὐλά-

319 901 459 964 δεια,
511 899 693 970 ὁρῶσα
724 899 782 953 16
823 898 1060 968 εὔλογον.
1118 897 1335 969 Ἐπειδὴ
1376 897 1508 969 γὰρ,
1543 897 1617 960 ὡς
1650 897 1808 960 αὐτὸς
1854 897 1882 950 6

319 991 521 1064 Κύριος
543 988 692 1044 εἶπεν
719 1007 730 1018 ·
769 1009 786 1041 ι
814 991 887 1044 Οὐ
913 988 1136 1061 λαλήσει
1162 991 1290 1062 παρ’
1317 987 1509 1043 ἑαυτοῦ
1538 990 1566 1041 6
1595 987 1885 1059 Παρακλή-

319 1102 406 1148 τος
427 1103 440 1114 ·
476 1083 592 1138 ἀλλ’
617 1085 718 1138 ὅσα
749 1082 990 1146 ἀκούσει,
1017 1082 1239 1154 λαλήσει
1264 1101 1276 1114 ·
1311 1084 1390 1136 ὅτι
1419 1085 1482 1136 ἐκ
1508 1082 1598 1136 τοῦ
1627 1081 1760 1152 ἐμοῦ
1787 1081 1882 1153 λή-

319 1175 497 1243 ψεται,
546 1174 641 1228 καὶ
691 1173 978 1242 ἀναγγελεῖ
1019 1173 1177 1245 ὑμῖν·
1213 1192 1232 1225 »
1279 1172 1374 1226 καὶ
1415 1173 1736 1243 ὲμφυσήσας
1769 1172 1883 1242 (76)

321 1265 551 1319 δέδωκεν
585 1263 646 1330 ἐξ
675 1266 839 1319 αὐτοῦ
885 1267 1041 1320 τοῦτο
1082 1267 1195 1329 τοῖς
1245 1264 1533 1336 μαθηταῖς,
1580 1263 1672 1318 καὶ
1715 1262 1885 1328 οὕτως

324 1357 534 1428 ἐξέχεεν
560 1359 693 1413 αὐτὸ
719 1360 747 1412 6
774 1359 964 1432 Πατὴρ
998 1359 1090 1413 ἐπὶ
1113 1359 1294 1413 πᾶσαν
1329 1357 1507 1430 σάρκα
1535 1357 1674 1412 κατά
1703 1357 1764 1411 16
1798 1371 1886 1426 γε-

323 1449 674 1519 γραμμένονο
720 1449 808 1503 διά
847 1466 931 1502 τοι
975 1447 1132 1502 τοῦτο
1181 1448 1404 1513 εἰκότως
1458 1448 1568 1520 (77)
1618 1450 1746 1520 περὶ
1791 1447 1885 1500 τοῦ

325 1537 453 1591 Υίοῦ
487 1537 580 1591 τοῦ
617 1538 750 1592 Θεοῦ
787 1537 1002 1610 πρῶτον
1045 1537 1258 1609 εἴρηταί
1304 1554 1363 1590 τε
1407 1537 1501 1591 καὶ
1539 1538 1882 1609 γέγραπται·

326 1628 390 1680 ἵν’
425 1629 488 1681 ἐκ
512 1629 608 1699 τῆς
637 1629 762 1699 περὶ
783 1627 876 1683 τοῦ
900 1628 1031 1682 Υίοῦ
1056 1627 1309 1698 γνώσεως
1340 1628 1484 1700 ἔχειν
1511 1630 1605 1682 καὶ
1632 1629 1730 1700 τήν
1763 1629 1889 1702 περὶ

1978 547 2097 587 eam
2128 540 2462 601 pertractare
2493 528 2932 598 supersedentem
2967 527 3226 584 adversus
3277 542 3370 582 eos
3400 528 3537 583 scri-

1978 624 2106 680 bere
2131 623 2224 694 qui
2251 624 2317 679 de
2346 622 2483 678 Filio
2514 621 2608 678 Dei
2639 619 2802 690 impie
2820 619 3079 682 sentiunt,
3107 621 3401 690 dicuntque
3423 635 3537 676 rem

1979 725 2217 773 creatam
2251 717 2404 772 illum
2432 730 2574 772 esse.
2607 714 2676 770 At
2706 721 3049 785 perspectum
3083 722 3164 768 est
3189 713 3321 767 mihi
3354 721 3406 768 te
3441 728 3538 768 ne-

1980 825 2251 880 quaqua_m
2297 808 2773 879 reprehensurum,
2825 805 2915 860 ubi
2971 819 3192 860 causam
3243 803 3538 868 didiceris;

1982 875 2302 968 i‘mo‘po‘tius
2329 875 2443 952 rem
2472 896 2752 967 probatam
2792 894 2907 950 fore
2935 894 3122 965 pietati
3153 903 3277 961 tuae,
3307 908 3432 948 cum
3462 893 3543 946 vi-

1983 989 2122 1043 derit
2147 1003 2309 1058 quam
2346 997 2710 1042 consentanea
2738 986 2948 1040 ratione
2976 986 3174 1040 ductus
3208 981 3333 1040 sim.
3358 982 3546 1037 Enim~

1982 1093 2110 1134 vero
2137 1080 2284 1149 quia,
2310 1088 2370 1134 ut
2420 1080 2496 1134 ait
2529 1078 2644 1147 ipse
2683 1076 2985 1132 Dominus:
3024 1094 3043 1127 ι
3091 1073 3407 1130 Paracletus
3436 1086 3544 1128 non

1984 1171 2238 1241 loquetur
2269 1187 2299 1225 a
2346 1170 2678 1240 semetipso:
2715 1169 2810 1224 sed
2858 1181 3197 1239 quaecunque
3237 1164 3423 1220 audiet
3468 1164 3550 1217 10¢

1983 1270 2199 1333 quetur,
2245 1263 2372 1333 quia
2408 1262 2476 1316 de
2519 1277 2640 1317 meo
2684 1260 2930 1330 accipiet,
2979 1269 3034 1314 et
3075 1256 3418 1312 annuntiabit
3448 1270 3548 1310 vo-

1984 1356 2070 1412 bis
2093 1357 2170 1425 ‘3;
2213 1375 2232 1410 ι
2263 1356 2391 1427 quia
2421 1356 2548 1410 item
2579 1369 2702 1410 cum
2734 1352 3084 1418 insulilassct,
3107 1365 3172 1406 ex
3201 1351 3378 1418 seipso
3402 1347 3551 1402 dedit

1985 1450 2136 1506 illum
2167 1446 2448 1517 discipulis
2471 1447 2514 1478 θ’
2545 1464 2557 1500 :
2591 1459 2766 1515 eoque
2797 1451 2957 1513 pacto
2989 1441 3141 1496 illum
3177 1441 3334 1495 Pater
3363 1438 3554 1494 eﬂ‘udit

1987 1555 2148 1611 super
2173 1551 2388 1592 omnem
2414 1551 2655 1600 carnem,
2684 1534 2826 1591 sicut
2859 1532 3120 1605 scriptum
3145 1531 3316 1587 est":
3352 1528 3555 1584 idcirco

1984 1633 2107 1704 jure
2139 1646 2206 1686 ac
2241 1629 2438 1685 merito
2465 1637 2589 1684 ante
2627 1644 2658 1683 a
2697 1643 2782 1682 me
2811 1628 2878 1682 de
2903 1625 3043 1680 Filio
3073 1624 3168 1680 Dei
3199 1632 3380 1679 actum
3420 1623 3556 1678 scri-

325 1717 415 1771 166
449 1719 763 1790 Πνεύματος
788 1718 986 1789 γνῶσιν
1026 1718 1204 1783 καλῶς
1228 1719 1542 1791 δυνηθῶμεν
1566 1735 1580 1748 ·
1626 1720 1743 1773 οἷαν
1780 1720 1888 1792 γάρ

2000 1734 2249 1795 ptumque
2285 1729 2409 1788 est;
2465 1729 2524 1776 ut
2565 1735 2632 1775 ex
2665 1719 2973 1791 c0gnitione
3002 1716 3148 1781 Filii,
3183 1717 3457 1771 valeamus
3502 1723 3558 1769 et

327 1810 572 1882 ἔγνωμεν
600 1783 838 1884 ίδιότητα
867 1813 960 1866 τοῦ
983 1811 1110 1866 Υίοῦ
1141 1813 1279 1884 πρὸς
1305 1783 1396 1867 16v
1427 1783 1666 1886 Πατέρα,
1691 1783 1891 1886 ταύτην

2000 1783 2228 1887 Spiritits
2267 1813 2442 1871 sancti
2484 1821 2690 1867 rectam
2734 1783 2958 1882 assequi
3005 1809 3273 1864 notitiam.
3328 1805 3554 1872 Qualem

327 1904 465 1985 ἔχειν
489 1905 551 1958 16
575 1905 797 1977 Πνεῦμα
824 1907 958 1979 πρὸς
979 1908 1069 1961 τὸν
1086 1908 1210 1961 Υἱδν
1234 1909 1554 1980 εὑρήσομεν.
1577 1908 1686 1960 Καὶ
1706 1908 1892 1981 ὥσπερ

330 1999 356 2049 6
385 1997 510 2061 Υἱὸς
536 1997 707 2066 λέγει,
742 2017 760 2049 ι
790 1999 974 2053 Πάντα
995 2000 1096 2054 ὃσα
1127 1998 1239 2070 ἔχει
1270 2003 1298 2053 6
1326 2001 1517 2071 Πατὴρ
1545 2000 1655 2070 ὲμά
1675 2001 1843 2066 ἐστιν,
1869 2018 1888 2052 ι

328 2087 502 2152 οὕτως
524 2089 696 2142 ταῦτα
727 2090 902 2144 πάντα
925 2090 1013 2145 διὰ
1040 2091 1133 2145 τοῦ
1160 2089 1290 2145 Υἱοῦ
1320 2092 1620 2164 εὑρήσομεν
1645 2092 1772 2146 ὄντα
1800 2091 1894 2146 καὶ

332 2179 387 2232 ὲν
416 2178 493 2248 τῷ
532 2179 828 2250 Πνεῦματι.
865 2181 975 2235 Καὶ
1014 2180 1089 2246 ὡς
1139 2183 1167 2235 6
1210 2181 1400 2253 Πατὴρ
1442 2180 1607 2248 ἔδειξε
1638 2182 1729 2236 τὸν
1770 2183 1895 2238 Υίὸν

331 2270 522 2339 λέγων,
566 2291 584 2324 ι
606 2265 773 2337 υῦτός
818 2275 965 2327 ἐστιν
991 2275 1019 2328 6
1051 2272 1194 2342 Υίόςι
1220 2291 1321 2345 μου
1360 2277 1388 2328 6
1432 2275 1728 2347 ἀγαπητὸς,
1768 2277 1826 2330 ὲν
1853 2269 1896 2345 ᾧ

335 2363 628 2434 ηὗδόκησα,
658 2385 676 2417 ι
711 2365 881 2430 οὕτως
917 2365 1011 2420 τοῦ
1044 2365 1173 2421 Υίοῦ
1201 2369 1316 2421 ἐστι
1344 2367 1405 2422 τὸ
1447 2367 1698 2440 Πνεῦμα·
1735 2387 1756 2422 ι
1778 2369 1896 2436 Ἐξ-

333 2456 616 2510 απέστειλε
638 2457 797 2530 γάρ,›
822 2458 990 2528 φησὶν
1023 2459 1052 2511 6
1079 2457 1416 2525 Ἀπόστολος,
1451 2459 1540 2513 «τὸ
1568 2459 1790 2532 Πνεῦμα
1803 2461 1896 2514 τοῦ

337 2547 465 2602 Υίοῦ
496 2548 660 2603 αὑτοῦ
695 2551 753 2603 ἐν
783 2553 900 2613 ταῖς
935 2550 1175 2620 καρδίαις
1210 2551 1364 2622 ἡμῶν
1397 2551 1613 2624 κράζον·
1649 2552 1838 2617 ‘A666,
1870 2555 1899 2606 6

337 2639 546 2712 Πατήρ.
575 2661 594 2693 ι
625 2642 734 2696 Καὶ
754 2641 814 2696 16
845 2641 1166 2712 παράδοξον,
1191 2641 1379 2716 ὥσπερ
1400 2646 1427 2698 6
1451 2645 1575 2710 Υἱὸς
1598 2644 1744 2714 λέγει
1765 2645 1896 2716 (78),

337 2726 415 2779 T6
447 2727 556 2798 ὲμά
582 2729 676 2783 τοῦ
700 2731 912 2802 Πατρός
943 2733 1109 2797 ἐστιν,
1137 2731 1310 2796 οὕτως
1338 2731 1433 2786 τοῦ
1457 2735 1666 2805 Πατρός
1687 2736 1802 2788 ἐστι
1833 2734 1894 2788 16

337 2817 562 2891 Πνεῦμα
583 2820 644 2887 16
672 2820 847 2890 ἅγιον,
879 2822 1015 2894 ὅπερ
1042 2823 1136 2877 τοῦ
1173 2823 1302 2877 Υίοῦ
1330 2827 1564 2898 εἴρηται.
1597 2827 1768 2891 Αὐτὸς
1799 2827 1899 2898 μὲν

336 2911 443 2982 γὰρ
488 2914 516 2966 6
544 2911 673 2977 Υίὸς
722 2913 900 2984 λέγει’
941 2932 960 2967 ι
984 2915 1152 2970 Ὅταν
1182 2916 1311 2992 ἔλθῃ
1354 2918 1383 2970 6
1426 2917 1800 2990 Παράκλητος,
1841 2918 1900 2974 δν

336 3001 447 3070 ἐγὼ
471 3003 672 3074 πέμψω
710 3005 837 3077 ὑμῖν
865 3006 1018 3078 παρά
1046 3008 1141 3062 τοῦ
1186 3009 1418 3080 Πατρὸς,
1448 3009 1510 3062 16
1540 3009 1764 3080 Πνεῦμα
1801 3011 1900 3081 τῆς

1991 1911 2135 1965 enim
2181 1908 2386 1966 scimus
2425 1908 2810 1978 proprietatem
2860 1919 2981 1960 esse
3025 1902 3147 1958 Filii
3193 1901 3262 1957 ad
3313 1900 3554 1958 Patrem.

1992 2001 2236 2058 eamdem
2271 1999 2338 2055 ad
2365 1998 2563 2055 Filium
2592 1998 2794 2053 habere
2820 1994 3082 2066 Spiritum
3127 2002 3372 2050 sanctum
3407 2005 3558 2047 com-

1993 2095 2288 2166 periemus.
2320 2091 2388 2146 Et
2416 2089 2874 2162 quemadmodum
2901 2085 3074 2142 Filius
3097 2085 3262 2140 dicit:
3305 2102 3324 2135 ι
3365 2080 3558 2137 Omnia

1994 2199 2329 2256 quacunque
2347 2183 2507 2239 habet
2527 2181 2708 2249 Pater,
2726 2196 2844 2236 mea
2861 2187 2988 2236 sunt
3010 2180 3078 2242 “,
3106 2197 3124 2230 ι
3153 2178 3226 2232 ita
3252 2176 3367 2231 hac
3380 2176 3560 2230 omnia

1994 2293 2090 2349 per
2107 2276 2328 2338 Filium,
2347 2275 2402 2331 in
2422 2274 2628 2346 Spiritu
2649 2287 2776 2329 esse
2797 2269 3286 2342 deprehendemus.
3315 2266 3394 2323 Ac
3421 2267 3563 2322 sicut

1997 2363 2157 2421 Pater
2200 2363 2399 2420 Filium
2449 2364 2536 2420 bis
2568 2363 2748 2418 verbis
2785 2361 3028 2415 indicat:
3064 2358 3210 2415 illic
3260 2368 3344 2414 est
3392 2354 3564 2410 Filius

1997 2472 2152 2513 meus
2179 2457 2430 2522 dilectus,
2453 2455 2508 2511 in
2539 2471 2649 2527 quo
2671 2455 2804 2510 mihi
2832 2452 3133 2524 complacui
3155 2454 3201 2484 "
3226 2469 3241 2520 ;
3280 2469 3299 2504 ›
3331 2450 3404 2506 ita
3427 2465 3563 2519 quo-

1996 2564 2102 2619 que
2131 2547 2256 2604 Filii
2278 2558 2362 2604 est
2395 2546 2667 2618 Spiritus:
2708 2565 2727 2599 ι
2767 2544 2912 2602 Misit
2939 2547 3106 2610 enim,
3141 2543 3216 2598 ait
3251 2541 3563 2613 Apostolus,

1999 2638 2262 2710 Spiritum
2285 2638 2408 2694 Filii
2431 2639 2517 2694 sui
2541 2639 2596 2693 in
2621 2636 2785 2694 corda
2813 2645 3002 2692 nostra
3024 2637 3370 2700 clamantem,
3385 2632 3560 2696 Abba,

1999 2731 2160 2788 Pater
2181 2733 2248 2790 ".
2288 2751 2308 2786 ι
2353 2732 2417 2788 Et
2465 2732 2611 2804 quod
2643 2731 2892 2808 mirabile
2946 2741 3049 2797 est,
3103 2724 3562 2801 quemadmodum

2001 2823 2172 2880 Filius
2219 2822 2390 2879 dicit:
2423 2823 2555 2890 Quae
2595 2838 2712 2878 mea
2747 2816 2896 2888 sunt,
2945 2820 3120 2877 Patris
3151 2827 3320 2884 sunt;
3353 2816 3565 2874 sicIPa-

1999 2919 2100 2974 tris
2138 2927 2220 2973 est
2243 2915 2478 2988 Spiritus
2509 2928 2752 2982 sanctus,
2783 2915 2877 2986 qui
2924 2915 3102 2971 dictus
3139 2922 3223 2970 est
3255 2927 3375 2968 esse
3419 2910 3564 2965 Filii.

2003 3007 2281 3081 Siquidem
2314 3009 2427 3081 ipse
2448 3007 2617 3064 Filius
2640 3009 2756 3065 ait:
2793 3027 2812 3060 ί
2853 3006 2989 3062 Cum
3019 3008 3225 3063 venerit
3251 3006 3565 3062 Paracletus

337 3097 613 3168 ἀληθείας,
660 3100 689 3154 δ
730 3100 883 3174 παρά
909 3102 1002 3156 τοῦ
1041 3103 1252 3173 Πατρὺς
1291 3101 1667 3182 ἐκπορεύεται,
1699 3105 1896 3169 ἐκεῖνος

2005 3117 2166 3173 quem
2194 3117 2294 3173 ego
2328 3091 2727 3158 mittam'robis
2766 3116 2797 3158 a
2840 3101 3019 3168 Patre,
3057 3100 3293 3172 Spiritus
3325 3099 3566 3154 veritatis

339 3194 674 3264 μαρτυρήσει
712 3194 842 3264 περὶ
873 3194 1006 3266 ἐμοῦ
1032 3211 1044 3222 ·
1083 3214 1101 3246 ι
1138 3197 1167 3249 6
1197 3195 1255 3248 δὲ
1283 3194 1493 3260 Παῦλος
1529 3195 1728 3267 γράφει
1752 3195 1861 3267 (79)
1883 3211 1897 3225 °

343 3298 362 3331 ‹
395 3282 584 3347 Οὐδεὶς
611 3280 721 3338 οἶδε
739 3285 923 3339 16106
960 3285 1248 3359 ἀνθρώπου
1275 3288 1323 3339 εί
1356 3285 1431 3358 μὴ
1452 3287 1512 3339 16
1547 3287 1763 3358 πνεῦμα
1806 3287 1901 3340 τοῦ

337 3371 626 3444 ἀνθρώπου
657 3377 718 3429 16
763 3377 1050 3432 κατοικοῦν
1081 3378 1138 3431 ὲν
1175 3377 1324 3449 αὑτῷ
1355 3394 1368 3407 ·
1407 3377 1548 3432 οὕτω
1587 3379 1682 3433 καὶ
1711 3377 1778 3432 τὰ
1806 3378 1902 3432 τοῦ

337 3466 474 3520 Θεοῦ
508 3467 682 3532 οὐδεὶς
724 3465 863 3525 οἶδεν
900 3471 948 3524 εί
981 3469 1056 3542 μὴ
1089 3470 1150 3524 16
1194 3469 1420 3541 Πνεῦμα
1449 3469 1543 3525 τοῦ
1571 3469 1706 3524 Θεοῦ
1744 3469 1807 3523 16
1845 3471 1904 3524 ὲν

338 3558 507 3629 αὐτῷ.
550 3561 741 3631 Ἡμεῖς
771 3562 830 3615 δὲ
869 3563 930 3615 οὐ
965 3564 1025 3617 16
1070 3561 1288 3633 πνεῦμα
1322 3562 1417 3617 τοῦ
1463 3562 1670 3633 κόσμου
1712 3560 1903 3615 ἐλάϐο-

342 3667 463 3720 μεν,
486 3652 622 3706 ἀλλὰ
657 3654 718 3707 16
757 3653 982 3725 Πνεῦμα
1013 3655 1073 3710 16
1116 3657 1180 3709 ὲκ
1207 3654 1301 3708 τοῦ
1335 3653 1448 3725 (80)
1476 3654 1633 3720 Θεοῦ,
1658 3654 1724 3707 ἵν’
1751 3654 1906 3708 εἰδω-

343 3756 443 3809 μεν
467 3740 536 3794 16
556 3741 661 3795 ὑπὸ
683 3743 777 3796 τοῦ
803 3742 936 3797 Θεοῦ
967 3743 1295 3814 χαρισθέντα
1319 3744 1470 3814 ἡμῖν.
1493 3762 1510 3794 ι
1545 3743 1655 3797 Καὶ
1675 3744 1732 3796 ἐν
1756 3743 1903 3814 πάσῃ

337 3829 397 3883 δὲ
432 3832 501 3902 τῇ
531 3830 652 3904 θείᾳ
682 3834 869 3904 Γραφῇ
902 3834 1174 3905 εὑρήσεις,
1206 3835 1287 3886 ὅτι
1317 3832 1380 3886 τὸ
1411 3831 1634 3902 Πνεῦμα
1661 3831 1723 3886 16
1750 3831 1903 3900 ἀγιον

338 3921 628 3993 λεγόμενον
658 3923 752 3977 τοῦ
797 3923 949 3990 Υίοῦ,
981 3926 1136 3980 τοῦτο
1166 3925 1381 3994 λέγεται
1420 3923 1514 3978 τοῦ
1547 3921 1682 3976 Θεοῦ
1722 3917 1861 3974 εἶναι
1885 3936 1899 3950 ·

343 4013 432 4065 καὶ
471 4014 630 4067 τοῦτο
673 4015 782 4086 (81)
821 4018 880 4070 ὲν
927 4019 1037 4081 τοῖς
1069 4015 1375 4088 ἔμπροσθεν
1404 4013 1742 4087 ἐγράψαμεν.
1773 4013 1908 4066 Οὐκ-

341 4100 432 4153 οῦν
470 4104 519 4155 εῑ
567 4105 596 4156 6
627 4103 755 4168 Υἱὸς
799 4103 888 4158 διὰ
917 4107 1014 4176 τὴν
1059 4105 1193 4175 πρὸς
1232 4104 1324 4157 τὸν
1375 4102 1590 4175 Πατέρα
1633 4102 1864 4172 ἰδιότητα
1889 4140 1906 4165 ,

342 4194 433 4248 καὶ
463 4194 552 4248 διά
589 4195 653 4248 16
700 4193 838 4250 εἶναι
885 4196 1048 4250 αὑτοῦ
1081 4197 1180 4267 τῆς
1209 4195 1397 4259 οὐσίας
1440 4195 1571 4250 ῐδιον
1624 4194 1902 4264 γέννημα,

410 4286 456 4319 ⁸³
480 4285 640 4342 Joan.
667 4304 780 4351 xw,
805 4287 891 4343 13.
967 4289 1010 4320 ⁶⁹
1037 4287 1192 4344 Joan.
1221 4305 1310 4348 xx.
1333 4288 1424 4342 22.
1500 4289 1546 4319 ⁷⁰
1572 4285 1688 4344 Joel
1711 4301 1771 4351 ιι,
1793 4285 1884 4340 29.

341 4356 389 4389 ⁷⁵
408 4355 565 4413 Joan.
606 4374 694 4424 xv,
723 4358 813 4412 26.
887 4360 934 4391 ⁷⁸
957 4357 976 4412 l
1001 4357 1125 4413 Cor.
1155 4375 1219 4424 ll,
1246 4359 1333 4423 11,
1363 4358 1450 4412 12.

2005 3193 2095 3262 qui
2130 3209 2161 3249 a
2201 3192 2360 3249 Patre
2405 3194 2668 3264 procedit,
2721 3194 2810 3250 ille
2843 3193 3216 3249 testimonium
3267 3190 3568 3262 perbibebit

2003 3283 2072 3342 de
2102 3301 2190 3341 me
2208 3285 2275 3338 7‘.
2313 3305 2332 3338 ι
2364 3284 2567 3342 Paulus
2590 3296 2770 3342 autem
2800 3286 2990 3342 scribit
3015 3305 3028 3341 :
3069 3304 3087 3338 ι
3123 3283 3293 3339 Nemo
3319 3283 3423 3338 scit
3448 3297 3570 3352 quae

2005 3387 2134 3433 sunt
2153 3378 2412 3446 hominis,
2436 3379 2544 3435 nisi
2566 3380 2789 3450 spiritus
2817 3379 3078 3446 hominis,
3101 3378 3196 3450 qui
3229 3378 3282 3431 in
3305 3377 3423 3448 ipso
3445 3383 3530 3432 est
3550 3394 3566 3431 :

2004 3467 2082 3522 ita
2113 3478 2168 3523 et
2193 3457 2315 3539 qua:
2340 3468 2435 3524 Dei
2468 3479 2617 3537 sunt,
2662 3483 2824 3525 nemo
2873 3469 3146 3541 cognovit,
3180 3468 3288 3524 nisi
3334 3465 3569 3537 Spiritus

2007 3555 2125 3621 Dei,
2153 3559 2248 3630 qui
2273 3568 2356 3615 est
2383 3560 2438 3615 in
2473 3561 2612 3630 ipso.
2645 3561 2754 3616 Nos
2783 3569 2964 3616 autem
2999 3574 3105 3614 non
3129 3559 3377 3630 spiritum
3407 3556 3569 3626 hujus

2008 3649 2196 3704 mundi
2234 3650 2565 3720 accepimus,
2594 3650 2689 3706 sed
2723 3648 2985 3721 Spiritum
3025 3649 3118 3718 qui
3149 3662 3214 3703 ex
3242 3647 3352 3702 Deo
3377 3654 3478 3711 est,
3511 3657 3571 3699 ut

2007 3741 2247 3796 sciamus
2271 3757 2394 3812 quae
2425 3757 2456 3797 a
2486 3741 2597 3798 Deo
2621 3741 2820 3798 donata
2848 3751 2977 3798 sunt
3004 3739 3164 3796 nobis
3187 3739 3254 3793 ".
3293 3757 3312 3790 ›
3350 3735 3494 3804 Quin
3516 3749 3570 3791 et

2007 3831 2064 3886 in
2092 3839 2205 3886 tota
2231 3833 2415 3888 divina
2439 3833 2720 3904 Scriptura
2746 3833 3004 3903 reperies,
3029 3831 3290 3902 Spiritum
3315 3837 3567 3884 sanctum

2006 3923 2102 3994 qui
2131 3923 2331 3980 dicitur
2366 3923 2513 3990 Filii,
2547 3925 2796 3980 eumdem
2830 3924 2936 3979 dici
2983 3938 3104 3980 esse
3147 3922 3243 3977 Dei
3271 3940 3282 3976 :
3335 3919 3481 3992 quod
3513 3920 3569 3974 in

2009 4013 2381 4083 superioribus
2430 4016 2691 4086 scriptum
2727 4030 2758 4070 a
2805 4013 2966 4071 nobis
2997 4023 3100 4070 est.
3131 4012 3363 4068 Proinde
3408 4010 3570 4083 553

2012 4102 2058 4158 si
2080 4101 2273 4170 Filius,
2301 4115 2520 4176 propter
2547 4122 2701 4162 suam
2732 4106 3116 4177 preprietatem
3147 4105 3212 4160 ad
3240 4103 3478 4167 Patrem,
3517 4111 3574 4158 et

2013 4193 2159 4263 quod
2192 4195 2264 4250 sit
2305 4197 2427 4268 ejus
2457 4197 2779 4255 substantiae
2823 4197 3080 4268 proprius
3124 4193 3300 4262 fetus,
3337 4209 3447 4250 non
3487 4202 3574 4249 est

2001 4285 2044 4316 '“
2073 4283 2231 4342 Joan.
2257 4304 2369 4348 xvr.
2397 4290 2484 4346 15.
2558 4292 2604 4324 ⁷⁸
2628 4290 2818 4348 Matth.
2851 4307 2913 4348 Ill
2932 4330 2946 4354 ,
2977 4288 3066 4345 17.
3139 4289 3186 4321 ⁷³
3207 4287 3382 4344 (ἕλικι.
3412 4302 3486 4349 IV.
3515 4285 3568 4340 6·

342 4447 551 4522 Celsum
575 4449 683 4522 lib.
704 4465 758 4522 ν,
785 4465 840 4520 p.
875 4451 1002 4522 256,
1037 4459 1090 4522 et
1119 4451 1244 4505 alibi
1279 4450 1482 4522 passim
1513 4443 1912 4522 apud_scr_iptoe
1940 4444 1984 4499 D
2014 4459 2314 4522 s1c_o_mnes
2340 4449 2469 4505 editi
2485 4459 2724 4522 etrmss.
2763 4451 3023 4522 Erasmus
3049 4450 3097 4505 le

343 4533 468 4590 res:
504 4520 558 4574 in
588 4514 808 4574 Gobler'.
838 4530 892 4575 et
921 4520 1101 4576 Felck.
1133 4514 1332 4590 primo,
1360 4529 1421 4574 ut
1463 4527 1519 4573 et
1547 4514 1615 4572 in
1634 4514 1831 4590 _Regio_
1855 4521 1910 4590 et

345 4588 597 4656 Seguer.,
621 4590 918 4644 ἐπίσκοπον
951 4583 1250 4646 ἀεεει.Ἀά
1296 4583 1595 4660 marginem
1633 4583 1786 4660 Regii
1819 4583 1910 4638 hic

343 4655 534 4732 versus
583 4661 798 4732 legitur,
843 4676 951 4717 non
995 4661 1212 4732 quidem
1248 4655 1615 4732 prima'gnanu
1649 4655 1907 4732 scriptus2

342 4719 982 4802 sedpaulovrecentiqre,
1012 4719 1122 4802 Τὴν
1149 4719 1331 4784 πίστιν
1355 4734 1388 4801 ή
1399 4727 1513 4802 μῶν
1543 4719 1908 4802 ἀκριϐῶς-ὧδ’

345 4795 491 4881 (sic)
517 4798 584 4856 ἂν
620 4799 831 4869 μάθοις.
864 4799 1055 4856 Fidem
1079 4795 1342 4854 'nouram
1377 4795 1460 4853 hic
1498 4795 1742 4862 accdrate
1766 4795 1910 4850 didi-

343 4883 499 4922 θεῖτε.

413 4939 529 5009 (74)
571 4938 663 5009 Sic
706 4939 873 4994 editio
919 4939 1380 5004 Commeliniana,
1413 4950 1468 4994 et
1495 4953 1687 4994 omnes
1716 4951 1908 4992 manu-

343 5008 556 5078 scripti.
581 5008 760 5065 Editio
791 5009 1138 5074 Parisiensis,
1164 5011 1461 5078 ἐπιτεμεῖν.

413 5074 530 5148 (75)
565 5078 783 5133 Gobler.
838 5089 892 5134 et
946 5078 1125 5134 Felck.
1177 5080 1244 5144 1,
1295 5074 1492 5149 μάθῃς.
1557 5074 1733 5149 Paulo
1787 5084 1909 5144 post

343 5136 540 5235 gulam;
583 5149 737 5235 Ἐπεὶ
767 5149 876 5235 γδερ
903 5149 978 5235 ᾡς
1006 5151 1051 5230 ’ό
1083 5136 1329 5235 ,Κύριοςῖν
1362 5136 1563 5203 Ibidem
1610 5136 1809 5216 Regius
1853 5155 1908 5200 et

345 5214 602 5289 ἄκρεα,
623 5214 798 5289 εἶπεν.
828 5214 1018 5289 Caeteri
1048 5227 1103 5273 et
1132 5214 1280 5280 editi,
1305 5218 1430 5289 ἐφη.

415 5284 528 5358 (76)
570 5287 662 5344 Sic
703 5288 924 5358 Regius,
965 5288 1203 5358 'Seguer.
1248 5284 1464 5344 Gobler.
1512 5296 1565 5342 ct
1602 5284 1781 5341 Felck.
1837 5285 1902 5350 1,

344 5357 531 5423 Βαεὶιζ,
559 5359 904 5481 ὲμιρυσύςας..
940 5357 1101 5421 Editi,
1137 5361 1466 5429 εὐφυσήσας.

412 5427 526 5481 (77)
568 5428 750 5481 hdttm
815 5445 968 5481 arts“
1001 5429 1228 5481 εἰκότος.
1259 5429 1419 5481 male.
1451 5428 1466 5473 τ

412 5427 526 5499 (77)
568 5427 750 5499 Editio
769 5427 968 5499 Paris.,
1001 5427 1419 5499 είκότος,ηηιειε.
1451 5427 1522 5499 Te
1556 5435 1692 5499 post
1695 5427 1910 5496 εἴρηται

343 5495 579 5555 deest'in
601 5498 821 5554 Gobler.
853 5509 906 5554 et
925 5498 1105 5554 Felck.
1133 5499 1184 5552 1.
1213 5498 1334 5552 Mox
1359 5497 1560 5567 Regius
1580 5506 1633 5552 et
1662 5495 1906 5567 seguer.,

343 5570 522 5694 36:2]:
699 5569 923 5634 Ibidem,
958 5568 1052 5623 τοῦ
1081 5577 1205 5624 ante
1239 5567 1369 5622 Υίοῦ
1397 5566 1545 5624 deest
1585 5568 1638 5621 iu
1684 5566 1903 5622 Gubler.

461 5655 546 5694 ec
592 5683 602 5693 .
683 5681 694 5690 .

337 5649 391 5696 et
421 5642 602 5696 Felck.
642 5642 694 5692 I.

406 5710 521 5781 (78)
565 5709 774 5778 Regius
801 5720 851 5764 et
880 5707 1126 5780 Seguer.,
1161 5708 1332 5776 ἔλεγε.
1368 5707 1534 5763 Paulo
1564 5717 1716 5778 post,
1747 5709 1903 5778 ὅπερ,

3136 4450 3176 4506 it
3200 4450 3408 4506 ὥσπερ.

2014 4467 2093 4499 διε
2107 4467 2314 4572 ἔζευξε
2340 4467 2469 4505 εαιιι
2498 4467 2554 4504 ει
2588 4467 2724 4530 mss.
2763 4467 3023 4507 urasmus
3049 4467 3176 4575 ιείιι
3200 4467 3434 4574 ωσπεᾶ

2009 4515 2995 4668 9t6‘6291:.816365333362Ji’5‘33
3015 4531 3403 4668 manu
3431 4519 3574 4668 33;;

2010 4653 2167 4731 batur
2197 4659 2252 4731 in
2283 4653 2444 4731 editis
2472 4653 2882 4731 et'quibt'isdam
2923 4653 3058 4717 mss.
3081 4701 3097 4725 ,
3139 4662 3232 4716 sed
3275 4676 3398 4716 cum
3433 4653 3574 4731 desit

2008 4725 2062 4800 i_n
2092 4725 2285 4800 Regio,
2325 4727 2546 4800 Segucr.
2574 4725 2647 4785 ἐι
2689 4729 2996 4792 Basiliensi,
3042 4732 3244 4786 omissa
3292 4737 3395 4784 est.
3446 4726 3572 4800 Mox

2007 4795 2228 4871 ςιῖοωεῐ·ζ
2255 4795 2518 4871 εειτᾱιςιί.
2548 4801 2758 4871 primus
2778 4841 2792 4865 ,
2831 4801 2891 4871 16
2925 4801 3162 4871 Πνεῦμα.Δ
3183 4800 3244 4853 16
3286 4796 3571 4871 κατοικοῦν

2007 4819 2223 4852 uumer.
2255 4819 2307 4854 et
2338 4819 2518 4856 retcx.
2548 4819 2758 4871 primus
2778 4841 2792 4865 ,
2831 4819 2891 4852 το
2925 4819 3064 4854 ιινευ
3112 4819 3146 4852 α
3183 4819 3244 4853 1o
3286 4819 3571 4852 κατοικουν

2004 4867 2063 4920 ὲν
2091 4868 2265 4948 αρτιρἱ
2299 4868 2469 4948 Editi;
2490 4871 2568 4948 τὲ
2596 4871 2817 4942 πνεῦμα
2851 4867 2964 4948 (306
2995 4819 3388 4948 ἀνθιρὼπρυηὸ
3414 4870 3571 4930 (κατ-

2004 4937 2219 5012 οικοῦν)
2248 4941 2306 4993 ἐν
2331 4939 2664 5012 αὐτῷεΒεε.
2694 4937 3178 5012 νει-οίδεευενξει
3210 4937 3407 5012 Basil.,
3431 4951 3570 5005 quos

2005 5005 2384 5098 εεςὲιλῃίξνζτξ
2401 5005 2736 5098 πνεῦμαξτοῦ
2762 5005 3048 5098 ἀνθριὶξτξου
3070 5009 3130 5062 16
3156 5005 3462 5098 ξατοξκοῦν.

2077 5077 2194 5153 (8οὶ
2211 5080 2321 5153 Τοῦ
2343 5075 2572 5153 deestjn
2597 5081 2820 5153 Seguer.
2844 5075 3060 5153 Gobler.
3083 5089 3137 5133 et
3165 5078 3352 5153 Fe_l_ck._
3369 5075 3563 5146 primo.

2004 5145 2127 5222 Mox
2161 5145 2362 5222 Regius
2405 5161 2460 5206 et
2494 5145 2746 5222 Segne-Ia,
2791 5151 2878 5204 ἵνα
2921 5150 3170 5222 gramm,
3225 5145 3392 5222 Paulo
3423 5153 3564 5222 post,

2004 5219 2099 5273 καί
2139 5215 2349 5296 εηιὲρὲν
2377 5224 2550 5296 πάσῃ-
2569 5215 2756 5296 deerat
2801 5221 2854 5274 in
2883 5215 3124 5296 editis'et
3154 5219 3209 5272 in
3241 5215 3565 5288 quibusdam

2004 5304 2164 5355 mss.,
2188 5291 2282 5347 sed
2314 5289 2593 5361 legitur'in
2629 5291 2792 5361 Regio
2820 5298 2874 5345 et
2908 5289 3130 5361 Seguer.

2076 5309 2164 5355 ss.,
2188 5309 2282 5347 seu
2315 5309 2363 5346 te
2402 5309 2509 5348 ιιυι·
2539 5309 2593 5346 ιη
2629 5309 2792 5361 uegio
2820 5309 2874 5345 ει
2908 5309 3130 5358 aeguer.

2076 5361 2190 5431 (81)
2233 5361 2336 5434 δίε
2365 5309 2589 5434 ἱρείης,
2634 5359 2871 5434 δεευειῃΔ
2902 5357 3072 5434 Basil.
3117 5359 3176 5413 In
3205 5371 3336 5434 _quo
3373 5363 3564 5434 tamen

2004 5425 2280 5500 postremo
2309 5425 2478 5495 deest:
2519 5425 2581 5484 ὲν
2603 5425 2734 5493 τοῖςῖ
2776 5429 2914 5500 Lditi
2937 5468 2951 5493 ,
3001 5425 3136 5483 εἶναι
3159 5447 3172 5459 ο
3201 5425 3338 5500 ὅπερ
3370 5428 3429 5500 t‘._v
3454 5429 3567 5500 τοῖς

2005 5494 2350 5586 ἔμπροσθεγε.
2370 5494 2489 5582 Μρ*
2517 5499 2990 5586 Βρδίεεεηδοειιεε-
3031 5500 3249 5586 liable:-
3296 5494 3349 5586 ἐξ
3368 5494 3562 5586 P.1sz

2005 5565 2237 5697 ιίξιὲὲηὶιιε,
2284 5571 2493 5626 Οὐκοῦν
2523 5573 2571 5625 εί
2599 5565 2628 5624 6
2657 5571 2805 5635 Υἱός.
2838 5565 2976 5628 Editi
3001 5612 3016 5637 ,
3039 5571 3153 5624 Οὐκ
3182 5565 3275 5624 οῦν
3309 5567 3498 5637 ὣ-ττερ
3536 5566 3568 5620 6

2105 5660 2154 5697 ς.
