3914 6222
324 326 427 384 (H7

891 325 1357 405 S._ATHANASI|
1397 326 1545 382 OPP.
1589 324 1768 381 PARS
1806 327 1887 381 L-

1994 326 2344 384 uxs'ronm
2382 329 2472 385 ΕΤ
2507 293 2934 386 DOGMATICA.

3452 335 3555 392 628

321 453 590 507 creatura,
625 443 718 498 sed
752 441 903 498 Patri
931 444 1434 508 consubstantia-lis,
1463 445 1544 498 sic
1586 460 1683 498 nec
1715 441 1886 510 Spiri-

1994 444 2090 496 οὗκ
2115 444 2227 496 ἐστι
2257 444 2478 515 κτίσμα,
2515 445 2631 500 ἀλλ’
2673 447 2952 517 δμοοῦσιος
2979 446 3074 500 τοῦ
3117 449 3358 520 Πατρός’
3384 450 3556 514 οὕτως

321 549 409 592 tus
463 548 684 591 sanctus
723 535 884 590 fuerit
926 547 1217 592 creatura:
1268 539 1398 607 quin
1444 538 1608 592 etiam
1645 538 1738 606 qui
1793 537 1892 591 hoc

320 628 456 682 dicit
485 628 686 698 impius
715 637 818 692 est,
863 627 934 680 ob
985 629 1369 698 proprietatem
1401 630 1614 684 scilicet
1659 628 1777 697 ejus
1824 627 1888 681 ad

321 718 516 772 Filium
545 736 561 785 ;
595 729 649 773 et
673 719 802 789 quia
828 733 891 772 ex
928 719 1046 788 ipso
1078 721 1237 774 datur
1258 721 1536 787 omnibus,
1565 731 1620 774 et
1652 735 1773 788 quae
1802 719 1893 772 ha-

321 812 410 864 bet
436 810 524 862 ille
552 807 673 863 Filii
704 818 856 864 sunt.

391 901 445 955 2.
483 899 580 955 Sat
640 902 858 971 quidem
905 902 1022 956 haec
1065 900 1296 956 fuissent
1345 902 1410 956 ad
1456 903 1886 972 persuadendum

321 993 406 1047 vel
445 993 618 1047 cuivis
646 993 1010 1058 contentioso,
1042 1008 1109 1046 ne
1142 1002 1264 1062 post
1295 993 1410 1047 huic
1449 993 1650 1048 diceret
1677 1004 1890 1048 creatu-

321 1101 437 1140 ram
473 1100 594 1140 esse
623 1084 741 1150 Dei,
772 1099 896 1139 eum
925 1084 1019 1152 qui
1049 1097 1132 1139 est
1163 1084 1214 1138 in
1243 1083 1372 1148 Deo,
1399 1085 1601 1154 quique
1623 1084 1888 1154 profunda

321 1178 415 1234 Dei
456 1186 754 1240 scrutatur.
784 1189 837 1233 et
883 1194 947 1233 ex
977 1177 1136 1234 Patre
1183 1194 1277 1248 per
1323 1178 1518 1233 Filium
1571 1179 1769 1234 datur:
1821 1195 1889 1234 ne

320 1272 449 1329 hinc
475 1273 782 1342 adigeretur
805 1283 859 1327 ut
876 1271 1073 1327 Filium
1096 1286 1313 1342 quoque
1336 1272 1539 1328 diceret
1559 1281 1886 1346 creaturam,

319 1363 413 1432 qni
442 1372 525 1418 est
557 1361 813 1428 Verbum,
846 1361 1134 1429 sapientia,
1159 1360 1352 1432 figura,
1402 1362 1692 1432 splendor:
1725 1376 1888 1432 quem

319 1455 412 1522 qui
443 1455 604 1517 videt,
629 1454 772 1508 videt
801 1464 854 1509 et
877 1453 1092 1509 Patrem
1119 1472 1134 1521 ;
1167 1469 1231 1508 ac
1259 1468 1326 1509 ne
1357 1454 1610 1524 deinceps
1640 1455 1884 1509 audiret:

325 1565 346 1596 ο
382 1545 485 1612 Qui
520 1555 680 1616 negat
716 1545 932 1611 Filium,
966 1561 1140 1616 neque
1160 1544 1376 1601 Patrem
1410 1547 1658 1602 habet".
1683 1566 1702 1598 ι
1728 1546 1887 1618 Ejus-

321 1638 464 1692 modi
494 1637 694 1707 quippe
737 1638 901 1692 homo
939 1637 1199 1707 paulatim
1244 1637 1595 1708 progrediens
1638 1636 1885 1693 dicturus

318 1745 402 1790 est
427 1744 486 1789 ut
513 1734 602 1789 ille
630 1734 929 1804 insipiens:
963 1751 982 1786 ι
1022 1731 1139 1787 Non
1173 1741 1257 1788 est
1287 1732 1429 1787 Deus
1456 1732 1521 1785 ’⁷.
1579 1751 1596 1784 ι
1630 1730 1880 1785 Attamen

1994 537 2100 588 οὔκ·
2126 535 2192 590 ἂν
2218 537 2301 607 εἴη
2350 537 2468 590 οὐδὲ
2509 538 2568 590 rb
2614 538 2838 608 Πνεῦμα
2875 539 2937 590 rb
2965 539 3118 607 ἅγιον
3149 540 3386 610 κτίσμα,
3421 541 3557 596 ἀλλά

1993 625 2085 678 καὶ
2112 624 2310 696 ἀσεϐὴς
2349 627 2378 679 ὁ
2416 625 2590 694 λέγων
2629 627 2808 692 τοῦτο,
2857 626 2946 680 διὰ
2983 628 3080 699 τὴν
3130 628 3265 698 πρὸς
3293 629 3385 683 τὸν
3427 630 3557 683 Υίὺν

1994 715 2230 786 ἰδιότητα
2267 717 2450 782 αὑτοῦ,
2481 720 2573 771 καὶ
2605 721 2685 772 ὅτι
2707 717 2766 783 ἐξ
2789 718 2952 773 αὑτοῦ
2977 719 3175 774 δίδοται
3213 723 3371 786 πᾶσι,
3402 725 3496 776 καὶ
3520 722 3557 777 ἃ

1990 808 2104 878 ἔχει
2131 807 2235 861 τοῦ.
2259 809 2386 862 Υίοῦ
2420 812 2588 864 ἐστιν.

2057 899 2112 954 2.
2162 899 2344 954 Ἱκανὰ
2391 901 2489 972 μὲν
2517 897 2615 955 οὖν
2657 904 2748 955 καὶ
2793 903 2962 956 ταῦτα
3009 907 3194 957 πεῖσαι
3229 907 3322 958 καὶ
3371 907 3553 960 πάντα

1987 991 2225 1046 ὁντινοῦν
2252 993 2364 1062 (8‘2)
2398 992 2716 1062 φιλόνεικον,
2752 995 2947 1065 μηκέτι
2973 995 3180 1065 λέγειν
3209 998 3414 1068 κτίσμα
3461 997 3558 1050 τοῦ

1986 1079 2142 1144 Θεοῦ,
2173 1080 2235 1133 rb
2273 1083 2332 1135 ὲν
2365 1082 2441 1152 τῷ
2469 1081 2604 1153 Θεῷ,
2638 1085 2731 1136 καὶ
2753 1083 2821 1136 τὰ
2851 1083 2988 1155 βάθη
3015 1086 3250 1156 ἐρευνῶν
3277 1085 3368 1140 τοῦ
3399 1087 3556 1150 Θεοῦ,

1985 1173 2080 1226 καὶ
2113 1175 2176 1226 ὲκ
2213 1174 2424 1246 Πατρὸς
2456 1174 2522 1228 δι’
2547 1175 2676 1229 Υἱοῦ
2711 1176 2983 1248 διδόμενον
3013 1191 3028 1206 ·
3065 1179 3151 1231 ἵνα
3207 1178 3281 1250 μὴ
3328 1181 3392 1232 ἐκ
3435 1180 3561 1233 τοῦδ

1983 1281 2091 1317 των
2117 1266 2432 1339 ἀναγκασθῇ
2469 1269 2562 1322 καὶ
2596 1269 2686 1322 τὸν
2715 1269 2840 1323 Υἱὸν
2879 1271 3049 1324 είπεῖν
3072 1271 3297 1342 κτίσμα,
3331 1273 3422 1326 τὸν
3458 1274 3560 1327 A6-

1985 1371 2102 1422 γον,
2135 1355 2235 1427 τὴν
2285 1357 2509 1426 σοφίαν,
2540 1357 2632 1410 τὸν
2680 1358 3026 1430 χαρακτῆρα,
3071 1357 3133 1412 τὸ
3175 1358 3512 1430 ἀπαύγασμα
3542 1399 3560 1427 ,

1984 1445 2047 1499 ὃν·
2077 1446 2216 1517 ὀρῶν
2244 1464 2330 1510 τις
2355 1448 2455 1520 ὁρᾷ
2476 1447 2564 1502 τὸν
2597 1449 2838 1520 Πατέρα,
2868 1450 2962 1502 καὶ
2983 1448 3165 1503 λοιπὸν
3190 1449 3401 1521 ἀκούσῃ
3423 1450 3562 1522 (85)’

1991 1560 2008 1590 ι
2051 1540 2106 1593 '0
2134 1541 2464 1613 ἀρνούμενος
2495 1542 2586 1595 τὸν
2628 1543 2776 1609 Υίὸν,
2821 1543 2941 1597 οὐδὲ
2985 1545 3079 1599 τὸν
3111 1545 3333 1617 Πατέρα
3365 1545 3502 1615 ἔχει.
3535 1565 3556 1597 ι

1984 1632 2139 1698 Aege;
2165 1633 2274 1705 γὰρ
2309 1634 2430 1688 κατ’
2453 1634 2631 1703 ὀλίγον
2659 1637 2688 1689 ὀ
2715 1636 2972 1702 τοιοῦτος,
3003 1637 3078 1700 ὼς
3101 1639 3128 1690 ὁ
3150 1637 3357 1710 ἄφρων·
3397 1657 3416 1689 ι
3445 1641 3564 1692 Οὐκ

1982 1724 2098 1778 ἔστι
2132 1726 2283 1790 Θεϐς.
2311 1745 2330 1778 ι
2369 1726 2560 1796 Ὅμως
2585 1727 2640 1780 δὲ
2670 1728 2809 1800 ὑπὲρ
2828 1729 2921 1782 τοῦ
2957 1731 3020 1782 ἐκ
3043 1729 3302 1784 πλειόνων
3340 1729 3562 1801 δειχθῆ-

317 1838 375 1882 ut
415 1827 668 1897 pluribus
699 1825 1036 1897 argumentis
1069 1824 1221 1894 impii
1256 1824 1671 1889 convincantur,
1709 1836 1886 1892 operae

1994 1835 2071 1871 ναι
2099 1818 2191 1871 τὸν
2238 1818 2394 1872 κατάι
2414 1819 2525 1873 τῶν
2557 1820 2769 1874 ἀσεϐῶν
2819 1821 3039 1891 ἔλεγχον
3086 1822 3271 1887 καλὸν,
3305 1822 3362 1888 ἐξ
3405 1816 3480 1876 ὧν
3529 1824 3564 1875 6

316 1922 551 1990 pretium
592 1919 783 1988 fuerit,
809 1934 872 1973 ex
914 1918 1114 1988 quibus
1144 1915 1316 1971 Filius
1341 1915 1746 1971 demonstratur
1778 1927 1886 1968 non

315 2028 438 2067 esse
484 2020 667 2066 creata
714 2024 822 2073 res,
866 2023 934 2063 ex
983 2008 1174 2062 iisdem
1207 2007 1450 2077 'probare
1484 2021 1584 2061 nec
1623 2005 1886 2074 Spiritum

316 2114 566 2162 sanctum
609 2119 732 2158 esse
783 2117 899 2157 rem
944 2109 1207 2156 creatam.
1259 2098 1334 2153 Ex
1390 2115 1499 2152 non
1547 2097 1888 2153 exstantibus

315 2207 444 2253 sunt
473 2212 562 2252 res
593 2206 810 2261 creatae,
836 2194 1121 2250 etinitium
1151 2192 1351 2247 habent
1373 2189 1704 2245 exsistendi:
1736 2204 1885 2249 nam.

322 2309 340 2339 ι
379 2287 437 2342 In
478 2286 748 2358 principio
801 2283 928 2339 fecit
983 2282 1128 2338 Deus
1174 2281 1372 2338 caelum
1396 2288 1451 2334 et
1477 2288 1675 2336 terram
1697 2281 1765 2346 τε,
1791 2301 1811 2334 ι
1836 2287 1890 2334 et

314 2397 438 2451 qua:
465 2381 521 2435 in
553 2379 661 2436 illis
707 2385 856 2434 sunt.
887 2377 956 2431 At
985 2374 1224 2446 Spiritus
1267 2384 1490 2431 sanctus
1534 2390 1604 2431 ex
1650 2373 1760 2430 Deo
1805 2385 1889 2429 est

314 2475 643 2544 diciturque,
684 2480 744 2526 ut
773 2471 850 2526 ait
879 2468 1190 2540 Apostolus.
1237 2467 1393 2535 Quod
1446 2468 1490 2524 si
1539 2466 1711 2522 Filius
1760 2467 1887 2537 quia

313 2577 429 2617 non
460 2571 544 2618 est
573 2576 640 2616 ex
680 2573 790 2614 non
819 2557 1183 2622 exstantibus,
1215 2557 1306 2612 sed
1328 2572 1396 2612 ex
1421 2554 1550 2623 Deo,
1579 2571 1686 2611 non
1716 2563 1891 2624 potest

310 2668 433 2709 esse
460 2661 746 2708 creatura:
781 2665 912 2722 ergo
945 2665 1044 2705 nec
1075 2649 1312 2720 Spiritus
1353 2657 1578 2704 sanctus
1611 2655 1697 2702 est
1731 2661 1886 2701 crea-

312 2752 438 2798 tura
474 2761 494 2798 :
529 2741 971 2812 quandoquidem
1007 2740 1060 2794 in
1098 2739 1352 2794 conl‘esso
1382 2746 1465 2793 est
1503 2752 1629 2792 eum
1663 2753 1728 2792 ex
1780 2735 1888 2791 Deo

313 2827 476 2892 esse?
495 2835 632 2891 Nam
654 2844 918 2891 creaturae
943 2842 1072 2890 sunt
1097 2848 1162 2889 ex
1193 2848 1301 2888 non
1331 2831 1696 2888 exstantibus.

386 2929 441 2982 5.
499 2927 738 2982 Rursum
785 2927 971 2982 unctio
1005 2933 1063 2980 et
1098 2924 1437 2995 signaculum
1468 2923 1667 2978 dicitur
1705 2929 1760 2976 et
1805 2929 1890 2976 est

315 3019 554 3092 Spiritus
605 3030 850 3076 sanctus.
882 3017 1086 3074 Scribit
1125 3019 1268 3073 enim
1315 3014 1593 3083 Joannes:
1630 3034 1648 3068 ι
1693 3013 1756 3070 Ει
1791 3030 1888 3070 vos

315 3113 633 3167 unctionem
671 3127 832 3182 quam
870 3109 1160 3180 accepistis
1197 3108 1267 3165 ab
1303 3125 1369 3164 eo
1399 3116 1583 3164 manet
1611 3107 1666 3162 in
1710 3107 1883 3162 vobis.

311 3201 382 3258 Et
412 3218 522 3258 non
561 3218 788 3258 necesse
817 3201 1050 3267 habetis,
1082 3211 1143 3256 ut
1173 3199 1371 3272 aliquis
1401 3200 1595 3256 doceat
1621 3215 1718 3254 vos
1745 3218 1759 3254 :
1793 3199 1888 3254 sed

315 3294 462 3348 sicut
489 3293 674 3348 unctio
705 3292 846 3362 ejus,
883 3291 1108 3361 spiritus
1139 3289 1259 3360 ejus
1287 3290 1446 3345 docet
1485 3305 1582 3345 vos
1609 3290 1676 3346 de
1709 3289 1889 3345 omni-

313 3385 417 3438 bus
439 3383 506 3436 τ’.
540 3401 560 3434 ι
591 3380 649 3436 1η
677 3382 814 3438 Isaia
843 3396 974 3435 vero
1002 3381 1265 3452 propheta
1281 3381 1544 3453 scriptum
1574 3386 1657 3437 est
1682 3399 1696 3436 :
1719 3397 1739 3433 ι
1764 3379 1888 3454 Spi-

1989 1909 2120 1973 Υίὺς
2143 1909 2416 1964 δείκνυται
2453 1909 2527 1982 μὴ
2565 1909 2640 1964 ὣν
2675 1911 2913 1980 κτίσμα,
2943 1913 3008 1965 ὲκ
3045 1911 3250 1966 τοΰτων
3275 1913 3440 1979 δεῖξαι
3465 1913 3566 1966 καὶ

1987 1999 2048 2053 rb
2085 2000 2310 2072 Πνεῦμα
2347 2000 2421 2072 μὴ
2447 1998 2586 2055 εἷναι
2628 2002 2852 2073 κτίσμα.
2903 2001 2993 2067 Ἐξ
3017 2003 3116 2056 οὐκ
3148 2003 3315 2058 ὄντων
3341 2005 3457 2057 ἐστὶ
3487 2005 3566 2057 τὰ.

1986 2092 2278 2165 κτίσματα,
2313 2094 2407 2147 καὶ
2433 2093 2543 2168 (84)
2573 2095 2746 2167 ἀρχὴν
2771 2093 2994 2167 ἔχειτοῦ
3018 2091 3190 2150 εἶναι’
3212 2114 3231 2147 ι
3255 2097 3342 2150 Ἐν
3369 2097 3506 2168 ἀρχῇ
3534 2115 3557 2148 ι

1986 2186 2094 2258 γὰρ
2130 2205 2148 2239 ι
2171 2187 2426 2258 εποίησεν
2463 2189 2492 2241 ὁ
2519 2187 2651 2252 Θεὸς
2683 2189 2776 2241 τὸν
2820 2187 3047 2258 οὐρανδν
3086 2188 3182 2242 καϊ
3218 2188 3316 2259 τὴν
3361 2179 3495 2260 γῆν,
3533 2207 3558 2240 ι

1987 2277 2080 2331 καὶ
2107 2275 2175 2332 τὰ
2223 2281 2281 2334 ὲν
2328 2280 2530 2342 αὐτοῖς.
2570 2281 2643 2333 Τὸ
2681 2280 2738 2333 δὲ
2783 2279 3006 2351 Πνεῦμα
3051 2279 3112 2333 rb
3159 2281 3314 2349 ἅγιον
3351 2281 3417 2333 ἐκ
3461 2281 3564 2334 τοῦ

1987 2368 2120 2423 Θεοῦ
2144 2370 2279 2432 ἐστι,
2311 2372 2402 2425 καὶ
2429 2371 2666 2441 λέγεται,
2693 2373 2769 2433 ὡς
2791 2370 2941 2428 εἶπεν
2963 2377 2992 2428 ό
3027 2373 3368 2437 Ἀπόστολος.
3401 2373 3465 2426 Ei
3499 2372 3564 2426 δὲ

1986 2466 2015 2517 ὁ
2047 2463 2192 2528 Υἱὸς,
2229 2462 2416 2536 ἐπειδὴ
2443 2465 2554 2536 (85)
2587 2465 2645 2532 ὲξ
2681 2467 2783 2520 οὐκ
2813 2467 2979 2523 ὄντων
3004 2468 3105 2520 οῦκ
3132 2467 3301 2532 ἐστιν,
3349 2465 3463 2519 ἀλλ’
3493 2468 3566 2519 ἐκ

1986 2555 2079 2608 τοῦ
2111 2554 2268 2619 Θεοῦ,
2308 2553 2533 2619 είκότως
2559 2556 2660 2610 οὐκ
2689 2555 2754 2610 ἂν
2797 2555 2881 2628 εἴη
2913 2556 3137 2627 κτίσμα,
3172 2553 3384 2625 ἀνάγκη
3421 2554 3564 2625 μηδὲ

1985 2647 2048 2700 τὸ
2079 2644 2302 2716 Πνεῦμα
2347 2645 2408 2698 rb
2454 2645 2607 2716 ἆγιον
2649 2641 2796 2700 εἶναι·
2835 2647 3074 2718 κτίσμα’
3121 2644 3307 2716 ἐπειδὴ
3360 2645 3424 2698 ἐκ
3461 2643 3568 2698 τοῦ

1985 2737 2121 2790 Θεοῦ
2151 2736 2514 2808 ὡμολόγηται.
2563 2738 2644 2793 Τά
2680 2737 2789 2811 γὰρ
2837 2737 3106 2810 κτίσματα
3151 2736 3211 2804 ἐξ
3247 2737 3346 2790 οῦκ
3388 2737 3564 2791 ὄντων

1987 2827 2161 2881 ἐστίν.

2055 2917 2109 2971 5.
2151 2916 2262 2974 Καὶ
2283 2915 2445 2970 πάλιν
2469 2917 2677 2990 χρίσμα
2704 2919 2798 2971 καὶ
2823 2919 3059 2990 σφραγὶς
3081 2917 3300 2987 λέγεται
3329 2919 3424 2972 καϊ
3443 2919 3566 2971 ἔστι

1985 3005 2046 3060 τὸ
2071 3005 2293 3078 Πνεῦμα
2315 3025 2328 3037 ·
2363 3010 2392 3062 ὁ
2425 3009 2524 3078 μὲν
2562 3007 2673 3080 (86)
2701 3009 2807 3081 γὰρ
2851 3009 3100 3081 Ἰωάννης
3125 3009 3353 3081 γράφει·
3399 3028 3418 3061 ι
3442 3011 3558 3064 Καὶ

1988 3098 2146 3169 ὑμεῖς
2166 3097 2227 3152 rb
2254 3099 2460 3171 χρίσμα
2478 3099 2507 3152 ὃ
2536 3100 2757 3154 ἐλάϐετε
2785 3104 2915 3172 παρ’
2947 3101 3111 3154 αὑτοῦ
3138 3101 3285 3171 μένει
3319 3104 3376 3154 ὲν
3405 3103 3557 3172 ὑμῖν·

1992 3191 2088 3245 καὶ
2115 3193 2176 3244 οὺ
2199 3192 2388 3262 χρείαν
2420 3191 2592 3264 ἔχετε,
2624 3194 2708 3247 ἴνα
2736 3211 2819 3258 τις
2846 3194 3068 3266 διδάσκῃ
3103 3195 3247 3266 ὑμᾶς
3277 3196 3413 3265 (87),
3444 3195 3572 3249 ἀλλ”

1990 3281 2067 3346 ὡς
2100 3281 2160 3334 τὸ
2188 3282 2353 3336 αὑτοῦ
2379 3284 2606 3355 χρίσμα,
2631 3283 2694 3336 τὸ
2715 3284 2931 3354 πνεῦμα
2959 3284 3120 3338 αὐτοῦ
3145 3284 3388 3339 διδάσκει
3415 3285 3565 3356 ὑμᾶς

1991 3374 2120 3446 περὶ
2147 3373 2362 3430 πάντων
2384 3391 2397 3404 ·
2424 3394 2442 3427 ›
2479 3377 2536 3429 ὲν
2564 3375 2620 3429 δὲ
2647 3375 2726 3447 τῷ
2767 3379 3015 3449 προφήτῃ
3061 3376 3168 3448 (88)
3227 3378 3422 3450 Ἠσατα
3465 3378 3564 3446 γέ-

315 3474 455 3529 ritus
487 3472 706 3528 Domini
753 3487 916 3543 super
951 3487 1060 3536 me,
1107 3487 1174 3529 eo
1207 3472 1351 3542 quod
1379 3473 1595 3529 unxerit
1626 3487 1713 3527 me
1734 3472 1781 3505 ⁸⁸
1809 3491 1822 3527 :
1863 3491 1883 3524 ι

1994 3483 2267 3541 γραπται·
2303 3487 2321 3519 ι
2346 3468 2571 3540 Πνεῦμα
2588 3468 2789 3538 Κυρίου
2811 3471 2898 3522 ἐπ’
2921 3470 3041 3542 ἐμὲ,
3063 3463 3123 3525 οὗ
3149 3471 3352 3524 εἵνεκεν
3377 3470 3572 3542 ἐχρισέ

315 3565 520 3622 Paulus
566 3576 749 3621 autem
798 3567 878 3623 sic
908 3566 1140 3623 scribit:
1192 3583 1212 3618 ι
1262 3567 1322 3621 In
1361 3580 1471 3635 quo
1505 3576 1560 3620 et
1606 3565 1887 3620 credentes

1996 3573 2095 3631 με·
2127 3578 2145 3610 ι
2183 3559 2276 3613 καὶ
2304 3561 2332 3614 ὁ
2363 3560 2571 3625 Παῦλος
2594 3561 2651 3614 δὲ
2680 3561 2878 3633 γράφει
2897 3578 2911 3591 ο
2954 3580 2974 3614 ι
3009 3563 3094 3617 Ἐν
3147 3555 3197 3631 ᾧ
3221 3563 3316 3617 καὶ
3340 3561 3563 3616 πιστεύ-

318 3657 518 3728 signati
566 3657 700 3713 estis
721 3659 807 3725 ⁸¹;
848 3677 867 3710 ι
900 3666 954 3714 et
996 3657 1194 3714 iterum
1225 3675 1238 3713 :
1277 3677 1296 3710 ι
1353 3655 1532 3713 Nolite
1561 3657 1887 3713 contristare

1994 3666 2182 3714 σαντες
2211 3649 2612 3722 ἐσφραγίσθητε
2634 3668 2648 3682 ·
2680 3671 2699 3704 ι
2728 3653 2822 3706 καὶ
2853 3652 3013 3707 πάλιν
3031 3669 3045 3684 ο
3086 3672 3105 3705 ι
3125 3652 3216 3726 Μὴ
3247 3654 3465 3706 λυπεῖτε
3499 3652 3568 3706 τὸ

320 3749 584 3819 Spiritum
621 3758 896 3812 sanctum,
947 3748 1009 3805 in-
1055 3765 1168 3822 quo
1212 3750 1414 3821 signati
1462 3749 1614 3817 estis,
1658 3749 1713 3804 in
1746 3748 1887 3804 diem

1994 3739 2212 3813 Πνεῦμα
2255 3741 2318 3797 rb
2368 3743 2540 3811 ἆγιον,
2583 3743 2642 3796 ὲν
2685 3736 2730 3812 ᾧ
2773 3743 3175 3817 ἐσφραγίσθητε
3220 3745 3308 3808 είς,
3345 3745 3572 3816 ἡμέραν.

310 3843 706 3914 redemptionis
724 3843 794 3898 ⁸³.
833 3863 852 3896 ι
889 3841 1101 3899 Creata:
1124 3852 1305 3899 autem
1330 3858 1418 3898 res
1441 3841 1497 3896 in
1536 3842 1638 3897 hoc
1675 3857 1887 3912 ungun-

1994 3832 2471 3905 ἀπολυτρώσεως.»
2514 3833 2596 3887 Τὰ
2616 3834 2672 3888 δὲ
2698 3835 2970 3906 κτίσματα
2995 3835 3103 3909 (89)
3125 3837 3184 3889 ὲν
3210 3836 3381 3907 τούτῳ
3413 3836 3562 3908 χρίε-

329 3945 414 3992 tur
436 3943 490 3990 et
515 3934 800 4005 signantur
829 3952 842 3988 :
870 3935 1015 4005 quod
1047 3936 1092 3991 si
1119 3943 1316 3992 creatae
1347 3951 1434 3989 res
1461 3934 1515 3989 in
1544 3934 1649 3988 hoc
1679 3950 1887 4003 ungun-

1994 3940 2076 3978 ται
2121 3925 2216 3978 καὶ
2263 3923 2618 3997 σφραγίζεται
2641 3944 2656 3957 ο
2709 3927 2757 3979 εἰ
2789 3925 2846 3979 δὲ
2875 3926 2943 3980 τὰ
2975 3927 3248 3999 κτίσματα
3285 3930 3343 3980 ἐν
3385 3926 3561 3997 τούτῳ

321 4034 411 4079 tur
432 4033 488 4080 et
516 4025 824 4096 signantur,
856 4039 1201 4096 nequaquam
1242 4031 1489 4078 creatura
1522 4020 1685 4076 fuerit
1717 4019 1887 4090 Spiri-

1995 4017 2207 4088 χρίεται
2234 4017 2329 4072 καὶ
2355 4017 2730 4089 σφραγίζεται,
2755 4021 2853 4073 οὐκ
2880 4019 2946 4073 ἂν
2971 4020 3056 4091 εἴη
3085 4021 3288 4092 κτίσμα
3314 4019 3374 4072 τὸ
3396 4018 3561 4072 Ilvati-

319 4126 410 4172 tus
435 4133 454 4171 :
480 4131 656 4185 neque
686 4115 832 4171 enim
862 4116 1040 4171 simile
1061 4125 1147 4171 est
1177 4114 1321 4185 quod
1350 4113 1504 4185 ungit
1534 4113 1601 4170 iis
1631 4127 1752 4182 quae
1785 4127 1887 4166 un~

1998 4125 2076 4178 μα
2094 4127 2109 4141 °
2141 4109 2202 4162 οὐ
2234 4109 2342 4180 γάρ
2369 4111 2551 4180 ὅμοιον
2571 4111 2631 4167 rb
2653 4111 2803 4183 χρίον
2831 4112 2938 4164 τῶν
2964 4111 3262 4184 χρωμένων
3291 4109 3428 4181 (90).
3448 4110 3558 4163 Καὶ

319 4217 543 4277 guntur.
573 4204 789 4261 Etenim
832 4206 948 4260 haec
990 4206 1178 4260 unctio
1210 4204 1372 4261 ﬂatus
1396 4212 1482 4259 est
1511 4202 1674 4268 Filii;
1705 4211 1765 4256 ut
1797 4201 1887 4272 qui

1995 4201 2104 4272 γὰρ
2129 4200 2189 4253 τὸ
2217 4198 2423 4272 χρίσμα
2448 4201 2606 4256 τοῦτο
2633 4202 2768 4274 πνοή
2805 4204 2921 4256 ἐστι
2949 4202 3042 4256 τοῦ
3088 4203 3219 4256 Υἰοῦ
3241 4219 3256 4232 ο
3291 4201 3429 4254 ὥστε
3465 4200 3558 4254 τδν

319 4297 481 4353 habet
527 4295 790 4368 Spiritum
828 4296 1018 4352 dicat:
1065 4313 1085 4349 ι
1135 4294 1340 4351 Christi
1388 4295 1566 4350 bonus
1612 4293 1749 4349 odor
1798 4309 1887 4348 su-

1997 4292 2188 4364 ἕχοντα
2217 4291 2278 4345 rb
2313 4293 2537 4364 Πνεῦμα
2563 4292 2756 4353 λέγειν’
2792 4313 2810 4346 ι
2832 4293 3070 4368 Χριστοῦ
3101 4295 3295 4349 εὐωδία
3319 4292 3506 4364 ἐσμέν.
3532 4313 3558 4342 ι

393 4503 441 4535 ’³⁸
479 4501 684 4557 lJoan.
710 4519 781 4566 ιι,
807 4501 897 4557 25.

315 4576 360 4608 ⁸³
391 4573 591 4642 Ephes.
626 4589 698 4638 tv,
727 4573 817 4629 30.

1011 4503 1056 4534 "
1081 4498 1226 4557 Psal.
1260 4515 1381 4568 xm,
1404 4500 1460 4557 1.
1570 4499 1616 4534 ²³
1644 4497 1781 4558 Gen.
1810 4511 1848 4564 ι,
1880 4508 1887 4552 θ

2041 4501 2086 4534 τ’
2113 4495 2136 4553 l
2166 4496 2325 4561 Joan.
2355 4515 2416 4566 tt,
2449 4499 2540 4555 27.
2615 4501 2663 4535 ⁸⁸
2692 4500 2796 4557 lsa.
2829 4515 2941 4566 ut,
2970 4501 3041 4556 l.
3122 4499 3165 4532 ⁸¹
3196 4495 3396 4568 Ephes.
3421 4495 3557 4560 ωε.

385 4770 505 4843 (82)(
558 4769 944 4843 seguerianus,
993 4768 1288 4843 ὁντιναοῦν.
1327 4767 1561 4843 _Begius_,
1607 4765 1886 4843 mendose,

1994 4765 2017 4822 ὅ
2045 4776 2171 4843 ερας
2197 4765 2605 4843 ξλάὁμετε-ᾶεεει
2629 4768 2691 4843 _in
2720 4767 2884 4843 Basil,

310 4835 403 4896 ὃτι
445 4835 562 4901 οὗν,
615 4835 739 4895 Mox
788 4849 912 4910 post
950 4840 1157 4910 κτίσμα
1178 4835 1484 4910 degebath
1526 4838 1578 4890 in
1619 4837 1802 4910 editis
1831 4838 1887 4891 rb

2045 4836 2186 4910 (87)
2205 4835 2294 4910 S_ic
2319 4839 2519 4908 Regius
2540 4851 2594 4892 et
2625 4838 2848 4910 Seguer.
2879 4836 3039 4910 Editi,
3064 4837 3322 4910 διδάσκει.
3353 4835 3553 4910 Ibidem

313 4913 569 4987 Πνεῦμα,
595 4912 742 4987 quod
768 4905 893 4966 cum
924 4905 1148 4987 desit'in
1178 4905 1368 4987 Regio.
1412 4907 1636 4977 Seguer.
1668 4906 1886 4987 Gobler.

1994 4909 2143 4987 editi,
2162 4905 2575 4987 διδάσκεςιξμῇς
2605 4910 2666 4961 τὸ
2687 4905 2932 4987 Πνεῦμα.
2959 4906 3090 4978 Reg.
3124 4916 3180 4962 et
3215 4906 3465 4978 Seguer.,
3493 4905 3555 4958 rb

311 4995 367 5038 et
413 4977 866 5053 Félckfprimo,
915 4988 970 5035 et
1013 4977 1732 5053 alioqui_Su_per_vaca_neutn
1781 4977 1886 5053 sit,

1994 4977 2235 5053 Πνεῦμα·
2250 4978 2411 5053 αὑτοῦ
2429 4977 2682 5053 *διδάσκει
2713 4977 2874 5053 ὑμᾶς.

314 5055 580 5112 omissum
607 5045 711 5110 est.
739 5045 944 5106 ibidem
977 5045 1259 5114 editi,‘xa.‘t
1285 5045 1355 5102 τᾶ
1382 5049 1479 5119 μεν
1515 5045 1681 5119 βάθη,
1707 5046 1886 5119 sedin
2066 5045 2176 5119 (88)
2220 5045 2278 5102 in
2309 5049 2634 5119 Gobleriano
2665 5058 2718 5102 et
2749 5045 2986 5119 Felckm.
3031 5047 3226 5117 primo,
3254 5047 3409 5119 deest
3451 5060 3552 5100 vox

320 5124 453 5196 Reg.
485 5126 712 5196 Seguer.
749 5133 804 5178 et
836 5121 1004 5178 Basil.
1044 5112 1142 5192 μέν
1176 5119 1346 5176 deest.
1382 5112 1526 5174 ’Μοί
1553 5112 1773 5186 Regius,
1802 5116 1887 5169 διὰ

1994 5112 2297 5196 ειροφήτῃκ
2313 5118 2437 5174 Mox
2469 5117 2668 5196 Regius
2698 5132 2752 5173 et
2795 5112 3160 5196 Segueriapus
3187 5112 3294 5196 ,ζοῦ
3326 5116 3551 5196 εἵνεκεν.

319 5186 472 5250 Υῑόῦ.
559 5186 589 5196 ”
1045 5186 1057 5192 '

1994 5186 2247 5253 E'diti,oi5
2274 5190 2477 5242 ἕνεκεν.
2507 5186 2706 5242 Ibidem
2733 5197 2855 5258 post
2872 5186 2906 5242 ὅ
2933 5187 3162 5251 Παῦλος.
3194 5187 3392 5241 desunt
3412 5186 3550 5258 haec,

391 5267 502 5330 (85)
541 5265 768 5333 Seguer.
796 5271 852 5318 et
878 5261 1069 5334 Basjl.,
1093 5259 1338 5334 ἀκούσει.
1527 5323 1567 5334 ﬁ
1638 5325 1670 5334 __
1761 5323 1810 5334 __

1994 5259 2046 5334 ᾂὲ
2083 5259 2305 5334 γράφει,
2337 5259 2392 5334 i_n
2420 5259 2581 5334 editis
2611 5255 2749 5334 et_in
2783 5259 3107 5334 quibusdam
3126 5273 3302 5334 _mss.,
3330 5255 3423 5334 sed
3465 5255 3555 5306 ha-

387 5323 501 5407 (84)
535 5323 648 5406 Γάὲ
679 5335 853 5407 deest
877 5333 931 5407 in
976 5331 1144 5407 Reg._
1159 5329 1384 5407 Seguer.
1433 5323 1694 5407 et.Basil.
1735 5323 1887 5407 “Mox
1999 5323 2217 5407 bent'ur'
2244 5323 2299 5388 in
2343 5328 2510 5407 Regio
2550 5337 2605 5384 et
2636 5323 3030 5407 Segueriauo.
3063 5327 3263 5407 Ibidem
3293 5325 3568 5407 autnatura

315 5403 447 5475 editi
483 5392 629 5475 [post
660 5400 799 5457 εἶναι
841 5392 1085 5475 ιιεῐιςηιξ
1105 5392 1438 5475 regamus
1461 5393 1568 5475 γὰρ
1617 5396 1675 5448 ὲν
1723 5395 1887 5475 ἀρχῇ.

1999 5402 2386 5475 πιπερσαντες
2423 5392 2579 5475 βρεει
2635 5398 2688 5452 in
2725 5392 2938 5454 Gobler.
2984 5405 3034 5452 et
3080 5395 3260 5452 Felck.
3287 5396 3337 5450 1.
3387 5392 3552 5446 Paulo

318 5471 541 5545 Regius,
584 5474 810 5545 Seguer.
852 5482 907 5529 et
932 5472 1125 5533 Basil..
1165 5471 1253 5524 Ἐν
1303 5471 1444 5542 ἀρχῇ
1484 5471 1633 5536 γάρ,
1685 5471 1893 5519 omisso

317 5544 765 5668 γέῖἕὲὶπῗέῦιει.
801 5623 857 5668 et
881 5611 1066 5668 Felck.
1101 5612 1154 5668 1.
1197 5610 1339 5665 ἐπεί.
1373 5609 1410 5665 li

330 5604 343 5613 ⁷
389 5604 503 5686 (85)
545 5613 765 5669 Gobler.
801 5623 857 5669 et
881 5611 1066 5669 Felclt.
1101 5612 1154 5676 1,
1197 5610 1339 5665 ἐπεί.
1373 5609 1538 5666 Iidem
1572 5604 1735 5676 paulo
1767 5612 1892 5675 post

315 5682 378 5741 δέ
403 5700 500 5741 oro
538 5683 690 5741 μηδέ.

389 5700 500 5827 (Si;
537 5683 836 5810 “Enecat
872 5753 934 5832 in.
957 5751 1174 5807 Gobler.
1198 5759 1250 5807 et
1266 5749 1446 5805 Felclt.
1484 5750 1532 5806 Ι.
1559 5749 1732 5807 Paulo
1764 5753 1888 5818 post

1997 5480 2119 5538 post
2146 5471 2393 5538 Semela,
2423 5469 2651 5538 λυπῆτε.

2068 5542 2181 5613 (8?)
2221 5538 2409 5613 Basi!»
2444 5540 2738 5613 χρίσμειταν
2771 5549 2825 5594 et
2856 5538 2936 5613 sic
2966 5551 3113 5613 τῐιρκ·
3154 5605 3167 5613 .
3257 5603 3298 5613 -

2068 5603 2184 5680 (90)
2217 5613 2307 5666 Sic
2339 5603 2587 5681 aegras;
2610 5608 2835 5681 Seguer.
2884 5605 3220 5664 Basiliensis.
3257 5603 3399 5662 Editi
3425 5615 3550 5656 vero

1995 5691 2048 5736 et
2076 5677 2278 5750 caeteri,
2304 5681 2396 5737 τοῦ
2422 5677 2737 5753 χρωμένου.
