3914 6222
323 336 428 392 6ιῖ9

1379 329 1714 386 EPISTULA
1750 325 1815 382 Ill
1848 325 1938 380 AD
1985 321 2442 380 SEllAPIONEM.

3455 319 3559 377 630

326 449 434 503 Καὶ
469 447 582 519 (91)
635 451 668 520 η
716 449 948 520 σφραγὶς
989 449 1047 502 δὲ
1095 450 1186 502 τὸν
1241 449 1368 503 Υίὲν
1399 450 1645 511 ὲκτυποῖ,
1679 447 1754 509 ὡς
1802 445 1880 498 τοι

1998 443 2199 498 ιιιιιε⁸³.
2243 460 2261 493 ι
2290 438 2461 504 Porro
2491 436 2826 510 signaculum
2871 435 3064 491 Filium
3093 436 3368 507 exprimit,
3398 435 3472 490 ita
3499 445 3558 490 ut

326 539 764 611 σφραγιζόμενον
795 541 939 611 ἔχειν
979 542 1075 612 τὴν
1117 541 1208 594 τοῦ
1252 542 1488 613 Χριστοῦ
1537 542 1771 612 μορφὴν,
1806 539 1893 592 λέ-

322 649 512 702 γοντος
560 632 652 686 τοῦ
699 633 1050 686 Ἀποστόλου·
1094 651 1111 683 ι
1143 634 1343 687 Τεκνία
1399 652 1498 706 μου
1524 677 1538 698 ,
1585 633 1678 696 οὓς
1732 633 1892 686 πάλιν

321 724 500 778 ὠδίνω
525 723 636 794 (92)
661 765 676 786 ,
714 724 906 796 μέχρις
939 718 998 777 οὗ
1035 725 1293 797 μορφωθῇ
1334 726 1562 797 Χριστὸς
1597 727 1656 778 ἐν
1695 726 1840 794 ὑμῖν.
1867 743 1885 776 ι

322 817 384 870 Εἰ
417 816 476 870 δὲ
511 816 573 870 16
598 817 819 886 Πνεῦμα
849 816 1042 870 εὐωδία
1070 819 1163 871 καὶ
1203 819 1383 889 μορφὴ
1421 817 1515 871 τοῦ
1561 816 1691 870 Υἱοῦ
1724 820 1890 880 ἐστιν,

197 915 214 937 ⁸
322 908 564 979 εὔδηλον,
590 909 664 973 ὡς
696 910 796 962 οὐκ
830 908 895 962 άν
936 909 1020 979 εἴη
1062 909 1123 960 16
1165 910 1388 980 Πνεῦμα
1432 909 1666 981 κτίσμα·
1706 907 1889 979 ἐπειδὴ

322 1000 417 1052 καὶ
450 1000 480 1051 6
515 999 661 1063 Υίδς,
691 1001 749 1052 ὲν
781 1001 961 1070 μορφῇ
991 997 1085 1052 τοῦ
1114 1000 1324 1070 Πατρὸς
1354 1000 1632 1071 ὑπάρχων,
1650 1002 1749 1053 οὐκ
1776 999 1890 1052 ἔστι

322 1090 545 1160 κτίσμα.
600 1091 706 1144 Καὶ
741 1090 848 1163 γὰρ
886 1091 1074 1164 ὥσπερ
1121 1091 1149 1144 6
1195 1091 1454 1163 ἑωρακὼς
1496 1093 1585 1146 τὸν
1616 1092 1741 1144 Υἰὸν
1790 1093 1890 1162 ὁρᾷ

321 1184 411 1236 τδν
448 1183 686 1254 Πατέρα,
708 1181 880 1246 οὕτως
905 1185 932 1237 6
962 1183 1025 1237 16
1053 1183 1276 1255 Πνεῦμα
1314 1185 1374 1237 16
1412 1185 1565 1252 ἅγιον
1600 1184 1736 1254 ἔχων
1778 1183 1890 1254 ἔχει

322 1275 410 1327 τὸν
439 1274 590 1338 Υίὺν,
620 1275 714 1328 καὶ
747 1274 884 1345 ἔχων
917 1275 1076 1329 αὐτὸν
1107 1275 1238 1347 (93),
1278 1276 1403 1339 ναὸς
1435 1275 1530 1328 τοῦ
1576 1275 1710 1328 Θεοῦ
1741 1276 1887 1340 ἐστι,

322 1366 621 1437 γράψοντος
649 1364 741 1418 τοῦ
775 1366 872 1435 μὲν
897 1366 1136 1419 Παύλου⁸
1174 1385 1192 1418 ι
1221 1367 1334 1420 Οὐκ
1380 1367 1556 1420 οἴδατε
1581 1406 1595 1430 ,
1648 1367 1728 1420 ὅτι
1767 1365 1890 1430 ναὸς

322 1454 414 1509 τοῦ
439 1455 572 1509 Θεοῦ
593 1457 736 1522 ἐστε,
755 1457 848 1510 καὶ
873 1457 934 1510 16
958 1457 1179 1530 Πνεῦμα
1199 1459 1291 1512 τοῦ
1312 1457 1445 1512 Θεοῦ
1463 1461 1600 1512 οίκεῖ
1622 1461 1678 1512 ὲν
1704 1460 1849 1530 ὑμῖν·
1865 1479 1884 1512 ›

320 1549 350 1599 6
379 1546 434 1601 δὲ
480 1547 730 1620 Ἰωάννης
782 1547 892 1620 (94)
937 1549 1098 1620 φησίν
1117 1566 1131 1581 ·
1167 1568 1185 1601 ι
1217 1549 1304 1602 Ἐν
1330 1551 1502 1622 τούτῳ
1529 1550 1886 1622 γινώσκομεν,

321 1639 402 1693 δτι
431 1641 491 1692 ὲν
527 1640 605 1712 τῷ
642 1639 760 1711 Θεῴ
801 1641 1053 1712 μένομεν,
1097 1643 1188 1696 καὶ
1232 1643 1394 1707 αὐτὸς
1423 1645 1480 1697 ὲν
1520 1645 1669 1714 ἡμῖν,
1703 1644 1784 1697 ὅτι
1824 1645 1888 1696 ὲκ

319 1726 412 1781 τοῦ
437 1728 754 1800 Πνεῦματος
799 1729 963 1784 αὑτοῦ
1001 1729 1230 1784 δέδωκεν
1271 1733 1420 1803 ἡμῖν.
1449 1751 1466 1784 ι
1507 1733 1567 1785 Ei
1606 1732 1662 1786 δὲ
1696 1734 1724 1786 6
1761 1732 1888 1796 Υἱὸς

319 1822 377 1872 ὲν
404 1821 482 1892 τῷ
516 1823 692 1892 Πατρὶ
718 1820 815 1887 ὣν,
854 1825 913 1876 ὲν
945 1816 990 1892 ᾧ
1034 1826 1148 1878 ἔστι
1189 1825 1284 1880 καὶ
1319 1827 1347 1879 6
1390 1825 1579 1897 Πατὴρ
1601 1865 1617 1888 ,
1679 1824 1886 1895 ὡμολο-

317 1909 456 1981 γήθη
488 1911 562 1982 μὴ
590 1910 726 1965 εἶναι
752 1913 977 1983 κτίσμα,
1005 1913 1216 1984 ἀνάγκη
1249 1915 1395 1967 πᾶσα
1422 1913 1555 1986 μηδὲ
1579 1913 1639 1966 τὸ
1661 1913 1885 1985 Πνεῦμα

318 1997 457 2054 εἶναι
491 2002 727 2073 κτίσμα’
775 2003 832 2055 ὲν
863 2003 1009 2074 αὐτῷ
1042 2004 1149 2077 γάρ
1182 2006 1327 2058 ἐστιν
1358 2007 1386 2058 6
1411 2005 1558 2070 Υίὸς,
1598 2004 1690 2058 καὶ
1725 2005 1886 2070 αὐτὸς

320 2095 376 2144 ὲν
405 2092 482 2162 τῷ
516 2091 649 2162 Υίῷ.
683 2093 774 2146 Διὸ
797 2095 890 2148 καὶ
921 2097 948 2148 6
976 2096 1038 2148 16
1059 2093 1282 2167 Πνεῦμα
1315 2095 1606 2167 λαμϐάνων
1633 2097 1758 2160 ναὸς
1791 2096 1884 2150 τοῦ

319 2181 452 2235 Θεοῦ
479 2183 824 2254 χρηματίζει.
863 2185 1031 2239 Πάλιν
1063 2187 1118 2240 δὲ
1141 2189 1250 2240 κάκ
1286 2187 1474 2242 τούτου
1506 2187 1614 2260 (95)
1659 2189 1885 2243 συνιδεῖν

318 2272 503 2334 καλὸν,
531 2275 580 2326 εί
613 2273 760 2328 ἐστιν
788 2277 816 2327 6
837 2275 964 2339 Υἱὸς
984 2276 1079 2330 τοῦ
1102 2276 1236 2330 Θεοῦ
1271 2277 1461 2346 Λόγος,
1491 2277 1566 2340 ὡς
1589 2277 1776 2352 Πατὴρ
1805 2275 1886 2343 εἷς

317 2367 486 2423 ἐστιν.
523 2386 544 2418 ι
573 2361 668 2430 Εἷς
694 2369 804 2440 γὰρ
835 2368 987 2433 Θεὸς,
1021 2368 1082 2435 ἐξ
1111 2365 1172 2424 οὗ
1205 2369 1274 2423 τὰ
1301 2371 1498 2436 πάντα,
1534 2372 1629 2425 καὶ
1659 2366 1739 2436 εἷς
1768 2371 1883 2426 Κύ-

316 2477 432 2532 ριος
478 2461 686 2533 Ἰησοῦς
737 2463 1000 2534 Χριστός⁹
1027 2482 1046 2516 ι
1101 2463 1182 2517 διὸ
1243 2467 1337 2519 καὶ
1400 2466 1693 2537 μονογενὴς
1757 2467 1885 2532 Υἱὸς

316 2553 532 2624 εἴρηται
560 2553 654 2607 καὶ
698 2554 1006 2624 γέγραπται
1031 2572 1046 2587 °
1086 2555 1155 2610 16
1187 2555 1244 2610 δὲ
1288 2556 1559 2628 κτίσματα
1591 2558 1760 2612 πολλὰ
1790 2560 1884 2614 καὶ

312 2644 570 2715 διάφορα,
610 2645 832 2714 ἄγγελοι
859 2687 874 2713 ,
927 2647 1274 2718 άρχάγγελοι,
1321 2649 1624 2721 χερουόὶμ,
1677 2651 1881 2722 ἀρχαὶ,

314 2735 584 2802 ἐξουσίαι,
611 2739 706 2791 καί⁵
739 2737 806 2792 16
839 2738 994 2804 ἄλλα,
1027 2739 1218 2819 ὥσπερ
1244 2739 1477 2812 εἴρηται.
1503 2742 1568 2795 Ei
1589 2742 1664 2807 δὲ,
1683 2743 1764 2796 δτι
1785 2742 1886 2797 οὐκ

314 2828 427 2880 ἔστι
456 2827 568 2882 τῶν
602 2828 811 2885 πολλῶν
842 2832 871 2882 6
911 2831 1059 2898 Υἱὸς,
1088 2832 1206 2886 ἀλλ’
1246 2827 1327 2896 εἷς
1369 2836 1536 2901 ἐστιν,
1579 2835 1654 2900 ὡς
1695 2835 1884 2908 Πατὴρ

312 2911 392 2980 εἷς
420 2919 558 2983 ἐστι,
589 2920 682 2973 καὶ
732 2921 831 2973 οὐκ
880 2920 995 2974 ἔστι
1031 2921 1142 2993 (96)
1176 2923 1404 2994 κτίσμα,
1448 2925 1664 2991 πάντως
1698 2928 1792 2982 καὶ
1823 2927 1885 2982 16

311 3009 539 3081 Πνεῦμα
572 3012 711 3083 (χρὴ
744 3013 852 3084 γὰρ
885 3013 992 3066 ἀπὸ
1021 3013 1120 3067 τοῦ
1160 3015 1292 3068 Υἱοῦ
1337 3016 1630 3088 λαμϐάνειν
1659 3019 1754 3072 καὶ
1787 3017 1883 3092 τὴν

313 3106 439 3175 περὶ
471 3104 570 3160 τοῦ
605 3106 919 3177 Πνεῦματος
939 3106 1171 3178 γνῶσιν)
1199 3109 1299 3162 οὑκ
1335 3107 1401 3163 ἂν
1437 3109 1521 3181 εἴη
1545 3111 1768 3180 κτίσμα.
1805 3112 1880 3166 Οὐ
1907 3136 1951 3194 c

309 3197 422 3268 γὰρ
443 3197 554 3251 τῶν
590 3198 801 3252 πολλῶν
829 3200 976 3252 ἐστιν
999 3239 1015 3264 ,
1041 3199 1155 3253 ἀλλ’
1180 3200 1238 3253 ἒν
1268 3201 1384 3254 ἐστι
1419 3202 1512 3255 καὶ
1549 3204 1701 3256 αὐτό.

384 3289 438 3344 4.
481 3291 592 3343 Καὶ
619 3291 776 3344 τοῦτο
804 3289 944 3344 οἶδεν
974 3293 1002 3344 6
1041 3293 1358 3358 Ἀπόστολος
1388 3295 1566 3364 λέγων
1586 3315 1600 3329 ·
1653 3317 1670 3348 t
1697 3298 1879 3354 Ταῦτα

307 3380 365 3434 δὲ
397 3382 579 3436 πάντα
617 3383 831 3455 ἐνεργεῖ
858 3385 920 3438 16
962 3385 1019 3438 ἒν
1065 3386 1157 3438 καῖ
1206 3386 1264 3440 16
1296 3388 1427 3441 αὐτὸ
1461 3388 1702 3462 Πνεῦμα,
1747 3391 1882 3446 διαι-

309 3473 441 3543 ροῦν
478 3475 583 3545 ἰδίᾳ⁵
608 3476 822 3546 ἑκάστῳ
845 3476 1029 3542 καθὼς
1062 3478 1312 3548 βούλεται
1333 3498 1378 3531 ἰ
1417 3483 1508 3534 καὶ
1539 3485 1657 3552 μετ’
1688 3483 1842 3553 ὀλίγα
1863 3499 1878 3514 ο

312 3583 331 3615 ι
368 3565 459 3618 Ἐν
486 3567 567 3619 ἐνὶ
611 3565 722 3636 (97)
771 3568 1046 3639 Πνεῦματι
1088 3572 1249 3641 ἡμεῖς
1294 3571 1494 3636 πάντες
1523 3575 1602 3636 είς
1634 3573 1691 3626 ἓν
1723 3574 1880 3646 σῶμα

305 3653 733 3726 ἐϐαπτίσθημεν,
760 3657 852 3709 καὶ
884 3657 1084 3721 πάντες
1110 3659 1168 3713 ἓν
1193 3658 1415 3730 Πνεῦμα
1445 3661 1808 3733 ἐποτίσθημεν
1828 3679 1874 3716 ἰ

304 3745 401 3796 καὶ
449 3743 635 3807 πάλιν,
668 3745 856 3816 ἐπειδὴ
892 3749 957 3799 ἐκ
1001 3747 1096 3800 τοῦ
1149 3747 1280 3800 Υίοῦ
1318 3748 1400 3801 δεῖ
1440 3749 1738 3820 λαμϐάνειν
1783 3753 1880 3825 τὴν

303 3835 434 3906 περὶ
464 3834 560 3888 τοῦ
598 3835 914 3907 Πνεύματος
953 3838 1172 3906 γνῶσιν,
1205 3840 1412 3911 πρέπον
1445 3841 1510 3894 ἂν
1526 3843 1610 3912 εἴη
1635 3841 1693 3908 ἐξ
1715 3843 1877 3897 αὐτοῦ

301 3924 399 3976 καὶ
416 3923 515 3987 τὰς
541 3925 836 3991 ἀποδείξεις
857 3928 1169 3998 προφέρειν.
1192 3930 1474 4000 Πανταχοῦ
1487 3932 1662 3985 τοίνυν
1679 3933 1825 3988 ἐστὶν
1852 3936 1881 3987 6

299 4013 451 4080 Υἱὸς,
470 4019 530 4070 ἐν
562 4017 735 4090 Πατρὶ
756 4018 862 4090 γὰρ
889 4019 986 4083 ὢν,
1001 4022 1093 4073 καὶ⁸
1117 4020 1208 4074 τοῦ
1230 4022 1440 4092 Πατρὸς
1454 4023 1691 4096 ὅντοςὲν
1711 4024 1875 4096 αὐτῷ.

298 4105 484 4159 Πάντα
500 4107 609 4181 γὰρ
647 4112 840 4180 κρατεῖ
885 4111 978 4163 καὶ
1007 4111 1253 4181 συνέχει,
1299 4113 1393 4165 καὶ
1425 4094 1876 4188 γέγραέτταιβη),

295 4197 377 4252 ὅτι
420 4217 438 4248 ι
473 4199 563 4251 Ἐν
610 4199 759 4271 αὐτῷ
821 4201 1118 4274 συνέστηκε
1169 4203 1238 4257 16
1290 4205 1468 4258 πάντα
1498 4224 1515 4256 ι
1551 4204 1658 4259 εῐτε
1710 4207 1880 4278 ὁρατὰ

296 4292 411 4342 εἴτε
443 4289 674 4361 ἀόρατα,
705 4311 723 4342 ι
749 4293 844 4344 καὶ
884 4293 1046 4356 αὑτός
1087 4295 1203 4347 ἐστι
1234 4295 1340 4366 πρὸ
1380 4296 1617 4350 πάντων.
1653 4316 1673 4350 ι
1716 4299 1797 4351 T6
1823 4299 1888 4353 δὲ

295 4381 575 4450 κτίσματα
607 4384 666 4435 ἐν
697 4385 1126 4454 μεμερισμένοις
1157 4387 1343 4447 τόποις
1375 4389 1523 4441 ὲστίν
1555 4389 1664 4458 (99)
1685 4407 1698 4420 °
1731 4391 1879 4459 ἥλιος

1994 533 2139 604 quod
2169 533 2418 603 signatur
2441 529 2642 584 Christi
2674 527 2906 583 formam
2942 526 3154 591 haheat,
3183 525 3393 581 dicente
3411 526 3557 596 Apo-

1995 626 2177 682 stolo:
2217 647 2234 677 ι
2273 622 2449 678 Filioli
2490 621 2617 686 mei,
2650 627 2789 690 Quos
2834 619 3029 673 iterum
3085 617 3350 686 parturio,
3382 617 3556 670 donec

1994 718 2259 773 formetur
2295 715 2546 770 Christus
2594 714 2648 767 in
2699 712 2854 766 vobis
2879 712 2945 765 “.
2989 728 3007 761 ι
3055 708 3209 776 Quod
3235 709 3280 764 si
3320 707 3555 778 Spiritus

1992 807 2170 862 bonus
2203 806 2338 860 odor
2365 814 2420 860 et
2468 803 2644 858 forma
2677 801 2799 857 Filii
2830 813 2933 865 est,
2963 799 3140 869 palam
3179 807 3263 854 εει
3292 795 3551 868 Spiritum

1993 910 2100 949 non
2128 909 2249 950 esse
2271 903 2598 957 creaturam,
2629 890 3067 961 quandoquidem
3089 903 3190 943 nec
3209 886 3404 951 Filius,
3428 900 3560 941 cum

1993 985 2049 1040 in
2083 985 2259 1040 l‘orma
2288 983 2466 1039 Patris
2496 984 2587 1047 sit,
2622 992 2705 1037 est
2749 989 3020 1038 creatura.
3073 979 3227 1036 Sicut
3269 979 3415 1035 enim
3459 978 3561 1047 qui

1991 1077 2136 1131 videt
2166 1075 2360 1130 Filium
2406 1075 2552 1130 videt
2580 1074 2793 1129 Patrem
2820 1091 2836 1140 ;
2865 1073 2944 1129 sic
2973 1073 3066 1142 qui
3098 1071 3259 1128 habet
3294 1069 3554 1140 Spiritum

1993 1171 2263 1225 sanctum,
2301 1163 2464 1219 habet
2495 1172 2548 1218 et
2573 1161 2794 1227 Filium,
2823 1174 2876 1217 et
2907 1164 2952 1218 si
2987 1162 3151 1217 habet
3195 1161 3369 1224 illum,
3418 1170 3556 1215 tem-

1989 1255 2139 1324 plum
2171 1264 2253 1309 est
2298 1253 2414 1320 Dei,
2453 1262 2514 1308 ut
2565 1253 2765 1309 Paulus
2813 1253 3042 1309 scribit:
3097 1272 3116 1306 ι
3156 1251 3389 1308 Nescitis
3425 1251 3555 1322 quia

1991 1347 2250 1418 templum
2294 1347 2581 1411 Dei'estis,
2612 1355 2664 1402 et
2706 1348 2940 1418 Spiritus
2978 1345 3073 1402 Dei
3107 1346 3316 1401 habitat
3352 1346 3406 1400 in
3452 1360 3553 1400 v0-

1989 1437 2074 1494 bis
2096 1439 2164 1491 ".
2197 1456 2216 1490 ι
2242 1435 2478 1492 Joannes
2511 1445 2691 1492 autem
2715 1438 2829 1492 ait:
2876 1455 2894 1488 ι
2931 1434 2992 1490 ln
3022 1435 3126 1490 hoc
3150 1435 3552 1506 cognoscimus,

1989 1531 2247 1601 quoniam
2275 1529 2331 1585 in
2379 1527 2490 1584 Deo
2527 1544 2829 1596 manemus,
2875 1537 2929 1584 et
2960 1528 3076 1599 ipse
3107 1527 3161 1582 in
3194 1527 3352 1583 nobis
3375 1547 3388 1582 :
3415 1543 3556 1598 quo~

1989 1622 2136 1676 niam
2171 1621 2256 1676 de~
2288 1619 2494 1692 Spiritu
2530 1635 2631 1676 suo
2663 1621 2811 1676 dedit
2851 1619 3098 1676 nobis“.
3147 1638 3168 1672 ›
3200 1617 3353 1686 Quod
3386 1619 3431 1674 si
3460 1617 3554 1673 Fi-

1991 1711 2123 1766 lium
2153 1710 2281 1781 quia
2308 1710 2364 1765 in
2408 1709 2568 1766 Patre
2607 1717 2710 1776 est,
2746 1717 2802 1764 et
2831 1707 2992 1764 Pater
3029 1709 3084 1763 in
3115 1708 3257 1780 ipso,
3299 1707 3559 1764 conﬁtea-

1917 1802 1959 1856 B
1987 1817 2111 1856 mur
2139 1816 2247 1856 non
2279 1816 2401 1856 esse
2427 1809 2731 1856 creaturam
2757 1817 2773 1865 ;
2808 1813 3288 1868 prorsus-necesse
3318 1807 3424 1866 est,
3452 1812 3556 1856 nec

1988 1893 2249 1966 Spiritum
2278 1891 2440 1965 555.
2486 1908 2606 1950 esse
2652 1900 2997 1948 creaturam»:
3051 1890 3104 1944 in
3149 1891 3270 1961 ipso
3316 1904 3581 1962 namque

1985 1986 2158 2042 Filius
2187 1995 2290 2051 est,
2325 1994 2380 2040 et
2409 1985 2526 2055 ipse
2556 1985 2611 2040 in
2647 1983 2807 2040 Filio.
2843 1981 3182 2054 Quapropter
3233 1982 3325 2052 qui
3375 1981 3552 2052 Spiri-

1987 2087 2102 2133 tum
2137 2077 2357 2149 accipit,
2399 2077 2660 2148 templum
2710 2075 2938 2132 Ποὶηεει.
2988 2074 3226 2129 Rursum
3274 2073 3401 2127 hinc
3435 2087 3551 2127 rem

1985 2172 2412 2228 animadvertere
2464 2172 2621 2238 licet,
2673 2170 2718 2226 si
2772 2168 2944 2224 Filius
3014 2167 3110 2222 Dei
3162 2165 3398 2221 Verbum
3445 2173 3550 2232 est,

1985 2280 2127 2321 unus
2169 2273 2254 2320 est
2292 2264 2453 2320 sicuti
2480 2263 2662 2319 Pater.
2713 2280 2733 2315 ι
2787 2259 2941 2317 υηυε
2965 2260 3109 2315 enim
3161 2257 3305 2314 Deus
3342 2273 3407 2313 cx
3443 2273 3554 2328 quo

1983 2355 2190 2421 omnia,
2223 2365 2276 2410 et
2305 2371 2448 2410 unus
2473 2353 2737 2409 Dominus
2763 2350 2922 2408 Jesus
2952 2350 3204 2406 Christus
3223 2351 3266 2382 ⁸⁷
3297 2368 3309 2403 :
3354 2368 3372 2401 ι
3407 2349 3554 2404 ideo-

1985 2463 2092 2519 que
2122 2448 2438 2519 unigenitus
2466 2445 2637 2503 Filius
2661 2445 2840 2501 dictus
2859 2442 3203 2514 scriptusque
3233 2450 3317 2498 est
3345 2459 3359 2495 :
3395 2455 3553 2496 crea-

1983 2531 2120 2596 turae
2151 2548 2332 2595 autem
2360 2537 2544 2594 multa:
2575 2552 2639 2593 ac
2677 2536 2842 2591 variae
2869 2543 2999 2590 sunt
3030 2552 3043 2588 :
3079 2533 3276 2604 angeli,
3324 2532 3555 2588 archan-

1983 2630 2107 2701 geli,
2148 2629 2451 2697 cherubim,
2501 2628 2858 2700 principatus,
2893 2635 2949 2682 et
2993 2637 3206 2692 caetera,
3236 2625 3314 2681 uti
3342 2626 3547 2680 dictum

1982 2729 2086 2775 est.
2120 2719 2277 2786 Quod
2318 2720 2366 2775 si
2414 2719 2543 2790 quia
2591 2717 2762 2774 Filius
2813 2732 2921 2772 nou
2969 2725 3053 2772 est
3097 2717 3412 2782 multorum,
3454 2715 3548 2768 sed

1983 2827 2126 2868 unus
2149 2820 2250 2879 est,
2283 2811 2444 2868 sicuti
2477 2811 2637 2866 Pater
2669 2819 2753 2866 est
2783 2825 2946 2874 unus,
2984 2825 3094 2865 non
3140 2818 3224 2866 est
3256 2817 3504 2864 creatura
3531 2827 3547 2874 ;

1985 2917 2114 2972 ergo
2149 2918 2250 2959 nec
2295 2901 2531 2973 Spiritus
2581 2913 2804 2958 sanctus
2829 2900 2850 2965 (
2874 2909 3086 2970 oportet
3116 2903 3261 2956 enim
3296 2917 3362 2957 ex
3411 2899 3551 2957 Filio

1985 2993 2221 3065 Spiritus
2267 2995 2442 3051 sancti
2475 2993 2693 3065 assequi
2739 2995 3026 3064 notitiam)
3062 3002 3310 3050 creatura
3362 2991 3546 3048 fuerit.

1983 3082 2102 3140 Non
2129 3085 2276 3140 enim
2305 3084 2602 3140 multorum
2637 3093 2740 3150 est,
2767 3085 2859 3142 sed
2896 3101 3036 3141 unus
3064 3092 3151 3140 est
3179 3093 3233 3140 et
3261 3083 3408 3155 ipse.

2051 3286 2106 3341 ι.
2135 3283 2203 3340 Ει
2230 3285 2335 3341 hoc
2355 3285 2522 3356 probe
2553 3294 2713 3341 norat
2746 3285 3034 3356 Apostolus
3075 3285 3168 3355 qui
3199 3285 3312 3339 ait:
3350 3302 3368 3334 ι
3423 3282 3547 3338 llaec

1981 3389 2162 3432 autem
2194 3379 2380 3434 omnia
2415 3388 2672 3448 operatur
2715 3394 2858 3434 unus
2900 3387 3062 3448 atque
3095 3377 3236 3433 idem
3290 3375 3550 3446 Spiritus,

1980 3468 2230 3526 dividens
2259 3469 2484 3540 singulis
2506 3478 2668 3539 prout
2697 3470 2810 3524 vult
2831 3470 2904 3524 ⁸⁸ε
2938 3489 2957 3521 ι
2979 3478 3033 3524 ει
3063 3469 3221 3538 paulo
3238 3477 3359 3538 post
3385 3485 3399 3521 :
3436 3485 3452 3518 ι
3487 3465 3544 3519 In

1981 3577 2092 3618 uno
2141 3562 2348 3634 Spiritu
2394 3577 2584 3618 omnes
2615 3577 2716 3616 nos
2750 3563 2804 3616 in
2840 3578 3009 3616 unum
3044 3575 3242 3630 corpus
3289 3559 3544 3628 baptizati

1981 3671 2211 3712 sumus:
2249 3665 2302 3710 et
2347 3671 2538 3711 omnes
2583 3671 2692 3710 uno
2723 3653 2929 3725 Spiritu
2977 3654 3146 3725 potati
3196 3669 3386 3708 sumus
3409 3652 3479 3706 ³⁸.
3520 3671 3540 3702 ι

1980 3749 2056 3801 Ac
2089 3761 2330 3810 rursum,
2358 3747 2616 3816 quoniam
2645 3761 2709 3801 ex
2750 3744 2888 3800 Filio
2919 3745 3154 3814 Spiritus
3187 3742 3420 3812 cognitio
3451 3757 3544 3795 ac-

1980 3839 2225 3909 cipienda
2255 3847 2359 3903 est,
2400 3838 2653 3893 convenit
2679 3839 2836 3892 etiam
2871 3852 2936 3890 ex
2983 3837 3100 3906 ipso
3129 3833 3544 3889 demonstratio-

1981 3946 2078 3986 nes
2108 3931 2373 4001 proferre.
2401 3929 2568 4001 Igitur
2595 3930 2797 3999 ubique
2824 3927 2997 3982 Filius
3023 3935 3106 3982 est
3135 3942 3258 3982 cum
3289 3925 3343 3980 in
3383 3923 3542 3978 Patre

1981 4023 2072 4086 sit,
2104 4031 2158 4077 et
2185 4020 2344 4076 Pater
2376 4021 2429 4075 in
2465 4021 2603 4090 ipso.
2635 4018 2770 4074 Nam
2805 4018 2990 4074 omnia
3033 4027 3176 4074 tenet
3211 4024 3263 4071 et
3301 4017 3541 4086 comple-

1980 4112 2144 4167 ctitur
2169 4129 2184 4165 :
2206 4112 2576 4181 scriptumque
2601 4117 2685 4165 est
2707 4128 2720 4163 :
2746 4128 2764 4160 ι
2788 4095 2845 4162 in
2864 4108 2982 4178 ipso
3011 4107 3194 4163 omnia
3221 4115 3491 4170 constant,
3506 4112 3539 4158 ἰ

1980 4219 2103 4260 cum
2167 4203 2400 4259 visibilia
2449 4212 2561 4256 tum
2589 4199 2880 4256 invisibilia
2910 4239 2925 4265 ,
2955 4217 2973 4250 ι
3009 4207 3063 4252 ει
3113 4199 3228 4268 ipse
3280 4205 3366 4252 est
3418 4204 3540 4250 ante

1980 4311 2168 4352 omnes
2195 4296 2260 4349 “.
2307 4313 2327 4347 ι
2354 4293 2626 4349 Creatura':
2649 4299 2827 4347 autem
2873 4291 2928 4345 in
2972 4290 3160 4346 divisis
3191 4297 3319 4345 sunt
3367 4287 3538 4343 locis:

1980 4389 2061 4444 sol
2091 4388 2310 4459 quidem
2353 4397 2407 4442 et
2443 4387 2574 4441 luna
2621 4396 2922 4455 caateraque
2952 4382 3240 4456 luminaria
3270 4380 3324 4435 in
3361 4379 3529 4434 ﬁrma-

296 4472 399 4541 μὲν
433 4471 529 4524 καὶ
558 4473 751 4545 σελήνη
783 4476 878 4528 καὶ
905 4477 953 4529 οί
987 4477 1135 4530 ἄλλοι
1162 4479 1443 4549 φωστῆρες
1466 4481 1523 4533 ὲν
1544 4479 1620 4551 τῷ
1643 4483 1874 4552 στερεώ⁹

1988 4488 2183 4541 mento.
2215 4479 2268 4533 in
2300 4479 2438 4533 caelo
2473 4477 2670 4548 angeli,
2712 4485 2766 4531 ει
2795 4475 3045 4529 homines
3090 4472 3144 4526 in
3174 4481 3337 4526 terra.
3387 4468 3536 4536 Quod

295 4577 454 4630 ματι,
483 4561 543 4612 ὲν
572 4561 784 4634 οὐρανῷ
815 4563 872 4616 δὲ
913 4564 1154 4632 ἄγγελοι,
1206 4567 1300 4620 καὶ
1343 4568 1615 4639 ἄνθρωποι
1651 4572 1742 4624 ἐπὶ
1773 4572 1873 4644 τῆς

1978 4573 2023 4627 si
2045 4571 2218 4628 Filius
2245 4587 2372 4628 cum
2405 4586 2513 4626 non
2541 4570 2594 4625 in
2622 4569 2812 4626 divisis
2854 4567 3012 4628 locis,
3045 4563 3139 4620 sed
3173 4563 3226 4618 in
3263 4561 3422 4617 Patre
3451 4561 3520 4615 sit

355 4677 409 4708 ⁸³
445 4675 491 4754 Il_
513 4678 874 4754 _C0|'_._l_l_,A‘l_5.
910 4682 996 4754 g“
1019 4681 1194 4754 Galat.
1225 4701 1296 4746 tv,
1330 4685 1414 4739 l9.
1493 4687 1538 4718 ’⁸⁸
1564 4687 1581 4740 1
1611 4688 1738 4745 Cor.
1777 4708 1858 4754 Ill,

2049 4690 2096 4723 ⁸⁸
2125 4689 2145 4743 1
2176 4687 2336 4745 Joan.
2368 4706 2442 4754 tv,
2478 4689 2564 4744 15.
2643 4688 2687 4720 ⁸⁷
2746 4685 2768 4741 l
2800 4687 2926 4742 Cor.
2963 4699 3057 4739 vm
3083 4685 3117 4747 ,’
3148 4679 3200 4733 6.
3291 4677 3337 4710 ⁸⁸
3370 4674 3519 4730 [Cor

291 4763 395 4811 ιιι,
469 4747 557 4802 11.
632 4749 676 4781 ⁸⁸
705 4749 837 4804 ibid.
870 4752 957 4806 15.
1034 4753 1080 4784 ⁹⁰
1111 4753 1325 4810 Coloss.
1361 4772 1397 4818 I,
1430 4755 1514 4809 17.

358 4839 480 4911 (9i)
519 4839 620 4894 Καί
648 4841 801 4897 deest
827 4844 880 4898 in
914 4844 1132 4900 Gobler.
1173 4859 1227 4902 et
1260 4849 1436 4903 Felck.
1468 4851 1518 4903 1.
1558 4848 1678 4902 Mox
1704 4849 1871 4904 editio

289 4910 843 5000 Pariszzmendose,
871 4917 1129 5000 σφράγη,
1191 4928 1247 4973 at
1291 4921 1456 4975 editio
1501 4919 1774 4974 Comniel.
1817 4928 1872 4973 et

287 4995 490 5052 omnes
526 4995 682 5052 mss,
714 4995 971 5052 σφραγίς.

360 5049 483 5120 (9'2)
525 5049 1080 5120 βεείιῇεηείεζῶδινα.

356 5118 480 5201 (93)
500 5118 636 5201 Δδίῇ
663 5119 900 5201 Regius,
920 5127 930 5136 '
957 5124 1327 5201 Seguerianus
1347 5167 1362 5189 ,
1415 5125 1756 5201 Basiliensis-
1775 5126 1867 5201 __At

285 5191 420 5270 editi
440 5197 517 5270 ,ει
547 5190 662 5270 alii,
693 5193 839 5270 καὶρ
869 5190 1056 5262 ἔχων,’
1069 5197 1409 5270 timidiqqu
1435 5198 1716 5270 sentean
1741 5197 1871 5270 _dis—

290 5258 550 5339 crimine.
583 5258 703 5339 M0;
773 5262 871 5332 μέν
898 5258 1030 5339 ante
1074 5265 1282 5339 Παῦλον
1295 5258 1504 5339 legitur
1535 5267 1589 5320 in
1625 5264 1791 5336 Regio
1818 5274 1872 5320 et

288 5331 656 5394 Segueriano,
687 5334 743 5384 in
774 5331 984 5388 ceteris
1012 5343 1067 5388 et
1092 5335 1252 5390 editis
1277 5331 1641 5390 desideratur.

501 5397 739 5477 ﬁobler.
780 5413 844 5477 et_
871 5401 1107 5477 Fclckm.
1145 5404 1211 5468 1,
1244 5408 1272 5477 6
1301 5405 1356 5458 δὲ
1398 5405 1619 5477 Κύριος.

357 5468 476 5540 (95)
501 5468 704 5540 Regius
729 5481 782 5525 et
812 5471 1154 5537 Segucrian.,
1183 5476 1277 5528 καὶ
1307 5477 1371 5528 ἐκ
1397 5468 1610 5531 τούτου.
1639 5473 1863 5536 Ibidem,

285 5541 347 5595 Ei
366 5539 532 5592 ἔστιν
563 5539 592 5590 6
627 5539 750 5603 Υίὸς
776 5541 871 5593 τοῦ
895 5541 1029 5595 Θεοῦ
1060 5545 1230 5611 Λόγος
1249 5545 1325 5607 ὡς
1354 5545 1562 5613 Πατὴρ,
1582 5541 1661 5608 εἷς
1692 5545 1857 5597 ἐστιν.

288 5612 379 5662 Sic
431 5609 562 5662 Rea.
604 5606 830 5662 Seauer.
866 5621 920 5662 et.
959 5613 1069 5662 alii.
1108 5613 1248 5662 Edili
1287 5629 1416 5662 vero
1455 5615 1630 5662 Λόγου
1661 5613 1857 5662 habent

290 5612 379 5665 Sic
431 5612 544 5678 Reg

289 5677 574 5734 mendose.
634 5677 787 5734 Hurtc
820 5679 996 5736 locum
1044 5685 1210 5743 probe
1265 5677 1852 5743 intellexit'Erasmus.

289 5699 574 5734 menaose.
634 5699 787 5734 ﬂllllC
823 5699 996 5736 locum
1082 5699 1210 5736 mne
1265 5699 1521 5738 ΙΠΠῚΙΘΧΙΙ,
1563 5699 1852 5743 brasmus.

289 5752 379 5820 qui
411 5751 516 5804 hoc
546 5749 709 5803 modo
734 5750 1002 5807 vertit:Si
1034 5699 1079 5807 Β
1081 5753 1202 5808 ilius
1225 5763 1301 5806 cs!
1327 5753 1419 5806 Dei
1458 5753 1692 5820 Verbum,
1723 5770 1852 5808 unus

1976 4858 2054 4900 est
2081 4850 2240 4902 siculi
2268 4847 2444 4901 Pater.
2470 4845 2709 4900 Felckm.
2727 4860 2854 4900 vero
2875 4839 3374 4911 putavitlegendum
3396 4854 3531 4892 esse.

1976 4919 2039 4971 Εί
2077 4913 2158 4980 εἷς
2185 4919 2331 4970 ἐστιν
2359 4919 2388 4970 6
2414 4917 2561 4980 Υἱός.
2599 4915 2702 4970 Sed
2749 4915 2902 4969 locus
2947 4914 3082 4968 bene
3109 4911 3297 4969 habet,
3353 4918 3516 4975 atque

2015 4979 2350 5057 rout_liquet
2389 5003 2455 5040 ex
2509 4979 2649 5040 serie
2671 5025 2718 5057 ,μ
2740 4993 2798 5057 ut
2830 4984 3080 5057 superius
3112 4979 3400 5057 ventendus
3433 4986 3516 5057 est

1974 5004 2139 5110 prout
2184 5004 2350 5057 liquet
2389 5004 2455 5040 ex
2509 5004 2687 5049 sene,
2740 5004 2798 5066 ut
2830 5004 3079 5053 superius
3115 5004 3400 5034 ve-zwuuus
3433 5004 3510 5029 cal

2001 5056 2118 5133 ul'ra
2153 5055 2310 5127 Reg.,
2339 5057 2650 5133 χερουὸείμ.
2687 5054 2820 5133 ibid.
2854 5055 2998 5133 .haac,
3037 5049 3298 5133 άγγελρι,
3329 5046 3510 5133 ἁρχάγ

1973 5127 2140 5195 γελοι,
2168 5117 3061 5198 156006651,r6px6i,_é§006ig_t,_ital.
3085 5117 3153 5198 τὰ
3177 5117 3525 5186 ὧλλα,ὦσπετ

1973 5145 2140 5195 γελοι,
2168 5145 2450 5198 χερουοιμ,
2480 5145 2550 5198 αρ
2589 5145 2664 5188 αι,
2687 5145 2944 5190 εςουσιαι,
2969 5145 3061 5175 και
3085 5145 3153 5172 τοι
3177 5145 3359 5182 ανυιαμ

1971 5198 2429 5273 equ16t,_t_les_ttnt
2459 5197 2511 5249 in
2543 5145 2758 5273 ἔθυιεν.
2790 5203 2847 5273 ει
2869 5191 3046 5273 felck.
3079 5191 3129 5243 l.
3177 5271 3187 5273 Δ
3239 5272 3246 5273 7
3345 5258 3359 5273 ο

2194 5265 2288 5346 Sic
2316 5265 2448 5346 Reg.
2479 5275 2533 5319 et
2557 5266 2779 5333 Seguer.
2807 5260 2945 5315 Editi
2965 5260 3508 5346 perperamtooitim

2041 5327 2151 5406 (97)
2193 5327 2589 5406 St-guerianus,
2765 5349 2864 5406 τιι
2899 5327 3172 5406 mendose.
3224 5327 3344 5406 Mox
3363 5327 3520 5406 “hac.

1969 5393 2064 5459 καί.
2091 5393 2295 5468 πάντεξ
2317 5405 2375 5457 ἓν
2409 5393 2631 5473 Πνεῦμα
2651 5401 3033 5473 ἐποτίσθημεν,
3052 5400 3246 5473 des_u_nt
3275 5397 3328 5450 in
3363 5393 3519 5464 “egit

1969 5477 2120 5547 solo.
2141 5466 2310 5547 Paulo
2343 5483 2464 5542 post
2494 5466 2622 5541 Reg.
2655 5480 2708 5524 et
2741 5466 2990 5547 ὃθεν-ειη
3016 5466 3333 5547 λαμϐάνειν.
3407 5534 3440 5547 Η

2041 5546 2154 5617 (98)
2196 5543 2285 5617 Sic
2314 5535 2502 5617 omnes
2529 5535 2678 5617 mss.
2712 5549 2766 5593 et
2807 5535 2974 5592 éditio
3017 5535 3307 5601 Co‘tnmel.;
3357 5535 3520 5589 editit‘

550 5647 562 5660 .
604 5606 832 5684 Sgguer.
866 5621 920 5666 et
959 5613 1069 5667 alii.
1108 5606 1248 5667 Editi
1287 5606 1416 5668 vero
1455 5606 1860 5684 A'éyouihahent

1988 5606 2094 5670 tero
2123 5614 2330 5684 Paris.1
2350 5612 2425 5684 ὡς
2459 5611 2551 5663 καὶ
2581 5608 2905 5684 γέγραπται12

2035 5686 2144 5755 (99)
2185 5683 2273 5738 Sic
2301 5681 2498 5749 Regius
2526 5689 2576 5734 et
2609 5676 2831 5747 Seguer.
2872 5676 3011 5731 Editi
3045 5693 3193 5743 vero,
3230 5677 3389 5728 είσίν.
3441 5683 3444 5687 ·
