3914 6222
396 307 494 360 63.}

966 304 1026 357 S.
1065 301 1439 357 ATHANASII
1483 302 1638 360 OPP.
1672 304 1851 358 PARS
1889 304 1926 358 I.
1968 335 2036 344 —-
2069 301 2438 357 HlSTORlCA
2480 301 2568 355 ET
2600 298 3015 355 DOGMATICA.

3527 299 3633 353 Εὖὲ

397 420 598 488 ubique
633 427 738 484 est,
767 427 972 472 etcum
1005 428 1159 472 extra
1186 419 1370 472 omnia
1412 419 1660 484 sit,'non
1687 428 1772 474 est
1819 435 1970 474 crea-

2087 421 2192 491 γῆς.
2218 420 2280 472 Ei
2309 419 2363 471 δὲ
2395 421 2422 473 ὁ
2447 418 2594 482 Υἱὸς,
2635 419 2735 470 οὐκ
2776 415 2850 468 ὢν
2888 417 2945 467 ὲν
2982 413 3398 486 μεμερισμένοις
3424 414 3630 478 τόποις,

397 521 538 574 Iura‘,
576 517 977 577 consequenter
1028 525 1128 563 nec
1169 510 1412 579 Spiritus
1455 519 1675 566 sanctus
1723 522 1970 566 creatura

396 600 581 663 fuerit,
613 615 738 654 cum
774 615 881 652 non
913 600 982 654 sit
1008 599 1059 652 in
1109 601 1298 654 divisis‘
1328 601 1482 666 locis,
1518 602 1609 656 sed
1652 602 1834 656 omnia
1870 604 1975 656 im-

398 691 558 758 pleat,
597 705 660 742 ac
689 699 844 744 extra
891 693 1074 744 omnia
1108 691 1198 745 sit.
1245 690 1322 746 Ita
1362 693 1507 746 enim
1552 693 1811 761 scriptum
1847 703 1929 748 est
1955 712 1974 746 ι

402 801 422 833 ε
481 781 718 851 Spiritus
766 781 983 837 Domini
1033 783 1258 851 replevit
1302 785 1487 838 orbem
1525 793 1792 838 terrarum
1814 786 1857 816 ⁹¹
1892 800 1911 849 ;
1946 802 1967 834 ›

398 873 675 943 Davidque
702 875 888 929 canit:
922 893 942 926 ί
978 875 1096 941 Quo
1122 875 1209 928 ibo
1241 890 1272 928 a
1309 874 1517 945 Spiritu
1541 885 1636 930 tuo
1658 877 1724 941 ",
1769 895 1787 928 ι
1815 875 1972 944 quasi

399 979 506 1018 non
526 966 598 1020 sit
624 967 740 1036 ipse
767 967 823 1020 in-
850 966 990 1034 loco,
1019 967 1110 1022 sed
1140 978 1293 1022 extra
1323 969 1529 1035 omnia,
1559 978 1722 1038 atque
1755 968 1811 1022 in
1834 967 1972 1021 Filio

400 1057 491 1118 sit,
523 1059 665 1113 sicut
697 1051 867 1114 Filius
890 1067 976 1113 est
1013 1059 1067 1113 in
1113 1059 1272 1115 Patre
1298 1080 1316 1114 :
1349 1059 1470 1114 ideo
1522 1061 1667 1114 enim
1714 1075 1817 1115 nec
1858 1060 1974 1129 ipse

402 1154 650 1200 creatura
677 1155 782 1210 est,
809 1155 869 1201 ut
894 1145 1327 1202 demonstratum
1350 1147 1472 1203 fuit.
1503 1147 1584 1203 Ad
1621 1148 1737 1203 haec
1765 1149 1970 1211 omnia,

403 1237 532 1292 hinc
560 1238 795 1292 validius
827 1237 1196 1293 confutabitur
1219 1239 1422 1294 Arianae
1464 1239 1706 1304 haeresis,
1744 1255 1807 1294 ac
1853 1256 1975 1293 rur-

402 1342 523 1381 sum
553 1342 621 1381 ex
656 1327 794 1382 Filio
820 1329 1110 1398 perspicua
1139 1329 1231 1384 tiet
1255 1329 1493 1399 Spiritus
1518 1331 1691 1386 sancti
1713 1331 1968 1400 cognitio.

401 1416 626 1472 Creator
656 1419 837 1486 itaque
865 1432 948 1474 est
976 1419 1146 1475 Filius
1171 1420 1333 1476 sicuti
1361 1419 1520 1475 Pater
1545 1439 1558 1474 :
1593 1438 1611 1470 ι
1642 1421 1772 1486 Quae
1799 1421 1973 1483 enim,

401 1511 598 1579 inquit,
634 1510 790 1565 video
816 1509 1030 1568 Patrem
1061 1510 1368 1576 facientem,
1398 1513 1511 1566 haec
1533 1518 1587 1566 et
1613 1526 1713 1580 ego
1738 1511 1961 1566 facio”.

400 1598 614 1666 Omnia,
658 1619 677 1652 ι
702 1602 886 1673 igitur,
926 1620 946 1653 ο
975 1617 1070 1672 per
1095 1602 1271 1672 ipsum
1294 1602 1434 1658 facta
1458 1610 1606 1666 sunt,
1625 1610 1681 1656 et
1705 1602 1824 1656 sine
1857 1603 1975 1672 ipso

401 1691 603 1745 factum
625 1701 711 1746 est
740 1691 876 1746 nihil
899 1691 967 1747 “.
1006 1711 1025 1744 ι
1061 1693 1119 1746 Si
1145 1707 1275 1748 vero
1314 1691 1488 1750 Filius
1511 1701 1722 1748 creator
1750 1707 1871 1748 cum
1905 1695 1975 1748 sit

2075 511 2185 564 ἀλλ’
2215 512 2273 563 ὲν
2303 511 2476 580 Πατρῖ⁹
2508 509 2604 573 ὢν,
2640 505 2914 576 πανταχοῦ
2946 506 3081 569 ἐστι,
3116 506 3210 558 καὶ
3248 503 3352 571 ἔξω
3387 505 3495 557 τῶν
3552 505 3631 574 (1)

2078 603 2294 656 πάντων
2323 601 2418 665 ὢν,
2454 601 2554 654 οὐκ
2597 599 2712 652 ἔστι
2741 599 2942 669 κτίσμα
2961 637 2977 661 ,
3010 595 3314 660 ἀκολούθως
3335 597 3433 649 οὐκ
3455 595 3520 649 ἂν
3544 598 3630 666 εῐη

2071 694 2193 746 οὐδὲ
2249 692 2308 745 τὸ
2367 691 2592 763 Πνεῦμα
2634 691 2855 760 κτίσμα,
2907 690 2980 760 μὴ
3017 687 3076 742 δν
3115 689 3172 740 ὲν
3217 686 3632 758 μεμερισμένοις

2077 784 2282 848 τόποις,
2326 781 2460 836 ἀλλὰ
2508 783 2682 834 πάντα
2723 778 2962 851 πληροῦν
2987 778 3082 832 καὶ
3128 776 3231 842 ἔξω
3259 777 3366 830 τῶν
3417 777 3634 829 πάντων

2073 873 2156 926 ὅν.
2197 872 2351 926 Οῦτω
2382 871 2490 942 γὰρ
2520 871 2612 924 καὶ
2640 869 2976 941 γέγραπταιο
3013 867 3273 939 (Πνεῦμα
3294 867 3497 940 Κυρίου
3531 884 3632 920 πε·
3747 901 3763 922 ο

2073 966 2331 1036 πλήρωκε
2360 965 2459 1033 τὴν
2481 962 2826 1034 οἰκουμένην.
2849 980 2868 1013 ι
2905 961 3015 1014 Καὶ
3043 959 3205 1013 Δαόὶδ
3232 959 3440 1028 ψάλλει·
3479 980 3496 1010 ι
3521 959 3631 1012 Ποῦ

2073 1055 2324 1128 πορευθῶ
2360 1055 2466 1108 ἀπὸ
2497 1053 2588 1107 τοῦ
2614 1051 2923 1122 Πνεύματός
2955 1068 3068 1116 σου,
3093 1068 3110 1101 ι
3139 1049 3214 1114 ὡς
3247 1049 3321 1121 μὴ
3349 1050 3498 1113 om;
3537 1051 3635 1103 αὑο

2071 1143 2165 1196 τοῦ
2202 1146 2258 1196 ἐν
2299 1145 2469 1213 τόπῳ,
2513 1142 2624 1196 ἀλλ’
2662 1138 2765 1205 ἔξω
2806 1140 2904 1212 μὲν
2930 1140 3038 1194 τῶν
3082 1139 3314 1200 πάντων,
3361 1140 3418 1192 ὲν
3455 1138 3510 1192 δὲ
3556 1141 3634 1209 τῷ

2074 1235 2186 1306 Υἱῷ
2229 1235 2400 1301 ὄντος,
2434 1234 2509 1298 ὥς
2545 1236 2659 1288 ἐστι
2711 1234 2804 1288 καὶ
2853 1234 2882 1284 ὁ
2931 1232 3059 1295 Υίὸς
3091 1232 3148 1283 ὲν
3182 1230 3262 1302 τῷ
3293 1232 3487 1301 Πατρί.
3535 1233 3635 1286 Διὰ

2071 1327 2230 1380 τοῦτο
2260 1327 2366 1398 γὰρ
2400 1326 2508 1380 οὐδ’
2539 1326 2669 1379 αὐτὸ
2700 1326 2905 1396 κτίσμα
2934 1324 3099 1389 ἐστὶν,
3127 1323 3312 1394 ὥσπερ
3348 1323 3629 1377 δέδεικται.

2074 1418 2217 1489 Πρὸς
2251 1419 2383 1470 πᾶσι
2418 1416 2474 1469 δὲ
2503 1417 2711 1479 τούτοις
2758 1415 2837 1468 ἔτι
2881 1414 3079 1485 μᾶλλον
3123 1417 3188 1470 ὲκ
3227 1415 3415 1470 τούτου
3465 1434 3634 1470 κατα-

2073 1509 2444 1580 γνωσθήσεται
2471 1508 2570 1579 μὲν
2603 1510 2636 1579 ἡ
2678 1507 2924 1579 ’Δρειανὴ
2969 1508 3197 1579 αἵρεσις,
3236 1508 3635 1579 ἐπιγνωσθήσε-

2073 1614 2161 1650 ται
2191 1598 2246 1651 δὲ
2292 1597 2454 1650 πάλιν
2503 1600 2566 1650 ὲκ
2606 1595 2702 1650 τοῦ
2753 1595 2888 1649 Υίοῦ
2935 1597 2969 1668 ἡ
3020 1599 3147 1668 περὶ
3184 1596 3276 1651 τοῦ
3321 1599 3636 1668 Πνεύματος

2075 1688 2293 1758 γνῶσις.
2327 1687 2571 1758 Κτίστης
2604 1689 2780 1742 τοίνυν
2823 1689 2966 1742 ἐστὶν
3003 1689 3032 1742 ὁ
3069 1689 3195 1752 Υἱὸς
3235 1689 3308 1753 ὡς
3341 1691 3368 1742 ὁ
3409 1690 3632 1762 Πατήρ·

399 1779 859 1847 quemadmodum
887 1778 1066 1847 Pater,
1099 1795 1207 1835 non
1229 1789 1315 1837 est
1340 1791 1589 1837 creatura
1618 1800 1632 1836 :
1657 1791 1711 1836 et
1743 1781 1816 1846 si,
1845 1784 1971 1852 quia

2087 1801 2102 1832 ι
2132 1782 2200 1834 Ἀ
2232 1780 2340 1852 γὰρ
2376 1780 2576 1850 βλέπω,
2603 1799 2621 1832 ι
2677 1781 2809 1850 φησὶ
2832 1820 2848 1845 ,
2899 1798 2917 1830 ι
2944 1780 3035 1834 τὸν
3079 1780 3295 1852 Πατέρα
3340 1781 3594 1836 ποιοῦντα
3620 1820 3637 1844 ,

400 1872 587 1924 omnia
622 1887 717 1940 per
752 1872 928 1941 ipsum
977 1881 1254 1937 creantur,
1298 1889 1408 1928 non
1439 1882 1522 1930 est
1557 1874 1672 1943 ipse
1701 1889 1764 1928 ex
1808 1873 1973 1928 rebus

404 1962 641 2017 creatis:
692 1977 824 2032 ergo
873 1978 971 2017 nee
1003 1961 1246 2032 Spiritus
1291 1973 1514 2020 sanctus
1565 1973 1815 2019 creatura
1867 1973 1974 2020 est.

400 2051 848 2122 Quandoquidem
889 2055 955 2109 de
987 2055 1079 2110 illo
1107 2057 1368 2126 scriptum
1421 2065 1505 2113 est
1547 2057 1758 2127 psalmo
1787 2065 1972 2112 cente-

402 2145 545 2199 simo
571 2145 730 2198 tertio
758 2164 778 2197 ι
810 2163 828 2194 ι
865 2145 1095 2202 Auferes
1122 2147 1382 2217 spiritum
1399 2162 1588 2202 eorum
1613 2157 1669 2202 et
1698 2147 1969 2211 deﬁcient,

399 2245 456 2290 et
485 2236 540 2290 in
569 2236 844 2306 pulverem
878 2254 1038 2294 suum
1064 2249 1424 2295 revertentur.
1454 2239 1679 2295 Emittes
1708 2240 1970 2311 Spiritum

405 2335 558 2381 tuum
586 2321 1019 2392 et‘creabuntur,
1050 2337 1104 2384 et
1130 2331 1420 2385 renovabis
1448 2329 1643 2385 faciem
1673 2339 1828 2386 terrae
1844 2331 1911 2386 ".
1946 2349 1966 2382 ι

2076 1870 2248 1924 ταῦτα
2297 1867 2450 1938 κάγὼ
2501 1869 2658 1922 ποιῶ.
2699 1870 2881 1924 Πάντα
2906 1889 2924 1920 ι
2962 1869 3091 1939 γοῦν
3125 1889 3144 1921 ι
3177 1871 3243 1923 δι’
3295 1871 3459 1924 αὐτοῦ
3515 1873 3636 1940 ὲγέ-

2075 1979 2218 2026 νετο,
2256 1962 2352 2015 καὶ⁸
2381 1961 2545 2032 χωρὶς
2574 1959 2738 2013 αὐτοῦ
2772 1961 2985 2028 ἐγένετο
3010 1961 3127 2014 οὐδὲ
3160 1962 3239 2015 ἓν.
3266 1981 3284 2013 ι
3321 1963 3383 2014 Et
3413 1962 3490 2025 δὲ,
3521 1963 3637 2014 κτί-

2078 2071 2208 2125 στης
2230 2052 2326 2117 ὢν,
2356 2052 2431 2116 ὡς
2474 2054 2502 2104 ὁ
2530 2052 2738 2123 Πατὴρ,
2763 2055 2790 2104 ὁ
2821 2052 2967 2116 Υἱὸς,
3000 2052 3100 2106 οὐκ
3128 2052 3241 2106 ἔστι
3276 2053 3350 2123 (2)
3391 2053 3594 2124 κτίσμα
3621 2072 3637 2085 ο

2078 2146 2174 2200 καὶ
2207 2147 2279 2208 εί,
2307 2145 2388 2197 ὃτι
2429 2143 2496 2195 δι’
2543 2143 2707 2197 αὑτοῦ
2750 2142 2992 2208 κτίζεται
3034 2143 3102 2197 τὰ
3146 2145 3351 2208 πάντα,
3385 2146 3484 2198 οὐκ
3525 2145 3638 2198 ἔστι

2075 2235 2182 2288 τῶν
2228 2232 2593 2304 κτιζομένων·
2637 2232 2876 2304 δηλονότι
2907 2233 3026 2286 οὐδὲ
3070 2233 3128 2286 τὸ
3181 2233 3403 2304 Πνεῦμα
3435 2233 3637 2303 κτίσμα

2077 2327 2224 2381 ἐστίν
2244 2343 2257 2358 ο
2291 2324 2479 2396 ἐπειδὴ
2511 2325 2604 2379 καὶ
2637 2325 2764 2397 περὶ¹
2794 2325 2956 2378 αὐτοῦ
2991 2327 3297 2398 γέγραπται
3331 2328 3387 2379 ὲν
3415 2325 3490 2398 τῷ
3515 2326 3639 2379 ἑκα-

401 2422 574 2493 τοστῷ
603 2423 769 2492 τρίτῳ
815 2421 1046 2495 ψαλμῷ·
1097 2444 1114 2477 ι
1154 2426 1483 2492 Ἀντανελείς
1513 2427 1574 2480 τὺ
1608 2425 1823 2498 πνεῦμα
1865 2425 2065 2489 αὐτῶν,
2121 2424 2215 2477 καὶ
2269 2422 2594 2492 ὲκλείψουσι,
2652 2421 2745 2474 καὶ
2799 2423 2878 2483 εἰς
2911 2420 3000 2474 τὸν
3042 2419 3169 2491 χοῦν
3196 2420 3372 2473 αὐτῶν
3398 2419 3641 2492 ὲπιστρέ⁴

400 2518 590 2587 ψουσιν
614 2536 627 2548 ·
667 2515 1042 2582 ὲξαποστελεῖς
1084 2517 1146 2570 τὸ
1184 2517 1550 2587 Πνεῦμὰξσου
1571 2558 1586 2582 ,
1610 2517 1702 2571 καὶ
1736 2516 2134 2586 κτισθήσονται,
2160 2514 2255 2566 καὶ
2286 2514 2616 2573 ἀνακαινιείς
2646 2509 2708 2562 τὸ
2740 2511 3029 2582 πρόσωπον
3060 2512 3158 2582 τῆς
3188 2509 3309 2579 γῆς.
3340 2529 3358 2560 ι

473 2612 529 2666 5.
557 2611 691 2666 Cum
722 2612 822 2669 hoc
869 2613 1033 2684 igitur
1063 2611 1137 2665 ita
1189 2610 1452 2681 scriptum
1503 2611 1592 2674 sit,
1624 2608 1972 2664 manifestum

403 2712 486 2758 est
514 2704 773 2773 Spiritum
825 2719 931 2758 non
964 2717 1085 2758 esse
1127 2710 1456 2769 creaturam,
1507 2702 1601 2757 sed
1635 2702 1690 2754 in
1737 2699 1977 2755 creando

405 2795 615 2849 adesse.
670 2793 829 2848 Pater
876 2794 1021 2847 enim
1067 2807 1164 2860 per
1193 2788 1431 2845 Verbum
1484 2790 1538 2844 in
1583 2789 1789 2858 Spiritu
1829 2798 1976 2843 creat

404 2886 610 2949 omnia,
629 2883 1066 2954 quandoquidem
1093 2881 1182 2936 ubi
1210 2881 1468 2944 Verbum,
1495 2879 1606 2935 illic
1630 2888 1683 2934 et
1708 2877 1973 2948 Spiritus:

405 2987 459 3030 et
491 2991 612 3045 qua:
667 2991 765 3046 per
801 2973 1034 3029 Verbum
1083 2981 1358 3039 creantur,
1407 2972 1611 3026 habent
1656 2987 1721 3026 ex
1775 2968 1976 3039 Spiritu

408 3084 504 3138 per
536 3066 734 3121 Filium
774 3066 881 3119 vim
927 3063 1247 3119 exsistendi.
1281 3062 1360 3117 lta
1396 3063 1541 3117 enim
1591 3061 1850 3131 scriptum
1900 3068 1983 3114 est

409 3158 690 3213 tricesimo
743 3157 982 3212 secundo
1011 3155 1260 3225 psalmo:
1306 3173 1330 3205 ο
1383 3154 1564 3208 Verbo
1607 3153 1822 3208 Domini
1856 3153 1979 3208 cuzli

410 3249 609 3303 ﬁrmati
640 3258 793 3311 sunt,
835 3254 890 3300 et
926 3244 1130 3315 Spiritu
1177 3244 1292 3300 oris
1330 3244 1450 3314 ejus
1481 3243 1660 3298 omnis
1689 3243 1864 3297 virtus
1890 3256 1981 3295 co-

407 3355 530 3395 rum
556 3339 629 3392 ⁹⁶.
658 3359 677 3391 ι
703 3338 973 3393 Nimirum
1004 3337 1076 3391 ita
1106 3335 1343 3407 Spiritus
1372 3335 1637 3390 iudivisus
1666 3343 1793 3389 esta
1822 3333 1980 3397 Filio,

409 3439 469 3485 ut
499 3445 564 3486 ex
596 3428 754 3500 555
785 3443 948 3498 supra
991 3426 1152 3482 dictis
1203 3425 1388 3482 nullus
1419 3425 1659 3495 supersit
1700 3424 1982 3479 dubitandi

407 3519 582 3574 locus.
624 3517 852 3583 Quando
892 3530 1126 3582 namque
1149 3512 1387 3568 Verbum
1410 3511 1610 3569 factum
1649 3521 1732 3568 est
1759 3512 1825 3567 ad
1862 3527 1984 3581 pro-

410 3611 657 3681 phetam,
690 3624 814 3679 qua:
846 3624 877 3662 a
910 3605 1090 3662 Verbo
1120 3605 1430 3675 prodibant,
1470 3606 1524 3659 in
1561 3604 1765 3675 Spiritu
1796 3604 1985 3672 loque-

409 3701 571 3756 batur
599 3701 885 3771 prOpheta.
913 3699 1004 3754 Sic
1050 3699 1194 3753 enim
1246 3698 1508 3768 scriptum
1533 3706 1638 3761 est,
1673 3697 1726 3751 in
1756 3696 1982 3750 Actibus

368 3793 574 3868 ~Petro
616 3795 866 3850 dicente:
918 3813 938 3845 ι
1001 3791 1112 3847 Viri
1169 3792 1387 3856 fratres,
1439 3790 1723 3860 Oportebat
1772 3789 1982 3858 impleri

413 3884 776 3955 Scripturam,
809 3899 975 3954 quam
1026 3880 1276 3954 praedixit
1316 3879 1554 3950 Spiritus
1593 3889 1813 3935 sanctus
1833 3881 1917 3934 ’7:
1958 3899 1976 3931 ι

412 3979 555 4049 apud
583 3977 905 4033 Zachariam
930 3991 1060 4031 vero
1083 3990 1206 4030 cum
1232 3971 1472 4028 Verbum
1501 3971 1568 4026 ad
1598 3971 1748 4025 illum
1779 3970 1979 4026 factum

411 4079 577 4136 esset,
615 4070 878 4139 scriptum
909 4078 990 4122 est
1017 4086 1037 4122 ι
1083 4085 1102 4119 ι
1144 4065 1529 4121 Verumtamen
1565 4063 1725 4116 verba
1761 4079 1901 4125 mea,
1931 4073 1985 4118 et

410 4161 656 4233 legitima
684 4176 806 4216 mea
837 4160 1121 4230 suscipi-te,
1147 4171 1487 4229 quaecunque
1519 4171 1621 4225 ego
1652 4157 1903 4225 praecipio
1928 4157 1982 4210 in

415 4251 619 4322 Spiritu
650 4267 773 4307 meo
805 4251 1086 4321 prophetis
1107 4251 1174 4304 ".
1221 4270 1240 4302 ›
1277 4249 1344 4304 Et
1398 4249 1563 4319 paulo
1576 4256 1698 4318 post
1726 4249 1981 4319 populum
2015 4279 2059 4335 ι)

412 4343 764 4412 coarguendo
797 4344 914 4397 haec
955 4343 1032 4394 ait
1060 4359 1077 4394 ε
1113 4360 1130 4391 ι
1169 4341 1275 4394 Cor
1304 4355 1462 4396 suum
1495 4342 1794 4408 posuerunt
1825 4341 1981 4394 inob~

413 4449 672 4503 sequens,
705 4447 773 4488 ne
812 4433 1065 4486 audirent
1114 4431 1283 4501 legem
1337 4446 1540 4493 meam,
1579 4440 1633 4485 et
1664 4431 1828 4486 verba
1860 4448 1982 4502 quae

483 4549 527 4581 ’ί
553 4549 687 4616 Sap.
717 4565 770 4610 ι,
797 4549 853 4602 7.
988 4550 1034 4580 ⁹¹
1062 4547 1209 4601 Psal.
1236 4563 1500 4607 cxxxvut,
1529 4545 1585 4600 7.

413 4636 598 4683 xxxii,
627 4619 682 4673 6.
758 4619 802 4649 ⁸⁷
825 4619 948 4673 Act.
970 4634 1007 4683 ι,
1042 4619 1126 4672 l6.
1209 4619 1254 4650 ⁸³
1285 4617 1449 4672 Zach.
1482 4633 1519 4684 ι,
1549 4618 1602 4674 6.

485 4737 558 4808 (l)
598 4737 719 4790 Τῶν
751 4736 903 4790 deest
937 4736 998 4808 in
1027 4735 1257 4808 (Gobler.
1291 4745 1346 4808 et
1389 4733 1673 4808 Eelck._l.
1709 4729 1988 4808 ploxuhaec

412 4800 574 4861 verba
609 4808 808 4862 absunt
839 4809 908 4860 ab
935 4807 1126 4860 iisdem
1153 4847 1169 4870 ,
1216 4804 1520 4868 ἀκολούθως
1553 4805 1653 4856 οὐκ
1704 4801 1770 4856 ἂν
1810 4802 1894 4870 εἴη
1924 4800 1988 4868 τὸ

412 4877 638 4948 Πνεῦμα
667 4875 1122 4948 κτίσμα.-Εο‹1εω
1153 4876 1272 4948 loco
1303 4878 1354 4948 in
1380 4875 1569 4948 iisdem
1593 4882 1648 4926 et
1674 4873 1727 4926 in
1748 4870 1986 4948 Seguer.

413 4949 471 4999 ἐν
496 4940 861 5002 desideratur.
893 4945 951 4999 In
989 4947 1122 5016 ipsis
1157 4947 1282 5000 item
1318 4945 1719 5016 Gohlerianoet
1748 4940 1988 5016 Felckm.

413 5018 615 5085 primo,
651 5032 775 5071 mox
801 5058 817 5082 ,
847 5017 954 5071 τῶν
988 5011 1115 5070 ante
1150 5016 1388 5079 πάντων,
1435 5013 1699 5085 particula
1741 5011 1990 5085 xaiante

414 5081 728 5168 γέγραπται
751 5126 767 5149 ,
799 5081 1038 5168 et'paulo
1074 5096 1198 5168 post
1231 5101 1334 5140 vox
1381 5081 1570 5154 ψάλλει
1611 5083 1798 5145 deest,
1837 5081 1992 5135 incu-

416 5159 496 5210 ria
529 5159 947 5212 amanuensium
985 5159 1212 5210 omissa.

489 5227 573 5298 (2)
609 5226 699 5282 Sic
745 5225 945 5298 Regius
994 5237 1048 5281 et
1066 5224 1358 5298 _chuer._
1378 5221 1518 5298 ιζόίιί
1568 5235 1741 5298 vero,
1778 5220 1992 5298 ρὺκέτι.

420 5289 588 5351 Paulo
634 5289 1027 5366 postVREgius,
1061 5289 1626 5366 Segucr.Gobl_er._et
1653 5289 1833 5366 Feles.
1883 5290 1993 5359 pri-

423 5382 571 5437 mus,
605 5358 790 5437 ἐπειδὴ
831 5358 945 5423 καί,
988 5358 1162 5437 Εὸἰιίῖ
1200 5365 1321 5419 ἐπεὶ
1347 5363 1479 5437 ⁸καί.
1505 5358 1902 5437 ._Mox_G_0bler.
1940 5368 1995 5437 c_t

421 5433 660 5490 Felckm.
694 5427 924 5503 primus,
958 5452 1066 5490 non
1097 5435 1297 5489 habent
1331 5433 1483 5503 (haec,
1519 5433 1577 5483 ὲν
1609 5427 1998 5503 τῷ-ἐκατοστῴ

422 5503 590 5575 τρίτῳ
618 5498 854 5629 ideo,
879 5505 1004 5559 Mox
1051 5504 1272 5586 Regius:
1321 5502 1639 5582 Seguerian.
1676 5498 1988 5554 Gohlerian.

423 5583 477 5627 ει
506 5573 626 5629 Fo-lc
670 5592 741 5629 ιιι.
776 5591 1007 5629 Drtmus.
1038 5575 1099 5627 τὺ
1129 5577 1352 5629 Πνευμα
1384 5574 1580 5625 αὐτων.

423 5570 477 5627 et
506 5570 744 5630 Fulcitur:
776 5570 1007 5644 primus,
1038 5575 1099 5627 τὺ
1129 5570 1352 5644 Πνεῦμα
1384 5570 1580 5644 αὐτῶν.

497 5644 572 5714 (5)
612 5637 826 5714 Gohler.
858 5656 910 5699 et
933 5637 1171 5699 Felckm.
1208 5637 1468 5714 ιζπαρᾷ
1483 5639 1576 5714 τοῦ
1597 5640 1853 5714 Πατρός2
1887 5637 1992 5714 mi—

428 5707 531 5767 nus
557 5707 726 5770 reete.
756 5713 875 5768 Mox
911 5715 1045 5780 Reg.
1088 5715 1313 5783 Seguer.
1350 5707 1542 5778 Basil.,
1577 5707 1741 5764 eam
1772 5708 1870 5762 καὶ
1893 5707 1978 5776 γέ-

1691 4548 1737 4580 ⁹³
1764 4546 1923 4605 Joan.
1949 4566 2002 4614 ν,
2037 4549 2125 4604 l9.

2147 2606 2202 2662 5.
2243 2606 2444 2659 Τούτου
2493 2604 2549 2657 δὲ
2582 2602 2755 2666 οὕτως
2787 2602 3172 2674 γεγραμμένου
3198 2643 3212 2667 ,
3255 2600 3410 2672 δῆλόν
3454 2603 3600 2654 ἐστιν
3623 2643 3639 2663 ,

2077 2695 2152 2758 ὡς
2183 2694 2283 2747 οὐκ
2310 2692 2424 2746 ἔστι
2451 2695 2654 2763 κτίσμα
2685 2691 2745 2744 τὸ
2784 2690 3029 2762 Πνεῦμα,
3076 2691 3188 2744 ἁλλ’
3237 2691 3294 2744 ὲν
3326 2688 3402 2760 τῷ
3435 2691 3638 2756 κτίζειν

2079 2783 2226 2836 ἐστίν
2251 2801 2264 2813 ·
2301 2785 2329 2836 ὁ
2361 2783 2470 2855 γὰρ
2498 2783 2688 2855 Πατὴρ
2717 2783 2805 2836 διὰ
2828 2782 2922 2836 τοῦ
2953 2783 3124 2851 Λόγου
3166 2783 3223 2835 ὲν
3257 2781 3332 2852 τῷ
3369 2783 3643 2854 Πνεῦματι

2079 2873 2251 2937 κτίζει
2291 2872 2362 2926 τὰ
2406 2871 2602 2939 πάντα,
2654 2871 2778 2924 ἐπεὶ
2822 2870 2953 2924 ἔνθα
2995 2873 3023 2924 ὁ
3073 2870 3262 2936 Λόγος,
3298 2871 3411 2921 ἐκεῖ
3440 2869 3536 2922 καὶ
3586 2870 3646 2922 τὸ

2081 2963 2335 3034 Πνεῦμα·
2370 2963 2464 3016 καὶ
2511 2963 2580 3016 τὰ
2609 2962 2696 3016 διὰ
2727 2961 2819 3014 τοῦ
2863 2962 3036 3030 Λόγου
3083 2959 3372 3030 κτιζόμενα
3424 2959 3536 3030 ἔχει
3584 2961 3645 3012 ὲκ

2079 3056 2173 3111 τοῦ
2206 3057 2523 3127 Πνεύματος
2563 3055 2637 3126 (5)
2675 3053 2826 3126 παρὰ
2865 3051 2958 3106 τοῦ
3001 3054 3174 3120 Λόγου
3219 3051 3315 3122 τὴν
3364 3051 3455 3105 τοῦ
3504 3047 3641 3105 εἶναι

2084 3148 2254 3220 ἰσχύν.
2292 3148 2446 3202 Οῦτω
2476 3149 2584 3219 γὰρ
2621 3147 2929 3218 γέγραπται
2969 3146 3026 3198 ἐν
3071 3142 3148 3214 τῷ
3183 3143 3490 3215 τριακοστῷ
3521 3143 3640 3197 δευ-

2081 3239 2226 3311 τέρῳ
2265 3238 2464 3310 ψαλμῷ
2485 3256 2496 3268 ·
2555 3257 2573 3290 ι
2605 3239 2693 3309 Τῷ
2731 3238 2888 3308 Λόγῳ
2921 3237 3125 3308 Κυρίου
3164 3237 3213 3289 οἱ
3246 3235 3464 3308 οὐρανοὶ
3494 3237 3646 3289 ἐστε-

2087 3329 2364 3403 ρεώθησαν
2389 3371 2404 3396 ,
2451 3332 2546 3384 καὶ
2583 3331 2660 3402 τῷ
2702 3330 2980 3401 Πνεύματι
3029 3326 3120 3381 τοῦ
3176 3327 3440 3397 στόματος
3483 3326 3644 3380 αὑτοῦ

2083 3425 2233 3476 πᾶσα
2269 3424 2301 3494 ή
2343 3421 2569 3493 δύναμις
2621 3422 2820 3477 αὐτῶν.
2861 3441 2881 3475 ι
2929 3420 3146 3491 Ἀμέλει
3199 3419 3369 3482 οὕτως
3417 3420 3534 3472 ἐστὶ
3588 3420 3648 3472 τὸ

2083 3512 2307 3584 Πνεῦμα
2354 3514 2658 3586 ἀδιαίρετον
2716 3513 2852 3584 πρὸς
2901 3513 2990 3565 τὸν
3024 3511 3172 3577 Υίὸν,
3224 3511 3300 3574 ὡς
3353 3510 3427 3582 μὴ
3474 3513 3644 3582 ἀμφι-

2084 3606 2298 3660 ϐάλλειν
2337 3609 2400 3660 ὲκ
2447 3607 2540 3660 τοῦ
2592 3607 2904 3678 λεγομένου.
2949 3606 3071 3658 Ὅτε
3134 3604 3210 3675 (4)
3257 3603 3363 3676 γὰρ
3406 3607 3434 3658 ὁ
3478 3604 3646 3672 Λόγος

2085 3699 2331 3768 ἐγίγνετο
2359 3699 2494 3770 πρὸς
2524 3700 2612 3752 τὸν
2649 3699 2951 3770 προφήτην,
2980 3696 3050 3750 τὰ
3085 3695 3235 3768 παρὰ
3267 3695 3360 3750 τοῦ
3388 3697 3560 3763 Λόγου
3591 3700 3647 3749 ἐν

2082 3787 2161 3859 τῷ
2194 3788 2469 3860 Πνεύματι
2501 3789 2679 3842 ἐλάλει
2723 3790 2751 3841 ὁ
2783 3788 3086 3858 προφήτης.
3135 3784 3290 3838 Οῦτω
3333 3785 3426 3837 καὶ
3449 3785 3647 3856 γέγρα-

2084 3898 2214 3933 πται
2259 3881 2318 3933 ὲν
2366 3880 2463 3950 μὲν
2507 3881 2625 3943 ταῖς
2677 3876 2916 3950 Πράξεσι
2965 3877 3058 3930 τοῦ
3108 3878 3310 3948 Πέτρου
3367 3876 3643 3946 λέγοντος·

2090 3989 2108 4021 ι
2144 3969 2366 4040 ’Λνδρες
2394 3969 2632 4038 ἀδελφοὶ,
2674 3967 2778 4020 ἔδει
2813 3967 3161 4038 πληρωθῆναι
3187 3964 3284 4036 τὴν
3318 3965 3563 4037 Γραφὴν,
3583 3966 3648 4035 ἢν

2087 4063 2313 4133 προεῖπε
2345 4061 2406 4114 τὸ
2446 4058 2670 4129 Πνεῦμα
2710 4059 2772 4111 τὸ
2806 4057 2994 4127 ἆγιονο
3023 4077 3042 4109 ι
3090 4058 3146 4108 ὲν
3184 4055 3239 4108 δὲ
3275 4055 3354 4126 τῷ
3385 4055 3646 4127 Ζαχαρία,

2085 4151 2180 4205 τοῦ
2229 4151 2402 4221 Λόγου
2449 4149 2743 4222 γενομένου
2795 4150 2930 4220 πρὸς
2979 4148 3138 4202 αὐτὸν
3185 4147 3281 4217 (5),
3315 4147 3645 4218 γέγραπταιο

2095 4263 2111 4294 ‹
2138 4243 2280 4315 Πλὴν
2309 4244 2436 4308 τοὺς
2464 4243 2655 4312 λόγους
2685 4261 2783 4314 μου
2807 4242 2900 4295 καὶ
2935 4240 3004 4294 τὰ
3036 4239 3243 4311 νόμιμά
3273 4256 3373 4308 μου
3412 4238 3646 4309 δέχεσθε,

2092 4336 2192 4388 ὅσα
2220 4333 2329 4403 ἐγὼ
2358 4333 2670 4405 ἐντέλλομαι
2711 4337 2769 4386 ὲν
2813 4333 3086 4404 Πνεύματί
3139 4349 3239 4402 μου
3288 4334 3399 4394 τοῖς
3444 4333 3650 4402 προφή-

2090 4446 2212 4492 ταις
2240 4427 2336 4500 (6).
2373 4447 2392 4479 ι
2439 4428 2548 4480 Καὶ
2604 4427 2718 4498 μετ’
2753 4426 2906 4495 ὀλίγα
2929 4467 2942 4486 ,
2985 4423 3302 4494 αἰτιώμενος
3347 4422 3437 4476 τὸν
3481 4422 3605 4476 λαὸν
3631 4465 3644 4487 ,

2228 4548 2274 4580 ⁸⁸
2302 4545 2460 4601 Joan.
2489 4561 2540 4612 ι,
2571 4546 2623 4600 5.
2723 4545 2769 4577 ’⁵
2801 4544 2946 4601 Psal.
2973 4561 3090 4606 cm,
3119 4543 3210 4607 29,
3234 4543 3322 4597 30.
3422 4543 3470 4576 ³⁸
3502 4540 3644 4597 Psal.

2090 4745 2350 4812 γραπται.
2385 4725 2527 4808 Εέιίιὶ
2557 4735 2609 4782 et
2632 4728 3012 4812 caeteriuﬂﬁem
3043 4729 3150 4812 γὰρ
3172 4730 3496 4812 γέγραπται.
3527 4727 3646 4812 hi0:

2092 4796 2233 4872 haec,
2277 4800 2335 4850 ὲν
2374 4796 2460 4872 τῳ
2493 4797 2798 4872 τριακοστῷ
2837 4796 3072 4872 δευτέρῳ
3104 4796 3335 4872 ψαλμῷ,
3374 4799 3574 4854 absunt
3617 4816 3646 4852 a

2092 4849 2310 4925 cauet.
2339 4849 2396 4921 et
2421 4849 2676 4922 reum:
2693 4849 2744 4922 ἐξ

2161 4938 2234 5008 (ὦ)
2278 4937 2368 4992 Sic
2400 4939 2564 5008 editio
2598 4938 2860 5008 Commel.
2893 4947 2947 4994 et
2975 4953 3163 4993 omnes
3189 4955 3342 5002 mss.;
3362 4939 3494 4992 edit.
3523 4952 3647 4993 vero

2089 5006 2289 5073 Paris,
2342 5007 2624 5079 ὃτιεΜοχ
2671 5007 2872 5079 Regius
2920 5024 3080 5079 quem
3121 5010 3273 5079 sequi
3317 5010 3493 5063 visum
3546 5017 3646 5071 est,

2093 5079 2360 5146 ἐγίγνετο.
2389 5078 2494 5131 Alii
2520 5087 2574 5131 et
2605 5078 2753 5149 editi.
2784 5078 3031 5149 ἐγένετο.
3054 5078 3221 5134 Paulo
3254 5088 3404 5149 post,
3432 5080 3527 5131 καὶ
3559 5081 3648 5147 γέ-

2093 5164 2333 5272 χρέπται
2379 5149 2529 5232 abest
2569 5164 2601 5201 a
2647 5146 2865 5203 Gohler.
2909 5159 2962 5203 et
2994 5147 3178 5203 Felck.
3222 5146 3286 5214 1',
3332 5159 3385 5203 et
3420 5165 3546 5203 mox
3575 5146 3648 5203 ab

2093 5235 2158 5272 us
2198 5234 2304 5272 em.
2341 5234 2456 5272 μεν.

2093 5234 2304 5278 ιιεαθιῐι,
2340 5234 2456 5278 μεν.

2165 5234 2547 5358 ῗξίηίιὲἓῖ’τοῤ
2573 5287 2744 5358 Λόγου
2772 5287 3059 5358 γενομένου
3085 5288 3222 5358 πρὸς
3251 5287 3431 5348 αὐτόν,
3457 5288 3648 5342 desunt

2093 5357 2153 5429 in
2181 5357 2400 5429 Gobler.
2430 5366 2482 5411 et
2499 5356 2687 5429 Felck.
2720 5357 2792 5429 l._
2806 5356 3027 5429 Ibidem,
3058 5356 3384 5429 γέγραπται;
3419 5358 3570 5413 deest
3594 5358 3644 5410 in

2093 5427 2272 5489 editis,
2294 5427 2392 5497 sed
2425 5427 2659 5497 habetur
2677 5429 2727 5480 in
2748 5424 2890 5497 Reg.
2917 5435 2970 5480 et
2995 5424 3217 5497 δμευετ.

2165 5498 2250 5570 (ο),
2279 5495 2494 5570 Gobler.
2537 5495 2800 5570 _et_Felck.
2956 5494 3525 5570 τοῖςίπροφήταις-καὶ
3553 5494 3646 5564 τὴν

2093 5566 2338 5636 καρδίαν,
2363 5566 2580 5620 omissis
2607 5566 2958 5620 inter-mediis.
2993 5565 3127 5621 Ibid.
3149 5565 3286 5637 'Reg'.
3321 5580 3375 5623 ct
3403 5567 3645 5634 Seguer..

2091 5636 2178 5689 ὅτε
2212 5639 2305 5688 καὶ
2333 5638 2445 5691 μετ’
2474 5635 2646 5691 ὀλίγα.
2675 5636 2842 5689 Paulo
2868 5645 2986 5691 post
3019 5635 3145 5691 Rea.
3191 5649 3243 5691 ct
3271 5640 3517 5691 Seuucrn
3557 5632 3644 5688 τοῦ

2131 5653 2178 5689 τε
2212 5652 2305 5688 και
2333 5652 2444 5699 μετ’
2474 5652 2646 5699 ολιγα.
2675 5652 2842 5689 ramo
2868 5652 2986 5699 posr
3020 5652 3145 5699 tteg.
3191 5652 3243 5691 et
3271 5652 3517 5699 Seguer.,

2091 5649 2178 5689 οτε
2212 5649 2445 5760 καιᾶἰτ
2474 5649 2646 5702 ολιγα.
2675 5649 2842 5689 Paulo
2868 5649 2986 5702 post
3020 5649 3145 5702 tteg.
3191 5649 3243 5691 ct
3271 5649 3517 5709 Seguetu,
3557 5649 3644 5688 του

2091 5706 2277 5777 νόμον.
2333 5741 2336 5745 -
2361 5724 2369 5736 ”
2408 5709 2504 5761 teri
2534 5717 2586 5760 et
2612 5705 2766 5773 editi,
2791 5705 2916 5768 τοὺς
2948 5707 3164 5776 νόμους.
