3914 6222
363 273 470 328 655

935 272 998 329 S.
1041 272 1422 330 ATHANASII
1464 273 1618 328 OPP.
1660 271 1844 327 PARS
1883 271 1923 326 Ι.
1965 299 2036 313 -—
2065 268 2439 327 lllSTORlCA
2472 268 2558 323 ET
2601 268 3022 326 DOGMATICA.

3516 265 3622 319 036

361 398 502 466 Quid
551 395 696 451 enim
742 393 852 449 Deo
884 395 1094 461 deerat,
1130 404 1188 449 ut
1219 393 1520 464 quidquam
1553 395 1781 449 diversa:
1812 394 1935 448 sub-

2046 390 2296 461 άνὸμοιος
2326 390 2489 460 ἑαυτῇ
2525 389 2557 458 ἡ
2591 387 2760 459 Τριάς
2781 385 2969 451 ,ξένου
3022 382 3166 448 τινδς
3207 381 3300 436 καὶ
3340 381 3621 454 ἀλλοτρίου

363 487 586 543 stantia:
611 495 938 548 assumeret,
973 494 1028 540 et
1071 500 1196 539 cum
1235 485 1331 538 illo
1369 484 1804 553 glorilicaretur?
1827 484 1938 538 Ab-

2043 483 2474 553 συντασσομένου
2505 482 2666 553 αὐτῇ.
2702 479 2768 532 Τί
2786 478 2896 552 γὰρ
2927 478 3108 532 ἔλειπε
3133 476 3243 551 (l6)
3263 474 3340 546 τῷ
3363 475 3500 547 Θεῷ,
3531 476 3620 530 ἵνα

363 579 467 654 sit!
504 576 622 631 Non
677 577 755 631 ita
817 592 876 631 se
936 590 1024 631 res
1067 576 1250 630 habet.
1293 593 1312 627 ι
1340 573 1542 629 Plenus
1568 589 1690 629 sum
1717 575 1782 637 ¹⁰,
1816 593 1833 626 ›
1866 575 1935 628 ait

2043 575 2472 646 ἁλλοτριοούσιον
2489 572 2882 646 προσλάσηται,
2909 571 3004 625 καὶ
3021 572 3117 624 σὺν
3137 567 3284 639 αύτῷ
3295 567 3586 639 δοξάζηται
3604 585 3618 633 ;

367 673 506 740 ipse.
531 669 740 724 Idcirco
771 670 888 740 ipse
923 667 1185 723 Dominus
1248 684 1372 723 cum
1410 671 1627 722 nomine.
1658 667 1834 723 Patris
1855 667 1939 723 sui

363 765 517 818 illum
560 763 724 835 556
751 762 1057 831 capulavit;
1100 771 1161 816 ut
1209 761 1540 827 ostenderet,
1591 775 1699 816 non
1743 777 1809 815 ex
1854 763 1940 815 die

362 857 559 918 versis.
605 857 654 911 id
678 866 763 911 est
788 871 856 909 ex
882 863 1129 910 creatore
1156 863 1209 909 et
1230 863 1502 918 creatura,
1539 863 1780 908 sanctam
1813 851 1940 908 Tri-

361 951 586 1004 nitatem
655 958 945 1014 conslare;
1027 947 1118 1002 sed
1193 962 1356 1000 unam
1421 945 1540 1016 ejus
1604 946 1938 1000 divinitatem

359 1057 500 1098 esse.
563 1040 676 1096 Hoc
729 1057 851 1095 cum
911 1039 1192 1094 didicisset
1243 1037 1466 1103 Paulus,
1509 1036 1735 1092 docebat
1778 1052 1938 1089 unam

361 1149 504 1199 esse,
535 1148 656 1201 quae
685 1133 736 1184 in
773 1133 888 1200 ipsa
921 1129 1234 1199 (Trinitate)
1279 1129 1522 1193 daretur,
1563 1125 1814 1197 gratiam,
1854 1125 1938 1180 di-

361 1241 539 1280 cens:
579 1244 597 1276 ι
639 1221 792 1280 Unus
837 1222 1121 1285 Dominus,
1173 1236 1282 1276 una
1325 1219 1478 1283 ﬁdes,
1537 1234 1704 1273 unum
1761 1217 1940 1287 bapti-

361 1331 479 1370 sma
502 1317 565 1369 ¹¹.
607 1335 626 1368 ι
671 1313 738 1368 Ut
762 1324 940 1370 autem
963 1329 1130 1367 unum
1158 1314 1446 1384 baptisma,
1467 1310 1547 1366 sic
1571 1321 1622 1366 et
1652 1326 1757 1365 una
1784 1309 1934 1366 ﬁdes.

361 1407 463 1473 Qui
490 1408 634 1460 enim
673 1407 848 1462 credit
875 1407 928 1460 in
974 1404 1216 1468 Patrem,
1260 1405 1413 1458 novit
1439 1403 1492 1457 in
1530 1402 1690 1458 Patre
1720 1401 1938 1466 Filium,

360 1508 417 1552 et
449 1498 709 1568 Spiritum
755 1514 862 1552 non
892 1508 1045 1553 extra
1080 1497 1277 1552 Filium
1313 1507 1404 1552 :et
1447 1497 1569 1551 ideo
1608 1497 1782 1551 credit
1809 1504 1863 1550 et
1886 1496 1940 1550 in

359 1587 556 1643 Filium
590 1600 642 1644 et
672 1591 724 1643 in
757 1589 1018 1660 Spiritum
1046 1599 1334 1656 sanetum;
1372 1587 1807 1658 quandoquidem
1835 1603 1941 1642 una

369 1691 454 1736 est
484 1681 767 1738 Trinitatis
792 1683 1071 1748 divinitas,
1113 1697 1234 1753 quae
1279 1697 1342 1737 ex
1379 1697 1489 1736 uno
1543 1678 1702 1735 Patre
1733 1695 1938 1751 cogno-

359 1773 553 1827 scitur.

432 1865 483 1919 7.
531 1863 653 1920 Haec
698 1873 784 1920 est
835 1865 1118 1920 catholica:
1175 1863 1297 1920 ﬁdei
1352 1862 1548 1918 forma.
1594 1862 1697 1930 Qui
1755 1873 1934 1918 autem

357 1954 744 2024 blasphemant
794 1956 846 2009 in
909 1956 1196 2026 Spiritum,
1242 1963 1296 2009 et
1343 1955 1531 2010 dicunt
1580 1955 1757 2026 ipsum
1816 1972 1938 2012 esse

357 2055 690 2110 ereaturam,
723 2046 768 2101 si
791 2061 856 2101 ex
886 2047 952 2101 iis
982 2063 1102 2116 quae
1124 2045 1269 2101 dicta
1296 2053 1425 2102 sunt
1444 2061 1550 2100 non
1585 2047 1934 2116 resipiscunt,

355 2139 442 2193 vel
473 2155 539 2193 ex
571 2139 638 2194 iis
673 2153 795 2208 quae
817 2139 1044 2193 dicenda
1090 2146 1217 2193 sunt
1250 2139 1456 2208 pudore
1503 2137 1832 2194 adiciantur.
1876 2139 1934 2194 Si

359 2227 601 2284 Trinitas
630 2238 785 2284 estet
813 2229 865 2283 in
891 2227 1163 2283 Trinitate
1183 2230 1286 2284 sita
1308 2237 1392 2284 est
1419 2228 1572 2295 lides,
1598 2229 1781 2284 dicant
1807 2247 1933 2285 num

358 2337 579 2391 semper
606 2321 849 2376 Trinitas
879 2323 1062 2387 fuerit,
1092 2322 1177 2376 vel
1211 2337 1278 2376 an
1310 2321 1473 2376 fuerit
1501 2337 1624 2376 cum
1651 2338 1760 2377 non
1791 2333 1938 2378 esset

358 2411 618 2470 Trinitas.
641 2414 696 2469 Si
725 2415 907 2484 itaque
928 2415 1257 2483 sempiterna
1285 2424 1368 2469 est
1389 2413 1652 2478 Trinitas,
1679 2431 1784 2469 non
1809 2431 1937 2485 ergo

357 2515 546 2559 creata
585 2521 677 2560 res
699 2515 785 2560 est
812 2505 1072 2575 Spiritus,
1099 2506 1190 2576 qui
1217 2521 1430 2575 semper
1451 2503 1631 2560 Verbo
1655 2505 1938 2560 coexsistit

357 2597 413 2652 in
445 2598 674 2667 ipsoque
699 2605 801 2650 est.
823 2595 959 2650 Nam
997 2607 1258 2651 eratcum
1311 2606 1575 2652 creaturae
1597 2613 1705 2663 non
1733 2606 1934 2652 essent.

354 2687 513 2756 Quod
554 2689 602 2744 si
651 2698 898 2746 creatura
947 2698 1052 2753 est,
1099 2704 1222 2744 cum
1259 2698 1522 2744 creatura:
1564 2688 1673 2744 sint
1712 2704 1778 2744 ex
1827 2705 1936 2742 non

356 2779 718 2836 exstantibus.
746 2780 922 2850 palam
943 2789 1027 2833 est
1051 2778 1217 2834 fuisse
1233 2794 1356 2834 cum
1385 2795 1488 2833 non
1515 2787 1658 2834 esset
1675 2777 1936 2842 Trinitas,

357 2873 452 2926 sed
489 2871 723 2926 dualitas
752 2891 766 2926 :
799 2888 909 2941 quo
935 2870 1064 2940 quid
1098 2870 1270 2941 magis
1294 2871 1520 2940 impium
1551 2870 1674 2940 quis
1710 2871 1937 2926 dixerit?

357 2959 439 3016 Ex
467 2963 768 3016 mutatione
807 2974 857 3017 et
896 2961 1144 3032 prolecm
1184 2962 1377 3017 dicunt
1419 2970 1673 3016 constare
1697 2961 1938 3016 Trinita-

359 3064 492 3117 tem,
543 3069 607 3109 ac
669 3054 988 3108 dualitatem
1037 3053 1258 3124 quidem
1303 3068 1446 3118 esse,
1487 3053 1578 3109 sed
1625 3063 1937 3123 exspectare

355 3156 623 3200 creatura:
648 3147 1084 3216 productionem,
1111 3155 1170 3200 ut
1202 3161 1326 3201 cum
1361 3144 1520 3201 Patre
1568 3157 1621 3202 et
1666 3145 1805 3201 Filio
1835 3163 1932 3203 co-

358 3236 577 3306 puletur
606 3246 660 3291 et
703 3237 796 3292 liat
850 3236 1114 3293 Trinitas.
1161 3237 1321 3292 Absit
1347 3247 1406 3292 ut
1439 3238 1570 3308 quid
1620 3238 1933 3308 lllljllSlIlOdl

358 3331 440 3382 vel
463 3328 515 3382 in
542 3337 776 3382 mentem
803 3344 1043 3398 unquam
1067 3327 1502 3398 Christianorum
1533 3327 1710 3382 cadat.
1736 3327 1937 3394 Quem-

359 3417 651 3474 admodum
707 3420 850 3473 enim
902 3417 1074 3474 Filius
1108 3436 1232 3474 cum
1284 3436 1498 3490 semper
1555 3422 1645 3486 sit,
1699 3437 1807 3476 non
1852 3431 1937 3478 est

360 3519 652 3576 creatura;
679 3511 759 3566 sic
790 3511 1047 3581 quoniam
1095 3529 1308 3583 semper
1360 3523 1443 3568 est
1490 3511 1754 3580 Trinitas,
1783 3514 1837 3568 in
1871 3530 1935 3569 ea

362 3603 511 3657 nulla
541 3613 625 3658 est
650 3613 922 3670 creatura,
981 3614 1145 3675 atque
1197 3606 1333 3661 adeo
1385 3621 1492 3660 non
1551 3615 1633 3662 est
1686 3616 1936 3663 creatura

363 3695 621 3764 Spiritus.
663 3693 816 3750 Sicut
843 3697 988 3750 enim
1024 3712 1240 3766 semper
1285 3698 1406 3762 fuit,
1438 3699 1509 3753 ita
1540 3711 1592 3754 et
1642 3716 1786 3755 nunc
1808 3710 1891 3756 est
1919 3717 1931 3752 :

358 3795 414 3840 et
442 3786 588 3841 sicut
614 3802 759 3842 nunc
784 3797 887 3848 est,
919 3789 989 3842 ita
1022 3803 1236 3858 semper
1277 3787 1403 3856 fuit,
1439 3799 1632 3860 estque
1670 3789 1933 3855 Trinitas,

360 3885 417 3932 et
448 3878 500 3932 in
531 3879 647 3948 ipsa
672 3877 850 3945 Pater,
884 3878 1075 3947 Filius,
1098 3890 1151 3934 et
1171 3879 1408 3951 Spiritus
1434 3891 1677 3938 sanctus.
1705 3881 1772 3936 Et
1795 3900 1936 3939 unus

359 3978 444 4024 est
475 3970 617 4025 Deus
645 3970 825 4035 Pater,
849 3971 944 4041 qui
974 3981 1057 4026 est
1090 3987 1253 4042 super
1276 3972 1483 4039 omnia,
1518 3981 1573 4028 et
1609 3989 1706 4044 per
1731 3974 1934 4039 omnia,

359 4061 487 4114 etin
513 4063 769 4118 omnibus
797 4081 811 4129 ;
837 4063 930 4134 qui
956 4073 1040 4118 est
1062 4064 1378 4120 benedictus
1409 4065 1463 4119 in
1491 4066 1712 4120 saecula.
1739 4067 1934 4123 Amen.

359 4150 475 4222 ligo
503 4153 745 4223 quidem,
776 4165 834 4208 ut
859 4155 1204 4224 signiﬁcasti,
1241 4156 1354 4210 lucc
1393 4156 1584 4226 paucis
1626 4161 1936 4227 conscripta

359 4246 428 4300 ad
468 4255 520 4300 te
547 4247 689 4300 misi.
723 4247 804 4300 Tu
829 4263 959 4302 vero
1001 4250 1242 4318 prudens
1294 4265 1419 4305 cum
1487 4250 1585 4316 sis,
1635 4250 1682 4305 si
1717 4251 1846 4322 quid
1882 4251 1937 4306 in

366 4337 454 4391 liis
479 4337 671 4404 deerit,
711 4337 786 4404 id,
810 4354 1018 4408 quaeso,
1064 4341 1341 4410 suppleas.
1374 4350 1428 4396 et
1458 4341 1774 4398 domesticis
1813 4344 1935 4397 lidei

2043 671 2134 740 Μὴ
2168 670 2410 738 γένοιτοί
2467 669 2580 722 υύκ
2611 667 2756 721 ἔστιν
2789 663 2982 727 οὕτως.
3031 683 3064 719 ,ι
3098 663 3352 734 Πλήρης,
3385 681 3404 712 ι
3459 659 3623 724 αὐτὸς

2042 758 2215 826 εἶπεν,
2257 781 2275 813 ι
2299 761 2430 832 εἰμί.
2460 780 2477 812 ι
2516 759 2614 813 Διὰ
2645 758 2800 813 τοῦτο
2827 756 2988 820 αὐτὸς
3016 756 3044 808 6
3071 755 3272 826 Κύριος
3293 753 3370 826 τῷ
3397 753 3621 824 ὀνόματι

2039 853 2133 908 τοῦ
2155 853 2366 925 Πατρὸς
2385 853 2492 923 (17)
2515 851 2644 906 αὐτὸ
2674 849 2992 912 συνέταξεν·
3021 849 3106 900 ἵνα
3128 846 3296 919 δείξῃ,
3315 845 3395 898 ὅτι
3426 845 3525 898 ούκ
3554 846 3622 896 ἐκ

2040 948 2330 1020 διαφόρων,
2357 947 2630 1000 τουτέστιν
2655 947 2717 998 ἐκ
2746 943 2960 997 κτίστου
2989 941 3082 994 καὶ
3112 939 3407 1011 κτίσματος
3437 979 3451 1004 ,
3486 955 3614 991 συνο

2041 1040 2269 1112 ἕστηκεν
2296 1043 2328 1110 ἡ
2352 1039 2483 1108 άγία
2507 1038 2695 1110 Τριάς·
2715 1035 2850 1090 ἀλλὰ
2876 1034 2972 1105 μία
2993 1033 3193 1104 ταύτης
3214 1034 3248 1104 ἡ
3270 1031 3457 1103 θεότης
3478 1029 3616 1086 ἐστί.

2041 1133 2211 1188 Τοῦτο
2242 1131 2426 1205 μαθὼν
2458 1133 2487 1186 6
2529 1130 2739 1193 Παῦλος
2758 1171 2773 1196 ,
2806 1128 3052 1182 ἐδίδασκε
3087 1125 3216 1198 μίαν
3263 1120 3399 1179 εἶναι
3429 1122 3526 1195 τὴν
3557 1124 3618 1175 tv

2040 1229 2175 1299 αὐτῇ
2203 1227 2485 1297 διδομένην
2514 1225 2691 1296 χάριν,
2733 1221 2904 1292 λέγων
2923 1238 2936 1251 ·
2973 1241 2990 1272 ε
3025 1215 3118 1283 Εἷς
3148 1217 3371 1288 Κύριος,
3401 1216 3499 1287 μία
3526 1214 3618 1268 πί-

2044 1334 2186 1382 στις,
2211 1317 2269 1370 ἓν
2295 1317 2593 1388 βάπτισμα.
2633 1333 2650 1366 ι
2687 1315 2898 1384 Ὥσπερ
2925 1311 2983 1364 δὲ
3014 1311 3070 1364 ἓν
3101 1309 3411 1381 βάπτισμα,
3439 1307 3615 1372 οὕτως

2041 1411 2134 1465 καὶ
2159 1411 2256 1482 μία
2288 1410 2467 1474 πίστις
2487 1427 2499 1440 ·
2525 1411 2552 1462 6
2575 1406 2681 1480 γὰρ
2708 1407 2982 1461 πιστεύων
3007 1407 3087 1470 εἰς
3111 1405 3202 1458 τὸν
3226 1404 3446 1476 Πατέρα
3474 1398 3616 1457 οἶδεν

2041 1505 2098 1556 tv
2128 1502 2207 1574 τῷ
2239 1502 2416 1574 Πατρί¹
2445 1501 2535 1556 τὸν
2560 1502 2709 1565 Υἰδν,
2744 1500 2838 1555 καὶ
2863 1499 2925 1553 τὸ
2949 1498 3194 1570 Πνεῦμα,
3221 1498 3319 1550 οὐκ
3343 1496 3498 1560 ἐκτὸς
3520 1496 3614 1549 τοῦ

2042 1594 2173 1648 Υἱοῦ
2198 1613 2211 1625 ·
2265 1593 2360 1649 καὶ
2390 1593 2478 1648 διὰ
2518 1592 2676 1646 τοῦτο
2712 1591 2957 1645 πιστεύει
2990 1590 3084 1645 καὶ
3123 1589 3234 1660 (l8)
3265 1590 3344 1653 εἰς
3373 1589 3465 1642 τὸν
3489 1587 3615 1641 Υἰὸν

2043 1685 2138 1739 καὶ
2167 1687 2244 1748 εἰς
2265 1686 2326 1738 τὸ
2346 1684 2569 1756 Πνεῦμα
2592 1684 2653 1738 τὸ
2674 1683 2826 1753 ἆγιον
2843 1700 2854 1710 ο
2881 1680 3068 1752 ἐπειδὴ
3088 1679 3184 1734 καὶ
3209 1680 3304 1752 μία
3331 1680 3431 1750 τῆς
3452 1679 3616 1751 Τριά-

1968 1747 2012 1804 B
2039 1778 2127 1841 δος
2158 1779 2191 1850 ἡ
2224 1777 2433 1848 θεότης,
2469 1747 2528 1842 ἐξ
2558 1777 2674 1840 ἑνὸς
2707 1747 2800 1829 τοῦ
2827 1775 3036 1845 Πατρὸς
3056 1747 3466 1844 -γινωσκομένψ

2107 1869 2162 1924 7.
2191 1869 2304 1940 Τῆς
2335 1870 2431 1941 μὲν
2456 1864 2548 1922 οὖν
2578 1868 2685 1940 (l9)
2711 1867 3000 1939 καθολικῆς
3030 1866 3266 1928 πίστεως
3289 1865 3317 1917 6
3334 1861 3616 1934 χαρακτὴρ

2036 1956 2208 2026 οὗτος.
2236 1962 2298 2015 Οί
2331 1961 2388 2014 δὲ
2416 1959 2823 2031 δυσφημοῦντες
2846 1959 2924 2022 εἰς
2944 1957 3005 2011 τὸ
3026 1954 3272 2026 Πνεῦμα,
3305 1955 3400 2008 κα)⁸
3429 1954 3616 2022 λέγον-

2036 2071 2128 2118 τες
2167 2053 2298 2109 αὐτὸ
2328 2053 2562 2124 κτίσμα,
2597 2055 2645 2106 εἰ
2679 2052 2753 2124 μὴ
2810 2054 2875 2105 ὲκ
2911 2049 3018 2105 τῶν
3050 2049 3353 2122 εἰρημένων
3389 2062 3621 2119 μεταγιο

2037 2145 2337 2211 νιῦσκουσι,
2377 2144 2478 2200 κᾶν
2517 2148 2582 2200 ὲκ
2628 2144 2736 2198 τῶν
2775 2142 3186 2215 λεχθησομὲνων
3234 2139 3616 2210 αἰσχυνόμενοι

2037 2236 2470 2302 καταδυέτωσαν.
2524 2237 2588 2290 Εἰ
2617 2233 2785 2307 Τριάς
2815 2235 2953 2295 ἐστι,
2980 2233 3074 2287 καὶ
3103 2235 3161 2286 ἐν
3186 2230 3376 2301 Τριάδι
3405 2231 3555 2282 ἐστὶν
3580 2232 3614 2299 ἡ

2037 2329 2240 2394 πίστις,
2273 2328 2602 2394 εἰπάτωσαν,
2634 2329 2682 2380 εἰ
2712 2325 2797 2380 ἀεὶ
2823 2325 2994 2398 Τριάς
3026 2327 3193 2387 ἐστιν,
3221 2323 3255 2393 ἢ
3282 2317 3370 2392 ἦν,
3399 2323 3487 2374 ὅτε
3517 2321 3621 2374 οὐκ

2034 2419 2103 2495 ἦν
2134 2421 2324 2495 Τριάς.
2357 2424 2419 2476 Εἰ
2450 2424 2548 2494 μὲν
2573 2415 2666 2475 οὖν
2699 2420 2868 2484 άῖδιός
2893 2421 3040 2473 ἐστιν
3067 2421 3100 2490 ἠ
3136 2417 3340 2490 Τριὰς,
3372 2415 3474 2469 οὐκ
3503 2414 3618 2468 ἔστι

2037 2517 2243 2586 κτίσμα
2269 2515 2326 2568 τὸ
2350 2514 2594 2586 Πνεῦμα,
2626 2513 2810 2577 ἀῖδίως
2841 2511 2996 2566 συνὸν
3023 2512 3102 2583 τῷ
3129 2511 3287 2582 Λόγῳ
3317 2509 3410 2563 καὶ
3436 2510 3495 2562 tv
3523 2510 3624 2563 αύ-

2035 2605 2114 2676 τῷ
2141 2606 2218 2659 δν.
2249 2604 2330 2658 Τὰ
2351 2604 2459 2676 γάρ
2479 2605 2750 2675 κτίσματα
2775 2599 2864 2674 ἦν,
2891 2602 2978 2656 ὅτε
3003 2603 3102 2655 οὐκ
3122 2598 3210 2672 ἦν.
3247 2603 3309 2656 Et
3333 2601 3390 2654 6t
3412 2601 3626 2669 κτίσμα

2037 2695 2154 2749 ἐστὶ
2178 2734 2193 2758 ,
2225 2693 2293 2748 τὰ
2323 2694 2378 2748 δὲ
2406 2693 2681 2764 κτίσματα
2712 2693 2770 2760 ἐξ
2800 2693 2901 2746 οὐκ
2925 2693 3094 2745 ὄντων
3121 2692 3238 2745 ἐστὶ
3259 2734 3274 2757 ,
3307 2689 3462 2762 δῆλον
3484 2728 3502 2752 ,
3534 2691 3618 2743 ὅτι

2036 2784 2124 2860 ἦν,
2159 2789 2246 2841 ὅτε
2268 2788 2367 2842 ούκ
2389 2783 2456 2860 ἦν
2490 2789 2659 2859 Τριὰς
2693 2788 2827 2858 (20),
2857 2784 2994 2842 ἀλλὰ
3023 2787 3170 2850 δυάς.
3199 2787 3308 2840 Kal.
3335 2785 3389 2838 τί
3421 2783 3626 2839 τούτου

2039 2881 2396 2952 ἀσεϐέστερον
2425 2881 2490 2936 ἄν
2513 2898 2599 2944 τις
2627 2879 2808 2946 είποι;
2849 2880 2943 2933 Ἐκ
2975 2878 3273 2950 μεταϐολῆς
3297 2879 3392 2932 καὶ
3416 2894 3617 2950 προκο-

2039 2974 2148 3046 πῆς
2177 2972 2394 3042 λέγουσι
2422 2971 2768 3026 συνίστασθαι
2797 2971 2897 3044 τὴν
2928 2970 3162 3043 Τριάδα,
3190 2970 3286 3024 καὶ
3316 2968 3482 3023 δυάδα
3517 2969 3615 3039 μὲν

2037 3061 2214 3131 εῖναι,
2274 3064 2587 3136 ἐκδέχεσθαι
2626 3063 2682 3118 δὲ
2719 3064 3014 3135 κτίσματος
3058 3061 3305 3132 γένεσιν,
3355 3062 3438 3116 ἴνα
3476 3059 3618 3132 μετα

2037 3156 2250 3228 Πατρδς
2280 3155 2375 3209 καὶ
2400 3153 2529 3207 Υἰοῦ
2561 3154 2828 3225 συνταχθῇ
2861 3152 2956 3206 καὶ
2983 3151 3206 3222 γένηται
3236 3153 3269 3222 ἠ
3296 3151 3483 3222 Τριάς.
3519 3151 3612 3220 Μὴ

2037 3247 2244 3317 γένοιτο
2267 3245 2370 3320 κᾶν
2394 3247 2475 3308 εἰς
2506 3243 2630 3298 νοῦν
2655 3259 2783 3295 ποτε
2806 3241 2978 3295 ἐλθεῖν
3001 3240 3340 3312 Χριστιανῶν
3361 3241 3422 3294 τὸ
3447 3239 3617 3293 τοιοῦ-

2037 3340 2160 3393 τονί
2195 3338 2403 3408 ’Ὠσπερ
2425 3335 2532 3408 γὰρ
2564 3336 2650 3388 ἀεὶ
2680 3334 2755 3387 ὢν
2782 3336 2810 3387 6
2843 3333 2969 3398 Υίὺς
2998 3333 3097 3387 ούκ
3131 3332 3246 3386 ἔστι
3275 3332 3498 3402 κτίσμα,
3523 3331 3616 3385 οἶν

2036 3449 2144 3495 τως
2178 3431 2265 3484 ἀεὶ
2287 3429 2456 3501 οὔσης
2483 3429 2582 3498 τῆς
2615 3427 2864 3499 Τριάὸος,
2888 3425 3040 3480 οὐδέν
3062 3427 3210 3478 ἐστιν
3242 3428 3300 3479 tv
3330 3427 3466 3496 αὐτῇ
3491 3426 3608 3478 atti-

2041 3539 2178 3592 σμα·
2204 3521 2284 3575 διὸ
2315 3521 2414 3574 οὐκ
2439 3519 2554 3572 ἐστι
2579 3518 2784 3590 κτίσμα
2803 3517 2863 3571 τὸ
2885 3516 3130 3588 Πνεῦμα.
3167 3517 3254 3580 Ὦς
3280 3516 3388 3588 γὰρ
3413 3517 3498 3570 ἀεὶ
3519 3511 3609 3587 ἦν,

2037 3612 2207 3674 οὕτως
2236 3611 2353 3664 ἐστὶ
2386 3609 2479 3663 καὶ
2509 3607 2633 3663 νῦνο
2671 3607 2766 3661 καὶ
2792 3607 2865 3669 ὼς
2893 3605 2986 3661 νῦν
3015 3609 3182 3672 ἐστιν,
3209 3604 3380 3670 οὕτως
3413 3605 3500 3660 ἀεὶ
3522 3600 3611 3677 ἦν,

2039 3705 2133 3757 καὶ
2159 3703 2302 3756 ἔστιν
2331 3704 2364 3773 ἡ
2394 3701 2582 3775 Τριὰς,
2609 3700 2703 3753 καὶ
2729 3701 2786 3752 tv
2811 3699 2946 3769 αύτῇ
2971 3697 3180 3770 Πατὴρ,
3215 3696 3310 3752 καὶ
3334 3697 3480 3761 Υίὸς,
3516 3715 3612 3752 και

2039 3794 2262 3866 Πνεῦμα
2289 3793 2460 3862 ἅγιον.
2498 3792 2608 3845 Καὶ
2633 3785 2713 3856 εἷς
2733 3791 2866 3854 Θεὸς
2895 3789 3006 3862 (21)
3038 3790 3066 3841 6
3092 3787 3281 3860 Πατὴρ
3311 3789 3340 3841 6
3363 3788 3456 3840 ἐπὶ
3484 3787 3616 3842 πάν-

2037 3905 2166 3951 των,
2197 3886 2292 3940 καὶ
2324 3884 2412 3938 διὰ
2439 3885 2657 3939 πάντων
2675 3923 2690 3947 ,
2719 3883 2814 3936 καὶ
2844 3884 2902 3935 ὲν
2943 3883 3101 3948 πᾶσι,
3133 3879 3191 3945 ὃς
3218 3881 3366 3935 ἐστιν
3391 3877 3618 3950 εὐλογηέ-

2038 3980 2127 4044 τὸς
2162 3981 2240 4043 εἰς
2270 3980 2396 4042 τοὺς
2425 3976 2646 4041 αίῶνας.
2695 3977 2885 4047 Ἀμήν.
2924 3974 3063 4044 Ἐγὼ
3095 3973 3194 4046 μὲν
3224 3969 3349 4037 οὖν,
3389 3973 3465 4036 ὡς
3496 3971 3615 4043 ἐδή-

2038 4073 2248 4135 λωσας,
2282 4070 2348 4124 δι’
2391 4069 2584 4140 ὀλίγων
2619 4068 2712 4124 καὶ
2746 4067 2922 4123 ταῦτα
2981 4066 3341 4138 καταγράψας
3370 4064 3482 4137 (22)
3511 4066 3616 4118 ἀπ-

2039 4164 2253 4217 έστειλα
2273 4180 2288 4196 ο
2325 4163 2390 4216 σὺ
2422 4162 2479 4216 δὲ
2507 4162 2583 4226 ὡς
2618 4160 2854 4226 συνετὸς,
2889 4158 2942 4213 εἰ
2969 4176 3021 4212 τι
3055 4161 3150 4213 καὶ
3179 4160 3237 4212 tv
3268 4157 3476 4221 τούτοις
3508 4153 3616 4210 Χεί-

2039 4271 2160 4319 πει,
2217 4252 2440 4326 Θέλησον
2487 4250 2810 4324 πληρῶσαιο
2856 4249 2950 4304 καὶ
2993 4251 3106 4313 τοῖς
3141 4249 3238 4321 μὲν
3266 4248 3483 4313 οἰκείοις
3517 4247 3618 4318 τῆς

2039 4348 2274 4410 πίστεως
2302 4344 2593 4414 ἀνάγνωθι,
2616 4345 2738 4407 τοὺς
2761 4343 2816 4397 δὲ
2850 4340 3284 4412 φιλονεικοῦντας
3311 4341 3612 4410 δυσφημεῖν

358 4429 510 4498 legas
542 4443 555 4482 :
587 4444 684 4484 eos
715 4440 919 4495 autem,
951 4432 1045 4501 qui
1083 4447 1180 4502 per
1219 4434 1628 4490 contentionem
1680 4435 1934 4506 blasphe-

2041 4438 2225 4510 ἔλεγχε
2244 4453 2260 4470 ο
2291 4437 2432 4508 τάχα
2462 4437 2565 4491 κᾶν
2589 4437 2686 4507 ὀψέ
2716 4453 2844 4490 ποτε
2876 4435 3252 4506 μεταγνόντες,
3277 4432 3612 4502 ἀπονίψωσιν

359 4534 542 4586 mant,
595 4523 1224 4594 redarguito..Forta.sse
1264 4525 1347 4580 vel
1405 4542 1526 4582 sero
1581 4527 1798 4583 tandem
1843 4543 1932 4583 re-

359 4613 702 4682 sipiscentes,
751 4623 876 4669 ante
927 4614 1156 4676 insitum
1202 4631 1442 4672 errorem
1502 4619 1812 4690 altstergent
1864 4617 1933 4673 ab

359 4706 543 4760 anima
581 4721 702 4772 sua.
734 4704 776 4759 E
809 4721 869 4761 re
909 4706 1054 4761 enim
1113 4705 1278 4763 fuerit
1317 4723 1530 4771 eorum,
1558 4720 1617 4764 ut
1666 4711 1932 4780 scriptum

356 4806 460 4866 est,
481 4797 710 4862 resilire,
731 4799 1327 4868 neccomperendinare
1346 4816 1359 4852 :
1381 4816 1448 4856 ne
1479 4800 1523 4856 si
1553 4813 1928 4872 permaneant,

435 4916 475 4946 '°
511 4916 616 4971 Isa.
648 4929 687 4982 I,
720 4914 810 4970 11.
873 4916 914 4947 ιι
945 4913 1146 4986 Ephes.
1172 4932 1246 4984 tv,
1271 4918 1325 4974 5.

431 5072 538 5149 llﬁ)
581 5073 716 5149 Reg:
737 5086 792 5131 et
825 5074 1072 5149 segnem,
1101 5073 1493 5149 tletns._Editi,
1521 5079 1695 5134 ἔλιπε.

404 5146 540 5218 LI?)
582 5145 657 5200 Ita
686 5145 816 5218 Reg.
849 5145 1076 5218 Séguer.
1105 5156 1160 5201 et
1185 5146 1374 5207 Basil..
1411 5158 1572 5204 recte.
1601 5149 1741 5207 Editi
1779 5168 1926 5211 vero,

357 5214 543 5296 αὐτοῦ.
579 5217 746 5296 Paulo
767 5214 888 5285 post
911 5214 1038 5296 editi
1069 5233 1193 5296 cum
1220 5218 1546 5296 quibusdam
1571 5222 1931 5296 m_ss._habent

355 5287 450 5338 τοῦ
480 5297 604 5342 ante.
633 5287 882 5347 κτίστου.
918 5288 1012 5344 sed
1045 5289 1311 5357 articulus
1336 5289 1489 5344 deest
1516 5291 1568 5344 in
1601 5290 1790 5357 Regio,
1829 5291 1930 5346 Se-

357 5358 619 5420 gueriano
646 5368 702 5411 et
728 5357 1036 5414 Basiliensi.
1064 5356 1200 5414 lbid.
1231 5359 1324 5412 καί
1343 5360 1496 5415 deest
1526 5362 1580 5416 in
1603 5356 1932 5417 Gobleriano

357 5433 412 5478 et
443 5424 680 5480 Felckm.
719 5431 915 5484 primo.

429 5494 672 5570 (18)_Sic
720 5494 849 5570 Reg.
897 5507 950 5554 et
995 5501 1218 5570 Seguer.
1269 5497 1326 5552 In
1373 5501 1535 5557 editis
1567 5512 1623 5557 et
1671 5503 1792 5558 aliis
1837 5501 1933 5555 καί

559 5565 684 5622 Mox
723 5563 924 5640 Regius
951 5579 1004 5624 et
1027 5563 1276 5641 SEguer.,
1310 5572 1518 5644 ἐπειδή.
1555 5572 1694 5629 Editi
1728 5581 1782 5628 et
1804 5573 1930 5637 alii,

433 5703 543 5777 (19)
566 5701 672 5760 Οῦν
703 5708 852 5764 deest
883 5711 936 5766 in
962 5709 1343 5782 Basiliensi,et
1371 5730 1495 5770 mox
1529 5715 1794 5772 articulus
1817 5715 1845 5767 ὁ
1876 5714 1930 5769 in

2040 4533 2149 4586 ἀπὸ
2179 4531 2280 4602 τῆς
2306 4530 2485 4602 ψυχῆς
2509 4530 2719 4584 ἑαυτῶν
2740 4531 2839 4600 τὴν
2873 4527 2986 4598 (25)
3008 4525 3413 4597 προγενομὲνην
3437 4527 3495 4577 tv
3518 4525 3613 4577 αύ-

2039 4627 2151 4689 τοῖς
2183 4625 2490 4680 κακόνοιαν.
2524 4623 2702 4677 Καλὸν
2731 4621 2839 4692 γὰρ
2866 4621 3082 4684 αὐτοὺς,
3111 4617 3252 4672 κατὰ
3276 4617 3336 4671 τὸ
3368 4633 3614 4688 γεγραμ-

2043 4717 2236 4788 μένον,
2271 4714 2621 4784 ἀποπηδῆσαι
2650 4713 2744 4766 καὶ
2775 4710 2849 4783 μὴ
2895 4709 3234 4782 ὲγχρονίσαι·
3267 4709 3354 4762 ἵνα
3385 4707 3460 4778 μὴ
3491 4709 3610 4759 tm-

2043 4809 2294 4880 μένοντες
2337 4806 2610 4862 ἀκούσωσι
2641 4806 2702 4859 τὸ
2742 4801 3029 4876 εἰρημένον
3073 4801 3179 4855 ὑπὸ
3225 4799 3320 4854 τοῦ
3368 4797 3608 4853 Κυοίου·

2040 5074 2210 5130 Βεαίο

2037 5092 2320 5270 ῗὶῖὲίῗῌη
2349 5145 2509 5202 editis
2535 5157 2640 5201 art.
2675 5146 2707 5218 ὴ
2735 5155 2861 5201 ante
2885 5143 3054 5216 Τριάς
3083 5144 3294 5215 legitur.
3328 5142 3433 5198 Sed
3465 5142 3615 5196 deest

2037 5233 2089 5270 in
2171 5233 2310 5270 egro.

2037 5233 2089 5272 ιη
2125 5233 2310 5272 nemo.

2381 5287 2693 5360 Goblerlet
2729 5285 2912 5342 Felck.
2939 5287 2990 5360 i.
3035 5284 3098 5360 Aln
3131 5284 3291 5360 editis
3315 5291 3369 5360 et
3401 5280 3612 5360 caeteris

2037 5353 2311 5424 ιηές.,ἐῖς
2341 5360 2369 5412 6
2401 5358 2552 5422 Θεός.
2584 5359 2704 5412 Mox
2730 5360 2759 5411 6
2784 5369 2909 5412 ante
2935 5358 3059 5410 ἐπεὶ
3089 5355 3308 5408 πάντων
3338 5353 3613 5408 desidera-

2040 5440 2129 5485 tur
2153 5433 2206 5484 in
2233 5429 2414 5492 editis,
2451 5431 2542 5485 sed
2575 5429 2806 5484 habetur
2837 5430 2890 5482 in
2920 5427 3053 5496 Reg.
3085 5439 3140 5481 et
3171 5427 3401 5494 Seguer.

2113 5501 2222 5572 (22)
2260 5499 2478 5555 Gobler.
2507 5509 2561 5572 et
2586 5499 2766 5556 Felck.
2795 5499 2847 5560 1,
2881 5498 3118 5572 γράψας.

2113 5561 2222 5638 (25)
2261 5571 2353 5626 Sic
2399 5571 2622 5642 Regius,
2665 5561 3155 5642 SeguerfCo'bler.
3185 5575 3238 5621 et
3282 5562 3524 5620 Felckm.
3562 5561 3610 5617 l.

2041 5642 2183 5700 Editi
2217 5657 2367 5709 vero,
2399 5641 2598 5695 αὐτῶν.
