3914 6222
263 309 372 366 657

1381 299 1716 358 EPISTULA
1747 299 1813 354 IV
1865 297 1955 352 AD
2001 295 2456 354 SEHAPIONEM.

3406 291 3510 344 633

269 444 290 476 ε
327 425 421 487 ὀς
445 422 490 477 δ’
515 421 582 476 ἂν
607 423 738 494 εἴπῃ
767 420 904 476 κατὰ
928 421 1021 476 τοῦ
1055 420 1368 491 Πνεῦματος
1389 419 1484 472 τοῦ
1507 419 1666 486 ἁγίου
1683 457 1698 482 ,
1734 417 1827 470 οὐκ

1941 412 2154 468 audiant
2182 414 2327 484 quod
2360 412 2564 466 dictum
2601 421 2685 466 est
2719 427 2748 464 a
2796 411 3024 465 Domino
3059 427 3072 464 :
3106 428 3124 461 ι
3183 405 3508 474 Quicunque

263 514 602 584 ἀφεθήσεται
640 513 788 583 αὐτῷ
813 512 934 566 οὕτε
967 517 1024 568 ὲν
1051 513 1130 584 τῷ
1156 513 1311 568 αἰῶνι
1339 513 1510 586 τούτῳ
1538 509 1647 581 (24)
1672 549 1688 576 ,
1714 508 1836 564 οὔτε
1881 520 1890 529 ·

261 606 324 656 ἐν
345 605 424 675 τῷ
459 604 724 676 μέλλοντι.

251 857 640 916 ΕΠΙΣΊὉΛΗ
690 865 814 916 ΤΟΥ
857 866 1104 918 ΑΥΤΟΥ
1151 869 1343 922 ΠΡΟΣ
1397 871 1532 922 ΤὉΝ
1589 870 1835 924 ΑΥΤΟΝ

341 933 719 985 ΣΕῬΑΠΙΩΝΑ
802 937 1076 990 ΟΜΟΙΩΣ
1150 939 1322 992 ΠΕΡΙ
1398 942 1540 995 ΤΟΥ
1611 941 1839 992 ΛΓῙΟΥ

339 1001 490 1055 ΠΝΕ
501 1003 638 1054 mm
648 1005 780 1056 ΤοΣ
805 1003 938 1076 (25).

339 1130 628 1202 Ἐνέτυχον
652 1133 745 1187 καὶ
764 1137 828 1205 τῇ
855 1135 948 1188 νῦν
972 1136 1241 1210 γραφείσῃ
1263 1137 1414 1210 παρὰ
1436 1111 1534 1210 τῆς
1561 1143 1660 1210 σῆς
1681 1141 1840 1194 εὐλα-

1931 503 2126 558 dixerit
2141 505 2362 560 verbum
2380 511 2568 558 contra
2605 501 2866 572 Spiritum
2907 510 3150 554 sanetum
3185 514 3291 552 non
3323 496 3506 550 remit-

1935 605 2076 650 tetur
2096 596 2164 662 ei,
2203 612 2378 668 neque
2403 597 2457 650 in
2509 596 2611 650 hoc
2647 595 2878 658 smculo,
2915 607 3087 662 neque
3109 592 3164 645 in
3187 590 3366 644 futuro
3387 589 3448 636 ".
3480 609 3498 640 ι

1929 866 2271 922 EIUSDEM
2309 866 2407 922 AD
2451 865 2770 922 EUHDEM
2813 860 3300 920 SERAPIONEM
3351 860 3506 914 ΕΡΙε-

2078 933 2319 993 ετοιΑ
2355 929 2537 990 ΙΤΕΜ
2581 937 2676 992 DE
2714 935 3000 992 SANCTO
3041 930 3363 990 SPIRITU.

2013 1142 2064 1196 1.
2109 1141 2234 1210 Legi
2261 1143 2548 1210 epistolam
2583 1157 2612 1196 a
2641 1149 2732 1195 tua
2779 1141 2974 1212 pietate
3020 1140 3182 1194 modo
3221 1140 3502 1209 scriptam,

248 1221 414 1286 δείας
435 1224 716 1296 ἐπιστολῇ,
747 1227 837 1278 καὶ
861 1227 998 1280 πάνυ
1022 1228 1305 1300 θαυμάσας
1323 1230 1420 1301 τὴν
1443 1231 1712 1284 ἀναίδειαν
1736 1231 1827 1284 τῶι

1943 1235 2400 1302 vehementerque
2449 1236 2749 1288 admiratus
2797 1233 3169 1288 haereticorum
3219 1233 3506 1302 impuden-

249 1315 576 1384 αἱρετικῶν,
606 1319 860 1382 συνεῖδον,
887 1319 961 1382 ὡς
982 1319 1132 1373 οὐδὲν
1156 1321 1326 1385 οὕτως
1351 1323 1577 1394 ἁρμόζει
1602 1325 1728 1396 περὶ
1748 1325 1845 1378 αὺ-

244 1405 366 1458 τῶν
399 1409 576 1460 εἰπεῖν
599 1408 709 1480 ῆτὸ
731 1409 826 1462 τοῦ
863 1411 1182 1465 Ἀποστόλου
1214 1413 1576 1486 παράγγελμα
1595 1431 1607 1444 ·
1638 1436 1655 1467 ι
1679 1417 1840 1487 Αἱρε-

1947 1327 2098 1391 tiam,
2141 1325 2499 1379 animadverti
2545 1325 2682 1379 nihil
2736 1340 2889 1394 aeque
2933 1324 3040 1378 illis
3094 1323 3380 1377 convenire
3440 1339 3508 1376 ac

1943 1409 2187 1487 ΑροέιοΙὶ
2213 1427 2539 1485 praeceptum
2571 1435 2585 1470 :
2629 1435 2648 1468 ‹
2685 1415 3008 1471 Haereticum
3056 1413 3348 1479 hominem,
3383 1421 3508 1482 post

243 1499 408 1550 τικὺν
429 1499 714 1571 ἄνθρωπον
737 1502 872 1572 μετὰ
895 1503 1023 1574 μίαν
1042 1505 1134 1558 καὶ
1153 1505 1406 1577 δευτέραν
1421 1506 1696 1561 νουθεσίαν
1713 1525 1827 1578 παρ

1945 1524 2108 1564 unam
2163 1517 2218 1562 et
2269 1508 2563 1562 secundam
2615 1508 3030 1570 correctionem,
3071 1505 3291 1571 devita;
3325 1505 3506 1559 sciens

247 1588 438 1650 αιτοῦ,
481 1589 658 1653 εἰδὼς,
693 1592 772 1644 ὅτι
797 1591 1156 1665 ἐξέστραπται
1189 1597 1218 1648 ὁ
1247 1597 1514 1663 τοιοῦτος,
1546 1599 1640 1652 καὶ
1664 1600 1827 1670 ἁμαρ⁴

1945 1599 2072 1666 quia
2095 1598 2389 1653 subversus
2431 1606 2531 1658 est,
2561 1596 2652 1666 qui
2680 1597 2947 1666 ejusmodi
2984 1604 3089 1660 est,
3120 1604 3174 1649 et
3215 1594 3503 1663 delinquit,

243 1679 406 1732 τάνει
435 1679 513 1732 ὢν
545 1681 1022 1754 αὐτοκατάκριτος.
1056 1705 1073 1736 ι
1110 1687 1556 1759 Διεστραμμένην
1582 1688 1690 1760 γὰρ
1717 1689 1832 1761 (26)

246 1767 395 1838 ἔχων
427 1769 528 1840 τὴν
554 1771 826 1836 διάνοιαν,
856 1775 954 1843 οὐχ
988 1775 1054 1827 ἵν’
1088 1775 1322 1840 ἀκούσας
1366 1777 1582 1850 πεισθῇ,
1617 1781 1726 1832 οὐδ’
1751 1781 1836 1834 ἵνα

248 1861 450 1932 μαθὼν
481 1862 749 1934 μεταγνῷ,
777 1864 1121 1931 πυνθάνεται,
1153 1863 1268 1921 ἀλλ’
1288 1867 1451 1922 ἕνεκά
1470 1887 1531 1938 γε
1560 1871 1667 1924 τῶν
1695 1872 1837 1924 άπα-

245 1949 532 2020 τηθέντων
562 1953 690 2022 παρ’
717 1953 904 2018 αὐτοῦ,
943 1955 1015 2026 μὴ
1048 1955 1156 2028 ἄρα
1177 1959 1458 2028 σιωπήσας
1479 1959 1834 2032 καταγνωσθῇ

245 2040 346 2092 καὶ
372 2043 508 2112 παρ’
535 2043 734 2096 αὐτῶν.
777 2045 972 2116 Ἤρκει
1000 2041 1092 2100 οῦν
1119 2048 1187 2100 τὰ
1213 2049 1586 2119 προειρημένα
1605 2065 1620 2081 ·
1655 2052 1832 2121 ἤρκει,

241 2129 526 2194 τοσαύτας
559 2131 860 2200 ἀποδείξεις
879 2133 1140 2199 λαϐόντας
1160 2137 1376 2202 αὐτοὺς,
1406 2138 1714 2194 παύσασθαι
1737 2137 1835 2212 τῆς

241 2221 398 2275 κατὰ
420 2222 516 2275 τοῦ
541 2224 695 2292 ἁγίου
713 2226 854 2279 Πνεύ
862 2245 1030 2298 ματος
1048 2227 1379 2300 δυσφημίας.
1399 2231 1536 2284 Ἀλλ’
1557 2233 1652 2285 οὐκ
1671 2234 1836 2305 ἠρκέ-

248 2313 465 2384 σθησαν
500 2315 633 2388 (27)·
669 2317 828 2372 πάλιν
853 2320 908 2372 δὲ
937 2320 1326 2386 ἀναιδεύονται,
1354 2322 1441 2376 ἵνα
1462 2323 1726 2388 δείξωσιν,
1751 2326 1834 2377 ὅτι

241 2403 582 2476 λογομαχεῖν
631 2409 1054 2481 μελετήσαντες,
1091 2413 1184 2466 καὶ
1216 2411 1396 2466 λοιπὸν
1437 2415 1832 2486 Πνευματομα-

239 2491 498 2562 χοῦντες,
527 2493 738 2548 ἔσονται
763 2498 878 2566 μετ’
905 2498 1082 2567 ὀλίγον
1109 2501 1292 2574 νεκροὶ
1324 2503 1388 2572 τῇ
1425 2502 1636 2572 ἀλογίᾳ.
1675 2505 1834 2575 Ἀμέ-

241 2585 326 2636 λει
363 2584 476 2638 κᾶν
497 2586 858 2658 ἀποκρίνηταί
880 2607 962 2654 τις
983 2591 1076 2644 καὶ
1104 2592 1239 2663 πρὸς
1263 2593 1362 2654 τὰς
1382 2593 1476 2646 νῦν
1500 2596 1676 2650 αὐτῶν
1698 2599 1834 2668 ἐρω-

237 2675 466 2746 τήσεις,
500 2677 651 2730 οὐδὲν
675 2673 840 2752 ἧττον
873 2681 1164 2753 ἐφευρεταὶ
1196 2684 1380 2738 κακῶν
1400 2685 1641 2740 ἔσονται·
1673 2689 1832 2758 μόνον

243 2766 336 2821 ἵνα
365 2768 660 2839 ζητοῦντες
687 2771 762 2840 μὴ
784 2770 1036 2842 εὕρωσιν,
1059 2773 1090 2844 ἣ
1124 2775 1455 2840 ἀκούσαντες
1478 2778 1588 2848 (28)
1615 2780 1688 2850 μὴ
1711 2782 1832 2850 νοή-

243 2875 444 2910 σωσιν.
494 2855 616 2914 Οἷαι
648 2861 705 2914 δὲ
751 2862 926 2916 αὐτῶν
959 2864 1014 2917 αἱ
1053 2866 1214 2934 σοφαὶ
1249 2869 1576 2940 ἐρωτήσεις;
1639 2873 1700 2924 Ei
1731 2871 1830 2926 οὐκ

239 2951 362 3004 ἔστι
393 2951 603 3022 κτίσμα
635 2953 694 3006 τὸ
721 2953 874 3022 ἅγιον
909 2956 1159 3028 Πνεῦμα,
1196 2960 1390 3014 οὐκοῦν
1410 3003 1424 3026 ,
1456 2964 1649 3031 φασιν,
1701 2964 1830 3030 Υἱός
1857 2946 1898 3004 C

235 3043 362 3095 ἐστι
385 3082 403 3106 ,
453 3043 551 3096 καὶ
578 3043 796 3114 ἀδελφοὶ
825 3046 918 3100 δύο
947 3050 976 3101 ὁ
1003 3049 1174 3117 Λόγος
1205 3051 1298 3104 καὶ
1323 3053 1482 3117 αὐτός
1509 3055 1644 3125 (29).
1698 3054 1830 3112 Εἶτα

235 3129 620 3198 ἐπιλέγουσιν,
652 3132 727 3196 ὡς
758 3135 987 3205 γράφεις
1006 3154 1020 3169 ο
1049 3139 1110 3191 Ei
1139 3141 1203 3192 ἐκ
1236 3141 1327 3194 τοῦ
1359 3141 1490 3196 Υίοῦ
1519 3143 1744 3214 λήψεται
1770 3149 1830 3200 τὸ

239 3220 502 3292 Πνεῦμα,
535 3225 628 3276 καὶ
653 3227 779 3296 παρ’
809 3227 972 3280 αὐτοῦ
999 3228 1195 3282 δίδοται
1221 3229 1430 3300 (οὕτως
1484 3235 1590 3306 γὰρ
1623 3237 1826 3309 γέγρα-

238 3313 450 3404 πται),
507 3314 666 3379 εὐθὺς
696 3317 990 3388 ἐπάγουσιν
1009 3338 1024 3353 ·
1072 3323 1280 3378 Οὐκοῦν
1311 3325 1533 3390 πάππος
1557 3329 1586 3380 ὁ
1615 3329 1824 3404 Πατὴρ,

236 3405 334 3456 καὶ
367 3403 597 3473 ἔκγονον
632 3407 744 3478 (50)
778 3411 925 3462 ἐστιν
957 3411 1121 3466 αὑτοῦ
1149 3411 1210 3465 τὺ
1245 3413 1486 3486 Πνεῦμα.

1936 1705 2060 1744 cum
2095 1689 2164 1743 sit
2191 1689 2410 1758 pr0prio
2445 1687 2652 1758 judicio
2697 1688 3093 1741 condemnatus
3118 1685 3182 1738 “.
3219 1705 3235 1738 ι
3271 1685 3502 1739 Perver-

1935 1798 2050 1837 sam
2099 1781 2244 1834 enim
2288 1789 2522 1834 mentem
2553 1795 2677 1834 cum
2719 1779 2934 1846 habeat,
2975 1795 3082 1833 non
3117 1778 3234 1833 ideo
3259 1777 3506 1833 sciscita-

1935 1881 2024 1925 tur
2057 1879 2115 1924 ιιι
2139 1885 2262 1926 cum
2298 1869 2534 1924 audierit
2557 1869 2912 1938 obtemperet,
2945 1884 3118 1938 neque
3157 1877 3219 1922 ut
3249 1883 3374 1923 cum
3419 1867 3504 1920 di-

1933 1964 2147 2028 dicerit,
2181 1963 2501 2033 resipiscat;
2526 1961 2618 2016 sed
2643 1975 2832 2016 eorum
2877 1974 3040 2014 causa
3073 1974 3212 2030 quos
3245 1958 3362 2028 ipse
3399 1957 3502 2012 de-

1936 2057 2094 2125 cepit,
2120 2071 2186 2108 ne
2213 2055 2440 2116 scilicet,
2468 2053 2514 2108 si
2545 2061 2737 2116 taceat,
2764 2051 2833 2106 ab
2860 2051 2994 2122 ipsis
3026 2066 3244 2122 quoque
3267 2051 3497 2104 damne-

1937 2157 2044 2202 tur.
2077 2145 2245 2201 Erant
2269 2161 2402 2201 sane
2426 2160 2546 2216 qua:
2579 2146 2732 2215 prius
2777 2143 2921 2200 dicta
2957 2151 3084 2197 sunt
3121 2142 3254 2198 satis
3285 2158 3298 2194 :
3344 2141 3503 2198 sulti-

1935 2237 2151 2292 ciebant
2179 2237 2270 2292 illa
2305 2245 2384 2292 tot
2413 2245 2674 2306 tantaque
2722 2243 3044 2306 argumenta
3091 2235 3194 2289 sibi
3232 2235 3501 2305 opposita,

1935 2339 1994 2384 ut
2029 2329 2188 2384 linem
2226 2327 2464 2385 facerent
2515 2327 2928 2398 blasphemandi
2977 2327 3030 2381 in
3079 2325 3339 2398 Spiritum
3375 2341 3505 2381 san-

1933 2431 2101 2478 ctum.
2131 2419 2333 2476 Verum
2389 2437 2496 2475 non
2538 2429 2624 2474 sat
2652 2420 2760 2475 illis
2783 2418 2908 2484 fuit,
2944 2419 3037 2474 sed
3070 2434 3286 2473 rursum
3316 2418 3500 2486 impu-

1932 2513 2121 2568 denter
2151 2529 2272 2569 sese
2292 2521 2509 2582 gerunt,
2552 2522 2610 2568 ut
2635 2512 2764 2566 hinc
2789 2510 2966 2580 palam
3008 2509 3210 2564 faciant
3253 2524 3309 2563 se
3341 2521 3502 2561 exer-

1932 2605 2126 2660 citatos
2155 2605 2218 2660 ad
2243 2605 2586 2674 pugnandum
2611 2603 2772 2674 557
2809 2618 2931 2658 cum
2961 2603 3144 2661 verbo,
3180 2600 3504 2668 tandemque

1933 2697 2192 2766 Spiritum
2231 2707 2484 2752 sanctum
2544 2705 2940 2768 oppugnantes,
2995 2693 3144 2748 brevi
3191 2692 3306 2748 fore
3359 2691 3500 2746 insi-

1933 2790 2136 2859 pientia
2161 2805 2258 2844 sua
2287 2798 2553 2844 mortuos.
2599 2785 2849 2842 Profecto
2875 2785 3036 2840 etiam
3066 2785 3111 2840 si
3140 2785 3262 2854 quis
3293 2783 3358 2837 ad
3393 2783 3498 2836 hu-

1931 2879 2166 2948 iusmodi
2215 2895 2401 2933 eorum
2436 2877 2883 2946 interrogationes
2931 2876 3288 2945 respondeat,
3323 2872 3495 2927 nihilo

1934 2969 2116 3026 minus
2140 2969 2296 3022 malis
2327 2967 2699 3036 excogitandis
2739 2965 3083 3030 incumbent,
3107 2979 3190 3034 eo.
3211 2963 3386 3016 solum
3439 2970 3500 3014 ut.

1933 3070 2234 3132 quazrentes
2270 3075 2378 3114 non
2405 3059 2701 3118 inveniant,
2730 3055 2811 3111 vel
2843 3055 3122 3110 audientes
3153 3068 3260 3108 non
3294 3053 3496 3106 intelli-

1931 3162 2080 3223 gant.
2109 3151 2442 3222 Cujusmodo
2496 3165 2660 3220 porro
2705 3155 2833 3204 sunt
2875 3146 3082 3203 callidae
3124 3147 3361 3217 ipsorum
3414 3143 3501 3198 in-

1929 3240 2428 3313 terrOgationes?Si
2463 3240 2698 3310 Spiritus
2730 3247 2950 3294 sanctus
2978 3253 3085 3291 non
3121 3237 3191 3292 sit
3219 3243 3496 3314 creatura,

1923 3349 2073 3405 ergo,
2115 3335 2291 3399 aiunt,
2315 3332 2487 3388 Filius
2515 3341 2619 3400 est,
2660 3341 2712 3386 et
2747 3332 2943 3386 fratres
2969 3331 3076 3385 duo
3103 3337 3230 3384 sunt
3257 3326 3496 3382 Verbum

1932 3434 2095 3494 atque
2120 3425 2254 3494 ipse.
2286 3423 2480 3479 Poswa
2509 3424 2860 3488 subsumunt,
2895 3429 2953 3476 ut
2992 3420 3187 3475 scribis
3222 3436 3237 3473 :
3280 3418 3338 3472 Si
3381 3417 3497 3487 Spi-

235 3495 390 3548 ritus
462 3507 686 3552 sanctus
729 3515 760 3554 a
810 3499 948 3556 Filio
1008 3505 1254 3574 accipiet,
1303 3517 1357 3561 et
1407 3509 1476 3562 ab
1541 3509 1658 3580 ipso
1702 3513 1862 3568 datur
1922 3515 2021 3587 (ita
2071 3517 2216 3572 enim
2277 3517 2536 3587 scriptum
2605 3514 2746 3586 est),
2806 3522 2862 3569 et
2917 3515 3167 3584 protinus
3217 3509 3491 3564 inferunt:

235 3603 376 3659 ergo
413 3606 554 3645 avus
574 3602 656 3647 est
681 3592 862 3659 Pater,
895 3605 948 3651 et
980 3613 1148 3668 nepos
1177 3611 1260 3657 est
1289 3603 1544 3672 Spiritus.

305 3684 368 3739 2.
407 3684 543 3752 Τίς,
590 3688 792 3742 τούτων
821 3692 1033 3746 ἀκούων
1055 3733 1068 3758 ,
1106 3695 1186 3748 ἔτι
1227 3697 1612 3768 Χριστιανοὺς,
1649 3701 1742 3754 καὶ
1769 3704 1830 3755 οὐ

2007 3699 2062 3754 2.
2101 3697 2234 3764 Quis
2267 3697 2383 3752 haec
2411 3697 2657 3764 audiens,
2687 3695 3052 3760 Christianos,
3093 3703 3146 3748 et
3169 3707 3274 3746 non
3309 3691 3492 3760 potius

237 3777 452 3848 μᾶλλον
477 3779 742 3850 Ἕλληνας
763 3785 956 3848 αὐτοὺς
977 3788 1218 3857 νομίσει;
1249 3787 1482 3844 Τοιαῦτα
1505 3792 1613 3863 γὰρ
1638 3793 1827 3864 ’Έλλη-

1941 3806 2169 3862 paganns
2210 3789 2332 3844 illos
2385 3787 2768 3843 existimabit"!
2803 3784 2938 3840 Nam
2993 3785 3118 3840 talia
3165 3782 3356 3853 pagani
3389 3783 3492 3835 ad-

229 3887 326 3932 νες
357 3869 492 3923 καθ’
529 3871 684 3940 ἡμῶν
713 3873 991 3944 ὁμιλοῦσιν
1020 3879 1250 3942 ἑαυτοῖς.
1304 3879 1399 3944 Τίς
1432 3883 1827 3954 ἀποκρίνασθαι

1941 3898 2148 3940 versum
2189 3897 2288 3936 nos
2337 3881 2479 3935 inter
2507 3894 2564 3934 se
2607 3879 3008 3948 colloquuntur.
3069 3875 3202 3941 Quis
3247 3873 3392 3928 volet
3422 3873 3493 3928 ad

229 3960 466 4032 θελήσει
502 3963 638 4033 πρὸς
673 3965 771 4037 τὴν
796 3968 1048 4040 τοιαύτην
1077 3971 1385 4045 ἀφροσύνην
1415 3975 1620 4041 αὑτῶνς
1687 3978 1826 4046 Ἐγὼ

1941 3973 2198 4045 ejusmodi
2225 3972 2441 4026 illorum
2474 3970 2742 4024 insaniam
2795 3964 3164 4035 respondere?
3197 3962 3326 4018 Mihi
3357 3977 3491 4016 sane

231 4053 396 4122 γοῦν,
423 4055 598 4108 πολλὰ
615 4056 986 4131 λογισάμενος,
1011 4063 1106 4116 καὶ
1126 4062 1302 4134 ζητῶν
1325 4067 1666 4138 ἁρμόζουσαν
1689 4069 1824 4141 πρὸς

1941 4067 2096 4122 multa
2123 4079 2338 4120 mecum
2365 4060 2664 4132 reputanti,
2711 4075 2775 4114 ac
2805 4055 3068 4129 quaerenti
3097 4062 3488 4124 congruentem

228 4149 444 4213 αὐτοὺς
475 4151 791 4223 ἀπόκρισιν,
825 4155 1078 4226 οὐδεμίαν
1123 4152 1278 4228 εὗρον
1313 4159 1345 4230 ἢ
1377 4160 1477 4232 τὴν
1509 4160 1644 4232 πρὸς
1695 4164 1824 4226 τοὺς

1949 4159 2036 4214 llis
2059 4156 2496 4227 responsionem,
2525 4152 2673 4207 nulla
2695 4149 2934 4205 occurrit
2971 4156 3165 4218 praeter
3195 4147 3341 4202 illam
3368 4161 3491 4215 quae

224 4241 579 4312 Φαρισαίους
600 4243 721 4296 τότε
748 4247 1066 4316 γενομένην.
1101 4249 1190 4311 Ὠς
1237 4249 1346 4321 γὰρ
1371 4251 1630 4316 ἐκείνους,
1659 4271 1824 4308 κακο-

1941 4264 2056 4304 ,unc
2086 4245 2377 4302 Pharisaeis
2416 4243 2542 4298 data
2571 4251 2675 4298 est.
2710 4240 3176 4308 Quemadmodum
3213 4237 3356 4292 enim
3393 4250 3486 4293 eos

223 4332 385 4400 ήθως
399 4335 805 4405 ἐρωτήσαντας,
829 4338 1254 4410 ἀντηρώτησενό
1277 4342 1485 4415 Σωτὴρ,
1507 4345 1571 4398 ἵν’
1595 4345 1822 4400 αἴσθων-

1941 4341 2066 4395 nalo
2095 4340 2279 4394 animo
2311 4336 2641 4399 sciscitalos,
2667 4333 2909 4389 vicissim
2957 4329 3210 4386 Servator
3253 4331 3480 4384 interro-

221 4439 320 4476 ται
351 4422 463 4492 τῆς
489 4422 624 4488 ἰδίας
661 4426 962 4494 κακονοίας,
987 4429 1177 4496 οὕτως,
1211 4433 1396 4505 ἐπειδὴ
1423 4435 1516 4488 καὶ
1537 4431 1681 4490 οὗτοι
1707 4437 1818 4508 (51)

1941 4429 2082 4500 gavit,
2115 4435 2176 4482 ιιι
2199 4427 2396 4482 mentis
2440 4440 2554 4479 suae
2585 4422 2994 4494 perversitatem
3039 4419 3140 4490 ipsi
3191 4419 3484 4486 sentirent,

221 4513 471 4568 τοιαῦτα
501 4515 796 4586 ἐρωτῶσιν,
824 4519 1132 4576 εἰπάτωσαν
1160 4525 1291 4594 ἡμῖν
1322 4526 1495 4590 αὐτοὶ,
1531 4527 1728 4598 μᾶλλον
1760 4528 1818 4582 δὲ

1941 4524 1997 4576 .ic
2027 4519 2284 4592 quoniam
2315 4526 2370 4574 et
2393 4517 2482 4573 isti
2512 4516 2640 4571 talia
2675 4523 3085 4586 percontantur,
3117 4511 3300 4567 dicant
3329 4511 3486 4565 nobis

219 4606 735 4676 ἀποκρινάσθωσαν
755 4611 1095 4684 ἐρωτώμενοι
1115 4614 1473 4687 ὡςέρωτῶσιν
1491 4618 1620 4687 ('52).
1639 4619 1764 4672 Ἐπε
1773 4637 1817 4672 ι-

1941 4613 2138 4685 psi,rel
2156 4612 2334 4681 potius
2357 4610 2719 4678 respondeant
2763 4606 3096 4676 interrogati,
3137 4603 3473 4674 quemadmo-

215 4695 285 4766 δὴ
301 4697 452 4767 γὰρ,
470 4695 740 4766 λέγοντες,
758 4701 856 4765 τὰς
872 4705 999 4775 παρ’
1022 4705 1202 4758 αὐτῶν
1225 4707 1536 4779 ἐφευρέσεις
1555 4711 1613 4762 οὐ
1635 4709 1814 4762 νοοῦσι

1941 4705 2044 4759 Ιιιιιι
2073 4703 2173 4773 ipsi
2205 4703 2550 4771 interrogant.
2575 4699 3015 4770 Quandoquidem
3037 4698 3200 4763 enim,
3244 4696 3371 4750 dum
3405 4695 3486 4747 lo-

211 4787 398 4858 τάχα,
439 4789 547 4840 κᾶν
579 4790 895 4858 ἀκούοντες,
931 4796 1194 4864 ἐπιγνῶσι
1217 4796 1315 4868 τὴν
1343 4799 1547 4852 ἐαυτῶν
1577 4801 1813 4871 ἀφροσύ-

1941 4803 2182 4867 ιιιυιιῑιιτ,
2202 4794 2420 4848 inventa
2445 4791 2873 4862 nongintelligunt
2899 4805 3015 4854 sua,
3039 4788 3266 4845 fortasse
3285 4786 3366 4841 vel
3387 4799 3484 4837 au-

255 4963 300 4994 ¹¹
333 4963 548 5018 Matth.
579 4981 674 5032 xu,
701 4963 805 5023 ⁵52(
871 4971 916 5002 ¹³
949 4969 1057 5026 Tit.
1093 4989 1174 5038 ιιι,
1214 4973 1302 5028 10.

283 5123 424 5190 (9.4)
461 5121 648 5193 Τούτῳ
676 5121 826 5178 deest
853 5125 905 5179 in
937 5127 1100 5186 Basil.

287 5196 424 5276 ίτιέξ)
469 5193 524 5276 In
557 5195 714 5276 titu'lo
751 5194 929 5276 Regio
956 5209 1010 5276 et
1039 5201 1284 5272 Seguer.,
1320 5203 1664 5276 Σαραπίωνα.
1701 5203 1805 5260 lbi-

208 5265 339 5317 d.:m
371 5263 590 5332 ὁμοίως
614 5265 767 5318 abest
795 5282 822 5319 a
851 5263 1021 5321 ’Basil.

213 5369 226 5382 -
279 5335 418 5428 tit-‘3:
445 5331 1014 5428 sinis-5:99";
1037 5339 1127 5428 δεῖξ’
1153 5341 1207 5428 ίιι
1233 5341 1392 5428 stiti?
1420 5345 1732 5428 γέερέῖςοει-

285 5401 418 5479 ξεῖ)
445 5401 520 5456 Ita
553 5401 690 5479 μεθ]
721 5405 944 5479 _Seguer.
973 5407 1140 5464 Basil.
1162 5423 1215 5466 et
1244 5401 1457 5468 Gobler.
1481 5401 1616 5469 Editi
1649 5429 1796 5479 “vero,

211 5477 518 5546 nuendosp,
545 5475 910 5546 ᾗρκίσθησαν.

284 5543 1204 5638 (Esz‘pa'silzaixo'go‘ufsg.figulo
1239 5561 1362 5638 post
1389 5551 1524 5638 fies.
1571 5565 1624 5610 et
1655 5555 1802 5626 ch.,

1981 5556 2092 5638 (ὅθ)
2122 5557 2213 5609 δίο
2240 5553 2439 5638 lic-8305
2480 5559 2532 5634 ει
2567 5547 3082 5638 Samaei-1931'!“
3105 5555 3475 5638 artari???

205 5615 483 5696 25.31.1101
505 5613 756 5696 Πνεῦμαἶ
781 5614 944 5696 Editi,
969 5616 1030 5671 τὸ
1053 5613 1274 5696 Πνεῦμα
1305 5623 1364 5676 τὸ
1387 5613 1574 5696 ᾅςνιον,Δ
1670 5695 1673 5696 ν

1941 5613 2040 5696 eris
2075 5613 2206 5696 haec,
2230 5625 2304 5686 ὡς
2320 5613 3060 5696 :epmgtbctyfdesideranlur.
3084 5617 3235 5696 -Μοξ
3251 5613 3471 5696 μεθ-εἷσε.

283 5671 408 5756 (29)
441 5671 676 5756 Regius;
723 5671 1274 5758 Seguerianjlia—sili;
1317 5671 1628 5759 ξαῖᾋέέὲς.
1663 5695 1800 5749 Ε.ἰίιὶ

1941 5671 2301 5764 ιρεῖιρτιοιῖιιεζ
2324 5671 2655 5756 ιιόειιίρηειὲ,
2676 5671 2780 5754 ea}
2795 5671 2940 5760 ’ἀφ’
2971 5687 3166 5742 αὐτῶν.
3197 5671 3359 5752 Ειιιιίῖ
3373 5671 3472 5746 τις

1910 5152 2060 5208 vero,
2091 5137 2185 5208 καὶ
2209 5138 2268 5208 τδ
2305 5137 2546 5208 Πνεῦμα.

1984 5196 2096 5274 (50)
2122 5207 2193 5261 Ita
2225 5205 2428 5275 Regius
2451 5196 2507 5261 'et
2537 5203 2686 5260 editi.
2721 5201 2966 5272 Seguer.,
2991 5201 3228 5269 ἔγγονον,
3259 5196 3474 5254 Gobler.

1885 5287 1964 5340 ,ει
1991 5275 2136 5332 Felc.
2169 5278 2220 5346 1,
2254 5277 2356 5346 εγγ

1982 5347 2092 5415 (51)
2126 5337 2473 5400 Oﬁrot'deest
2513 5341 2826 5415 in_Gobler.
2855 5349 2908 5415 et
2937 5338 3083 5415 Felc.
3105 5340 3164 5415 _l.
3192 5337 3314 5415 μοι
3351 5345 3478 5415 ante

1911 5417 2062 5470 αὐτοί
2077 5405 2138 5470 ’ίιι
2177 5417 2337 5470 editis
2379 5417 2426 5469 οἱ
2468 5413 2762 5483 legebatur,
2791 5409 2882 5464 sed
2924 5411 3075 5463 deest
3105 5409 3158 5461 in
3191 5407 3320 5477 lteg.
3350 5405 3472 5475 Seg.

1909 5487 2123 5542 anler.
2153 5497 2206 5539 et
2237 5485 2372 5538 Felc.
2403 5486 2468 5537 1.

2357 5294 2498 5340 ονος.
