3914 6222
471 331 574 385 639

1069 329 1126 382 S.
1173 327 1545 381 ATHANASII
1591 329 1739 383 OPP.
1781 327 1960 382 PARS
2007 325 2046 380 Ι.
2077 353 2147 364 -
2183 326 2552 384 HISTORICA
2587 328 2676 383 ΕΤ
2711 331 3121 387 DOGMATICA.

3591 336 3654 389 διδ
3664 340 3694 388 υ

472 446 701 508 dientes,
758 443 1026 503 insaniam
1091 459 1249 497 suam
1317 454 1630 514 agnoscent.
1679 444 1738 498 Si
1798 443 2022 513 Spiritus

2130 456 2229 512 νην
2256 443 2386 512 (55).
2422 443 2483 496 Εἰ
2517 443 2589 515 μὴ
2616 445 2818 514 κτίσμα
2851 446 2969 498 ἐστὶ
2992 447 3050 497 τὸ
3088 445 3310 516 Πνεῦμα
3339 447 3398 499 τὸ
3426 447 3600 515 ἆγιον,
3620 448 3694 510 ὡς

471 542 696 590 sanctus
719 549 828 588 non
869 542 954 588 est
990 544 1260 598 creatura,
1290 544 1349 590 ut
1408 538 1464 590 in
1509 536 1884 606 superioribus
1931 533 2030 591 tle-

473 635 832 680 monstratum
859 631 963 687 est,
993 625 1086 679 sed
1115 627 1168 680 in
1206 626 1316 681 Deo
1341 636 1443 691 est,
1476 636 1531 682 et
1568 644 1632 680 ex
1682 627 1792 680 Deo
1825 628 1984 681 datur
2012 644 2027 680 :

470 730 599 785 ergo
629 715 772 769 [ilius
801 722 887 768 est
916 715 1050 783 ipse,
1090 724 1144 769 et
1173 716 1282 770 duo
1327 727 1456 771 sunt
1479 717 1671 771 fratres
1703 718 1817 787 ipse
1858 727 1911 772 et
1937 716 2029 770 Fi-

471 802 574 857 lius
616 818 630 856 :
673 813 725 858 et
760 805 804 859 si
834 805 959 860 Filii
995 815 1078 862 est
1110 806 1370 876 Spiritus,
1397 817 1562 879 atque
1596 825 1626 863 a
1672 808 1811 863 Filio
1847 811 2030 864 omnia

470 895 667 963 accipit
703 894 959 965 Spiritus,
996 907 1055 953 ut
1082 898 1158 953 ait
1189 899 1324 968 ipse,
1359 909 1414 954 et
1445 918 1458 955 :
1495 919 1513 951 ι
1552 901 2032 956 Cumiusuﬂlasset

471 974 619 1041 u°edit
664 989 813 1042 illum
862 989 1251 1059 discipulis“:
1293 1012 1312 1043 ι
1347 1007 1470 1045 nam
1511 1001 1565 1046 et
1597 1008 1695 1047 vos
1745 993 2026 1048 fatemini:

469 1094 600 1148 ergo
630 1096 763 1135 avus
790 1089 872 1136 est
901 1079 1061 1136 Pater
1088 1090 1139 1136 et
1166 1097 1334 1151 nepos
1354 1082 1474 1151 ejus
1503 1091 1586 1138 est
1615 1081 1870 1152 Spiritus.
1901 1085 2031 1149 Qua:

471 1171 616 1225 enim
650 1171 990 1226 sciscitantes
1027 1187 1058 1226 a
1089 1173 1244 1227 nobis
1271 1172 1535 1241 quaeritis,
1576 1174 1643 1227 de
1684 1173 1871 1228 iisdem
1909 1189 2027 1240 vos,

471 1273 519 1316 et
548 1278 614 1317 ex
651 1263 841 1318 iisdem
879 1264 1203 1334 interrogari
1240 1278 1457 1333 aequum
1497 1273 1598 1318 est.
1640 1261 1792 1329 Quod
1825 1264 1870 1318 si
1911 1280 2030 1334 qua

470 1354 671 1423 scripta
711 1364 836 1410 sunt
869 1355 1096 1424 negatis,
1142 1371 1248 1409 non
1287 1356 1426 1409 ultra
1470 1355 1769 1410 Christiani
1815 1355 2029 1412 dicendi

469 1446 620 1508 estis,
657 1455 710 1501 et
732 1463 827 1515 par
855 1457 937 1502 est
963 1456 1022 1502 ut
1070 1463 1191 1514 nos,
1233 1457 1418 1516 utpote
1477 1448 1836 1512 Christianos,
1861 1448 2030 1504 inter-

475 1539 698 1609 rogetis.
728 1539 824 1594 Sin
854 1540 1041 1596 eadem
1077 1555 1198 1610 qua:
1226 1555 1324 1595 nos
1350 1539 1549 1610 legitis,
1579 1555 1798 1595 necesse
1823 1549 1907 1596 est
1936 1557 2030 1598 vos

469 1646 684 1702 quoque
710 1632 776 1687 de
798 1631 986 1686 iisdem
1020 1632 1099 1686 sic
1126 1646 1157 1686 a
1185 1630 1342 1686 nobis
1366 1631 1704 1701 interrogari.
1737 1629 1906 1685 Dicite
1933 1632 2032 1702 igi-

469 1729 558 1774 tur
583 1729 637 1775 et
665 1735 732 1775 ne
766 1720 1198 1784 cunctemini,an
1227 1718 1399 1776 Filius
1420 1729 1503 1775 est
1534 1719 1790 1790 Spiritus,
1819 1729 1873 1775 et
1897 1736 2030 1775 avus

2130 531 2188 584 ὲν
2211 536 2325 596 τοῖς
2354 531 2656 604 ἔμπροσθεν
2688 535 2973 599 δέδεικται,
2995 535 3107 588 ἀλλ’
3127 538 3185 590 ὲν
3203 536 3281 607 τῷ
3301 537 3417 608 Θεῷ
3438 540 3572 599 ἐστι,
3602 541 3692 592 καὶ

2128 621 2195 676 ὲκ
2219 622 2313 675 τοῦ
2343 624 2476 677 Θεοῦ
2507 625 2732 678 δίδοται·
2767 623 2962 678 οὐκοῦν
3004 626 3118 690 υἱός
3151 630 3267 680 ὲστι
3289 628 3385 681 καὶ
3413 627 3564 692 αὐτὸ,
3601 628 3693 680 καὶ

2128 711 2223 767 δύο
2247 715 2482 784 ἀδελφοὶ,
2507 715 2638 769 αὐτό
2662 733 2721 769 τε
2745 717 2836 770 καὶ
2861 718 2889 768 6
2919 717 3044 780 Υἱός
3061 735 3074 748 ·
3115 719 3206 771 καὶ
3232 717 3391 771 εἰτοῦ
3421 719 3550 772 Υἱοῦ
3579 720 3697 771 ἐστι

2127 805 2189 858 τὸ
2209 805 2450 878 Πνεῦμα,
2474 808 2568 860 καὶ
2589 807 2740 879 παρὰ
2758 807 2851 861 τοῦ
2874 807 3003 860 Υἱοῦ
3025 809 3198 862 πάντα
3220 809 3428 880 δέχεται
3449 809 3508 863 τὸ
3527 809 3694 862 Πνεῦ-

2133 914 2228 967 μα,
2254 897 2328 961 ὡς
2360 898 2520 962 αὐτὸς
2561 899 2768 970 εἴρηκε,
2803 900 2897 952 καὶ
2930 918 2947 950 ι
2987 892 3302 972 ἐμφυσήσας
3329 900 3558 954 δέδωκεν
3599 903 3692 954 αὒ-

2129 987 2189 1040 τὸ
2219 987 2332 1058 (54)
2367 991 2479 1052 τοῖς
2509 989 2775 1060 μαθηταῖς
2820 1009 2837 1039 ι
2898 989 3224 1061 (ὁμολογεῖτε
3257 993 3364 1062 γὰρ
3399 992 3570 1045 ταῦτα
3600 995 3697 1048 καὶ

2130 1077 2325 1148 ὑμεῖς),
2357 1079 2550 1132 οὐκοῦν
2597 1081 2815 1147 πάππος
2843 1084 2988 1137 ἐστὶν
3019 1085 3046 1136 6
3087 1083 3294 1155 Πατὴρ,
3341 1084 3434 1136 καὶ
3471 1083 3696 1153 ἔκγονον

2129 1166 2292 1220 αὐτοῦ
2316 1169 2431 1222 ἐστι
2464 1171 2523 1223 τὸ
2555 1171 2798 1243 Πνεῦμα.
2847 1175 3022 1244 Ἀπερ
3049 1173 3158 1245 γὰρ
3186 1174 3492 1244 ἐρωτῶντες
3527 1176 3696 1229 ἀπαι-

2128 1262 2271 1313 τεῖτε
2322 1263 2452 1332 παρ’
2480 1265 2512 1332 ἡ
2523 1262 2637 1332 μῶν
2659 1304 2674 1327 ,
2717 1263 2785 1317 τὰ
2817 1264 2958 1318 αὐτὰ
2985 1266 3078 1318 καὶ
3118 1267 3260 1336 ὑμᾶς
3285 1268 3348 1318 ὲκ
3373 1265 3481 1319 τῶν
3513 1266 3697 1320 αὐτῶν

2129 1351 2430 1423 ἐρωτᾶσθαι
2457 1353 2680 1408 δίκαιον.
2717 1356 2778 1408 Et
2812 1356 2910 1426 μὲν
2953 1353 3046 1409 οὖν
3074 1357 3321 1427 ἀρνεῖσθε
3361 1357 3430 1410 τὰ
3454 1375 3697 1429 γεγραμ·

2133 1438 2301 1508 μένα,
2343 1441 2442 1494 οὑκ
2467 1441 2551 1497 ἔτι
2601 1441 2698 1512 μὲν
2731 1442 2838 1513 (55)
2870 1445 3026 1515 ὑμεῖς
3075 1445 3388 1515 Χριστιανοὶ
3415 1445 3696 1517 λεχθείητε

2129 1528 2194 1582 ἄν
2212 1545 2224 1559 ·
2250 1529 2455 1584 δίκαιον
2472 1531 2528 1584 δὲ
2553 1534 2700 1603 ἡμᾶς
2717 1534 2841 1597 τοὺς
2861 1533 3215 1607 Χριστιανοὺς
3236 1536 3538 1606 ἐρωτᾶσθαι
3563 1539 3696 1608 παρ’

2131 1619 2281 1689 ὑμῶν
2299 1632 2313 1648 ⁶
2347 1621 2395 1672 εί
2418 1620 2474 1674 δὲ
2507 1622 2573 1675 τὰ
2593 1623 2729 1676 αὐτὰ
2753 1626 2884 1694 ἡμῖν
2908 1623 3326 1694 ἀναγινώσκετε,
3358 1626 3568 1698 ἀνάγκη
3601 1627 3698 1681 καὶ

2131 1711 2273 1781 ὑμᾶς
2305 1712 2432 1783 περὶ
2459 1712 2566 1766 τῶν
2594 1714 2771 1769 αὐτῶν
2811 1714 2980 1781 οὕτως
3015 1716 3317 1786 ἐρωτᾶσθαι
3345 1719 3470 1788 παρ’
3513 1716 3694 1788 ἡμῶν.

475 1810 665 1866 i’ater?
699 1811 853 1878 Quod
881 1812 926 1868 si
952 1811 1358 1876 ratiocinantes,
1393 1822 1452 1868 ut
1477 1812 1736 1868 Pharisaei
1763 1812 1858 1879 illi,
1878 1814 2022 1868 dixe-

2127 1801 2327 1855 Εἴπατε
2355 1802 2464 1873 (56)
2494 1804 2696 1871 τοίνυν,
2728 1807 2821 1860 καὶ
2857 1808 2930 1877 μὴ
2969 1807 3189 1878 μέλλετε
3209 1847 3223 1870 ,
3254 1809 3302 1860 εἰ
3335 1807 3461 1872 Υἱός
3489 1809 3608 1860 ἐστι
3635 1808 3700 1863 τὸ

472 1902 588 1959 ritis
605 1904 746 1973 apud
773 1905 1134 1974 vosmetipsos
1159 1922 1173 1956 :
1207 1906 1266 1960 Si
1296 1905 1563 1968 dicamus,
1593 1903 1765 1960 Filius
1799 1913 1901 1970 est,
1932 1920 2029 1958 au-

479 1991 719 2048 liemus:
754 1991 988 2048 Ubinam
1029 1996 1081 2050 id
1119 1995 1383 2067 scriptum
1423 1995 1544 2052 est?
1576 1996 1669 2050 Sin
1711 1996 2026 2062 dixerimus,

478 2079 584 2136 Non
617 2093 699 2138 est
722 2082 913 2152 Filius,
944 2086 1197 2142 timemus
1221 2102 1289 2141 ne
1316 2087 1500 2142 dicant
1531 2089 1686 2143 nobis
1719 2103 1733 2143 :
1767 2088 1877 2142 (Iur
1901 2104 2029 2159 ergo

477 2174 730 2245 .criptum
783 2184 866 2231 est
905 2194 924 2227 ι
965 2175 1075 2233 Nos
1115 2195 1222 2234 non
1274 2180 1525 2250 spiritum
1579 2179 1766 2234 mundi
1814 2181 2028 2250 accepi-

477 2279 611 2333 nus,
635 2268 727 2321 sed
765 2265 1026 2337 Spiritum
1065 2273 1158 2340 qui
1191 2286 1258 2326 ex
1291 2270 1401 2327 Deo
1440 2283 1522 2328 est
1557 2273 1600 2305 “’
1633 2272 1690 2324 »ἲ
1722 2273 1815 2327 Sin
1850 2283 2028 2328 autem

477 2355 607 2424 apud
646 2372 745 2411 vos
791 2358 938 2428 ipsos
993 2361 1351 2430 decertantes,
1387 2380 1482 2419 vos
1536 2379 1754 2434 quoque
1795 2364 2026 2422 dicatis:

475 2442 784 2515 .iescimus;
829 2463 1253 2508 consentaneum
1281 2465 1362 2509 est
1389 2463 1443 2510 et
1471 2470 1594 2510 eum
1618 2471 1778 2526 quem
1838 2457 1906 2512 de
1970 2472 2029 2513 re

475 2535 730 2605 sjusmodi
783 2539 1180 2611 interrogastis,
1225 2545 1404 2607 silere,
1469 2545 1930 2614 obtemperantem
1977 2548 2028 2602 ei

475 2629 708 2698 quidicit
739 2647 752 2684 :
787 2650 806 2683 ι
844 2629 920 2687 Νε
956 2635 1286 2704 respondeas
1347 2635 1511 2691 stulto
1545 2636 1699 2707 juxta
1747 2637 2027 2693 stultitiam

474 2735 646 2785 suam,
682 2739 750 2778 ne
778 2723 1032 2780 alliciat-is
1054 2725 1102 2781 ei
1143 2727 1340 2783 similis
1371 2743 1385 2780 :
1423 2728 1516 2784 sed
1561 2729 1829 2799 responde
1861 2731 2028 2786 stulto

471 2823 617 2879 .uxta
647 2815 929 2870 stultitiam
953 2833 1130 2878 suam.
1167 2835 1235 2873 ne
1277 2819 1380 2874 sibi
1419 2819 1636 2890 sapiens
1676 2835 1797 2876 esse
1842 2821 2026 2876 videa-

473 2906 636 2959 tur“.
669 2925 688 2958 ι
735 2905 1036 2976 Responsio
1075 2918 1255 2964 autem
1295 2925 1416 2980 quae
1439 2911 1593 2966 vobis
1627 2912 1862 2967 maxime
1898 2928 2029 2968 cnn-

472 2997 633 3062 venit,
660 3005 745 3052 est
779 2998 1176 3066 silentium;ut
1226 3010 1463 3055 vestram
1519 3001 1880 3072 ignorantiam
1931 3002 2027 3058 de-

471 3087 832 3158 prehendatis.

534 3263 587 3316 5.
634 3261 866 3318 Rursum
893 3263 1283 3336 igiturzequum
1309 3276 1477 3323 estex
1501 3268 1568 3324 iis
1591 3284 1712 3340 qua:
1739 3286 1836 3327 vos
1862 3271 2020 3327 alier-

469 3351 554 3416 tis,
578 3366 674 3406 vos
707 3351 786 3408 sic
809 3353 1160 3425 interrogare.
1185 3353 1633 3428 Quandoquidem
1665 3361 1938 3431 prophetae
1965 3362 2018 3416 in

468 3447 672 3520 Spiritu
711 3450 802 3505 Dei
833 3451 1151 3522 loquuntur,
1192 3461 1246 3508 et
1283 3453 1337 3508 in
1371 3452 1509 3510 Isaia
1540 3454 1774 3526 Spiritus
1798 3467 2020 3515 sanctus

467 3542 768 3611 prophetat,
797 3553 858 3598 ut
889 3544 944 3598 in
992 3545 1364 3615 superioribus
1416 3547 1844 3603 demonstratum
1877 3559 1960 3606 est
2002 3567 2016 3603 :

467 3648 591 3705 ergo
622 3633 858 3705 Spiritus
886 3645 971 3693 est
999 3636 1231 3693 Verbum
1283 3638 1398 3706 Dei,
1435 3640 1652 3712 duoque
1675 3639 1850 3697 Verba
1872 3654 2015 3712 sunt,

465 3724 698 3795 Spiritus
724 3727 971 3782 videlicet
1007 3739 1061 3783 et
1085 3727 1275 3784 Filius.
1314 3727 1527 3785 Etenim
1574 3731 1851 3801 propheta:
1891 3740 2020 3789 tunc

465 3817 879 3886 prophetabant,
909 3820 1128 3888 quando
1154 3802 1410 3875 'Verbum
1461 3820 1557 3877 Dei
1585 3822 1651 3876 ad
1685 3823 1807 3878 illos
1833 3823 2016 3878 ﬁebat.

465 3908 542 3964 Ad
571 3911 706 3976 haec,
739 3913 1179 3984 quandoquidem
1210 3917 1391 3972 omnia
1438 3931 1534 3986 per
1586 3915 1823 3972 Verbum
1877 3917 2017 3975 facta

465 4009 610 4066 sunt,
640 4010 694 4057 et
724 4003 841 4059 sine
896 4003 1059 4075 558
1112 4005 1230 4076 ipso
1282 4005 1485 4061 factum
1532 4016 1615 4062 est
1661 4007 1795 4062 nihil
1819 4009 1882 4072 ",
1913 4019 2013 4064 et:

466 4107 485 4139 ι
519 4086 658 4142 Deus
697 4092 960 4160 sapientia
1007 4093 1253 4148 fundavit
1293 4105 1490 4150 terram
1512 4095 1578 4161 ‘3,
1611 4115 1628 4148 ι
1662 4105 1716 4152 et
1737 4098 1922 4151 omnia
1962 4098 2016 4152 in

463 4181 727 4250 sapientia
752 4183 876 4239 fecit
897 4187 940 4218 ¹⁹
969 4203 982 4238 :
1017 4188 1386 4258 scriptumque
1411 4197 1496 4244 est
1523 4189 1605 4261 (ut
1632 4189 1686 4244 in
1717 4191 2017 4260 superiori-

463 4272 564 4328 bus
595 4273 923 4330 declaratum
956 4282 1057 4350 est)
1094 4297 1107 4333 :
1139 4299 1157 4331 ‹
1191 4279 1414 4336 Emittes
1457 4281 1717 4352 Spiritum
1770 4292 1920 4337 tuum
1965 4293 2017 4339 et

461 4363 792 4419 creabuntur
813 4367 857 4398 ³ο
885 4384 898 4418 :
935 4387 953 4421 ι
984 4384 1114 4439 ergo
1146 4379 1238 4424 aut
1286 4371 1520 4441 Spiritus
1556 4371 1783 4427 Verbum
1815 4382 1898 4428 est
1925 4383 2019 4428 aut

2127 1890 2367 1964 Πνεῦμα,
2386 1895 2478 1948 καὶ
2501 1895 2721 1960 πάππος
2739 1900 2767 1950 6
2785 1899 2994 1970 Πατήρ.
3038 1900 3137 1952 Ἂν
3165 1899 3222 1952 δὲ
3247 1898 3695 1968 διαλογιζόμενοι,

2124 1984 2200 2048 ὼς
2227 1986 2276 2038 οί
2308 1986 2426 2040 τότε
2449 1988 2729 2058 Φαρισαῖοι
2760 1992 3119 2062 πεποιήκασιν
3138 2031 3153 2054 ,
3182 1990 3372 2060 εἴπητε
3414 1992 3507 2045 καὶ
3536 1992 3699 2064 ὑμεῖς

2126 2075 2261 2147 πρὸς
2291 2076 2514 2140 ἑαυτούς
2535 2094 2548 2108 ο
2589 2078 2714 2132 Ἐὰν
2745 2079 3005 2150 εἴπωμεν,
3029 2081 3109 2135 ὅτι
3138 2083 3262 2147 Υἱός
3284 2085 3447 2147 ἐστιν,
3470 2083 3699 2136 ἀκουσό-

2129 2165 2286 2237 μεθα’
2305 2165 2414 2220 Ποῦ
2432 2167 2763 2238 γέγραπται;
2780 2169 2874 2222 ἐὰν
2894 2170 2949 2223 δὲ
2967 2171 3205 2242 εἴπωμεν
3222 2189 3236 2202 '
3262 2172 3533 2228 Ούκέστιν
3545 2172 3694 2239 Υἱὸς,

2126 2259 2432 2334 φοϐούμεθα
2481 2262 2556 2335 μὴ
2601 2263 2825 2316 εἴπωσιν
2871 2264 3032 2334 ἡμῖν’
3065 2264 3190 2328 Πῶς
3237 2261 3328 2318 οὖν
3381 2265 3694 2338 γέγραπται

2133 2369 2150 2402 ι
2191 2351 2383 2423 Ἡμεῖς
2407 2353 2467 2407 οὐ
2495 2355 2556 2407 τὸ
2585 2352 2799 2425 πνεῦμα
2825 2351 2916 2406 τοῦ
2951 2354 3156 2425 κόσμου
3205 2354 3467 2426 ἐλάϐομεν
3488 2396 3503 2421 ,
3558 2356 3697 2410 ἀλλὰ

2124 2443 2186 2497 τὸ
2214 2442 2431 2515 Πνεῦμα
2455 2445 2566 2517 (57)
2595 2447 2655 2499 τὸ
2684 2448 2747 2500 ὲκ
2767 2445 2860 2500 τοῦ
2889 2446 3022 2500 Θεοῦ
3056 2467 3074 2498 ι
3104 2464 3118 2513 ;
3152 2447 3386 2500 Τοιαῦτα
3413 2449 3470 2502 δὲ
3495 2449 3696 2518 διαμα-

2126 2535 2342 2606 χόμενοι
2370 2537 2505 2608 πρὸς
2535 2538 2778 2603 ἑαυτοὺς,
2807 2537 2900 2592 ἐὰν
2923 2540 3112 2609 εἴπητε
3141 2540 3232 2593 καὶ
3259 2539 3431 2610 ὑμεῖς,
3473 2540 3590 2594 Ούκ
3619 2543 3696 2593 οῖ-

2125 2626 2326 2698 δαμεν,
2375 2627 2585 2698 ἀνάγκη
2625 2630 2718 2683 καὶ
2762 2630 2854 2682 τὸν
2897 2629 3246 2701 ἐρωτώμενον
3292 2631 3514 2684 τοιαῦτα
3563 2632 3693 2703 παρ’

2126 2716 2279 2788 ὑμῶν
2308 2719 2536 2789 σιωπᾷν,
2571 2719 2888 2791 πειθόμενον
2919 2719 2996 2790 τῷ
3026 2719 3266 2788 λέγοντι·
3299 2741 3316 2770 (
3346 2721 3437 2792 Μὴ
3463 2721 3694 2792 ἀποκρί-

2124 2825 2216 2863 νου
2237 2810 2427 2878 ἄφρονι
2449 2809 2584 2882 πρὸς
2604 2812 2702 2883 τὴν
2727 2811 2932 2865 ἐκείνου
2951 2811 3280 2884 ἀφροσύνην,
3301 2813 3384 2866 ἵνα
3413 2812 3486 2883 μὴ
3509 2813 3693 2883 ὅμοιος

2125 2900 2257 2972 γένῃ
2279 2900 2426 2971 αὐτῷ
2443 2901 2577 2973 (58)·
2600 2902 2714 2956 ἀλλ’
2727 2903 3023 2975 ἀποκρίνου
3045 2903 3236 2975 ἄφρονι
3259 2903 3395 2957 κατὰ
3413 2903 3510 2976 τὴν
3531 2905 3695 2974 ἀφρο-

2129 2990 2293 3065 σύνην
2341 2993 2505 3046 αὐτοῦ
2527 3032 2542 3056 ,
2579 2994 2665 3048 ἵνα
2693 2995 2767 3066 μὴ
2805 2995 3059 3066 φαίνηται
3094 2996 3252 3066 σοφὸς
3280 2996 3407 3068 παρ’
3435 2996 3637 3067 ἐαυτῷ.
3669 3015 3686 3047 ι

2141 3084 2452 3156 Ἀπόκρισις
2474 3084 2531 3136 δὲ
2565 3084 2690 3155 ὑμῖν
2708 3085 2815 3156 (59)
2839 3086 3149 3158 ἁρμόζουσα
3173 3087 3455 3158 μάλισταὴ
3478 3087 3655 3158 σιωπή
3673 3101 3688 3116 ⁸

2127 3174 2210 3227 ἵνα
2246 3175 2344 3244 τὴν
2372 3174 2578 3228 ἑαυτῶν
2604 3176 2823 3244 ἄγνοιαν
2859 3176 3146 3243 ὲπιγνῶτε.

2187 3268 2239 3321 5.
2268 3265 2434 3321 Πάλιν
2464 3263 2554 3321 οῦν
2575 3268 2638 3321 ὲκ
2661 3268 2769 3322 τῶν
2788 3269 2816 3320 ὑ
2826 3268 2939 3338 μῶν
2959 3269 3163 3322 δίκαιον
3185 3269 3328 3338 ὑμᾶς
3351 3267 3525 3331 οὕτως
3551 3271 3690 3338 ὲρω-

2118 3356 2329 3410 τᾶσθαι.
2364 3358 2576 3428 Ἐπειδὴ
2596 3359 2645 3410 οί
2670 3360 2944 3429 προφῆται
2969 3362 3026 3412 ὲν
3052 3357 3128 3429 τῷ
3145 3357 3418 3430 Πνεύματι
3437 3358 3532 3411 τοῦ
3557 3357 3689 3412 Θεοῦ

2117 3445 2356 3513 λαλοῦσι,
2375 3447 2468 3502 καὶ
2485 3450 2542 3502 ὲν
2566 3447 2644 3520 τῷ
2675 3449 2869 3520 Ἡσαΐᾳ
2890 3449 2954 3502 τὸ
2979 3448 3200 3520 Πνεῦμα
3222 3449 3281 3502 τὸ
3305 3451 3453 3517 ἅγιον
3475 3466 3691 3522 προφη-

2115 3538 2279 3605 τεύει,
2302 3539 2376 3604 ὡς
2403 3542 2459 3593 ὲν
2493 3543 2603 3603 τοῖς
2626 3538 2930 3611 ἔμπροσθεν
2951 3540 3250 3607 δέδεικται,
3276 3539 3468 3594 οὐκοῦν
3505 3541 3600 3594 καὶ
3631 3541 3692 3595 τὸ

2117 3631 2341 3702 Πνεῦμα
2357 3631 2526 3700 Λόγος
2546 3631 2664 3684 ἐστὶ
2683 3631 2775 3684 τοῦ
2793 3629 2927 3684 Θεοῦ
2943 3631 3076 3704 (40),
3097 3631 3188 3685 καὶ
3210 3631 3303 3684 δύο
3317 3631 3419 3684 εἰσὶ
3432 3631 3689 3700 Λόγοι,τό

2115 3740 2176 3777 τε
2197 3723 2416 3794 Πνεῦμα
2432 3725 2524 3777 καὶ
2538 3726 2566 3777 6
2581 3723 2723 3786 Υἱός.
2753 3723 2864 3777 Kal.
2885 3725 2993 3796 γὰρ
3011 3725 3058 3777 οἱ
3083 3724 3357 3797 προφῆται
3374 3723 3495 3776 τότε
3520 3725 3688 3796 ὲπρο-

2117 3814 2348 3883 φήτευον
2373 3855 2387 3879 ,
2429 3813 2517 3866 ὅτε
2548 3813 2756 3882 ἐγίνετο
2779 3815 2808 3866 6
2835 3813 3004 3881 Λόγος
3032 3813 3123 3866 τοῦ
3149 3812 3281 3866 Θεοῦ
3306 3814 3439 3884 πρὸς
3465 3815 3685 3878 αὐτούς.

2117 3905 2226 3957 Kal.
2246 3903 2326 3957 ἔτι
2349 3904 2485 3976 πρὸς
2507 3903 2737 3969 τούτοις,
2769 3905 2954 3975 ἐπειδὴ
2977 3905 3086 3975 (41)
3107 3906 3282 3959 πάντα
3299 3905 3386 3958 διὰ
3401 3905 3496 3958 τοῦ
3514 3908 3686 3975 Λόγου

2116 3994 2363 4064 ἐγένετο,
2393 3997 2488 4048 καὶ
2533 3995 2701 4066 χωρὶς
2733 3994 2895 4049 αὐτοῦ
2930 3996 3141 4065 ἐγένετο
3185 3997 3303 4051 οὐδὲ
3353 3997 3442 4060 ἓν,
3471 4000 3565 4052 καὶ
3601 4018 3618 4050 ι
3659 4001 3687 4052 6

2115 4085 2244 4150 Θεὸς
2285 4090 2352 4158 τῇ
2386 4088 2547 4159 σοφίᾳ
2579 4085 2903 4157 ἐθεμελίωσε
2945 4089 3044 4159 τὴν
3073 4089 3210 4160 γῆν,
3237 4107 3255 4141 ι
3293 4091 3386 4142 καὶ
3420 4089 3601 4144 πάντα
3631 4093 3687 4145 ὲν

2117 4179 2275 4248 σοφίᾳ
2315 4179 2536 4250 ἐποίησε
2578 4179 2906 4251 (γέγραπται
2937 4179 3024 4244 δὲ,
3055 4180 3129 4243 ὡς
3157 4181 3214 4234 ὲν
3241 4183 3350 4245 τοῖς
3377 4180 3687 4252 ἔμπροσθεν

2114 4271 2410 4326 δέδεικται·
2439 4289 2458 4322 ι
2481 4271 2884 4338 Ἐξαποστελεῖς
2904 4273 2963 4325 τὸ
2980 4271 3200 4343 Πνεῦμά
3223 4289 3334 4337 σου,
3359 4275 3451 4325 καὶ
3470 4273 3689 4345 κτισθή-

2117 4364 2342 4434 σονται),
2379 4384 2398 4416 ι
2460 4363 2654 4418 οὐκοῦν
2680 4364 2712 4436 ἢ
2745 4366 2805 4419 τὸ
2837 4363 3059 4435 Πνεῦμα
3101 4366 3130 4417 6
3155 4364 3322 4432 Λόγος
3346 4366 3521 4431 ἐστὶν,
3561 4367 3596 4438 ἢ
3628 4368 3686 4419 ὲν

460 4455 516 4510 in
539 4457 754 4514 duobus
784 4457 909 4514 fecit
937 4460 1078 4517 Deus
1105 4461 1326 4527 omnia,’
1344 4455 1412 4518 ιη’
1428 4464 1705 4535 Sapientia
1737 4476 1789 4520 et
1819 4466 1873 4520 in
1899 4465 2022 4535 Spi-

2127 4457 2240 4511 δυσὶ
2274 4458 2570 4528 πεποίηκεν
2601 4459 2630 4511 6
2658 4457 2788 4520 Θεὸς
2816 4455 2886 4510 τὰ
2907 4457 3109 4519 πάντα,
3137 4455 3194 4510 ἔν
3217 4473 3274 4508 τε
3304 4459 3370 4528 τῇ
3397 4457 3564 4529 Σοφίᾳ
3593 4461 3687 4512 καὶ

460 4551 610 4618 ritu;
644 4561 697 4605 et
734 4567 851 4616 cur,
887 4569 1092 4623 quaeso,
1128 4554 1328 4612 Paulus
1352 4556 1427 4612 ait
1462 4577 1476 4612 :
1523 4577 1542 4610 ι
1579 4557 1731 4614 Unus
1779 4558 1921 4614 Deus
1953 4576 2019 4614 ex

459 4657 567 4712 quo
592 4644 796 4711 omnia,
816 4654 868 4699 et
891 4663 1030 4701 unus
1068 4646 1326 4705 Dominus
1365 4665 1458 4719 per
1482 4665 1641 4720 quem
1670 4652 1850 4705 omnia
1884 4652 1966 4704 ἰτ
1995 4670 2015 4703 ι

459 4732 768 4806 lterumque
800 4759 813 4792 :
860 4757 879 4789 ι
913 4737 1049 4793 Cum
1079 4739 1251 4796 Filius
1297 4741 1573 4802 sit-imago
1604 4741 1782 4798 Patris
1832 4743 2020 4799 invisi-

2119 4548 2198 4620 τῷ
2230 4549 2530 4618 Πνεύματι.
2558 4547 2668 4601 Καὶ
2697 4548 2812 4612 πῶς
2840 4550 2869 4600 6
2899 4545 3106 4611 Παῦλός
3133 4564 3296 4617 φησιν
3333 4565 3351 4598 ι
3391 4542 3485 4612 Εἷς
3528 4549 3682 4613 Θεὸς,

2119 4641 2179 4705 ἐξ
2200 4635 2260 4694 οὗ
2283 4639 2350 4694 τὰ
2371 4639 2567 4704 πάντα,
2583 4639 2675 4694 καὶ
2701 4633 2779 4702 εἷς
2793 4637 3016 4710 Κύριος,
3040 4638 3106 4691 δι’
3125 4630 3186 4691 οὗ
3207 4637 3273 4691 τὰ
3297 4638 3471 4692 πάντα
3491 4658 3510 4690 ι
3537 4657 3550 4701 ;
3575 4642 3688 4693 Καὶ

2121 4733 2314 4787 πάλινο
2353 4749 2373 4784 ι
2411 4730 2627 4802 Ἐπειδὴ
2667 4733 2695 4784 6
2735 4730 2864 4794 Υἱὸς
2892 4727 3052 4784 εἰκών
3085 4731 3199 4783 ἐστι
3231 4730 3323 4784 τοῦ
3350 4731 3561 4803 Πατρὸς
3590 4733 3686 4785 τοῦ

531 4893 575 4966 ‘f
596 4891 759 4966 Joan.
789 4910 881 4957 xx,
906 4894 1007 4966 22ἱ
1073 4895 1116 4926 ¹⁵
1147 4893 1166 4948 1
1194 4894 1320 4966 Cor.
1348 4913 1408 4966 ιι,
1439 4898 1524 4952 12.
1600 4897 1646 4929 ⁸⁸
1673 4896 1832 4953 Prov.
1866 4912 2014 4961 nm,

2175 4890 2220 4925 ι’
2249 4888 2408 4948 Joan.
2446 4908 2488 4957 ι,
2519 4893 2572 4947 5.
2653 4891 2696 4923 ⁸⁸
2725 4890 2887 4945 Prov.
2921 4904 3002 4953 ιιι,
3028 4890 3112 4945 19.
3196 4890 3238 4921 ¹⁹
3270 4889 3412 4946 Psal.
3444 4907 3562 4958 cut,
3589 4891 3682 4946 24.

462 4962 508 4994 ’⁸
535 4963 664 5019 ibid.
691 4964 779 5020 50.
855 4967 943 5018 ιιι
972 4965 1099 5020 Cor.
1134 4981 1250 5031 vut,
1277 4965 1330 5022 6.

462 5100 688 5175 ἑαυτῶν.
717 5100 858 5157 Infra
895 5100 1261 5175 Sieguerianus
1276 5118 1451 5175 _quem
1494 5105 1773 5175 sequimur
1795 5099 2008 5175 οὐκοῦν.

462 5170 601 5225 Editi
634 5187 758 5226 vero
795 5182 850 5228 et
875 5170 1099 5239 aliii’sic,
1124 5175 1224 5228 οὐκ
1246 5170 1360 5241 οὖν,
1383 5185 1438 5229 et
1459 5176 1533 5230 ita
1560 5170 1784 5230 inferius
1807 5174 2014 5242 aliquo-

464 5243 584 5296 ties.

531 5312 643 5385 (55)
673 5311 803 5385 Haec
824 5313 1010 5368 confer
1030 5329 1154 5385 cum
1183 5313 1553 5385 superioribus
1572 5314 1744 5385 Epist.
1769 5315 1820 5373 l.
1847 5331 1900 5368 n.
1925 5313 2012 5368 15.

535 5381 808 5453 (56)A616
830 5385 980 5438 abest
1008 5399 1040 5438 a
1068 5381 1285 5455 Gobler.
1310 5394 1360 5439 et
1389 5383 1531 5440 Felc.
1568 5381 1767 5441 L'Mox
1803 5385 1931 5455 Reg.
1963 5393 2018 5437 et

467 5447 711 5526 Seguer.)
731 5455 905 5526 ὑμεῖς,
926 5463 1090 5526 recte.
1106 5454 1266 5518 Editi,
1283 5455 1462 5524 ἡμεῖς.
1476 5455 1644 5510 Paulo
1658 5467 1777 5526 post
1794 5447 2016 5526 Segvuer.

466 5518 626 5596 διιεῖ-Ι.
664 5518 964 5596 βοῦιειέι
993 5525 1138 5582 Felc.
1170 5528 1218 5589 1,
1242 5518 1479 5594 ἔγγονον.
1508 5518 1704 5583 Ibidem
1735 5542 1765 5582 a
1796 5518 2016 5596 Seguer.

465 5589 772 5648 Goblerian.
804 5604 857 5648 et
878 5593 1020 5650 Felc.
1053 5596 1074 5649 1
1108 5597 1221 5650 ἐστι
1257 5589 1427 5652 abest.

538 5661 650 5729 (55)
679 5662 792 5715 Μὲν
819 5663 966 5717 deest
988 5664 1040 5718 in
1077 5665 1292 5722 Gobler.
1319 5677 1371 5722 et
1397 5666 1537 5722 Felc.
1571 5668 1621 5720 1.

540 5729 648 5801 (56)
684 5731 884 5785 Εἴπατε
915 5734 1050 5804 πρὸς
1090 5735 1305 5801 αὐτούς·
1353 5738 1476 5792 Ἐὰν
1518 5738 1627 5792 ein.
1667 5737 1758 5794 Sic
1797 5737 2010 5793 Gobler.

2116 5121 2175 5188 et
2216 5111 2460 5188 Eelckm_._
2489 5115 2542 5188 1,
2575 5114 2802 5188 omissis
2841 5115 3195 5188 intermediis.
3240 5114 3364 5171 Mox
3409 5116 3461 5171 in
3512 5118 3685 5188 Regio

2115 5183 2200 5238 δτι
2229 5185 2396 5238 deest.
2425 5184 2558 5238 Ibid.
2584 5182 2920 5251 Seguerian.,
2950 5188 2978 5239 6
3011 5185 3137 5248 Υἱός
3160 5189 3325 5240 ἐστιν.

2187 5253 2300 5323 (57)
2330 5255 2402 5307 T6
2427 5254 2647 5323 Πνεῦμα
2669 5253 2818 5323 deest
2848 5255 2898 5308 iu
2921 5254 3134 5309 Gobler.
3165 5266 3216 5310 et
3249 5255 3482 5309 Felckm.
3521 5254 3568 5309 1.

2191 5321 2302 5394 (58)
2330 5323 2420 5378 Sic
2465 5321 2596 5394 Reg.
2620 5331 2683 5394 et
2707 5321 2928 5394 Seguer.
2971 5323 3290 5394 Editigvero,
3321 5324 3506 5379 αὐτοῦ.
3539 5325 3710 5391 ἰδίει,

2121 5390 2518 5466 ϐοςριεινῖξιιιηει
2546 5391 2689 5466 Felc.
2720 5390 2905 5454 1,61)?
2934 5393 3219 5466 ἀκοκρίνου
3249 5395 3388 5466 πρὸς
3415 5396 3531 5466 τήν.

2127 5532 2157 5583 ὑ
2191 5461 2301 5544 (59)
2327 5462 2524 5534 Regius
2548 5471 2602 5518 et
2635 5460 2972 5532 Seguerian.,
2997 5460 3144 5534 ὑμῖν,
3171 5460 3334 5520 recte.
3353 5460 3492 5520 Editi
3522 5481 3681 5533 vero,

2165 5548 2297 5583 μων.

2205 5548 2297 5585 ων.

2329 5600 2435 5656 Τοῦ
2467 5600 2600 5656 Θεοῦ
2626 5603 2778 5658 abest
2806 5602 3020 5659 Gobler.
3044 5613 3097 5659 et
3129 5602 3252 5658 Felc
3307 5604 3356 5660 1.

2195 5671 2306 5741 (ﬂ)
2330 5670 2545 5728 Gobler.
2574 5683 2626 5729 et
2652 5672 2879 5749 Felc.},
2905 5674 3044 5727 ἐπεί.
