3914 6222
236 357 325 411 641
1309 355 1638 412 EPISTULA
1680 355 1746 409 Ν

1873 370 1878 396 ι
1941 353 2399 410 SERAPIONEM.
3337 364 3441 417 642

223 472 434 544 ἀοράτου
458 511 472 534 ,
502 490 521 523 ι
547 469 660 524 ἔστι
687 471 740 524 δὲ
769 471 828 524 τὸ
850 471 1072 542 Πνεῦμα
1091 472 1250 525 εἰκὼν
1269 473 1363 525 τοῦ
1388 473 1518 526 Υίοῦ
1555 473 1768 544 (γέγρα-

1880 469 2006 524 bilis
2027 471 2092 534 ",
2127 489 2144 521 ι
2181 481 2265 526 est
2293 481 2472 526 autem
2503 470 2736 541 Spiritus
2785 475 2965 544 imago
3004 475 3148 541 Filii,
3179 479 3438 548 scriptum

225 580 340 618 πται
372 561 477 631 γάρ
495 578 510 591 ο
547 579 566 612 ς
595 560 702 624 Οὓς
731 561 980 630 προέγνω
1007 565 1098 614 καὶ
1121 561 1391 634 προώρισε
1421 562 1768 632 συμμόρφους

1876 573 1960 617 est
1999 563 2140 616 enim
2177 579 2189 613 :
2227 583 2245 615 ‹
2287 564 2436 630 Quos
2470 566 2738 634 prmscivit
2781 576 2834 621 et
2873 570 3268 636 praedestinavit
3310 590 3439 628 con-

224 654 312 724 τῆς
331 653 532 716 εἰκόνος
554 651 646 704 τοῦ
670 653 798 706 Υίοῦ
821 654 982 708 αὐτοῦ
1007 655 1076 721 ι),
1100 653 1290 707 οὐκοῦν
1308 655 1448 707 κατὰ
1463 654 1618 707 τοῦτο
1634 656 1768 709 πάπ-

1877 652 2080 709 formes
2104 657 2218 710 ﬁeri
2255 657 2506 726 imaginis
2550 656 2670 711 Filii
2713 661 2799 713 sui
2831 661 2915 712 υτ
2959 681 2975 712 ι
3010 663 3171 731 igitur
3213 667 3313 720 hac
3355 683 3441 720 ru-

225 763 313 808 πος
335 747 360 797 6
390 745 600 815 Πατήρ.
666 745 775 797 Kal.
800 745 984 817 ἐπειδὴ
1015 748 1043 799 6
1075 746 1170 816 μὲν
1200 746 1326 809 Υἱὸς
1355 747 1412 798 ὲν
1443 745 1520 816 τῷ
1553 745 1768 816 ὀνόματι

1879 746 2024 800 tione
2055 762 2188 800 avus
2218 757 2301 802 est
2321 747 2503 802 Pater.
2542 748 2607 804 Et
2638 752 2896 820 quoniam
2938 751 3110 808 Filius
3140 756 3356 823 quidem
3383 759 3438 813 in

225 834 305 888 τοῦ
331 833 534 906 Πατρδς
564 829 694 904 ἦλθε
713 852 726 865 ·
762 853 781 886 ‹
815 835 887 888 Τὸ
913 835 969 887 δὲ
995 833 1217 906 Πνεῦμα
1243 836 1304 889 τὸ
1331 836 1484 904 ἅγιον
1503 876 1516 900 ,
1551 855 1570 886 ι
1612 836 1768 906 φησὶν

1876 838 2096 892 nomine
2135 837 2312 894 Patris
2337 841 2525 894 venit:
2565 860 2582 893 ι
2636 841 2871 910 Spiritus
2918 855 3099 898 autem
3140 843 3383 916 sanctus,
3415 869 3435 903 ι

225 925 418 988 ὀΥἱὸς,
455 944 472 974 ε
505 925 533 978 6
563 925 768 996 πέμψει
817 928 845 979 6
871 925 1057 998 Πατὴρ
1123 927 1178 978 ὲν
1206 925 1282 996 τῷ
1314 925 1537 996 ὀνόματί
1575 942 1674 996 μου
1696 943 1709 956 ο
1749 945 1768 978 δ

1876 929 1952 983 ait
1979 928 2170 993 Filius,
2201 949 2219 981 ς
2255 945 2417 1001 quem
2451 934 2626 987 mittet
2655 932 2814 988 Pater
2841 935 2894 988 in
2924 937 3142 992 nomine
3170 941 3352 994 meo“
3377 958 3388 992 :
3417 961 3436 994 ι

225 1015 398 1070 οὐκοῦν
432 1018 525 1069 καὶ
549 1016 690 1070 οὕτω
708 1017 815 1086 (42)
838 1017 1058 1081 πάππος
1078 1019 1106 1070 6
1125 1018 1332 1087 Πατήρ.
1353 1017 1416 1069 Τί
1434 1018 1567 1088 πρὸς
1583 1016 1774 1082 ταῦτα,

225 1108 384 1160 καίτοι
405 1108 579 1159 πάντα
601 1107 848 1176 λέγοντες
871 1106 1138 1179 εὐχερῶς;
1165 1108 1230 1159 Τί
1252 1106 1616 1176 διαλογίζεσθε
1642 1107 1778 1178 πρὸς

226 1197 461 1260 έαυτούς;
507 1199 578 1250 Ἦ
625 1198 856 1266 ὁρῶντες
902 1199 1124 1262 ἑαυτοὺς
1155 1198 1524 1268 ἀποροῦντας,
1563 1198 1772 1269 μέμφε-

227 1288 307 1340 σθε
348 1287 450 1356 (45)
485 1287 583 1350 τὰς
614 1287 865 1351 τοιαύτας
915 1290 1246 1359 ὲρωτήσεις;
1313 1288 1472 1342 Ἀλλὰ
1510 1289 1774 1360 πρότερον

228 1377 412 1432 έαυτῶν
446 1379 758 1446 κατάγνωτε
800 1378 996 1450 (ὑμεῖς
1033 1379 1141 1450 γὰρ
1165 1378 1388 1433 τοιαῦτα
1417 1380 1625 1451 ἐρωτᾷν
1653 1379 1776 1432 εἰώ-

229 1469 372 1538 θατε)
396 1509 411 1533 ,
454 1469 547 1521 καὶ
576 1469 827 1522 πείθεσθε
861 1471 978 1533 ταῖς
1006 1471 1245 1541 Γραφαῖς
1266 1509 1280 1534 ,
1327 1471 1421 1523 καὶ
1446 1470 1774 1542 ἀποροῦντες

227 1562 403 1625 εἰπεῖν,
439 1561 639 1632 μάθετε
677 1561 862 1615 λοιπόν
881 1579 894 1592 ·
927 1561 1052 1626 Υίδς
1084 1563 1182 1632 μὲν
1211 1565 1270 1616 ἐν
1299 1565 1420 1626 ταῖς
1445 1564 1687 1633 Γραφαϊς
1714 1565 1775 1618 τὸ

227 1651 422 1722 Πνεῦμα
441 1654 539 1706 οὐκ
560 1652 872 1723 ὠνομάσθη,
886 1651 1022 1705 ἀλλὰ
1035 1651 1254 1724 Πνεῦμα
1273 1652 1426 1722 ἅγιον
1447 1653 1541 1706 καὶ
1554 1653 1775 1723 Πνεῦμα

226 1743 304 1797 τοῦ
333 1743 480 1801 Θεοῦ.
516 1745 730 1816 Ὥσπερ
755 1745 811 1798 δὲ
843 1747 942 1798 οὐκ
969 1745 1258 1816 ὠνομάσθη
1285 1746 1410 1810 Υἱὸς
1435 1747 1498 1800 τὸ
1527 1745 1767 1816 Πνεῦμα,

1875 1035 2002 1090 ergo
2035 1021 2214 1076 ethoc
2244 1038 2460 1093 quoque
2497 1025 2656 1080 modo
2686 1041 2818 1080 avus
2855 1035 2937 1081 est
2972 1025 3150 1084 Pater.
3180 1028 3318 1095 Quid
3373 1033 3440 1085 ad

1875 1111 1992 1166 haec
2030 1115 2345 1183 responsuri
2393 1117 2546 1180 estis,
2579 1116 2704 1170 licet
2752 1117 2934 1172 omnia
2970 1127 3168 1175 temere
3209 1122 3441 1177 dicatis?

1877 1200 2018 1268 Quid
2078 1206 2477 1260 ratiocinamini
2532 1209 2675 1278 apud
2721 1210 3117 1279 vosmetipsos?
3179 1213 3261 1266 An
3315 1229 3440 1269 cum

1876 1295 2171 1351 advertatis
2218 1313 2317 1352 vos
2364 1298 2634 1366 haesitare,
2672 1302 2937 1371 ejusmodi
2988 1303 3314 1371 quaestiones
3353 1321 3440 1359 re-

1874 1385 2248 1456 prehenditis?
2284 1389 2386 1443 Sed
2431 1390 2582 1458 prius
2618 1408 2715 1448 vos
2761 1393 2910 1462 ipsos
2960 1395 3235 1464 coarguite
3291 1397 3440 1466 (nam

1873 1478 2000 1532 talia
2028 1494 2272 1549 quaerere
2303 1483 2684 1552 consuevistis)
2715 1485 3119 1557 Scripturisque
3169 1489 3444 1557 obtempe-

1874 1577 2012 1633 rate,
2054 1579 2253 1625 etcum
2300 1588 2407 1626 non
2461 1584 2750 1643 suppetant
2779 1592 2899 1645 qua:
2928 1578 3324 1648 respondeatis,
3357 1579 3440 1634 di-

1874 1659 2008 1714 scite
2027 1663 2286 1729 posthac.
2321 1663 2583 1732 Spiritum
2619 1666 2671 1719 in
2701 1667 2999 1736 Scripturis
3032 1686 3308 1739 nunquam
3340 1686 3438 1726 vo-

1872 1755 2051 1801 catum
2091 1763 2211 1804 esse
2249 1748 2467 1816 Filium,
2504 1753 2599 1807 sed
2640 1754 2897 1824 Spiritum
2931 1771 3200 1826 sanctum,
3229 1772 3282 1816 et
3319 1762 3444 1832 Spi-

227 1836 375 1900 οῦτως
391 1837 506 1889 οὐδὲ
524 1838 655 1908 περὶ
679 1836 770 1890 τοῦ
792 1838 920 1891 Υἱοῦ
942 1839 1277 1910 γέγραπται,
1301 1839 1382 1892 ὅτι
1403 1839 1563 1902 αὑτός
1583 1839 1698 1892 ἐστι
1715 1839 1768 1892 τὸ

1873 1838 2037 1892 ritum
2065 1837 2182 1894 Dei.
2206 1817 2694 1906 Quemadmodum-
2715 1855 2894 1902 autem
2932 1848 3165 1918 Spiritus
3188 1817 3303 1906 'non
3347 1817 3443 1908 vo-

229 1924 423 1996 Πνεῦμα
445 1927 503 1979 τὸ
525 1927 700 1994 ἆγιον.
719 1923 842 2000 Ἆρ’
867 1925 958 1983 οὖν
978 1969 993 1994 ,
1029 1929 1213 2001 ἐπειδὴ
1235 1929 1343 1999 (44)
1360 1932 1458 1983 οὐκ
1480 1931 1769 2003 ὠνομάσθη

228 2017 332 2081 Υἱὸς
345 2019 401 2070 τὸ
415 2018 661 2090 Πνεῦμα,
678 2019 786 2072 οὐδ’
803 2021 884 2074 ὅτι
902 2022 1026 2086 Υἱός
1049 2023 1164 2075 ἐστι
1187 2022 1246 2075 τὸ
1261 2022 1502 2094 Πνεῦμα,
1518 2023 1774 2094 διαφωνεῖ

227 2109 620 2182 τῆςάληθείαςὴ
649 2113 862 2178 πίστις;
885 2114 975 2184 Μὴ
997 2113 1238 2182 γένοιτοί
1271 2113 1431 2167 Ἀλλὰ
1453 2116 1547 2168 καὶ
1574 2114 1770 2186 μᾶλλον

228 2202 425 2256 ἑκαστον
443 2203 548 2256 τῶν
575 2205 987 2275 σημαινομένων
1004 2205 1116 2276 ἔχει
1135 2206 1234 2279 τὴν
1259 2205 1392 2260 ίδίαν
1412 2206 1632 2275 γνῶσιν.
1659 2207 1770 2260 Καὶ

228 2293 316 2366 γὰρ
336 2297 360 2348 6
379 2296 502 2359 Υἱὸς
523 2295 657 2350 ἴδιον
679 2297 780 2367 τῆς
799 2295 984 2360 οὐσίας
999 2298 1204 2370 καὶτῆς
1223 2298 1434 2367 φύσεως
1449 2297 1541 2352 τοῦ
1558 2298 1771 2368 Πατρός

227 2388 321 2439 ἑστι
337 2387 596 2458 γέννημα,
611 2388 704 2441 καὶ
721 2386 876 2441 τοῦτο
894 2387 1004 2459 ἔχει
1019 2389 1080 2442 τὸ
1096 2390 1511 2460 σημαινόμενον.
1528 2389 1638 2443 Kal.
1656 2389 1768 2462 (45)

228 2475 277 2530 t6
317 2477 527 2550 Πνεῦμα
557 2479 620 2533 δὲ
651 2481 939 2550 λεγόμενον
967 2479 1057 2534 τοῦ
1087 2479 1252 2544 Θεοῦ,
1299 2481 1393 2534 καὶ
1424 2482 1482 2534 ὲν
1514 2480 1660 2551 αὐτῷ
1687 2480 1766 2544 ὃν,

227 2567 276 2622 οὗ
300 2568 431 2632 ξένον
458 2572 573 2624 έστὶ
603 2570 702 2641 τῆς
727 2569 820 2623 τοῦ
846 2569 974 2623 Υίοῦ
1003 2569 1234 2639 φύσεως,
1266 2569 1386 2625 οῦτε
1411 2571 1514 2641 τῆς
1540 2570 1632 2624 τοῦ
1655 2572 1769 2624 Πα-

227 2657 331 2731 πρὸς
349 2659 611 2732 θεότητος.
638 2662 736 2715 Διὰ
755 2661 909 2716 τοῦτο
933 2661 1039 2734 γὰρ
1061 2664 1117 2715 ὲν
1140 2663 1351 2734 Τριάδι,
1380 2664 1436 2716 έν
1451 2664 1648 2734 Πατρὶ,
1675 2663 1769 2716 καὶ

229 2750 275 2803 ὲν
290 2751 406 2821 (45⁸)
423 2752 552 2823 Υίῷ,
571 2755 670 2806 καὶ
687 2755 742 2807 ὲν
759 2752 905 2820 αὐτῷ
917 2753 992 2825 τῷ
1005 2754 1300 2824 Πνεύματι,
1318 2753 1415 2824 μία
1428 2755 1613 2826 θεότης
1629 2755 1764 2818 ἐστὶ,

228 2842 304 2893 καὶ
327 2842 377 2894 ὲν
403 2844 533 2916 αὐτῇ
568 2847 638 2915 τῇ
662 2843 850 2916 Τριάδι
875 2843 934 2897 έν
975 2845 1090 2896 ἐστι
1118 2845 1180 2898 τὸ
1213 2844 1491 2915 βάπτισμα
1510 2884 1526 2907 ,
1547 2843 1640 2898 καὶ
1669 2843 1766 2914 μία

228 2936 258 3006 ἡ
283 2938 461 3003 πίστις.
503 2941 560 2993 Ἀ
568 2939 724 3011 μέλει
749 2937 841 2992 τοῦ
865 2940 1078 3011 Πατρὺς
1101 2940 1408 3011 πέμποντος
1437 2939 1498 2993 τὸ
1521 2937 1763 3010 Πνεῦμα,

228 3031 384 3095 ὸΥίὸς
412 3032 672 3103 ἐμφυσῶν
703 3034 914 3088 δίδωσιν
942 3032 1072 3089 αὐτὸ
1105 3037 1216 3097 τοῖς
1247 3031 1542 3104 μαθηταῖς·
1577 3033 1762 3106 ἐπειδὴ

1871 1937 2026 1986 catus
2071 1940 2156 1986 est
2183 1930 2388 2000 Filius;
2419 1935 2498 1990 sic
2533 1951 2706 2006 neque
2753 1937 2820 1992 de
2849 1937 2987 1994 Filio
3015 1942 3274 2011 scriptum
3304 1950 3388 1998 est
3422 1957 3438 1994 :

1873 2020 1988 2090 Ipse
2021 2034 2104 2078 est
2136 2024 2373 2094 Spiritus
2399 2036 2642 2082 sanctus.
2677 2025 2818 2082 Num
2847 2030 3012 2101 igitur
3040 2033 3167 2102 quia
3201 2034 3438 2103 Spiritus

1870 2129 1980 2168 non
2004 2125 2231 2172 vocatus
2265 2126 2349 2172 est
2387 2117 2580 2185 Filius,
2613 2127 2666 2174 et
2705 2119 2877 2176 Filius
2916 2139 3021 2176 non
3067 2133 3152 2178 est
3180 2125 3438 2195 Spiritus,

1870 2205 1992 2260 ideo
2022 2207 2276 2262 dissentit
2313 2224 2344 2264 a
2377 2211 2603 2264 veritate
2648 2211 2817 2266 ﬁdes?
2851 2213 3039 2268 Absit!
3079 2214 3220 2280 Quin
3263 2219 3439 2286 potius

1868 2299 2291 2368 unumquodque
2322 2314 2511 2354 eorum
2541 2316 2662 2370 qua:
2712 2302 3042 2368 indicantur,
3087 2307 3252 2362 habet
3314 2324 3441 2378 pro-

1868 2387 2042 2455 priam
2080 2387 2558 2458 signiﬁcationem.
2590 2388 2801 2443 Etenim
2831 2389 3000 2446 Filius
3026 2392 3346 2448 substantia:
3375 2410 3441 2450 ac

1869 2485 2081 2533 natura:
2113 2477 2292 2533 Patris
2311 2479 2528 2548 prapria
2564 2488 2648 2534 est
2677 2480 2878 2547 proles,
2904 2490 2958 2535 et
2993 2482 3096 2538 hoc
3133 2498 3322 2538 revera
3364 2485 3440 2538 si-

1867 2570 2119 2639 gniﬁcat:
2161 2571 2310 2635 item,
2341 2571 2578 2641 Spiritus
2607 2572 2698 2641 qui
2737 2571 2831 2626 Dei
2863 2572 3082 2638 dicitur,
3109 2583 3163 2628 et
3214 2576 3268 2628 in
3318 2575 3438 2646 ipso

1867 2668 1970 2725 est,
2009 2676 2117 2715 non
2173 2662 2386 2716 alienus
2435 2671 2518 2717 est
2563 2677 2594 2716 a
2635 2661 2760 2716 Filii
2809 2672 3023 2729 natura,
3064 2679 3161 2719 nec
3191 2680 3220 2718 a
3262 2663 3440 2720 Patris

1867 2752 2166 2807 divinitate.
2197 2753 2320 2810 Ideo
2351 2755 2496 2810 enim
2526 2756 2579 2808 in
2608 2753 2893 2821 Trinitate,
2927 2755 3134 2810 scilicet
3180 2756 3233 2810 in
3278 2755 3438 2812 Patre

1865 2853 1921 2899 et
1958 2844 2011 2898 in
2031 2843 2172 2900 Filio
2203 2855 2258 2901 et
2280 2847 2334 2900 in
2366 2846 2486 2916 ipso
2513 2845 2721 2916 Spiritu
2747 2855 2938 2902 sancto
2987 2863 3094 2901 una
3124 2857 3208 2902 est
3238 2847 3438 2902 divini-

1866 2942 1972 3000 tas,
2031 2945 2084 2990 et
2137 2937 2190 2990 in
2232 2936 2350 3006 ipsa
2405 2935 2670 2990 Trinitate
2720 2951 2889 2989 unum
2944 2946 3028 2991 est
3064 2936 3356 3006 baptisma.
3383 2945 3438 2991 et

1866 3042 1973 3082 una
2000 3027 2153 3083 ﬁdes.
2181 3026 2452 3082 Nimirum
2483 3027 2642 3082 Patre
2668 3029 2916 3081 mittente
2959 3026 3242 3097 Spiritum,
3267 3027 3438 3083 Filius

232 3138 248 3167 σ
267 3121 421 3174 πάντα
447 3123 545 3177 ὅσα
585 3122 701 3193 ἔχει
733 3126 761 3176 6
790 3125 999 3196 Πατὴρ,
1032 3121 1124 3177 τοῦ
1155 3122 1283 3176 Υίοῦ
1309 3124 1446 3176 ἐστι.
1477 3141 1495 3174 ›
1517 3124 1626 3177 Καὶ
1651 3123 1760 3194 (46)

1873 3117 2144 3173 insulllans
2175 3117 2269 3173 dat
2307 3118 2459 3172 illum
2489 3117 2772 3188 discipulis
2790 3119 2835 3150 ³⁵
2865 3137 2880 3186 ;
2907 3119 3168 3189 quoniam
3199 3136 3217 3168 α
3242 3117 3438 3174 Omnia

228 3207 302 3261 τοῦ
326 3211 484 3280 Λόγου
525 3213 818 3283 γινομένου
853 3215 910 3268 ἐν
957 3215 1072 3277 τοῖς
1109 3214 1444 3284 προφήταις,
1491 3213 1644 3266 οιύτο)⁸
1688 3211 1766 3284 τῷ

1873 3225 2208 3280 quaecunque
2260 3209 2425 3264 habet
2479 3208 2660 3274 Pater,
2722 3208 2845 3264 Filii
2885 3210 3094 3264 sunt".
3131 3228 3150 3259 ι
3208 3207 3434 3264 Etcum

229 3300 468 3373 Πνεῦματι
497 3305 892 3375 ἐπροφήτευον,
916 3303 992 3368 ὼς
1021 3303 1326 3374 γέγραπται
1357 3305 1450 3358 καὶ
1468 3303 1763 3358 δέδεικται·

233 3408 247 3440 ι
271 3391 346 3462 Τῷ
366 3393 514 3464 Λόγῳ
547 3396 757 3466 Κυρίου
788 3397 837 3448 oi
861 3395 1076 3467 οὐρανοὶ
1103 3393 1508 3466 ἐστερεώθησαν
1526 3434 1541 3458 ,
1570 3395 1663 3448 καὶ
1691 3394 1768 3466 τῷ

228 3481 467 3554 Πνεύματι
482 3484 572 3538 τοῦ
598 3486 860 3557 πόματος
874 3485 1036 3541 αὐτοῦ
1059 3488 1207 3540 πᾶσα
1221 3489 1254 3557 ὴ
1271 3485 1498 3557 δύναμις
1523 3485 1724 3540 αὐτῶν.
1739 3505 1758 3539 ι

283 3663 328 3716 4.
355 3665 532 3728 Οῦτως
559 3667 661 3720 οὐκ
695 3666 809 3720 ἔστι
844 3666 1047 3738 κτίσμα
1073 3667 1135 3720 τὸ
1173 3663 1397 3737 Πνεῦμα
1418 3706 1433 3732 ,
1487 3665 1602 3720 ἀλλ’
1637 3665 1767 3720 ἴδιον

227 3753 306 3824 τῆς
328 3755 410 3808 τοῦ
435 3758 606 3826 Λόγου
635 3757 844 3825 οὐσίας,
887 3757 1014 3811 ῐδιον
1045 3759 1137 3812 καὶ
1164 3757 1256 3811 τοῦ
1277 3757 1434 3821 Θεοῦ,
1462 3759 1557 3811 καὶ
1581 3760 1640 3811 ὲν
1666 3758 1765 3811 αὑ-

225 3844 289 3914 τῷ
306 3846 504 3915 λέγεται
532 3844 694 3902 εῖναι.
719 3848 887 3901 Πάλιν
910 3849 1016 3921 γὰρ
1037 3849 1106 3902 τὰ
1125 3847 1261 3902 αὐτὰ
1287 3848 1464 3916 λέγειν
1482 3849 1582 3903 οὐκ
1607 3849 1766 3920 ὀκνη-

225 3937 340 3994 τέον.
366 3941 424 3995 Et
451 3945 543 3998 καὶ
571 3944 702 4007 Υίδς
729 3945 826 3997 οὐκ
852 3939 1142 4012 ὠνομάσθη
1176 3941 1234 3993 τὸ
1259 3939 1481 4010 Πνεῦμα
1503 3940 1564 3993 τὸ
1585 3940 1761 4008 ἅγιον,

226 4029 320 4082 ἀλλ’
337 4034 427 4088 οὐκ
453 4035 602 4092 ἐστιν
629 4036 787 4100 ἐκτὸς
807 4033 900 4089 τοῦ
923 4032 1054 4087 Υίοῦ
1075 4052 1089 4066 ·
1121 4032 1346 4104 Πνεῦμα
1369 4032 1476 4104 γὰρ
1494 4031 1766 4095 υἱοθεσίας

1868 3299 2103 3357 Verbum
2140 3302 2194 3356 in
2222 3301 2501 3372 prophetis
2534 3302 2707 3367 ﬁeret,
2737 3301 2839 3372 ipsi
2873 3301 2928 3356 in
2963 3299 3169 3370 Spiritu
3206 3300 3439 3370 prophe-

1867 3391 2073 3455 tabant,
2097 3399 2158 3445 ut
2178 3391 2442 3460 scriptum
2477 3405 2542 3445 ac
2581 3390 3016 3446 demonstratum
3045 3395 3128 3443 est
3158 3403 3172 3440 :
3207 3407 3225 3439 ς
3256 3386 3437 3442 Verbo

1865 3480 2080 3536 Domini
2135 3482 2259 3538 cteli
2311 3482 2510 3536 ﬁrmati
2570 3492 2718 3546 sunt,
2777 3489 2832 3536 et
2887 3480 3092 3551 Spiritu
3151 3479 3265 3536 oris
3316 3479 3433 3549 ejus

1865 3575 2043 3629 omnis
2073 3574 2245 3629 virtus
2268 3589 2457 3628 eorum
2483 3575 2547 3628 ’⁷.
2586 3591 2605 3625 ι

1932 3666 1985 3721 4.
2027 3664 2213 3734 Itaque
2237 3679 2348 3720 non
2375 3673 2558 3720 creata
2584 3679 2674 3720 res
2711 3672 2791 3719 est
2823 3661 3059 3732 Spiritus
3104 3681 3117 3716 :
3151 3661 3244 3716 sed
3271 3659 3432 3714 Verbi

1864 3753 2182 3808 substantiae
2221 3753 2497 3823 proprius,
2523 3752 2618 3808 Dei
2661 3753 2789 3807 item
2835 3752 3111 3822 proprius,
3132 3759 3186 3804 et
3212 3751 3266 3804 in
3312 3749 3432 3818 ipso

1863 3857 1985 3898 esse
2014 3842 2242 3898 dicitur.’
2262 3841 2500 3896 Rursum
2527 3843 2714 3896 eadem
2742 3841 2858 3911 ipsa
2889 3841 3072 3895 dicere
3100 3854 3206 3893 non
3232 3839 3428 3910 pigeat.

1865 3932 2104 3988 Tametsi
2137 3932 2373 4002 Spiritus
2420 3941 2644 3988 sanctus
2688 3946 2797 3985 non
2847 3939 3072 3986 vocatus
3116 3938 3200 3985 est
3235 3928 3430 3997 Filius,

1863 4039 1972 4078 non
2024 4032 2204 4078 tamen
2266 4032 2352 4079 est
2406 4032 2563 4078 extra
2625 4021 2825 4077 Filium
2860 4039 2876 4089 ;
2909 4021 3144 4092 Spiritus
3196 4035 3434 4090 namque

227 4121 410 4194 εἴρηται
432 4144 445 4157 ·
488 4131 584 4182 καὶ
604 4127 791 4199 ἐπειδὴ
825 4146 844 4180 ι
867 4125 1100 4198 Χριστὸς
1117 4123 1254 4178 Θεοῦ
1267 4125 1492 4195 δύναμις
1520 4125 1613 4178 καὶ
1631 4122 1762 4178 Θεοῦ

1873 4113 2168 4183 adoptionis
2197 4115 2374 4170 dictus
2395 4124 2482 4170 est
2505 4132 2521 4181 ;
2544 4121 2599 4168 et
2635 4114 2764 4184 quia
2794 4133 2812 4164 ι
2838 4112 3093 4168 Christus
3122 4109 3220 4166 Dei
3259 4110 3433 4166 virtus

227 4213 437 4283 mla,»
477 4214 787 4279 ἀκολούθως
838 4215 1051 4286 εἴρηται
1103 4213 1230 4284 περ).
1267 4212 1359 4267 τοῦ
1411 4212 1760 4284 Πνεῦματος·

1873 4213 1916 4260 et
1940 4205 2034 4261 Dei
2065 4207 2330 4277 sapientia
2377 4216 2461 4262 est
2492 4206 2570 4270 ⁸⁸,
2609 4223 2629 4258 ο
2687 4213 3048 4276 congruenter
3099 4204 3166 4258 de
3225 4202 3432 4273 Spiritu

231 4318 246 4351 ι
272 4303 471 4377 Πνεῦμα
499 4308 721 4378 σοφίας,
745 4306 838 4362 καὶ
870 4303 1094 4377 Πνεῦμα
1119 4304 1398 4375 δυνάμεώς
1429 4305 1568 4360 ἐστι.
1598 4322 1617 4355 ι
1656 4303 1762 4358 Τοῦ

1873 4305 2051 4354 sancto
2082 4299 2289 4354 dictum
2317 4310 2420 4363 est,
2455 4316 2478 4350 ι
2524 4297 2762 4368 Spiritus
2806 4296 3086 4367 sapientia:
3115 4305 3169 4350 et
3198 4293 3434 4364 Spiritus

225 4395 314 4468 γὰρ
337 4398 640 4471 Πνιύματος
669 4399 1002 4470 μετέχοντες,
1034 4396 1230 4468 ἔχομεν
1254 4396 1348 4450 τὸν
1378 4395 1526 4463 Υἱδν,
1557 4395 1649 4450 καὶ
1672 4397 1763 4450 τὸν

1873 4388 2076 4442 virtutis
2110 4394 2194 4443 est
2215 4388 2282 4444 ".
2321 4405 2340 4440 ι
2367 4387 2506 4442 Cum
2567 4385 2713 4442 enim
2749 4385 3045 4457 participes
3076 4399 3271 4438 sumus
3307 4381 3425 4453 Spi-

227 4484 333 4539 l'i6v
349 4489 572 4558 ἔχοντες,
597 4491 790 4561 ἔχομεν
814 4490 874 4543 τὺ
895 4487 1138 4559 Πνεῦμα,
1165 4485 1364 4558 κράζον
1391 4487 1450 4540 ὲν
1479 4489 1598 4550 ταῖς
1626 4504 1760 4559 καρ-

1873 4479 2022 4546 ritus,
2056 4477 2254 4533 Filium
2300 4478 2585 4544 habemus,
2619 4485 2674 4532 et
2709 4475 2907 4531 Filium
2949 4475 3233 4536 habentes,
3264 4473 3431 4528 habe-

224 4576 339 4641 δίαις
373 4581 551 4651 ήμῶν,
589 4602 607 4634 ι
645 4581 810 4635 Ἀϐϐά
851 4583 880 4634 6
921 4578 1144 4650 Πατὴρ,
1183 4598 1201 4631 ι
1244 4579 1318 4643 ὼς
1351 4581 1378 4632 6
1409 4579 1618 4642 Παῦλος
1645 4578 1755 4650 (47)

1873 4587 1985 4628 mus
2022 4579 2076 4626 et
2115 4569 2374 4641 Spiritum
2419 4569 2744 4624 clamantem
2793 4567 2848 4622 in
2905 4566 3165 4622 cordibus
3203 4565 3427 4628 nostris,

225 4667 434 4738 εἴρηκεν.
491 4675 554 4726 Εἰ
578 4674 624 4727 δ’
657 4674 738 4726 ὅτι
764 4672 824 4726 τὸ
861 4669 1084 4740 Πνεῦμά
1120 4671 1234 4723 ἐστι
1267 4668 1360 4723 τοῦ
1385 4668 1540 4733 Θεοῦ,
1571 4671 1664 4722 καὶ
1702 4671 1762 4722 ὲν

1873 4684 1889 4716 ι
1919 4665 2069 4720 Abba
2106 4663 2268 4719 Pater
2289 4663 2390 4728 ",3
2430 4672 2489 4716 ut
2511 4660 2757 4732 loquitur
2779 4658 2999 4713 Paulus.
3036 4654 3190 4722 Quod
3210 4655 3257 4710 si
3300 4653 3428 4723 quia

224 4759 348 4831 αὑτῷ
375 4758 506 4816 εἶναι
535 4765 874 4836 γέγραπται·
912 4782 930 4814 ι
959 4762 1042 4816 Τὰ
1070 4762 1164 4814 τοῦ
1187 4760 1321 4815 Θεοῦ
1348 4761 1456 4832 γὰρ
1481 4760 1654 4824 οὐδεὶς
1683 4755 1762 4813 οἵ-

1873 4755 2099 4824 Spiritus
2125 4765 2208 4810 est
2235 4753 2353 4821 Dei,
2381 4763 2434 4808 et
2457 4754 2512 4807 in
2549 4753 2670 4822 ipso
2691 4766 2814 4806 esse
2845 4750 3113 4818 scriptum
3143 4756 3225 4801 est
3262 4764 3276 4799 :
3301 4759 3428 4799 nam

223 4846 298 4899 6ev
322 4853 365 4903 εί
398 4853 468 4924 μὴ
495 4854 557 4906 τὸ
589 4833 810 4925 Πνεῦμα
846 4853 939 4907 τοῦ
978 4850 1110 4907 Θεοῦ
1149 4851 1212 4906 τὸ
1243 4853 1300 4904 ὲν
1321 4849 1496 4920 αὐτῷ·
1527 4867 1548 4903 ι
1609 4850 1702 4903 καὶ
1734 4853 1763 4904 6

1873 4867 1888 4899 ι
1922 4848 2053 4914 Qua:
2091 4846 2185 4901 Dei
2221 4853 2368 4910 sunt,
2398 4857 2560 4899 nemo
2577 4842 2852 4913 cognovit,
2884 4840 2988 4894 nisi
3037 4837 3271 4907 Spiritus
3303 4833 3428 4896 Dei,

228 4940 330 5006 Υἱὸς
353 4942 403 4996 δὲ
436 4944 653 5016 εἴρηκεν
673 4961 684 4974 ·
730 4965 747 4997 ι
789 4945 929 5014 Ἐγὼ
959 4946 1016 4997 ὲν
1047 4942 1124 5014 τῷ
1155 4939 1360 5011 Πατρὶ,
1392 4939 1486 4992 καὶ
1513 4941 1541 4993 6
1571 4937 1760 5011 Πατὴρ

1873 4940 1953 5007 qui
1977 4938 2028 4990 in
2054 4937 2173 5007 ipso
2195 4945 2277 4990 est
2293 4937 2360 4990 ³¹.
2389 4955 2408 4988 ι
2452 4934 2622 4990 Filius
2646 4935 2772 4988 item
2797 4933 2934 4987 dixit
2973 4947 2986 4982 :
3036 4949 3054 4980 ι
3083 4928 3194 4996 Ego
3225 4927 3278 4980 in
3318 4925 3424 5016 Paf

225 5031 272 5082 ἐν
300 5035 439 5106 ὲμοί·
468 5015 499 5087 »ί
517 5037 606 5091 διὰ
642 5038 691 5090 τί
721 5037 782 5091 τὸ
803 5037 936 5090 αὐτὸ
970 5036 1136 5106 ὄνομα
1165 5035 1264 5087 οὐκ
1293 5031 1407 5085 ἐστι
1433 5030 1608 5102 τούτῳ
1646 5024 1756 5102 (48)

1873 5038 1946 5084 tre
1974 5037 2026 5083 et
2051 5026 2210 5082 Pater
2243 5027 2297 5082 in
2349 5042 2437 5081 me
2459 5027 2504 5058 “
2536 5041 2548 5075 :
2591 5044 2610 5076 ι
2644 5040 2814 5095 quare
2844 5039 2952 5077 non
2979 5021 3109 5074 huic
3147 5026 3308 5085 atque
3349 5015 3426 5068 illi

283 5151 322 5181 ²¹
348 5151 550 5208 Coloss.
584 5169 626 5216 ι,
659 5155 742 5208 15.
853 5153 898 5184 υ
928 5154 1084 5206 Rom.
1118 5165 1236 5213 vui,
1268 5148 1359 5202 29.
1468 5149 1514 5179 “
1535 5143 1693 5200 Joan.
1726 5161 1838 5210 xw,
1866 5144 1956 5216 26.
2032 5143 2284 5216 7"_Joan.
2314 5160 2406 5209 xx,
2431 5143 2520 5198 22.
2570 5141 2844 5216 _7'°_Joan.
2877 5137 3104 5216 xvi,_l5.
3208 5135 3251 5165 ³⁷
3274 5131 3420 5186 Psal.

225 5232 370 5285 xuii,
391 5221 444 5278 6.
516 5207 592 5256 7“
612 5207 642 5276 ἶ
666 5207 790 5279 cor.
818 5239 857 5288 I,
880 5222 970 5277 24.
1047 5223 1092 5254 ³⁸
1125 5207 1233 5275 Ιεοξ
1264 5233 1338 5284 ιι,
1365 5217 1420 5270 2.
1499 5216 1543 5248 ³⁸
1573 5216 1747 5271 Galat.

1890 5215 1943 5270 6.
2023 5215 2066 5247 “
2103 5213 2268 5270 lCor.
2307 5207 2491 5282 11,7“.
2567 5213 2612 5244 ³⁸
2650 5210 2808 5266 Joan.
2841 5225 2954 5274 xlv,
2986 5207 3072 5260 10.

283 5332 478 5408 (9)133
507 5335 645 5408 Βθε·
675 5346 728 5392 ει
754 5337 974 5408 ὃθίζυθτ-
1007 5333 1144 5408 Ed“?
1171 5347 1319 5408 vero.
1343 5330 1535 5408 053m.
1859 5329 2123 5408 Cpmmel.
2151 5338 2205 5408 et
2242 5327 2610 5408 iniom‘nibus.
2641 5323 2945 5408 codicibus.
2983 5318 3129 5408 lpl‘ra
3175 5315 3268 5370 καί
3299 5324 3425 5369 ante

282 5389 381 5490 ita)
408 5389 963 5490 gopiér‘iad.'ei'feic.
999 5407 1050 5490 ρ,
1081 5405 1153 5490 μὴ
1183 5389 1510 5490 μέμφεσθεξ

1956 5401 2117 5490 Λέγε)
2138 5401 2288 5483 deest
2315 5401 2368 5490 “1
2399 5389 3096 5490 EE?'::’J€‘::.‘EE.F‘=L°;.1;.
3130 5456 3144 5490 ς

283 5453 383 5543 (ω
410 5453 717 5531 ἆόῖιίἒὶίἷιὶὶἶ
744 5453 796 5531 Εἰ
817 5453 963 5530 rei;
993 5453 1050 5539 ἐξ
1076 5453 1322 5543 est"?

1902 5453 2309 5543 ’(ΞἾΪΗαές-,ίώς
2343 5468 2371 5518 ὁ
2400 5465 2605 5524 Παῦλος
2630 5462 2872 5532 εἴρηκεν,
2905 5463 3102 5514 desunt
3130 5456 3185 5512 in
3202 5453 3420 5509 Gobler.

283 5539 1058 5622 (ﬁllmcoblerianuetl-‘elc.
1085 5545 1137 5607 1,
1172 5541 1462 5622 καίάρςει.
1570 5609 1581 5622 .
1624 5609 1638 5622 _
1735 5618 1747 5622 _
1855 5548 1909 5594 et
1931 5539 2294 5622 ﬁelcgprimo.

227 5676 237 5688 .
277 5609 405 5688 165‘)
439 5615 526 5688 Ἑν
555 5619 706 5688 deest
727 5617 776 5670 in
804 5615 1128 5670 Golileriano
1159 5621 1214 5666 et
1239 5609 1584 5667 Felckmanni
1617 5609 1668 5676 l,
1699 5618 1754 5664 et

227 5684 445 5755 interius,
476 5687 532 5755 ὲν
560 5684 728 5755 αὐτῷ.

283 5751 508 5822 (ιομςαι
539 5749 693 5809 deest
717 5755 770 5808 in
786 5754 912 5810 edit.
938 5753 1136 5818 Paris.,
1157 5751 1250 5809 sed
1280 5750 1507 5806 habetur
1530 5751 1584 5805 in
1617 5749 1747 5806 edit.

1925 5610 2036 5691 (48)
2064 5594 2400 5691 Sicnllegins,
2427 5602 2812 5691 Segueljanus,
2837 5597 3194 5691 etita
3221 5594 3424 5663 legerat

1855 5667 2116 5737 Nannius.
2145 5667 2289 5732 Editi
2320 5689 2468 5738 vero,
2494 5667 2591 5724 οὐκ
2613 5669 2757 5724 ἔστιν
2783 5667 3131 5742 ἀμφοτέροις.
