3914 6222
438 382 543 435 615

1037 368 1093 420 S.
1149 358 1526 418 ATIMNASII
1563 355 1712 410 OPP.
1751 352 1929 407 PARS
1969 349 2005 404 l.
2051 380 2120 388 --
2154 344 2529 400 HlSTOIllCA
2571 341 2657 395 ET
2703 336 3121 394 DOGMATlCA.

3571 332 3681 390 GN

438 499 577 550 idem
620 503 816 544 nomen
841 494 940 548 est,
971 482 1063 537 sed
1107 482 1195 536 hic
1220 478 1438 550 quidem
1465 474 1660 537 Filius,
1698 470 1790 525 ille
1832 466 1996 537 Spiri-
2028 517 2029 520 η

2137 463 2192 514 αἰ
2211 461 2403 530 τούτῳ,
2425 457 2538 511 ἀλλ’
2565 459 2592 510 6
2612 457 2708 526 μὲν
2729 453 2858 517 Υἱὸς
2873 496 2888 520 ,
2909 451 2972 504 τὸ
2991 451 3047 503 δὲ
3074 447 3297 518 Πνεῦμα
3315 466 3330 514 ;
3356 449 3454 503 Ἀν
3478 466 3561 512 τις
3582 447 3678 501 οῦς

441 600 527 642 Ius
555 581 790 638 dicitur?
831 577 888 632 Si
927 575 1051 648 quis
1092 577 1196 628 hoc
1237 570 1398 626 modo
1431 565 1739 622 sciscitetur
1785 561 1832 616 is
1880 573 2007 630 pro-

440 680 582 735 fecto
641 671 949 730 insanierit,
997 684 1121 723 cum
1181 659 1560 719 inscrutabilia
1623 663 1918 716 scrutetur,
1954 660 2009 706 et

441 769 704 840 Apostolo
724 781 828 820 non
847 765 1206 831 obtemperet.
1229 755 1320 827 qui
1345 753 1450 808 ait:
1481 770 1500 803 ‹
1530 750 1666 817 Quis
1682 747 1828 803 enim
1859 744 2010 798 novit

443 837 664 921 sensum
702 853 1212 923 Domini2autquis
1252 845 1598 904 consiliarius
1630 842 1748 912 ejus
1777 837 2002 893 l'uit“?r

446 951 660 1022 Alioqui
711 948 911 1019 quibus
973 945 1114 998 Deus
1153 956 1348 996 nomen
1403 935 1617 1001 indidit,
1657 933 1780 1002 quis
1814 945 2007 984 nomen

447 1020 658 1099 mutare
708 1037 966 1094 audebit?
1010 1035 1146 1088 alias
1207 1030 1372 1086 rebus
1419 1026 1509 1081 ille
1543 1037 1760 1095 quoque
1811 1020 2010 1074 creatis

444 1134 712 1190 vocabula
738 1130 1019 1186 attribuat.
1047 1125 1260 1184 Dicant.
1289 1115 1728 1191 quandoquidem
1760 1119 2009 1167 creatura

448 1227 636 1282 eodem
691 1231 827 1279 nutu
879 1222 1022 1275 facta
1057 1225 1160 1282 est,
1210 1213 1372 1284 559
1407 1226 1505 1266 cur
1552 1207 1661 1271 hic,
1701 1204 1783 1261 sol
1809 1220 1824 1264 ;
1855 1201 2008 1263 illud,

449 1324 647 1378 ctelum
680 1337 694 1383 ;
724 1317 877 1380 illud,
907 1324 1074 1376 terra,
1104 1326 1254 1365 mare
1284 1317 1339 1363 et
1373 1305 1501 1361 aer?
1533 1302 1630 1358 Sin
1658 1297 1868 1354 insanis
1901 1294 2010 1348 illis

453 1414 556 1466 hoc
599 1404 936 1476 impossibile
963 1401 1232 1461 videatur,
1269 1393 1481 1463 singula
1509 1391 1656 1444 enim
1695 1389 1920 1440 manent
1953 1387 2014 1432 ut

452 1505 588 1557 facta
625 1510 785 1564 sunt;
833 1495 1005 1550 multo
1049 1490 1220 1560 magis
1247 1503 1367 1557 qua:
1412 1491 1540 1539 sunt
1595 1493 1758 1548 supra
1802 1481 2012 1529 creatas

450 1611 559 1656 res,
609 1601 864 1646 aeternam
930 1586 1128 1640 habent
1172 1574 1631 1651 perseverantiam
1671 1583 1818 1624 :nec
1859 1566 2014 1620 aliter

450 1693 598 1746 sunt,
623 1695 785 1751 quam
837 1685 898 1730 ut
953 1674 1115 1728 Pater
1157 1678 1238 1725 est
1294 1666 1474 1728 Pater,
1500 1671 1554 1717 ct
1598 1675 1708 1715 non
1752 1671 1927 1712 avus:
1961 1663 2015 1707 et

451 1775 621 1830 Filius
642 1746 733 1827 est
762 1770 855 1824 Dei
881 1767 1076 1824 Filius,
1111 1773 1166 1818 et
1190 1776 1296 1816 non
1323 1759 1480 1812 Pater
1505 1753 1741 1825 Spiritus
1773 1767 1784 1802 :
1817 1759 1869 1804 ct
1893 1746 2016 1816 Spi-

2107 570 2212 616 τως
2246 553 2442 624 ἐρωτᾷ,
2482 550 2720 620 μαίνοιτο
2752 545 2817 600 ἂν
2849 548 2877 598 6
2908 542 3165 606 τοιοῦτος,
3201 541 3435 612 ἐρευνῶν
3461 539 3532 594 τὰ
3585 540 3682 594 ἀν-

2109 642 2393 715 ερεύνητα,
2425 642 2518 694 καὶ
2543 637 2865 711 παρακούων
2894 635 2985 689 τοῦ
3019 632 3359 691 ’Λποστόλου.
3391 630 3642 700 λέγοντος
3663 648 3678 661 ο

2115 755 2133 785 σ
2163 735 2258 798 Τίς
2287 734 2394 804 γὰρ
2427 733 2538 803 (49)
2569 731 2708 799 ἔγνω
2737 728 2861 782 νοῦν
2893 727 3129 798 κυρίους
3174 726 3207 797 ἢ
3249 725 3330 787 τίς
3381 723 3686 794 σύμϐουλος

2109 825 2274 880 αὐτοῦ
2307 825 2561 894 ὲγένετο;
2601 842 2618 874 ι
2661 820 2866 884 Ἀλλως
2903 837 2962 872 τε
2984 819 3019 872 ἃ
3049 818 3078 869 6
3109 818 3239 881 Θεὸς
3277 816 3528 887 ὠνόμασε
3550 856 3564 879 ,
3598 816 3685 878 τίς

2113 918 2477 989 μετονομάσαι
2507 915 2802 984 τολμήσει;
2841 912 2961 963 ἐπεὶ
2984 913 3064 974 είς
3087 910 3154 963 τά
3190 910 3288 981 τῆς
3313 909 3543 971 κτίσεως
3571 909 3689 961 ἐπιο

2109 1008 2429 1080 χορηγείτω.
2462 1004 2804 1063 Είπάτωσαν,
2830 1001 3015 1072 ἐπειδὴ
3039 1003 3072 1072 ἡ
3095 1000 3270 1063 κτίσις
3295 998 3372 1070 τῷ
3396 997 3547 1069 αὐτῷ
3572 996 3689 1050 νεύ-

2114 1117 2240 1170 ματι
2270 1098 2457 1167 γέγονε
2477 1139 2491 1161 ,
2523 1095 2609 1148 διὰ
2638 1095 2688 1147 τί
2714 1096 2743 1147 6
2785 1094 2880 1165 μὲν
2905 1092 3054 1164 ἣλιος
3072 1131 3086 1156 ,
3129 1093 3156 1144 ὁ
3187 1091 3244 1144 δὲ
3273 1089 3496 1161 οὐρανὸς
3524 1090 3621 1142 καὶ
3653 1090 3689 1158 ή

2113 1193 2186 1263 γῆ
2214 1193 2307 1246 καὶ
2336 1193 2368 1262 ἡ
2394 1190 2634 1245 θάλασσα
2657 1187 2750 1241 καὶ
2780 1188 2887 1258 ἀήρ
2926 1184 3038 1254 (50)
3062 1203 3077 1248 ;
3112 1184 3174 1237 Εἰ
3203 1182 3260 1236 δὲ
3281 1181 3538 1237 ἀδύνατον
3565 1179 3693 1233 τοῦ-

2113 1286 2172 1338 τό
2200 1301 2262 1353 γε
2304 1286 2414 1346 τοῖς
2459 1282 2654 1351 ἄφροσι
2697 1279 2869 1350 (μένει
2914 1276 3021 1347 γὰρ
3053 1275 3313 1338 ἕκαστον,
3349 1274 3424 1338 ὼς
3447 1272 3690 1344 γέγονε),

2115 1376 2292 1448 πολλῷ
2339 1375 2536 1447 μᾶλλον
2580 1374 2650 1426 τά
2695 1372 2807 1426 ἄνω
2847 1370 2948 1439 τῆς
2979 1368 3206 1431 κτίσεως
3235 1367 3402 1420 ἀΐδιον
3443 1365 3556 1437 ἔχει
3588 1365 3692 1436 τὴν

2113 1470 2372 1540 διαμονὴν
2396 1508 2411 1532 ,
2441 1467 2535 1520 καὶ
2568 1466 2666 1518 οὐκ
2691 1463 2835 1517 ἔστιν
2870 1461 3043 1524 ἄλλως
3063 1503 3078 1525 ,
3105 1460 3138 1531 ἢ
3164 1459 3240 1522 ὣς
3265 1461 3411 1512 ἐστιν
3443 1459 3472 1510 6
3498 1455 3696 1528 Πατὴρ

2114 1560 2322 1632 Πατήρ,
2349 1561 2443 1612 καὶ
2464 1558 2523 1612 οὐ
2547 1557 2792 1620 πάππος,
2817 1553 2912 1608 κα)⁵
2935 1555 2963 1606 6
2985 1552 3112 1615 Υἱδς
3133 1549 3257 1613 Υίός
3277 1550 3392 1602 ἐστι
3414 1546 3507 1601 τοῦ
3529 1545 3691 1607 Θεοῦ.

2114 1655 2208 1708 καὶ
2239 1655 2297 1707 οὐ
2322 1651 2509 1721 Πατήρ
2537 1647 2628 1701 τοῦ
2653 1645 2792 1702 Πνεύ
2801 1663 2986 1718 ματος,
3009 1645 3102 1698 καὶ
3127 1643 3186 1696 τδ
3207 1642 3429 1714 Πνεῦμα
3449 1642 3512 1694 τὸ
3536 1641 3697 1710 ᾶγιον

2116 1748 2338 1819 Πνεῦμα
2370 1746 2543 1814 ἆγιον,
2571 1743 2664 1797 καὶ
2691 1742 2789 1796 οὐκ
2816 1741 3034 1810 ἔκγονον
3060 1739 3170 1810 (51)
3192 1737 3283 1792 τοῦ
3306 1735 3538 1808 Πατρδς,
3569 1731 3695 1788 οὑδὶ

452 1869 592 1924 ritus
641 1865 864 1921 sanctus
901 1869 986 1914 cst
1033 1857 1270 1928 Spiritus
1314 1858 1558 1916 sanctus,
1603 1855 1658 1902 et
1696 1860 1803 1900 non
1846 1841 2019 1895 Patris

2136 1837 2344 1905 ὶδελφδς
2369 1833 2460 1888 τοῦ
2494 1832 2643 1886 Υίοῦ.

455 1975 647 2029 nepos,
677 1972 776 2012 nec
811 1952 934 2008 Filii
967 1951 1158 2006 frater.

528 2052 581 2106 5.
621 2049 714 2103 llis
755 2048 828 2100 ita
861 2037 1321 2099 commonstratis,
1363 2034 1409 2089 is
1443 2045 1575 2088 sane
1613 2019 2023 2090 insanieritqui

458 2137 828 2208 interrogavit,
853 2149 981 2188 num
1012 2130 1248 2200 Spiritus
1279 2139 1496 2196 quoque
1516 2121 1586 2176 sit
1614 2118 1804 2174 Filius.
1838 2112 1916 2167 Ne
1941 2121 2025 2164 ta-

460 2247 583 2287 men
619 2229 748 2298 quia
795 2225 867 2280 ita
919 2223 1181 2292 scriptum
1219 2233 1324 2272 non
1365 2224 1467 2280 est,
1505 2213 1624 2267 ideo
1640 2210 1772 2284 'qu‘is
1805 2221 1928 2262 eum
1961 2220 2025 2259 ex

464 2322 556 2376 Dei
597 2329 790 2374 natura
821 2325 876 2369 et
910 2311 1236 2382 proprietate
1258 2308 1489 2369 eximat;
1527 2303 1618 2358 sed
1656 2301 1731 2355 uti
1767 2299 2027 2366 scriptum

460 2419 563 2476 est,
590 2406 775 2462 credat
794 2413 847 2459 et
878 2419 944 2457 ne
974 2402 1151 2456 dicat:
1182 2397 1359 2464 Quare
1383 2395 1462 2450 sic
1483 2402 1535 2447 et
1563 2406 1670 2446 non
1701 2387 1816 2444 sic?
1861 2402 1926 2440 ne
1947 2393 2030 2438 ta-

462 2501 534 2555 lia
563 2498 808 2564 cogitans
833 2492 1058 2562 incipiat
1080 2489 1326 2544 meditari
1355 2501 1419 2540 ac
1454 2484 1667 2538 dicere:
1691 2477 1923 2534 Ubinam
1951 2483 2033 2528 est

461 2606 592 2661 ergo
611 2589 772 2654 Deus,
788 2594 841 2640 et
864 2582 1137 2653 quomodo
1159 2580 1276 2636 est?
1293 2594 1355 2633 ac
1371 2585 1554 2647 postea
1581 2571 1767 2627 audiat
1791 2587 1805 2625 :
1840 2587 1860 2620 ι
1888 2567 2034 2621 Dixit

464 2659 725 2750 insipiens
755 2679 809 2731 in
835 2675 1000 2731 corde
1024 2687 1156 2728 suo:
1184 2670 1300 2724 Non
1337 2677 1420 2721 est
1441 2666 1582 2720 Deus
1606 2663 1670 2718 “.
1697 2681 1715 2713 ι
1749 2659 1885 2715 Nam
1914 2671 2036 2726 qua;

463 2771 569 2825 tide
596 2768 902 2831 traduntur,
927 2763 1292 2834 cognitionem
1318 2759 1517 2813 habent
1539 2771 1644 2811 non
1680 2753 1892 2810 curiose
1917 2767 2038 2821 per-

463 2861 836 2917 scrutandam.
862 2857 1019 2912 Certe
1051 2869 1173 2909 cum
1209 2849 1460 2918 discipuli
1493 2848 1791 2908 audissent,
1828 2842 2038 2914 «bapti-

465 2961 653 3006 zantes
683 2965 778 3005 eos
802 2950 856 3002 in
891 2946 1110 3002 nomine
1140 2943 1317 2998 Patris
1342 2951 1396 2995 et
1422 2940 1543 2994 Filii
1573 2949 1627 2994 et
1650 2937 1884 3006 Spiritus
1908 2952 2036 2989 san-

464 3042 620 3106 cti",
649 3060 667 3092 ι
708 3055 817 3094 non
849 3038 1066 3092 curiose
1096 3033 1461 3105 inquirebant,
1479 3046 1576 3084 cur
1593 3029 1831 3084 secundo
1847 3025 2036 3091 Filius,

2276 2035 2488 2090 Τούτων
2519 2032 2660 2087 οὕτω
2685 2031 3064 2103 δεικνυμένων,
3103 2029 3327 2103 μαίνοιτ’
3351 2028 3416 2082 ἄν
3439 2046 3522 2092 τις
3553 2029 3696 2099 ἐρω-

2125 2132 2253 2196 τῶν,
2297 2130 2423 2192 Υίδς
2454 2124 2545 2181 οῦν
2569 2128 2684 2180 ἐστι
2707 2126 2800 2179 καὶ
2827 2126 2887 2178 τὺ
2920 2123 3174 2196 Πνεῦμα;
3201 2125 3372 2197 Μηδὲ,
3398 2121 3587 2194 ἐπειδὴ
3619 2122 3699 2193 μὴ

2127 2226 2436 2296 γέγραπται
2462 2221 2624 2285 οὕτω,
2681 2219 2769 2273 διὰ
2793 2217 2948 2272 τοῦτο
3008 2217 3289 2288 ἐξαιρείτω
3312 2233 3395 2280 τις
3443 2215 3575 2268 αὐτὸ
3597 2215 3704 2286 τῆς

2128 2319 2220 2372 τοῦ
2243 2315 2374 2369 Θεοῦ
2400 2314 2612 2385 φύσεως
2636 2312 2729 2365 καὶ
2781 2311 3059 2381 ἰδιότητος·
3096 2309 3209 2364 ἀλλ’
3249 2309 3323 2372 ὡς
3369 2307 3700 2378 γέγραπται,

2131 2409 2431 2464 πιστευέτω
2452 2406 2546 2460 καὶ
2577 2403 2650 2476 μὴ
2675 2403 2784 2473 (52)
2817 2402 3020 2471 λεγέτω
3041 2418 3055 2432 ·
3084 2400 3183 2454 Διὰ
3203 2400 3255 2453 τί
3304 2399 3473 2462 οὕτως
3503 2397 3599 2452 καὶ
3627 2397 3704 2470 μὴ

2129 2503 2338 2564 οῦτωςς
2370 2500 2456 2552 ἵνα
2489 2497 2562 2568 μὴ
2585 2495 2809 2551 τοιαῦτα
2848 2493 3297 2563 διαλογιζόμενος,
3345 2493 3575 2563 ἄρξηται
3603 2507 3705 2562 με-

2131 2594 2290 2664 λετᾷν
2322 2592 2415 2644 καὶ
2471 2589 2666 2657 λέγειν·
2725 2585 2834 2640 Ποῦ
2892 2581 2983 2639 οὖν
3016 2587 3162 2638 ἐστιν
3193 2587 3220 2637 6
3253 2583 3406 2647 Θεδς,
3463 2584 3559 2637 καὶ
3588 2581 3708 2645 πῶς

2135 2689 2246 2740 ἐστι
2271 2703 2285 2750 ;
2315 2684 2409 2738 καὶ
2438 2681 2618 2735 λοιπὸν
2641 2678 2881 2733 ἀκούσει*
2933 2697 2951 2729 ι
2983 2673 3147 2730 Εἶπεν
3179 2677 3365 2747 ἄφρων
3404 2675 3461 2728 ἐν
3507 2673 3706 2746 καρδία

2135 2774 2298 2829 αὐτοῦ
2316 2791 2328 2802 ·
2367 2773 2479 2824 Οὐκ
2505 2771 2619 2824 ἔστι
2642 2768 2797 2832 Θεός.
2839 2787 2858 2820 ι
2887 2767 2966 2820 Τὰ
2989 2765 3097 2838 γὰρ
3124 2768 3187 2836 τῇ
3219 2765 3397 2817 πίστει
3423 2763 3708 2833 παραδιδὸ-

2141 2883 2274 2938 μενα
2308 2862 2736 2934 άπεριέργαστον
2765 2858 2876 2930 ἔχει
2925 2857 3021 2930 τὴν
3068 2856 3285 2926 γνῶσιν.
3335 2857 3398 2908 Οἱ
3429 2855 3560 2924 γοῦν
3595 2855 3711 2925 (55)

2141 2955 2399 3028 μαθηταὶ,
2461 2953 2809 3015 ἀκούσαντες,
2849 2968 2868 3001 ι
2916 2948 3262 3020 βαπτίζοντες
3303 2948 3497 3011 αὐτοὺς
3535 2949 3619 3011 είς
3647 2946 3714 3000 τδ

2139 3051 2311 3120 δνομα
2337 3046 2430 3101 τοῦ
2460 3045 2669 3118 Πατρδς
2701 3041 2908 3097 καὶτοῦ
2935 3041 3063 3095 Υίοῦ
3093 3041 3186 3094 καὶ
3219 3038 3313 3093 τοῦ
3345 3037 3500 3107 ἁγίου
3536 3035 3716 3091 Πνεύ-

465 3141 520 3188 et
562 3131 724 3186 tertio
771 3129 1040 3200 Spiritus,
1086 3137 1180 3182 aut
1230 3141 1327 3180 cur
1368 3123 1590 3200 omnino
1632 3120 1901 3174 Trinitas:
1945 3119 2029 3174 sed

611 3233 620 3236 -
753 3223 786 3236 ..
928 3229 940 3236 .
1403 3215 1583 3236 .,_____
1622 3213 2029 3236 _-,__,.-.____.___

2145 3119 2360 3212 ματος,›
2392 3137 2452 3190 οὐ
2483 3133 2948 3206 περιειργάσαντο,
3004 3130 3094 3184 διὰ
3135 3131 3188 3184 τί
3235 3129 3482 3201 δεύτερον
3503 3129 3532 3181 6
3556 3128 3710 3192 Υἱὸς,

465 3233 628 3294 prout
665 3223 966 3286 audierant,
993 3220 1360 3295 crediderunt.
1403 3215 1587 3286 Neque
1621 3213 2038 3269 sciscitabantur

467 3317 630 3370 sicuti
662 3329 758 3368 vos
780 3332 792 3366 :
815 3312 1026 3383 Ergone
1075 3310 1312 3381 Spiritus
1341 3318 1425 3365 est
1449 3307 1664 3363 Filius?
1708 3305 1892 3376 Neque
1913 3321 2036 3360 cum

469 3407 734 3462 Dominus
759 3415 880 3476 post
917 3403 1114 3458 Filium
1154 3403 1462 3457 nominaret
1495 3399 1779 3471 Spiritum,
1811 3399 2040 3454 interro-

468 3501 701 3570 gabant:
735 3497 876 3568 Ergo
899 3513 1030 3552 avus
1059 3506 1141 3551 est
1177 3494 1374 3550 Pater?
1403 3492 1519 3547 Non
1549 3493 1693 3547 enim
1735 3491 2036 3554 audierant,

469 3592 524 3644 in
554 3589 770 3644 nomine
800 3590 908 3653 avi,
931 3588 1023 3643 sed
1053 3589 1105 3642 in
1126 3587 1344 3641 nomine
1367 3584 1544 3640 Patris
1571 3603 1585 3648 ;
1610 3585 1858 3653 hancque
1884 3582 2038 3636 ﬁdem

467 3682 638 3751 probe
672 3681 979 3736 ratiocinati
1013 3679 1448 3750 praedicaverunt
1492 3677 1712 3748 ubique.
1748 3674 1865 3731 Non
1895 3676 2040 3730 enim

470 3772 629 3827 aliter
669 3773 997 3841 loquendum
1037 3771 1175 3834 fuit,
1207 3787 1369 3841 quam
1414 3771 1624 3825 dixerat
1668 3770 1951 3824 Salvator:
1985 3783 2044 3823 se

469 3866 686 3935 quidem
721 3863 942 3928 Filium,
975 3863 1126 3917 illum
1180 3877 1310 3916 vero
1347 3861 1608 3930 Spiritum
1640 3869 1910 3914 sanctum.
1940 3856 2044 3911 Ne-

469 3971 577 4025 que
625 3955 949 4010 immutandi
1001 3963 1180 4019 erant,
1234 3968 1394 4007 secus
1425 3967 1589 4022 quam
1636 3951 1826 4006 ordine
1869 3949 2042 4020 juncti

472 4050 704 4112 fuerant,
737 4061 798 4104 ut
842 4064 1017 4118 neque
1034 4047 1213 4103 Pater.
1246 4046 1714 4112 Quemadmodum
1753 4045 1897 4102 enim
1936 4060 2043 4100 non

470 4140 596 4196 licet
643 4143 795 4195 aliter
839 4141 904 4194 de
931 4141 1024 4194 illo
1065 4140 1236 4209 loqui,
1261 4154 1423 4209 quam
1471 4139 1612 4206 quod
1643 4136 1805 4193 Pater
1836 4139 1937 4202 sit;
1973 4138 2046 4192 ita

471 4231 697 4300 impium
745 4230 909 4285 fuerit
953 4231 1322 4300 interrogare,
1359 4245 1425 4283 an
1455 4227 1626 4282 Filius
1673 4229 1743 4284 sit
1787 4227 2044 4298 Spiritus,

473 4331 564 4374 aut
594 4318 832 4388 Spiritus
867 4319 1059 4374 Filius.
1092 4319 1208 4373 Hac
1239 4321 1306 4373 de
1344 4334 1510 4373 causa
1539 4318 1804 4390 Sabellius
1836 4319 2047 4373 alienus

473 4410 541 4464 ab
576 4409 819 4464 Ecclesia
865 4410 1143 4479 judicatus
1177 4419 1277 4472 est,
1301 4425 1468 4465 ausus
1500 4411 1737 4465 tribuere
1768 4409 1913 4464 Patri
1944 4425 2046 4463 no-

2139 3230 2233 3284 καὶ
2263 3229 2440 3301 τρίτον
2466 3227 2526 3279 τὸ
2550 3223 2791 3294 Πνεῦμα,
2825 3222 2858 3294 ἦ
2886 3221 2972 3275 διὰ
3003 3222 3054 3274 τί
3081 3221 3215 3284 ὅλως
3249 3218 3447 3290 Τριάς·
3475 3217 3592 3271 ἀλλ’
3635 3215 3712 3279 ὡς

2140 3325 2396 3396 ἤκουσαν,
2424 3319 2763 3372 ἐπίστευσανο
2813 3316 2907 3369 καὶ
2945 3314 3042 3386 οὐχ
3069 3315 3255 3386 ὥσπερ
3283 3315 3438 3385 ὑμεῖς
3488 3311 3712 3385 ήρὼτη-

2143 3430 2272 3466 σαν·
2298 3409 2424 3474 Υἱὸς
2451 3405 2544 3463 οὖν
2567 3410 2682 3461 ἐστι
2721 3406 2780 3460 τὸ
2824 3403 3078 3476 Πνεῦμα;
3130 3405 3285 3467 Οὐδὲ,
3334 3404 3578 3468 εἰπόντος
3614 3401 3716 3458 τοῦ

2141 3504 2345 3575 Κυρίου
2387 3501 2522 3573 μετὰ
2545 3500 2636 3554 τὸν
2668 3501 2793 3553 Υἰδν
2811 3497 2871 3551 τὸ
2917 3497 3159 3568 Πνεῦμα,
3197 3497 3486 3569 ἠρώτησαν
3508 3513 3522 3528 ⁸
3555 3498 3720 3552 Πάπ-

2144 3612 2242 3659 πος
2270 3590 2362 3647 οὖν
2399 3595 2426 3646 6
2459 3594 2678 3664 Πατήρ;
2729 3590 2802 3645 Οὐ
2833 3589 2941 3662 γὰρ
2972 3589 3204 3660 ἤκουσαν
3236 3591 3314 3653 είς
3341 3591 3509 3660 δνομα
3561 3591 3714 3644 πάπ-

2133 3705 2267 3749 -που,
2303 3686 2416 3740 ἀλλ’
2447 3688 2527 3749 είς
2558 3685 2729 3755 δνομα
2778 3681 2989 3752 Πατρὸς
3043 3681 3187 3751 (54),
3231 3683 3324 3735 καὶ
3366 3681 3571 3753 ταύτην
3615 3684 3720 3754 τὴν

2144 3779 2324 3832 πίστιν
2348 3775 2614 3848 ἐκήρυξαν
2663 3771 2958 3844 πανταχοῦ,
3007 3773 3350 3844 λογισάμενοι
3387 3773 3586 3845 ὀρθῶς.
3637 3777 3720 3829 Οὐ

2143 3869 2252 3940 γὰρ
2277 3864 2342 3940 ἧν
2381 3867 2550 3930 ἄλλως
2573 3866 2765 3928 είπετν,
2797 3863 2830 3935 ἢ
2864 3863 2938 3926 ὡς
2963 3862 3179 3934 εἴρηκεν
3211 3865 3239 3915 6
3285 3864 3495 3934 Σωτήρ·
3519 3864 3722 3918 ἑαυτὸν

2149 3961 2245 4031 μὲν
2273 3958 2500 4024 Υίὸν,τὺ
2531 3957 2588 4010 δέ
2640 3955 2862 4026 Πνεῦμα
2907 3957 3078 4024 ἆγιον·
3136 3955 3245 4008 οὐδ’
3287 3955 3574 4022 ἐναλλάξαι
3599 3956 3719 4027 (55)

2146 4051 2299 4122 θέμις
2325 4051 2357 4122 ἢ
2393 4049 2467 4112 ὡς
2497 4045 2866 4112 συντέτακται,
2897 4046 3084 4118 ὥσπερ
3112 4047 3206 4099 καὶ
3234 4047 3325 4100 ἐπὶ
3354 4046 3447 4099 τοῦ
3475 4048 3720 4120 Πατρός.

2157 4142 2243 4205 Ὠς
2274 4141 2381 4213 γὰρ
2400 4142 2498 4194 οὐκ
2521 4141 2726 4209 ἔξεστιν
2753 4140 2926 4203 ἄλλως
2957 4143 3127 4195 εἰπεῖν
3178 4133 3314 4211 περῖ
3333 4140 3521 4204 αὑτοῦ,
3554 4141 3590 4212 ἢ
3637 4142 3723 4195 ὅτι

2147 4232 2354 4304 Πατὴρ,
2379 4232 2550 4296 οὓτως
2571 4232 2764 4296 ἀσεϐὲς
2793 4233 3022 4303 ἐρωτᾷν,
3062 4232 3111 4284 εἰ
3151 4233 3278 4293 Υἱός
3311 4231 3421 4302 (56)
3481 4233 3601 4286 ἐστι
3661 4232 3723 4285 τὸ

2147 4324 2390 4396 Πνεῦμα,
2416 4324 2449 4396 ἢ
2475 4325 2532 4378 τὸ
2562 4323 2782 4394 Πνεῦμα
2806 4323 2954 4388 Υἱός.
2991 4323 3089 4376 Διὰ
3118 4322 3275 4376 τοῦτο
3298 4322 3583 4386 Σασέλλιος
3606 4322 3721 4392 (57)

2149 4417 2422 4488 ἀλλότριος
2447 4415 2548 4486 τῆς
2563 4414 2884 4486 Ἑκκλησίας
2904 4414 3114 4486 ἐκρίθη,
3135 4415 3404 4486 τολμήσας
3428 4417 3607 4468 εἰπεῖν
3631 4414 3727 4466 ἐπὶ

473 4518 596 4556 men
650 4501 793 4566 Filii,
834 4519 898 4556 ac
939 4501 1076 4557 Filio
1116 4517 1312 4556 nomen
1359 4500 1560 4555 Patris.
1592 4501 1677 4555 An
1708 4501 1890 4572 itaque
1923 4517 2029 4572 pos:

2149 4508 2241 4587 τοῦ
2268 4510 2479 4580 Πατρδς
2515 4507 2577 4560 τὸ
2607 4508 2756 4573 Υἱὸς,
2789 4507 2882 4560 καὶ
2907 4506 3000 4560 ἐπὶ
3031 4507 3123 4560 τοῦ
3179 4507 3309 4560 Υίοῦ
3353 4507 3415 4560 τὸ
3460 4506 3558 4559 τοῦ
3606 4507 3724 4560 Πα-

475 4592 590 4647 haec
623 4595 767 4647 ausit
803 4591 1074 4663 quispiam
1114 4591 1341 4646 audiens
1372 4589 1567 4644 Filium
1597 4602 1651 4646 et
1679 4591 1938 4660 Spiritum
1963 4594 2044 4647 di-

471 4698 595 4739 cere
631 4702 644 4738 :
675 4683 821 4737 Avus
858 4699 988 4754 ergo
1031 4692 1114 4738 est
1140 4681 1317 4747 Pater,
1342 4691 1436 4736 aut
1472 4682 1642 4738 Filius
1666 4695 1750 4738 est
1775 4679 2056 4753 Spiritus?

472 4774 586 4830 lmo
625 4775 900 4829 audebunt
947 4772 1221 4839 Eunomii,
1252 4773 1484 4827 Eudoxii
1539 4782 1592 4827 et
1631 4773 1868 4829 Eusebii.
1902 4776 2038 4832 Cum

2147 4599 2273 4670 τρὸς
2301 4598 2412 4667 (58)
2435 4597 2625 4666 ὄνομα.
2653 4593 2777 4668 ’Ἆρ’
2803 4591 2894 4650 οὖν
2946 4597 3024 4650 ἔτι
3085 4597 3224 4668 μετὰ
3260 4597 3428 4650 ταῦτα
3458 4598 3728 4668 τολμήσει

2160 4707 2242 4752 τις
2271 4688 2480 4742 ἁκούων
2509 4688 2636 4741 Υἱδν
2664 4687 2759 4742 καὶ
2791 4686 3013 4758 Πνεῦμα
3074 4690 3268 4740 εἰπεῖν’
3297 4689 3527 4750 Πάππος
3552 4683 3650 4740 οὖν
3698 4689 3730 4738 6

2146 4781 2357 4852 Πατὴρ,
2385 4781 2418 4852 ἢ
2449 4780 2575 4844 Υίδς
2600 4775 2692 4833 οὖν
2719 4778 2828 4852 (59)
2843 4778 2904 4832 τδ
2932 4779 3188 4850 Πνεῦμα;
3229 4779 3337 4832 Ναὶ
3359 4778 3732 4850 τολμήσουσιν

544 4865 588 4896 ³³
624 4864 779 4918 llom.
805 4881 882 4928 XI,
905 4864 993 4920 54.
1073 4864 1116 4896 ³³⁵
1139 4863 1284 4918 Psal.
1319 4880 1440 4929 xm,
1467 4863 1516 4917 l.
1595 4863 1639 4896 ³⁵
1670 4863 1856 4921 Matth.
1886 4884 2077 4938 xxvm,
2105 4873 2188 4926 l9.

573 4977 652 5037 19)
679 4977 788 5048 Ιξὰρ
815 4978 969 5032 deest
998 4975 1387 5048 inAGoblerian.
1420 4983 1474 5029 et
1503 4975 1646 5048 Fclc.
1682 4979 1732 5030 1.

562 5048 652 5110 50)
682 5045 900 5122 Gobler.
926 5057 993 5122 _e_t
1029 5046 1206 5122 Felck.
1255 5046 1482 5122 primus.
1515 5045 1544 5096 6
1571 5047 1626 5100 δὲ
1657 5049 1903 5122 οὐρανὸς,
1938 5052 2029 5122 γῆν

470 5113 733 5191 θάλασσα,
763 5118 891 5188 ἀήρ.
925 5117 1042 5191 Mox
1092 5116 1221 5191 Reg.
1252 5113 1307 5169 et
1347 5113 1592 5191 Segne,
1629 5113 1744 5191 toié
1784 5113 2032 5191 ἄφροσιν.

473 5189 635 5258 Editi,
661 5185 944 5258 ἔμφροσιν.
977 5187 1147 5241 Paulo
1177 5185 1319 5257 post,
1349 5185 1517 5238 ἀΐδιον
1540 5190 1692 5244 deest
1734 5189 1786 5242 in
1815 5185 2033 5246 Gobler.

470 5269 517 5312 el
545 5257 890 5312 Felcktnanni
923 5260 1119 5326 primo.

475 5398 491 5406 Α,
539 5327 652 5395 (51)
704 5322 1017 5396 Segueriau.
1053 5325 1269 5381 Gobler.
1307 5332 1362 5376 et
1379 5322 1523 5382 Felc.
1552 5327 1604 5394 1,
1630 5327 1888 5395 ἔγγονοντ
1924 5328 2037 5394 alii,

473 5412 710 5461 ἐκγονον.

541 5467 651 5536 (52)
679 5466 767 5536 Μή
799 5466 957 5536 deest
989 5466 1040 5518 in
1078 5464 1241 5520 Basil.

796 5534 1003 5616 licgnet
1029 5536 1249 5616 Sequor.
1272 5537 1444 5616 _E-Jiti,
1476 5537 1547 5616 Et
1567 5535 1732 5616 γοῦν,
1753 5535 1913 5591 male.

476 5603 782 5739 Η
815 5603 1034 5673 Heights,
1063 5603 1378 5676 Séguerian.
1405 5603 1734 5662 Basi|.7Editi
1762 5621 1910 5670 vero,
1937 5605 2030 5658 τοῦ

526 5688 702 5732 ατρος.

542 5740 653 5808 (55)
685 5740 757 5794 Ita
796 5740 994 5808 Regius
1025 5754 1075 5796 et
1105 5743 1317 5811 S'guer.
1361 5744 1500 5800 Eiliti
1533 5756 1734 5814 autem,
1755 5746 1904 5801 οὐδὲν
1937 5745 2032 5800 ἁλ-

2137 4983 2310 5048 λάξαι.
2338 4982 2506 5038 Paulo
2531 4993 2655 5053 post
2677 4979 2878 5052 Regius
2899 4987 2954 5035 et
2995 4979 3339 5052 Seguerian.,
3361 4979 3460 5033 οὐκ
3487 4980 3729 5046 ἔξεστιν.

2139 5054 2307 5114 Editi,
2333 5054 2432 5106 οὐκ
2464 5053 2631 5106 ἐστιν.

2139 5191 2172 5262 ἢ
2352 5123 2442 5177 Sic
2471 5121 2601 5192 Reg.
2636 5118 2954 5190 Seguerian.
2991 5127 3045 5173 et
3074 5117 3361 5174 Basilicus.
3390 5116 3536 5172 Editi
3568 5133 3734 5180 vero,

2208 5261 2320 5332 (5⁸1)
2353 5260 2488 5332 Beg.
2517 5268 2569 5315 et
2599 5259 2820 5332 Seguer.
2858 5259 2924 5332 ad
2951 5274 3150 5332 marg,
3177 5257 3316 5332 περ).⁸
3334 5255 3658 5332 ξαὸελλίου.

2353 5326 2637 5402 Regiuset
2665 5326 3442 5402 δοειιςιῂιιη-ΠατρόςίΕιΙ-ἰιί,
3474 5327 3734 5402 Πνεῦμα-

2143 5395 2251 5464 τος.
2281 5395 2403 5454 Mox
2433 5395 2514 5452 ἔτι
2541 5400 2692 5454 deest
2713 5395 2766 5454 in
2800 5399 3113 5453 Goblerian.
3145 5395 3196 5450 et
3226 5395 3464 5451 Felckm.
3498 5397 3551 5449 l.

2214 5469 2324 5536 (59)
2359 5464 2462 5522 Οῦν
2490 5469 2642 5523 deest
2674 5469 2726 5522 in
2759 5469 2982 5538 Seguer.
3028 5470 3165 5521 solo.
3202 5464 3740 5538 Ibidemllegiusﬁ

2143 5533 2620 5608 Seguerian.,_Nai
2661 5533 3046 5608 τολμήσουσιν)
3081 5545 3246 5608 recte.
3285 5533 3453 5608 Editi,
3475 5537 3574 5608 καὶ
3602 5535 3738 5608 (col-

2145 5603 2427 5678 μήσουσιν.
2455 5606 2577 5661 Mox
2603 5607 2701 5678 καί
2721 5603 2847 5678 ante
2869 5604 3112 5678 Εὑδόξιοι
3139 5605 3292 5678 deest
3313 5605 3366 5658 in
3397 5603 3734 5678 Gohlerian.

2140 5671 2535 5748 ethelckman.
2590 5678 2653 5748 l.
2685 5675 2825 5748 lnl‘ra
2846 5675 3002 5748 _Reg.
3046 5684 3123 5748 et_
3137 5672 3391 5742 Seguer..
3413 5671 3735 5748 animum.

2139 5745 2297 5809 Editi,
2329 5747 2592 5800 παύσωσι.
2623 5744 2824 5802 Ibidem
2846 5737 2979 5816 Reg:
3015 5755 3069 5800 et
3091 5737 3342 5813 Segnia”
3376 5737 3656 5810 γλῶτταν.
