3914 6222
245 350 350 404 645

1330 339 1663 396 EPISTOLA
1706 339 1772 395 IV
1821 340 1912 394 AD
1955 337 2421 396 SERAPIONEM.

3379 334 3482 389 CH6

245 463 517 534 Εὖνόμιοι,
548 461 640 515 καὶ
661 460 918 527 Εὑδόξιοι,
949 461 1040 513 κα)⁸
1058 459 1304 512 Εὑσέόιοι
1333 458 1462 529 (60).
1491 457 1672 524 Ἀπαξ
1691 452 1810 530 ¹γὰρ

1920 459 2056 513 enim
2109 456 2278 512 semel
2308 455 2524 510 Arianae
2560 452 2784 508 haeresis
2818 452 3110 509 histriones
3135 451 3308 508 οπεοιί
3332 452 3440 505 sint
3464 492 3482 517 ,

245 553 656 624 ὑποκρινόμενοι
676 553 773 623 τὴν
802 551 1080 622 Ἀρειανὴν
1109 551 1338 621 αἵρεσιν,
1356 550 1415 602 o6
1447 548 1520 620 μὴ
1543 548 1807 601 παύσουσι

241 641 337 710 τὴν
365 640 572 694 ἑαυτῶν
598 639 846 708 γλῶσσαν
878 640 985 692 ἀπὸ
1036 637 1307 701 ἀσεϐείας.
1333 638 1428 701 Τίς
1469 637 1576 708 γὰρ
1629 638 1809 700 αὐτοῖς

245 729 528 799 παρέδωκε
555 728 757 793 ταῦτα;
793 728 887 792 Τίς
918 730 947 780 6
969 727 1214 791 διδάξαςς
1256 728 1391 780 Ἀλλ’
1415 727 1586 791 οὐδεὶς
1613 729 1677 781 ὲκ
1701 727 1808 780 τῶν

243 821 400 875 Θείων
419 821 669 894 Γραφῶν·
696 824 760 874 ὲκ
784 819 839 873 δὲ
865 818 957 872 τοῦ
1008 819 1437 891 περισσεύματος
1465 820 1562 890 τῆς
1587 820 1810 891 καρδίας

242 915 422 968 αὐτῶν
448 913 666 985 ἐξῆλθεν
695 915 728 984 ἡ
756 911 974 984 τοιαύτη
1000 911 1414 983 παραφροσύνη.

311 1005 365 1060 6.
389 1007 452 1058 El
485 1006 614 1078 γὰρ,
644 1007 765 1058 ἐπεὶ
793 1004 868 1075 μὴ
898 1005 1104 1074 κτίσμα
1134 1004 1252 1056 ἐστὶ
1281 1003 1343 1056 τὺ
1367 1003 1590 1075 Πνεῦμα
1633 1002 1810 1075 (τοῦτο

242 1097 348 1168 γὰρ
389 1097 644 1167 ἐδείχθη),
677 1098 937 1168 ἐρωτᾶτε,
968 1096 1096 1160 Υίδς
1153 1091 1244 1149 οὖν
1278 1098 1392 1149 ἐστι
1452 1096 1514 1150 τὸ
1550 1095 1806 1166 Πνεῦμας

243 1188 381 1259 ὥρα,
413 1187 684 1258 μαθόντας
728 1188 892 1257 ὑμᾶς,
939 1187 1020 1240 ὅτι
1057 1187 1131 1258 μὴ
1175 1188 1378 1257 κτίσμα
1427 1189 1574 1240 ἐστὶν
1603 1187 1632 1238 6
1685 1187 1810 1249 Υἱὸς

243 1277 361 1348 (διὰ
379 1278 577 1331 τούτου
607 1278 716 1349 (61)
752 1278 859 1349 γὰρ
905 1276 976 1330 τὰ
1032 1277 1232 1348 γενητὰ
1273 1277 1541 1348 ἐκτίσθη),
1581 1279 1808 1349 ἐρωτᾷν,

241 1371 432 1441 Πατὴρ
462 1366 554 1424 οὖν
580 1372 724 1423 ἐστιν
743 1369 771 1420 6
803 1370 929 1434 Υἱός
953 1386 969 1434 ;
998 1370 1068 1423 Ἢ
1122 1371 1215 1423 καὶ
1261 1368 1464 1432 οὕτως’
1493 1369 1564 1422 Τὸ
1591 1369 1812 1439 Πνεῦμα

240 1459 333 1515 οὖν
363 1465 512 1515 ἐστιν
556 1463 585 1515 6
618 1461 765 1526 Υἱὸς,
826 1462 919 1515 καὶ
949 1464 978 1515 6
1003 1462 1127 1525 Tib;
1149 1461 1310 1524 αὐτός
1347 1463 1461 1515 ἐστι
1498 1462 1559 1515 τὸ
1590 1460 1812 1532 Πνεῦμα

242 1555 300 1607 τὸ
327 1555 517 1622 ἆγιον;
551 1553 784 1607 Τοιαῦτα
808 1553 864 1606 δὲ
891 1555 1243 1626 λογιζόμενοι,
1273 1555 1378 1621 ἔξω
1411 1555 1507 1627 μὲν
1531 1557 1630 1625 τῆς
1655 1554 1813 1621 ἁγίας

245 1645 473 1716 Τριάδος
499 1645 731 1710 ἔσονται,
770 1645 918 1700 ἄθεοι
963 1646 1020 1700 δὲ
1072 1647 1422 1719 κριθήσονται
1457 1647 1588 1718 (62),
1617 1646 1814 1699 ἀλλάσ-

247 1753 432 1800 σοντες
459 1735 523 1789 τὸ
543 1735 713 1806 ὄνομα
737 1735 830 1789 τοῦ
863 1737 1093 1808 Πατρὸς,
1130 1738 1223 1790 καὶ
1273 1736 1366 1791 τοῦ
1397 1736 1548 1800 Υίοῦ,
1585 1736 1680 1790 καὶ
1713 1734 1807 1788 τοῦ

246 1831 403 1898 ἁγίου
432 1828 765 1899 Πνεῦματος
814 1829 1207 1901 μεταφέροντες
1254 1847 1313 1882 τε
1344 1830 1494 1894 αὐτὸ,
1525 1829 1600 1893 ὡς
1627 1828 1810 1882 θέλουσ-

249 1935 352 1982 σιν,
383 1922 441 1971 ὲν
469 1918 770 1990 ὁμοιώματι
800 1919 1065 1988 γενέσεως
1092 1918 1456 1990 ἀνθρωπίνης,
1487 1918 1683 1986 ἔκγονα
1703 1917 1810 1989 (63)

247 2012 339 2064 καὶ
372 2009 629 2074 πάππους
651 2011 1036 2081 ὀνομάζοντες,
1095 2011 1186 2064 καὶ
1241 2011 1342 2081 τὴν
1381 2011 1646 2082 Ἐλλήνων
1697 2010 1815 2064 Θεο-

247 2103 431 2170 γονίαν
462 2103 674 2164 ἑαυτοῖς
730 2101 1216 2172 ἀναπλασσόμενοι.
1280 2103 1393 2156 Οὐκ
1425 2103 1539 2156 ἔστι
1590 2103 1646 2156 δὲ
1675 2102 1812 2173 αὕτη

244 2192 344 2260 τῆς
385 2190 707 2260 Ἐκκλησίας
732 2192 765 2262 ὴ
789 2191 989 2256 πίστις,
1012 2191 1125 2245 ἀλλ’
1152 2192 1226 2255 ὼς
1257 2188 1406 2245 εἶπεν
1428 2191 1456 2244 6
1501 2193 1708 2264 Σωτὴρ,
1735 2193 1814 2256 εἰς

242 2281 466 2352 Πατέρα
491 2282 583 2334 καὶ
613 2280 858 2335 Υιὸνκαὶ
879 2282 1030 2351 ἅγιον
1056 2282 1303 2354 Πνεῦμα⁶
1336 2284 1554 2356 Πατέρα
1605 2284 1809 2354 μέντοι,

237 2374 310 2425 οὐ
340 2371 635 2442 δυνάμενον
682 2371 928 2440 λέγεσθαι
983 2373 1224 2437 πάππον,
1278 2374 1372 2426 καὶ
1405 2374 1530 2427 Υἱὸν
1555 2375 1616 2426 o6
1660 2375 1816 2428 δυνά-

243 2480 410 2533 μενον
436 2462 688 2532 λέγεσθαι
713 2464 952 2534 Πατέρα,
984 2466 1077 2518 καὶ
1105 2463 1326 2534 Πνεῦμα
1351 2465 1502 2534 ἆγιον
1527 2466 1626 2519 οὐκ
1643 2467 1816 2530 ἄλλως

247 2552 482 2624 ἢοῦτως
529 2554 942 2625 ὀνομαζόμενον.
999 2558 1120 2610 Ἐπὶ
1179 2556 1382 2629 ταύτης
1424 2559 1525 2629 τῆς
1559 2559 1814 2622 πίστεως

245 2646 349 2700 οὐκ
377 2645 524 2699 ἔστιν
553 2646 778 2711 ἐναλλὰξ
826 2649 1018 2702 εἰπεῖν·
1055 2648 1168 2703 ἀλλ’
1199 2651 1285 2704 ἀεὶ
1317 2652 1346 2704 6
1405 2649 1592 2721 Πατὴρ
1627 2651 1816 2722 Πατήρ

248 2737 384 2800 ἐστι,
412 2737 558 2790 καὶὸ
591 2735 702 2809 (64)
755 2736 881 2802 Υἱὸς
934 2739 1020 2792 ἀεὶ
1061 2739 1206 2804 Υἱὸς,
1251 2739 1347 2794 καὶ
1402 2740 1461 2792 τὸ
1506 2739 1728 2812 Πνεῦμα
1755 2740 1818 2793 τὸ

248 2828 400 2897 ἇγιον
423 2829 510 2882 ἀεὶ
541 2827 761 2900 Πνεῦμα
787 2828 939 2898 ἇγιόν
979 2832 1094 2884 ἐστι
1139 2831 1234 2885 καὶ
1257 2833 1491 2900 λέγεται.
1534 2833 1654 2886 Ἐπὶ
1717 2832 1816 2904 μὲν

244 2918 354 2990 γὰρ
389 2918 498 2972 τῶν
524 2919 896 2990 ἀνθρωπίνων,
913 2921 1012 2976 οὐκ
1040 2921 1185 2976 ἔστιν
1207 2922 1396 2988 οὕτως,
1414 2921 1514 2976 κᾶν
1535 2924 1584 2976 οί
1610 2925 1818 2994 Ἀρεια-

245 3011 327 3063 vol
345 3011 569 3064 τοιαῦτα
600 3012 970 3084 φαντάζωνται
1025 3014 1156 3086 (65).
1201 3015 1287 3079 Ὡς
1324 3016 1433 3088 γὰρ
1485 3016 1814 3088 γέγραπται,

1909 562 2185 618 nunquam
2231 547 2561 602 cohibebant
2602 546 2841 614 linguam
2887 559 3039 599 suam
3083 547 3150 598 ab
3183 543 3482 612 impietate.

1909 637 2042 705 Quis
2084 640 2227 693 enim
2280 638 2394 692 haec
2438 636 2573 707 ipsis
2602 635 2860 690 tradidit?
2885 633 3021 700 Quis
3050 633 3280 689 docuit?
3314 631 3487 688 Nemo

1909 746 2039 786 sane
2067 745 2133 786 ex
2155 730 2351 786 divinis
2378 727 2692 798 Scripturis.
2719 725 2824 781 Sed
2845 741 2912 779 ex
2937 725 3270 780 abundantia
3300 723 3486 779 cordis

1908 836 2095 877 eorum
2131 819 2443 890 huiusmodi
2468 818 2696 874 stultitia
2722 817 2940 886 prodiit.

1979 914 2032 968 6.
2067 912 2122 967 Si
2149 912 2587 983 onim,quoniam
2617 919 2864 966 creatura
2897 925 3004 963 non
3030 917 3112 964 est
3136 907 3308 962 Filius
3331 908 3486 980 (illud

1909 1004 2051 1057 enim
2070 1010 2554 1058 commonstratum
2575 1004 2699 1071 est),
2715 1000 3081 1070 interrogatis,
3096 999 3304 1069 Ergone
3318 999 3489 1055 Filius

1909 1104 1990 1149 est
2033 1092 2304 1166 Spiritus?
2352 1093 2540 1148 Restat
2584 1107 2681 1147 vos
2721 1093 2813 1161 qui
2841 1092 3109 1147 didicistis
3147 1091 3345 1146 Filium
3377 1108 3489 1147 non

1909 1199 2028 1239 esse
2057 1194 2361 1240 creaturam
2395 1189 2512 1254 (per
2535 1199 2658 1237 eum
2691 1198 2928 1251 namque
2967 1192 3230 1236 creatura:
3252 1182 3490 1237 condita:

1911 1280 2058 1343 sunt)
2102 1273 2454 1343 interrogare,
2499 1271 2656 1326 Pater
2685 1287 2813 1343 ergo
2849 1281 2932 1326 cst
2973 1270 3182 1326 Filius?
3224 1277 3332 1327 Aut
3360 1271 3483 1327 sic:

1914 1364 2148 1435 Spiritus
2186 1379 2316 1434 ergo
2355 1373 2440 1420 est
2467 1363 2661 1429 Filius,
2705 1373 2760 1419 et
2797 1362 2970 1420 Filius
3005 1364 3120 1434 ipse
3142 1375 3228 1420 est
3251 1363 3490 1436 Spiritus

1914 1455 2173 1509 sanctus?
2199 1452 2334 1508 Cum
2357 1463 2536 1510 autem
2563 1455 2688 1508 talia
2720 1455 2952 1524 cogitent
2983 1464 3036 1508 et
3061 1463 3212 1509 extra
3243 1465 3487 1511 sanctam

1915 1547 2234 1602 Trinitatem
2277 1554 2468 1612 erunt,
2501 1557 2554 1600 et
2576 1547 2721 1601 athei
2767 1547 3179 1616 judicabuntur,
3213 1548 3354 1617 quod
3385 1546 3489 1600 im-

1916 1649 2126 1695 mutent
2146 1657 2343 1694 nomen
2363 1639 2540 1695 Patris
2556 1650 2602 1693 et
2623 1639 2743 1694 Filii
2767 1651 2820 1692 et
2840 1639 3074 1709 Spiritus
3095 1640 3292 1704 sancti,
3316 1647 3490 1693 trans-

1916 1729 2198 1800 {erantque
2225 1730 2353 1784 illud
2372 1745 2472 1784 suo
2501 1731 2763 1784 arbitratu
2789 1730 2841 1782 in
2873 1729 3284 1783 similitudinem
3319 1743 3488 1798 gene-

1914 1821 2138 1877 rationis
2167 1822 2417 1875 humana:
2446 1839 2460 1875 :
2486 1820 2628 1891 quod
2659 1830 2879 1890 nepotes
2908 1834 3146 1889 avosque
3169 1819 3478 1883 nominent,

1913 1928 1978 1967 ac
2021 1912 2244 1966 deorum
2277 1912 2706 1980 generationem,
2739 1909 3199 1978 quemadmodum
3231 1909 3481 1978 gentiles.

1912 2003 2190 2072 effingant.
2214 2000 2332 2056 Non
2370 2011 2453 2058 est
2479 2015 2658 2057 autem
2691 2004 2802 2057 hazc
2834 2001 3088 2056 Ecclesia:
3128 2001 3281 2063 ﬁdes,
3307 2001 3401 2056 sed
3426 2009 3489 2056 ut

1913 2098 1990 2151 ait
2019 2094 2286 2157 Salvator,
2316 2093 2368 2147 in
2414 2094 2628 2149 Patrem
2651 2103 2705 2150 et
2743 2095 2940 2148 Filium
2970 2105 3024 2148 et
3055 2093 3315 2164 Spiritum
3357 2110 3489 2149 san-
3581 2129 3596 2147 .

1915 2198 2059 2243 ctum
2088 2207 2100 2242 :
2133 2187 2347 2242 Patrem
2377 2187 2583 2242 scilicet
2618 2188 2712 2256 qui
2747 2203 2853 2242 non
2901 2187 3073 2256 possit
3113 2203 3246 2241 avus
3283 2186 3488 2252 vocari,

1914 2277 2112 2333 Filium
2153 2279 2246 2347 qui
2287 2291 2396 2330 non
2432 2276 2606 2344 possit
2631 2276 2736 2330 diei
2763 2275 2942 2340 Pater,
2975 2285 3028 2330 et
3058 2274 3318 2344 Spiritum
3349 2290 3492 2328 san-—

1915 2380 2060 2425 ctum
2090 2385 2196 2422 non
2220 2369 2326 2423 alio
2349 2382 2511 2438 quam
2537 2367 2640 2420 hoc
2662 2367 2882 2421 nomine
2903 2367 3248 2436 appellatum.
3282 2363 3356 2419 De
3387 2366 3492 2420 hac

1915 2459 2019 2512 ﬁde
2061 2457 2222 2528 560
2263 2473 2369 2512 non
2399 2458 2524 2512 licet
2565 2455 2713 2510 varie
2749 2455 2932 2524 loqui:
2957 2456 3050 2510 sed
3082 2471 3296 2524 semper
3328 2454 3494 2510 Pater

1915 2546 2074 2602 Pater
2104 2557 2205 2614 est,
2238 2555 2293 2600 et
2325 2545 2496 2600 Filius
2522 2561 2735 2616 semper
2767 2545 2942 2599 Filius
2962 2586 2976 2609 ,
3004 2558 3058 2599 et
3097 2543 3333 2614 Spiritus
3360 2561 3489 2600 san-

1916 2650 2038 2694 ctus
2065 2653 2276 2708 semper
2321 2645 2404 2692 est
2428 2637 2736 2707 diciturque
2763 2635 3000 2707 Spiritus
3031 2645 3280 2692 sanctus.
3312 2635 3369 2690 ln
3401 2653 3491 2692 re-

1916 2733 2018 2786 bus
2059 2732 2202 2786 enim
2254 2730 2506 2784 humanis
2558 2744 2664 2783 non
2705 2729 2779 2783 ita
2825 2744 2882 2782 se
2915 2743 3000 2782 res
3031 2728 3209 2794 habet,
3239 2730 3489 2796 quamvis

1915 2823 2102 2877 Ariani
2143 2822 2268 2877 talia
2304 2822 2808 2876 comminiscentur.
2858 2817 2994 2872 Nam
3032 2819 3490 2885 quemadmodum

1918 2915 2175 2982 scriptum
2205 2921 2308 2979 est,
2327 2930 2346 2964 ι
2371 2911 2486 2966 Νοη
2514 2921 2573 2966 ut
2591 2912 2774 2975 homo,
2793 2909 2992 2964 Deus“
3009 2949 3024 2974 ,
3045 2927 3064 2960 ι
3087 2910 3158 2963 ita
3173 2910 3492 2965 dixeritali-

1918 3009 2062 3077 quis,
2094 3022 2199 3061 non
2252 3016 2310 3061 ut
2349 3006 2491 3061 Deus
2538 3005 2806 3062 homines.
2847 3005 3003 3075 Apud
3040 3006 3290 3061 homines
3343 3005 3492 3060 enim

250 3119 271 3152 ε
295 3100 407 3171 Οὐχ
428 3101 504 3164 ὡς
532 3100 813 3171 ἅνθρωπος
843 3103 872 3155 6
899 3102 1054 3167 Θεός,
1077 3122 1095 3154 ι
1123 3101 1295 3167 οὕτως
1326 3103 1391 3156 ἄν
1416 3120 1499 3166 τις
1527 3103 1690 3169 εἴποι,
1719 3105 1813 3174 οὐχ

1920 3109 2072 3170 pater
2106 3114 2214 3153 non
2243 3114 2458 3169 semper
2489 3108 2642 3169 pater
2671 3105 2772 3162 est,
2798 3113 2974 3167 neque
3012 3097 3154 3151 ﬁlius
3182 3112 3396 3166 semper
3430 3097 3495 3149 ﬁ-

241 3191 322 3255 ὼς
349 3191 480 3255 Θεὸς
517 3193 877 3264 οίᾶνθρωποι.
913 3193 1034 3246 Ἐπὶ
1071 3193 1179 3264 γὰρ
1220 3194 1328 3247 τῶν
1365 3193 1684 3264 ἀνθρώπων,
1717 3196 1818 3248 οὐκ

241 3284 390 3340 ’ἐστιν
412 3288 441 3338 6
467 3287 650 3356 πατὴρ
671 3287 758 3338 ἀεὶ
798 3286 1000 3358 πατὴρ,
1027 3287 1148 3340 οὐδὲ
1168 3289 1196 3340 6
1217 3287 1328 3350 υίὸς
1357 3287 1444 3340 ἀεὶ
1467 3286 1597 3350 υἱός.
1629 3288 1687 3341 '0
1711 3287 1819 3358 γὰρ

247 3377 406 3440 αὐτὸς
435 3377 615 3448 πατὴρ
640 3377 738 3448 μὲν
767 3376 880 3431 υἱοῦ
901 3378 1128 3446 γίνεται,
1177 3379 1333 3442 αὐτὸς
1357 3378 1414 3431 δὲ
1439 3379 1622 3450 ἑτέρου
1658 3377 1818 3448 γέγο-

249 3483 333 3519 νεν
355 3467 490 3530 υίὸς,
520 3468 612 3520 καὶ
636 3469 665 3519 6
693 3467 805 3531 υίὸς
831 3468 1035 3539 πατρὸς
1055 3467 1128 3522 ὢν
1156 3469 1287 3532 υίὸς,
1307 3469 1463 3523 ἄλλου
1490 3469 1818 3541 ((δ6)γίνεται

248 3559 448 3628 πατήρ.
493 3557 742 3629 Ἀϐραὰμ
775 3557 904 3626 γοῦν
936 3559 1048 3623 υίὸς
1079 3558 1152 3613 ὢν
1179 3559 1272 3612 τοῦ
1313 3559 1514 3630 Ναχὼρ
1549 3559 1682 3630 (67),
1716 3576 1820 3612 πα-

247 3648 346 3718 τὴρ
372 3649 564 3717 γέγονε
616 3649 708 3704 τοῦ
753 3651 955 3704 Ἰσαάκ’
1006 3653 1101 3704 καὶ
1142 3652 1326 3706 Ἰσαὰκ
1382 3652 1439 3704 δὲ
1489 3652 1601 3716 υίὸς
1629 3651 1703 3706 ὣν
1723 3651 1815 3705 τοῦ

259 3739 530 3810 Ἀϐραὰμ,
561 3741 740 3812 πατὴρ
772 3741 958 3810 γέγονε
984 3741 1076 3795 τοῦ
1137 3741 1348 3796 Ἰακώϐ.
1400 3743 1666 3806 Ἕκαστος
1688 3742 1815 3815 γὰρ,

251 3829 413 3900 μέρος
443 3828 518 3882 ὢν
546 3829 639 3884 τοῦ
687 3831 906 3899 γονέως,
937 3833 1191 3902 γεννᾶται
1223 3832 1321 3902 μὲν
1353 3833 1495 3897 υίὸς,
1526 3833 1732 3900 γίνεται
1762 3832 1819 3885 δὲ

248 3922 338 3974 καί
358 3921 517 3984 αὐτὸς
546 3923 732 3994 ἑτέρου
760 3924 957 3996 πατήρ.
1031 3924 1152 3976 Ἐπὶ
1188 3924 1244 3977 δὲ
1300 3923 1400 3994 τῆς
1446 3921 1698 3992 θεότητος
1721 3924 1818 3993 οὐχ

247 4011 440 4077 οὕτως,
471 4015 594 4066 ἐπεὶ
626 4014 700 4085 μὴ
732 4014 807 4077 ὼς
838 4015 1120 4087 ἄνθρωπος
1153 4018 1181 4069 6
1209 4015 1358 4080 Θεός.
1393 4017 1448 4069 '0
1474 4015 1602 4084 γοῦν
1631 4015 1819 4086 Πατὴρ

248 4103 346 4155 οὐκ
375 4106 440 4156 ὲκ
475 4105 688 4176 Πατρός
715 4109 850 4160 ἐστι·
879 4107 957 4159 διὸ
992 4109 1112 4161 οὐδὲ
1140 4111 1302 4179 γεννᾷ
1329 4109 1418 4161 τὸν
1459 4108 1818 4180 γενησόμενον

247 4191 434 4262 ἑτέρου
463 4194 700 4266 Πατέρα·
732 4196 850 4248 οὐδὲ
883 4199 910 4249 6
942 4195 1067 4259 Υἱὸς
1105 4197 1268 4266 μέρος
1291 4197 1406 4248 ἐστὶ
1431 4194 1526 4248 τοῦ
1580 4195 1814 4267 Πατρὺς,

246 4283 328 4337 διὸ
354 4284 476 4337 οὐδὲ
507 4285 752 4357 γέννημά
776 4289 922 4341 ἐστιν
942 4290 1020 4351 είς
1045 4288 1105 4340 τὸ
1133 4290 1323 4358 γεννᾷν
1352 4288 1498 4341 Υίόν.
1535 4288 1694 4341 Ὅθεν
1725 4287 1819 4341 ἐπὶ

246 4375 343 4446 τῆς
371 4377 623 4449 θεότητος
648 4379 812 4450 μόνης
840 4380 868 4431 ὁ
911 4379 1097 4453 Πατὴρ
1143 4382 1345 4452 κυρίως
1392 4380 1500 4452 (68)
1534 4381 1629 4434 καὶ
1661 4380 1818 4451 μόνος

1925 3191 2047 3245 lius.
2081 3188 2214 3244 Nam
2244 3189 2359 3258 ipse
2396 3189 2613 3258 quidem
2635 3187 2730 3242 ﬁlii
2759 3198 2910 3257 pater
2943 3186 3193 3254 eﬁicitur,
3223 3187 3318 3242 sed
3358 3186 3494 3240 alte-

1922 3280 2035 3335 rius
2068 3280 2181 3350 ipse
2204 3280 2347 3334 ﬁlius
2372 3278 2597 3335 exstitit.
2643 3276 2706 3332 Et
2738 3277 2878 3332 ﬁlius
2902 3293 3024 3332 cum
3051 3276 3122 3332 sit
3151 3278 3321 3347 patris
3347 3276 3496 3334 ﬁlius

1921 3371 2142 3426 alterius
2190 3381 2339 3441 pater
2381 3370 2630 3424 eﬁicitur.
2667 3369 2941 3423 Abraham
2985 3369 3149 3440 igitur
3195 3369 3336 3424 lilius
3366 3385 3492 3424 cum

1919 3474 2062 3520 esset
2105 3461 2384 3527 Nachoris,
2434 3471 2585 3532 pater
2632 3459 2810 3516 factus
2859 3469 2943 3516 est
2995 3463 3200 3529 Isaac;
3248 3472 3301 3520 et
3343 3463 3494 3518 Isaac

1921 3572 2044 3613 cum
2079 3564 2224 3612 esset
2261 3555 2405 3609 ﬁlius
2445 3554 2696 3615 Abrahm,
2735 3562 2887 3623 pater
2925 3552 3029 3606 fuit
3068 3552 3253 3608 Jacob.
3310 3553 3494 3609 linus-

1921 3645 2150 3716 quisque
2179 3646 2322 3700 enim
2362 3659 2486 3699 cum
2531 3644 2603 3698 sit
2635 3659 2761 3714 pars
2794 3645 3052 3712 parentis,
3094 3645 3338 3700 nascitur
3370 3646 3493 3715 qui-

1920 3739 2040 3794 dem
2075 3739 2237 3804 ﬁlius,
2267 3737 2500 3793 efﬁcitur
2524 3746 2702 3791 autem
2731 3747 2784 3792 et
2814 3738 2928 3806 ipse
2958 3736 3182 3791 alterius
3211 3747 3381 3805 pater.
3430 3734 3491 3791 In

1919 3832 2201 3887 divinitate
2242 3845 2369 3885 vero
2411 3847 2516 3886 non
2563 3832 2664 3895 sic,
2707 3830 2964 3900 quoniam
3011 3843 3119 3883 non
3159 3830 3298 3883 sicut
3329 3830 3494 3884 homo

1922 3924 2083 3979 Deus.
2117 3921 2280 3976 Pater
2306 3923 2487 3992 itaque
2519 3937 2626 3975 non
2655 3937 2722 3977 ex
2770 3922 2931 3976 Patre
2974 3929 3057 3975 est
3083 3939 3095 3973 :
3125 3921 3352 3991 ideoque
3383 3935 3494 3976 non

1920 4017 2090 4087 gignit
2120 4030 2245 4070 eum
2295 4015 2386 4084 qui
2434 4014 2649 4069 futurus
2683 4016 2753 4068 sit
2795 4015 3019 4069 alterius
3052 4013 3214 4069 Pater
3250 4032 3265 4081 ;
3316 4031 3494 4084 neque

1919 4107 2091 4162 Filius
2118 4122 2243 4177 pars
2281 4115 2364 4161 est
2395 4104 2597 4168 Patris,
2631 4116 2962 4176 quaprOpler
2993 4121 3098 4159 non
3138 4115 3217 4161 est
3247 4104 3391 4162 fetus
3425 4105 3495 4161 ad

1919 4202 2285 4272 generandum
2321 4201 2512 4256 ﬁlium.
2540 4198 2693 4256 Unde
2718 4201 2772 4254 in
2803 4201 3001 4256 deitate
3024 4203 3160 4266 sola,
3189 4201 3348 4256 Pater
3368 4217 3496 4272 pro-

1920 4292 2054 4362 prie,
2091 4293 2346 4361 solusque
2384 4291 2544 4346 Pater
2573 4307 2695 4346 cum
2727 4293 2831 4358 sit,
2860 4301 2942 4346 est
2980 4302 3033 4346 et
3064 4293 3165 4346 fuit
3197 4301 3251 4347 et
3277 4303 3506 4363 semper

1919 4386 2041 4440 erit.
2093 4384 2159 4439 Et
2207 4383 2377 4439 Filius
2429 4384 2648 4454 proprie
2693 4394 2747 4439 et
2783 4384 2930 4439 solus
2963 4383 3134 4438 Filius
3165 4393 3266 4439 est.
3299 4384 3354 4438 ln
3398 4386 3488 4439 his

249 4469 434 4541 Πατὴρ
461 4469 556 4532 ὢν,
592 4472 705 4526 ἔστι
740 4474 831 4526 καὶ
871 4469 938 4544 ἦν
964 4475 1056 4527 καὶ
1087 4474 1172 4527 ἀεί
1216 4475 1351 4528 ἐστι.
1383 4475 1493 4528 Καὶ
1516 4475 1544 4526 6
1567 4474 1692 4536 Υἱὸς
1720 4490 1813 4526 κυ·

1920 4477 2062 4532 enim
2086 4485 2302 4532 constat
2331 4475 2483 4538 illud,
2503 4474 2718 4530 Patrem
2749 4490 2962 4545 semper
2983 4474 3196 4530 Patrem
3217 4484 3272 4531 et
3293 4472 3490 4529 Filium

251 4561 398 4628 ρίως,
433 4563 528 4616 καὶ
564 4563 722 4632 μόνος
749 4564 874 4628 Υἱός
901 4566 1036 4622 ἐστι.
1079 4566 1186 4619 Καὶ
1223 4565 1315 4617 ἐπὶ
1361 4565 1566 4619 τούτων
1615 4565 1813 4634 ἔστηκε

1920 4580 2131 4636 semper
2158 4563 2354 4618 Filium
2385 4579 2505 4619 esse
2525 4579 2589 4617 ac
2617 4565 2756 4631 dici;
2783 4563 3046 4634 Spiritum
3070 4574 3320 4620 sanctum
3346 4581 3492 4620 sem-

245 4651 324 4715 τὸ,
347 4654 376 4704 6
398 4653 590 4724 Πατὴρ
619 4654 705 4707 ἀεὶ
733 4655 939 4725 Πατὴρ,
971 4657 1064 4710 καὶ
1087 4658 1166 4722 τὸ,
1202 4657 1328 4722 Υἱὸς
1366 4657 1451 4711 ἀεὶ
1502 4658 1650 4722 Υίὸς,
1679 4652 1813 4710 εἷναί

1920 4673 2014 4729 per
2035 4656 2294 4727 Spiritum
2329 4665 2576 4711 sanctum
2621 4671 2776 4722 esse;
2815 4667 2868 4710 et
2910 4658 3058 4712 hunc
3095 4655 3185 4711 Dei
3209 4672 3349 4722 esse,
3382 4665 3436 4710 et
3459 4672 3491 4710 a

247 4755 302 4791 τε
336 4741 430 4793 καὶ
465 4740 734 4810 λέγεσθαι·
791 4746 886 4798 καὶ
929 4747 992 4798 τὸ
1041 4745 1263 4818 Πνεῦμα
1320 4748 1376 4801 δὲ
1430 4749 1490 4801 τὸ
1545 4750 1696 4819 ἆγιον
1729 4748 1813 4801 ἀεὶ

1923 4751 2083 4806 Patre
2126 4766 2221 4821 per
2265 4749 2460 4805 Filium
2517 4748 2632 4804 dari
2663 4749 2957 4804 credimus.
3010 4747 3101 4804 Sic
3129 4750 3272 4804 enim
3305 4757 3492 4804 sancta

247 4827 471 4898 Πνεῦμα
494 4829 646 4898 ἆγιόν
674 4832 809 4885 ἐστι·
862 4835 956 4888 καὶ
1006 4834 1162 4889 τοῦτο
1198 4835 1292 4889 τοῦ
1352 4837 1485 4891 Θεοῦ
1514 4835 1673 4905 εἶναι,
1724 4839 1813 4893 καὶ

1925 4842 2161 4898 Trinitas
2203 4840 2536 4896 invariabilis
2568 4850 2869 4910 permanet,
2907 4842 2961 4896 in
3007 4857 3112 4895 una
3155 4840 3352 4895 deitate
3394 4854 3489 4893 co-

248 4919 396 4992 παρὰ
420 4919 512 4974 τοῦ
537 4921 748 4994 Πατρὸς
793 4923 861 4976 δι’
891 4924 1018 4978 Υἱοῦ
1065 4926 1296 4981 δίδοσθαι
1353 4930 1813 5002 πεπιστεύκαμεν.

1926 4935 2096 5006 gnita.
2129 4933 2315 5003 Itaque
2343 4933 2436 5004 qui
2465 4933 2792 5004 interrogat:
2814 4931 3025 5002 Ergone
3060 4930 3232 4986 Filius
3254 4939 3339 4985 est
3367 4927 3490 5000 Spi-

320 5081 365 5112 ³⁸
391 5081 554 5138 Num.
589 5087 857 5152 xxm,19.

251 5239 428 5362 σίόοῗο)
460 5240 661 5308 ﬁdem,
688 5245 816 5314 περὶ
858 5245 1154 5316 Εὐνομί⁰υ’
1196 5247 1472 5343 Εὺξοςιου,
1508 5249 1602 5300 καὶ
1644 5247 1814 5301 Εὐσε-

287 5327 381 5364 ιον.
1271 5334 1284 5343 ·

318 5381 428 5451 (61)
459 5380 848 5457 sagaci-ianus,
879 5383 966 5437 διὰ
1004 5383 1179 5457 τοῦτο.
1220 5384 1341 5439 Mox
1379 5386 1520 5440 idem
1564 5396 1618 5442 et
1655 5386 1811 5457 Begu,

250 5450 555 5524 sijovnfd'.
580 5450 751 5524 (Editi,
775 5453 842 5524 τὰ
860 5453 1123 5524 ίγεννητὰ.

317 5521 426 5589 (6‘2)
454 5519 675 5576 Cobler.
701 5533 756 5577 et
782 5519 924 5578 Felc.
964 5519 1031 5586 1(
1050 5523 1306 5589 κριθοῖεν.

318 5591 422 5661 (65)
458 5591 1034 5666 Regiumﬁeguerian.
1082 5591 1389 5647 Goblerian.
1435 5603 1487 5648 et
1527 5594 1709 5650 Feick.
1760 5598 1808 5666 l,

253 5657 457 5727 ἔγγονα.
496 5657 663 5726 Εῖίὶῑί,
697 5657 914 5728 ἔκγονα.

317 5731 423 5802 (64)
463 5733 521 5784 Ὁ
551 5733 709 5785 abest
734 5746 765 5795 a
789 5730 1095 5786 Goblerian.
1121 5739 1172 5786 et
1197 5730 1338 5784 Fclc.
1373 5734 1417 5802 gl.

1953 5249 2103 5383 άὲϐὅ)
2129 5251 2221 5306 Sic
2247 5249 2469 5323 Regius,
2506 5252 2726 5323 Seguer.
2757 5257 2812 5306 et
2854 5248 3134 5303 Basiliens.
3164 5246 3326 5312 Editi,
3354 5263 3492 5318 φανο

2021 5338 2192 5375 ονται.

1919 5337 2192 5375 ταςονται.

1991 5390 2100 5462 (66)
2135 5391 2225 5447 Sic
2254 5392 2452 5462 Regius
2487 5400 2541 5446 et
2571 5389 2888 5462 Segnerian.
2917 5386 3375 5462 Εάἰιί-νετοίηᾲλλ*
3398 5387 3489 5462 g6,

1920 5453 2093 5529 male:
2113 5462 2232 5516 Mox
2262 5453 2462 5529 Regius
2491 5469 2544 5513 et
2575 5453 2959 5529 Seguerianus,
2988 5455 3138 5529 γοῦν.
3179 5459 3338 5524 Ειιίιί,
3373 5453 3486 5512 οῦν.

1920 5528 2088 5600 Paulo
2115 5541 2235 5600 post
2254 5531 2312 5584 δέ
2340 5527 2461 5599 post
2494 5527 2678 5582 Ἰσαάκ
2710 5528 2860 5580 deest
2882 5527 2936 5580 in
2963 5527 3145 5592 editis,
3174 5531 3267 5584 sed
3297 5529 3492 5598 legitur

1923 5600 1974 5652 in
2005 5598 2133 5668 Regi
2159 5612 2212 5654 et
2242 5598 2465 5666 Seg’uer.

1991 5664 2107 5737 (67)
2137 5664 2406 5737 Memoria:
2433 5669 2582 5735 lapsu
2609 5665 2826 5737 ponitur
2860 5681 2958 5735 pro
2982 5664 3167 5737 There
3201 5665 3443 5721 Nachor.

1990 5733 2102 5807 (68)
2129 5736 2348 5806 κυρίως
2377 5733 2526 5791 deest
2561 5733 2622 5789 in
2647 5733 2946 5789 Goblcrfet
2981 5734 3222 5792 Felckm.
3256 5740 3305 5792 l.

1858 5888 1890 5900 ρ
1902 5893 1904 5895 ,
