3914 6222
421 345 522 400 647

1030 340 1089 395 S.
1138 338 1506 393 ATHANASII
1541 335 1691 391 OPP.
1743 333 1926 389 PARS
1952 332 1992 386 1.

2145 327 2510 385 ΗΙΞΤΟΒὲΟΑ
2539 327 2625 382 ΕΤ
2680 325 3102 384 DOGMATICA.

3546 327 3657 382 ειια

423 459 592 516 ritus?
617 457 689 512 ita
735 457 824 511 ille
865 455 1299 510 comminiscitur
1338 453 1497 525 quasi
1544 466 1742 506 nomen
1781 445 1980 503 mutari

2104 445 2239 501 ᾔτω
2274 443 2438 516 γὰρὴ
2469 441 2597 510 ἁγία
2640 440 2810 511 Τριὰς
2856 439 3210 504 ἀναλλοίωτος
3269 441 3534 514 διαμένει,
3597 448 3656 498 tv

419 551 614 622 possit,
645 559 808 618 atque
830 562 925 602 sua
953 554 1146 617 sponte
1188 546 1409 600 insanit.
1443 541 1508 596 Et
1534 542 1628 612 qui
1657 541 1984 604 interrogat:

420 642 632 714 Ergone
659 655 792 706 avus
812 647 894 694 est
921 637 1115 693 Pater?
1153 653 1349 692 nomen
1379 635 1522 691 Patri
1545 633 1878 702 exeogitans,
1901 645 1987 684 er-

421 745 506 792 rat
536 734 722 791 corde.
742 732 1009 788 Caeterum
1035 732 1264 802 posthac
1303 731 1369 785 ad
1402 729 1779 784 haereticorum
1814 725 1991 796 impu-

421 829 659 886 dentiam
691 824 1018 896 respondere
1039 839 1144 878 non
1178 831 1262 878 est
1287 830 1460 877 tutum
1484 839 1498 874 :
1528 819 1581 874 id
1610 817 1754 873 enim
1782 829 1865 872 est
1889 833 1992 886 pu-

422 935 589 994 gnare
631 919 892 972 adversus
937 915 1288 984 apostolicam
1333 909 1756 966 admonilionem
1784 907 1826 938 ⁸”
1853 924 1869 974 ;
1900 906 1993 961 sed

421 1013 627 1081 potius,
655 1021 716 1064 ut
753 1007 996 1077 pratcipit
1017 1007 1154 1076 ipse,
1174 1003 1458 1058 consulere
1487 1017 1586 1071 par
1613 1009 1716 1056 cst.

2095 539 2194 608 μιᾷ
2229 535 2438 605 θεότητι
2483 531 2875 602 γινωσκομένη.
2929 529 3135 584 Οὐκοῦν
3185 532 3215 583 6
3251 531 3491 603 ἐρωτῶν,
3530 533 3661 596 Υίὸς

2092 625 2184 682 οὖν
2212 629 2324 680 ἐστι
2344 623 2690 695 τὺῚΙνεῦμα;
2719 624 2792 685 ὡς
2816 622 3112 692 δυναμένου
3151 621 3245 676 τοῦ
3276 624 3534 695 ὀνόματος
3564 625 3662 679 ἀλ-

2094 716 2403 780 λάσσεσθαι,
2431 712 2776 784 φαντάζεται,
2805 711 2900 764 κα)⁸
2933 710 3127 781 μανίαν
3162 710 3339 782 ἑαυτῷ
3360 713 3663 784 περιποιεῖ-

2094 829 2203 866 ται.
2240 810 2349 864 Καὶ
2379 811 2407 863 ὁ
2435 806 2650 879 ἐρωτῶν
2677 806 2754 868 δὲ,
2793 805 3014 866 πάππος
3037 799 3130 857 οῦν
3181 804 3330 857 ἐστιν
3366 806 3395 858 6
3441 803 3658 874 Πατὴρ,

2097 902 2323 956 ὲπινοιῖιν
2347 899 2518 970 ὄνομα
2540 896 2618 969 τῷ
2639 898 2831 968 Πατρὶ,
2863 897 3128 949 πλανᾶται
3153 898 3216 966 τῇ
3245 895 3460 967 καρδίᾳ.
3499 897 3664 949 Ἀπο-

2099 993 2384 1065 κρίνασθαι
2419 991 2517 1063 μὲν
2536 987 2630 1045 οὖν
2660 989 2739 1043 ἔτι
2771 989 2906 1060 πρὸς
2929 988 3026 1060 τὴν
3073 988 3343 1042 ἀναίδειαν
3373 989 3482 1043 τῶν
3506 991 3662 1062 αἱρε-

420 1079 587 1155 τικῶν
620 1099 720 1152 ούκ
748 1096 1006 1168 ἀσφαλέςο
1043 1094 1306 1167 μάχεσθαι
1351 1093 1459 1164 γάρ
1489 1094 1603 1145 ἐστι
1632 1091 1740 1163 (69)
1762 1093 1828 1161 τῇ
1857 1086 2180 1158 ἀποστολικῇ
2204 1083 2536 1157 παραινέσειο
2580 1081 2960 1154 συμϐουλεύειν
2999 1080 3058 1134 δὲ
3084 1079 3303 1150 μᾶλλον,
3336 1079 3412 1144 ὡς
3445 1081 3664 1151 παρήγ-

421 1195 600 1264 γειλεν
628 1192 809 1256 αὐτὸς,
835 1190 1016 1244 καλόν.

495 1285 546 1338 7.
584 1283 708 1338 Haec
734 1285 844 1339 sint
866 1282 932 1336 ad
955 1289 1187 1336 vestram
1207 1276 1592 1334 confutandam
1622 1276 1998 1345 stultiloquen-

424 1376 553 1430 tiam
592 1375 744 1428 satis.
776 1369 853 1427 Ne
889 1371 1123 1441 amplius
1173 1369 1414 1424 illudatis
1459 1368 1665 1423 deitati.
1718 1365 1995 1422 llludenti-

421 1469 523 1524 bus
546 1467 688 1520 enim
717 1480 836 1520 mos
859 1475 939 1519 est
967 1479 1029 1518 ea
1059 1461 1322 1517 sciscitari
1343 1477 1463 1530 quae
1483 1461 1682 1529 scripta
1705 1473 1813 1513 non
1841 1467 1988 1520 sunt,

422 1574 486 1613 ac
519 1560 699 1613 dicere
732 1571 746 1609 :
792 1555 1002 1626 Ergone
1040 1555 1184 1610 [ilius
1225 1562 1305 1609 est
1342 1553 1599 1623 Spiritus,
1645 1560 1698 1606 et
1739 1566 1872 1605 avus
1908 1558 1994 1605 est

420 1647 618 1702 Pater?
652 1647 729 1700 lta
770 1647 1000 1700 irrident
1031 1645 1268 1714 episcOpi
1327 1644 1587 1698 Caesarea
1654 1651 1710 1695 et
1769 1639 1996 1711 Scytho-

421 1741 580 1810 polis.
637 1737 848 1794 SulIicit
876 1753 975 1793 vos
1009 1738 1231 1792 credere
1275 1735 1536 1805 Spiritum
1565 1748 1670 1789 non
1698 1747 1818 1788 esse
1845 1747 1996 1787 crea-

421 1841 624 1897 turam,
654 1832 748 1887 sed
781 1830 1043 1900 Spiritum
1070 1844 1192 1884 esse
1223 1828 1338 1892 Dei,
1357 1837 1410 1882 et
1441 1827 1494 1881 in
1530 1827 1646 1897 ipso
1676 1824 1994 1880 Trinitatem

422 1921 638 1978 Patrem
672 1931 726 1977 et
757 1921 953 1976 Filium
995 1930 1048 1976 et
1081 1919 1344 1991 Spiritum
1387 1926 1656 1976 sanctum.
1685 1916 1869 1987 Neque
1889 1916 1998 1971 Pa-

421 2015 524 2069 tris
551 2015 772 2068 nomine
803 2012 975 2068 Filius
1002 2011 1283 2066 vocandus
1314 2018 1433 2066 cst:
1461 2025 1638 2080 neque
1663 2009 1791 2064 licet
1819 2007 1996 2062 dicere

424 2103 689 2173 Spiritum
717 2113 964 2159 sanctum
987 2119 1107 2158 esse
1127 2103 1304 2172 ipsum
1327 2100 1523 2156 Filium
1555 2118 1570 2166 ;
1599 2115 1773 2170 neque
1797 2098 1994 2152 Filium

423 2212 547 2251 esse
579 2196 755 2264 ipsum
798 2195 1061 2266 Spiritum
1107 2204 1377 2250 sanctum.
1413 2188 1517 2248 Sed
1542 2194 1614 2246 ita
1639 2208 1698 2246 se
1721 2207 1807 2246 res
1837 2193 1997 2246 habet

425 2287 886 2356 quemadmodum
919 2287 1121 2342 dictum
1151 2295 1255 2350 est,
1277 2294 1331 2340 et
1356 2300 1464 2340 una
1491 2295 1575 2340 est
1598 2285 1652 2339 in
1683 2284 1785 2338 hac
1817 2281 1998 2337 Trini-

425 2389 534 2432 tate
562 2378 822 2433 divinitas
856 2388 910 2434 et
952 2395 1059 2433 una
1097 2378 1253 2444 ﬁdes,
1288 2385 1343 2432 et
1379 2393 1550 2432 unum
1599 2377 1875 2447 baptisma
1914 2384 2000 2431 est

425 2471 569 2538 quod
600 2471 653 2524 in
690 2471 781 2525 illa
813 2472 994 2536 datur,
1028 2481 1080 2526 et
1125 2471 1356 2526 initiatio
1390 2487 1498 2525 una
1529 2471 1584 2525 in
1615 2470 1835 2524 Christo
1870 2467 1998 2523 Jesu

423 2561 656 2617 Domino
685 2574 870 2618 nostro
899 2579 996 2634 per
1022 2579 1178 2633 quem
1210 2573 1262 2618 et
1296 2578 1420 2617 cum
1450 2577 1559 2632 quo
1576 2559 1725 2615 Patri
1753 2559 1919 2631 gloria
1946 2568 2001 2614 et

425 2654 710 2724 imperium
738 2671 860 2710 cum
901 2667 1088 2711 sancto
1131 2655 1334 2726 Spiritu
1364 2655 1416 2708 in
1456 2653 1637 2709 omnia
1669 2653 1866 2708 saecula
1895 2665 1998 2706 sa:-

423 2747 692 2801 cnlorum.
719 2747 912 2800 Amen.

2168 1271 2222 1323 7.
2262 1269 2443 1340 Ἀρκεί
2501 1265 2672 1318 ταῦτα
2718 1264 2855 1338 πρὸς
2901 1263 3117 1334 ἔλεγχον
3161 1263 3259 1333 τῆς
3321 1265 3664 1335 μωρολογίας

2101 1361 2274 1434 ὑμῶν.
2298 1359 2508 1430 Μηκέτι
2536 1357 2756 1420 παίζετε
2807 1359 2887 1419 εἰς
2926 1353 3024 1425 τὴν
3075 1354 3324 1427 θεότητα.
3352 1355 3665 1420 Παιζόντων

2093 1454 2202 1524 γὰρ
2229 1453 2357 1506 ἴδιον
2409 1453 2614 1522 ἐρωτᾷν
2647 1449 2714 1502 τὰ
2763 1447 2837 1520 μὴ
2902 1447 3258 1520 γεγραμμένα
3314 1449 3410 1502 καὶ
3458 1448 3659 1517 λέγειν’

2096 1542 2302 1598 Οὐκοῦν
2337 1543 2456 1606 Υἱός
2483 1544 2598 1596 ὲστι
2637 1540 2699 1594 τὸ
2746 1538 2967 1611 Πνεῦμα
2999 1541 3092 1593 καὶ
3125 1541 3346 1605 πάππος
3371 1542 3399 1594 6
3431 1542 3660 1612 Πατήρ;

2023 1600 2066 1654 Β
2095 1635 2252 1690 Οὕτω
2287 1600 2514 1705 γελῶσιν
2562 1636 2590 1688 6
2621 1635 2678 1686 tv
2707 1600 3010 1704 Καισαρείᾳ
3039 1632 3135 1686 καὶ
3157 1633 3187 1686 6
3212 1632 3269 1685 tv
3289 1600 3353 1703 si)
3388 1600 3666 1686 Σκυθοπόλ

2095 1729 2174 1784 λει
2208 1728 2341 1800 (70).
2377 1728 2562 1799 Ἀρκεῖ
2592 1725 2866 1779 πιστεύειν
2891 1725 3054 1795 ὑμᾶς,
3075 1725 3156 1778 ὅτι
3189 1725 3289 1778 ούκ
3318 1724 3432 1780 ἐστι
3455 1724 3666 1796 κτίσμα

2095 1819 2154 1874 τὸ
2191 1818 2434 1890 Πνεῦμα,
2455 1817 2590 1872 ἀλλὰ
2610 1816 2833 1887 Πνεῦμα
2862 1814 2953 1869 τοῦ
2985 1814 3118 1870 Θεοῦ
3148 1818 3284 1881 ἐστι,
3314 1817 3406 1870 καὶ
3436 1818 3493 1870 tv
3514 1815 3669 1888 αύτῷ

2097 1911 2284 1984 Τριὰς,
2344 1909 2553 1982 Πατὴρ,
2592 1909 2685 1962 καὶ
2715 1909 2842 1972 Υἱὸς
2870 1905 3006 1979 (71),
3067 1909 3162 1962 καὶ
3206 1907 3427 1978 Πνεῦμα
3449 1907 3664 1976 οᾶγιον.

2097 2009 2207 2062 Καὶ
2248 2005 2369 2060 οὗτε
2397 2007 2459 2058 τὸ
2495 2003 2681 2076 Πατὴρ
2717 2003 2887 2074 ὄνομα
2925 2003 3018 2056 ἐπὶ
3054 2001 3183 2056 Υίοῦ
3217 2003 3501 2074 ὀνομάζειν
3532 2002 3666 2073 χρὴ,

2097 2097 2217 2152 οὔτε
2239 2099 2300 2152 τὸ
2330 2095 2552 2169 Πνεῦμα
2588 2095 2766 2166 λέγειν
2812 2095 3018 2162 ἔξεστιν
3050 2094 3181 2148 αὐτὸ
3230 2090 3366 2148 εἶναι
3394 2093 3485 2146 τὸν
3511 2094 3667 2155 Υἱὺν,

2097 2189 2218 2244 οὔτε
2243 2191 2332 2244 τὸν
2357 2190 2484 2243 Υίὸν
2525 2188 2655 2242 αὐτὸ
2699 2183 2838 2240 εἶναι
2886 2185 2947 2239 τὸ
2985 2184 3206 2256 Πνεῦμα
3251 2185 3312 2239 τὸ
3346 2186 3516 2255 ἆγιονι
3549 2185 3670 2239 ἀλλ’

2097 2282 2270 2346 οὕτως
2301 2283 2466 2345 ἐστὶν,
2503 2282 2577 2345 ὡς
2634 2283 2864 2352 εἴρηται,
2926 2279 3020 2333 καὶ
3072 2278 3169 2349 μία
3214 2279 3248 2350 ἡ
3287 2279 3342 2330 tv
3394 2275 3569 2350 ταύτῃ
3596 2279 3670 2349 τῇ

2098 2372 2288 2442 Τριάδι
2323 2370 2509 2442 θεότης
2540 2370 2675 2431 ἐστὶ,
2708 2370 2801 2423 καὶ
2836 2369 2935 2440 μία
2963 2368 3273 2432 πίστις,καὶ
3300 2367 3357 2420 ἓν
3386 2367 3675 2439 βάπτισμά

2099 2464 2265 2530 ἐστιν,
2301 2465 2358 2516 tv
2387 2463 2521 2534 αὐτῇ
2557 2463 2847 2535 διδόμενον,
2883 2461 2978 2515 καὶ
3017 2463 3052 2532 ἡ
3111 2460 3388 2524 τελείωσις
3445 2459 3562 2531 μία,
3609 2463 3672 2516 tv

2098 2556 2317 2628 Χριστῷ
2354 2555 2526 2627 Ἰησοῦ
2555 2556 2633 2628 τῷ
2658 2555 2845 2628 Κυρίῳ
2875 2553 3051 2627 ἡμῶν,
3106 2554 3172 2607 δι’
3199 2548 3261 2608 οῦ
3283 2555 3376 2607 καὶ
3414 2552 3522 2624 (72)
3549 2553 3672 2625 μεθ’

2097 2643 2158 2702 οὗ
2186 2647 2264 2719 τῷ
2295 2649 2471 2720 Πατρὶ
2503 2650 2535 2719 ὴ
2592 2647 2716 2712 δόξα
2749 2650 2841 2700 καὶ
2867 2647 2926 2701 τὸ
2955 2646 3154 2718 κράτος
3185 2647 3281 2700 σὺν
3323 2645 3460 2716 ἁγίῳ
3494 2645 3671 2699 Πνεύ⁹

2100 2757 2231 2811 ματι
2291 2743 2371 2804 είς
2426 2741 2551 2804 τοὺς
2610 2740 2928 2811 σύμπαντας
2997 2738 3199 2801 αίῶνας
3265 2737 3376 2790 τῶν
3433 2737 3669 2791 αίὼνων.

2109 2833 2299 2906 Ἀμήν.

496 2921 551 2976 8.
585 2922 656 2976 De
683 2936 794 2990 quo
820 2931 1000 2974 autem
1027 2919 1294 2990 scripsisti
1323 2919 1452 2974 mihi
1485 2919 1795 2990 evangelica
1823 2918 1991 2984 dicto,

2167 2928 2220 2982 8.
2255 2927 2391 2997 Περὶ
2409 2926 2467 2978 δὲ
2503 2922 2614 2996 (75)
2644 2916 2706 2978 οῦ
2734 2925 2960 2995 γράφων
2988 2923 3260 2996 ἐδήλωσας
3310 2923 3673 2992 εὐαγγελικοῦ

426 3013 638 3066 veniam
665 3012 820 3074 habe,
856 3011 1068 3075 dilecte,
1107 3012 1276 3080 probo
1303 3009 1527 3065 aﬂ'ectus
1566 3011 1770 3065 animo.
1796 3009 1998 3065 Vereor

426 3105 569 3160 enim
604 3104 656 3158 id
689 3104 774 3157 vel
797 3103 1065 3158 ullatenus
1086 3101 1340 3172 aggredi;
1368 3117 1457 3166 nc,
1491 3102 1537 3156 si
1565 3103 1619 3156 in
1636 3101 1838 3157 dictum
1865 3102 1994 3158 illud

427 3205 662 3250 mentem
689 3194 845 3265 quasi
884 3194 1215 3258 demersere,
1252 3194 1594 3264 scrutarique
1627 3209 1993 3264 coeperomon

424 3291 635 3346 valeam
664 3287 992 3360 profundum
1028 3288 1146 3358 ejus
1179 3289 1514 3344 intellectum
1541 3289 1851 3345 exhaurire.
1887 3287 1994 3343 Ta~

429 3397 552 3437 cere
574 3381 728 3453 561
755 3381 919 3452 igitur
940 3380 1006 3435 de
1036 3380 1129 3435 illo
1159 3381 1384 3436 omnino
1410 3390 1726 3445 statueram,
1750 3381 1836 3437 his
1857 3381 1999 3452 prio-

426 3475 578 3530 ribus
607 3483 892 3530 contentus
933 3474 1173 3545 scriptis.
1224 3474 1294 3529 At
1335 3474 1539 3530 veritus
1569 3489 1639 3529 ne
1665 3474 1858 3530 iterum
1890 3475 1993 3532 hac

426 3567 495 3622 de
525 3584 584 3622 re
619 3567 859 3622 scribere
893 3567 1210 3630 contendas,
1246 3566 1355 3621 vim
1394 3567 1528 3621 mihi
1558 3566 1675 3637 ipse
1703 3566 1899 3634 intuli,
1936 3575 1998 3621 ut

427 3661 512 3714 vel
546 3660 872 3714 mediocrem
919 3675 1082 3729 quam
1109 3660 1176 3714 de
1202 3659 1293 3714 illo
1318 3658 1480 3714 didici
1523 3659 1844 3715 sententiam
1874 3675 2000 3730 per-

428 3753 768 3818 scriberem;
811 3755 953 3822 quod
986 3769 1218 3823 sperem,
1275 3753 1321 3807 si
1371 3767 1595 3822 scopum
1644 3752 1996 3823 attingamus,

427 3845 671 3900 docentis
713 3845 908 3914 gratia,
938 3860 1053 3900 rem
1091 3845 1184 3900 tibi
1219 3845 1503 3916 probatam
1533 3843 1687 3911 fore;
1719 3845 1803 3900 sin
1839 3844 1998 3899 aber-

431 3951 636 4002 remus,
663 3951 771 3991 non
801 3938 1258 4009 reprehensurum
1285 3946 1359 4006 te,
1388 3937 1477 3992 cui
1506 3953 1629 3992 cum
1651 3936 1877 3993 affectus
1899 3950 1996 3991 no-

501 4110 544 4142 ⁸⁷
575 4107 686 4165 Tit.
720 4126 801 4177 ιιι,
827 4113 912 4167 10.

505 4268 618 4340 (69)
646 4269 807 4340 ,Ἐστι
833 4269 983 4340 deest
1022 4269 1076 4324 in
1111 4271 1329 4328 Gobler.
1353 4281 1409 4326 et
1441 4270 1587 4328 Felc.
1615 4272 1664 4325 l.
1690 4268 1832 4325 Infra
1872 4279 1994 4340 post

431 4339 612 4412 ᾁρκεῖ,
643 4339 886 4412 in_editis
921 4339 1029 4410 γάρ
1063 4340 1280 4410 legitur,
1317 4343 1409 4398 sed
1439 4357 1562 4396 cum
1605 4341 1743 4412 desit
1769 4341 1820 4395 in
1859 4339 1990 4411 Reg.

434 4408 504 4464 Se
543 4425 656 4464 uer.
692 4408 879 4474 Basil.,
911 4408 1139 4480 optimis
1163 4413 1369 4467 scilicet
1397 4427 1555 4472 mss.,
1599 4411 1860 4466 omissum
1890 4408 1992 4465 est.

503 4428 614 4547 {70)
646 4478 776 4544 Reg.
820 4489 874 4534 et
904 4480 1126 4547 Seguer.
1147 4522 1162 4546 ,
1205 4483 1333 4547 περὶ
1365 4481 1622 4536 Εὑσεὸίου
1669 4481 1764 4534 καὶ
1795 4483 1992 4547 Πατρο-

433 4550 611 4621 ωίλου,
646 4550 788 4621 male
808 4551 882 4621 de,
903 4549 1136 4604 Eusebio
1168 4553 1260 4619 qui
1284 4549 1493 4621 iamdiu
1521 4551 1749 4621 obierat.

505 4620 735 4693 (Ἠλεία
759 4618 956 4689 Regius
985 4629 1039 4693 et
1067 4618 1578 4693 scgucrian._recte.
1617 4620 1773 4693 Eiliti,
1799 4621 1996 4693 όῙίός.

434 4689 578 4745 Infra
625 4690 782 4744 iidem
823 4687 945 4744 cum
987 4687 1174 4757 Basil.,
1205 4692 1336 4744 αὐτὸ
1364 4687 1501 4744 εἶναι
1533 4691 1622 4744 τὸν
1653 4690 1801 4744 Υίόν.
1835 4689 1997 4754 Editi,

434 4759 615 4812 αὐτόν.
639 4770 742 4812 etc.

432 4770 615 4823 αὑτὸν,
639 4770 742 4814 είς.

506 4831 616 4900 (72)
645 4829 790 4900 Hch
833 4829 899 4883 δι’
933 4823 1015 4889 οὗ,
1050 4838 1155 4885 etc.
1177 4870 1193 4894 ,
1227 4832 1292 4885 ad
1334 4831 1492 4900 [ignem
1522 4845 1698 4898 usque
1737 4830 1934 4884 absunt
1967 4845 1998 4884 a

433 4901 651 4957 Gobler.
677 4909 729 4953 ct
753 4899 897 4971 Felc.
924 4901 974 4953 1.
999 4901 1168 4954 Paulo
1202 4909 1324 4971 post
1352 4899 1572 4969 Regius,
1600 4904 1679 4964 εἰς
1712 4901 1836 4963 τοὺς
1871 4899 2000 4954 αίῶ-

432 4989 550 5034 νας,
586 4971 792 5024 omisso
821 4970 1157 5039 σύμπαντας.
1211 4970 1214 4971 ⁷
1741 4977 1744 4980 ’

495 5041 614 5111 ,(75)
644 5039 787 5102 Haec,
817 5041 953 5110 Περὶ
977 5041 1212 5111 δέδια,
1244 5050 1635 5111 consequenter
1665 5040 1877 5094 annecti
1907 5039 2002 5092 tle-

432 5106 582 5170 bent,
616 5121 675 5163 ut
717 5119 769 5163 et
815 5106 1028 5164 codices
1064 5110 1263 5181 Regius
1299 5123 1351 5165 et
1384 5106 1746 5181 Ség'uerianus
1780 5112 1997 5181 habent,

433 5193 486 5236 et
522 5181 784 5248 particula
813 5179 1234 5235 adversativa'oé
1257 5182 1534 5235 suadetur.
1558 5179 1615 5234 In
1642 5181 1800 5234 editis
1827 5180 2000 5247 primo

434 5263 582 5303 tomo
607 5251 761 5318 quasi
789 5251 1076 5317 peculiaris
1105 5260 1367 5305 tractatus
1391 5251 1562 5319 posita
1585 5260 1738 5303 erant
1767 5252 1869 5303 sub
1897 5250 2002 5303 hoc

435 5321 592 5375 titulo
623 5339 634 5372 :
671 5319 780 5393 Τοῦ
813 5323 868 5393 ὲν
890 5321 1076 5393 Δἁγίοις
1105 5322 1318 5393 Πατρὸς
1353 5319 1519 5393 ἡμῶνΔ
1551 5320 1999 5393 Ἀθανασξουάρ-

436 5389 786 5476 χιεπισκόπρυ
830 5388 1240 5476 ζΑλεςανδρείας
1276 5388 1453 5476 είςξτὸ
1485 5391 1657 5476 ρρςξὸν
1686 5389 1780 5470 τοῦ
1812 5390 2001 5476 Ἐξαγ-

436 5409 786 5460 χιεπισκοπου
847 5409 1232 5512 Αλεςανορειας
1276 5409 1354 5454 εις
1392 5409 1453 5443 το
1485 5409 1657 5474 fugo!
1686 5409 1780 5470 του
1825 5409 2001 5476 ιιυαγ-

436 5459 613 5526 γελίου
635 5476 648 5490 ·
677 5479 693 5509 ι
723 5461 818 5530 Ὃς
833 5459 898 5512 ἂν
924 5477 1050 5530 ειπῃ
1095 5461 1229 5529 .όγον
1256 5460 1397 5514 κατὰ
1422 5476 1512 5530 του
1532 5460 1561 5511 ἴ
1580 5476 1660 5512 too
1686 5476 1778 5511 του
1801 5459 2004 5530 ἀνθρω-

437 5545 573 5601 που,
622 5529 952 5601 ἀφεθήσεται
988 5529 1151 5601 αύτῷ
1181 5545 1194 5559 °
1228 5531 1288 5592 ὃς
1329 5531 1373 5601 δέ
1420 5529 1484 5583 ἂν
1531 5530 1658 5601 εἴπῃ
1715 5529 1855 5601 κατα
1905 5529 2000 5582 τοῦ

435 5599 749 5670 Πνεύματος
777 5599 871 5670 τοῦ
904 5600 1082 5670 ἁγίου,
1121 5599 1220 5653 οὐκ
1248 5600 1578 5670 ἀφεθήσεται
1617 5599 1766 5670 αύτῷ
1795 5599 1918 5652 οὔτε
1943 5601 2002 5654 tv

435 5667 882 5742 eqiattbvt_rodyt;r
904 5668 1026 5722 οὕτε
1043 5674 1099 5742 tv
1129 5670 1207 5742 τῷ
1239 5667 1502 5742 μέλλοντι,
1541 5671 1670 5742 ιίιιιί
1705 5667 1891 5724 titulus
1903 5671 2002 5742 iis-

438 5738 558 5791 dem
590 5737 767 5791 verbis
797 5737 1024 5792 habctur
1057 5741 1110 5795 in
1142 5737 1419 5796 Basiliensi
1449 5751 1502 5796 et
1538 5737 1854 5811 Anglicano.
1889 5739 1998 5796 Go-

538 4451 626 4547 iii'i
645 4451 879 4552 ιιέξῗὲἰ
904 4451 1130 4552 ἐὲέὶὶἓὲῗ
1147 4451 2003 4552 ,°‘ééé'5i"z'i'§§éio&'"£33355;
2029 4451 2076 4511 ο

2103 3015 2288 3088 ῥητοῦ,
2325 3016 2680 3086 συγγίνωσκε,
2715 3016 2987 3088 ἀγαπητὲ,
3026 3016 3324 3084 συνείδησιν
3367 3016 3507 3086 ἔχων
3531 3016 3674 3085 ἀγα-

2101 3109 2222 3180 θήν.
2250 3109 2404 3162 Δέδια
2431 3107 2538 3177 γὰρ
2572 3107 2673 3161 κᾶν
2700 3108 2834 3171 ὅλως
2863 3107 3177 3182 προσελθεῖν
3230 3109 3375 3180 αὐτῷ
3420 3109 3556 3180 (74)·
3599 3109 3676 3180 μὴ

2099 3202 2216 3266 καὶ,
2253 3200 2413 3264 δύνας
2468 3202 2546 3264 είς
2596 3201 2725 3254 αὐτὸ
2767 3199 2845 3272 τῷ
2892 3199 3156 3272 λογισμῷ,
3211 3201 3305 3254 κα)⁸
3363 3199 3677 3273 ἀρξάμενος

2099 3293 2342 3365 ἐρευνᾷν,
2369 3294 2613 3365 ἀτονήσω
2641 3293 2737 3364 τὴν
2777 3295 2834 3347 tv
2877 3293 3024 3365 αύτῷ
3073 3293 3286 3364 βαθεῖαν
3325 3293 3562 3348 διάνοιαν
3591 3295 3679 3349 ἑλ-

2102 3384 2285 3440 κῦσαι.
2311 3385 2591 3457 Σιωπῆσαι
2612 3386 2741 3455 γοῦν
2769 3385 2898 3459 περὶ
2928 3386 3116 3439 τούτου
3146 3386 3325 3440 τέλεον
3347 3386 3674 3459 ἐϐουλόμην.

2103 3478 2198 3531 καὶ
2233 3477 2390 3548 μόνον
2415 3477 2745 3549 ἀρκεσθῆναι
2801 3475 3006 3541 τούτοις
3038 3479 3148 3541 τοῖς
3201 3477 3312 3548 (75)
3361 3476 3679 3549 ἔμπροσθεν

2103 3570 2412 3642 γράμμασι.
2461 3569 2856 3642 Στοχαζόμενος
2906 3570 2962 3624 δὲ
2998 3570 3072 3642 μὴ
3120 3571 3228 3641 ἄρα
3275 3570 3368 3623 καὶ
3417 3570 3677 3642 δεύτερον

2111 3664 2235 3734 περὶ
2264 3661 2454 3715 τούτου
2475 3661 2682 3734 γράψαι
2719 3662 3116 3735 φιλονεικήσῃς,
3149 3661 3454 3732 ἐϐιασάμην
3505 3663 3679 3732 ἐμαυ-

2100 3752 2214 3818 τόν,
2238 3753 2303 3824 ἣν
2338 3754 2443 3824 ἔχω
2474 3752 2656 3824 μαθὼν
2684 3753 2815 3823 (76),
2836 3753 2962 3825 περὶ
2988 3751 3154 3806 αὑτοῦ
3189 3753 3410 3824 μετρίαν
3429 3752 3680 3807 διάνοιαν

2100 3846 2327 3919 γράψαιο
2361 3845 2600 3919 θαρρῶν,
2631 3845 2728 3911 ὡς,
2749 3845 3007 3916 τυχόντας
3033 3845 3130 3917 μὲν
3150 3847 3295 3917 ἡμᾶς
3320 3842 3410 3898 τοῦ
3438 3843 3677 3909 σκοποῦ,

2099 3935 2336 4008 ἀποδέξῃ
2386 3934 2474 3989 διὰ
2533 3933 2623 3988 τὸν
2671 3935 2974 4001 διδάξαντα·
3001 3921 3008 3932 “
3034 3933 3107 4004 μὴ
3166 3934 3423 4005 τυχόντας
3471 3933 3553 3998 δὲ,
3611 3933 3676 3988 ού

2098 4269 2373 4326 blerianus
2399 4277 2452 4322 et
2489 4267 2633 4322 Felc.
2675 4268 2884 4338 primus
2926 4268 3006 4323 sic
3042 4267 3108 4322 ad
3139 4267 3358 4324 modum
3390 4269 3533 4325 tituli
3567 4271 3678 4326 ha-

2099 4341 2227 4395 bent
2251 4339 2392 4410 Πρρς
2417 4339 2508 4410 τὸν
2553 4339 2713 4410 αὐτὸν
2753 4339 3090 4410 Σεραπίωνα.
3127 4338 3186 4393 In
3217 4338 3360 4394 Felc.
3400 4343 3680 4408 secundo,

2101 4410 2232 4483 nihil
2267 4407 2364 4483 pr_o
2388 4409 2542 4483 titulo
2573 4407 3280 4483 liabetut:{_Regius_autem
3320 4410 3384 4464 ad
3419 4413 3681 4483 margine

2105 4480 2260 4551 habet
2306 4480 2437 4551 Περὶ
2463 4479 2812 4551 εύαγγελικοῦ
2839 4479 3503 4551 ῥητοῦεδεαυετίειιιιεαᾶ
3529 4479 3685 4535 litar—

2098 4547 2459 4623 ginem_itei'n,
2483 4548 2783 4623 Ἰξοῦῌαύτοῦ
2809 4547 2937 4623 esp}
2959 4548 3052 4602 τοῦ
3089 4549 3442 4623 εύαγγελικοῦ
3477 4552 3679 4623 ῤ-ητοῦ,

2097 4617 2215 4702 ᾖτοι
2239 4618 2713 4702 τῆς-είςιτδῄΠνεύ
2723 4636 2798 4699 μα
2827 4617 2890 4672 τῆ
2911 4617 3064 4702 ἅγιον
3095 4617 3685 4702 βλασφημίας.Ῥοι·ι“ο

2101 4688 2214 4743 lizec
2242 4688 2476 4762 subtexit
2503 4688 2973 4762 AthanaSiusLut
3021 4688 3543 4762 Serapioni'morem
3583 4709 3687 4762 ge-

2099 4766 2261 4820 reret,
2293 4760 2383 4827 qui
2431 4759 2730 4830 postularat
2759 4768 2819 4830 ut
2859 4759 3061 4814 dictum
3107 4759 3238 4814 illud
3270 4759 3681 4830 evangelicum,

2101 4844 2215 4901 qqu
2265 4830 2539 4901 clauserat
2583 4828 2866 4897 epistolam
2903 4829 3116 4901 tertiam
3165 4831 3230 4884 ad
3277 4846 3337 4885 se
3382 4828 3684 4901 scriptam,

2099 4899 2409 4968 cxplanaret
2441 4899 2566 4953 sibi.
2892 4967 2899 4968 ί
3036 4897 3046 4909 ’

2170 4967 2281 5040 (74)
2314 4968 2404 5024 Sic
2431 4971 2571 5040 edit.
2590 4969 2855 5024 Commel.
2889 4967 3109 5040 Regius,
3131 4968 3354 5040 chuer.
3374 4970 3682 5027 Basiliens.

2100 5039 2309 5107 Anglic.
2354 5048 2406 5092 et
2437 5039 2671 5093 Felckm.
2701 5039 2992 5095 secundus.
3019 5039 3159 5094 Edit.
3194 5039 3316 5094 vero
3353 5040 3528 5096 Paris.
3565 5041 3690 5096 Go-

2101 5108 2234 5180 bler.
2269 5117 2322 5163 et
2340 5108 2487 5180 Felc.
2521 5112 2569 5173 l,
2592 5109 2822 5180 δέδοικα.
2846 5109 3022 5180 ίιιυυιο
3047 5119 3186 5180 post,
3216 5111 3346 5180 edit.
3372 5110 3687 5180 Commel..

2103 5177 2176 5249 μὴ
2197 5180 2330 5252 καὶ,
2374 5179 2614 5252 ἐνδύνας.
2656 5177 3150 5252 ΕιιλὶιΑηΡιιιοίεὶζμὴ
3185 5179 3432 5252 ὲνδύνεις,
3467 5178 3690 5252 Regius

2099 5257 2156 5325 et
2169 5248 2172 5249 ⁷
2193 5248 2632 5325 Seguerianqﬁph
2655 5250 2749 5301 καὶ
2772 5249 2950 5325 δύνας.
2983 5248 3211 5325 ϐοῐιίει.
3238 5261 3292 5303 et
3320 5248 3580 5325 Δῐῖιςιοι-Ιλζ
3602 5254 3688 5325 μὴ

2100 5317 2285 5390 ᾷύναςξ
2309 5317 2666 5390 lbidernReg.
2695 5330 2747 5374 et
2773 5321 2994 5390 Seguer.
3023 5321 3144 5390 soli,
3169 5321 3247 5384 είς
3274 5321 3431 5375 αὐτά.
3465 5317 3689 5376 Ibide-ni

2803 5393 3081 5460 ῥλογικῷ.
3136 5393 3255 5444 Mox
3303 5393 3434 5460 Reg.
3475 5400 3528 5444 et
3573 5393 3690 5446 Se-

2139 5408 2317 5444 :omer.
2355 5408 2409 5442 et
2439 5408 2616 5444 rencs.
2650 5408 2670 5440 ι
2701 5431 2715 5453 ,
2753 5408 2831 5460 τῳ
2865 5408 3081 5460 Αογικῳ.
3136 5408 3255 5444 mox
3305 5408 3434 5460 Itcg.
3475 5408 3528 5444 et
3573 5408 3690 5446 be-

2139 5461 2370 5530 nerian.,
2389 5460 2486 5530 τὴν
2514 5461 2571 5511 tv
2598 5458 2744 5530 αύτῷ
2769 5461 3002 5514 διάνοιαν
3033 5460 3338 5514 ἀνελκῦσαι.
3365 5460 3593 5517 Gobler.
3630 5473 3696 5518 et

2129 5526 2246 5600 Velc.
2277 5526 2458 5600 lL't'hv
2483 5528 2658 5600 ἑαυτῷ
2683 5526 2918 5584 διάνοιαν
2947 5530 3260 5584 ἁνελκῦσαι.

2173 5599 2285 5682 (75)
2320 5598 2600 5682 Regius-et
2633 5599 2880 5682 Srguer?
2924 5601 3130 5682 τούτοις
3161 5603 3292 5665 τοῖς.
3327 5599 3692 5666 Goblerian..

2102 5669 2323 5733 τούτους
2354 5672 2484 5733 τοῖς.
2523 5669 2580 5724 ln
2605 5669 2764 5725 editis
2793 5674 2901 5736 τοῖς
2931 5672 3129 5726 solum.

2175 5741 2286 5810 (76)
2323 5739 2378 5794 In
2408 5739 2538 5810 Reg.
2571 5749 2621 5795 et
2655 5740 2870 5810 Seguer.
2905 5740 3091 5805 μαθών
3117 5741 3281 5798 deest.

2101 5388 2317 5444 Gobler.
2355 5397 2409 5442 et
2439 5388 2616 5444 Felck.
2645 5389 2670 5460 Al
2701 5431 2731 5460 ,γ
2753 5390 2831 5460 τῷ
2853 5388 3081 5460 λογικῷ.
3136 5390 3255 5444 Mox
3303 5390 3377 5444 Rc
