3914 6222
301 345 402 404 649

1377 320 1708 402 Ειιίετοω,
1756 321 1820 388 t'v
1856 333 1945 387 AD
1987 328 2446 392 SERAPIO‘NEM.

3419 333 3524 393 6εο

297 458 502 532 μέμψῃ,
530 445 812 526 γινώσκων
853 455 952 528 τὴν
1006 449 1276 526 ἡμετέραν
1316 450 1621 524 προθυμίαν
1655 449 1764 520 (77)
1795 424 1860 502 es.

1967 457 2088 515 ster,
2123 458 2238 505 tum
2277 459 2460 505 nostra
2507 447 2794 504 inlirmitas
2831 461 2939 503 non
2969 447 3148 519 ignota
3174 456 3276 505 est.
3308 446 3520 504 Dictum

291 552 381 603 καὶ
402 548 705 602 ἀσθένειαν.
731 549 804 601 Τὸ
833 550 930 619 μὲν
957 543 1049 601 οῦν
1070 547 1229 619 ῥητόν
1253 548 1421 606 ἐστιν,
1445 545 1556 607 ὅτε,
1575 540 1856 594 Τοσούτων

291 639 533 712 σημείων
567 640 866 710 γινομένων
899 640 956 690 ὲν
1008 637 1088 708 τῷ
1131 634 1467 705 Εὑαγγελίῳ,
1513 633 1562 686 οἰ
1601 632 1704 703 μὲν
1755 633 1862 685 Φα-

290 732 488 800 ρισαῖοι
515 728 699 796 ἔλεγον
723 744 736 757 ·
777 748 795 779 ι
825 721 993 791 Οὗτος
1017 728 1115 780 οὐκ
1148 724 1396 781 ἐκϐάλλει
1427 724 1496 779 τὰ
1522 723 1771 796 δαιμόνια
1811 725 1860 777 εί

287 820 360 890 μὴ
400 822 459 872 ὲν
509 818 834 882 Βεελζεϐοὺλ
892 817 967 888 τῷ
996 818 1214 887 ἄρχοντι
1255 815 1365 869 τῶν
1407 814 1716 885 δαιμονίων·
1750 814 1779 865 ὁ
1804 811 1860 865 δὲ

283 909 509 980 Κύριος,
545 908 698 972 εἰδὼς
719 907 820 971 τὰς
849 907 1175 977 ἐνθυμήσεις
1222 905 1422 968 αὐτῶν,
1458 899 1610 956 εἶπεν
1657 903 1858 965 αὐτοῖς·

283 1004 438 1054 Πᾶσα
463 1001 712 1072 βασιλεία
749 1000 1069 1072 μερισθεῖσα
1099 998 1221 1052 καθ’
1260 997 1458 1067 ἑαυτὴν
1480 995 1800 1068 ἐρημοῦται.
1837 1016 1854 1048 ι

282 1096 390 1148 Καὶ
411 1092 670 1165 είρηκώς·
703 1111 723 1145 α
760 1094 822 1147 Εἰ
846 1084 904 1146 δὲ
933 1093 991 1144 ὲν
1018 1090 1295 1162 Πνεῦματι
1322 1088 1456 1142 Θεοῦ
1478 1087 1588 1157 ἐγὼ
1614 1087 1860 1141 ἐκϐάλλω

280 1186 347 1237 τὰ
380 1185 655 1255 δαιμόνια,
686 1186 792 1256 ἄρα
829 1183 1063 1253 ἔφθασεν
1118 1179 1202 1252 ἐφ’
1229 1183 1373 1252 ὑμᾶς
1418 1182 1453 1251 ἡ
1490 1179 1736 1249 βασιλεία
1765 1179 1858 1232 τοῦ

279 1277 469 1330 Θεοῦ·ι
509 1277 692 1330 λοιπὸν
722 1276 992 1347 ἐπιφέρει·
1027 1293 1046 1326 ι
1083 1274 1182 1328 Διὰ
1208 1271 1364 1326 τοῦτο
1388 1272 1531 1340 λέγω
1563 1271 1690 1342 ὑμῖν
1724 1269 1856 1341 (78),

281 1372 438 1423 Πᾶσα
477 1369 722 1441 ἁμαρτία
771 1369 866 1423 καὶ
903 1363 1220 1440 βλασφημία
1247 1362 1573 1435 ἀφεθήσεται
1600 1364 1726 1434 ὑμῖν
1745 1364 1858 1426 τοῖς

282 1462 613 1534 ἀνθρώποις·
671 1464 704 1534 ἡ
752 1462 810 1516 δὲ
865 1463 944 1524 εἰς
1003 1461 1066 1514 τὸ
1101 1458 1322 1531 Πνεῦμα
1394 1459 1502 1529 (79)
1547 1455 1859 1527 βλασφημία

281 1555 381 1607 οὐκ
424 1554 794 1624 ἀφεθήσεται·
845 1553 942 1606 καὶ
981 1551 1041 1615 ὃς
1082 1551 1146 1604 ἂν
1195 1549 1324 1623 εἴπῃ
1377 1549 1533 1618 λόγον
1575 1547 1716 1601 κατὰ
1762 1544 1856 1599 τοῦ

284 1644 415 1698 Υἰοῦ
439 1639 532 1698 τοῦ
565 1642 874 1716 ἀνθρώπου,
911 1642 1241 1713 ἀφεθήσεται
1270 1641 1439 1712 αὐτῷ·
1469 1641 1528 1703 ὃς
1557 1641 1602 1694 δ’
1633 1639 1700 1694 ἂν
1729 1641 1860 1710 εἴπῃ

284 1735 424 1788 κατὰ
466 1733 560 1787 τοῦ
604 1733 921 1805 Πνεύματος
985 1731 1078 1786 τοῦ
1141 1733 1318 1802 ἁγίου,
1375 1733 1474 1786 οὐκ
1526 1731 1859 1802 ἀφεθήσεται

1959 539 2125 610 igitur
2151 539 2418 609 ejusmodi
2452 547 2574 595 est:
2613 539 2750 595 Cum
2780 547 2906 610 post
2946 548 3026 594 tot
3072 541 3223 610 signa
3256 541 3310 595 in
3341 541 3517 596 Evam.

1958 633 2098 702 gelio
2121 641 2362 696 narrata,
2381 633 2497 687 bam
2521 630 2781 688 Pharisaei
2815 633 3167 702 loqueremur
3193 653 3204 688 :
3239 651 3258 685 ι
3287 632 3386 690 Hic
3411 649 3521 689 non

1957 724 2104 794 ejicit
2126 725 2390 780 daemonia
2420 725 2524 779 nisi
2553 724 2607 778 in
2641 723 2940 779 Beelzebub
2969 725 3212 794 principe
3234 725 3528 780 daemonio-

1958 832 2080 871 rum
2108 835 2119 870 :
2155 815 2419 872 Dominus
2441 816 2621 872 sciens
2644 817 3000 888 cogitationes
3021 831 3234 883 eorum,
3256 816 3392 872 dixit
3411 817 3523 872 eis:

1959 907 2131 964 Omne
2159 925 2386 980 regnum
2422 909 2656 965 divisum
2687 919 2874 965 contra
2917 924 2976 965 se
3024 909 3371 964 desolabitur.
3404 928 3424 961 ι
3461 907 3530 962 Ει

1959 1016 2085 1056 cum
2123 1001 2384 1057 dixisset:
2421 1021 2440 1054 ι
2474 1000 2533 1056 Si
2565 1010 2747 1056 autem
2791 1017 2892 1074 ego
2922 1003 2978 1057 in
3011 1000 3214 1072 Spiritu
3245 1001 3340 1056 Dei
3368 1001 3529 1073 ejicio

1959 1092 2245 1158 dazmonia,
2270 1094 2435 1165 igitur
2464 1094 2709 1165 pervenit
2730 1095 2785 1149 in
2815 1110 2913 1150 vos
2945 1109 3168 1165 regnum
3212 1092 3345 1159 Dei;
3373 1112 3391 1144 ι
3435 1094 3530 1148 de-

1960 1184 2085 1239 inde
2110 1182 2309 1239 infert:
2351 1203 2370 1236 ι
2400 1185 2524 1240 Ideo
2549 1185 2671 1240 dico
2703 1185 2856 1240 vobis
2892 1202 2906 1238 :
2951 1182 3122 1237 Omne
3162 1191 3441 1252 peccatum
3477 1192 3533 1237 et

1959 1275 2294 1346 blasphemia
2321 1278 2625 1334 remittetur
2646 1275 2981 1339 hominibus,
2997 1274 3331 1344 blaSpbemia
3348 1283 3526 1329 autem

1960 1366 2016 1420 in
2065 1365 2324 1436 Spiritum
2370 1383 2478 1424 non
2520 1370 2846 1426 remittetur.
2886 1367 2951 1423 Et
2988 1368 3299 1438 quicunque
3332 1369 3534 1423 dixerit

1959 1461 2402 1514 verbum'contra
2443 1459 2640 1516 Filium
2681 1461 2918 1517 hominis
2961 1462 3265 1516 remittetur
3309 1459 3396 1528 ei;
3437 1441 3533 1532 qui

1961 1562 2140 1606 autem
2179 1551 2375 1607 dixerit
2409 1561 2598 1608 contra
2632 1552 2894 1624 Spiritum
2932 1562 3180 1609 sanctum
3210 1569 3315 1609 non
3345 1555 3533 1610 remit-

1960 1651 2103 1697 tetur
2140 1643 2211 1706 ei,
2237 1657 2413 1714 neque
2441 1645 2497 1698 in
2533 1646 2638 1700 hoc
2667 1646 2887 1708 saeculo,
2922 1661 3097 1716 neque
3120 1646 3174 1700 iu
3201 1644 3386 1700 futuro
3406 1645 3470 1700 ³⁸.
3505 1665 3526 1696 ›

1963 1734 2044 1789 Τυ
2072 1745 2252 1790 autem
2283 1737 2714 1806 percontabaris,
2756 1754 2854 1794 cur
2880 1737 3216 1808 blasphemia
3247 1738 3302 1792 in
3333 1736 3530 1792 Filium

284 1827 432 1897 αὐτῷ
459 1827 582 1881 οὔτε
611 1829 669 1880 ὲν
692 1797 770 1899 τῶ
797 1828 952 1880 αἰῶνι
979 1827 1154 1898 τούτῳ
1189 1797 1311 1880 οὗτε
1346 1825 1405 1878 ὲν
1431 1823 1508 1896 τῷ
1557 1797 1854 1895 μέλλοντι.)

1967 1826 2274 1894 dimittitur,
2299 1828 2635 1899 blaSphemia
2664 1837 2870 1896 autem
2908 1830 2963 1885 in
2993 1797 3252 1900 Spiritum
3283 1839 3528 1886 sanctum

288 1919 358 1972 Σὺ
397 1918 453 1972 δὲ
477 1919 709 1988 ἐζήτεις,
743 1919 796 1971 τί
819 1918 1020 1987 δήποτε
1047 1920 1080 1988 ἡ
1111 1917 1208 1989 μὲν
1251 1919 1330 1980 εἰς
1351 1907 1441 1970 τὸν
1474 1914 1600 1968 Υῐδν
1625 1914 1864 1985 βλασφη“

287 2012 384 2080 μία
417 2010 656 2080 ἀφίεται,
693 2012 726 2081 ἡ
756 2007 812 2062 δὲ
839 2012 918 2074 εἰς
948 2010 1009 2063 τὸ
1046 2007 1272 2080 Πνεῦμα
1317 2007 1380 2061 τὸ
1421 2008 1575 2075 ἅγιον
1609 2006 1712 2059 οὐκ
1750 2005 1860 2074 ἔχει

284 2100 476 2168 ἄφεσιν
518 2099 643 2153 οὗτε
699 2101 756 2152 έν
781 2098 862 2170 τῷ
892 2099 988 2152 νῦν
1037 2098 1218 2162 αἰῶνι,
1262 2096 1384 2151 οὗτε
1438 2098 1497 2150 ὲν
1531 2095 1608 2167 τῷ
1644 2095 1863 2166 μέλλον·-

282 2208 333 2244 τι
363 2190 472 2262 (80)
495 2208 510 2255 ;
919 2191 923 2195 ’

350 2280 403 2334 9.
430 2281 656 2335 Παλαιοὶ
687 2279 786 2353 μὲν
805 2279 899 2337 οὖν
925 2282 1136 2355 ἄνδρες,
1179 2280 1458 2352 Ὠριγένης
1488 2281 1518 2334 ὁ
1545 2279 1862 2351 πολυμαθὴς

284 2373 378 2426 καὶ
419 2372 702 2441 φιλόπονος
723 2415 738 2440 ,
796 2375 892 2428 καὶ
945 2373 1290 2443 Θεόγνωστος
1340 2375 1369 2426 ὁ
1419 2372 1721 2445 θαυμάσιος
1767 2369 1862 2425 καὶ

285 2466 573 2531 σπουδαῖος
607 2468 830 2539 (τούτων
856 2467 965 2539 γὰρ
1008 2472 1121 2534 τοῖς
1159 2467 1514 2538 περὶτούτων
1550 2483 1862 2537 συνταγμα-

283 2561 416 2624 τίοις
451 2561 700 2632 ἐνέτυχον
760 2561 893 2631 (81),
949 2561 1037 2614 ὅτε
1086 2561 1186 2632 τὴν
1242 2559 1528 2631 ἐπιστολὴν
1572 2558 1858 2630 ἔγραψας),

284 2650 583 2722 ἀμφότεροι
603 2649 711 2720 γὰρ
750 2650 878 2720 περί
913 2649 1103 2702 τούτου
1153 2649 1444 2720 γράφουσι,
1491 2646 1694 2717 ταύτην
1726 2643 1864 2699 εἶναι

283 2735 378 2806 τὴν
403 2737 485 2797 εἰς
518 2733 579 2786 τὸ
604 2734 758 2802 ἅγιον
784 2733 895 2804 (82)
926 2733 1151 2804 Πνεῦμα
1203 2725 1548 2803 βλασφημίαν
1591 2730 1860 2798 λέγοντες,

282 2827 409 2880 ὃταν
447 2827 496 2878 οἰ
544 2825 971 2892 καταξιωθέντες
1005 2826 1064 2879 ὲν
1123 2824 1202 2895 τῷ
1259 2824 1595 2895 βαπτίσματι
1628 2822 1726 2893 τῆς
1759 2821 1860 2874 δω-

288 2917 412 2988 ρεᾶς
447 2916 559 2988 (85)
591 2910 682 2969 τοῦ
717 2917 873 2985 ἁγίου
913 2916 1228 2985 Πνεύματος
1250 2915 1755 2986 παλινδρομήσωσιν
1785 2915 1862 2978 εἰς

283 3009 342 3060 τὸ
379 3007 735 3078 ἁμαρτάνειν.
768 3007 868 3061 Διὰ
920 3007 1077 3061 τοῦτο
1106 3008 1214 3079 γὰρ
1250 3007 1385 3078 μηδὲ
1435 3007 1629 3076 ἄφεσιν
1663 3006 1861 3069 αὐτοὺς

283 3098 548 3168 λήψεσθαι
597 3107 749 3168 φασι·
802 3099 946 3153 καθὰ
997 3099 1092 3154 καί
1154 3101 1182 3152 ὁ
1223 3098 1434 3163 Παῦλος
1488 3100 1546 3152 ἐν
1606 3102 1672 3170 τῇ
1727 3099 1863 3171 πρὸς

311 3191 580 3260 Εὸραίους
627 3191 793 3260 λέγει·
850 3210 868 3242 ι
916 3191 1198 3246 Ἀδύνατον
1246 3192 1355 3262 γὰρ
1401 3191 1531 3255 τοὺς
1578 3191 1721 3257 ἅπαξ
1754 3208 1864 3258 φω-

283 3283 585 3349 τισθέντας,
617 3283 985 3353 γευσαμένους
1035 3300 1092 3336 τε
1130 3286 1228 3353 τῆς
1273 3282 1479 3353 δωρεᾶς
1504 3282 1604 3352 τῆς
1636 3283 1866 3354 ἐπουρα-

282 3378 418 3441 νίου,
444 3378 538 3430 καὶ
567 3376 680 3447 (84)
713 3377 970 3447 μετόχους
1001 3376 1327 3447 γενηθέντας
1349 3375 1664 3446 Πνεῦματος
1687 3377 1864 3444 ἁγίου,

284 3471 378 3523 καὶ
411 3467 575 3522 καλὸν
606 3467 976 3538 γευσαμένους
991 3468 1124 3521 Θεοῦ
1158 3469 1328 3540 ῥῆμα,
1382 3469 1636 3539 δυνάμεις
1657 3486 1717 3522 τε
1743 3469 1868 3538 μέλ-

284 3560 465 3622 λοντος
499 3557 713 3622 αἰῶνος,
758 3558 852 3610 καὶ
895 3559 1334 3629 παραπεσόντας,
1387 3559 1548 3612 πάλιν
1595 3559 1870 3612 ἀνακαινί-

287 3650 398 3714 ζειν
419 3651 499 3713 εἰς
524 3647 833 3718 μετάνοιαν.
850 3667 868 3700 ι
890 3648 1076 3702 Ταῦτα
1097 3649 1153 3702 δὲ
1184 3653 1336 3720 κοινῇ
1362 3650 1460 3720 μὲν
1489 3642 1708 3719 λέγουσι
1731 3651 1863 3722 (85),

286 3742 378 3794 καὶ
404 3741 542 3793 ἰδίαν
573 3739 631 3793 δὲ
657 3739 884 3803 ἕκαστος
912 3740 1239 3812 προστίθησι
1270 3741 1528 3795 διάνοιαν.

357 3832 446 3886 10.
480 3832 540 3884 'O
594 3831 694 3902 μὲν
747 3829 856 3902 γὰρ
897 3832 1178 3902 Ὠριγένης
1238 3833 1333 3885 καὶ
1393 3831 1492 3904 τὴν
1543 3833 1868 3901 αἰτίανξτῆι,

287 3923 426 3976 κατὰ
457 3921 566 3976 τῶν
593 3921 846 3976 τοιούτων
867 3922 1099 3992 κρίσεως
1119 3923 1258 3976 οὕτω
1282 3923 1452 3992 λέγει·
1493 3942 1512 3974 ι
1535 3922 1593 3976 'O
1622 3923 1718 3994 μὲν
1742 3921 1872 3986 Θεὸς

287 4015 380 4066 καὶ
415 4014 608 4084 Πατὴρ
634 4015 714 4076 εἰς
735 4014 910 4068 πάντα
937 4012 1112 4084 διήκει
1145 4012 1259 4083 (86)
1292 4013 1387 4066 καὶ
1429 4012 1608 4066 πάντα
1637 4011 1868 4082 συνέχει,

291 4105 473 4175 ἄψυχά
501 4121 561 4156 τε
590 4109 684 4158 καὶ
709 4103 948 4176 ἔμψυχα,
977 4104 1174 4174 λογικά
1223 4123 1283 4159 τε
1315 4105 1410 4159 καὶ
1469 4105 1660 4173 ἄλογα·
1691 4103 1784 4156 τοῦ
1812 4103 1870 4156 δὲ

293 4195 421 4249 Υίοῦ
450 4197 484 4267 ἡ
504 4195 734 4266 δύναμις
754 4198 833 4260 εἰς
859 4197 930 4250 τὰ
971 4197 1164 4266 λογικὰ
1217 4197 1356 4268 μόνα
1399 4195 1675 4261 διατείνει,
1711 4197 1768 4248 ἐν
1792 4191 1872 4258 οἷς

296 4290 396 4341 εἰσι
425 4288 825 4361 κατηχούμενοι
860 4290 954 4342 καὶ
985 4289 1263 4360 Ἕλληνες,
1299 4291 1348 4343 οἱ
1400 4289 1626 4361 μηδέπω
1649 4284 1871 4342 πιστεύο

293 4395 502 4442 σαντες·
535 4378 597 4431 τὸ
629 4378 685 4432 δὲ
717 4377 942 4450 Πνεῦμα
967 4381 1027 4432 τὸ
1058 4379 1211 4450 ἅγιον
1232 4382 1311 4444 εἰς
1355 4381 1552 4452 μόνους
1590 4379 1708 4432 ἐστὶ
1746 4380 1873 4443 τοὺς

364 4580 406 4611 ³³
429 4579 624 4638 Matth.
661 4598 760 4648 xu,
787 4581 975 4638 24-52.
1048 4581 1091 4614 ³⁹
1122 4579 1286 4636 Hebr.
1312 4596 1386 4644 γι,
1413 4581 1529 4636 4-6.

1967 1922 2182 1976 veniam
2203 1936 2312 1976 non
2345 1921 2556 1978 obtinet
2596 1937 2775 1994 neque
2808 1922 2863 1977 in
2888 1923 3139 1994 praesenti
3173 1923 3402 1990 saeculo,
3431 1937 3531 1978 ne-

1968 2029 2074 2086 que
2100 2015 2154 2070 in
2185 2015 2408 2071 futuro?

1963 2323 1970 2341 ι
2037 2283 2092 2338 9.
2121 2281 2293 2340 Prisci
2323 2289 2468 2338 certe
2491 2282 2616 2349 viri,
2643 2278 2924 2352 Origenes,
2955 2278 3356 2336 eruditissimus
3375 2285 3431 2331 et
3454 2277 3535 2331 la-

1965 2375 2220 2432 boriosus
2267 2375 2518 2446 scriptor,
2545 2384 2598 2430 et
2625 2371 3021 2450 Theognostus,
3053 2369 3406 2426 admirandus
3445 2367 3535 2422 ille

1966 2477 2019 2524 et
2054 2469 2329 2524 studiosus
2351 2469 2516 2523 homo
2543 2467 2768 2537 (borum
2798 2468 2941 2522 enim
2966 2480 3131 2536 opera
3155 2465 3392 2534 legebam
3409 2478 3532 2518 cum

1967 2554 2254 2632 epistolam
2285 2561 2467 2631 accepi
2492 2559 2686 2629 tuam),
2719 2559 2882 2614 ambo
2908 2559 3108 2628 quippe
3123 2571 3242 2612 eam
3267 2571 3381 2611 rem
3412 2571 3536 2626 pcr-

1966 2663 2220 2719 tractant,
2242 2653 2395 2708 aiunt
2431 2654 2579 2707 illam
2615 2668 2736 2708 esse
2753 2653 2806 2706 in
2835 2651 3096 2721 Spiritum
3118 2659 3368 2706 sanctum
3391 2649 3536 2704 blas—

1966 2746 2260 2813 pbemiam,
2301 2761 2425 2801 cum
2456 2746 2492 2800 ii
2514 2745 2713 2816 quibus
2743 2745 2799 2799 in
2833 2743 3157 2813 baptismate
3185 2743 3387 2797 donum
3411 2740 3536 2812 Spi-

1968 2836 2108 2891 ritus
2139 2836 2313 2892 sancti
2345 2836 2623 2900 tribuitur,
2655 2837 2722 2891 ad
2759 2844 2978 2906 peccata
3008 2835 3276 2890 recidunt.
3305 2834 3539 2903 Ideoque

1969 2929 2090 2986 illos
2133 2931 2508 2987 remissionem
2543 2947 2651 2986 non
2683 2941 3096 2998 consecuturos,
3123 2932 3312 2988 aiunt:
3346 2947 3540 3001 quem-

1969 3023 2262 3080 admodum
2313 3034 2367 3081 et
2413 3024 2618 3080 Paulus
2653 3025 2707 3080 in
2744 3025 2984 3096 Epistola
3016 3026 3082 3080 ad
3128 3023 3385 3080 Hebraeos
3431 3025 3536 3080 ait:

1975 3135 1995 3170 ι
2022 3116 2366 3188 lmpossibilc
2403 3127 2488 3173 est
2525 3118 2670 3172 enim
2711 3132 2809 3173 eos
2837 3118 2930 3188 qui
2973 3117 3138 3173 semel
3183 3127 3309 3172 sunt
3338 3117 3543 3171 illumi-

1967 3209 2101 3276 nati,
2119 3220 2471 3281 gustaverunt
2493 3211 2656 3265 etiam
2681 3209 2885 3266 donum
2908 3211 3146 3276 caeleste,
3178 3217 3233 3265 et
3251 3209 3543 3280 participes

1967 3301 2094 3357 facti
2125 3315 2254 3358 sunt
2281 3302 2516 3373 Spiritus
2543 3303 2738 3370 sancti,
2759 3312 2811 3358 et
2832 3311 3187 3376 gustaverunt
3215 3303 3416 3358 bonum
3444 3301 3540 3355 Dei

1975 3392 2228 3460 Verbum,
2256 3396 2591 3465 virtutesque
2618 3397 2800 3451 smculi
2830 3398 3063 3461 venturi,
3081 3405 3136 3452 et
3157 3395 3392 3466 prolapsi
3417 3402 3544 3449 sunt

1968 3501 2158 3542 rursus
2175 3487 2423 3541 renovari
2449 3486 2517 3541 ad
2538 3488 2910 3558 paenitentiam
2929 3489 2996 3541 '°.
3024 3507 3042 3540 ι
3074 3486 3140 3542 Et
3161 3487 3395 3557 idipsum
3419 3485 3542 3556 qui-

1969 3577 2093 3631 dem
2138 3577 2299 3632 ambo
2357 3578 2584 3643 dicunt,
2629 3578 2723 3634 sed
2757 3593 2915 3634 suam
2969 3579 3167 3649 singuli
3215 3578 3539 3633 sententiam

1967 3669 2254 3740 adjiciunt.

2042 3827 2128 3883 10.
2160 3827 2296 3883 Nam
2326 3819 2587 3899 Origenes
2617 3830 2834 3898 quidem
2876 3845 3098 3886 causam
3124 3831 3313 3901 judicit
3348 3837 3537 3886 contra

1970 3919 2238 3989 ejusmodi
2279 3921 2526 3977 homines
2557 3921 2650 3976 lati
2679 3922 2763 3982 sic
2793 3921 3060 3992 explicat:
3087 3939 3104 3973 ι
3130 3921 3274 3977 Deus
3300 3931 3355 3978 et
3377 3921 3538 3977 Pater

1971 4015 2026 4068 in
2054 4012 2236 4067 omnia
2275 4021 2554 4082 penetrat,
2583 4022 2638 4067 et
2681 4013 2864 4067 omnia
2909 4013 3171 4078 continet,
3207 4013 3444 4068 animata
3485 4025 3541 4068 ct

1972 4099 2305 4164 inanimata,
2345 4099 2630 4156 rationalia
2677 4107 2731 4152 et
2778 4098 3151 4154 irrationalia:
3187 4097 3307 4153 Filii
3356 4108 3537 4154 autem

1970 4196 2213 4259 potestas
2243 4189 2312 4244 ad
2343 4189 2460 4243 sola
2487 4189 2774 4244 rationalia
2809 4204 2928 4246 sese
2953 4190 3224 4257 extendit;
3261 4191 3318 4244 in
3341 4190 3541 4261 quibus

1971 4281 2319 4337 continentur
2358 4282 2733 4337 catechumeni
2789 4291 2844 4338 et
2884 4282 3118 4348 etlmici,
3160 4285 3253 4352 qui
3298 4284 3538 4339 nondum

1921 4375 2340 4436 .-.crediderunt.
2384 4374 2622 4444 Spiritus
2669 4389 2800 4431 vero
2843 4384 3065 4432 sanctus
3117 4376 3174 4430 in
3201 4376 3268 4432 iis
3302 4376 3436 4433 solis
3457 4386 3540 4432 est

355 4702 468 4781 (77)
502 4701 596 4781 Sic
623 4702 824 4781 Regius
852 4712 907 4760 et
936 4701 1319 4774 Seguerianus.
1349 4703 1494 4759 Editi
1530 4720 1656 4760 vero
1685 4704 1865 4760 minus
1896 4711 1941 4766 Ι)
1970 4769 2008 4781 ἡ
2030 4700 2155 4781 (82)
2184 4700 2276 4755 Sic
2303 4699 2526 4781 Regius,
2560 4698 2784 4781 Seguer.
2817 4700 2980 4781 Basil.
3018 4699 3176 4781 _Gobl.
3215 4707 3276 4781 et
3307 4699 3452 4779 lielc.
3481 4697 3533 4781 1‘.

289 4780 460 4843 recte,
491 4772 781 4843 ῥαθυμίαν.

358 4827 723 4914 (78)_'Gobier.
748 4853 808 4914 iet
845 4841 991 4899 Felc.
1032 4845 1084 4914 1,
1111 4845 1150 4914 ὁ,
1169 4843 1226 4896 δὲ
1239 4913 1255 4914 ἢ
1271 4843 1471 4914 Κύριος
1500 4841 1671 4899 εἶπεν·
1703 4845 1860 4898 Πίσα

291 4907 536 4992 βασιλεία
570 4913 912 4993 μερισθεῖσα,
962 4907 1169 4993 stated:
1201 4907 1487 4984 ἑξῆς.’Διὰ
1532 4915 1689 4968 τοῦτο
1716 4915 1858 4982 λέγω

292 4982 439 5046 ὑμῖν,
473 4982 696 5037 omissis
727 4983 1084 5038 intermediis.

359 5050 472 5122 (79)
502 5050 577 5104 Ita
630 5051 865 5122 Regius,
915 5051 1230 5122 Seguerian.
1268 5052 1486 5108 Gobler.
1519 5063 1572 5109 et
1614 5052 1760 5122 Felc.
1802 5053 1853 5105 1.

289 5115 428 5193 ξᾴἰιί
455 5115 608 5193 vero,
633 5124 666 5192 ἡ
687 5115 758 5193 δὴ
789 5121 884 5193 τοῦ
906 5115 1238 5193 Πνὲύματος.
1259 5122 1484 5193 (ἔθυιεν.
1514 5133 1568 5178 et
1593 5121 1774 5178 Felck.
1802 5123 1854 5193 1,

292 5189 510 5258 ibidem,
540 5189 1002 5263 οὐκίὰφεθήσεται
1032 5189 1177 5262 αὐτῷ
1213 5191 1336 5245 οὔτε
1373 5195 1431 5248 ὲν
1454 5194 1531 5263 τῷ
1554 5192 1708 5247 αἰῶνι
1732 5189 1856 5244 τού-

289 5275 384 5328 τῳ.
408 5269 540 5324 etc.,
570 5261 790 5317 omissis
819 5261 1175 5318 intermediis.

359 5329 471 5453 (80)
516 5330 630 5384 Οὐκ
673 5331 786 5412 ἔχει
819 5332 1030 5414 ἄφεσιν,
1061 5332 1287 5413 Παλαιοὶ
1333 5332 1451 5402 μέν.
1497 5331 1588 5420 Sic
1631 5329 1849 5386 Gobler.

411 5415 441 5453 e
465 5415 512 5453 c.
542 5401 594 5453 1.
629 5405 814 5453 multis
845 5417 1080 5453 0mISSIS.
1128 5402 1260 5453 lbtd.
1294 5401 1436 5453 Felc.
1481 5403 1534 5453 5.
1589 5399 1849 5453 Ωοιγένης

288 5407 340 5451 et
371 5398 512 5454 Felc.
542 5401 594 5464 1,
629 5398 814 5455 multis
845 5398 1080 5456 omissis.
1128 5402 1260 5456 lbid.
1294 5398 1436 5458 Felc.
1481 5403 1534 5468 5,
1573 5399 1851 5469 Ὠριγένης

288 5469 624 5542 cumdeuso
650 5471 865 5542 spiritu.
915 5472 1035 5526 Mox
1069 5470 1310 5542 _Regius,
1359 5473 1582 5542 Seguer.
1631 5469 1846 5524 Gobler.

289 5535 466 5610 Felck.
511 5541 564 5604 1,
593 5531 952 5609 Θεόγνωστος.
981 5531 1118 5596 Editi
1155 5531 1210 5594 et
1239 5531 1352 5606 alii,
1378 5531 1755 5610 Θὲὡγνωστος.

355 5609 469 5681 (81)
517 5610 612 5666 Sic
654 5610 784 5681 Reg.
831 5610 1055 5681 Seguer.
1099 5610 1265 5665 Basil.
1313 5613 1417 5666 Alii
1463 5609 1594 5666 vero
1636 5611 1850 5681 codices

286 5679 596 5752 mssa—1:59).
617 5679 822 5735 τούτων
850 5679 1289 5752 συγγράμμασιν.
1317 5682 1479 5747 Editi,
1499 5699 1562 5736 πε
1573 5682 1624 5752 ρ).
1643 5680 1851 5743 τούτοις

288 5750 733 5822 συγγράμμασιν.

603 5865 877 5930 ΡΑτιιοι..
923 5865 1038 5929 Gn.
1085 5864 1318 5928 XXVI.

1967 4767 2110 4856 {Editi
2138 4767 2315 4828 'vero.
2363 4767 2616 4842 τοιαύτην
2636 4767 2794 4824 ⁷εἷναι
2833 4772 2932 4843 τὴν
2984 4771 3064 4834 εἰς
3109 4771 3170 4824 τὸ
3215 4768 3438 4840 Πνεῦμα
3475 4768 3538 4819 τὸ

1968 4857 2140 4895 αγιον.

2006 4859 2150 4981 Y(8%.)
2181 4909 2316 4979 Reg.
2353 4909 2573 4979 Seguer.
2609 4911 2826 4966 Gobler.
2859 4920 2913 4981 et
2951 4909 3132 4981 Felck.
3175 4909 3228 4974 1,
3256 4909 3356 4981 τῇς
3387 4905 3538 4968 θείας

1964 4977 2190 5046 δωρεᾶς.
2231 4977 2289 5033 Ιιί
2314 4977 2447 5035 aliis
2473 4981 2620 5044 θείας
2653 4985 2820 5037 deest.
2865 4980 2990 5035 Mox
3033 4980 3162 5046 Reg.
3192 4986 3247 5032 et
3283 4977 3534 5046 Seguer.,

1967 5045 2479 5121 παλινδρομήσωσιν
2515 5067 2623 5106 una
2657 5067 2810 5115 voce,
2841 5051 3041 5106 rectius
3069 5062 3233 5119 quam
3265 5045 3394 5102 editi
3427 5045 3535 5099 πά-

1963 5120 2450 5200 λινὲρρίξῂσωειν..
2665 5189 2696 5200 _
2873 5188 2884 5200 ,
3194 5186 3206 5200 .
3268 5183 3286 5200 .
3419 5193 3431 5200 _
3479 5183 3491 5195 .

1993 5183 2282 5315 d(§&)'Sic
2323 5189 2523 5261 Regius
2563 5199 2616 5245 et
2663 5188 3065 5259 Seguerianus;
3114 5186 3208 5240 καί
3253 5183 3438 5240 deerat
3477 5183 3532 5238 in

2034 5277 2045 5312 ι
2077 5277 2142 5315 IS.

1960 5261 2142 5316 editis.

2033 5330 2144 5400 (85)
2174 5329 2246 5384 lta
2284 5330 2414 5400 Reg.
2449 5329 2674 5399 Seguer.
2709 5323 3440 5400 et_Anglic._At_Gob_lerian_.
3481 5331 3537 5377 et

1959 5394 2104 5454 Felc.
2127 5394 2192 5464 ’1,
2217 5394 2390 5452 ταῦτᾶ
2426 5394 2702 5469 μὲν’κοινῇ
2731 5394 2966 5469 λέγουσι.
3010 5394 3068 5469 in
3099 5394 3384 5469 Basilicus.
3419 5395 3535 5448 haec

1958 5470 2157 5523 desunt
2201 5484 2374 5537 usque
2409 5463 2478 5522 ad
2516 5463 2712 5537 vocenig
2749 5465 3008 5537 διάνοιαν.
3050 5463 3195 5537 Infra
3241 5463 3442 5537 Regius
3477 5473 3534 5537 et

1957 5537 2102 5592 Felc.
2123 5537 2180 5601 2,
2216 5533 2502 5608 Ὥριγένηςλ
2529 5551 2654 5590 cum
2683 5535 2853 5591 denso
2880 5535 3095 5605 spiritu.
3123 5533 3295 5592 Paulo
3323 5533 3446 5604 post
3475 5534 3532 5589 in

1957 5607 2146 5672 Basil.,
2189 5606 2642 5660 τοιούτωνδοθεῑ.

1957 5675 2396 5802 Εᾱ(ἓθ)ἧιὲἓὲἰιιε,
2431 5674 2655 5746 Seguer.
2696 5673 2916 5731 Gobler.
2953 5683 3008 5731 et
3043 5673 3228 5732 Felck.
3255 5673 3308 5743 1,
3333 5673 3531 5744 διήκει.

2041 5757 2117 5815 ιιι,
2147 5757 2290 5814 mest.

3133 5860 3212 5920 21
