3914 6222
404 320 504 378 651

1005 311 1066 366 S.
1102 299 1474 365 ATHANASH
1514 306 1664 364 OPP.
1731 305 1912 362 PARS
1939 307 1975 362 1.

2080 302 2501 361 -ῘΙΙΞΤΟΒΙΟΑ
2536 302 2626 357 ΕΤ
2662 290 3110 358 ΒΟΟΜΑΤῙΟΑῘ

3530 302 3640 358 652

401 434 500 505 qui
530 431 615 488 sui
660 426 948 502 participes
982 423 1158 482 effecti
1190 431 1318 480 sunt
1354 420 1409 476 in
1435 420 1779 493 baptismatis
1805 420 1970 475 colla-

2080 417 2466 488 μεταλαϐόντας
2497 416 2606 489 (87)
2635 415 2798 469 αὑτοῦ
2850 416 2909 468 ὲν
2929 417 2994 486 τῇ
3019 413 3112 468 τοῦ
3147 414 3528 484 βαπτίσματος
3559 414 3644 466 δό-

407 526 572 580 tione.
601 521 736 578 Cum
760 519 924 590 igitur
944 515 1316 572 catcchumeni
1339 525 1393 570 et
1414 513 1617 569 ethnici
1645 520 1890 582 peccant,
1917 511 1972 564 in

407 614 604 670 Filium
640 619 886 684 peccant,
910 609 1169 680 quoniam
1217 608 1264 663 is
1301 615 1387 662 est
1416 607 1473 660 in
1505 606 1632 672 illis,
1663 614 1723 661 ut
1767 604 1971 659 dictum

403 716 526 762 est:
557 712 786 776 possunt
811 711 992 757 tamen
1009 701 1220 755 veniam
1253 697 1642 768 consequi,ubi
1664 695 1975 765 acceperint

405 801 610 853 donum
654 794 1100 868 regenerationis.
1149 791 1288 848 Cum
1332 801 1514 846 autem
1562 788 1817 858 baptizati
1851 803 1975 858 pec-

407 899 555 958 cant,
587 890 731 945 hanc
764 886 1104 957 iniquitatem
1132 885 1186 938 in
1216 881 1478 954 Spiritum
1509 889 1758 936 sanctum
1790 894 1977 934 recur-

408 998 529 1038 rere
567 981 665 1048 ait,
702 979 831 1050 quia
864 986 978 1033 tum
1010 974 1252 1046 peccavit
1285 975 1448 1028 homo
1480 987 1605 1028 cum
1635 973 1689 1026 in
1715 971 1806 1026 illo
1831 980 1977 1026 esset

409 1074 664 1145 Spiritus.
690 1069 924 1141 Ideoque
951 1067 1156 1124 remitti
1181 1080 1291 1120 non
1322 1078 1483 1135 posse
1511 1062 1841 1134 supplicium
1870 1061 1974 1132 ipsi

406 1166 670 1223 debitum.
704 1181 724 1216 ι

478 1339 565 1394 Η.
596 1336 970 1406 Theognostus
993 1341 1172 1388 autem
1216 1333 1330 1388 lucc
1363 1330 1550 1401 adjicit
1577 1347 1592 1384 :
1629 1346 1648 1380 ι
1677 1329 1779 1396 Qui
1816 1328 1976 1399 562

405 1431 644 1499 primum
693 1434 748 1481 ct
795 1423 1092 1479 secundum
1135 1422 1427 1477 terminum
1469 1429 1840 1491 transgressus
1871 1428 1976 1484 est,

407 1520 606 1576 minori
657 1517 922 1587 supplicio
974 1515 1170 1586 dignus
1223 1515 1391 1570 videri
1433 1513 1606 1584 possit
1663 1513 1756 1583 qui
1796 1523 1978 1567 autem

408 1613 626 1667 tertium
669 1609 1057 1679 contempserit
1104 1623 1212 1662 non
1261 1606 1494 1662 ulterius
1520 1605 1733 1661 veniam
1784 1620 1979 1659 conse-

405 1712 620 1774 quetur.
651 1699 893 1755 Primum
925 1708 1104 1754 autem
1139 1697 1427 1753 terminum
1453 1706 1506 1752 et
1551 1695 1848 1752 secundum
1871 1705 1980 1750 ter-

406 1795 617 1850 minum
653 1793 751 1858 ait,
780 1791 1084 1848 doctrinam
1117 1790 1182 1844 de
1212 1789 1371 1843 Patre
1411 1798 1465 1844 et
1495 1787 1634 1842 Filio
1663 1797 1939 1858 acceptam
1964 1804 1976 1840 :

405 1886 629 1941 tertium
659 1899 810 1951 vero,
830 1882 1067 1938 Verbum
1101 1881 1154 1935 in
1183 1880 1488 1936 initiatione
1519 1890 1574 1936 et
1603 1880 1657 1935 in
1695 1880 1981 1950 participa-

405 1978 553 2033 tione
600 1975 836 2046 Spiritus
870 1974 1167 2030 traditum:
1204 1974 1350 2043 quod
1395 1974 1717 2030 confirmare
1767 1973 1975 2044 volens,

405 2070 625 2126 adducit
648 2069 779 2124 illud
800 2067 1081 2138 discipulis
1108 2081 1140 2121 a
1172 2064 1453 2122 Salvatore
1479 2067 1718 2122 dictum:
1750 2084 1768 2118 ε
1788 2066 1979 2120 Adhuc

411 2181 431 2215 ι
473 2162 642 2216 multa
665 2159 838 2214 habeo
864 2158 1019 2214 vobis
1048 2157 1248 2224 dicere,
1279 2157 1371 2213 sed
1401 2173 1506 2212 non
1522 2157 1746 2228 potestis
1764 2165 1980 2227 portare

410 2272 432 2306 ε
471 2253 653 2308 modo.
677 2250 813 2306 Cum
831 2263 1011 2306 autem
1031 2249 1238 2305 venerit
1263 2248 1498 2320 Spiritus
1529 2259 1750 2305 sanctus
1766 2248 1981 2304 docebit

408 2361 431 2396 ι
472 2357 570 2398 νοε
593 2342 662 2396 ⁵ο.
691 2360 710 2394 ι
756 2341 957 2396 Deinde
985 2341 1088 2395 ait:
1119 2359 1138 2393 ι
1170 2339 1434 2397 Sicuteos
1461 2341 1552 2412 qui
1572 2339 1808 2410 perfecta
1837 2355 1979 2394 non-

402 2436 536 2489 dum
567 2448 760 2503 capere
789 2440 1019 2504 possunt
1043 2431 1339 2502 alloquitur
1371 2429 1641 2496 Salvator,
1663 2431 1729 2486 ad
1759 2431 1975 2486 illorum

407 2542 530 2582 sese
573 2525 896 2596 parvitatem
940 2523 1233 2580 demittens
1274 2542 1289 2580 :
1325 2538 1451 2580 cum
1497 2522 1748 2594 perfectis
1795 2532 1975 2579 autem

407 2619 644 2690 Spiritus
686 2626 909 2673 sanctus
950 2623 1237 2682 versatur;
1273 2631 1450 2686 neque
1482 2625 1662 2670 tamen
1703 2614 1828 2684 quis
1855 2615 1976 2669 ideo

405 2709 626 2773 dixerit,
673 2706 910 2778 Spiritus
953 2705 1125 2761 sancti
1155 2704 1479 2771 doctrinam,
1514 2703 1636 2760 Filii
1673 2704 1974 2760 doctrinam

406 2814 700 2870 superare;
732 2799 823 2855 sed
853 2800 998 2869 quod
1031 2797 1204 2852 Filius
1230 2797 1450 2868 quidem
1481 2812 1600 2853 sese
1627 2796 1876 2852 demittat
1908 2797 1975 2852 ad

409 2890 774 2962 imperfectos,
799 2888 1038 2960 Spiritus
1062 2903 1191 2944 vero
1233 2897 1457 2945 sanctus
1486 2889 1722 2959 sigillum
1755 2889 1827 2944 sit
1860 2905 1976 2960 per-

406 2983 712 3049 fectorum;
747 2982 828 3038 sic
877 2996 986 3036 non
1043 2989 1264 3051 propter
1313 2980 1686 3036 excellentiam
1739 2977 1974 3050 Spiritus

2076 529 2178 564 σει.
2212 512 2378 566 Ὅταν
2407 511 2582 564 τοίνυν
2616 506 3011 580 κατηχούμενοι
3063 509 3157 561 καὶ
3188 506 3444 578 Ἕλληνες
3469 507 3646 577 ἁμαρ-

2072 603 2325 665 τάνωσιν,
2353 604 2433 666 είς
2464 602 2561 673 μὲν
2585 601 2674 654 τὸν
2708 600 2836 655 Υίδν
2859 600 3281 672 ἁμαρτάνουσιν,
3317 599 3438 651 ἐπεὶ
3465 599 3522 652 ἐν
3549 597 3646 650 αύ-

2071 699 2183 760 τοῖς
2211 697 2379 763 ἐστιν,
2411 695 2599 768 ὥσπερ
2639 695 2871 767 εἴρηται·
2907 694 3155 749 δύνανται
3185 692 3240 745 δὲ
3271 692 3417 764 ὅμως
3438 690 3646 762 λαμϐά-

2073 806 2184 842 νειν
2208 789 2420 858 ἄφεσιν,
2449 789 2576 842 ὅταν
2637 785 3012 852 καταξιωθῶσι
3048 787 3256 858 δωρεᾶς
3313 783 3413 855 τῆς
3451 782 3646 851 παλιγ-

2073 881 2322 952 γενεσίας
2357 879 2490 950 (88).
2524 881 2691 935 Ὅταν
2730 881 2788 934 δὲ
2852 881 2903 933 οἱ
2962 877 3344 949 βαπτισθέντες
3395 876 3646 948 ἁμαρτά-

2073 987 2225 1034 νωσι,
2257 969 2355 1040 τὴν
2402 969 2656 1040 τοιαύτην
2700 967 3038 1041 παρανομίαν
3080 967 3159 1030 είς
3209 965 3270 1018 τὸ
3326 963 3548 1032 Πνεῦμα
3585 963 3649 1016 τὸ

2075 1062 2228 1130 ἅγιον
2276 1060 2497 1131 φθάνειν
2554 1060 2740 1132 φησίν·
2799 1060 2986 1131 ἐπειδὴ
3045 1061 3101 1112 ἐν
3158 1056 3306 1128 αὐτῷ
3358 1057 3648 1127 γενόμενος

2073 1153 2308 1224 ἥμαρτε·
2343 1154 2436 1206 καὶ
2468 1153 2556 1207 διὰ
2608 1152 2767 1207 τοῦτο
2816 1151 3197 1221 άσύγγνωστον
3237 1145 3497 1220 εἶναιτὴν
3526 1149 3648 1202 κατ’

2075 1245 2238 1298 αὑτοῦ
2262 1244 2548 1316 τιμωρίαν.
2582 1264 2601 1298 ι

2145 1335 2233 1392 11.
2267 1337 2324 1390 '0
2352 1336 2408 1390 δὲ
2437 1336 2776 1404 Θεόγνωστος
2829 1337 2924 1389 καὶ
2964 1336 3124 1398 αὐτὸς
3168 1332 3475 1407 προστιθείς
3511 1349 3648 1403 φησι

2075 1425 2266 1480 ταῦτα·
2303 1443 2321 1476 ι
2344 1426 2400 1478 '0
2421 1425 2634 1494 πρῶτον
2689 1426 3091 1498 παραϐεϐηκὼς
3109 1427 3234 1498 ὅρον
3281 1425 3374 1478 κα)¹
3402 1424 3652 1496 δεύτερον

2078 1518 2356 1580 ἐλάττονος
2388 1516 2451 1570 ἂν
2507 1515 2708 1581 ἀξιοῖτο
2749 1517 3036 1588 τιμωρίας·
3081 1520 3109 1572 ὁ
3142 1518 3198 1570 δὲ
3239 1517 3448 1570 καὶτὸν
3470 1516 3652 1587 τρίτον

2079 1606 2344 1679 ὑπεριδὼν
2371 1606 2553 1660 οὐκέτι
2585 1607 2653 1660 ἂν
2687 1606 3014 1678 συγγνώμης
3041 1607 3296 1678 τυγχάνοι
3327 1606 3460 1679 (89).
3490 1606 3652 1678 Πρῶ-

2078 1715 2170 1752 τον
2205 1699 2264 1752 δὲ
2297 1700 2418 1770 ὅρον
2445 1701 2538 1752 καὶ
2563 1700 2813 1772 δεύτερόν
2848 1717 2980 1772 φησι
3016 1699 3112 1772 τὴν
3137 1703 3266 1771 περὶ
3295 1700 3505 1770 Πατρὸς
3537 1700 3655 1771 (90)

2080 1791 2175 1843 καὶ
2223 1789 2354 1843 Υίοῦ
2387 1791 2706 1862 κατήχησιν·
2754 1791 2843 1845 τὸν
2893 1792 2950 1845 δὲ
2991 1792 3172 1864 τρίτον
3203 1791 3294 1846 τὸν
3330 1790 3442 1862 (9i)
3473 1791 3564 1845 ἐπὶ
3585 1795 3654 1864 τῇ

2077 1881 2351 1936 τελειώσει
2374 1883 2466 1936 καὶ
2495 1886 2561 1956 τῇ
2596 1882 2688 1937 τοῦ
2715 1884 3030 1955 Πνεύματος
3065 1887 3266 1956 μετοχῇ
3292 1885 3652 1956 παραδιδόμες

2079 1993 2167 2030 νον
2198 1975 2388 2044 Λόγον·
2443 1976 2536 2029 καὶ
2579 1975 2740 2028 τοῦτο
2793 1976 3083 2046 βεϐαιῶσαι
3137 1976 3328 2040 θέλων,
3370 1977 3563 2045 ἐπάγει
3595 1976 3654 2029 τὸ

2079 2067 2228 2139 παρά
2247 2068 2338 2121 τοῦ
2359 2069 2608 2140 Σωτῆρος
2629 2069 2913 2140 εἰρημένον
2934 2071 3048 2132 τοῖς
3066 2068 3352 2140 μαθηταῖς·
3371 2088 3388 2120 ι
3405 2069 3524 2122 Ἔτι
3538 2069 3653 2139 (92)

2085 2178 2104 2210 ι
2143 2158 2314 2213 πολλὰ
2343 2159 2450 2229 ἔχω
2473 2159 2600 2230 ὑμῖν
2642 2159 2840 2228 λέγειν,
2864 2159 2978 2213 ἀλλ’
3011 2159 3163 2213 οῦπω
3178 2159 3404 2212 δύνασθε
3429 2163 3654 2231 χωρεῖν.

2081 2271 2102 2304 ι
2139 2253 2306 2305 Ὅταν
2342 2253 2398 2305 δὲ
2425 2251 2554 2325 ἔλθῃ
2606 2252 2668 2304 τὸ
2715 2253 2868 2321 άγιον
2902 2242 3144 2324 Πνεῦμα,
3178 2249 3377 2316 διδάξει
3431 2253 3597 2321 ὑμᾶς.
3627 2271 3646 2304 ι

2078 2339 2212 2396 Εἶτά
2233 2357 2414 2414 φησιν·
2452 2359 2470 2394 ι
2503 2343 2710 2414 Ὥσπερ
2733 2345 2843 2405 τοῖς
2871 2343 3097 2414 μηδέπω
3123 2344 3319 2412 χωρεῖν
3337 2341 3654 2412 δυναμένοις

2076 2437 2145 2490 τά
2169 2435 2351 2489 τέλεια
2381 2435 2681 2504 διαλέγεται
2708 2437 2736 2488 ὁ
2759 2434 2969 2506 Σωτὴρ,
3006 2433 3450 2502 συγκαταϐαίνων
3472 2433 3654 2486 αὐτῶν

2076 2529 2142 2598 τῇ
2173 2527 2514 2598 σμικρότητι*
2550 2529 2661 2590 τοῖς
2693 2527 2749 2579 δὲ
2771 2524 3159 2596 τελειουμένοις
3203 2525 3514 2592 συγγίνεται
3541 2526 3652 2595 (93)

2076 2619 2137 2674 τὺ
2160 2619 2385 2690 Πνεῦμα
2411 2619 2469 2672 τὸ
2503 2619 2674 2688 ἆγιον,
2710 2619 2804 2673 καὶ
2840 2619 2900 2672 ού
2947 2618 3117 2689 δήπου
3151 2635 3232 2681 τις
3265 2619 3328 2670 ἐκ
3353 2617 3554 2670 τούτων
3585 2617 3652 2671 ἂν

2078 2709 2211 2782 φαίη
2257 2709 2354 2780 τὴν
2383 2708 2476 2762 τοῦ
2531 2707 2845 2779 Πνεύματος
2891 2705 3237 2760 διδασκαλίαν
3291 2706 3653 2772 ὑπερϐάλλειν

2075 2799 2175 2871 τῆς
2205 2797 2299 2852 τοῦ
2328 2799 2455 2852 Υίοῦ
2489 2799 2729 2869 διδαχῆς·
2758 2798 2870 2852 ἀλλ’
2897 2799 2978 2852 ὅτι
3028 2799 3057 2851 ὁ
3096 2798 3194 2869 μὲν
3225 2797 3352 2862 Υἱὸς
3378 2815 3655 2866 συγκαταε

2077 2889 2248 2945 ϐαίνει
2279 2892 2390 2954 τοῖς
2418 2890 2652 2954 ἀτελέσι,
2685 2890 2746 2943 τὸ
2770 2889 2826 2943 δὲ
2853 2890 3077 2962 Πνεῦμα
3123 2890 3354 2960 σφραγίς
3402 2891 3518 2943 ἐστι
3540 2889 3652 2944 τῶν

2075 2982 2500 3054 τελειουμένων·
2553 2981 2725 3045 οὕτως
2777 2981 2837 3035 ού
2891 2980 2980 3034 διά
3033 2983 3132 3053 τὴν
3191 2980 3495 3053 ὑπερϐολὴν
3555 2981 3651 3035 τοῦ

409 3077 584 3134 sancti
629 3091 742 3147 prae
784 3074 947 3140 Filio,
992 3073 1333 3144 inexpiabilis
1361 3082 1415 3128 et
1454 3073 1590 3130 citra
1629 3073 1844 3127 veniam
1891 3083 1974 3128 est

2080 3074 2389 3144 Πνεῦματος
2422 3072 2556 3146 πρὸς
2613 3074 2704 3127 τὸν
2731 3073 2857 3127 Υἱὸν
2908 3072 3145 3143 άφυκτός
3186 3073 3302 3125 ἐστι
3335 3072 3428 3124 καὶ
3482 3071 3653 3142 ἀσύγ-

407 3168 745 3239 blasphemia
777 3167 832 3221 in
866 3165 1128 3237 Spiritum
1155 3184 1168 3219 :
1193 3165 1284 3220 sed
1307 3164 1437 3236 quia
1462 3163 1789 3235 imperfectis
1812 3164 1972 3218 datur

407 3257 601 3325 venia;
630 3258 698 3314 iis
725 3273 853 3313 vero
883 3257 977 3328 qui
1019 3257 1224 3312 donum
1273 3256 1492 3312 caeleste
1513 3264 1890 3326 gustaverunt,
1919 3265 1974 3311 et

409 3349 607 3404 initiati
655 3359 802 3414 sunt,
843 3348 989 3404 nulla
1031 3349 1198 3403 veniae
1224 3347 1547 3418 relinquitur
1582 3347 1863 3403 excusatio
1888 3347 1974 3402 vel

407 3440 734 3512 deprecatio.
759 3459 777 3492 ι
809 3439 934 3496 Haec
968 3441 1147 3510 itaque
1172 3439 1273 3496 illi.

480 3621 568 3676 12.
591 3620 702 3692 Ego
730 3631 910 3676 autem
943 3635 1008 3676 ex
1035 3620 1101 3676 iis
1127 3635 1248 3690 qua;
1271 3619 1456 3683 didici.
1491 3619 1724 3675 arbitror
1765 3619 1971 3677 utrius-

409 3725 516 3780 que
563 3710 914 3776 seutentiam,
951 3708 1208 3763 mediocri
1257 3708 1492 3779 quadam
1539 3709 1890 3779 inquisitione
1921 3719 1976 3765 et

409 3797 785 3855 observatione
814 3798 1094 3868 indigere:
1121 3813 1189 3854 ne
1218 3797 1354 3854 forte
1373 3797 1694 3869 profundior
1728 3798 1975 3870 quaedam

411 3891 465 3946 in
499 3890 632 3960 ipsis
654 3891 871 3946 illorum
897 3890 1058 3969 dictis
1077 3905 1233 3945 mens
1252 3889 1435 3946 lateat.
1459 3890 1807 3947 Manifestum
1829 3891 1975 3947 enim

408 3993 492 4040 est
525 3981 720 4038 Filium
758 3997 882 4037 cum
919 3982 991 4037 sit
1018 3982 1073 4036 in
1111 3981 1289 4046 Patre,
1323 3982 1376 4038 in
1414 3982 1521 4039 illis
1552 3984 1715 4040 etiam
1755 4000 1892 4052 esse,
1919 3985 1974 4040 in

407 4072 610 4144 quibus
629 4081 714 4128 est
732 4070 911 4136 Pater,
934 4087 1035 4126 nec
1057 4071 1248 4127 abesse
1262 4071 1546 4142 Spiritum.
1561 4072 1796 4130 lndivisa
1821 4091 1978 4130 nam-

407 4177 518 4232 que
547 4169 631 4218 est
661 4171 871 4227 sancta,
903 4160 1141 4231 perfecta
1164 4172 1218 4218 et
1257 4164 1414 4219 beata
1439 4163 1698 4221 Trinitas.
1730 4165 1974 4236 Insuper,

409 4255 456 4308 si
491 4253 673 4309 omnia
712 4268 804 4323 per
846 4251 1042 4307 Filium
1092 4254 1235 4310 facta
1280 4263 1428 4325 sunt,
1455 4267 1510 4312 et
1554 4258 1606 4311 in
1642 4258 1761 4327 ipso
1792 4260 1975 4313 omnia

410 4346 736 4412 consistunt,
764 4344 1036 4416 quomodo
1075 4353 1228 4401 extra
1260 4346 1349 4400 illa
1399 4349 1516 4417 ipse
1548 4348 1708 4404 fuerit
1731 4366 1851 4420 qua:
1883 4366 1979 4421 per

2075 3183 2314 3235 γνωστος
2359 3166 2394 3237 ἡ
2452 3166 2532 3228 είς
2559 3163 2618 3218 τὸ
2654 3164 2878 3235 Πνεῦμα
2933 3163 3268 3235 βλασφημία·
3312 3163 3424 3218 ἀλλ’
3450 3163 3532 3216 ὅτι
3559 3163 3653 3215 ἐπὶ

2079 3259 2176 3330 μὲν
2207 3260 2318 3320 τοῖς
2339 3256 2580 3311 ἀτελέσιν
2604 3259 2720 3310 ἐστὶ
2753 3255 3069 3326 συγγνώμη·
3101 3255 3192 3308 ἐπὶ
3223 3255 3278 3308 δὲ
3310 3256 3421 3318 τοῖς
3451 3270 3652 3324 γευσα-

2078 3351 2262 3422 μένοις
2293 3351 2395 3420 τῆς
2418 3349 2663 3422 οὐρανίου
2693 3349 2804 3419 (94)
2830 3348 3037 3419 δωρεᾶς
3056 3347 3149 3400 καὶ
3179 3345 3539 3399 τελειωθεῖσιν
3563 3345 3653 3400 ού-

2075 3441 2236 3512 δεμία
2284 3439 2659 3512 περιλείπεται
2693 3437 3020 3510 συγγνώμης
3064 3437 3325 3506 ἀπολογία
3379 3436 3475 3490 καὶ
3505 3454 3649 3506 παρ-

2075 3532 2340 3604 αίτησις.»
2387 3533 2612 3586 Ἐκεῖνοι
2644 3530 2742 3601 μὲν
2776 3525 2868 3584 οῦν
2895 3529 3090 3583 ταῦτα.

2146 3624 2234 3680 12.
2268 3622 2408 3694 Ἐγὼ
2437 3623 2494 3676 δὲ
2521 3622 2612 3693 ἀφ’
2640 3615 2715 3677 ὧν
2757 3621 2979 3693 ἔμαθον,
3003 3619 3206 3692 νομίζω
3245 3619 3344 3689 τὴν
3387 3618 3648 3690 ἑκατέρου

2074 3717 2310 3771 διάνοιαν
2337 3715 2563 3789 μετρίας
2590 3715 2736 3778 τινὸς
2775 3714 3098 3784 δοκιμασίας
3118 3711 3413 3766 ἐπιδεῖσθαι
3433 3711 3528 3764 καὶ
3559 3727 3650 3764 κα-

2074 3809 2399 3879 τανοήσεως·
2433 3807 2506 3879 μὴ
2541 3805 2648 3877 ἄρα
2675 3805 3054 3875 κεκρυμμένος
3085 3804 3197 3875 (95)
3219 3803 3333 3856 ἐστί
3358 3820 3440 3866 τις
3465 3803 3522 3856 ὲν
3553 3801 3649 3854 αύ-

2074 3902 2187 3964 τοῖς
2215 3903 2328 3962 τοῖς
2347 3899 2438 3952 ὑπ’
2459 3898 2636 3952 αὐτῶν
2657 3897 2967 3970 εἰρημένοις
2996 3894 3290 3967 βαθύτερος
3314 3893 3456 3958 νοῦς.
3480 3893 3651 3964 Δῆλον

2076 3991 2206 4062 γὰρ,
2225 3990 2322 4055 ώς,
2353 3992 2382 4044 ὁ
2407 3989 2532 4054 Υἱὸς
2553 3991 2609 4044 ὲν
2639 3987 2717 4060 τῷ
2742 3988 2917 4060 Πατρὶ
2940 3985 3036 4051 ὢν,
3063 3989 3122 4041 ὲν
3150 3985 3358 4048 τούτοις
3388 3984 3555 4048 ἐστὶν,
3589 3985 3649 4036 ἐν

2075 4077 2157 4145 οἷς
2187 4083 2282 4136 καὶ
2311 4082 2340 4134 ὁ
2370 4083 2560 4153 Πατήρ
2614 4083 2749 4145 ἐστι,
2781 4079 2958 4134 καὶτὸ
3010 4077 3234 4149 Πνεῦμα
3265 4078 3367 4130 οὐκ
3399 4075 3644 4129 ἄπεστιν.

2089 4173 2412 4245 Ἀδιαίρετος
2438 4174 2546 4244 γάρ
2577 4175 2724 4226 ἐστιν
2762 4175 2796 4242 ἡ
2842 4171 2972 4240 ἁγία
3007 4171 3102 4224 καὶ⁹
3139 4168 3404 4240 μακαρία,
3433 4165 3528 4219 καὶ
3557 4182 3648 4218 τε-

2076 4264 2196 4318 λεία
2226 4266 2415 4337 Τριάς.
2448 4266 2566 4318 Ἔτι
2595 4266 2638 4318 δ’
2660 4261 2752 4318 οῦν
2787 4263 2898 4334 (96)
2929 4265 2977 4316 εἰ
3037 4262 3215 4316 πάντα
3269 4259 3358 4313 διὰ
3393 4255 3520 4310 Υίοῦ
3549 4256 3645 4324 γέ-

2077 4373 2222 4424 γονε,
2251 4355 2346 4409 καὶ
2377 4357 2434 4408 ὲν
2484 4355 2632 4426 αὐτῷ
2676 4354 2746 4408 τά
2809 4354 2988 4407 πάντα
3043 4353 3355 4420 συνέστηκε⁹
3407 4349 3523 4411 πῶς
3580 4346 3645 4402 ἂν

413 4437 592 4506 ipsum
631 4437 769 4492 facta
800 4437 958 4493 sunt?
988 4435 1081 4490 Sin
1110 4447 1289 4492 autem
1317 4439 1409 4494 illa
1439 4441 1507 4494 ab
1536 4441 1655 4510 ipso
1686 4458 1793 4496 non
1819 4443 1975 4514 longe

2080 4449 2236 4512 ἐκτὸς
2262 4449 2346 4518 εἴη
2403 4447 2510 4500 τῶν
2566 4447 2631 4501 δι’
2659 4445 2821 4500 αὑτοῦ
2885 4444 3225 4517 γενομένων;
3270 4443 3362 4514 Μὴ
3389 4443 3558 4494 ὅντων
3588 4439 3644 4492 δὲ

413 4527 635 4593 fuerint,
667 4531 724 4583 in
747 4528 998 4584 omnibus
1029 4529 1191 4598 igitur
1219 4539 1272 4586 et
1303 4531 1418 4600 ipse
1440 4531 1621 4599 fuerit,
1647 4543 1706 4588 ut
1731 4551 1981 4591 necessa-

412 4621 498 4674 rio
526 4619 620 4689 qui
658 4619 714 4673 in
755 4617 952 4673 Filium
997 4628 1184 4688 peccat
1209 4629 1264 4674 et
1286 4621 1645 4692 blasphemat,
1681 4623 1734 4678 in
1762 4623 1976 4681 Patrem

412 4725 633 4781 quoque
679 4721 734 4767 et
782 4711 836 4765 in
882 4709 1146 4781 Spiritum
1197 4722 1446 4770 sanctum
1494 4725 1698 4784 peccet.
1733 4715 1889 4784 Quod
1927 4718 1975 4774 si

481 4866 528 4899 ⁸⁸
561 4864 719 4922 Joan.
754 4880 865 4933 xvr,
900 4866 988 4934 12,
1014 4867 1100 4924 l5.

490 5015 602 5091 (87)
635 5017 768 5091 ﬂeg.
805 5028 861 5074 et
884 5017 1031 5089 Seg.,
1060 5019 1588 5091 μεταλαμϐάνοντας.
1616 5021 1720 5077 Alii
1749 5029 1802 5078 et
1830 5023 1984 5088 editi,

417 5088 834 5159 μετριλαβᾲντας.

487 5157 598 5234 (88)
630 5156 774 5234 Ηξιξε,
800 5159 928 5234 ὅταν
964 5156 1336 5234 καταξιωθῶσι
1362 5159 1568 5234 δωρεάς
1597 5161 1696 5232 τῆς
1721 5161 1979 5234 παλιγγε-

413 5227 622 5292 νεσίας,
655 5227 848 5283 desunt
884 5229 938 5282 in
967 5227 1275 5283 Goblerian.
1313 5239 1367 5285 et
1387 5229 1425 5283 F
1430 5227 1696 5286 elckman.
1738 5233 1788 5285 1.
1833 5227 1973 5288 Infra

413 5296 600 5367 iidem,
628 5298 1054 5367 ῥιμαρτάνουσιν.

455 5315 600 5360 uem,
633 5315 748 5367 αμα
787 5315 1054 5353 τανουσιν.

484 5366 594 5438 (89)
622 5365 713 5447 Sic
743 5315 1021 5439 ﬁegiusﬂet
1053 5366 1274 5440 Seguer.
1303 5367 1616 5425 Basiliensis
1667 5385 1817 5437 vero,
1842 5388 1973 5441 τυγ-

451 5435 570 5491 άνη.
603 5434 764 5491 Edlti.
796 5439 963 5491 τύγοι.

413 5451 570 5502 χάνῃ.
603 5451 764 5502 natu,
796 5451 963 5502 τύχοι.

414 5452 570 5504 χανῃ.
603 5452 764 5502 natu,
796 5452 963 5524 τύχοι.
1357 5507 1383 5518 _

488 5503 599 5635 (νο)
633 5505 759 5588 Reg.
788 5515 844 5561 et
867 5510 1113 5588 Sequen,
1143 5507 1271 5591 περὶ
1291 5525 1386 5562 του
1426 5510 1658 5608 Πατρός.

487 5571 567 5635 (9|
622 5574 725 5626 Tov
759 5577 911 5632 deest
949 5593 1004 5630 In
1037 5577 1205 5635 Remo
1236 5587 1290 5632 et
1327 5576 1550 5635 Seuuct.
1595 5578 1658 5631 Mi

487 5571 598 5641 (9|)
622 5571 734 5651 Τόν
759 5577 911 5651 deest
938 5571 1308 5651 inilcgio'et
1327 5571 1563 5651 Seguch
1595 5571 1717 5651 Mox
1751 5577 1970 5651 Regius,

417 5638 642 5724 Seguer.
678 5638 1147 5724 Aliﬂic._Gohlet_-T
1175 5655 1228 5724 c_t
1265 5638 1504 5724 _Fel_cl'{m_.
1532 5649 1595 5724 1,
1636 5649 1727 5724 καὶ
1767 5638 1859 5721 τῇν
1878 5638 1970 5705 τοῦ

413 5711 744 5780 Πνεῦματος.
766 5711 938 5778 Editi,
975 5715 1054 5768 ιιὶ
1074 5715 1164 5770 τὸν
1195 5716 1288 5770 ἐπὶ
1318 5721 1383 5788 τῇ
1408 5718 1500 5772 τοῦ
1531 5711 1863 5790 Πνεύματός.

2075 4538 2296 4592 ἐκείνων
2317 4514 2480 4591 αὐτοῦ
2522 4537 2758 4610 μακράν,
2809 4539 2867 4590 ὲν
2905 4514 3070 4590 πᾶσιν
3096 4537 3160 4590 ἂν
3189 4535 3281 4589 καὶ
3323 4533 3480 4596 αὐτὸς
3501 4530 3645 4584 εἰκό-
3671 4519 3674 4524 ’
3699 4514 3708 4566 Ϊ

2073 4647 2179 4693 τως
2207 4630 2312 4700 εἴη·
2339 4630 2414 4692 ὡς
2434 4629 2493 4694 έξ
2521 4630 2764 4699 ἀνάγκης
2788 4629 2877 4682 τὸν
2897 4631 2976 4693 εἰς
3004 4628 3095 4681 τὸν
3118 4627 3243 4681 Υίὸν
3269 4625 3646 4697 ἁμαρτάνοντα

2073 4722 2166 4774 καὶ
2197 4720 2618 4794 βλασφημοῦντα
2665 4721 2996 4793 ἁμαρτάνειν
3029 4721 3121 4774 καὶ
3175 4722 3255 4784 είς
3295 4719 3386 4774 τὸν
3422 4715 3644 4786 Πατέρα

2091 5095 2124 5107 η
2163 5025 2276 5107 (99)
2308 5025 2507 5107 Begius
2529 5034 2584 5082 et
2615 5027 3379 5107 SeguerianﬁfgﬂneixPaulo

2091 5097 2280 5168 iisdem
2310 5097 2368 5150 δέ
2399 5097 2546 5168 deest
2585 5097 2711 5167 post
2733 5100 2880 5156 ὅταν.
2915 5099 3115 5155 lhidem
3169 5097 3638 5168 RegiusLSeguer.

2085 5164 2302 5244 ροῦμεν.
2327 5177 2385 5244 et_
2409 5166 2552 5244 licio.
2584 5164 2811 5244 primus,
2840 5170 2900 5222 τὸ
2940 5171 3092 5244 ᾷγιον
3128 5164 3380 5244 Πνεῦμα.
3398 5164 3559 5232 Editi,
3579 5166 3641 5244 τρ

2083 5235 2306 5307 Πνεῦμα
2339 5237 2399 5289 τὸ
2427 5235 2600 5307 ἅγιον.
2622 5237 2718 5294 Hic
2742 5249 2918 5294 autem
2946 5235 3236 5307 scripturae
3261 5235 3434 5299 locus,
3465 5235 3636 5307 quoad

2080 5301 2404 5429 santentiam
2450 5301 2682 5376 tantum,
2714 5325 2822 5364 non
2869 5308 2938 5364 ad
2976 5301 3200 5365 verbum
3244 5310 3313 5364 ab
3343 5301 3640 5363 Athanasio

2080 5392 2104 5428 a
2148 5391 2206 5429 er
2234 5392 2316 5429 ur.
3395 5391 3402 5398 ·

2076 5386 2316 5430 auertur.
3395 5391 3402 5398 ’

2151 5446 2265 5519 (9ᾆ)
2295 5447 2504 5519 [iegius
2523 5456 2577 5502 et
2606 5446 2952 5519 Seguerian.,
2990 5446 3359 5519 συγγίγνεται.

2297 5516 2497 5588 [let—gius
2521 5527 2576 5573 et
2603 5516 2942 5586 Seguerian"
2974 5517 3334 5588 ἐπουρανίου.)

2299 5586 2500 5678 {Sasiae
2528 5596 2582 5642 ει
2607 5586 3488 5678 ἓεευθτίερηηκεὲ.ήεὲρξδμπένοξε
3632 5631 3640 5640 -

2151 5654 2264 5728 (96)
2303 5654 2402 5714 Sic
2429 5658 2562 5729 Reg.
2603 5669 2656 5715 et
2683 5654 2911 5729 Seguer.
2941 5657 3076 5716 Editi
3113 5654 3277 5727 vero,
3296 5654 3419 5711 Ἔτι
3439 5656 3483 5709 δ’
3509 5654 3593 5711 ἄν.

3419 5035 3543 5098 post
3587 5027 3640 5080 in
