3914 6222
304 366 407 423 653

1366 363 1704 421 EPISTULA
1739 362 1802 420 IV
1847 363 1938 418 AD
1975 359 2430 416 SERAPIONEM.

3442 337 3549 419 es}:

303 487 395 539 καὶ
420 485 500 548 εἰς
523 483 585 536 τὺ
619 483 770 552 άγιον
790 481 1032 553 Πνεῦμα.
1064 483 1174 537 Καὶ
1211 481 1274 535 τὸ
1300 484 1453 550 ἆγιον
1480 483 1536 536 δὲ
1577 483 1798 556 λουτρὸν
1820 485 1868 536 εἰ

1986 490 2220 535 sanctum
2250 472 2525 536 lavacrum
2554 477 2605 532 in
2633 479 2852 534 nomine
2875 477 3109 548 Spiritus
3133 475 3305 534 saneti
3332 486 3542 533 tantum

305 576 401 647 μὲν
428 577 509 640 εἰς
533 573 595 628 τδ
622 576 776 643 ἅγιον
805 577 914 640 (97)
943 574 1166 645 Πνεῦμα
1200 576 1357 646 μόνον
1389 575 1609 639 ἐδίδοτο,
1650 576 1870 638 εἰκότως

302 662 366 717 ἂν
393 662 609 731 ἐλέγετο
638 663 763 726 τοὺς
797 662 1220 733 βαπτιζομένους
1245 666 1324 727 είς
1377 665 1438 717 τὸ
1464 663 1686 736 Πνεῦμα
1718 665 1874 736 μόνον

301 753 658 823 ἁμαρτάνειψ
684 753 957 824 ἐπειδὴδὲ
991 757 1070 817 εἰς
1127 754 1347 826 Πατέρα
1402 755 1536 826 (98),
1577 758 1669 810 καὶ
1725 757 1872 824 Υίδν,

303 841 395 892 καὶ
414 843 570 909 ἅγιον
591 840 814 913 Πνεῦμα
856 841 1080 905 δίδοται,
1106 845 1200 896 κα).
1238 844 1381 898 οῦτω
1430 845 1729 901 τελειοῦται
1766 848 1876 900 τῶν

303 931 715 1002 βαπτιζομένων
774 933 1038 998 ἕκαστος,
1082 934 1296 1006 ἀνάγκη
1369 936 1529 990 πάλιν
1576 937 1687 1008 (99)
1751 941 1880 1002 τοὺς

305 1023 442 1092 μετὰ
466 1023 528 1076 τὸ
580 1024 861 1095 βάπτισμα
888 1024 1326 1097 παραϐαίνοντας
1359 1033 1438 1093 εἰς
1470 1029 1568 1102 τὴν
1603 1031 1761 1100 ἁγίαν
1786 1035 1879 1086 καὶ

302 1116 604 1188 ἀδιαίρετον
627 1117 832 1190 Τριάδα
884 1119 983 1189 τὴν
1033 1117 1382 1192 βλασφημίαν
1434 1124 1720 1179 ποιεῖσθαι.
1770 1126 1880 1179 Καὶ

303 1206 461 1259 τοῦτο
480 1207 537 1260 δὲ
562 1208 768 1262 δίκαιον
802 1209 867 1262 ἂν
893 1211 978 1281 εἴη
1003 1211 1309 1280 λογίζεσθαι
1351 1215 1446 1267 καὶ
1496 1219 1654 1270 νοεῖν.
1687 1217 1750 1270 El
1783 1219 1881 1288 μὲν

303 1297 437 1368 πρὸς
465 1299 728 1364 Ααϐόντας
778 1299 838 1353 τὺ
889 1301 1112 1374 λουτρὸν
1144 1304 1245 1374 τῆς
1275 1305 1712 1375 παλιγγενεσίας,
1758 1311 1883 1374 τοὺς

301 1391 623 1461 Φαρισαίους
643 1391 930 1463 λέγω,(1),
979 1396 1074 1448 καὶ
1120 1397 1486 1467 μετασχόντας
1531 1399 1727 1462 αὐτοὺς
1781 1399 1880 1470 ἤδη

301 1482 396 1552 τῆς
415 1483 623 1553 δωρεᾶς
677 1481 772 1536 τοῦ
805 1482 960 1553 ἁγίου
1007 1484 1347 1556 Πνεύματος,
1404 1487 1672 1556 διελέγετο
1719 1489 1748 1540 6
1780 1487 1885 1542 Κύ-

303 1590 434 1644 ριος,
469 1574 667 1644 πιθανή
690 1592 773 1636 τις
795 1570 920 1647 ἦνὴ
953 1575 1176 1647 τοιαύτη
1225 1576 1451 1644 διάνοια,
1490 1578 1566 1642 ὼς
1601 1579 1885 1650 παλινδροο

307 1665 606 1733 μήσαντας,
626 1665 720 1718 καὶ
749 1665 1247 1737 πλημμελήσαντας
1272 1668 1352 1732 εἰς
1380 1669 1441 1722 τὸ
1468 1669 1620 1738 ἆγιον
1636 1671 1880 1741 Πνεῦμα·

304 1755 432 1808 εἰδὲ
463 1758 601 1827 μήτε
642 1757 702 1808 τὸ
739 1756 959 1829 λουτρὸν
1017 1759 1321 1831 εἰλήφασιν,
1375 1760 1511 1812 ἀλλὰ
1558 1761 1743 1815 καὶτὸ
1791 1761 1883 1815 τοῦ

1973 573 2213 638 daretur,
2237 572 2361 642 jure
2391 572 2664 626 diceretur
2695 572 3020 640 baptizatos,
3050 572 3102 625 in
3131 571 3391 641 Spiritum
3420 586 3549 624 san-

1974 671 2119 718 ctum
2146 663 2411 717 duntaxat
2444 678 2688 733 peccare.
2726 661 2862 717 Cum
2899 672 3082 718 autem
3115 664 3169 718 in
3199 666 3416 720 nomine
3447 664 3550 718 Pa-

1977 756 2079 811 tris
2103 765 2158 811 et
2187 753 2310 809 Filii
2337 765 2390 809 et
2425 753 2664 824 Spiritus
2693 754 2868 810 sancti
2895 756 3054 810 detur
3079 775 3092 810 :
3125 756 3313 826 sicque
3346 756 3546 826 singuli

1977 847 2069 916 qui
2107 847 2472 918 baptizantur,
2509 847 2810 914 initientur,
2854 854 3283 902 consentaneum
3324 861 3549 916 prorsus

1977 947 2060 994 est
2087 947 2146 993 ut
2172 937 2263 1008 qui
2296 948 2420 1008 post
2453 937 2718 1006 baptisma
2740 939 3186 1007 praevaricantur,
3217 937 3272 990 in
3307 946 3547 991 sanctam

1977 1038 2030 1084 et
2053 1029 2336 1085 indivisam
2361 1028 2679 1083 Trinitatem
2698 1029 3092 1099 blasphement.
3125 1026 3193 1080 Et
3216 1027 3318 1081 hoc
3333 1040 3548 1096 aequum

1979 1124 2064 1170 est
2094 1117 2166 1170 ita
2200 1117 2438 1186 cogitare
2477 1125 2532 1170 et
2567 1115 2888 1186 intelligere.
2933 1112 3093 1170 Certe
3125 1113 3172 1168 si
3205 1113 3240 1167 ii
3285 1127 3425 1182 quos
3461 1112 3552 1168 ille

1981 1208 2380 1278 alloquebatur,
2414 1208 2673 1262 Pharisaei
2712 1223 2926 1278 nempe,
2959 1207 3234 1261 lavacrum
3262 1219 3550 1275 regenera-

1982 1301 2148 1356 tionis
2171 1301 2528 1371 accepissent,
2556 1307 2611 1355 et
2640 1301 2768 1356 doni
2805 1299 2977 1356 sancti
3007 1297 3244 1368 Spiritus
3282 1298 3396 1367 jam
3427 1313 3553 1367 par-

1981 1393 2172 1463 ticipes
2202 1392 2450 1459 fuissent,
2482 1393 2796 1449 verisimilis
2819 1401 2966 1448 esset
2985 1390 3255 1462 ejusmodi
3285 1390 3552 1458 interpre-

1984 1486 2134 1550 tatio,
2164 1486 2240 1540 illi
2271 1485 2469 1556 quippe
2494 1501 2524 1540 a
2545 1486 2755 1556 justitia
2787 1485 3165 1550 descivissent,
3198 1491 3252 1538 et
3290 1483 3345 1536 in
3381 1480 3554 1550 Spiri-

1983 1588 2097 1633 tum
2137 1588 2386 1634 sanctum
2433 1577 2814 1647 deliquissent.
2845 1577 2938 1632 sed
2976 1591 3099 1631 cum
3130 1575 3411 1630 lavacrum
3445 1587 3552 1628 non

1984 1669 2313 1739 acceperint,
2344 1671 2437 1725 sed
2471 1670 2633 1725 etiam
2673 1669 2940 1739 baptisma
2986 1667 3213 1722 Joannis
3253 1664 3552 1736 vilipende—

1986 1761 2116 1824 rint,
2157 1777 2255 1817 cur
2282 1763 2405 1817 illos
2439 1763 2728 1817 accusabat
2766 1769 2827 1816 ut
2861 1762 2954 1830 qui
2983 1759 3455 1829 blasphemassent
3497 1757 3554 1810 in

316 1847 560 1900 Ἰωάννου
614 1848 690 1919 (9.)
738 1847 1022 1920 βάπτισμα
1069 1849 1517 1922 ὲξουθενήσαντες
1559 1848 1719 1924 ἦσαν,
1763 1855 1877 1919 πῶς

1986 1851 2241 1922 Spiritum
2277 1863 2550 1919 sanctum,
2583 1854 2740 1924 cujus
2774 1855 3011 1908 nondum
3049 1850 3339 1922 participes
3378 1847 3552 1916 eﬂ‘ecti

304 1941 490 2010 ᾐτιᾶτο
509 1938 732 2002 τούτους
758 1939 832 2004 ὡς
882 1939 1380 2012 βλασφημήσαντας
1407 1944 1488 2005 είς
1537 1941 1598 1995 τὸ
1649 1943 1876 2016 Πνεῦμα

304 2033 362 2084 τὸ
380 2033 554 2100 άγιον,
573 2026 632 2084 οῦ
663 2034 885 2104 μηδέπω
913 2034 1128 2106 μέτοχοι
1158 2035 1473 2104 γεγόνεισαν
1501 2035 1609 2107 ('6);
1637 2037 1746 2090 Καὶ
1770 2037 1878 2107 γὰρ

303 2122 362 2173 ού
396 2122 658 2175 διδάσκων
687 2123 870 2187 ἁπλῶς
900 2126 928 2176 6
949 2123 1156 2194 Κύριος
1188 2124 1368 2178 ἐλάλει
1401 2125 1594 2190 ταῦτα,
1633 2127 1754 2180 οὐδὲ
1789 2129 1880 2180 ἐπὶ

306 2213 555 2283 μέλλουσι
583 2215 682 2284 τὴν
713 2214 982 2287 τιμωρίαν
1009 2216 1241 2286 ἠπείλει·
1284 2217 1400 2270 ἀλλ’
1431 2216 1592 2282 εὐθὺς
1621 2218 1880 2290 αἰτιώμε-

303 2321 390 2368 νος
433 2305 648 2375 άληθῶς
696 2308 824 2369 τοὺς
865 2307 1209 2377 Φαρισαίους,
1262 2307 1338 2372 ὡς
1387 2309 1489 2379 ἤδη
1550 2309 1880 2379 γενομένους

302 2396 630 2460 ὑπευθύνους
654 2398 750 2468 τῆς
777 2397 1105 2471 τηλικαύτης
1130 2399 1497 2471 βλασφημίας,
1516 2400 1704 2472 εἴρηκε
1725 2403 1883 2454 τοῦτο

301 2489 359 2541 τὸ
393 2487 554 2558 ῥητὸν
586 2491 614 2542 6
647 2489 870 2559 Κύριος.
917 2490 1039 2544 Τῶν
1060 2491 1116 2543 δὲ
1143 2491 1451 2562 Φαρισαίων
1482 2491 1624 2544 οὕτω
1644 2510 1882 2564 κατηγο-

303 2579 600 2650 ρουμένων,
647 2580 742 2632 κα).
776 2582 904 2652 πρὶν
923 2581 1108 2634 λαϐεῖν
1133 2583 1329 2644 αὐτοὺς
1352 2581 1414 2634 τὸ
1452 2582 1753 2652 βάπτισμα,
1785 2584 1884 2637 οὑκ

301 2670 363 2724 ἂν
386 2673 472 2740 εἴη
502 2670 660 2724 τοῦτο
710 2672 872 2742 ῥητὸν
925 2673 1018 2725 ἐπὶ
1054 2673 1180 2736 τοὺς
1225 2673 1362 2744 μετά
1392 2672 1455 2726 τὸ
1507 2673 1732 2745 λουτρὸν
1776 2693 1883 2729 πα-

304 2764 680 2834 ραϐαίνοντας·
717 2767 810 2818 καὶ
845 2765 1078 2836 μάλιστα
1127 2767 1209 2820 ὅτι
1234 2767 1331 2836 ούχ
1354 2765 1540 2830 ἁπλῶς
1581 2767 1674 2819 ἐπὶ
1707 2767 1887 2839 ἁμαρ-

301 2855 466 2920 τίαις,
504 2856 618 2909 ἀλλ’
658 2857 749 2909 ἐπὶ
785 2857 1104 2929 βλασφημίᾳ
1138 2858 1339 2921 αὐτοὺς
1391 2859 1600 2928 ᾐτιᾶτο.
1628 2858 1885 2930 Διαφέρει

302 2946 378 3010 δὲ,
429 2948 511 3000 ὅτι
560 2949 588 3000 6
635 2949 733 3018 μὲν
791 2949 1123 3020 ἁμαρτάνων
1173 2949 1501 3021 παραϐαίνει
1553 2951 1734 3021 νόμον⁶
1776 2951 1887 3005 ὁδὲ

304 3038 638 3110 βλασφημῶν
666 3041 745 3102 εἰς
773 3040 941 3111 αὐτὴν
965 3040 1155 3094 ἀσεϐεῖ
1179 3041 1278 3112 τὴν
1312 3041 1562 3113 θεότητα.
1606 3042 1728 3096 Ἐπὶ
1761 3043 1888 3097 πολ-

301 3131 419 3193 λαῖς
454 3132 498 3184 δ’
525 3127 618 3184 οὖν
669 3131 932 3204 πρότερον
974 3131 1372 3202 πλημμελείαις
1421 3131 1742 3205 αἰτιώμενος
1779 3135 1877 3187 αύ-

303 3224 424 3288 τοῦς
453 3227 481 3277 6
513 3192 724 3296 Σωτὴρ,
750 3192 934 3295 ὃτι-(4)
965 3192 1314 3296 τὴν-’ἐντολὴν
1342 3192 1436 3278 τοῦ
1470 3192 1604 3280 Θεοῦ
1623 3192 1877 3299 τὴν-περὶ
1902 3192 1944 3249 C

302 3316 406 3370 τῶν
435 3317 637 3385 γονέων
687 3316 775 3370 διὰ
833 3316 1092 3389 ἀργύριον
1141 3317 1491 3389 παρέϐαινον,
1537 3321 1632 3374 καὶ
1675 3321 1744 3374 τά
1762 3321 1873 3375 τῶν

302 3408 596 3478 προφητῶν
651 3410 1051 3480 παρεκρούοντο
1071 3451 1086 3476 ,
1134 3411 1228 3464 καὶ
1289 3411 1378 3464 τὸν
1421 3408 1566 3466 οἶκον
1611 3411 1706 3466 τοῦ
1745 3413 1879 3468 Θεοῦ

303 3502 516 3553 ἐποίουν
553 3497 699 3554 οἷκον
735 3502 1020 3574 ἐμπορίου,
1048 3504 1196 3573 ὅμως
1223 3504 1453 3574 παρῄνει
1482 3505 1576 3558 καὶ
1605 3508 1882 3575 μετανοεῖν

307 3593 489 3656 αὐτοῖς
521 3592 622 3662 (5).
667 3593 788 3646 Ἐπὶ
809 3593 867 3646 δὲ
889 3593 966 3664 τῷ
997 3594 1177 3662 λέγειν
1203 3595 1418 3658 αὐτοὺς,
1449 3597 1537 3651 Ἐν
1559 3597 1882 3661 Βεελζεϐοὺλ

303 3682 551 3737 ἐκϐάλλει
605 3683 672 3737 τὰ
719 3684 1003 3756 δαιμόνια,
1061 3685 1162 3739 οὐκ
1215 3685 1298 3738 ἔτι
1344 3685 1546 3757 ταύτην
1608 3689 1881 3760 ἁμαρτίαν

303 3773 508 3838 ἁπλῶς,
543 3775 678 3829 ἀλλὰ
709 3775 1056 3847 βλασφημίαν
1087 3776 1306 3847 εἴρηκεν
1351 3774 1491 3831 εἶναι
1526 3780 1878 3852 τηλικαύτην,

301 3863 439 3917 ὥστε
473 3864 714 3934 ἄφυκτον
742 3867 836 3920 καὶ
861 3866 1248 3936 ἁσύγγνωστον
1287 3862 1428 3924 εἶναι
1481 3869 1579 3939 τὴν
1608 3871 1880 3942 τιμωρίαν

302 3958 411 4018 τοῖς
439 3955 661 4010 τοιαῦτα
683 3956 976 4027 τολμῶσιν.

382 4046 469 4100 15.
511 4047 718 4111 Ἀλλως
737 4065 819 4114 τε,
843 4051 891 4102 εί
925 4047 1030 4103 τῶν
1059 4047 1196 4119 μετά
1221 4049 1281 4102 τὸ
1305 4047 1525 4119 λουτρὸν
1549 4049 1883 4122 ἁμαρτανόν-

300 4155 405 4191 των
436 4139 600 4209 χάριν
625 4139 836 4211 εῐρηται
859 4139 1017 4194 τοῦτο
1040 4141 1098 4194 τὺ
1127 4141 1310 4213 ῥητὸν,
1345 4141 1440 4194 καὶ
1464 4141 1675 4206 τούτοις
1713 4143 1881 4213 ἁσύγ-

303 4226 542 4293 γνωστὸς
563 4227 708 4280 ἐστιν
739 4230 772 4299 ή
808 4228 884 4299 (6)
906 4229 1014 4282 τῶν
1049 4229 1536 4300 πλημμελημάτων
1580 4231 1725 4304 δίκη·
1760 4234 1881 4298 πῶς

302 4334 376 4387 τρ
406 4318 506 4388 μὲν
551 4320 610 4372 ὲν
653 4320 902 4390 Κορίνθῳ
963 4320 1309 4391 μετανοοῦντι
1353 4325 1510 4392 κυροῖ
1567 4322 1666 4394 τὴν
1709 4327 1878 4398 αὐτὴν

302 4410 523 4480 ἀγάπην
545 4412 574 4463 6
612 4411 951 4474 Ἀπόστολος,
985 4412 1110 4474 τοῦς
1145 4411 1203 4463 δὲ
1235 4411 1479 4476 Γαλάτας
1510 4413 1876 4489 παλινδρομή-

1978 1941 2354 2000 fuerant?Non
2373 1947 2517 2000 enim
2538 1945 2858 2016 simpliciter
2884 1944 3131 1999 docendo
3149 1943 3412 1998 Dominus
3439 1942 3557 1996 haec

1977 2035 2334 2106 loquebatur,
2381 2052 2557 2109 neque
2601 2037 2668 2092 iis
2708 2037 2802 2107 qui
2838 2034 3008 2090 futuri
3034 2033 3192 2090 erant
3223 2032 3550 2104 supplicium

1980 2127 2475 2195 interminabatur;
2509 2127 2602 2183 sed
2649 2127 2704 2180 in
2751 2124 3044 2196 praesentia
3081 2137 3205 2177 vere
3249 2121 3555 2176 Phariszcos

1982 2217 2240 2273 incusans
2287 2227 2472 2288 utpote
2506 2228 2672 2273 tanta:
2713 2217 3067 2288 blasphemia!
3098 2215 3210 2286 jam
3243 2229 3389 2281 reos,
3420 2211 3555 2274 illud

1981 2309 2196 2364 dicebat
2214 2310 2495 2367 Dominus.
2510 2310 2801 2367 Pbarismis
2816 2311 2980 2380 igitur
2995 2310 3069 2364 ita
3085 2308 3355 2364 accusatis
3378 2306 3531 2376 prius
3553 2343 3560 2349 ι

1983 2414 2146 2468 quam
2177 2401 2443 2470 baptisma
2485 2402 2873 2471 percepissent,
2913 2400 3018 2454 hoc
3050 2407 3197 2453 certe
3226 2397 3432 2452 dictum
3463 2410 3558 2449 eos

1984 2494 2207 2548 minime
2242 2503 2450 2564 spectat
2494 2494 2587 2564 qui
2623 2503 2743 2564 post
2776 2496 3054 2548 lavacrum
3093 2490 3553 2561 praevaricantur;

1985 2597 2039 2640 et
2069 2586 2367 2656 praesertim
2413 2587 2540 2657 quia
2583 2601 2677 2640 eos
2707 2584 2908 2640 nonde
2939 2580 3274 2652 quibuslibet
3295 2583 3555 2650 peccatis,

1987 2681 2080 2736 sed
2106 2681 2172 2735 de
2202 2679 2540 2750 blasphemia
2589 2679 2900 2734 accusabat.
2936 2675 3059 2730 Haec
3098 2682 3281 2730 autem
3322 2675 3465 2729 inter
3494 2688 3554 2727 se

1986 2769 2262 2836 differunt,
2302 2770 2444 2838 quod
2480 2767 2573 2836 qui
2621 2775 2844 2838 peccat,
2883 2766 3051 2836 legem
3105 2763 3556 2834 transgrediatur,

1987 2861 2079 2929 qui
2104 2875 2229 2914 vero
2258 2859 2616 2928 blasphemat,
2651 2857 2704 2910 in
2740 2857 2911 2926 ipsam
2940 2854 3196 2909 deitatem
3224 2852 3388 2924 impie
3409 2861 3552 2924 agat.

1986 2950 2122 3006 Cum
2151 2961 2328 3006 autem
2375 2951 2498 3007 illos
2538 2949 2606 3004 de
2645 2949 2828 3003 multis
2871 2947 3029 3018 563
3054 2946 3376 3002 criminibus
3405 2946 3557 3016 prius

1990 3053 2273 3100 accusaret
2303 3042 2573 3108 Salvator,
2599 3041 2744 3112 quod
2773 3039 2982 3095 scilicet
3015 3039 3186 3109 legero
3219 3037 3288 3092 de
3310 3038 3555 3108 parenti-

1989 3137 2091 3193 bus
2133 3138 2297 3191 latam
2342 3146 2561 3206 propter
2593 3133 2893 3204 pecuniam
2940 3131 3471 3201 transgrederentur,
3505 3145 3560 3200 et

1983 3230 2368 3301 prophetarum
2415 3230 2558 3284 dicta
2598 3233 2939 3296 respuerent,
2980 3240 3046 3279 ac
3074 3224 3298 3278 domum
3335 3221 3431 3278 Dei
3461 3222 3560 3276 do-

1982 3337 2131 3377 mum
2162 3321 2400 3378 facerent
2422 3319 2837 3391 negotiationis;
2863 3326 3098 3372 attamen
3120 3316 3444 3372 hortabatur
3464 3329 3558 3369 eos

1983 3427 2044 3470 ut
2079 3415 2456 3486 paenitentiam
2493 3421 2733 3483 agerent.
2763 3409 2966 3465 Verum
2992 3409 3085 3464 ubi
3109 3409 3286 3479 ipsum
3315 3406 3558 3462 dicerent

1983 3511 2038 3564 in
2087 3508 2460 3565 Beelzebulem
2503 3507 2703 3577 ejicere
2755 3503 3066 3570 daemonia;
3115 3516 3223 3556 non
3259 3501 3366 3556 hoc
3390 3500 3554 3557 ultra.

1983 3610 2264 3671 peccatum
2305 3599 2646 3670 simpliciter,
2695 3597 2788 3654 sed
2823 3594 3217 3666 blasphemiam
3272 3591 3410 3648 dixit
3433 3604 3556 3646 esse

1984 3701 2211 3758 tantam,
2245 3701 2306 3746 ut
2346 3692 2441 3762 qui
2467 3690 2598 3745 talia
2639 3688 2886 3760 proferre
2916 3685 3036 3740 ausi
3067 3691 3272 3747 essent,
3300 3696 3404 3738 nec
3437 3695 3555 3752 pus-

1983 3769 2108 3839 nam
2134 3783 2390 3854 effugere,
2419 3796 2520 3837 nec
2545 3781 2756 3836 veniam
2787 3778 3032 3834 obtinere
3062 3782 3305 3847 possent.

2054 4046 2141 4100 l5.
2161 4044 2378 4114 Alioqui
2395 4043 2442 4099 si
2467 4056 2655 4098 eorum
2682 4055 2848 4096 causa
2868 4039 2960 4107 qui
2985 4045 3108 4108 post
3128 4035 3404 4091 lavacrum
3429 4047 3554 4103 pec-

1983 4148 2110 4196 cant
2149 4138 2201 4194 id
2232 4138 2435 4194 dictum
2484 4134 2706 4200 fuisset,
2743 4144 2796 4188 et
2832 4132 2909 4187 illi
2946 4133 3165 4187 veniam
3203 4134 3553 4199 peccatorum

1982 4236 2227 4290 obtinere
2253 4247 2363 4288 non
2384 4238 2631 4302 possent,
2658 4243 2754 4282 cur
2778 4225 3056 4280 hominem
3075 4222 3217 4293 apud
3239 4218 3556 4276 Corinthios

1982 4326 2355 4397 pmnitentem,
2372 4322 2424 4375 in
2455 4319 2720 4376 charitate
2742 4316 3029 4372 confirmat
3046 4314 3247 4369 Paulus
3285 4311 3330 4343 δι
3353 4353 3368 4377 ,
3398 4310 3555 4365 Gala—

1982 4430 2065 4475 tas
2091 4432 2220 4473 vero
2251 4424 2550 4470 retrorsum
2589 4412 2851 4466 abeuntes
2877 4407 3113 4480 parturit
3149 4407 3325 4462 donec
3356 4403 3556 4458 forme-

303 4517 498 4564 σαντας
525 4501 726 4565 ὼδίνει,
757 4501 915 4574 ἄχρις
936 4495 997 4554 οῦ
1029 4501 1188 4556 πάλιν
1219 4503 1477 4574 μορφωθῇ
1532 4505 1765 4575 Χριστὸς
1820 4512 1877 4563 ἐν

1986 4520 2068 4565 tur
2101 4510 2295 4564 iterum
2327 4505 2383 4560 in
2413 4506 2493 4561 eis
2517 4504 2768 4560 Christus
2797 4502 2878 4555 “1'
2901 4501 3037 4556 Cum
3068 4507 3250 4554 autem
3280 4496 3433 4561 dicit,
3459 4498 3557 4551 itc-

301 4593 518 4658 αύτοῖς;
560 4593 647 4646 Ἐν
678 4593 736 4646 δὲ
786 4593 862 4665 τῷ
889 4592 1091 4662 λέγειν,
1155 4593 1335 4659 πάλιν,
1381 4593 1650 4650 δείκνυσιν
1692 4599 1872 4655 αὐτῶν

303 4685 391 4737 καὶ
412 4685 512 4756 τὴν
550 4685 819 4757 προτέραν
847 4686 905 4738 ἐν
925 4685 1002 4757 τῷ
1039 4686 1314 4757 Πνεύματι
1348 4686 1675 4758 τελειότητα.
1723 4692 1788 4744 Τί
1813 4693 1870 4746 δὲ

300 4776 392 4828 καὶ
411 4776 640 4846 Νουάτῳ
655 4775 732 4848 (7)
759 4777 1086 4847 μεμφόμεθα
1101 4777 1413 4850 ἀναιροῦντι
1430 4777 1739 4848 μετάνοιαν,
1775 4785 1870 4838 καὶ

369 4889 410 4918 ⁸¹
439 4885 483 4939 ll
509 4887 634 4941 Cor.
669 4902 730 4952 ιι,
756 4888 810 4943 8.
885 4887 930 4921 ’δ’
960 4887 1134 4943 Galat.
1167 4905 1242 4957 ιν,
1272 4891 1359 4945 19.

369 5001 482 5081 (9])
517 5001 741 5081 Regius,
767 5004 993 5076 Seguer.
1029 5006 1343 5062 Goblerian.
1384 5014 1438 5062 et
1465 5005 1700 5062 Felckm.
1733 5007 1783 5075 ι,
1805 5006 1866 5060 τὸ

301 5072 523 5141 Πνεῦμα
545 5073 605 5126 τὸ
637 5074 812 5141 ἅγιον.

370 5142 497 5217 (98)-
521 5141 612 5217 Sic
645 5142 876 5217 Regius,
904 5145 1127 5217 Seguer.
1157 5145 1440 5217 Anglican.
1474 5147 1786 5203 Gohlerian.
1815 5153 1870 5201 et

299 5209 454 5288 Felc:
463 5209 499 5288 41
513 5252 551 5288 ._
558 5209 918 5288 ln_editis,_6s
946 5209 1039 5270 καὶ
1066 5217 1153 5288 εἰς
1172 5209 1408 5288 Πατέρα.

369 5280 716 5356 (99)]ὶθςίυε
744 5295 799 5356 et
831 5284 1078 5355 Seguer.,
1109 5285 1168 5350 ἐξ
1195 5280 1438 5356 ἀνάγκης
1467 5287 1647 5342 πάλιν.

366 5349 1128 5425 (1)(δεκάδι-..ξφαριᾶσαίουφ
1154 5349 1210 5410 et
1235 5349 1374 5409 infra
1395 5349 1480 5410 ἐἰς
1502 5360 1665 5411 idem.
1699 5356 1868 5412 Paulo

299 5419 430 5498 post
455 5419 589 5498 Reg.
631 5419 1058 5498 et_Segueria_n.,
1187 5425 1872 5498 προσπαλινδρομήσαντας

300 5491 392 5568 κα).
423 5490 938 5568 πλημμελήσαντας.
965 5495 1200 5568 Anglic.,
1229 5490 1303 5568 ὦς
1333 5490 1870 5568 παλινδρονμῆσαντας

301 5561 393 5641 καὶ
422 5561 596 5632 πλημ.
654 5561 822 5630 Editi,
863 5565 939 5628 ὠς
971 5561 1508 5637 παλινδρομήσαντας
1528 5561 1738 5633 ἀὖτοὺς
1773 5569 1868 5620 κα).

300 5646 403 5684 πλη
414 5648 471 5684 μη

373 5648 471 5701 ημο
604 5701 617 5713 ,

373 5702 448 5770 (2.)
485 5699 711 5770 Regius,
744 5702 805 5755 τὸ
843 5704 1110 5759 Ἰωάννου.

375 5770 450 5840 (ὅ)
483 5770 558 5826 Ita
586 5771 786 5843 Regius
809 5782 860 5830 et
889 5773 1114 5847 Seguer.
1149 5774 1354 5832 rectius
1393 5793 1560 5836 uuam
1592 5777 1743 5847 editi,
1775 5795 1866 5848 γε-

1978 4619 2121 4668 rom,
2147 4601 2432 4672 pristinam
2461 4612 2652 4653 eorum
2694 4597 2750 4650 in
2796 4593 2998 4665 Spiritu
3037 4590 3424 4664 perfectionem
3462 4588 3554 4642 ἀω-

1976 4695 2163 4748 clarat.
2205 4691 2317 4746 Cur
2369 4704 2499 4745 vero
2537 4687 2806 4743 Novatum
2859 4685 3144 4755 culpamus
3184 4679 3553 4752 paenitentiam

1978 4785 2274 4850 tollentem,
2302 4797 2365 4837 ac
2390 4781 2657 4838 dicentem
2689 4779 2892 4835 nullam
2917 4789 3204 4848 superesse
3242 4774 3310 4829 iis
3337 4770 3553 4826 veniam

1970 5007 2179 5074 γόνασι.
2209 5007 2354 5062 Infra
2385 5005 2636 5078 segnem,
2659 5007 3162 5078 τιμωρίαν-ἐλάλει.

2041 5078 2119 5149 (4)
2150 5078 2278 5148 Reg.
2325 5087 2380 5133 et
2418 5071 2658 5149 Séguer.
2686 5071 2740 5131 et
2771 5071 2897 5149 edit.
2932 5076 3226 5149 (ᾇ-ο-ιῐιηιθξ.9
3263 5076 3372 5149 δτε.
3405 5071 3550 5149 Editi

1970 5145 2110 5205 vero
2136 5145 2310 5204 Paris.
2339 5157 2392 5203 et
2419 5145 2611 5213 Basil.,
2645 5148 2746 5199 ὅτι.
2779 5146 2923 5216 Infra
2949 5145 3226 5216 iidem,_6t’
3259 5145 3544 5216 ἀργυρίου.

2069 5218 2123 5288 ὃ)
2157 5218 2360 5288 Regius
2386 5227 2440 5272 et
2469 5219 2718 5288 Seguer.,
2741 5214 3274 5288 αὐτούςηΜυιι-Ποε.
3304 5214 3543 5288 Βεβιιεικ

2046 5234 2123 5343 Ἒη
2158 5234 2360 5340 Regius
2386 5234 2440 5272 et
2469 5234 2718 5295 Seguer.,
2741 5234 3112 5296 auroug..nlox
3140 5234 3274 5284 neg.
3319 5234 3543 5281 aeguer.

1973 5289 2055 5344 Go
2096 5289 2190 5344 ler.
2263 5288 2419 5344 ‘elck.
2454 5289 2505 5352 1,
2539 5285 2808 5340 ἐκϐάλλει.
2847 5285 3009 5351 Ειιιῑι,
3046 5285 3342 5337 ἐκϐάλλειν.
3376 5282 3548 5338 Paulo

1974 5368 2097 5429 post
2123 5359 2253 5413 editi
2288 5360 2492 5429 habent
2529 5355 2621 5429 καί
2666 5364 2791 5410 ante
2832 5355 3200 5429 βλασφημίαν,
3231 5370 3351 5429 quae
3378 5355 3549 5424 parti-

1973 5423 2094 5484 cula
2119 5430 2270 5483 deest
2307 5429 2362 5481 in
2403 5423 2798 5495 llchSeguer.
2833 5423 2992 5495 Gobl.
3018 5423 3072 5478 et
3099 5423 3330 5480 Fech.

1971 5500 2122 5622 Βθὲίξ)
2165 5499 2230 5552 Ἦ
2268 5497 2420 5552 deest
2459 5493 2514 5550 in
2543 5493 2707 5550 Basil.
2757 5494 2926 5550 Paulo
2966 5505 3092 5566 post
3123 5495 3291 5567 αὑτήν
3319 5493 3475 5552 abest
3512 5508 3545 5550 a

2017 5585 2138 5624 asu.

2043 5640 2119 5707 (7)
2146 5635 2366 5707 Regius,
2388 5635 2623 5707 Seguer.
2651 5634 2861 5707 anglic.
2889 5633 3201 5707 Goblerian.
3240 5643 3294 5691 et
3314 5633 3459 5690 Felc.
3490 5634 3546 5699 1,

1970 5703 2400 5776 Ναυάτῳ.Ἐί1ίῑί
2427 5703 2501 5776 ες
2519 5703 2631 5776 alii,
2661 5705 2910 5776 Νουάτῳ.
2943 5704 3106 5776 Basil.
3135 5707 3201 5760 ad
3244 5707 3544 5776 marginem

1973 5779 2135 5834 habet
2164 5773 2437 5846 Νοουάτῳ.
2472 5773 2671 5845 Regios
2697 5784 2752 5831 et
2799 5773 3025 5847 Séguer.
3070 5775 3188 5834 haec
3228 5776 3295 5832 ad
3345 5773 3543 5844 margi-
