3914 6222
257 341 366 430 657

1271 369 1607 426 EPISTULA
1649 371 1716 427 IV
1758 369 1849 424 AD
1889 367 2346 426 SERAPIONEM.

3409 369 3512 424 658

259 487 458 558 ἤλεγχε
487 493 614 548 τους
646 482 944 548 Ἰουδαίους·
988 501 1006 534 ι
1037 483 1101 537 Τί
1147 501 1212 554 με
1251 483 1460 556 ζητεῖτε
1498 483 1830 546 ἀποκτεῖναι,

1946 483 2135 538 minem
2160 483 2254 554 qui
2288 484 2570 538 veritatem
2603 479 2758 537 vobis
2797 480 3012 536 locutus
3043 496 3187 546 sum,
3218 493 3382 554 quam
3415 499 3514 536 au-

261 579 567 648 ἄνθρωπον,
586 576 645 640 ὃς
673 576 768 648 τὴν
804 575 1060 648 ἀλήθειαν
1083 577 1209 648 ὑμῖν
1229 577 1522 649 λελάληκα,
1544 577 1609 648 ἢν
1633 577 1840 647 ἥκουσα

261 670 409 742 παρὰ
431 669 524 723 τοῦ
554 669 768 740 Πατρός
791 685 805 734 ;
838 687 856 720 ι
903 667 1140 736 Ἐγίνετο
1165 669 1220 722 δὲ
1241 667 1410 722 ταῦτα
1445 670 1553 740 (16)
1578 669 1637 722 οὐ
1659 669 1840 741 διῃρη-

261 763 438 831 μένως
479 762 618 814 κατὰ
647 761 745 833 τὴν
793 759 900 812 τῶν
953 761 1248 831 γινομένων
1283 763 1562 834 ποιότητα,
1599 760 1739 816 ὥστε
1771 761 1840 816 τά

259 853 360 924 μὲν
389 851 484 906 τοῦ
519 845 766 923 σώματος
791 852 958 924 χωρὶς
993 852 1094 922 τῆς
1127 851 1396 923 θεότητος,
1425 853 1491 906 τά
1509 853 1564 905 δὲ
1596 853 1694 922 τῆς
1725 852 1840 906 θεό-

257 962 420 1014 τητος
450 945 620 1016 χωρὶς
647 941 740 996 τοῦ
785 942 1034 1013 σώματος
1093 943 1420 998 δείκνυσθαι·
1478 945 1839 1015 συνημμένως

257 1037 318 1092 δὲ
343 1037 521 1090 πάντα
557 1036 783 1103 ἐγίνετο,
813 1035 908 1088 καὶ
953 1029 1030 1099 εἷς
1053 1030 1120 1107 ἦν
1165 1039 1192 1090 ό
1237 1036 1412 1091 ταύτα
1439 1037 1606 1092 ποιῶν
1637 1037 1839 1108 Κύριος

260 1127 582 1198 παραδόξως
609 1129 674 1198 τῇ
709 1125 900 1180 ἑαυτοῦ
949 1127 1150 1198 χάριτι.
1217 1129 1420 1181 Ἔπτυε
1473 1129 1581 1200 γὰρ
1633 1129 1839 1200 ἀνθρω-

258 1219 448 1283 πίνως,
474 1217 566 1272 καὶ
591 1219 652 1272 τὸ
677 1219 897 1290 πτύσμα
917 1215 984 1292 ἦν
1013 1219 1208 1274 ἔνθεον·
1249 1222 1305 1275 ὲν
1344 1220 1490 1292 αύτῷ
1522 1221 1630 1293 γὰρ
1667 1221 1838 1274 ἐποίει

255 1310 385 1374 τοὺς
417 1308 732 1380 ὀφθαλμοὺς
757 1307 850 1362 τοῦ
879 1312 944 1363 ὲκ
977 1311 1200 1382 γενετῆς
1235 1311 1346 1382 (17)
1377 1309 1574 1380 τυφλοῦ
1613 1311 1838 1364 ἀναϐλέ-

255 1419 400 1455 πειν.
435 1402 546 1455 Καὶ
574 1401 842 1454 δεικνύναι
870 1401 926 1454 δὲ
954 1402 1120 1455 θέλων
1146 1403 1334 1456 ἑαυτὸν
1349 1403 1500 1468 Θεὸν,
1525 1402 1837 1475 ἀνθρωπίνῃ

255 1492 469 1564 γλώττῃ
497 1491 652 1546 τοῦτο
709 1493 989 1564 σημαίνων
1040 1493 1240 1563 ἔλεγεν·
1282 1514 1300 1547 ι
1357 1495 1495 1564 Ἐγὼ
1545 1495 1638 1548 καὶ
1667 1497 1694 1548 ὁ
1725 1496 1836 1548 Πα-

257 1585 360 1656 τὴρ
388 1585 446 1636 ’έν
478 1586 660 1654 ἐσμεν·
681 1605 696 1634 ι
733 1585 828 1638 καὶ
865 1585 1023 1655 μόνον
1073 1586 1128 1640 δὲ
1163 1586 1328 1640 θέλων
1370 1587 1670 1658 ἐθεράπευε
1701 1587 1833 1658 (18).

259 1676 370 1746 Τὴν
395 1675 452 1728 δὲ
488 1673 834 1747 ἀνθρωπίνην
864 1677 1115 1732 ἐκτείνων
1150 1681 1328 1749 χεῖρα,
1363 1681 1550 1750 ἡγειρε
1587 1677 1684 1750 τὴν
1711 1697 1836 1731 πεν-

261 1768 422 1839 θεράν
472 1764 681 1838 Πέτρου
713 1769 1112 1839 πυρέσσουσαν,
1155 1771 1250 1824 καὶ
1311 1770 1408 1840 τὴν
1446 1769 1540 1824 τοῦ
1581 1771 1836 1842 ἀρχισυν-

259 1861 476 1931 αγώγου
507 1859 780 1932 θυγατέρα
829 1862 929 1934 ἤδη
953 1863 1348 1936 τελευτήσασαν
1397 1867 1460 1918 ὲκ
1491 1863 1597 1916 τῶν
1629 1863 1836 1935 νεκρῶν

259 1955 572 2024 ἀνήγειρεν.

327 2045 414 2098 15.
453 2049 733 2118 Αίρετικοὶ
769 2049 866 2120 μὲν
893 2043 986 2102 οὖν
1009 2047 1151 2102 κατὰ
1181 2049 1278 2121 τὴν
1318 2049 1453 2105 ἰδίαν
1483 2051 1836 2107 ἀπαιδευσίαν

259 2135 558 2204 ἐμάνησαν·
601 2138 696 2192 καὶ¹
723 2141 771 2192 οἱ
801 2139 900 2209 μὲν
947 2139 1017 2194 τὰ
1077 2141 1366 2210 σωματικά
1403 2142 1692 2212 βλέποντες
1740 2145 1834 2198 τοῦ

259 2228 510 2301 Σωτῆρος
531 2231 837 2304 ἠρνήσαντο
859 2233 938 2296 τὸ,
973 2251 992 2285 ι
1041 2234 1127 2286 Ἐν
1169 2233 1313 2306 ἀρχῇ
1375 2229 1443 2306 ἦν
1477 2238 1505 2288 ό
1534 2237 1759 2305 Λόγος»
1788 2240 1836 2291 οἱ

259 2319 404 2373 δὲτὰ
457 2322 558 2392 τῆς
597 2322 846 2392 θεότητος
881 2322 1212 2393 θεωροῦντες
1266 2325 1538 2398 ἠγνόησαν
1567 2329 1646 2392 τὸ,
1709 2349 1728 2380 ‹
1779 2332 1836 2385 '0

259 2411 427 2480 Λόγος
461 2411 600 2484 σὰρξ
638 2413 902 2481 ἐγένετο.»
943 2415 1000 2468 Ὀ
1049 2415 1105 2469 δὲ
1134 2416 1325 2480 πιστὸς
1369 2419 1462 2472 καὶ
1484 2420 1837 2488 ἁποστολικὺς

259 2505 413 2576 ἀνὴρ,
454 2505 614 2570 εἰδὼς
647 2505 744 2578 τὴν
775 2505 866 2560 τοῦ
898 2507 1100 2580 Κυρίου
1158 2510 1586 2582 φιλανθρωπίαν,
1625 2513 1836 2583 βλέπων

260 2595 356 2664 μὲν
378 2595 448 2648 τά
505 2596 606 2667 τῆς
661 2597 914 2668 θεότητος
962 2601 1180 2670 σημεῖα,
1219 2600 1484 2672 θαυμάζει
1524 2605 1614 2658 τὸν
1673 2608 1729 2660 ὲν
1757 2607 1836 2678 τῷ

261 2684 466 2756 σώματι
525 2685 747 2758 Κύριον·
800 2687 1018 2760 θεωρῶν
1055 2688 1111 2742 δὲ
1146 2689 1308 2745 πάλιν
1340 2693 1433 2746 καὶ
1493 2695 1561 2748 τά
1592 2695 1706 2766 (19)
1740 2697 1834 2750 τοῦ

259 2776 510 2847 σώματος
543 2778 666 2843 ἴδια,
697 2780 1236 2853 ὑπερεκπλήσσεται,
1294 2787 1572 2840 κατανοῶν
1628 2788 1727 2860 τὴν
1779 2791 1835 2842 ἐν

257 2866 439 2930 αὐτοῖς
465 2868 568 2938 τῆς
617 2869 867 2941 θεότητος
904 2872 1201 2942 ἐνέργειαν.
1256 2874 1534 2948 Τοιαύτης,
1578 2877 1636 2930 δὲ
1670 2877 1837 2949 οὔσης

255 2959 352 3030 τῆς
379 2961 840 3034 ὲκκλησιαστικῆς
872 2963 1125 3030 πίστεως,
1162 2967 1290 3020 ὅταν
1336 2970 1480 3031 τινὲς
1525 2971 1605 3034 εἰς
1649 2970 1715 3024 τά
1746 2973 1837 3024 ἀν-

259 3045 504 3118 θρώπινα
536 3047 842 3118 βλέποντες,
875 3051 1022 3106 ἴδωσι
1053 3055 1144 3107 τὸν
1174 3055 1376 3128 Κύριον
1428 3057 1667 3128 διψῶντα
1700 3060 1836 3132 (20),

1941 573 2048 628 divi
2078 589 2108 629 a
2138 573 2296 630 Patre
2314 573 2356 606 ιτ
2376 573 2426 627 ἰν»
2453 573 2576 628 Haec
2607 581 2786 628 autem
2821 587 3164 641 nequaquam
3193 573 3407 628 divisim
3442 573 3515 626 fa-

1941 675 2024 720 cta
2045 675 2168 720 sunt
2189 665 2343 736 juxta
2368 675 2641 737 gestarum
2671 679 2851 718 rerum
2877 663 3174 730 rationem;
3203 665 3276 720 ita
3308 674 3368 719 ut
3392 681 3512 734 qua-3

1940 773 1970 812 a
2003 773 2227 828 corpore
2259 758 2467 824 ﬁerent,
2493 757 2612 812 sine
2645 756 2930 810 divinitate
2963 772 2976 820 ;
3009 771 3135 824 quae
3161 763 3344 810 autem
3379 772 3407 809 ιι
3431 757 3512 808 di-

1939 848 2180 914 vinitate,
2212 848 2330 904 sine
2361 861 2586 917 corpore
2619 845 3035 910 exhiberentur;
3061 845 3154 900 sed
3179 846 3511 913 conjunctim

1940 945 2120 998 omnia
2155 945 2471 1014 agebantur,
2497 951 2552 998 et
2577 957 2719 996 unus
2744 949 2863 996 erat
2898 941 3163 996 Dominus
3195 939 3288 1008 qui
3315 953 3378 992 ea
3405 937 3510 990 mi-

1937 1035 2180 1092 rabiliter
2212 1051 2307 1107 per
2337 1051 2493 1093 suam
2525 1036 2789 1093 eiiiciebat
2817 1035 3066 1106 gratiam.
3100 1031 3338 1104 Spuebat
3366 1029 3510 1086 enim

1939 1139 1998 1182 ut
2045 1128 2230 1194 homo,
2275 1139 2494 1199 sputum
2539 1139 2723 1184 tamen
2773 1128 3016 1184 divinum
3047 1134 3184 1190 erat,
3213 1139 3307 1194 per
3332 1123 3512 1192 ipsum

1939 1221 2138 1292 quippe
2185 1235 2330 1276 caeco
2367 1237 2396 1275 ιι
2435 1221 2718 1276 nativitate
2763 1221 2941 1275 visum
2995 1218 3252 1274 restituit.
3291 1215 3510 1271 Etcum

1938 1314 2096 1367 vellet
2146 1327 2266 1367 sese
2287 1311 2456 1366 Deum
2490 1312 2768 1375 exhibere,
2798 1311 3034 1364 humana
3061 1309 3248 1379 lingua
3271 1307 3510 1376 idipsum

1939 1405 2268 1482 signiﬁcans
2287 1404 2465 1460 aiebat
2489 1424 2501 1459 :
2550 1423 2568 1454 ι
2593 1404 2706 1476 Ego
2722 1414 2774 1460 et
2799 1401 2958 1458 Pater
2985 1417 3154 1457 unum
3179 1400 3429 1458 sumusMi
3450 1414 3464 1452 :
3487 1418 3506 1450 ι

1938 1497 2161 1566 solaque
2189 1495 2472 1550 voluntate
2505 1509 2604 1550 sua
2625 1495 2874 1551 sanabat.
2905 1491 3210 1548 Humanam
3245 1493 3373 1547 item
3401 1507 3512 1546 ma-

1937 1603 2066 1642 num
2101 1585 2420 1648 extendens,
2455 1599 2674 1640 socrum
2704 1585 2848 1639 Petri
2879 1584 3274 1639 febricitantem
3317 1581 3518 1643 erexit,

1937 1687 1989 1733 et
2035 1677 2452 1749 archisynagogi
2497 1675 2664 1731 ﬁliam
2712 1675 2824 1747 jam
2855 1675 3168 1732 defunctam
3205 1689 3234 1730 a
3281 1673 3518 1728 mortuis

1937 1772 2241 1828 suscitavit.

2007 2039 2092 2094 15.
2125 2035 2372 2094 Ilzeretici
2400 2033 2888 2109 igiturignorantia
2909 2049 3009 2088 sua
3042 2031 3352 2088 insaniunt:
3381 2043 3510 2100 quo-

1937 2147 2056 2186 rum
2094 2131 2183 2184 alii
2212 2145 2470 2200 corporea
2503 2129 2804 2184 Salvatoris
2839 2126 3212 2195 respicientes,
3246 2131 3513 2192 negarunt.

1937 2221 2092 2284 illud,
2129 2241 2146 2273 ι
2175 2221 2231 2276 In
2263 2222 2530 2292 principio
2559 2229 2676 2276 erat
2702 2219 2942 2275 Verbum
2976 2219 3020 2249 "9
3053 2237 3066 2271 :
3109 2237 3128 2270 ι
3160 2216 3253 2270 alii
3285 2229 3406 2284 quae
3430 2213 3510 2268 di.-

1937 2317 2180 2371 vinitatis
2209 2323 2337 2371 sunt
2364 2322 2694 2384 spectantes,
2723 2313 3117 2384 ignoravcrunt
3149 2309 3303 2374 illud,
3341 2327 3360 2360 ι
3387 2305 3514 2359 Ver-

1937 2409 2064 2464 bum
2101 2423 2231 2464 caro
2270 2407 2471 2463 factum
2503 2415 2588 2462 est
2610 2407 2677 2460 '°.
2709 2426 2727 2458 ι
2759 2405 2854 2460 Vir
2883 2415 3063 2460 autem
3093 2403 3266 2458 tidclis
3294 2411 3348 2457 et
3379 2415 3513 2470 apo-

1939 2501 2182 2567 stolicus,
2212 2515 2414 2571 gnarus
2447 2498 2746 2554 Dominica:
2770 2496 3138 2568 benignitatis,
3170 2495 3262 2550 ubi
3291 2493 3512 2562 conspi-

1939 2592 2011 2645 cit
2031 2591 2328 2647 divinitatis
2356 2591 2530 2662 signa,
2555 2590 2787 2645 miratur
2810 2601 2929 2644 eum
2955 2589 3050 2660 qui
3077 2589 3130 2642 in
3155 2601 3382 2656 corpore
3407 2595 3514 2647 est,

1939 2683 2250 2739 Dominum.
2295 2682 2508 2739 Rursus
2549 2699 2674 2739 cum
2717 2699 2781 2740 ea
2820 2697 2941 2753 quae
2979 2681 3194 2751 corpori
3229 2685 3357 2734 sunt
3388 2692 3517 2746 pro-

1937 2776 2054 2847 pria
2089 2777 2351 2838 intuetur,
2383 2775 2738 2846 obstupescit,
2776 2775 3152 2830 animadVersa
3187 2773 3240 2826 in
3267 2770 3392 2847 illis
3433 2769 3517 2824 di—

1939 2869 2180 2926 vinitatis
2218 2867 2475 2924 etiicacia.
2527 2867 2809 2937 Ejusmodi
2864 2883 2989 2922 cum
3033 2866 3103 2920 sit
3144 2862 3517 2920 ecclesiastica

1939 2964 2105 3029 ﬁdes,
2152 2962 2243 3016 ubi
2279 2961 2498 3032 quidam
2543 2961 2784 3015 humana
2839 2968 3180 3030 spectantes,
3224 2956 3515 3012 Dominum

1939 3057 2126 3112 vident
2167 3056 2461 3122 sitientem,
2495 3055 2580 3111 vel
2616 3056 2975 3116 laborantem.
3001 3054 3084 3109 vel
3112 3052 3427 3124 patientem,
3463 3059 3518 3103 et

258 3138 290 3208 ἢ
326 3138 628 3206 κοπιῶντα,
659 3140 693 3212 ἦ
731 3142 1028 3213 πάσχοντα,
1051 3146 1146 3200 καὶ
1175 3148 1332 3216 μόνον
1358 3148 1738 3222 φλυαρήσωσιν
1762 3153 1836 3217 ὡς

1946 3147 2210 3202 Salvatori
2242 3147 2387 3203 velut
2413 3146 2618 3202 homini
2655 3147 3001 3201 obtrectant:
3035 3157 3360 3215 magnopere
3395 3139 3518 3211 qui-

259 3233 398 3288 κατά
423 3233 714 3306 ἀνθρώπου
754 3236 848 3289 τοῦ
887 3239 1158 3311 Σωτῆρος,
1205 3242 1570 3313 ἁμαρτάνουσι
1611 3248 1709 3317 μὲν
1743 3265 1837 3318 με·

259 3326 457 3392 γάλως,
491 3326 740 3382 δύνανται
788 3329 846 3381 δὲ
869 3331 1037 3400 ὅμως,
1074 3333 1282 3403 ταχέως
1322 3335 1834 3404 μεταγινώσκοντες,

259 3415 555 3486 λαμϐάνειν
602 3419 952 3491 συγγνώμην,
1014 3421 1226 3492 ἔχοντες
1262 3425 1532 3494 πρόφασιν
1592 3426 1689 3499 τὴν
1742 3427 1836 3482 τοῦ

263 3507 510 3576 σώματος
538 3509 818 3564 ἀσθένειαν
857 3511 1080 3582 (ἔχουσι
1123 3513 1232 3582 (21)
1265 3514 1372 3586 γὰρ
1423 3516 1516 3572 καὶ
1551 3518 1640 3571 τὸν
1676 3520 1837 3572 Ἀπό-

263 3599 444 3652 στολον
475 3602 800 3674 συγγνώμην
839 3605 1020 3668 αὐτοῖς
1063 3606 1314 3677 νέμοντα,
1368 3609 1462 3662 καὶ
1493 3611 1654 3666 οἱονεὶ
1683 3615 1838 3684 χεῖρα

259 3691 442 3756 αὐτοῖς
485 3695 544 3745 ὲν
593 3695 672 3765 τῷ
717 3695 894 3764 λέγειν
933 3697 1261 3764 ἐκτείνοντα,
1311 3701 1391 3754 ὅτι
1431 3721 1450 3752 ι
1491 3703 1602 3756 Καὶ
1653 3705 1840 3775 ὁμολο-

261 3785 544 3855 γουμένως
581 3786 726 3856 μέγα
775 3789 894 3840 ἐστὶ
948 3789 1009 3842 τὸ
1057 3792 1154 3856 τῆς
1207 3792 1485 3857 εὐσεϐείας
1521 3797 1836 3867 μυστήριον,

261 3873 390 3937 Θεὸς
415 3873 734 3948 ἐφανερώθη
769 3878 826 3930 ὲν
860 3878 1022 3949 σαρκί
1057 3879 1124 3946 ι).
1151 3881 1320 3934 Ὅταν
1350 3881 1406 3933 δὲ
1450 3881 1609 3936 πάλιν
1639 3883 1709 3936 τὰ
1741 3883 1840 3954 τῆς

264 3965 512 4038 θεότητος
537 3967 676 4038 ἔργα
705 3969 1032 4040 θεωροῦντές
1056 3989 1220 4037 τινες,
1255 3971 1546 4038 διστάζωσι
1577 3974 1686 4046 (22)
1711 3977 1840 4047 περὶ

263 4061 358 4129 τῆς
379 4060 476 4114 τοῦ
501 4061 751 4132 σώματος
786 4064 1019 4132 φύσεως,
1039 4066 1132 4118 καὶ
1161 4067 1314 4120 αὐτοὶ
1344 4065 1442 4137 μὲν
1467 4067 1840 4136 ἁμαρτάνουσι

263 4150 330 4204 τά
367 4152 622 4223 μέγιστα,
677 4153 780 4216 ὅτι,
833 4154 1010 4208 καίτοι
1077 4154 1365 4224 βλέποντες
1423 4155 1670 4211 ἐσθίοντα
1745 4160 1841 4212 καὶ

267 4242 560 4312 πάσχοντα,
589 4245 950 4314 φαντάζονται
1000 4246 1319 4316 φαντασίαν·
1349 4247 1742 4316 συγγινώσκειν
1784 4251 1842 4304 δὲ

263 4332 408 4402 ὅμως
433 4335 526 4386 καὶ
559 4333 770 4400 τούτοις
789 4335 1002 4406 ταχέως
1034 4337 1531 4407 μεταγινώσκουσιν
1559 4341 1588 4392 ό
1607 4341 1842 4410 Χριστὸς

263 4422 504 4489 δύναται,
538 4424 626 4478 διὰ
673 4425 736 4478 τὺ
775 4427 871 4480 καὶ
898 4428 1096 4492 αὐτοὺς
1144 4429 1286 4501 ἔχειν
1317 4431 1586 4502 πρόφασιν
1623 4433 1723 4503 τὴν
1775 4435 1840 4487 ἐκ

1939 3241 2061 3296 dem
2085 3247 2329 3310 peccant,
2363 3247 2593 3309 possunt
2637 3247 2818 3292 tamen
2863 3237 3112 3292 celeriter
3145 3234 3515 3306 pmnitentiain

1937 3333 2168 3404 agendo,
2196 3333 2406 3387 veniam
2436 3331 2718 3402 consequi,
2744 3346 2868 3387 cum
2895 3331 3129 3385 habeant
3163 3345 3261 3398 pro
3289 3341 3518 3384 excusa-

1937 3425 2085 3479 tione
2122 3423 2551 3479 imbecillitatem
2603 3423 2851 3493 corporis
2893 3423 3055 3492 (cum
3105 3421 3342 3475 maxime
3371 3421 3518 3488 Apo-

1939 3517 2110 3572 stolus
2162 3516 2378 3570 veniam
2417 3517 2498 3571 eis
2545 3515 2810 3570 concedat
2849 3523 2904 3569 et
2945 3514 3104 3584 quasi
3143 3505 3366 3567 manum
3411 3509 3516 3564 illis

1939 3607 2200 3677 porrigat,
2245 3607 2362 3662 inec
2394 3606 2664 3662 dicendo:
2706 3623 2725 3657 ι
2756 3605 2964 3660 Revera
3005 3618 3264 3674 magnum
3290 3609 3373 3656 est
3401 3601 3519 3670 pie—

1939 3701 2062 3754 tatis
2079 3701 2396 3770 mysterium
2415 3739 2430 3764 ,
2455 3697 2598 3752 Deus
2624 3695 3001 3751 manifestatus
3021 3693 3171 3748 estin
3203 3707 3368 3746 carne
3387 3692 3514 3760 δίι).

1939 3791 2075 3846 Cum
2118 3803 2300 3845 autem
2327 3805 2522 3844 rursus
2549 3787 2772 3858 quidam
2816 3785 3118 3842 divinitatis
3141 3799 3302 3854 opera
3334 3781 3518 3837 consi-

1941 3883 2216 3948 derantes,
2236 3881 2610 3937 dubitaverint
2637 3880 2702 3934 de
2725 3879 2974 3948 corporis
3001 3886 3218 3942 natura,
3247 3874 3348 3942 ipsi
3375 3889 3512 3942 quo-

1941 3992 2048 4047 que
2076 3975 2312 4030 maxime
2335 3979 2582 4044 peccant,
2620 3973 2784 4041 quod,
2817 3972 2942 4026 licet
2966 3985 3089 4025 eum
3123 3967 3342 4024 videant
3368 3980 3519 4020 com-

1939 4067 2186 4122 edentem
2255 4073 2309 4120 et
2385 4066 2715 4135 patientem,
2779 4064 3104 4133 phantasma
3164 4057 3517 4113 nihilominus

1942 4159 2122 4229 ipsum
2147 4157 2513 4214 arbitrentur:
2537 4171 2726 4211 verum
2766 4155 2874 4210 illis
2899 4155 3025 4208 item
3058 4153 3168 4208 cito
3197 4151 3520 4220 resipiscen-

1941 4253 2088 4308 tibus
2117 4250 2334 4306 veniam
2367 4249 2620 4307 Christus
2651 4251 2856 4306 donare
2887 4257 3064 4320 potest
3097 4265 3110 4302 :
3141 4247 3285 4318 quod
3330 4254 3384 4300 et
3415 4245 3520 4316 ipsi

1943 4360 2042 4415 pro
2064 4343 2418 4399 excusatione
2440 4343 2698 4408 habeant,
2721 4339 3148 4414 magnitudinem
3175 4355 3402 4410 operum
3421 4339 3518 4392 ho-

1945 4435 2112 4490 minis
2141 4441 2469 4504 potestatem
2497 4433 2896 4488 excedentium.
2935 4431 3134 4488 Verum
3165 4439 3516 4500 posteaquam

263 4513 367 4567 τῶν
400 4515 578 4586 ἔργων
627 4519 768 4590 ὑπὲρ
805 4519 1088 4591 ἄνθρωπον
1125 4521 1540 4595 μεγαλειότητα.
1586 4523 1836 4580 Ἐπειδὰν

1946 4535 2302 4594 utrorumque
2323 4525 2600 4580 inscitiam
2630 4533 2684 4580 et
2707 4523 3005 4579 caecitatem
3040 4520 3397 4594 supergressi,
3423 4521 3514 4590 qui

333 4637 378 4668 ⁸⁷
406 4635 567 4692 Jtr-an.
596 4656 713 4704 VIII,
749 4640 840 4697 ΔΟ.
917 4642 963 4674 ⁸⁸
1009 4641 1167 4698 Joan.
1193 4661 1248 4712 ιι,
1279 4645 1366 4700 50.
1441 4645 1486 4678 ⁸³
1521 4645 1678 4701 Joan.
1711 4665 1750 4714 ι,
1787 4649 1836 4703 1.

393 4730 446 4801 ti)
471 4730 604 4820 ἓξὲξ.
637 4742 690 4786 et
730 4733 976 4820 §egue_r.,
1004 4737 1153 4820 παρά
1183 4739 1278 4791 τοῦ
1307 4739 1516 4820 Πατρός
1549 4758 1670 4820 μου.

265 4799 378 4854 haec
471 4799 711 4884 Ἰξγῗνετο
735 4799 1011 4884 agnam,
1037 4799 1168 4884 etc,
1201 4823 1384 4884 usque
1409 4799 1474 4864 ad
1498 4799 1686 4864 ’ποιῶν
1727 4813 1842 4866 Κύ-

265 4886 383 4991 frg:
421 4873 709 4940 inclusive,
737 4876 1007 4932 habentur
1034 4879 1090 4932 in
1137 4873 1329 4934 concil.
1362 4879 1616 4937 Lateran.
1649 4883 1842 4938 eodem

285 4959 316 4991 0
391 4981 404 4991 .

285 4956 383 4994 OCO
391 4981 404 4993 .

329 5011 446 5091 l_l_7)
479 5010 611 5095 Reg.
647 5013 869 5098 Seguer.
903 5017 1116 5089 Anglic.
1145 5031 1198 5076 et
1241 5019 1423 5075 Felck.
1454 5020 1520 5086 2,
1550 5023 1836 5094 γεννητῆς.

263 5075 400 5133 ΕιΙιιι
433 5089 488 5134 et
523 5085 636 5134 alll.
665 5102 910 5134 γενεττιε-

309 5099 412 5153 11111
433 5099 504 5153 el;
523 5099 636 5144 am,
665 5102 910 5153 γενετης.

333 5127 958 5231 Segnia“
992 5159 1341 5231 ἐθεράπευσε.
1371 5160 1496 5216 Mox
1518 5162 1577 5214 δέ
1609 5163 1760 5218 deest
1791 5162 1845 5216 in

261 5217 588 5308 thlerian:
617 5233 672 5308 et
703 5217 1226 5308 Felvck_m.:1._lidem
1269 5247 1417 5308 mox,
1445 5217 1844 5308 πυρέσσουσαν,

264 5291 530 5372 «ips-rixo}
579 5293 712 5372 μέν,
765 5299 986 5353 omissis
1031 5291 1413 5372 intermediis.’
1445 5291 1570 5355 Huic
1609 5311 1790 5356 autem
1830 5291 1844 5355 Ξ

265 5362 529 5444 uiperae!
567 5363 688 5444 μέν,
719 5381 842 5444 cum
872 5370 1227 5444 sequentibus
1259 5370 1394 5424 bene
1426 5372 1610 5444 multis
1645 5372 1848 5444 haben-

263 5437 351 5507 tur
383 5435 436 5483 in
481 5435 718 5507 concilio
753 5435 1099 5492 Lateranensi
1119 5477 1133 5501 ,
1169 5440 1288 5492 loco
1320 5455 1484 5507 Supra
1511 5443 1696 5496 citato.
1723 5441 1848 5494 Mox

262 5495 540 5582 galerum,
579 5505 722 5582 κατὰ
748 5495 1514 5582 τὴκξῌοὶκε-ίαν’άπαιδευσίᾳᾌ
1558 5495 1758 5582 Regius
1791 5520 1845 5566 et

263 5569 511 5648 segnem,
541 5577 686 5626 κατὰ
709 5569 819 5648 τῆν’
835 5577 968 5648 ἰδίαν
1001 5577 1374 5648 ἀπαιδευσίαν.
1409 5579 1550 5634 Editi
1586 5569 1841 5637 etucmteri

262 5645 445 5722 minus
475 5645 825 5722 recteLatayi
862 5647 1140 5722 τῂν-ἰδίαν
1188 5649 1492 5703 παίδευσιν.
1531 5650 1664 5708 Ibid.
1711 5653 1836 5710 edit.

261 5709 619 5788 Comtne_l_._et_
631 5713 875 5788 Felcltm.
892 5709 946 5780 Ξ,
970 5718 1254 5788 ὲμάνισαν,
1284 5721 1559 5778 mendose.

335 5777 446 5852 (19)
475 5781 560 5836 Τά
589 5783 744 5840 deest
766 5785 818 5838 in
844 5777 1068 5858 Seguér.

1916 4649 1961 4682 ⁸ο
1994 4649 2123 4703 ibid.
2151 4648 2236 4702 M.
2316 4647 2360 4680 ⁸⁸
2393 4645 2579 4700 lTim.
2607 4663 2690 4710 ιιι,
2729 4645 2814 4700 16.

2021 4742 2154 4813 (20)-
2181 4741 2398 4797 Gobler.
2440 4749 2494 4813 et
2533 4740 2770 4795 Felckm.
2809 4739 2857 4813 1,
2901 4739 3050 4813 ἴδωσι
3092 4737 3182 4813 τὸν
3223 4735 3427 4813 Κύριον
3453 4732 3522 4784 τά

1947 4813 2040 4867 τοῦ
2091 4805 2342 4884 σώματος
2389 4811 2688 4883 πάσχοντα,
2754 4811 2848 4864 καὶ
2912 4809 3068 4880 μόνον
3120 4805 3521 4877 φλυαρήσουσιν

1948 4885 2044 4942 ὡς.
2079 4895 2186 4938 etc.

1997 4919 2295 5022 ξῖῖἴλιίῐιιεο
2334 4967 2457 5022 qua:
2485 4949 2702 5022 uncinis
2751 4950 3125 5022 includuntur,
3164 4959 3338 5014 usque
3368 4942 3434 4996 ad
3463 4943 3522 4994 ἐν

1950 5021 2138 5095 σαρκί,
2169 5024 2239 5095 _in
2285 5021 2458 5095 nullis
2485 5021 2788 5095 codicibus
2827 5021 3082 5090 leguntur
3101 5058 3116 5082 ,
3143 5024 3522 5095 praeterquam

1950 5097 2007 5148 in
2028 5084 2283 5148 'Felckm.
2321 5093 2376 5155 2,
2405 5092 2500 5146 ubi
2529 5092 2595 5146 ad
2619 5084 2919 5161 marginem
2944 5097 3071 5161 sunt
3091 5087 3290 5161 seripla
3331 5102 3344 5137 :
3379 5084 3524 5136 unde

1943 5165 2196 5218 videntur
2254 5164 2435 5232 potius
2487 5155 2769 5232 glossema
2823 5158 3107 5232 cujusdam
3165 5155 3304 5209 alius
3347 5166 3520 5232 Iesse,

1945 5249 2108 5303 quam
2145 5223 2434 5287 Athanasii
2465 5223 2650 5303 vel-ba.
2678 5223 2912 5303 Placuit:
2927 5237 3110 5303 tamen
3159 5240 3223 5279 ea
3263 5223 3520 5303 retinere,

1945 5291 2069 5358 cum
2095 5304 2436 5372 exploratum
2467 5301 2694 5372 omnino
2727 5298 2960 5372 non_s_it,
3002 5297 3180 5372 sintne
3223 5291 3520 5372 adjectitia,

1947 5391 2037 5436 an,
2069 5363 2192 5430 cuni
2227 5373 2280 5426 in
2319 5373 2442 5426 aliis
2491 5369 2770 5425 codicibus
2805 5368 2937 5421 vitio
2969 5367 3276 5436 scribarum
3316 5363 3520 5436 omissa

1945 5433 2200 5508 fuissent,
2233 5443 2298 5496 ad
2335 5441 2500 5509 hujus
2525 5439 2730 5509 codicis
2765 5435 3348 5509 marginenrrestituta
3371 5433 3480 5509 sint
3505 5448 3522 5482 :

1952 5515 2098 5583 quod
2147 5502 2254 5568 n’on
2305 5502 2472 5566 semel
2520 5508 2774 5562 vidimus.
2822 5502 3178 5560 ln'omnibus
3208 5502 3368 5558 editis
3409 5502 3525 5555 haec

1906 5637 1916 5648 ,
1951 5585 2138 5639 eadem
2177 5583 2463 5636 habentur.

2021 5655 2134 5725 (2‘2)
2169 5653 2300 5725 lieg.
2335 5650 2557 5725 seguer.
2581 5647 2802 5725 Gobler.
2833 5643 3154 5725 etfelcknri‘,
3190 5640 3527 5725 1.,5t6‘téqti-

1955 5711 2278 5793 st.‘Anglic‘.'
2302 5730 2356 5793 et
2393 5711 2626 5793 Fcicign.
2669 5717 2724 5793 2,
2757 5715 3066 5793 διστάξωιξι.
3105 5713 3266 5793 [ξιιεὶι.
3307 5719 3362 5764 et
3391 5711 3557 5772 edit...

1949 5783 2486 5860 Ιδιιι·ἱε.,”διστάζωσι.
2517 5787 2656 5844 ΕιΙὶι.
2687 5787 2976 5853 CommeL,
3002 5783 3330 5850 διττάξουσι.
