3914 6222
277 335 375 396 661

1400 321 1742 392 EPISTOLA
1781 333 1848 390 IV
1903 331 1996 387 AD
2035 325 2492 387 SEBAPIONEM.

3409 321 3532 382 663'

274 452 512 528 ὁρῶντας
555 450 656 520 τὴν
705 449 800 504 τοῦ
839 449 1046 522 κόσμου
1075 448 1248 516 τάξιν,
1287 449 1380 504 καὶ
1423 450 1522 521 τὴν
1553 451 1631 514 είς
1681 449 1844 502 αὐτὸν

1975 443 2079 500 llud
2113 459 2176 498 ac
2203 443 2250 498 si
2271 481 2286 507 ,
2321 441 2450 497 dum
2478 445 2760 494 cernerent
2789 436 2974 492 mundi
3005 437 3271 506 ordinem,
3301 449 3356 496 et
3389 456 3517 510 pro-

276 545 548 618 πρόνοιαν,
577 543 658 596 ὅτι
703 544 798 597 καὶ
832 544 870 614 ἡ
897 541 1074 607 κτίσις
1121 541 1225 596 ὑπὸ
1253 540 1348 596 τοῦ
1387 541 1712 608 Βεελζεϐοὺλ
1755 541 1848 610 γέ-

277 653 398 706 γονε
419 652 432 665 ·
465 635 561 688 καὶ
587 637 616 688 6
653 633 804 704 ἥλιος
848 633 1137 688 ὑπακούων
1173 632 1252 704 τῷ
1283 631 1512 704 διαϐόλῳ
1549 632 1846 696 ἀνατέλλει,

277 727 368 781 καὶ
398 727 468 780 δι’
489 725 649 780 αὐτὸν
677 725 963 796 περιπολεῖ
987 723 1057 778 τὰ
1072 723 1248 796 ἄστρα
1281 727 1338 777 ἐν
1371 723 1448 794 τῷ
1480 722 1712 795 οὐρανῷ.
1739 722 1850 777 Καὶ

277 817 382 891 γὰρ
407 817 598 890 ὥσπερ
617 817 789 872 ταῦτα
815 816 908 870 τοῦ
933 815 1088 882 Θεοῦ,
1109 815 1250 869 οὕτω
1275 817 1499 882 κάκεῖνα
1523 813 1616 868 τοῦ
1639 813 1850 884 Πατρὸς

279 907 344 982 ἦν
371 909 540 982 ἔργαο
569 910 665 964 καὶ
689 910 738 962 εί
772 911 956 964 ἐκεῖνα
983 907 1074 962 τοῦ
1104 908 1214 979 (51)
1233 907 1578 974 Βεελζεϐοὺλ,
1607 905 1666 970 ἐξ
1680 905 1848 974 ἀνάγ-

282 1019 382 1073 κης
404 1003 498 1057 καὶ
521 1001 692 1056 ταῦτα
715 1001 810 1055 τοῦ
827 1000 1172 1066 Βεελζεϐούλ.
1203 1001 1316 1054 Καὶ
1343 999 1445 1054 ποῦ
1467 997 1648 1053 λοιπὸν
1671 998 1852 1060 αὐτοῖς

281 1094 340 1146 τύ
357 1111 372 1122 ·
410 1113 430 1146 ι
481 1095 570 1148 Ἐν
599 1095 738 1166 ἀρχῇ
769 1093 1026 1164 ἐποίησεν
1050 1093 1080 1146 6
1103 1092 1235 1155 Θεὸς
1261 1092 1352 1146 τὸν
1379 1090 1602 1162 οὐρανὸν
1625 1089 1720 1144 καὶ
1753 1089 1852 1161 τὴν

283 1187 418 1255 γῆνς
439 1205 458 1238 ι
501 1186 642 1240 Ἀλλ’
667 1185 816 1240 οὐδὲν
833 1185 982 1254 ξένον
1019 1185 1118 1256 τῆς
1143 1183 1398 1254 τοιαύτης
1421 1182 1600 1238 αὐτῶν
1631 1180 1850 1254 μανίαςο

283 1278 402 1330 ἐπεὶ
434 1277 526 1330 καὶ
553 1279 602 1331 oi
629 1277 728 1348 τῆς
759 1276 1012 1346 τοιαύτης
1042 1276 1202 1330 αὐτὸν
1235 1274 1458 1346 γνώμης
1503 1273 1768 1345 πατέρες,
1796 1273 1852 1326 ἐν

282 1371 345 1439 τῇ
375 1368 567 1440 ἐρήμῳ
595 1369 702 1440 πρὸ
729 1367 910 1436 ὀλίγου
945 1365 1250 1430 ἐξελθόντες
1277 1366 1384 1420 ἀπὸ
1427 1366 1528 1436 τῆς
1555 1364 1852 1433 Αἰγύπτου,

287 1460 482 1530 μόηω
517 1447 839 1523 πλάσαντεςξ
878 1456 1026 1528 αύτῷ
1063 1457 1162 1522 τάς
1206 1458 1285 1522 είς
1322 1457 1518 1521 αὐτοὺς
1541 1455 1856 1528 εὐεργεσίας

284 1551 434 1623 παρά
487 1551 622 1606 Θεοῦ
668 1549 779 1623 (52)
843 1551 1142 1623 γενομένας
1199 1549 1539 1614 ἀνατιθέντες
1561 1589 1576 1613 ,
1638 1549 1820 1618 ἔλεγον
1839 1566 1852 1579 ·

293 1662 312 1694 ι
340 1635 499 1696 Οὗτοι
525 1643 577 1695 oi
619 1641 735 1696 θεοί
769 1659 862 1696 σου
890 1684 906 1708 ,
945 1642 1162 1716 Ἰσραὴλ
1182 1683 1196 1708 ,
1223 1644 1270 1696 οἱ
1303 1641 1669 1710 ἀναγαγόντες
1703 1657 1761 1694 σε
1793 1641 1858 1694 ἐκ

285 1736 388 1806 γῆς
433 1736 734 1805 Δίγύπτου.
773 1754 792 1789 ι
823 1737 921 1790 Διά
950 1736 1080 1806 γοῦν
1123 1736 1326 1808 ταύτην
1362 1735 1459 1806 τὴν
1509 1733 1856 1806 βλασφημίαν

1949 537 2242 594 videntium
2271 534 2388 590 lucc
2411 533 2823 604 gubernantem,
2851 531 2970 586 ausi
2995 541 3178 588 essent
3205 533 3408 602 dicere,
3434 552 3526 590 re-

1949 645 2072 686 rum
2097 635 2346 683 naturam
2377 640 2408 680 a
2437 622 2750 679 Beelzebule
2776 621 2947 678 fuisse
2970 623 3244 679 conditam
3271 641 3284 676 :
3317 635 3410 680 aut
3430 641 3520 682 so-

1951 721 2078 786 lem,
2115 727 2173 774 ut
2215 715 2432 773 diabolo
2462 714 2876 782 obsequeretur,
2908 711 3040 766 oriri
3070 729 3083 766 :
3115 721 3170 768 et
3197 712 3316 782 ejus
3352 729 3533 768 causa»

1952 820 2099 868 astra
2167 809 2222 862 in
2299 806 2438 862 coelo
2489 803 2810 872 circumagi.
2868 800 3004 858 Nam
3061 805 3519 872 quemadmodum

1953 901 2070 956 haec
2099 899 2194 954 Dei
2230 906 2380 962 sunt,
2413 897 2487 952 ita
2525 903 2579 950 et
2609 895 2700 950 illa
2728 891 2908 954 Patris
2949 903 3106 948 erant
3146 909 3311 964 opera
3342 910 3357 948 :
3389 906 3444 950 et
3475 895 3524 950 si

1952 993 2043 1048 illa
2071 989 2426 1055 Beelzebulis,
2453 986 2764 1044 necessario
2805 994 2860 1042 et
2890 985 2995 1040 ista
3036 984 3369 1042 Bcclzebulis
3401 985 3524 1040 fue—

1952 1085 2063 1142 rint
2092 1102 2108 1140 :
2140 1091 2198 1138 et
2225 1097 2488 1153 quorsum
2523 1087 2710 1150 postea
2741 1078 2858 1134 haec
2889 1077 3146 1141 referent,
3185 1096 3205 1130 ι
3241 1077 3296 1132 ln
3323 1077 3536 1149 princi‘

1953 1176 2044 1248 pio
2075 1175 2204 1232 fecit
2245 1173 2389 1230 Deus
2430 1172 2628 1230 coelum
2677 1179 2732 1226 et
2785 1177 2988 1226 terram
3009 1169 3094 1224 5’?
3121 1187 3140 1222 ι
3175 1167 3374 1225 Verum
3417 1185 3530 1224 non

1953 1268 2192 1324 insolens
2219 1273 2304 1321 est
2333 1263 2520 1320 isthaec
2548 1276 2738 1318 eorum
2763 1259 2992 1316 insania.
3025 1259 3304 1332 Siquidem
3331 1261 3534 1316 borum

1953 1359 2164 1423 Patres,
2196 1356 2384 1414 eadem
2415 1362 2597 1411 mente
2631 1353 2864 1425 praediti,
2896 1351 2954 1408 in
2987 1367 3170 1410 eremo
3193 1367 3318 1408 cum
3357 1367 3532 1422 nuper

1953 1469 2018 1510 ex
2050 1451 2284 1523 {Egypto
2331 1447 2536 1519 egressi
2576 1454 2785 1512 essent,
2817 1443 2989 1500 vitulo
3023 1459 3054 1500 a
3085 1458 3142 1500 se
3171 1442 3402 1500 conﬂato
3433 1441 3531 1498 Dei

1953 1560 2082 1614 erga
2111 1559 2168 1598 se
2191 1539 2448 1598 beneficia
2478 1537 2791 1607 referentes,
2817 1537 3068 1594 dicebant
3097 1553 3108 1590 :
3144 1553 3162 1586 ‹
3196 1533 3260 1588 l-li
3296 1543 3426 1590 sunt
3452 1535 3529 1590 dii

1955 1639 2036 1694 tui
2061 1635 2248 1702 Israel,
2280 1633 2374 1704 qui
2405 1642 2456 1688 te
2477 1632 2783 1687 eduxerunt
2808 1631 2875 1686 de
2903 1639 3046 1685 terra
3072 1627 3287 1700 Egypti
3311 1629 3378 1684 ⁵⁸.
3401 1646 3418 1680 ι
3451 1627 3533 1684 Ob

1957 1731 2101 1786 hanc
2136 1729 2319 1797 itaque
2349 1723 2766 1794 blasphemiam,
2803 1723 3054 1793 protinus
3085 1738 3149 1777 ex
3187 1721 3252 1776 iis
3283 1721 3374 1792 qui
3405 1720 3535 1776 talia

285 1805 378 1882 καὶ
417 1829 541 1882 τότε
583 1828 694 1882 τῶν
731 1805 971 1882 τοιαῦτα
996 1805 1383 1900 τολμησάντων
1546 1825 1645 1895 μὲν
1683 1825 1855 1898 ἀρχὴν

1975 1821 2078 1878 ιιιεὶ
2104 1819 2340 1885 fuerant,
2381 1817 2542 1871 initio
2589 1830 2698 1872 non
2747 1814 2908 1885 pauci
2953 1815 3048 1870 sed
3095 1814 3316 1885 plurimi
3363 1805 3532 1870 occisi

285 1921 380 1974 οὐκ
410 1921 604 1989 ὀλίγοι,
637 1919 822 1974 πολλοὶ
866 1920 924 1974 δέ
963 1920 1337 1992 ἀνῃρέθησαν·
1395 1916 1758 1986 ἐπηγγείλατο
1804 1915 1860 1968 δέ

285 2011 460 2076 ὀΘεὸς
499 2012 699 2080 λέγων’
733 2031 753 2065 ι
793 2005 870 2083 ’ᾟ
895 2012 942 2066 δ’
967 2011 1034 2067 ἂν
1073 2013 1258 2084 ἡμέρᾳ.
1287 2010 1672 2081 ἐπισκέψωμαι
1727 2008 1858 2080 (55),

285 2104 470 2170 ἐπάξω
501 2105 588 2158 ἐπ’
615 2106 810 2170 αὐτοὺς
834 2107 934 2176 τὴν
975 2105 1247 2178 ἁμαρτίαν
1290 2105 1487 2158 αὐτῶν.
1542 2103 1704 2156 »Καὶ
1754 2101 1862 2172 γὰρ

287 2197 390 2262 ἕως
421 2200 520 2270 μὲν
545 2199 788 2253 κάκεῖνοι
815 2199 881 2254 δι’
912 2198 1109 2271 ἄρτους
1137 2199 1230 2250 καὶ
1261 2197 1404 2268 ὔδωρ
1435 2193 1752 2265 ἐγόγγυζον,
1771 2193 1865 2245 ἐπὶ

287 2291 534 2344 τοσοῦτον
561 2293 761 2356 αὐτοὺς
782 2291 954 2356 οὕτως
977 2289 1088 2362 (54)
1123 2289 1339 2361 ἔφερεν.
1368 2289 1441 2352 ὡς
1486 2288 1639 2351 εἴτις
1670 2285 1865 2359 τροφὸς

285 2387 709 2456 τροφοφορήσειε
738 2385 828 2440 τὸν
861 2384 1062 2454 ἑαυτῆς
1095 2383 1209 2437 υἱόν
1228 2399 1241 2414 °
1273 2383 1360 2435 ὅτε
1386 2381 1440 2434 δὲ
1477 2379 1637 2434 πλέον
1664 2377 1868 2450 ἐμάνη-

287 2493 404 2538 σαν,
433 2478 530 2530 καὶ
551 2477 628 2540 ὡς
651 2476 842 2547 ψάλλει
873 2476 992 2530 κατ’
1015 2475 1194 2528 αὐτῶν
1225 2473 1286 2526 τὸ
1317 2471 1542 2542 Πνεῦμα
1560 2487 1574 2500 ·
1613 2488 1632 2520 ι
1677 2467 1868 2522 Ἢ).λά-

289 2569 444 2636 ξαντο
464 2569 564 2640 τὴν
584 2568 739 2633 δόξαν
761 2567 938 2623 αὐτῶν
961 2569 1020 2621 ἐν
1041 2565 1344 2638 ὁμοιώματι
1373 2553 1575 2635 μόσχου
1601 2559 1869 2624 ἐσθίοντος

189 2697 196 2704 -
289 2663 478 2733 χόρτον
496 2679 511 2693 ·
547 2681 566 2714 ι
587 2661 648 2715 τὸ
674 2660 784 2732 (55)
815 2659 1119 2732 τηνικαῦτα
1144 2657 1344 2728 ξλοιπὸν
1362 2649 1722 2724 ἀσῦγγνωστα
1752 2651 1871 2706 τολ-

293 2761 585 2830 μήσαντες,
613 2757 1019 2828 ἐπατάχθησαν.
1040 2754 1115 2816 ὥς
1141 2769 1302 2824 φησιν
1322 2754 1355 2822 ἡ
1385 2747 1597 2820 Γραφὴ,
1622 2747 1749 2818 περὶ
1772 2745 1872 2816 τῆς

288 2856 560 2924 ποιήσεως
581 2852 673 2904 τοῦ
707 2851 932 2922 μόσχου,
959 2843 1020 2902 οὗ
1056 2845 1314 2916 ἐποίησεν
1343 2840 1574 2914 Ἀαρών.

357 2946 442 2999 17.
479 2944 715 2998 Τοιαῦτα
746 2943 841 2997 καὶ
870 2941 962 2996 νῦν
989 2939 1294 3008 τολμῶντες
1319 2937 1368 2989 οἱ
1399 2934 1684 3006 Φαρισαῖοι
1711 2970 1726 2994 ,
1758 2946 1872 2982 τοι-

289 3039 456 3110 αύτην
487 3039 751 3108 ἐσχήκασι
781 3034 932 3106 παρά
963 3033 1057 3088 τοῦ
1085 3030 1337 3101 Σωτῆρος
1367 3027 1464 3098 τὴν
1511 3024 1623 3096 (56)
1653 3022 1868 3091 ἀπόφα-

293 3147 394 3186 σιν.
423 3129 542 3182 οἵαν
569 3128 661 3181 καὶ
704 3128 732 3179 6
761 3127 888 3197 παρ’
927 3123 1106 3178 αὐτῶν
1168 3117 1490 3190 ὑπονοηθεὶς
1547 3111 1874 3176 Βεελζεὸοὺλ
1901 3159 1943 3216 C

291 3218 444 3289 ἔσχεν
467 3218 568 3288 ἤδη
601 3217 696 3270 καὶ
723 3216 836 3286 ἔχει
859 3232 871 3245 ·
913 3214 1053 3268 ὥστε
1083 3211 1281 3272 αὐτοὺς
1313 3211 1393 3272 εἰς
1438 3208 1496 3261 τὸ
1533 3203 1870 3276 ἡτοιμασμέ-

289 3325 376 3362 νον
401 3308 516 3381 πῦρ
548 3307 740 3378 ἐκείνῳ
769 3307 1002 3370 αίωνίως
1031 3300 1518 3372 συγκατεσθίεσθαι
1545 3299 1660 3370 μετ’
1684 3295 1867 3352 αὑτοῦ.

290 3401 364 3453 Οὐ
393 3401 504 3471 γὰρ
531 3399 595 3471 δὴ
632 3399 918 3472 σύγκρισίν
948 3415 1072 3452 τινα
1123 3395 1444 3466 ποιούμενος
1481 3393 1581 3462 τῆς
1617 3392 1698 3455 εἰς
1747 3393 1873 3444 ἐαυ-

290 3494 380 3548 τὸν
415 3495 528 3566 (57)
569 3495 663 3548 καὶ
689 3495 789 3563 τῆς
813 3495 892 3556 είς
917 3493 977 3546 τὸ
1011 3489 1236 3560 Πνεῦμα
1275 3489 1335 3541 τὸ
1383 3487 1537 3555 ἆγιον
1576 3483 1876 3554 λεγομένης

295 3586 644 3657 βλασφημίας
677 3585 809 3655 (58).
836 3587 931 3639 καὶ
959 3585 1035 3648 ὡς
1067 3582 1308 3655 μείζονος
1331 3579 1481 3643 ὄντος
1505 3577 1598 3632 τοῦ
1622 3576 1876 3649 Πνεύμα-

292 3695 404 3742 τος,
437 3682 534 3734 καὶ
557 3678 646 3732 διά
668 3679 825 3732 τοῦτο
851 3677 1074 3750 μείζονα
1092 3675 1188 3748 τὴν
1213 3674 1390 3730 αἰτίαν
1417 3671 1646 3741 ἐχούσης
1675 3669 1772 3732 τῆς
1797 3670 1876 3731 εἰς

293 3771 353 3823 τὸ
379 3769 604 3842 Πνεῦμα
650 3771 962 3842 γινομένης,
1017 3767 1166 3822 ταῦτ’
1239 3767 1461 3838 εἴρηκε”
1517 3764 1592 3836 μὴ
1639 3763 1874 3832 γένοιτοῑ

294 3864 510 3928 φθάσας
561 3864 670 3937 γάρ
708 3865 977 3928 ἐδίδαξεν,
1025 3864 1108 3916 ὅτι
1137 3861 1316 3914 πάντα
1358 3860 1459 3912 ὅσα
1483 3857 1596 3928 ἔχει
1634 3856 1662 3908 6
1691 3853 1879 3925 Πατὴρ

295 3957 386 4010 τοῦ
417 3956 548 4010 Υἱοῦ
579 3961 716 4023 ἐστι,
749 3958 844 4012 καὶ
871 3959 936 4010 ἐκ
985 3957 1077 4010 τοῦ
1109 3953 1238 4008 Υίοῦ
1264 3953 1324 4006 τὸ
1357 3951 1582 4021 Πνεῦμα
1625 3947 1877 4019 λήψεται,

298 4051 390 4103 καὶ
423 4051 555 4104 αὐτὸ
587 4050 801 4115 δοξάσει
839 4050 928 4104 τὸν
951 4049 1099 4102 Υἱόν.
1147 4046 1259 4104 Καὶ
1288 4045 1408 4115 οὐχ)
1443 4043 1504 4097 τὸ
1538 4039 1762 4110 Πνεῦμα
1788 4039 1880 4092 τὸν

299 4143 424 4197 Υἱδν
444 4144 680 4208 δίδωσιν,
703 4143 816 4198 ἀλλ’
843 4144 871 4196 6
899 4143 1027 4206 Υἱὸς
1051 4140 1282 4212 παρέχει
1305 4138 1365 4192 τὸ
1392 4133 1618 4206 Πνεῦμα
1635 4134 1746 4194 τοῖς
1774 4147 1879 4200 μα-

299 4235 510 4306 θηταῖς,
563 4236 660 4290 καὶ
713 4235 778 4288 δι’
807 4233 985 4289 αὐτῶν
1029 4235 1142 4296 τοῖς
1189 4233 1268 4294 είς
1301 4229 1462 4284 αὑτὸν
1511 4223 1877 4280 πιστεύουσιν.

301 4329 412 4399 Ούχ
435 4327 609 4392 οὕτως
656 4323 749 4383 οὖν
795 4329 1015 4400 εἴρηκεν
1039 4328 1069 4379 6
1099 4325 1292 4395 Σωτήρ
1313 4340 1326 4354 ·
1359 4321 1474 4377 ἀλλ’
1499 4320 1576 4383 ὡς
1603 4320 1682 4382 είς
1719 4315 1880 4370 αὑτὸν

301 4419 383 4472 ἐπ’
416 4421 747 4494 ἀμφοτέροις
772 4421 1066 4491 γινομένης
1089 4419 1189 4489 τῆς
1221 4415 1568 4487 βλασφημίας
1587 4457 1602 4480 ,
1643 4411 1738 4466 καί
1781 4409 1881 4480 τῆς

367 4557 413 4588 ⁵⁷
453 4555 651 4612 Genes.
681 4573 721 4622 ι,
755 4559 806 4612 l.
894 4557 940 4588 ³⁸
981 4555 1153 4610 Exod.
1191 4571 1368 4621 xxx",
1393 4555 1447 4608 4.
1548 4553 1590 4584 ⁵⁹
1631 4549 1761 4605 ibid.
1788 4549 1876 4602 54.

367 4717 502 4798 (51).
523 4715 630 4798 Τοῦ
664 4723 789 4798 ante
808 4711 1140 4798 ἒεελζξϐρύλ
1165 4711 1318 4798 deest
1341 4710 1403 4798 in
1434 4708 1613 4788 editis,
1659 4705 1751 4760 sed
1763 4704 1885 4798 ιρει--

1961 1921 2086 1970 sunt
2116 1930 2129 1963 :
2165 1909 2505 1967 denuntiavit
2535 1921 2751 1978 quoque
2785 1905 2928 1962 Deus
2975 1907 3202 1962 dicens:
3245 1924 3263 1958 ι
3299 1905 3416 1972 Qua
3447 1906 3536 1962 die

1960 2003 2212 2070 visitabo,
2242 2001 2494 2057 inducam
2536 2011 2700 2068 super
2732 2011 2828 2054 eos
2873 2005 3154 2066 peccatum
3183 2011 3373 2052 eorum
3409 1996 3476 2052 '°.
3513 2013 3532 2048 ι

1961 2095 2097 2152 Nam
2131 2093 2374 2166 quandiu
2415 2091 2490 2146 illi
2523 2090 2594 2146 ob
2634 2090 2795 2164 panis
2835 2097 2892 2148 et
2919 2104 3076 2160 aqum
3109 2089 3390 2159 penuriam
3434 2089 3536 2145 οὓς

1963 2185 2402 2250 murmurahant,
2432 2181 2684 2238 homines
2707 2179 2992 2244 tolerabat,
3015 2179 3160 2234 haud
3189 2194 3345 2236 secus
3373 2195 3536 2250 quam

1965 2277 2148 2334 nutrix
2191 2269 2470 2332 alumnum
2519 2288 2681 2330 suum
2721 2291 2736 2328 :
2778 2271 2870 2328 ubi
2921 2281 3102 2328 autem
3155 2272 3221 2328 ad
3275 2273 3538 2343 majorem

1967 2369 2236 2427 insaniam
2265 2365 2561 2438 progressi,
2591 2373 2652 2420 ut
2681 2364 2865 2435 psallit
2907 2373 3098 2420 contra
3129 2379 3224 2422 eos
3267 2361 3537 2434 Spiritus:

1975 2483 1993 2516 ι
2027 2461 2372 2516 Mutaverunt
2405 2457 2632 2527 gloriam
2661 2471 2815 2513 suam
2845 2455 2902 2510 in
2945 2455 3357 2512 similitudinem
3387 2457 3544 2514 vituli

1970 2553 2304 2612 comedentis
2341 2552 2524 2608 fenum
2554 2549 2642 2617 ⁶⁰;
2684 2568 2702 2601 ι
2741 2548 2853 2620 jam
2895 2563 3019 2605 cum
3063 2562 3179 2603 rem
3224 2547 3543 2618 indepreca-

1969 2648 2130 2703 bilem
2158 2646 2277 2702 ausi
2307 2651 2512 2709 essent,
2545 2641 2789 2712 percussi
2819 2651 2966 2704 sunt,
2994 2647 3054 2696 ut
3077 2640 3152 2696 ait
3174 2637 3456 2710 Scriptura
3475 2640 3542 2709 “,

1970 2740 2040 2796 ob
2065 2737 2393 2794 fabricatum
2425 2734 2676 2800 vitulum,
2705 2748 2866 2806 quem
2897 2733 3096 2790 fecerat
3125 2731 3332 2789 Aaron.

2046 2917 2133 2973 17.
2173 2914 2373 2970 Eadem
2403 2902 2461 2970 et
2489 2927 2634 2968 nunc
2665 2910 2784 2967 ausi
2815 2909 3096 2976 Pharisaei,
3133 2911 3294 2968 talem
3325 2910 3488 2984 566
3515 2929 3546 2967 a

1975 3011 2208 3066 Domino
2237 3006 2537 3064 retulerunt
2561 3003 2988 3069 damnationem,
3017 3003 3231 3073 qualem
3264 3001 3550 3060 Beelzebul

1976 3119 2138 3177 quem
2167 3102 2244 3158 illi
2279 3113 2470 3155 eorum
2501 3104 2780 3152 auctorem
2821 3094 3082 3165 suspicati
3111 3103 3257 3160 sunt,
3286 3093 3398 3166 jam
3433 3103 3548 3150 tum

1978 3197 2168 3254 habuit
2194 3203 2250 3251 et
2279 3193 2472 3258 habet;
2505 3192 2580 3247 ita
2615 3197 2674 3246 ut
2699 3190 2800 3261 ipsi
2823 3204 3041 3260 quoque
3070 3189 3125 3244 in
3153 3189 3278 3261 igne
3306 3189 3374 3244 ab
3395 3199 3552 3244 aeter-

1977 3291 2145 3347 nitate
2178 3287 2254 3342 illi
2288 3292 2592 3357 prmparato
2618 3297 2744 3339 cum
2773 3281 2893 3352 ipso
2917 3279 3238 3336 absumendi
3267 3279 3395 3336 sint.
3431 3278 3551 3336 Non

1978 3384 2126 3440 enim
2158 3383 2274 3436 haec
2306 3378 2428 3434 ideo
2469 3377 2686 3432 locutus
2733 3381 2837 3440 est,
2875 3383 2936 3428 ut
2973 3373 3364 3443 blasphemiam
3395 3372 3452 3427 in
3491 3387 3554 3428 se

1979 3477 2248 3550 prolatam
2305 3487 2428 3528 cum
2480 3465 2818 3538 blasphemia
2879 3465 2935 3521 in
2985 3463 3248 3536 Spiritum
3303 3472 3554 3520 sanctum

1980 3567 2287 3628 conferret;
2324 3563 2482 3634 quasi
2515 3560 2753 3632 Spiritus
2785 3566 3009 3614 sanctus
3046 3571 3108 3614 se
3144 3555 3321 3628 major
3367 3563 3554 3622 esset,

1982 3661 2212 3730 ideoque
2233 3657 2412 3727 majus
2438 3655 2644 3711 crimen
2673 3658 2820 3708 esset
2851 3648 3188 3720 blasphemia
3211 3648 3266 3704 in
3291 3646 3555 3718 Spiritum

1984 3765 2230 3809 sanctum
2261 3766 2276 3802 :
2305 3747 2478 3804 absit!
2529 3744 2668 3800 Nam
2720 3751 2846 3798 ante
2886 3742 3147 3798 docuerat
3201 3739 3386 3794 omnia
3435 3754 3558 3810 quae

1985 3846 2146 3900 Pater
2178 3843 2361 3905 habet,
2410 3837 2534 3892 Filii
2573 3851 2717 3903 esse,
2753 3843 2808 3890 et
2853 3849 2920 3890 ex
2969 3833 3108 3888 Filio
3143 3831 3404 3904 Spiritum
3436 3846 3560 3887 esse

1988 3945 2354 4007 accepturum,
2381 3931 2669 4001 ipsumque
2695 3926 2958 3997 Spiritum
2987 3925 3412 3998 gloriﬁcaturum
3437 3939 3562 3978 esse

1985 4031 2209 4086 Filium.
2238 4025 2424 4096 Neque
2446 4021 2682 4092 Spiritus
2715 4019 2914 4074 Filium
2943 4019 3035 4074 dat
3059 4036 3074 4086 ;
3107 4017 3199 4074 sed
3234 4015 3406 4071 Filius
3435 4013 3562 4084 Spi-

1987 4124 2152 4180 ritum
2195 4119 2402 4191 praebet
2438 4113 2745 4183 discipulis,
2797 4126 2862 4166 ac
2895 4126 2989 4181 per
3019 4110 3144 4166 illos
3173 4109 3243 4166 iis
3275 4109 3368 4178 qui
3405 4106 3462 4160 in
3501 4121 3563 4161 se

1987 4217 2234 4274 credunt.
2261 4209 2380 4265 Non
2406 4223 2472 4265 eo
2503 4208 2688 4277 itaque
2716 4203 2901 4260 animo
2932 4203 3147 4259 locutus
3172 4209 3256 4258 est
3282 4200 3562 4256 Salvator:

1987 4311 2080 4368 sed
2114 4305 2272 4379 quasi
2305 4301 2645 4373 blasphemia
2675 4298 2732 4352 in
2767 4306 3064 4365 utrumque
3109 4293 3322 4365 prolata
3371 4292 3426 4346 in
3472 4305 3563 4346 se-

1915 4389 1958 4444 Ῑ)
1989 4406 2166 4476 ipsum
2186 4401 2507 4458 recurreret,
2524 4401 2579 4447 et
2603 4391 2692 4446 illa
2721 4389 2922 4456 minor,
2940 4388 3044 4443 alia
3061 4386 3236 4458 major
3261 4392 3426 4450 esset,
3449 4383 3566 4439 haec

1969 4544 2014 4576 ⁸ο
2053 4536 2199 4594 Psal.
2239 4549 2326 4602 cr,
2359 4532 2452 4586 Ἡ.
2543 4529 2586 4562 ⁶¹
2627 4527 2798 4583 Exod.
2833 4541 3008 4592 xxxii,
3035 4524 3124 4581 55.

1993 4714 2118 4754 vero
2133 4696 2426 4762 secundus,
2446 4691 2878 4764 ἐπεστάχθησαν.
2909 4689 3090 4745 Editio
3119 4685 3412 4749 Commel.,
3433 4685 3563 4737 ἐπε-

296 4769 545 4842 hetur'in
579 4785 772 4856 Regio,
808 4785 933 4856 Sag.
960 4769 1121 4856 'Gobl.
1164 4769 1733 4856 et_Fel(km._primo.
1763 4773 1867 4852 Mog

1991 4769 2290 4856 τάξίρῖλέτοξκ-

299 4859 353 4911 in
405 4858 600 4912 iisdem
657 4843 771 4910 haec
813 4843 1034 4917 desunt,
1064 4851 1123 4916 ἐξ
1155 4852 1402 4920 ἀνάγκης
1420 4843 1558 4920 mal;
1580 4845 1753 4920 ταῦτα
1791 4843 1867 4898 τοὶ

1994 4909 2034 4920 ἢ
2069 4843 2180 4920 (56)
2220 4843 2314 4920 δίε
2341 4843 2542 4920 Regius
2581 4843 2636 4888 et
2677 4843 2802 4920 Seg.
2827 4843 3091 4920 gremiis
3117 4843 3224 4920 rm
3240 4843 3523 4920 (ἐδεξιοινιρ

1419 4895 1887 4973 ιὶῗίίεὶιῖεὶιῖιιίὼὶ
1994 4895 2261 4980 Βιιέξιιεςει
2282 4895 2451 4980 Sag;
2461 4904 2602 4980 οίαν,
2628 4895 2992 4980 ιςεςιὲηΕάιίιὶ,
3011 4899 3116 4980 aiat.
3135 4895 3227 4980 In}:
3224 4909 3279 4948 ra
3296 4895 3566 4980 postas-up

299 4925 632 4990 Βεελζεὸούλ
676 4933 898 4996 propter
945 4923 1368 4995 ὀμοιοτέλευτον.

299 4999 360 5051 τό
387 5003 561 5052 deest.
669 5041 674 5048 .

369 5066 486 5138 (59.)
529 5065 811 5138 Begiuset
845 5062 998 5134 Seg.,
1021 5062 1179 5138 lupi:
1199 5061 1292 5114 τοῦ
1323 5057 1481 5138 Θεοῦ.

372 5125 486 5208 (55)
528 5125 890 5192 Gobleriauus
922 5125 993 5189 ’δι’
1019 5125 1258 5190 Felckm.
1309 5131 1542 5201 primus,
1591 5125 1880 5196 ἐπισκέψο-

385 5227 422 5262 ι.

307 5225 490 5350 P“(‘34)
533 5277 625 5350 Sig
657 5275 862 5350 Regius
893 5287 948 5350 et
979 5273 1105 5344 Seg.
1139 5284 1304 5328 recte.
1351 5268 1517 5350 Editi,
1553 5260 1884 5350 οὗτος.¹Μοχ

303 5335 553 5403 ῧοῖιιίοι
579 5335 820 5428 Ἐοιειίῖιι.
856 5335 1087 5416 primus,
1121 5341 1572 5463 τροφοφορήσεις,
1599 5335 1878 5420 mendose.

309 5419 476 5463 Pnnln
527 5426 654 5463 nnst
695 5417 828 5463 edn-
873 5414 1213 5463 Cnmmel.et
1235 5411 1362 5463 Felc
1403 5425 1475 5463 m.
1498 5409 1534 5461 2
1565 5407 1728 5463 male.
1752 5407 1878 5463 ἐμα-

307 5419 476 5474 Paulo
515 5426 654 5488 post
695 5417 829 5488 edit.
857 5405 1475 5488 'Commel.et_Felckm_.
1498 5405 1886 5488 2_n‘l310,§y.d-

305 5505 480 5544 νισαν.
514 5478 661 5543 1ἰιίω
699 5486 923 5556 Regius,
958 5485 1161 5556 Seg._et
1189 5481 1416 5556 Graecus
1441 5478 1884 5556 Scripta-eter-

309 5569 416 5623 tus,
447 5558 605 5626 δόξαν
628 5545 831 5626 αὐτῶν.
859 5545 1199 5626 Εὲιίιὶξδόξαν
1225 5548 1410 5605 αὐτοῦ.
1447 5545 1602 5604 Gobl.
1643 5559 1698 5602 et
1735 5545 1880 5602 Fele.

310 5625 540 5698 primus,
569 5629 730 5693 δόξαν
756 5625 850 5698 τοῦ
879 5625 1038 5698 Θεοῦ.

379 5701 492 5770 (55)
527 5685 608 5770 Τύ
635 5685 788 5770 deest
809 5693 1205 5770 inGobleriano
1242 5699 1296 5770 et
1329 5689 1517 5770 Felch1
1539 5685 1878 5770 primm-illex

312 5757 406 5840 pro
432 5757 848 5840 ἐπατάχθησαν,
876 5765 1225 5835 Anglicanus.
1261 5759 1682 5832 ἐμαστίχθησαν.
1729 5757 1875 5814 Fclc.

2069 4821 2180 4909 (56)
2214 4821 2314 4909 Sic
2338 4835 2542 4909 Regius
2581 4841 2636 4888 et
2677 4831 2802 4903 Seg.
2827 4829 3091 4909 1n__editis
3117 4829 3224 4909 τήν
3240 4821 3562 4909 ᾱθθειηΜρκ

1995 4982 2049 5034 in
2074 4945 2322 5034 ῗθοιῖιὶιιιῑ
2509 4975 2563 5028 in
2587 4945 2772 5040 editis,
2803 4945 3016 5041 ἐκείνῴ.
3047 4969 3104 5022 In
3140 4945 3562 5041 aliis_ormnibus',

1993 5052 2188 5103 ἐκεῖνο.
2213 5047 2459 5116 Utraque
2475 5045 2635 5116 lectio
2666 5035 3162 5116 quadrarepotest,
3187 5035 3278 5116 sed
3307 5044 3567 5116 praestare

1995 5119 2210 5212 ridetur
2239 5103 2410 5198 prior.
2442 5113 2567 5170 Mox
2595 5103 2720 5184 post
2747 5113 2864 5184 μετ’
2889 5103 3076 5164 αὑτοῦ.
3106 5103 3390 5177 Βεείιιεει
3410 5103 3564 5173 Seg.,

1992 5205 2082 5242 υπ’
2115 5205 2301 5242 αυτου.

2001 5331 2008 5332 ί
2063 5259 2174 5332 (57)
2218 5258 2310 5314 Sic
2343 5255 2476 5327 Reg.
2510 5254 2633 5327 Seg.
2661 5251 2817 5308 Gobl.
2845 5259 2899 5305 et
2926 5247 3166 5304 Felckm.
3202 5246 3250 5300 l.
3289 5243 3456 5311 Editi,
3485 5245 3565 5306 εἰς

1991 5331 2308 5471 ἐαῖἔὲἷ’8ἰο
2332 5395 2553 5471 Regius,
2583 5391 2706 5471 Seg.
2745 5389 2957 5471 Anglic.
2989 5385 3147 5471 Gobl.
3169 5381 3421 5471 .F’e‘lcltm.
3440 5381 3566 5471 pri:

1989 5451 2198 5524 mdé'ét
2223 5451 2352 5523 edit.
2384 5451 2582 5522 Paris;
2601 5451 2793 5528 invqua
2825 5451 3006 5528 tamen
3034 5458 3186 5528 deest
3218 5451 3566 5528 βλασφημίας

2139 5537 2428 5642 γινομένης
2449 5575 2464 5600 ,
2499 5535 2629 5588 edit.
2663 5523 2951 5611 (ll-ommeL,
2987 5523 3286 5610 λεγομένης
3323 5523 3568 5593 βλασφηο

1992 5612 2120 5642 ..ιι-ρ
2153 5607 2304 5642 ..ι-..ιμ’
2335 5621 2358 5642 ι’
2391 5619 2554 5642 male“
2599 5615 2822 5642 nmium
2853 5603 3191 5642 Inlermmln:
3227 5605 3449 5642 nmnter
3477 5607 3566 5642 re-

1989 5603 2120 5681 μίας
2152 5603 2304 5681 ταῦτ’
2335 5603 2576 5681 εἴρηκεν,
2599 5603 2822 5656 omissis
2853 5603 3191 5681 IIl-IICII‘DIQIES
3223 5605 3449 5681 propter
3463 5607 3566 5672 _re-

1985 5667 2210 5764 petitam
2235 5667 2580 5748 βλασφημίας
2619 5685 2828 5727 vocem.
2859 5667 3066 5724 Ibidem
3111 5667 3565 5733 Βθδὶιηςτοιαῧτα

1984 5765 2222 5822 ειρηγεν.
