3914 6222
293 325 402 386 665

1393 315 1742 373 EPlSTOLA
1769 314 1836 370 IV
1879 313 1970 368 AD
2013 311 2466 371 SERAPIONEM.

3439 313 3543 370 666

297 457 442 515 ματα
461 439 563 492 οὐκ
591 436 708 492 ἐστι
737 436 1214 508 δαιμονιζομένου·
1252 433 1325 506 μὴ
1350 433 1624 503 δαιμόνιον
1652 431 1869 484 δύναται

1977 433 2220 488 monium
2265 439 2442 503 potest
2471 444 2739 486 caecorum
2771 429 2962 488 oculos
2996 429 3207 501 aperire
3233 429 3314 483 ‘9?
3341 447 3360 482 ι
3401 426 3543 482 Pha-

292 529 513 598 τυφλῶν
568 529 878 600 ὀφθαλμοὺς
934 528 1200 596 ἀνοίγειν;
1243 544 1260 578 ι
1326 527 1374 577 oi
1418 524 1475 577 δὲ
1525 523 1867 594 νομιζόμενοι.

295 622 448 693 ἁδροὶ
476 619 571 674 τοῦ
592 621 778 690 νόμου,
805 621 856 672 οἱ
882 621 1183 691 Φαρισαῖοι,
1210 617 1258 671 oi
1295 615 1366 670 τὰ
1413 615 1694 689 κράσπεδα
1735 615 1868 669 πλα-

293 712 570 774 τύνοντες.
595 711 690 764 κα)¹
722 709 1094 781 κομπάζοντες
1143 709 1219 772 ὡς
1266 706 1425 760 πλέον
1451 724 1505 758 τι
1548 707 1655 759 τῶν
1693 705 1868 761 ἄλλων

293 801 676 872 γινώσκοντες,
716 801 824 855 οὐδ’
855 800 1027 863 οὕτως
1051 799 1370 870 ᾐσχύνοντοο
1409 797 1551 852 κατὰ
1571 798 1626 851 δὲ
1665 799 1725 850 τὸ
1772 815 1866 866 γε-

294 893 639 965 γραμμένον,
673 893 826 947 ἔθυον
861 894 909 946 oi
943 892 1168 956 τάλανες
1187 891 1448 963 δαιμονίῳ
1481 892 1576 946 καὶ
1624 891 1686 944 ού
1725 889 1864 962 Θεῷ,

293 986 546 1056 λέγοντες
585 985 856 1056 δαιμόνιον
889 985 1030 1056 ἔχειν
1052 985 1142 1038 τὸν
1175 984 1406 1056 Κύριον,
1455 983 1550 1038 καὶ
1600 981 1867 1052 δαιμόνων

291 1073 436 1131 εἶναι
464 1077 536 1131 τά
557 1075 651 1130 τοῦ
683 1077 816 1130 Θεοῦ
845 1076 1000 1148 ἔργα.
1037 1078 1312 1148 Ἔπασχον
1343 1076 1399 1128 δὲ
1425 1073 1596 1128 ’τοῦτο
1625 1075 1690 1128 δι’
1717 1073 1868 1127 οὐδὲν

295 1169 504 1242 ἓτερον,
539 1171 574 1240 ἥ
605 1170 691 1222 ἵνα
731 1169 887 1240 μόνον
913 1169 1254 1240 άρνήσωνται
1277 1169 1366 1222 τὸν
1399 1165 1574 1220 ταῦτα
1613 1165 1868 1220 ποιοῦντα

295 1260 428 1314 Θεὸν
462 1255 624 1322 εἷναι,
663 1257 865 1313 καὶτοῦ
892 1257 1027 1311 Θεοῦ
1062 1258 1208 1311 Υἰόν.
1237 1257 1300 1310 El
1333 1256 1441 1327 γὰρ
1465 1257 1524 1309 τὸ
1549 1255 1748 1308 ἐσθίειν
1775 1255 1868 1307 καὶ

291 1349 388 1403 τοῦ
420 1349 675 1422 σώματος
705 1352 737 1421 ἠ
769 1349 892 1419 ὄψις
920 1348 1192 1403 ἐδείκνυεν
1221 1347 1382 1400 αὑτὸν
1424 1348 1518 1400 κα)¹
1563 1347 1866 1418 ἄνθρωπον,

291 1438 380 1492 διὶι
400 1440 454 1492 τί
487 1440 561 1511 μὴ
584 1440 650 1492 ὲκ
670 1439 776 1494 τῶν
821 1439 996 1510 ἔργων
1043 1437 1306 1509 ἐθεώρουν
1336 1437 1495 1490 αὑτὸν
1533 1431 1670 1490 εἷναι
1705 1439 1761 1488 ἐν
1791 1435 1868 1506 τῷ

294 1532 493 1604 Πατρὶ,
518 1531 720 1586 καὶτὸν
750 1532 968 1603 Πατέρα
997 1532 1054 1584 ἐν
1084 1529 1264 1601 acup;
1323 1529 1459 1583 Ἀλλ’
1504 1529 1603 1582 ούκ
1645 1530 1831 1600 ἤθελον
1851 1546 1864 1558 ·

296 1624 498 1694 μᾶλλον
527 1625 586 1678 δὲ
611 1625 764 1680 αὐτοὶ
787 1627 878 1679 τὸν
907 1623 1234 1688 Βεελζεδοὺλ
1257 1617 1400 1693 εἶχον
1435 1624 1492 1676 ἐν
1513 1623 1724 1687 ἑαυτοῖς

293 1717 688 1788 φθεγγόμενον,
711 1717 786 1781 ὡς
806 1719 872 1770 ὲκ
899 1717 998 1788 μὲν
1039 1717 1147 1770 τῶν
1187 1715 1542 1786 ἀνθρωπίνων
1580 1715 1867 1786 ἄνθρωπον

294 1809 456 1866 αὑτὸν
491 1809 650 1880 μόνον
672 1809 990 1881 ὀνομάζειν
1027 1812 1092 1862 ὲκ
1116 1809 1173 1862 δὲ
1210 1807 1316 1862 τῶν
1339 1807 1536 1880 ἔργων,
1571 1807 1608 1862 ἃ
1645 1804 1714 1880 ἦν
1761 1807 1868 1862 ἴδια

294 1897 448 1963 Θεοῦ,
480 1900 677 1970 μηκέτι
706 1900 838 1952 Θεὸν
861 1899 1021 1953 αὑτὸν
1054 1899 1352 1970 ὁμολογεῖν,
1397 1899 1531 1952 ἀλλὰ
1568 1900 1659 1952 τὸν
1693 1901 1747 1952 ὲν
1775 1900 1871 1952 αύ-

293 1993 404 2052 τοῖς
435 1990 763 2054 Βεελζεὸοὺλ
787 1991 899 2044 ἀντ’
933 1991 1140 2046 ἐκείνου
1173 1991 1455 2055 θεοποιεῖν,
1492 1991 1579 2045 ἵνα
1599 1992 1694 2045 σὺν
1723 1991 1870 2064 αὐτῷ

294 2082 477 2136 λοιπὸν
511 2083 743 2146 αὶωνίως
771 2083 883 2154 (52)
919 2084 978 2137 ἐν
1008 2083 1086 2154 τῷ
1107 2085 1241 2154 πυρὶ
1269 2082 1622 2148 κολάζωνται.

363 2172 451 2226 i9.
488 2171 598 2225 Καὶ
617 2172 754 2243 αὐτὴ
777 2173 835 2225 δὲ
861 2171 1008 2244 ὴτοῦ
1037 2170 1464 2244 ἀναγνώσματος
1493 2172 1870 2246 παρατήρησις

291 2264 549 2335 τοιαύτην
581 2263 818 2334 ἐμφασίν
848 2281 970 2318 τινα
1001 2263 1112 2335 (55)
1147 2263 1407 2335 παρέχειν
1450 2281 1540 2333 μοι
1577 2263 1741 2328 δοκεῖ,
1777 2265 1870 2317 καὶ

290 2355 554 2410 δεικνύειν
582 2359 661 2420 εἰς
694 2357 856 2410 αὐτὸν
884 2356 1105 2425 φθάνειν
1137 2355 1450 2426 ἀμφοτέρας
1483 2354 1583 2419 τὰς
1629 2354 1870 2426 βλασφη-

295 2449 444 2518 μίας,
475 2449 572 2500 καὶ
597 2448 724 2518 περ).
754 2447 947 2502 ἑαυτοῦ
980 2448 1257 2519 εἰρηκέναι
1299 2447 1380 2510 τὸ,
1421 2465 1440 2498 ι
1483 2446 1610 2510 Υἱὸς
1657 2445 1868 2518 ἀνθρώ-

293 2557 414 2603 που,
457 2557 478 2590 ι
509 2539 602 2592 καὶ
626 2539 708 2605 τὸ,
750 2559 770 2590 ι
806 2539 1029 2610 Πνεῦμα
1049 2557 1062 2570 ·
1101 2557 1120 2590 ι
1155 2539 1220 2592 ἵν’
1249 2539 1314 2592 ὲκ
1339 2538 1524 2592 τούτου
1550 2537 1647 2608 μὲν
1679 2539 1740 2590 τὸ
1767 2554 1870 2592 σω-

295 2630 522 2702 ματικὸν
547 2629 740 2682 ἑαυτοῦ
762 2630 930 2703 δείξῃ,
965 2632 1029 2684 ἐκ
1051 2630 1108 2684 δὲ
1133 2631 1225 2685 τοῦ
1255 2631 1564 2703 πνεύματος
1587 2633 1685 2704 τὴν
1708 2649 1868 2686 πνευ-

295 2721 525 2792 ματικὴν
569 2721 766 2776 ἑαυτοῦ
822 2723 914 2776 καὶ
965 2722 1159 2793 νοητὴν
1201 2724 1296 2776 καὶ
1349 2723 1719 2796 ἀληθεστάτην
1756 2725 1866 2797 (54)

291 2812 520 2884 θεότητα
565 2815 804 2889 δηλώσῃ.
835 2815 944 2868 Καὶ
969 2814 1077 2887 γὰρ
1099 2815 1159 2868 τὸ
1205 2816 1302 2886 μὲν
1347 2815 1532 2870 λαϐεῖν
1573 2817 1868 2888 δυνάμενον

291 2903 622 2973 συγγνώμην
653 2905 746 2957 ἐπὶ
777 2904 870 2957 τοῦ
911 2905 1042 2957 Υἰοῦ
1084 2902 1180 2957 τοῦ
1224 2904 1513 2976 ἀνθρώπου
1560 2906 1865 2970 συνέταξεν,

290 2996 375 3047 ἵνα
391 2995 452 3048 τὸ
471 2995 781 3065 σωματικὸν
800 2995 986 3050 ἑαυτοῦ
1013 2998 1230 3071 σημάνῃ
1246 3015 1259 3028 ·
1291 2998 1390 3072 τὴν
1409 2998 1466 3051 δὲ
1488 2999 1866 3068 άσύγγνωστον

1967 525 2113 580 risaei
2160 533 2342 579 autem
2385 522 2480 592 qui
2531 522 2666 594 legis
2709 521 3024 592 peritissimi
3067 523 3417 594 putabantur,
3447 520 3544 590 qui

1969 617 2213 672 ﬁmbrias
2243 615 2540 672 dilatabant
2559 654 2576 680 ,
2607 621 2662 670 et
2686 613 3086 684 gloriabantur,
3116 614 3271 684 quasi
3297 613 3418 682 plus
3445 611 3544 665 ali—

1967 710 2097 780 quid
2125 709 2332 764 caeteris
2377 708 2610 771 scirent,
2650 721 2716 761 ne
2754 707 2828 760 ita
2861 705 3078 776 quidem
3117 706 3404 771 erubuere,
3446 703 3543 758 sed

1967 815 2028 858 ut
2075 803 2332 872 scriptum
2380 809 2505 866 est,
2566 787 2924 854 immolabant
2963 797 3147 853 miseri
3188 797 3451 851 daemonio
3491 806 3544 851 et

1968 907 2076 946 non
2113 891 2219 946 Deo
2243 892 2310 958 το,
2343 892 2585 948 dicentes
2625 890 2914 944 Dominum
2951 889 3150 944 habere
3193 888 3540 952 daamonium,

1967 993 2021 1037 et
2049 983 2138 1039 Dei
2168 998 2328 1054 opera
2377 983 2684 1038 daemonum
2730 998 2871 1038 esse.
2903 980 2970 1036 Et
3003 981 3108 1036 hoc
3149 981 3296 1034 nulla
3336 981 3440 1034 alia
3477 979 3544 1034 de

1969 1091 2153 1142 causa,
2189 1091 2352 1146 quam
2385 1085 2446 1130 ut
2477 1081 2737 1145 negarent
2764 1073 2932 1129 Deum
2963 1088 3104 1137 esse,
3136 1081 3190 1128 et
3219 1071 3311 1127 Dei
3343 1072 3542 1126 Filium

1968 1168 2062 1238 qui
2102 1167 2218 1222 huic
2256 1177 2455 1236 ageret.
2493 1165 2550 1220 Si
2577 1166 2724 1220 enim
2751 1165 3018 1221 comestio
3049 1165 3364 1235 speciesque
3413 1178 3540 1217 cor-

1967 1260 2136 1328 poris,
2167 1273 2288 1312 eum
2318 1261 2482 1312 etiam
2519 1258 2795 1312 hominem
2843 1273 2964 1313 esse
3018 1257 3346 1323 declarabat,
3375 1271 3546 1325 quare

1967 1367 2076 1404 non
2101 1366 2164 1406 ex
2193 1351 2447 1420 cperibus
2479 1349 2898 1419 perspiciebant,
2924 1349 3099 1418 ipsum
3129 1349 3183 1402 in
3209 1346 3371 1403 Patre
3398 1362 3542 1413 esse,

1966 1446 2021 1491 et
2051 1436 2264 1491 Patrem
2294 1437 2350 1490 in
2395 1436 2552 1505 ipso?
2581 1435 2743 1506 Atqui
2791 1437 2842 1492 id
2883 1437 3140 1491 nolebant
3173 1438 3270 1502 illi,
3305 1437 3414 1491 imo
3445 1451 3546 1508 po-

1970 1529 2079 1584 tius
2113 1529 2292 1599 ipsum
2327 1528 2699 1583 Beelzebulem
2731 1529 3002 1583 habebant
3029 1529 3082 1582 in
3120 1543 3178 1583 se
3207 1529 3544 1596 loquentem,

1969 1631 2028 1676 ut
2051 1637 2114 1675 ex
2139 1620 2392 1675 humanis
2422 1635 2542 1674 eum
2566 1619 2840 1674 hominem
2866 1620 3128 1674 duntaxat
3153 1629 3441 1684 vocarent;
3475 1635 3542 1674 ex

1969 1713 2224 1782 operibus
2250 1721 2454 1776 autem,
2482 1725 2602 1782 quae
2632 1711 2726 1766 Dei
2759 1711 2978 1781 propria
3003 1721 3178 1777 erant,
3211 1727 3318 1764 non
3353 1709 3542 1765 itidem

1969 1805 2121 1859 illum
2167 1821 2288 1861 esse
2318 1805 2490 1860 Deum
2534 1804 2940 1870 conﬁterentur,
2974 1804 3068 1858 sed
3107 1818 3204 1874 pro
3233 1818 3298 1858 eo
3327 1803 3546 1858 Beelze-

1969 1896 2148 1951 bulem
2173 1897 2229 1951 in
2259 1896 2455 1966 seipsis
2485 1895 2818 1950 habitantem
2843 1894 3009 1948 Deum
3039 1895 3302 1964 facerent,
3337 1907 3395 1952 ut
3418 1911 3543 1951 cum

1969 1987 2063 2042 illo
2092 1987 2310 2043 tandem
2336 1997 2600 2044 aeternum
2639 1989 2764 2061 igne
2795 1989 3191 2044 cruciarentur.

2041 2165 2127 2221 l9.
2189 2165 2427 2232 Quin'et
2479 2168 2597 2238 ipsa
2657 2167 2907 2224 lectionis
2963 2167 3271 2223 observatio
3333 2168 3544 2223 videtur

1969 2259 2101 2314 mihi
2139 2260 2300 2314 talem
2327 2260 2619 2328 quamdam
2648 2261 2976 2316 sententiam
3006 2260 3282 2324 exhibere,
3313 2269 3366 2314 et
3399 2259 3542 2316 indi-

1969 2367 2096 2408 care
2133 2361 2424 2418 utramque
2456 2351 2850 2428 blasphemiam
2879 2352 2946 2405 ad
2987 2350 3166 2421 ipsum
3198 2351 3502 2420 pertingere
3525 2393 3540 2415 ,

1967 2454 2019 2500 et
2053 2445 2118 2498 de
2163 2443 2346 2513 seipse
2393 2443 2546 2496 illum
2589 2441 2812 2506 dixisse,
2847 2460 2866 2493 ι
2905 2440 3076 2496 Filius
3110 2441 3367 2502 hominis,
3402 2459 3421 2490 ι
3459 2448 3550 2508 et,

1973 2554 1992 2587 ι
2036 2535 2311 2605 Spiritus:
2347 2551 2364 2586 ι
2401 2541 2462 2587 ut
2489 2549 2556 2588 ex
2591 2531 2718 2598 illo,
2753 2547 2874 2601 quae
2903 2546 3102 2600 corpus
3137 2546 3295 2584 suum
3329 2538 3543 2598 specta-

1965 2635 2118 2693 rent;
2171 2643 2238 2682 ex
2279 2625 2472 2694 spiritu
2509 2638 2642 2678 vero
2675 2621 3011 2692 spiritualem
3054 2635 3209 2676 suam
3264 2628 3316 2674 et
3343 2619 3542 2674 intelli-

1968 2719 2186 2788 gibilem
2221 2717 2678 2783 verissimamque
2717 2714 3054 2768 divinitatem
3096 2712 3418 2767 declararet.
3455 2711 3545 2765 Si-

1965 2809 2182 2880 quidem
2219 2809 2292 2870 id,
2325 2808 2390 2862 de
2417 2821 2526 2876 quo
2565 2805 2722 2860 venia
2755 2803 2986 2859 obtineri
3015 2811 3213 2873 potest,
3247 2802 3314 2856 ad
3343 2801 3544 2856 Filium

1965 2901 2205 2956 hominis
2227 2899 2434 2960 retulit,
2469 2906 2528 2952 ut
2554 2911 2814 2966 corporea
2846 2909 2946 2948 sua
2973 2893 3304 2964 signiﬁcaret
3333 2909 3348 2946 :
3391 2893 3542 2948 blas-

1963 2993 2236 3063 phemiam
2283 2999 2466 3045 autem
2512 3005 2624 3044 non
2671 2987 3086 3050 remittendam,
3165 2988 3233 3041 ad
3281 2985 3546 3056 Spiritum

294 3085 636 3157 βλασφημίαν
669 3090 748 3152 ei;
771 3089 833 3141 τὸ
863 3088 1089 3160 Πνεῦμα
1120 3089 1344 3160 φθάνειν
1370 3090 1668 3162 δεδήλωκεν
1688 3105 1703 3121 ⁸
1754 3089 1862 3156 ⁴ιῖνα,

1975 3083 2270 3152 pertingere
2293 3079 2628 3136 declaravit:
2665 3087 2747 3144 ut,
2787 3078 2917 3131 dum
2951 3076 3018 3135 ad
3057 3075 3416 3131 (litierentiam
3459 3075 3546 3132 sui

291 3179 424 3248 πρὸς
448 3179 857 3250 ἀντιδιαστολὴν
881 3179 976 3232 τοῦ
1010 3179 1321 3250 σωματικοῦ
1342 3178 1500 3232 τοῦτο
1672 3179 1864 3248 λέγων,

289 3269 386 3341 τὴν
411 3269 608 3322 ἑαυτοῦ
644 3269 873 3340 θεότητα
902 3271 1072 3342 δείξῃ.
1099 3269 1298 3323 Τοῦτον
1326 3270 1382 3323 δὲ
1415 3270 1506 3324 τὸν
1549 3271 1869 3342 χαρακτῆρα

291 3361 384 3414 καὶ
406 3363 465 3414 ὲν
490 3361 573 3431 τῷ
599 3361 740 3415 κατά
799 3361 1050 3432 Ἰωάννην
1083 3361 1397 3431 Εὐαγγελίῳ
1445 3361 1690 3433 ἑώρακα·
1735 3363 1870 3431 ὁπη-

288 3451 434 3516 νίκα,
467 3454 598 3524 περ“ι
624 3454 722 3524 τῆς
742 3451 836 3506 τοῦ
877 3452 1127 3523 σώματος
1169 3453 1421 3524 βρώσεως
1471 3453 1866 3523 διαλεγόμενος,

289 3544 382 3598 καὶ
403 3544 494 3597 διὰ
515 3543 672 3596 τοῦτο
697 3543 922 3608 πολλοὺς
943 3543 1201 3615 ἑωρακὼς
1223 3545 1349 3607 τοὺς
1366 3543 1866 3606 πανδαλισθέντας,

289 3637 456 3711 φησιν
509 3638 538 3689 ὁ
581 3636 819 3705 Κύριος·
867 3655 887 3688 ι
925 3635 1094 3690 Τοῦτο
1126 3637 1268 3708 ὑμᾶς
1301 3635 1679 3701 σκανδαλίζει;
1743 3635 1868 3689 Ἐάν

289 3723 378 3784 οὖν
429 3727 676 3798 θεωρῆτε
863 3728 952 3781 τὸν
983 3727 1112 3781 Υἱὸν
1154 3727 1245 3781 τοῦ
1300 3726 1584 3799 ἀνθρώπου
1645 3725 1870 3781 ἀναϐαί-

289 3835 468 3882 νοντα,
512 3820 644 3871 ὅπου
695 3814 764 3889 ἦν
813 3818 873 3871 τὸ
920 3819 1216 3890 πρότερον;
1279 3819 1352 3871 Τὸ
1383 3818 1606 3888 Πνεῦμά
1651 3819 1766 3872 ἐστι
1810 3819 1871 3871 τὸ

289 3909 618 3975 ζωοποιοῦν·
653 3913 688 3983 ἡ
723 3910 858 3982 σάρξ
889 3912 988 3965 οὐκ
1019 3912 1220 3980 ὠφελεῖ
1250 3911 1421 3964 οὐδέν.
1456 3910 1537 3964 Τὰ
1571 3912 1791 3982 ῥήματα
1835 3909 1870 3964 ἃ

288 3997 400 4068 ἐγὼ
425 3999 699 4076 λελάληκα
727 4001 875 4070 ὑμῖν,
905 3999 1121 4071 πνεῦμά
1147 4001 1262 4052 ἐστι
1287 4001 1381 4053 καὶ
1410 3997 1546 4070 ζωή.
1583 4019 1603 4050 ι
1633 3997 1744 4051 Καὶ
1777 4000 1866 4051 ὲν-

287 4087 466 4142 ταῦθα
498 4087 608 4158 γὰρ
637 4087 922 4160 ἀμφότερα
946 4089 1074 4160 περ)¹
1095 4085 1288 4140 ἑαυτοῦ
1317 4085 1527 4157 εἴρηκε,
1561 4085 1738 4155 σάρκα
1775 4083 1871 4137 καὶ

289 4177 514 4248 πνεῦμα
537 4178 646 4250 (5'7)
671 4196 688 4211 ο
713 4179 808 4232 καὶ
842 4180 904 4232 τὸ
943 4179 1158 4251 πνεῦμα
1181 4179 1318 4251 πρὸς
1347 4179 1408 4232 τὸ
1427 4177 1568 4232 κατὰ
1597 4177 1776 4247 σάρκα
1796 4175 1872 4229 δι-

286 4269 551 4334 ἕστειλεν,
583 4271 668 4324 ἵνα
725 4271 799 4342 μὴ
829 4271 988 4342 μόνον
1021 4271 1083 4322 τὸ
1126 4271 1468 4341 φαινόμενον,
1525 4267 1658 4322 ἀλλὰ
1687 4269 1781 4321 καὶ
1811 4269 1872 4321 τὸ

285 4365 528 4436 ἀόρατον
562 4364 726 4418 αὐτοῦ
772 4365 1159 4428 πιστεύσαντες
1201 4365 1474 4436 μάθωσιν,
1513 4365 1594 4417 ὅτι
1633 4364 1728 4415 καὶ
1757 4360 1868 4434 ('58)

1970 3175 2214 3246 corporis
2247 3175 2364 3228 haec
2411 3174 2635 3240 diceret,
2683 3187 2839 3227 suam
2883 3169 3220 3226 divinitatem
3264 3185 3545 3224 common—

1971 3276 2186 3325 straret.
2235 3263 2387 3320 Hanc
2440 3272 2624 3320 autem
2677 3264 2934 3334 loquendi
2993 3263 3222 3318 formam
3275 3265 3440 3318 etiam
3487 3261 3544 3315 in

1975 3356 2260 3426 Evangelio
2295 3355 2594 3410 secundum
2628 3353 2894 3410 Joannem
2929 3353 3288 3408 animadverti
3317 3369 3330 3404 :
3359 3353 3450 3407 ubi
3478 3352 3546 3406 de

1971 3451 2214 3520 corporis
2246 3463 2342 3504 esu
2378 3447 2674 3512 disserens,
2704 3462 2766 3501 ac
2781 3456 3065 3516 propterea
3091 3446 3289 3500 multos
3315 3443 3548 3501 scanda-

1969 3542 2160 3594 lizatos
2194 3539 2384 3616 videns
2409 3579 2424 3604 ,
2475 3538 2552 3592 ait
2595 3535 2899 3592 Dominus:
2939 3555 2958 3588 ι
2995 3533 3112 3590 Hoc
3142 3549 3239 3590 vos
3273 3533 3544 3606 scaqdali-

1971 3631 2093 3684 zat?
2128 3627 2185 3684 Si
2213 3645 2342 3699 ergo
2373 3627 2616 3682 videritis
2659 3627 2856 3681 Filium
2891 3627 3127 3682 hominis
3161 3625 3542 3680 ascendentem

1972 3723 2060 3776 ubi
2098 3729 2213 3775 erat
2240 3720 2430 3792 prius?
2466 3719 2702 3790 Spiritus
2727 3727 2810 3774 est
2839 3719 2932 3788 qui
2959 3717 3195 3773 viviﬁcat
3225 3733 3238 3768 :
3278 3731 3405 3770 caro
3432 3729 3544 3769 non.

1969 3815 2188 3886 prodest
2220 3813 2538 3883 quidquam.
2575 3811 2750 3866 Verba
2788 3827 2909 3880 qua:
2937 3825 3038 3880 ego
3063 3810 3278 3864 locutus
3305 3823 3426 3863 sum
3453 3823 3544 3862 vo-

1969 3909 2075 3971 bis,
2100 3907 2323 3977 spiritus
2348 3914 2401 3961 et
2423 3906 2532 3960 vita
2557 3914 2685 3960 sunt
2707 3905 2773 3958 “.
2814 3923 2832 3956 ι
2865 3902 2998 3957 Nam
3029 3902 3118 3957 hic
3145 3902 3308 3956 etiam
3334 3909 3544 3955 utrum-

1970 4015 2077 4069 que
2109 3999 2176 4053 de
2207 4012 2266 4052 se
2293 3997 2449 4061 dixit,
2476 4011 2696 4050 carnem
2729 4004 2785 4050 et
2814 3995 3064 4063 spiritum
3097 4012 3109 4047 :
3143 4000 3198 4047 et
3233 3991 3481 4063 spiritum
3511 4006 3541 4046 a

1969 4101 2133 4142 carne
2175 4084 2444 4152 distinxit,
2491 4093 2554 4139 ut
2595 4099 2707 4139 non
2749 4084 2928 4140 solum
2975 4083 3120 4154 quod
3155 4089 3398 4153 apparet,
3447 4081 3544 4136 sed

1971 4180 2136 4235 etiam
2167 4178 2312 4248 quod
2343 4177 2619 4232 invisibile
2642 4175 2762 4246 ejus
2792 4185 2875 4231 est
2905 4174 3209 4240 credentes,
3236 4173 3543 4234 discerent,

1971 4287 2035 4326 ea
2068 4285 2191 4340 quae
2219 4270 2333 4339 ipse
2372 4269 2686 4338 loqueretur
2724 4283 2832 4322 non
2869 4279 2988 4321 esse
3015 4264 3288 4330 carnalia,
3307 4263 3404 4319 sed
3434 4262 3547 4332 spi-

1972 4365 2214 4418 ritualia.
2249 4362 2415 4434 568
2438 4360 2581 4428 Quot
2620 4359 2766 4415 enim
2811 4357 3125 4412 hominibus
3170 4371 3368 4426 corpus
3412 4355 3546 4410 satis

283 4455 318 4509 ἃ.
357 4456 514 4524 λέγει
559 4457 659 4510 οὐκ
681 4457 798 4511 ἔστι.
831 4457 1086 4531 σαρκικὰ,
1120 4457 1255 4526 ἀλλὰ
1282 4456 1641 4528 πνευματικά.
1677 4456 1869 4517 Πόσοις

1975 4466 2119 4512 esset
2145 4455 2210 4509 ad
2235 4468 2390 4508 esum
2413 4495 2428 4520 ,
2461 4461 2523 4507 ut
2555 4451 2686 4506 illud
2722 4451 2886 4507 totius
2915 4448 3103 4503 mundi
3133 4447 3286 4504 ﬁeret
3313 4447 3546 4502 alimen-

284 4547 398 4620 γάρ
434 4547 596 4618 ἤρκει
618 4549 680 4602 τὸ
713 4549 870 4621 σῶμα
898 4551 1034 4621 πρὸς
1065 4549 1288 4621 βρῶσιν,
1308 4549 1511 4603 ἴνα-καὶ
1537 4546 1630 4602 τοῦ
1662 4548 1868 4618 κόσμου

283 4639 494 4704 παντὸς
509 4638 664 4695 τοῦτο
691 4642 864 4714 τροφὴ
890 4643 1150 4712 γένηταις
1195 4641 1356 4694 Ἀλλὰ
1377 4641 1465 4695 διά
1493 4640 1649 4694 τοῦτο
1674 4640 1774 4710 τῆς
1793 4639 1874 4701 εἰς

1977 4545 2135 4600 tum?
2167 4541 2272 4598 Sed
2298 4543 2418 4597 ideo
2441 4542 2686 4596 meminit
2707 4539 3046 4596 ascensionis
3073 4537 3194 4592 Filii
3231 4538 3468 4592 hominis
3489 4536 3544 4590 in

1979 4637 2178 4694 etelum
2198 4677 2214 4702 ,
2245 4641 2303 4688 ut
2332 4649 2363 4690 a
2395 4633 2663 4704 corporali
2697 4633 3025 4706 cogitatione
3053 4629 3199 4700 ipsos
3225 4628 3543 4692 retraheret,

355 4781 404 4812 ⁸⁵
448 4779 613 4835 Joan.
645 4795 700 4844 ιι,
729 4779 820 4835 21.
897 4781 946 4812 ⁷⁸
983 4779 1142 4835 Deut.
1184 4793 1361 4844 xxx",
1395 4777 1482 4830 17.
1558 4777 1601 4808 ⁷⁵
1642 4773 1799 4831 Joan.
1833 4789 1862 4826 v

1975 4769 2120 4830 2—64.

281 4939 430 4994 Ibid.
459 4937 666 5006 Regius
690 4947 746 4992 et
765 4935 950 5002 Gobl.,
980 4936 1130 5006 παρὰ
1164 4935 1257 4989 τοῦ
1286 4934 1517 5006 Κυρίου.

357 5010 484 5080 (5i)
529 5003 622 5063 Sic
647 5006 878 5080 _Regius
929 5003 1092 5080 quem
1127 5003 1445 5080 sequimujj._
1469 5003 1620 5080 Se_g.,
1643 5004 1875 5080 εαυτοῖς,

357 5019 484 5091 (_51)
529 5019 622 5063 Sic
680 5019 878 5088 ltegtus
929 5023 1092 5090 quem
1127 5019 1445 5084 sequumur._
1473 5019 1875 5124 δθςξηεαυτοις,

281 5095 504 5140 οιηιεεο
535 5081 612 5132 ὲν.
647 5077 788 5132 Edttt
813 5085 868 5132 et
901 5078 1015 5141 alll,
1046 5079 1103 5130 ὲν
1131 5077 1334 5138 αὐτοῖς.
1371 5074 1505 5128 lbtd.
1534 5073 1554 5125 Ι
1582 5089 1756 5142 cgtus,
1779 5071 1875 5125 Se-

282 5167 451 5222 guef.
487 5148 680 5222 Basil.,
708 5146 804 5210 ὥς.
848 5145 1093 5222 Editi‘et
1111 5145 1336 5222 caeteri,
1355 5143 1450 5206 ὡς.
1489 5141 1876 5222 Infranliegiug

279 5212 334 5274 et
386 5218 790 5287 Seguerianus,
847 5217 954 5270 ἴδια
1002 5215 1160 5270 Θεοῦ.
1196 5213 1338 5268 Editi
1385 5221 1440 5268 et
1471 5214 1584 5276 alii,
1629 5212 1734 5266 ἴδια
1781 5212 1876 5263 τοῦ

281 5289 431 5344 Θεοῦ
441 5329 457 5340 .

358 5357 484 5446 (5'2)
529 5355 724 5421 Basil.,
754 5357 988 5412 αἰωνίων
1017 5353 1172 5426 πυρί.
1208 5353 1516 5422 Anglicum,
1553 5349 1784 5413 αἰωνίως
1801 5349 1900 5420 τῷ.

283 5447 482 5570 1uigili)
519 5496 578 5550 in
615 5497 774 5570 Gobl.
808 5503 862 5570 et
888 5495 1126 5570 Felckm:
1148 5493 1340 5570 primo
1369 5507 1487 5570 τινα
1513 5491 1684 5570 deest.
1711 5489 1876 5570 Iidem

279 5559 418 5624 mox
464 5559 789 5639 άμφοτέρας
835 5565 1026 5639 ἑαυτὸν
1059 5559 1300 5639 φθάνειν,
1351 5563 1556 5639 omisso
1603 5559 1874 5639 eighM-ox

285 5629 585 5704 liegius'e't
619 5629 769 5706 δεῇ..
804 5637 930 5705 περὶ
972 5629 1156 5706 αὐτοῦ.
1189 5633 1322 5706 Ibid.
1369 5629 1530 5686 iidem
1563 5629 1866 5706 etim.Goh!.

283 5723 336 5778 et
370 5699 625 5780 Felckm.
673 5699 888 5776 primo,
910 5705 970 5758 τὸ
991 5705 1102 5768 υἱὸς
1131 5701 1456 5776 ἀνθρώπου,ῑ
1471 5709 1632 5759 recte.
1666 5701 1724 5756 in
1759 5699 1869 5758 Go-

1976 4929 2218 4984 bleriano
2253 4941 2305 4982 et
2333 4927 2574 4982 Felckm.
2611 4923 2808 4995 primo,
2835 4924 2928 4976 τοῦ
2954 4922 3152 4991 legitur
3182 4927 3307 4972 ante
3336 4913 3544 4986 ἀνθρώ-

1977 5017 2080 5052 που
2091 5039 2105 5052 ο

2051 5067 2162 5142 (iii)
2202 5066 2587 5142 Begius,‘Seg.
2624 5073 2678 5142 et
2703 5059 2944 5142 Fel-clem.
2981 5058 3210 5142 primus,
3239 5053 3436 5125 ἀληθῆ.

2073 5085 2162 5140 οε)
2206 5085 2427 5138 neglus,
2465 5085 2587 5136 veg.
2624 5085 2678 5119 BI.
2705 5085 2944 5131 rctChlll.
2981 5085 3190 5128 prunub

2050 5085 2162 5208 (55)
2209 5137 2299 5192 Sic
2327 5136 2530 5208 [iegius
2559 5145 2614 5188 et
2643 5133 2767 5208 ξος.
2799 5130 2965 5208 Editi,
2982 5127 3192 5208 τούτου.

2051 5191 2161 5278 (36)
2202 5191 2293 5278 Sic
2326 5191 2614 5278 Regiuset
2647 5191 2795 5278 δρᾷς
2819 5191 2988 5278 _G(_)bl.
3025 5203 3282 5278 autemet
3305 5191 3540 5278 Felckrn.

1977 5262 2207 5348 primus,
2237 5262 2670 5348 θεωρεῖτε-δίη
2708 5262 3061 5348 ὁζναϐαίνοντα
3087 5267 3238 5321 deest
3270 5265 3324 5318 in
3355 5262 3544 5332 Regio,

1979 5339 2296 5420 Seg.»
2324 5339 2378 5401 εἰ
2401 5343 2642 5420 Εειειξιη.
2657 5339 2866 5420 primo.

2049 5411 2162 5484 (57)
2203 5417 2391 5478 Iidem,
2427 5413 2562 5484 σὰρξ
2586 5411 2680 5464 καὶ
2711 5411 2944 5484 πνεῦμα.
3025 5474 3062 5484 __
3087 5473 3136 5484 η
3267 5472 3279 5484 _
3321 5471 3336 5484 ‘
3438 5479 3448 5484 _
3489 5468 3502 5480 _

2053 5471 2166 5558 (38)
2209 5471 2408 5558 Regius
2437 5471 2678 5558 ct'Seg.,
2716 5471 2994 5558 μάθωμεν.
3024 5472 3279 5558 Ῑὺξᾶηκαί
3305 5471 3544 5558 deest‘in

1983 5541 2222 5622 Go‘bi.'et
2247 5541 2484 5608 FElckm.
2502 5541 3022 5622 _primo.'__lloc'l_oco
3056 5545 3352 5622 abutuntur
3393 5541 3542 5622 hete_~

1981 5617 2194 5690 rodoxi,
2249 5623 2340 5692 qui
2386 5614 2770 5692 exAKthanasii
2817 5615 2998 5692 verbis
3049 5614 3242 5692 conﬁci
3281 5617 3542 5692 pugnant,

1980 5680 2609 5774 corpus'et'sanguinem
2637 5685 2861 5768 Christi,
2891 5699 3000 5741 non
3029 5686 3227 5759 reipsa,
3263 5680 3546 5752 sed'spiri-
