3914 6222
416 351 516 408 671

1018 352 1077 409 S.
1115 353 1485 411 ATHANASII
1523 355 1674 413 OPP.
1712 356 1889 412 PARS
1920 358 1965 411 Ι.
2005 384 2074 395 -—
2113 352 2482 410 IIISTORICA
2520 352 2606 409 ET
2645 348 3055 412 DOGMATICA.

3526 353 3629 411 672

481 469 573 523 2i.
616 469 736 534 Quo
769 475 927 537 pacto
955 469 1119 541 igitur
1153 469 1247 541 qui
1296 473 1426 527 talia
1471 473 1708 537 audent,
1744 479 1973 543 possunt

2141 470 2230 525 21.
2273 470 2397 533 Πῶς
2425 464 2538 535 οῦν,
2578 469 2751 545 ταῦτα
2773 469 2885 541 (75)
2912 468 3233 542 τολμῶντες,
3272 469 3351 524 ἐτι
3382 471 3628 528 δύνανται

410 560 592 616 adhuc
625 558 852 631 gentiles
892 559 1164 627 incusare,
1196 564 1341 633 quod
1388 563 1530 619 idola
1569 579 1600 619 a
1645 579 1705 619 se
1746 562 1975 619 conﬂata

413 652 546 707 deos
577 654 925 724 nuncupant?
953 652 1111 710 Paria
1139 666 1265 712 sunt
1285 657 1428 713 enim
1457 657 1650 713 horum
1685 665 1832 727 gesta
1867 657 1979 710 illo-

415 756 538 796 rum
579 742 832 810 insaniae,
866 744 975 799 imo
1003 743 1143 802 forte
1171 748 1419 818 graviora
1454 755 1580 803 sunt
1611 748 1806 802 horum
1837 745 1975 802 faci-

414 846 556 887 nora
584 850 599 887 :
631 834 725 903 qui
754 834 881 890 licet
909 835 977 891 de
1001 836 1106 893 hoc
1133 838 1302 909 legem
1333 838 1639 909 acceperint
1658 879 1673 905 ,
1705 854 1801 909 per
1844 838 1978 909 legis

414 926 902 995 transgressionem
938 927 1107 984 Deum
1137 930 1433 986 all‘ecerunt
1460 931 1808 988 contumelia.
1837 929 1977 997 Quid

415 1024 595 1073 autem
654 1020 749 1089 qui
801 1021 930 1076 talia
978 1017 1354 1093 blasphemant
1406 1024 1579 1079 acturi
1636 1032 1802 1089 sunt,
1853 1038 1978 1079 cum

414 1106 611 1164 lsaiam
650 1111 966 1182 prophetam
996 1113 1245 1184 legerint,
1276 1122 1330 1169 et
1360 1114 1633 1171 audierint
1652 1114 1855 1171 Christi
1882 1114 1980 1169 ad-

380 1220 385 1232 ι
416 1208 609 1255 ventus
641 1202 794 1271 signa
816 1203 933 1259 haec
960 1219 1102 1269 esse,
1129 1212 1190 1259 ut
1217 1206 1377 1261 caecis
1400 1206 1572 1271 visus,
1595 1205 1802 1262 claudis
1828 1221 1979 1278 gres-

414 1305 545 1357 sus,
593 1293 760 1347 mutis
801 1293 1035 1364 loquela,
1082 1296 1313 1352 mortuis
1355 1298 1704 1362 resurrectio,
1748 1297 1979 1368 leprosis

414 1382 628 1436 curatio
656 1383 948 1449 tribuatur,
980 1387 1161 1443 surdis
1198 1402 1358 1443 aures
1396 1389 1746 1458 aperiantur?
1776 1388 1977 1456 Quem-

417 1486 545 1525 nam
575 1472 771 1527 horum
799 1483 1074 1530 auctorem
1113 1491 1237 1533 esse
1275 1477 1496 1532 volent?
1537 1476 1593 1533 Si
1625 1479 1768 1534 enim
1811 1481 1979 1535 Deum

418 1566 619 1633 dicant,
671 1581 791 1623 sese
844 1568 1137 1639 impietatis
1185 1570 1239 1625 in
1299 1570 1589 1627 Dominum
1643 1580 1974 1643 coarguent:

418 1670 544 1711 nam
578 1672 699 1727 quae
747 1657 931 1714 futura
967 1661 1303 1731 prospiciens
1354 1662 1613 1733 pmpheta
1660 1664 1817 1732 dixit,
1865 1667 1980 1721 haec

419 1747 536 1817 ipsa
560 1764 798 1819 praesens
830 1751 945 1821 ipse
977 1751 1240 1809 Dominus
1266 1764 1522 1824 operatus
1553 1764 1675 1812 est:
1702 1756 1786 1812 sin
1820 1765 1977 1826 petu-

415 1840 584 1895 lantia
626 1844 986 1913 praeoccupati
1035 1845 1217 1901 dicere
1256 1848 1456 1911 ausint,
1499 1848 1617 1919 ipsa
1661 1864 1879 1918 quoque
1919 1850 1976 1904 in

418 1928 731 1987 Beelzebnle
778 1933 919 1989 facta
959 1950 1115 2000 esse;
1155 1944 1338 1991 metuo
1386 1952 1452 1992 ne
1488 1939 1746 2007 paulatim
1786 1939 1839 1993 in
1876 1939 1977 1993 im-

417 2023 670 2093 pietatem
704 2027 1014 2097 progressi,
1058 2028 1148 2082 ubi
1198 2029 1461 2097 legerint:
1511 2048 1530 2082 ι
1569 2028 1701 2097 Quis
1738 2032 1886 2086 dedit
1915 2048 1977 2088 os

418 2115 668 2170 homini?
706 2116 770 2171 Et
797 2120 921 2187 quis
961 2117 1254 2176 fabricatus
1281 2127 1366 2176 est
1406 2129 1615 2178 mutum
1650 2110 1703 2178 et
1728 2124 1976 2192 surdum,

417 2203 684 2259 videntem
732 2215 786 2260 et
823 2206 1025 2263 caacum
1053 2208 1144 2261 ⁷⁸⁸1
1181 2228 1200 2262 ι
1234 2218 1288 2265 et
1318 2209 1402 2266 his
1434 2211 1665 2275 similia,
1706 2213 1981 2269 insanien-

417 2304 500 2352 tes
546 2311 762 2351 rursum
793 2297 1002 2365 dicant,
1049 2300 1149 2355 has
1182 2315 1403 2371 quoque
1444 2318 1605 2358 voces
1650 2303 1980 2361 Beelzebulis

416 2402 559 2444 esse.
582 2386 720 2443 Nam
752 2389 839 2445 cui
865 2392 1092 2459 gratiam
1124 2393 1359 2449 restituti
1386 2394 1536 2450 visus
1565 2395 1829 2462 tribuunt,
1856 2397 1982 2453 huic

416 2490 472 2535 et
516 2495 621 2534 non
665 2481 881 2536 videndi
922 2498 1142 2538 causam
1176 2484 1454 2541 ascribant
1485 2496 1737 2557 oportet:
1770 2497 1981 2543 utrum-

418 2585 524 2639 que
561 2572 705 2625 enim
745 2571 813 2627 ab
860 2573 1050 2627 eodem
1098 2572 1299 2629 factum
1341 2590 1463 2632 esse
1498 2578 1829 2633 declaratum
1874 2586 1977 2633 est.

416 2661 524 2729 Qui
555 2662 599 2717 si
635 2664 880 2733 profecto
916 2665 1029 2721 haec
1071 2666 1252 2722 dicere
1296 2669 1501 2736 ausint,
1536 2670 1752 2725 tandem
1787 2683 1980 2725 cense-

416 2754 574 2819 bunt,
592 2756 842 2813 humana:
867 2768 1074 2813 natura:
1106 2759 1439 2816 conditorem
1454 2777 1574 2819 esse
1589 2760 1977 2817 Beelzebulem.

417 2846 727 2902 Conditoris
751 2849 949 2919 quippe
972 2857 1076 2914 est,
1106 2859 1164 2905 ut
1189 2865 1277 2906 res
1305 2852 1552 2908 conditas
1582 2853 1777 2908 habeat
1803 2853 1855 2906 in
1882 2867 1980 2907 sua

418 2945 702 3005 potestate.
736 2937 808 2993 Ut
838 2941 981 2994 enim
1013 2938 1226 3011 Moyses
1251 2942 1390 2997 dixit
1418 2959 1431 2996 :
1470 2962 1488 2995 ι
1521 2942 1579 2998 in
1608 2944 1873 3015 principio
1903 2942 1981 3000 fe-

418 3029 492 3083 cit
530 3029 674 3085 Deus
720 3032 917 3088 omium
951 3042 1006 3088 et
1052 3042 1252 3089 terram
1281 3034 1346 3101 τ’,
1380 3053 1399 3087 ι
1427 3044 1502 3103 et,
1536 3053 1556 3087 ι
1584 3036 1652 3090 ad
1692 3036 1979 3106 imaginem

2075 564 2201 627 τοὺς
2252 562 2519 635 Ἕλληνας
2550 561 2855 643 αίτιᾷσθαι,
2902 561 3231 625 πλάττοντας
3281 560 3489 628 εἴδωλα,
3538 564 3630 616 καὶ

2050 728 2051 731 η
2077 656 2230 720 θεοὺς
2260 655 2617 727 ὀνομάζοντας
2645 655 2816 720 αὐτά;
2856 655 3051 726 Ὅμοια
3091 655 3195 726 γὰρ
3235 655 3330 709 καὶ
3356 654 3424 709 τά
3455 657 3632 710 αὐτῶν

2076 750 2175 820 τῆς
2206 749 2428 802 ἐκείνων
2453 748 2675 818 μανίας·
2705 747 2738 818 ἢ
2770 746 2908 817 τάχα
2938 746 3029 799 καὶ
3061 746 3280 817 μείζονα
3315 746 3384 801 τά
3430 747 3632 801 τούτων

2075 839 2399 910 τολμήματα
2427 837 2681 908 τυγχάνει
2712 838 2837 891 ὄντα
2858 855 2872 869 ο
2906 840 2987 893 ὄτι
3012 877 3026 901 ,
3058 838 3259 909 καίπερ
3293 838 3455 909 νόμον
3505 840 3635 909 περὶ

2076 931 2265 984 τούτου
2292 928 2565 995 λαϐόντες,
2593 928 2679 982 διὰ
2707 928 2803 999 τῆς
2837 928 3197 1000 παραϐάσεως
3224 929 3317 983 τοῦ
3349 931 3513 1001 νόμου
3544 930 3635 985 τὸν

2077 1023 2207 1076 Θεὸν
2243 1021 2535 1093 ἠτίμασαν.
2575 1020 2640 1073 Τί
2661 1020 2719 1074 δὲ
2746 1019 2967 1074 τοιαῦτα
3000 1019 3441 1091 βλασφημοῦντες
3469 1024 3627 1093 ποιήο

2080 1129 2281 1177 σουσιν,
2315 1113 2443 1166 ὅταν
2470 1109 2877 1179 ἀναγινώσκωσι
2913 1111 3004 1164 τὸν
3052 1113 3330 1183 προφήτην
3373 1111 3634 1175 Ἡσαΐαν,

2078 1202 2172 1256 καὶ
2214 1200 2503 1267 ἀκούσωσι,
2533 1199 2601 1253 τὰ
2634 1202 2833 1272 σημεῖα
2874 1200 2972 1271 τῆς
3006 1199 3100 1252 τοῦ
3141 1199 3374 1273 Χριστοῦ
3421 1218 3632 1273 παρουέ

2079 1295 2199 1358 σίας
2240 1289 2377 1347 εἶναι
2420 1291 2634 1363 τυφλῶν
2669 1291 2959 1361 ἀνάϐλεψιν
2981 1330 2998 1357 ,
3057 1291 3241 1362 χωλῶν
3291 1293 3590 1364 περίπατον
3618 1333 3634 1358 ,

2078 1387 2287 1442 ἀλάλων
2317 1385 2505 1440 λαλιὰν
2530 1424 2545 1451 ,
2584 1384 2793 1455 νεκρῶν
2844 1384 3171 1450 ἀνάστασιν,
3220 1385 3436 1457 λεπρῶν
3474 1386 3651 1458 θερατκ

2078 1479 2256 1542 πείαν,
2287 1479 2380 1532 καὶ
2413 1475 2611 1545 κωφῶν
2642 1475 2810 1546 ἀκοῆς
2840 1474 3037 1539 ἄνοιξιν
3063 1492 3078 1540 ;
3113 1475 3220 1546 ἄρα
3253 1473 3360 1546 γὰρ
3394 1474 3487 1528 καὶ
3520 1475 3640 1546 (76)

2076 1571 2276 1626 τούτων
2298 1570 2417 1624 τίνα
2449 1569 2762 1640 θελήσουσιν
2790 1563 2927 1620 εἶναι
2958 1567 3049 1619 τὸν
3088 1566 3356 1636 ποιητήν;
3390 1565 3494 1619 Τὸν
3535 1566 3659 1636 μὲνε

2077 1664 2185 1736 γὰρ
2212 1664 2340 1717 Θεὸν
2371 1662 2638 1731 λέγοντες,
2676 1660 2901 1729 ἑαυτοὺς
2936 1657 3297 1728 διελέγξουσιν
3330 1658 3659 1729 ἀσεϐήσαν-.

2077 1773 2174 1820 τας
2211 1756 2293 1819 είς
2340 1755 2431 1808 τὸν
2484 1752 2722 1825 Κύριον
2762 1752 2798 1807 ἃ
2844 1752 2953 1823 γάρ
2996 1755 3024 1805 ό
3068 1752 3353 1823 προφήτης
3403 1750 3644 1823 προϐλέτέ

2081 1867 2193 1903 πων
2225 1847 2333 1917 (77)
2370 1846 2579 1918 εἴρηκε,
2615 1843 2786 1900 ταῦτα
2822 1843 3008 1917 παρὼν
3031 1843 3191 1908 αὐτὸς
3225 1846 3254 1896 ό
3284 1843 3485 1916 Κύριος
3536 1861 3661 1896 πε-.

2078 1940 2335 2012 ποίηκεν·
2367 1939 2460 1991 ὲάν
2486 1938 2563 2002 δὲ,
2604 1937 2678 2001 ὡς
2720 1934 3015 2008 προπετείᾳ
3060 1934 3477 2007 προληφθέντες,
3520 1935 3665 1989 τολο.

2081 2034 2323 2103 μήσωσιν
2375 2032 2546 2084 εἰπεῖν
2596 2030 2823 2083 κάκεῖνα
2878 2029 2935 2081 ὲν
2986 2026 3064 2098 τῷ
3116 2026 3438 2092 Βεελζεϐοὺλ
3493 2027 3618 2095 γίνε

2081 2121 2203 2175 σθαι
2247 2120 2382 2191 (78),
2427 2118 2694 2190 φοϐοῦμαι
2751 2117 2865 2189 μὴ,
2914 2117 3031 2170 κατ’
3080 2116 3259 2185 ὀλίγον
3308 2118 3365 2170 ὲν
3414 2117 3665 2189 tia-562.341

2079 2213 2476 2287 προκόπτοντες
2502 2251 2518 2276 ,
2570 2210 2665 2265 καὶ
2713 2209 3171 2281 ἀναγινώσκοντες
3202 2226 3216 2241 ·
3279 2226 3299 2260 ι
3326 2209 3422 2273 Τίς
3468 2208 3641 2262 ἔδωκε

2081 2308 2252 2378 στόμα
2299 2305 2612 2377 ἀνθρώπως
2664 2305 2774 2359 Καὶ
2810 2302 2894 2367 τίς
2939 2302 3162 2373 ἐποίησε
3211 2299 3493 2370 δύσκωφον
3547 2301 3644 2355 καὶ

2080 2399 2281 2469 κωφὸν,
2319 2396 2581 2468 βλέποντα
2616 2396 2727 2468 (79)
2782 2395 2875 2448 καὶ
2921 2393 3157 2463 τυφλόν;
3193 2411 3212 2443 ι
3262 2393 3355 2446 καὶ
3385 2391 3453 2445 τά
3478 2393 3666 2463 ὃμοια-

2079 2491 2306 2555 τούτοις,
2334 2490 2597 2561 μανέντες
2622 2487 2779 2542 πάλιν
2804 2486 2995 2540 εἴπωσι
3024 2484 3117 2539 τοῦ
3151 2484 3472 2550 Βεελζεϐοὺλ
3500 2480 3643 2537 εἶναι

2081 2586 2172 2638 καὶ
2203 2584 2402 2647 ταύτας
2440 2582 2537 2647 τάς
2578 2580 2778 2651 φωνάς.
2809 2574 2880 2651 ᾯ
2905 2579 3013 2650 γὰρ
3049 2578 3148 2649 τὴν
3183 2577 3277 2631 τοῦ
3318 2575 3644 2631 ἀναϐλέπειν

2081 2676 2238 2747 χάριν
2269 2674 2507 2739 διδόασι,
2541 2673 2714 2743 τούτῳ
2759 2671 2853 2724 καὶ
2884 2668 2979 2741 τὴν
3026 2668 3119 2722 τοῦ
3168 2669 3242 2741 μὴ
3290 2668 3505 2740 βλέπειν
3552 2670 3641 2721 αἰ-

2079 2766 2201 2820 τίαν
2230 2766 2423 2828 αὐτοὺς
2468 2764 2676 2835 ἀνάγκη
2709 2761 2938 2815 διδόναι·
2966 2760 3250 2834 ἀμφότερα
3277 2758 3384 2830 γάρ
3421 2760 3511 2813 τὸν
3545 2760 3669 2813 αὖοι

2080 2860 2171 2913 τὸν
2192 2863 2363 2913 ποιεῖν
2396 2860 2614 2931 εἴρηκεν
2655 2860 2684 2912 ὁ
2706 2858 2894 2927 Λόγος.
2931 2858 3152 2919 Πάντως
3184 2853 3239 2907 δὲ
3267 2851 3423 2906 τοῦτο
3457 2851 3644 2920 λέγον-

2080 2969 2190 3015 τες,
2232 2950 2554 3022 φρονήσουσί
2587 2967 2714 3003 ποτε
2741 2950 2834 3003 καὶ
2855 2947 3179 3018 δημιουργὸν
3209 2940 3345 2997 εἶναι
3364 2943 3454 2997 τὸν
3477 2942 3641 2995 Βεελ-

2083 3037 2273 3103 ζεϐοὺλ
2298 3041 2396 3111 τῆς
2417 3038 2759 3110 ἀνθρωπίνης
2786 3036 3015 3107 φύσεως
3045 3034 3138 3088 τοῦ
3163 3034 3270 3105 γάρ
3287 3032 3399 3104 (80)
3427 3029 3643 3086 ποιοῦν-

420 3121 513 3176 Del
542 3121 668 3177 fecit
695 3122 837 3180 Deus
861 3125 1136 3182 hominem
1159 3128 1208 3161 ⁸ο
1237 3146 1250 3183 :
1290 3145 1308 3179 ι
1349 3127 1422 3183 ita
1459 3142 1677 3198 quoque
1702 3126 1886 3183 Daniel
1913 3129 1976 3183 li-

2080 3129 2169 3194 τός
2210 3130 2356 3183 ἐστιν
2404 3128 2547 3200 ἔχειν
2598 3130 2691 3182 καὶ
2731 3128 2829 3200 τὴν
2878 3126 2985 3181 τῶν
3034 3125 3332 3197 γινομένων
3366 3122 3637 3189 ἐξουσίαν.

419 3214 549 3269 bere
585 3214 804 3271 Darium
835 3218 1031 3275 all‘atus
1068 3229 1149 3276 cst
1178 3239 1192 3276 :
1226 3239 1245 3273 ι
1283 3219 1400 3277 Non
1432 3237 1662 3281 veneror
1686 3221 1830 3276 idola
1862 3238 1979 3277 ma-

419 3305 658 3372 nufacta,
689 3310 781 3364 sed
808 3310 1074 3366 viventem
1102 3311 1270 3368 Deum
1291 3354 1307 3381 ,
1337 3314 1430 3384 qui
1469 3314 1672 3370 creavit
1702 3314 1898 3369 coelum
1928 3322 1983 3370 et

418 3405 641 3463 terram,
674 3409 728 3454 et
752 3401 913 3456 habet
945 3410 1263 3472 potestatem
1298 3405 1478 3461 omnis
1508 3408 1689 3461 carnis
1705 3408 1747 3439 ⁸⁸
1774 3425 1788 3461 :
1826 3424 1844 3458 ι
1874 3406 1981 3462 nisi

418 3504 611 3545 rursus
656 3499 862 3548 mutata
894 3495 1158 3551 sententia
1190 3495 1424 3551 dixerint
1447 3535 1462 3559 .
1491 3496 1809 3559 caecitatem,
1838 3496 1983 3551 clau-

418 3578 744 3636 dicationem
778 3597 842 3637 ac
884 3593 1073 3639 caetera
1122 3585 1368 3655 corporis
1404 3585 1555 3651 vitia,
1604 3601 1635 3640 a
1683 3585 1981 3642 conditoris

417 3673 757 3741 correptione
783 3675 1071 3743 proﬁcisci,
1100 3684 1155 3730 at
1180 3676 1373 3731 horum
1398 3677 1755 3741 curationem,
1778 3687 1832 3732 et
1853 3692 1981 3748 erga

418 3762 519 3819 hos
547 3765 639 3834 qui
674 3764 980 3836 amiguntur
1008 3768 1417 3823 beneﬁcentiam
1444 3784 1476 3822 a
1505 3767 1819 3825 Beelzebule
1844 3784 1980 3838 prte-

420 3852 575 3907 stari.
606 3853 807 3909 Verum
857 3856 969 3911 haac
1013 3856 1099 3912 vel
1147 3857 1487 3928 disquirere,
1531 3859 1688 3915 valde
1726 3860 1979 3916 insanum

418 3952 504 3999 est
533 3963 546 3998 :
582 3944 876 4000 furentium
903 3947 1047 4003 enim
1078 3957 1131 4003 et
1156 3949 1279 4019 plus
1300 3965 1464 4020 quam
1491 3960 1669 4007 mente
1696 3960 1978 4023 captorum

417 4043 503 4090 cst
540 4034 860 4105 impiissima
892 4037 1162 4106 ejusmodi
1211 4040 1656 4110 stultiloquentia.
1705 4039 1763 4094 In
1806 4056 1868 4094 ea
1900 4041 1978 4094 si-

420 4125 639 4193 quidem
672 4127 1106 4197 comparatione,
1154 4130 1365 4199 potiora
1399 4146 1509 4186 non
1540 4129 1669 4197 Deo,
1701 4131 1794 4187 sed
1822 4130 1977 4185 Beel-

420 4216 595 4270 zebuli
625 4218 905 4273 ascribunt
934 4219 1130 4275 insani.
1162 4218 1305 4275 Nihil
1345 4222 1490 4277 enim
1536 4230 1727 4279 curant
1770 4222 1979 4277 divina-

418 4322 539 4361 rum
575 4306 977 4378 Scripturarum
1008 4312 1263 4382 dogmata
1304 4312 1646 4382 labefactare,
1690 4315 1849 4370 modo
1876 4329 1989 4369 new

417 4407 545 4469 gent
569 4398 769 4454 Christi
796 4400 1110 4457 adventum.

2083 3220 2188 3274 Τοῦ
2220 3221 2327 3292 γὰρ
2360 3220 2640 3285 Μωῦσέως
2661 3220 2962 3292 εἰρηκότος·
2983 3238 3001 3270 ι
3037 3219 3127 3272 Ἐν
3159 3218 3301 3289 ἀρχῇ
3333 3216 3591 3287 εποίησεν
3615 3216 3671 3269 ὀ.

2080 3312 2209 3377 Θεὸς
2238 3314 2327 3367 τὸν
2348 3314 2572 3384 οὐρανὸν
2597 3313 2689 3366 καὶ
2702 3311 2800 3384 τὴν
2822 3312 2944 3383 γῆν·
2971 3330 2990 3363 ι
3022 3310 3136 3375 καὶ,
3166 3329 3184 3361 ι
3216 3312 3272 3362 ὲν
3305 3307 3474 3361 εἰκόνι
3504 3305 3641 3361 Θεοῦ

2080 3404 2331 3476 ἐποίησεν
2362 3406 2391 3457 ὁ
2417 3404 2546 3467 Θεὸς
2589 3403 2678 3457 τὸν
2723 3402 3031 3474 ἄνθρωπον·
3060 3420 3079 3451 ι
3124 3401 3217 3454 καὶ
3250 3398 3445 3469 Δανιὴλ
3494 3399 3640 3469 παῤ·

2083 3493 2396 3565 ῥησιάζεται
2422 3492 2499 3564 τῷ
2525 3493 2733 3564 Δαρείῳ
2757 3491 2930 3561 λέγων
2966 3490 3073 3562 (81)
3101 3505 3115 3518 ·
3145 3508 3163 3540 ι
3190 3490 3263 3543 Οὐ
3298 3488 3526 3559 σέϐομαι
3555 3485 3637 3540 εἴ-

2077 3586 2220 3641 δωλα
2259 3586 2608 3659 χειροποίητα
2634 3625 2649 3647 ,
2684 3583 2819 3638 ἀλλά
2860 3582 3035 3648 ζῶντα
3080 3581 3210 3634 Θεὸν
3255 3581 3345 3635 τὸν
3376 3579 3639 3633 κτίσαντα

2078 3675 2169 3728 τὸν
2199 3674 2423 3746 ούρανὸν
2454 3676 2547 3729 καὶ
2577 3673 2676 3745 τὴν
2704 3673 2829 3744 γῆν,
2860 3673 2953 3726 καὶ
2994 3671 3183 3743 ἔχοντα
3226 3670 3405 3741 πάσης
3435 3669 3638 3740 σαρκὸς

2079 3767 2301 3838 κυρείαν
2349 3765 2458 3837 (82)
2484 3784 2497 3796 ·
2542 3784 2561 3817 ι
2611 3767 2659 3818 εί
2700 3765 2775 3835 μὴ
2818 3764 2925 3834 ἄρα
2969 3763 3128 3816 πάλιν
3180 3760 3637 3833 μεταϐαλλόμενοι

2079 3859 2286 3927 λέγοιεν
2332 3859 2393 3912 τὸ
2428 3858 2526 3928 μὲν
2576 3856 2650 3929 μὴ
2699 3855 2914 3926 βλέπειν
2968 3854 3061 3907 καὶ
3102 3852 3379 3923 χωλεύειν,
3429 3853 3526 3905 κα)⁷
3568 3850 3637 3904 τά

2078 3948 2213 4003 ἄλλα
2247 3948 2390 4019 πάθη
2443 3947 2502 4013 ἐξ
2553 3947 2834 4017 ἐπιτιμίας
2862 3944 2955 3998 τοῦ
2983 3941 3313 4016 δημιουργοῦ
3340 3941 3586 4012 γίνεσθαι
3620 3959 3633 3971 ’

2076 4040 2176 4112 τὴν
2224 4039 2281 4092 δὲ
2333 4038 2485 4091 λύσιν
2516 4038 2719 4092 τούτων
2768 4037 2861 4090 καὶ
2910 4036 3009 4109 τὴν
3042 4037 3122 4100 είς
3157 4036 3282 4099 τοὺς
3329 4034 3640 4105 πάσχοντας

2077 4130 2397 4203 εὐεργεσίαν
2418 4130 2507 4184 τὸν
2538 4129 2862 4194 Βεελζεϐοὺλ
2905 4126 3252 4200 ἐργάζεσθαι.
3295 4126 3454 4180 Ἀλλά
3481 4124 3639 4180 τοῦτο

2076 4222 2179 4275 κᾶν
2210 4220 2505 4288 ἐξετάζειν,
2537 4220 2658 4275 λίαν
2689 4219 2882 4293 εὔηθές
2931 4221 3048 4273 ἐστι
3090 4217 3223 4290 (85).
3278 4216 3639 4288 Μαινομένων

2075 4312 2182 4385 γὰρ
2214 4312 2307 4365 καὶ
2331 4310 2489 4366 πλέον
2513 4309 2990 4384 παρεξεπηκότων
3018 4306 3163 4362 ἐστὶν
3193 4308 3225 4379 ἡ
3252 4305 3472 4378 τοιαύτη
3501 4304 3639 4376 μετά

2076 4403 2328 4467 ἀσεϐείας
2358 4403 2665 4475 μωρολογία
2683 4420 2703 4471 ζ
2749 4404 2831 4455 ὅτι
2886 4400 3019 4472 μηδὲ
3063 4399 3130 4453 τά
3180 4398 3461 4469 κρείττονα
3496 4393 3638 4449 κατά

417 4488 701 4561 σύγκρισιν
725 4491 803 4562 τῷ
831 4492 969 4564 Θεῷ,
1003 4493 1140 4547 ἀλλά
1167 4494 1244 4566 τῷ
1290 4494 1615 4561 Βεελξεϐοὺλ
1652 4496 1882 4551 διδόασιν
1930 4499 1980 4552 οἱ
2041 4498 2408 4571 παράφρονες.
2461 4496 2571 4551 Καὶ
2607 4496 2715 4567 γάρ
2749 4494 2808 4549 οὐ
2851 4494 3002 4566 μέλει
3034 4493 3241 4556 τούτοις
3285 4488 3638 4562 λυμαίνεσθαι

413 4581 522 4636 τῶν
547 4582 707 4638 θείων
732 4586 963 4656 Γραφῶν
991 4586 1059 4641 τὰ
1086 4588 1353 4659 δόγματα,
1379 4589 1466 4643 ἵνα
1505 4589 1665 4660 μόνον
1701 4592 2044 4663 ἀρνήσωνται
2068 4592 2166 4663 τὴν
2194 4589 2287 4646 τοῦ
2315 4588 2549 4663 Χριστοῦ
2582 4589 2903 4662 παρουσίαν.

478 4781 526 4814 ⁷⁸
565 4781 737 4840 Exod.
769 4800 844 4852 tv,
881 4786 968 4841 11.
1044 4788 1092 4824 τ’
1131 4788 1265 4844 Gen.
1290 4806 1329 4856 ι,
1358 4790 1409 4844 l.
1484 4787 1530 4821 ⁸⁸
1570 4787 1700 4843 ibid.
1731 4789 1820 4846 27.
1892 4791 1936 4822 ‘"

2080 4790 2185 4847 tiel.
2215 4807 2321 4856 xxv,
2351 4791 2403 4845 4.

637 4938 857 5019 Regius,
889 4941 1244 5019 _Seg.__Basil.
1288 4956 1342 5019 et
1373 4947 1610 5019 Felckm.
1640 4947 1696 5015 2,
1724 4946 1967 5019 τοιαῦτα.

2080 4947 2309 5019 primus,
2337 4946 2579 5016 γίνεσθαι
2608 4945 2899 5019 ξλέγεσθαι.
2944 4943 3087 5003 Editi
3117 4954 3173 5002 et
3199 4944 3291 5000 alii
3324 4941 3527 4998 rectius
3552 4940 3637 5010 γί-

412 5006 516 5061 Alii
549 5006 605 5088 et
632 5006 785 5088 editi,
816 5006 1005 5066 ταῦτί
1037 5012 1161 5068 Mox
1193 5015 1394 5088 Regius
1439 5026 1493 5072 et
1542 5006 1694 5088 Seg.,
1723 5017 1975 5072 πλάττον-

409 5077 655 5150 εεςηδείι
702 5079 757 5133 in
807 5091 1079 5150 postremo
1125 5077 1429 5142 correctum
1487 5098 1571 5142 est
1615 5077 1971 5150 πλάττοντας.

410 5097 519 5141 τες.
548 5097 655 5133 aea
702 5097 757 5133 In
879 5097 1079 5139 Stretno
1125 5097 1429 5142 correctum
1487 5098 1571 5142 est
1620 5097 1971 5150 πλάττοντας.

410 5145 756 5282 ῐὲἓὲῖτὲἕει
804 5097 952 5222 ἓὲεη
981 5154 1357 5225 ὀνομάζοντες,
1388 5158 1482 5213 sed
1524 5167 1829 5213 correctum
1861 5160 1976 5211 ὀνο-

416 5233 705 5286 μαςοντας.

416 5355 429 5366 _
481 5287 596 5366 (76)
634 5288 790 5366 ςφῢι.
827 5300 882 5366 et_
918 5291 1159 5350 Felckm.
1193 5296 1424 5366 primus,
1453 5296 1765 5362 ἀνάστασιν,
1791 5298 1884 5351 καὶ
1908 5295 1975 5348 τά

412 5355 603 5439 λοιπά;
637 5355 785 5443 Ἆρα
825 5362 936 5486 γάἓ
974 5366 1089 5419 καί.
1120 5355 1319 5422 Ibidem
1359 5355 1486 5438 post
1510 5355 1801 5439 θεραπείάν
1827 5368 1978 5422 deest

414 5427 507 5479 καί
542 5444 593 5479 tn
622 5427 791 5486 Remo
816 5441 872 5486 et
937 5447 1021 5486 ea.

414 5427 593 5505 κοιίλη
622 5427 791 5505 ιὶεέίρ
816 5427 872 5487 έι
898 5427 1021 5505 See-

485 5496 598 5617 (ἕἹ)
638 5496 836 5568 Regius
865 5510 920 5556 et
943 5496 1067 5573 εἷς.
1097 5506 1221 5570 soli,
1256 5507 1485 5576 βλέπων.
1523 5506 1645 5562 Mox
1673 5505 1805 5574 Reg.
1844 5504 1967 5573 Seg.

541 5579 570 5617 e
593 5566 806 5617 ckman.
850 5570 874 5617 Ι
908 5581 963 5617 et
994 5573 1031 5617 9
1086 5585 1205 5617 mu
1245 5577 1512 5617 qua-nivis".-
1559 5578 1753 5617 Imhpm
1781 5576 1844 5617 ἄν
1871 5588 1967 5617 nm

2075 5018 2259 5070 νεσθαι
2284 5025 2513 5072 tantum.
2561 5039 2564 5042 ’

2296 5087 2406 5163 Rat
2435 5085 2863 5163 βλέποντα-Ηειζ.
2890 5095 2945 5142 et
2976 5085 3099 5163 _Seg.
3239 5153 3268 5163 _
3414 5152 3426 5163 ι
3584 5150 3596 5163 .

2166 5152 2254 5227 80)
2296 5152 2592 5227 Seg.Cobl.
2624 5167 2677 5213 et
2704 5152 2883 5227 Felék.
2918 5152 3147 5227 primus,
3174 5153 3332 5227 ⁸ιὲσῦτο
3362 5152 3491 5227 γάρ.
3526 5152 3632 5205 mi-

2076 5224 2180 5284 nus
2211 5224 2389 5296 rectei
2415 5227 2536 5282 Mox
2582 5227 2714 5289 Reg.
2757 5225 2877 5296 Seg.
2906 5224 3062 5296 Gobl.
3094 5237 3148 5281 et
3182 5225 3363 5282 Felck.
3400 5224 3451 5289 l,
3483 5237 3633 5292 γενοο

2080 5299 2275 5370 μένων.
2304 5295 2443 5370 Editi
2470 5305 2522 5370 et
2550 5298 2750 5370 (ποιοῲ
2784 5295 3099 5370 γινομένων.

2150 5366 2261 5442 (81)
2301 5366 2607 5423 Goblerian.
2626 5377 2681 5423 et
2709 5360 2947 5422 Felckni.
2980 5366 3210 5435 primus,
3233 5365 3397 5436 φησίν
3423 5378 3522 5433 pro
3549 5360 3628 5413 λέ-

2077 5454 2260 5581 Ἷέε)
2300 5505 2497 5581 Regius
2530 5517 2583 5563 et
2611 5508 2758 5581 Seg.,
2791 5506 2973 5578 κυρία.
3008 5503 3178 5561 Paulo
3205 5511 3328 5575 post
3353 5502 3478 5574 ch.
3514 5514 3621 5556 non

414 5571 472 5650 et
500 5564 807 5624 Felckman.
850 5570 876 5624 l
908 5581 963 5627 et
994 5564 1045 5627 ε’
1085 5564 1219 5649 ροεί
1245 5564 1513 5650 πεποίηκε
1557 5564 1844 5632 ιιιώεηῖἄν
1871 5564 1972 5644 pro

2080 5564 2375 5650 ιιιῶρξῗμένο

415 5632 606 5777 milli!)
647 5704 845 5780 Regius
887 5719 940 5768 et
990 5709 1138 5784 Seg.,
1161 5714 1429 5785 λέγεσθαι.
1464 5714 1619 5773 Gobl.
1651 5726 1701 5774 et
1734 5715 1968 5775 Fclt'km.

2142 5640 2447 5718 (85)'Gobl.
2481 5657 2536 5703 et
2578 5648 2811 5704 Felckm.
2844 5646 3053 5718 primus
3104 5645 3183 5718 sic
3227 5643 3427 5718 habent
3475 5640 3617 5718 hunc

2071 5710 2247 5775 locum
2279 5735 2291 5774 :
2322 5716 2511 5790 εὔηθές
2558 5719 2806 5777 ter:th
2825 5710 3045 5785 τοιαύτη
3065 5715 3173 5789 γὰρ
3195 5714 3331 5787 μετὰ
3371 5710 3639 5774 ἀσεϐείας
