3914 6222
401 319 510 375 675
995 306 1056 365 S.
1098 302 1473 362 ATHANASII
1511 299 1661 359 OPP.
1704 296 1885 354 PARS
1921 294 1963 354 I.
1995 326 2066 336 —
2097 290 2469 349 HISTORICA
2500 289 2590 343 ET
2636 284 3059 342 DOGMATICA.
3528 284 3630 340 676

467 432 560 488 2'5.
600 429 937 497 Quapropter
967 433 1076 479 tam
1105 424 1211 480 illis
1244 437 1407 494 quam
1439 421 1581 486 istis,
1613 416 1818 473 nullam
1848 413 1966 468 fore
1992 466 1993 471 η

2134 411 2226 466 εδ.
2266 408 2364 462 Διά
2412 406 2571 460 τοῦτο
2619 403 2728 475 γὰρ
2782 401 3057 463 κάκείνοις
3110 403 3206 454 καὶ
3249 398 3460 461 τούτοις
3520 397 3631 468 (94)

400 489 656 595 supplicii
685 489 1046 588 huic‘ﬂagitio
1074 515 1242 572 debili
1262 489 1676 577 remissionem,
1704 507 1969 563 Dominus

2096 502 2453 572 ισύγγνωστον
2501 498 2718 552 ἔσεσθαι
2754 495 2853 568 τὴν
2886 494 2979 546 ἐπὶ
3018 494 3131 555 τοῖς
3166 489 3429 554 τοιούτοις
3458 506 3634 560 τιμω-

399 580 718 675 declaravit,
752 609 841 664 his
870 607 1053 663 verbis
1082 620 1098 660 :
1144 625 1164 659 ι
1199 605 1304 672 Qui
1334 618 1464 660 vero
1489 601 1685 657 dixerit
1709 601 1971 655 adversus

2096 594 2194 648 δίαν
2237 595 2267 646 6
2313 590 2515 662 Κύριος
2555 588 2871 658 ἀπεφήνατο
2901 582 3074 653 λέγων
3095 598 3110 614 ⁸
3158 601 3177 634 ι
3213 583 3311 645 Ὃς
3337 580 3382 634 δ’
3415 580 3484 635 ἂν
3510 580 3640 652 εῐπῃ

403 710 670 783 Spiritum
699 715 970 768 sanctum,
1007 718 1115 758 non
1148 702 1456 757 remittetur
1479 699 1530 754 ei
1566 711 1743 768 neque
1781 696 1835 750 in
1869 694 1975 750 hoc

2096 685 2213 740 ιατά
2259 682 2351 738 τοῦ
2403 680 2722 753 Πνεύματος
2781 675 2873 731 τοῦ
2923 676 3102 746 ἁγίου,
3156 675 3259 729 οὐκ
3308 673 3640 745 ἀφεθήσεται

402 765 628 869 saeculo,
655 813 834 870 neque
861 797 914 851 in
944 795 1130 851 futuro
1150 795 1215 848 ³⁵.
1235 813 1254 847 ›
1286 793 1350 849 Ει
1377 791 1572 848 merito
1597 765 1812 860 quidem
1836 803 1853 852 ;
1879 785 1973 856 qui

2096 776 2221 849 ιύτῷ
2261 775 2386 831 οὔτε
2415 776 2472 830 ὲν
2489 774 2570 845 τῷ
2602 773 2757 829 αἰῶνι
2792 770 2903 844 (95)
2933 770 3130 841 τούτῳ,
3159 766 3284 823 οὔτε
3317 769 3376 821 ὲν
3408 765 3487 838 τῷ
3524 765 3643 836 μὲλ-

401 893 547 949 enim
584 899 747 963 negat
779 888 979 944 Filium
1005 927 1020 954 ,
1048 902 1211 958 quem
1241 899 1442 956 rogans
1488 881 1735 939 obtinere
1777 879 1978 951 poterit

402 982 879 1057 propitiationem?
910 990 1005 1036 aut
1031 996 1156 1052 quae
1176 979 1308 1046 vita,
1340 979 1426 1033 vel
1455 977 1677 1048 requies
1703 975 1754 1030 ei
1783 990 1978 1044 exspe-

404 1076 627 1143 ctanda,
662 1075 759 1146 qui
789 1073 992 1144 repulit
1023 1088 1148 1133 cum
1190 1072 1283 1142 qui
1335 1069 1469 1125 dicit
1498 1084 1513 1123 :
1559 1087 1578 1120 ‹
1609 1066 1722 1137 Ego
1748 1081 1870 1122 sum
1897 1066 1981 1120 vi-

407 1177 464 1224 ta
487 1168 587 1234 ⁸⁶,›
621 1174 676 1222 et
703 1182 717 1219 :
754 1184 775 1218 ι
820 1163 1011 1219 Venite
1036 1162 1103 1218 ad
1134 1178 1241 1227 me,
1286 1176 1476 1217 omnes
1502 1158 1595 1229 qui
1625 1156 1887 1212 laboratis
1929 1165 1984 1211 et

407 1256 619 1313 onerati
668 1256 822 1322 estis,
865 1265 921 1310 et
961 1268 1062 1324 ego
1107 1252 1346 1309 reﬁciam
1372 1266 1470 1305 vos
1487 1249 1572 1303 ⁸τῖ
1604 1267 1624 1301 ›
1651 1248 1788 1302 Cum
1817 1246 1985 1317 igitur

409 1349 501 1404 isti
536 1348 641 1404 hoc
671 1346 834 1402 modo
863 1361 1052 1416 poenas
1078 1344 1266 1410 luant;
1304 1341 1652 1413 perspicuum
1696 1339 1860 1394 fuerit
1891 1354 1985 1394 eos

409 1439 504 1510 qui
529 1438 603 1509 pii
637 1446 767 1493 sunt
794 1452 924 1507 erga
954 1435 1271 1501 Christum,
1307 1442 1362 1489 et
1397 1432 1492 1504 qui
1535 1439 1647 1486 tam
1684 1429 1983 1487 secundum

411 1545 652 1594 carnem,
698 1543 865 1599 quam
914 1527 1211 1582 secundum
1263 1524 1517 1596 spiritum
1562 1536 1686 1577 eum
1734 1521 1984 1585 adorant,

410 1635 514 1675 nec
537 1635 662 1675 eum
688 1618 885 1672 Filium
919 1616 1016 1672 Dei
1041 1618 1295 1686 ignorant
1326 1629 1468 1680 esse,
1497 1626 1600 1668 nec
1642 1611 1841 1667 Filium
1884 1612 1985 1665 bo-

353 1767 368 1782 ,
410 1712 576 1768 minis
606 1711 807 1767 factum
852 1724 974 1765 esse
1020 1716 1254 1779 negant;
1284 1721 1472 1761 verum
1511 1705 1675 1760 etiam
1719 1702 1985 1766 credunt,

2072 872 2236 925 λοντι.
2259 889 2278 922 ›
2309 871 2420 924 Καὶ
2449 870 2673 930 εἰκότως
2703 882 2802 935 γε*
2829 866 2859 918 6
2892 864 3001 934 γὰρ
3022 861 3354 934 ἀρνούμενος
3378 858 3470 912 τὸν
3493 859 3642 923 Υἱδν,

2072 963 2197 1016 τίνα
2233 958 2590 1032 παρακαλῶν,
2633 956 2857 1028 ἱλασμὸν
2884 954 3173 1024 δυνήσεται
3217 951 3389 1023 ἐχειν;
3420 950 3455 1022 ἢ
3484 949 3645 1004 ποίαν

2078 1052 2245 1125 ζωὴν,
2279 1053 2313 1122 ἦ
2340 1051 2642 1106 ἀνάπαυσιν
2666 1047 3024 1121 προσδοκήσει
3047 1083 3063 1111 ,
3094 1046 3124 1099 6
3149 1044 3506 1113 ἀπωσάμενος
3552 1041 3647 1095 τὸν

2076 1146 2338 1216 λέγοντα·
2377 1163 2396 1196 ι
2432 1143 2573 1213 Ἐγώ
2615 1144 2731 1214 εἰμι
2767 1143 2802 1214 ή
2852 1139 2994 1211 Coifi;
3021 1157 3040 1191 ι
3074 1139 3170 1191 καὶ
3192 1179 3207 1204 ,
3259 1156 3279 1189 ι
3308 1135 3472 1190 Δεῦτε
3509 1134 3650 1205 πρὸς

2083 1241 2173 1312 μὲ,
2206 1238 2407 1303 πάντες
2447 1239 2497 1291 οἱ
2538 1235 2836 1299 κοπιῶντες
2871 1232 2966 1287 καὶ
3008 1227 3452 1303 πεφορτισμένοι,
3491 1222 3651 1293 κάγὼ

2080 1329 2383 1385 ἀναπαύσω
2423 1328 2609 1399 ύμᾶς;
2644 1344 2663 1377 ι
2713 1324 2931 1377 Τούτων
2966 1322 3032 1376 ’δὲ
3082 1319 3224 1373 οὕτω
3281 1315 3532 1372 διδόντων
3556 1313 3653 1371 δί-

2081 1438 2204 1485 κας,
2238 1403 2394 1491 δῆλον
2419 1416 2487 1471 ἂν
2532 1415 2641 1487 εἴη,
2687 1414 2763 1480 ὡς
2811 1415 2861 1467 οἱ
2893 1409 3244 1473 εὐσεϐοῦντες
3273 1407 3385 1479 (96)
3430 1407 3510 1470 εἰς
3561 1405 3653 1459 τὸν

2081 1511 2335 1585 Χριστὸν,
2383 1509 2479 1564 καὶ
2518 1508 2579 1562 τὸ
2609 1508 2751 1561 κατά
2797 1505 2975 1576 σάρκα
3016 1503 3112 1557 καὶ
3136 1501 3200 1555 τὸ
3238 1497 3381 1554 κατά
3426 1495 3655 1568 Πνεῦμα

2084 1601 2515 1678 προσκυνοῦντες
2556 1599 2721 1656 αὐτοῦ
2742 1640 2757 1665 ,
2802 1598 2896 1654 καλ¹
2943 1597 3080 1670 μήτε
3130 1594 3259 1649 Υἱὺν
3310 1589 3446 1645 Θεοῦ
3488 1590 3655 1644 αὐτὸν

2086 1694 2426 1767 ἀγνοοῦντες,
2463 1694 2601 1765 μήτε
2628 1692 2711 1746 ὅτι
2738 1691 2834 1745 καὶ
2855 1690 2981 1753 Υἱὸς
3008 1689 3122 1759 (97)
3155 1685 3444 1758 ἀνθρώπου
3488 1684 3654 1753 γέγο-

413 1804 568 1870 illud,
610 1823 627 1855 ι
656 1804 716 1858 In
752 1801 1020 1873 principio
1065 1776 1185 1855 erat
1225 1797 1464 1855 Verbum
1488 1839 1504 1863 ,
1537 1815 1556 1850 ›
1596 1804 1652 1853 et
1696 1815 1714 1849 ι
1745 1794 1984 1851 Verbum

2096 1806 2174 1843 νεν
2213 1788 2564 1860 ἀρνούμενοι·
2617 1782 2754 1839 ἀλλά
2798 1783 2891 1837 καὶ
2917 1780 3279 1842 οπιστεύοντες
3302 1818 3317 1843 ,
3372 1777 3455 1831 ὅτι
3506 1794 3528 1829 ι
3568 1776 3657 1828 Ἑν

414 1908 543 1947 caro
572 1891 776 1948 factum
805 1901 889 1947 est
909 1890 977 1952 ⁸⁸,
1007 1908 1027 1943 ι
1056 1897 1381 1960 regnaturos
1424 1896 1685 1943 aeternum
1735 1888 1789 1941 in
1834 1886 1986 1942 caelis

413 1997 556 2048 esse,
590 1981 888 2037 secundum
915 1987 1135 2034 sanctas
1164 1979 1334 2049 ipsius
1362 1977 1580 2033 Domini
1607 1987 1663 2033 et
1690 1977 1988 2034 Salvatoris

416 2071 590 2127 nostri
617 2070 745 2126 Jesu
780 2069 981 2128 Christi
1017 2068 1440 2139 pollicitationes
1461 2108 1478 2133 ,
1506 2069 1599 2140 qui
1630 2069 1744 2124 ait:
1782 2086 1801 2121 ι
1833 2068 1991 2124 Ibunt
2028 2074 2032 2079 “

417 2162 637 2233 quidem
664 2160 739 2214 illi
770 2160 824 2214 in
854 2159 1180 2229 supplicium
1209 2169 1472 2215 aeternum
1499 2178 1515 2227 ;
1547 2160 1682 2230 justi
1717 2168 1895 2215 autem
1936 2160 1991 2215 in

417 2255 585 2307 \itam
615 2261 870 2307 aeternam
896 2251 965 2305 ⁸³.
998 2269 1018 2302 ι
1052 2249 1178 2305 Haec
1200 2250 1389 2320 paucis
1416 2252 1532 2317 tibi,
1570 2267 1638 2307 ex
1667 2252 1734 2308 iis
1759 2268 1879 2323 qua!
1910 2252 1992 2309 di-

421 2344 686 2411 diceram,
717 2342 929 2412 scripsi.
960 2340 1044 2397 Tu
1067 2358 1197 2398 vero
1222 2358 1332 2397 non
1371 2353 1432 2398 ut
1456 2341 1995 2413 perfectamidoctri-

423 2452 571 2502 nam,
604 2435 698 2491 sed
732 2445 944 2492 tantum
978 2447 1040 2492 ut
1077 2434 1419 2491 occasionem
1467 2450 1498 2490 a
1546 2449 1635 2489 me
1677 2434 1771 2490 tibi
1812 2435 1994 2489 datam

424 2526 628 2596 accipe.
652 2524 841 2581 Restat
862 2526 956 2581 tibi
984 2526 1141 2597 571
1164 2533 1226 2580 ut
1252 2525 1644 2582 accuratiorem
1670 2527 1995 2582 sententiam

423 2630 492 2671 ex
536 2615 849 2686 evangelica
875 2616 1023 2672 dicto
1062 2626 1117 2671 et
1154 2631 1222 2671 ex
1256 2616 1483 2687 psalmis
1513 2616 1829 2686 decerpens,
1854 2616 1998 2671 veri-

410 2702 552 2764 ‘tatis
585 2708 891 2779 manipulos
928 2709 1116 2779 alliges
1145 2726 1160 2764 :
1191 2717 1250 2763 ut
1281 2709 1378 2764 tibi
1412 2724 1632 2779 quoque
1667 2710 1758 2763 illa
1802 2709 1997 2765 ferenti

426 2800 677 2854 dicatur:
710 2817 729 2851 ι
761 2798 1051 2854 Venientes
1077 2808 1258 2854 autem
1284 2799 1501 2855 venient
1526 2815 1650 2854 cum
1680 2800 1999 2855 exsultatio-

428 2907 519 2956 ne,
569 2900 845 2962 portantes
877 2895 1187 2965 manipulos
1226 2909 1357 2950 suos
1380 2895 1448 2959 ’°,
1471 2914 1490 2948 ι
1532 2895 1585 2949 in
1609 2893 1829 2950 Christo
1863 2893 1996 2950 Jesu

431 2980 659 3037 Domino
688 2993 896 3051 nostro,
931 3001 1026 3056 per
1051 3002 1212 3055 quem
1235 2995 1289 3040 et
1313 3000 1437 3041 cum
1464 3001 1572 3056 quo
1597 2984 1782 3051 Patri,
1808 2993 1862 3040 et
1890 3001 1998 3040 una

431 3070 659 3142 Spiritui
692 3083 899 3139 sancto,
930 3074 1103 3147 gloria
1128 3084 1184 3132 et
1207 3076 1494 3146 imperium
1523 3076 1578 3130 in
1604 3076 1802 3132 saecula
1824 3090 2000 3131 saecu—

392 3168 395 3171 ’
429 3163 627 3219 lorum.
666 3167 860 3220 Amen.

2087 1881 2230 1952 ἀρχῇ
2259 1874 2327 1950 ἦν
2359 1879 2388 1930 6
2414 1877 2603 1946 Λόγος,
2633 1894 2652 1928 ι
2687 1873 2802 1941 καὶ,
2856 1891 2878 1924 ‹
2904 1874 2934 1926 6
2962 1872 3133 1941 Λόγος
3170 1869 3309 1939 σὰρξ
3337 1869 3554 1938 ἐγένετο
3575 1906 3592 1933 ,
3633 1885 3653 1919 ι

2090 1970 2496 2042 βασιλεύσουσιν
2533 1966 2765 2031 αἱωνίως
2808 1968 2865 2021 ὲν
2905 1965 3018 2028 τοῖς
3065 1964 3313 2035 οὐρανοῖς
3355 1958 3498 2014 κατὰ
3558 1958 3659 2020 τάς

2089 2061 2251 2132 ἁγίας
2297 2057 2630 2128 ἐπαγγελίας
2666 2053 2830 2110 αὑτοῦ
2866 2051 2963 2107 τοῦ
3013 2051 3218 2123 Κυρίου
3261 2050 3355 2103 καὶ
3405 2048 3662 2119 Σωτῆρος

2088 2138 2248 2228 ἡμῶν
2290 2150 2464 2226 Ἰησοῦ
2503 2146 2739 2223 Χριστοῦ
2776 2145 2885 2218 (98)
2918 2144 3168 2213 λέγοντος
3197 2159 3213 2174 ο
3254 2159 3274 2194 ι
3307 2138 3661 2194 Ἀπελεύσον-

2090 2266 2179 2302 ται
2215 2246 2312 2318 μὲν
2337 2246 2531 2299 ἐκεῖνοι
2553 2242 2633 2305 είς
2661 2239 2881 2293 κόλασιν
2913 2236 3148 2301 αἰώνιον,
3180 2235 3231 2287 οἱ
3262 2233 3320 2287 δὲ
3349 2232 3548 2318 δίκαιοι
3581 2231 3661 2294 είς

2094 2317 2239 2408 ζωὴν
2261 2335 2496 2392 αἰώνιον.
2521 2353 2539 2386 ›
2582 2330 2768 2387 Ταῦτά
2809 2346 2891 2384 σοι
2917 2327 3216 2399 συντόμως,
3251 2322 3311 2390 ἐξ
3338 2317 3412 2378 ὧν
3436 2321 3660 2394 ἔμαθον,

2094 2428 2329 2502 ἔγραψα.
2357 2428 2430 2482 Σὺ
2463 2426 2519 2479 δὲ
2552 2424 2626 2496 μὴ
2664 2423 2740 2487 ὡς
2766 2422 2979 2476 τελείαν
3003 2417 3369 2481 διδασκαλίαν,
3396 2414 3535 2470 ἀλλά
3568 2414 3665 2485 μό-

2089 2540 2190 2597 νην
2223 2518 2476 2592 ἀφορμὴν
2501 2516 2673 2572 ταῦτα
2701 2515 2830 2587 παρ’
2864 2511 2996 2585 ἐμοῦ
3027 2511 3269 2584 λάμϐανε
3292 2527 3306 2541 ο
3343 2510 3438 2562 καὶ
3474 2506 3664 2561 λοιπὸν

2098 2613 2278 2685 σαυτῷ
2316 2611 2416 2684 τὴν
2461 2607 2858 2682 ἀκριϐεστέραν
2901 2604 3011 2678 (99)
3067 2604 3303 2658 διάνοιαν
3346 2601 3410 2655 ἐκ
3449 2617 3512 2654 τε
3570 2597 3664 2652 τοῦ

2096 2699 2450 2772 εύαγγελικοῦ
2485 2697 2646 2772 ῥητοῦ
2692 2697 2788 2752 καὶ
2820 2697 2925 2750 τῶν
2951 2695 3195 2767 Ψαλμῶν
3226 2692 3627 2764 ἀναλαμϐάνων
3648 2731 3663 2754 ,

2097 2797 2334 2868 δέσμευε
2355 2793 2426 2847 τὰ
2456 2793 2554 2864 τῆς
2605 2790 2861 2862 ἀληθείας
2901 2788 3187 2860 δράγματα
3214 2801 3228 2816 ⁸
3270 2786 3357 2838 ἵνα
3407 2783 3523 2848 καὶ,
3572 2781 3666 2837 σοῦ

2096 2888 2267 2945 ταῦτα
2296 2888 2575 2959 φέροντος,
2616 2883 2841 2937 εἴπωσιν
2873 2882 2922 2933 οἱ
2965 2878 3212 2948 λέγοντες
3231 2895 3245 2909 ·
3295 2895 3314 2928 ι
3346 2875 3668 2947 Ἐρχόμενοι

2097 2982 2155 3034 δὲ
2180 2979 2397 3050 ἥξουσιν
2433 2980 2490 3031 ὲν
2526 2975 2862 3045 ἀγαλλιάσει,
2892 2972 3137 3045 αἴροντες
3157 2971 3225 3024 τὰ
3247 2969 3537 3041 δράγματα
3571 2967 3668 3022 αὐ-

2099 3071 2228 3137 τῶν,
2259 3088 2278 3122 ι
2333 3071 2391 3122 ὲν
2440 3064 2657 3137 Χριστῷ
2710 3062 2884 3135 Ἰησοῦ
2921 3061 3000 3133 τῷ
3047 3060 3236 3133 Κυρίῳ
3280 3058 3436 3131 ἡμῶν
3463 3100 3477 3122 ,
3508 3057 3581 3125 δι’
3611 3050 3670 3111 οὗ

2027 3161 2069 3218 C
2103 3162 2198 3216 καὶ
2231 3158 2368 3233 (99‘)
2397 3157 2517 3230 μεθ’
2549 3150 2612 3210 οῦ
2659 3154 2739 3226 τῶ
2763 3155 2941 3226 Πατρὶ
2972 3155 3089 3225 ἅμα
3124 3153 3200 3224 τῷ
3216 3152 3356 3222 ἁγίῳ
3385 3148 3671 3220 Πνεύματι

431 3261 465 3330 ὴ
496 3258 622 3326 δόξα
647 3261 740 3314 καὶ
769 3262 830 3314 τὸ
853 3262 1071 3333 κράτος,
1110 3264 1191 3326 εἰς
1225 3264 1351 3327 τοὺς
1400 3265 1599 3329 αἰῶνας
1629 3263 1738 3318 τῶν
1764 3261 1994 3318 αἰώνων.
2063 3258 2255 3330 ’Λμήνο

505 3525 550 3557 ⁸⁸
591 3524 777 3580 Matth.
811 3541 913 3590 xu,
941 3526 1031 3584 52.

1161 3529 1208 3562 ⁸³
1242 3528 1401 3586 Joan.
1433 3545 1544 3598 xw,
1579 3527 1634 3583 6.

434 3594 482 3627 '°
509 3595 656 3651 Psal.
694 3610 855 3663 (xxxv,
888 3596 943 3651 6.

512 3749 627 3822 (94)
666 3750 823 3806 Gobl.
860 3761 918 3808 et
958 3748 1196 3807 Felckm.
1240 3750 1473 3821 primus,
1507 3751 1786 3818 mendose,
1821 3749 2002 3806 κάκεί-

438 3839 581 3885 νους,
608 3821 703 3875 καὶ
731 3822 972 3886 τούτους.

509 3892 621 3963 (95)
664 3890 820 3945 Gobl.
850 3901 904 3948 et
927 3890 1165 3947 Felckm.
1192 3889 1425 3957 primus,
1471 3893 1529 3946 ὲν
1570 3891 1648 3963 τῷ
1690 3891 1785 3947 νῦν
1826 3891 2001 3946 αἰῶνι.

439 3960 719 4018 Mox-Rea.
753 3961 877 4018 Sea.
908 3962 1064 4018 Gobl.
1104 3970 1159 4016 et
1194 3959 1432 4015 Felckm.
1461 3962 1693 4018 primus.
1722 3965 1752 4017 6
1777 3962 1885 4018 γὰο
1911 3963 2001 4018 ἀο-

440 3978 719 4048 ιιιοι-ιιθε.
753 3978 877 4033 beg.
903 3978 1076 4047 μουι..
1104 3978 1159 4016 et
1196 3978 1432 4015 I‘BICKIII.
1461 3978 1693 4033 primus,
1722 3978 1752 4017 ο
1777 3978 1885 4034 γαρ
1911 3978 2009 4033 αρ-

440 4030 1393 4155 όιέῖἶαᾶἁὲἓῗόιὲιη.
1420 4102 1651 4155 nrimus.
1679 4102 1729 4155 οὶ
1751 4101 2007 4155 ἀσεϐοῦν-

511 4099 623 4171 (96)
661 4099 1043 4172 Auglic.h0bl.
1076 4099 1130 4156 ét
1155 4099 1393 4155 Felckm.
1420 4102 1651 4172 primus,
1679 4102 1729 4155 οἱ
1751 4101 2007 4156 ἀσεϐοῦν-

439 4185 554 4233 τες,
583 4171 746 4225 male.
765 4170 891 4227 Mox
918 4171 1051 4233 Reg.
1074 4180 1127 4226 et
1152 4169 1301 4233 Seg.,
1333 4172 1428 4225 καὶ
1459 4173 1703 4233 Πνεῦμα,
1719 4173 1924 4228 omisso
1948 4171 2009 4225 τὸ

443 4186 746 4294 τες,ἀῑι]ιιιθ.
765 4186 891 4227 mox
918 4186 1051 4242 Reg.
1074 4186 1127 4226 et
1152 4186 1301 4242 aeg.,
1333 4186 1428 4225 και
1459 4186 1703 4245 ιινευμα,
1719 4188 1924 4228 omisso
1948 4190 1978 4225 τ

443 4253 547 4294 κατ
592 4280 606 4293 .

475 4377 495 4395 ,
515 4310 631 4443 g7)
670 4309 765 4390 $ic
809 4310 940 4381 Reg.
974 4310 1099 4434 Sig.
1129 4309 1295 4364 Basil.
1328 4318 1382 4365 et
1417 4311 1578 4381 Angl.
1623 4311 1766 4367 Editi
1794 4326 1945 4378 vero,
1978 4311 2008 4363 6

475 4380 513 4433 ιι
578 4420 592 4441 ,
627 4395 808 4437 minus
835 4389 1002 4436 recte.
1075 4396 1142 4435 οι
1170 4380 1264 4433 καί
1290 4388 1412 4443 post
1424 4382 1562 4436 ἀλλά
1585 4382 1735 4437 deest
1767 4383 1822 4436 in
1846 4382 2004 4443 Angl.

447 4376 808 4443 1‘t6;,'minus
835 4376 1002 4436 recte.
1020 4376 1142 4435 Mox
1170 4380 1264 4433 καί
1290 4388 1412 4450 post
1424 4376 1562 4436 ἀλὶῖά
1585 4382 1735 4437 deest
1767 4383 1822 4436 in
1846 4376 2004 4453 Angl.

447 4444 613 4506 Paulo
650 4458 771 4507 post
800 4449 1001 4507 Reaius
1042 4460 1098 4507 et
1142 4450 1292 4507 Sea"
1330 4450 1727 4507 βασιλεύσουσι.
1771 4451 1918 4507 Editi
1955 4460 2004 4507 ct

649 4458 771 4521 post
800 4450 1001 4523 Regius
1042 4460 1098 4507 et
1142 4450 1292 4523 Seg.,
1329 4450 1727 4521 βασιλεύσουσι.
1771 4450 2011 4508 Εᾱίιίὀι

1765 3527 1809 3559 ⁸⁷
1850 3525 2039 3582 Matth.
2068 3543 2144 3594 ιιι,
2172 3525 2265 3582 28.

2414 3524 2462 3557 ⁸⁸
2497 3522 2658 3580 Joan.
2691 3538 2733 3590 ι,
2788 3521 2840 3589 1,
2881 3520 2971 3577 14.
3102 3519 3150 3552 ⁸⁸
3189 3517 3377 3573 Matth.
3411 3531 3546 3580 xxv,
3581 3511 3670 3569 46.

2098 3749 2210 3815 alii,
2241 3747 2794 3822 ﬁastletioustv._lbid.
2843 3746 3144 3822 Regiuset
3195 3746 3516 3822 Seguerian.
3560 3748 3673 3810 καί,

2099 3817 2413 3943 intenta,
2440 3823 2599 3875 male.
2627 3819 2826 3874 Ibidem
2847 3817 3212 3890 Seguerianus
3241 3819 3411 3883 solus,
3429 3817 3678 3887 ἀπαγγε-

2136 3908 2240 3943 ιας.

2322 3959 2471 4025 Haec,
2488 3959 2662 4033 Ἰησοῦ
2688 3957 2949 4033 Χριστοῦ,
2969 3970 3087 4033 n0n_
3110 3964 3237 4033 sunt
3271 3956 3326 4033 i_n
3352 3956 3516 4033 edil_is
3543 3966 3601 4011 et
3622 3957 3675 4012 in

2104 4026 2432 4114 quibusdam
2463 4026 2753 4114 ωεξηερᾶ
2777 4030 3047 4112 habentur
3073 4027 3126 4114 ip
3169 4026 3410 4114 Regi‘o'et
3446 4026 3674 4114 Segnior.

2110 4096 2249 4157 ibid.
2279 4101 2437 4157 Gobl.
2467 4108 2521 4156 et
2550 4099 2788 4155 Felcktn.
2823 4101 3055 4170 primus,
3086 4096 3414 4167 ἐπαγγελίας
3443 4097 3536 4150 τοῦ
3562 4100 3677 4152 Σω-

2110 4173 2295 4225 τῆρος.
2327 4172 2549 4225 omissis
2583 4171 2728 4225 aliis.

2110 4189 2295 4243 τηρος,
2327 4186 2549 4226 οῐηιεειε
2583 4186 2728 4228 auls.

2132 4312 2141 4313 ί
2183 4242 2298 4313 (99)
2337 4241 2468 4313 Reg.
2488 4241 2629 4313 (seg.
2655 4240 2872 4313 Gobler.
2898 4245 2953 4294 et
2968 4236 3215 4313 Felcltm.
3245 4237 3480 4308 primus,
3514 4239 3676 4311 ἀκρι-

2113 4309 2396 4383 ossi-cep”,
2410 4311 2568 4383 Editi
2586 4309 2656 4366 iet
2682 4311 2796 4383 alii,
2823 4309 3240 4383 digpt6egtﬁt'qv.

2186 4379 2322 4454 (99")
2356 4381 2455 4454 §ic
2480 4380 2613 4451 Reg.
2639 4391 2693 4454 et
2720 4381 2844 4454 Seg.
2879 4379 2938 4454 In
2967 4379 3131 4454 editis
3183 4387 3238 4434 et
3273 4379 3395 4454 aliis
3424 4380 3577 4454 deest
3610 4380 3678 4434 δι’

2112 4446 2174 4508 οῦ
2194 4446 2321 4507 καί.
2355 4451 2477 4508 Mox
2508 4446 2607 4523 pro
2639 4452 2755 4523 ἅμα
2787 4446 2986 4521 Regius
3005 4456 3060 4505 et
3097 4446 3220 4521 Seg.
3256 4449 3354 4504 σύν
3384 4450 3606 4507 habent.
