3914 6222
318 314 420 376 877
1466 316 1555 372 DE
1605 317 1908 375 SYNODIS.
1953 352 2020 361 —
2059 319 2396 377 MONITUM.
3459 336 3563 392 678

333 480 3532 506 mm

753 647 878 734 IN
955 642 1634 736 EPISTOLAM
1729 645 1878 736 DE
1952 645 2472 740 SYNODIS
2541 642 3171 742 MONITUM.

377 1020 415 1074 Ι.
447 1015 744 1088 Epistolam
767 1015 830 1070 de
862 1014 1074 1085 synodis
1097 1013 1420 1067 Ariminenst
1447 1021 1496 1066 et
1525 1011 1838 1067 Seleuciana
1861 1011 1955 1066 sub
1984 1012 2140 1081 ﬁnem
2171 1012 2298 1066 anni
2322 1013 2443 1075 559.
2472 1029 2574 1085 quo
2602 1015 2879 1069 celebratio
2907 1015 3016 1069 illa:
3042 1025 3188 1080 sunt,
3208 1022 3562 1090 conscriptam

305 1118 488 1188 fuisse,
515 1130 579 1169 ex
608 1113 850 1184 plurimis
880 1113 1112 1182 ejusdem
1151 1111 1280 1165 locis
1331 1111 1606 1178 conﬁcitur
1629 1127 1647 1163 :
1680 1111 1734 1163 in
1767 1111 1879 1179 ipso
1911 1111 2099 1180 quippe
2124 1110 2299 1172 initio,
2329 1122 2671 1165 narraturum
2706 1129 2758 1166 se
2788 1113 3143 1168 Athanasium
3175 1116 3276 1183 ait,
3307 1133 3390 1170 res
3417 1119 3472 1172 in
3501 1135 3562 1173 ea

303 1223 476 1282 gestas
510 1209 730 1279 synodo,
758 1223 871 1276 qua:
894 1215 1014 1260 tunc
1044 1206 1099 1258 in
1125 1206 1358 1258 onmium
1381 1222 1469 1259 ore
1497 1206 1844 1259 versabatur:
1875 1204 2129 1274 liquidius
2160 1214 2333 1260 autent
2365 1216 2610 1270 testatur,
2644 1224 2789 1262 nam.
2816 1209 2869 1271 4,
2901 1210 3283 1279 professionem
3328 1211 3563 1267 Sirmiu-

305 1323 428 1360 nam
451 1305 786 1360 consulatum
817 1302 951 1371 ejus,
978 1319 1080 1371 quo
1114 1303 1224 1370 ipse
1250 1300 1527 1366 scribebat,
1553 1302 1680 1355 anni
1711 1287 1851 1370 prwﬁ

2019 1301 2128 1354 ἀπὸ
2163 1302 2264 1368 τῆς
2302 1303 2397 1357 νῦν
2424 1305 2706 1369 ὑπατείας.
2733 1304 2986 1361 Consules
3027 1325 3206 1374 nempe
3244 1309 3405 1364 iidem
3436 1321 3559 1366 tunc

300 1407 475 1465 erant,
501 1398 590 1467 qui
633 1395 913 1451 Sirmiensi
953 1394 1077 1464 ﬁdei
1119 1395 1365 1464 formulte
1410 1396 1627 1463 ascripti
1661 1395 1893 1464 fuerant,
1926 1393 2186 1448 Eusebius
2219 1405 2268 1449 et
2296 1395 2584 1466 Hypatius,
2609 1399 2699 1468 qui
2724 1401 2792 1451 ad
2815 1415 3012 1452 annum
3044 1402 3307 1466 pertinent
3336 1402 3461 1458 559.
3490 1402 3560 1456 Et

301 1505 421 1544 vero
455 1490 617 1560 liquet
649 1505 712 1543 ex
735 1488 1017 1558 appendice
1048 1503 1207 1559 quam
1242 1487 1310 1541 ad
1355 1488 1547 1541 calcem
1580 1487 1798 1556 hujusce
1830 1487 2000 1556 operis
2025 1489 2249 1542 attexuit
2272 1500 2487 1543 sanctus
2517 1490 2732 1553 Doctor,
2762 1491 2994 1545 nondum
3030 1492 3229 1546 allatas
3260 1494 3362 1548 sibi
3389 1496 3562 1564 fuisse

300 1599 382 1636 res
411 1598 587 1636 omnes
609 1581 838 1635 Arimini
871 1588 1067 1648 gestas,
1096 1578 1306 1650 quando
1334 1579 1430 1632 hoc
1465 1578 1776 1647 opusculum
1801 1594 2075 1648 aggressus
2107 1587 2204 1632 est.
2248 1579 2602 1644 Quamobrem
2642 1581 2773 1634 nihil
2799 1581 2864 1635 de
2887 1581 3116 1635 Patrum
3145 1584 3558 1638 Ariminensium

297 1673 453 1740 lapsu
479 1710 496 1738 ,
551 1670 681 1724 nihil
731 1670 798 1724 de
849 1668 1035 1740 legatis
1064 1668 1385 1722 Arianorum
1427 1669 1629 1722 astutia
1679 1666 1812 1722 Nice
1855 1669 2244 1737 circumventis,
2295 1669 2380 1723 hic
2423 1669 2666 1739 habetur,
2698 1688 2816 1742 qua:
2845 1682 3020 1727 tamen
3059 1689 3120 1728 eo
3147 1675 3260 1726 ioso
3296 1676 3558 1746 contigere

297 1784 464 1824 anno.
2943 1781 2946 1784 ’

366 1859 434 1915 ll.
466 1861 663 1928 Quare,
693 1869 750 1916 ut
773 1861 889 1930 jam
915 1861 1043 1916 olim
1070 1861 1334 1915 advertere
1365 1859 1463 1914 viri
1491 1876 1608 1915 cum
1633 1860 1820 1930 primis
1852 1876 1908 1914 er

2009 1860 2071 1923 ti,
2104 1875 2223 1930 qua
2265 1876 2411 1914 num.
2443 1859 2512 1914 50
2539 1860 2805 1930 leguntur,
2838 1859 3024 1914 Ταῦτα
3059 1862 3369 1932 γράψαντες
3398 1863 3456 1915 ἐν
3486 1865 3553 1934 τῇ

307 1956 576 2029 Ἰσαυρίᾳ,
623 1957 938 2020 ἀνελθόντες
982 1958 1061 2020 εἰς
1105 1957 1204 2028 τὴν
1237 1955 1646 2011 Κωνσταντίνου
1687 1955 1853 2018 πόλινἸ

2011 1994 2027 2020 ,
2051 1972 2119 2008 aa
2165 1955 2274 2009 ha'c
2305 1971 2464 2025 usque
2505 1955 2680 2020 verba,
2713 1971 2857 2008 num.
2891 1956 2981 2020 $2,
3012 1957 3162 2019 Τέως
3187 1958 3285 2027 μὲν
3308 1953 3400 2010 οὖν
3429 1956 3554 2027 ἄχρι

293 2048 488 2103 τούτου
532 2049 870 2120 φθάσαντες,
913 2050 1002 2104 ubi
1031 2050 1350 2104 Athanasius
1388 2050 1513 2118 ﬁdei
1546 2047 1834 2118 formulam
1870 2047 2514 2116 Constantinopolitanam
2547 2048 2724 2116 affert,
2763 2049 3142 2102 Antiochenam
3183 2058 3462 2114 memorat,
3491 2047 3554 2100 de

293 2138 602 2193 Constantii
630 2141 775 2193 obitu
809 2141 942 2210 agit,
983 2156 1098 2210 qua:
1121 2141 1298 2193 omnia
1327 2148 1443 2209 post
1468 2156 1664 2192 annum
1692 2139 1834 2191 haud
1855 2138 2011 2191 dubie
2031 2138 2135 2193 559
2174 2139 2466 2210 contigere;
2501 2141 2632 2206 hinc,
2663 2142 2899 2212 inquam,
2934 2144 3169 2212 epistola!
3203 2143 3322 2211 jam
3351 2143 3554 2212 pridem

290 2245 324 2280 a
350 2243 408 2281 se
451 2230 665 2299 scripta:
714 2231 1066 2285 Athanasium
1097 2231 1398 2294 inseruisse,
1448 2231 1624 2283 nullus
1665 2239 1902 2299 superest
1933 2228 2227 2299 ambigendi
2253 2229 2420 2283 locus.
2454 2229 2544 2286 Ita
2586 2241 2643 2285 ut
2681 2235 2936 2300 praedicta
2971 2235 3124 2288 verba
3157 2233 3306 2298 Τέως
3333 2234 3430 2304 μὲν
3461 2228 3555 2286 οὖν

295 2318 460 2390 μέχρι
507 2319 697 2374 τούτου
748 2322 1069 2390 φθάσαντες,
1101 2331 1231 2388 elc.,
1257 2323 1440 2377 statim
1482 2331 1600 2391 post
1641 2323 1764 2388 ﬁdei
1792 2339 1841 2390 pl

2008 2322 2165 2374 Eonem
2190 2319 2491 2375 Isauricam
2511 2361 2527 2387 ,
2573 2341 2716 2377 num.
2747 2325 2839 2390 29,
2867 2325 3112 2387 allatam,
3141 2328 3225 2379 cui
3283 2326 3554 2394 aptissime

289 2411 578 2478 cohwrent,
601 2414 771 2482 primo
795 2422 1165 2484 sequerentur;
1188 2414 1374 2468 dehinc
1400 2416 1726 2485 interpositis
1761 2415 1824 2469 ab
1853 2416 2145 2470 Athanasio
2176 2416 2244 2469 iis
2267 2431 2384 2486 qua:
2419 2433 2584 2486 supra
2615 2419 2875 2482 diximus,
2901 2419 3085 2473 ist/uec
3115 2420 3261 2487 fuere
3296 2437 3328 2473 a
3356 2435 3558 2489 prazce.

289 2502 543 2557 dentibus
577 2503 810 2557 divulsa.

363 2593 454 2648 Ill.
485 2594 610 2648 Non
635 2597 766 2649 satis
806 2604 981 2648 autem
1011 2593 1164 2664 ﬁrmo
1202 2602 1506 2664 argumento
1537 2595 1780 2647 nituntur
1808 2593 1897 2663 qui
1929 2593 2260 2646 arbitrantur
2289 2593 2358 2645 ad
2390 2593 2657 2648 solitarios
2679 2596 2898 2649 missam
2923 2597 3087 2666 fuisse
3113 2576 3246 2652 hanc
3272 2600 3553 2668 epistolam

288 2703 415 2742 cum
441 2705 535 2742 nec
555 2690 608 2741 in
635 2689 1007 2757 manuscriptis
1039 2688 1306 2741 codicibus
1331 2688 1538 2756 uspiam
1574 2689 1947 2741 monachorum
1973 2704 2063 2740 seu
2094 2688 2458 2742 solitariorum
2489 2705 2673 2742 nomen
2710 2692 3051 2759 praeferatur,
3080 2709 3241 2762 neque
3265 2694 3406 2762 apud
3445 2693 3550 2749 So-

289 2791 500 2834 cratem
527 2781 604 2834 vel
628 2782 974 2835 Sozomenum
1006 2780 1073 2832 ad
1100 2779 1380 2833 monachos
1414 2789 1768 2848 nuncupetur;
1799 2797 1835 2834 ει

2005 2781 2056 2832 td
2092 2781 2318 2849 priorem
2350 2782 2492 2853 Πρὸς
2524 2783 2648 2844 τοὺς
2677 2781 3006 2853 γνωρίμους,
3031 2785 3173 2852 apud
3208 2787 3551 2854 posteriorem

289 2895 414 2931 vero
443 2876 589 2948 Πρὸς
617 2877 741 2939 τοὺς
769 2873 1106 2946 ἐπιτηδείους
1128 2876 1384 2944 inscripta
1413 2875 1503 2929 sit.
1526 2874 1703 2939 Quare
1722 2875 1791 2928 ad
1814 2892 1835 2927 η

2005 2874 2159 2928 hosne
2189 2875 2322 2928 hanc
2351 2875 2550 2928 miserit
2576 2877 2854 2944 epistolam
2880 2894 2973 2930 nec
2997 2888 3274 2947 repugnat,
3311 2897 3404 2933 nec
3426 2897 3551 2933 cou-

281 2973 484 3041 jectari
518 2981 703 3042 potest.
739 2971 858 3036 Qua
883 2960 998 3024 vero
1035 2969 1193 3039 fuerit
1229 2969 1297 3022 ad
1324 2985 1440 3023 eam
1472 2970 1894 3040 perscribendam
1921 2986 2085 3023 causa
2109 2977 2398 3038 permotus,
2434 2968 2575 3021 haud
2618 2967 2834 3023 obscure
2863 2971 3063 3024 indicat
3089 2971 3416 3027 Athanasius
3439 2974 3551 3040 ipso
3641 3002 3644 3004 η

286 3071 466 3138 operis
493 3069 732 3132 exordio,
763 3068 852 3121 tibi
878 3085 932 3122 se
954 3069 1031 3121 ait
1057 3086 1117 3123 ea
1139 3071 1332 3138 scripto
1353 3083 1598 3122 exarasse
1629 3084 1748 3120 cum
1770 3077 1827 3121 ut
1853 3069 2144 3122 amicorum
2167 3067 2488 3122 desiderium
2509 3068 2845 3137 discendique
2875 3066 3113 3119 studium
3146 3066 3396 3134 expleret,
3440 3077 3551 3120 tum

286 3175 434 3218 utne
464 3163 548 3217 illi
578 3164 757 3216 multis
787 3164 927 3217 varie
965 3165 1152 3233 synodi
1179 3172 1324 3234 gesta
1358 3163 1701 3217 narrantibus
1736 3164 1902 3216 animi
1943 3164 2243 3233 penderent,
2280 3165 2418 3217 unde
2466 3163 2708 3218 nonnulli
2743 3179 2859 3216 eam
2895 3162 2964 3216 ad
2999 3163 3282 3218 monachos
3330 3164 3550 3218 missam

286 3257 574 3326 colligunt,
623 3257 883 3310 levissimo
913 3273 1058 3320 sane,
1093 3267 1149 3310 ut
1181 3274 1328 3311 nemo
1357 3273 1458 3310 non
1490 3258 1648 3322 videt,
1681 3256 1829 3310 ducti
1856 3269 2196 3326 argumento.

357 3349 453 3406 IV.
489 3350 659 3404 Porro
682 3351 800 3404 licet
835 3351 918 3404 hic
943 3366 1080 3404 unus
1102 3351 1344 3404 videatur
1377 3350 1654 3404 Athanasii
1678 3349 1842 3420 fuisse
1875 3366 2061 3412 scapus
2095 3367 2175 3403 res
2206 3350 2435 3403 Arimini
2460 3358 2507 3401 et
2539 3346 2792 3402 Seleucia:
2818 3356 2966 3400 actas
3004 3362 3279 3410 enarrare,
3312 3355 3428 3415 post
3460 3349 3553 3402 ab-

284 3447 527 3499 solutam
575 3455 747 3499 tamen
771 3462 884 3500 eam
919 3461 1026 3499 rem
1070 3446 1138 3498 ad
1179 3445 1290 3499 alia
1312 3445 1671 3515 progreditur,
1699 3455 1858 3514 utque
1895 3446 2246 3514 fluctuantem
2287 3448 2608 3498 Arianorum
2639 3444 2692 3496 in
2729 3443 2834 3512 ﬁde
2875 3460 2973 3496 sua
3003 3442 3240 3494 animum
3279 3444 3552 3512 perspicue

285 3547 683 3604 commonstret,
705 3541 878 3592 varias
903 3539 1063 3592 variis
1092 3538 1220 3592 locis
1252 3538 1668 3607 temporibusque
1690 3536 1754 3590 ab
1779 3537 1886 3590 illis
1908 3537 2078 3590 editas
2109 3537 2232 3606 ﬁdei
2255 3537 2514 3606 formulas
2547 3544 2796 3594 recenset.
2825 3546 2980 3604 atque
3007 3533 3075 3586 ad
3107 3516 3318 3587 verbum
3346 3535 3506 3602 refert
3530 3551 3550 3590 :

284 3647 408 3700 qua:
436 3641 548 3684 tam
581 3631 774 3700 ingenti
811 3646 1026 3684 numero
1053 3629 1220 3699 fuere,
1256 3639 1313 3683 ut
1346 3648 1434 3684 eas
1459 3631 1601 3684 haud
1632 3628 1830 3696 injuria
1857 3628 2215 3698 labyrinthum
2245 3637 2387 3683 vocet
2416 3625 2680 3690 Socrates,
2699 3625 2791 3678 lib.
2823 3641 2882 3687 ιι,
2904 3642 3019 3692 cap.
3051 3624 3138 3677 '52.
3166 3623 3243 3678 Iis
3270 3624 3546 3693 absolutis,

282 3721 381 3776 τοῦ
411 3722 698 3794 ὀμοουσίου
730 3737 899 3776 vocem
922 3738 1040 3776 cum
1067 3722 1388 3792 argumentis
1417 3722 1782 3784 validissimis.
1812 3730 1922 3775 tum
1947 3721 2181 3790 exemplo
2202 3730 2432 3775 veterum
2459 3719 2685 3772 Patrum
2715 3719 2778 3770 ab
2799 3717 3124 3769 Arianorum
3153 3717 3436 3772 calumniis
3455 3719 3549 3772 ob-

279 3816 704 3885 jectionibusque
729 3814 981 3870 vindicat.
1012 3812 1137 3867 Tres
1166 3814 1340 3884 itaque
1371 3824 1494 3870 sunt
1516 3813 1672 3882 hujus
1699 3813 1937 3881 epistola:
1971 3824 2171 3882 partes.
2211 3810 2279 3865 In
2316 3812 2492 3881 prima
2524 3810 2635 3878 agit
2664 3807 2727 3861 de
2757 3807 2975 3875 synodis
3005 3807 3332 3860 Ariminensi
3361 3816 3411 3860 et
3450 3805 3548 3861 Se-

284 3907 553 3962 leuciana.
578 3904 646 3959 In
677 3906 905 3960 secunda
935 3905 999 3958 de
1023 3906 1345 3959 Arianorum
1375 3904 1733 3974 blasphemiis,
1765 3919 2045 3973 eorumque
2082 3903 2246 3956 variis
2274 3902 2400 3972 ﬁdei
2437 3898 2876 3970 professionibus.
2908 3896 2976 3950 In
3003 3899 3185 3961 tertia,
3223 3903 3286 3952 de
3320 3899 3549 3953 consub-

284 3999 647 4056 stantialitate
679 3997 1010 4052 admittenda
1037 3996 1137 4069 (l).
1173 3996 1250 4050 De
1278 3997 1505 4065 singulis
1544 3993 1788 4065 quwdam
1817 3994 2226 4064 pertractanda.

354 4094 429 4151 ν.
465 4094 536 4149 In
566 4095 739 4165 prima
775 4103 925 4163 parte
959 4105 1235 4163 antequam
1263 4107 1437 4146 rerum
1455 4091 1966 4160 Ariminigestarum
2000 4087 2360 4142 narrationem
2389 4086 2634 4140 ordiatur
2659 4125 2674 4149 ,
2700 4084 2810 4153 agit
2844 4082 2908 4136 de
2933 4081 3166 4148 formula
3192 4083 3319 4152 ﬁdei
3362 4082 3546 4143 Sirmi;

283 4203 430 4242 anno
451 4186 579 4251 559,
603 4184 904 4240 consulibus
937 4181 1162 4238 Eusebio
1191 4189 1242 4235 et
1272 4180 1531 4250 Hypatio,
1559 4179 1724 4233 edita.
1751 4177 2160 4246 Prtecipuosque
2186 4190 2366 4228 eorum
2396 4183 2636 4227 auctores
2678 4171 2982 4234 Ursacium,
3032 4170 3323 4236 Valentem,
3351 4171 3546 4224 Caium

282 4295 331 4334 et
371 4279 703 4335 Germinium
746 4278 1066 4332 vehementer
1094 4277 1352 4347 exagitat,
1378 4276 1516 4346 quod
1548 4290 1659 4329 suce
1716 4273 1841 4343 ﬁdei
1890 4271 2258 4327 Constantium
2292 4269 2662 4339 imperatorem
2715 4267 3120 4336 consulatusque
3172 4282 3370 4319 annum
3408 4283 3549 4335 prae-

284 4375 533 4447 ﬁzerint,
558 4372 712 4443 quasi
751 4382 871 4425 tunc
901 4370 1130 4440 primum
1160 4368 1366 4422 credere
1395 4368 1693 4434 coepissent.
1733 4364 1869 4418 Eam
1898 4379 2016 4417 vero
2055 4362 2178 4431 ﬁdei
2208 4361 2493 4431 formulam
2526 4362 2603 4414 ait
2645 4359 2902 4414 Patribus
2928 4358 3162 4412 Arimini
3187 4359 3386 4411 coactis
3418 4374 3543 4428 pro-

282 4471 543 4544 positam,
567 4469 631 4522 ab
661 4469 825 4537 iisque
850 4465 1182 4536 repudiatam
1215 4464 1398 4533 fuisse.
1428 4461 1568 4516 Hinc
1592 4461 1750 4530 refert
1779 4459 2061 4528 epistolam
2090 4457 2510 4511 Ariminensium
2546 4455 2776 4508 Patrum
2807 4455 2875 4507 ad
2907 4453 3280 4508 Constantium
3310 4453 3545 4520 impera-

285 4577 481 4630 torem,
528 4563 616 4616 ubi
643 4577 723 4614 res
757 4561 813 4614 in
847 4557 1158 4614 Seleuciana
1192 4557 1390 4626 synodo
1432 4566 1609 4626 gestce,
1641 4555 2115 4624 prcedictorumque
2149 4553 2473 4606 Arianorum
2517 4550 2806 4620 prtesulum
2835 4550 3093 4619 depositio
3128 4558 3409 4602 narratur.
3438 4547 3544 4601 De-

283 4660 411 4713 inde
439 4656 627 4729 paucis
651 4665 881 4710 recenset
910 4671 992 4708 res
1020 4654 1078 4707 in
1106 4651 1416 4706 Seleuciana
1441 4651 1638 4720 synodo
1674 4660 1844 4719 gestas
1878 4659 1926 4702 et
1958 4649 2015 4702 in
2040 4648 2293 4702 Acacium
2329 4646 2709 4702 Caesariensem
2736 4646 2932 4698 acriter
2961 4644 3263 4707 invehitur;
3291 4651 3446 4711 atque
3469 4641 3543 4692 ita

284 4753 568 4807 clauditur
591 4752 766 4820 prima
787 4748 942 4816 hujus
981 4745 1219 4816 epistola
1243 4762 1391 4815 pars.
1573 4743 1577 4750 ’

357 4845 456 4902 Vl.
487 4845 554 4900 In
577 4846 806 4900 secunda
833 4855 984 4914 parte
1013 4842 1345 4913 progreditur
1377 4839 1445 4893 ad
1474 4840 1653 4894 varias
1696 4839 2021 4893 Arianorum
2041 4836 2391 4905 blasphemias
2421 4833 2647 4903 ﬁdeique
2675 4831 2934 4902 formulas
2971 4826 3332 4890 recensendas,
3364 4839 3544 4878 orsus-

282 4956 387 4995 aue
419 4938 484 4992 ab
514 4938 630 4992 Arii
665 4935 874 4998 Thalia,
902 4934 1014 5004 ejus
1045 4949 1146 4986 non
1175 4929 1439 4984 modicum
1470 4930 1624 4997 affert
1660 4928 2017 4998 fragmentum
2049 4925 2336 4994 impietatis
2373 4924 2649 4992 refertum.
2675 4921 2816 4974 Ilinc
2855 4921 3092 4989 sequitur
3121 4917 3243 4986 ﬁdei
3279 4915 3539 4982 confessio

281 5045 453 5102 quant
484 5027 579 5081 sub
606 5026 820 5078 Arianae
846 5023 1096 5078 haereseos
1132 5022 1341 5075 initium
1369 5019 1528 5071 Arius
1555 5018 1663 5086 ipse
1708 5033 1826 5070 cum
1871 5015 2220 5070 sectatoribus
2258 5016 2368 5067 suis
2404 5013 2707 5067 Alexandro
2757 5010 3150 5078 archiepiscopo
3174 5006 3539 5059 Alexandrino

283 5123 484 5180 obtulit
514 5139 650 5176 anno
676 5122 884 5174 circiter
907 5119 1031 5173 519.
1066 5116 1273 5170 Exinde
1303 5115 1463 5184 refert
1488 5115 1718 5184 ingentes
1745 5111 2094 5181 blasphemias
2128 5128 2160 5164 a
2188 5111 2505 5182 quibusdam
2530 5110 2851 5162 Arianorum
2879 5104 3239 5174 antesignanis
3260 5101 3500 5171 prolatas
3519 5139 3539 5164 ,

283 5217 480 5289 quibus
514 5212 690 5267 subdit
731 5209 1006 5281 epistolam
1037 5207 1224 5276 synodi
1259 5204 1760 5274 Hierosolymitana:
1791 5204 1919 5255 anni
1957 5202 2081 5266 553,
2113 5203 2203 5254 ubi
2233 5201 2394 5254 Arius
2437 5217 2555 5254 cum
2591 5201 2702 5252 suis
2731 5198 2799 5250 ad
2830 5194 3247 5248 communionem
3283 5189 3540 5245 Ecclesia:

285 5281 350 5366 ab
385 5308 643 5378 episcopis
681 5304 994 5358 Eusebianis
1021 5300 1342 5355 admittitur.
1377 5296 1524 5351 Unde
1552 5313 1668 5350 cum
1700 5297 1755 5349 in
1801 5295 2095 5349 Arianismi
2136 5295 2486 5363 suspicionem
2507 5291 2630 5359 jure
2654 5289 2736 5342 illi
2762 5287 3039 5349 venissent,
3071 5283 3186 5352 ejus
3216 5281 3542 5336 removenda:

288 5375 480 5468 causa,
510 5402 636 5472 ﬁdei
659 5399 945 5470 formulam
975 5395 1181 5451 edidere
1209 5396 1264 5447 in
1289 5393 1487 5463 synodo
1523 5407 1659 5444 anno
1683 5391 1809 5456 5M,
1840 5390 2134 5444 Antiochia:
2166 5390 2368 5454 habita,
2399 5386 2671 5440 occasione
2708 5381 2944 5435 basilica:
2977 5382 3164 5432 Aurea:
3191 5375 3538 5472 dedicandae:

289 5504 358 5557 ad
387 5470 550 5554 auam
585 5495 937 5551 celebritatem
971 5505 1222 5561 magnum
1253 5489 1612 5558 episcoporum
1646 5500 1920 5540 numerum
1965 5485 2224 5539 acciverat
2252 5480 2618 5540 Constantius.
2645 5476 2783 5533 Eam
2825 5475 3085 5544 integram
3112 5471 3271 5542 refert
3302 5470 3540 5527 Athana-

361 5686 441 5757 (l)
486 5683 623 5740 Vide
652 5684 780 5740 item
809 5679 951 5751 apud
990 5679 1252 5736 Hilarium
1283 5680 1379 5736 lib.
1410 5695 1448 5735 tt
1479 5678 1547 5734 ad
1571 5675 1962 5741 Constantium,
1993 5688 2049 5727 n.
2081 5672 2134 5725 4.
