3914 6222
401 311 505 368 683

965 310 1023 369 S.
1064 313 1438 372 ATHANASII
1476 314 1626 371 OPP.
1669 314 1849 370 PARS
1884 315 1927 371 Ι.
1967 343 2037 354 -
2072 314 2447 373 HISTORICA
2487 316 2575 373 ET
2613 316 3041 378 DOGMATICA.

3555 322 3660 385 684

400 434 694 490 nonnullos
719 435 811 506 qui
837 436 1071 509 alicujus
1109 440 1265 510 pretii
1308 440 1653 506 videbantur,
1682 440 1964 517 ipsumque

2075 431 2232 493 Οὗτοι
2274 441 2403 513 γάρ,
2446 442 2533 495 ἀεὶ
2582 442 2680 513 τῆς
2722 443 2931 514 ’Δρείου
2981 443 3200 516 μερίδος
3246 442 3422 508 ὄντες,
3454 441 3549 494 καὶ
3584 442 3661 515 μὴ

400 524 781 593 imperatorem
807 526 1188 583 Constantium
1223 530 1536 587 haereticum
1563 530 1974 597 subornarunt;

400 613 561 686 573
588 616 661 670 ita
688 624 747 675 ut
767 618 1060 690 synodum,
1092 620 1195 675 sub
1219 619 1478 674 ementita
1507 618 1817 674 asserendae
1851 617 1974 673 ﬁdei

399 713 580 781 specie
608 713 950 784 impetrarint
974 733 988 770 :
1010 714 1111 769 rati
1140 731 1199 770 se
1219 713 1491 771 Nicaeuam
1514 728 1679 785 posse
1707 713 1975 785 synodum

2080 532 2329 598 νοοῦντες
2363 536 2499 605 μήτε
2528 535 2644 598 πῶς
2668 535 3004 601 πιστεύουσι,
3043 538 3180 609 μήτε
3206 538 3335 610 περὶ
3366 536 3526 590 τίνων
3546 534 3662 588 δια-

2082 625 2447 689 ϐεϐαιοῦνται,
2471 627 2786 691 ἀπατῶντες
2808 628 2865 681 δὲ
2889 628 3118 684 ἕκαστον
3141 630 3348 701 ἡρέμα,
3376 629 3469 682 καὶ
3496 626 3662 697 σπέρ-

2085 733 2229 787 ματα
2257 718 2355 787 τῆς
2380 718 2645 789 αἱρέσεως
2674 718 2884 772 ἑαυτῶν
2917 720 2991 789 (ἴ)
3020 720 3454 791 ἐπισπείροντες,
3483 717 3662 787 ὐφήρ⁹

398 805 652 869 obruere,
677 818 840 877 atque
880 808 956 863 ita
1000 824 1191 864 omnes
1223 824 1251 863 a
1284 809 1561 864 sententia-
1588 807 1888 872 dimovere,
1920 818 1964 859 ιιι

2081 813 2261 865 πασάν
2303 828 2456 874 τινας
2488 812 2595 864 τῶν
2620 812 2922 864 δοκούντων
2962 806 3103 867 εἷναί
3133 830 3207 877 τι,
3246 812 3340 865 καὶ
3368 809 3528 864 αὑτὸν
3567 807 3660 861 τὸν

398 897 652 969 impietas
688 900 934 957 veritatis
966 901 1089 956 loco
1120 902 1365 957 obtineat
1391 901 1615 973 ubique.

2083 902 2307 972 βασιλέα
2341 902 2715 956 Κωνστάντιον
2742 903 3015 975 αἱρετικὸν
3043 905 3173 957 ὂντα
3197 943 3211 967 ,
3245 921 3347 974 σχη
3358 901 3660 972 ματισάμε-

394 1007 474 1045 νοι
494 994 620 1065 περὶ
653 994 909 1060 πίστεως,
935 994 1077 1049 ὥστε
1102 996 1327 1067 ποιῆσαι
1348 996 1601 1065 γενέσθαι
1627 994 1842 1049 σύνοδον
1870 994 1967 1066 (8)·
2008 991 2321 1064 νομίζοντες
2354 992 2612 1047 δύνασθαι
2639 993 2877 1062 καλύψαι
2936 994 3035 1065 τὴν
3076 995 3133 1046 ἐν
3186 993 3391 1063 Nncan
3444 990 3661 1043 σύνοδον

393 1089 489 1143 καὶ
516 1092 642 1156 τοὺς
664 1092 873 1157 πάντας
897 1093 1265 1165 μεταπείθειν,
1286 1093 1426 1147 ὥστε
1449 1094 1545 1165 τὴν
1566 1094 1821 1148 ἀσέϐειαν
1847 1092 1969 1146 ἀντὶ
1999 1092 2097 1163 τῆς
2122 1089 2379 1162 ἀληθείας
2410 1090 2684 1161 κρατῆσαι
2713 1089 3016 1160 πανταχοῦ.

462 1182 517 1237 2.
546 1182 611 1238 Et
640 1185 878 1255 primum
913 1186 1133 1257 quidem
1164 1186 1217 1240 id
1248 1188 1402 1241 valde
1443 1187 1615 1241 miror
1639 1185 1807 1257 (quod
1831 1201 1967 1255 pru-

391 1275 606 1332 dentem
653 1277 910 1341 arbitror,
944 1278 1242 1347 quemlibet
1288 1277 1839 1345 animadversurum)
1885 1277 1972 1330 ni-

392 1369 594 1422 mirum
637 1383 763 1423 cum
801 1369 1126 1426 universalis
1160 1369 1402 1441 synodus
1450 1368 1651 1424 indicta
1700 1376 1867 1434 esset,
1899 1367 1968 1422 il-

390 1459 608 1529 iamque
626 1475 816 1516 omnes
831 1471 1231 1532 exspectarent,
1248 1476 1369 1518 eam
1390 1461 1681 1532 derepente
1698 1459 1868 1517 fuisse
1890 1461 1973 1517 di-

392 1548 601 1613 visam;
631 1550 767 1606 adeo
808 1560 869 1606 ut
916 1552 972 1607 hi
1024 1558 1126 1608 hoc
1173 1552 1529 1608 convenirent
1566 1554 1709 1618 loco,
1732 1552 1823 1607 alii
1864 1552 1972 1609 alio

2150 1183 2204 1236 2.
2242 1182 2464 1252 Πρῶτον
2500 1181 2599 1253 μὲν
2628 1178 2721 1236 οὖν
2769 1182 2944 1251 ἔγωγε
2989 1181 3255 1253 θαυμάξω
3290 1178 3564 1252 (ἡγοῦμαι
3603 1179 3660 1233 δὲ

2054 1276 2167 1329 ’καὶ
2195 1275 2373 1329 πάντα
2401 1274 2676 1329 ὁντιναοῦν
2710 1276 2971 1346 φρόνιμον
3000 1274 3160 1328 τοῦτο
3208 1275 3439 1345 συνορᾷν
3475 1271 3516 1342 ),
3551 1272 3657 1334 ὅτι.

2076 1366 2371 1439 καθολικῆς
2415 1366 2727 1439 ὁρισθείσης
2772 1366 2996 1421 συνόδου
3023 1408 3037 1432 ,
3073 1367 3167 1419 καὶ
3200 1365 3403 1436 ταύτην
3442 1364 3660 1419 πάντων

2079 1458 2522 1533 προσδοκώντων,
2569 1457 2827 1528 ἐξαίφνης
2869 1457 3126 1530 διῃρέθη·
3164 1457 3258 1510 καὶ
3299 1458 3346 1509 ot
3395 1457 3495 1527 μὲν
3541 1456 3660 1508 ἐκεῖ

2078 1550 2362 1622 συνῆλθον,
2412 1551 2462 1603 οἱ
2508 1550 2563 1604 δὲ
2608 1543 2711 1603 ὧδε
2743 1549 3143 1621 συνεκρότησαν
3183 1546 3428 1610 ἑαυτούς.
3453 1542 3564 1600 Ἦν
3602 1545 3660 1600 δὲ

390 1655 511 1696 sese
541 1652 943 1699 convocarent:
972 1645 1115 1714 quod
1141 1644 1371 1701 fortasse
1396 1644 1595 1700 divina;
1616 1645 1964 1716 providentia:

2075 1643 2178 1715 ἄρα
2213 1641 2371 1695 τοῦτο
2410 1643 2509 1713 τῆς
2546 1641 2809 1709 Προνοίας
2848 1640 3026 1713 ἔργον,
3069 1641 3155 1694 ἵνα
3187 1642 3243 1693 ἐν
3291 1640 3517 1710 ἑκάστῃ,
3550 1638 3658 1691 τῶν

390 1726 491 1783 fuit
521 1745 659 1800 opus
695 1772 711 1796 ,
742 1734 815 1801 §ut
862 1735 915 1787 in
957 1735 1129 1790 altera
1189 1737 1396 1807 synodo
1435 1736 1717 1791 hominum
1757 1737 1968 1792 sincera

390 1837 639 1893 puraque
660 1824 805 1880 ﬁdes
850 1825 1031 1895 palam
1064 1827 1236 1893 ﬁeret,
1258 1826 1317 1881 in
1353 1827 1521 1883 altera
1555 1843 1684 1884 vero
1712 1840 1967 1900 suspecta

387 1912 631 1967 virorum
660 1913 935 1985 dubiaque
960 1915 1127 1969 animi
1160 1919 1429 1973 sententia
1450 1918 1965 1989 deprehenderetur.

388 1999 443 2054 ld
470 2018 690 2073 quoque
727 2004 881 2069 mihi,
915 2006 1302 2077 germanisque
1332 2005 1599 2063 fratribus
1626 2010 1718 2065 hic
1750 2026 1967 2066 mecum

386 2094 753 2159 versantibus,
782 2095 836 2148 in
867 2098 1323 2164 mentem-subiit,
1355 2106 1519 2169 atque
1543 2101 1816 2170 ejusmodi
1843 2117 1972 2157 con-

389 2200 586 2239 cursus
635 2186 1027 2243 absurditatem
1078 2198 1365 2246 cernentes
1417 2192 1812 2263 cogitabamus,
1846 2210 1969 2265 quae

387 2288 476 2329 res
510 2282 788 2345 tantopere
804 2279 1044 2348 urgebat,
1073 2279 1296 2334 utorbis
1324 2288 1593 2335 terrarum
1622 2283 1964 2351 turbaretur,

385 2372 441 2418 et
468 2364 562 2434 qui
589 2375 704 2421 tum
748 2369 1006 2439 temporis
1036 2385 1135 2440 pro
1156 2371 1373 2427 clericis
1419 2372 1787 2439 habebantur,
1824 2375 1967 2429 ultro

386 2458 632 2528 citroque
659 2460 1048 2529 discurrerent,
1084 2463 1428 2520 sciscitantes
1451 2467 1821 2536 .quomodoin
1860 2465 1970 2520 Do-

387 2550 596 2606 minum
646 2562 895 2609 nostrum
944 2552 1130 2608 Jesum
1181 2552 1461 2612 Christum
1516 2559 1851 2615 crederent?
1910 2561 1967 2616 Si

384 2644 532 2697 enim
562 2646 942 2712 credidissent,
972 2664 1316 2721 nequaquam
1345 2651 1570 2721 perinde
1596 2654 1856 2711 sciscitati
1879 2670 1968 2711 es-

385 2739 527 2797 sent,
550 2734 708 2801 quasi
733 2734 864 2803 quid
895 2735 1178 2791 crederent
1208 2751 1315 2790 non
1344 2736 1630 2794 baberent.
1650 2737 1763 2794 Hoc
1783 2749 1966 2796 autem

383 2824 795 2880 eatecbumenis
829 2826 977 2881 haud
1013 2827 1148 2883 levis
1186 2828 1508 2885 oﬂ‘ensionis
1543 2846 1757 2897 ansam,
1781 2833 1966 2888 ethni-
2006 2866 2012 2872 -

387 2916 469 2970 cis
497 2931 624 2973 vero
668 2933 779 2972 non
806 2918 1076 2975 modicam
1109 2922 1203 2977 sed
1230 2922 1459 2978 eﬁ‘usam
1494 2923 1639 2979 risus
1678 2926 1963 2980 materiam

2075 1736 2170 1807 μὲν
2199 1734 2258 1787 τὸ
2284 1733 2469 1788 ἄδολον
2502 1734 2595 1787 καὶ
2633 1732 2868 1805 καθαρὸν
2902 1732 3002 1803 τῆς
3036 1731 3271 1795 πίστεως
3297 1729 3482 1801 δειχθῇ
3524 1730 3659 1801 φρόο

2071 1847 2241 1900 νημα,
2267 1827 2374 1881 τῶν
2396 1829 2452 1881 δὲ
2470 1828 2531 1881 τὸ
2555 1827 2797 1881 ὕποπτον
2820 1827 2912 1881 καὶ
2932 1826 3229 1898 ἀμφίϐολον
3249 1821 3381 1897 ἦθος
3402 1825 3656 1897 ἐλεγχθῇ.

2075 1922 2303 1974 Ἔπειτα
2334 1922 2555 1974 κάκεῖνο
2604 1919 2923 1991 διενοούμην
2973 1919 3049 1990 (9)
3098 1918 3237 1990 μετά
3275 1918 3383 1971 τῶν
3420 1917 3657 1971 ἐνταῦθα

2068 2015 2311 2083 ⁴γνησίων
2341 2013 2607 2084 ἀδελφῶν,
2629 2014 2723 2067 καὶ
2746 2013 2868 2067 καθ’
2893 2013 3117 2076 ἑαυτοὺς
3137 2011 3495 2084 ἡσχάλλομεν,
3522 2010 3659 2066 θεω-

2041 2105 2296 2179 -ροῦντες
2330 2106 2392 2159 τὸ
2435 2107 2681 2178 ἀπρεπὲς
2733 2106 2834 2175 τῆς
2877 2105 3146 2177 τοσαύτης
3198 2106 3528 2178 συνδρομῆς.
3592 2105 3659 2158 Τί

2070 2196 2178 2267 γάρ
2204 2195 2456 2274 τοσοῦτον
2497 2196 2739 2269 ήπειξεν,
2787 2197 2929 2251 ὥστε
2963 2198 3062 2271 τὴν
3099 2199 3422 2269 οἰκουμένην
3470 2198 3658 2251 διατα-

2075 2287 2360 2359 ραχθῆναι,
2395 2288 2489 2341 καὶ
2528 2289 2653 2352 τοὺς
2684 2289 3008 2360 λεγομένους
3040 2291 3098 2343 ἐν
3142 2289 3219 2360 τῷ
3257 2289 3435 2361 καιρῷ
3478 2290 3658 2360 τούτῳ

2072 2378 2367 2452 κληρικοὺς
2393 2379 2698 2452 διατρέχειν
2729 2380 2842 2434 ἀνω
2864 2380 2960 2434 καὶ
2989 2380 3140 2434 κάτω
3161 2380 3294 2450 (10),
3321 2382 3414 2434 καὶ
3443 2381 3654 2452 ζητεῖν,

2072 2470 2190 2534 πῶς
2232 2471 2340 2543 ἀρα
2380 2471 2600 2542 μάθωσι
2647 2472 2933 2525 πιστεύειν
2983 2475 3063 2537 εἰς
3093 2472 3184 2525 τὸν
3233 2471 3437 2544 Κύριον
3494 2472 3659 2544 ἡμῶν

2084 2562 2289 2634 Ἰησοῦν
2320 2562 2589 2635 Χριστόν;
2632 2564 2696 2616 Εἰ
2733 2564 2841 2635 γὰρ
2876 2564 3177 2628 ἐπίστευον,
3210 2564 3312 2617 οὐκ
3346 2564 3420 2639 ’ἂν
3463 2564 3544 2627 ὡς
3584 2564 3657 2636 μὴ

2071 2656 2290 2728 ἔχοντες
2335 2656 2581 2727 ἐζήτουν.
2628 2655 2801 2708 Τοῦτο
2841 2655 2898 2708 δὲ
2942 2659 3054 2720 τοῖς
3088 2657 3187 2728 μὲν
3219 2656 3658 2727 κατηχουμένοις

2069 2753 2169 2828 ούκ
2198 2751 2378 2819 ὀλίγον
2408 2749 2699 2804 σκάνδαλον
2721 2765 2734 2779 ’
2770 2752 2883 2811 τοῖς
2909 2748 2968 2803 δὲ
3001 2747 3257 2817 Ἕλλησιν
3277 2748 3338 2801 ού
3374 2748 3435 2800 τὸ
3467 2746 3655 2819 τυχὸν,

2070 2845 2205 2897 ἀλλά
2235 2845 2328 2896 καὶ
2355 2842 2561 2896 πλατὺν
2588 2840 2698 2912 (Η)
2730 2841 2942 2909 γέλωτα
2973 2840 3266 2911 παρέσχεν,
3298 2840 3344 2892 εί
3386 2840 3658 2910 Χριστια-

2070 2939 2172 3004 vol,
2203 2938 2391 3009 ὥσπερ
2429 2936 2488 3002 ἐξ
2532 2935 2701 2990 ὕπνου
2745 2932 2837 2987 νῦν
2880 2933 3219 3005 ἐγερθέντες,
3250 2932 3493 3004 ζητοῦσι,
3541 2931 3659 2996 πῶς

384 3007 618 3076 praebuit
648 3049 663 3076 ,
698 3010 843 3079 quod
866 3010 1186 3078 Christiani,
1219 3015 1383 3069 veluti
1408 3031 1438 3070 e
1468 3031 1663 3071 somno
1691 3033 1837 3072 nunc
1869 3035 1964 3073 ex-

2075 2995 2320 3100 SEI'mp‘t
2359 2995 2600 3100 .Xptocofa
2659 2995 2935 3080 πιστεύειν
2965 2995 3099 3096 (12).
3145 2995 3215 3080 σί
3365 2995 3656 3096 λεγόμενοι

383 3096 571 3165 citati,
609 3109 860 3168 quaerant
919 3117 1027 3171 qua
1072 3103 1284 3158 ratione
1324 3104 1379 3158 in
1415 3104 1692 3161 Christum
1748 3108 1968 3164 credere

382 3201 630 3260 oporteat
660 3193 1012 3263 ;quiantem
1066 3195 1209 3250 inter
1270 3196 1392 3253 illos
1444 3196 1627 3252 clerici
1678 3208 1964 3267 vocantur,

388 3280 606 3334 tametsi
632 3281 1012 3335 auctoritatem
1042 3282 1186 3352 apud
1221 3284 1475 3354 populos,
1500 3285 1656 3353 quasi
1690 3287 1961 3359 magistri,

381 3369 487 3425 sibi
514 3370 812 3437 vindicant,
836 3372 953 3443 jam
978 3390 1035 3429 se
1063 3385 1244 3431 tamen
1274 3375 1520 3432 inﬁdeles
1543 3378 1963 3446 declaraverint,

380 3479 505 3519 cum
541 3465 593 3520 id
616 3476 864 3535 quaerant
906 3468 1114 3524 scilicet
1153 3471 1298 3541 quod
1336 3488 1445 3528 non
1468 3472 1691 3530 habent.
1726 3474 1838 3530 Nec
1868 3476 1964 3530 ad-

380 3566 599 3611 vertunt
624 3555 887 3614 Ursacius
915 3569 968 3615 et
993 3561 1147 3627 socii,
1173 3566 1264 3632 qui
1291 3564 1486 3619 horum
1511 3576 1764 3622 auctores
1789 3566 1961 3633 fuere,

379 3662 643 3718 quantum
683 3652 786 3707 sibi
833 3652 927 3708 ira:
978 3654 1296 3710 thesaurum
1352 3657 1685 3722 recondant,
1730 3657 1964 3716 Domino

379 3758 475 3811 per
503 3753 724 3801 sanctos
771 3761 902 3803 suos
941 3746 1155 3803 dicente
1185 3766 1199 3803 :
1239 3767 1257 3801 ι
1286 3748 1378 3805 Vae
1422 3751 1533 3807 illis
1560 3768 1657 3823 per
1688 3770 1829 3825 quos
1862 3771 1964 3810 no-

380 3847 504 3888 men
527 3851 711 3891 meum
734 3836 1143 3908 blasphematur
1166 3841 1219 3895 in
1244 3843 1585 3913 gentibus";
1612 3864 1632 3897 ι
1654 3862 1756 3901 suo
1778 3856 1961 3903 autem

381 3926 501 3996 ipso
525 3942 625 3985 ore
662 3930 718 3984 in
760 3928 1074 4003 Evangeliis
1101 3936 1217 3989 ait:
1266 3954 1285 3988 ι
1316 3935 1421 4003 Qui
1449 3952 1582 4008 ergo
1615 3939 1964 3996 scandaliza-

381 4024 523 4078 verit
563 4040 731 4080 unum
773 4026 840 4081 de
884 4027 1099 4096 pusillis
1143 4029 1283 4093 istis,
1308 4031 1527 4101 expedit
1553 4032 1603 4085 ei
1653 4041 1709 4087 ut
1736 4050 1963 4105 suspen-

378 4116 538 4171 datur
576 4117 722 4172 mola
750 4118 987 4173 asinaria
1016 4119 1069 4174 in
1100 4122 1242 4177 collo
1287 4122 1408 4191 ejus
1434 4133 1489 4179 et
1517 4123 1866 4197 demergatur
1888 4127 1954 4198 ζὶιι

378 4207 709 4277 profundum
756 4212 958 4279 maris,
988 4229 1174 4283 quam,
1210 4232 1229 4264 ι
1283 4225 1342 4267 ιιι
1372 4215 1579 4270 addidit
1607 4215 1807 4286 Lucas,
1847 4237 1867 4270 ι
1902 4229 1961 4274 ιιι

378 4303 713 4357 scandalizet
738 4319 907 4357 unum
934 4305 1000 4359 de
1023 4305 1237 4375 pusillis
1264 4306 1385 4362 istis
1406 4308 1474 4362 ".
1502 4327 1522 4361 ι

410 4414 415 4419 ·
447 4396 503 4451 ὅ.
535 4395 674 4462 Quid
699 4396 844 4451 enim
875 4397 1134 4454 doctrinae
1154 4400 1222 4454 ad
1257 4399 1401 4470 piam
1437 4402 1756 4474 religionem
1780 4403 1956 4460 defuit

378 4487 634 4543 Ecclesiae
663 4488 963 4554 catholica,
995 4496 1054 4543 ut
1083 4506 1229 4547 nunc
1260 4491 1329 4548 de
1352 4492 1456 4549 ﬁde
1484 4495 1825 4563 perquirunt,
1860 4504 1954 4550 ut-

376 4595 485 4646 que
508 4580 625 4636 suis
649 4581 716 4636 de
758 4581 863 4636 ﬁde
904 4583 1342 4650 expositionibus
1369 4586 1653 4654 praesentis
1689 4588 1954 4656 temporis

376 4676 719 4731 Consulatum
772 4676 1089 4747 praeﬁgant?
1130 4675 1396 4734 Ursacius
1452 4679 1625 4744 enim,
1666 4677 1867 4734 Valens
1904 4689 1961 4734 et

375 4766 691 4824 Germintus
705 4784 829 4823 cum
852 4770 1019 4824 sectis
1036 4767 1094 4823 id
1111 4767 1307 4836 fecere,
1325 4768 1471 4839 quod
1502 4783 1783 4839 nunquam
1804 4768 1950 4839 apud

448 4951 490 4983 ’ί
532 4948 636 5006 lsa.
665 4966 760 5017 LII,
808 4948 881 5015 5;
913 4948 1072 5005 Rom.
1102 4965 1162 5014 ιι,
1188 4948 1277 5003 2i.

449 5104 526 5176 (7)
566 5102 658 5176 Sic
685 5105 905 5176 Regius.
940 5104 1084 5159 Editi
1113 5120 1266 5176 vero,
1290 5106 1488 5160 αὐτῶν.

450 5175 527 5241 (8)
565 5174 821 5232 Ottobon.
855 5178 878 5230 1
916 5184 968 5230 et
1009 5177 1044 5230 2
1089 5186 1143 5232 et
1188 5175 1427 5232 Felckm.
1463 5179 1518 5236 3.
1545 5178 1796 5247 γενέσθαι
1830 5176 1956 5232 σύν-

375 5256 511 5319 οοον,
546 5250 644 5301 καὶ
685 5249 816 5312 τοὺς
852 5249 1061 5319 πάντας
1097 5247 1463 5319 μεταπείθειν,
1492 5249 1634 5303 ὥστε
1678 5249 1776 5319 τὴν
1825 5248 1955 5301 ἀσέ-

379 5317 529 5390 ϐειαν
549 5319 669 5390 ἀντὶ
695 5319 792 5390 τῆς
822 5317 1079 5390 ἀληθείας
1100 5317 1383 5390 κρατῆσαι
1398 5389 1401 5390 ν
1417 5318 1692 5390 πανταχοῦ
1711 5317 1877 5388 (Felc.
1897 5320 1953 5380 5,

379 5336 529 5369 οειαν
549 5336 669 5371 αντι
695 5336 792 5390 της
822 5336 1079 5390 αΑηυειας
1112 5336 1383 5442 κρατησαι
1417 5336 1692 5390 πανταχου
1711 5336 1762 5388 με
1777 5336 1877 5373 etc.
1897 5336 1953 5380 ο,

379 5387 617 5461 πάντων)
645 5389 954 5461 νομίζοντες
982 5388 1146 5461 δύνασ
1181 5408 1237 5443 αι
1273 5389 1510 5460 καλύψαι
1531 5391 1630 5461 τὴν
1664 5391 1721 5442 ἐν
1750 5390 1955 5460 Νικαίᾳ

382 5454 616 5531 σύνοδον.
652 5454 873 5531 Πρῶτον
906 5461 1002 5530 μὲν
1034 5456 1148 5527 οὖν,
1175 5462 1364 5517 eadem
1412 5454 1619 5515 scilicet
1662 5454 1951 5525 sententia,
1994 5474 1999 5477 '

382 5527 740 5601 sed_inversi’s
768 5527 1079 5601 pltra'sibus.

408 5663 417 5674 δ
451 5595 539 5674 (θλ
569 5595 805 5674 Felclmi.
835 5599 1251 5674 3,__8tsvooiiuev.
1272 5602 1397 5674 ,Alii
1440 5617 1653 5674 omnes_
1667 5615 1818 5674 _cum_
1834 5600 1951 5674 edi-

381 5666 849 5743 tisgateyoodunv,
886 5666 1322 5743 Utraque'lectio
1352 5673 1603 5743 quadrat.
1636 5670 1757 5728 Mox
1784 5669 1948 5727 Basil.

383 5747 433 5795 τι
465 5738 704 5797 Felrkm.
724 5738 795 5805 ’5,
821 5738 1147 5809 ησχάλομεν.

2065 3122 2314 3194 κληρικοὶ
2342 3121 2566 3185 τούτων,
2599 3118 2865 3173 καίτοιτά
2898 3118 3162 3190 πρεσϐεῖα
3192 3117 3342 3191 παρά
3366 3117 3477 3170 τῶν
3508 3117 3656 3171 λαῶν

2065 3212 2405 3277 ἐκδικοῦντες
2428 3254 2442 3278 ,
2481 3214 2557 3277 ὡς
2598 3210 2909 3265 διδάσκαλοι
2944 3252 2958 3275 ,
3003 3208 3097 3263 νῦν
3144 3209 3377 3281 ἤλεγξαν
3424 3210 3657 3272 ἑαυτοὺς

2063 3306 2345 3371 ἀπίστους,
2378 3303 2668 3377 ζητοῦντες
2694 3306 2832 3376 ὅπερ
2864 3304 2964 3356 οὐκ
3008 3302 3210 3373 ἔχουσι.
3240 3302 3351 3354 Καὶ
3375 3300 3657 3373 ἠγνόησαν

2062 3400 2112 3452 oi
2157 3400 2286 3470 mp‘.
2318 3398 2646 3470 Ούρσάκιον,
2681 3396 2888 3450 τούτων
2945 3398 3107 3449 αἴτιοι
3148 3395 3466 3464 γενόμενοι,
3508 3393 3647 3465 ὅσην

2063 3493 2277 3555 ἑαυτοῖς
2307 3489 2675 3561 ἐθησαύρισαν
2707 3487 2898 3561 ὀργὴν,
2922 3486 3173 3554 λεγοντος
3201 3484 3293 3538 τοῦ
3325 3483 3539 3555 Κυρίου
3567 3483 3655 3537 διὰ

2068 3583 2165 3656 μὲν
2194 3581 2302 3635 τῶν
2329 3582 2534 3650 ἁγίων·
2581 3599 2599 3631 ι
2625 3581 2781 3643 Οὐαὶ,
2836 3580 2903 3633 δι’
2943 3578 3038 3643 οὓς
3084 3578 3146 3631 τὸ
3177 3577 3350 3647 ὄνομά
3386 3593 3490 3647 μου
3528 3575 3658 3647 βλα-

2065 3677 2363 3746 σφημεῖται
2409 3675 2467 3727 ἐν
2509 3676 2620 3737 τοῖς
2655 3671 2832 3727 ἔθνεσι
2858 3688 2872 3702 ·
2908 3691 2923 3724 ι
2975 3671 3061 3724 διὰ
3110 3670 3167 3723 δέ
3210 3669 3403 3722 ἐαυτοῦ
3441 3671 3502 3723 ἐν
3543 3671 3654 3733 τοῖς

2062 3767 2417 3837 Εὐαγγελίοις
2438 3783 2452 3797 σ
2489 3784 2506 3817 ι
2539 3767 2634 3830 Ὃς
2667 3762 2760 3820 οὖν
2795 3764 2890 3818 ἐάν
2930 3762 3259 3835 σκανδαλίσῃ
3287 3763 3382 3815 ἕνα
3412 3761 3530 3815 τῶν
3566 3780 3655 3833 μι-

2063 3860 2213 3931 κρῶν
2239 3859 2468 3920 τούτων,
2498 3858 2768 3929 συμφέρει
2796 3856 2947 3927 αὐτῷ
2976 3857 3063 3910 ἴνα
3098 3856 3264 3928 μύλος
3296 3855 3481 3919 ὀνικὸς
3524 3872 3655 3928 κρε-

2066 3950 2246 4022 μασθῇ
2270 3953 2352 4015 είς
2381 3949 2471 4005 τὸν
2510 3949 2778 4021 τράχηλον
2808 3948 2996 4013 αὐτοῦ,
3030 3949 3124 4001 καὶ
3156 3946 3567 4018 καταποντισθῇ
3596 3949 3653 3999 ἐν

2061 4042 2140 4114 τῷ
2194 4042 2421 4113 πελάγει
2474 4045 2573 4111 τῆς
2623 4041 2939 4113 θαλάσσης·
2974 4041 3006 4113 ἢ
3050 4042 3156 4104 ἵνα,
3185 4061 3203 4093 ι
3249 4040 3325 4103 ὼς
3368 4042 3396 4093 ὁ
3435 4042 3653 4102 Λουκᾶς

2064 4130 2393 4203 προσέθηκε,
2431 4150 2448 4182 ι
2477 4129 2802 4202 σκανδαλίσῃ
2836 4130 2943 4183 τῶν
2980 4129 3195 4202 μικρῶν
3222 4130 3429 4183 τούτων
3449 4130 3576 4184 ἕνα.
3610 4150 3627 4181 ι

2133 4403 2186 4456 3.
2228 4402 2292 4454 Τί
2342 4399 2450 4472 γάρ
2503 4401 2682 4455 ἔλειπε
2736 4399 3082 4463 διδασκαλίας
3123 4402 3203 4462 εἰς
3241 4397 3530 4451 εὐσέϐειαν
3582 4398 3653 4468 τῇ

2060 4493 2320 4566 καθολικῇ
2367 4492 2661 4566 Ἐκκλησία
2695 4492 2833 4562 (15),
2892 4494 2979 4546 ενα
3010 4491 3107 4545 νῦν
3139 4493 3268 4563 περὶ
3293 4490 3536 4554 πίστεως
3556 4487 3655 4561 ζη-

2062 4583 2217 4646 τῶσι,
2247 4585 2339 4638 καὶ
2369 4583 2468 4655 τὴν
2516 4583 2779 4639 ὑπατείαν
2810 4584 2921 4638 τῶν
2950 4583 3233 4656 παρόντων
3265 4581 3477 4654 χρόνων
3512 4598 3653 4654 προ-

2063 4677 2306 4731 τάσσωσι
2327 4677 2438 4731 τῶν
2470 4678 2601 4750 παρ’
2635 4678 2813 4733 αὐτῶν
2847 4676 3213 4748 ἐκτιθεμένων
3261 4674 3531 4747 ῥημάτων
3559 4674 3654 4746 δῆ-

2066 4766 2156 4821 θεν
2184 4769 2313 4840 περὶ
2347 4768 2623 4835 πίστεωςς
2655 4768 2960 4842 υύρσάκιος
2991 4768 3099 4840 γὰρ
3147 4765 3242 4821 καὶ
3283 4765 3527 4837 ούάλης,
3562 4764 3654 4819 καὶ

1355 4949 1402 4981 ’⁸
1440 4947 1633 5003 Matth.
1668 4964 1829 5017 xvm,
1863 4947 1931 5017 6;
1964 4948 2099 5005 Luc.
2127 4965 2269 5015 xvtt,
2304 4950 2361 5005 2.

2132 5106 2243 5177 (t0)
2287 5105 2377 5161 Sic
2406 5105 2610 5177 Regius
2639 5116 2695 5162 et
2718 5104 2974 5161 Ottobon.
3007 5106 3058 5171 1,
3082 5105 3136 5160 2.
3169 5104 3224 5160 In
3252 5104 3373 5159 aliis
3405 5114 3462 5159 et
3486 5104 3653 5163 editis

2063 5176 2212 5231 deest
2224 5176 2231 5177 7
2243 5178 2336 5229 καὶ
2364 5176 2539 5232 κάτω.

2133 5247 2245 5317 (Η)
2286 5245 2541 5301 Ottobon.
2577 5248 2602 5300 1
2639 5257 2693 5301 et
2724 5245 2906 5301 Felck.
2945 5246 2999 5311 3,
3035 5244 3233 5300 πλατύ.
3281 5244 3405 5299 Mox
3458 5243 3648 5301 Felck.

2062 5318 2116 5384 '5,
2146 5319 2195 5370 οἱ
2228 5317 2567 5388 Χριστιανοί,
2601 5319 2764 5388 male.

2133 5388 2245 5457 (t2)
2282 5384 2382 5442 'Stc
2410 5387 2612 5458 Regius
2650 5399 2704 5441 et
2743 5386 3001 5458 Ottobon.
3039 5386 3096 5442 2.
3129 5385 3278 5458 Editi
3313 5396 3366 5440 et
3406 5385 3505 5458 alii
3553 5384 3654 5441 νῦν

2061 5455 2185 5512 ante
2217 5455 2514 5528 πιστεύεινῖ
2542 5458 2709 5513 Paulo
2742 5468 2865 5528 post
2891 5455 3148 5512 Ottobon.
3178 5458 3230 5526 1,
3256 5457 3311 5524 2,
3338 5468 3386 5511 et
3413 5455 3570 5511 Felc.
3594 5458 3649 5520 '5,

2061 5526 2520 5609 «nemeae.
2743 5526 2775 5571 τ
2885 5596 2987 5609 ,η

2135 5595 2246 5669 (15)
2289 5595 2413 5654 Haec
2437 5595 2704 5653 habentur
2757 5597 2901 5720 agtud
2954 5596 3260 5660 Socratem,
3290 5596 3387 5653 lib.
3421 5612 3457 5652 tt
3497 5595 3648 5654 Hist.

2060 5669 2270 5731 eccles.,
2306 5685 2357 5725 c.
2388 5670 2475 5724 57.
2509 5668 2733 5740 Regius,
2797 5668 2953 5740 λιπε.
2989 5668 3124 5740 Ibid.
3162 5665 3407 5724 Socratis
3444 5669 3652 5725 ειεξιὶο-

2063 5756 2160 5795 nes
2195 5749 2427 5806 veteres,
2460 5742 2539 5806 είς
2569 5737 2917 5803 διδασκαλίας
2946 5737 3249 5794 εὐσέϐειαν.
