3914 6222
368 347 470 402 687

970 338 1027 393 S.
1076 330 1449 389 ATHANASII
1489 328 1637 386 OPP.
1675 326 1859 383 PARS
1895 324 1927 379 Ι.
1976 353 2045 369 ——
2083 321 2454 379 HISTORICA
2489 318 2577 377 ET
2618 313 3040 373 DOGMATICA.

3492 310 3596 366 683

367 474 473 530 quo
501 473 530 512 ιι
563 455 813 527 prasenti
855 463 1093 525 tempore
1118 465 1272 507 suam
1309 448 1467 503 fidem
1495 441 1807 500 annuutiari
1837 454 1933 495 vo-

2043 438 2112 486 ret
2129 448 2142 463 ·
2169 431 2278 485 ἀπὸ
2295 431 2352 485 δέ
2368 429 2460 486 τοῦ
2487 428 2581 484 νῦν
2613 428 2889 500 βούλονται
2928 429 3027 499 τὴν
3058 426 3234 481 πίστιν
3262 422 3440 477 αὑτῶν
3469 439 3599 476 κατ-

369 552 504 605 lunt.
538 551 614 603 Ac
643 547 1098 619 quemadmodum
1130 530 1284 613 juxta
1316 539 1516 594 Lucam
1545 532 1932 605 evangelistam

374 662 393 696 ι
427 643 611 699 datum
659 650 742 694 est
773 639 1010 693 edictum
1032 637 1078 669 ⁸³
1110 656 1128 688 ι
1173 636 1239 690 de
1266 630 1665 700 descriptione,
1694 626 1936 693 illudque

367 737 606 793 edictum
652 748 761 788 non
800 731 953 801 prius
988 728 1289 792 exstiterat,
1323 724 1417 780 sed
1466 737 1497 777 a
1547 720 1740 776 diebus
1803 718 1933 781 illis,

370 847 397 885 a
445 830 722 898 Scriptore
769 825 977 898 scilicet
1024 820 1296 883 indicatis,
1348 816 1564 873 initium
1624 811 1813 876 duxit;
1858 808 1937 863 sic

367 932 423 977 et
461 920 550 977 isti
572 897 674 973 his
705 897 1128 979 verbisJNuuc
1158 911 1290 964 fides
1321 908 1464 963 edita
1490 913 1593 971 est,
1618 925 1638 958 ›
1661 903 1836 974 palam
1866 900 1937 955 fe-

370 1021 556 1070 cerunt
607 1011 878 1065 hereseos
908 1018 1023 1062 sua:
1058 1002 1382 1059 sententiam
1410 997 1767 1053 recentiorem
1790 1007 1931 1055 esse,

368 1120 470 1161 nec
511 1112 664 1158 antea
712 1098 1007 1155 exstitisse.
1041 1093 1142 1149 Ubi
1194 1101 1373 1147 autem
1407 1087 1752 1148 addiderunt,
1780 1103 1801 1135 ‹
1838 1098 1926 1138 εει

368 1197 600 1262 tbolicze,
623 1212 642 1247 ι
664 1208 770 1247 non
787 1191 1136 1246 adverterunt
1157 1201 1215 1240 se
1230 1184 1286 1238 in
1300 1179 1729 1249 Gala-Phrygum
1748 1189 1935 1229 amen-

369 1290 498 1345 tiam
527 1284 976 1351 essercollapses,
1008 1277 1146 1333 adeo
1173 1285 1232 1331 ut
1273 1275 1361 1330 isti
1396 1271 1616 1343 perinde
1658 1276 1821 1337 atque
1858 1265 1932 1318 illi

368 1383 585 1439 dicant:
616 1376 782 1432 Nobis
799 1374 973 1444 primo
992 1371 1289 1426 revelatum
1317 1375 1420 1430 est,
1448 1374 1503 1420 et
1529 1378 1560 1417 a
1590 1360 1748 1416 nobis
1772 1359 1935 1413 Chri-

369 1475 671 1532 stianorum
714 1470 849 1525 fides
888 1465 1095 1535 incipit.
1135 1462 1315 1531 Atque
1351 1466 1413 1513 ut
1453 1457 1530 1512 illi
1582 1453 1935 1509 Maximillam

369 1574 424 1624 et
461 1565 812 1626 Montanum,
853 1559 934 1614 sic
965 1566 1019 1611 et
1052 1555 1139 1611 isti
1170 1549 1562 1608 Constantium
1587 1540 1936 1601 viee‘Christi

370 1656 648 1712 dominum
674 1650 1049 1707 conscribunt.
1068 1645 1225 1712 Quod
1250 1643 1305 1698 si
1333 1657 1398 1695 ex
1426 1640 1644 1694 illorum
1666 1635 1934 1692 sententia

367 1763 397 1803 a
428 1744 676 1817 praesenti
709 1740 996 1797 consulatu
1044 1736 1177 1791 lich
1206 1734 1367 1789 habet
1401 1730 1639 1792 initium,
1673 1727 1803 1798 quid
1842 1741 1935 1781 ac—

2035 523 2409 595 αγγέλλεσθαι.
2484 523 2593 578 Καὶ
2641 520 2851 592 ὥσπερ,
2897 519 3038 573 κατά
3077 516 3167 569 τὸν
3209 513 3600 583 εὑαγγελιστὴν

2034 618 2268 683 Λουκᾶν,
2309 633 2328 667 ι
2351 614 2508 686 ἐτέθη
2540 614 2714 685 δόγμα
2737 633 2755 664 ι
2810 612 2938 684 περὶ
2982 609 3082 679 τῆς
3127 605 3470 675 ἀπογραφῆς,
3502 600 3602 657 καὶ

2033 706 2192 762 τοῦτο
2217 707 2279 761 τὸ
2308 708 2485 779 δόγμα
2523 707 2786 778 πρότερον
2836 705 2936 775 μὲν
2968 705 3070 757 οὑκ
3111 698 3201 774 ἦν,
3236 699 3342 753 ἀπὸ
3383 697 3441 751 δὲ
3492 695 3600 749 τῶν

2033 798 2256 871 ἡμερῶν
2287 799 2504 854 ἐκείνων
2530 797 2751 868 ἤρξατο,
2785 796 2840 849 ἐν
2870 789 2958 858 αἷς
2989 794 3082 847 καὶ
3113 790 3269 860 ἐτέθη
3301 785 3411 859 (22)
3447 785 3600 856 παρά

2034 888 2129 943 τοῦ
2151 891 2476 963 γράψαντος·
2500 889 2641 943 οὕτω
2668 890 2764 942 καὶ
2786 880 2931 941 οὗτοι
2958 884 3285 956 γράψαντες,
3309 899 3327 931 ι
3349 875 3599 946 Ἐξετέθη

2035 984 2129 1039 νῦν
2162 986 2195 1055 ὴ
2229 986 2431 1049 πίστις,
2457 1001 2476 1035 ι
2510 981 2838 1047 ἐδειξαν,ὂτι
2870 977 3129 1048 νεώτερόν
3159 976 3274 1027 ἐστι
3305 970 3366 1026 τὸ
3389 972 3486 1042 τῆς
3513 969 3601 1022 αί-

2037 1076 2241 1148 ρέσεως
2263 1076 2440 1130 αὐτῶν
2467 1076 2739 1146 φρόνημα,
2767 1073 2860 1127 καὶ
2898 1072 2998 1125 οὐκ
3031 1065 3098 1140 ἧν
3134 1067 3415 1139 πρότερον.
3453 1063 3513 1115 Et
3542 1060 3599 1113 δέ

2036 1167 2406 1240 προστιθέασι,
2431 1187 2450 1220 ι
2473 1171 2571 1239 τῆς
2584 1165 2894 1236 καθολικῆς,
2918 1182 2938 1215 ι
2960 1162 3143 1215 ἔλαθον
3159 1158 3381 1220 ἑαυτοὺς
3409 1154 3601 1206 πεσόν-

2034 1279 2125 1326 τες
2156 1262 2236 1325 είς
2266 1261 2366 1334 τὴν
2395 1261 2692 1331 παράνοιαν
2723 1258 2831 1328 (25)
2853 1257 2960 1310 τῶν
2990 1255 3098 1308 ἀπὸ
3145 1251 3382 1324 Φρυγίας
3403 1266 3417 1279 ·
3456 1247 3597 1301 ὥστε

2014 1341 2130 1409 ’καὶ
2190 1355 2385 1417 αὐτοὺς
2442 1354 2560 1407 κατ’
2617 1350 2857 1414 ἐκείνους
2906 1350 3079 1402 εἰπεῖν
3101 1364 3115 1377 ’
3159 1345 3319 1416 Ἡμῖν
3381 1340 3599 1413 πρῶτον

2036 1445 2415 1516 ἀπεκαλύφθη,
2455 1446 2550 1498 καὶ
2590 1445 2682 1514 ἀφ’
2713 1442 2870 1514 ἡμῶν
2908 1442 2941 1512 ἡ
2990 1439 3171 1502 πίστις
3215 1436 3440 1506 ἄρχεται
3487 1430 3597 1483 τῶν

2034 1536 2393 1610 Χριστιανῶν.
2428 1535 2538 1590 Καὶ
2563 1535 2750 1607 ὥσπερ
2775 1535 2970 1588 ἐκεῖνοι
2999 1527 3340 1598 Μαξιμίλλαν
3370 1521 3479 1597 (24)
3503 1521 3600 1575 καὶ

2034 1629 2329 1694 Μοντανὺν,
2361 1628 2534 1692 οὑτως
2560 1623 2704 1683 οὗτοι
2737 1627 2859 1681 ἀντὶ
2902 1624 2997 1692 τοῦ
3033 1619 3267 1694 Χριστοῦ
3305 1615 3597 1671 Κωνστάν-

2030 1738 2144 1774 τιον
2171 1721 2436 1791 δεσπότην
2464 1719 2877 1791 ἐπιγράῳοντοιι.
2909 1717 2973 1770 El
3014 1715 3072 1767 δὲ
3110 1712 3228 1767 κατ’
3261 1710 3458 1771 αὐτοὺς
3487 1705 3597 1760 ἀπὸ

367 1798 475 1894 ιυῖι
500 1835 691 1891 Patres
720 1844 848 1889 sunt
878 1841 932 1887 et
968 1830 1112 1886 beati
1162 1822 1469 1897 martyres?
1528 1821 1637 1875 imo
1673 1818 1802 1889 quid
1856 1816 1931 1870 illi

2043 1813 2130 1884 τῆς
2166 1808 2259 1866 νῦν
2297 1811 2558 1876 ὑπατείας
2611 1810 2783 1882 ἀρχὴν
2822 1810 2856 1881 ἡ
2898 1807 3080 1869 πίστις
3130 1804 3276 1876 ἔχει,
3329 1800 3381 1854 τί
3440 1798 3599 1868 ποιή-

370 1930 471 2001 ipsi
500 1929 696 1985 facient
714 1941 846 1997 erga
873 1940 968 1981 eos
990 1924 1106 1994 qui,
1127 1937 1159 1976 a
1180 1936 1238 1977 se
1260 1920 1316 1975 in
1343 1915 1653 1972 Christiana
1675 1912 1934 1982 religione

367 2021 635 2084 instituti,
691 2028 819 2074 ante
876 2017 1022 2071 hunc
1088 2013 1431 2069 consulatum
1487 2001 1936 2062 obdormierunt?

371 2114 657 2182 Quomodo
677 2113 798 2166 illos
828 2108 1165 2172 excitabunt,
1199 2112 1261 2159 ut
1283 2103 1428 2173 quod
1460 2102 1580 2156 illos
1611 2099 1843 2153 docuere
1879 2094 1934 2149 in

368 2206 475 2260 illis
513 2205 743 2268 deleunt,
769 2212 823 2257 et
864 2201 1080 2256 inventa
1107 2214 1204 2255 sua
1238 2211 1361 2267 quae
1384 2196 1496 2265 jam
1532 2192 1796 2262 scripsere
1828 2188 1935 2244 illis

368 2294 648 2352 inserant?
677 2294 751 2348 Ita
787 2306 980 2362 nempe
1026 2289 1262 2360 imperiti
1290 2296 1438 2354 sunt,
1464 2300 1682 2356 unaque
1709 2290 1793 2340 est
1814 2281 1935 2335 illo-

367 2403 489 2444 rum
517 2387 781 2450 scientia,
826 2398 1023 2440 causas
1052 2384 1383 2451 conﬁngere,
1415 2393 1618 2449 easque
1645 2373 1932 2439 absurdae,

369 2478 732 2546 incredibiles,
752 2486 807 2532 et
830 2491 952 2547 quae
985 2475 1133 2530 nullo
1155 2474 1373 2547 negotio
1397 2471 1722 2527 refutentur.

438 2726 490 2783 δ.
517 2725 797 2797 Siquidem
827 2722 1043 2779 Nicaena
1087 2719 1331 2792 synodus
1359 2733 1466 2772 non
1492 2726 1717 2780 temere,
1743 2711 1838 2769 sed
1867 2725 1935 2765 ex

370 2828 596 2892 urgente
620 2817 943 2874 necessitate
965 2824 1019 2869 et
1038 2830 1104 2869 ex
1131 2814 1371 2884 legitima
1395 2823 1581 2874 causa,
1604 2813 1792 2862 coacta
1816 2812 1932 2868 est;

367 2929 495 2968 nam
541 2910 730 2982 Syriae,
763 2908 968 2965 Cilicia:
1010 2917 1064 2961 et
1101 2901 1504 2974 Mes0potamire
1538 2895 1746 2969 populi,
1790 2893 1935 2973 circa

368 3009 491 3066 festi
510 3008 925 3064 celebrationem
944 3004 1336 3068 claudicantes,
1355 3016 1477 3056 cum
1502 2996 1703 3051 Judaais
1728 2992 1937 3049 Pascha

368 3101 733 3159 celebrabant.
754 3098 957 3153 Ariana
988 3110 1203 3166 quoque
1224 3092 1447 3148 haeresis
1470 3091 1732 3149 adversus
1756 3084 1939 3140 catho-

2036 1922 2219 1959 σουσιν
2246 1906 2297 1957 οἱ
2343 1904 2585 1977 Πατέρες
2618 1903 2726 1974 (25)
2754 1904 2846 1956 καὶ
2886 1902 2934 1954 οἱ
2979 1898 3234 1970 μακάριοι
3287 1894 3597 1965 μάρτυρεςὲ

2031 1997 2086 2049 ετξ
2110 1997 2165 2051 δὲ
2198 1996 2291 2050 καὶ
2317 1996 2471 2050 αὑτοὶ
2514 1996 2797 2066 ποιήσουσι
2824 1994 2952 2055 τοὺς
2974 1992 3103 2063 παρ’
3139 1985 3317 2041 αὐτῶν
3349 2000 3595 2054 κατηχη-

2036 2086 2246 2152 θέντας,
2278 2086 2372 2140 καὶ
2412 2085 2517 2158 πρὸ
2543 2086 2642 2155 τῆς
2674 2083 2935 2146 ὑπατείας
2960 2081 3159 2151 ταύτης
3196 2075 3596 2148 κοιμηθένταςς

2024 2177 2157 2241 Πῶς
2182 2178 2376 2241 αὐτοὺς
2404 2177 2706 2248 ἐγείρουσιν
2738 2174 2869 2247 (26),
2912 2175 2997 2227 ἵνα
3038 2172 3074 2226 ἃ
3110 2171 3206 2243 μὲν
3244 2169 3427 2234 ἐδοξαν
3458 2165 3601 2220 δεδι-

2034 2269 2252 2340 δαχέναι
2290 2267 2532 2332 τούτους,
2581 2265 2970 2336 ἀπαλείψωσιν,
3011 2263 3047 2318 ἀ
3079 2263 3136 2315 δέ
3175 2260 3269 2315 νῦν
3317 2260 3392 2322 ὡς
3434 2256 3603 2325 ἐψευ-

2038 2362 2219 2433 ρόντες
2247 2358 2512 2431 ἔγραψαν,
2556 2359 2946 2429 ἐπισπείρωσιν
2979 2356 3199 2418 αὑτοῖς;
3235 2351 3419 2415 Οὕτως
3462 2349 3601 2402 είσὶν

2033 2451 2266 2522 ἀμαθεῖς
2291 2490 2307 2516 ,
2369 2450 2529 2521 μόνον
2586 2449 2787 2513 εἰδότες
2838 2448 3088 2504 πλάττειν
3133 2443 3452 2518 προφάσεις,
3506 2439 3600 2495 καὶ

2032 2543 2236 2607 ταύτας
2260 2543 2527 2614 ἀπρεπεῖς
2558 2541 2653 2595 καὶ
2680 2540 2993 2607 ἀπιθάνους,
3029 2538 3254 2611 ἐχούσας
3298 2537 3463 2605 ἐγγὺς
3507 2534 3602 2589 τὸν

2034 2632 2271 2703 ἔλεγχον.

2105 2724 2158 2779 5.
2209 2724 2275 2777 Ἦ
2298 2724 2396 2795 μὲν
2425 2722 2532 2795 γάρ
2554 2724 2612 2776 ἐν
2641 2720 2844 2793 Notata
2877 2719 3110 2783 σύνοδος,
3155 2719 3253 2788 οὐχ
3288 2715 3473 2780 ἁπλῶς
3503 2715 3601 2784 γέ-

2035 2831 2210 2885 γονεν,
2243 2814 2358 2870 ἀλλ’
2383 2809 2499 2886 εἶχε
2529 2813 2629 2887 τὴν
2655 2813 2842 2887 χρείαν
2872 2810 3304 2878 κατεπείγουσαν
3344 2807 3476 2879 (27),
3505 2805 3604 2860 καὶ

2034 2908 2133 2980 τὴν
2157 2908 2336 2963 αἰτίαν
2364 2906 2603 2977 εὔλογον.
2639 2908 2702 2961 Οἱ
2730 2907 2829 2979 μὲν
2858 2905 2964 2977 γὰρ
2993 2904 3101 2958 ἀπὸ
3125 2904 3223 2973 τῆς
3248 2903 3468 2975 Συρίας,
3505 2900 3604 2954 καὶ

2037 2996 2314 3064 Κιλικίας,
2345 2997 2440 3050 καὶ
2466 2995 2886 3066 Μεσοποταμίας
2909 2993 3170 3064 ἐχώλευον
3196 2992 3324 3063 περὶ
3352 2992 3452 3061 τὴν
3476 2990 3603 3060 ἐορ-

2036 3086 2156 3158 τὴν,
2192 3087 2284 3141 καὶ
2320 3086 2458 3158 μετά
2477 3085 2584 3140 τῶν
2626 3086 2889 3140 Ἰουδαίων
2912 3085 3128 3139 ἐποίουν
3154 3084 3213 3137 τὸ
3234 3083 3425 3154 Πάσχα
3451 3080 3541 3153 (28
3549 3088 3564 3145 )
3583 3095 3600 3111 ⁸

367 3193 530 3247 licam
556 3190 852 3247 Ecclesiam
884 3160 1274 3249 insurrexerat,
1308 3191 1670 3254 patronosque
1703 3176 1935 3232 habebat

2043 3177 2070 3248 ἦ
2119 3194 2179 3231 τε
2243 3177 2492 3249 Ἀρειανὴ
2540 3178 2750 3249 αἵρεσις
2795 3177 3142 3231 ἐπαναστᾶσα
3196 3171 3264 3246 ἦν
3313 3173 3455 3227 κατά
3500 3174 3602 3244 τῆς

369 3284 465 3355 qui
496 3283 580 3339 sui
596 3280 1014 3338 sollicitudinem
1036 3288 1305 3349 gererent,
1327 3284 1381 3330 et
1410 3275 1514 3345 piis
1547 3270 1938 3327 insidiarentur

370 3371 709 3435 hominibus,
741 3369 1099 3424 Eusebianos.
1127 3366 1259 3432 Qua:
1277 3380 1444 3421 causa
1464 3362 1567 3417 fuit
1591 3359 1939 3418 mcumenicaz

372 3462 763 3534 congreganda:
785 3460 1010 3532 synodi,
1041 3468 1100 3514 ut
1128 3459 1329 3527 ubique
1353 3470 1462 3512 una
1492 3453 1613 3508 festi
1647 3449 1939 3523 575dies

372 3554 758 3619 celebraretur,
784 3561 838 3606 et
862 3550 1102 3616 haeresis,
1126 3564 1247 3619 qua:
1264 3546 1572 3618 pullularat,
1597 3544 1939 3598 anathemate

373 3646 722 3701 damnaretur
752 3663 765 3698 :
801 3644 947 3715 quod
973 3651 1028 3697 et
1053 3640 1255 3697 factum
1275 3648 1375 3695 est.
1402 3637 1523 3711 Syri
1549 3638 1694 3693 enim
1725 3635 1936 3690 obtem-

375 3745 633 3809 perarunt
663 3755 676 3791 :
711 3736 911 3791 Ariana
942 3750 1070 3790 vero
1104 3732 1324 3789 haeresis
1355 3729 1675 3786 Antichristi
1712 3727 1940 3797 prodro-

375 3846 499 3886 mus
531 3830 803 3885 declarata
829 3836 930 3890 est,
967 3841 1138 3896 eaque
1165 3824 1420 3890 refutata,
1449 3830 1652 3877 rectam
1677 3819 1801 3874 ﬁdei
1839 3833 1939 3871 ex-

376 3920 699 3991 positionem
754 3918 1059 3974 ediderunt.
1088 3916 1342 3971 Attamen
1383 3927 1508 3968 cum
1569 3918 1648 3965 tot
1696 3907 1940 3977 tantique

377 4020 559 4067 essent
576 4010 669 4080 qui
696 4010 1012 4074 scriberent,
1029 4009 1301 4078 ejusmodi
1330 4005 1465 4060 nihil
1486 4004 1606 4059 ausi
1630 4009 1777 4066 sunt,
1804 4014 1942 4070 qua-

379 4102 428 4157 le
463 4111 569 4156 tres
609 4109 705 4155 aut
735 4109 967 4170 quatuor
1007 4099 1094 4154 isti
1130 4099 1399 4154 homines.
1421 4094 1541 4150 Non
1570 4095 1715 4149 enim
1745 4106 1943 4147 consu—

380 4195 547 4247 latum
592 4192 677 4247 vel
732 4207 970 4247 mensem
1016 4191 1095 4246 vel
1141 4192 1281 4245 diem
1326 4202 1664 4261 praeposuere
1691 4227 1709 4253 ,
1743 4185 1835 4242 sed
1875 4188 1943 4238 de

379 4282 645 4338 Paschate
673 4282 892 4353 quidem
924 4284 996 4336 ita
1024 4282 1291 4350 scripsere
1318 4299 1330 4335 :
1359 4299 1377 4332 ι
1408 4279 1631 4335 Decreta
1661 4287 1790 4341 sunt
1821 4290 1942 4346 qua:

383 4385 705 4445 sequuntur,
738 4393 758 4427 ι
792 4383 923 4428 tunc
942 4374 1087 4427 enim
1109 4371 1388 4427 decretum
1418 4378 1502 4425 est
1523 4378 1582 4424 ut
1612 4384 1803 4424 omnes
1829 4380 1945 4421 mo-

2038 3267 2331 3340 καθολικῆς
2376 3269 2718 3340 Ἐκκλησίας,
2764 3270 2857 3324 καὶ
2896 3268 3207 3342 προστάτας
3241 3263 3383 3338 εἶχεν
3418 3266 3501 3330 εἷς
3540 3282 3603 3319 τε

2037 3361 2136 3432 τὴν
2169 3362 2310 3435 ὑπὲρ
2339 3363 2537 3433 ἐαυτῆς
2566 3362 2675 3431 (29)
2711 3361 2944 3432 σπουδὴν
2972 3361 3067 3415 καλ⁵
3092 3363 3171 3424 εἰς
3201 3359 3297 3429 τὴν
3329 3358 3472 3413 κατά
3494 3356 3605 3411 τῶν

2039 3453 2410 3508 εὐσεϐούντων
2461 3454 2749 3526 ἐπιϐουλὴν
2802 3453 2928 3517 τοὺς
2993 3452 3121 3521 περὶ
3165 3450 3458 3505 Εὑσέόιον·
3510 3449 3606 3503 καὶ

2038 3542 2175 3617 αὕτη
2194 3545 2339 3599 αἰτία
2358 3543 2578 3614 γέγονεν
2603 3542 2980 3614 οίκουμενικὴν
3013 3541 3340 3611 συναχθῆναι
3364 3539 3604 3602 σύνοδον,

2041 3637 2129 3691 ἴνα
2158 3637 2433 3708 πανταχοῦ
2463 3636 2560 3707 μία
2591 3639 2689 3707 τῆς
2719 3637 2908 3707 ἑορτῆς
2935 3635 3120 3706 ἡμέρα
3144 3632 3602 3703 ἐπιτελῆταιβο),

2040 3729 2135 3781 καὶ
2183 3728 2216 3798 ἠ
2260 3730 2609 3800 παραφυεῖσα
2656 3727 2865 3799 αἵρεσις
2926 3725 3326 3796 ἀναθεματισθῇ
3357 3741 3371 3755 ·
3411 3724 3606 3793 γέγονα

2040 3818 2170 3888 γοῦν
2189 3836 2204 3850 ·
2234 3819 2329 3871 καὶ
2358 3819 2408 3871 ot
2444 3818 2541 3889 μὲν
2583 3818 2689 3871 ἀπὸ
2719 3818 2815 3886 τῆς
2847 3818 3046 3889 Συρίας
3089 3816 3418 3886 ἐπείσθησαν
3439 3832 3454 3847 ·
3503 3816 3607 3887 τὴν

2040 3911 2098 3964 δέ
2143 3911 2423 3983 Ἀρειανὴν
2444 3911 2653 3982 αἵρεσιν
2677 3912 3020 3981 ἀπεφήναντο
3046 3910 3348 3981 πρόδρομον
3374 3908 3604 3979 τοὺ-(31)

2054 4004 2292 4076 Ἀντιχρί
2302 4021 2447 4067 στου,
2473 4005 2567 4057 καὶ
2593 4005 2715 4057 κατ’
2752 4004 2920 4074 αὑτῆς
2940 4003 3249 4076 γράψαντες
3276 4000 3607 4056 ἐκδεδὼκασι

2043 4095 2243 4159 καλῶς.
2287 4096 2398 4149 Καὶ
2447 4095 2594 4165 ὅμως
2640 4095 2951 4165 γράψαντες
2989 4096 3081 4149 καὶ
3125 4094 3368 4147 τοσοῦτοι
3413 4093 3602 4156 ὄντες,

2041 4183 2193 4238 οὐδὲν
2221 4183 2458 4237 τοιοῦτον
2495 4182 2905 4254 τετολμήκασιν,
2933 4178 3043 4237 οἷον
3081 4185 3129 4236 ol
3157 4185 3302 4255 τρεῖς
3334 4183 3368 4252 ἢ
3414 4182 3608 4236 τέσσα-

2046 4293 2139 4349 ρες
2158 4268 2324 4329 οὗτοι.
2357 4276 2431 4329 Οὑ
2484 4274 2593 4347 γὰρ
2622 4274 2928 4348 προέταξαν
2974 4275 3235 4328 ὑπατείαν
3258 4313 3273 4337 ,
3307 4274 3403 4328 καὶ
3436 4272 3607 4344 μῆνα,

2044 4368 2136 4421 καὶ
2167 4365 2378 4439 ἡμέραν
2397 4381 2411 4396 ⁸
2447 4366 2583 4422 ἀλλά
2646 4369 2775 4439 περὶ
2832 4367 2930 4439 μέν
2961 4366 3053 4420 τοῦ
3081 4366 3269 4436 Πάσχα
3294 4383 3308 4396 -
3372 4384 3392 4416 α
3422 4365 3608 4431 Ἔδοξε

385 4481 496 4521 rem
523 4473 805 4538 gererent;
823 4464 890 4551 de
914 4464 1017 4519 [ide
1044 4476 1173 4518 vero
1218 4476 1560 4534 nequaquam
1595 4461 1812 4525 dixere,
1840 4457 1938 4514 De-

2046 4455 2115 4509 τά
2153 4455 2601 4552 ὑποτεταγμένα·
2628 4474 2647 4508 ι
2700 4457 2820 4509 τότε
2868 4455 2977 4527 γὰρ
3021 4452 3165 4518 ἔδοξε
3218 4454 3424 4516 πάντας
3484 4452 3607 4506 πει-

381 4566 591 4612 cretum
623 4565 727 4625 est,
772 4557 866 4612 sed
884 4543 909 4611 ἐ
952 4575 971 4608 ι
1008 4553 1098 4610 Sic
1120 4555 1291 4610 credit
1317 4554 1584 4609 catholica
1615 4551 1881 4613 Ecclesia,
1907 4569 1927 4602 ι

382 4650 674 4721 statimque
701 4647 938 4705 confessi
982 4656 1110 4703 sunt
1137 4647 1399 4718 quidnam
1431 4645 1737 4707 crederent,
1768 4651 1828 4696 ut
1854 4642 1947 4697 de-

380 4741 652 4798 clararent
672 4754 778 4792 non
797 4737 1150 4793 recentiorem
1171 4740 1262 4793 sed
1277 4733 1628 4805 apostolicam
1647 4747 1767 4788 esse
1788 4744 1944 4787 suam

384 4832 728 4890 sententiam.
756 4829 996 4899 Quaeque
1047 4828 1122 4882 illi
1169 4826 1370 4896 scripto
1402 4825 1672 4879 tradidere
1720 4837 1829 4878 non
1878 4821 1948 4876 ab

384 4922 492 4978 illis
527 4921 766 4984 inventa,
801 4919 895 4974 sed
929 4934 991 4974 ea
1021 4919 1137 4988 ipsa
1176 4925 1445 4987 suntquae
1468 4913 1775 4970 docuerunt
1810 4928 1945 4983 apo-

387 5013 531 5071 stoli.

453 5108 503 5141 ’³
532 5104 667 5160 Luc.
692 5120 755 5171 ll,
788 5105 835 5159 Ι.

455 5196 568 5270 (22)
609 5195 847 5270 Socrat.,
878 5196 1080 5270 ἤρξατο
1100 5192 1261 5270 εἶναι,
1297 5195 1391 5249 καὶ
1418 5194 1595 5264 ἐτέθη.

457 5266 572 5339 (25)
611 5267 850 5339 Socrat.,
876 5266 1235 5339 παρανομίαν.

611 5336 847 5408 Socrat.,
876 5334 1254 5408 Μάξίμιλλανξ

458 5402 572 5490 (25)
613 5406 703 5462 Sic
746 5402 938 5490 omnes
982 5402 1113 5490 mss.
1143 5413 1199 5461 et
1218 5404 1454 5490 _Socrat.
1485 5402 1629 5490 Editi
1658 5417 1786 5490 vero
1817 5419 1950 5485 πρε-

390 5473 660 5558 σβύτεροι,
692 5491 819 5531 cum
855 5476 1096 5558 viderent
1147 5475 1291 5558 enim
1341 5473 1766 5558 editores,_rrpsq
1814 5473 1950 5527 scri-

389 5553 539 5617 ptum
558 5542 614 5598 in
640 5561 796 5609 mss.,
822 5542 1181 5617 πρεσϐύτεροι
1220 5545 1514 5617 legendum;
1538 5542 1946 5609 existimarunt,

390 5614 547 5686 quod
567 5616 769 5686 erroris
794 5614 980 5686 genus
995 5614 1137 5683 nepa
1161 5614 1666 5686 animadvertimus.

461 5682 574 5765 (2.6)
615 5681 846 5765 Regius,
867 5681 1170 5765 ἐγείρωσιν.
1197 5684 1520 5765 Ρσυξοροξι
1546 5682 1679 5765 lteg.
1702 5683 1888 5765 AOttob.
1916 5683 1950 5739 2

389 5759 446 5807 et
471 5751 807 5820 Socrat.,'tb;
830 5751 1170 5822 ἐφευρόντες.
1197 5751 1253 5808 in
1279 5751 1436 5809 editis
1467 5753 1541 5816 ὡς
1566 5751 1739 5812 decst.

2052 4545 2276 4600 θεσθαι·
2334 4547 2461 4618 περὶ
2505 4546 2562 4600 δὲ.
2607 4547 2706 4617 τῆς
2747 4548 2981 4610 πίστεως
3031 4545 3271 4617 ἔγραψαν
3315 4547 3415 4598 οὐκ
3456 4544 3612 4598 Ἔδο-

2051 4638 2175 4703 ξεν,
2217 4635 2364 4702 ἀλλ’,
2413 4657 2432 4689 ι
2491 4638 2676 4702 Οὕτως
2727 4638 2967 4692 πιστεύει
3008 4640 3041 4708 ἡ
3080 4638 3338 4709 καθολικὴ
3384 4638 3615 4708 Ἐκκλη-

2052 4729 2141 4781 σία
2166 4744 2180 4758 ο
2216 4746 2234 4779 ι
2266 4728 2358 4782 καὶ
2395 4728 2555 4793 εὐθὺς
2575 4729 2951 4801 ὡμολόγησαν,
2977 4729 3091 4793 πῶς
3117 4729 3458 4784 πιστεύουσιν
3477 4769 3491 4793 ,
3520 4731 3611 4784 ἵνα

2048 4817 2312 4882 δείξωσιν,
2355 4818 2437 4871 ὅτι
2467 4820 2539 4891 μὴ
2560 4817 2855 4891 νεώτερον,
2897 4818 3010 4873 ἀλλ’
3071 4819 3423 4873 ἀποστολικόν
3462 4822 3615 4872 ἐστιν

2050 4906 2229 4961 αὑτῶν
2259 4907 2321 4961 τὸ
2351 4908 2602 4980 φρόνημα
2625 4949 2642 4975 ,
2680 4909 2774 4961 καὶ
2821 4908 2858 4963 ἃ
2892 4908 3153 4979 ἔγραψαν,
3200 4909 3300 4962 οὐκ
3344 4908 3402 4974 ἐξ
3431 4907 3614 4962 αὐτῶν

2051 4997 2268 5070 εὑρέθη,
2291 4998 2424 5052 ἀλλά
2438 4999 2585 5053 ταῦτ’
2606 5000 2773 5067 ἐστὶν,
2801 4999 2944 5071 ἅπερ
2970 4998 3214 5064 ἐδίδαξαν
3240 5001 3287 5052 οἱ
3302 4998 3607 5053 ἀπόστολοι.

2124 5200 2237 5341 (27;
2279 5200 2512 5282 Fclckm.
2535 5203 2589 5267 5,
2608 5202 3026 5273 κατεπάγουσαν

2125 5269 2214 5339 (28
2279 5270 2370 5325 Sic
2408 5272 2538 5338 Reg.
2568 5272 2829 5328 Ottobon.
2864 5276 2918 5337 2,
2947 5272 3026 5325 Ba:

2125 5269 2237 5351 (ἳβ)
2277 5270 2370 5351 _Sic
2408 5272 2538 5351 Elea.
2568 5269 2920 5351 Gil-obon.'},_
2944 5272 3109 5351 Sasjl.
3141 5282 3194 5351 e_t
3222 5271 3533 5351 Felckmap.
3556 5269 3613 5325 5.

2052 5336 2228 5412 Editi,
2272 5336 2553 5395 ἐποιοῦντο
2594 5344 2803 5412 Πάσχα.
2851 5336 2982 5397 Ibid.
3030 5341 3284 5398 Ottobon.
3317 5345 3342 5396 1
3386 5352 3439 5397 et
3464 5342 3520 5406 2,
3560 5352 3618 5394 et

2051 5407 2295 5483 Felgbm.
2318 5412 2429 5483 5,5;
2461 5428 2522 5483 τε
2566 5407 2774 5483 Ἀρείου
2811 5412 3042 5483 αἵρεσις.

2051 5536 2055 5541 ,
2122 5479 2235 5552 (29)
2276 5480 2356 5552 [ιο
2386 5479 2603 5552 Regius.
2630 5479 2778 5552 'Editi
2810 5479 3004 5552 et'alii.
3035 5480 3175 5552 ὑπέρ
3200 5479 3414 5535 ἐαυτοῦ.

2067 5586 2085 5602 .
2125 5546 2234 5619 (3.9)
2267 5546 2496 5619 Regius:
2533 5550 2876 5604 ἐπιτελεῖται.
2927 5550 3052 5606 Mox
3104 5546 3362 5606 Ottobon.
3404 5552 3425 5605 l
3471 5557 3525 5605 et
3554 5548 3617 5614 2,

2051 5624 2107 5671 et
2133 5617 2374 5689 Felclgm.
2408 5621 2462 5684 ὅ,
2489 5620 2805 5689 παραφῦσα.

2082 5684 2234 5770 ν(51)
2271 5687 2524 5770 Qltobpn.
2558 5684 2670 5770 {net
2693 5692 2749 5770 :2,
2783 5688 3273 5770 et_Felckman._3,
3315 5689 3621 5770 πρόδρομον

2055 5756 2189 5809 εἶναι
2214 5756 2352 5812 τοῦ.
2400 5761 2516 5814 Mox
2570 5756 2803 5815 Felckm.
2840 5760 2892 5816 5.
2945 5761 3064 5813 κατ’
3099 5759 3269 5829 αὐτῆς
3310 5756 3624 5831 γράψαντες
