3914 6222
252 398 352 452 693

1707 399 1771 452 \E
1810 397 2116 455 SYNODIS.

3393 355 3496 450 σοι

253 535 368 573 νετο
403 519 512 589 (46)
541 537 552 548 ·
589 521 980 590 γεγεννημένον
1019 519 1076 573 δὲ
1112 521 1406 590 μονογενῆ,
1435 523 1591 592 μόνον
1627 523 1688 574 ὲκ
1726 522 1822 592 μό-
1857 572 1860 582 ,

1969 531 2086 576 ant:
2107 531 2294 575 natum
2327 521 2687 590 unigenitum,
2711 521 2885 574 solum
2905 533 2968 572 ex
2995 519 3110 574 solo
3129 516 3304 584 Patre,
3325 516 3494 572 Deum

253 629 340 664 νου
365 611 460 664 τοῦ
489 611 720 682 Πατρὸς,
753 611 884 664 Θεὸν
909 613 972 664 ὲκ
1009 611 1166 674 Θεοῦ,
1197 613 1378 682 ὅμοιον
1407 611 1484 682 τῷ
1506 613 1826 682 γεννήσαντι

254 703 410 756 αὐτὸν
443 703 636 773 Πατρὶ,
677 701 818 756 κατά
843 703 942 765 τὰς
969 703 1190 774 Γραφάς
1209 721 1223 733 ·
1257 697 1320 756 οὗ
1345 703 1440 774 τὴν
1471 705 1682 772 γένεσιν
1711 703 1828 756 οὐδ-

256 797 332 856 εὶς
363 795 650 847 ἐπίσταται
672 835 686 858 ,
718 797 766 847 εἰ
807 794 879 865 μὴ
917 795 1074 864 μόνος
1093 797 1121 848 ὁ
1150 797 1416 864 γεννήσας
1435 796 1594 848 αὐτὸν
1618 797 1824 866 Πατήρ.

257 885 454 937 Τοῦτον
515 885 670 954 ἴσμεν
721 883 814 937 τοῦ
865 885 1000 938 Θεοῦ
1059 887 1318 956 μονογενῆ
1371 885 1498 938 Υἱὸν
1527 925 1540 948 ,
1603 886 1830 956 νεύματι

259 977 510 1049 πατρικῷ
549 977 985 1048 παραγενόμενον
1017 981 1079 1032 ὲκ
1119 979 1226 1030 τῶν
1247 979 1488 1050 οὐρανῶν
1524 981 1600 1042 εἰς
1639 977 1830 1048 ἀθέτη-

261 1085 342 1122 σιν
365 1069 659 1140 ἁμαρτίας,
717 1069 810 1122 καὶ
855 1069 1178 1138 γεννηθέντα
1213 1070 1272 1121 ὲκ
1305 1069 1522 1140 Μαρίας
1553 1067 1652 1136 τῆς
1687 1069 1832 1136 Παρ-

262 1158 410 1214 θένου
436 1199 450 1224 ,
487 1160 582 1212 καὶ
615 1161 1030 1231 ἀναστραφέντα
1065 1159 1202 1230 μετά
1253 1159 1362 1212 τῶν
1413 1158 1666 1228 μαθητῶν
1693 1199 1706 1220 ,
1741 1158 1834 1210 καὶ

263 1252 440 1303 πᾶσαν
473 1253 569 1322 τὴν
601 1252 910 1320 οἰκονομίαν
945 1251 1310 1323 πληρώσαντα
1343 1249 1483 1304 κατά
1509 1249 1604 1321 τὴν
1641 1267 1836 1320 πατρι-

261 1341 362 1412 κὴν
391 1341 664 1411 βούλησιν,
703 1343 1082 1412 σταυρωθέντα
1115 1343 1208 1396 καὶ
1242 1341 1600 1406 ἀποθανόντα,
1631 1343 1724 1394 καὶ
1757 1343 1838 1404 είς

260 1431 330 1484 τὰ
357 1434 684 1504 καταχθόνια
710 1434 1032 1488 κατελθόντα
1057 1433 1191 1506 (47),
1223 1436 1314 1488 καὶ
1339 1435 1408 1488 τὰ
1432 1436 1609 1486 ἐκεῖσε
1633 1435 1837 1486 οἰκονο-

268 1523 538 1592 μήσαντα,
574 1525 632 1576 ὃν
657 1524 897 1596 ἰτυλωρο)¹
923 1524 1047 1596 ᾅδου
1078 1526 1274 1589 ἰδόντες
1305 1523 1550 1595 ἔφριξαν,
1585 1526 1679 1577 καὶ
1711 1525 1842 1576 ἀνα-

267 1617 466 1668 στάντα
500 1619 564 1669 ἐκ
597 1618 804 1689 νεκρῶν
835 1621 899 1689 τῇ
929 1619 1084 1692 τρίτῃ
1111 1619 1314 1688 ἡμέρᾳ,
1351 1619 1444 1671 καὶ
1472 1615 1845 1686 ἀναστραφένο

265 1723 333 1759 τα
379 1710 518 1779 μετά
559 1709 670 1762 τῶν
707 1709 960 1781 μαθητῶν
985 1751 1000 1772 ,
1053 1712 1147 1762 καὶ
1181 1711 1362 1762 πᾶσαν
1401 1709 1498 1780 τὴν
1536 1707 1844 1778 οἰκονομίαν

265 1798 654 1870 πληρώσαντα,
681 1804 776 1855 καὶ
801 1803 1204 1874 τεσσαράκοντα
1228 1802 1336 1872 (48)
1365 1801 1586 1872 ἡμερῶν
1610 1799 1714 1870 πλη
1723 1817 1844 1872 ρου-

1929 616 1996 670 de
2019 615 2146 676 Deo,
2181 613 2410 668 similem
2437 612 2578 666 Patri
2617 627 2718 666 suo
2745 611 2838 680 qui
2865 611 3038 680 ipsum
3073 611 3276 680 genuit,
3301 625 3498 664 secun-

1929 709 2059 760 dum
2097 705 2410 774 Scripturas
2441 724 2454 758 :
2492 705 2650 774 cujus
2683 703 3089 772 generationem
3135 717 3294 756 nemo
3323 702 3494 759 novit.

1929 798 2033 850 nisi
2067 798 2216 850 solus
2265 795 2356 864 qui
2393 795 2569 863 ipsum
2621 795 2825 863 genuit,
2863 793 3042 847 Pater.
3097 791 3254 846 Hunc
3295 793 3499 846 scimus

1934 887 2026 940 Dei
2051 889 2386 958 unigenitum
2413 885 2632 952 Filium,
2657 897 2790 940 nutu
2819 895 3042 956 paterno
3069 886 3134 940 de
3157 885 3310 940 caelis
3341 885 3502 938 adve-

1934 983 2099 1044 nisse,
2125 983 2190 1034 ad
2226 980 2614 1034 destruendum
2646 988 2928 1050 peccatum
2955 997 2968 1032 :
3004 987 3060 1031 et
3083 988 3266 1032 natum
3293 991 3362 1030 ex
3389 973 3502 1026 Ma-

1935 1077 2014 1130 ria
2037 1075 2277 1146 Virgine,
2319 1086 2592 1130 versatum
2638 1091 2762 1128 cum
2813 1074 3116 1144 discipulis.
3157 1071 3250 1142 qui
3285 1085 3502 1124 omnem

1936 1169 2400 1238 dispensationem
2461 1167 2704 1235 implevit
2755 1167 3054 1220 secundum
3094 1174 3374 1233 paternam
3411 1176 3508 1214 vo-

1939 1263 2226 1324 luntatem,
2263 1259 2584 1314 cruciﬁxum
2624 1267 2680 1312 et
2717 1267 2992 1312 mortuum
3019 1274 3032 1310 :
3063 1255 3154 1326 qui
3197 1255 3264 1309 ad
3305 1252 3510 1308 inferos

1939 1351 2237 1412 descendit,
2260 1359 2450 1419 etquae
2476 1350 2584 1404 illic
2609 1349 2814 1420 agenda
2846 1349 3116 1402 ordinavit
3142 1365 3154 1400 :
3181 1361 3346 1416 quem
3378 1359 3510 1400 con-

1943 1444 2136 1509 Spicati
2168 1442 2467 1498 inferorum
2513 1441 2722 1495 ostiarii
2764 1441 3160 1494 exhorruerunt
3190 1456 3202 1491 :
3227 1438 3320 1506 qui
3353 1437 3516 1492 tertia

1942 1536 2030 1590 die
2057 1534 2352 1588 resurrexit
2368 1549 2396 1586 a
2417 1533 2664 1598 mortuis;
2685 1533 2776 1601 qui
2801 1548 2922 1586 cum
2945 1531 3226 1599 discipulis
3244 1537 3509 1590 versatus,

1945 1625 2034 1680 ubi
2063 1639 2274 1678 onmem
2292 1622 2450 1694 5'17
2465 1622 2924 1691 dispensationem
2955 1621 3252 1690 implesset,
3279 1619 3516 1688 peractis

1945 1712 2300 1782 quadraginta
2313 1712 2522 1776 diebus,
2541 1722 2854 1780 assumptus
2875 1711 3023 1764 estin
3044 1710 3233 1774 cwlos,
3260 1709 3516 1778 sedetque

1949 1803 2014 1856 ad
2066 1801 2362 1856 dexteram
2399 1801 2574 1854 Patris
2608 1819 2620 1854 :
2649 1804 2740 1870 qui
2785 1811 3047 1856 venturus
3090 1809 3172 1856 est
3212 1799 3402 1854 ultima
3431 1801 3518 1852 dic

269 1892 446 1962 μένων
477 1893 852 1963 ἀναληφθέντα
884 1895 962 1955 είς
991 1895 1114 1957 τοὺς
1147 1893 1409 1964 οὐρανοὺς
1429 1933 1442 1954 ,
1485 1892 1578 1945 καὶ
1619 1890 1845 1952 καθεζό-

1969 1893 2366 1947 ·εειιιϊεοιὶοιιὶε
2391 1909 2511 1946 cum
2551 1893 2722 1963 gloria
2771 1902 3018 1961 paterna,
3053 1892 3363 1946 redditurus
3400 1891 3515 1944 sin-

271 1999 429 2052 μενον
456 1987 520 2036 ὲκ
553 1983 738 2046 δεξιῶν
769 1984 860 2036 τοῦ
894 1983 1108 2054 Πατρὸς
1127 2025 1140 2047 ,
1175 1985 1268 2036 καὶ
1299 1983 1648 2052 ἐλευσόμενον
1695 1985 1750 2034 ἐν
1781 1983 1846 2051 τῇ

269 2076 476 2147 ἐσχάτῃ
505 2076 690 2146 ἡμέρα
717 2077 814 2145 τῆς
843 2076 1192 2138 ἀναστάσεως
1236 2079 1300 2146 τῇ
1331 2075 1456 2146 δόξη
1484 2078 1548 2145 τῇ
1587 2077 1848 2145 πατρικῇ,

270 2169 590 2220 ἀποδιδόντα
623 2169 834 2238 ἑκάστῳ
867 2168 1006 2222 κατὰ
1045 2168 1112 2220 τὰ
1147 2168 1283 2238 ἔργα
1317 2169 1478 2220 αὐτοῦ
1501 2187 1514 2198 ·
1565 2169 1657 2220 καὶ
1687 2169 1764 2230 εἰς
1793 2167 1852 2220 τὸ

271 2260 426 2328 ἅγιον
461 2261 714 2330 Πνεῦμα,
747 2261 774 2314 ὃ
801 2261 958 2324 αὐτὸς
991 2265 1018 2314 ὁ
1045 2261 1336 2332 μονογενὴς
1362 2261 1453 2313 τοῦ
1481 2259 1616 2312 Θεοῦ
1650 2259 1854 2331 Ἰησοῦς

270 2352 506 2423 Χριστὸς
555 2353 918 2422 ἐπηγγείλατο
951 2353 1060 2420 (49)
1089 2353 1302 2424 πέμψαι
1335 2351 1411 2422 τῷ
1444 2353 1588 2420 γένει
1623 2351 1731 2404 τῶν
1763 2351 1856 2404 ἀν-

269 2443 510 2515 θρώπων
531 2485 544 2509 ,
599 2447 689 2496 τον
745 2446 1102 2516 Παράκλητον
1122 2487 1136 2508 ,
1177 2445 1314 2499 κατὰ
1345 2445 1405 2498 τὸ
1437 2444 1819 2514 γεγραμμένον
1839 2459 1853 2473 ·

276 2549 296 2580 ι
329 2531 671 2602 Ἀπέρχομαι
699 2533 834 2603 πρὸς
853 2533 942 2586 τὸν
967 2535 1186 2606 Πατέρα
1215 2551 1336 2604 μου,
1367 2535 1459 2587 καὶ
1491 2533 1858 2606 παρακαλέσω

271 2621 364 2674 τὴν
397 2622 636 2693 Πατέρα.
667 2624 760 2676 καὶ
791 2623 948 2676 ἄλλον
982 2625 1335 2695 Παράκλητον
1359 2625 1564 2695 πέμψει
1595 2625 1741 2694 ὑμῖν.
1788 2624 1861 2676 Τὸ

273 2712 497 2782 πνεῦμα
527 2713 626 2783 τῆς
669 2713 926 2784 ἀληθείας
961 2718 1165 2779 ἐκεῖνος
1207 2719 1270 2770 ἐκ
1303 2716 1398 2769 τοῦ
1433 2716 1566 2787 ἐμοῦ
1609 2715 1858 2786 λήψεται,

273 2803 372 2856 καὶ
393 2803 616 2868 διδάξει,
643 2806 734 2858 καὶ
757 2806 1060 2878 ὑπομνήσει
1083 2809 1226 2878 ὑμᾶς
1253 2810 1448 2862 πάντα.
1467 2829 1484 2858 ι
1513 2809 1584 2860 Τὸ
1609 2808 1664 2861 δὲ
1693 2809 1862 2878 ὄνομα

273 2895 374 2965 τῆς
399 2897 586 2960 οὐσίας
615 2896 702 2948 διὰ
733 2897 796 2950 τδ
814 2898 1177 2969 ἁπλούστερον
1203 2902 1305 2952 ὑπὸ
1325 2901 1434 2970 (50)
1475 2899 1580 2952 τῶν
1609 2900 1864 2970 Πατέρων

273 2987 588 3053 τεθεῖσθαι,
641 2991 997 3062 ἀγνοούμενον
1030 2993 1084 3046 δὲ
1117 2995 1221 3046 ὑπὸ
1253 2992 1360 3044 τῶν
1393 2991 1535 3045 λαῶν
1573 2989 1865 3044 σκάνδαλον

277 3081 507 3152 φέρειν,
542 3083 628 3137 διὰ
669 3085 727 3137 τὸ
775 3086 912 3155 μήτε
941 3085 1040 3148 τὰς
1085 3084 1306 3156 Γραφὰς
1352 3083 1505 3138 τοῦτο
1549 3082 1862 3152 περιέχειν,

277 3172 446 3242 ἤρεσε
473 3174 634 3228 τοῦτο
661 3176 1100 3248 περιαιρεθῆναι,
1137 3177 1232 3230 καὶ
1273 3175 1548 3238 παντελῶς
1599 3175 1866 3246 μηδεμίαν

283 3267 514 3335 μνήμην
537 3268 724 3332 οὐσίας
747 3270 838 3321 ἐπὶ
863 3269 996 3322 Θεοῦ
1027 3266 1163 3322 εἶναι
1194 3269 1287 3322 τοῦ
1315 3268 1500 3322 λοιποῦ
1521 3285 1534 3298 ·
1566 3267 1652 3320 διὰ
1677 3269 1737 3320 τὸ
1769 3266 1866 3328 τὰς

279 3353 436 3418 θείας
475 3357 697 3427 Γραφάς
753 3359 1002 3431 μηδαμοῦ
1039 3361 1146 3426 (5i)
1201 3363 1324 3431 περὶ
1371 3361 1581 3430 Πατρὸς
1617 3359 1706 3412 καὶ
1736 3355 1866 3410 Υἱοῦ

1951 1983 2090 2054 gulis
2138 1984 2291 2052 juxta
2343 1999 2504 2052 opera
2556 1999 2675 2037 sua.
2727 1981 2791 2036 Et
2841 1983 2894 2034 in
2934 1981 3197 2051 Spiritum
3247 1991 3518 2045 sanctum,

1951 2091 2112 2143 quem
2146 2075 2259 2143 ipse
2293 2075 2604 2144 unigenitus
2655 2073 2748 2127 Dei
2797 2072 2958 2129 Jesus
2995 2074 3247 2129 Christus
3276 2075 3523 2144 promisit

1953 2183 2012 2220 se
2045 2167 2341 2220 missurum
2396 2167 2578 2238 generi
2630 2167 2936 2230 hominum,
2963 2166 3323 2228 Paracletum,
3351 2166 3403 2220 id
3444 2178 3526 2220 est

1953 2258 2362 2312 Consolatorem
2403 2299 2418 2324 ,
2445 2268 2504 2312 ut
2537 2259 2798 2326 scriptum
2829 2267 2910 2313 est
2938 2277 2951 2313 :
2985 2278 3002 2310 ι
3041 2257 3188 2313 Vado
3216 2255 3282 2312 ad
3311 2257 3526 2310 Patrem

1957 2365 2158 2413 meum,
2178 2358 2231 2403 et
2249 2349 2450 2418 rogabo
2472 2347 2710 2408 Patrem.
2728 2357 2780 2402 et
2800 2349 2967 2404 alium
2995 2348 3334 2402 Paracletum
3355 2347 3530 2400 mittet

1957 2441 2130 2493 vobis.
2162 2439 2422 2510 Spiritum
2451 2441 2693 2496 veritatis
2724 2441 2812 2496 ille
2836 2441 2903 2494 de
2933 2456 3055 2493 meo
3081 2439 3326 2508 accipiet,
3347 2447 3400 2492 et
3428 2439 3527 2490 do-

1961 2529 2104 2583 cebit
2133 2545 2228 2584 vos
2271 2545 2334 2584 ac
2369 2540 2621 2600 suggeret
2659 2532 2812 2586 vobis
2843 2530 3026 2584 omnia
3061 2529 3127 2581 9".
3177 2527 3382 2582 Nomen
3431 2543 3530 2580 au-

1961 2629 2066 2674 tem
2100 2622 2416 2677 substantiae
2442 2623 2584 2692 quod
2619 2621 2922 2692 simplicius
2955 2637 2984 2675 a
3009 2620 3266 2674 Patribus
3293 2619 3529 2688 positum

1962 2727 1990 2764 a
2017 2714 2596 2783 populisque-minimc
2633 2717 2986 2778 intellectum,
3017 2714 3332 2768 oﬂ‘ensionis
3366 2727 3532 2766 causa

1964 2803 2072 2862 sit.
2124 2804 2266 2872 quod
2309 2805 2470 2858 etiam
2509 2805 2561 2858 in
2605 2803 2904 2873 Scripturis
2939 2817 3046 2855 non
3073 2802 3434 2860 contineatur,
3467 2797 3536 2851 de

1965 2894 2142 2948 medio
2161 2895 2296 2960 tolli,
2327 2905 2379 2950 et
2401 2895 2604 2949 nullam
2629 2895 2853 2948 omnino
2871 2892 3188 2948 substantia:
3207 2891 3535 2944 mentionem

1967 2987 2020 3038 in
2070 2985 2178 3038 Deo
2215 2985 2471 3056 deinceps
2522 2985 2824 3040 faciendam
2857 2999 2980 3038 esse
3013 2983 3242 3052 placuit;
3277 2980 3420 3049 quod
3449 2979 3538 3032 di-

1967 3078 2106 3131 vinae
2132 3077 2425 3146 Scriptura:
2451 3093 2720 3146 nusquam
2747 3077 2814 3130 de
2841 3074 3018 3128 Patris
3050 3081 3103 3127 et
3131 3071 3249 3124 Filii
3283 3069 3539 3125 substano

1971 3171 2042 3221 tia
2083 3169 2449 3222 meminerint.
2481 3167 2628 3220 Patri
2653 3176 2830 3220 autem
2860 3165 3054 3218 Filium
3092 3163 3391 3216 secundam
3420 3173 3540 3212 om-

1894 3236 1936 3291 C
1971 3261 2057 3314 nia
2093 3260 2320 3312 similem
2347 3259 2601 3323 dicimus,
2643 3255 3100 3326 quemadmodum
3139 3249 3432 3320 Scriptura:
3455 3249 3538 3302 di-

1971 3363 2101 3408 cunt
2131 3365 2294 3423 atque
2319 3355 2534 3407 docent.

280 3454 474 3517 οὐσίας
507 3456 833 3526 μεμνῆσθαι.
899 3458 1120 3528 Ὅμοιον
1156 3459 1210 3510 δὲ
1239 3458 1465 3528 λέγομεν
1495 3457 1584 3508 τὸν
1621 3454 1742 3506 Υἱύν
1779 3452 1856 3522 τῷ
1889 3451 2062 3522 Πατρὶ
2093 3449 2234 3503 κατὰ
2267 3449 2471 3503 miri-car
2502 3449 2576 3511 ὡς
2606 3449 2697 3501 καὶ
2722 3448 2776 3499 αἱ
2803 3445 2954 3514 ἆγιαι
2997 3443 3036 3495 Γ
3043 3444 3210 3514 ραφαὶ
3241 3437 3456 3508 λέγουσί
3481 3451 3542 3488 τε

283 3551 382 3604 καὶ
409 3549 748 3606 διδάσκουσιν
775 3553 1012 3622 (52-55).

357 3646 414 3700 9.
435 3646 652 3700 Τούτων
674 3649 1148 3717 ἀναγνωσθέντων,
1171 3651 1230 3702 οὐ
1255 3649 1470 3722 μακρὰν
1487 3646 1734 3716 ἐγνώσθη
1756 3645 1864 3698 τῶν

283 3737 620 3810 γραψάντων
649 3741 681 3810 ὴ
711 3743 1029 3811 πανουργία.
1081 3741 1202 3794 Τῶν
1249 3742 1358 3811 γὰρ
1399 3741 1708 3794 ἐπισκόπων
1734 3739 1868 3810 πρό-

283 3829 586 3882 τεινάντων
635 3833 1133 3902 ἀναθεματισθῆναι
1181 3833 1282 3902 τὴν
1331 3833 1609 3902 Ἀρειανὴν
1664 3831 1870 3902 αἵρεσιν

289 3919 434 3989 μετά
463 3921 564 3972 καὶ
593 3921 700 3974 τῶν
733 3923 905 3975 ἄλλων
944 3923 1209 3994 αἱρέσεων
1229 3964 1242 3988 ,
1295 3925 1512 3976 πάντων
1542 3939 1600 3974 τε
1637 3921 1746 3992 (55)
1782 3921 1874 3974 ἐπὶ

285 4013 469 4084 τούτῳ
503 4013 868 4084 συνθεμένων,
899 4017 1200 4088 υύρσάκιος
1223 4013 1324 4068 καῖ’
1337 4015 1569 4086 Οὐάλης,
1593 4015 1752 4068 καὶοί
1779 4014 1873 4065 σὺν

285 4105 478 4168 αὐτοῖς
514 4105 761 4159 ἀνένευον
782 4123 794 4136 ·
837 4107 926 4160 καὶ
965 4107 1148 4161 λοιπὸν
1181 4105 1633 4174 κατεγνώσθησαν
1657 4146 1670 4168 ,
1705 4105 1780 4168 ὼς
1811 4105 1870 4156 οὐ

285 4199 556 4268 γνησίως,
590 4199 702 4251 ἀλλ’
731 4202 818 4251 ἐπ’
849 4201 1122 4270 ἀναιρέσει
1153 4199 1258 4253 τῶν
1286 4201 1340 4251 ἐν
1369 4200 1570 4269 Νικαίᾳ
1605 4197 1872 4268 πραχθέν-

284 4307 398 4344 των
429 4291 742 4360 γρὰψαντες
761 4291 952 4356 ταῦτα,
977 4293 1062 4344 ἵνα
1087 4293 1183 4362 τὴν
1197 4291 1508 4361 δυσώνυμον
1521 4293 1726 4360 αἵρεσιν
1751 4290 1874 4342 ἀντι

285 4382 578 4447 εισάξωσι.
615 4383 1004 4454 Θαυμάσαντες
1034 4383 1166 4452 γοῦν
1201 4384 1294 4436 ἐπὶ
1349 4386 1462 4446 τοῖς
1489 4383 1679 4444 δολίοις
1699 4379 1874 4433 αὐτῶν

2041 3637 2094 3690 9.
2126 3633 2218 3689 liis
2249 3631 2522 3704 perlectis,
2553 3645 2659 3683 non
2701 3629 2792 3681 diu
2832 3636 3014 3695 postea
3052 3638 3240 3679 eorum
3273 3618 3364 3690 qui
3405 3615 3542 3671 scri-

1977 3737 2198 3801 pserant
2237 3724 2482 3780 vaft‘ities
2536 3721 2870 3790 deprehensa
2919 3728 3020 3772 est.
3073 3713 3356 3785 Episcopis
3399 3709 3544 3764 enim

1977 3819 2400 3893 proponentibus
2441 3825 2500 3870 ut
2533 3815 2730 3867 Ariana
2765 3827 2890 3866 cum
2931 3810 3053 3864 aliis
3081 3806 3380 3862 haeresibus
3413 3817 3546 3856 ana-

1980 3915 2216 3968 themate
2258 3911 2628 3971 damnaretur,
2663 3902 3240 3972 acquiescentibusque
3269 3896 3545 3957 omnibus,

1979 4007 2288 4058 almuerunt
2335 3999 2599 4054 U'rsacius
2644 4007 2694 4052 et
2737 3994 2936 4049 Valens
2987 4009 3110 4048 cum
3147 3989 3336 4054 sociis,
3386 3995 3548 4055 atque

1979 4097 2208 4150 demum
2243 4101 2578 4162 compertum
2612 4099 2696 4144 est
2727 4089 2847 4142 illos
2887 4103 2995 4140 non
3045 4086 3258 4140 sincero
3307 4098 3371 4136 ea
3407 4079 3548 4135 seri--

1979 4185 2154 4254 psisse
2197 4183 2414 4246 animo;
2458 4180 2550 4234 sed
2584 4187 2642 4232 ut
2682 4193 2744 4232 ea
2786 4193 2908 4246 qua:
2951 4173 3142 4229 Nicaeae
3181 4183 3301 4227 acta
3337 4171 3552 4224 fuerant

1980 4277 2322 4346 abrogari-nt,
2343 4287 2641 4341 eorumque
2671 4271 2788 4324 loco
2814 4267 3073 4323 nefariam
3101 4267 3416 4320 inducerent
3443 4264 3554 4316 hae-

1981 4369 2167 4422 resim.
2209 4365 2502 4419 Hominum
2553 4364 2736 4432 itaque
2782 4360 2971 4434 dolosa
3017 4359 3180 4413 verba
3232 4366 3286 4411 et
3339 4355 3552 4408 vafrum

289 4477 514 4548 ῥήμασι
547 4479 636 4528 καὶ¹
661 4476 950 4548 πανούργῳ
969 4477 1300 4548 προαιρέσει,
1319 4477 1500 4544 ἔλεγον
1521 4493 1533 4504 ·
1563 4494 1581 4526 ι
1605 4475 1792 4544 Ἡμεῖς
1819 4474 1860 4524 oi

1985 4461 2274 4514 consilium
2312 4457 2490 4510 mirati
2533 4455 2774 4526 episcopi
2821 4453 3076 4508 aiebant:
3111 4468 3128 4501 ι
3165 4448 3274 4503 Nos
3301 4463 3404 4502 non
3433 4447 3568 4528 ideo

285 4569 548 4639 δεόμενοι
581 4567 816 4631 πίστεως
845 4569 1176 4640 συνήλθομεν
1203 4567 1414 4638 (ἔχομεν
1447 4567 1553 4636 γὰρ
1587 4567 1642 4618 ἐν
1673 4563 1880 4624 ἑαυτοῖς

289 4660 654 4729 ὗγιαίνουσαν
687 4659 784 4728 τὴν
818 4660 1039 4726 πίστιν),
1076 4661 1188 4712 ἀλλ’
1223 4660 1309 4712 ἴνα
1339 4659 1466 4720 τοὺς
1507 4656 1884 4724 ἀντιλέγοντας

285 4757 354 4824 τῇ
393 4751 632 4822 ἀληθεία
663 4753 757 4804 καὶ
802 4756 1138 4822 καινοτομεῖν
1168 4751 1574 4822 ἐπιχειροῦντας
1616 4750 1884 4820 ὲντρέιξιω-

287 4865 420 4918 μεν.

367 5009 422 5042 ³⁸
479 5005 641 5060 Joan.
675 5022 788 5070 xlv,
823 5005 908 5068 l6,
949 5003 1032 5058 l7.

361 5185 614 5260 (46)_lta
649 5185 870 5257 Regius.
901 5184 1082 5260 iEditi,
1115 5185 1378 5260 ἐγένοντο.
1399 5183 1548 5260 _lb|d.
1591 5179 1886 5260 editioPao

285 5252 390 5314 τίδ’.
437 5258 583 5317 sala.
611 5252 1042 5326 γεγεννημένων,
1068 5252 1225 5308 male.
1280 5254 1469 5326 Paulo,
1494 5262 1616 5321 post
1645 5252 1792 5326 editi,

333 5331 476 5384 όνου
507 5321 996 5398 ὑπδτόῦΠατρός.
1029 5327 1135 5381 Sed
1163 5341 1347 5380 vocem
1369 5325 1493 5390 ὑπό,
1522 5337 1646 5378 cum
1670 5323 1804 5375 desit
1833 5321 1886 5374 in

375 5400 504 5466 αξη,
535 5399 920 5466 expunxitnns.

365 5459 494 5538 (Χῖ)
527 5459 918 5538 flii-veteribus
970 5465 1212 5538 Socratis
1263 5465 1418 5520 editis
1445 5505 1460 5528 ,
1509 5459 1892 5534 σταυρωθέντα

287 5537 390 5594 καὶ
427 5537 680 5592 παθόντα
711 5539 806 5590 καὶ
834 5537 1192 5589 ἀποθανόντα.

367 5609 498 5678 (48)
529 5605 634 5678 Αξὶο
659 5607 872 5678 socrat.
892 5617 953 5678 et
982 5607 1110 5678 edit.
1141 5604 1312 5678 Paris.
1344 5621 1408 5678 ex
1445 5603 1690 5678 Socrate,
1725 5611 1783 5654 ut
1805 5601 1892 5678 vi;

285 5671 504 5735 detur;
529 5675 664 5730 Nam
723 5677 776 5730 in
819 5677 948 5730 edit.
979 5677 1245 5730 Commcl.
1282 5686 1338 5729 et
1371 5676 1422 5728 in
1455 5675 1712 5727 omnibus
1741 5671 1891 5726 codi-

285 5753 490 5808 cibus,
527 5750 871 5818 πεντήκοντα
905 5747 1118 5818 legitur,
1149 5745 1473 5818 nmle:_.‘llox
1509 5743 1726 5818 Regius,
1768 5743 1892 5818 τοὺς

279 5819 596 5895 οὐρανούς,
631 5814 696 5873 ἰιι’
718 5816 890 5873 editis
919 5814 1044 5878 τούς
1087 5816 1255 5872 deest.
1293 5815 1413 5872 Mox
1449 5817 1584 5882 hare,
1618 5815 1716 5884 τῆς
1757 5814 1889 5865 ἀνα-

493 4846 557 4897 Εῖ
603 4845 699 4914 μὲν
745 4841 836 4898 οὖν
871 4847 1027 4916 ὑμεῖς
1063 4846 1138 4908 ὡς
1165 4844 1258 4900 νῦν
1293 4844 1579 4918 ἀρχόμενοι
1613 4843 1892 4896 πιστεύειν

1985 4557 2093 4610 huc
2114 4551 2469 4608 convenimus
2492 4549 2636 4618 quod
2669 4548 2772 4600 fide
2807 4559 3109 4616 egeremus,
3140 4542 3194 4595 in
3229 4539 3382 4592 nobis
3409 4537 3552 4592 enim

1985 4649 2116 4718 ipsis
2143 4661 2333 4702 sanam
2365 4643 2630 4697 habemus
2661 4641 2853 4704 Iidem;
2897 4637 2988 4692 sed
3019 4643 3077 4690 ut
3106 4649 3198 4688 cos
3225 4631 3316 4702 qui
3347 4627 3554 4683 veritati

1985 4747 2307 4810 repugnant,
2339 4745 2390 4790 et
2421 4749 2558 4788 nova
2597 4733 2914 4793 moliuntur,
2945 4728 3150 4798 pudore
3197 4721 3551 4776 alﬁcercmns.

1986 4807 2142 4898 Quod
2168 4829 2212 4884 si
2241 4843 2356 4892 vos,
2389 4827 2545 4896 quasi
2579 4827 2672 4894 qui
2709 4837 2854 4878 nunc
2881 4821 3100 4876 credere
3131 4810 3422 4882 incipiatis,
3454 4807 3556 4860 ista

1991 5183 2229 5244 στάσεως
2263 5181 2458 5236 desunt
2487 5177 2540 5230 in
2579 5176 2822 5248 Socrate.
2853 5173 3016 5248 bene.
3313 5231 3325 5248 ι

2062 5230 2532 5323 (δῶ-Ἰιῖῖξεέόᾖιιε
2559 5230 2848 5323 et_§ncrat.
2881 5240 3042 5300 Editi,
3079 5231 3372 5306 μονογενὴς
3396 5230 3564 5300 δπ-ηγ-

1989 5315 2228 5393 γείλατο,
2271 5315 2492 5393 omissis
2521 5315 2731 5393 mrdjiS-
2811 5389 2820 5393 _
2894 5377 3029 5393 ,,,.,.

2061 5393 2177 5460 (50)
2217 5377 2293 5460 ila
2325 5389 2524 5460 ιὲθαίμε
2557 5395 2609 5437 ει
2636 5383 2854 5460 ξῐδθνθιτ
2891 5377 3054 5460 Elim:
3089 5377 3259 5460 “PF-
3332 5437 3500 5460 λψρ

2218 5441 2540 5530 έῖοῐὶέξςὶιιε
2577 5463 2630 5530 et
2663 5451 2870 5530 Spe-rat.
2919 5448 3056 5530 fiditi
3085 5441 3249 5530 vero.
3279 5441 3562 5530 μηδαμῶςἐ

1993 5510 2356 5586 Ibid—veteres
2386 5510 2624 5579 Socratis
2650 5519 2801 5578 editi,
2821 5535 2886 5570 πε
2897 5519 2950 5590 pi.
2973 5517 3112 5570 Πνεύ
3123 5510 3290 5584 ματος
3319 5511 3412 5564 καὶ
3431 5510 3576 5562 Tia-3-

1992 5601 2198 5663 οὐσίας.
2237 5599 2395 5650 male.
2509 5661 2557 5663 η
2781 5658 2793 5663 _
2907 5657 2938 5663 η
3005 5656 3040 5663 _
3115 5656 3124 5663 _
3313 5661 3316 5663 λ
3486 5651 3509 5660 -

2063 5650 2272 5736 iiii-55)
2303 5667 2432 5719 Post
2451 5661 2756 5736 διδάσκουσι
2781 5658 2837 5736 in
2855 5657 2984 5736 edit.
3005 5656 3178 5736 Paris.
3201 5661 3394 5736 regitur
3412 5650 3564 5728 ταῦθ’

1995 5724 2278 5811 αἱρετικοί.
2317 5736 2420 5790 Sed
2453 5736 2648 5788 desunt
2677 5729 2729 5784 iu
2757 5729 2886 5782 edit.
2919 5725 3184 5782 Commel.
3217 5734 3270 5776 et
3305 5724 3358 5776 in
3389 5724 3568 5775 omni-

1997 5813 2098 5867 bus
2129 5824 2276 5864 tnss..
