  <div class='ocr_page' id='page_1' title='image "/cluster/home/n/w/nwhite01/storage/ocr_20150623/26/mdp.39015019958456/369.png"; bbox 0 0 3914 6222; ppageno 0'>
   <div class='ocr_carea' id='block_1_1' title="bbox 371 349 3639 423">
    <p class='ocr_par' dir='ltr' id='par_1_1' title="bbox 371 349 3639 423">
     <span class='ocr_line' id='line_1_1' title="bbox 371 349 3639 423; baseline 0.005 -18"><span class='ocrx_word' id='word_1_1' title='bbox 371 349 482 406; x_wconf 77' lang='grc'><strong>’105</strong></span> <span class='ocrx_word' id='word_1_2' title='bbox 941 355 999 409; x_wconf 81' lang='lat'><strong>8.</strong></span> <span class='ocrx_word' id='word_1_3' title='bbox 1041 354 1415 411; x_wconf 80' lang='lat' dir='ltr'><strong>ATHANASII</strong></span> <span class='ocrx_word' id='word_1_4' title='bbox 1454 354 1606 412; x_wconf 84' lang='lat' dir='ltr'><strong>OPP.</strong></span> <span class='ocrx_word' id='word_1_5' title='bbox 1648 355 1831 413; x_wconf 79' lang='lat' dir='ltr'><strong>PARS</strong></span> <span class='ocrx_word' id='word_1_6' title='bbox 1866 357 1908 413; x_wconf 79' lang='grc'>1.</span> <span class='ocrx_word' id='word_1_7' title='bbox 1947 388 2017 400; x_wconf 92' lang='grc'><strong>-</strong></span> <span class='ocrx_word' id='word_1_8' title='bbox 2056 359 2421 421; x_wconf 74' lang='lat' dir='ltr'><strong>HISTOBICA</strong></span> <span class='ocrx_word' id='word_1_9' title='bbox 2464 364 2555 420; x_wconf 82' lang='lat' dir='ltr'><strong>ET</strong></span> <span class='ocrx_word' id='word_1_10' title='bbox 2595 365 3019 423; x_wconf 66' lang='lat' dir='ltr'><strong>DOGMATICA.</strong></span> <span class='ocrx_word' id='word_1_11' title='bbox 3536 365 3639 421; x_wconf 69' lang='grc'><strong>704</strong></span> 
     </span>
    </p>
   </div>
   <div class='ocr_carea' id='block_1_2' title="bbox 376 467 1922 555">
    <p class='ocr_par' dir='ltr' id='par_1_2' title="bbox 376 467 1922 545">
     <span class='ocr_line' id='line_1_2' title="bbox 376 467 1922 545; baseline 0.004 -21"><span class='ocrx_word' id='word_1_12' title='bbox 376 467 566 534; x_wconf 74' lang='lat' dir='ltr'><strong>licam.</strong></span> <span class='ocrx_word' id='word_1_13' title='bbox 580 467 871 535; x_wconf 77' lang='lat' dir='ltr'><strong>Pbtebum,</strong></span> <span class='ocrx_word' id='word_1_14' title='bbox 891 469 1179 539; x_wconf 82' lang='lat' dir='ltr'><strong>Fidelium,</strong></span> <span class='ocrx_word' id='word_1_15' title='bbox 1200 472 1551 545; x_wconf 70' lang='lat' dir='ltr'><strong>Eutyeinium,</strong></span> <span class='ocrx_word' id='word_1_16' title='bbox 1583 474 1922 532; x_wconf 86' lang='lat' dir='ltr'><strong>Eustathium</strong></span> 
     </span>
    </p>
   </div>
   <div class='ocr_carea' id='block_1_3' title="bbox 2091 467 3637 555">
    <p class='ocr_par' dir='ltr' id='par_1_3' title="bbox 2091 480 3637 555">
     <span class='ocr_line' id='line_1_3' title="bbox 2091 480 3637 555; baseline 0.003 -22"><span class='ocrx_word' id='word_1_17' title='bbox 2091 480 2311 536; x_wconf 58' lang='grc' dir='ltr'>λεόντων</span> <span class='ocrx_word' id='word_1_18' title='bbox 2357 484 2452 539; x_wconf 79' lang='grc' dir='ltr'>καὶ</span> <span class='ocrx_word' id='word_1_19' title='bbox 2497 484 2775 538; x_wconf 84' lang='grc' dir='ltr'><strong>Θεοδόσιον</strong></span> <span class='ocrx_word' id='word_1_20' title='bbox 2801 524 2817 549; x_wconf 87' lang='grc'><strong>,</strong></span> <span class='ocrx_word' id='word_1_21' title='bbox 2848 483 3118 555; x_wconf 83' lang='grc' dir='ltr'>Εὑάγριον</span> <span class='ocrx_word' id='word_1_22' title='bbox 3168 483 3261 537; x_wconf 72' lang='grc' dir='ltr'><strong>καὶ</strong></span> <span class='ocrx_word' id='word_1_23' title='bbox 3316 480 3637 537; x_wconf 80' lang='grc' dir='ltr'>Θεόδουλον·</span> 
     </span>
    </p>
   </div>
   <div class='ocr_carea' id='block_1_4' title="bbox 370 559 1916 649">
    <p class='ocr_par' dir='ltr' id='par_1_4' title="bbox 370 559 1916 635">
     <span class='ocr_line' id='line_1_4' title="bbox 370 559 1916 635; baseline 0.003 -19"><span class='ocrx_word' id='word_1_24' title='bbox 370 571 432 616; x_wconf 82' lang='lat' dir='ltr'><strong>et</strong></span> <span class='ocrx_word' id='word_1_25' title='bbox 454 559 744 632; x_wconf 69' lang='lat' dir='ltr'><strong>Magnum:</strong></span> <span class='ocrx_word' id='word_1_26' title='bbox 781 576 848 617; x_wconf 92' lang='lat' dir='ltr'><strong>eo</strong></span> <span class='ocrx_word' id='word_1_27' title='bbox 877 565 1020 633; x_wconf 89' lang='lat' dir='ltr'><strong>quod</strong></span> <span class='ocrx_word' id='word_1_28' title='bbox 1056 565 1108 619; x_wconf 92' lang='lat' dir='ltr'><strong>in</strong></span> <span class='ocrx_word' id='word_1_29' title='bbox 1135 565 1228 635; x_wconf 82' lang='lat' dir='ltr'><strong>jus</strong></span> <span class='ocrx_word' id='word_1_30' title='bbox 1254 568 1428 621; x_wconf 85' lang='lat' dir='ltr'><strong>vocati</strong></span> <span class='ocrx_word' id='word_1_31' title='bbox 1455 607 1470 628; x_wconf 86' lang='lat'><strong>.</strong></span> <span class='ocrx_word' id='word_1_32' title='bbox 1512 577 1571 621; x_wconf 92' lang='lat' dir='ltr'><strong>ut</strong></span> <span class='ocrx_word' id='word_1_33' title='bbox 1603 583 1631 621; x_wconf 88' lang='lat' dir='ltr'><strong>a</strong></span> <span class='ocrx_word' id='word_1_34' title='bbox 1665 567 1851 623; x_wconf 88' lang='lat' dir='ltr'><strong>multis</strong></span> <span class='ocrx_word' id='word_1_35' title='bbox 1879 569 1916 621; x_wconf 69' lang='grc' dir='ltr'>α’</span> 
     </span>
    </p>
   </div>
   <div class='ocr_carea' id='block_1_5' title="bbox 2092 559 3638 649">
    <p class='ocr_par' dir='ltr' id='par_1_5' title="bbox 2092 572 3638 649">
     <span class='ocr_line' id='line_1_5' title="bbox 2092 572 3638 649; baseline 0.001 -22"><span class='ocrx_word' id='word_1_36' title='bbox 2092 577 2463 647; x_wconf 83' lang='grc' dir='ltr'>ικοινωνήτους</span> <span class='ocrx_word' id='word_1_37' title='bbox 2497 576 2556 630; x_wconf 82' lang='grc' dir='ltr'>δὲ</span> <span class='ocrx_word' id='word_1_38' title='bbox 2599 579 2962 649; x_wconf 79' lang='grc' dir='ltr'><strong>πεποιήκασιν</strong></span> <span class='ocrx_word' id='word_1_39' title='bbox 3015 576 3320 647; x_wconf 77' lang='grc' dir='ltr'><strong>Ἀστέριον,</strong></span> <span class='ocrx_word' id='word_1_40' title='bbox 3359 572 3638 640; x_wconf 77' lang='grc' dir='ltr'>Εὑσέϐιον,</span> 
     </span>
    </p>
   </div>
   <div class='ocr_carea' id='block_1_6' title="bbox 376 654 1922 739">
    <p class='ocr_par' dir='ltr' id='par_1_6' title="bbox 376 654 1922 729">
     <span class='ocr_line' id='line_1_6' title="bbox 376 654 1922 729; baseline 0.005 -21"><span class='ocrx_word' id='word_1_41' title='bbox 376 654 516 709; x_wconf 86' lang='lat' dir='ltr'><strong>latas</strong></span> <span class='ocrx_word' id='word_1_42' title='bbox 542 654 829 710; x_wconf 79' lang='lat' dir='ltr'><strong>adversum</strong></span> <span class='ocrx_word' id='word_1_43' title='bbox 888 671 947 711; x_wconf 89' lang='lat' dir='ltr'><strong>se</strong></span> <span class='ocrx_word' id='word_1_44' title='bbox 992 657 1408 715; x_wconf 92' lang='lat' dir='ltr'><strong>criminationes</strong></span> <span class='ocrx_word' id='word_1_45' title='bbox 1456 660 1806 729; x_wconf 86' lang='lat' dir='ltr'><strong>repellerent,</strong></span> <span class='ocrx_word' id='word_1_46' title='bbox 1849 676 1922 716; x_wconf 94' lang='lat' dir='ltr'><strong>no</strong></span> 
     </span>
    </p>
   </div>
   <div class='ocr_carea' id='block_1_7' title="bbox 2094 654 3640 739">
    <p class='ocr_par' dir='ltr' id='par_1_7' title="bbox 2094 664 3640 739">
     <span class='ocr_line' id='line_1_7' title="bbox 2094 664 3640 739; baseline 0.001 -21"><span class='ocrx_word' id='word_1_47' title='bbox 2094 664 2335 739; x_wconf 67' lang='grc' dir='ltr'>ιῦγαρον,</span> <span class='ocrx_word' id='word_1_48' title='bbox 2373 669 2467 723; x_wconf 71' lang='grc' dir='ltr'>καὶ</span> <span class='ocrx_word' id='word_1_49' title='bbox 2499 668 2805 733; x_wconf 84' lang='grc' dir='ltr'>Βασιλικὸν,</span> <span class='ocrx_word' id='word_1_50' title='bbox 2853 669 2948 724; x_wconf 75' lang='grc' dir='ltr'>καὶ</span> <span class='ocrx_word' id='word_1_51' title='bbox 2974 668 3161 722; x_wconf 79' lang='grc' dir='ltr'>Φοῖϐον</span> <span class='ocrx_word' id='word_1_52' title='bbox 3184 708 3196 726; x_wconf 90' lang='grc'><strong>.</strong></span> <span class='ocrx_word' id='word_1_53' title='bbox 3234 668 3329 721; x_wconf 77' lang='grc' dir='ltr'>καὶ</span> <span class='ocrx_word' id='word_1_54' title='bbox 3376 667 3640 738; x_wconf 76' lang='grc' dir='ltr'>Φιδήλιον.</span> 
     </span>
    </p>
   </div>
   <div class='ocr_carea' id='block_1_8' title="bbox 370 748 1916 830">
    <p class='ocr_par' dir='ltr' id='par_1_8' title="bbox 370 748 1911 821">
     <span class='ocr_line' id='line_1_8' title="bbox 370 748 1911 821; baseline 0.003 -18"><span class='ocrx_word' id='word_1_55' title='bbox 370 748 817 817; x_wconf 76' lang='lat' dir='ltr'><strong>comparuissent</strong></span> <span class='ocrx_word' id='word_1_56' title='bbox 850 749 1384 821; x_wconf 82' lang='lat' dir='ltr'><strong>:-decreveruntque</strong></span> <span class='ocrx_word' id='word_1_57' title='bbox 1429 762 1488 806; x_wconf 94' lang='lat' dir='ltr'><strong>ut</strong></span> <span class='ocrx_word' id='word_1_58' title='bbox 1538 752 1612 807; x_wconf 88' lang='lat' dir='ltr'><strong>ita</strong></span> <span class='ocrx_word' id='word_1_59' title='bbox 1654 769 1911 808; x_wconf 70' lang='lat' dir='ltr'><strong>maneret:</strong></span> 
     </span>
    </p>
   </div>
   <div class='ocr_carea' id='block_1_9' title="bbox 2098 748 3644 830">
    <p class='ocr_par' dir='ltr' id='par_1_9' title="bbox 2098 758 3644 830">
     <span class='ocr_line' id='line_1_9' title="bbox 2098 758 3644 830; baseline 0.001 -21"><span class='ocrx_word' id='word_1_60' title='bbox 2098 758 2161 811; x_wconf 69' lang='grc' dir='ltr'>αἱ</span> <span class='ocrx_word' id='word_1_61' title='bbox 2189 758 2471 830; x_wconf 76' lang='grc' dir='ltr'>Εὑτύχιον,</span> <span class='ocrx_word' id='word_1_62' title='bbox 2506 759 2599 814; x_wconf 71' lang='grc' dir='ltr'><strong>καὶ</strong></span> <span class='ocrx_word' id='word_1_63' title='bbox 2626 760 2942 824; x_wconf 84' lang='grc' dir='ltr'>Εὑστάθιον,</span> <span class='ocrx_word' id='word_1_64' title='bbox 2975 760 3068 813; x_wconf 75' lang='grc' dir='ltr'><strong>καὶ</strong></span> <span class='ocrx_word' id='word_1_65' title='bbox 3108 759 3347 827; x_wconf 89' lang='grc' dir='ltr'>Μάγνον.</span> <span class='ocrx_word' id='word_1_66' title='bbox 3390 758 3561 812; x_wconf 81' lang='grc' dir='ltr'>Τοῦτο</span> <span class='ocrx_word' id='word_1_67' title='bbox 3585 758 3644 812; x_wconf 78' lang='grc' dir='ltr'><strong>δέ</strong></span> 
     </span>
    </p>
   </div>
   <div class='ocr_carea' id='block_1_10' title="bbox 372 838 1918 927">
    <p class='ocr_par' dir='ltr' id='par_1_10' title="bbox 372 838 1918 913">
     <span class='ocr_line' id='line_1_10' title="bbox 372 838 1918 913; baseline 0.004 -19"><span class='ocrx_word' id='word_1_68' title='bbox 372 838 551 894; x_wconf 90' lang='lat' dir='ltr'><strong>donec</strong></span> <span class='ocrx_word' id='word_1_69' title='bbox 602 854 724 894; x_wconf 90' lang='lat' dir='ltr'><strong>sese</strong></span> <span class='ocrx_word' id='word_1_70' title='bbox 779 850 1101 910; x_wconf 79' lang='lat' dir='ltr'><strong>purgantes,</strong></span> <span class='ocrx_word' id='word_1_71' title='bbox 1131 843 1201 897; x_wconf 84' lang='lat' dir='ltr'><strong>ab</strong></span> <span class='ocrx_word' id='word_1_72' title='bbox 1236 844 1507 913; x_wconf 77' lang='lat' dir='ltr'><strong>ejusmodi</strong></span> <span class='ocrx_word' id='word_1_73' title='bbox 1549 845 1918 900; x_wconf 79' lang='lat' dir='ltr'><strong>eriminibuss</strong></span> 
     </span>
    </p>
   </div>
   <div class='ocr_carea' id='block_1_11' title="bbox 2094 838 3640 927">
    <p class='ocr_par' dir='ltr' id='par_1_11' title="bbox 2094 853 3640 927">
     <span class='ocr_line' id='line_1_11' title="bbox 2094 853 3640 927; baseline 0.001 -22"><span class='ocrx_word' id='word_1_74' title='bbox 2094 855 2451 924; x_wconf 82' lang='grc' dir='ltr'>ιεποιήκασιν,</span> <span class='ocrx_word' id='word_1_75' title='bbox 2487 854 2710 927; x_wconf 85' lang='grc' dir='ltr'>ἐπειδὴ,</span> <span class='ocrx_word' id='word_1_76' title='bbox 2756 855 3045 926; x_wconf 88' lang='grc' dir='ltr'>κληθέντες</span> <span class='ocrx_word' id='word_1_77' title='bbox 3088 853 3533 924; x_wconf 83' lang='grc' dir='ltr'>ἀπολογήσασθαι</span> <span class='ocrx_word' id='word_1_78' title='bbox 3558 854 3640 922; x_wconf 82' lang='grc' dir='ltr'>ἐφ’</span> 
     </span>
    </p>
   </div>
   <div class='ocr_carea' id='block_1_12' title="bbox 376 928 1922 1017">
    <p class='ocr_par' dir='ltr' id='par_1_12' title="bbox 376 928 1922 1008">
     <span class='ocr_line' id='line_1_12' title="bbox 376 928 1922 1008; baseline 0.007 -26"><span class='ocrx_word' id='word_1_79' title='bbox 376 928 695 986; x_wconf 84' lang='lat' dir='ltr'><strong>innocentes</strong></span> <span class='ocrx_word' id='word_1_80' title='bbox 718 932 1158 1001; x_wconf 76' lang='lat' dir='ltr'><strong>comprobarent.</strong></span> <span class='ocrx_word' id='word_1_81' title='bbox 1189 934 1438 1006; x_wconf 86' lang='lat' dir='ltr'><strong>Cumque</strong></span> <span class='ocrx_word' id='word_1_82' title='bbox 1461 936 1527 990; x_wconf 90' lang='lat' dir='ltr'><strong>ad</strong></span> <span class='ocrx_word' id='word_1_83' title='bbox 1546 937 1790 1008; x_wconf 80' lang='lat' dir='ltr'><strong>singulas</strong></span> <span class='ocrx_word' id='word_1_84' title='bbox 1819 939 1922 993; x_wconf 76' lang='lat' dir='ltr'><strong>dim</strong></span> 
     </span>
    </p>
   </div>
   <div class='ocr_carea' id='block_1_13' title="bbox 2098 928 3644 1017">
    <p class='ocr_par' dir='ltr' id='par_1_13' title="bbox 2098 936 3644 1017">
     <span class='ocr_line' id='line_1_13' title="bbox 2098 936 3644 1017; baseline 0.002 -23"><span class='ocrx_word' id='word_1_85' title='bbox 2098 936 2147 1006; x_wconf 68' lang='grc' dir='ltr'>ἴς</span> <span class='ocrx_word' id='word_1_86' title='bbox 2169 943 2347 997; x_wconf 81' lang='grc' dir='ltr'>αὐτῶν</span> <span class='ocrx_word' id='word_1_87' title='bbox 2376 944 2615 998; x_wconf 86' lang='grc' dir='ltr'>πλεῖστοι</span> <span class='ocrx_word' id='word_1_88' title='bbox 2650 946 3008 1017; x_wconf 88' lang='grc' dir='ltr'>κατηγόρουν,</span> <span class='ocrx_word' id='word_1_89' title='bbox 3044 945 3143 999; x_wconf 83' lang='grc' dir='ltr'>οὐκ</span> <span class='ocrx_word' id='word_1_90' title='bbox 3171 945 3488 1016; x_wconf 81' lang='grc' dir='ltr'><strong>ἀπήντησαν</strong></span> <span class='ocrx_word' id='word_1_91' title='bbox 3507 958 3522 973; x_wconf 76' lang='grc'><strong>⁸</strong></span> <span class='ocrx_word' id='word_1_92' title='bbox 3554 945 3644 998; x_wconf 71' lang='grc' dir='ltr'>καὶ</span> 
     </span>
    </p>
   </div>
   <div class='ocr_carea' id='block_1_14' title="bbox 372 1023 1918 1106">
    <p class='ocr_par' dir='ltr' id='par_1_14' title="bbox 372 1023 1918 1099">
     <span class='ocr_line' id='line_1_14' title="bbox 372 1023 1918 1099; baseline 0.006 -22"><span class='ocrx_word' id='word_1_93' title='bbox 372 1037 531 1078; x_wconf 83' lang='lat' dir='ltr'><strong>ceses</strong></span> <span class='ocrx_word' id='word_1_94' title='bbox 550 1023 821 1093; x_wconf 79' lang='lat' dir='ltr'><strong>judicium</strong></span> <span class='ocrx_word' id='word_1_95' title='bbox 857 1036 1050 1081; x_wconf 86' lang='lat' dir='ltr'><strong>contra</strong></span> <span class='ocrx_word' id='word_1_96' title='bbox 1081 1042 1177 1082; x_wconf 87' lang='lat' dir='ltr'><strong>eos</strong></span> <span class='ocrx_word' id='word_1_97' title='bbox 1212 1028 1382 1083; x_wconf 89' lang='lat' dir='ltr'><strong>latum</strong></span> <span class='ocrx_word' id='word_1_98' title='bbox 1412 1030 1764 1099; x_wconf 78' lang='lat' dir='ltr'><strong>scripsissent</strong></span> <span class='ocrx_word' id='word_1_99' title='bbox 1788 1072 1803 1095; x_wconf 85' lang='lat'><strong>,</strong></span> <span class='ocrx_word' id='word_1_100' title='bbox 1850 1032 1918 1086; x_wconf 92' lang='lat' dir='ltr'><strong>im</strong></span> 
     </span>
    </p>
   </div>
   <div class='ocr_carea' id='block_1_15' title="bbox 2097 1023 3643 1106">
    <p class='ocr_par' dir='ltr' id='par_1_15' title="bbox 2097 1034 3643 1106">
     <span class='ocr_line' id='line_1_15' title="bbox 2097 1034 3643 1106; baseline 0.001 -20"><span class='ocrx_word' id='word_1_101' title='bbox 2097 1034 2271 1105; x_wconf 82' lang='grc' dir='ltr'>ιρισαν</span> <span class='ocrx_word' id='word_1_102' title='bbox 2301 1035 2444 1089; x_wconf 75' lang='grc' dir='ltr'>οὕτω</span> <span class='ocrx_word' id='word_1_103' title='bbox 2466 1036 2646 1106; x_wconf 85' lang='grc' dir='ltr'>μένειν</span> <span class='ocrx_word' id='word_1_104' title='bbox 2670 1036 2887 1099; x_wconf 73' lang='grc' dir='ltr'>αὐτοὺς,</span> <span class='ocrx_word' id='word_1_105' title='bbox 2904 1036 3009 1100; x_wconf 73' lang='grc' dir='ltr'><strong>ἕως</strong></span> <span class='ocrx_word' id='word_1_106' title='bbox 3035 1035 3121 1098; x_wconf 80' lang='grc' dir='ltr'>ἂν,</span> <span class='ocrx_word' id='word_1_107' title='bbox 3155 1034 3643 1105; x_wconf 83' lang='grc' dir='ltr'>ἀπολογησάμενοι,</span> 
     </span>
    </p>
   </div>
   <div class='ocr_carea' id='block_1_16' title="bbox 374 1115 1920 1200">
    <p class='ocr_par' dir='ltr' id='par_1_16' title="bbox 374 1115 1920 1190">
     <span class='ocr_line' id='line_1_16' title="bbox 374 1115 1920 1190; baseline 0.006 -21"><span class='ocrx_word' id='word_1_108' title='bbox 374 1115 686 1186; x_wconf 84' lang='lat' dir='ltr'><strong>piissimum</strong></span> <span class='ocrx_word' id='word_1_109' title='bbox 706 1118 1010 1190; x_wconf 78' lang='lat' dir='ltr'><strong>Augustum</strong></span> <span class='ocrx_word' id='word_1_110' title='bbox 1043 1120 1427 1177; x_wconf 88' lang='lat' dir='ltr'><strong>Constantium</strong></span> <span class='ocrx_word' id='word_1_111' title='bbox 1473 1124 1765 1188; x_wconf 81' lang='lat' dir='ltr'><strong>adierunt,</strong></span> <span class='ocrx_word' id='word_1_112' title='bbox 1789 1134 1849 1180; x_wconf 90' lang='lat' dir='ltr'><strong>ut</strong></span> <span class='ocrx_word' id='word_1_113' title='bbox 1880 1125 1920 1179; x_wconf 83' lang='lat' dir='ltr'><strong>ii</strong></span> 
     </span>
    </p>
   </div>
   <div class='ocr_carea' id='block_1_17' title="bbox 2103 1115 3649 1200">
    <p class='ocr_par' dir='ltr' id='par_1_17' title="bbox 2103 1125 3649 1200">
     <span class='ocr_line' id='line_1_17' title="bbox 2103 1125 3649 1200; baseline 0.001 -21"><span class='ocrx_word' id='word_1_114' title='bbox 2103 1125 2307 1191; x_wconf 80' lang='grc' dir='ltr'>είξωσιν</span> <span class='ocrx_word' id='word_1_115' title='bbox 2356 1129 2583 1192; x_wconf 81' lang='grc' dir='ltr'>ἑαυτοὺς</span> <span class='ocrx_word' id='word_1_116' title='bbox 2604 1129 2878 1200; x_wconf 77' lang='grc' dir='ltr'>καθαροὺς</span> <span class='ocrx_word' id='word_1_117' title='bbox 2938 1127 3046 1183; x_wconf 79' lang='grc' dir='ltr'>ἀπὸ</span> <span class='ocrx_word' id='word_1_118' title='bbox 3098 1128 3207 1181; x_wconf 81' lang='grc' dir='ltr'>τῶν</span> <span class='ocrx_word' id='word_1_119' title='bbox 3241 1127 3649 1199; x_wconf 76' lang='grc' dir='ltr'>ἐπιφερομένων</span> 
     </span>
    </p>
   </div>
   <div class='ocr_carea' id='block_1_18' title="bbox 374 1213 1920 1293">
    <p class='ocr_par' dir='ltr' id='par_1_18' title="bbox 374 1213 1920 1284">
     <span class='ocr_line' id='line_1_18' title="bbox 374 1213 1920 1284; baseline 0.004 -23"><span class='ocrx_word' id='word_1_120' title='bbox 374 1216 499 1263; x_wconf 86' lang='lat' dir='ltr'><strong>aeta</strong></span> <span class='ocrx_word' id='word_1_121' title='bbox 539 1223 637 1264; x_wconf 88' lang='lat' dir='ltr'><strong>sua</strong></span> <span class='ocrx_word' id='word_1_122' title='bbox 671 1214 1045 1266; x_wconf 66' lang='lat' dir='ltr'><strong>renuntiarent</strong></span> <span class='ocrx_word' id='word_1_123' title='bbox 1072 1253 1088 1278; x_wconf 87' lang='lat'><strong>,</strong></span> <span class='ocrx_word' id='word_1_124' title='bbox 1118 1213 1191 1267; x_wconf 91' lang='lat' dir='ltr'><strong>ita</strong></span> <span class='ocrx_word' id='word_1_125' title='bbox 1221 1215 1597 1284; x_wconf 87' lang='lat' dir='ltr'><strong>enimjussnm</strong></span> <span class='ocrx_word' id='word_1_126' title='bbox 1628 1216 1737 1271; x_wconf 85' lang='lat' dir='ltr'><strong>iliis</strong></span> <span class='ocrx_word' id='word_1_127' title='bbox 1759 1216 1920 1271; x_wconf 67' lang='lat' dir='ltr'><strong>fuerat</strong></span> 
     </span>
    </p>
   </div>
   <div class='ocr_carea' id='block_1_19' title="bbox 2101 1213 3647 1293">
    <p class='ocr_par' dir='ltr' id='par_1_19' title="bbox 2103 1220 3647 1293">
     <span class='ocr_line' id='line_1_19' title="bbox 2103 1220 3647 1293; baseline 0.001 -20"><span class='ocrx_word' id='word_1_128' title='bbox 2103 1220 2248 1283; x_wconf 81' lang='grc' dir='ltr'>ὐτοῖς</span> <span class='ocrx_word' id='word_1_129' title='bbox 2287 1220 2667 1292; x_wconf 82' lang='grc' dir='ltr'>ἐγκλημάτων,</span> <span class='ocrx_word' id='word_1_130' title='bbox 2717 1221 3032 1291; x_wconf 70' lang='grc' dir='ltr'>Γράψαντές</span> <span class='ocrx_word' id='word_1_131' title='bbox 3071 1237 3130 1273; x_wconf 89' lang='grc' dir='ltr'><strong>τε</strong></span> <span class='ocrx_word' id='word_1_132' title='bbox 3163 1222 3244 1285; x_wconf 87' lang='grc' dir='ltr'><strong>είς</strong></span> <span class='ocrx_word' id='word_1_133' title='bbox 3292 1221 3390 1293; x_wconf 82' lang='grc' dir='ltr'><strong>τήν</strong></span> <span class='ocrx_word' id='word_1_134' title='bbox 3419 1221 3647 1275; x_wconf 78' lang='grc' dir='ltr'>ἑκάστου</span> 
     </span>
    </p>
   </div>
   <div class='ocr_carea' id='block_1_20' title="bbox 378 1296 1924 1386">
    <p class='ocr_par' dir='ltr' id='par_1_20' title="bbox 378 1296 1584 1377">
     <span class='ocr_line' id='line_1_20' title="bbox 378 1296 1584 1377; baseline 0.007 -26"><span class='ocrx_word' id='word_1_135' title='bbox 378 1296 638 1369; x_wconf 85' lang='lat' dir='ltr'><strong>Talisque</strong></span> <span class='ocrx_word' id='word_1_136' title='bbox 668 1301 773 1356; x_wconf 82' lang='lat' dir='ltr'><strong>fuit</strong></span> <span class='ocrx_word' id='word_1_137' title='bbox 805 1302 1140 1359; x_wconf 78' lang='lat' dir='ltr'><strong>Seleuciame</strong></span> <span class='ocrx_word' id='word_1_138' title='bbox 1163 1306 1353 1377; x_wconf 80' lang='lat' dir='ltr'><strong>synodi</strong></span> <span class='ocrx_word' id='word_1_139' title='bbox 1381 1306 1584 1362; x_wconf 79' lang='lat' dir='ltr'><strong>exitus.</strong></span> 
     </span>
    </p>
   </div>
   <div class='ocr_carea' id='block_1_21' title="bbox 2103 1296 3649 1386">
    <p class='ocr_par' dir='ltr' id='par_1_21' title="bbox 2103 1312 3649 1386">
     <span class='ocr_line' id='line_1_21' title="bbox 2103 1312 3649 1386; baseline 0.002 -23"><span class='ocrx_word' id='word_1_140' title='bbox 2103 1312 2360 1382; x_wconf 78' lang='grc' dir='ltr'>ταροικίαν</span> <span class='ocrx_word' id='word_1_141' title='bbox 2394 1313 2492 1383; x_wconf 80' lang='grc' dir='ltr'>τὴν</span> <span class='ocrx_word' id='word_1_142' title='bbox 2517 1314 2635 1366; x_wconf 87' lang='grc' dir='ltr'>κατ’</span> <span class='ocrx_word' id='word_1_143' title='bbox 2666 1312 2842 1366; x_wconf 80' lang='grc' dir='ltr'>αὐτῶν</span> <span class='ocrx_word' id='word_1_144' title='bbox 2886 1312 3183 1383; x_wconf 78' lang='grc' dir='ltr'>γενομένην</span> <span class='ocrx_word' id='word_1_145' title='bbox 3234 1312 3448 1386; x_wconf 91' lang='grc' dir='ltr'>κρίσιν,</span> <span class='ocrx_word' id='word_1_146' title='bbox 3496 1312 3649 1381; x_wconf 82' lang='grc' dir='ltr'>ἀνῆλ·</span> 
     </span>
    </p>
   </div>
   <div class='ocr_carea' id='block_1_22' title="bbox 377 1392 3653 1480">
    <p class='ocr_par' dir='ltr' id='par_1_22' title="bbox 377 1392 3653 1480">
     <span class='ocr_line' id='line_1_22' title="bbox 377 1392 3653 1480; baseline 0.004 -34"><span class='ocrx_word' id='word_1_147' title='bbox 377 1392 471 1446; x_wconf 89' lang='grc' dir='ltr'><strong>θον</strong></span> <span class='ocrx_word' id='word_1_148' title='bbox 498 1392 651 1465; x_wconf 82' lang='grc' dir='ltr'><strong>παρά</strong></span> <span class='ocrx_word' id='word_1_149' title='bbox 679 1395 771 1449; x_wconf 81' lang='grc' dir='ltr'>τὸν</span> <span class='ocrx_word' id='word_1_150' title='bbox 811 1396 1172 1453; x_wconf 86' lang='grc' dir='ltr'>ἀσεϐέστατον</span> <span class='ocrx_word' id='word_1_151' title='bbox 1212 1398 1289 1469; x_wconf 68' lang='lat'><strong>(2)</strong></span> <span class='ocrx_word' id='word_1_152' title='bbox 1318 1398 1627 1468; x_wconf 79' lang='grc' dir='ltr'>Αὔγουστον</span> <span class='ocrx_word' id='word_1_153' title='bbox 1670 1403 2069 1467; x_wconf 79' lang='grc' dir='ltr'>Κωνστάντιον,</span> <span class='ocrx_word' id='word_1_154' title='bbox 2102 1406 2540 1477; x_wconf 67' lang='grc' dir='ltr'>ἀπαγγελοῦντες</span> <span class='ocrx_word' id='word_1_155' title='bbox 2569 1405 2718 1477; x_wconf 81' lang='grc' dir='ltr'><strong>αὑτῷ</strong></span> <span class='ocrx_word' id='word_1_156' title='bbox 2760 1406 2828 1461; x_wconf 81' lang='grc' dir='ltr'><strong>τὰ</strong></span> <span class='ocrx_word' id='word_1_157' title='bbox 2871 1405 3238 1478; x_wconf 82' lang='grc' dir='ltr'>πεπραγμένα</span> <span class='ocrx_word' id='word_1_158' title='bbox 3259 1423 3272 1437; x_wconf 67' lang='grc' dir='ltr'><strong>ι</strong></span> <span class='ocrx_word' id='word_1_159' title='bbox 3308 1406 3515 1478; x_wconf 84' lang='grc' dir='ltr'>ταύτην</span> <span class='ocrx_word' id='word_1_160' title='bbox 3544 1404 3653 1480; x_wconf 84' lang='grc' dir='ltr'><strong>γάρ</strong></span> 
     </span>
    </p>
   </div>
   <div class='ocr_carea' id='block_1_23' title="bbox 380 1480 2537 1568">
    <p class='ocr_par' dir='ltr' id='par_1_23' title="bbox 380 1480 2537 1568">
     <span class='ocr_line' id='line_1_23' title="bbox 380 1480 2537 1568; baseline 0.005 -28"><span class='ocrx_word' id='word_1_161' title='bbox 380 1480 525 1558; x_wconf 77' lang='grc' dir='ltr'>εἶχον</span> <span class='ocrx_word' id='word_1_162' title='bbox 553 1487 861 1558; x_wconf 76' lang='grc' dir='ltr'>πρόσταξιν.</span> <span class='ocrx_word' id='word_1_163' title='bbox 890 1490 999 1542; x_wconf 75' lang='grc' dir='ltr'><strong>Καὶ</strong></span> <span class='ocrx_word' id='word_1_164' title='bbox 1026 1490 1184 1543; x_wconf 75' lang='grc' dir='ltr'>τοῦτο</span> <span class='ocrx_word' id='word_1_165' title='bbox 1206 1491 1357 1554; x_wconf 82' lang='grc' dir='ltr'>τέλος</span> <span class='ocrx_word' id='word_1_166' title='bbox 1385 1493 1575 1562; x_wconf 84' lang='grc' dir='ltr'>γέγονε</span> <span class='ocrx_word' id='word_1_167' title='bbox 1610 1494 1706 1548; x_wconf 70' lang='grc' dir='ltr'><strong>καὶ</strong></span> <span class='ocrx_word' id='word_1_168' title='bbox 1737 1494 1843 1565; x_wconf 80' lang='grc' dir='ltr'>τῆς</span> <span class='ocrx_word' id='word_1_169' title='bbox 1876 1497 1933 1550; x_wconf 89' lang='grc' dir='ltr'><strong>ἐν</strong></span> <span class='ocrx_word' id='word_1_170' title='bbox 1972 1496 2260 1568; x_wconf 70' lang='grc' dir='ltr'>Σελευκείᾳ.</span> <span class='ocrx_word' id='word_1_171' title='bbox 2297 1498 2537 1551; x_wconf 77' lang='grc' dir='ltr'>συνόδου.</span> 
     </span>
    </p>
   </div>
   <div class='ocr_carea' id='block_1_24' title="bbox 451 1582 1997 1662">
    <p class='ocr_par' dir='ltr' id='par_1_24' title="bbox 451 1582 1997 1660">
     <span class='ocr_line' id='line_1_24' title="bbox 451 1582 1997 1660; baseline 0.005 -23"><span class='ocrx_word' id='word_1_172' title='bbox 451 1583 537 1639; x_wconf 80' lang='grc'><strong>15.</strong></span> <span class='ocrx_word' id='word_1_173' title='bbox 570 1582 706 1650; x_wconf 84' lang='lat' dir='ltr'><strong>Quis</strong></span> <span class='ocrx_word' id='word_1_174' title='bbox 745 1585 909 1654; x_wconf 84' lang='lat' dir='ltr'><strong>igitur</strong></span> <span class='ocrx_word' id='word_1_175' title='bbox 965 1602 1069 1641; x_wconf 90' lang='lat' dir='ltr'><strong>non</strong></span> <span class='ocrx_word' id='word_1_176' title='bbox 1098 1586 1413 1642; x_wconf 74' lang='lat' dir='ltr'><strong>laudaverit</strong></span> <span class='ocrx_word' id='word_1_177' title='bbox 1466 1589 1848 1660; x_wconf 88' lang='lat' dir='ltr'><strong>episcoporum</strong></span> <span class='ocrx_word' id='word_1_178' title='bbox 1904 1590 1958 1645; x_wconf 91' lang='lat' dir='ltr'><strong>in</strong></span> <span class='ocrx_word' id='word_1_179' title='bbox 1994 1645 1997 1652; x_wconf 35' lang='grc' dir='ltr'><strong><em>λ</em></strong></span> 
     </span>
    </p>
   </div>
   <div class='ocr_carea' id='block_1_25' title="bbox 2120 1582 3666 1662">
    <p class='ocr_par' dir='ltr' id='par_1_25' title="bbox 2134 1589 3666 1662">
     <span class='ocr_line' id='line_1_25' title="bbox 2134 1589 3666 1662; baseline -0.003 -17"><span class='ocrx_word' id='word_1_180' title='bbox 2134 1592 2220 1647; x_wconf 72' lang='grc'><strong>15.</strong></span> <span class='ocrx_word' id='word_1_181' title='bbox 2244 1593 2340 1657; x_wconf 84' lang='grc' dir='ltr'>Τίς</span> <span class='ocrx_word' id='word_1_182' title='bbox 2358 1592 2537 1646; x_wconf 85' lang='grc' dir='ltr'>τοίνυν</span> <span class='ocrx_word' id='word_1_183' title='bbox 2554 1594 2654 1647; x_wconf 82' lang='grc' dir='ltr'><strong>οὑκ</strong></span> <span class='ocrx_word' id='word_1_184' title='bbox 2687 1591 2752 1647; x_wconf 80' lang='grc' dir='ltr'>ἂν</span> <span class='ocrx_word' id='word_1_185' title='bbox 2783 1591 3101 1658; x_wconf 79' lang='grc' dir='ltr'>ἀποδέξαιτο</span> <span class='ocrx_word' id='word_1_186' title='bbox 3123 1592 3219 1662; x_wconf 78' lang='grc' dir='ltr'>μὲν</span> <span class='ocrx_word' id='word_1_187' title='bbox 3238 1590 3335 1660; x_wconf 79' lang='grc' dir='ltr'>τὴν</span> <span class='ocrx_word' id='word_1_188' title='bbox 3371 1589 3666 1644; x_wconf 76' lang='grc' dir='ltr'>εὐλάϐειαν.</span> 
     </span>
    </p>
   </div>
   <div class='ocr_carea' id='block_1_26' title="bbox 378 1675 1924 1757">
    <p class='ocr_par' dir='ltr' id='par_1_26' title="bbox 378 1675 1924 1753">
     <span class='ocr_line' id='line_1_26' title="bbox 378 1675 1924 1753; baseline 0.005 -25"><span class='ocrx_word' id='word_1_189' title='bbox 378 1675 710 1731; x_wconf 81' lang='lat' dir='ltr'><strong>Ariminensi</strong></span> <span class='ocrx_word' id='word_1_190' title='bbox 759 1678 968 1749; x_wconf 79' lang='lat' dir='ltr'><strong>synodo</strong></span> <span class='ocrx_word' id='word_1_191' title='bbox 1017 1688 1474 1749; x_wconf 79' lang='lat' dir='ltr'><strong>congregatorum</strong></span> <span class='ocrx_word' id='word_1_192' title='bbox 1508 1683 1817 1751; x_wconf 78' lang='lat' dir='ltr'><strong>pietatem?</strong></span> <span class='ocrx_word' id='word_1_193' title='bbox 1866 1700 1924 1753; x_wconf 80' lang='grc' dir='ltr'>(ιι</span> 
     </span>
    </p>
   </div>
   <div class='ocr_carea' id='block_1_27' title="bbox 2105 1675 3651 1757">
    <p class='ocr_par' dir='ltr' id='par_1_27' title="bbox 2105 1682 3651 1757">
     <span class='ocr_line' id='line_1_27' title="bbox 2105 1682 3651 1757; baseline -0.001 -21"><span class='ocrx_word' id='word_1_194' title='bbox 2105 1683 2174 1737; x_wconf 77' lang='grc' dir='ltr'>ῶν</span> <span class='ocrx_word' id='word_1_195' title='bbox 2192 1686 2249 1738; x_wconf 85' lang='grc' dir='ltr'><strong>ἐν</strong></span> <span class='ocrx_word' id='word_1_196' title='bbox 2267 1687 2331 1754; x_wconf 76' lang='grc' dir='ltr'><strong>τῇ</strong></span> <span class='ocrx_word' id='word_1_197' title='bbox 2349 1684 2612 1757; x_wconf 77' lang='grc' dir='ltr'>Ἀριμίνῳ</span> <span class='ocrx_word' id='word_1_198' title='bbox 2624 1684 2698 1755; x_wconf 84' lang='grc'>(5)</span> <span class='ocrx_word' id='word_1_199' title='bbox 2723 1683 2923 1754; x_wconf 83' lang='grc' dir='ltr'>συνόδῳ</span> <span class='ocrx_word' id='word_1_200' title='bbox 2939 1683 3297 1737; x_wconf 82' lang='grc' dir='ltr'>συνελθόντων</span> <span class='ocrx_word' id='word_1_201' title='bbox 3320 1682 3651 1746; x_wconf 83' lang='grc' dir='ltr'>ἐπισκόπων;</span> 
     </span>
    </p>
   </div>
   <div class='ocr_carea' id='block_1_28' title="bbox 382 1769 1928 1847">
    <p class='ocr_par' dir='ltr' id='par_1_28' title="bbox 382 1769 1928 1845">
     <span class='ocr_line' id='line_1_28' title="bbox 382 1769 1928 1845; baseline 0.002 -20"><span class='ocrx_word' id='word_1_202' title='bbox 382 1769 542 1842; x_wconf 75' lang='lat'><strong>581</strong></span> <span class='ocrx_word' id='word_1_203' title='bbox 573 1779 723 1827; x_wconf 88' lang='lat' dir='ltr'><strong>tanto</strong></span> <span class='ocrx_word' id='word_1_204' title='bbox 759 1771 975 1826; x_wconf 86' lang='lat' dir='ltr'><strong>itineris</strong></span> <span class='ocrx_word' id='word_1_205' title='bbox 1005 1772 1213 1837; x_wconf 87' lang='lat' dir='ltr'><strong>labore,</strong></span> <span class='ocrx_word' id='word_1_206' title='bbox 1246 1782 1324 1827; x_wconf 91' lang='lat' dir='ltr'><strong>tot</strong></span> <span class='ocrx_word' id='word_1_207' title='bbox 1350 1775 1517 1829; x_wconf 90' lang='lat' dir='ltr'><strong>maris</strong></span> <span class='ocrx_word' id='word_1_208' title='bbox 1551 1774 1814 1844; x_wconf 80' lang='lat' dir='ltr'><strong>periculis</strong></span> <span class='ocrx_word' id='word_1_209' title='bbox 1847 1791 1928 1845; x_wconf 76' lang='lat' dir='ltr'><strong>pel</strong></span> 
     </span>
    </p>
   </div>
   <div class='ocr_carea' id='block_1_29' title="bbox 2107 1769 3653 1847">
    <p class='ocr_par' dir='ltr' id='par_1_29' title="bbox 2107 1774 3653 1847">
     <span class='ocr_line' id='line_1_29' title="bbox 2107 1774 3653 1847; baseline -0.001 -18"><span class='ocrx_word' id='word_1_210' title='bbox 2107 1775 2116 1830; x_wconf 83' lang='lat'>!</span> <span class='ocrx_word' id='word_1_211' title='bbox 2137 1775 2390 1830; x_wconf 77' lang='grc' dir='ltr'>τοσοῦτον</span> <span class='ocrx_word' id='word_1_212' title='bbox 2412 1778 2657 1846; x_wconf 86' lang='grc' dir='ltr'>κάματον</span> <span class='ocrx_word' id='word_1_213' title='bbox 2678 1775 2819 1842; x_wconf 78' lang='grc' dir='ltr'>ὀδοῦ,</span> <span class='ocrx_word' id='word_1_214' title='bbox 2847 1777 2942 1830; x_wconf 69' lang='grc' dir='ltr'><strong>καὶ</strong></span> <span class='ocrx_word' id='word_1_215' title='bbox 2975 1775 3241 1847; x_wconf 80' lang='grc' dir='ltr'>θαλάττης</span> <span class='ocrx_word' id='word_1_216' title='bbox 3261 1774 3536 1839; x_wconf 78' lang='grc' dir='ltr'>κινδύνους</span> <span class='ocrx_word' id='word_1_217' title='bbox 3563 1777 3653 1829; x_wconf 89' lang='grc' dir='ltr'>ὑπ-</span> 
     </span>
    </p>
   </div>
   <div class='ocr_carea' id='block_1_30' title="bbox 380 1861 1926 1942">
    <p class='ocr_par' dir='ltr' id='par_1_30' title="bbox 380 1861 1926 1937">
     <span class='ocr_line' id='line_1_30' title="bbox 380 1861 1926 1937; baseline 0.003 -20"><span class='ocrx_word' id='word_1_218' title='bbox 380 1861 553 1918; x_wconf 82' lang='lat' dir='ltr'><strong>functi</strong></span> <span class='ocrx_word' id='word_1_219' title='bbox 578 1874 725 1927; x_wconf 90' lang='lat' dir='ltr'><strong>sunt,</strong></span> <span class='ocrx_word' id='word_1_220' title='bbox 750 1872 921 1918; x_wconf 88' lang='lat' dir='ltr'><strong>utens</strong></span> <span class='ocrx_word' id='word_1_221' title='bbox 944 1865 1035 1931; x_wconf 83' lang='lat' dir='ltr'><strong>qui</strong></span> <span class='ocrx_word' id='word_1_222' title='bbox 1068 1880 1192 1918; x_wconf 86' lang='lat' dir='ltr'><strong>cum</strong></span> <span class='ocrx_word' id='word_1_223' title='bbox 1224 1865 1354 1919; x_wconf 85' lang='lat' dir='ltr'><strong>Ario</strong></span> <span class='ocrx_word' id='word_1_224' title='bbox 1400 1867 1670 1921; x_wconf 80' lang='lat' dir='ltr'><strong>sentirent</strong></span> <span class='ocrx_word' id='word_1_225' title='bbox 1717 1868 1926 1937; x_wconf 86' lang='lat' dir='ltr'><strong>depone</strong></span> 
     </span>
    </p>
   </div>
   <div class='ocr_carea' id='block_1_31' title="bbox 2108 1861 3654 1942">
    <p class='ocr_par' dir='ltr' id='par_1_31' title="bbox 2108 1867 3654 1942">
     <span class='ocr_line' id='line_1_31' title="bbox 2108 1867 3654 1942; baseline 0.001 -19"><span class='ocrx_word' id='word_1_226' title='bbox 2108 1887 2309 1941; x_wconf 86' lang='grc' dir='ltr'>μειναν,</span> <span class='ocrx_word' id='word_1_227' title='bbox 2333 1869 2419 1923; x_wconf 81' lang='grc' dir='ltr'>ἵνα</span> <span class='ocrx_word' id='word_1_228' title='bbox 2444 1871 2571 1934; x_wconf 77' lang='grc' dir='ltr'>τοὺς</span> <span class='ocrx_word' id='word_1_229' title='bbox 2597 1870 2694 1941; x_wconf 78' lang='grc' dir='ltr'>μὲν</span> <span class='ocrx_word' id='word_1_230' title='bbox 2712 1869 3037 1942; x_wconf 75' lang='grc' dir='ltr'>φρονοῦντας</span> <span class='ocrx_word' id='word_1_231' title='bbox 3051 1868 3340 1939; x_wconf 76' lang='grc' dir='ltr'>τάἋρείου</span> <span class='ocrx_word' id='word_1_232' title='bbox 3364 1867 3654 1926; x_wconf 85' lang='grc' dir='ltr'>καθέλωσι.</span> 
     </span>
    </p>
   </div>
   <div class='ocr_carea' id='block_1_32' title="bbox 381 1956 1927 2034">
    <p class='ocr_par' dir='ltr' id='par_1_32' title="bbox 381 1956 1927 2029">
     <span class='ocr_line' id='line_1_32' title="bbox 381 1956 1927 2029; baseline 0.002 -18"><span class='ocrx_word' id='word_1_233' title='bbox 381 1963 527 2020; x_wconf 84' lang='lat' dir='ltr'><strong>rent,</strong></span> <span class='ocrx_word' id='word_1_234' title='bbox 544 1956 878 2027; x_wconf 87' lang='lat' dir='ltr'><strong>Palrttmque</strong></span> <span class='ocrx_word' id='word_1_235' title='bbox 902 1956 1249 2012; x_wconf 70' lang='lat' dir='ltr'><strong>definitiones</strong></span> <span class='ocrx_word' id='word_1_236' title='bbox 1270 1957 1513 2029; x_wconf 82' lang='lat' dir='ltr'><strong>integras</strong></span> <span class='ocrx_word' id='word_1_237' title='bbox 1540 1971 1844 2027; x_wconf 83' lang='lat' dir='ltr'><strong>servarent,</strong></span> <span class='ocrx_word' id='word_1_238' title='bbox 1881 1976 1927 2014; x_wconf 77' lang='lat' dir='ltr'><strong>rt</strong></span> 
     </span>
    </p>
   </div>
   <div class='ocr_carea' id='block_1_33' title="bbox 2112 1956 3658 2034">
    <p class='ocr_par' dir='ltr' id='par_1_33' title="bbox 2112 1960 3658 2034">
     <span class='ocr_line' id='line_1_33' title="bbox 2112 1960 3658 2034; baseline -0.001 -18"><span class='ocrx_word' id='word_1_239' title='bbox 2112 1964 2196 2027; x_wconf 76' lang='grc' dir='ltr'>οὺς</span> <span class='ocrx_word' id='word_1_240' title='bbox 2207 1963 2263 2017; x_wconf 88' lang='grc' dir='ltr'><strong>δέ</strong></span> <span class='ocrx_word' id='word_1_241' title='bbox 2279 1963 2387 2016; x_wconf 83' lang='grc' dir='ltr'><strong>τῶν</strong></span> <span class='ocrx_word' id='word_1_242' title='bbox 2406 1962 2662 2034; x_wconf 87' lang='grc' dir='ltr'>Πατέρων</span> <span class='ocrx_word' id='word_1_243' title='bbox 2676 1963 2835 2034; x_wconf 85' lang='grc' dir='ltr'>ὅρους</span> <span class='ocrx_word' id='word_1_244' title='bbox 2850 1961 3139 2034; x_wconf 86' lang='grc' dir='ltr'>ἀκεραίους</span> <span class='ocrx_word' id='word_1_245' title='bbox 3156 1960 3483 2028; x_wconf 79' lang='grc' dir='ltr'>φυλάξωσιν,</span> <span class='ocrx_word' id='word_1_246' title='bbox 3496 1961 3658 2024; x_wconf 81' lang='grc' dir='ltr'>ὁσίως</span> 
     </span>
    </p>
   </div>
   <div class='ocr_carea' id='block_1_34' title="bbox 382 2046 1928 2125">
    <p class='ocr_par' dir='ltr' id='par_1_34' title="bbox 382 2046 1928 2120">
     <span class='ocr_line' id='line_1_34' title="bbox 382 2046 1928 2120; baseline 0.001 -18"><span class='ocrx_word' id='word_1_247' title='bbox 382 2046 488 2102; x_wconf 86' lang='lat' dir='ltr'><strong>bus</strong></span> <span class='ocrx_word' id='word_1_248' title='bbox 517 2056 708 2103; x_wconf 89' lang='lat' dir='ltr'><strong>sancte</strong></span> <span class='ocrx_word' id='word_1_249' title='bbox 747 2056 801 2102; x_wconf 92' lang='lat' dir='ltr'><strong>et</strong></span> <span class='ocrx_word' id='word_1_250' title='bbox 829 2048 1091 2104; x_wconf 79' lang='lat' dir='ltr'><strong>canonice</strong></span> <span class='ocrx_word' id='word_1_251' title='bbox 1112 2050 1447 2105; x_wconf 87' lang='lat' dir='ltr'><strong>constitutis.</strong></span> <span class='ocrx_word' id='word_1_252' title='bbox 1480 2047 1791 2120; x_wconf 74' lang='lat' dir='ltr'><strong>Unicuique</strong></span> <span class='ocrx_word' id='word_1_253' title='bbox 1822 2050 1928 2105; x_wconf 74' lang='lat' dir='ltr'><strong>enin</strong></span> 
     </span>
    </p>
   </div>
   <div class='ocr_carea' id='block_1_35' title="bbox 2116 2046 3662 2125">
    <p class='ocr_par' dir='ltr' id='par_1_35' title="bbox 2116 2053 3662 2125">
     <span class='ocr_line' id='line_1_35' title="bbox 2116 2053 3662 2125; baseline -0.001 -16"><span class='ocrx_word' id='word_1_254' title='bbox 2116 2056 2166 2110; x_wconf 75' lang='grc' dir='ltr'>α).</span> <span class='ocrx_word' id='word_1_255' title='bbox 2202 2054 2500 2120; x_wconf 77' lang='grc' dir='ltr'>κανονικῶς</span> <span class='ocrx_word' id='word_1_256' title='bbox 2559 2055 2719 2109; x_wconf 80' lang='grc' dir='ltr'>τοῦτο</span> <span class='ocrx_word' id='word_1_257' title='bbox 2782 2054 3218 2125; x_wconf 82' lang='grc' dir='ltr'>βουλευσάμενοι.</span> <span class='ocrx_word' id='word_1_258' title='bbox 3295 2055 3507 2122; x_wconf 82' lang='grc' dir='ltr'>Ἠγεῖτο</span> <span class='ocrx_word' id='word_1_259' title='bbox 3552 2053 3662 2125; x_wconf 79' lang='grc' dir='ltr'><strong>γὰρ</strong></span> 
     </span>
    </p>
   </div>
   <div class='ocr_carea' id='block_1_36' title="bbox 382 2144 1928 2220">
    <p class='ocr_par' dir='ltr' id='par_1_36' title="bbox 382 2144 1928 2215">
     <span class='ocr_line' id='line_1_36' title="bbox 382 2144 1928 2215; baseline 0.003 -22"><span class='ocrx_word' id='word_1_260' title='bbox 382 2156 570 2195; x_wconf 87' lang='lat' dir='ltr'><strong>eorttm</strong></span> <span class='ocrx_word' id='word_1_261' title='bbox 598 2156 918 2210; x_wconf 76' lang='lat' dir='ltr'><strong>persuasum</strong></span> <span class='ocrx_word' id='word_1_262' title='bbox 955 2151 1094 2203; x_wconf 86' lang='lat' dir='ltr'><strong>erat.</strong></span> <span class='ocrx_word' id='word_1_263' title='bbox 1117 2144 1161 2198; x_wconf 90' lang='lat' dir='ltr'><strong>si</strong></span> <span class='ocrx_word' id='word_1_264' title='bbox 1195 2145 1463 2215; x_wconf 87' lang='lat' dir='ltr'><strong>majorum</strong></span> <span class='ocrx_word' id='word_1_265' title='bbox 1499 2159 1727 2199; x_wconf 88' lang='lat' dir='ltr'><strong>suorum</strong></span> <span class='ocrx_word' id='word_1_266' title='bbox 1750 2144 1928 2198; x_wconf 84' lang='lat' dir='ltr'><strong>tlecret</strong></span> 
     </span>
    </p>
   </div>
   <div class='ocr_carea' id='block_1_37' title="bbox 2117 2144 3663 2220">
    <p class='ocr_par' dir='ltr' id='par_1_37' title="bbox 2117 2144 3663 2220">
     <span class='ocr_line' id='line_1_37' title="bbox 2117 2144 3663 2220; baseline -0.002 -19"><span class='ocrx_word' id='word_1_267' title='bbox 2117 2165 2299 2211; x_wconf 85' lang='grc' dir='ltr'>ιαστος</span> <span class='ocrx_word' id='word_1_268' title='bbox 2318 2146 2518 2215; x_wconf 86' lang='grc' dir='ltr'>αὑτῶν,</span> <span class='ocrx_word' id='word_1_269' title='bbox 2532 2150 2581 2201; x_wconf 82' lang='grc' dir='ltr'>εἰ</span> <span class='ocrx_word' id='word_1_270' title='bbox 2595 2147 2812 2202; x_wconf 74' lang='grc' dir='ltr'>λύσαιεν</span> <span class='ocrx_word' id='word_1_271' title='bbox 2828 2148 2896 2202; x_wconf 72' lang='grc' dir='ltr'><strong>τὰ</strong></span> <span class='ocrx_word' id='word_1_272' title='bbox 2916 2146 3024 2201; x_wconf 80' lang='grc' dir='ltr'><strong>τῶν</strong></span> <span class='ocrx_word' id='word_1_273' title='bbox 3043 2146 3147 2220; x_wconf 82' lang='grc' dir='ltr'>πρὸ</span> <span class='ocrx_word' id='word_1_274' title='bbox 3168 2145 3367 2213; x_wconf 76' lang='grc' dir='ltr'>αὑτῶν,</span> <span class='ocrx_word' id='word_1_275' title='bbox 3389 2144 3663 2216; x_wconf 69' lang='grc' dir='ltr'>πρόφασιν</span> 
     </span>
    </p>
   </div>
   <div class='ocr_carea' id='block_1_38' title="bbox 384 2233 1930 2310">
    <p class='ocr_par' dir='ltr' id='par_1_38' title="bbox 384 2233 1930 2304">
     <span class='ocr_line' id='line_1_38' title="bbox 384 2233 1930 2304; baseline 0.001 -16"><span class='ocrx_word' id='word_1_276' title='bbox 384 2233 731 2304; x_wconf 80' lang='lat' dir='ltr'><strong>abrogarent,</strong></span> <span class='ocrx_word' id='word_1_277' title='bbox 764 2249 824 2289; x_wconf 84' lang='lat' dir='ltr'><strong>se.</strong></span> <span class='ocrx_word' id='word_1_278' title='bbox 852 2237 1087 2304; x_wconf 88' lang='lat' dir='ltr'><strong>posteris</strong></span> <span class='ocrx_word' id='word_1_279' title='bbox 1111 2237 1456 2293; x_wconf 85' lang='lat' dir='ltr'><strong>occasionem</strong></span> <span class='ocrx_word' id='word_1_280' title='bbox 1483 2235 1711 2291; x_wconf 89' lang='lat' dir='ltr'><strong>daturos</strong></span> <span class='ocrx_word' id='word_1_281' title='bbox 1735 2279 1751 2303; x_wconf 89' lang='lat'><strong>,</strong></span> <span class='ocrx_word' id='word_1_282' title='bbox 1788 2245 1847 2291; x_wconf 92' lang='lat' dir='ltr'><strong>ut</strong></span> <span class='ocrx_word' id='word_1_283' title='bbox 1882 2252 1930 2289; x_wconf 77' lang='lat' dir='ltr'><strong>re</strong></span> 
     </span>
    </p>
   </div>
   <div class='ocr_carea' id='block_1_39' title="bbox 2116 2233 3662 2310">
    <p class='ocr_par' dir='ltr' id='par_1_39' title="bbox 2116 2236 3662 2310">
     <span class='ocr_line' id='line_1_39' title="bbox 2116 2236 3662 2310; baseline -0.002 -19"><span class='ocrx_word' id='word_1_284' title='bbox 2116 2239 2270 2292; x_wconf 74' lang='grc' dir='ltr'>ιδόναι</span> <span class='ocrx_word' id='word_1_285' title='bbox 2302 2243 2417 2303; x_wconf 86' lang='grc' dir='ltr'>τοῖς</span> <span class='ocrx_word' id='word_1_286' title='bbox 2448 2239 2587 2310; x_wconf 87' lang='grc' dir='ltr'><strong>μετά</strong></span> <span class='ocrx_word' id='word_1_287' title='bbox 2618 2237 2818 2298; x_wconf 79' lang='grc' dir='ltr'>ταῦτα.</span> <span class='ocrx_word' id='word_1_288' title='bbox 2858 2238 2999 2293; x_wconf 82' lang='grc' dir='ltr'>ὥστε</span> <span class='ocrx_word' id='word_1_289' title='bbox 3031 2237 3195 2291; x_wconf 83' lang='grc' dir='ltr'>λῦσαι</span> <span class='ocrx_word' id='word_1_290' title='bbox 3225 2237 3295 2291; x_wconf 88' lang='grc' dir='ltr'><strong>τά</strong></span> <span class='ocrx_word' id='word_1_291' title='bbox 3324 2239 3454 2309; x_wconf 80' lang='grc' dir='ltr'>παρ’</span> <span class='ocrx_word' id='word_1_292' title='bbox 3483 2236 3662 2291; x_wconf 80' lang='grc' dir='ltr'>αὐτῶν</span> 
     </span>
    </p>
   </div>
   <div class='ocr_carea' id='block_1_40' title="bbox 384 2325 1930 2398">
    <p class='ocr_par' dir='ltr' id='par_1_40' title="bbox 384 2326 1930 2396">
     <span class='ocr_line' id='line_1_40' title="bbox 384 2326 1930 2396; baseline 0.001 -15"><span class='ocrx_word' id='word_1_293' title='bbox 384 2342 417 2381; x_wconf 87' lang='lat' dir='ltr'><strong>a</strong></span> <span class='ocrx_word' id='word_1_294' title='bbox 448 2341 508 2382; x_wconf 85' lang='lat' dir='ltr'><strong>se</strong></span> <span class='ocrx_word' id='word_1_295' title='bbox 530 2326 860 2383; x_wconf 59' lang='lat' dir='ltr'><strong>constitutas</strong></span> <span class='ocrx_word' id='word_1_296' title='bbox 899 2328 1084 2383; x_wconf 88' lang='lat' dir='ltr'><strong>irritas</strong></span> <span class='ocrx_word' id='word_1_297' title='bbox 1128 2327 1388 2384; x_wconf 80' lang='lat' dir='ltr'><strong>facerent.</strong></span> <span class='ocrx_word' id='word_1_298' title='bbox 1439 2327 1574 2396; x_wconf 88' lang='lat' dir='ltr'><strong>Quis</strong></span> <span class='ocrx_word' id='word_1_299' title='bbox 1612 2338 1804 2384; x_wconf 89' lang='lat' dir='ltr'><strong>contra</strong></span> <span class='ocrx_word' id='word_1_300' title='bbox 1861 2345 1930 2382; x_wconf 93' lang='lat' dir='ltr'><strong>no</strong></span> 
     </span>
    </p>
   </div>
   <div class='ocr_carea' id='block_1_41' title="bbox 2117 2325 3663 2398">
    <p class='ocr_par' dir='ltr' id='par_1_41' title="bbox 2117 2325 3663 2398">
     <span class='ocr_line' id='line_1_41' title="bbox 2117 2325 3663 2398; baseline -0.001 -19"><span class='ocrx_word' id='word_1_301' title='bbox 2117 2325 2169 2379; x_wconf 79' lang='grc' dir='ltr'>5ν</span> <span class='ocrx_word' id='word_1_302' title='bbox 2208 2328 2492 2398; x_wconf 83' lang='grc' dir='ltr'>γιγνόμενα</span> <span class='ocrx_word' id='word_1_303' title='bbox 2521 2326 2619 2398; x_wconf 67' lang='lat'><strong>(4).</strong></span> <span class='ocrx_word' id='word_1_304' title='bbox 2662 2327 2759 2391; x_wconf 81' lang='grc' dir='ltr'>Τίς</span> <span class='ocrx_word' id='word_1_305' title='bbox 2792 2326 2849 2381; x_wconf 89' lang='grc' dir='ltr'><strong>δέ</strong></span> <span class='ocrx_word' id='word_1_306' title='bbox 2884 2329 2983 2381; x_wconf 80' lang='grc' dir='ltr'><strong>οὑκ</strong></span> <span class='ocrx_word' id='word_1_307' title='bbox 3027 2327 3093 2381; x_wconf 80' lang='grc' dir='ltr'>ἂν</span> <span class='ocrx_word' id='word_1_308' title='bbox 3132 2327 3426 2397; x_wconf 79' lang='grc' dir='ltr'>καταγνοίη</span> <span class='ocrx_word' id='word_1_309' title='bbox 3447 2327 3544 2398; x_wconf 86' lang='grc' dir='ltr'>τῆς</span> <span class='ocrx_word' id='word_1_310' title='bbox 3574 2326 3663 2379; x_wconf 79' lang='grc' dir='ltr'>εὑ-</span> 
     </span>
    </p>
   </div>
   <div class='ocr_carea' id='block_1_42' title="bbox 385 2416 1931 2492">
    <p class='ocr_par' dir='ltr' id='par_1_42' title="bbox 385 2417 1931 2491">
     <span class='ocr_line' id='line_1_42' title="bbox 385 2417 1931 2491; baseline 0.003 -21"><span class='ocrx_word' id='word_1_311' title='bbox 385 2417 707 2486; x_wconf 88' lang='lat' dir='ltr'><strong>improbarit</strong></span> <span class='ocrx_word' id='word_1_312' title='bbox 733 2420 1093 2475; x_wconf 83' lang='lat' dir='ltr'><strong>temeritatem</strong></span> <span class='ocrx_word' id='word_1_313' title='bbox 1125 2419 1355 2475; x_wconf 84' lang='lat' dir='ltr'><strong>Eudoxii</strong></span> <span class='ocrx_word' id='word_1_314' title='bbox 1384 2430 1436 2475; x_wconf 90' lang='lat' dir='ltr'><strong>et</strong></span> <span class='ocrx_word' id='word_1_315' title='bbox 1467 2420 1646 2477; x_wconf 84' lang='lat' dir='ltr'><strong>Acacii</strong></span> <span class='ocrx_word' id='word_1_316' title='bbox 1670 2461 1686 2486; x_wconf 89' lang='lat'><strong>,</strong></span> <span class='ocrx_word' id='word_1_317' title='bbox 1732 2420 1827 2491; x_wconf 92' lang='lat' dir='ltr'><strong>qui</strong></span> <span class='ocrx_word' id='word_1_318' title='bbox 1859 2418 1931 2474; x_wconf 75' lang='lat' dir='ltr'><strong>Pa</strong></span> 
     </span>
    </p>
   </div>
   <div class='ocr_carea' id='block_1_43' title="bbox 2119 2416 3665 2492">
    <p class='ocr_par' dir='ltr' id='par_1_43' title="bbox 2119 2416 3665 2492">
     <span class='ocr_line' id='line_1_43' title="bbox 2119 2416 3665 2492; baseline -0.003 -21"><span class='ocrx_word' id='word_1_319' title='bbox 2119 2420 2295 2491; x_wconf 82' lang='grc' dir='ltr'>ερείας</span> <span class='ocrx_word' id='word_1_320' title='bbox 2324 2419 2432 2473; x_wconf 85' lang='grc' dir='ltr'><strong>τῶν</strong></span> <span class='ocrx_word' id='word_1_321' title='bbox 2462 2421 2589 2492; x_wconf 71' lang='grc' dir='ltr'>περὶ</span> <span class='ocrx_word' id='word_1_322' title='bbox 2618 2417 2867 2484; x_wconf 81' lang='grc' dir='ltr'>Εὑδόξιον</span> <span class='ocrx_word' id='word_1_323' title='bbox 2896 2420 2990 2472; x_wconf 76' lang='grc' dir='ltr'>καὶ</span> <span class='ocrx_word' id='word_1_324' title='bbox 3035 2418 3315 2485; x_wconf 79' lang='grc' dir='ltr'>Ἀκάκιον,</span> <span class='ocrx_word' id='word_1_325' title='bbox 3346 2417 3395 2471; x_wconf 80' lang='grc' dir='ltr'>οἳ</span> <span class='ocrx_word' id='word_1_326' title='bbox 3425 2417 3525 2489; x_wconf 75' lang='grc' dir='ltr'><strong>τήν</strong></span> <span class='ocrx_word' id='word_1_327' title='bbox 3554 2416 3665 2469; x_wconf 83' lang='grc' dir='ltr'>τῶν</span> 
     </span>
    </p>
   </div>
   <div class='ocr_carea' id='block_1_44' title="bbox 390 2507 1936 2583">
    <p class='ocr_par' dir='ltr' id='par_1_44' title="bbox 390 2512 1936 2578">
     <span class='ocr_line' id='line_1_44' title="bbox 390 2512 1936 2578; baseline 0.001 -14"><span class='ocrx_word' id='word_1_328' title='bbox 390 2520 536 2564; x_wconf 86' lang='lat' dir='ltr'><strong>trum</strong></span> <span class='ocrx_word' id='word_1_329' title='bbox 569 2525 795 2565; x_wconf 89' lang='lat' dir='ltr'><strong>suorum</strong></span> <span class='ocrx_word' id='word_1_330' title='bbox 826 2512 1114 2578; x_wconf 80' lang='lat' dir='ltr'><strong>honorem,</strong></span> <span class='ocrx_word' id='word_1_331' title='bbox 1167 2513 1633 2568; x_wconf 75' lang='lat' dir='ltr'><strong>Ariontanitarum</strong></span> <span class='ocrx_word' id='word_1_332' title='bbox 1687 2512 1869 2567; x_wconf 88' lang='lat' dir='ltr'><strong>studio</strong></span> <span class='ocrx_word' id='word_1_333' title='bbox 1919 2528 1936 2566; x_wconf 79' lang='grc' dir='ltr'><strong>ε</strong></span> 
     </span>
    </p>
   </div>
   <div class='ocr_carea' id='block_1_45' title="bbox 2120 2507 3666 2583">
    <p class='ocr_par' dir='ltr' id='par_1_45' title="bbox 2120 2507 3666 2583">
     <span class='ocr_line' id='line_1_45' title="bbox 2120 2507 3666 2583; baseline -0.003 -20"><span class='ocrx_word' id='word_1_334' title='bbox 2120 2509 2288 2563; x_wconf 78' lang='grc' dir='ltr'>ιυτῶν</span> <span class='ocrx_word' id='word_1_335' title='bbox 2328 2511 2587 2583; x_wconf 90' lang='grc' dir='ltr'>Πατέρων</span> <span class='ocrx_word' id='word_1_336' title='bbox 2633 2510 2797 2581; x_wconf 84' lang='grc' dir='ltr'>τιμὴν</span> <span class='ocrx_word' id='word_1_337' title='bbox 2855 2511 3178 2583; x_wconf 82' lang='grc' dir='ltr'>προπίνουσι</span> <span class='ocrx_word' id='word_1_338' title='bbox 3228 2512 3295 2581; x_wconf 79' lang='grc' dir='ltr'>τῇ</span> <span class='ocrx_word' id='word_1_339' title='bbox 3353 2507 3489 2580; x_wconf 77' lang='grc' dir='ltr'>πρὸς</span> <span class='ocrx_word' id='word_1_340' title='bbox 3539 2508 3666 2570; x_wconf 76' lang='grc' dir='ltr'>τοὺς</span> 
     </span>
    </p>
   </div>
   <div class='ocr_carea' id='block_1_46' title="bbox 390 2598 1936 2675">
    <p class='ocr_par' dir='ltr' id='par_1_46' title="bbox 390 2600 1936 2671">
     <span class='ocr_line' id='line_1_46' title="bbox 390 2600 1936 2671; baseline 0.003 -19"><span class='ocrx_word' id='word_1_341' title='bbox 390 2600 581 2670; x_wconf 67' lang='lat' dir='ltr'><strong>gratiae</strong></span> <span class='ocrx_word' id='word_1_342' title='bbox 630 2601 961 2671; x_wconf 74' lang='lat' dir='ltr'><strong>propinant?</strong></span> <span class='ocrx_word' id='word_1_343' title='bbox 1005 2600 1266 2669; x_wconf 79' lang='lat' dir='ltr'><strong>Quaenam</strong></span> <span class='ocrx_word' id='word_1_344' title='bbox 1318 2603 1450 2658; x_wconf 88' lang='lat' dir='ltr'><strong>lides</strong></span> <span class='ocrx_word' id='word_1_345' title='bbox 1484 2618 1676 2658; x_wconf 89' lang='lat' dir='ltr'><strong>eorum</strong></span> <span class='ocrx_word' id='word_1_346' title='bbox 1730 2603 1890 2664; x_wconf 83' lang='lat' dir='ltr'><strong>actis,</strong></span> <span class='ocrx_word' id='word_1_347' title='bbox 1927 2619 1936 2656; x_wconf 79' lang='grc' dir='ltr'><strong>ι</strong></span> 
     </span>
    </p>
   </div>
   <div class='ocr_carea' id='block_1_47' title="bbox 2121 2598 3667 2675">
    <p class='ocr_par' dir='ltr' id='par_1_47' title="bbox 2121 2598 3667 2675">
     <span class='ocr_line' id='line_1_47' title="bbox 2121 2598 3667 2675; baseline -0.005 -19"><span class='ocrx_word' id='word_1_348' title='bbox 2121 2603 2504 2675; x_wconf 52' lang='grc' dir='ltr'>λρειομανίτας</span> <span class='ocrx_word' id='word_1_349' title='bbox 2536 2602 2737 2674; x_wconf 81' lang='grc' dir='ltr'>σπουδῇ</span> <span class='ocrx_word' id='word_1_350' title='bbox 2775 2602 2869 2657; x_wconf 80' lang='grc' dir='ltr'>καὶ</span> <span class='ocrx_word' id='word_1_351' title='bbox 2903 2602 3120 2673; x_wconf 84' lang='grc' dir='ltr'>χάριτι;</span> <span class='ocrx_word' id='word_1_352' title='bbox 3151 2600 3288 2654; x_wconf 85' lang='grc' dir='ltr'>Ποία</span> <span class='ocrx_word' id='word_1_353' title='bbox 3322 2599 3432 2670; x_wconf 85' lang='grc' dir='ltr'>γὰρ</span> <span class='ocrx_word' id='word_1_354' title='bbox 3484 2598 3667 2660; x_wconf 79' lang='grc' dir='ltr'>πίστις</span> 
     </span>
    </p>
   </div>
   <div class='ocr_carea' id='block_1_48' title="bbox 389 2692 1935 2771">
    <p class='ocr_par' dir='ltr' id='par_1_48' title="bbox 389 2692 1935 2761">
     <span class='ocr_line' id='line_1_48' title="bbox 389 2692 1935 2761; baseline 0 -15"><span class='ocrx_word' id='word_1_355' title='bbox 389 2692 662 2761; x_wconf 85' lang='lat' dir='ltr'><strong>majorum</strong></span> <span class='ocrx_word' id='word_1_356' title='bbox 692 2693 974 2750; x_wconf 86' lang='lat' dir='ltr'><strong>solvantur</strong></span> <span class='ocrx_word' id='word_1_357' title='bbox 999 2696 1167 2750; x_wconf 83' lang='lat' dir='ltr'><strong>acta?</strong></span> <span class='ocrx_word' id='word_1_358' title='bbox 1194 2704 1287 2749; x_wconf 90' lang='lat' dir='ltr'><strong>aut</strong></span> <span class='ocrx_word' id='word_1_359' title='bbox 1312 2711 1410 2749; x_wconf 88' lang='lat' dir='ltr'><strong>cur</strong></span> <span class='ocrx_word' id='word_1_360' title='bbox 1444 2693 1634 2750; x_wconf 81' lang='lat' dir='ltr'><strong>Patres</strong></span> <span class='ocrx_word' id='word_1_361' title='bbox 1659 2703 1857 2750; x_wconf 86' lang='lat' dir='ltr'><strong>vocant</strong></span> <span class='ocrx_word' id='word_1_362' title='bbox 1879 2710 1935 2748; x_wconf 82' lang='lat' dir='ltr'><strong>eo</strong></span> 
     </span>
    </p>
   </div>
   <div class='ocr_carea' id='block_1_49' title="bbox 2119 2692 3665 2771">
    <p class='ocr_par' dir='ltr' id='par_1_49' title="bbox 2119 2692 3665 2771">
     <span class='ocr_line' id='line_1_49' title="bbox 2119 2692 3665 2771; baseline -0.005 -21"><span class='ocrx_word' id='word_1_363' title='bbox 2119 2700 2190 2761; x_wconf 80' lang='grc' dir='ltr'>οἷς</span> <span class='ocrx_word' id='word_1_364' title='bbox 2217 2698 2347 2771; x_wconf 82' lang='grc' dir='ltr'>παρ’</span> <span class='ocrx_word' id='word_1_365' title='bbox 2370 2695 2551 2750; x_wconf 78' lang='grc' dir='ltr'>αὐτῶν</span> <span class='ocrx_word' id='word_1_366' title='bbox 2577 2696 2905 2767; x_wconf 80' lang='grc' dir='ltr'>γινομένοις,</span> <span class='ocrx_word' id='word_1_367' title='bbox 2935 2697 2983 2748; x_wconf 79' lang='grc' dir='ltr'>εἰ</span> <span class='ocrx_word' id='word_1_368' title='bbox 3007 2695 3076 2748; x_wconf 73' lang='grc' dir='ltr'>τὰ</span> <span class='ocrx_word' id='word_1_369' title='bbox 3104 2693 3211 2747; x_wconf 83' lang='grc' dir='ltr'>τῶν</span> <span class='ocrx_word' id='word_1_370' title='bbox 3241 2692 3523 2766; x_wconf 81' lang='grc' dir='ltr'>προτέρων</span> <span class='ocrx_word' id='word_1_371' title='bbox 3565 2708 3665 2744; x_wconf 87' lang='grc' dir='ltr'>κα-</span> 
     </span>
    </p>
   </div>
   <div class='ocr_carea' id='block_1_50' title="bbox 388 2781 1934 2860">
    <p class='ocr_par' dir='ltr' id='par_1_50' title="bbox 388 2783 1934 2854">
     <span class='ocr_line' id='line_1_50' title="bbox 388 2783 1934 2854; baseline -0.001 -18"><span class='ocrx_word' id='word_1_372' title='bbox 388 2783 594 2853; x_wconf 89' lang='lat' dir='ltr'><strong>quibus</strong></span> <span class='ocrx_word' id='word_1_373' title='bbox 644 2784 720 2838; x_wconf 92' lang='lat' dir='ltr'><strong>illi</strong></span> <span class='ocrx_word' id='word_1_374' title='bbox 771 2799 1109 2851; x_wconf 87' lang='lat' dir='ltr'><strong>successere,</strong></span> <span class='ocrx_word' id='word_1_375' title='bbox 1145 2799 1381 2854; x_wconf 88' lang='lat' dir='ltr'><strong>quorum</strong></span> <span class='ocrx_word' id='word_1_376' title='bbox 1427 2792 1608 2838; x_wconf 88' lang='lat' dir='ltr'><strong>tamen</strong></span> <span class='ocrx_word' id='word_1_377' title='bbox 1646 2785 1934 2839; x_wconf 75' lang='lat' dir='ltr'><strong>sententia:</strong></span> 
     </span>
    </p>
   </div>
   <div class='ocr_carea' id='block_1_51' title="bbox 2146 2781 3692 2860">
    <p class='ocr_par' dir='ltr' id='par_1_51' title="bbox 2146 2781 3692 2860">
     <span class='ocr_line' id='line_1_51' title="bbox 2146 2781 3692 2860; baseline -0.004 -20"><span class='ocrx_word' id='word_1_378' title='bbox 2146 2790 2335 2844; x_wconf 77' lang='grc' dir='ltr'>λύεται</span> <span class='ocrx_word' id='word_1_379' title='bbox 2367 2806 2382 2855; x_wconf 89' lang='grc'><strong>;</strong></span> <span class='ocrx_word' id='word_1_380' title='bbox 2417 2788 2595 2860; x_wconf 82' lang='grc' dir='ltr'>ήπῶς</span> <span class='ocrx_word' id='word_1_381' title='bbox 2633 2788 2885 2860; x_wconf 84' lang='grc' dir='ltr'>Πατέρας</span> <span class='ocrx_word' id='word_1_382' title='bbox 2938 2785 3330 2858; x_wconf 66' lang='grc' dir='ltr'>ὀνομάζουσιν,</span> <span class='ocrx_word' id='word_1_383' title='bbox 3373 2783 3466 2848; x_wconf 78' lang='grc' dir='ltr'>οὓς</span> <span class='ocrx_word' id='word_1_384' title='bbox 3500 2781 3692 2837; x_wconf 63' lang='grc' dir='ltr'>διεδέοη</span> 
     </span>
    </p>
   </div>
   <div class='ocr_carea' id='block_1_52' title="bbox 390 2875 1936 2951">
    <p class='ocr_par' dir='ltr' id='par_1_52' title="bbox 390 2875 1936 2951">
     <span class='ocr_line' id='line_1_52' title="bbox 390 2875 1936 2951; baseline -0.003 -21"><span class='ocrx_word' id='word_1_385' title='bbox 390 2875 793 2931; x_wconf 75' lang='lat' dir='ltr'><strong>criminantur?</strong></span> <span class='ocrx_word' id='word_1_386' title='bbox 822 2876 1127 2932; x_wconf 72' lang='lat' dir='ltr'><strong>Praesertim</strong></span> <span class='ocrx_word' id='word_1_387' title='bbox 1158 2877 1391 2951; x_wconf 74' lang='lat' dir='ltr'><strong>Aeacius</strong></span> <span class='ocrx_word' id='word_1_388' title='bbox 1419 2875 1682 2947; x_wconf 86' lang='lat' dir='ltr'><strong>quidnam</strong></span> <span class='ocrx_word' id='word_1_389' title='bbox 1710 2876 1776 2931; x_wconf 88' lang='lat' dir='ltr'><strong>de</strong></span> <span class='ocrx_word' id='word_1_390' title='bbox 1803 2876 1936 2947; x_wconf 60' lang='lat' dir='ltr'><strong>magi</strong></span> 
     </span>
    </p>
   </div>
   <div class='ocr_carea' id='block_1_53' title="bbox 2121 2875 3667 2951">
    <p class='ocr_par' dir='ltr' id='par_1_53' title="bbox 2121 2875 3667 2951">
     <span class='ocr_line' id='line_1_53' title="bbox 2121 2875 3667 2951; baseline -0.006 -16"><span class='ocrx_word' id='word_1_391' title='bbox 2121 2900 2267 2948; x_wconf 91' lang='grc' dir='ltr'>αντο,</span> <span class='ocrx_word' id='word_1_392' title='bbox 2304 2875 2379 2935; x_wconf 85' lang='grc' dir='ltr'>ὧν</span> <span class='ocrx_word' id='word_1_393' title='bbox 2430 2882 2584 2935; x_wconf 73' lang='grc' dir='ltr'>αὐτοὶ</span> <span class='ocrx_word' id='word_1_394' title='bbox 2630 2881 2731 2951; x_wconf 84' lang='grc' dir='ltr'>τῆς</span> <span class='ocrx_word' id='word_1_395' title='bbox 2773 2880 2998 2951; x_wconf 84' lang='grc' dir='ltr'>γνώμης</span> <span class='ocrx_word' id='word_1_396' title='bbox 3050 2880 3345 2949; x_wconf 86' lang='grc' dir='ltr'>κατήγοροι</span> <span class='ocrx_word' id='word_1_397' title='bbox 3389 2877 3667 2945; x_wconf 80' lang='grc' dir='ltr'>γίνονταις</span> 
     </span>
    </p>
   </div>
   <div class='ocr_carea' id='block_1_54' title="bbox 391 2948 1937 3039">
    <p class='ocr_par' dir='ltr' id='par_1_54' title="bbox 391 2948 1937 3038">
     <span class='ocr_line' id='line_1_54' title="bbox 391 2948 1937 3038; baseline -0.003 -15"><span class='ocrx_word' id='word_1_398' title='bbox 391 2977 506 3023; x_wconf 80' lang='lat' dir='ltr'><strong>stro</strong></span> <span class='ocrx_word' id='word_1_399' title='bbox 540 2983 642 3023; x_wconf 90' lang='lat' dir='ltr'><strong>suo</strong></span> <span class='ocrx_word' id='word_1_400' title='bbox 690 2967 926 3023; x_wconf 82' lang='lat' dir='ltr'><strong>Eusebio</strong></span> <span class='ocrx_word' id='word_1_401' title='bbox 971 2967 1194 3033; x_wconf 78' lang='lat' dir='ltr'><strong>dixerit,</strong></span> <span class='ocrx_word' id='word_1_402' title='bbox 1235 2948 1349 3038; x_wconf 22' lang='lat' dir='ltr'><strong>uni</strong></span> <span class='ocrx_word' id='word_1_403' title='bbox 1385 2984 1493 3022; x_wconf 89' lang='lat' dir='ltr'><strong>non</strong></span> <span class='ocrx_word' id='word_1_404' title='bbox 1549 2968 1712 3023; x_wconf 87' lang='lat' dir='ltr'><strong>modo</strong></span> <span class='ocrx_word' id='word_1_405' title='bbox 1742 2965 1937 3022; x_wconf 64' lang='lat' dir='ltr'><strong>N-icten:</strong></span> 
     </span>
    </p>
   </div>
   <div class='ocr_carea' id='block_1_55' title="bbox 2127 2948 3673 3039">
    <p class='ocr_par' dir='ltr' id='par_1_55' title="bbox 2127 2948 3673 3039">
     <span class='ocr_line' id='line_1_55' title="bbox 2127 2948 3673 3039; baseline -0.006 -14"><span class='ocrx_word' id='word_1_406' title='bbox 2127 2971 2341 3025; x_wconf 86' lang='grc' dir='ltr'>Ῑάλιστα</span> <span class='ocrx_word' id='word_1_407' title='bbox 2375 2972 2433 3025; x_wconf 79' lang='grc' dir='ltr'>δὲ</span> <span class='ocrx_word' id='word_1_408' title='bbox 2470 2948 2720 3035; x_wconf 81' lang='grc' dir='ltr'>Ἀκάκιος</span> <span class='ocrx_word' id='word_1_409' title='bbox 2753 2948 2804 3025; x_wconf 88' lang='grc' dir='ltr'><strong>τί</strong></span> <span class='ocrx_word' id='word_1_410' title='bbox 2836 2948 2904 3023; x_wconf 85' lang='grc' dir='ltr'>ἂν</span> <span class='ocrx_word' id='word_1_411' title='bbox 2936 2948 3079 3022; x_wconf 77' lang='grc' dir='ltr'>εἴποι</span> <span class='ocrx_word' id='word_1_412' title='bbox 3109 2948 3549 3039; x_wconf 16' lang='grc' dir='ltr'>πρδςίῐείὐσέϐιον</span> <span class='ocrx_word' id='word_1_413' title='bbox 3579 2965 3673 3018; x_wconf 72' lang='grc' dir='ltr'><strong>τὸν</strong></span> 
     </span>
    </p>
   </div>
   <div class='ocr_carea' id='block_1_56' title="bbox 392 3058 1938 3133">
    <p class='ocr_par' dir='ltr' id='par_1_56' title="bbox 392 3058 1938 3129">
     <span class='ocr_line' id='line_1_56' title="bbox 392 3058 1938 3129; baseline -0.001 -17"><span class='ocrx_word' id='word_1_414' title='bbox 392 3060 603 3129; x_wconf 80' lang='lat' dir='ltr'><strong>synodo</strong></span> <span class='ocrx_word' id='word_1_415' title='bbox 641 3058 1008 3129; x_wconf 87' lang='lat' dir='ltr'><strong>subscripsit,</strong></span> <span class='ocrx_word' id='word_1_416' title='bbox 1059 3059 1151 3114; x_wconf 89' lang='lat' dir='ltr'><strong>sed</strong></span> <span class='ocrx_word' id='word_1_417' title='bbox 1182 3074 1280 3127; x_wconf 85' lang='lat' dir='ltr'><strong>per</strong></span> <span class='ocrx_word' id='word_1_418' title='bbox 1325 3058 1611 3128; x_wconf 86' lang='lat' dir='ltr'><strong>epistolam</strong></span> <span class='ocrx_word' id='word_1_419' title='bbox 1663 3058 1807 3128; x_wconf 90' lang='lat' dir='ltr'><strong>plebi</strong></span> <span class='ocrx_word' id='word_1_420' title='bbox 1866 3075 1938 3112; x_wconf 83' lang='lat' dir='ltr'><strong>su:</strong></span> 
     </span>
    </p>
   </div>
   <div class='ocr_carea' id='block_1_57' title="bbox 2125 3058 3671 3133">
    <p class='ocr_par' dir='ltr' id='par_1_57' title="bbox 2125 3058 3671 3133">
     <span class='ocr_line' id='line_1_57' title="bbox 2125 3058 3671 3133; baseline -0.004 -17"><span class='ocrx_word' id='word_1_421' title='bbox 2125 3062 2279 3116; x_wconf 80' lang='grc' dir='ltr'>ιυτοῦ</span> <span class='ocrx_word' id='word_1_422' title='bbox 2330 3062 2668 3123; x_wconf 83' lang='grc' dir='ltr'>διδάσκαλον,</span> <span class='ocrx_word' id='word_1_423' title='bbox 2729 3062 2790 3127; x_wconf 83' lang='grc' dir='ltr'>ὃς</span> <span class='ocrx_word' id='word_1_424' title='bbox 2815 3062 2875 3115; x_wconf 88' lang='grc' dir='ltr'><strong>οὑ</strong></span> <span class='ocrx_word' id='word_1_425' title='bbox 2933 3061 3092 3133; x_wconf 88' lang='grc' dir='ltr'>μόνον</span> <span class='ocrx_word' id='word_1_426' title='bbox 3141 3059 3460 3131; x_wconf 66' lang='grc' dir='ltr'>ὑπέγραψεν</span> <span class='ocrx_word' id='word_1_427' title='bbox 3516 3058 3574 3111; x_wconf 89' lang='grc' dir='ltr'><strong>ἐν</strong></span> <span class='ocrx_word' id='word_1_428' title='bbox 3604 3059 3671 3127; x_wconf 77' lang='grc' dir='ltr'>τῇ</span> 
     </span>
    </p>
   </div>
   <div class='ocr_carea' id='block_1_58' title="bbox 391 3148 1937 3226">
    <p class='ocr_par' dir='ltr' id='par_1_58' title="bbox 391 3148 1932 3222">
     <span class='ocr_line' id='line_1_58' title="bbox 391 3148 1932 3222; baseline -0.002 -17"><span class='ocrx_word' id='word_1_429' title='bbox 391 3150 719 3220; x_wconf 76' lang='lat' dir='ltr'><strong>signiﬁcavit</strong></span> <span class='ocrx_word' id='word_1_430' title='bbox 745 3151 821 3222; x_wconf 89' lang='grc' dir='ltr'><strong>(ι)</strong></span> <span class='ocrx_word' id='word_1_431' title='bbox 846 3193 860 3217; x_wconf 91' lang='grc'><strong>,</strong></span> <span class='ocrx_word' id='word_1_432' title='bbox 895 3151 1034 3205; x_wconf 83' lang='lat' dir='ltr'><strong>hanc</strong></span> <span class='ocrx_word' id='word_1_433' title='bbox 1066 3164 1186 3206; x_wconf 88' lang='lat' dir='ltr'><strong>esse</strong></span> <span class='ocrx_word' id='word_1_434' title='bbox 1220 3165 1401 3205; x_wconf 82' lang='lat' dir='ltr'><strong>veram</strong></span> <span class='ocrx_word' id='word_1_435' title='bbox 1431 3150 1612 3210; x_wconf 74' lang='lat' dir='ltr'><strong>(idem.</strong></span> <span class='ocrx_word' id='word_1_436' title='bbox 1648 3166 1770 3219; x_wconf 67' lang='lat' dir='ltr'><strong>qua:</strong></span> <span class='ocrx_word' id='word_1_437' title='bbox 1796 3149 1849 3203; x_wconf 93' lang='lat' dir='ltr'><strong>in</strong></span> <span class='ocrx_word' id='word_1_438' title='bbox 1889 3148 1932 3202; x_wconf 88' lang='lat' dir='ltr'><strong>N</strong></span> 
     </span>
    </p>
   </div>
   <div class='ocr_carea' id='block_1_59' title="bbox 2128 3148 3674 3226">
    <p class='ocr_par' dir='ltr' id='par_1_59' title="bbox 2128 3148 3674 3226">
     <span class='ocr_line' id='line_1_59' title="bbox 2128 3148 3674 3226; baseline -0.005 -16"><span class='ocrx_word' id='word_1_439' title='bbox 2128 3156 2231 3211; x_wconf 73' lang='grc' dir='ltr'>ατὰ.</span> <span class='ocrx_word' id='word_1_440' title='bbox 2256 3156 2490 3211; x_wconf 79' lang='grc' dir='ltr'>Νίκαιαν</span> <span class='ocrx_word' id='word_1_441' title='bbox 2519 3156 2740 3221; x_wconf 73' lang='grc' dir='ltr'>συνόδῳ.</span> <span class='ocrx_word' id='word_1_442' title='bbox 2772 3154 2906 3209; x_wconf 81' lang='grc' dir='ltr'>ἀλλὰ</span> <span class='ocrx_word' id='word_1_443' title='bbox 2933 3153 3040 3226; x_wconf 79' lang='grc' dir='ltr'><strong>γὰρ</strong></span> <span class='ocrx_word' id='word_1_444' title='bbox 3076 3152 3151 3223; x_wconf 84' lang='lat'><strong>(5)</strong></span> <span class='ocrx_word' id='word_1_445' title='bbox 3186 3153 3281 3206; x_wconf 76' lang='grc' dir='ltr'>καὶ</span> <span class='ocrx_word' id='word_1_446' title='bbox 3298 3152 3362 3205; x_wconf 83' lang='grc' dir='ltr'><strong>δι’</strong></span> <span class='ocrx_word' id='word_1_447' title='bbox 3386 3148 3674 3219; x_wconf 75' lang='grc' dir='ltr'>ἐπιστολῆς</span> 
     </span>
    </p>
   </div>
   <div class='ocr_carea' id='block_1_60' title="bbox 394 3239 1940 3320">
    <p class='ocr_par' dir='ltr' id='par_1_60' title="bbox 394 3239 1940 3313">
     <span class='ocr_line' id='line_1_60' title="bbox 394 3239 1940 3313; baseline -0.001 -18"><span class='ocrx_word' id='word_1_448' title='bbox 394 3257 545 3295; x_wconf 69' lang='lat' dir='ltr'><strong>caena</strong></span> <span class='ocrx_word' id='word_1_449' title='bbox 589 3242 796 3313; x_wconf 86' lang='lat' dir='ltr'><strong>synodo</strong></span> <span class='ocrx_word' id='word_1_450' title='bbox 828 3242 1108 3297; x_wconf 85' lang='lat' dir='ltr'><strong>declarata</strong></span> <span class='ocrx_word' id='word_1_451' title='bbox 1138 3241 1319 3297; x_wconf 85' lang='lat' dir='ltr'><strong>esset?</strong></span> <span class='ocrx_word' id='word_1_452' title='bbox 1355 3239 1563 3294; x_wconf 86' lang='lat' dir='ltr'><strong>Etenim</strong></span> <span class='ocrx_word' id='word_1_453' title='bbox 1593 3241 1718 3295; x_wconf 85' lang='lat' dir='ltr'><strong>licet</strong></span> <span class='ocrx_word' id='word_1_454' title='bbox 1753 3241 1940 3295; x_wconf 81' lang='lat' dir='ltr'><strong>arbitri</strong></span> 
     </span>
    </p>
   </div>
   <div class='ocr_carea' id='block_1_61' title="bbox 2129 3239 3675 3320">
    <p class='ocr_par' dir='ltr' id='par_1_61' title="bbox 2129 3239 3675 3320">
     <span class='ocr_line' id='line_1_61' title="bbox 2129 3239 3675 3320; baseline -0.005 -19"><span class='ocrx_word' id='word_1_455' title='bbox 2129 3248 2321 3320; x_wconf 74' lang='grc' dir='ltr'>Ξήλωσε</span> <span class='ocrx_word' id='word_1_456' title='bbox 2372 3250 2484 3312; x_wconf 86' lang='grc' dir='ltr'>τοῖς</span> <span class='ocrx_word' id='word_1_457' title='bbox 2518 3248 2609 3300; x_wconf 79' lang='grc' dir='ltr'>ὑπ’</span> <span class='ocrx_word' id='word_1_458' title='bbox 2644 3247 2804 3301; x_wconf 83' lang='grc' dir='ltr'>αὑτὸν</span> <span class='ocrx_word' id='word_1_459' title='bbox 2837 3246 2986 3310; x_wconf 85' lang='grc' dir='ltr'>λαοῖς</span> <span class='ocrx_word' id='word_1_460' title='bbox 3040 3245 3244 3315; x_wconf 78' lang='grc' dir='ltr'>ταύτην</span> <span class='ocrx_word' id='word_1_461' title='bbox 3295 3239 3434 3297; x_wconf 86' lang='grc' dir='ltr'>εἶναι</span> <span class='ocrx_word' id='word_1_462' title='bbox 3491 3240 3675 3296; x_wconf 83' lang='grc' dir='ltr'>πίστιν</span> 
     </span>
    </p>
   </div>
   <div class='ocr_carea' id='block_1_62' title="bbox 395 3336 1941 3412">
    <p class='ocr_par' dir='ltr' id='par_1_62' title="bbox 395 3337 1941 3407">
     <span class='ocr_line' id='line_1_62' title="bbox 395 3337 1941 3407; baseline -0.001 -17"><span class='ocrx_word' id='word_1_463' title='bbox 395 3350 499 3390; x_wconf 78' lang='lat' dir='ltr'><strong>suo</strong></span> <span class='ocrx_word' id='word_1_464' title='bbox 533 3351 652 3392; x_wconf 87' lang='lat' dir='ltr'><strong>sese</strong></span> <span class='ocrx_word' id='word_1_465' title='bbox 687 3352 781 3406; x_wconf 89' lang='lat' dir='ltr'><strong>per</strong></span> <span class='ocrx_word' id='word_1_466' title='bbox 808 3337 1093 3407; x_wconf 87' lang='lat' dir='ltr'><strong>epistolam</strong></span> <span class='ocrx_word' id='word_1_467' title='bbox 1124 3337 1400 3391; x_wconf 81' lang='lat' dir='ltr'><strong>excusarit</strong></span> <span class='ocrx_word' id='word_1_468' title='bbox 1420 3375 1435 3401; x_wconf 90' lang='lat'><strong>,</strong></span> <span class='ocrx_word' id='word_1_469' title='bbox 1464 3338 1627 3391; x_wconf 83' lang='lat' dir='ltr'><strong>verba</strong></span> <span class='ocrx_word' id='word_1_470' title='bbox 1664 3346 1843 3391; x_wconf 88' lang='lat' dir='ltr'><strong>tamen</strong></span> <span class='ocrx_word' id='word_1_471' title='bbox 1874 3353 1941 3390; x_wconf 87' lang='lat' dir='ltr'><strong>nn</strong></span> 
     </span>
    </p>
   </div>
   <div class='ocr_carea' id='block_1_63' title="bbox 2127 3336 3673 3412">
    <p class='ocr_par' dir='ltr' id='par_1_63' title="bbox 2127 3336 3673 3412">
     <span class='ocr_line' id='line_1_63' title="bbox 2127 3336 3673 3412; baseline -0.004 -19"><span class='ocrx_word' id='word_1_472' title='bbox 2127 3340 2283 3412; x_wconf 87' lang='grc' dir='ltr'>ληθῆ,</span> <span class='ocrx_word' id='word_1_473' title='bbox 2319 3340 2418 3411; x_wconf 76' lang='grc' dir='ltr'><strong>τήν</strong></span> <span class='ocrx_word' id='word_1_474' title='bbox 2441 3339 2863 3411; x_wconf 75' lang='grc' dir='ltr'>ὁμολογηθεῖσαν</span> <span class='ocrx_word' id='word_1_475' title='bbox 2890 3340 2948 3391; x_wconf 88' lang='grc' dir='ltr'><strong>ἐν</strong></span> <span class='ocrx_word' id='word_1_476' title='bbox 2981 3340 3046 3409; x_wconf 86' lang='grc' dir='ltr'>τῇ</span> <span class='ocrx_word' id='word_1_477' title='bbox 3097 3337 3237 3391; x_wconf 77' lang='grc' dir='ltr'>κατὰ</span> <span class='ocrx_word' id='word_1_478' title='bbox 3263 3336 3497 3390; x_wconf 77' lang='grc' dir='ltr'>Νίκαιαν</span> <span class='ocrx_word' id='word_1_479' title='bbox 3546 3350 3673 3403; x_wconf 69' lang='grc' dir='ltr'>συν-</span> 
     </span>
    </p>
   </div>
   <div class='ocr_carea' id='block_1_64' title="bbox 396 3426 1942 3504">
    <p class='ocr_par' dir='ltr' id='par_1_64' title="bbox 396 3428 1942 3499">
     <span class='ocr_line' id='line_1_64' title="bbox 396 3428 1942 3499; baseline 0.001 -16"><span class='ocrx_word' id='word_1_480' title='bbox 396 3429 635 3499; x_wconf 77' lang='lat' dir='ltr'><strong>negavit,</strong></span> <span class='ocrx_word' id='word_1_481' title='bbox 666 3428 778 3483; x_wconf 92' lang='lat' dir='ltr'><strong>imo</strong></span> <span class='ocrx_word' id='word_1_482' title='bbox 809 3429 1158 3499; x_wconf 79' lang='lat' dir='ltr'><strong>reprehendit</strong></span> <span class='ocrx_word' id='word_1_483' title='bbox 1193 3429 1448 3492; x_wconf 85' lang='lat' dir='ltr'><strong>Arianos,</strong></span> <span class='ocrx_word' id='word_1_484' title='bbox 1494 3430 1638 3499; x_wconf 81' lang='lat' dir='ltr'><strong>quod</strong></span> <span class='ocrx_word' id='word_1_485' title='bbox 1674 3445 1800 3484; x_wconf 91' lang='lat' dir='ltr'><strong>cum</strong></span> <span class='ocrx_word' id='word_1_486' title='bbox 1829 3429 1942 3484; x_wconf 83' lang='lat' dir='ltr'><strong>dice</strong></span> 
     </span>
    </p>
   </div>
   <div class='ocr_carea' id='block_1_65' title="bbox 2152 3426 3698 3504">
    <p class='ocr_par' dir='ltr' id='par_1_65' title="bbox 2152 3426 3698 3504">
     <span class='ocr_line' id='line_1_65' title="bbox 2152 3426 3698 3504; baseline -0.005 -18"><span class='ocrx_word' id='word_1_487' title='bbox 2152 3450 2227 3504; x_wconf 72' lang='lat' dir='ltr'><strong>ip;</strong></span> <span class='ocrx_word' id='word_1_488' title='bbox 2255 3433 2304 3485; x_wconf 83' lang='lat' dir='ltr'><strong>el</strong></span> <span class='ocrx_word' id='word_1_489' title='bbox 2331 3432 2438 3503; x_wconf 78' lang='grc' dir='ltr'>γὰρ</span> <span class='ocrx_word' id='word_1_490' title='bbox 2482 3431 2575 3484; x_wconf 74' lang='grc' dir='ltr'><strong>καὶ</strong></span> <span class='ocrx_word' id='word_1_491' title='bbox 2620 3431 2694 3495; x_wconf 85' lang='grc' dir='ltr'>ὡς</span> <span class='ocrx_word' id='word_1_492' title='bbox 2737 3430 2999 3501; x_wconf 73' lang='grc' dir='ltr'>ἠθέλησεν</span> <span class='ocrx_word' id='word_1_493' title='bbox 3026 3429 3401 3500; x_wconf 85' lang='grc' dir='ltr'>ἀπελογήσατο</span> <span class='ocrx_word' id='word_1_494' title='bbox 3442 3426 3529 3482; x_wconf 88' lang='grc' dir='ltr'><strong>διά</strong></span> <span class='ocrx_word' id='word_1_495' title='bbox 3575 3427 3698 3497; x_wconf 79' lang='grc' dir='ltr'>τῆς.</span> 
     </span>
    </p>
   </div>
   <div class='ocr_carea' id='block_1_66' title="bbox 399 3516 1945 3593">
    <p class='ocr_par' dir='ltr' id='par_1_66' title="bbox 399 3520 1945 3593">
     <span class='ocr_line' id='line_1_66' title="bbox 399 3520 1945 3593; baseline 0.001 -18"><span class='ocrx_word' id='word_1_496' title='bbox 399 3531 541 3586; x_wconf 88' lang='lat' dir='ltr'><strong>rent,</strong></span> <span class='ocrx_word' id='word_1_497' title='bbox 578 3521 751 3577; x_wconf 87' lang='lat' dir='ltr'><strong>Filius</strong></span> <span class='ocrx_word' id='word_1_498' title='bbox 787 3540 895 3577; x_wconf 90' lang='lat' dir='ltr'><strong>non</strong></span> <span class='ocrx_word' id='word_1_499' title='bbox 926 3520 1356 3593; x_wconf 69' lang='lat' dir='ltr'><strong>eratantequam</strong></span> <span class='ocrx_word' id='word_1_500' title='bbox 1392 3524 1726 3593; x_wconf 79' lang='lat' dir='ltr'><strong>gigneretur,</strong></span> <span class='ocrx_word' id='word_1_501' title='bbox 1766 3538 1833 3578; x_wconf 88' lang='lat' dir='ltr'><strong>ne</strong></span> <span class='ocrx_word' id='word_1_502' title='bbox 1860 3536 1945 3577; x_wconf 88' lang='lat' dir='ltr'><strong>aut</strong></span> 
     </span>
    </p>
   </div>
   <div class='ocr_carea' id='block_1_67' title="bbox 2132 3516 3678 3593">
    <p class='ocr_par' dir='ltr' id='par_1_67' title="bbox 2132 3516 3678 3592">
     <span class='ocr_line' id='line_1_67' title="bbox 2132 3516 3678 3592; baseline -0.003 -17"><span class='ocrx_word' id='word_1_503' title='bbox 2132 3522 2400 3592; x_wconf 74' lang='grc' dir='ltr'>πιστολῆς,</span> <span class='ocrx_word' id='word_1_504' title='bbox 2436 3521 2572 3575; x_wconf 82' lang='grc' dir='ltr'>ἀλλά</span> <span class='ocrx_word' id='word_1_505' title='bbox 2598 3538 2662 3590; x_wconf 90' lang='grc' dir='ltr'><strong>γε</strong></span> <span class='ocrx_word' id='word_1_506' title='bbox 2695 3519 2792 3584; x_wconf 76' lang='grc' dir='ltr'><strong>τάς</strong></span> <span class='ocrx_word' id='word_1_507' title='bbox 2825 3520 3001 3587; x_wconf 80' lang='grc' dir='ltr'>λέξεις</span> <span class='ocrx_word' id='word_1_508' title='bbox 3046 3521 3146 3573; x_wconf 83' lang='grc' dir='ltr'>οὐκ</span> <span class='ocrx_word' id='word_1_509' title='bbox 3191 3520 3488 3591; x_wconf 71' lang='grc' dir='ltr'>ἠρνήσατο,</span> <span class='ocrx_word' id='word_1_510' title='bbox 3543 3516 3678 3571; x_wconf 81' lang='grc' dir='ltr'><strong>ἀλλά</strong></span> 
     </span>
    </p>
   </div>
   <div class='ocr_carea' id='block_1_68' title="bbox 403 3601 1949 3686">
    <p class='ocr_par' dir='ltr' id='par_1_68' title="bbox 403 3614 1949 3686">
     <span class='ocr_line' id='line_1_68' title="bbox 403 3614 1949 3686; baseline 0.001 -18"><span class='ocrx_word' id='word_1_511' title='bbox 403 3614 629 3669; x_wconf 84' lang='lat' dir='ltr'><strong>Mariam</strong></span> <span class='ocrx_word' id='word_1_512' title='bbox 671 3616 889 3685; x_wconf 88' lang='lat' dir='ltr'><strong>quidem</strong></span> <span class='ocrx_word' id='word_1_513' title='bbox 917 3632 1038 3669; x_wconf 91' lang='lat' dir='ltr'><strong>eum</strong></span> <span class='ocrx_word' id='word_1_514' title='bbox 1062 3631 1185 3671; x_wconf 89' lang='lat' dir='ltr'><strong>esse</strong></span> <span class='ocrx_word' id='word_1_515' title='bbox 1209 3617 1421 3671; x_wconf 80' lang='lat' dir='ltr'><strong>vellent.</strong></span> <span class='ocrx_word' id='word_1_516' title='bbox 1453 3614 1594 3682; x_wconf 87' lang='lat' dir='ltr'><strong>Quid</strong></span> <span class='ocrx_word' id='word_1_517' title='bbox 1623 3632 1786 3686; x_wconf 91' lang='lat' dir='ltr'><strong>porro</strong></span> <span class='ocrx_word' id='word_1_518' title='bbox 1812 3632 1949 3686; x_wconf 91' lang='lat' dir='ltr'><strong>popu</strong></span> 
     </span>
    </p>
   </div>
   <div class='ocr_carea' id='block_1_69' title="bbox 2132 3601 3678 3686">
    <p class='ocr_par' dir='ltr' id='par_1_69' title="bbox 2132 3601 3678 3683">
     <span class='ocr_line' id='line_1_69' title="bbox 2132 3601 3678 3683; baseline -0.005 -17"><span class='ocrx_word' id='word_1_519' title='bbox 2132 3613 2187 3667; x_wconf 66' lang='grc' dir='ltr'>αἱ</span> <span class='ocrx_word' id='word_1_520' title='bbox 2208 3612 2552 3683; x_wconf 80' lang='grc' dir='ltr'>κατηγόρησε</span> <span class='ocrx_word' id='word_1_521' title='bbox 2575 3609 2683 3664; x_wconf 85' lang='grc' dir='ltr'><strong>τῶν</strong></span> <span class='ocrx_word' id='word_1_522' title='bbox 2721 3609 3034 3679; x_wconf 85' lang='grc' dir='ltr'>Ἀρειανῶν,</span> <span class='ocrx_word' id='word_1_523' title='bbox 3056 3609 3137 3662; x_wconf 84' lang='grc' dir='ltr'>ὅτι</span> <span class='ocrx_word' id='word_1_524' title='bbox 3163 3606 3437 3677; x_wconf 83' lang='grc' dir='ltr'>λέγοντες,</span> <span class='ocrx_word' id='word_1_525' title='bbox 3472 3606 3588 3659; x_wconf 77' lang='grc' dir='ltr'><strong>Οὐκ</strong></span> <span class='ocrx_word' id='word_1_526' title='bbox 3610 3601 3678 3677; x_wconf 75' lang='grc' dir='ltr'>ἦν</span> 
     </span>
    </p>
   </div>
   <div class='ocr_carea' id='block_1_70' title="bbox 401 3695 1947 3776">
    <p class='ocr_par' dir='ltr' id='par_1_70' title="bbox 401 3707 1947 3765">
     <span class='ocr_line' id='line_1_70' title="bbox 401 3707 1947 3765; baseline 0 -2"><span class='ocrx_word' id='word_1_527' title='bbox 401 3711 483 3764; x_wconf 90' lang='lat' dir='ltr'><strong>los</strong></span> <span class='ocrx_word' id='word_1_528' title='bbox 504 3709 780 3764; x_wconf 73' lang='lat' dir='ltr'><strong>docebunt</strong></span> <span class='ocrx_word' id='word_1_529' title='bbox 820 3711 890 3764; x_wconf 86' lang='lat' dir='ltr'><strong>ab</strong></span> <span class='ocrx_word' id='word_1_530' title='bbox 924 3709 1031 3764; x_wconf 91' lang='lat' dir='ltr'><strong>illis</strong></span> <span class='ocrx_word' id='word_1_531' title='bbox 1058 3707 1375 3765; x_wconf 88' lang='lat' dir='ltr'><strong>institutos?</strong></span> <span class='ocrx_word' id='word_1_532' title='bbox 1400 3725 1467 3763; x_wconf 89' lang='lat' dir='ltr'><strong>an</strong></span> <span class='ocrx_word' id='word_1_533' title='bbox 1492 3725 1708 3765; x_wconf 82' lang='lat' dir='ltr'><strong>errasse</strong></span> <span class='ocrx_word' id='word_1_534' title='bbox 1758 3708 1947 3764; x_wconf 85' lang='lat' dir='ltr'><strong>Patres</strong></span> 
     </span>
    </p>
   </div>
   <div class='ocr_carea' id='block_1_71' title="bbox 2150 3695 3696 3776">
    <p class='ocr_par' dir='ltr' id='par_1_71' title="bbox 2150 3695 3696 3773">
     <span class='ocr_line' id='line_1_71' title="bbox 2150 3695 3696 3773; baseline -0.005 -18"><span class='ocrx_word' id='word_1_535' title='bbox 2150 3704 2221 3757; x_wconf 71' lang='grc' dir='ltr'>ιὶν</span> <span class='ocrx_word' id='word_1_536' title='bbox 2253 3704 2487 3773; x_wconf 82' lang='grc' dir='ltr'>γεννηθῇ</span> <span class='ocrx_word' id='word_1_537' title='bbox 2511 3703 2539 3754; x_wconf 86' lang='grc' dir='ltr'>ὁ</span> <span class='ocrx_word' id='word_1_538' title='bbox 2573 3700 2715 3763; x_wconf 79' lang='grc' dir='ltr'>Υἱὸς.</span> <span class='ocrx_word' id='word_1_539' title='bbox 2743 3699 2865 3753; x_wconf 78' lang='grc' dir='ltr'><strong>οὑδέ</strong></span> <span class='ocrx_word' id='word_1_540' title='bbox 2896 3699 3003 3771; x_wconf 78' lang='grc' dir='ltr'>πρὸ</span> <span class='ocrx_word' id='word_1_541' title='bbox 3033 3698 3252 3770; x_wconf 83' lang='grc' dir='ltr'>Μαρίας</span> <span class='ocrx_word' id='word_1_542' title='bbox 3299 3696 3461 3753; x_wconf 75' lang='grc' dir='ltr'>αὑτὸν</span> <span class='ocrx_word' id='word_1_543' title='bbox 3488 3695 3696 3768; x_wconf 81' lang='grc' dir='ltr'>ήθελον-</span> 
     </span>
    </p>
   </div>
   <div class='ocr_carea' id='block_1_72' title="bbox 400 3788 1946 3870">
    <p class='ocr_par' dir='ltr' id='par_1_72' title="bbox 400 3800 1946 3870">
     <span class='ocr_line' id='line_1_72' title="bbox 400 3800 1946 3870; baseline 0.005 -22"><span class='ocrx_word' id='word_1_544' title='bbox 400 3800 493 3870; x_wconf 84' lang='lat' dir='ltr'><strong>qui</strong></span> <span class='ocrx_word' id='word_1_545' title='bbox 523 3800 683 3856; x_wconf 90' lang='lat' dir='ltr'><strong>dictis</strong></span> <span class='ocrx_word' id='word_1_546' title='bbox 713 3816 903 3855; x_wconf 89' lang='lat' dir='ltr'><strong>eorum</strong></span> <span class='ocrx_word' id='word_1_547' title='bbox 938 3802 1096 3854; x_wconf 85' lang='lat' dir='ltr'><strong>Iidem</strong></span> <span class='ocrx_word' id='word_1_548' title='bbox 1137 3800 1417 3856; x_wconf 88' lang='lat' dir='ltr'><strong>habebunt</strong></span> <span class='ocrx_word' id='word_1_549' title='bbox 1459 3800 1739 3870; x_wconf 85' lang='lat' dir='ltr'><strong>discipuli.</strong></span> <span class='ocrx_word' id='word_1_550' title='bbox 1784 3800 1946 3870; x_wconf 86' lang='lat' dir='ltr'><strong>quibu</strong></span> 
     </span>
    </p>
   </div>
   <div class='ocr_carea' id='block_1_73' title="bbox 2133 3788 3679 3870">
    <p class='ocr_par' dir='ltr' id='par_1_73' title="bbox 2133 3788 3679 3865">
     <span class='ocr_line' id='line_1_73' title="bbox 2133 3788 3679 3865; baseline -0.003 -19"><span class='ocrx_word' id='word_1_551' title='bbox 2133 3792 2250 3850; x_wconf 78' lang='grc' dir='ltr'>ῖναι.</span> <span class='ocrx_word' id='word_1_552' title='bbox 2285 3795 2354 3848; x_wconf 84' lang='grc' dir='ltr'>Τί</span> <span class='ocrx_word' id='word_1_553' title='bbox 2373 3794 2482 3865; x_wconf 84' lang='grc' dir='ltr'><strong>ἀρα</strong></span> <span class='ocrx_word' id='word_1_554' title='bbox 2517 3793 2610 3847; x_wconf 71' lang='grc' dir='ltr'>καὶ</span> <span class='ocrx_word' id='word_1_555' title='bbox 2636 3791 2905 3858; x_wconf 77' lang='grc' dir='ltr'>διδάξουσι</span> <span class='ocrx_word' id='word_1_556' title='bbox 2931 3790 3007 3862; x_wconf 83' lang='grc'><strong>(6)</strong></span> <span class='ocrx_word' id='word_1_557' title='bbox 3030 3791 3156 3854; x_wconf 74' lang='grc' dir='ltr'>τοὺς</span> <span class='ocrx_word' id='word_1_558' title='bbox 3186 3788 3368 3853; x_wconf 77' lang='grc' dir='ltr'>λαοὺς.</span> <span class='ocrx_word' id='word_1_559' title='bbox 3399 3790 3526 3853; x_wconf 76' lang='grc' dir='ltr'>τοὺς</span> <span class='ocrx_word' id='word_1_560' title='bbox 3550 3789 3679 3860; x_wconf 89' lang='grc' dir='ltr'>παρ’</span> 
     </span>
    </p>
   </div>
   <div class='ocr_carea' id='block_1_74' title="bbox 404 3880 1950 3967">
    <p class='ocr_par' dir='ltr' id='par_1_74' title="bbox 404 3892 1950 3967">
     <span class='ocr_line' id='line_1_74' title="bbox 404 3892 1950 3967; baseline -0.001 -18"><span class='ocrx_word' id='word_1_561' title='bbox 404 3894 639 3949; x_wconf 82' lang='lat' dir='ltr'><strong>suadent</strong></span> <span class='ocrx_word' id='word_1_562' title='bbox 674 3895 749 3949; x_wconf 92' lang='lat' dir='ltr'><strong>illi</strong></span> <span class='ocrx_word' id='word_1_563' title='bbox 782 3904 841 3949; x_wconf 93' lang='lat' dir='ltr'><strong>ut</strong></span> <span class='ocrx_word' id='word_1_564' title='bbox 872 3895 1153 3967; x_wconf 77' lang='lat' dir='ltr'><strong>magistris</strong></span> <span class='ocrx_word' id='word_1_565' title='bbox 1182 3911 1289 3949; x_wconf 91' lang='lat' dir='ltr'><strong>non</strong></span> <span class='ocrx_word' id='word_1_566' title='bbox 1331 3893 1745 3961; x_wconf 67' lang='lat' dir='ltr'><strong>obtemperent?</strong></span> <span class='ocrx_word' id='word_1_567' title='bbox 1778 3892 1950 3959; x_wconf 88' lang='lat' dir='ltr'><strong>Quibu</strong></span> 
     </span>
    </p>
   </div>
   <div class='ocr_carea' id='block_1_75' title="bbox 2137 3880 3683 3967">
    <p class='ocr_par' dir='ltr' id='par_1_75' title="bbox 2137 3880 3683 3959">
     <span class='ocr_line' id='line_1_75' title="bbox 2137 3880 3683 3959; baseline -0.007 -16"><span class='ocrx_word' id='word_1_568' title='bbox 2137 3889 2311 3943; x_wconf 66' lang='grc' dir='ltr'>ξείνων</span> <span class='ocrx_word' id='word_1_569' title='bbox 2336 3886 2714 3959; x_wconf 88' lang='grc' dir='ltr'>διδαχθέντας;</span> <span class='ocrx_word' id='word_1_570' title='bbox 2749 3885 2829 3938; x_wconf 86' lang='grc' dir='ltr'>ὅτι</span> <span class='ocrx_word' id='word_1_571' title='bbox 2856 3882 3169 3953; x_wconf 76' lang='grc' dir='ltr'>ἐσφάλησαν</span> <span class='ocrx_word' id='word_1_572' title='bbox 3196 3883 3245 3934; x_wconf 89' lang='grc' dir='ltr'>οἱ</span> <span class='ocrx_word' id='word_1_573' title='bbox 3279 3880 3561 3952; x_wconf 77' lang='grc' dir='ltr'>Πατέρες;</span> <span class='ocrx_word' id='word_1_574' title='bbox 3590 3880 3683 3933; x_wconf 69' lang='grc' dir='ltr'>καὶ</span> 
     </span>
    </p>
   </div>
   <div class='ocr_carea' id='block_1_76' title="bbox 400 3974 1946 4055">
    <p class='ocr_par' dir='ltr' id='par_1_76' title="bbox 400 3985 1946 4055">
     <span class='ocr_line' id='line_1_76' title="bbox 400 3985 1946 4055; baseline -0.001 -16"><span class='ocrx_word' id='word_1_575' title='bbox 400 3986 578 4042; x_wconf 88' lang='lat' dir='ltr'><strong>oculis</strong></span> <span class='ocrx_word' id='word_1_576' title='bbox 611 3986 971 4041; x_wconf 89' lang='lat' dir='ltr'><strong>intuebuntur</strong></span> <span class='ocrx_word' id='word_1_577' title='bbox 996 3996 1353 4041; x_wconf 88' lang='lat' dir='ltr'><strong>monumenta</strong></span> <span class='ocrx_word' id='word_1_578' title='bbox 1390 3985 1611 4041; x_wconf 89' lang='lat' dir='ltr'><strong>Patrum</strong></span> <span class='ocrx_word' id='word_1_579' title='bbox 1633 4026 1647 4044; x_wconf 91' lang='lat'><strong>.</strong></span> <span class='ocrx_word' id='word_1_580' title='bbox 1673 4000 1814 4055; x_wconf 86' lang='lat' dir='ltr'><strong>quos</strong></span> <span class='ocrx_word' id='word_1_581' title='bbox 1846 4002 1946 4038; x_wconf 79' lang='lat' dir='ltr'><strong>nun</strong></span> 
     </span>
    </p>
   </div>
   <div class='ocr_carea' id='block_1_77' title="bbox 2138 3974 3684 4055">
    <p class='ocr_par' dir='ltr' id='par_1_77' title="bbox 2138 3974 3684 4050">
     <span class='ocr_line' id='line_1_77' title="bbox 2138 3974 3684 4050; baseline -0.007 -14"><span class='ocrx_word' id='word_1_582' title='bbox 2138 3982 2212 4044; x_wconf 83' lang='grc' dir='ltr'>ὦς</span> <span class='ocrx_word' id='word_1_583' title='bbox 2234 3981 2388 4035; x_wconf 73' lang='grc' dir='ltr'>αὐτοὶ</span> <span class='ocrx_word' id='word_1_584' title='bbox 2414 3979 2863 4050; x_wconf 85' lang='grc' dir='ltr'>πιστευθήσονται</span> <span class='ocrx_word' id='word_1_585' title='bbox 2886 3979 3016 4048; x_wconf 74' lang='grc' dir='ltr'>παρ’</span> <span class='ocrx_word' id='word_1_586' title='bbox 3034 3976 3237 4041; x_wconf 75' lang='grc' dir='ltr'>αὐτοῖς,</span> <span class='ocrx_word' id='word_1_587' title='bbox 3264 3974 3356 4039; x_wconf 69' lang='grc' dir='ltr'>οὓς</span> <span class='ocrx_word' id='word_1_588' title='bbox 3374 3974 3684 4029; x_wconf 78' lang='grc' dir='ltr'>διδάσκουσι</span> 
     </span>
    </p>
   </div>
   <div class='ocr_carea' id='block_1_78' title="bbox 406 4066 1952 4149">
    <p class='ocr_par' dir='ltr' id='par_1_78' title="bbox 406 4077 1952 4149">
     <span class='ocr_line' id='line_1_78' title="bbox 406 4077 1952 4149; baseline -0.002 -17"><span class='ocrx_word' id='word_1_589' title='bbox 406 4087 607 4133; x_wconf 83' lang='lat' dir='ltr'><strong>vocant</strong></span> <span class='ocrx_word' id='word_1_590' title='bbox 636 4078 959 4134; x_wconf 67' lang='lat' dir='ltr'><strong>haereticos?</strong></span> <span class='ocrx_word' id='word_1_591' title='bbox 992 4079 1105 4134; x_wconf 84' lang='lat' dir='ltr'><strong>Cur</strong></span> <span class='ocrx_word' id='word_1_592' title='bbox 1134 4077 1574 4144; x_wconf 88' lang='lat' dir='ltr'><strong>Valcntinianos,</strong></span> <span class='ocrx_word' id='word_1_593' title='bbox 1615 4077 1952 4149; x_wconf 80' lang='lat' dir='ltr'><strong>Cataphryga</strong></span> 
     </span>
    </p>
   </div>
   <div class='ocr_carea' id='block_1_79' title="bbox 2136 4066 3682 4149">
    <p class='ocr_par' dir='ltr' id='par_1_79' title="bbox 2136 4066 3682 4146">
     <span class='ocr_line' id='line_1_79' title="bbox 2136 4066 3682 4146; baseline -0.006 -19"><span class='ocrx_word' id='word_1_594' title='bbox 2136 4072 2432 4146; x_wconf 66' lang='lat' dir='ltr'><strong>apaxodatv</strong></span> <span class='ocrx_word' id='word_1_595' title='bbox 2457 4071 2563 4126; x_wconf 82' lang='grc' dir='ltr'><strong>τῶν</strong></span> <span class='ocrx_word' id='word_1_596' title='bbox 2585 4069 2957 4137; x_wconf 86' lang='grc' dir='ltr'>διδασκάλων;</span> <span class='ocrx_word' id='word_1_597' title='bbox 3004 4069 3182 4133; x_wconf 82' lang='grc' dir='ltr'>Ποὶοις</span> <span class='ocrx_word' id='word_1_598' title='bbox 3229 4067 3287 4121; x_wconf 85' lang='grc' dir='ltr'><strong>δέ</strong></span> <span class='ocrx_word' id='word_1_599' title='bbox 3330 4067 3543 4139; x_wconf 76' lang='grc' dir='ltr'>ὄμμασι</span> <span class='ocrx_word' id='word_1_600' title='bbox 3585 4066 3682 4136; x_wconf 84' lang='grc' dir='ltr'>ἐμ-</span> 
     </span>
    </p>
   </div>
   <div class='ocr_carea' id='block_1_80' title="bbox 409 4156 1955 4240">
    <p class='ocr_par' dir='ltr' id='par_1_80' title="bbox 409 4167 1953 4240">
     <span class='ocr_line' id='line_1_80' title="bbox 409 4167 1953 4240; baseline -0.001 -17"><span class='ocrx_word' id='word_1_601' title='bbox 409 4176 466 4223; x_wconf 88' lang='lat' dir='ltr'><strong>et</strong></span> <span class='ocrx_word' id='word_1_602' title='bbox 485 4167 819 4225; x_wconf 69' lang='lat' dir='ltr'><strong>Manichmos</strong></span> <span class='ocrx_word' id='word_1_603' title='bbox 850 4170 1216 4235; x_wconf 88' lang='lat' dir='ltr'><strong>insectantur,</strong></span> <span class='ocrx_word' id='word_1_604' title='bbox 1241 4186 1381 4240; x_wconf 85' lang='lat' dir='ltr'><strong>quos</strong></span> <span class='ocrx_word' id='word_1_605' title='bbox 1428 4179 1611 4224; x_wconf 90' lang='lat' dir='ltr'><strong>autem</strong></span> <span class='ocrx_word' id='word_1_606' title='bbox 1649 4169 1757 4223; x_wconf 83' lang='lat' dir='ltr'><strong>illis</strong></span> <span class='ocrx_word' id='word_1_607' title='bbox 1789 4168 1953 4224; x_wconf 85' lang='lat' dir='ltr'><strong>simili</strong></span> 
     </span>
    </p>
   </div>
   <div class='ocr_carea' id='block_1_81' title="bbox 2142 4156 3688 4240">
    <p class='ocr_par' dir='ltr' id='par_1_81' title="bbox 2142 4156 3688 4235">
     <span class='ocr_line' id='line_1_81' title="bbox 2142 4156 3688 4235; baseline -0.006 -17"><span class='ocrx_word' id='word_1_608' title='bbox 2142 4165 2381 4235; x_wconf 64' lang='grc' dir='ltr'>λέψονται</span> <span class='ocrx_word' id='word_1_609' title='bbox 2410 4164 2504 4218; x_wconf 79' lang='grc' dir='ltr'>καὶ</span> <span class='ocrx_word' id='word_1_610' title='bbox 2533 4164 2647 4227; x_wconf 89' lang='grc' dir='ltr'>τοῖς</span> <span class='ocrx_word' id='word_1_611' title='bbox 2684 4163 2932 4233; x_wconf 84' lang='grc' dir='ltr'>μνήμασι</span> <span class='ocrx_word' id='word_1_612' title='bbox 2958 4160 3067 4215; x_wconf 81' lang='grc' dir='ltr'><strong>τῶν</strong></span> <span class='ocrx_word' id='word_1_613' title='bbox 3106 4159 3367 4230; x_wconf 87' lang='grc' dir='ltr'>Πατέρων</span> <span class='ocrx_word' id='word_1_614' title='bbox 3385 4198 3400 4222; x_wconf 88' lang='grc'><strong>,</strong></span> <span class='ocrx_word' id='word_1_615' title='bbox 3448 4156 3544 4220; x_wconf 77' lang='grc' dir='ltr'>οὓς</span> <span class='ocrx_word' id='word_1_616' title='bbox 3572 4159 3688 4210; x_wconf 76' lang='grc' dir='ltr'>ὀνο-</span> 
     </span>
    </p>
   </div>
   <div class='ocr_carea' id='block_1_82' title="bbox 408 4247 1954 4347">
    <p class='ocr_par' dir='ltr' id='par_1_82' title="bbox 408 4259 1954 4333">
     <span class='ocr_line' id='line_1_82' title="bbox 408 4259 1954 4333; baseline -0.004 -16"><span class='ocrx_word' id='word_1_617' title='bbox 408 4263 561 4333; x_wconf 88' lang='lat' dir='ltr'><strong>loqni</strong></span> <span class='ocrx_word' id='word_1_618' title='bbox 614 4263 978 4330; x_wconf 85' lang='lat' dir='ltr'><strong>arbitrantur,</strong></span> <span class='ocrx_word' id='word_1_619' title='bbox 1018 4272 1239 4318; x_wconf 89' lang='lat' dir='ltr'><strong>sanctos</strong></span> <span class='ocrx_word' id='word_1_620' title='bbox 1287 4261 1608 4331; x_wconf 84' lang='lat' dir='ltr'><strong>appellant?</strong></span> <span class='ocrx_word' id='word_1_621' title='bbox 1648 4259 1836 4328; x_wconf 88' lang='lat' dir='ltr'><strong>Quove</strong></span> <span class='ocrx_word' id='word_1_622' title='bbox 1864 4259 1954 4330; x_wconf 84' lang='lat' dir='ltr'><strong>jnr</strong></span> 
     </span>
    </p>
   </div>
   <div class='ocr_carea' id='block_1_83' title="bbox 2140 4247 3686 4347">
    <p class='ocr_par' dir='ltr' id='par_1_83' title="bbox 2140 4247 3686 4326">
     <span class='ocr_line' id='line_1_83' title="bbox 2140 4247 3686 4326; baseline -0.004 -19"><span class='ocrx_word' id='word_1_623' title='bbox 2140 4258 2336 4323; x_wconf 25' lang='grc' dir='ltr'>,ἀξουσι</span> <span class='ocrx_word' id='word_1_624' title='bbox 2389 4255 2483 4310; x_wconf 79' lang='grc' dir='ltr'>νῦν</span> <span class='ocrx_word' id='word_1_625' title='bbox 2521 4254 2862 4326; x_wconf 83' lang='grc' dir='ltr'>αίρετικοὺς;</span> <span class='ocrx_word' id='word_1_626' title='bbox 2896 4252 2962 4306; x_wconf 92' lang='grc' dir='ltr'>Τί</span> <span class='ocrx_word' id='word_1_627' title='bbox 3002 4252 3058 4305; x_wconf 83' lang='grc' dir='ltr'>δὲ</span> <span class='ocrx_word' id='word_1_628' title='bbox 3083 4253 3207 4316; x_wconf 79' lang='grc' dir='ltr'>τοὺς</span> <span class='ocrx_word' id='word_1_629' title='bbox 3240 4250 3347 4304; x_wconf 82' lang='grc' dir='ltr'>ἀπὸ</span> <span class='ocrx_word' id='word_1_630' title='bbox 3399 4247 3686 4303; x_wconf 75' lang='grc' dir='ltr'>Οὐαλεντί-</span> 
     </span>
    </p>
   </div>
   <div class='ocr_carea' id='block_1_84' title="bbox 407 4340 1953 4425">
    <p class='ocr_par' dir='ltr' id='par_1_84' title="bbox 407 4352 1953 4425">
     <span class='ocr_line' id='line_1_84' title="bbox 407 4352 1953 4425; baseline -0.004 -15"><span class='ocrx_word' id='word_1_631' title='bbox 407 4354 649 4425; x_wconf 90' lang='lat' dir='ltr'><strong>episcopi</strong></span> <span class='ocrx_word' id='word_1_632' title='bbox 677 4363 840 4409; x_wconf 91' lang='lat' dir='ltr'><strong>erunt</strong></span> <span class='ocrx_word' id='word_1_633' title='bbox 873 4356 996 4424; x_wconf 88' lang='lat' dir='ltr'><strong>ipsi,</strong></span> <span class='ocrx_word' id='word_1_634' title='bbox 1022 4355 1067 4410; x_wconf 90' lang='lat' dir='ltr'><strong>si</strong></span> <span class='ocrx_word' id='word_1_635' title='bbox 1104 4355 1173 4408; x_wconf 90' lang='lat' dir='ltr'><strong>ah</strong></span> <span class='ocrx_word' id='word_1_636' title='bbox 1213 4354 1278 4408; x_wconf 92' lang='lat' dir='ltr'><strong>iis</strong></span> <span class='ocrx_word' id='word_1_637' title='bbox 1307 4370 1446 4424; x_wconf 90' lang='lat' dir='ltr'><strong>quos</strong></span> <span class='ocrx_word' id='word_1_638' title='bbox 1476 4363 1533 4408; x_wconf 91' lang='lat' dir='ltr'><strong>ut</strong></span> <span class='ocrx_word' id='word_1_639' title='bbox 1570 4354 1855 4408; x_wconf 73' lang='lat' dir='ltr'><strong>hazretieos</strong></span> <span class='ocrx_word' id='word_1_640' title='bbox 1879 4352 1953 4407; x_wconf 91' lang='lat' dir='ltr'><strong>cri</strong></span> 
     </span>
    </p>
   </div>
   <div class='ocr_carea' id='block_1_85' title="bbox 2162 4340 3708 4425">
    <p class='ocr_par' dir='ltr' id='par_1_85' title="bbox 2164 4340 3708 4420">
     <span class='ocr_line' id='line_1_85' title="bbox 2164 4340 3708 4420; baseline -0.007 -17"><span class='ocrx_word' id='word_1_641' title='bbox 2164 4368 2193 4402; x_wconf 92' lang='grc' dir='ltr'><strong>υ</strong></span> <span class='ocrx_word' id='word_1_642' title='bbox 2223 4349 2322 4420; x_wconf 81' lang='grc'>(7),</span> <span class='ocrx_word' id='word_1_643' title='bbox 2368 4350 2463 4402; x_wconf 73' lang='grc' dir='ltr'>καὶ</span> <span class='ocrx_word' id='word_1_644' title='bbox 2509 4347 2768 4420; x_wconf 81' lang='grc' dir='ltr'>Φρυγίας.</span> <span class='ocrx_word' id='word_1_645' title='bbox 2823 4345 2916 4399; x_wconf 77' lang='grc' dir='ltr'><strong>καὶ</strong></span> <span class='ocrx_word' id='word_1_646' title='bbox 2974 4343 3307 4415; x_wconf 83' lang='grc' dir='ltr'>Μανιχαίους</span> <span class='ocrx_word' id='word_1_647' title='bbox 3350 4340 3708 4413; x_wconf 48' lang='grc' dir='ltr'>διασύρουσιν</span> 
     </span>
    </p>
   </div>
   <div class='ocr_carea' id='block_1_86' title="bbox 411 4430 1957 4511">
    <p class='ocr_par' dir='ltr' id='par_1_86' title="bbox 411 4441 1957 4509">
     <span class='ocr_line' id='line_1_86' title="bbox 411 4441 1957 4509; baseline -0.001 -14"><span class='ocrx_word' id='word_1_648' title='bbox 411 4441 691 4496; x_wconf 87' lang='lat' dir='ltr'><strong>minantur</strong></span> <span class='ocrx_word' id='word_1_649' title='bbox 736 4442 973 4496; x_wconf 86' lang='lat' dir='ltr'><strong>ordinati</strong></span> <span class='ocrx_word' id='word_1_650' title='bbox 1021 4444 1190 4497; x_wconf 80' lang='lat' dir='ltr'><strong>sunt?</strong></span> <span class='ocrx_word' id='word_1_651' title='bbox 1228 4443 1382 4509; x_wconf 87' lang='lat' dir='ltr'><strong>Quod</strong></span> <span class='ocrx_word' id='word_1_652' title='bbox 1436 4443 1483 4498; x_wconf 92' lang='lat' dir='ltr'><strong>si</strong></span> <span class='ocrx_word' id='word_1_653' title='bbox 1532 4442 1673 4497; x_wconf 88' lang='lat' dir='ltr'><strong>male</strong></span> <span class='ocrx_word' id='word_1_654' title='bbox 1702 4458 1957 4498; x_wconf 77' lang='lat' dir='ltr'><strong>senserim</strong></span> 
     </span>
    </p>
   </div>
   <div class='ocr_carea' id='block_1_87' title="bbox 2164 4430 3710 4511">
    <p class='ocr_par' dir='ltr' id='par_1_87' title="bbox 2165 4430 3710 4511">
     <span class='ocr_line' id='line_1_87' title="bbox 2165 4430 3710 4511; baseline -0.01 -14"><span class='ocrx_word' id='word_1_655' title='bbox 2165 4444 2225 4507; x_wconf 77' lang='grc' dir='ltr'>ὺς</span> <span class='ocrx_word' id='word_1_656' title='bbox 2250 4443 2307 4495; x_wconf 84' lang='grc' dir='ltr'><strong>δέ</strong></span> <span class='ocrx_word' id='word_1_657' title='bbox 2332 4440 2401 4495; x_wconf 78' lang='grc' dir='ltr'><strong>τὰ</strong></span> <span class='ocrx_word' id='word_1_658' title='bbox 2434 4440 2595 4511; x_wconf 83' lang='grc' dir='ltr'>ὃμοια</span> <span class='ocrx_word' id='word_1_659' title='bbox 2618 4437 3047 4509; x_wconf 82' lang='grc' dir='ltr'>φθεγξαμένους,</span> <span class='ocrx_word' id='word_1_660' title='bbox 3066 4435 3142 4499; x_wconf 87' lang='grc' dir='ltr'>ὼς</span> <span class='ocrx_word' id='word_1_661' title='bbox 3174 4430 3489 4487; x_wconf 79' lang='grc' dir='ltr'>ὑπονοοῦσιν</span> <span class='ocrx_word' id='word_1_662' title='bbox 3513 4431 3710 4490; x_wconf 69' lang='grc' dir='ltr'>αὐτοὶ..</span> 
     </span>
    </p>
   </div>
   <div class='ocr_carea' id='block_1_88' title="bbox 411 4519 1957 4605">
    <p class='ocr_par' dir='ltr' id='par_1_88' title="bbox 411 4533 1957 4605">
     <span class='ocr_line' id='line_1_88' title="bbox 411 4533 1957 4605; baseline 0.002 -19"><span class='ocrx_word' id='word_1_663' title='bbox 411 4533 511 4595; x_wconf 77' lang='lat' dir='ltr'><strong>iiii.</strong></span> <span class='ocrx_word' id='word_1_664' title='bbox 543 4542 598 4588; x_wconf 91' lang='lat' dir='ltr'><strong>et</strong></span> <span class='ocrx_word' id='word_1_665' title='bbox 631 4534 848 4605; x_wconf 87' lang='lat' dir='ltr'><strong>scriptis</strong></span> <span class='ocrx_word' id='word_1_666' title='bbox 873 4534 989 4590; x_wconf 89' lang='lat' dir='ltr'><strong>suis</strong></span> <span class='ocrx_word' id='word_1_667' title='bbox 1022 4535 1210 4590; x_wconf 89' lang='lat' dir='ltr'><strong>orbem</strong></span> <span class='ocrx_word' id='word_1_668' title='bbox 1247 4545 1514 4590; x_wconf 90' lang='lat' dir='ltr'><strong>terrarum</strong></span> <span class='ocrx_word' id='word_1_669' title='bbox 1550 4535 1605 4589; x_wconf 90' lang='lat' dir='ltr'><strong>in</strong></span> <span class='ocrx_word' id='word_1_670' title='bbox 1628 4551 1873 4589; x_wconf 86' lang='lat' dir='ltr'><strong>errorem</strong></span> <span class='ocrx_word' id='word_1_671' title='bbox 1897 4534 1957 4589; x_wconf 86' lang='lat' dir='ltr'><strong>de</strong></span> 
     </span>
    </p>
   </div>
   <div class='ocr_carea' id='block_1_89' title="bbox 2122 4519 3668 4605">
    <p class='ocr_par' dir='ltr' id='par_1_89' title="bbox 2122 4519 3668 4604">
     <span class='ocr_line' id='line_1_89' title="bbox 2122 4519 3668 4604; baseline -0.009 -16"><span class='ocrx_word' id='word_1_672' title='bbox 2122 4536 2294 4604; x_wconf 72' lang='grc' dir='ltr'>Ειγίους</span> <span class='ocrx_word' id='word_1_673' title='bbox 2321 4530 2709 4603; x_wconf 80' lang='grc' dir='ltr'>ὀνομάζουσιν;</span> <span class='ocrx_word' id='word_1_674' title='bbox 2744 4532 2813 4583; x_wconf 89' lang='grc' dir='ltr'><strong>Ἢ</strong></span> <span class='ocrx_word' id='word_1_675' title='bbox 2841 4529 2957 4593; x_wconf 82' lang='grc' dir='ltr'>πῶς</span> <span class='ocrx_word' id='word_1_676' title='bbox 2980 4527 3058 4581; x_wconf 74' lang='grc' dir='ltr'>ἔτι</span> <span class='ocrx_word' id='word_1_677' title='bbox 3094 4526 3345 4581; x_wconf 80' lang='grc' dir='ltr'>δύνανται</span> <span class='ocrx_word' id='word_1_678' title='bbox 3375 4524 3530 4578; x_wconf 74' lang='grc' dir='ltr'>αὐτοὶ</span> <span class='ocrx_word' id='word_1_679' title='bbox 3551 4519 3668 4576; x_wconf 84' lang='grc' dir='ltr'>εἷνα</span> 
     </span>
    </p>
   </div>
   <div class='ocr_carea' id='block_1_90' title="bbox 413 4614 1959 4696">
    <p class='ocr_par' dir='ltr' id='par_1_90' title="bbox 413 4624 1959 4695">
     <span class='ocr_line' id='line_1_90' title="bbox 413 4624 1959 4695; baseline 0.002 -18"><span class='ocrx_word' id='word_1_680' title='bbox 413 4624 708 4689; x_wconf 82' lang='lat' dir='ltr'><strong>duxerunt,</strong></span> <span class='ocrx_word' id='word_1_681' title='bbox 767 4635 948 4679; x_wconf 89' lang='lat' dir='ltr'><strong>cesset</strong></span> <span class='ocrx_word' id='word_1_682' title='bbox 996 4624 1213 4695; x_wconf 89' lang='lat' dir='ltr'><strong>penitus</strong></span> <span class='ocrx_word' id='word_1_683' title='bbox 1256 4641 1447 4680; x_wconf 89' lang='lat' dir='ltr'><strong>eorum</strong></span> <span class='ocrx_word' id='word_1_684' title='bbox 1490 4626 1811 4693; x_wconf 65' lang='lat' dir='ltr'><strong>memoria;</strong></span> <span class='ocrx_word' id='word_1_685' title='bbox 1860 4634 1959 4680; x_wconf 74' lang='lat' dir='ltr'><strong>et:</strong></span> 
     </span>
    </p>
   </div>
   <div class='ocr_carea' id='block_1_91' title="bbox 2140 4614 3686 4696">
    <p class='ocr_par' dir='ltr' id='par_1_91' title="bbox 2140 4614 3686 4696">
     <span class='ocr_line' id='line_1_91' title="bbox 2140 4614 3686 4696; baseline -0.01 -16"><span class='ocrx_word' id='word_1_686' title='bbox 2140 4628 2418 4691; x_wconf 87' lang='grc' dir='ltr'>πίσκοποι,</span> <span class='ocrx_word' id='word_1_687' title='bbox 2444 4627 2492 4678; x_wconf 84' lang='grc' dir='ltr'>εἱ</span> <span class='ocrx_word' id='word_1_688' title='bbox 2522 4625 2651 4696; x_wconf 78' lang='grc' dir='ltr'>παρ’</span> <span class='ocrx_word' id='word_1_689' title='bbox 2686 4619 2999 4695; x_wconf 86' lang='grc' dir='ltr'>αἱρετικῶν,</span> <span class='ocrx_word' id='word_1_690' title='bbox 3024 4618 3100 4682; x_wconf 86' lang='grc' dir='ltr'>ὡς</span> <span class='ocrx_word' id='word_1_691' title='bbox 3138 4616 3293 4670; x_wconf 82' lang='grc' dir='ltr'>αὑτοῖ</span> <span class='ocrx_word' id='word_1_692' title='bbox 3320 4614 3686 4675; x_wconf 80' lang='grc' dir='ltr'>διαϐάλλουσι,</span> 
     </span>
    </p>
   </div>
   <div class='ocr_carea' id='block_1_92' title="bbox 415 4703 1961 4788">
    <p class='ocr_par' dir='ltr' id='par_1_92' title="bbox 415 4716 1961 4788">
     <span class='ocr_line' id='line_1_92' title="bbox 415 4716 1961 4788; baseline 0 -17"><span class='ocrx_word' id='word_1_693' title='bbox 415 4716 616 4786; x_wconf 88' lang='lat' dir='ltr'><strong>scripta</strong></span> <span class='ocrx_word' id='word_1_694' title='bbox 650 4732 839 4772; x_wconf 88' lang='lat' dir='ltr'><strong>eorum</strong></span> <span class='ocrx_word' id='word_1_695' title='bbox 865 4716 1216 4786; x_wconf 87' lang='lat' dir='ltr'><strong>abjiciantur,</strong></span> <span class='ocrx_word' id='word_1_696' title='bbox 1252 4718 1323 4771; x_wconf 85' lang='lat' dir='ltr'><strong>ite</strong></span> <span class='ocrx_word' id='word_1_697' title='bbox 1347 4734 1444 4774; x_wconf 84' lang='lat' dir='ltr'><strong>vos</strong></span> <span class='ocrx_word' id='word_1_698' title='bbox 1470 4717 1574 4788; x_wconf 90' lang='lat' dir='ltr'><strong>ipsi</strong></span> <span class='ocrx_word' id='word_1_699' title='bbox 1601 4728 1654 4771; x_wconf 90' lang='lat' dir='ltr'><strong>et</strong></span> <span class='ocrx_word' id='word_1_700' title='bbox 1685 4733 1876 4771; x_wconf 88' lang='lat' dir='ltr'><strong>eorum</strong></span> <span class='ocrx_word' id='word_1_701' title='bbox 1903 4732 1961 4771; x_wconf 91' lang='lat' dir='ltr'><strong>re</strong></span> 
     </span>
    </p>
   </div>
   <div class='ocr_carea' id='block_1_93' title="bbox 2147 4703 3693 4788">
    <p class='ocr_par' dir='ltr' id='par_1_93' title="bbox 2147 4703 3693 4786">
     <span class='ocr_line' id='line_1_93' title="bbox 2147 4703 3693 4786; baseline -0.01 -16"><span class='ocrx_word' id='word_1_702' title='bbox 2147 4714 2629 4786; x_wconf 82' lang='grc' dir='ltr'>ατεστάθησαν;Εί</span> <span class='ocrx_word' id='word_1_703' title='bbox 2654 4711 2711 4766; x_wconf 85' lang='grc' dir='ltr'>δὲ</span> <span class='ocrx_word' id='word_1_704' title='bbox 2744 4709 2840 4764; x_wconf 74' lang='grc' dir='ltr'>καὶ</span> <span class='ocrx_word' id='word_1_705' title='bbox 2873 4706 3059 4771; x_wconf 80' lang='grc' dir='ltr'>κακῶς</span> <span class='ocrx_word' id='word_1_706' title='bbox 3078 4707 3404 4780; x_wconf 87' lang='grc' dir='ltr'>ἐφρόνησαν,</span> <span class='ocrx_word' id='word_1_707' title='bbox 3442 4703 3538 4758; x_wconf 73' lang='grc' dir='ltr'><strong>καὶ</strong></span> <span class='ocrx_word' id='word_1_708' title='bbox 3560 4705 3693 4775; x_wconf 84' lang='grc' dir='ltr'>γρά-</span> 
     </span>
    </p>
   </div>
   <div class='ocr_carea' id='block_1_94' title="bbox 413 4793 1959 4878">
    <p class='ocr_par' dir='ltr' id='par_1_94' title="bbox 413 4808 1959 4878">
     <span class='ocr_line' id='line_1_94' title="bbox 413 4808 1959 4878; baseline 0.001 -19"><span class='ocrx_word' id='word_1_709' title='bbox 413 4808 615 4878; x_wconf 85' lang='lat' dir='ltr'><strong>liquias</strong></span> <span class='ocrx_word' id='word_1_710' title='bbox 641 4825 706 4863; x_wconf 79' lang='lat' dir='ltr'><strong>ex</strong></span> <span class='ocrx_word' id='word_1_711' title='bbox 732 4808 1062 4863; x_wconf 87' lang='lat' dir='ltr'><strong>coemeteriis</strong></span> <span class='ocrx_word' id='word_1_712' title='bbox 1089 4809 1332 4877; x_wconf 80' lang='lat' dir='ltr'><strong>abjicite,</strong></span> <span class='ocrx_word' id='word_1_713' title='bbox 1364 4817 1420 4862; x_wconf 91' lang='lat' dir='ltr'><strong>ut</strong></span> <span class='ocrx_word' id='word_1_714' title='bbox 1444 4822 1637 4864; x_wconf 89' lang='lat' dir='ltr'><strong>omnes</strong></span> <span class='ocrx_word' id='word_1_715' title='bbox 1667 4808 1959 4878; x_wconf 77' lang='lat' dir='ltr'><strong>intelligant</strong></span> 
     </span>
    </p>
   </div>
   <div class='ocr_carea' id='block_1_95' title="bbox 2147 4793 3693 4878">
    <p class='ocr_par' dir='ltr' id='par_1_95' title="bbox 2147 4793 3693 4875">
     <span class='ocr_line' id='line_1_95' title="bbox 2147 4793 3693 4875; baseline -0.01 -16"><span class='ocrx_word' id='word_1_716' title='bbox 2147 4823 2305 4869; x_wconf 83' lang='grc' dir='ltr'>αντες</span> <span class='ocrx_word' id='word_1_717' title='bbox 2340 4804 2653 4875; x_wconf 88' lang='grc' dir='ltr'>ἐπλάνησαν</span> <span class='ocrx_word' id='word_1_718' title='bbox 2684 4801 2783 4872; x_wconf 84' lang='grc' dir='ltr'><strong>τήν</strong></span> <span class='ocrx_word' id='word_1_719' title='bbox 2822 4797 3170 4870; x_wconf 78' lang='grc' dir='ltr'>οἰκουμένην,</span> <span class='ocrx_word' id='word_1_720' title='bbox 3213 4794 3474 4866; x_wconf 86' lang='grc' dir='ltr'>παυθήτω</span> <span class='ocrx_word' id='word_1_721' title='bbox 3510 4793 3693 4847; x_wconf 80' lang='grc' dir='ltr'>τέλεον</span> 
     </span>
    </p>
   </div>
   <div class='ocr_carea' id='block_1_96' title="bbox 415 4885 1961 4969">
    <p class='ocr_par' dir='ltr' id='par_1_96' title="bbox 415 4898 1549 4969">
     <span class='ocr_line' id='line_1_96' title="bbox 415 4898 1549 4969; baseline 0 -18"><span class='ocrx_word' id='word_1_722' title='bbox 415 4898 539 4953; x_wconf 83' lang='lat' dir='ltr'><strong>ilios</strong></span> <span class='ocrx_word' id='word_1_723' title='bbox 577 4899 913 4961; x_wconf 84' lang='lat' dir='ltr'><strong>seductores,</strong></span> <span class='ocrx_word' id='word_1_724' title='bbox 946 4915 1047 4953; x_wconf 84' lang='lat' dir='ltr'><strong>vos</strong></span> <span class='ocrx_word' id='word_1_725' title='bbox 1072 4898 1377 4969; x_wconf 87' lang='lat' dir='ltr'><strong>parricidas</strong></span> <span class='ocrx_word' id='word_1_726' title='bbox 1406 4914 1549 4953; x_wconf 85' lang='lat' dir='ltr'><strong>esse.</strong></span> 
     </span>
    </p>
   </div>
   <div class='ocr_carea' id='block_1_97' title="bbox 2151 4885 3697 4969">
    <p class='ocr_par' dir='ltr' id='par_1_97' title="bbox 2151 4885 3697 4967">
     <span class='ocr_line' id='line_1_97' title="bbox 2151 4885 3697 4967; baseline -0.008 -17"><span class='ocrx_word' id='word_1_727' title='bbox 2151 4897 2199 4950; x_wconf 72' lang='grc' dir='ltr'>ιιὶ</span> <span class='ocrx_word' id='word_1_728' title='bbox 2228 4897 2260 4967; x_wconf 87' lang='grc' dir='ltr'><strong>ή</strong></span> <span class='ocrx_word' id='word_1_729' title='bbox 2299 4896 2429 4966; x_wconf 79' lang='grc' dir='ltr'>περὶ</span> <span class='ocrx_word' id='word_1_730' title='bbox 2459 4893 2666 4947; x_wconf 76' lang='grc' dir='ltr'>τούτων</span> <span class='ocrx_word' id='word_1_731' title='bbox 2695 4891 2881 4963; x_wconf 87' lang='grc' dir='ltr'>μνήμη</span> <span class='ocrx_word' id='word_1_732' title='bbox 2900 4905 2913 4918; x_wconf 86' lang='grc'><strong>·</strong></span> <span class='ocrx_word' id='word_1_733' title='bbox 2952 4888 3044 4942; x_wconf 77' lang='grc' dir='ltr'>καὶ</span> <span class='ocrx_word' id='word_1_734' title='bbox 3071 4890 3120 4942; x_wconf 81' lang='grc' dir='ltr'>εἰ</span> <span class='ocrx_word' id='word_1_735' title='bbox 3156 4886 3225 4940; x_wconf 88' lang='grc' dir='ltr'><strong>τά</strong></span> <span class='ocrx_word' id='word_1_736' title='bbox 3252 4886 3561 4959; x_wconf 87' lang='grc' dir='ltr'>γράμματα</span> <span class='ocrx_word' id='word_1_737' title='bbox 3597 4885 3697 4939; x_wconf 85' lang='grc' dir='ltr'><strong>αὐ-</strong></span> 
     </span>
    </p>
   </div>
   <div class='ocr_carea' id='block_1_98' title="bbox 415 4982 3700 5065">
    <p class='ocr_par' dir='ltr' id='par_1_98' title="bbox 415 4982 3700 5065">
     <span class='ocr_line' id='line_1_98' title="bbox 415 4982 3700 5065; baseline -0.004 -17"><span class='ocrx_word' id='word_1_738' title='bbox 415 4992 522 5048; x_wconf 78' lang='grc' dir='ltr'><strong>τῶν</strong></span> <span class='ocrx_word' id='word_1_739' title='bbox 544 4993 884 5059; x_wconf 86' lang='grc' dir='ltr'>ἐκϐάλλεται,</span> <span class='ocrx_word' id='word_1_740' title='bbox 914 4993 1202 5047; x_wconf 84' lang='grc' dir='ltr'>ἐκϐάλλετε</span> <span class='ocrx_word' id='word_1_741' title='bbox 1232 4991 1308 5064; x_wconf 79' lang='grc'>(8)</span> <span class='ocrx_word' id='word_1_742' title='bbox 1343 4994 1503 5065; x_wconf 82' lang='grc' dir='ltr'>ὑμεῖς</span> <span class='ocrx_word' id='word_1_743' title='bbox 1538 4992 1868 5058; x_wconf 86' lang='grc' dir='ltr'>ἀπελθόντες</span> <span class='ocrx_word' id='word_1_744' title='bbox 1918 4992 2031 5045; x_wconf 80' lang='grc' dir='ltr'><strong>ἀπὸ</strong></span> <span class='ocrx_word' id='word_1_745' title='bbox 2067 4991 2179 5047; x_wconf 83' lang='grc' dir='ltr'><strong>τῶν</strong></span> <span class='ocrx_word' id='word_1_746' title='bbox 2227 4989 2607 5062; x_wconf 80' lang='grc' dir='ltr'>κοιμητηρίων</span> <span class='ocrx_word' id='word_1_747' title='bbox 2654 4988 2724 5043; x_wconf 86' lang='grc' dir='ltr'>τὰ</span> <span class='ocrx_word' id='word_1_748' title='bbox 2770 4986 3003 5057; x_wconf 70' lang='grc' dir='ltr'>λείψανα</span> <span class='ocrx_word' id='word_1_749' title='bbox 3054 4984 3282 5047; x_wconf 79' lang='grc' dir='ltr'>τούτων,</span> <span class='ocrx_word' id='word_1_750' title='bbox 3336 4984 3424 5036; x_wconf 88' lang='grc' dir='ltr'><strong>ἴνα</strong></span> <span class='ocrx_word' id='word_1_751' title='bbox 3495 4982 3700 5052; x_wconf 81' lang='grc' dir='ltr'>γνῶσιν</span> 
     </span>
    </p>
   </div>
   <div class='ocr_carea' id='block_1_99' title="bbox 417 5087 3311 5161">
    <p class='ocr_par' dir='ltr' id='par_1_99' title="bbox 417 5087 3311 5161">
     <span class='ocr_line' id='line_1_99' title="bbox 417 5087 3311 5161; baseline -0 -20"><span class='ocrx_word' id='word_1_752' title='bbox 417 5087 653 5152; x_wconf 70' lang='grc' dir='ltr'>ἅπαντες</span> <span class='ocrx_word' id='word_1_753' title='bbox 686 5089 930 5153; x_wconf 86' lang='grc' dir='ltr'>ἐκείνους</span> <span class='ocrx_word' id='word_1_754' title='bbox 972 5090 1069 5161; x_wconf 85' lang='grc' dir='ltr'>μὲν</span> <span class='ocrx_word' id='word_1_755' title='bbox 1104 5088 1370 5153; x_wconf 84' lang='grc' dir='ltr'>πλάνους,</span> <span class='ocrx_word' id='word_1_756' title='bbox 1414 5089 1560 5158; x_wconf 79' lang='grc' dir='ltr'>ὑμᾶς</span> <span class='ocrx_word' id='word_1_757' title='bbox 1599 5089 1658 5142; x_wconf 81' lang='grc' dir='ltr'>δὲ</span> <span class='ocrx_word' id='word_1_758' title='bbox 1702 5089 2123 5160; x_wconf 85' lang='grc' dir='ltr'>πατροκτόνους.</span> <span class='ocrx_word' id='word_1_759' title='bbox 3306 5128 3311 5135; x_wconf 88' lang='grc'><strong>.</strong></span> 
     </span>
    </p>
   </div>
   <div class='ocr_carea' id='block_1_100' title="bbox 493 5176 2039 5256">
    <p class='ocr_par' dir='ltr' id='par_1_100' title="bbox 493 5184 1995 5255">
     <span class='ocr_line' id='line_1_100' title="bbox 493 5184 1995 5255; baseline 0.003 -18"><span class='ocrx_word' id='word_1_760' title='bbox 493 5184 579 5238; x_wconf 74' lang='grc' dir='ltr'>Μ.</span> <span class='ocrx_word' id='word_1_761' title='bbox 614 5184 772 5240; x_wconf 83' lang='lat' dir='ltr'><strong>Certe</strong></span> <span class='ocrx_word' id='word_1_762' title='bbox 798 5186 990 5241; x_wconf 88' lang='lat' dir='ltr'><strong>beatus</strong></span> <span class='ocrx_word' id='word_1_763' title='bbox 1012 5186 1303 5255; x_wconf 83' lang='lat' dir='ltr'><strong>Apostolus</strong></span> <span class='ocrx_word' id='word_1_764' title='bbox 1336 5185 1656 5241; x_wconf 89' lang='lat' dir='ltr'><strong>Corinthios</strong></span> <span class='ocrx_word' id='word_1_765' title='bbox 1676 5187 1865 5241; x_wconf 85' lang='lat' dir='ltr'><strong>laudat</strong></span> <span class='ocrx_word' id='word_1_766' title='bbox 1907 5186 1995 5241; x_wconf 89' lang='lat' dir='ltr'><strong>his</strong></span> 
     </span>
    </p>
   </div>
   <div class='ocr_carea' id='block_1_101' title="bbox 2154 5176 3700 5256">
    <p class='ocr_par' dir='ltr' id='par_1_101' title="bbox 2174 5176 3700 5256">
     <span class='ocr_line' id='line_1_101' title="bbox 2174 5176 3700 5256; baseline -0.007 -17"><span class='ocrx_word' id='word_1_767' title='bbox 2174 5185 2267 5239; x_wconf 72' lang='lat' dir='ltr'><strong>M.</strong></span> <span class='ocrx_word' id='word_1_768' title='bbox 2306 5186 2366 5238; x_wconf 90' lang='lat'><strong>&#39;0</strong></span> <span class='ocrx_word' id='word_1_769' title='bbox 2413 5185 2511 5256; x_wconf 82' lang='grc' dir='ltr'>μὲν</span> <span class='ocrx_word' id='word_1_770' title='bbox 2560 5178 2654 5238; x_wconf 73' lang='grc' dir='ltr'>οὖν</span> <span class='ocrx_word' id='word_1_771' title='bbox 2701 5182 2974 5254; x_wconf 83' lang='grc' dir='ltr'>μακάριος</span> <span class='ocrx_word' id='word_1_772' title='bbox 3021 5176 3342 5241; x_wconf 78' lang='grc' dir='ltr'>Ἀπόστολος</span> <span class='ocrx_word' id='word_1_773' title='bbox 3374 5176 3700 5247; x_wconf 84' lang='grc' dir='ltr'>ἀποδέχεται</span> 
     </span>
    </p>
   </div>
   <div class='ocr_carea' id='block_1_102' title="bbox 420 5267 1966 5352">
    <p class='ocr_par' dir='ltr' id='par_1_102' title="bbox 420 5277 1966 5348">
     <span class='ocr_line' id='line_1_102' title="bbox 420 5277 1966 5348; baseline 0 -15"><span class='ocrx_word' id='word_1_774' title='bbox 420 5279 602 5333; x_wconf 68' lang='lat' dir='ltr'><strong>verbis</strong></span> <span class='ocrx_word' id='word_1_775' title='bbox 636 5294 649 5330; x_wconf 89' lang='lat'><strong>:</strong></span> <span class='ocrx_word' id='word_1_776' title='bbox 681 5301 698 5328; x_wconf 76' lang='grc' dir='ltr'><strong>ι</strong></span> <span class='ocrx_word' id='word_1_777' title='bbox 734 5277 890 5345; x_wconf 85' lang='lat' dir='ltr'><strong>Quod</strong></span> <span class='ocrx_word' id='word_1_778' title='bbox 931 5294 1028 5348; x_wconf 88' lang='lat' dir='ltr'><strong>per</strong></span> <span class='ocrx_word' id='word_1_779' title='bbox 1066 5280 1250 5334; x_wconf 85' lang='lat' dir='ltr'><strong>omnia</strong></span> <span class='ocrx_word' id='word_1_780' title='bbox 1276 5280 1381 5333; x_wconf 91' lang='lat' dir='ltr'><strong>mei</strong></span> <span class='ocrx_word' id='word_1_781' title='bbox 1406 5295 1677 5335; x_wconf 87' lang='lat' dir='ltr'><strong>memores</strong></span> <span class='ocrx_word' id='word_1_782' title='bbox 1720 5280 1854 5335; x_wconf 88' lang='lat' dir='ltr'><strong>estis</strong></span> <span class='ocrx_word' id='word_1_783' title='bbox 1893 5298 1906 5333; x_wconf 92' lang='lat'><strong>:</strong></span> <span class='ocrx_word' id='word_1_784' title='bbox 1949 5294 1966 5333; x_wconf 81' lang='grc' dir='ltr'><strong>ε</strong></span> 
     </span>
    </p>
   </div>
   <div class='ocr_carea' id='block_1_103' title="bbox 2154 5267 3700 5352">
    <p class='ocr_par' dir='ltr' id='par_1_103' title="bbox 2154 5267 3700 5352">
     <span class='ocr_line' id='line_1_103' title="bbox 2154 5267 3700 5352; baseline -0.007 -19"><span class='ocrx_word' id='word_1_785' title='bbox 2154 5281 2235 5344; x_wconf 69' lang='lat' dir='ltr'><strong>rb;</strong></span> <span class='ocrx_word' id='word_1_786' title='bbox 2270 5278 2594 5352; x_wconf 82' lang='grc' dir='ltr'>Κορινθίους</span> <span class='ocrx_word' id='word_1_787' title='bbox 2616 5276 2789 5345; x_wconf 84' lang='grc' dir='ltr'>λέγων</span> <span class='ocrx_word' id='word_1_788' title='bbox 2808 5291 2822 5306; x_wconf 88' lang='grc'><strong>·</strong></span> <span class='ocrx_word' id='word_1_789' title='bbox 2847 5294 2864 5325; x_wconf 86' lang='grc' dir='ltr'><strong>ι</strong></span> <span class='ocrx_word' id='word_1_790' title='bbox 2906 5275 3026 5328; x_wconf 80' lang='grc' dir='ltr'>Ὀτι</span> <span class='ocrx_word' id='word_1_791' title='bbox 3055 5273 3231 5326; x_wconf 85' lang='grc' dir='ltr'>πάντα</span> <span class='ocrx_word' id='word_1_792' title='bbox 3264 5288 3365 5344; x_wconf 76' lang='grc' dir='ltr'><strong>μου</strong></span> <span class='ocrx_word' id='word_1_793' title='bbox 3396 5267 3700 5342; x_wconf 82' lang='grc' dir='ltr'>μέμνησθε,</span> 
     </span>
    </p>
   </div>
   <div class='ocr_carea' id='block_1_104' title="bbox 496 5382 3707 5511">
    <p class='ocr_par' dir='ltr' id='par_1_104' title="bbox 496 5382 3707 5511">
     <span class='ocr_line' id='line_1_104' title="bbox 496 5382 3707 5511; baseline -0.001 -68"><span class='ocrx_word' id='word_1_794' title='bbox 496 5389 745 5511; x_wconf 38' lang='lat' dir='ltr'><strong>(leram</strong></span> <span class='ocrx_word' id='word_1_795' title='bbox 781 5392 1071 5461; x_wconf 88' lang='lat' dir='ltr'><strong>epistolam</strong></span> <span class='ocrx_word' id='word_1_796' title='bbox 1116 5392 1284 5447; x_wconf 88' lang='lat' dir='ltr'><strong>habes</strong></span> <span class='ocrx_word' id='word_1_797' title='bbox 1327 5407 1492 5462; x_wconf 91' lang='lat' dir='ltr'><strong>supra</strong></span> <span class='ocrx_word' id='word_1_798' title='bbox 1534 5400 1658 5460; x_wconf 83' lang='lat' dir='ltr'><strong>post</strong></span> <span class='ocrx_word' id='word_1_799' title='bbox 1723 5398 2012 5445; x_wconf 86' lang='lat' dir='ltr'><strong>tractatum</strong></span> <span class='ocrx_word' id='word_1_800' title='bbox 2198 5390 2274 5461; x_wconf 80' lang='lat'><strong>(5)</strong></span> <span class='ocrx_word' id='word_1_801' title='bbox 2315 5388 2407 5445; x_wconf 89' lang='lat' dir='ltr'><strong>Sic</strong></span> <span class='ocrx_word' id='word_1_802' title='bbox 2435 5386 2747 5469; x_wconf 35' lang='lat' dir='ltr'><strong>Regius...ln</strong></span> <span class='ocrx_word' id='word_1_803' title='bbox 2783 5387 2943 5441; x_wconf 88' lang='lat' dir='ltr'><strong>editis</strong></span> <span class='ocrx_word' id='word_1_804' title='bbox 2972 5403 3100 5441; x_wconf 82' lang='lat' dir='ltr'><strong>vero</strong></span> <span class='ocrx_word' id='word_1_805' title='bbox 3124 5387 3233 5458; x_wconf 85' lang='grc' dir='ltr'><strong>γάρ</strong></span> <span class='ocrx_word' id='word_1_806' title='bbox 3260 5385 3433 5439; x_wconf 79' lang='lat' dir='ltr'><strong>deest.</strong></span> <span class='ocrx_word' id='word_1_807' title='bbox 3464 5382 3592 5438; x_wconf 65' lang='lat' dir='ltr'><strong>Haec</strong></span> <span class='ocrx_word' id='word_1_808' title='bbox 3613 5400 3707 5439; x_wconf 81' lang='lat' dir='ltr'><strong>au-</strong></span> 
     </span>
     <span class='ocr_line' id='line_1_105' title="bbox 496 5456 3707 5511; baseline 0.001 -2"><span class='ocrx_word' id='word_1_809' title='bbox 496 5478 503 5509; x_wconf 75' lang='grc' dir='ltr'><strong>ι</strong></span> <span class='ocrx_word' id='word_1_810' title='bbox 540 5491 555 5511; x_wconf 73' lang='grc' dir='ltr'><strong>ι</strong></span> <span class='ocrx_word' id='word_1_811' title='bbox 594 5478 760 5511; x_wconf 76' lang='grc' dir='ltr'>ιεαιιια</span> <span class='ocrx_word' id='word_1_812' title='bbox 789 5467 1010 5511; x_wconf 81' lang='lat' dir='ltr'><strong>sunada-</strong></span> <span class='ocrx_word' id='word_1_813' title='bbox 2126 5469 2230 5511; x_wconf 85' lang='lat' dir='ltr'><strong>lem</strong></span> <span class='ocrx_word' id='word_1_814' title='bbox 2262 5461 2451 5511; x_wconf 82' lang='lat' dir='ltr'><strong>confer</strong></span> <span class='ocrx_word' id='word_1_815' title='bbox 2484 5475 2607 5511; x_wconf 90' lang='lat' dir='ltr'><strong>eum</strong></span> <span class='ocrx_word' id='word_1_816' title='bbox 2640 5474 2709 5511; x_wconf 89' lang='lat' dir='ltr'><strong>ns</strong></span> <span class='ocrx_word' id='word_1_817' title='bbox 2734 5472 2857 5511; x_wconf 65' lang='lat' dir='ltr'><strong>ante</strong></span> <span class='ocrx_word' id='word_1_818' title='bbox 2887 5473 3050 5511; x_wconf 85' lang='lat' dir='ltr'><strong>suura</strong></span> <span class='ocrx_word' id='word_1_819' title='bbox 3080 5460 3366 5511; x_wconf 81' lang='lat' dir='ltr'><strong>habentur.</strong></span> <span class='ocrx_word' id='word_1_820' title='bbox 3392 5456 3460 5511; x_wconf 88' lang='lat' dir='ltr'><strong>de</strong></span> <span class='ocrx_word' id='word_1_821' title='bbox 3489 5464 3707 5511; x_wconf 75' lang='lat' dir='ltr'><strong>senten-</strong></span> 
     </span>
    </p>
   </div>
   <div class='ocr_carea' id='block_1_105' title="bbox 425 5456 3721 5533">
    <p class='ocr_par' dir='ltr' id='par_1_105' title="bbox 425 5456 3721 5533">
     <span class='ocr_line' id='line_1_106' title="bbox 425 5456 3721 5533; baseline -0.001 -20"><span class='ocrx_word' id='word_1_822' title='bbox 425 5456 765 5533; x_wconf 14' lang='lat' dir='ltr'><strong>Defﬂicﬁwug</strong></span> <span class='ocrx_word' id='word_1_823' title='bbox 789 5456 1010 5533; x_wconf 59' lang='lat' dir='ltr'><strong>synodo.</strong></span> <span class='ocrx_word' id='word_1_824' title='bbox 1399 5456 1413 5462; x_wconf 80' lang='grc'><em>’</em></span> <span class='ocrx_word' id='word_1_825' title='bbox 1536 5456 1551 5460; x_wconf 74' lang='grc'><em>’</em></span> <span class='ocrx_word' id='word_1_826' title='bbox 2126 5456 2451 5533; x_wconf 52' lang='lat' dir='ltr'><strong>tem_:conl‘cr</strong></span> <span class='ocrx_word' id='word_1_827' title='bbox 2484 5456 2607 5513; x_wconf 85' lang='lat' dir='ltr'><strong>eum</strong></span> <span class='ocrx_word' id='word_1_828' title='bbox 2640 5459 2709 5533; x_wconf 84' lang='lat' dir='ltr'><strong>iis</strong></span> <span class='ocrx_word' id='word_1_829' title='bbox 2734 5472 3050 5533; x_wconf 52' lang='lat' dir='ltr'><strong>quiesupra</strong></span> <span class='ocrx_word' id='word_1_830' title='bbox 3080 5456 3366 5522; x_wconf 81' lang='lat' dir='ltr'><strong>habentur,</strong></span> <span class='ocrx_word' id='word_1_831' title='bbox 3392 5456 3460 5511; x_wconf 88' lang='lat' dir='ltr'><strong>de</strong></span> <span class='ocrx_word' id='word_1_832' title='bbox 3489 5464 3721 5511; x_wconf 76' lang='lat' dir='ltr'><strong>senten-</strong></span> 
     </span>
    </p>
   </div>
   <div class='ocr_carea' id='block_1_106' title="bbox 501 5526 2939 5605">
    <p class='ocr_par' dir='ltr' id='par_1_106' title="bbox 501 5526 2939 5605">
     <span class='ocr_line' id='line_1_107' title="bbox 501 5526 2939 5605; baseline -0.002 -22"><span class='ocrx_word' id='word_1_833' title='bbox 501 5530 579 5601; x_wconf 69' lang='lat'><strong>(2)</strong></span> <span class='ocrx_word' id='word_1_834' title='bbox 620 5532 710 5585; x_wconf 80' lang='lat' dir='ltr'><strong>Sic</strong></span> <span class='ocrx_word' id='word_1_835' title='bbox 737 5526 938 5605; x_wconf 54' lang='lat' dir='ltr'><strong>Regius</strong></span> <span class='ocrx_word' id='word_1_836' title='bbox 980 5541 1034 5605; x_wconf 73' lang='lat' dir='ltr'><strong>et</strong></span> <span class='ocrx_word' id='word_1_837' title='bbox 1077 5534 1156 5605; x_wconf 74' lang='lat' dir='ltr'><strong>sic</strong></span> <span class='ocrx_word' id='word_1_838' title='bbox 1205 5533 1493 5601; x_wconf 81' lang='lat' dir='ltr'><strong>legendum</strong></span> <span class='ocrx_word' id='word_1_839' title='bbox 1531 5542 1698 5605; x_wconf 86' lang='lat' dir='ltr'><strong>patet,</strong></span> <span class='ocrx_word' id='word_1_840' title='bbox 1733 5533 2013 5605; x_wconf 55' lang='grc' dir='ltr'>ηοω-ἆσέ·</span> <span class='ocrx_word' id='word_1_841' title='bbox 2122 5528 2458 5605; x_wconf 49' lang='lat' dir='ltr'><strong>tialﬁiejente</strong></span> <span class='ocrx_word' id='word_1_842' title='bbox 2483 5529 2713 5605; x_wconf 73' lang='lat' dir='ltr'><strong>synodi,_</strong></span> <span class='ocrx_word' id='word_1_843' title='bbox 2729 5544 2781 5596; x_wconf 93' lang='lat' dir='ltr'><strong>p.</strong></span> <span class='ocrx_word' id='word_1_844' title='bbox 2816 5526 2939 5582; x_wconf 78' lang='grc'>166.</span> 
     </span>
    </p>
   </div>
   <div class='ocr_carea' id='block_1_107' title="bbox 427 5597 1973 5675">
    <p class='ocr_par' dir='ltr' id='par_1_107' title="bbox 427 5597 1967 5675">
     <span class='ocr_line' id='line_1_108' title="bbox 427 5597 1967 5675; baseline 0.003 -24"><span class='ocrx_word' id='word_1_845' title='bbox 427 5597 689 5675; x_wconf 49' lang='lat' dir='ltr'><strong>Gesta-tm</strong></span> <span class='ocrx_word' id='word_1_846' title='bbox 738 5597 1057 5675; x_wconf 16' lang='lat' dir='ltr'><strong>itemﬂinfra</strong></span> <span class='ocrx_word' id='word_1_847' title='bbox 1090 5597 1473 5675; x_wconf 66' lang='lat' dir='ltr'><strong>Constantium</strong></span> <span class='ocrx_word' id='word_1_848' title='bbox 1512 5597 1813 5675; x_wconf 78' lang='lat' dir='ltr'><strong>nuncupat.</strong></span> <span class='ocrx_word' id='word_1_849' title='bbox 1844 5601 1967 5656; x_wconf 85' lang='lat' dir='ltr'><strong>Edit</strong></span> 
     </span>
    </p>
   </div>
   <div class='ocr_carea' id='block_1_108' title="bbox 1292 5597 2838 5675">
    <p class='ocr_par' dir='ltr' id='par_1_108' title="bbox 1292 5597 2838 5675">
     <span class='ocr_line' id='line_1_109' title="bbox 1292 5597 2838 5675; baseline -0.002 -21"><span class='ocrx_word' id='word_1_850' title='bbox 1292 5606 1473 5659; x_wconf 7' lang='lat' dir='ltr'><strong>nntium</strong></span> <span class='ocrx_word' id='word_1_851' title='bbox 1512 5597 1813 5675; x_wconf 78' lang='lat' dir='ltr'><strong>nuncupat.</strong></span> <span class='ocrx_word' id='word_1_852' title='bbox 1844 5601 2009 5665; x_wconf 85' lang='lat' dir='ltr'><strong>Editi.</strong></span> <span class='ocrx_word' id='word_1_853' title='bbox 2194 5602 2269 5675; x_wconf 64' lang='grc' dir='ltr'><strong>(ϐ)</strong></span> <span class='ocrx_word' id='word_1_854' title='bbox 2312 5597 2536 5675; x_wconf 59' lang='lat' dir='ltr'><strong>ﬂegitts,</strong></span> <span class='ocrx_word' id='word_1_855' title='bbox 2562 5597 2838 5675; x_wconf 76' lang='grc' dir='ltr'>διδάξῳσι.</span> 
     </span>
    </p>
   </div>
   <div class='ocr_carea' id='block_1_109' title="bbox 427 5668 1973 5743">
    <p class='ocr_par' dir='ltr' id='par_1_109' title="bbox 427 5668 1973 5743">
     <span class='ocr_line' id='line_1_110' title="bbox 427 5668 1973 5743; baseline 0.004 -21"><span class='ocrx_word' id='word_1_856' title='bbox 427 5670 844 5743; x_wconf 74' lang='grc' dir='ltr'>εὐσεϐέστατον.</span> <span class='ocrx_word' id='word_1_857' title='bbox 871 5673 1047 5737; x_wconf 84' lang='lat' dir='ltr'><strong>Quam</strong></span> <span class='ocrx_word' id='word_1_858' title='bbox 1080 5674 1224 5727; x_wconf 82' lang='lat' dir='ltr'><strong>facili</strong></span> <span class='ocrx_word' id='word_1_859' title='bbox 1261 5675 1415 5743; x_wconf 90' lang='lat' dir='ltr'><strong>lapsu</strong></span> <span class='ocrx_word' id='word_1_860' title='bbox 1449 5676 1510 5728; x_wconf 77' lang='grc' dir='ltr'>εὐ</span> <span class='ocrx_word' id='word_1_861' title='bbox 1541 5690 1639 5741; x_wconf 92' lang='lat' dir='ltr'><strong>pro</strong></span> <span class='ocrx_word' id='word_1_862' title='bbox 1675 5668 1717 5728; x_wconf 78' lang='grc' dir='ltr'>α’</span> <span class='ocrx_word' id='word_1_863' title='bbox 1740 5675 1973 5732; x_wconf 88' lang='lat' dir='ltr'><strong>scribatu</strong></span> 
     </span>
    </p>
   </div>
   <div class='ocr_carea' id='block_1_110' title="bbox 1651 5668 3197 5743">
    <p class='ocr_par' dir='ltr' id='par_1_110' title="bbox 1675 5668 3197 5743">
     <span class='ocr_line' id='line_1_111' title="bbox 1675 5668 3197 5743; baseline -0.005 -15"><span class='ocrx_word' id='word_1_864' title='bbox 1675 5668 1717 5728; x_wconf 78' lang='grc' dir='ltr'>α’</span> <span class='ocrx_word' id='word_1_865' title='bbox 1740 5675 2015 5732; x_wconf 88' lang='lat' dir='ltr'><strong>scribatur</strong></span> <span class='ocrx_word' id='word_1_866' title='bbox 2198 5668 2275 5742; x_wconf 76' lang='lat'><strong>(&#39;7)</strong></span> <span class='ocrx_word' id='word_1_867' title='bbox 2314 5668 2540 5743; x_wconf 48' lang='grc' dir='ltr'>μεθίεις,</span> <span class='ocrx_word' id='word_1_868' title='bbox 2569 5669 2858 5743; x_wconf 63' lang='lat' dir='ltr'><strong>inclutose.</strong></span> <span class='ocrx_word' id='word_1_869' title='bbox 2878 5668 3197 5722; x_wconf 73' lang='grc' dir='ltr'>Ἂλιντὶνου.</span> 
     </span>
    </p>
   </div>
   <div class='ocr_carea' id='block_1_111' title="bbox 430 5738 2842 5815">
    <p class='ocr_par' dir='ltr' id='par_1_111' title="bbox 430 5738 2842 5815">
     <span class='ocr_line' id='line_1_112' title="bbox 430 5738 2842 5815; baseline -0.002 -17"><span class='ocrx_word' id='word_1_870' title='bbox 430 5738 490 5798; x_wconf 85' lang='lat' dir='ltr'><strong>in</strong></span> <span class='ocrx_word' id='word_1_871' title='bbox 516 5740 834 5815; x_wconf 61' lang='lat' dir='ltr'><strong>godieihus.</strong></span> <span class='ocrx_word' id='word_1_872' title='bbox 857 5751 1105 5815; x_wconf 88' lang='lat' dir='ltr'><strong>notatum</strong></span> <span class='ocrx_word' id='word_1_873' title='bbox 1138 5759 1281 5813; x_wconf 63' lang='lat' dir='ltr'><strong>saepe</strong></span> <span class='ocrx_word' id='word_1_874' title='bbox 1306 5738 1559 5815; x_wconf 81' lang='lat' dir='ltr'><strong>superius</strong></span> <span class='ocrx_word' id='word_1_875' title='bbox 1590 5755 1693 5803; x_wconf 82' lang='lat' dir='ltr'><strong>est.</strong></span> <span class='ocrx_word' id='word_1_876' title='bbox 2313 5738 2533 5813; x_wconf 59' lang='lat' dir='ltr'><strong>Regius,</strong></span> <span class='ocrx_word' id='word_1_877' title='bbox 2563 5738 2842 5793; x_wconf 77' lang='grc' dir='ltr'>ἐκϐάλετε.</span> 
     </span>
    </p>
   </div>
   <div class='ocr_carea' id='block_1_112' title="bbox 506 5809 1199 5884">
    <p class='ocr_par' dir='ltr' id='par_1_112' title="bbox 506 5809 1199 5884">
     <span class='ocr_line' id='line_1_113' title="bbox 506 5809 1199 5884; baseline 0.001 -20"><span class='ocrx_word' id='word_1_878' title='bbox 506 5809 565 5882; x_wconf 80' lang='grc'>(5</span> <span class='ocrx_word' id='word_1_879' title='bbox 601 5809 654 5865; x_wconf 65' lang='grc'>4)</span> <span class='ocrx_word' id='word_1_880' title='bbox 694 5809 1199 5884; x_wconf 67' lang='grc' dir='ltr'>Βίὶεὶι.,ἰὶριμήνῳ.</span> 
     </span>
    </p>
   </div>
  </div>
