3914 6222
235 336 338 395 ’ἰθδ
1563 337 1652 394 DE
1689 337 1995 394 SYNODIS.

3359 325 3466 380 706

237 451 330 504 καὶ
355 451 536 516 καθὼς
569 453 858 524 παρέδωκα
887 455 1012 525 ὑμῖν
1042 455 1114 524 (8)
1145 455 1242 518 τὰς
1269 455 1591 528 παραδόσεις
1611 494 1625 517 ,
1657 455 1784 508 οὕτο

1901 453 2040 508 sicut
2065 449 2262 504 tradidi
2291 447 2444 504 vobis
2467 485 2482 510 ,
2519 453 2784 514 praecepta
2831 459 2948 500 mea
2986 444 3180 500 tenetis
3202 442 3269 498 ".
3311 459 3330 492 ι
3366 440 3460 494 Isti

239 543 493 614 κατέχετε
519 560 534 576 ο
577 565 596 596 ι
629 541 772 600 οὗτοι
795 547 870 608 δὲ,
915 547 1132 602 τοιαῦτα
1158 547 1284 618 περὶ
1321 546 1429 600 τῶν
1461 547 1566 618 πρὸ
1619 547 1796 599 αὐτῶν

235 635 642 704 ἐνθυμούμενοι,
663 637 915 690 τάναντία
939 639 1152 702 πάντως
1171 639 1282 700 τοῖς
1307 637 1454 699 λαοῖς
1500 637 1593 690 κα)¹
1625 637 1795 689 εἰπεῖν

235 726 622 796 τολμήσουσινο
660 729 774 780 υύκ
815 729 1140 798 ἐπαινοῦμεν
1175 729 1318 798 ὑμᾶς
1365 727 1798 798 μνημονεύοντας

233 817 336 871 τῶν
361 817 642 886 Πατέρων,
689 818 802 870 ἀλλ’
829 817 1200 888 ἀποδεχόμεθα
1231 819 1428 888 μᾶλλον
1463 819 1624 888 ὑμᾶς,
1669 819 1796 870 ὅταν

231 905 326 968 τὰς
360 905 681 976 παραδόσεις
709 906 886 960 αὐτῶν
921 907 995 978 μὴ
1025 907 1286 978 κατέχητε
1309 924 1322 938 ·
1345 907 1440 962 καὶ
1468 907 1650 960 λοιπὸν
1676 907 1794 959 δια-

231 996 572 1050 ϐαλλέτωσαν
605 997 702 1066 τὴν
733 997 937 1052 ἑαυτῶν
959 997 1292 1065 δυσγένειαν,
1319 979 1411 1052 καὶ
1451 998 1758 1067 λεγέτωσαν
1777 1015 1789 1028 ·

241 1085 428 1156 Ἡμεῖς
455 1089 555 1142 οὐκ
586 1088 844 1152 εὐσεϐῶν,
887 1090 999 1142 ἀλλ’
1045 1091 1104 1154 ἐξ
1137 1090 1426 1163 αἱρετικῶν
1469 1091 1787 1160 γεγόναμεν.

229 1173 461 1228 Τοιαῦτα
487 1177 595 1247 γὰρ
620 1179 847 1248 ἁρμόζει
876 1179 1054 1246 λέγειν
1079 1183 1211 1244 τοῖς,
1246 1179 1320 1244 ὡς
1340 1183 1619 1251 προεῖπον,
1653 1195 1790 1251 προ-

227 1263 440 1316 πίνουσι
485 1266 582 1336 τὴν
615 1267 724 1320 τῶν
749 1268 1010 1338 Πατέρων
1047 1269 1213 1340 τιμὴν
1239 1309 1254 1334 ,
1290 1272 1384 1322 καὶ
1435 1271 1533 1340 τὴν
1583 1268 1790 1322 ἑαυτῶν

227 1355 504 1424 σωτηρίαν
531 1359 596 1427 τῇ
633 1357 918 1429 Ἀρειανῶν
947 1361 1018 1430 (9)
1053 1361 1282 1431 αἱρέσει,
1309 1361 1404 1414 καὶ
1427 1361 1499 1434 μὴ
1527 1361 1792 1430 φοϐουμέ-

222 1461 332 1508 νοις
358 1445 586 1500 ἀκοῦσαι
615 1447 677 1500 τὸ
710 1449 768 1500 ἐν
804 1452 868 1520 τῇ
909 1449 1027 1522 θείᾳ
1073 1451 1346 1522 Παροιμίᾳ
1389 1451 1788 1524 γεγραμμένον,

227 1550 242 1581 ι
286 1534 549 1602 Ἐκγονον
575 1537 737 1590 κακὸν
761 1539 970 1609 πατέρα
999 1541 1322 1609 καταρᾶται,
1353 1560 1372 1590 ι
1395 1541 1486 1594 καὶ
1514 1541 1612 1612 τὴν
1636 1543 1692 1594 ἐν
1715 1541 1791 1611 τῷ

219 1626 371 1696 νᾶμῳ
405 1629 547 1682 κατὰ
572 1629 682 1682 τῶν
703 1630 954 1684 τοιούτων
987 1632 1242 1702 κειμένην
1267 1632 1516 1702 ἀπειλήν.
1566 1633 1789 1686 Ἐκεῖνοι

223 1720 324 1790 μὲν
350 1718 444 1774 οὖν
471 1722 554 1774 διὰ
594 1723 692 1792 τὴν
720 1724 858 1794 ὑπὲρ
874 1727 970 1796 τῆς
999 1727 1263 1796 αἱρέσεως
1298 1727 1529 1797 σπουδὴν
1553 1727 1789 1782 τοιοῦτον

221 1812 522 1882 φιλόνεικον
555 1815 816 1882 ἐσχήκασι
841 1815 1009 1868 καὶτὸ
1031 1816 1306 1886 φρόνημα·
1339 1817 1494 1886 ὑμεῖς
1520 1816 1576 1870 δὲ
1609 1817 1682 1888 μὴ
1703 1819 1790 1872 διὰ
1821 1807 1860 1860 Β

219 1902 380 1956 τοῦτο
405 1903 730 1974 ταραχθῆτε,
767 1905 900 1974 μηδὲ
926 1905 1020 1975 τὴν
1047 1905 1266 1958 ἐκείνων
1305 1905 1504 1975 τόλμαν
1537 1906 1789 1974 ἀλήθειαν

215 1995 498 2066 ἡγήσησθε
529 1995 661 2064 (10).
695 1997 798 2048 Καὶ
829 1996 934 2066 γὰρ
957 1997 1206 2067 καὶπρὸς
1250 1998 1471 2060 ἑαυτοὺς
1507 1997 1790 2050 ἀνθίσταν-

215 2101 324 2148 ται,
359 2085 454 2138 καὶ
475 2084 582 2138 τῶν
621 2085 878 2155 Πατέρων
912 2086 1262 2149 ἀποστάντες,
1309 2087 1434 2156 μίαν
1467 2087 1566 2140 οὐκ
1606 2087 1787 2158 ἔχουσι

214 2177 312 2248 τὴν
343 2175 592 2247 γνώμην,
623 2175 758 2229 ἀλλὰ
785 2177 1052 2240 ποικίλαις
1085 2179 1178 2230 κα).
1222 2177 1496 2249 διαφόροις
1535 2180 1786 2250 νήχονται

217 2265 542 2334 μεταϐολαῖς
563 2283 575 2296 ·
609 2267 702 2320 καὶ
733 2267 865 2338 πρὸς
894 2267 992 2338 τὴν
1027 2268 1084 2320 ὲν
1104 2269 1306 2340 Νικαίᾳ
1336 2269 1546 2322 σύνοδον
1578 2271 1785 2340 ἐρίζον-

213 2371 330 2418 τες,
365 2353 568 2420 πολλὰς
591 2356 692 2426 μὲν
723 2356 966 2419 συνόδους
1002 2359 1328 2428 πεποιήκασι
1357 2358 1448 2410 καὶ
1470 2359 1638 2422 αὐτοὶ,
1666 2358 1784 2412 καθ’

212 2445 450 2516 ἑκάστην
488 2445 544 2499 δέ
604 2447 782 2500 πίστιν
827 2447 1187 2517 ἐκτιθέμενοι,
1219 2449 1276 2500 ἐν
1301 2447 1523 2519 οὐδεμιᾷ
1549 2451 1784 2521 μεμενή-

211 2554 366 2591 κασιν
388 2554 400 2568 ⁸
446 2538 582 2592 ἀλλὰ
623 2540 712 2592 καὶ
761 2540 821 2591 οὐ
851 2539 1144 2592 παύσονταί
1167 2556 1230 2608 γε
1263 2540 1348 2592 ἀεὶ
1381 2540 1536 2594 τοῦτο
1575 2540 1786 2594 ποιοῦν-

208 2647 316 2694 τες,
351 2632 458 2696 ὅτι,
487 2629 670 2694 κακῶς
703 2629 1011 2700 ζητοῦντες,
1043 2632 1140 2700 οὐχ
1162 2633 1482 2704 εὑρήσουσιν
1505 2634 1568 2704 ἣν
1592 2633 1784 2706 ἐμίση-

215 2739 308 2775 σαν
341 2723 555 2792 σοφίαν.
591 2723 859 2790 ’Υπέταξα
887 2723 1062 2776 τοίνυν
1093 2725 1404 2792 ἀναγκαίως
1439 2723 1546 2777 ἀπὸ
1585 2724 1782 2796 μέρους

210 2813 276 2865 τά
311 2831 372 2865 τε
409 2813 560 2884 παρὰ
613 2815 819 2886 Ἀρείου
869 2815 1165 2884 γραφέντα,
1217 2817 1309 2868 καὶ
1334 2815 1434 2869 ὅσα
1457 2819 1782 2885 συναγαγεῖν

212 2904 504 2976 ἠδυνήθην,
531 2897 605 2958 ὧν
637 2907 692 2958 ἐν
719 2905 992 2977 διαφόροις
1033 2898 1174 2958 οὗτοι
1219 2906 1453 2970 συνόδοις
1497 2907 1740 2973 ἐξέθεντο
1760 2923 1776 2938 '

213 2993 295 3046 ἵνα
328 2995 504 3061 γνῶτε
539 2996 632 3048 καὶ
661 2994 998 3065 θαυμάσητε,
1027 2995 1170 3060 τίνος
1197 2997 1382 3062 ἕνεκα,
1419 2995 1554 3068 πρὸς
1602 2999 1782 3050 οἰκουι-

213 3086 437 3156 μενικὴν
465 3085 701 3152 σύνοδον,
729 3087 822 3138 καὶ
855 3087 988 3158 πρὸς
1016 3089 1140 3150 τοὺς
1167 3087 1378 3141 ἑαυτῶν
1417 3087 1668 3158 Πατέρας
1701 3105 1780 3154 φι-

210 3175 593 3240 λονεικοῦντες,
611 3177 670 3229 οὐ
691 3176 1060 3232 καταδύονται.
1092 3179 1306 3249 Ἀρειος
1330 3178 1420 3230 καὶ
1439 3178 1488 3230 οἱ
1521 3179 1616 3230 σὺν
1633 3177 1779 3248 αὐτῷ

211 3270 597 3338 φρονήσαντες,
633 3271 726 3322 καὶ
749 3269 1014 3338 λέγοντες,
1044 3289 1062 3321 ‹
1085 3270 1172 3334 Ἐξ
1197 3270 1296 3322 οὐκ
1325 3269 1490 3322 ὅντων
1517 3270 1780 3342 πεποίηκε

210 3359 296 3412 τὸν
345 3359 476 3413 Υίον
507 3363 536 3413 ό
557 3361 708 3426 Θεὸς,
740 3363 832 3415 καὶ
860 3363 1124 3432 κέκληκεν
1163 3361 1337 3433 ἐαυτῷ
1365 3363 1492 3416 Υίόν
1513 3379 1526 3394 ·
1584 3363 1641 3415 ἓν
1674 3363 1780 3416 τῶν

217 3451 528 3522 κτισμάτων
566 3453 646 3522 (11
663 3469 675 3514 ›
706 3453 849 3506 ἐστὶν
875 3455 902 3506 ὁ
931 3452 1022 3506 τοῦ
1057 3452 1190 3506 Θεοῦ
1217 3454 1408 3522 Λόγος,
1437 3473 1454 3504 ι
1477 3455 1588 3518 καὶ,
1629 3474 1646 3504 ι
1675 3451 1780 3508 Ἦν

212 3559 360 3606 ποτε,
399 3543 489 3596 ὅτε
520 3544 618 3596 οὐκ
651 3541 716 3615 ἦν
737 3564 748 3576 ·
779 3546 1010 3617 τρεπτὸς
1065 3545 1123 3598 δέ
1173 3549 1310 3610 ἐστι,
1343 3545 1657 3616 δυνάμενος,
1693 3547 1778 3599 ὅτε

217 3633 494 3704 βούλεται,
523 3639 813 3708 τραπῆναι,
857 3658 874 3690 ι
920 3637 1283 3710 ἐξεϐλήθησαν
1324 3640 1421 3710 τῆς
1457 3639 1780 3710 Ἐκκλησίας

215 3727 364 3798 παρὰ
385 3727 480 3779 τοῦ
517 3731 818 3799 μακαρίτου
857 3730 1225 3802 Ἀλεξάνδρου.

279 3819 368 3874 15.
415 3819 554 3873 Ἀλλ’
594 3822 874 3894 ἐκϐληθεὶς
901 3823 1310 3895 καὶὲπιτριϐεὶς
1361 3823 1576 3894 Ἀρειος
1629 3823 1778 3896 παρὰ

213 3911 318 3962 τῶν
353 3913 482 3982 περὶ
507 3913 780 3976 Εὐσέϐιον,
811 3915 1100 3985 συνέθηκεν
1133 3913 1324 3967 ἑαυτοῦ
1362 3916 1458 3986 τὴν
1491 3915 1699 3986 αἵρεσιν
1721 3919 1778 3969 ἐν

217 4003 407 4074 χάρτῃ,
435 4005 530 4056 καὶ
552 4005 626 4068 ὡς
657 4007 710 4056 ἐν
742 4006 928 4072 Θαλία
951 4003 1198 4076 ζηλώσας
1228 4005 1418 4060 οὐδένα
1461 4007 1568 4058 τῶν
1599 4007 1780 4076 φρονί-

219 4113 352 4163 μων,
402 4095 538 4149 ἀλλὰ
555 4097 646 4150 τὸν
671 4097 964 4166 Αίγύπτιον
1006 4099 1264 4170 Σωσάτην
1311 4103 1368 4153 ἐν
1406 4099 1483 4170 τῷ
1526 4101 1645 4172 ἤθει
1686 4103 1779 4155 καὶ

215 4191 276 4258 τῇ
309 4188 524 4242 ἐκλύσει
559 4189 652 4243 τοῦ
687 4191 796 4262 (li)
829 4191 1042 4262 μέλους,
1068 4193 1268 4264 γράφει
1295 4191 1393 4262 μὲν
1423 4192 1622 4256 πολλὰ,
1669 4193 1778 4246 ἀπὸ

221 4280 416 4352 μέρους
434 4281 492 4334 δέ
517 4283 662 4336 ἐστιν
687 4283 849 4336 αὐτοῦ
871 4283 1040 4338 ταῦτα
1065 4299 1082 4314 ³

403 4375 874 4429 ΒΔΑΣΦΗΜΙΑΙ
923 4377 1066 4429 ΤΟΥ
1105 4377 1382 4430 ΑΡΕῙΟΥ
1429 4375 1562 4447 (15).

1902 555 2080 599 autem
2112 557 2236 596 cum
2291 541 2416 594 talia
2456 538 2520 590 de
2571 535 2868 602 majoribus
2923 535 3038 588 suis
3077 535 3354 604 cogitent,
3392 531 3462 586 iis

1899 636 2056 706 plane
2085 633 2354 688 contraria
2381 629 2589 698 populis
2616 629 2796 682 dicere
2827 626 3101 680 audebunt
3131 642 3144 677 :
3188 623 3304 678 Non
3363 637 3462 678 vos

1897 727 2178 780 laudamus
2217 723 2356 794 quod
2391 723 2610 778 Patrum
2649 733 2917 775 memores
2944 717 3099 780 silis;
3130 715 3221 772 sed
3277 715 3460 784 potius

1897 830 1961 870 eo
1989 831 2084 868 vos
2109 813 2423 884 probamus,
2456 815 2810 882 quodeorum
2855 806 3179 862 traditiones
3220 821 3328 859 non
3373 819 3461 857 re-

1895 903 2158 958 tineatis:
2204 919 2266 957 ac
2303 903 2522 958 domum
2569 901 2864 954 infaustum
2906 913 3066 952 suum
3117 911 3290 966 genus
3337 895 3458 948 cul—

1893 1007 2042 1066 pent,
2077 995 2382 1064 dicamque,
2417 993 2529 1048 Nos
2559 1009 2668 1048 non
2693 1008 2761 1046 ex
2805 992 2907 1060 piis
2934 991 3087 1053 viris,
3123 988 3214 1042 sed
3245 1003 3310 1041 ex
3347 987 3457 1038 hae-

1893 1087 2077 1142 reticis
2129 1087 2394 1158 originem
2439 1086 2718 1140 duximus.
2769 1083 2931 1138 Decet
2960 1084 3160 1151 quippe
3189 1080 3264 1133 ita
3303 1075 3458 1146 loqui

1895 1179 2163 1244 homines,
2203 1179 2294 1248 qui
2331 1179 2408 1233 uti
2443 1193 2604 1247 supra
2641 1177 2776 1240 dixi,
2818 1185 2872 1232 et
2909 1174 3130 1228 Patrum
3166 1173 3456 1232 honorem,

1891 1279 1945 1326 et
1965 1271 2192 1326 salutem
2227 1287 2378 1326 suam
2405 1269 2620 1324 Arianae
2654 1268 2844 1324 haeresi
2871 1267 3160 1338 propitiant
3186 1305 3200 1328 ,
3225 1262 3315 1332 qui
3345 1275 3462 1315 non

1893 1363 2036 1432 quod
2063 1365 2116 1416 in
2145 1363 2330 1416 divino
2361 1363 2650 1417 Proverbio
2675 1362 2936 1430 scriptum
2966 1366 3082 1420 est,
3115 1373 3135 1409 ι
3167 1355 3303 1408 Mala
3327 1367 3456 1422 pro-

1893 1454 1971 1508 les
2003 1463 2210 1524 patrem
2260 1464 2574 1506 exsecratur
2605 1453 2685 1516 ⁸⁸,
2721 1470 2739 1502 ι
2785 1449 2972 1505 audire
3012 1453 3295 1507 metuunt,
3344 1458 3453 1496 non

1893 1543 2072 1598 minas
2111 1544 2396 1596 adversum
2423 1541 2692 1611 ejusmodi
2727 1541 2974 1594 homines
3001 1538 3053 1592 in
3085 1537 3200 1606 lege
3222 1532 3450 1604 positas.

1891 1635 1972 1688 Ob
1997 1651 2156 1690 suum
2192 1635 2372 1704 itaque
2402 1650 2499 1704 pro
2531 1634 2722 1688 hzcresi
2753 1632 2990 1686 studium
3011 1669 3026 1694 ,
3070 1629 3142 1682 ita
3175 1625 3460 1696 pertinace

1892 1737 2016 1781 sunt
2039 1727 2241 1780 animo.
2271 1729 2341 1779 At
2371 1742 2464 1780 vos
2491 1742 2557 1779 ne
2587 1727 2705 1780 ideo
2738 1721 3026 1778 turbemiui
3047 1761 3062 1784 ,
3109 1734 3241 1772 neve
3283 1717 3454 1770 auda-

1889 1819 2028 1873 ciam
2051 1835 2237 1874 eorttm
2269 1834 2366 1888 pro
2389 1818 2613 1872 veritate
2649 1817 2911 1870 habeatis.
2945 1811 3154 1866 Etenim
3185 1809 3284 1878 ipsi
3309 1809 3452 1862 inter

1890 1925 1948 1964 se
1981 1923 2168 1964 mutuo
2209 1909 2490 1972 dissident,
2517 1917 2724 1962 etcum
2769 1922 2796 1960 a
2835 1903 3085 1958 Patrihus
3130 1899 3448 1962 defecerint,

1889 2013 2229 2067 nequaquam
2270 2015 2373 2053 una
2398 2001 2696 2067 eademque
2722 2004 2850 2051 sunt
2892 2002 3100 2056 mente;
3147 1989 3238 2044 sed
3285 1986 3450 2040 variis

1895 2087 2230 2158 diversisque
2297 2091 2579 2144 sententiis
2621 2087 2924 2142 ﬂuctuant:
2977 2083 3450 2150 disceptantesquo

1888 2182 2146 2236 adversus
2171 2180 2441 2237 Niczenam
2467 2181 2754 2252 synodum,
2787 2177 2985 2232 multas
3007 2185 3058 2228 et
3083 2173 3183 2242 ipsi
3215 2169 3456 2242 synodos

1887 2273 2266 2338 celebrarunt,
2323 2274 2374 2328 in
2400 2288 2628 2343 quarum
2659 2271 2885 2342 singulis
2934 2283 3056 2322 cum
3101 2265 3258 2319 [idem
3286 2275 3455 2329 expo-

1886 2364 2117 2426 suerint,
2155 2363 2286 2416 nullt
2342 2373 2519 2418 tamen
2571 2371 2766 2416 stetere
2799 2357 3150 2430 professioni,
3193 2369 3294 2408 nec
3339 2351 3448 2406 alio

1885 2469 2122 2522 unquam
2154 2455 2312 2510 modo
2341 2455 2512 2508 acturi
2544 2463 2671 2508 sunt
2696 2495 2711 2517 ,
2744 2453 2882 2506 male
2912 2451 3108 2520 quippe
3133 2445 3448 2516 quaerendo,

1883 2559 2048 2610 quam
2083 2545 2312 2600 oderunt
2338 2546 2658 2615 sapientiam
2693 2558 2970 2612 nunquam
2996 2539 3288 2594 invenient.
3329 2534 3450 2588 Non

1883 2637 1952 2691 ab
1983 2637 2226 2708 reigitur
2255 2640 2490 2708 aliquam
2533 2639 2646 2692 Arii
2689 2638 3016 2708 scriptorum
3059 2641 3265 2701 partem
3317 2626 3448 2682 sub-

1877 2729 2056 2798 junxi,
2093 2731 2217 2784 item
2241 2746 2596 2800 quascunque
2625 2729 2877 2796 colligere
2921 2726 3074 2796 potui
3115 2723 3238 2778 iidei
3275 2733 3447 2788 expo-

1883 2819 2102 2876 sitiones
2127 2821 2182 2874 in
2213 2822 2377 2876 variis
2407 2823 2629 2892 synodis
2662 2821 2835 2876 editas
2865 2819 2930 2872 ab
2963 2818 3068 2872 illis
3097 2859 3112 2881 ,
3148 2827 3208 2870 ut
3248 2829 3448 2884 cogno-

1883 2911 2086 2978 scatis,
2137 2921 2192 2966 et
2221 2912 2440 2980 quidem
2490 2927 2596 2966 non
2629 2911 2748 2966 sine
2799 2909 3182 2973 admiratione,
3228 2922 3334 2975 qua
3379 2903 3448 2958 de

1881 3017 2068 3068 causa,
2097 3004 2245 3058 nullo
2268 3003 2570 3058 aﬂieiantur
2595 3001 2757 3072 582
2788 3003 3014 3070 pudore,
3033 3001 3160 3053 dum
3186 3000 3454 3052 adversus

1882 3095 2272 3149 tecumenicam
2305 3094 2570 3166 synodum
2601 3103 2654 3147 et
2676 3097 2934 3150 adversus
2959 3089 3146 3146 Patres
3181 3103 3312 3146 suos
3332 3089 3446 3142 dis-

1883 3197 2117 3257 ceptant.
2151 3187 2314 3242 Arius
2343 3198 2398 3242 et
2431 3197 2724 3243 sectatores
2769 3186 2888 3255 ejus
2945 3200 3067 3240 cum
3115 3184 3228 3236 haac
3273 3180 3448 3234 senti-

1881 3289 2000 3334 rent
2027 3265 2188 3349 atque
2211 3279 2532 3350 proferrent,
2555 3300 2572 3332 ι
2599 3279 2672 3333 Ex
2701 3294 2806 3332 non
2841 3279 3056 3332 entibus
3087 3274 3227 3328 Deus
3248 3272 3450 3326 Filium

1880 3369 2029 3434 fecit,
2057 3381 2108 3426 et
2131 3372 2341 3426 vocavit
2365 3387 2490 3426 eum
2515 3372 2618 3426 sibi
2650 3369 2846 3423 Filium
2885 3410 2899 3434 ,
2952 3367 3044 3421 Dei
3081 3367 3315 3420 Verbum
3362 3372 3448 3418 est

1881 3480 1988 3518 una
2016 3480 2080 3519 ex
2102 3463 2386 3528 creaturis,
2411 3484 2430 3514 ι
2449 3474 2522 3528 et,
2547 3481 2564 3513 ι
2591 3460 3038 3530 Erat.aliquando
3061 3474 3183 3514 cum
3221 3469 3328 3512 non
3354 3471 3446 3510 es-

1879 3562 1984 3618 set,
1997 3554 2268 3608 mutabilis
2285 3564 2461 3606 autem
2479 3561 2578 3608 est.
2597 3560 2902 3622 potestque,
2916 3565 3038 3604 cunt
3057 3549 3314 3608 voluer.t,
3327 3561 3446 3598 mu-

1881 3643 2006 3708 tari,
2033 3664 2050 3696 ι
2075 3659 2104 3698 a
2133 3644 2302 3698 beata:
2333 3643 2608 3698 memoriae
2629 3643 2938 3697 Alexandro
2967 3641 3035 3692 ab
3064 3637 3308 3693 Ecclesia
3330 3637 3442 3704 eje-

1879 3741 2292 3892 Lllisfzniiijeclus
2345 3831 2526 3877 autem
2570 3822 2734 3876 Arius
2775 3823 2903 3876 dum
2953 3821 3094 3890 apud
3145 3817 3446 3872 Eusebium

1878 3924 2208 3971 versaretur.
2239 3930 2390 3968 suam
2425 3915 2668 3969 lueresim
2725 3913 2779 3966 in
2829 3913 3019 3966 charta
3068 3910 3359 3980 disposuit.
3389 3919 3443 3963 et

1877 4008 2034 4078 quasi
2066 4007 2119 4060 in
2167 4006 2379 4072 Thalia,
2405 4008 2673 4060 neminem
2701 4005 3047 4075 prudentium
3071 4043 3088 4070 ,
3134 4003 3226 4057 sed
3269 4000 3442 4072 Egy-

1879 4101 2048 4170 ptium
2082 4099 2356 4164 Sotadem,
2397 4099 2640 4152 moribus
2679 4105 2736 4151 et
2779 4095 3142 4151 dissolutione
3185 4108 3444 4148 numero-

1879 4209 1997 4246 rum
2027 4193 2290 4258 imitatus,
2347 4191 2515 4244 multa
2558 4189 2820 4260 scripsit,
2879 4203 3114 4258 quorum
3155 4201 3282 4256 pars
3327 4185 3444 4239 haec

1875 4295 1959 4340 est
1989 4303 2006 4338 :

2225 4370 2736 4428 BLASPHEMLE
2763 4368 2924 4424 AR”
2963 4369 3098 4441 (15).

283 4462 454 4526 Αὐτὸς
499 4463 626 4532 γοῦν
660 4467 688 4517 ό
731 4465 860 4530 Θεὸς
892 4465 1026 4519 καθό
1075 4467 1241 4528 ἐστιν,
1289 4466 1524 4538 ἄρρητος
1573 4465 1774 4520 ἅπασιν

1949 4463 2067 4534 Ipse
2089 4463 2254 4535 igitur
2285 4463 2427 4518 Deus
2458 4465 2758 4518 secundum
2791 4463 2924 4516 illud
2947 4461 3093 4530 quod
3118 4469 3220 4524 est,
3251 4458 3448 4514 inclia-

217 4553 469 4625 ὑπάρχει.
510 4557 671 4621 Ἴσον,
701 4558 820 4610 οὐδέ
839 4560 1042 4628 ὅμοιον,
1073 4559 1172 4630 οὐχ
1201 4558 1450 4629 ὁμόδοξον
1477 4559 1588 4630 ἔχει
1619 4559 1776 4629 μόνος

214 4639 365 4710 οὗτος
429 4647 742 4718 Ἀγέννητον
766 4649 820 4701 δὲ
844 4650 1003 4704 αὐτόν
1032 4667 1210 4721 φαμεν
1236 4649 1323 4702 διὰ
1354 4649 1443 4704 τὸν
1475 4651 1572 4722 τὴν
1617 4651 1776 4718 φύσιν

215 4737 500 4808 γεννητόνο
547 4739 732 4792 τοῦτον
777 4741 1007 4812 ἄναρχον
1066 4742 1410 4814 ἀείυμνοῦμεν
1466 4741 1552 4796 διὰ
1585 4743 1674 4794 τὸν
1720 4745 1777 4798 ὲν

217 4832 390 4902 χρόνῳ
416 4831 528 4900 (14)
560 4833 818 4899 γεγαότα.
866 4833 1060 4906 Ἀρχὴν
1085 4835 1174 4888 τὸν
1196 4835 1324 4888 Υίδν
1347 4835 1510 4906 ἔθηκε
1543 4834 1653 4889 τῶν
1687 4851 1780 4902 γε-

215 4921 388 4992 νητῶν
414 4923 442 4973 ὁ
465 4923 716 4992 ἄναρχος,
741 4925 833 4978 καὶ
873 4925 1098 4994 ἤνεγκεν
1127 4927 1207 4988 είς
1243 4926 1370 4980 Υἰὸν
1411 4925 1588 4996 ἐαυτῷ
1629 4925 1780 4978 τόνδε

215 5015 623 5084 τεκνοποιήσας.
663 5017 820 5069 Ἴδιον
845 5017 994 5070 οὐδὲν
1044 5017 1155 5088 ἔχει
1188 5015 1281 5070 τοῦ
1320 5017 1454 5071 Θεοῦ
1491 5017 1612 5070 καθ’
1644 5016 1778 5069 ὑπό-

285 5188 332 5219 ⁹⁸
373 5186 392 5240 l
423 5187 552 5242 Cor.
584 5203 658 5252 ιι,
681 5187 734 5242 2.
811 5187 858 5219 “
899 5187 1057 5242 Prov.
1091 5207 1218 5254 xxx,
1253 5191 1338 5244 11.

290 5317 364 5390 (8)
405 5315 496 5390 §ic
524 5315 746 5390 Regius.
783 5315 946 5384 Editi,
981 5319 1143 5390 ὑμᾶς.

289 5389 364 5508 (Eli)
405 5387 630 5458 Regius,
673 5387 946 5460 Ἀρειανῇ.
1017 5387 1140 5443 Mox
1187 5387 1351 5458 idem,
1385 5387 1776 5460 φοϐουμένους,

283 5475 308 5508 a
335 5477 384 5508 οι.

225 5471 400 5666 milii)
439 5525 662 5596 Regius,
692 5527 994 5599 ἡγήσησθε.
1025 5525 1168 5582 Editi
1195 5542 1343 5592 vero,
1367 5525 1668 5600 ἡγήσασθε.

238 5662 263 5666 Α
315 5597 402 5666 ii)
441 5595 630 5661 Basil.,
667 5601 762 5651 καὶ
807 5596 864 5649 ἓν
907 5595 1015 5650 τῶν
1063 5597 1392 5666 κτισμάτων.
1426 5597 1668 5666 Infraed

315 5595 402 5666 11)
441 5595 643 5682 basi!”
667 5595 762 5651 καὶ
791 5595 873 5649 ἶν’
907 5595 1028 5682 τῶν.
1063 5595 1780 5682 κτισμάτων.Ξιὶξςαῇοίίξιὶο

229 5662 480 5739 gamma.
513 5677 568 5722 et
595 5681 786 5724 omnes
815 5682 968 5733 mss.,
1001 5667 1090 5722 ὅτε
1119 5662 1384 5739 βούλεται.
1413 5666 1554 5724 Edit.
1578 5665 1777 5736 Paris.,

229 5733 304 5788 δτι
333 5735 595 5804 βούλεται.

1877 4557 2000 4612 bilis
2037 4558 2294 4612 omnibus
2319 4567 2423 4610 est.
2454 4557 2554 4610 Hic
2583 4557 2733 4610 solus
2763 4554 2970 4608 nullum
3012 4553 3114 4606 sibi
3141 4553 3224 4604 vel
3261 4567 3444 4620 aequa-

1879 4648 1982 4701 lem
2007 4648 2090 4701 vel
2113 4649 2342 4702 similem
2369 4647 2451 4700 vel
2473 4645 2695 4717 mqualis
2716 4645 2901 4714 gloriae
2926 4643 3110 4697 habet.
3134 4643 3440 4712 Ingenitom

1877 4737 2057 4793 autem
2093 4739 2242 4792 illum
2274 4739 2531 4804 dicimus,
2563 4747 2784 4808 propter
2817 4751 2940 4791 eum
2985 4736 3076 4804 qui
3111 4745 3304 4786 natura
3349 4747 3444 4801 ge-

1879 4831 2026 4886 nitus
2053 4841 2136 4884 est
2165 4849 2178 4882 :
2208 4831 2355 4885 hunc
2384 4831 2501 4885 sine
2523 4829 2792 4899 principio
2824 4827 3184 4890 celebramus,
3217 4833 3438 4893 propter

1877 4937 2001 4976 eum
2042 4925 2134 4992 qui
2179 4923 2396 4976 initium
2439 4925 2616 4978 habet.
2655 4921 2942 4976 Eternum
2985 4921 3158 4988 ipsum
3207 4929 3436 4968 venera-

1879 5029 2020 5079 mur,
2035 5023 2390 5083 pmptereutu
2405 5015 2496 5085 qui
2515 5031 2568 5068 tn
2599 5024 2835 5082 tempore
2865 5021 3024 5065 natus
3051 5015 3152 5062 est.
3181 5005 3284 5072 Qui
3321 5008 3438 5059 sine

1956 5317 2060 5388 (12)
2103 5317 2194 5373 Sic
2229 5319 2448 5388 Regius.
2477 5319 2534 5372 In
2557 5319 2716 5372 editis
2746 5317 2839 5371 τοῦ
2874 5317 3042 5371 deest.
3073 5313 3173 5370 Hic
3217 5313 3444 5368 Sosatcs-

1879 5399 2107 5443 vocatur
2150 5391 2375 5444 Sotades
2417 5405 2600 5456 supra.

1953 5459 2064 5528 (15)
2095 5459 2232 5512 Ante
2269 5452 2498 5528 Ἀρείου,
2538 5458 2630 5528 τοῦ
2677 5457 2827 5510 deest
2855 5457 2907 5528 in
2943 5455 3121 5522 editis,
3163 5455 3218 5509 in
3267 5452 3438 5523 Regio

1880 5527 2126 5582 habetur.
2163 5528 2294 5582 ibid.
2329 5527 2548 5595 Regius,
2591 5527 2924 5597 βλασφημία.

1953 5597 2321 5670 (174)_Regius_,
2349 5593 2940 5670 xpovmngaulo’post
2993 5593 3140 5648 τόνδε
3187 5595 3336 5650 deest
3379 5594 3440 5647 in.

1880 5665 2062 5725 editis.
2095 5666 2152 5736 In
2179 5665 2582 5736 Regio’tegitur.

1956 5737 2069 5808 (l5)
2109 5733 2234 5792 Haec
2265 5733 2439 5805 paulo
2457 5745 2814 5816 postlaunum
2850 5735 2952 5790 520
2977 5735 3116 5790 edita
3163 5733 3438 5790 videntur.
