  <div class='ocr_page' id='page_1' title='image "/cluster/home/n/w/nwhite01/storage/ocr_20150623/26/mdp.39015019958456/371.png"; bbox 0 0 3914 6222; ppageno 0'>
   <div class='ocr_carea' id='block_1_1' title="bbox 434 355 534 407">
    <p class='ocr_par' dir='ltr' id='par_1_1' title="bbox 434 355 534 407">
     <span class='ocr_line' id='line_1_1' title="bbox 434 355 534 407; baseline 0 -1"><span class='ocrx_word' id='word_1_1' title='bbox 434 355 534 407; x_wconf 83' lang='lat'><strong>707</strong></span> 
     </span>
    </p>
   </div>
   <div class='ocr_carea' id='block_1_2' title="bbox 995 333 2006 408">
    <p class='ocr_par' dir='ltr' id='par_1_2' title="bbox 995 343 2006 408">
     <span class='ocr_line' id='line_1_2' title="bbox 995 343 2006 408; baseline -0.009 -2"><span class='ocrx_word' id='word_1_2' title='bbox 995 347 1055 408; x_wconf 83' lang='lat' dir='ltr'><strong>S.</strong></span> <span class='ocrx_word' id='word_1_3' title='bbox 1092 346 1463 404; x_wconf 62' lang='grc' dir='ltr'>ΑτιῐΑΝΑδιι</span> <span class='ocrx_word' id='word_1_4' title='bbox 1498 347 1650 403; x_wconf 83' lang='grc' dir='ltr'><strong>ΟΡΡ.</strong></span> <span class='ocrx_word' id='word_1_5' title='bbox 1693 343 1872 400; x_wconf 75' lang='lat' dir='ltr'><strong>PARS</strong></span> <span class='ocrx_word' id='word_1_6' title='bbox 1911 344 1950 398; x_wconf 87' lang='lat' dir='ltr'><strong>l.</strong></span> <span class='ocrx_word' id='word_1_7' title='bbox 1992 373 2006 382; x_wconf 95' lang='lat'><strong><em>-</em></strong></span> 
     </span>
    </p>
   </div>
   <div class='ocr_carea' id='block_1_3' title="bbox 2113 333 3063 408">
    <p class='ocr_par' dir='ltr' id='par_1_3' title="bbox 2113 333 3063 395">
     <span class='ocr_line' id='line_1_3' title="bbox 2113 333 3063 395; baseline -0.007 -1"><span class='ocrx_word' id='word_1_8' title='bbox 2113 337 2470 395; x_wconf 69' lang='lat' dir='ltr'><strong>HlSTORlCA</strong></span> <span class='ocrx_word' id='word_1_9' title='bbox 2509 335 2596 392; x_wconf 81' lang='lat' dir='ltr'><strong>ET</strong></span> <span class='ocrx_word' id='word_1_10' title='bbox 2639 333 3063 392; x_wconf 76' lang='lat' dir='ltr'><strong>DOGMATICA.</strong></span> 
     </span>
    </p>
   </div>
   <div class='ocr_carea' id='block_1_4' title="bbox 3574 328 3678 382">
    <p class='ocr_par' dir='ltr' id='par_1_4' title="bbox 3574 328 3678 382">
     <span class='ocr_line' id='line_1_4' title="bbox 3574 328 3678 382; baseline 0.019 -2"><span class='ocrx_word' id='word_1_11' title='bbox 3574 328 3678 382; x_wconf 79' lang='lat'><strong>708</strong></span> 
     </span>
    </p>
   </div>
   <div class='ocr_carea' id='block_1_5' title="bbox 435 448 2006 539">
    <p class='ocr_par' dir='ltr' id='par_1_5' title="bbox 435 466 2000 539">
     <span class='ocr_line' id='line_1_5' title="bbox 435 466 2000 539; baseline -0.006 -13"><span class='ocrx_word' id='word_1_12' title='bbox 435 473 591 526; x_wconf 91' lang='lat' dir='ltr'><strong>initio</strong></span> <span class='ocrx_word' id='word_1_13' title='bbox 607 479 710 535; x_wconf 85' lang='lat' dir='ltr'><strong>est,</strong></span> <span class='ocrx_word' id='word_1_14' title='bbox 736 469 932 524; x_wconf 82' lang='lat' dir='ltr'><strong>Filium</strong></span> <span class='ocrx_word' id='word_1_15' title='bbox 955 469 1140 539; x_wconf 79' lang='lat' dir='ltr'><strong>posuit</strong></span> <span class='ocrx_word' id='word_1_16' title='bbox 1159 469 1373 524; x_wconf 89' lang='lat' dir='ltr'><strong>initium</strong></span> <span class='ocrx_word' id='word_1_17' title='bbox 1397 477 1796 528; x_wconf 86' lang='lat' dir='ltr'><strong>creaturarum,</strong></span> <span class='ocrx_word' id='word_1_18' title='bbox 1830 466 2000 518; x_wconf 86' lang='lat' dir='ltr'><strong>hune-</strong></span> 
     </span>
    </p>
   </div>
   <div class='ocr_carea' id='block_1_6' title="bbox 2113 448 3683 539">
    <p class='ocr_par' dir='ltr' id='par_1_6' title="bbox 2113 448 3683 528">
     <span class='ocr_line' id='line_1_6' title="bbox 2113 448 3683 528; baseline -0.008 -14"><span class='ocrx_word' id='word_1_19' title='bbox 2113 477 2286 514; x_wconf 74' lang='grc' dir='ltr'>ςτασιν</span> <span class='ocrx_word' id='word_1_20' title='bbox 2349 459 2635 528; x_wconf 78' lang='grc' dir='ltr'>ἰδιότητος·</span> <span class='ocrx_word' id='word_1_21' title='bbox 2694 455 2817 509; x_wconf 82' lang='grc' dir='ltr'>οὑδὲ</span> <span class='ocrx_word' id='word_1_22' title='bbox 2871 453 2978 524; x_wconf 87' lang='grc' dir='ltr'><strong>γάρ</strong></span> <span class='ocrx_word' id='word_1_23' title='bbox 3005 453 3151 504; x_wconf 79' lang='grc' dir='ltr'>ἐστιν</span> <span class='ocrx_word' id='word_1_24' title='bbox 3211 449 3361 513; x_wconf 77' lang='grc' dir='ltr'>ἴσος,</span> <span class='ocrx_word' id='word_1_25' title='bbox 3407 448 3522 500; x_wconf 79' lang='grc' dir='ltr'>ἀλλ’</span> <span class='ocrx_word' id='word_1_26' title='bbox 3557 449 3683 502; x_wconf 59' lang='grc' dir='ltr'>οὐδὲ</span> 
     </span>
    </p>
   </div>
   <div class='ocr_carea' id='block_1_7' title="bbox 434 555 2006 634">
    <p class='ocr_par' dir='ltr' id='par_1_7' title="bbox 434 555 2006 634">
     <span class='ocr_line' id='line_1_7' title="bbox 434 555 2006 634; baseline -0.005 -16"><span class='ocrx_word' id='word_1_27' title='bbox 434 579 540 634; x_wconf 93' lang='lat' dir='ltr'><strong>que</strong></span> <span class='ocrx_word' id='word_1_28' title='bbox 568 564 691 617; x_wconf 88' lang='lat' dir='ltr'><strong>tulit</strong></span> <span class='ocrx_word' id='word_1_29' title='bbox 713 577 776 616; x_wconf 88' lang='lat' dir='ltr'><strong>ac</strong></span> <span class='ocrx_word' id='word_1_30' title='bbox 805 561 906 616; x_wconf 87' lang='lat' dir='ltr'><strong>sibi</strong></span> <span class='ocrx_word' id='word_1_31' title='bbox 940 562 992 614; x_wconf 92' lang='lat' dir='ltr'><strong>in</strong></span> <span class='ocrx_word' id='word_1_32' title='bbox 1022 559 1218 615; x_wconf 86' lang='lat' dir='ltr'><strong>Filium</strong></span> <span class='ocrx_word' id='word_1_33' title='bbox 1249 560 1561 629; x_wconf 90' lang='lat' dir='ltr'><strong>adoptavit,</strong></span> <span class='ocrx_word' id='word_1_34' title='bbox 1593 558 1684 627; x_wconf 89' lang='lat' dir='ltr'><strong>qui</strong></span> <span class='ocrx_word' id='word_1_35' title='bbox 1718 557 1852 611; x_wconf 87' lang='lat' dir='ltr'><strong>nihil</strong></span> <span class='ocrx_word' id='word_1_36' title='bbox 1899 555 2006 610; x_wconf 90' lang='lat' dir='ltr'><strong>Deo</strong></span> 
     </span>
    </p>
   </div>
   <div class='ocr_carea' id='block_1_8' title="bbox 434 649 2003 725">
    <p class='ocr_par' dir='ltr' id='par_1_8' title="bbox 434 649 2003 725">
     <span class='ocr_line' id='line_1_8' title="bbox 434 649 2003 725; baseline -0.006 -16"><span class='ocrx_word' id='word_1_37' title='bbox 434 657 714 725; x_wconf 90' lang='lat' dir='ltr'><strong>proprium</strong></span> <span class='ocrx_word' id='word_1_38' title='bbox 749 655 906 707; x_wconf 90' lang='lat' dir='ltr'><strong>habet</strong></span> <span class='ocrx_word' id='word_1_39' title='bbox 935 653 1236 706; x_wconf 85' lang='lat' dir='ltr'><strong>secundum</strong></span> <span class='ocrx_word' id='word_1_40' title='bbox 1291 651 1566 720; x_wconf 82' lang='lat' dir='ltr'><strong>propriam</strong></span> <span class='ocrx_word' id='word_1_41' title='bbox 1616 649 2003 714; x_wconf 88' lang='lat' dir='ltr'><strong>substantiam,</strong></span> 
     </span>
    </p>
   </div>
   <div class='ocr_carea' id='block_1_9' title="bbox 436 738 2003 814">
    <p class='ocr_par' dir='ltr' id='par_1_9' title="bbox 436 738 2003 814">
     <span class='ocr_line' id='line_1_9' title="bbox 436 738 2003 814; baseline -0.006 -12"><span class='ocrx_word' id='word_1_42' title='bbox 436 763 543 802; x_wconf 91' lang='lat' dir='ltr'><strong>non</strong></span> <span class='ocrx_word' id='word_1_43' title='bbox 579 758 662 801; x_wconf 90' lang='lat' dir='ltr'><strong>est</strong></span> <span class='ocrx_word' id='word_1_44' title='bbox 692 747 835 800; x_wconf 90' lang='lat' dir='ltr'><strong>enim</strong></span> <span class='ocrx_word' id='word_1_45' title='bbox 867 745 1095 814; x_wconf 79' lang='lat' dir='ltr'><strong>aequalis</strong></span> <span class='ocrx_word' id='word_1_46' title='bbox 1130 753 1224 796; x_wconf 89' lang='lat' dir='ltr'><strong>aut</strong></span> <span class='ocrx_word' id='word_1_47' title='bbox 1257 741 1742 797; x_wconf 89' lang='lat' dir='ltr'><strong>consubstantialis</strong></span> <span class='ocrx_word' id='word_1_48' title='bbox 1776 739 1874 793; x_wconf 91' lang='lat' dir='ltr'><strong>illi.</strong></span> <span class='ocrx_word' id='word_1_49' title='bbox 1907 738 2003 793; x_wconf 84' lang='lat' dir='ltr'><strong>Sa-</strong></span> 
     </span>
    </p>
   </div>
   <div class='ocr_carea' id='block_1_10' title="bbox 435 832 2006 910">
    <p class='ocr_par' dir='ltr' id='par_1_10' title="bbox 435 832 2006 910">
     <span class='ocr_line' id='line_1_10' title="bbox 435 832 2006 910; baseline -0.006 -17"><span class='ocrx_word' id='word_1_50' title='bbox 435 841 589 910; x_wconf 84' lang='lat' dir='ltr'><strong>piens</strong></span> <span class='ocrx_word' id='word_1_51' title='bbox 624 855 750 894; x_wconf 86' lang='lat' dir='ltr'><strong>vero</strong></span> <span class='ocrx_word' id='word_1_52' title='bbox 779 847 862 893; x_wconf 87' lang='lat' dir='ltr'><strong>est</strong></span> <span class='ocrx_word' id='word_1_53' title='bbox 896 837 1057 902; x_wconf 87' lang='lat' dir='ltr'><strong>Deus,</strong></span> <span class='ocrx_word' id='word_1_54' title='bbox 1091 836 1218 904; x_wconf 83' lang='lat' dir='ltr'><strong>quia</strong></span> <span class='ocrx_word' id='word_1_55' title='bbox 1253 835 1537 903; x_wconf 65' lang='lat' dir='ltr'><strong>sapientiae</strong></span> <span class='ocrx_word' id='word_1_56' title='bbox 1580 833 1842 902; x_wconf 79' lang='lat' dir='ltr'><strong>magister</strong></span> <span class='ocrx_word' id='word_1_57' title='bbox 1889 832 2006 900; x_wconf 89' lang='lat' dir='ltr'><strong>ipse</strong></span> 
     </span>
    </p>
   </div>
   <div class='ocr_carea' id='block_1_11' title="bbox 435 927 2006 1001">
    <p class='ocr_par' dir='ltr' id='par_1_11' title="bbox 435 927 2006 1001">
     <span class='ocr_line' id='line_1_11' title="bbox 435 927 2006 1001; baseline -0.006 -14"><span class='ocrx_word' id='word_1_58' title='bbox 435 942 537 987; x_wconf 89' lang='lat' dir='ltr'><strong>cst.</strong></span> <span class='ocrx_word' id='word_1_59' title='bbox 568 932 801 987; x_wconf 73' lang='lat' dir='ltr'><strong>Evidens</strong></span> <span class='ocrx_word' id='word_1_60' title='bbox 830 947 1045 1001; x_wconf 86' lang='lat' dir='ltr'><strong>quoque</strong></span> <span class='ocrx_word' id='word_1_61' title='bbox 1070 948 1155 986; x_wconf 87' lang='lat' dir='ltr'><strong>res</strong></span> <span class='ocrx_word' id='word_1_62' title='bbox 1184 939 1292 996; x_wconf 91' lang='lat' dir='ltr'><strong>est,</strong></span> <span class='ocrx_word' id='word_1_63' title='bbox 1321 929 1489 981; x_wconf 88' lang='lat' dir='ltr'><strong>Deum</strong></span> <span class='ocrx_word' id='word_1_64' title='bbox 1524 927 1852 980; x_wconf 82' lang='lat' dir='ltr'><strong>invisibilem</strong></span> <span class='ocrx_word' id='word_1_65' title='bbox 1883 940 2006 979; x_wconf 83' lang='lat' dir='ltr'><strong>esse</strong></span> 
     </span>
    </p>
   </div>
   <div class='ocr_carea' id='block_1_12' title="bbox 435 1017 2003 1094">
    <p class='ocr_par' dir='ltr' id='par_1_12' title="bbox 435 1017 2003 1094">
     <span class='ocr_line' id='line_1_12' title="bbox 435 1017 2003 1094; baseline -0.006 -15"><span class='ocrx_word' id='word_1_66' title='bbox 435 1025 692 1080; x_wconf 90' lang='lat' dir='ltr'><strong>omnibus</strong></span> <span class='ocrx_word' id='word_1_67' title='bbox 720 1040 839 1094; x_wconf 67' lang='lat' dir='ltr'><strong>qum.</strong></span> <span class='ocrx_word' id='word_1_68' title='bbox 864 1039 958 1093; x_wconf 90' lang='lat' dir='ltr'><strong>per</strong></span> <span class='ocrx_word' id='word_1_69' title='bbox 987 1021 1183 1076; x_wconf 85' lang='lat' dir='ltr'><strong>Filium</strong></span> <span class='ocrx_word' id='word_1_70' title='bbox 1215 1030 1361 1086; x_wconf 92' lang='lat' dir='ltr'><strong>sunt,</strong></span> <span class='ocrx_word' id='word_1_71' title='bbox 1396 1021 1610 1090; x_wconf 82' lang='lat' dir='ltr'><strong>ipsique</strong></span> <span class='ocrx_word' id='word_1_72' title='bbox 1638 1018 1777 1072; x_wconf 86' lang='lat' dir='ltr'><strong>Filio</strong></span> <span class='ocrx_word' id='word_1_73' title='bbox 1808 1017 2003 1071; x_wconf 90' lang='lat' dir='ltr'><strong>invisi-</strong></span> 
     </span>
    </p>
   </div>
   <div class='ocr_carea' id='block_1_13' title="bbox 434 1105 2004 1177">
    <p class='ocr_par' dir='ltr' id='par_1_13' title="bbox 434 1105 2004 1177">
     <span class='ocr_line' id='line_1_13' title="bbox 434 1105 2004 1177; baseline -0.006 -8"><span class='ocrx_word' id='word_1_74' title='bbox 434 1115 595 1169; x_wconf 82' lang='lat' dir='ltr'><strong>bilem</strong></span> <span class='ocrx_word' id='word_1_75' title='bbox 631 1130 772 1169; x_wconf 91' lang='lat' dir='ltr'><strong>esse.</strong></span> <span class='ocrx_word' id='word_1_76' title='bbox 809 1112 1018 1166; x_wconf 84' lang='lat' dir='ltr'><strong>Diserte</strong></span> <span class='ocrx_word' id='word_1_77' title='bbox 1052 1121 1230 1165; x_wconf 90' lang='lat' dir='ltr'><strong>autem</strong></span> <span class='ocrx_word' id='word_1_78' title='bbox 1262 1111 1437 1164; x_wconf 91' lang='lat' dir='ltr'><strong>dicam</strong></span> <span class='ocrx_word' id='word_1_79' title='bbox 1476 1124 1585 1177; x_wconf 88' lang='lat' dir='ltr'><strong>quo</strong></span> <span class='ocrx_word' id='word_1_80' title='bbox 1617 1108 1780 1162; x_wconf 82' lang='lat' dir='ltr'><strong>modo</strong></span> <span class='ocrx_word' id='word_1_81' title='bbox 1816 1122 1844 1160; x_wconf 90' lang='lat' dir='ltr'><strong>a</strong></span> <span class='ocrx_word' id='word_1_82' title='bbox 1868 1105 2004 1160; x_wconf 89' lang='lat' dir='ltr'><strong>Filio</strong></span> 
     </span>
    </p>
   </div>
   <div class='ocr_carea' id='block_1_14' title="bbox 435 1195 2004 1274">
    <p class='ocr_par' dir='ltr' id='par_1_14' title="bbox 435 1195 2004 1274">
     <span class='ocr_line' id='line_1_14' title="bbox 435 1195 2004 1274; baseline -0.003 -15"><span class='ocrx_word' id='word_1_83' title='bbox 435 1205 687 1259; x_wconf 87' lang='lat' dir='ltr'><strong>videatur</strong></span> <span class='ocrx_word' id='word_1_84' title='bbox 716 1205 807 1274; x_wconf 89' lang='lat' dir='ltr'><strong>qui</strong></span> <span class='ocrx_word' id='word_1_85' title='bbox 839 1214 920 1258; x_wconf 87' lang='lat' dir='ltr'><strong>est</strong></span> <span class='ocrx_word' id='word_1_86' title='bbox 953 1202 1275 1256; x_wconf 90' lang='lat' dir='ltr'><strong>invisibilis:</strong></span> <span class='ocrx_word' id='word_1_87' title='bbox 1302 1201 1420 1266; x_wconf 86' lang='lat' dir='ltr'><strong>Qua</strong></span> <span class='ocrx_word' id='word_1_88' title='bbox 1451 1201 1496 1252; x_wconf 82' lang='lat' dir='ltr'><strong>vi</strong></span> <span class='ocrx_word' id='word_1_89' title='bbox 1535 1195 1886 1254; x_wconf 70' lang='lat' dir='ltr'><strong>Deus&#39;videre</strong></span> <span class='ocrx_word' id='word_1_90' title='bbox 1909 1214 2004 1267; x_wconf 85' lang='lat' dir='ltr'><strong>po-</strong></span> 
     </span>
    </p>
   </div>
   <div class='ocr_carea' id='block_1_15' title="bbox 434 1290 2004 1365">
    <p class='ocr_par' dir='ltr' id='par_1_15' title="bbox 434 1290 2004 1365">
     <span class='ocr_line' id='line_1_15' title="bbox 434 1290 2004 1365; baseline -0.004 -15"><span class='ocrx_word' id='word_1_91' title='bbox 434 1305 558 1363; x_wconf 86' lang='lat' dir='ltr'><strong>test,</strong></span> <span class='ocrx_word' id='word_1_92' title='bbox 584 1298 771 1350; x_wconf 89' lang='lat' dir='ltr'><strong>eadem</strong></span> <span class='ocrx_word' id='word_1_93' title='bbox 803 1295 1034 1365; x_wconf 88' lang='lat' dir='ltr'><strong>propriis</strong></span> <span class='ocrx_word' id='word_1_94' title='bbox 1068 1295 1240 1348; x_wconf 87' lang='lat' dir='ltr'><strong>modis</strong></span> <span class='ocrx_word' id='word_1_95' title='bbox 1272 1295 1326 1347; x_wconf 92' lang='lat' dir='ltr'><strong>in</strong></span> <span class='ocrx_word' id='word_1_96' title='bbox 1365 1293 1564 1346; x_wconf 89' lang='lat' dir='ltr'><strong>Filium</strong></span> <span class='ocrx_word' id='word_1_97' title='bbox 1585 1292 1735 1346; x_wconf 86' lang='lat' dir='ltr'><strong>cadit</strong></span> <span class='ocrx_word' id='word_1_98' title='bbox 1786 1290 2004 1345; x_wconf 83' lang='lat' dir='ltr'><strong>Patrem</strong></span> 
     </span>
    </p>
   </div>
   <div class='ocr_carea' id='block_1_16' title="bbox 435 1384 2003 1456">
    <p class='ocr_par' dir='ltr' id='par_1_16' title="bbox 435 1384 2003 1456">
     <span class='ocr_line' id='line_1_16' title="bbox 435 1384 2003 1456; baseline -0.004 -15"><span class='ocrx_word' id='word_1_99' title='bbox 435 1389 634 1452; x_wconf 88' lang='lat' dir='ltr'><strong>videre,</strong></span> <span class='ocrx_word' id='word_1_100' title='bbox 664 1399 932 1456; x_wconf 84' lang='lat' dir='ltr'><strong>quatenus</strong></span> <span class='ocrx_word' id='word_1_101' title='bbox 963 1386 1043 1440; x_wconf 81' lang='lat' dir='ltr'><strong>fas</strong></span> <span class='ocrx_word' id='word_1_102' title='bbox 1064 1397 1163 1440; x_wconf 90' lang='lat' dir='ltr'><strong>est.</strong></span> <span class='ocrx_word' id='word_1_103' title='bbox 1196 1385 1461 1438; x_wconf 83' lang='lat' dir='ltr'><strong>Nimirum</strong></span> <span class='ocrx_word' id='word_1_104' title='bbox 1505 1384 1745 1438; x_wconf 86' lang='lat' dir='ltr'><strong>Trinitas</strong></span> <span class='ocrx_word' id='word_1_105' title='bbox 1775 1391 1858 1436; x_wconf 92' lang='lat' dir='ltr'><strong>est</strong></span> <span class='ocrx_word' id='word_1_106' title='bbox 1897 1388 2003 1436; x_wconf 90' lang='lat' dir='ltr'><strong>no&#39;n</strong></span> 
     </span>
    </p>
   </div>
   <div class='ocr_carea' id='block_1_17' title="bbox 434 1475 2007 1547">
    <p class='ocr_par' dir='ltr' id='par_1_17' title="bbox 434 1475 2007 1547">
     <span class='ocr_line' id='line_1_17' title="bbox 434 1475 2007 1547; baseline -0.004 -15"><span class='ocrx_word' id='word_1_107' title='bbox 434 1479 598 1532; x_wconf 90' lang='lat' dir='ltr'><strong>simili</strong></span> <span class='ocrx_word' id='word_1_108' title='bbox 636 1478 804 1547; x_wconf 81' lang='lat' dir='ltr'><strong>gloria</strong></span> <span class='ocrx_word' id='word_1_109' title='bbox 843 1520 854 1531; x_wconf 96' lang='lat'><strong>.</strong></span> <span class='ocrx_word' id='word_1_110' title='bbox 885 1477 1199 1533; x_wconf 74' lang='lat' dir='ltr'><strong>substantia:</strong></span> <span class='ocrx_word' id='word_1_111' title='bbox 1236 1477 1379 1529; x_wconf 89' lang='lat' dir='ltr'><strong>enim</strong></span> <span class='ocrx_word' id='word_1_112' title='bbox 1405 1491 1593 1530; x_wconf 91' lang='lat' dir='ltr'><strong>eorum</strong></span> <span class='ocrx_word' id='word_1_113' title='bbox 1634 1475 1774 1529; x_wconf 89' lang='lat' dir='ltr'><strong>inter</strong></span> <span class='ocrx_word' id='word_1_114' title='bbox 1801 1489 1858 1528; x_wconf 92' lang='lat' dir='ltr'><strong>se</strong></span> <span class='ocrx_word' id='word_1_115' title='bbox 1884 1489 2007 1542; x_wconf 92' lang='lat' dir='ltr'><strong>per-</strong></span> 
     </span>
    </p>
   </div>
   <div class='ocr_carea' id='block_1_18' title="bbox 435 1566 2005 1636">
    <p class='ocr_par' dir='ltr' id='par_1_18' title="bbox 435 1566 2005 1636">
     <span class='ocr_line' id='line_1_18' title="bbox 435 1566 2005 1636; baseline -0.004 -12"><span class='ocrx_word' id='word_1_116' title='bbox 435 1573 611 1626; x_wconf 72' lang='lat' dir='ltr'><strong>mistae</strong></span> <span class='ocrx_word' id='word_1_117' title='bbox 640 1588 744 1624; x_wconf 88' lang='lat' dir='ltr'><strong>non</strong></span> <span class='ocrx_word' id='word_1_118' title='bbox 775 1579 922 1634; x_wconf 91' lang='lat' dir='ltr'><strong>sunt,</strong></span> <span class='ocrx_word' id='word_1_119' title='bbox 977 1571 1145 1624; x_wconf 85' lang='lat' dir='ltr'><strong>altera</strong></span> <span class='ocrx_word' id='word_1_120' title='bbox 1179 1570 1348 1622; x_wconf 90' lang='lat' dir='ltr'><strong>altera</strong></span> <span class='ocrx_word' id='word_1_121' title='bbox 1377 1569 1667 1636; x_wconf 73' lang='lat' dir='ltr'><strong>gloriosior</strong></span> <span class='ocrx_word' id='word_1_122' title='bbox 1707 1566 1866 1621; x_wconf 87' lang='lat' dir='ltr'><strong>estin</strong></span> <span class='ocrx_word' id='word_1_123' title='bbox 1905 1566 2005 1618; x_wconf 92' lang='lat' dir='ltr'><strong>im-</strong></span> 
     </span>
    </p>
   </div>
   <div class='ocr_carea' id='block_1_19' title="bbox 434 1657 2003 1738">
    <p class='ocr_par' dir='ltr' id='par_1_19' title="bbox 434 1657 2003 1738">
     <span class='ocr_line' id='line_1_19' title="bbox 434 1657 2003 1738; baseline -0.005 -20"><span class='ocrx_word' id='word_1_124' title='bbox 434 1679 704 1738; x_wconf 84' lang='lat' dir='ltr'><strong>mensum.</strong></span> <span class='ocrx_word' id='word_1_125' title='bbox 757 1663 1059 1716; x_wconf 76' lang='lat' dir='ltr'><strong>Exn-ancus</strong></span> <span class='ocrx_word' id='word_1_126' title='bbox 1102 1677 1130 1714; x_wconf 91' lang='lat' dir='ltr'><strong>a</strong></span> <span class='ocrx_word' id='word_1_127' title='bbox 1175 1660 1309 1714; x_wconf 90' lang='lat' dir='ltr'><strong>Filio</strong></span> <span class='ocrx_word' id='word_1_128' title='bbox 1352 1660 1651 1714; x_wconf 86' lang='lat' dir='ltr'><strong>secundum</strong></span> <span class='ocrx_word' id='word_1_129' title='bbox 1713 1657 2003 1713; x_wconf 86' lang='lat' dir='ltr'><strong>essentiam</strong></span> 
     </span>
    </p>
   </div>
   <div class='ocr_carea' id='block_1_20' title="bbox 433 1749 2002 1824">
    <p class='ocr_par' dir='ltr' id='par_1_20' title="bbox 433 1749 2002 1824">
     <span class='ocr_line' id='line_1_20' title="bbox 433 1749 2002 1824; baseline -0.004 -16"><span class='ocrx_word' id='word_1_130' title='bbox 433 1755 714 1816; x_wconf 82' lang='lat' dir='ltr'><strong>Paterest,</strong></span> <span class='ocrx_word' id='word_1_131' title='bbox 751 1757 874 1824; x_wconf 88' lang='lat' dir='ltr'><strong>quia</strong></span> <span class='ocrx_word' id='word_1_132' title='bbox 905 1755 1022 1809; x_wconf 86' lang='lat' dir='ltr'><strong>sine</strong></span> <span class='ocrx_word' id='word_1_133' title='bbox 1051 1753 1316 1824; x_wconf 85' lang='lat' dir='ltr'><strong>principio</strong></span> <span class='ocrx_word' id='word_1_134' title='bbox 1341 1759 1442 1806; x_wconf 90' lang='lat' dir='ltr'><strong>est.</strong></span> <span class='ocrx_word' id='word_1_135' title='bbox 1470 1750 1714 1819; x_wconf 88' lang='lat' dir='ltr'><strong>Intellige</strong></span> <span class='ocrx_word' id='word_1_136' title='bbox 1743 1749 2002 1802; x_wconf 89' lang='lat' dir='ltr'><strong>unitatem</strong></span> 
     </span>
    </p>
   </div>
   <div class='ocr_carea' id='block_1_21' title="bbox 2105 539 3682 622">
    <p class='ocr_par' dir='ltr' id='par_1_21' title="bbox 2105 539 3682 622">
     <span class='ocr_line' id='line_1_21' title="bbox 2105 539 3682 622; baseline -0.01 -17"><span class='ocrx_word' id='word_1_137' title='bbox 2105 551 2388 622; x_wconf 82' lang='grc' dir='ltr'>ὁμοοὺσιος</span> <span class='ocrx_word' id='word_1_138' title='bbox 2424 551 2572 620; x_wconf 87' lang='grc' dir='ltr'>αὑτῷ</span> <span class='ocrx_word' id='word_1_139' title='bbox 2598 549 2728 620; x_wconf 83' lang='grc'>(16).</span> <span class='ocrx_word' id='word_1_140' title='bbox 2771 548 2939 617; x_wconf 74' lang='grc' dir='ltr'>Σοφδς</span> <span class='ocrx_word' id='word_1_141' title='bbox 2962 547 3018 600; x_wconf 85' lang='grc' dir='ltr'><strong>δέ</strong></span> <span class='ocrx_word' id='word_1_142' title='bbox 3053 547 3198 597; x_wconf 79' lang='grc' dir='ltr'>ἐστιν</span> <span class='ocrx_word' id='word_1_143' title='bbox 3225 544 3254 594; x_wconf 97' lang='lat'><strong>6</strong></span> <span class='ocrx_word' id='word_1_144' title='bbox 3279 542 3409 604; x_wconf 83' lang='grc' dir='ltr'><strong>Θεὸς</strong></span> <span class='ocrx_word' id='word_1_145' title='bbox 3429 581 3443 604; x_wconf 95' lang='grc'><strong>,</strong></span> <span class='ocrx_word' id='word_1_146' title='bbox 3475 541 3555 592; x_wconf 79' lang='grc' dir='ltr'>ὅτι</span> <span class='ocrx_word' id='word_1_147' title='bbox 3582 539 3682 610; x_wconf 76' lang='grc' dir='ltr'>τῆς</span> 
     </span>
    </p>
   </div>
   <div class='ocr_carea' id='block_1_22' title="bbox 2109 630 3683 712">
    <p class='ocr_par' dir='ltr' id='par_1_22' title="bbox 2109 630 3683 712">
     <span class='ocr_line' id='line_1_22' title="bbox 2109 630 3683 712; baseline -0.01 -16"><span class='ocrx_word' id='word_1_148' title='bbox 2109 643 2297 712; x_wconf 82' lang='grc' dir='ltr'>σοφίας</span> <span class='ocrx_word' id='word_1_149' title='bbox 2336 642 2650 704; x_wconf 87' lang='grc' dir='ltr'>διδάσκαλος</span> <span class='ocrx_word' id='word_1_150' title='bbox 2680 640 2860 702; x_wconf 86' lang='grc' dir='ltr'>αὑτός.</span> <span class='ocrx_word' id='word_1_151' title='bbox 2903 637 3083 707; x_wconf 84' lang='grc' dir='ltr'>Ἱκανὴ</span> <span class='ocrx_word' id='word_1_152' title='bbox 3112 636 3168 689; x_wconf 84' lang='grc' dir='ltr'>δὲ</span> <span class='ocrx_word' id='word_1_153' title='bbox 3199 632 3477 696; x_wconf 80' lang='grc' dir='ltr'>ἀπόδειξις</span> <span class='ocrx_word' id='word_1_154' title='bbox 3500 671 3514 694; x_wconf 93' lang='grc'><strong>,</strong></span> <span class='ocrx_word' id='word_1_155' title='bbox 3549 631 3632 683; x_wconf 76' lang='grc' dir='ltr'>ὅτι</span> <span class='ocrx_word' id='word_1_156' title='bbox 3655 630 3683 680; x_wconf 93' lang='lat'><strong>6</strong></span> 
     </span>
    </p>
   </div>
   <div class='ocr_carea' id='block_1_23' title="bbox 2107 720 3686 806">
    <p class='ocr_par' dir='ltr' id='par_1_23' title="bbox 2107 720 3686 806">
     <span class='ocr_line' id='line_1_23' title="bbox 2107 720 3686 806; baseline -0.009 -18"><span class='ocrx_word' id='word_1_157' title='bbox 2107 735 2238 799; x_wconf 80' lang='grc' dir='ltr'>Θεὸς</span> <span class='ocrx_word' id='word_1_158' title='bbox 2261 736 2489 806; x_wconf 84' lang='grc' dir='ltr'>ἀόρατος</span> <span class='ocrx_word' id='word_1_159' title='bbox 2518 735 2705 796; x_wconf 76' lang='grc' dir='ltr'>ἆπασι,</span> <span class='ocrx_word' id='word_1_160' title='bbox 2733 735 2842 795; x_wconf 86' lang='grc' dir='ltr'>τοῖς</span> <span class='ocrx_word' id='word_1_161' title='bbox 2871 748 2928 783; x_wconf 84' lang='grc' dir='ltr'><strong>τε</strong></span> <span class='ocrx_word' id='word_1_162' title='bbox 2983 729 3071 782; x_wconf 80' lang='grc' dir='ltr'><strong>διὰ</strong></span> <span class='ocrx_word' id='word_1_163' title='bbox 3110 726 3238 780; x_wconf 85' lang='grc' dir='ltr'>Υίοῦ</span> <span class='ocrx_word' id='word_1_164' title='bbox 3281 726 3375 779; x_wconf 76' lang='grc' dir='ltr'><strong>καὶ</strong></span> <span class='ocrx_word' id='word_1_165' title='bbox 3417 723 3564 793; x_wconf 84' lang='grc' dir='ltr'>αὑτῷ</span> <span class='ocrx_word' id='word_1_166' title='bbox 3607 720 3686 791; x_wconf 85' lang='grc' dir='ltr'>τῷ</span> 
     </span>
    </p>
   </div>
   <div class='ocr_carea' id='block_1_24' title="bbox 2106 815 3687 896">
    <p class='ocr_par' dir='ltr' id='par_1_24' title="bbox 2106 815 3687 896">
     <span class='ocr_line' id='line_1_24' title="bbox 2106 815 3687 896; baseline -0.006 -18"><span class='ocrx_word' id='word_1_167' title='bbox 2106 826 2220 896; x_wconf 83' lang='grc' dir='ltr'><strong>Υἱῷ</strong></span> <span class='ocrx_word' id='word_1_168' title='bbox 2256 826 2484 896; x_wconf 83' lang='grc' dir='ltr'>ἀόρατος</span> <span class='ocrx_word' id='word_1_169' title='bbox 2510 829 2541 879; x_wconf 89' lang='grc' dir='ltr'><strong>ὁ·</strong></span> <span class='ocrx_word' id='word_1_170' title='bbox 2565 826 2744 888; x_wconf 86' lang='grc' dir='ltr'>αὑτός.</span> <span class='ocrx_word' id='word_1_171' title='bbox 2787 822 2991 893; x_wconf 81' lang='grc' dir='ltr'>Ῥητῶς</span> <span class='ocrx_word' id='word_1_172' title='bbox 3018 821 3074 874; x_wconf 74' lang='grc' dir='ltr'>δὲ</span> <span class='ocrx_word' id='word_1_173' title='bbox 3101 819 3257 882; x_wconf 83' lang='grc' dir='ltr'>λέξω,</span> <span class='ocrx_word' id='word_1_174' title='bbox 3304 817 3418 879; x_wconf 84' lang='grc' dir='ltr'><strong>πῶς</strong></span> <span class='ocrx_word' id='word_1_175' title='bbox 3459 815 3538 886; x_wconf 82' lang='grc' dir='ltr'><strong>τῷ</strong></span> <span class='ocrx_word' id='word_1_176' title='bbox 3568 815 3687 884; x_wconf 81' lang='grc' dir='ltr'>Υίῷ</span> 
     </span>
    </p>
   </div>
   <div class='ocr_carea' id='block_1_25' title="bbox 2106 908 3691 990">
    <p class='ocr_par' dir='ltr' id='par_1_25' title="bbox 2106 908 3691 990">
     <span class='ocr_line' id='line_1_25' title="bbox 2106 908 3691 990; baseline -0.008 -18"><span class='ocrx_word' id='word_1_177' title='bbox 2106 920 2296 990; x_wconf 81' lang='grc' dir='ltr'>ὁρᾶται</span> <span class='ocrx_word' id='word_1_178' title='bbox 2325 919 2352 969; x_wconf 88' lang='lat'><strong>6</strong></span> <span class='ocrx_word' id='word_1_179' title='bbox 2381 918 2637 988; x_wconf 81' lang='grc' dir='ltr'>ἀόρατος’</span> <span class='ocrx_word' id='word_1_180' title='bbox 2673 917 2749 986; x_wconf 84' lang='grc' dir='ltr'><strong>Τῇ</strong></span> <span class='ocrx_word' id='word_1_181' title='bbox 2784 909 3062 985; x_wconf 88' lang='grc' dir='ltr'>δυνάμει</span> <span class='ocrx_word' id='word_1_182' title='bbox 3088 911 3306 964; x_wconf 81' lang='grc' dir='ltr'>δύναται</span> <span class='ocrx_word' id='word_1_183' title='bbox 3342 911 3369 962; x_wconf 87' lang='grc'>6</span> <span class='ocrx_word' id='word_1_184' title='bbox 3395 909 3524 970; x_wconf 85' lang='grc' dir='ltr'><strong>Θεὸς</strong></span> <span class='ocrx_word' id='word_1_185' title='bbox 3557 908 3691 960; x_wconf 71' lang='grc' dir='ltr'>ἰδεῖν</span> 
     </span>
    </p>
   </div>
   <div class='ocr_carea' id='block_1_26' title="bbox 2109 999 3683 1079">
    <p class='ocr_par' dir='ltr' id='par_1_26' title="bbox 2109 999 3683 1079">
     <span class='ocr_line' id='line_1_26' title="bbox 2109 999 3683 1079; baseline -0.009 -15"><span class='ocrx_word' id='word_1_186' title='bbox 2109 1012 2259 1073; x_wconf 84' lang='grc' dir='ltr'>ἰδίοις</span> <span class='ocrx_word' id='word_1_187' title='bbox 2287 1027 2344 1062; x_wconf 89' lang='grc' dir='ltr'><strong>τε</strong></span> <span class='ocrx_word' id='word_1_188' title='bbox 2383 1009 2600 1079; x_wconf 82' lang='grc' dir='ltr'><strong>μέτροις</strong></span> <span class='ocrx_word' id='word_1_189' title='bbox 2627 1007 2883 1076; x_wconf 82' lang='grc' dir='ltr'>ὑπομένει</span> <span class='ocrx_word' id='word_1_190' title='bbox 2914 1007 2942 1056; x_wconf 92' lang='lat'><strong>6</strong></span> <span class='ocrx_word' id='word_1_191' title='bbox 2974 1003 3098 1065; x_wconf 85' lang='grc' dir='ltr'>Υἱὸς</span> <span class='ocrx_word' id='word_1_192' title='bbox 3143 1001 3266 1055; x_wconf 83' lang='grc' dir='ltr'>ἰδεῖν</span> <span class='ocrx_word' id='word_1_193' title='bbox 3301 1000 3393 1052; x_wconf 79' lang='grc' dir='ltr'><strong>τὸν</strong></span> <span class='ocrx_word' id='word_1_194' title='bbox 3429 999 3683 1067; x_wconf 84' lang='grc' dir='ltr'>Πατέρα,</span> 
     </span>
    </p>
   </div>
   <div class='ocr_carea' id='block_1_27' title="bbox 2104 1087 3684 1168">
    <p class='ocr_par' dir='ltr' id='par_1_27' title="bbox 2104 1087 3684 1168">
     <span class='ocr_line' id='line_1_27' title="bbox 2104 1087 3684 1168; baseline -0.009 -18"><span class='ocrx_word' id='word_1_195' title='bbox 2104 1099 2177 1162; x_wconf 81' lang='grc' dir='ltr'>ὡς</span> <span class='ocrx_word' id='word_1_196' title='bbox 2199 1098 2354 1168; x_wconf 84' lang='grc' dir='ltr'>θέμις</span> <span class='ocrx_word' id='word_1_197' title='bbox 2382 1097 2548 1150; x_wconf 80' lang='grc' dir='ltr'>ἐστίν.</span> <span class='ocrx_word' id='word_1_198' title='bbox 2572 1097 2772 1164; x_wconf 87' lang='grc' dir='ltr'>Ἤγουν</span> <span class='ocrx_word' id='word_1_199' title='bbox 2801 1093 2968 1165; x_wconf 85' lang='grc' dir='ltr'>Τριάς</span> <span class='ocrx_word' id='word_1_200' title='bbox 2991 1094 3101 1144; x_wconf 79' lang='grc' dir='ltr'>ἐστι</span> <span class='ocrx_word' id='word_1_201' title='bbox 3125 1090 3302 1154; x_wconf 80' lang='grc' dir='ltr'><strong>δόξαις</strong></span> <span class='ocrx_word' id='word_1_202' title='bbox 3329 1089 3426 1157; x_wconf 84' lang='grc' dir='ltr'><strong>οὐχ</strong></span> <span class='ocrx_word' id='word_1_203' title='bbox 3448 1087 3684 1157; x_wconf 81' lang='grc' dir='ltr'>ὁμοίαις·</span> 
     </span>
    </p>
   </div>
   <div class='ocr_carea' id='block_1_28' title="bbox 2105 1176 3690 1259">
    <p class='ocr_par' dir='ltr' id='par_1_28' title="bbox 2105 1176 3690 1259">
     <span class='ocr_line' id='line_1_28' title="bbox 2105 1176 3690 1259; baseline -0.008 -17"><span class='ocrx_word' id='word_1_204' title='bbox 2105 1190 2449 1259; x_wconf 86' lang='grc' dir='ltr'>ἀνεπίμικτοι</span> <span class='ocrx_word' id='word_1_205' title='bbox 2479 1189 2694 1250; x_wconf 79' lang='grc' dir='ltr'><strong>ἑαυταῖς</strong></span> <span class='ocrx_word' id='word_1_206' title='bbox 2723 1189 2858 1238; x_wconf 73' lang='grc' dir='ltr'>εἰσιν</span> <span class='ocrx_word' id='word_1_207' title='bbox 2893 1187 2946 1237; x_wconf 88' lang='grc' dir='ltr'>αἱ</span> <span class='ocrx_word' id='word_1_208' title='bbox 2979 1182 3303 1243; x_wconf 77' lang='grc' dir='ltr'>ὑποστάσεις</span> <span class='ocrx_word' id='word_1_209' title='bbox 3332 1179 3508 1233; x_wconf 84' lang='grc' dir='ltr'>αὑτῶν</span> <span class='ocrx_word' id='word_1_210' title='bbox 3533 1195 3547 1208; x_wconf 89' lang='grc'><strong>·</strong></span> <span class='ocrx_word' id='word_1_211' title='bbox 3589 1176 3690 1248; x_wconf 70' lang='grc' dir='ltr'><strong>μία</strong></span> 
     </span>
    </p>
   </div>
   <div class='ocr_carea' id='block_1_29' title="bbox 2105 1267 3686 1352">
    <p class='ocr_par' dir='ltr' id='par_1_29' title="bbox 2105 1267 3686 1352">
     <span class='ocr_line' id='line_1_29' title="bbox 2105 1267 3686 1352; baseline -0.009 -17"><span class='ocrx_word' id='word_1_212' title='bbox 2105 1283 2204 1352; x_wconf 81' lang='grc' dir='ltr'><strong>τῆς</strong></span> <span class='ocrx_word' id='word_1_213' title='bbox 2234 1284 2360 1352; x_wconf 82' lang='grc' dir='ltr'>μιᾶς</span> <span class='ocrx_word' id='word_1_214' title='bbox 2393 1280 2704 1352; x_wconf 81' lang='grc' dir='ltr'>ἐνδοξοτέρα</span> <span class='ocrx_word' id='word_1_215' title='bbox 2735 1278 2908 1343; x_wconf 81' lang='grc' dir='ltr'>δόξαις</span> <span class='ocrx_word' id='word_1_216' title='bbox 2948 1277 3032 1330; x_wconf 78' lang='grc' dir='ltr'><strong>ἐπ’</strong></span> <span class='ocrx_word' id='word_1_217' title='bbox 3093 1275 3338 1344; x_wconf 82' lang='grc' dir='ltr'>ἄπειρον.</span> <span class='ocrx_word' id='word_1_218' title='bbox 3383 1271 3542 1334; x_wconf 86' lang='grc' dir='ltr'>Ξένος</span> <span class='ocrx_word' id='word_1_219' title='bbox 3591 1267 3686 1322; x_wconf 85' lang='grc' dir='ltr'><strong>τοῦ</strong></span> 
     </span>
    </p>
   </div>
   <div class='ocr_carea' id='block_1_30' title="bbox 2107 1363 3685 1441">
    <p class='ocr_par' dir='ltr' id='par_1_30' title="bbox 2107 1363 3685 1441">
     <span class='ocr_line' id='line_1_30' title="bbox 2107 1363 3685 1441; baseline -0.008 -15"><span class='ocrx_word' id='word_1_220' title='bbox 2107 1373 2238 1429; x_wconf 87' lang='grc' dir='ltr'><strong>Υἱοῦ</strong></span> <span class='ocrx_word' id='word_1_221' title='bbox 2274 1376 2391 1427; x_wconf 85' lang='grc' dir='ltr'>κατ’</span> <span class='ocrx_word' id='word_1_222' title='bbox 2441 1372 2628 1426; x_wconf 88' lang='grc' dir='ltr'>οὑσίαν</span> <span class='ocrx_word' id='word_1_223' title='bbox 2660 1374 2688 1424; x_wconf 92' lang='lat'><strong>6</strong></span> <span class='ocrx_word' id='word_1_224' title='bbox 2740 1370 2946 1441; x_wconf 79' lang='grc' dir='ltr'>Πατὴρ,</span> <span class='ocrx_word' id='word_1_225' title='bbox 3005 1369 3085 1421; x_wconf 85' lang='grc' dir='ltr'><strong>ὅτι</strong></span> <span class='ocrx_word' id='word_1_226' title='bbox 3139 1369 3371 1437; x_wconf 78' lang='grc' dir='ltr'><strong>ἄναρχος</strong></span> <span class='ocrx_word' id='word_1_227' title='bbox 3430 1363 3685 1434; x_wconf 82' lang='grc' dir='ltr'><strong>ὑπάρχει.</strong></span> 
     </span>
    </p>
   </div>
   <div class='ocr_carea' id='block_1_31' title="bbox 2106 1453 3689 1534">
    <p class='ocr_par' dir='ltr' id='par_1_31' title="bbox 2106 1453 3689 1534">
     <span class='ocr_line' id='line_1_31' title="bbox 2106 1453 3689 1534; baseline -0.007 -17"><span class='ocrx_word' id='word_1_228' title='bbox 2106 1465 2291 1527; x_wconf 82' lang='grc' dir='ltr'>Σὺνες,</span> <span class='ocrx_word' id='word_1_229' title='bbox 2317 1465 2401 1517; x_wconf 85' lang='grc' dir='ltr'><strong>ὅτι</strong></span> <span class='ocrx_word' id='word_1_230' title='bbox 2435 1465 2467 1534; x_wconf 86' lang='grc' dir='ltr'><strong>ή</strong></span> <span class='ocrx_word' id='word_1_231' title='bbox 2500 1463 2666 1534; x_wconf 80' lang='grc' dir='ltr'>μονὰς</span> <span class='ocrx_word' id='word_1_232' title='bbox 2687 1457 2753 1532; x_wconf 82' lang='grc' dir='ltr'>ἦν</span> <span class='ocrx_word' id='word_1_233' title='bbox 2773 1477 2786 1491; x_wconf 72' lang='grc'><strong>⁸</strong></span> <span class='ocrx_word' id='word_1_234' title='bbox 2824 1462 2856 1531; x_wconf 78' lang='grc' dir='ltr'>ἡ</span> <span class='ocrx_word' id='word_1_235' title='bbox 2883 1459 3010 1522; x_wconf 80' lang='grc' dir='ltr'>δυὰς</span> <span class='ocrx_word' id='word_1_236' title='bbox 3029 1459 3085 1512; x_wconf 81' lang='grc' dir='ltr'>δὲ</span> <span class='ocrx_word' id='word_1_237' title='bbox 3113 1459 3214 1510; x_wconf 85' lang='grc' dir='ltr'>οὐκ</span> <span class='ocrx_word' id='word_1_238' title='bbox 3235 1453 3324 1528; x_wconf 86' lang='grc' dir='ltr'>ἦν,</span> <span class='ocrx_word' id='word_1_239' title='bbox 3358 1455 3486 1527; x_wconf 79' lang='grc' dir='ltr'>πρὶν</span> <span class='ocrx_word' id='word_1_240' title='bbox 3511 1454 3689 1525; x_wconf 80' lang='grc' dir='ltr'>ὑπάρο</span> 
     </span>
    </p>
   </div>
   <div class='ocr_carea' id='block_1_32' title="bbox 2107 1547 3685 1630">
    <p class='ocr_par' dir='ltr' id='par_1_32' title="bbox 2107 1547 3685 1630">
     <span class='ocr_line' id='line_1_32' title="bbox 2107 1547 3685 1630; baseline -0.008 -21"><span class='ocrx_word' id='word_1_241' title='bbox 2107 1555 2192 1630; x_wconf 80' lang='grc' dir='ltr'>ξῃ.</span> <span class='ocrx_word' id='word_1_242' title='bbox 2220 1555 2425 1608; x_wconf 76' lang='grc' dir='ltr'>Αὐτίκα</span> <span class='ocrx_word' id='word_1_243' title='bbox 2457 1554 2608 1624; x_wconf 90' lang='grc' dir='ltr'>γοῦν,</span> <span class='ocrx_word' id='word_1_244' title='bbox 2646 1552 2778 1607; x_wconf 79' lang='grc' dir='ltr'>Υίοῦ</span> <span class='ocrx_word' id='word_1_245' title='bbox 2817 1553 2891 1624; x_wconf 83' lang='grc' dir='ltr'><strong>μὴ</strong></span> <span class='ocrx_word' id='word_1_246' title='bbox 2916 1553 3086 1615; x_wconf 83' lang='grc' dir='ltr'>ὄντος,</span> <span class='ocrx_word' id='word_1_247' title='bbox 3120 1551 3148 1602; x_wconf 91' lang='lat'><strong>6</strong></span> <span class='ocrx_word' id='word_1_248' title='bbox 3175 1550 3363 1619; x_wconf 81' lang='grc' dir='ltr'>Πατὴρ</span> <span class='ocrx_word' id='word_1_249' title='bbox 3391 1548 3524 1610; x_wconf 87' lang='grc' dir='ltr'>Θεός</span> <span class='ocrx_word' id='word_1_250' title='bbox 3547 1547 3685 1598; x_wconf 76' lang='grc' dir='ltr'>ἐστι.</span> 
     </span>
    </p>
   </div>
   <div class='ocr_carea' id='block_1_33' title="bbox 2105 1639 3685 1714">
    <p class='ocr_par' dir='ltr' id='par_1_33' title="bbox 2105 1639 3685 1714">
     <span class='ocr_line' id='line_1_33' title="bbox 2105 1639 3685 1714; baseline -0.005 -14"><span class='ocrx_word' id='word_1_251' title='bbox 2105 1647 2304 1701; x_wconf 74' lang='grc' dir='ltr'>Λοιπὸν</span> <span class='ocrx_word' id='word_1_252' title='bbox 2342 1650 2370 1700; x_wconf 97' lang='lat'><strong>6</strong></span> <span class='ocrx_word' id='word_1_253' title='bbox 2400 1647 2527 1710; x_wconf 85' lang='grc' dir='ltr'>Υἱὸς</span> <span class='ocrx_word' id='word_1_254' title='bbox 2573 1647 2673 1699; x_wconf 82' lang='grc' dir='ltr'><strong>οὑκ</strong></span> <span class='ocrx_word' id='word_1_255' title='bbox 2710 1646 2784 1700; x_wconf 81' lang='grc' dir='ltr'>ὢν</span> <span class='ocrx_word' id='word_1_256' title='bbox 2829 1643 3060 1714; x_wconf 79' lang='grc' dir='ltr'>(ὑπῆρξε</span> <span class='ocrx_word' id='word_1_257' title='bbox 3089 1643 3145 1696; x_wconf 84' lang='grc' dir='ltr'>δὲ</span> <span class='ocrx_word' id='word_1_258' title='bbox 3172 1641 3384 1711; x_wconf 84' lang='grc' dir='ltr'>θελήσει</span> <span class='ocrx_word' id='word_1_259' title='bbox 3414 1639 3685 1710; x_wconf 81' lang='grc' dir='ltr'><strong>πατρῴᾳ),</strong></span> 
     </span>
    </p>
   </div>
   <div class='ocr_carea' id='block_1_34' title="bbox 2111 1727 3684 1810">
    <p class='ocr_par' dir='ltr' id='par_1_34' title="bbox 2111 1727 3684 1810">
     <span class='ocr_line' id='line_1_34' title="bbox 2111 1727 3684 1810; baseline -0.005 -18"><span class='ocrx_word' id='word_1_260' title='bbox 2111 1741 2401 1810; x_wconf 81' lang='grc' dir='ltr'>μονογενὴς</span> <span class='ocrx_word' id='word_1_261' title='bbox 2433 1739 2564 1802; x_wconf 86' lang='grc' dir='ltr'>Θεός</span> <span class='ocrx_word' id='word_1_262' title='bbox 2593 1740 2730 1804; x_wconf 80' lang='grc' dir='ltr'>ἐστι,</span> <span class='ocrx_word' id='word_1_263' title='bbox 2762 1737 2855 1791; x_wconf 74' lang='grc' dir='ltr'><strong>καὶ</strong></span> <span class='ocrx_word' id='word_1_264' title='bbox 2890 1736 3162 1806; x_wconf 79' lang='grc' dir='ltr'>ἑκατέρων</span> <span class='ocrx_word' id='word_1_265' title='bbox 3196 1733 3470 1804; x_wconf 86' lang='grc' dir='ltr'>ἀλλότριος</span> <span class='ocrx_word' id='word_1_266' title='bbox 3506 1727 3684 1796; x_wconf 78' lang='grc' dir='ltr'>οὗτος.</span> 
     </span>
    </p>
   </div>
   <div class='ocr_carea' id='block_1_35' title="bbox 433 1826 2006 1913">
    <p class='ocr_par' dir='ltr' id='par_1_35' title="bbox 433 1841 2002 1913">
     <span class='ocr_line' id='line_1_35' title="bbox 433 1841 2002 1913; baseline -0.005 -12"><span class='ocrx_word' id='word_1_267' title='bbox 433 1846 624 1913; x_wconf 82' lang='lat' dir='ltr'><strong>fuisse,</strong></span> <span class='ocrx_word' id='word_1_268' title='bbox 651 1848 966 1902; x_wconf 85' lang='lat' dir='ltr'><strong>dualitatem</strong></span> <span class='ocrx_word' id='word_1_269' title='bbox 999 1862 1126 1900; x_wconf 84' lang='lat' dir='ltr'><strong>vero</strong></span> <span class='ocrx_word' id='word_1_270' title='bbox 1157 1861 1260 1898; x_wconf 88' lang='lat' dir='ltr'><strong>non</strong></span> <span class='ocrx_word' id='word_1_271' title='bbox 1297 1844 1465 1898; x_wconf 80' lang='lat' dir='ltr'><strong>fuisse</strong></span> <span class='ocrx_word' id='word_1_272' title='bbox 1510 1843 1824 1910; x_wconf 87' lang='lat' dir='ltr'><strong>priusquam</strong></span> <span class='ocrx_word' id='word_1_273' title='bbox 1860 1841 2002 1895; x_wconf 86' lang='lat' dir='ltr'><strong>exsi-</strong></span> 
     </span>
    </p>
   </div>
   <div class='ocr_carea' id='block_1_36' title="bbox 2113 1826 3689 1913">
    <p class='ocr_par' dir='ltr' id='par_1_36' title="bbox 2116 1826 3689 1901">
     <span class='ocr_line' id='line_1_36' title="bbox 2116 1826 3689 1901; baseline -0.004 -17"><span class='ocrx_word' id='word_1_274' title='bbox 2116 1832 2179 1884; x_wconf 86' lang='lat' dir='ltr'><strong>&#39;H</strong></span> <span class='ocrx_word' id='word_1_275' title='bbox 2209 1833 2379 1900; x_wconf 81' lang='grc' dir='ltr'>Σοφία</span> <span class='ocrx_word' id='word_1_276' title='bbox 2403 1832 2560 1900; x_wconf 75' lang='grc' dir='ltr'>σοφία</span> <span class='ocrx_word' id='word_1_277' title='bbox 2575 1831 2783 1901; x_wconf 77' lang='grc' dir='ltr'>ὑπῆρξε</span> <span class='ocrx_word' id='word_1_278' title='bbox 2819 1827 2980 1897; x_wconf 56' lang='grc' dir='ltr'>σοφοῦ</span> <span class='ocrx_word' id='word_1_279' title='bbox 3003 1827 3135 1881; x_wconf 83' lang='grc' dir='ltr'>Θεοῦ</span> <span class='ocrx_word' id='word_1_280' title='bbox 3159 1827 3393 1897; x_wconf 74' lang='grc' dir='ltr'>θελήσει.</span> <span class='ocrx_word' id='word_1_281' title='bbox 3426 1826 3689 1878; x_wconf 81' lang='grc' dir='ltr'>Ἐπινοεί-</span> 
     </span>
    </p>
   </div>
   <div class='ocr_carea' id='block_1_37' title="bbox 434 1930 2004 2008">
    <p class='ocr_par' dir='ltr' id='par_1_37' title="bbox 434 1930 2004 2008">
     <span class='ocr_line' id='line_1_37' title="bbox 434 1930 2004 2008; baseline -0.005 -15"><span class='ocrx_word' id='word_1_282' title='bbox 434 1947 620 1994; x_wconf 88' lang='lat' dir='ltr'><strong>stcret.</strong></span> <span class='ocrx_word' id='word_1_283' title='bbox 657 1939 820 2008; x_wconf 83' lang='lat' dir='ltr'><strong>Igitur</strong></span> <span class='ocrx_word' id='word_1_284' title='bbox 850 1935 988 1990; x_wconf 89' lang='lat' dir='ltr'><strong>Filio</strong></span> <span class='ocrx_word' id='word_1_285' title='bbox 1023 1937 1260 1989; x_wconf 88' lang='lat' dir='ltr'><strong>nondum</strong></span> <span class='ocrx_word' id='word_1_286' title='bbox 1292 1933 1592 1988; x_wconf 74' lang='lat' dir='ltr'><strong>exsistente</strong></span> <span class='ocrx_word' id='word_1_287' title='bbox 1613 1973 1628 1996; x_wconf 92' lang='lat'><strong>,</strong></span> <span class='ocrx_word' id='word_1_288' title='bbox 1670 1932 1831 1986; x_wconf 87' lang='lat' dir='ltr'><strong>Pater</strong></span> <span class='ocrx_word' id='word_1_289' title='bbox 1859 1930 2004 1985; x_wconf 90' lang='lat' dir='ltr'><strong>Deus</strong></span> 
     </span>
    </p>
   </div>
   <div class='ocr_carea' id='block_1_38' title="bbox 431 2022 2006 2094">
    <p class='ocr_par' dir='ltr' id='par_1_38' title="bbox 431 2022 2006 2094">
     <span class='ocr_line' id='line_1_38' title="bbox 431 2022 2006 2094; baseline -0.005 -10"><span class='ocrx_word' id='word_1_290' title='bbox 431 2039 535 2084; x_wconf 89' lang='lat' dir='ltr'><strong>est.</strong></span> <span class='ocrx_word' id='word_1_291' title='bbox 569 2029 773 2083; x_wconf 87' lang='lat' dir='ltr'><strong>Dehine</strong></span> <span class='ocrx_word' id='word_1_292' title='bbox 819 2043 940 2082; x_wconf 91' lang='lat' dir='ltr'><strong>eum</strong></span> <span class='ocrx_word' id='word_1_293' title='bbox 990 2026 1160 2080; x_wconf 89' lang='lat' dir='ltr'><strong>Filius</strong></span> <span class='ocrx_word' id='word_1_294' title='bbox 1208 2025 1502 2094; x_wconf 83' lang='lat' dir='ltr'><strong>aliquando</strong></span> <span class='ocrx_word' id='word_1_295' title='bbox 1560 2040 1666 2078; x_wconf 91' lang='lat' dir='ltr'><strong>non</strong></span> <span class='ocrx_word' id='word_1_296' title='bbox 1739 2022 2006 2076; x_wconf 84' lang='lat' dir='ltr'><strong>exstiterit</strong></span> 
     </span>
    </p>
   </div>
   <div class='ocr_carea' id='block_1_39' title="bbox 433 2111 2006 2192">
    <p class='ocr_par' dir='ltr' id='par_1_39' title="bbox 433 2111 2006 2192">
     <span class='ocr_line' id='line_1_39' title="bbox 433 2111 2006 2192; baseline -0.003 -21"><span class='ocrx_word' id='word_1_297' title='bbox 433 2119 734 2192; x_wconf 84' lang='lat' dir='ltr'><strong>(voluntate</strong></span> <span class='ocrx_word' id='word_1_298' title='bbox 765 2129 944 2173; x_wconf 91' lang='lat' dir='ltr'><strong>autem</strong></span> <span class='ocrx_word' id='word_1_299' title='bbox 977 2127 1201 2186; x_wconf 86' lang='lat' dir='ltr'><strong>paterna</strong></span> <span class='ocrx_word' id='word_1_300' title='bbox 1235 2115 1482 2185; x_wconf 78' lang='lat' dir='ltr'><strong>exstitit),</strong></span> <span class='ocrx_word' id='word_1_301' title='bbox 1518 2115 1830 2184; x_wconf 87' lang='lat' dir='ltr'><strong>unigenitus</strong></span> <span class='ocrx_word' id='word_1_302' title='bbox 1865 2111 2006 2167; x_wconf 84' lang='lat' dir='ltr'><strong>Deus</strong></span> 
     </span>
    </p>
   </div>
   <div class='ocr_carea' id='block_1_40' title="bbox 430 2205 2004 2281">
    <p class='ocr_par' dir='ltr' id='par_1_40' title="bbox 430 2205 2004 2281">
     <span class='ocr_line' id='line_1_40' title="bbox 430 2205 2004 2281; baseline -0.006 -13"><span class='ocrx_word' id='word_1_303' title='bbox 430 2219 537 2276; x_wconf 83' lang='lat' dir='ltr'><strong>est,</strong></span> <span class='ocrx_word' id='word_1_304' title='bbox 572 2223 624 2267; x_wconf 91' lang='lat' dir='ltr'><strong>et</strong></span> <span class='ocrx_word' id='word_1_305' title='bbox 646 2213 714 2266; x_wconf 87' lang='lat' dir='ltr'><strong>ab</strong></span> <span class='ocrx_word' id='word_1_306' title='bbox 745 2221 976 2281; x_wconf 88' lang='lat' dir='ltr'><strong>utroque</strong></span> <span class='ocrx_word' id='word_1_307' title='bbox 999 2211 1228 2264; x_wconf 89' lang='lat' dir='ltr'><strong>alienus.</strong></span> <span class='ocrx_word' id='word_1_308' title='bbox 1261 2207 1538 2277; x_wconf 88' lang='lat' dir='ltr'><strong>Sapientia</strong></span> <span class='ocrx_word' id='word_1_309' title='bbox 1563 2247 1576 2268; x_wconf 91' lang='lat'><strong>,</strong></span> <span class='ocrx_word' id='word_1_310' title='bbox 1615 2205 1704 2259; x_wconf 88' lang='lat' dir='ltr'><strong>Dei</strong></span> <span class='ocrx_word' id='word_1_311' title='bbox 1745 2205 2004 2274; x_wconf 90' lang='lat' dir='ltr'><strong>sapientis</strong></span> 
     </span>
    </p>
   </div>
   <div class='ocr_carea' id='block_1_41' title="bbox 433 2295 2005 2370">
    <p class='ocr_par' dir='ltr' id='par_1_41' title="bbox 433 2295 2005 2370">
     <span class='ocr_line' id='line_1_41' title="bbox 433 2295 2005 2370; baseline -0.004 -14"><span class='ocrx_word' id='word_1_312' title='bbox 433 2303 714 2356; x_wconf 84' lang='lat' dir='ltr'><strong>voluntate</strong></span> <span class='ocrx_word' id='word_1_313' title='bbox 738 2301 1001 2370; x_wconf 83' lang='lat' dir='ltr'><strong>sapientia</strong></span> <span class='ocrx_word' id='word_1_314' title='bbox 1042 2299 1268 2353; x_wconf 81' lang='lat' dir='ltr'><strong>exstitit.</strong></span> <span class='ocrx_word' id='word_1_315' title='bbox 1305 2297 1589 2351; x_wconf 84' lang='lat' dir='ltr'><strong>Sexcentis</strong></span> <span class='ocrx_word' id='word_1_316' title='bbox 1635 2297 1798 2362; x_wconf 80' lang='lat' dir='ltr'><strong>igitur</strong></span> <span class='ocrx_word' id='word_1_317' title='bbox 1838 2295 2005 2349; x_wconf 85' lang='lat' dir='ltr'><strong>ratio-</strong></span> 
     </span>
    </p>
   </div>
   <div class='ocr_carea' id='block_1_42' title="bbox 433 2387 2000 2461">
    <p class='ocr_par' dir='ltr' id='par_1_42' title="bbox 433 2387 2000 2461">
     <span class='ocr_line' id='line_1_42' title="bbox 433 2387 2000 2461; baseline -0.006 -13"><span class='ocrx_word' id='word_1_318' title='bbox 433 2394 597 2448; x_wconf 89' lang='lat' dir='ltr'><strong>nibus</strong></span> <span class='ocrx_word' id='word_1_319' title='bbox 629 2393 716 2446; x_wconf 94' lang='lat' dir='ltr'><strong>hic</strong></span> <span class='ocrx_word' id='word_1_320' title='bbox 766 2391 1105 2461; x_wconf 82' lang='lat' dir='ltr'><strong>intelligitur,</strong></span> <span class='ocrx_word' id='word_1_321' title='bbox 1149 2389 1406 2458; x_wconf 86' lang='lat' dir='ltr'><strong>Spiritus,</strong></span> <span class='ocrx_word' id='word_1_322' title='bbox 1461 2387 1668 2450; x_wconf 80' lang='lat' dir='ltr'><strong>virtus,</strong></span> <span class='ocrx_word' id='word_1_323' title='bbox 1716 2387 2000 2455; x_wconf 84' lang='lat' dir='ltr'><strong>sapientia,</strong></span> 
     </span>
    </p>
   </div>
   <div class='ocr_carea' id='block_1_43' title="bbox 434 2477 2005 2552">
    <p class='ocr_par' dir='ltr' id='par_1_43' title="bbox 434 2477 2005 2552">
     <span class='ocr_line' id='line_1_43' title="bbox 434 2477 2005 2552; baseline -0.005 -15"><span class='ocrx_word' id='word_1_324' title='bbox 434 2482 530 2538; x_wconf 92' lang='lat' dir='ltr'><strong>Dei</strong></span> <span class='ocrx_word' id='word_1_325' title='bbox 567 2484 759 2552; x_wconf 80' lang='lat' dir='ltr'><strong>gloria,</strong></span> <span class='ocrx_word' id='word_1_326' title='bbox 807 2481 1029 2545; x_wconf 83' lang='lat' dir='ltr'><strong>veritas,</strong></span> <span class='ocrx_word' id='word_1_327' title='bbox 1086 2481 1312 2551; x_wconf 83' lang='lat' dir='ltr'><strong>imago,</strong></span> <span class='ocrx_word' id='word_1_328' title='bbox 1370 2488 1424 2533; x_wconf 91' lang='lat' dir='ltr'><strong>et</strong></span> <span class='ocrx_word' id='word_1_329' title='bbox 1450 2477 1712 2532; x_wconf 81' lang='lat' dir='ltr'><strong>Verbum.</strong></span> <span class='ocrx_word' id='word_1_330' title='bbox 1766 2478 2005 2547; x_wconf 87' lang='lat' dir='ltr'><strong>lntellige</strong></span> 
     </span>
    </p>
   </div>
   <div class='ocr_carea' id='block_1_44' title="bbox 432 2566 2002 2640">
    <p class='ocr_par' dir='ltr' id='par_1_44' title="bbox 432 2566 2002 2640">
     <span class='ocr_line' id='line_1_44' title="bbox 432 2566 2002 2640; baseline -0.003 -15"><span class='ocrx_word' id='word_1_331' title='bbox 432 2571 562 2625; x_wconf 83' lang='lat' dir='ltr'><strong>illud</strong></span> <span class='ocrx_word' id='word_1_332' title='bbox 587 2572 773 2633; x_wconf 90' lang='lat' dir='ltr'><strong>etiam,</strong></span> <span class='ocrx_word' id='word_1_333' title='bbox 795 2569 1136 2640; x_wconf 80' lang='lat' dir='ltr'><strong>splendorem</strong></span> <span class='ocrx_word' id='word_1_334' title='bbox 1168 2579 1221 2623; x_wconf 91' lang='lat' dir='ltr'><strong>et</strong></span> <span class='ocrx_word' id='word_1_335' title='bbox 1251 2569 1424 2622; x_wconf 82' lang='lat' dir='ltr'><strong>lucem</strong></span> <span class='ocrx_word' id='word_1_336' title='bbox 1455 2568 1686 2637; x_wconf 88' lang='lat' dir='ltr'><strong>concipi.</strong></span> <span class='ocrx_word' id='word_1_337' title='bbox 1716 2566 2002 2636; x_wconf 70' lang='lat' dir='ltr'><strong>Equalem</strong></span> 
     </span>
    </p>
   </div>
   <div class='ocr_carea' id='block_1_45' title="bbox 433 2659 2004 2734">
    <p class='ocr_par' dir='ltr' id='par_1_45' title="bbox 433 2659 2004 2734">
     <span class='ocr_line' id='line_1_45' title="bbox 433 2659 2004 2734; baseline -0.004 -17"><span class='ocrx_word' id='word_1_338' title='bbox 433 2662 574 2717; x_wconf 88' lang='lat' dir='ltr'><strong>Filio</strong></span> <span class='ocrx_word' id='word_1_339' title='bbox 607 2664 828 2734; x_wconf 79' lang='lat' dir='ltr'><strong>gignere</strong></span> <span class='ocrx_word' id='word_1_340' title='bbox 857 2673 1034 2733; x_wconf 88' lang='lat' dir='ltr'><strong>potest</strong></span> <span class='ocrx_word' id='word_1_341' title='bbox 1065 2663 1207 2716; x_wconf 91' lang='lat' dir='ltr'><strong>Deus</strong></span> <span class='ocrx_word' id='word_1_342' title='bbox 1243 2678 1255 2713; x_wconf 91' lang='lat'><strong>:</strong></span> <span class='ocrx_word' id='word_1_343' title='bbox 1301 2671 1356 2714; x_wconf 87' lang='lat' dir='ltr'><strong>at</strong></span> <span class='ocrx_word' id='word_1_344' title='bbox 1398 2662 1831 2729; x_wconf 84' lang='lat' dir='ltr'><strong>praestantiorem</strong></span> <span class='ocrx_word' id='word_1_345' title='bbox 1853 2702 1867 2725; x_wconf 94' lang='lat'><strong>,</strong></span> <span class='ocrx_word' id='word_1_346' title='bbox 1920 2659 2004 2712; x_wconf 86' lang='lat' dir='ltr'><strong>vel</strong></span> 
     </span>
    </p>
   </div>
   <div class='ocr_carea' id='block_1_46' title="bbox 434 2751 2006 2823">
    <p class='ocr_par' dir='ltr' id='par_1_46' title="bbox 434 2751 2006 2823">
     <span class='ocr_line' id='line_1_46' title="bbox 434 2751 2006 2823; baseline -0.003 -17"><span class='ocrx_word' id='word_1_347' title='bbox 434 2754 738 2816; x_wconf 87' lang='lat' dir='ltr'><strong>meliorem,</strong></span> <span class='ocrx_word' id='word_1_348' title='bbox 779 2753 861 2807; x_wconf 83' lang='lat' dir='ltr'><strong>vel</strong></span> <span class='ocrx_word' id='word_1_349' title='bbox 891 2754 1172 2823; x_wconf 87' lang='lat' dir='ltr'><strong>majorem,</strong></span> <span class='ocrx_word' id='word_1_350' title='bbox 1213 2767 1577 2822; x_wconf 82' lang='lat' dir='ltr'><strong>nequaquam.</strong></span> <span class='ocrx_word' id='word_1_351' title='bbox 1609 2751 1700 2803; x_wconf 90' lang='lat' dir='ltr'><strong>Dei</strong></span> <span class='ocrx_word' id='word_1_352' title='bbox 1732 2751 2006 2804; x_wconf 87' lang='lat' dir='ltr'><strong>voluntate</strong></span> 
     </span>
    </p>
   </div>
   <div class='ocr_carea' id='block_1_47' title="bbox 432 2838 2003 2912">
    <p class='ocr_par' dir='ltr' id='par_1_47' title="bbox 432 2838 2003 2912">
     <span class='ocr_line' id='line_1_47' title="bbox 432 2838 2003 2912; baseline -0.003 -18"><span class='ocrx_word' id='word_1_353' title='bbox 432 2840 605 2896; x_wconf 88' lang='lat' dir='ltr'><strong>Filius</strong></span> <span class='ocrx_word' id='word_1_354' title='bbox 628 2851 866 2912; x_wconf 90' lang='lat' dir='ltr'><strong>quantus</strong></span> <span class='ocrx_word' id='word_1_355' title='bbox 892 2852 1132 2910; x_wconf 91' lang='lat' dir='ltr'><strong>quantus</strong></span> <span class='ocrx_word' id='word_1_356' title='bbox 1166 2849 1273 2902; x_wconf 91' lang='lat' dir='ltr'><strong>est,</strong></span> <span class='ocrx_word' id='word_1_357' title='bbox 1307 2857 1370 2894; x_wconf 81' lang='lat' dir='ltr'><strong>ex</strong></span> <span class='ocrx_word' id='word_1_358' title='bbox 1404 2855 1514 2909; x_wconf 89' lang='lat' dir='ltr'><strong>quo</strong></span> <span class='ocrx_word' id='word_1_359' title='bbox 1556 2849 1794 2908; x_wconf 88' lang='lat' dir='ltr'><strong>tempore</strong></span> <span class='ocrx_word' id='word_1_360' title='bbox 1830 2855 1860 2891; x_wconf 89' lang='lat' dir='ltr'><strong>a</strong></span> <span class='ocrx_word' id='word_1_361' title='bbox 1893 2838 2003 2893; x_wconf 88' lang='lat' dir='ltr'><strong>Deo</strong></span> 
     </span>
    </p>
   </div>
   <div class='ocr_carea' id='block_1_48' title="bbox 432 2930 2001 3000">
    <p class='ocr_par' dir='ltr' id='par_1_48' title="bbox 432 2930 2001 3000">
     <span class='ocr_line' id='line_1_48' title="bbox 432 2930 2001 3000; baseline -0.001 -15"><span class='ocrx_word' id='word_1_362' title='bbox 432 2933 670 2996; x_wconf 82' lang='lat' dir='ltr'><strong>exstitit,</strong></span> <span class='ocrx_word' id='word_1_363' title='bbox 707 2933 849 2986; x_wconf 91' lang='lat' dir='ltr'><strong>Deus</strong></span> <span class='ocrx_word' id='word_1_364' title='bbox 875 2933 1032 2986; x_wconf 82' lang='lat' dir='ltr'><strong>fortis</strong></span> <span class='ocrx_word' id='word_1_365' title='bbox 1068 2949 1188 2985; x_wconf 91' lang='lat' dir='ltr'><strong>cum</strong></span> <span class='ocrx_word' id='word_1_366' title='bbox 1219 2935 1288 2986; x_wconf 46' lang='lat' dir='ltr'><strong>sit</strong></span> <span class='ocrx_word' id='word_1_367' title='bbox 1314 2972 1328 2994; x_wconf 92' lang='lat'><strong>,</strong></span> <span class='ocrx_word' id='word_1_368' title='bbox 1363 2947 1421 2984; x_wconf 89' lang='lat' dir='ltr'><strong>se</strong></span> <span class='ocrx_word' id='word_1_369' title='bbox 1477 2930 1904 3000; x_wconf 67' lang='lat' dir='ltr'><strong>praestantiorem</strong></span> <span class='ocrx_word' id='word_1_370' title='bbox 1936 2945 2001 2983; x_wconf 79' lang='lat' dir='ltr'><strong>ex</strong></span> 
     </span>
    </p>
   </div>
   <div class='ocr_carea' id='block_1_49' title="bbox 2105 1917 3686 1995">
    <p class='ocr_par' dir='ltr' id='par_1_49' title="bbox 2105 1917 3686 1995">
     <span class='ocr_line' id='line_1_49' title="bbox 2105 1917 3686 1995; baseline -0.005 -19"><span class='ocrx_word' id='word_1_371' title='bbox 2105 1941 2194 1977; x_wconf 91' lang='grc' dir='ltr'><strong>ται</strong></span> <span class='ocrx_word' id='word_1_372' title='bbox 2225 1923 2353 1992; x_wconf 81' lang='grc' dir='ltr'>γοῦν</span> <span class='ocrx_word' id='word_1_373' title='bbox 2387 1924 2607 1995; x_wconf 80' lang='grc' dir='ltr'>μυρίαις</span> <span class='ocrx_word' id='word_1_374' title='bbox 2637 1925 2788 1986; x_wconf 79' lang='grc' dir='ltr'>ὅσαις</span> <span class='ocrx_word' id='word_1_375' title='bbox 2829 1922 3089 1982; x_wconf 78' lang='grc' dir='ltr'>ἐπινοίαις</span> <span class='ocrx_word' id='word_1_376' title='bbox 3132 1918 3355 1989; x_wconf 82' lang='grc' dir='ltr'>Πνεῦμα</span> <span class='ocrx_word' id='word_1_377' title='bbox 3384 1958 3398 1981; x_wconf 94' lang='grc'><strong>,</strong></span> <span class='ocrx_word' id='word_1_378' title='bbox 3434 1917 3686 1987; x_wconf 83' lang='grc' dir='ltr'>δύναμις,</span> 
     </span>
    </p>
   </div>
   <div class='ocr_carea' id='block_1_50' title="bbox 2109 2010 3686 2086">
    <p class='ocr_par' dir='ltr' id='par_1_50' title="bbox 2109 2010 3686 2086">
     <span class='ocr_line' id='line_1_50' title="bbox 2109 2010 3686 2086; baseline -0.005 -17"><span class='ocrx_word' id='word_1_379' title='bbox 2109 2017 2289 2084; x_wconf 74' lang='grc' dir='ltr'>σοφία,</span> <span class='ocrx_word' id='word_1_380' title='bbox 2319 2015 2446 2080; x_wconf 80' lang='grc' dir='ltr'>δόξα</span> <span class='ocrx_word' id='word_1_381' title='bbox 2468 2013 2622 2078; x_wconf 82' lang='grc' dir='ltr'>Θεοῦ,</span> <span class='ocrx_word' id='word_1_382' title='bbox 2646 2014 2875 2086; x_wconf 85' lang='grc' dir='ltr'>ἀλήθειά</span> <span class='ocrx_word' id='word_1_383' title='bbox 2921 2030 2980 2064; x_wconf 88' lang='grc' dir='ltr'><strong>τε</strong></span> <span class='ocrx_word' id='word_1_384' title='bbox 3011 2013 3104 2065; x_wconf 76' lang='grc' dir='ltr'>καὶ</span> <span class='ocrx_word' id='word_1_385' title='bbox 3129 2011 3290 2064; x_wconf 74' lang='grc' dir='ltr'>εἰκὼν</span> <span class='ocrx_word' id='word_1_386' title='bbox 3311 2050 3326 2071; x_wconf 91' lang='grc'><strong>,</strong></span> <span class='ocrx_word' id='word_1_387' title='bbox 3362 2011 3455 2063; x_wconf 73' lang='grc' dir='ltr'><strong>καὶ</strong></span> <span class='ocrx_word' id='word_1_388' title='bbox 3487 2010 3686 2077; x_wconf 81' lang='grc' dir='ltr'>Λόγος,</span> 
     </span>
    </p>
   </div>
   <div class='ocr_carea' id='block_1_51' title="bbox 2106 2100 3684 2174">
    <p class='ocr_par' dir='ltr' id='par_1_51' title="bbox 2106 2100 3684 2174">
     <span class='ocr_line' id='line_1_51' title="bbox 2106 2100 3684 2174; baseline -0.005 -15"><span class='ocrx_word' id='word_1_389' title='bbox 2106 2100 2278 2170; x_wconf 78' lang='grc' dir='ltr'>οὗτος.</span> <span class='ocrx_word' id='word_1_390' title='bbox 2300 2108 2482 2171; x_wconf 86' lang='grc' dir='ltr'>Σὺνες,</span> <span class='ocrx_word' id='word_1_391' title='bbox 2511 2109 2590 2160; x_wconf 79' lang='grc' dir='ltr'>ὅτι</span> <span class='ocrx_word' id='word_1_392' title='bbox 2613 2108 2706 2159; x_wconf 74' lang='grc' dir='ltr'>καὶ</span> <span class='ocrx_word' id='word_1_393' title='bbox 2735 2105 3074 2174; x_wconf 77' lang='grc' dir='ltr'>ἀπαύγασμα</span> <span class='ocrx_word' id='word_1_394' title='bbox 3103 2104 3194 2156; x_wconf 75' lang='grc' dir='ltr'><strong>καὶ</strong></span> <span class='ocrx_word' id='word_1_395' title='bbox 3225 2103 3338 2172; x_wconf 80' lang='grc' dir='ltr'><strong>φῶς</strong></span> <span class='ocrx_word' id='word_1_396' title='bbox 3368 2103 3684 2153; x_wconf 80' lang='grc' dir='ltr'>ἐπινοεῖται.</span> 
     </span>
    </p>
   </div>
   <div class='ocr_carea' id='block_1_52' title="bbox 2110 2195 3684 2269">
    <p class='ocr_par' dir='ltr' id='par_1_52' title="bbox 2110 2195 3684 2269">
     <span class='ocr_line' id='line_1_52' title="bbox 2110 2195 3684 2269; baseline -0.006 -17"><span class='ocrx_word' id='word_1_397' title='bbox 2110 2201 2252 2252; x_wconf 88' lang='grc' dir='ltr'>Ἴσον</span> <span class='ocrx_word' id='word_1_398' title='bbox 2287 2201 2384 2269; x_wconf 84' lang='grc' dir='ltr'>μὲν</span> <span class='ocrx_word' id='word_1_399' title='bbox 2404 2200 2496 2253; x_wconf 85' lang='grc' dir='ltr'><strong>τοῦ</strong></span> <span class='ocrx_word' id='word_1_400' title='bbox 2530 2199 2656 2252; x_wconf 85' lang='grc' dir='ltr'>Υἱοῦ</span> <span class='ocrx_word' id='word_1_401' title='bbox 2682 2201 2875 2269; x_wconf 81' lang='grc' dir='ltr'>γεννᾷν</span> <span class='ocrx_word' id='word_1_402' title='bbox 2901 2195 3122 2260; x_wconf 87' lang='grc' dir='ltr'>δυνατός</span> <span class='ocrx_word' id='word_1_403' title='bbox 3151 2200 3296 2249; x_wconf 78' lang='grc' dir='ltr'>ἐστιν</span> <span class='ocrx_word' id='word_1_404' title='bbox 3325 2197 3352 2247; x_wconf 88' lang='lat'><strong>6</strong></span> <span class='ocrx_word' id='word_1_405' title='bbox 3379 2195 3649 2266; x_wconf 80' lang='grc' dir='ltr'>κρείττων</span> <span class='ocrx_word' id='word_1_406' title='bbox 3670 2207 3684 2220; x_wconf 82' lang='grc'><strong>’</strong></span> 
     </span>
    </p>
   </div>
   <div class='ocr_carea' id='block_1_53' title="bbox 2104 2284 3684 2362">
    <p class='ocr_par' dir='ltr' id='par_1_53' title="bbox 2104 2284 3684 2362">
     <span class='ocr_line' id='line_1_53' title="bbox 2104 2284 3684 2362; baseline -0.003 -20"><span class='ocrx_word' id='word_1_407' title='bbox 2104 2289 2497 2362; x_wconf 76' lang='grc' dir='ltr'>διαφορώτερον</span> <span class='ocrx_word' id='word_1_408' title='bbox 2530 2290 2607 2354; x_wconf 82' lang='grc' dir='ltr'><strong>δὲ,</strong></span> <span class='ocrx_word' id='word_1_409' title='bbox 2645 2289 2678 2360; x_wconf 86' lang='grc' dir='ltr'>ἢ</span> <span class='ocrx_word' id='word_1_410' title='bbox 2715 2290 3015 2360; x_wconf 88' lang='grc' dir='ltr'>κρείττονα,</span> <span class='ocrx_word' id='word_1_411' title='bbox 3051 2289 3084 2360; x_wconf 77' lang='grc' dir='ltr'>ἢ</span> <span class='ocrx_word' id='word_1_412' title='bbox 3122 2289 3362 2359; x_wconf 79' lang='grc' dir='ltr'>μείζονα,</span> <span class='ocrx_word' id='word_1_413' title='bbox 3391 2287 3510 2356; x_wconf 88' lang='grc' dir='ltr'>οὑχί</span> <span class='ocrx_word' id='word_1_414' title='bbox 3546 2284 3684 2353; x_wconf 79' lang='grc'>(17).</span> 
     </span>
    </p>
   </div>
   <div class='ocr_carea' id='block_1_54' title="bbox 2105 2377 3685 2454">
    <p class='ocr_par' dir='ltr' id='par_1_54' title="bbox 2105 2377 3685 2454">
     <span class='ocr_line' id='line_1_54' title="bbox 2105 2377 3685 2454; baseline -0.001 -22"><span class='ocrx_word' id='word_1_415' title='bbox 2105 2381 2238 2434; x_wconf 87' lang='grc' dir='ltr'>Θεοῦ</span> <span class='ocrx_word' id='word_1_416' title='bbox 2269 2382 2485 2452; x_wconf 86' lang='grc' dir='ltr'>θελήσει</span> <span class='ocrx_word' id='word_1_417' title='bbox 2517 2383 2545 2434; x_wconf 92' lang='lat'><strong>6</strong></span> <span class='ocrx_word' id='word_1_418' title='bbox 2577 2382 2701 2446; x_wconf 76' lang='grc' dir='ltr'>Υἱὸς</span> <span class='ocrx_word' id='word_1_419' title='bbox 2731 2381 2917 2454; x_wconf 84' lang='grc' dir='ltr'>ήλίκος</span> <span class='ocrx_word' id='word_1_420' title='bbox 2957 2381 3050 2434; x_wconf 76' lang='grc' dir='ltr'>καὶ</span> <span class='ocrx_word' id='word_1_421' title='bbox 3095 2383 3217 2443; x_wconf 86' lang='grc' dir='ltr'>ὅσος</span> <span class='ocrx_word' id='word_1_422' title='bbox 3269 2380 3444 2443; x_wconf 69' lang='grc' dir='ltr'>ἐστὶν,</span> <span class='ocrx_word' id='word_1_423' title='bbox 3501 2377 3560 2444; x_wconf 73' lang='grc' dir='ltr'><strong>ἐξ</strong></span> <span class='ocrx_word' id='word_1_424' title='bbox 3593 2380 3685 2432; x_wconf 80' lang='grc' dir='ltr'><strong>ὅτε</strong></span> 
     </span>
    </p>
   </div>
   <div class='ocr_carea' id='block_1_55' title="bbox 2106 2470 3689 2546">
    <p class='ocr_par' dir='ltr' id='par_1_55' title="bbox 2106 2470 3689 2546">
     <span class='ocr_line' id='line_1_55' title="bbox 2106 2470 3689 2546; baseline -0.004 -18"><span class='ocrx_word' id='word_1_425' title='bbox 2106 2477 2200 2528; x_wconf 71' lang='grc' dir='ltr'>καὶ</span> <span class='ocrx_word' id='word_1_426' title='bbox 2229 2477 2320 2546; x_wconf 78' lang='grc' dir='ltr'><strong>ἀφ’</strong></span> <span class='ocrx_word' id='word_1_427' title='bbox 2354 2470 2433 2538; x_wconf 79' lang='grc' dir='ltr'><strong>οῦ,</strong></span> <span class='ocrx_word' id='word_1_428' title='bbox 2465 2475 2560 2528; x_wconf 74' lang='grc' dir='ltr'><strong>καὶ</strong></span> <span class='ocrx_word' id='word_1_429' title='bbox 2588 2474 2696 2528; x_wconf 79' lang='grc' dir='ltr'>ἀπὸ</span> <span class='ocrx_word' id='word_1_430' title='bbox 2725 2474 2848 2527; x_wconf 86' lang='grc' dir='ltr'>τότε</span> <span class='ocrx_word' id='word_1_431' title='bbox 2873 2476 2937 2527; x_wconf 84' lang='grc' dir='ltr'>ὲκ</span> <span class='ocrx_word' id='word_1_432' title='bbox 2962 2473 3054 2527; x_wconf 90' lang='grc' dir='ltr'><strong>τοῦ</strong></span> <span class='ocrx_word' id='word_1_433' title='bbox 3080 2472 3213 2527; x_wconf 82' lang='grc' dir='ltr'>Θεοῦ</span> <span class='ocrx_word' id='word_1_434' title='bbox 3248 2473 3452 2542; x_wconf 84' lang='grc' dir='ltr'>ὑπέστη</span> <span class='ocrx_word' id='word_1_435' title='bbox 3474 2510 3489 2533; x_wconf 93' lang='grc'><strong>,</strong></span> <span class='ocrx_word' id='word_1_436' title='bbox 3532 2473 3689 2542; x_wconf 82' lang='grc' dir='ltr'>Ισχυ-</span> 
     </span>
    </p>
   </div>
   <div class='ocr_carea' id='block_1_56' title="bbox 2110 2562 3686 2640">
    <p class='ocr_par' dir='ltr' id='par_1_56' title="bbox 2110 2562 3686 2640">
     <span class='ocr_line' id='line_1_56' title="bbox 2110 2562 3686 2640; baseline -0.004 -20"><span class='ocrx_word' id='word_1_437' title='bbox 2110 2568 2198 2640; x_wconf 76' lang='grc' dir='ltr'>ρὸς</span> <span class='ocrx_word' id='word_1_438' title='bbox 2229 2567 2360 2630; x_wconf 69' lang='grc' dir='ltr'>Θεδς</span> <span class='ocrx_word' id='word_1_439' title='bbox 2388 2566 2484 2632; x_wconf 85' lang='grc' dir='ltr'>ὣν,</span> <span class='ocrx_word' id='word_1_440' title='bbox 2531 2567 2621 2620; x_wconf 79' lang='grc' dir='ltr'><strong>τὸν</strong></span> <span class='ocrx_word' id='word_1_441' title='bbox 2660 2567 2948 2638; x_wconf 85' lang='grc' dir='ltr'>κρείττονα</span> <span class='ocrx_word' id='word_1_442' title='bbox 3009 2568 3072 2619; x_wconf 83' lang='grc' dir='ltr'>ὲκ</span> <span class='ocrx_word' id='word_1_443' title='bbox 3111 2566 3306 2637; x_wconf 84' lang='grc' dir='ltr'>μέρους</span> <span class='ocrx_word' id='word_1_444' title='bbox 3334 2565 3510 2634; x_wconf 82' lang='grc' dir='ltr'>ὑμνεῖ.</span> <span class='ocrx_word' id='word_1_445' title='bbox 3555 2562 3686 2614; x_wconf 83' lang='grc' dir='ltr'>Συν-</span> 
     </span>
    </p>
   </div>
   <div class='ocr_carea' id='block_1_57' title="bbox 2105 2657 3688 2731">
    <p class='ocr_par' dir='ltr' id='par_1_57' title="bbox 2105 2657 3688 2731">
     <span class='ocr_line' id='line_1_57' title="bbox 2105 2657 3688 2731; baseline -0.006 -17"><span class='ocrx_word' id='word_1_446' title='bbox 2105 2661 2278 2714; x_wconf 85' lang='grc' dir='ltr'>ελόντι</span> <span class='ocrx_word' id='word_1_447' title='bbox 2323 2662 2516 2724; x_wconf 83' lang='grc' dir='ltr'>εἰπεῖν,</span> <span class='ocrx_word' id='word_1_448' title='bbox 2553 2660 2628 2730; x_wconf 79' lang='grc' dir='ltr'>τῷ</span> <span class='ocrx_word' id='word_1_449' title='bbox 2657 2659 2767 2730; x_wconf 82' lang='grc' dir='ltr'><strong>Υίῷ</strong></span> <span class='ocrx_word' id='word_1_450' title='bbox 2800 2663 2826 2714; x_wconf 91' lang='lat'><strong>6</strong></span> <span class='ocrx_word' id='word_1_451' title='bbox 2849 2661 2980 2724; x_wconf 83' lang='grc' dir='ltr'>Θεὸς</span> <span class='ocrx_word' id='word_1_452' title='bbox 3001 2659 3234 2731; x_wconf 70' lang='grc' dir='ltr'>ἀρρητος</span> <span class='ocrx_word' id='word_1_453' title='bbox 3261 2659 3491 2728; x_wconf 75' lang='grc' dir='ltr'>ὑπάρχει</span> <span class='ocrx_word' id='word_1_454' title='bbox 3515 2672 3529 2686; x_wconf 88' lang='grc'><strong>·</strong></span> <span class='ocrx_word' id='word_1_455' title='bbox 3570 2657 3688 2708; x_wconf 78' lang='grc' dir='ltr'>ἔστι</span> 
     </span>
    </p>
   </div>
   <div class='ocr_carea' id='block_1_58' title="bbox 2105 2746 3690 2821">
    <p class='ocr_par' dir='ltr' id='par_1_58' title="bbox 2105 2746 3690 2821">
     <span class='ocr_line' id='line_1_58' title="bbox 2105 2746 3690 2821; baseline -0.003 -19"><span class='ocrx_word' id='word_1_456' title='bbox 2105 2752 2215 2821; x_wconf 78' lang='grc' dir='ltr'><strong>γὰρ</strong></span> <span class='ocrx_word' id='word_1_457' title='bbox 2246 2750 2425 2820; x_wconf 77' lang='grc' dir='ltr'>ἑαυτῷ</span> <span class='ocrx_word' id='word_1_458' title='bbox 2448 2751 2475 2802; x_wconf 87' lang='grc' dir='ltr'>ὅ</span> <span class='ocrx_word' id='word_1_459' title='bbox 2509 2751 2652 2813; x_wconf 74' lang='grc' dir='ltr'>ἐστι,</span> <span class='ocrx_word' id='word_1_460' title='bbox 2693 2750 2836 2804; x_wconf 64' lang='grc' dir='ltr'>τοῦττ</span> <span class='ocrx_word' id='word_1_461' title='bbox 2873 2752 3018 2803; x_wconf 81' lang='grc' dir='ltr'>ἔστιν</span> <span class='ocrx_word' id='word_1_462' title='bbox 3059 2750 3282 2811; x_wconf 77' lang='grc' dir='ltr'>ἄλεκτος</span> <span class='ocrx_word' id='word_1_463' title='bbox 3306 2766 3321 2779; x_wconf 78' lang='grc' dir='ltr'><strong><em>ο</em></strong></span> <span class='ocrx_word' id='word_1_464' title='bbox 3358 2747 3496 2801; x_wconf 80' lang='grc' dir='ltr'>ὥστε</span> <span class='ocrx_word' id='word_1_465' title='bbox 3532 2746 3690 2800; x_wconf 81' lang='grc' dir='ltr'>υὺδὲν</span> 
     </span>
    </p>
   </div>
   <div class='ocr_carea' id='block_1_59' title="bbox 2105 2839 3692 2911">
    <p class='ocr_par' dir='ltr' id='par_1_59' title="bbox 2105 2839 3692 2911">
     <span class='ocr_line' id='line_1_59' title="bbox 2105 2839 3692 2911; baseline -0.001 -18"><span class='ocrx_word' id='word_1_466' title='bbox 2105 2840 2213 2893; x_wconf 81' lang='grc' dir='ltr'><strong>τῶν</strong></span> <span class='ocrx_word' id='word_1_467' title='bbox 2247 2840 2553 2911; x_wconf 85' lang='grc' dir='ltr'>λεγομένων</span> <span class='ocrx_word' id='word_1_468' title='bbox 2581 2841 2725 2894; x_wconf 87' lang='grc' dir='ltr'>κατά</span> <span class='ocrx_word' id='word_1_469' title='bbox 2751 2858 2807 2894; x_wconf 88' lang='grc' dir='ltr'><strong>τε</strong></span> <span class='ocrx_word' id='word_1_470' title='bbox 2852 2840 3151 2910; x_wconf 71' lang='grc' dir='ltr'>κατάληψιν</span> <span class='ocrx_word' id='word_1_471' title='bbox 3192 2840 3360 2893; x_wconf 81' lang='grc' dir='ltr'>συνίει</span> <span class='ocrx_word' id='word_1_472' title='bbox 3392 2839 3631 2906; x_wconf 74' lang='grc' dir='ltr'>ἐξειπεῖν</span> <span class='ocrx_word' id='word_1_473' title='bbox 3664 2839 3692 2891; x_wconf 89' lang='lat'><strong>6</strong></span> 
     </span>
    </p>
   </div>
   <div class='ocr_carea' id='block_1_60' title="bbox 2107 2931 3688 3004">
    <p class='ocr_par' dir='ltr' id='par_1_60' title="bbox 2107 2931 3688 3004">
     <span class='ocr_line' id='line_1_60' title="bbox 2107 2931 3688 3004; baseline 0 -21"><span class='ocrx_word' id='word_1_474' title='bbox 2107 2931 2254 2994; x_wconf 78' lang='grc' dir='ltr'>Υἱός.</span> <span class='ocrx_word' id='word_1_475' title='bbox 2294 2932 2562 2985; x_wconf 83' lang='grc' dir='ltr'>Ἀδύνατα</span> <span class='ocrx_word' id='word_1_476' title='bbox 2588 2933 2696 3002; x_wconf 80' lang='grc' dir='ltr'>γὰρ</span> <span class='ocrx_word' id='word_1_477' title='bbox 2728 2932 2876 3004; x_wconf 82' lang='grc' dir='ltr'>αὐτῷ</span> <span class='ocrx_word' id='word_1_478' title='bbox 2899 2934 2989 2986; x_wconf 81' lang='grc' dir='ltr'><strong>τὸν</strong></span> <span class='ocrx_word' id='word_1_479' title='bbox 3019 2934 3237 3004; x_wconf 83' lang='grc' dir='ltr'>Πατέρα</span> <span class='ocrx_word' id='word_1_480' title='bbox 3276 2950 3334 2986; x_wconf 89' lang='grc' dir='ltr'><strong>τε</strong></span> <span class='ocrx_word' id='word_1_481' title='bbox 3363 2933 3688 3002; x_wconf 84' lang='grc' dir='ltr'>ὲξιχνιάσαι,</span> 
     </span>
    </p>
   </div>
   <div class='ocr_carea' id='block_1_61' title="bbox 433 3020 2006 3097">
    <p class='ocr_par' dir='ltr' id='par_1_61' title="bbox 433 3020 2005 3093">
     <span class='ocr_line' id='line_1_61' title="bbox 433 3020 2005 3093; baseline -0.001 -17"><span class='ocrx_word' id='word_1_482' title='bbox 433 3035 585 3091; x_wconf 87' lang='lat' dir='ltr'><strong>parte</strong></span> <span class='ocrx_word' id='word_1_483' title='bbox 624 3025 880 3077; x_wconf 73' lang='lat' dir='ltr'><strong>celebrat.</strong></span> <span class='ocrx_word' id='word_1_484' title='bbox 935 3023 1002 3078; x_wconf 88' lang='lat' dir='ltr'><strong>Ut</strong></span> <span class='ocrx_word' id='word_1_485' title='bbox 1045 3025 1234 3093; x_wconf 85' lang='lat' dir='ltr'><strong>paucis</strong></span> <span class='ocrx_word' id='word_1_486' title='bbox 1292 3024 1492 3087; x_wconf 90' lang='lat' dir='ltr'><strong>dicam,</strong></span> <span class='ocrx_word' id='word_1_487' title='bbox 1544 3020 1681 3075; x_wconf 86' lang='lat' dir='ltr'><strong>Filio</strong></span> <span class='ocrx_word' id='word_1_488' title='bbox 1737 3020 1878 3076; x_wconf 91' lang='lat' dir='ltr'><strong>Deus</strong></span> <span class='ocrx_word' id='word_1_489' title='bbox 1923 3030 2005 3075; x_wconf 90' lang='lat' dir='ltr'><strong>est</strong></span> 
     </span>
    </p>
   </div>
   <div class='ocr_carea' id='block_1_62' title="bbox 2113 3020 3688 3097">
    <p class='ocr_par' dir='ltr' id='par_1_62' title="bbox 2113 3022 3688 3097">
     <span class='ocr_line' id='line_1_62' title="bbox 2113 3022 3688 3097; baseline 0.001 -23"><span class='ocrx_word' id='word_1_490' title='bbox 2113 3023 2162 3087; x_wconf 68' lang='grc' dir='ltr'><strong>ὃς</strong></span> <span class='ocrx_word' id='word_1_491' title='bbox 2221 3025 2364 3075; x_wconf 79' lang='grc' dir='ltr'>ἐστιν</span> <span class='ocrx_word' id='word_1_492' title='bbox 2422 3025 2506 3092; x_wconf 76' lang='grc' dir='ltr'><strong>ἐφ’</strong></span> <span class='ocrx_word' id='word_1_493' title='bbox 2536 3023 2749 3077; x_wconf 78' lang='grc' dir='ltr'>ἑαυτοῦ.</span> <span class='ocrx_word' id='word_1_494' title='bbox 2790 3025 2960 3088; x_wconf 82' lang='grc' dir='ltr'>Αὐτὸς</span> <span class='ocrx_word' id='word_1_495' title='bbox 2987 3025 3096 3097; x_wconf 82' lang='grc' dir='ltr'>γὰρ</span> <span class='ocrx_word' id='word_1_496' title='bbox 3132 3028 3160 3079; x_wconf 93' lang='lat'><strong>6</strong></span> <span class='ocrx_word' id='word_1_497' title='bbox 3196 3025 3322 3088; x_wconf 75' lang='grc' dir='ltr'>Υἱὸς</span> <span class='ocrx_word' id='word_1_498' title='bbox 3354 3024 3451 3096; x_wconf 79' lang='grc' dir='ltr'><strong>τὴν</strong></span> <span class='ocrx_word' id='word_1_499' title='bbox 3494 3022 3688 3076; x_wconf 79' lang='grc' dir='ltr'>ἑαυτοῦ</span> 
     </span>
    </p>
   </div>
   <div class='ocr_carea' id='block_1_63' title="bbox 435 3112 2006 3191">
    <p class='ocr_par' dir='ltr' id='par_1_63' title="bbox 435 3112 2003 3182">
     <span class='ocr_line' id='line_1_63' title="bbox 435 3112 2003 3182; baseline 0.001 -18"><span class='ocrx_word' id='word_1_500' title='bbox 435 3112 742 3174; x_wconf 79' lang='lat' dir='ltr'><strong>ineﬁabilis,</strong></span> <span class='ocrx_word' id='word_1_501' title='bbox 773 3121 857 3166; x_wconf 89' lang='lat' dir='ltr'><strong>est</strong></span> <span class='ocrx_word' id='word_1_502' title='bbox 887 3113 1028 3166; x_wconf 90' lang='lat' dir='ltr'><strong>enim</strong></span> <span class='ocrx_word' id='word_1_503' title='bbox 1059 3113 1161 3166; x_wconf 90' lang='lat' dir='ltr'><strong>sibi</strong></span> <span class='ocrx_word' id='word_1_504' title='bbox 1192 3113 1335 3182; x_wconf 90' lang='lat' dir='ltr'><strong>quod</strong></span> <span class='ocrx_word' id='word_1_505' title='bbox 1365 3124 1446 3166; x_wconf 88' lang='lat' dir='ltr'><strong>est</strong></span> <span class='ocrx_word' id='word_1_506' title='bbox 1471 3153 1484 3175; x_wconf 87' lang='lat'><strong>,</strong></span> <span class='ocrx_word' id='word_1_507' title='bbox 1520 3113 1623 3167; x_wconf 90' lang='lat' dir='ltr'><strong>hoc</strong></span> <span class='ocrx_word' id='word_1_508' title='bbox 1661 3120 1743 3167; x_wconf 90' lang='lat' dir='ltr'><strong>est</strong></span> <span class='ocrx_word' id='word_1_509' title='bbox 1785 3112 2003 3166; x_wconf 88' lang='lat' dir='ltr'><strong>inenar-</strong></span> 
     </span>
    </p>
   </div>
   <div class='ocr_carea' id='block_1_64' title="bbox 2113 3112 3690 3191">
    <p class='ocr_par' dir='ltr' id='par_1_64' title="bbox 2113 3112 3690 3191">
     <span class='ocr_line' id='line_1_64' title="bbox 2113 3112 3690 3191; baseline 0.01 -25"><span class='ocrx_word' id='word_1_510' title='bbox 2113 3114 2293 3167; x_wconf 84' lang='grc' dir='ltr'>οὑσίαν</span> <span class='ocrx_word' id='word_1_511' title='bbox 2326 3116 2423 3168; x_wconf 88' lang='grc' dir='ltr'><strong>οὑκ</strong></span> <span class='ocrx_word' id='word_1_512' title='bbox 2457 3112 2594 3169; x_wconf 78' lang='grc' dir='ltr'>οἶδεν</span> <span class='ocrx_word' id='word_1_513' title='bbox 2621 3135 2632 3147; x_wconf 93' lang='grc'><strong>·</strong></span> <span class='ocrx_word' id='word_1_514' title='bbox 2661 3117 2788 3182; x_wconf 75' lang='grc' dir='ltr'>Υἱὸς</span> <span class='ocrx_word' id='word_1_515' title='bbox 2810 3118 2918 3191; x_wconf 85' lang='grc' dir='ltr'><strong>γὰρ</strong></span> <span class='ocrx_word' id='word_1_516' title='bbox 2937 3117 3011 3171; x_wconf 85' lang='grc' dir='ltr'>ὣν</span> <span class='ocrx_word' id='word_1_517' title='bbox 3040 3117 3251 3188; x_wconf 84' lang='grc' dir='ltr'>θελήσει</span> <span class='ocrx_word' id='word_1_518' title='bbox 3276 3117 3486 3188; x_wconf 75' lang='grc' dir='ltr'>Πατρὺς</span> <span class='ocrx_word' id='word_1_519' title='bbox 3510 3120 3690 3190; x_wconf 74' lang='grc' dir='ltr'><strong>ὒπῆρο</strong></span> 
     </span>
    </p>
   </div>
   <div class='ocr_carea' id='block_1_65' title="bbox 434 3173 2006 3281">
    <p class='ocr_par' dir='ltr' id='par_1_65' title="bbox 434 3203 2006 3274">
     <span class='ocr_line' id='line_1_65' title="bbox 434 3203 2006 3274; baseline 0.003 -19"><span class='ocrx_word' id='word_1_520' title='bbox 434 3203 660 3269; x_wconf 85' lang='lat' dir='ltr'><strong>rabilis;</strong></span> <span class='ocrx_word' id='word_1_521' title='bbox 695 3203 768 3256; x_wconf 87' lang='lat' dir='ltr'><strong>ita</strong></span> <span class='ocrx_word' id='word_1_522' title='bbox 808 3213 866 3256; x_wconf 90' lang='lat' dir='ltr'><strong>ut</strong></span> <span class='ocrx_word' id='word_1_523' title='bbox 889 3204 1022 3257; x_wconf 86' lang='lat' dir='ltr'><strong>nihil</strong></span> <span class='ocrx_word' id='word_1_524' title='bbox 1051 3219 1242 3257; x_wconf 88' lang='lat' dir='ltr'><strong>eorum</strong></span> <span class='ocrx_word' id='word_1_525' title='bbox 1277 3219 1399 3274; x_wconf 70' lang='lat' dir='ltr'><strong>qua:</strong></span> <span class='ocrx_word' id='word_1_526' title='bbox 1433 3205 1730 3258; x_wconf 90' lang='lat' dir='ltr'><strong>secundum</strong></span> <span class='ocrx_word' id='word_1_527' title='bbox 1759 3218 2006 3274; x_wconf 88' lang='lat' dir='ltr'><strong>compre-</strong></span> 
     </span>
    </p>
   </div>
   <div class='ocr_carea' id='block_1_66' title="bbox 2113 3173 3690 3281">
    <p class='ocr_par' dir='ltr' id='par_1_66' title="bbox 2115 3173 3690 3281">
     <span class='ocr_line' id='line_1_66' title="bbox 2115 3173 3690 3281; baseline 0.003 -24"><span class='ocrx_word' id='word_1_528' title='bbox 2115 3205 2201 3271; x_wconf 83' lang='grc' dir='ltr'><strong>ξεν</strong></span> <span class='ocrx_word' id='word_1_529' title='bbox 2232 3207 2463 3277; x_wconf 78' lang='grc' dir='ltr'>ἀληθῶς.</span> <span class='ocrx_word' id='word_1_530' title='bbox 2498 3209 2594 3272; x_wconf 87' lang='grc' dir='ltr'><strong>Τίς</strong></span> <span class='ocrx_word' id='word_1_531' title='bbox 2631 3173 2944 3278; x_wconf 37' lang='grc' dir='ltr'>γοῦννλόγος</span> <span class='ocrx_word' id='word_1_532' title='bbox 2969 3173 3238 3281; x_wconf 75' lang='grc' dir='ltr'>συγχωρεῖ</span> <span class='ocrx_word' id='word_1_533' title='bbox 3263 3209 3352 3262; x_wconf 79' lang='grc' dir='ltr'><strong>τὸν</strong></span> <span class='ocrx_word' id='word_1_534' title='bbox 3383 3173 3446 3261; x_wconf 75' lang='grc' dir='ltr'><strong>έκ</strong></span> <span class='ocrx_word' id='word_1_535' title='bbox 3467 3173 3690 3279; x_wconf 50' lang='grc' dir='ltr'><strong>⁷Πατρέὂς</strong></span> 
     </span>
    </p>
   </div>
   <div class='ocr_carea' id='block_1_67' title="bbox 433 3295 2006 3372">
    <p class='ocr_par' dir='ltr' id='par_1_67' title="bbox 433 3295 2006 3368">
     <span class='ocr_line' id='line_1_67' title="bbox 433 3295 2006 3368; baseline 0.004 -21"><span class='ocrx_word' id='word_1_536' title='bbox 433 3295 748 3349; x_wconf 87' lang='lat' dir='ltr'><strong>bensionem</strong></span> <span class='ocrx_word' id='word_1_537' title='bbox 778 3298 1059 3362; x_wconf 89' lang='lat' dir='ltr'><strong>dicuntur,</strong></span> <span class='ocrx_word' id='word_1_538' title='bbox 1093 3297 1430 3368; x_wconf 87' lang='lat' dir='ltr'><strong>intelligere,</strong></span> <span class='ocrx_word' id='word_1_539' title='bbox 1485 3307 1579 3351; x_wconf 89' lang='lat' dir='ltr'><strong>aut</strong></span> <span class='ocrx_word' id='word_1_540' title='bbox 1632 3297 1780 3351; x_wconf 80' lang='lat' dir='ltr'><strong>ell‘ari</strong></span> <span class='ocrx_word' id='word_1_541' title='bbox 1831 3299 2006 3353; x_wconf 83' lang='lat' dir='ltr'><strong>valeat</strong></span> 
     </span>
    </p>
   </div>
   <div class='ocr_carea' id='block_1_68' title="bbox 2113 3295 3687 3372">
    <p class='ocr_par' dir='ltr' id='par_1_68' title="bbox 2113 3297 3687 3372">
     <span class='ocr_line' id='line_1_68' title="bbox 2113 3297 3687 3372; baseline 0.002 -23"><span class='ocrx_word' id='word_1_542' title='bbox 2113 3297 2240 3352; x_wconf 81' lang='grc' dir='ltr'>ὖντα</span> <span class='ocrx_word' id='word_1_543' title='bbox 2272 3299 2432 3352; x_wconf 78' lang='grc' dir='ltr'>αὑτὸν</span> <span class='ocrx_word' id='word_1_544' title='bbox 2482 3301 2572 3353; x_wconf 87' lang='grc' dir='ltr'><strong>τὸν</strong></span> <span class='ocrx_word' id='word_1_545' title='bbox 2609 3303 2947 3372; x_wconf 83' lang='grc' dir='ltr'>γεννήσαντα</span> <span class='ocrx_word' id='word_1_546' title='bbox 2993 3301 3194 3369; x_wconf 81' lang='grc' dir='ltr'>γνῶναι</span> <span class='ocrx_word' id='word_1_547' title='bbox 3243 3303 3300 3352; x_wconf 81' lang='grc' dir='ltr'>ὲν</span> <span class='ocrx_word' id='word_1_548' title='bbox 3346 3300 3687 3370; x_wconf 71' lang='grc' dir='ltr'>καταλήψει;</span> 
     </span>
    </p>
   </div>
   <div class='ocr_carea' id='block_1_69' title="bbox 434 3381 2006 3465">
    <p class='ocr_par' dir='ltr' id='par_1_69' title="bbox 434 3381 2006 3457">
     <span class='ocr_line' id='line_1_69' title="bbox 434 3381 2006 3457; baseline 0.004 -21"><span class='ocrx_word' id='word_1_549' title='bbox 434 3381 624 3438; x_wconf 87' lang='lat' dir='ltr'><strong>Filius.</strong></span> <span class='ocrx_word' id='word_1_550' title='bbox 656 3383 995 3453; x_wconf 86' lang='lat' dir='ltr'><strong>lmpossibile</strong></span> <span class='ocrx_word' id='word_1_551' title='bbox 1023 3389 1223 3457; x_wconf 90' lang='lat' dir='ltr'><strong>quippe</strong></span> <span class='ocrx_word' id='word_1_552' title='bbox 1274 3398 1358 3442; x_wconf 91' lang='lat' dir='ltr'><strong>est</strong></span> <span class='ocrx_word' id='word_1_553' title='bbox 1396 3389 1472 3442; x_wconf 90' lang='lat' dir='ltr'><strong>illi</strong></span> <span class='ocrx_word' id='word_1_554' title='bbox 1514 3388 1729 3443; x_wconf 90' lang='lat' dir='ltr'><strong>Patrem</strong></span> <span class='ocrx_word' id='word_1_555' title='bbox 1784 3391 2006 3444; x_wconf 86' lang='lat' dir='ltr'><strong>investi-</strong></span> 
     </span>
    </p>
   </div>
   <div class='ocr_carea' id='block_1_70' title="bbox 2113 3381 3690 3465">
    <p class='ocr_par' dir='ltr' id='par_1_70' title="bbox 2113 3390 3690 3465">
     <span class='ocr_line' id='line_1_70' title="bbox 2113 3390 3690 3465; baseline 0.001 -22"><span class='ocrx_word' id='word_1_556' title='bbox 2113 3390 2268 3460; x_wconf 81' lang='grc' dir='ltr'>δῆλον</span> <span class='ocrx_word' id='word_1_557' title='bbox 2314 3391 2422 3464; x_wconf 74' lang='grc' dir='ltr'>γὰρ</span> <span class='ocrx_word' id='word_1_558' title='bbox 2463 3393 2595 3462; x_wconf 85' lang='grc'>(18),</span> <span class='ocrx_word' id='word_1_559' title='bbox 2628 3394 2707 3446; x_wconf 84' lang='grc' dir='ltr'>ὅτι</span> <span class='ocrx_word' id='word_1_560' title='bbox 2739 3394 2800 3446; x_wconf 86' lang='grc' dir='ltr'><strong>τὸ</strong></span> <span class='ocrx_word' id='word_1_561' title='bbox 2828 3395 3000 3465; x_wconf 83' lang='grc' dir='ltr'>ἀρχὴν</span> <span class='ocrx_word' id='word_1_562' title='bbox 3026 3393 3165 3463; x_wconf 78' lang='grc' dir='ltr'>ἔχον,</span> <span class='ocrx_word' id='word_1_563' title='bbox 3195 3393 3284 3445; x_wconf 85' lang='grc' dir='ltr'><strong>τὸν</strong></span> <span class='ocrx_word' id='word_1_564' title='bbox 3329 3393 3582 3464; x_wconf 78' lang='grc' dir='ltr'>ἄναρχον,</span> <span class='ocrx_word' id='word_1_565' title='bbox 3614 3392 3690 3455; x_wconf 79' lang='grc' dir='ltr'>ὡς</span> 
     </span>
    </p>
   </div>
   <div class='ocr_carea' id='block_1_71' title="bbox 434 3477 2006 3557">
    <p class='ocr_par' dir='ltr' id='par_1_71' title="bbox 434 3477 2002 3550">
     <span class='ocr_line' id='line_1_71' title="bbox 434 3477 2002 3550; baseline 0.007 -25"><span class='ocrx_word' id='word_1_566' title='bbox 434 3489 581 3544; x_wconf 77' lang='lat' dir='ltr'><strong>gare,</strong></span> <span class='ocrx_word' id='word_1_567' title='bbox 613 3477 790 3546; x_wconf 90' lang='lat' dir='ltr'><strong>qualis</strong></span> <span class='ocrx_word' id='word_1_568' title='bbox 841 3479 892 3531; x_wconf 93' lang='lat' dir='ltr'><strong>in</strong></span> <span class='ocrx_word' id='word_1_569' title='bbox 921 3494 979 3532; x_wconf 91' lang='lat' dir='ltr'><strong>se</strong></span> <span class='ocrx_word' id='word_1_570' title='bbox 1033 3488 1134 3533; x_wconf 90' lang='lat' dir='ltr'><strong>est.</strong></span> <span class='ocrx_word' id='word_1_571' title='bbox 1195 3478 1328 3534; x_wconf 86' lang='lat' dir='ltr'><strong>Nam</strong></span> <span class='ocrx_word' id='word_1_572' title='bbox 1373 3483 1487 3550; x_wconf 89' lang='lat' dir='ltr'><strong>ipse</strong></span> <span class='ocrx_word' id='word_1_573' title='bbox 1536 3479 1708 3536; x_wconf 88' lang='lat' dir='ltr'><strong>Filius</strong></span> <span class='ocrx_word' id='word_1_574' title='bbox 1745 3498 1812 3538; x_wconf 92' lang='lat' dir='ltr'><strong>ne</strong></span> <span class='ocrx_word' id='word_1_575' title='bbox 1849 3499 2002 3537; x_wconf 87' lang='lat' dir='ltr'><strong>suam</strong></span> 
     </span>
    </p>
   </div>
   <div class='ocr_carea' id='block_1_72' title="bbox 2113 3477 3688 3557">
    <p class='ocr_par' dir='ltr' id='par_1_72' title="bbox 2113 3481 3688 3557">
     <span class='ocr_line' id='line_1_72' title="bbox 2113 3481 3688 3557; baseline 0.002 -23"><span class='ocrx_word' id='word_1_576' title='bbox 2113 3483 2767 3556; x_wconf 77' lang='grc' dir='ltr'>ἔστιν,ὲμπερινοῆσαι,ἢ</span> <span class='ocrx_word' id='word_1_577' title='bbox 2802 3485 3322 3557; x_wconf 80' lang='grc' dir='ltr'>ὲμπεριδρὰξασθαι,</span> <span class='ocrx_word' id='word_1_578' title='bbox 3357 3486 3454 3555; x_wconf 88' lang='grc' dir='ltr'><strong>οὑχ</strong></span> <span class='ocrx_word' id='word_1_579' title='bbox 3485 3481 3596 3538; x_wconf 75' lang='grc' dir='ltr'>οἷόν</span> <span class='ocrx_word' id='word_1_580' title='bbox 3629 3485 3688 3537; x_wconf 82' lang='grc' dir='ltr'><strong>τέ</strong></span> 
     </span>
    </p>
   </div>
   <div class='ocr_carea' id='block_1_73' title="bbox 433 3565 2278 3637">
    <p class='ocr_par' dir='ltr' id='par_1_73' title="bbox 433 3565 2278 3637">
     <span class='ocr_line' id='line_1_73' title="bbox 433 3565 2278 3637; baseline 0.007 -21"><span class='ocrx_word' id='word_1_581' title='bbox 433 3565 650 3632; x_wconf 87' lang='lat' dir='ltr'><strong>quidem</strong></span> <span class='ocrx_word' id='word_1_582' title='bbox 705 3569 1061 3622; x_wconf 83' lang='lat' dir='ltr'><strong>substantiam</strong></span> <span class='ocrx_word' id='word_1_583' title='bbox 1114 3571 1299 3622; x_wconf 85' lang='lat' dir='ltr'><strong>novit:</strong></span> <span class='ocrx_word' id='word_1_584' title='bbox 1340 3568 1511 3625; x_wconf 90' lang='lat' dir='ltr'><strong>Filius</strong></span> <span class='ocrx_word' id='word_1_585' title='bbox 1560 3572 1704 3624; x_wconf 93' lang='lat' dir='ltr'><strong>enim</strong></span> <span class='ocrx_word' id='word_1_586' title='bbox 1750 3587 1874 3625; x_wconf 91' lang='lat' dir='ltr'><strong>cum</strong></span> <span class='ocrx_word' id='word_1_587' title='bbox 1911 3573 2000 3637; x_wconf 85' lang='lat' dir='ltr'><strong>sit,</strong></span> <span class='ocrx_word' id='word_1_588' title='bbox 2110 3573 2278 3630; x_wconf 78' lang='grc' dir='ltr'>ἐστιν.</span> 
     </span>
    </p>
   </div>
   <div class='ocr_carea' id='block_1_74' title="bbox 433 3665 3688 3742">
    <p class='ocr_par' dir='ltr' id='par_1_74' title="bbox 433 3665 3688 3742">
     <span class='ocr_line' id='line_1_74' title="bbox 433 3665 3688 3742; baseline 0.003 -28"><span class='ocrx_word' id='word_1_589' title='bbox 433 3671 654 3727; x_wconf 86' lang='lat' dir='ltr'><strong>paterna</strong></span> <span class='ocrx_word' id='word_1_590' title='bbox 693 3679 759 3716; x_wconf 79' lang='lat' dir='ltr'><strong>ex</strong></span> <span class='ocrx_word' id='word_1_591' title='bbox 803 3665 1080 3719; x_wconf 76' lang='lat' dir='ltr'><strong>voluntate</strong></span> <span class='ocrx_word' id='word_1_592' title='bbox 1117 3681 1305 3720; x_wconf 89' lang='lat' dir='ltr'><strong>revera</strong></span> <span class='ocrx_word' id='word_1_593' title='bbox 1355 3666 1584 3722; x_wconf 81' lang='lat' dir='ltr'><strong>exstitit.</strong></span> <span class='ocrx_word' id='word_1_594' title='bbox 1631 3665 1745 3731; x_wconf 87' lang='lat' dir='ltr'><strong>Qua</strong></span> <span class='ocrx_word' id='word_1_595' title='bbox 1792 3667 2001 3723; x_wconf 88' lang='lat' dir='ltr'><strong>ratione</strong></span> <span class='ocrx_word' id='word_1_596' title='bbox 2047 3668 2161 3723; x_wconf 82' lang='lat' dir='ltr'><strong>ﬁeri</strong></span> <span class='ocrx_word' id='word_1_597' title='bbox 2203 3681 2386 3741; x_wconf 89' lang='lat' dir='ltr'><strong>queat,</strong></span> <span class='ocrx_word' id='word_1_598' title='bbox 2435 3682 2495 3726; x_wconf 90' lang='lat' dir='ltr'><strong>ut</strong></span> <span class='ocrx_word' id='word_1_599' title='bbox 2529 3672 2623 3742; x_wconf 90' lang='lat' dir='ltr'><strong>qui</strong></span> <span class='ocrx_word' id='word_1_600' title='bbox 2673 3681 2756 3728; x_wconf 88' lang='lat' dir='ltr'><strong>est</strong></span> <span class='ocrx_word' id='word_1_601' title='bbox 2802 3687 2868 3727; x_wconf 80' lang='lat' dir='ltr'><strong>ex</strong></span> <span class='ocrx_word' id='word_1_602' title='bbox 2911 3672 3107 3736; x_wconf 89' lang='lat' dir='ltr'><strong>Patre,</strong></span> <span class='ocrx_word' id='word_1_603' title='bbox 3167 3671 3342 3740; x_wconf 91' lang='lat' dir='ltr'><strong>ipsum</strong></span> <span class='ocrx_word' id='word_1_604' title='bbox 3387 3672 3688 3741; x_wconf 79' lang='lat' dir='ltr'><strong>genitorem</strong></span> 
     </span>
    </p>
   </div>
   <div class='ocr_carea' id='block_1_75' title="bbox 433 3761 3687 3838">
    <p class='ocr_par' dir='ltr' id='par_1_75' title="bbox 433 3761 3687 3838">
     <span class='ocr_line' id='line_1_75' title="bbox 433 3761 3687 3838; baseline 0.003 -28"><span class='ocrx_word' id='word_1_605' title='bbox 433 3775 756 3829; x_wconf 83' lang='lat' dir='ltr'><strong>cognoscere</strong></span> <span class='ocrx_word' id='word_1_606' title='bbox 825 3769 986 3830; x_wconf 88' lang='lat' dir='ltr'><strong>atque</strong></span> <span class='ocrx_word' id='word_1_607' title='bbox 1035 3761 1492 3831; x_wconf 89' lang='lat' dir='ltr'><strong>comprehendere</strong></span> <span class='ocrx_word' id='word_1_608' title='bbox 1547 3761 1754 3832; x_wconf 88' lang='lat' dir='ltr'><strong>possit?</strong></span> <span class='ocrx_word' id='word_1_609' title='bbox 1797 3761 1980 3816; x_wconf 87' lang='lat' dir='ltr'><strong>Palam</strong></span> <span class='ocrx_word' id='word_1_610' title='bbox 2021 3764 2217 3834; x_wconf 90' lang='lat' dir='ltr'><strong>quippe</strong></span> <span class='ocrx_word' id='word_1_611' title='bbox 2247 3777 2332 3821; x_wconf 87' lang='lat' dir='ltr'><strong>est</strong></span> <span class='ocrx_word' id='word_1_612' title='bbox 2361 3767 2411 3822; x_wconf 91' lang='lat' dir='ltr'><strong>id</strong></span> <span class='ocrx_word' id='word_1_613' title='bbox 2435 3768 2579 3838; x_wconf 91' lang='lat' dir='ltr'><strong>quod</strong></span> <span class='ocrx_word' id='word_1_614' title='bbox 2601 3768 2762 3822; x_wconf 90' lang='lat' dir='ltr'><strong>habet</strong></span> <span class='ocrx_word' id='word_1_615' title='bbox 2799 3767 3037 3831; x_wconf 91' lang='lat' dir='ltr'><strong>initium,</strong></span> <span class='ocrx_word' id='word_1_616' title='bbox 3091 3780 3198 3820; x_wconf 91' lang='lat' dir='ltr'><strong>non</strong></span> <span class='ocrx_word' id='word_1_617' title='bbox 3238 3769 3398 3835; x_wconf 78' lang='lat' dir='ltr'><strong>posse</strong></span> <span class='ocrx_word' id='word_1_618' title='bbox 3445 3766 3498 3819; x_wconf 85' lang='lat' dir='ltr'><strong>id</strong></span> <span class='ocrx_word' id='word_1_619' title='bbox 3539 3765 3687 3835; x_wconf 89' lang='lat' dir='ltr'><strong>quod</strong></span> 
     </span>
    </p>
   </div>
   <div class='ocr_carea' id='block_1_76' title="bbox 435 3855 2127 3928">
    <p class='ocr_par' dir='ltr' id='par_1_76' title="bbox 435 3855 2127 3928">
     <span class='ocr_line' id='line_1_76' title="bbox 435 3855 2127 3928; baseline 0.004 -21"><span class='ocrx_word' id='word_1_620' title='bbox 435 3871 543 3908; x_wconf 94' lang='lat' dir='ltr'><strong>non</strong></span> <span class='ocrx_word' id='word_1_621' title='bbox 582 3855 742 3909; x_wconf 85' lang='lat' dir='ltr'><strong>habet</strong></span> <span class='ocrx_word' id='word_1_622' title='bbox 781 3855 1018 3920; x_wconf 89' lang='lat' dir='ltr'><strong>initium,</strong></span> <span class='ocrx_word' id='word_1_623' title='bbox 1057 3865 1115 3910; x_wconf 92' lang='lat' dir='ltr'><strong>ut</strong></span> <span class='ocrx_word' id='word_1_624' title='bbox 1143 3866 1227 3912; x_wconf 89' lang='lat' dir='ltr'><strong>est</strong></span> <span class='ocrx_word' id='word_1_625' title='bbox 1250 3860 1489 3928; x_wconf 87' lang='lat' dir='ltr'><strong>cogitare</strong></span> <span class='ocrx_word' id='word_1_626' title='bbox 1523 3857 1606 3911; x_wconf 90' lang='lat' dir='ltr'><strong>vel</strong></span> <span class='ocrx_word' id='word_1_627' title='bbox 1648 3859 2127 3927; x_wconf 87' lang='lat' dir='ltr'><strong>comprehendere.</strong></span> 
     </span>
    </p>
   </div>
   <div class='ocr_carea' id='block_1_77' title="bbox 505 3945 2005 4021">
    <p class='ocr_par' dir='ltr' id='par_1_77' title="bbox 505 3945 2005 4021">
     <span class='ocr_line' id='line_1_77' title="bbox 505 3945 2005 4021; baseline 0.005 -24"><span class='ocrx_word' id='word_1_628' title='bbox 505 3945 590 3998; x_wconf 79' lang='lat' dir='ltr'><strong>l6.</strong></span> <span class='ocrx_word' id='word_1_629' title='bbox 629 3946 761 4011; x_wconf 61' lang='lat' dir='ltr'><strong>Quae</strong></span> <span class='ocrx_word' id='word_1_630' title='bbox 801 3963 930 4002; x_wconf 87' lang='lat' dir='ltr'><strong>vero</strong></span> <span class='ocrx_word' id='word_1_631' title='bbox 975 3949 1163 4003; x_wconf 87' lang='lat' dir='ltr'><strong>Ariani</strong></span> <span class='ocrx_word' id='word_1_632' title='bbox 1201 3965 1296 4021; x_wconf 89' lang='lat' dir='ltr'><strong>per</strong></span> <span class='ocrx_word' id='word_1_633' title='bbox 1315 3950 1606 4019; x_wconf 89' lang='lat' dir='ltr'><strong>epistolam</strong></span> <span class='ocrx_word' id='word_1_634' title='bbox 1655 3966 1809 4005; x_wconf 91' lang='lat' dir='ltr'><strong>suam</strong></span> <span class='ocrx_word' id='word_1_635' title='bbox 1836 3951 2005 4006; x_wconf 79' lang='lat' dir='ltr'><strong>beatte</strong></span> 
     </span>
    </p>
   </div>
   <div class='ocr_carea' id='block_1_78' title="bbox 436 4038 2003 4110">
    <p class='ocr_par' dir='ltr' id='par_1_78' title="bbox 436 4038 2003 4110">
     <span class='ocr_line' id='line_1_78' title="bbox 436 4038 2003 4110; baseline 0.004 -22"><span class='ocrx_word' id='word_1_636' title='bbox 436 4038 712 4091; x_wconf 67' lang='lat' dir='ltr'><strong>memoriae</strong></span> <span class='ocrx_word' id='word_1_637' title='bbox 758 4038 876 4091; x_wconf 83' lang='lat' dir='ltr'><strong>viro</strong></span> <span class='ocrx_word' id='word_1_638' title='bbox 915 4038 1222 4094; x_wconf 82' lang='lat' dir='ltr'><strong>Alexandro</strong></span> <span class='ocrx_word' id='word_1_639' title='bbox 1273 4041 1532 4110; x_wconf 88' lang='lat' dir='ltr'><strong>episeopo</strong></span> <span class='ocrx_word' id='word_1_640' title='bbox 1581 4040 1785 4109; x_wconf 76' lang='lat' dir='ltr'><strong>scripta</strong></span> <span class='ocrx_word' id='word_1_641' title='bbox 1834 4041 2003 4095; x_wconf 90' lang='lat' dir='ltr'><strong>tradi-</strong></span> 
     </span>
    </p>
   </div>
   <div class='ocr_carea' id='block_1_79' title="bbox 435 4129 909 4192">
    <p class='ocr_par' dir='ltr' id='par_1_79' title="bbox 435 4129 909 4192">
     <span class='ocr_line' id='line_1_79' title="bbox 435 4129 909 4192; baseline 0.006 -10"><span class='ocrx_word' id='word_1_642' title='bbox 435 4129 586 4192; x_wconf 84' lang='lat' dir='ltr'><strong>dere,</strong></span> <span class='ocrx_word' id='word_1_643' title='bbox 605 4130 721 4184; x_wconf 67' lang='lat' dir='ltr'><strong>haae</strong></span> <span class='ocrx_word' id='word_1_644' title='bbox 751 4142 878 4185; x_wconf 90' lang='lat' dir='ltr'><strong>sunt</strong></span> <span class='ocrx_word' id='word_1_645' title='bbox 898 4151 909 4185; x_wconf 94' lang='lat'><strong>:</strong></span> 
     </span>
    </p>
   </div>
   <div class='ocr_carea' id='block_1_80' title="bbox 632 4240 2009 4304">
    <p class='ocr_par' dir='ltr' id='par_1_80' title="bbox 632 4240 2009 4304">
     <span class='ocr_line' id='line_1_80' title="bbox 632 4240 2009 4304; baseline 0.007 -10"><span class='ocrx_word' id='word_1_646' title='bbox 632 4240 872 4296; x_wconf 85' lang='grc' dir='ltr'><strong>ΒΕΑΤο</strong></span> <span class='ocrx_word' id='word_1_647' title='bbox 914 4242 1136 4298; x_wconf 71' lang='grc' dir='ltr'><strong>ΡΑΡΛΞ</strong></span> <span class='ocrx_word' id='word_1_648' title='bbox 1167 4245 1259 4298; x_wconf 82' lang='lat' dir='ltr'><strong>ET</strong></span> <span class='ocrx_word' id='word_1_649' title='bbox 1294 4245 1668 4304; x_wconf 81' lang='lat' dir='ltr'><strong>EPISCOPO</strong></span> <span class='ocrx_word' id='word_1_650' title='bbox 1717 4248 2009 4304; x_wconf 81' lang='lat' dir='ltr'><strong>NOSTRO</strong></span> 
     </span>
    </p>
   </div>
   <div class='ocr_carea' id='block_1_81' title="bbox 507 4311 2010 4375">
    <p class='ocr_par' dir='ltr' id='par_1_81' title="bbox 507 4311 2010 4375">
     <span class='ocr_line' id='line_1_81' title="bbox 507 4311 2010 4375; baseline 0.006 -10"><span class='ocrx_word' id='word_1_651' title='bbox 507 4311 959 4368; x_wconf 76' lang='lat' dir='ltr'><strong>ALEXANDRO</strong></span> <span class='ocrx_word' id='word_1_652' title='bbox 1008 4314 1466 4371; x_wconf 82' lang='lat' dir='ltr'><strong>PRESBYTER]</strong></span> <span class='ocrx_word' id='word_1_653' title='bbox 1528 4317 1623 4372; x_wconf 86' lang='lat' dir='ltr'><strong>ET</strong></span> <span class='ocrx_word' id='word_1_654' title='bbox 1687 4319 2010 4375; x_wconf 79' lang='lat' dir='ltr'><strong>DIACONI</strong></span> 
     </span>
    </p>
   </div>
   <div class='ocr_carea' id='block_1_82' title="bbox 508 4379 1320 4439">
    <p class='ocr_par' dir='ltr' id='par_1_82' title="bbox 508 4379 1320 4439">
     <span class='ocr_line' id='line_1_82' title="bbox 508 4379 1320 4439; baseline 0.007 -6"><span class='ocrx_word' id='word_1_655' title='bbox 508 4379 598 4434; x_wconf 82' lang='lat' dir='ltr'><strong>IN</strong></span> <span class='ocrx_word' id='word_1_656' title='bbox 625 4381 930 4437; x_wconf 79' lang='lat' dir='ltr'><strong>DOMINO</strong></span> <span class='ocrx_word' id='word_1_657' title='bbox 958 4384 1320 4439; x_wconf 78' lang='lat' dir='ltr'><strong>SALUTEM.</strong></span> 
     </span>
    </p>
   </div>
   <div class='ocr_carea' id='block_1_83' title="bbox 2186 3952 3688 4026">
    <p class='ocr_par' dir='ltr' id='par_1_83' title="bbox 2186 3952 3688 4026">
     <span class='ocr_line' id='line_1_83' title="bbox 2186 3952 3688 4026; baseline -0.003 -20"><span class='ocrx_word' id='word_1_658' title='bbox 2186 3953 2271 4008; x_wconf 80' lang='grc'><strong>16.</strong></span> <span class='ocrx_word' id='word_1_659' title='bbox 2315 3957 2380 4007; x_wconf 75' lang='grc' dir='ltr'>Ἀ</span> <span class='ocrx_word' id='word_1_660' title='bbox 2411 3956 2466 4007; x_wconf 82' lang='grc' dir='ltr'>δὲ</span> <span class='ocrx_word' id='word_1_661' title='bbox 2493 3957 2587 4009; x_wconf 75' lang='grc' dir='ltr'><strong>καὶ</strong></span> <span class='ocrx_word' id='word_1_662' title='bbox 2613 3957 2680 4008; x_wconf 79' lang='grc' dir='ltr'>δι’</span> <span class='ocrx_word' id='word_1_663' title='bbox 2711 3954 2998 4023; x_wconf 76' lang='grc' dir='ltr'>ἐπιστολῆς</span> <span class='ocrx_word' id='word_1_664' title='bbox 3029 3953 3270 4026; x_wconf 73' lang='grc' dir='ltr'>ἔγραψαν</span> <span class='ocrx_word' id='word_1_665' title='bbox 3304 3953 3438 4024; x_wconf 77' lang='grc' dir='ltr'>πρὸς</span> <span class='ocrx_word' id='word_1_666' title='bbox 3464 3952 3554 4004; x_wconf 87' lang='grc' dir='ltr'><strong>τὸν</strong></span> <span class='ocrx_word' id='word_1_667' title='bbox 3585 3965 3688 4023; x_wconf 68' lang='grc' dir='ltr'>μα-</span> 
     </span>
    </p>
   </div>
   <div class='ocr_carea' id='block_1_84' title="bbox 2113 4045 3577 4119">
    <p class='ocr_par' dir='ltr' id='par_1_84' title="bbox 2113 4045 3577 4119">
     <span class='ocr_line' id='line_1_84' title="bbox 2113 4045 3577 4119; baseline 0 -22"><span class='ocrx_word' id='word_1_668' title='bbox 2113 4047 2342 4119; x_wconf 75' lang='grc' dir='ltr'>καρίτην</span> <span class='ocrx_word' id='word_1_669' title='bbox 2391 4047 2734 4118; x_wconf 77' lang='grc' dir='ltr'>Ἀλέξανδρον</span> <span class='ocrx_word' id='word_1_670' title='bbox 2759 4048 2848 4101; x_wconf 75' lang='grc' dir='ltr'><strong>τὸν</strong></span> <span class='ocrx_word' id='word_1_671' title='bbox 2883 4049 3197 4114; x_wconf 80' lang='grc' dir='ltr'>ἐπίσκοπον,</span> <span class='ocrx_word' id='word_1_672' title='bbox 3228 4048 3340 4100; x_wconf 86' lang='grc' dir='ltr'>ἔστι</span> <span class='ocrx_word' id='word_1_673' title='bbox 3372 4045 3577 4099; x_wconf 82' lang='grc' dir='ltr'><strong>ταῦτα⁹</strong></span> 
     </span>
    </p>
   </div>
   <div class='ocr_carea' id='block_1_85' title="bbox 2119 4226 3685 4300">
    <p class='ocr_par' dir='ltr' id='par_1_85' title="bbox 2119 4226 3685 4300">
     <span class='ocr_line' id='line_1_85' title="bbox 2119 4226 3685 4300; baseline 0.001 -20"><span class='ocrx_word' id='word_1_674' title='bbox 2119 4226 2228 4298; x_wconf 82' lang='grc' dir='ltr'>(ι9)</span> <span class='ocrx_word' id='word_1_675' title='bbox 2269 4230 2594 4300; x_wconf 70' lang='grc' dir='ltr'><strong>ΜᾼΚΑΡῙῼ</strong></span> <span class='ocrx_word' id='word_1_676' title='bbox 2657 4232 2859 4300; x_wconf 66' lang='lat' dir='ltr'><strong>Imm</strong></span> <span class='ocrx_word' id='word_1_677' title='bbox 2896 4233 3023 4285; x_wconf 81' lang='grc' dir='ltr'><strong>ΚΑΙ</strong></span> <span class='ocrx_word' id='word_1_678' title='bbox 3066 4230 3443 4299; x_wconf 66' lang='lat' dir='ltr'><strong>smmum)</strong></span> <span class='ocrx_word' id='word_1_679' title='bbox 3478 4229 3685 4282; x_wconf 76' lang='lat' dir='ltr'><strong>HMON</strong></span> 
     </span>
    </p>
   </div>
   <div class='ocr_carea' id='block_1_86' title="bbox 2180 4299 3688 4368">
    <p class='ocr_par' dir='ltr' id='par_1_86' title="bbox 2180 4299 3688 4368">
     <span class='ocr_line' id='line_1_86' title="bbox 2180 4299 3688 4368; baseline 0.001 -18"><span class='ocrx_word' id='word_1_680' title='bbox 2180 4299 2606 4368; x_wconf 82' lang='grc' dir='ltr'><strong>ΑΛΕΞΑΝΔΡῼ</strong></span> <span class='ocrx_word' id='word_1_681' title='bbox 2673 4303 2751 4354; x_wconf 89' lang='grc' dir='ltr'><strong><em>ΟῙ</em></strong></span> <span class='ocrx_word' id='word_1_682' title='bbox 2816 4299 3339 4353; x_wconf 59' lang='grc' dir='ltr'><strong>ΠΡΕΣΒΥΤΕΡΟΙ</strong></span> <span class='ocrx_word' id='word_1_683' title='bbox 3396 4302 3532 4353; x_wconf 83' lang='grc' dir='ltr'><strong>ΚΑΙ</strong></span> <span class='ocrx_word' id='word_1_684' title='bbox 3609 4301 3688 4352; x_wconf 82' lang='grc'><strong>01</strong></span> 
     </span>
    </p>
   </div>
   <div class='ocr_carea' id='block_1_87' title="bbox 2186 4371 3328 4440">
    <p class='ocr_par' dir='ltr' id='par_1_87' title="bbox 2186 4371 3328 4440">
     <span class='ocr_line' id='line_1_87' title="bbox 2186 4371 3328 4440; baseline 0.002 -20"><span class='ocrx_word' id='word_1_685' title='bbox 2186 4371 2532 4422; x_wconf 84' lang='grc' dir='ltr'><strong>ΔΙΑΚΟΝΟΙ</strong></span> <span class='ocrx_word' id='word_1_686' title='bbox 2585 4371 2688 4422; x_wconf 84' lang='grc' dir='ltr'><em>ΕΝ</em></span> <span class='ocrx_word' id='word_1_687' title='bbox 2736 4372 2964 4440; x_wconf 80' lang='grc' dir='ltr'><strong>ΚΥΡΙῼ</strong></span> <span class='ocrx_word' id='word_1_688' title='bbox 3002 4371 3328 4424; x_wconf 81' lang='grc' dir='ltr'><strong>ΧΑῙΡΕΙΝ.</strong></span> 
     </span>
    </p>
   </div>
   <div class='ocr_carea' id='block_1_88' title="bbox 507 4479 2006 4568">
    <p class='ocr_par' dir='ltr' id='par_1_88' title="bbox 507 4489 2006 4568">
     <span class='ocr_line' id='line_1_88' title="bbox 507 4489 2006 4568; baseline 0.009 -25"><span class='ocrx_word' id='word_1_689' title='bbox 507 4489 704 4546; x_wconf 86' lang='lat' dir='ltr'><strong>Nostra</strong></span> <span class='ocrx_word' id='word_1_690' title='bbox 735 4509 764 4546; x_wconf 90' lang='lat' dir='ltr'><strong>a</strong></span> <span class='ocrx_word' id='word_1_691' title='bbox 803 4494 1102 4564; x_wconf 87' lang='lat' dir='ltr'><strong>majoribus</strong></span> <span class='ocrx_word' id='word_1_692' title='bbox 1135 4495 1288 4562; x_wconf 80' lang='lat' dir='ltr'><strong>tides,</strong></span> <span class='ocrx_word' id='word_1_693' title='bbox 1325 4515 1489 4568; x_wconf 89' lang='lat' dir='ltr'><strong>quam</strong></span> <span class='ocrx_word' id='word_1_694' title='bbox 1537 4511 1592 4554; x_wconf 91' lang='lat' dir='ltr'><strong>et</strong></span> <span class='ocrx_word' id='word_1_695' title='bbox 1645 4516 1674 4554; x_wconf 89' lang='lat' dir='ltr'><strong>a</strong></span> <span class='ocrx_word' id='word_1_696' title='bbox 1728 4512 1777 4555; x_wconf 91' lang='lat' dir='ltr'><strong>te</strong></span> <span class='ocrx_word' id='word_1_697' title='bbox 1821 4502 2006 4558; x_wconf 88' lang='lat' dir='ltr'><strong>didici-</strong></span> 
     </span>
    </p>
   </div>
   <div class='ocr_carea' id='block_1_89' title="bbox 2113 4479 3681 4568">
    <p class='ocr_par' dir='ltr' id='par_1_89' title="bbox 2198 4479 3681 4556">
     <span class='ocr_line' id='line_1_89' title="bbox 2198 4479 3681 4556; baseline -0.001 -22"><span class='ocrx_word' id='word_1_698' title='bbox 2198 4481 2263 4534; x_wconf 83' lang='grc' dir='ltr'>Ἦ</span> <span class='ocrx_word' id='word_1_699' title='bbox 2297 4482 2477 4546; x_wconf 83' lang='grc' dir='ltr'>πίστις</span> <span class='ocrx_word' id='word_1_700' title='bbox 2504 4483 2659 4554; x_wconf 85' lang='grc' dir='ltr'>ήμῶν</span> <span class='ocrx_word' id='word_1_701' title='bbox 2685 4485 2717 4555; x_wconf 87' lang='grc' dir='ltr'><strong>ή</strong></span> <span class='ocrx_word' id='word_1_702' title='bbox 2741 4488 2805 4541; x_wconf 76' lang='grc' dir='ltr'>ἐκ</span> <span class='ocrx_word' id='word_1_703' title='bbox 2838 4485 3114 4556; x_wconf 84' lang='grc' dir='ltr'>προγόνων</span> <span class='ocrx_word' id='word_1_704' title='bbox 3139 4523 3152 4547; x_wconf 91' lang='grc'><strong>,</strong></span> <span class='ocrx_word' id='word_1_705' title='bbox 3204 4484 3270 4554; x_wconf 78' lang='grc' dir='ltr'>ἣν</span> <span class='ocrx_word' id='word_1_706' title='bbox 3297 4483 3391 4536; x_wconf 80' lang='grc' dir='ltr'><strong>καὶ</strong></span> <span class='ocrx_word' id='word_1_707' title='bbox 3437 4480 3548 4534; x_wconf 78' lang='grc' dir='ltr'><strong>ἀπὸ</strong></span> <span class='ocrx_word' id='word_1_708' title='bbox 3590 4479 3681 4534; x_wconf 74' lang='grc' dir='ltr'><strong>σοῦ</strong></span> 
     </span>
    </p>
   </div>
   <div class='ocr_carea' id='block_1_90' title="bbox 441 4583 2011 4662">
    <p class='ocr_par' dir='ltr' id='par_1_90' title="bbox 441 4583 2011 4662">
     <span class='ocr_line' id='line_1_90' title="bbox 441 4583 2011 4662; baseline 0.007 -26"><span class='ocrx_word' id='word_1_709' title='bbox 441 4598 587 4646; x_wconf 87' lang='lat' dir='ltr'><strong>mus,</strong></span> <span class='ocrx_word' id='word_1_710' title='bbox 636 4583 788 4640; x_wconf 87' lang='lat' dir='ltr'><strong>beate</strong></span> <span class='ocrx_word' id='word_1_711' title='bbox 843 4601 1003 4656; x_wconf 88' lang='lat' dir='ltr'><strong>papa,</strong></span> <span class='ocrx_word' id='word_1_712' title='bbox 1065 4588 1182 4643; x_wconf 84' lang='lat' dir='ltr'><strong>haec</strong></span> <span class='ocrx_word' id='word_1_713' title='bbox 1239 4599 1341 4644; x_wconf 89' lang='lat' dir='ltr'><strong>est.</strong></span> <span class='ocrx_word' id='word_1_714' title='bbox 1417 4591 1782 4662; x_wconf 85' lang='lat' dir='ltr'><strong>Agnoscimus</strong></span> <span class='ocrx_word' id='word_1_715' title='bbox 1842 4609 2011 4648; x_wconf 89' lang='lat' dir='ltr'><strong>unum</strong></span> 
     </span>
    </p>
   </div>
   <div class='ocr_carea' id='block_1_91' title="bbox 442 4673 2014 4747">
    <p class='ocr_par' dir='ltr' id='par_1_91' title="bbox 442 4673 2014 4747">
     <span class='ocr_line' id='line_1_91' title="bbox 442 4673 2014 4747; baseline 0.006 -19"><span class='ocrx_word' id='word_1_716' title='bbox 442 4673 636 4736; x_wconf 84' lang='lat' dir='ltr'><strong>Deum,</strong></span> <span class='ocrx_word' id='word_1_717' title='bbox 665 4675 842 4729; x_wconf 91' lang='lat' dir='ltr'><strong>solum</strong></span> <span class='ocrx_word' id='word_1_718' title='bbox 896 4677 1218 4747; x_wconf 85' lang='lat' dir='ltr'><strong>ingenitum,</strong></span> <span class='ocrx_word' id='word_1_719' title='bbox 1273 4681 1451 4735; x_wconf 92' lang='lat' dir='ltr'><strong>solum</strong></span> <span class='ocrx_word' id='word_1_720' title='bbox 1508 4690 1795 4747; x_wconf 72' lang='lat' dir='ltr'><strong>aeternum,</strong></span> <span class='ocrx_word' id='word_1_721' title='bbox 1839 4685 2014 4738; x_wconf 92' lang='lat' dir='ltr'><strong>solum</strong></span> 
     </span>
    </p>
   </div>
   <div class='ocr_carea' id='block_1_92' title="bbox 440 4764 2015 4839">
    <p class='ocr_par' dir='ltr' id='par_1_92' title="bbox 440 4764 2015 4839">
     <span class='ocr_line' id='line_1_92' title="bbox 440 4764 2015 4839; baseline 0.006 -20"><span class='ocrx_word' id='word_1_722' title='bbox 440 4764 705 4836; x_wconf 73' lang='lat' dir='ltr'><strong>principio</strong></span> <span class='ocrx_word' id='word_1_723' title='bbox 727 4779 1020 4832; x_wconf 87' lang='lat' dir='ltr'><strong>carentem,</strong></span> <span class='ocrx_word' id='word_1_724' title='bbox 1069 4772 1243 4824; x_wconf 92' lang='lat' dir='ltr'><strong>solum</strong></span> <span class='ocrx_word' id='word_1_725' title='bbox 1297 4788 1506 4839; x_wconf 81' lang='lat' dir='ltr'><strong>verum,</strong></span> <span class='ocrx_word' id='word_1_726' title='bbox 1558 4775 1733 4828; x_wconf 90' lang='lat' dir='ltr'><strong>solum</strong></span> <span class='ocrx_word' id='word_1_727' title='bbox 1789 4775 2015 4829; x_wconf 86' lang='lat' dir='ltr'><strong>immor-</strong></span> 
     </span>
    </p>
   </div>
   <div class='ocr_carea' id='block_1_93' title="bbox 443 4862 2010 4935">
    <p class='ocr_par' dir='ltr' id='par_1_93' title="bbox 443 4862 2010 4935">
     <span class='ocr_line' id='line_1_93' title="bbox 443 4862 2010 4935; baseline 0.005 -20"><span class='ocrx_word' id='word_1_728' title='bbox 443 4862 647 4916; x_wconf 85' lang='lat' dir='ltr'><strong>talitate</strong></span> <span class='ocrx_word' id='word_1_729' title='bbox 675 4862 982 4933; x_wconf 71' lang='lat' dir='ltr'><strong>praeditum,</strong></span> <span class='ocrx_word' id='word_1_730' title='bbox 1013 4864 1190 4917; x_wconf 92' lang='lat' dir='ltr'><strong>solum</strong></span> <span class='ocrx_word' id='word_1_731' title='bbox 1233 4866 1552 4935; x_wconf 89' lang='lat' dir='ltr'><strong>sapientem,</strong></span> <span class='ocrx_word' id='word_1_732' title='bbox 1584 4869 1759 4922; x_wconf 91' lang='lat' dir='ltr'><strong>solum</strong></span> <span class='ocrx_word' id='word_1_733' title='bbox 1787 4869 2010 4932; x_wconf 91' lang='lat' dir='ltr'><strong>bonum,</strong></span> 
     </span>
    </p>
   </div>
   <div class='ocr_carea' id='block_1_94' title="bbox 515 5063 1108 5204">
    <p class='ocr_par' dir='ltr' id='par_1_94' title="bbox 515 5063 1108 5204">
     <span class='ocr_line' id='line_1_94' title="bbox 515 5063 1108 5204; baseline 0.005 -87"><span class='ocrx_word' id='word_1_734' title='bbox 515 5063 628 5204; x_wconf 54' lang='grc' dir='ltr'><strong>με)</strong></span> <span class='ocrx_word' id='word_1_735' title='bbox 671 5063 891 5133; x_wconf 77' lang='lat' dir='ltr'><strong>Regius.</strong></span> <span class='ocrx_word' id='word_1_736' title='bbox 920 5063 1108 5120; x_wconf 85' lang='grc' dir='ltr'>αὑτοῦ.</span> 
     </span>
     <span class='ocr_line' id='line_1_95' title="bbox 545 5132 1105 5203; baseline 0.005 -17"><span class='ocrx_word' id='word_1_737' title='bbox 545 5135 630 5203; x_wconf 83' lang='lat' dir='ltr'><strong>l7)</strong></span> <span class='ocrx_word' id='word_1_738' title='bbox 673 5132 766 5188; x_wconf 90' lang='lat' dir='ltr'><strong>Sic</strong></span> <span class='ocrx_word' id='word_1_739' title='bbox 803 5136 964 5190; x_wconf 86' lang='lat' dir='ltr'><strong>habet</strong></span> <span class='ocrx_word' id='word_1_740' title='bbox 997 5137 1105 5189; x_wconf 86' lang='lat' dir='ltr'><strong>inte</strong></span> 
     </span>
    </p>
   </div>
   <div class='ocr_carea' id='block_1_95' title="bbox 545 5132 2011 5206">
    <p class='ocr_par' dir='ltr' id='par_1_95' title="bbox 545 5132 2011 5206">
     <span class='ocr_line' id='line_1_96' title="bbox 545 5132 2011 5206; baseline 0.005 -20"><span class='ocrx_word' id='word_1_741' title='bbox 545 5135 630 5203; x_wconf 85' lang='lat' dir='ltr'><strong>l7)</strong></span> <span class='ocrx_word' id='word_1_742' title='bbox 673 5132 773 5206; x_wconf 79' lang='lat' dir='ltr'><strong>Sic</strong></span> <span class='ocrx_word' id='word_1_743' title='bbox 803 5136 964 5190; x_wconf 86' lang='lat' dir='ltr'><strong>habet</strong></span> <span class='ocrx_word' id='word_1_744' title='bbox 997 5137 1358 5206; x_wconf 86' lang='lat' dir='ltr'><strong>intcrpunetio</strong></span> <span class='ocrx_word' id='word_1_745' title='bbox 1389 5137 1444 5189; x_wconf 90' lang='lat' dir='ltr'><strong>in</strong></span> <span class='ocrx_word' id='word_1_746' title='bbox 1485 5136 1772 5193; x_wconf 86' lang='lat' dir='ltr'><strong>Basiliensi</strong></span> <span class='ocrx_word' id='word_1_747' title='bbox 1803 5139 2011 5204; x_wconf 86' lang='lat' dir='ltr'><strong>codice,</strong></span> 
     </span>
    </p>
   </div>
   <div class='ocr_carea' id='block_1_96' title="bbox 446 5205 2016 5273">
    <p class='ocr_par' dir='ltr' id='par_1_96' title="bbox 446 5205 2016 5273">
     <span class='ocr_line' id='line_1_97' title="bbox 446 5205 2016 5273; baseline 0.001 -14"><span class='ocrx_word' id='word_1_748' title='bbox 446 5205 519 5259; x_wconf 90' lang='lat' dir='ltr'><strong>ita</strong></span> <span class='ocrx_word' id='word_1_749' title='bbox 557 5213 615 5258; x_wconf 91' lang='lat' dir='ltr'><strong>ut</strong></span> <span class='ocrx_word' id='word_1_750' title='bbox 647 5205 766 5273; x_wconf 78' lang='grc' dir='ltr'>οὐχί</span> <span class='ocrx_word' id='word_1_751' title='bbox 797 5206 862 5258; x_wconf 87' lang='lat' dir='ltr'><strong>ad</strong></span> <span class='ocrx_word' id='word_1_752' title='bbox 896 5205 1176 5273; x_wconf 87' lang='lat' dir='ltr'><strong>superiora</strong></span> <span class='ocrx_word' id='word_1_753' title='bbox 1209 5208 1493 5271; x_wconf 81' lang='lat' dir='ltr'><strong>referatur,</strong></span> <span class='ocrx_word' id='word_1_754' title='bbox 1540 5219 1592 5262; x_wconf 91' lang='lat' dir='ltr'><strong>et</strong></span> <span class='ocrx_word' id='word_1_755' title='bbox 1631 5210 1744 5263; x_wconf 67' lang='lat' dir='ltr'><strong>haec</strong></span> <span class='ocrx_word' id='word_1_756' title='bbox 1778 5210 1848 5264; x_wconf 87' lang='lat' dir='ltr'><strong>sit</strong></span> <span class='ocrx_word' id='word_1_757' title='bbox 1898 5224 2016 5263; x_wconf 84' lang='lat' dir='ltr'><strong>sen-</strong></span> 
     </span>
    </p>
   </div>
   <div class='ocr_carea' id='block_1_97' title="bbox 447 5275 2012 5348">
    <p class='ocr_par' dir='ltr' id='par_1_97' title="bbox 447 5275 2012 5348">
     <span class='ocr_line' id='line_1_98' title="bbox 447 5275 2012 5348; baseline 0.003 -20"><span class='ocrx_word' id='word_1_758' title='bbox 447 5276 638 5348; x_wconf 80' lang='lat' dir='ltr'><strong>tentia,</strong></span> <span class='ocrx_word' id='word_1_759' title='bbox 671 5275 958 5344; x_wconf 65' lang='lat' dir='ltr'><strong>Equalem</strong></span> <span class='ocrx_word' id='word_1_760' title='bbox 991 5275 1128 5330; x_wconf 90' lang='lat' dir='ltr'><strong>Filio</strong></span> <span class='ocrx_word' id='word_1_761' title='bbox 1152 5285 1327 5348; x_wconf 88' lang='lat' dir='ltr'><strong>potest</strong></span> <span class='ocrx_word' id='word_1_762' title='bbox 1356 5277 1573 5348; x_wconf 75' lang='lat' dir='ltr'><strong>gignere</strong></span> <span class='ocrx_word' id='word_1_763' title='bbox 1598 5277 1766 5334; x_wconf 88' lang='lat' dir='ltr'><strong>Deus.</strong></span> <span class='ocrx_word' id='word_1_764' title='bbox 1795 5290 1850 5332; x_wconf 88' lang='lat' dir='ltr'><strong>at</strong></span> <span class='ocrx_word' id='word_1_765' title='bbox 1873 5295 2012 5341; x_wconf 67' lang='lat' dir='ltr'><strong>prae-</strong></span> 
     </span>
    </p>
   </div>
   <div class='ocr_carea' id='block_1_98' title="bbox 448 5347 2013 5420">
    <p class='ocr_par' dir='ltr' id='par_1_98' title="bbox 448 5347 2013 5420">
     <span class='ocr_line' id='line_1_99' title="bbox 448 5347 2013 5420; baseline 0.002 -21"><span class='ocrx_word' id='word_1_766' title='bbox 448 5347 796 5420; x_wconf 78' lang='lat' dir='ltr'><strong>stantiorem,</strong></span> <span class='ocrx_word' id='word_1_767' title='bbox 828 5362 1191 5420; x_wconf 85' lang='lat' dir='ltr'><strong>nequaquam.</strong></span> <span class='ocrx_word' id='word_1_768' title='bbox 1226 5347 1279 5420; x_wconf 86' lang='lat' dir='ltr'><strong>In</strong></span> <span class='ocrx_word' id='word_1_769' title='bbox 1315 5347 1481 5420; x_wconf 68' lang='lat' dir='ltr'><strong>editis</strong></span> <span class='ocrx_word' id='word_1_770' title='bbox 1504 5363 1634 5420; x_wconf 79' lang='lat' dir='ltr'><strong>vero</strong></span> <span class='ocrx_word' id='word_1_771' title='bbox 1658 5349 1776 5420; x_wconf 82' lang='grc' dir='ltr'>οὐχί</span> <span class='ocrx_word' id='word_1_772' title='bbox 1820 5352 2013 5420; x_wconf 85' lang='lat' dir='ltr'><strong>subse-</strong></span> 
     </span>
    </p>
   </div>
   <div class='ocr_carea' id='block_1_99' title="bbox 448 5416 2015 5532">
    <p class='ocr_par' dir='ltr' id='par_1_99' title="bbox 448 5416 2015 5532">
     <span class='ocr_line' id='line_1_100' title="bbox 448 5416 2015 5532; baseline 0.004 -68"><span class='ocrx_word' id='word_1_773' title='bbox 448 5417 742 5532; x_wconf 50' lang='lat' dir='ltr'><strong>qnetntibus</strong></span> <span class='ocrx_word' id='word_1_774' title='bbox 781 5417 1110 5486; x_wconf 68' lang='lat' dir='ltr'><strong>iungebatur</strong></span> <span class='ocrx_word' id='word_1_775' title='bbox 1152 5419 1311 5473; x_wconf 89' lang='lat' dir='ltr'><strong>male.</strong></span> <span class='ocrx_word' id='word_1_776' title='bbox 1352 5417 1521 5474; x_wconf 84' lang='lat' dir='ltr'><strong>Paulo</strong></span> <span class='ocrx_word' id='word_1_777' title='bbox 1551 5416 1692 5474; x_wconf 80' lang='lat' dir='ltr'><strong>infra</strong></span> <span class='ocrx_word' id='word_1_778' title='bbox 1723 5416 1926 5490; x_wconf 79' lang='lat' dir='ltr'><strong>Regius</strong></span> <span class='ocrx_word' id='word_1_779' title='bbox 1954 5419 2015 5472; x_wconf 85' lang='grc' dir='ltr'><strong>τὸ</strong></span> 
     </span>
     <span class='ocr_line' id='line_1_101' title="bbox 449 5500 750 5532; baseline 0 0"><span class='ocrx_word' id='word_1_780' title='bbox 449 5500 546 5532; x_wconf 83' lang='grc' dir='ltr'><strong>κοε</strong></span> <span class='ocrx_word' id='word_1_781' title='bbox 574 5501 750 5532; x_wconf 81' lang='grc' dir='ltr'>ττονα.</span> 
     </span>
    </p>
   </div>
   <div class='ocr_carea' id='block_1_100' title="bbox 449 5500 750 5553">
    <p class='ocr_par' dir='ltr' id='par_1_100' title="bbox 449 5500 750 5553">
     <span class='ocr_line' id='line_1_102' title="bbox 449 5500 750 5553; baseline 0.007 -18"><span class='ocrx_word' id='word_1_782' title='bbox 449 5500 750 5553; x_wconf 87' lang='grc' dir='ltr'>κρειττονα.</span> 
     </span>
    </p>
   </div>
   <div class='ocr_carea' id='block_1_101' title="bbox 453 5554 2010 5638">
    <p class='ocr_par' dir='ltr' id='par_1_101' title="bbox 453 5554 2010 5638">
     <span class='ocr_line' id='line_1_103' title="bbox 453 5554 2010 5638; baseline 0.006 -33"><span class='ocrx_word' id='word_1_783' title='bbox 453 5621 475 5638; x_wconf 68' lang='lat'><strong>__</strong></span> <span class='ocrx_word' id='word_1_784' title='bbox 522 5554 633 5638; x_wconf 71' lang='grc' dir='ltr'><strong>(ρὸ)</strong></span> <span class='ocrx_word' id='word_1_785' title='bbox 677 5555 750 5609; x_wconf 86' lang='lat' dir='ltr'><strong>Ita</strong></span> <span class='ocrx_word' id='word_1_786' title='bbox 780 5555 983 5638; x_wconf 69' lang='lat' dir='ltr'><strong>Regius</strong></span> <span class='ocrx_word' id='word_1_787' title='bbox 1088 5558 1386 5638; x_wconf 62' lang='lat' dir='ltr'><strong>eiliti§_ydtp</strong></span> <span class='ocrx_word' id='word_1_788' title='bbox 1425 5559 1596 5614; x_wconf 88' lang='lat' dir='ltr'><strong>deest.</strong></span> <span class='ocrx_word' id='word_1_789' title='bbox 1632 5557 1754 5612; x_wconf 85' lang='lat' dir='ltr'><strong>Mox</strong></span> <span class='ocrx_word' id='word_1_790' title='bbox 1788 5557 2010 5630; x_wconf 83' lang='lat' dir='ltr'><strong>Regius,</strong></span> 
     </span>
    </p>
   </div>
   <div class='ocr_carea' id='block_1_102' title="bbox 449 5623 1414 5691">
    <p class='ocr_par' dir='ltr' id='par_1_102' title="bbox 449 5623 1414 5691">
     <span class='ocr_line' id='line_1_104' title="bbox 449 5623 1414 5691; baseline 0.009 -17"><span class='ocrx_word' id='word_1_791' title='bbox 449 5623 507 5684; x_wconf 87' lang='grc' dir='ltr'>ὃς</span> <span class='ocrx_word' id='word_1_792' title='bbox 540 5625 707 5684; x_wconf 79' lang='grc' dir='ltr'>ἐστιν,</span> <span class='ocrx_word' id='word_1_793' title='bbox 744 5638 795 5679; x_wconf 79' lang='grc' dir='ltr'><strong>ιιι</strong></span> <span class='ocrx_word' id='word_1_794' title='bbox 826 5623 964 5680; x_wconf 68' lang='lat' dir='ltr'><strong>inl&#39;ra</strong></span> <span class='ocrx_word' id='word_1_795' title='bbox 1006 5629 1168 5690; x_wconf 89' lang='lat' dir='ltr'><strong>idem,</strong></span> <span class='ocrx_word' id='word_1_796' title='bbox 1198 5623 1308 5691; x_wconf 73' lang='grc' dir='ltr'>οἷός</span> <span class='ocrx_word' id='word_1_797' title='bbox 1331 5623 1414 5683; x_wconf 78' lang='grc' dir='ltr'><strong>τε.</strong></span> 
     </span>
    </p>
   </div>
   <div class='ocr_carea' id='block_1_103' title="bbox 523 5693 2009 5769">
    <p class='ocr_par' dir='ltr' id='par_1_103' title="bbox 523 5693 2009 5769">
     <span class='ocr_line' id='line_1_105' title="bbox 523 5693 2009 5769; baseline 0.005 -25"><span class='ocrx_word' id='word_1_798' title='bbox 523 5693 638 5769; x_wconf 31' lang='grc' dir='ltr'>(ιο),</span> <span class='ocrx_word' id='word_1_799' title='bbox 674 5693 910 5748; x_wconf 85' lang='lat' dir='ltr'><strong>llabetur</strong></span> <span class='ocrx_word' id='word_1_800' title='bbox 941 5699 1058 5769; x_wconf 70' lang='lat' dir='ltr'><strong>luce</strong></span> <span class='ocrx_word' id='word_1_801' title='bbox 1080 5701 1198 5751; x_wconf 84' lang='lat' dir='ltr'><strong>tidei</strong></span> <span class='ocrx_word' id='word_1_802' title='bbox 1230 5699 1461 5769; x_wconf 69' lang='lat' dir='ltr'><strong>formula</strong></span> <span class='ocrx_word' id='word_1_803' title='bbox 1491 5698 1628 5769; x_wconf 82' lang='lat' dir='ltr'><strong>apud</strong></span> <span class='ocrx_word' id='word_1_804' title='bbox 1652 5699 2009 5769; x_wconf 77' lang='lat' dir='ltr'><strong>Epiphaniam</strong></span> 
     </span>
    </p>
   </div>
   <div class='ocr_carea' id='block_1_104' title="bbox 452 5759 2013 5838">
    <p class='ocr_par' dir='ltr' id='par_1_104' title="bbox 452 5759 2013 5838">
     <span class='ocr_line' id='line_1_106' title="bbox 452 5759 2013 5838; baseline 0.003 -19"><span class='ocrx_word' id='word_1_805' title='bbox 452 5759 642 5819; x_wconf 56' lang='lat' dir='ltr'><strong>hareSi</strong></span> <span class='ocrx_word' id='word_1_806' title='bbox 670 5780 814 5822; x_wconf 78' lang='lat' dir='ltr'><strong>inx.</strong></span> <span class='ocrx_word' id='word_1_807' title='bbox 844 5781 993 5820; x_wconf 91' lang='lat' dir='ltr'><strong>num.</strong></span> <span class='ocrx_word' id='word_1_808' title='bbox 1029 5765 1093 5830; x_wconf 89' lang='lat'><strong>7;</strong></span> <span class='ocrx_word' id='word_1_809' title='bbox 1127 5770 1264 5838; x_wconf 89' lang='lat' dir='ltr'><strong>apud</strong></span> <span class='ocrx_word' id='word_1_810' title='bbox 1305 5759 1566 5824; x_wconf 80' lang='lat' dir='ltr'><strong>Hilarium</strong></span> <span class='ocrx_word' id='word_1_811' title='bbox 1603 5759 1712 5836; x_wconf 64' lang='lat' dir='ltr'><strong>bis,</strong></span> <span class='ocrx_word' id='word_1_812' title='bbox 1744 5759 1880 5824; x_wconf 77' lang='lat' dir='ltr'><strong>libro</strong></span> <span class='ocrx_word' id='word_1_813' title='bbox 1908 5771 2013 5824; x_wconf 86' lang='lat' dir='ltr'><strong>sci-</strong></span> 
     </span>
    </p>
   </div>
   <div class='ocr_carea' id='block_1_105' title="bbox 2122 4571 3683 4646">
    <p class='ocr_par' dir='ltr' id='par_1_105' title="bbox 2122 4571 3683 4646">
     <span class='ocr_line' id='line_1_107' title="bbox 2122 4571 3683 4646; baseline -0.001 -22"><span class='ocrx_word' id='word_1_814' title='bbox 2122 4573 2540 4643; x_wconf 81' lang='grc' dir='ltr'>μεμαθήκαμεν,</span> <span class='ocrx_word' id='word_1_815' title='bbox 2585 4577 2820 4646; x_wconf 83' lang='grc' dir='ltr'>μακάριε</span> <span class='ocrx_word' id='word_1_816' title='bbox 2861 4576 3034 4636; x_wconf 84' lang='grc' dir='ltr'>πάπα,</span> <span class='ocrx_word' id='word_1_817' title='bbox 3068 4575 3212 4627; x_wconf 78' lang='grc' dir='ltr'>ἔστιν</span> <span class='ocrx_word' id='word_1_818' title='bbox 3255 4573 3415 4643; x_wconf 86' lang='grc' dir='ltr'>αῦτη.</span> <span class='ocrx_word' id='word_1_819' title='bbox 3450 4571 3683 4640; x_wconf 77' lang='grc' dir='ltr'>Οἴδαμεν</span> 
     </span>
    </p>
   </div>
   <div class='ocr_carea' id='block_1_106' title="bbox 2116 4663 3682 4736">
    <p class='ocr_par' dir='ltr' id='par_1_106' title="bbox 2116 4663 3682 4736">
     <span class='ocr_line' id='line_1_108' title="bbox 2116 4663 3682 4736; baseline 0 -20"><span class='ocrx_word' id='word_1_820' title='bbox 2116 4664 2211 4717; x_wconf 71' lang='grc' dir='ltr'>ἕνα</span> <span class='ocrx_word' id='word_1_821' title='bbox 2240 4664 2392 4724; x_wconf 84' lang='grc' dir='ltr'>Θεὸν,</span> <span class='ocrx_word' id='word_1_822' title='bbox 2417 4666 2576 4736; x_wconf 85' lang='grc' dir='ltr'>μόνον</span> <span class='ocrx_word' id='word_1_823' title='bbox 2604 4667 2918 4735; x_wconf 85' lang='grc' dir='ltr'>ἀγέννητον,</span> <span class='ocrx_word' id='word_1_824' title='bbox 2950 4667 3107 4736; x_wconf 79' lang='grc' dir='ltr'>μόνον</span> <span class='ocrx_word' id='word_1_825' title='bbox 3129 4665 3314 4727; x_wconf 76' lang='grc' dir='ltr'>ἀΐδιον,</span> <span class='ocrx_word' id='word_1_826' title='bbox 3336 4666 3492 4735; x_wconf 84' lang='grc' dir='ltr'>μόνον</span> <span class='ocrx_word' id='word_1_827' title='bbox 3519 4663 3682 4731; x_wconf 77' lang='grc' dir='ltr'>ἄναρ-</span> 
     </span>
    </p>
   </div>
   <div class='ocr_carea' id='block_1_107' title="bbox 2116 4754 3682 4828">
    <p class='ocr_par' dir='ltr' id='par_1_107' title="bbox 2116 4754 3682 4828">
     <span class='ocr_line' id='line_1_109' title="bbox 2116 4754 3682 4828; baseline -0.003 -20"><span class='ocrx_word' id='word_1_828' title='bbox 2116 4773 2230 4826; x_wconf 86' lang='grc' dir='ltr'>χον,</span> <span class='ocrx_word' id='word_1_829' title='bbox 2267 4756 2426 4825; x_wconf 86' lang='grc' dir='ltr'>μόνον</span> <span class='ocrx_word' id='word_1_830' title='bbox 2455 4757 2727 4828; x_wconf 78' lang='grc' dir='ltr'>ἀληθινὸν,</span> <span class='ocrx_word' id='word_1_831' title='bbox 2761 4758 2921 4828; x_wconf 88' lang='grc' dir='ltr'>μόνον</span> <span class='ocrx_word' id='word_1_832' title='bbox 2943 4757 3235 4811; x_wconf 85' lang='grc' dir='ltr'>ἀθανασίαν</span> <span class='ocrx_word' id='word_1_833' title='bbox 3264 4755 3473 4826; x_wconf 77' lang='grc' dir='ltr'>ἔχοντα,</span> <span class='ocrx_word' id='word_1_834' title='bbox 3526 4754 3682 4824; x_wconf 86' lang='grc' dir='ltr'>μόνον</span> 
     </span>
    </p>
   </div>
   <div class='ocr_carea' id='block_1_108' title="bbox 2117 4847 3684 4919">
    <p class='ocr_par' dir='ltr' id='par_1_108' title="bbox 2117 4847 3684 4919">
     <span class='ocr_line' id='line_1_110' title="bbox 2117 4847 3684 4919; baseline -0.002 -20"><span class='ocrx_word' id='word_1_835' title='bbox 2117 4847 2298 4915; x_wconf 82' lang='grc' dir='ltr'>σοφὸν,</span> <span class='ocrx_word' id='word_1_836' title='bbox 2339 4847 2495 4918; x_wconf 86' lang='grc' dir='ltr'>μόνον</span> <span class='ocrx_word' id='word_1_837' title='bbox 2523 4848 2746 4916; x_wconf 83' lang='grc' dir='ltr'>ἀγαθὸν,</span> <span class='ocrx_word' id='word_1_838' title='bbox 2787 4850 2944 4918; x_wconf 89' lang='grc' dir='ltr'>μόνον</span> <span class='ocrx_word' id='word_1_839' title='bbox 2975 4849 3275 4919; x_wconf 86' lang='grc' dir='ltr'>δυνάστην,</span> <span class='ocrx_word' id='word_1_840' title='bbox 3310 4848 3527 4900; x_wconf 84' lang='grc' dir='ltr'>πάντων</span> <span class='ocrx_word' id='word_1_841' title='bbox 3565 4862 3684 4916; x_wconf 84' lang='grc' dir='ltr'>κρι-</span> 
     </span>
    </p>
   </div>
   <div class='ocr_carea' id='block_1_109' title="bbox 2115 5063 3682 5140">
    <p class='ocr_par' dir='ltr' id='par_1_109' title="bbox 2115 5063 3682 5140">
     <span class='ocr_line' id='line_1_111' title="bbox 2115 5063 3682 5140; baseline -0.004 -15"><span class='ocrx_word' id='word_1_842' title='bbox 2115 5072 2239 5125; x_wconf 89' lang='lat' dir='ltr'><strong>licet</strong></span> <span class='ocrx_word' id='word_1_843' title='bbox 2266 5080 2460 5140; x_wconf 84' lang='lat' dir='ltr'><strong>quarto</strong></span> <span class='ocrx_word' id='word_1_844' title='bbox 2485 5071 2552 5125; x_wconf 89' lang='lat' dir='ltr'><strong>de</strong></span> <span class='ocrx_word' id='word_1_845' title='bbox 2589 5070 2872 5134; x_wconf 86' lang='lat' dir='ltr'><strong>Trinitate,</strong></span> <span class='ocrx_word' id='word_1_846' title='bbox 2899 5069 3002 5123; x_wconf 92' lang='lat' dir='ltr'><strong>col.</strong></span> <span class='ocrx_word' id='word_1_847' title='bbox 3027 5068 3132 5140; x_wconf 70' lang='grc'><strong>855</strong></span> <span class='ocrx_word' id='word_1_848' title='bbox 3152 5086 3167 5134; x_wconf 90' lang='grc'><strong>;</strong></span> <span class='ocrx_word' id='word_1_849' title='bbox 3191 5068 3330 5122; x_wconf 93' lang='lat' dir='ltr'><strong>libro</strong></span> <span class='ocrx_word' id='word_1_850' title='bbox 3362 5067 3502 5140; x_wconf 62' lang='lat' dir='ltr'><strong>item</strong></span> <span class='ocrx_word' id='word_1_851' title='bbox 3525 5080 3575 5121; x_wconf 77' lang='lat' dir='ltr'><strong>vt</strong></span> <span class='ocrx_word' id='word_1_852' title='bbox 3607 5063 3682 5118; x_wconf 78' lang='lat' dir='ltr'><strong>De</strong></span> 
     </span>
    </p>
   </div>
   <div class='ocr_carea' id='block_1_110' title="bbox 2119 5135 3676 5209">
    <p class='ocr_par' dir='ltr' id='par_1_110' title="bbox 2119 5135 3676 5209">
     <span class='ocr_line' id='line_1_112' title="bbox 2119 5135 3676 5209; baseline -0.004 -16"><span class='ocrx_word' id='word_1_853' title='bbox 2119 5135 2336 5202; x_wconf 49' lang='lat' dir='ltr'><strong>Trinit&#39;”</strong></span> <span class='ocrx_word' id='word_1_854' title='bbox 2371 5141 2474 5195; x_wconf 91' lang='lat' dir='ltr'><strong>col.</strong></span> <span class='ocrx_word' id='word_1_855' title='bbox 2521 5141 2644 5196; x_wconf 80' lang='lat' dir='ltr'><strong>88L</strong></span> <span class='ocrx_word' id='word_1_856' title='bbox 2695 5141 2850 5209; x_wconf 83' lang='lat' dir='ltr'><strong>Apud</strong></span> <span class='ocrx_word' id='word_1_857' title='bbox 2884 5138 3251 5209; x_wconf 81' lang='lat' dir='ltr'><strong>Ambrosium,</strong></span> <span class='ocrx_word' id='word_1_858' title='bbox 3287 5147 3422 5209; x_wconf 84' lang='lat' dir='ltr'><strong>tom.</strong></span> <span class='ocrx_word' id='word_1_859' title='bbox 3458 5135 3525 5196; x_wconf 91' lang='grc' dir='ltr'><strong>ΙΙ,</strong></span> <span class='ocrx_word' id='word_1_860' title='bbox 3556 5149 3676 5205; x_wconf 82' lang='lat' dir='ltr'><strong>pag.</strong></span> 
     </span>
    </p>
   </div>
   <div class='ocr_carea' id='block_1_111' title="bbox 2117 5207 3683 5281">
    <p class='ocr_par' dir='ltr' id='par_1_111' title="bbox 2117 5207 3683 5281">
     <span class='ocr_line' id='line_1_113' title="bbox 2117 5207 3683 5281; baseline -0.004 -18"><span class='ocrx_word' id='word_1_861' title='bbox 2117 5211 2240 5275; x_wconf 88' lang='lat'><strong>786,</strong></span> <span class='ocrx_word' id='word_1_862' title='bbox 2271 5212 2323 5264; x_wconf 94' lang='lat' dir='ltr'><strong>in</strong></span> <span class='ocrx_word' id='word_1_863' title='bbox 2348 5210 2527 5266; x_wconf 81' lang='lat' dir='ltr'><strong>Gestis</strong></span> <span class='ocrx_word' id='word_1_864' title='bbox 2573 5207 2760 5281; x_wconf 83' lang='lat' dir='ltr'><strong>synodi</strong></span> <span class='ocrx_word' id='word_1_865' title='bbox 2794 5209 3189 5281; x_wconf 19' lang='lat' dir='ltr'><strong>Aquileiensis,»</strong></span> <span class='ocrx_word' id='word_1_866' title='bbox 3233 5207 3396 5281; x_wconf 82' lang='lat' dir='ltr'><strong>hujus</strong></span> <span class='ocrx_word' id='word_1_867' title='bbox 3438 5209 3683 5281; x_wconf 71' lang='lat' dir='ltr'><strong>cpistola:</strong></span> 
     </span>
    </p>
   </div>
   <div class='ocr_carea' id='block_1_112' title="bbox 2117 5275 3681 5349">
    <p class='ocr_par' dir='ltr' id='par_1_112' title="bbox 2117 5275 3681 5349">
     <span class='ocr_line' id='line_1_114' title="bbox 2117 5275 3681 5349; baseline -0.006 -13"><span class='ocrx_word' id='word_1_868' title='bbox 2117 5297 2210 5336; x_wconf 83' lang='lat' dir='ltr'><strong>seu</strong></span> <span class='ocrx_word' id='word_1_869' title='bbox 2238 5281 2358 5335; x_wconf 83' lang='lat' dir='ltr'><strong>ﬁdei</strong></span> <span class='ocrx_word' id='word_1_870' title='bbox 2394 5275 2642 5334; x_wconf 68' lang='lat' dir='ltr'><strong>formula:</strong></span> <span class='ocrx_word' id='word_1_871' title='bbox 2675 5275 2874 5349; x_wconf 86' lang='lat' dir='ltr'><strong>passim</strong></span> <span class='ocrx_word' id='word_1_872' title='bbox 2920 5279 2978 5334; x_wconf 79' lang='lat' dir='ltr'><strong>tit</strong></span> <span class='ocrx_word' id='word_1_873' title='bbox 3025 5279 3250 5340; x_wconf 89' lang='lat' dir='ltr'><strong>mentio,</strong></span> <span class='ocrx_word' id='word_1_874' title='bbox 3283 5275 3681 5349; x_wconf 80' lang='lat' dir='ltr'><strong>ejusquevaria</strong></span> 
     </span>
    </p>
   </div>
   <div class='ocr_carea' id='block_1_113' title="bbox 2115 5347 3681 5420">
    <p class='ocr_par' dir='ltr' id='par_1_113' title="bbox 2115 5347 3681 5420">
     <span class='ocr_line' id='line_1_115' title="bbox 2115 5347 3681 5420; baseline -0.005 -14"><span class='ocrx_word' id='word_1_875' title='bbox 2115 5353 2492 5420; x_wconf 74' lang='lat' dir='ltr'><strong>expenduntur</strong></span> <span class='ocrx_word' id='word_1_876' title='bbox 2525 5347 2763 5414; x_wconf 42' lang='lat' dir='ltr'><strong>loea,_ab</strong></span> <span class='ocrx_word' id='word_1_877' title='bbox 2789 5349 2945 5404; x_wconf 88' lang='lat' dir='ltr'><strong>initio</strong></span> <span class='ocrx_word' id='word_1_878' title='bbox 2970 5349 3133 5420; x_wconf 82' lang='lat' dir='ltr'><strong>petita</strong></span> <span class='ocrx_word' id='word_1_879' title='bbox 3160 5367 3175 5403; x_wconf 89' lang='lat'><strong>:</strong></span> <span class='ocrx_word' id='word_1_880' title='bbox 3210 5357 3375 5418; x_wconf 86' lang='lat' dir='ltr'><strong>atque</strong></span> <span class='ocrx_word' id='word_1_881' title='bbox 3407 5358 3464 5401; x_wconf 92' lang='lat' dir='ltr'><strong>ut</strong></span> <span class='ocrx_word' id='word_1_882' title='bbox 3498 5347 3570 5400; x_wconf 88' lang='lat' dir='ltr'><strong>ibi</strong></span> <span class='ocrx_word' id='word_1_883' title='bbox 3598 5356 3681 5398; x_wconf 85' lang='lat' dir='ltr'><strong>te-</strong></span> 
     </span>
    </p>
   </div>
   <div class='ocr_carea' id='block_1_114' title="bbox 2116 5419 3685 5489">
    <p class='ocr_par' dir='ltr' id='par_1_114' title="bbox 2116 5419 3685 5489">
     <span class='ocr_line' id='line_1_116' title="bbox 2116 5419 3685 5489; baseline -0.008 -12"><span class='ocrx_word' id='word_1_884' title='bbox 2116 5419 2328 5477; x_wconf 82' lang='lat' dir='ltr'><strong>stantur</strong></span> <span class='ocrx_word' id='word_1_885' title='bbox 2363 5420 2552 5476; x_wconf 87' lang='lat' dir='ltr'><strong>Patres</strong></span> <span class='ocrx_word' id='word_1_886' title='bbox 2596 5423 2649 5474; x_wconf 92' lang='lat' dir='ltr'><strong>in</strong></span> <span class='ocrx_word' id='word_1_887' title='bbox 2701 5420 2928 5489; x_wconf 87' lang='lat' dir='ltr'><strong>epistola</strong></span> <span class='ocrx_word' id='word_1_888' title='bbox 2961 5419 3026 5473; x_wconf 88' lang='lat' dir='ltr'><strong>ad</strong></span> <span class='ocrx_word' id='word_1_889' title='bbox 3080 5419 3435 5489; x_wconf 77' lang='lat' dir='ltr'><strong>imperatores</strong></span> <span class='ocrx_word' id='word_1_890' title='bbox 3495 5429 3685 5489; x_wconf 43' lang='lat' dir='ltr'><strong>nume?</strong></span> 
     </span>
    </p>
   </div>
   <div class='ocr_carea' id='block_1_115' title="bbox 2116 5482 3678 5571">
    <p class='ocr_par' dir='ltr' id='par_1_115' title="bbox 2116 5482 3678 5571">
     <span class='ocr_line' id='line_1_117' title="bbox 2116 5482 3678 5571; baseline -0.007 -26"><span class='ocrx_word' id='word_1_891' title='bbox 2116 5507 2180 5571; x_wconf 88' lang='lat' dir='ltr'><strong>ro_</strong></span> <span class='ocrx_word' id='word_1_892' title='bbox 2215 5492 2444 5571; x_wconf 77' lang='lat' dir='ltr'><strong>decima,</strong></span> <span class='ocrx_word' id='word_1_893' title='bbox 2494 5493 2634 5545; x_wconf 89' lang='lat' dir='ltr'><strong>eain</strong></span> <span class='ocrx_word' id='word_1_894' title='bbox 2681 5482 2889 5571; x_wconf 71' lang='lat' dir='ltr'><strong>synodo</strong></span> <span class='ocrx_word' id='word_1_895' title='bbox 2941 5482 3197 5571; x_wconf 50' lang='lat' dir='ltr'><strong>recitata</strong></span> <span class='ocrx_word' id='word_1_896' title='bbox 3225 5488 3348 5549; x_wconf 88' lang='lat' dir='ltr'><strong>fuit,</strong></span> <span class='ocrx_word' id='word_1_897' title='bbox 3399 5495 3562 5571; x_wconf 66' lang='lat' dir='ltr'><strong>atque</strong></span> <span class='ocrx_word' id='word_1_898' title='bbox 3589 5482 3678 5538; x_wconf 89' lang='lat' dir='ltr'><strong>isti</strong></span> 
     </span>
    </p>
   </div>
   <div class='ocr_carea' id='block_1_116' title="bbox 2117 5558 3681 5628">
    <p class='ocr_par' dir='ltr' id='par_1_116' title="bbox 2117 5558 3681 5628">
     <span class='ocr_line' id='line_1_118' title="bbox 2117 5558 3681 5628; baseline -0.004 -15"><span class='ocrx_word' id='word_1_899' title='bbox 2117 5561 2184 5613; x_wconf 92' lang='lat' dir='ltr'><strong>ad</strong></span> <span class='ocrx_word' id='word_1_900' title='bbox 2238 5562 2590 5628; x_wconf 83' lang='lat' dir='ltr'><strong>imperatores</strong></span> <span class='ocrx_word' id='word_1_901' title='bbox 2648 5558 2889 5626; x_wconf 71' lang='lat' dir='ltr'><strong>epistolae</strong></span> <span class='ocrx_word' id='word_1_902' title='bbox 2948 5560 3257 5625; x_wconf 81' lang='lat' dir='ltr'><strong>subjuncta,</strong></span> <span class='ocrx_word' id='word_1_903' title='bbox 3308 5558 3454 5611; x_wconf 88' lang='lat' dir='ltr'><strong>unde</strong></span> <span class='ocrx_word' id='word_1_904' title='bbox 3503 5566 3681 5628; x_wconf 80' lang='lat' dir='ltr'><strong>tamen</strong></span> 
     </span>
    </p>
   </div>
   <div class='ocr_carea' id='block_1_117' title="bbox 2115 5625 3680 5702">
    <p class='ocr_par' dir='ltr' id='par_1_117' title="bbox 2115 5625 3680 5702">
     <span class='ocr_line' id='line_1_119' title="bbox 2115 5625 3680 5702; baseline -0.001 -18"><span class='ocrx_word' id='word_1_905' title='bbox 2115 5625 2334 5702; x_wconf 66' lang='lat' dir='ltr'><strong>excidit.</strong></span> <span class='ocrx_word' id='word_1_906' title='bbox 2412 5625 2787 5702; x_wconf 25' lang='lat' dir='ltr'><strong>Vocaturque”</strong></span> <span class='ocrx_word' id='word_1_907' title='bbox 2824 5631 2896 5684; x_wconf 88' lang='lat' dir='ltr'><strong>ibi</strong></span> <span class='ocrx_word' id='word_1_908' title='bbox 2951 5628 3200 5702; x_wconf 62' lang='grc' dir='ltr'><strong>ΔΙέρὶειιοιιι</strong></span> <span class='ocrx_word' id='word_1_909' title='bbox 3246 5629 3386 5702; x_wconf 58' lang='lat' dir='ltr'><strong>Arii,</strong></span> <span class='ocrx_word' id='word_1_910' title='bbox 3425 5625 3680 5702; x_wconf 54' lang='lat' dir='ltr'><strong>praecipui</strong></span> 
     </span>
    </p>
   </div>
   <div class='ocr_carea' id='block_1_118' title="bbox 2117 5696 3684 5766">
    <p class='ocr_par' dir='ltr' id='par_1_118' title="bbox 2117 5696 3684 5766">
     <span class='ocr_line' id='line_1_120' title="bbox 2117 5696 3684 5766; baseline -0.008 -12"><span class='ocrx_word' id='word_1_911' title='bbox 2117 5701 2357 5763; x_wconf 79' lang='lat' dir='ltr'><strong>scilicet,</strong></span> <span class='ocrx_word' id='word_1_912' title='bbox 2402 5710 2456 5755; x_wconf 88' lang='lat' dir='ltr'><strong>at</strong></span> <span class='ocrx_word' id='word_1_913' title='bbox 2529 5717 2635 5755; x_wconf 88' lang='lat' dir='ltr'><strong>non</strong></span> <span class='ocrx_word' id='word_1_914' title='bbox 2667 5696 2862 5754; x_wconf 65' lang='lat' dir='ltr'><strong>~solius</strong></span> <span class='ocrx_word' id='word_1_915' title='bbox 2915 5696 3030 5766; x_wconf 87' lang='lat' dir='ltr'><strong>ejus</strong></span> <span class='ocrx_word' id='word_1_916' title='bbox 3077 5699 3333 5752; x_wconf 85' lang='lat' dir='ltr'><strong>auctoris.</strong></span> <span class='ocrx_word' id='word_1_917' title='bbox 3376 5727 3445 5766; x_wconf 80' lang='lat'><strong>-—-_</strong></span> <span class='ocrx_word' id='word_1_918' title='bbox 3482 5696 3684 5763; x_wconf 76' lang='lat' dir='ltr'><strong>Regius</strong></span> 
     </span>
    </p>
   </div>
   <div class='ocr_carea' id='block_1_119' title="bbox 2116 5764 3681 5840">
    <p class='ocr_par' dir='ltr' id='par_1_119' title="bbox 2116 5764 3681 5840">
     <span class='ocr_line' id='line_1_121' title="bbox 2116 5764 3681 5840; baseline -0.001 -16"><span class='ocrx_word' id='word_1_919' title='bbox 2116 5780 2169 5824; x_wconf 90' lang='lat' dir='ltr'><strong>et</strong></span> <span class='ocrx_word' id='word_1_920' title='bbox 2242 5769 2473 5840; x_wconf 87' lang='lat' dir='ltr'><strong>Epiph.,</strong></span> <span class='ocrx_word' id='word_1_921' title='bbox 2525 5771 2619 5824; x_wconf 80' lang='grc' dir='ltr'><strong>καὶ</strong></span> <span class='ocrx_word' id='word_1_922' title='bbox 2663 5764 2963 5840; x_wconf 73' lang='grc' dir='ltr'>ὲπισκόπῳ.</span> <span class='ocrx_word' id='word_1_923' title='bbox 3025 5767 3080 5823; x_wconf 90' lang='lat' dir='ltr'><strong>ln</strong></span> <span class='ocrx_word' id='word_1_924' title='bbox 3136 5767 3294 5822; x_wconf 91' lang='lat' dir='ltr'><strong>editis</strong></span> <span class='ocrx_word' id='word_1_925' title='bbox 3355 5764 3447 5822; x_wconf 82' lang='grc' dir='ltr'><strong>καί</strong></span> <span class='ocrx_word' id='word_1_926' title='bbox 3507 5766 3681 5822; x_wconf 68' lang='lat' dir='ltr'><strong>deest.</strong></span> 
     </span>
    </p>
   </div>
  </div>
