3914 6222
268 353 368 406 τοο

1626 349 1712 404 DE
1753 349 2062 406 SYNODlS.

3394 346 3497 401 πο

268 467 361 540 τὴν
394 467 527 538 (20),
551 467 843 539 διοικητήν,
878 468 1176 539 οἰκονόμον,
1206 468 1491 540 ἄτρεπτον,
1538 469 1632 521 καὶ
1665 468 1827 521 ἀναλ-

1947 469 2106 522 tolum
2155 477 2448 536 potentem,
2474 467 2720 521 omnium
2771 465 3033 538 iudicem,
3089 465 3502 521 administrate.

268 558 506 623 λοίωτον,
565 559 768 612 δίκαιον
808 561 901 613 καὶ
931 561 1150 628 ἀγαθὸν,
1194 562 1355 629 νόμον
1411 561 1504 612 καὶ
1539 560 1830 630 προπτῶν

269 649 361 703 καὶ
389 651 597 734 Καινῆς
636 652 905 722 Διαθήκης
937 653 1120 704 τοῦτον
1141 651 1300 704 Θεόνο
1342 653 1673 719 γεννήσαντα
1708 650 1830 702 Υἱὸν

273 742 532 811 μονογενῆ
561 743 668 811 πρὸ
701 744 906 813 χρόνων
928 743 1178 806 αἰωνίων,
1205 742 1269 794 δι’
1295 738 1356 796 οὗ
1396 743 1490 794 καὶ
1535 743 1661 804 τοὺς
1703 743 1823 795 αίῶ-

269 847 363 893 νας
388 833 482 883 καὶ
505 831 572 883 τὰ
601 832 695 884 ὅλα
723 834 982 903 πεποίηκε
1009 832 1117 901 (9.!)
1144 850 1154 861 ·
1186 833 1519 903 γεννήσαντα
1563 833 1618 884 δὲ
1654 833 1712 884 οὐ
1743 833 1829 884 δο-

270 923 447 991 κήσει,
504 923 638 975 ἀλλὰ
684 923 943 994 ἀληθεία·
982 926 1360 994 ὑποστήσαντα
1411 923 1523 992 ἰδίῳ
1572 922 1831 993 θελήματι

269 1015 534 1085 ἄτρεπτον
569 1016 659 1068 καὶ
685 1016 1035 1068 ἀναλλοίωτον
1069 1016 1272 1085 κτίσμα
1312 1015 1404 1067 τοῦ
1432 1014 1566 1068 Θεοῦ
1605 1015 1831 1080 τέλειον,

269 1106 379 1157 ἀλλ’
406 1108 504 1177 οὐχ
537 1108 612 1169 ὠς
653 1107 709 1159 ἒν
752 1107 858 1160 τῶν
888 1109 1231 1177 κτισμάτων·
1286 1108 1550 1178 γέννημα,
1591 1108 1704 1159 ἀλλ’
1736 1108 1833 1176 οὑχ

268 1197 342 1258 ὼς
369 1197 426 1248 ἓν
448 1197 554 1249 τῶν
599 1199 1006 1267 γεγεννημένων
1039 1200 1151 1268 (‘22)
1175 1241 1188 1262 ,
1229 1199 1335 1252 οὐδ’
1377 1198 1453 1260 ώς
1487 1197 1834 1260 Οὐαλεντῖνος

271 1288 535 1359 προϐολὴν
565 1288 624 1340 τὸ
652 1288 898 1359 γέννημα
929 1288 1022 1340 τοῦ
1054 1287 1263 1360 Πατρὸς
1291 1287 1641 1357 ἐδογμάτισεν
1663 1306 1676 1319 ·
1727 1289 1832 1340 οὐδ’

269 1375 341 1438 ὼς
369 1376 396 1427 6
423 1377 718 1444 Μανιχαίος
750 1377 1209 1463 μέροςὸμοούσιον
1240 1377 1333 1432 τοῦ
1367 1377 1575 1448 Πατρὸς
1615 1378 1675 1431 τὸ
1715 1379 1836 1446 γέν-

270 1485 414 1537 νημα
438 1469 768 1538 εἰσηγήσατο
789 1487 800 1500 ·
824 1471 931 1522 οὐδ’
961 1470 1035 1534 ὡς
1063 1470 1347 1534 Σαῦέλλιος
1375 1470 1472 1542 τὴν
1510 1471 1832 1541 μονάδα(ἓό)

270 1559 509 1630 διαιρῶν,
536 1561 831 1632 υίοπέιτορα
865 1558 1012 1615 εἶπεν
1035 1579 1046 1591 ·
1081 1564 1187 1615 οὐδ’
1233 1565 1306 1627 ὡς
1356 1563 1603 1634 Ἰἐρακας
1646 1564 1835 1634 λύχνον

273 1650 376 1702 ἀπὸ
399 1650 614 1721 λύχνου,
659 1653 796 1724 ἠώς
823 1654 1079 1724 λαμπάδα
1125 1658 1203 1718 εἰς
1231 1656 1355 1708 δύο·
1399 1657 1519 1708 οὐδὲ
1568 1657 1658 1710 τὸν
1708 1658 1836 1710 ὄντα

273 1743 554 1815 πρότερον,
593 1745 814 1816 ὕστερον
861 1748 1276 1819 γεννηθέντα,ἢ
1325 1749 1707 1803 ὲπικτισθέντα
1756 1754 1834 1814 εἰς

274 1835 395 1902 Υἰόν
419 1853 432 1865 ·
464 1836 538 1899 ὡς
557 1837 650 1888 καὶ
681 1840 742 1890 σὺ
775 1839 953 1903 αὐτὸς,
987 1841 1221 1911 μακάριε
1261 1841 1415 1894 πάπα
1437 1884 1450 1905 ,
1489 1842 1630 1894 κατὰ
1666 1843 1834 1913 μέσην

271 1925 366 1996 τὴν
423 1926 746 1997 Ἐκκλησίαν
805 1931 897 1981 καὶ
929 1932 985 1983 ὲν
1045 1931 1303 2002 συνεδρίῳ
1349 1932 1664 1995 πλειστάκις
1712 1934 1836 1996 τοὺς

273 2016 442 2070 ταῦτα
461 2020 924 2089 εἰσηγησαμένους
945 2023 1348 2092 ἀπηγόρευσας,
1367 2024 1502 2086 ἀλλ’,
1533 2024 1608 2087 ὥς
1637 2042 1834 2094 φαμεν,

273 2107 536 2178 θελήματι
562 2112 656 2164 τοῦ
679 2112 812 2166 Θεοῦ
847 2114 950 2184 πρὸ
978 2115 1183 2184 χρόνων
1213 2117 1304 2168 καὶ
1339 2117 1445 2187 πρὸ
1483 2115 1694 2169 αἰώνων
1724 2135 1839 2171 κτι-

276 2201 484 2266 σθέντα,
507 2205 678 2256 καὶτὸ
701 2206 795 2276 ζῇν
819 2209 911 2260 καὶ
934 2208 991 2259 τὸ
1020 2203 1157 2261 εἶναι
1179 2209 1330 2280 παρὰ
1349 2209 1442 2262 τοῦ
1465 2211 1674 2281 [ἰατρὸς
1697 2211 1840 2281 εἱλη-

275 2291 427 2358 φότα,
458 2295 549 2346 καὶ
577 2295 676 2358 τὰς
703 2295 858 2361 δόξας
885 2301 1383 2366 συνυποστήσαντος
1418 2300 1571 2370 αὐτῷ
1605 2301 1696 2354 τοῦ
1733 2301 1840 2354 ila-

271 2387 415 2456 τρός.
448 2389 520 2440 Οὺ
539 2389 648 2460 γὰρ
674 2391 702 2442 6
725 2390 930 2462 Πατὴρ,
960 2390 1081 2453 δοὺς
1102 2391 1249 2460 αῦτῴ
1275 2392 1489 2444 πάντων
1517 2394 1613 2464 τὴν
1649 2393 1840 2462 κληρο-

273 2480 482 2548 νομίαν,
527 2483 820 2552 ὲστέρησεν
870 2485 1084 2548 ἑαυτὸν,
1119 2477 1192 2537 ὧν
1228 2486 1534 2554 ἀγεννήτως
1591 2486 1700 2556 ἔχει
1731 2485 1840 2556 (9.4)

273 2572 328 2624 ὲν
353 2573 531 2641 ἑαυτῷ
553 2590 566 2602 ·
603 2574 751 2644 πηγὴ
773 2575 879 2645 γάρ
906 2577 1018 2628 ἐστι
1047 2576 1282 2628 πάντων.
1311 2577 1470 2629 Ὥστε
1513 2581 1660 2648 τρεῖς
1707 2581 1843 2631 εἰσιν

273 2664 616 2727 ὑποστάσεις.
655 2667 762 2719 Καὶ
785 2669 812 2719 6
841 2667 938 2736 μὲν
961 2667 1112 2731 Θεὸς,
1143 2667 1315 2730 αἴτιος
1334 2668 1441 2721 τῶν
1472 2669 1686 2722 πάντων
1715 2688 1845 2739 τυγ-

271 2756 471 2823 χάνων,
507 2757 656 2810 ἔστιν
694 2759 928 2828 ἄναρχος
972 2758 1278 2829 μονώτατος
1326 2761 1459 2832 (25).
1509 2763 1564 2814 '0
1603 2761 1658 2814 δὲ
1681 2762 1842 2826 Υἱὸς,

272 2847 512 2916 ἀχρὸνως
533 2849 812 2918 γεννηθεὶς
835 2851 938 2903 ὑπὸ
969 2851 1062 2904 τοῦ
1086 2853 1316 2922 Ιιατρὸς,
1349 2856 1443 2907 καὶ
1479 2854 1584 2924 πρὸ
1636 2854 1844 2908 αἰώνων

274 2937 510 3003 κτισθεὶς
541 2940 635 2993 καὶ
667 2940 1037 3008 θεμελιωθεὶς,
1073 2945 1174 2996 οὐκ
1212 2941 1280 3014 ἦν
1314 2947 1419 3016 πρὸ
1443 2946 1534 2999 τοῦ
1585 2946 1846 3018 γεννηθῆ-

272 3045 356 3081 ναι
389 3031 525 3101 (26),
555 3033 668 3085 ἀλλ’
698 3035 939 3104 ἁχρόνως
975 3037 1078 3107 πρὸ
1110 3037 1324 3090 πάντων
1350 3038 1649 3109 γεννηθεὶς,
1690 3041 1846 3111 μόνος

273 3123 377 3174 ὑπὸ
403 3124 514 3224 Ατοῦ
567 3126 776 3224 fiat-96;
826 3129 1053 3224 ὑπέστη.
1108 3131 1241 3183 Οὐδὲ
1269 3131 1376 3204 γάρ
1405 3133 1552 3184 ἐστιν
1586 3133 1774 3196 ἀΐδιος,
1810 3134 1842 3206 ἢ
1871 3165 1916 3224 C

272 3215 557 3280 συναῖδιος,
591 3217 623 3287 ἢ
667 3218 1030 3290 συναγὲνητος
1065 3219 1178 3290 (27)
1204 3221 1281 3290 τῷ
1324 3224 1527 3294 Πατρίο
1573 3224 1693 3276 οὐδὲ
1732 3225 1846 3294 ἅμα

269 3305 348 3373 τῷ
372 3308 547 3379 Ila-.91
583 3309 643 3361 τὸ
670 3305 808 3362 εἶναι
828 3311 960 3380 ἕχει,
991 3311 1065 3374 ὥς
1091 3330 1235 3377 τινες
1268 3313 1480 3382 λέγουσι
1511 3313 1577 3367 τὰ
1608 3317 1743 3386 πρός
1771 3334 1844 3380 τι,

271 3395 363 3449 δύο
395 3400 726 3470 ἀγεννήτους
782 3403 896 3469 (‘28)
931 3404 1102 3474 ἀρχὰς
1155 3407 1562 3478 εἰσηγούμενοι·
1619 3407 1732 3460 ἀλλ’
1771 3411 1848 3472 ὡς

277 3489 444 3558 μονὰς
477 3509 570 3544 και
598 3493 741 3564 ἁρχὴ
795 3495 1030 3559 πάντων,
1063 3496 1234 3561 οὕτως
1260 3501 1288 3550 6
1317 3499 1447 3562 Θεὸς
1497 3499 1603 3570 πρὸ
1635 3501 1846 3555 πάντων

273 3580 410 3634 ἐστί.
445 3583 536 3635 Διὸ
563 3585 656 3636 καὶ
677 3586 783 3655 πρὸ
815 3586 906 3638 τοῦ
943 3588 1070 3640 Υἰοῦ
1101 3590 1214 3658 (‘29)
1235 3589 1407 3642 ἔστιν·
1453 3591 1528 3653 ώς
1561 3592 1654 3644 καὶ
1699 3592 1847 3662 παρὰ

275 3671 366 3724 σοῦ
401 3673 799 3745 μεμαθήκαμεν
821 3676 960 3730 κατὰ
989 3678 1162 3750 μέσην
1191 3680 1286 3751 τὴν
1325 3681 1649 3751 Ἐκκλησίαν
1679 3685 1846 3755 κηρῦ-

276 3763 485 3827 ξαντος.
520 3766 671 3818 Καθὸ
695 3763 788 3820 οῦν
819 3769 969 3840 παρὰ
993 3771 1085 3824 τοῦ
1113 3771 1248 3824 Θεοῦ
1283 3771 1343 3824 τὸ
1381 3769 1518 3826 εἶναι
1560 3773 1706 3846 ἔχει,
1752 3777 1846 3829 καὶ

273 3854 370 3914 τὰς
413 3855 572 3921 δόξας
618 3860 711 3911 καὶ
742 3860 802 3912 τὸ
847 3859 966 3931 ζῇν,
1015 3863 1111 3915 καὶ
1155 3863 1222 3915 τὰ
1268 3865 1443 3918 πάντα
1497 3866 1646 3937 αὐτῷ
1703 3885 1844 3940 παρ-

275 3943 430 4014 εδόθη
469 3946 602 4015 (50),
646 3948 791 4009 κατὰ
827 3949 984 4004 τοῦτο
1012 3953 1152 4023 ἀρχὴ
1199 3953 1362 4006 αὐτοῦ
1421 3957 1568 4008 ἐστιν
1617 3959 1645 4009 6
1695 3958 1842 4021 Θεός.

280 4035 468 4106 Ἀρχει
502 4039 610 4108 γὰρ
647 4040 832 4105 αὐτοῦ,
857 4041 932 4104 ὡς
961 4042 1095 4106 Θεὸς
1123 4044 1286 4097 αὑτοῦ
1317 4047 1410 4099 καὶ
1437 4047 1542 4118 πρὸ
1565 4049 1726 4102 αὑτοῦ
1750 4048 1842 4102 ὥν.

276 4123 337 4174 Εἰ
364 4124 420 4177 δὲ
448 4125 510 4177 τὸ
534 4127 672 4197 (51),
711 4145 728 4176 ι
770 4127 829 4192 ἐξ
861 4130 1048 4194 αὐτοῦ,
1086 4151 1104 4181 ι
1140 4133 1230 4184 καὶ
1262 4133 1342 4198 τὸ,
1377 4154 1393 4184 ι
1431 4137 1494 4188 ὲκ
1527 4139 1780 4210 γαστρός,
1823 4157 1841 4190 ι

279 4216 370 4265 καὶ
393 4216 474 4280 τὸ,
496 4235 513 4265 ‹
544 4219 606 4270 ὲκ
629 4219 719 4270 τοῦ
749 4219 957 4290 Πατρὺς
987 4220 1229 4291 ἐξῆλθον,
1251 4225 1344 4277 καὶ
1369 4226 1507 4296 ἥκω,
1538 4245 1556 4278 ι
1583 4228 1659 4290 ὡς
1685 4230 1846 4300 μέρος

280 4303 446 4357 αὑτοῦ
475 4307 778 4374 ὁμοουσίου,
800 4309 895 4363 καὶ
921 4312 996 4375 ὠς
1029 4313 1266 4384 προϐολὴ
1297 4316 1402 4369 ὑπό
1431 4334 1590 4370 τινων
1626 4323 1844 4385 νοεῖται,

346 4503 479 4543 "J'
521 4502 674 4559 Rom.
719 4521 795 4571 xl,
831 4509 920 4563 '56.
997 4511 1042 4542 ”
1081 4509 1226 4565 Psal.
1261 4527 1374 4578 cux,
1408 4512 1456 4564 5.
1559 4517 1573 4544 ¹
1617 4514 1772 4569 Joan.
1801 4533 1834 4570 χ

346 4637 464 4718 (29)
506 4639 720 4711 Epiph.,
754 4646 912 4718 μόνον
945 4647 1152 4718 ,κριτὴν
1204 4648 1436 4702 πάντων.
1490 4649 1658 4706 Hilar.
1689 4668 1817 4708 vero

1932 576 2066 625 rem,
2119 560 2570 628 dispensatorem,
2621 558 3017 612 immutabilem
3075 567 3129 612 et
3178 556 3496 612 inalterabi-

1931 654 2056 718 lem,
2083 653 2288 722 justum
2313 663 2364 707 et
2398 655 2619 716 bonum,
2649 654 2806 723 legis,
2837 653 3226 723 prophetarum
3257 660 3310 704 et
3359 649 3494 703 Novi

1933 747 2261 800 Testamenti
2317 745 2537 799 Deum:
2586 747 2678 814 qui
2731 745 2926 798 Filium
2984 743 3318 812 unigenitum
3375 750 3505 796 ante

1931 847 2172 906 tempora
2230 846 2428 892 aeterna
2477 839 2682 905 genuit,
2742 853 2836 908 per
2891 852 3050 907 quem
3100 845 3152 889 et
3216 835 3411 888 saecula
3447 844 3505 888 et

1932 929 2184 982 universa
2210 929 2454 981 condidit
2491 928 2721 996 :genuit
2779 937 2959 980 autem
3009 941 3117 979 non
3161 924 3274 978 sola
3324 925 3506 992 specie

1934 1027 2112 1082 tenus,
2130 1021 2220 1072 sed
2249 1034 2433 1072 revera
2466 1019 2681 1087 prepria
2711 1019 2986 1072 voluntate
3021 1016 3320 1072 subsistere
3353 1014 3500 1076 fecit,

1932 1123 2164 1178 eumque
2220 1110 2630 1174 immutabilem,
2693 1109 3133 1162 inalterabilem:
3191 1116 3501 1161 creaturam

1935 1200 2026 1253 Dei
2055 1199 2367 1268 perfectam,
2400 1201 2491 1255 sed
2528 1217 2632 1254 non
2691 1210 2748 1254 ut
2800 1202 3037 1271 aliquam
3085 1214 3151 1252 ex
3181 1198 3450 1252 creaturis
3487 1215 3499 1248 :

1935 1292 2198 1362 genitum,
2241 1293 2333 1346 sed
2364 1308 2470 1346 non
2503 1303 2561 1346 ut
2583 1293 2798 1356 aliquod
2834 1307 2896 1345 ex
2927 1290 3126 1362 genitis
3157 1308 3168 1339 :
3220 1303 3394 1356 neque
3442 1295 3506 1340 ut

1936 1382 2253 1437 Valentinus
2286 1383 2473 1437 docuit
2503 1382 2682 1436 Patris
2712 1384 2916 1452 prolem
2947 1397 3070 1436 esse
3095 1380 3445 1434 emissionem
3485 1395 3500 1430 :

1934 1489 2110 1544 neque
2139 1485 2195 1528 ut
2215 1473 2565 1536 Manichazus,
2621 1485 2828 1543 partem
2878 1473 3023 1526 Patri
3060 1469 3508 1526 consubstantiao

1935 1565 2040 1618 lem
2073 1583 2084 1617 ε
2123 1580 2297 1634 neque
2344 1575 2403 1618 ut
2437 1565 2704 1618 Sabellius
2749 1565 3014 1618 unitatem
3049 1562 3316 1625 dividens,
3352 1574 3508 1612 eum—

1935 1656 2058 1710 dem
2079 1657 2212 1710 dixit
2244 1656 2441 1710 Filium
2490 1665 2543 1709 et
2598 1655 2860 1709 Patrem:
2915 1670 3087 1724 neque
3137 1663 3197 1706 ut
3247 1651 3507 1706 Hieracas

1938 1749 2214 1803 lucernam
2236 1764 2302 1803 ex
2328 1749 2586 1809 lucerna,
2641 1756 2733 1801 aut
2787 1757 2844 1801 ut
2898 1747 3199 1816 lampadem
3264 1746 3315 1807 in
3370 1745 3507 1798 duas

1939 1850 2121 1910 partes
2144 1840 2456 1895 distinctam
2489 1840 2624 1907 (ὂῖ).
2652 1839 2834 1908 Neque
2868 1853 2993 1891 vero
3017 1835 3284 1906 ejusmodi
3318 1844 3421 1899 est,
3449 1844 3509 1888 ut

1938 1933 1985 1987 is
2017 1933 2108 2002 qui
2143 1934 2292 2002 prius
2319 1940 2456 1997 erat,
2491 1941 2677 1999 postea
2715 1931 2930 2000 genitus
2977 1929 3048 1983 sit
3083 1936 3178 1982 aut
3217 1928 3269 1980 in
3306 1924 3507 1980 Filium

1938 2021 2190 2074 conditus
2226 2039 2238 2072 :
2275 2019 2733 2090 quemadmodum
2769 2029 2824 2072 tu
2879 2019 3014 2088 ipse,
3053 2018 3210 2072 beate
3237 2032 3396 2086 papa,
3454 2016 3508 2068 in

1945 2111 2118 2164 media
2146 2111 2382 2165 Ecclesia
2410 2121 2464 2164 et
2489 2111 2541 2164 in
2572 2125 2830 2165 consessu
2871 2110 3073 2180 plurius
3106 2110 3198 2178 qui
3235 2109 3348 2162 haec
3371 2106 3510 2160 aﬂir-

1941 2212 2151 2256 marent
2187 2202 2632 2268 ennl‘utasti;sed
2695 2212 2756 2255 ut
2804 2203 3062 2265 dicimus,
3095 2201 3371 2254 voluntate
3419 2197 3511 2250 Dei

1943 2304 2067 2349 ante
2097 2305 2339 2364 tempora
2362 2305 2414 2349 et
2439 2305 2564 2349 ante
2587 2297 2782 2349 saecula
2806 2307 3070 2359 creatum,
3093 2293 3186 2364 qui
3221 2302 3278 2346 ut
3309 2291 3514 2344 viveret

1941 2398 1994 2442 et
2025 2395 2170 2442 esset
2195 2403 2225 2441 a
2252 2386 2410 2440 Patre
2432 2388 2661 2456 accepit,
2687 2388 2822 2440 adeo
2851 2396 2910 2440 ut
2933 2387 2980 2440 ei
3014 2385 3173 2439 Pater
3201 2399 3352 2437 suam
3391 2382 3508 2450 glo-

1943 2481 2078 2534 riam
2113 2481 2165 2532 in
2219 2480 2491 2533 creatione
2545 2478 2853 2531 contulerit.
2903 2475 3087 2546 Neque
3121 2475 3266 2528 enim
3327 2471 3508 2534 Pater,

1943 2587 2066 2627 cum
2103 2571 2346 2625 omnium
2380 2570 2780 2640 possessionem
2849 2569 2950 2637 ipsi
3004 2566 3274 2629 tradidit,’
3304 2566 3368 2618 iis
3424 2580 3512 2617 se-

1946 2665 2120 2733 ipsum
2151 2664 2398 2733 privavit,
2434 2679 2554 2732 quae
2582 2661 2820 2731 ingenito
2844 2661 3006 2714 modo
3051 2660 3102 2713 in
3134 2674 3193 2713 se
3228 2657 3469 2712 continet
3496 2674 3512 2709 :

1945 2755 2068 2810 lous
2097 2757 2241 2810 enim
2274 2766 2358 2809 est
2412 2756 2680 2818 omnium,
2710 2762 3040 2822 quapropter
3063 2761 3174 2806 tres
3223 2757 3353 2804 sunt
3379 2747 3515 2801 sul)-

1947 2847 2160 2901 stantiaa
2201 2845 2338 2916 ('55).
2375 2845 2440 2898 Et
2491 2843 2634 2898 Dens
2698 2843 2913 2912 quidem
2971 2856 3094 2896 cum
3151 2841 3394 2894 omnium
3446 2838 3516 2891 sit

1947 2952 2134 3000 causa,
2168 2938 2392 2990 omnino
2444 2935 2593 2989 solus
2625 2934 2830 3002 absque
2880 2931 3148 3000 principio
3177 2938 3262 2983 est
3296 2947 3310 2983 :
3344 2927 3517 2982 Filius

1949 3044 2075 3083 vero
2102 3028 2218 3083 sine
2245 3037 2489 3095 tempore
2523 3042 2553 3080 a
2599 3026 2754 3079 Patre
2781 3025 3018 3095 genitus.
3055 3031 3109 3076 et
3148 3031 3272 3076 ante
3319 3021 3515 3075 saecula

1949 3126 2165 3173 creatus
2201 3126 2254 3172 et
2287 3117 2566 3182 fundatus,
2595 3131 2706 3170 non
2741 3129 2858 3169 erat
2903 3117 3223 3185 priusquam
3267 3114 3517 3184 gignere-

1951 3220 2069 3277 tur;
2105 3210 2200 3265 sed
2226 3211 2344 3265 sine
2375 3218 2638 3279 tempore,
2675 3217 2803 3262 ante
2835 3208 3016 3262 omnia
3045 3210 3280 3277 genitus,
3306 3206 3456 3260 solus
3486 3219 3518 3258 a

1948 3304 2107 3360 Patre
2131 3303 2366 3367 exsistit,
2415 3320 2521 3356 non
2577 3303 2724 3356 enim
2765 3310 2850 3356 est
2879 3310 3134 3363 mternus,
3189 3309 3514 3359 coaeternus,

1948 3407 2043 3452 aut
2071 3415 2177 3452 una
2200 3413 2324 3452 cum
2377 3396 2540 3450 Patre
2590 3396 2910 3465 ingenitus:
2957 3408 3132 3462 neque
3174 3391 3336 3447 simul
3391 3405 3516 3444 cum

1947 3488 2106 3542 Patre
2131 3489 2292 3542 habet
2312 3502 2451 3552 esse,
2499 3496 2560 3541 ut
2609 3487 2829 3556 quidam
2856 3485 3046 3539 dicunt
3075 3483 3141 3540 de
3193 3483 3262 3535 iis
3283 3497 3407 3550 qua:
3450 3480 3516 3534 ad

1948 3581 2093 3636 aliud
2121 3578 2448 3644 referuntur,
2467 3578 2575 3632 duo
2607 3577 2842 3644 ingenita
2873 3575 3136 3645 principia
3159 3573 3514 3627 inducentes:

1948 3674 2042 3729 sed
2065 3673 2229 3737 Deus,
2263 3682 2321 3726 ut
2343 3682 2426 3728 est
2448 3672 2629 3726 unitas
2676 3680 2730 3724 et
2763 3669 3087 3739 principium
3118 3667 3385 3728 omnium,
3435 3667 3518 3720 sic

1948 3775 2073 3821 ante
2115 3765 2299 3820 omnia
2329 3773 2431 3820 est.
2467 3762 2806 3833 Quapropter
2853 3771 2905 3816 et
2944 3771 3067 3815 ante
3094 3759 3287 3814 Filium
3321 3769 3424 3824 est,
3455 3767 3520 3814 ut

1947 3871 1979 3910 a
2007 3866 2059 3910 te
2086 3855 2140 3909 in
2162 3855 2340 3910 media
2364 3854 2606 3909 Ecclesia
2651 3851 2981 3922 praedicante
3019 3850 3330 3906 didicimus.
3365 3849 3514 3916 Qua-

1946 3959 2105 4004 tenus
2126 3949 2288 4019 igitur
2309 3963 2339 4001 a
2379 3947 2488 4000 Deo
2512 3945 2672 3999 habet
2707 3943 3022 4008 essentiam,
3045 3941 3291 4012 gloriam,
3320 3941 3507 4005 vitam,

1946 4049 2000 4094 et
2018 4039 2202 4095 omnia
2230 4039 2280 4092 ei
2313 4037 2509 4091 tradita
2534 4045 2664 4092 sunt
2690 4054 2704 4102 ;
2729 4044 2956 4090 eatenus
3006 4033 3147 4090 Deus
3205 4034 3326 4104 ejus
3366 4035 3518 4104 prin-

1947 4131 2149 4201 cipium
2181 4140 2281 4185 est.
2309 4128 2632 4183 Dominatur
2657 4129 2799 4183 enim
2833 4128 2930 4192 illi,
2985 4137 3169 4198 utpote
3199 4125 3342 4181 Deus
3373 4125 3516 4196 ejus.

1947 4233 2001 4280 et
2017 4233 2140 4278 ante
2158 4224 2306 4278 illum
2329 4222 2616 4276 exsistens.
2641 4219 2796 4286 Quod
2817 4221 2862 4275 si
2885 4221 3037 4286 illud,
3056 4237 3074 4271 ι
3100 4236 3165 4274 ex
3191 4220 3308 4288 ipso
3333 4220 3512 4284 ⁸⁷-⁹⁶,›

1947 4324 2001 4368 et
2021 4333 2040 4366 ι
2063 4329 2128 4368 ex
2157 4323 2312 4368 utero
2335 4314 2432 4379 ",0
2449 4321 2520 4377 et,
2546 4325 2641 4366 «ex
2657 4309 2814 4366 Patre
2837 4309 3066 4375 exivi,et
3089 4311 3247 4364 venio
3265 4309 3338 4375 ¹,›
3360 4309 3517 4379 quasi

1939 4519 2030 4574 28.

1951 4651 2292 4720 ὑποστάσεις,
2325 4650 2486 4704 habet
2519 4648 2727 4720 Πατὴρ,
2759 4648 2884 4711 Υἱὸς
2929 4647 3022 4701 καὶ
3067 4647 3221 4714 ἆγιον
3266 4645 3510 4714 Πνεῦμα.

269 4710 512 4792 omnium
528 4695 839 4792 fre'qtore'm;
857 4716 982 4786 legit
998 4695 1202 4792 scilicet
1225 4718 1440 4772 πάντων
1461 4695 1837 4792 mist-qv,un

1947 4695 2024 4776 ἐζ
2037 4695 2556 4792 έῑέῑῑίιςιῖεῑίξῑεέείξ

269 4780 496 4846 quidem
518 4780 684 4862 lectio
712 4780 933 4862 videtur'
955 4787 1021 4862 ad
1055 4803 1118 4862 ea
1153 4780 1838 4862 quze__subsequunt'ur'ac-

267 4851 702 4929 eommodatior,_
753 4854 878 4929 licet
910 4856 960 4908 in
991 4857 1125 4914 locis
1152 4851 1516 4929 Aquileiensis
1547 4862 1734 4929 synodi
1764 4863 1840 4918 le-

301 4929 434 4974 atur
462 4928 529 4998 ut_
565 4923 704 4998 apud
745 4923 1099 4998 Athanasitnn
1131 4944 1143 4978 :
1172 4923 1425 4998 Omnium
1449 4923 1704 4998 judicent.
1745 4931 1835 4986 ln-

290 5004 367 5066 ra_
385 4989 531 5056 apud
560 4989 916 5066 Athanasium
947 5005 999 5048 et
1031 4996 1413 5066 Epiphanium,
1449 4989 1571 5054 haec
1605 5019 1617 5053 :
1649 5000 1836 5055 τοῦτον

266 5059 405 5138 Θερν
434 5073 559 5111 cum
593 5064 968 5138 superioribus
993 5059 1407 5138 connectuntur,
1430 5070 1568 5137 apud
1597 5085 1724 5124 vero
1745 5070 1837 5125 Hi-

267 5128 472 5206 larium
502 5128 1133 5206 cu_{t_t__subsequentibus,
1162 5137 1266 5190 hoc
1289 5128 1480 5191 modo}
1498 5139 1634 5192 [tunc
1663 5139 1833 5194 Deum

265 5199 514 5251 aenuisse
548 5199 768 5264 Filium,
798 5199 890 5256 sed
926 5206 1105 5259 minus
1141 5217 1299 5259 recte.

340 5266 461 5346 (2.1)
506 5267 599 5351 §ie
627 5269 825 5351 Regius
863 5283 932 5351 _et_
964 5274 1034 5328 ita
1083 5275 1204 5351 legit
1233 5273 1488 5351 Hilarius,
1525 5277 1830 5351 qui_habet,

265 5339 449 5416 omnia
496 5339 643 5417 fecit.
670 5339 722 5417 _E
745 5343 822 5417 liti
848 5339 1157 5410 Athanasii,
1191 5348 1282 5398 καὶ
1311 5347 1379 5400 τὰ
1409 5339 1562 5400 ἄλλαξ
1597 5339 1835 5417 Ερὶριιειὲ

264 5410 419 5467 nius,
450 5410 544 5460 καὶ
573 5410 640 5464 τὰ
670 5411 849 5467 λοιπά.

339 5477 457 5556 (ἓὲ)
498 5477 858 5556 Epiphanius.
889 5485 1259 5556 γεννημάτωνο

496 5547 854 5625 Epipbanius,
888 5547 1291 5625 ῥτὴνμονάδα,
1321 5565 1417 5610 etet

326 5617 455 5699 (at)
495 5617 722 5699 iiegius,
739 5621 865 5699 τῷν.
886 5617 1238 5699 Epiphanius,
1269 5617 1328 5699 τὸ
1343 5627 1648 5699 αγεννήτως
1669 5627 1829 5699 ξχειν.

258 5681 350 5764 ξων
372 5681 607 5764 Regius,
631 5681 1027 5764 ἀγενήτως.Ἐι
1067 5693 1138 5747 ita
1178 5681 1318 5764 Alegit
1348 5681 1644 5764 Hilarius:
1670 5681 1832 5761 Editi,

260 5757 579 5828 ἁγεννήτως
635 5775 761 5813 cum
791 5757 1132 5830 'Epiphanio.
1176 5757 1297 5820 Mox
1341 5763 1676 5836 Epiphanius
1713 5757 1835 5837 post

2017 4792 2133 4862 (25)
2177 4790 2398 4862 Begius,
2435 4790 2745 4862 povéca'toc.

2015 4853 2127 4932 (ΕΒ)
2172 4853 2491 4932 εἰονοιῆιγὲι
2519 4858 2711 4932 Epiph.
2740 4858 2870 4927 Reg.
2897 4866 3076 4911 autem
3101 4864 3153 4908 et
3178 4853 3366 4914 Basil.,
3389 4870 3510 4922 γεν-

1941 4929 2114 5003 νηθῇζ
2135 4932 2270 5003 una,
2302 4931 2525 5003 Regius,
2558 4929 2712 4982 ἀλλά.

2013 4991 2124 5071 (ἔῖ)
2167 4991 2538 5070 Epiphanius,
2587 4997 2998 5068 συναγὲννητος.
3054 4993 3313 5058 Hilarius,
3348 4993 3509 5046 sintut

1944 5089 2046 5125 non
2083 5073 2277 5140 factus.

2012 5143 2127 5216 (:28)
2169 5141 2371 5216 Begius
2397 5140 2564 5202 solus,
2598 5137 2910 5216 ὀιγενήτοῦς.
3010 5202 3034 5212 _

2010 5203 2122 5281 (99)
2166 5203 2515 5280 Epiphanius,
2544 5203 2655 5279 πρδ
2675 5203 2767 5258 τοῦ
2802 5203 3073 5281 Χριστοῦ,
3097 5203 3253 5281 male.

2009 5271 2124 5350 (ὅθ)
2165 5271 2520 5350 Epiphanius,
2564 5271 3134 5350 ‘rta9aazévtg.__l.bid.
3196 5271 3396 5350 Begius
3457 5281 3510 5324 et

1938 5341 2295 5421 Epiphanius,
2327 5351 2466 5403 κατὰ
2497 5341 2672 5421 τοῦτο,
2695 5341 2865 5421 recte;
2893 5343 3052 5421 Etliti,
3089 5343 3227 5421 κατὰ
3251 5341 3329 5421 τό.

2006 5407 2118 5502 (3|)
2161 5407 2514 5491 Epiphanius,
2550 5417 2654 5486 πρὸ
2705 5415 2868 5467 αὑτοῦ
2923 5407 3058 5464 εἶναι
3107 5411 3196 5464 διὰ
3235 5413 3295 5464 τὸ
3326 5410 3386 5474 ἐξ
3415 5411 3510 5463 αὑ·

1951 5508 2118 5630 ὀἴὲῆ
2162 5561 2234 5613 De
2266 5559 2490 5612 Hieraca
2528 5553 2718 5622 Epiph.
2749 5551 2951 5607 Htercs.
2980 5567 3090 5616 ιιι,
3128 5551 3217 5604 ubi
3246 5552 3359 5606 tunc
3400 5565 3508 5605 non

1936 5632 2207 5700 leguntur.

2017 5704 2126 5772 (55)
2169 5700 2258 5754 Sic
2285 5695 2539 5750 Hilarius.
