  <div class='ocr_page' id='page_1' title='image "/cluster/home/n/w/nwhite01/storage/ocr_20150623/26/mdp.39015019958456/373.png"; bbox 0 0 3914 6222; ppageno 0'>
   <div class='ocr_carea' id='block_1_1' title="bbox 383 326 478 384">
    <p class='ocr_par' dir='ltr' id='par_1_1' title="bbox 383 326 478 384">
     <span class='ocr_line' id='line_1_1' title="bbox 383 326 478 384; baseline -0.021 0"><span class='ocrx_word' id='word_1_1' title='bbox 383 326 478 384; x_wconf 80' lang='lat' dir='ltr'><strong>7M</strong></span> 
     </span>
    </p>
   </div>
   <div class='ocr_carea' id='block_1_2' title="bbox 913 288 3010 371">
    <p class='ocr_par' dir='ltr' id='par_1_2' title="bbox 913 288 3010 371">
     <span class='ocr_line' id='line_1_2' title="bbox 913 288 3010 371; baseline -0.013 0"><span class='ocrx_word' id='word_1_2' title='bbox 913 315 970 371; x_wconf 88' lang='lat' dir='ltr'><strong>S.</strong></span> <span class='ocrx_word' id='word_1_3' title='bbox 1014 307 1395 369; x_wconf 78' lang='lat' dir='ltr'><strong>ATHANASII</strong></span> <span class='ocrx_word' id='word_1_4' title='bbox 1432 306 1585 366; x_wconf 84' lang='lat' dir='ltr'><strong>OPP.</strong></span> <span class='ocrx_word' id='word_1_5' title='bbox 1625 300 1812 358; x_wconf 80' lang='lat' dir='ltr'><strong>PARS</strong></span> <span class='ocrx_word' id='word_1_6' title='bbox 1851 300 1894 354; x_wconf 85' lang='grc' dir='ltr'><strong>Ι.</strong></span> <span class='ocrx_word' id='word_1_7' title='bbox 1930 324 2003 339; x_wconf 84' lang='grc'><strong>·--</strong></span> <span class='ocrx_word' id='word_1_8' title='bbox 2039 292 2418 351; x_wconf 77' lang='lat' dir='ltr'><strong>HISTORICA</strong></span> <span class='ocrx_word' id='word_1_9' title='bbox 2451 292 2541 349; x_wconf 82' lang='lat' dir='ltr'><strong>ET</strong></span> <span class='ocrx_word' id='word_1_10' title='bbox 2582 288 3010 349; x_wconf 78' lang='lat' dir='ltr'><strong>DOGMATICA.</strong></span> 
     </span>
    </p>
   </div>
   <div class='ocr_carea' id='block_1_3' title="bbox 3532 278 3638 336">
    <p class='ocr_par' dir='ltr' id='par_1_3' title="bbox 3532 278 3638 336">
     <span class='ocr_line' id='line_1_3' title="bbox 3532 278 3638 336; baseline 0.019 -2"><span class='ocrx_word' id='word_1_11' title='bbox 3532 278 3638 336; x_wconf 76' lang='grc' dir='ltr'><strong>ἸΙὲ</strong></span> 
     </span>
    </p>
   </div>
   <div class='ocr_carea' id='block_1_4' title="bbox 381 404 1969 516">
    <p class='ocr_par' dir='ltr' id='par_1_4' title="bbox 381 420 1958 516">
     <span class='ocr_line' id='line_1_4' title="bbox 381 420 1958 516; baseline -0.018 -16"><span class='ocrx_word' id='word_1_12' title='bbox 381 458 510 516; x_wconf 86' lang='lat' dir='ltr'><strong>pars</strong></span> <span class='ocrx_word' id='word_1_13' title='bbox 546 440 722 512; x_wconf 86' lang='lat' dir='ltr'><strong>ipsius</strong></span> <span class='ocrx_word' id='word_1_14' title='bbox 755 433 1266 498; x_wconf 71' lang='lat' dir='ltr'><strong>consultstantialis,</strong></span> <span class='ocrx_word' id='word_1_15' title='bbox 1310 430 1398 486; x_wconf 79' lang='lat' dir='ltr'><strong>vel</strong></span> <span class='ocrx_word' id='word_1_16' title='bbox 1445 425 1606 499; x_wconf 89' lang='lat' dir='ltr'><strong>quasi</strong></span> <span class='ocrx_word' id='word_1_17' title='bbox 1649 420 1896 486; x_wconf 79' lang='lat' dir='ltr'><strong>emissio,</strong></span> <span class='ocrx_word' id='word_1_18' title='bbox 1927 432 1958 471; x_wconf 93' lang='lat' dir='ltr'><strong>a</strong></span> 
     </span>
    </p>
   </div>
   <div class='ocr_carea' id='block_1_5' title="bbox 2073 404 3639 516">
    <p class='ocr_par' dir='ltr' id='par_1_5' title="bbox 2073 404 3639 485">
     <span class='ocr_line' id='line_1_5' title="bbox 2073 404 3639 485; baseline -0.008 -16"><span class='ocrx_word' id='word_1_19' title='bbox 2073 415 2317 480; x_wconf 63' lang='grc' dir='ltr'>σύνθετος</span> <span class='ocrx_word' id='word_1_20' title='bbox 2350 414 2501 470; x_wconf 72' lang='grc' dir='ltr'>ἔσται</span> <span class='ocrx_word' id='word_1_21' title='bbox 2527 415 2555 467; x_wconf 99' lang='lat'><strong>6</strong></span> <span class='ocrx_word' id='word_1_22' title='bbox 2581 412 2770 485; x_wconf 82' lang='grc' dir='ltr'>Πατὴρ</span> <span class='ocrx_word' id='word_1_23' title='bbox 2800 412 2894 466; x_wconf 75' lang='grc' dir='ltr'><strong>καὶ</strong></span> <span class='ocrx_word' id='word_1_24' title='bbox 2923 407 3210 481; x_wconf 84' lang='grc' dir='ltr'>διαιρετὸς,</span> <span class='ocrx_word' id='word_1_25' title='bbox 3254 404 3348 460; x_wconf 67' lang='grc' dir='ltr'>καὶ</span> <span class='ocrx_word' id='word_1_26' title='bbox 3384 404 3639 476; x_wconf 82' lang='grc' dir='ltr'>τρεπτὸς,</span> 
     </span>
    </p>
   </div>
   <div class='ocr_carea' id='block_1_6' title="bbox 381 511 1962 604">
    <p class='ocr_par' dir='ltr' id='par_1_6' title="bbox 381 511 1962 604">
     <span class='ocr_line' id='line_1_6' title="bbox 381 511 1962 604; baseline -0.019 -14"><span class='ocrx_word' id='word_1_27' title='bbox 381 511 712 604; x_wconf 77' lang='lat' dir='ltr'><strong>quibusdam</strong></span> <span class='ocrx_word' id='word_1_28' title='bbox 744 527 1098 596; x_wconf 75' lang='lat' dir='ltr'><strong>intelligatur,</strong></span> <span class='ocrx_word' id='word_1_29' title='bbox 1130 522 1290 577; x_wconf 88' lang='lat' dir='ltr'><strong>Pater</strong></span> <span class='ocrx_word' id='word_1_30' title='bbox 1347 517 1687 587; x_wconf 87' lang='lat' dir='ltr'><strong>compositus</strong></span> <span class='ocrx_word' id='word_1_31' title='bbox 1738 511 1863 570; x_wconf 88' lang='lat' dir='ltr'><strong>erit,</strong></span> <span class='ocrx_word' id='word_1_32' title='bbox 1906 516 1962 562; x_wconf 76' lang='lat' dir='ltr'><strong>et</strong></span> 
     </span>
    </p>
   </div>
   <div class='ocr_carea' id='block_1_7' title="bbox 380 602 1958 683">
    <p class='ocr_par' dir='ltr' id='par_1_7' title="bbox 380 602 1958 683">
     <span class='ocr_line' id='line_1_7' title="bbox 380 602 1958 683; baseline -0.015 -4"><span class='ocrx_word' id='word_1_33' title='bbox 380 602 673 679; x_wconf 84' lang='lat' dir='ltr'><strong>divisibilis</strong></span> <span class='ocrx_word' id='word_1_34' title='bbox 699 629 755 675; x_wconf 88' lang='lat' dir='ltr'><strong>et</strong></span> <span class='ocrx_word' id='word_1_35' title='bbox 775 617 1079 683; x_wconf 87' lang='lat' dir='ltr'><strong>mutabilis,</strong></span> <span class='ocrx_word' id='word_1_36' title='bbox 1103 617 1231 669; x_wconf 92' lang='lat' dir='ltr'><strong>item</strong></span> <span class='ocrx_word' id='word_1_37' title='bbox 1260 626 1458 681; x_wconf 89' lang='lat' dir='ltr'><strong>corpus</strong></span> <span class='ocrx_word' id='word_1_38' title='bbox 1481 604 1782 664; x_wconf 87' lang='lat' dir='ltr'><strong>secundum</strong></span> <span class='ocrx_word' id='word_1_39' title='bbox 1814 602 1958 664; x_wconf 88' lang='lat' dir='ltr'><strong>illos,</strong></span> 
     </span>
    </p>
   </div>
   <div class='ocr_carea' id='block_1_8' title="bbox 380 697 1962 783">
    <p class='ocr_par' dir='ltr' id='par_1_8' title="bbox 380 697 1962 783">
     <span class='ocr_line' id='line_1_8' title="bbox 380 697 1962 783; baseline -0.014 -12"><span class='ocrx_word' id='word_1_40' title='bbox 380 725 433 771; x_wconf 89' lang='lat' dir='ltr'><strong>et</strong></span> <span class='ocrx_word' id='word_1_41' title='bbox 457 722 721 783; x_wconf 87' lang='lat' dir='ltr'><strong>quantum</strong></span> <span class='ocrx_word' id='word_1_42' title='bbox 756 710 810 764; x_wconf 92' lang='lat' dir='ltr'><strong>in</strong></span> <span class='ocrx_word' id='word_1_43' title='bbox 863 708 997 776; x_wconf 82' lang='lat' dir='ltr'><strong>ipsis</strong></span> <span class='ocrx_word' id='word_1_44' title='bbox 1051 707 1174 769; x_wconf 89' lang='lat' dir='ltr'><strong>erit,</strong></span> <span class='ocrx_word' id='word_1_45' title='bbox 1228 706 1585 770; x_wconf 90' lang='lat' dir='ltr'><strong>incorporeus</strong></span> <span class='ocrx_word' id='word_1_46' title='bbox 1638 697 1803 761; x_wconf 92' lang='lat' dir='ltr'><strong>Deus,</strong></span> <span class='ocrx_word' id='word_1_47' title='bbox 1839 709 1962 764; x_wconf 74' lang='lat' dir='ltr'><strong>qua:</strong></span> 
     </span>
    </p>
   </div>
   <div class='ocr_carea' id='block_1_9' title="bbox 382 787 1965 878">
    <p class='ocr_par' dir='ltr' id='par_1_9' title="bbox 382 787 1965 878">
     <span class='ocr_line' id='line_1_9' title="bbox 382 787 1965 878; baseline -0.017 -14"><span class='ocrx_word' id='word_1_48' title='bbox 382 807 597 878; x_wconf 76' lang='lat' dir='ltr'><strong>corpori</strong></span> <span class='ocrx_word' id='word_1_49' title='bbox 628 813 756 860; x_wconf 89' lang='lat' dir='ltr'><strong>sunt</strong></span> <span class='ocrx_word' id='word_1_50' title='bbox 786 801 1028 872; x_wconf 88' lang='lat' dir='ltr'><strong>propria,</strong></span> <span class='ocrx_word' id='word_1_51' title='bbox 1098 797 1353 867; x_wconf 89' lang='lat' dir='ltr'><strong>patietur.</strong></span> <span class='ocrx_word' id='word_1_52' title='bbox 1393 796 1531 847; x_wconf 85' lang='lat' dir='ltr'><strong>Pars</strong></span> <span class='ocrx_word' id='word_1_53' title='bbox 1562 788 1809 859; x_wconf 70' lang='lat' dir='ltr'><strong>quaedam</strong></span> <span class='ocrx_word' id='word_1_54' title='bbox 1846 787 1965 839; x_wconf 70' lang='lat' dir='ltr'><strong>hzec</strong></span> 
     </span>
    </p>
   </div>
   <div class='ocr_carea' id='block_1_10' title="bbox 382 876 1963 964">
    <p class='ocr_par' dir='ltr' id='par_1_10' title="bbox 382 876 1963 964">
     <span class='ocr_line' id='line_1_10' title="bbox 382 876 1963 964; baseline -0.015 -11"><span class='ocrx_word' id='word_1_55' title='bbox 382 876 511 954; x_wconf 74' lang='lat' dir='ltr'><strong>sunt</strong></span> <span class='ocrx_word' id='word_1_56' title='bbox 561 911 752 951; x_wconf 87' lang='lat' dir='ltr'><strong>eorum</strong></span> <span class='ocrx_word' id='word_1_57' title='bbox 799 909 922 964; x_wconf 65' lang='lat' dir='ltr'><strong>quae</strong></span> <span class='ocrx_word' id='word_1_58' title='bbox 980 906 1047 946; x_wconf 85' lang='lat' dir='ltr'><strong>ex</strong></span> <span class='ocrx_word' id='word_1_59' title='bbox 1101 887 1359 943; x_wconf 69' lang='lat' dir='ltr'><strong>haeretico</strong></span> <span class='ocrx_word' id='word_1_60' title='bbox 1412 883 1576 940; x_wconf 88' lang='lat' dir='ltr'><strong>corde</strong></span> <span class='ocrx_word' id='word_1_61' title='bbox 1628 894 1729 937; x_wconf 92' lang='lat' dir='ltr'><strong>suo</strong></span> <span class='ocrx_word' id='word_1_62' title='bbox 1772 876 1963 932; x_wconf 86' lang='lat' dir='ltr'><strong>Ariani</strong></span> 
     </span>
    </p>
   </div>
   <div class='ocr_carea' id='block_1_11' title="bbox 381 996 765 1045">
    <p class='ocr_par' dir='ltr' id='par_1_11' title="bbox 381 996 765 1045">
     <span class='ocr_line' id='line_1_11' title="bbox 381 996 765 1045; baseline -0.005 0"><span class='ocrx_word' id='word_1_63' title='bbox 381 996 765 1045; x_wconf 77' lang='lat' dir='ltr'><strong>evomuerunt.</strong></span> 
     </span>
    </p>
   </div>
   <div class='ocr_carea' id='block_1_12' title="bbox 456 1062 1966 1154">
    <p class='ocr_par' dir='ltr' id='par_1_12' title="bbox 456 1062 1966 1154">
     <span class='ocr_line' id='line_1_12' title="bbox 456 1062 1966 1154; baseline -0.015 -16"><span class='ocrx_word' id='word_1_64' title='bbox 456 1080 737 1154; x_wconf 66' lang='grc'><strong>58417.</strong></span> <span class='ocrx_word' id='word_1_65' title='bbox 763 1078 1066 1148; x_wconf 73' lang='lat' dir='ltr'><strong>Antequam</strong></span> <span class='ocrx_word' id='word_1_66' title='bbox 1104 1089 1235 1128; x_wconf 83' lang='lat' dir='ltr'><strong>vero</strong></span> <span class='ocrx_word' id='word_1_67' title='bbox 1281 1070 1499 1126; x_wconf 67' lang='lat' dir='ltr'><strong>Nicaena</strong></span> <span class='ocrx_word' id='word_1_68' title='bbox 1542 1064 1782 1139; x_wconf 81' lang='lat' dir='ltr'><strong>synodus</strong></span> <span class='ocrx_word' id='word_1_69' title='bbox 1822 1062 1966 1154; x_wconf 83' lang='lat' dir='ltr'><strong>cele-</strong></span> 
     </span>
    </p>
   </div>
   <div class='ocr_carea' id='block_1_13' title="bbox 384 1152 1963 1234">
    <p class='ocr_par' dir='ltr' id='par_1_13' title="bbox 384 1152 1963 1234">
     <span class='ocr_line' id='line_1_13' title="bbox 384 1152 1963 1234; baseline -0.015 -4"><span class='ocrx_word' id='word_1_70' title='bbox 384 1152 656 1234; x_wconf 86' lang='lat' dir='ltr'><strong>braretur,</strong></span> <span class='ocrx_word' id='word_1_71' title='bbox 689 1186 879 1226; x_wconf 88' lang='lat' dir='ltr'><strong>eorum</strong></span> <span class='ocrx_word' id='word_1_72' title='bbox 925 1160 1125 1224; x_wconf 73' lang='lat' dir='ltr'><strong>similia</strong></span> <span class='ocrx_word' id='word_1_73' title='bbox 1151 1166 1486 1234; x_wconf 84' lang='lat' dir='ltr'><strong>scripserant</strong></span> <span class='ocrx_word' id='word_1_74' title='bbox 1508 1157 1797 1219; x_wconf 82' lang='lat' dir='ltr'><strong>Eusebius,</strong></span> <span class='ocrx_word' id='word_1_75' title='bbox 1826 1152 1963 1208; x_wconf 86' lang='lat' dir='ltr'><strong>Nar-</strong></span> 
     </span>
    </p>
   </div>
   <div class='ocr_carea' id='block_1_14' title="bbox 386 1249 1961 1334">
    <p class='ocr_par' dir='ltr' id='par_1_14' title="bbox 386 1249 1961 1334">
     <span class='ocr_line' id='line_1_14' title="bbox 386 1249 1961 1334; baseline -0.017 -11"><span class='ocrx_word' id='word_1_76' title='bbox 386 1268 586 1328; x_wconf 87' lang='lat' dir='ltr'><strong>cissus,</strong></span> <span class='ocrx_word' id='word_1_77' title='bbox 624 1263 990 1334; x_wconf 79' lang='lat' dir='ltr'><strong>Patropliilus.</strong></span> <span class='ocrx_word' id='word_1_78' title='bbox 1035 1258 1223 1323; x_wconf 82' lang='lat' dir='ltr'><strong>Maris,</strong></span> <span class='ocrx_word' id='word_1_79' title='bbox 1255 1255 1539 1317; x_wconf 80' lang='lat' dir='ltr'><strong>Paulinus,</strong></span> <span class='ocrx_word' id='word_1_80' title='bbox 1571 1249 1885 1304; x_wconf 81' lang='lat' dir='ltr'><strong>Theodotus</strong></span> <span class='ocrx_word' id='word_1_81' title='bbox 1905 1252 1961 1298; x_wconf 90' lang='lat' dir='ltr'><strong>et</strong></span> 
     </span>
    </p>
   </div>
   <div class='ocr_carea' id='block_1_15' title="bbox 387 1336 1962 1419">
    <p class='ocr_par' dir='ltr' id='par_1_15' title="bbox 387 1336 1962 1419">
     <span class='ocr_line' id='line_1_15' title="bbox 387 1336 1962 1419; baseline -0.017 -4"><span class='ocrx_word' id='word_1_82' title='bbox 387 1359 719 1416; x_wconf 74' lang='lat' dir='ltr'><strong>Athanasius</strong></span> <span class='ocrx_word' id='word_1_83' title='bbox 751 1355 1122 1409; x_wconf 80' lang='lat' dir='ltr'><strong>Nazarborum</strong></span> <span class='ocrx_word' id='word_1_84' title='bbox 1160 1368 1174 1405; x_wconf 92' lang='lat'>:</span> <span class='ocrx_word' id='word_1_85' title='bbox 1234 1362 1471 1419; x_wconf 89' lang='lat' dir='ltr'><strong>quorum</strong></span> <span class='ocrx_word' id='word_1_86' title='bbox 1503 1342 1774 1398; x_wconf 83' lang='lat' dir='ltr'><strong>Eusebius</strong></span> <span class='ocrx_word' id='word_1_87' title='bbox 1801 1336 1962 1391; x_wconf 85' lang='lat' dir='ltr'><strong>Nico-</strong></span> 
     </span>
    </p>
   </div>
   <div class='ocr_carea' id='block_1_16' title="bbox 387 1430 1961 1515">
    <p class='ocr_par' dir='ltr' id='par_1_16' title="bbox 387 1430 1961 1515">
     <span class='ocr_line' id='line_1_16' title="bbox 387 1430 1961 1515; baseline -0.017 -8"><span class='ocrx_word' id='word_1_88' title='bbox 387 1450 679 1507; x_wconf 68' lang='lat' dir='ltr'><strong>meuliensis</strong></span> <span class='ocrx_word' id='word_1_89' title='bbox 698 1462 763 1502; x_wconf 92' lang='lat' dir='ltr'><strong>eo</strong></span> <span class='ocrx_word' id='word_1_90' title='bbox 804 1458 1126 1515; x_wconf 75' lang='lat' dir='ltr'><strong>progressus</strong></span> <span class='ocrx_word' id='word_1_91' title='bbox 1167 1450 1272 1504; x_wconf 87' lang='lat' dir='ltr'><strong>est,</strong></span> <span class='ocrx_word' id='word_1_92' title='bbox 1321 1449 1379 1493; x_wconf 91' lang='lat' dir='ltr'><strong>ut</strong></span> <span class='ocrx_word' id='word_1_93' title='bbox 1412 1439 1526 1492; x_wconf 63' lang='lat' dir='ltr'><strong>haec</strong></span> <span class='ocrx_word' id='word_1_94' title='bbox 1576 1432 1705 1486; x_wconf 90' lang='lat' dir='ltr'><strong>Ario</strong></span> <span class='ocrx_word' id='word_1_95' title='bbox 1729 1430 1961 1498; x_wconf 81' lang='lat' dir='ltr'><strong>scripse-</strong></span> 
     </span>
    </p>
   </div>
   <div class='ocr_carea' id='block_1_17' title="bbox 386 1527 1963 1607">
    <p class='ocr_par' dir='ltr' id='par_1_17' title="bbox 386 1527 1963 1607">
     <span class='ocr_line' id='line_1_17' title="bbox 386 1527 1963 1607; baseline -0.016 -7"><span class='ocrx_word' id='word_1_96' title='bbox 386 1544 460 1600; x_wconf 86' lang='lat' dir='ltr'><strong>rit</strong></span> <span class='ocrx_word' id='word_1_97' title='bbox 486 1563 499 1599; x_wconf 93' lang='lat'><strong>:</strong></span> <span class='ocrx_word' id='word_1_98' title='bbox 533 1561 552 1595; x_wconf 81' lang='grc' dir='ltr'><strong>ι</strong></span> <span class='ocrx_word' id='word_1_99' title='bbox 590 1541 725 1597; x_wconf 89' lang='lat' dir='ltr'><strong>Cum</strong></span> <span class='ocrx_word' id='word_1_100' title='bbox 756 1550 903 1594; x_wconf 82' lang='lat' dir='ltr'><strong>recte</strong></span> <span class='ocrx_word' id='word_1_101' title='bbox 929 1536 1157 1600; x_wconf 85' lang='lat' dir='ltr'><strong>sentias,</strong></span> <span class='ocrx_word' id='word_1_102' title='bbox 1184 1546 1410 1603; x_wconf 86' lang='lat' dir='ltr'><strong>precare</strong></span> <span class='ocrx_word' id='word_1_103' title='bbox 1438 1539 1497 1607; x_wconf 82' lang='lat' dir='ltr'><strong>ut</strong></span> <span class='ocrx_word' id='word_1_104' title='bbox 1521 1542 1714 1582; x_wconf 89' lang='lat' dir='ltr'><strong>omnes</strong></span> <span class='ocrx_word' id='word_1_105' title='bbox 1737 1527 1810 1579; x_wconf 86' lang='lat' dir='ltr'><strong>ita</strong></span> <span class='ocrx_word' id='word_1_106' title='bbox 1839 1537 1963 1577; x_wconf 81' lang='lat' dir='ltr'><strong>sen-</strong></span> 
     </span>
    </p>
   </div>
   <div class='ocr_carea' id='block_1_18' title="bbox 386 1614 1961 1694">
    <p class='ocr_par' dir='ltr' id='par_1_18' title="bbox 386 1614 1961 1694">
     <span class='ocr_line' id='line_1_18' title="bbox 386 1614 1961 1694; baseline -0.017 0"><span class='ocrx_word' id='word_1_107' title='bbox 386 1642 571 1694; x_wconf 84' lang='lat' dir='ltr'><strong>tiant:</strong></span> <span class='ocrx_word' id='word_1_108' title='bbox 628 1632 972 1689; x_wconf 82' lang='lat' dir='ltr'><strong>manifestum</strong></span> <span class='ocrx_word' id='word_1_109' title='bbox 994 1630 1141 1683; x_wconf 93' lang='lat' dir='ltr'><strong>enim</strong></span> <span class='ocrx_word' id='word_1_110' title='bbox 1188 1625 1445 1681; x_wconf 89' lang='lat' dir='ltr'><strong>omnibus</strong></span> <span class='ocrx_word' id='word_1_111' title='bbox 1501 1630 1603 1686; x_wconf 90' lang='lat' dir='ltr'><strong>est,</strong></span> <span class='ocrx_word' id='word_1_112' title='bbox 1641 1619 1771 1674; x_wconf 89' lang='lat' dir='ltr'><strong>illud</strong></span> <span class='ocrx_word' id='word_1_113' title='bbox 1813 1614 1961 1687; x_wconf 89' lang='lat' dir='ltr'><strong>quod</strong></span> 
     </span>
    </p>
   </div>
   <div class='ocr_carea' id='block_1_19' title="bbox 388 1711 1958 1793">
    <p class='ocr_par' dir='ltr' id='par_1_19' title="bbox 388 1711 1958 1793">
     <span class='ocr_line' id='line_1_19' title="bbox 388 1711 1958 1793; baseline -0.015 -6"><span class='ocrx_word' id='word_1_114' title='bbox 388 1732 590 1787; x_wconf 79' lang='lat' dir='ltr'><strong>factum</strong></span> <span class='ocrx_word' id='word_1_115' title='bbox 624 1737 731 1793; x_wconf 88' lang='lat' dir='ltr'><strong>est,</strong></span> <span class='ocrx_word' id='word_1_116' title='bbox 760 1741 870 1780; x_wconf 92' lang='lat' dir='ltr'><strong>non</strong></span> <span class='ocrx_word' id='word_1_117' title='bbox 902 1722 1073 1779; x_wconf 83' lang='lat' dir='ltr'><strong>fuisse</strong></span> <span class='ocrx_word' id='word_1_118' title='bbox 1127 1729 1417 1790; x_wconf 83' lang='lat' dir='ltr'><strong>antequam</strong></span> <span class='ocrx_word' id='word_1_119' title='bbox 1443 1717 1613 1771; x_wconf 89' lang='lat' dir='ltr'><strong>lieret.</strong></span> <span class='ocrx_word' id='word_1_120' title='bbox 1644 1711 1801 1779; x_wconf 91' lang='lat' dir='ltr'><strong>Quod</strong></span> <span class='ocrx_word' id='word_1_121' title='bbox 1856 1726 1958 1765; x_wconf 89' lang='lat' dir='ltr'><strong>au-</strong></span> 
     </span>
    </p>
   </div>
   <div class='ocr_carea' id='block_1_20' title="bbox 389 1786 1969 1883">
    <p class='ocr_par' dir='ltr' id='par_1_20' title="bbox 389 1786 1957 1883">
     <span class='ocr_line' id='line_1_20' title="bbox 389 1786 1957 1883; baseline -0.015 -4"><span class='ocrx_word' id='word_1_122' title='bbox 389 1832 495 1879; x_wconf 87' lang='lat' dir='ltr'><strong>tem</strong></span> <span class='ocrx_word' id='word_1_123' title='bbox 530 1820 732 1875; x_wconf 82' lang='lat' dir='ltr'><strong>factum</strong></span> <span class='ocrx_word' id='word_1_124' title='bbox 755 1825 858 1879; x_wconf 87' lang='lat' dir='ltr'><strong>est,</strong></span> <span class='ocrx_word' id='word_1_125' title='bbox 884 1813 1073 1883; x_wconf 88' lang='lat' dir='ltr'><strong>incipit</strong></span> <span class='ocrx_word' id='word_1_126' title='bbox 1123 1786 1297 1866; x_wconf 49' lang='lat' dir='ltr'><strong>esse;</strong></span> <span class='ocrx_word' id='word_1_127' title='bbox 1354 1808 1624 1867; x_wconf 86' lang='lat' dir='ltr'><strong>Eusebius</strong></span> <span class='ocrx_word' id='word_1_128' title='bbox 1672 1818 1804 1859; x_wconf 82' lang='lat' dir='ltr'><strong>vero</strong></span> <span class='ocrx_word' id='word_1_129' title='bbox 1837 1802 1957 1856; x_wconf 63' lang='lat' dir='ltr'><strong>Ca2-</strong></span> 
     </span>
    </p>
   </div>
   <div class='ocr_carea' id='block_1_21' title="bbox 2073 1786 2762 1883">
    <p class='ocr_par' dir='ltr' id='par_1_21' title="bbox 2073 1786 2762 1863">
     <span class='ocr_line' id='line_1_21' title="bbox 2073 1786 2762 1863; baseline 0 -19"><span class='ocrx_word' id='word_1_130' title='bbox 2073 1793 2113 1845; x_wconf 71' lang='grc' dir='ltr'><strong>ῑὲ</strong></span> <span class='ocrx_word' id='word_1_131' title='bbox 2151 1792 2324 1863; x_wconf 80' lang='grc' dir='ltr'>ἀρχὴν</span> <span class='ocrx_word' id='word_1_132' title='bbox 2352 1791 2462 1863; x_wconf 72' lang='grc' dir='ltr'>ἔχει</span> <span class='ocrx_word' id='word_1_133' title='bbox 2487 1790 2580 1845; x_wconf 90' lang='grc' dir='ltr'><strong>τοῦ</strong></span> <span class='ocrx_word' id='word_1_134' title='bbox 2604 1786 2762 1846; x_wconf 84' lang='grc' dir='ltr'>εἶναι.</span> 
     </span>
    </p>
   </div>
   <div class='ocr_carea' id='block_1_22' title="bbox 390 1895 1963 1975">
    <p class='ocr_par' dir='ltr' id='par_1_22' title="bbox 390 1895 1963 1975">
     <span class='ocr_line' id='line_1_22' title="bbox 390 1895 1963 1975; baseline -0.015 -4"><span class='ocrx_word' id='word_1_135' title='bbox 390 1929 559 1971; x_wconf 66' lang='lat' dir='ltr'><strong>sares:</strong></span> <span class='ocrx_word' id='word_1_136' title='bbox 582 1910 885 1967; x_wconf 64' lang='lat' dir='ltr'><strong>Palaestinae</strong></span> <span class='ocrx_word' id='word_1_137' title='bbox 919 1905 988 1960; x_wconf 85' lang='lat' dir='ltr'><strong>ad</strong></span> <span class='ocrx_word' id='word_1_138' title='bbox 1032 1902 1459 1975; x_wconf 78' lang='lat' dir='ltr'><strong>Euphrationem</strong></span> <span class='ocrx_word' id='word_1_139' title='bbox 1496 1899 1741 1955; x_wconf 87' lang='lat' dir='ltr'><strong>scribens</strong></span> <span class='ocrx_word' id='word_1_140' title='bbox 1780 1895 1963 1968; x_wconf 82' lang='lat' dir='ltr'><strong>[Bala-</strong></span> 
     </span>
    </p>
   </div>
   <div class='ocr_carea' id='block_1_23' title="bbox 389 1986 1963 2078">
    <p class='ocr_par' dir='ltr' id='par_1_23' title="bbox 389 1986 1963 2078">
     <span class='ocr_line' id='line_1_23' title="bbox 389 1986 1963 2078; baseline -0.015 -16"><span class='ocrx_word' id='word_1_141' title='bbox 389 2004 527 2078; x_wconf 63' lang='lat' dir='ltr'><strong>nete]</strong></span> <span class='ocrx_word' id='word_1_142' title='bbox 553 2006 891 2075; x_wconf 84' lang='lat' dir='ltr'><strong>episcopum,</strong></span> <span class='ocrx_word' id='word_1_143' title='bbox 925 2013 1034 2052; x_wconf 91' lang='lat' dir='ltr'><strong>non</strong></span> <span class='ocrx_word' id='word_1_144' title='bbox 1085 1996 1263 2050; x_wconf 81' lang='lat' dir='ltr'><strong>timuit</strong></span> <span class='ocrx_word' id='word_1_145' title='bbox 1314 2001 1498 2062; x_wconf 87' lang='lat' dir='ltr'><strong>aperte</strong></span> <span class='ocrx_word' id='word_1_146' title='bbox 1561 1991 1764 2051; x_wconf 82' lang='lat' dir='ltr'><strong>dicere,</strong></span> <span class='ocrx_word' id='word_1_147' title='bbox 1796 1986 1963 2041; x_wconf 64' lang='lat' dir='ltr'><strong>Chrio</strong></span> 
     </span>
    </p>
   </div>
   <div class='ocr_carea' id='block_1_24' title="bbox 387 2076 1967 2156">
    <p class='ocr_par' dir='ltr' id='par_1_24' title="bbox 387 2076 1967 2156">
     <span class='ocr_line' id='line_1_24' title="bbox 387 2076 1967 2156; baseline -0.015 -1"><span class='ocrx_word' id='word_1_148' title='bbox 387 2076 530 2156; x_wconf 79' lang='lat' dir='ltr'><strong>stum</strong></span> <span class='ocrx_word' id='word_1_149' title='bbox 568 2111 676 2151; x_wconf 88' lang='lat' dir='ltr'><strong>non</strong></span> <span class='ocrx_word' id='word_1_150' title='bbox 724 2106 847 2149; x_wconf 90' lang='lat' dir='ltr'><strong>esse</strong></span> <span class='ocrx_word' id='word_1_151' title='bbox 869 2104 1056 2144; x_wconf 86' lang='lat' dir='ltr'><strong>verum</strong></span> <span class='ocrx_word' id='word_1_152' title='bbox 1090 2087 1280 2142; x_wconf 92' lang='lat' dir='ltr'><strong>Deum.</strong></span> <span class='ocrx_word' id='word_1_153' title='bbox 1325 2084 1429 2140; x_wconf 86' lang='lat' dir='ltr'><strong>Sed</strong></span> <span class='ocrx_word' id='word_1_154' title='bbox 1494 2080 1829 2136; x_wconf 87' lang='lat' dir='ltr'><strong>Athanasius</strong></span> <span class='ocrx_word' id='word_1_155' title='bbox 1858 2076 1967 2132; x_wconf 82' lang='lat' dir='ltr'><strong>Na-</strong></span> 
     </span>
    </p>
   </div>
   <div class='ocr_carea' id='block_1_25' title="bbox 388 2168 1965 2256">
    <p class='ocr_par' dir='ltr' id='par_1_25' title="bbox 388 2168 1965 2256">
     <span class='ocr_line' id='line_1_25' title="bbox 388 2168 1965 2256; baseline -0.015 -11"><span class='ocrx_word' id='word_1_156' title='bbox 388 2190 678 2245; x_wconf 84' lang='lat' dir='ltr'><strong>zarborum</strong></span> <span class='ocrx_word' id='word_1_157' title='bbox 705 2183 945 2256; x_wconf 87' lang='lat' dir='ltr'><strong>apertius</strong></span> <span class='ocrx_word' id='word_1_158' title='bbox 976 2180 1225 2237; x_wconf 66' lang='lat' dir='ltr'><strong>haeresim</strong></span> <span class='ocrx_word' id='word_1_159' title='bbox 1259 2175 1482 2239; x_wconf 83' lang='lat' dir='ltr'><strong>detexit,</strong></span> <span class='ocrx_word' id='word_1_160' title='bbox 1509 2188 1634 2229; x_wconf 94' lang='lat' dir='ltr'><strong>cum</strong></span> <span class='ocrx_word' id='word_1_161' title='bbox 1664 2172 1739 2226; x_wconf 88' lang='lat' dir='ltr'><strong>ait</strong></span> <span class='ocrx_word' id='word_1_162' title='bbox 1767 2168 1965 2224; x_wconf 89' lang='lat' dir='ltr'><strong>Filium</strong></span> 
     </span>
    </p>
   </div>
   <div class='ocr_carea' id='block_1_26' title="bbox 390 2261 1964 2338">
    <p class='ocr_par' dir='ltr' id='par_1_26' title="bbox 390 2261 1964 2338">
     <span class='ocr_line' id='line_1_26' title="bbox 390 2261 1964 2338; baseline -0.013 -2"><span class='ocrx_word' id='word_1_163' title='bbox 390 2283 483 2338; x_wconf 88' lang='lat' dir='ltr'><strong>Dei</strong></span> <span class='ocrx_word' id='word_1_164' title='bbox 521 2296 682 2335; x_wconf 89' lang='lat' dir='ltr'><strong>unam</strong></span> <span class='ocrx_word' id='word_1_165' title='bbox 711 2294 777 2334; x_wconf 90' lang='lat' dir='ltr'><strong>ex</strong></span> <span class='ocrx_word' id='word_1_166' title='bbox 796 2288 1016 2333; x_wconf 90' lang='lat' dir='ltr'><strong>centum</strong></span> <span class='ocrx_word' id='word_1_167' title='bbox 1047 2274 1245 2328; x_wconf 85' lang='lat' dir='ltr'><strong>evihus</strong></span> <span class='ocrx_word' id='word_1_168' title='bbox 1275 2285 1418 2325; x_wconf 86' lang='lat' dir='ltr'><strong>esse.</strong></span> <span class='ocrx_word' id='word_1_169' title='bbox 1472 2268 1531 2321; x_wconf 92' lang='lat' dir='ltr'><strong>In</strong></span> <span class='ocrx_word' id='word_1_170' title='bbox 1579 2266 1695 2321; x_wconf 89' lang='lat' dir='ltr'><strong>suis</strong></span> <span class='ocrx_word' id='word_1_171' title='bbox 1720 2264 1866 2320; x_wconf 90' lang='lat' dir='ltr'><strong>enim</strong></span> <span class='ocrx_word' id='word_1_172' title='bbox 1898 2261 1964 2316; x_wconf 88' lang='lat' dir='ltr'><strong>ad</strong></span> 
     </span>
    </p>
   </div>
   <div class='ocr_carea' id='block_1_27' title="bbox 388 2353 1966 2438">
    <p class='ocr_par' dir='ltr' id='par_1_27' title="bbox 388 2353 1966 2438">
     <span class='ocr_line' id='line_1_27' title="bbox 388 2353 1966 2438; baseline -0.014 -10"><span class='ocrx_word' id='word_1_173' title='bbox 388 2372 757 2428; x_wconf 89' lang='lat' dir='ltr'><strong>Alexandrum</strong></span> <span class='ocrx_word' id='word_1_174' title='bbox 823 2369 1143 2438; x_wconf 86' lang='lat' dir='ltr'><strong>episcopum</strong></span> <span class='ocrx_word' id='word_1_175' title='bbox 1204 2360 1424 2424; x_wconf 89' lang='lat' dir='ltr'><strong>litteris,</strong></span> <span class='ocrx_word' id='word_1_176' title='bbox 1488 2371 1656 2412; x_wconf 87' lang='lat' dir='ltr'><strong>ausus</strong></span> <span class='ocrx_word' id='word_1_177' title='bbox 1701 2363 1787 2411; x_wconf 89' lang='lat' dir='ltr'><strong>est</strong></span> <span class='ocrx_word' id='word_1_178' title='bbox 1851 2353 1966 2407; x_wconf 69' lang='lat' dir='ltr'><strong>hmc</strong></span> 
     </span>
    </p>
   </div>
   <div class='ocr_carea' id='block_1_28' title="bbox 390 2447 1966 2534">
    <p class='ocr_par' dir='ltr' id='par_1_28' title="bbox 390 2447 1966 2534">
     <span class='ocr_line' id='line_1_28' title="bbox 390 2447 1966 2534; baseline -0.016 -13"><span class='ocrx_word' id='word_1_179' title='bbox 390 2463 634 2534; x_wconf 72' lang='lat' dir='ltr'><strong>proferre</strong></span> <span class='ocrx_word' id='word_1_180' title='bbox 663 2481 678 2518; x_wconf 89' lang='lat'><strong>:</strong></span> <span class='ocrx_word' id='word_1_181' title='bbox 716 2480 734 2513; x_wconf 78' lang='grc' dir='ltr'><strong>ι</strong></span> <span class='ocrx_word' id='word_1_182' title='bbox 766 2459 878 2515; x_wconf 88' lang='lat' dir='ltr'><strong>Cur</strong></span> <span class='ocrx_word' id='word_1_183' title='bbox 903 2456 1134 2512; x_wconf 84' lang='lat' dir='ltr'><strong>Arianos</strong></span> <span class='ocrx_word' id='word_1_184' title='bbox 1157 2452 1341 2522; x_wconf 72' lang='lat' dir='ltr'><strong>arguis</strong></span> <span class='ocrx_word' id='word_1_185' title='bbox 1363 2447 1511 2520; x_wconf 89' lang='lat' dir='ltr'><strong>quod</strong></span> <span class='ocrx_word' id='word_1_186' title='bbox 1539 2448 1744 2511; x_wconf 86' lang='lat' dir='ltr'><strong>dicant,</strong></span> <span class='ocrx_word' id='word_1_187' title='bbox 1764 2458 1832 2500; x_wconf 83' lang='lat' dir='ltr'><strong>ex</strong></span> <span class='ocrx_word' id='word_1_188' title='bbox 1857 2456 1966 2498; x_wconf 89' lang='lat' dir='ltr'><strong>non</strong></span> 
     </span>
    </p>
   </div>
   <div class='ocr_carea' id='block_1_29' title="bbox 389 2541 1967 2614">
    <p class='ocr_par' dir='ltr' id='par_1_29' title="bbox 389 2541 1967 2614">
     <span class='ocr_line' id='line_1_29' title="bbox 389 2541 1967 2614; baseline -0.016 0"><span class='ocrx_word' id='word_1_189' title='bbox 389 2556 732 2614; x_wconf 72' lang='lat' dir='ltr'><strong>exstantibus</strong></span> <span class='ocrx_word' id='word_1_190' title='bbox 768 2552 966 2607; x_wconf 86' lang='lat' dir='ltr'><strong>Filium</strong></span> <span class='ocrx_word' id='word_1_191' title='bbox 1015 2549 1105 2604; x_wconf 89' lang='lat' dir='ltr'><strong>Dei</strong></span> <span class='ocrx_word' id='word_1_192' title='bbox 1157 2554 1399 2603; x_wconf 90' lang='lat' dir='ltr'><strong>creatum</strong></span> <span class='ocrx_word' id='word_1_193' title='bbox 1435 2541 1768 2610; x_wconf 77' lang='lat' dir='ltr'><strong>factumque,</strong></span> <span class='ocrx_word' id='word_1_194' title='bbox 1803 2545 1967 2606; x_wconf 89' lang='lat' dir='ltr'><strong>atque</strong></span> 
     </span>
    </p>
   </div>
   <div class='ocr_carea' id='block_1_30' title="bbox 389 2630 1966 2705">
    <p class='ocr_par' dir='ltr' id='par_1_30' title="bbox 389 2630 1966 2705">
     <span class='ocr_line' id='line_1_30' title="bbox 389 2630 1966 2705; baseline -0.014 0"><span class='ocrx_word' id='word_1_195' title='bbox 389 2666 454 2705; x_wconf 86' lang='lat' dir='ltr'><strong>ex</strong></span> <span class='ocrx_word' id='word_1_196' title='bbox 488 2649 742 2705; x_wconf 88' lang='lat' dir='ltr'><strong>omnibus</strong></span> <span class='ocrx_word' id='word_1_197' title='bbox 770 2660 938 2700; x_wconf 90' lang='lat' dir='ltr'><strong>unum</strong></span> <span class='ocrx_word' id='word_1_198' title='bbox 965 2641 1122 2698; x_wconf 81' lang='lat' dir='ltr'><strong>esse?</strong></span> <span class='ocrx_word' id='word_1_199' title='bbox 1142 2656 1265 2695; x_wconf 90' lang='lat' dir='ltr'><strong>cum</strong></span> <span class='ocrx_word' id='word_1_200' title='bbox 1285 2638 1428 2693; x_wconf 90' lang='lat' dir='ltr'><strong>enim</strong></span> <span class='ocrx_word' id='word_1_201' title='bbox 1454 2637 1509 2690; x_wconf 88' lang='lat' dir='ltr'><strong>in</strong></span> <span class='ocrx_word' id='word_1_202' title='bbox 1534 2642 1752 2690; x_wconf 85' lang='lat' dir='ltr'><strong>centum</strong></span> <span class='ocrx_word' id='word_1_203' title='bbox 1774 2630 1966 2686; x_wconf 75' lang='lat' dir='ltr'><strong>oribus</strong></span> 
     </span>
    </p>
   </div>
   <div class='ocr_carea' id='block_1_31' title="bbox 392 2727 1966 2813">
    <p class='ocr_par' dir='ltr' id='par_1_31' title="bbox 392 2727 1966 2813">
     <span class='ocr_line' id='line_1_31' title="bbox 392 2727 1966 2813; baseline -0.013 -19"><span class='ocrx_word' id='word_1_204' title='bbox 392 2740 607 2813; x_wconf 81' lang='lat' dir='ltr'><strong>opiﬁcia</strong></span> <span class='ocrx_word' id='word_1_205' title='bbox 637 2737 819 2793; x_wconf 89' lang='lat' dir='ltr'><strong>omnia</strong></span> <span class='ocrx_word' id='word_1_206' title='bbox 862 2751 960 2806; x_wconf 91' lang='lat' dir='ltr'><strong>per</strong></span> <span class='ocrx_word' id='word_1_207' title='bbox 1001 2732 1314 2803; x_wconf 84' lang='lat' dir='ltr'><strong>parabolam</strong></span> <span class='ocrx_word' id='word_1_208' title='bbox 1374 2727 1703 2791; x_wconf 90' lang='lat' dir='ltr'><strong>iudicentur,</strong></span> <span class='ocrx_word' id='word_1_209' title='bbox 1749 2737 1858 2776; x_wconf 90' lang='lat' dir='ltr'><strong>una</strong></span> <span class='ocrx_word' id='word_1_210' title='bbox 1898 2735 1966 2775; x_wconf 89' lang='lat' dir='ltr'><strong>ex</strong></span> 
     </span>
    </p>
   </div>
   <div class='ocr_carea' id='block_1_32' title="bbox 391 2818 1970 2901">
    <p class='ocr_par' dir='ltr' id='par_1_32' title="bbox 391 2818 1970 2901">
     <span class='ocr_line' id='line_1_32' title="bbox 391 2818 1970 2901; baseline -0.013 -14"><span class='ocrx_word' id='word_1_211' title='bbox 391 2833 501 2887; x_wconf 90' lang='lat' dir='ltr'><strong>illis</strong></span> <span class='ocrx_word' id='word_1_212' title='bbox 524 2840 609 2886; x_wconf 89' lang='lat' dir='ltr'><strong>est</strong></span> <span class='ocrx_word' id='word_1_213' title='bbox 632 2832 747 2901; x_wconf 89' lang='lat' dir='ltr'><strong>ipse</strong></span> <span class='ocrx_word' id='word_1_214' title='bbox 769 2826 962 2882; x_wconf 87' lang='lat' dir='ltr'><strong>Filius.</strong></span> <span class='ocrx_word' id='word_1_215' title='bbox 994 2824 1053 2879; x_wconf 92' lang='lat' dir='ltr'><strong>Si</strong></span> <span class='ocrx_word' id='word_1_216' title='bbox 1098 2825 1261 2895; x_wconf 78' lang='lat' dir='ltr'><strong>igitur</strong></span> <span class='ocrx_word' id='word_1_217' title='bbox 1291 2831 1510 2876; x_wconf 87' lang='lat' dir='ltr'><strong>centum</strong></span> <span class='ocrx_word' id='word_1_218' title='bbox 1569 2818 1675 2873; x_wconf 75' lang='lat' dir='ltr'><strong>illae</strong></span> <span class='ocrx_word' id='word_1_219' title='bbox 1702 2831 1811 2871; x_wconf 89' lang='lat' dir='ltr'><strong>non</strong></span> <span class='ocrx_word' id='word_1_220' title='bbox 1838 2822 1970 2868; x_wconf 84' lang='lat' dir='ltr'><strong>sunt</strong></span> 
     </span>
    </p>
   </div>
   <div class='ocr_carea' id='block_1_33' title="bbox 391 2910 1970 2989">
    <p class='ocr_par' dir='ltr' id='par_1_33' title="bbox 391 2910 1970 2989">
     <span class='ocr_line' id='line_1_33' title="bbox 391 2910 1970 2989; baseline -0.013 -9"><span class='ocrx_word' id='word_1_221' title='bbox 391 2932 586 2980; x_wconf 74' lang='lat' dir='ltr'><strong>creatae</strong></span> <span class='ocrx_word' id='word_1_222' title='bbox 616 2938 702 2977; x_wconf 88' lang='lat' dir='ltr'><strong>res</strong></span> <span class='ocrx_word' id='word_1_223' title='bbox 749 2931 801 2975; x_wconf 89' lang='lat' dir='ltr'><strong>et</strong></span> <span class='ocrx_word' id='word_1_224' title='bbox 853 2919 1088 2989; x_wconf 80' lang='lat' dir='ltr'><strong>Opiﬁcia,</strong></span> <span class='ocrx_word' id='word_1_225' title='bbox 1120 2925 1215 2970; x_wconf 89' lang='lat' dir='ltr'><strong>aut.</strong></span> <span class='ocrx_word' id='word_1_226' title='bbox 1247 2915 1296 2969; x_wconf 91' lang='lat' dir='ltr'><strong>si</strong></span> <span class='ocrx_word' id='word_1_227' title='bbox 1353 2922 1549 2983; x_wconf 65' lang='lat' dir='ltr'><strong>praeter</strong></span> <span class='ocrx_word' id='word_1_228' title='bbox 1601 2910 1721 2964; x_wconf 88' lang='lat' dir='ltr'><strong>illas</strong></span> <span class='ocrx_word' id='word_1_229' title='bbox 1751 2915 1970 2963; x_wconf 88' lang='lat' dir='ltr'><strong>centum</strong></span> 
     </span>
    </p>
   </div>
   <div class='ocr_carea' id='block_1_34' title="bbox 392 3002 1972 3085">
    <p class='ocr_par' dir='ltr' id='par_1_34' title="bbox 392 3002 1972 3085">
     <span class='ocr_line' id='line_1_34' title="bbox 392 3002 1972 3085; baseline -0.012 -14"><span class='ocrx_word' id='word_1_230' title='bbox 392 3016 537 3071; x_wconf 90' lang='lat' dir='ltr'><strong>aliud</strong></span> <span class='ocrx_word' id='word_1_231' title='bbox 562 3013 839 3085; x_wconf 87' lang='lat' dir='ltr'><strong>quidpiam</strong></span> <span class='ocrx_word' id='word_1_232' title='bbox 873 3011 1150 3066; x_wconf 83' lang='lat' dir='ltr'><strong>exsistat:</strong></span> <span class='ocrx_word' id='word_1_233' title='bbox 1215 3022 1315 3061; x_wconf 84' lang='lat' dir='ltr'><strong>nec</strong></span> <span class='ocrx_word' id='word_1_234' title='bbox 1363 3004 1538 3059; x_wconf 88' lang='lat' dir='ltr'><strong>Filius</strong></span> <span class='ocrx_word' id='word_1_235' title='bbox 1582 3002 1772 3073; x_wconf 88' lang='lat' dir='ltr'><strong>utique</strong></span> <span class='ocrx_word' id='word_1_236' title='bbox 1815 3013 1972 3055; x_wconf 83' lang='lat' dir='ltr'><strong>crea-</strong></span> 
     </span>
    </p>
   </div>
   <div class='ocr_carea' id='block_1_35' title="bbox 394 3091 1972 3169">
    <p class='ocr_par' dir='ltr' id='par_1_35' title="bbox 394 3091 1972 3169">
     <span class='ocr_line' id='line_1_35' title="bbox 394 3091 1972 3169; baseline -0.013 -5"><span class='ocrx_word' id='word_1_237' title='bbox 394 3117 514 3164; x_wconf 89' lang='lat' dir='ltr'><strong>tura</strong></span> <span class='ocrx_word' id='word_1_238' title='bbox 538 3116 642 3169; x_wconf 88' lang='lat' dir='ltr'><strong>est,</strong></span> <span class='ocrx_word' id='word_1_239' title='bbox 675 3114 771 3159; x_wconf 91' lang='lat' dir='ltr'><strong>aut</strong></span> <span class='ocrx_word' id='word_1_240' title='bbox 794 3118 938 3157; x_wconf 92' lang='lat' dir='ltr'><strong>unus</strong></span> <span class='ocrx_word' id='word_1_241' title='bbox 959 3116 1023 3156; x_wconf 89' lang='lat' dir='ltr'><strong>ex</strong></span> <span class='ocrx_word' id='word_1_242' title='bbox 1050 3098 1330 3154; x_wconf 90' lang='lat' dir='ltr'><strong>omnibus.</strong></span> <span class='ocrx_word' id='word_1_243' title='bbox 1357 3096 1514 3164; x_wconf 85' lang='lat' dir='ltr'><strong>Quod</strong></span> <span class='ocrx_word' id='word_1_244' title='bbox 1542 3095 1588 3151; x_wconf 89' lang='lat' dir='ltr'><strong>si</strong></span> <span class='ocrx_word' id='word_1_245' title='bbox 1617 3104 1835 3150; x_wconf 86' lang='lat' dir='ltr'><strong>centum</strong></span> <span class='ocrx_word' id='word_1_246' title='bbox 1865 3091 1972 3145; x_wconf 67' lang='lat' dir='ltr'><strong>illa:</strong></span> 
     </span>
    </p>
   </div>
   <div class='ocr_carea' id='block_1_36' title="bbox 393 3187 1971 3261">
    <p class='ocr_par' dir='ltr' id='par_1_36' title="bbox 393 3187 1971 3261">
     <span class='ocr_line' id='line_1_36' title="bbox 393 3187 1971 3261; baseline -0.011 -4"><span class='ocrx_word' id='word_1_247' title='bbox 393 3217 582 3257; x_wconf 87' lang='lat' dir='ltr'><strong>omnes</strong></span> <span class='ocrx_word' id='word_1_248' title='bbox 606 3208 803 3257; x_wconf 73' lang='lat' dir='ltr'><strong>creatae</strong></span> <span class='ocrx_word' id='word_1_249' title='bbox 832 3212 921 3251; x_wconf 90' lang='lat' dir='ltr'><strong>res</strong></span> <span class='ocrx_word' id='word_1_250' title='bbox 965 3195 1095 3260; x_wconf 88' lang='lat' dir='ltr'><strong>sint,</strong></span> <span class='ocrx_word' id='word_1_251' title='bbox 1134 3193 1380 3261; x_wconf 88' lang='lat' dir='ltr'><strong>nihilque</strong></span> <span class='ocrx_word' id='word_1_252' title='bbox 1405 3190 1477 3245; x_wconf 90' lang='lat' dir='ltr'><strong>sit</strong></span> <span class='ocrx_word' id='word_1_253' title='bbox 1509 3200 1664 3244; x_wconf 83' lang='lat' dir='ltr'><strong>extra</strong></span> <span class='ocrx_word' id='word_1_254' title='bbox 1697 3187 1820 3242; x_wconf 86' lang='lat' dir='ltr'><strong>illas</strong></span> <span class='ocrx_word' id='word_1_255' title='bbox 1841 3200 1971 3240; x_wconf 87' lang='lat' dir='ltr'><strong>cen-</strong></span> 
     </span>
    </p>
   </div>
   <div class='ocr_carea' id='block_1_37' title="bbox 396 3281 1967 3367">
    <p class='ocr_par' dir='ltr' id='par_1_37' title="bbox 396 3281 1967 3367">
     <span class='ocr_line' id='line_1_37' title="bbox 396 3281 1967 3367; baseline -0.01 -16"><span class='ocrx_word' id='word_1_256' title='bbox 396 3307 507 3352; x_wconf 88' lang='lat' dir='ltr'><strong>tum</strong></span> <span class='ocrx_word' id='word_1_257' title='bbox 534 3305 725 3367; x_wconf 70' lang='lat' dir='ltr'><strong>prteter</strong></span> <span class='ocrx_word' id='word_1_258' title='bbox 744 3295 920 3348; x_wconf 89' lang='lat' dir='ltr'><strong>solum</strong></span> <span class='ocrx_word' id='word_1_259' title='bbox 949 3291 1142 3355; x_wconf 86' lang='lat' dir='ltr'><strong>Deum,</strong></span> <span class='ocrx_word' id='word_1_260' title='bbox 1163 3289 1292 3360; x_wconf 92' lang='lat' dir='ltr'><strong>quid</strong></span> <span class='ocrx_word' id='word_1_261' title='bbox 1313 3286 1535 3343; x_wconf 90' lang='lat' dir='ltr'><strong>absurdi</strong></span> <span class='ocrx_word' id='word_1_262' title='bbox 1554 3285 1743 3340; x_wconf 90' lang='lat' dir='ltr'><strong>dicunt</strong></span> <span class='ocrx_word' id='word_1_263' title='bbox 1759 3281 1967 3346; x_wconf 86' lang='lat' dir='ltr'><strong>Ariani,</strong></span> 
     </span>
    </p>
   </div>
   <div class='ocr_carea' id='block_1_38' title="bbox 394 3380 1970 3449">
    <p class='ocr_par' dir='ltr' id='par_1_38' title="bbox 394 3380 1970 3449">
     <span class='ocr_line' id='line_1_38' title="bbox 394 3380 1970 3449; baseline -0.011 -4"><span class='ocrx_word' id='word_1_264' title='bbox 394 3391 440 3446; x_wconf 88' lang='lat' dir='ltr'><strong>si</strong></span> <span class='ocrx_word' id='word_1_265' title='bbox 473 3390 525 3444; x_wconf 92' lang='lat' dir='ltr'><strong>in</strong></span> <span class='ocrx_word' id='word_1_266' title='bbox 552 3389 657 3443; x_wconf 90' lang='lat' dir='ltr'><strong>illis</strong></span> <span class='ocrx_word' id='word_1_267' title='bbox 680 3398 923 3448; x_wconf 90' lang='lat' dir='ltr'><strong>centum,</strong></span> <span class='ocrx_word' id='word_1_268' title='bbox 955 3385 1231 3439; x_wconf 78' lang='lat' dir='ltr'><strong>Christum</strong></span> <span class='ocrx_word' id='word_1_269' title='bbox 1272 3380 1692 3449; x_wconf 87' lang='lat' dir='ltr'><strong>complectentes</strong></span> <span class='ocrx_word' id='word_1_270' title='bbox 1716 3385 1771 3432; x_wconf 91' lang='lat' dir='ltr'><strong>et</strong></span> <span class='ocrx_word' id='word_1_271' title='bbox 1791 3390 1970 3429; x_wconf 91' lang='lat' dir='ltr'><strong>anuu-</strong></span> 
     </span>
    </p>
   </div>
   <div class='ocr_carea' id='block_1_39' title="bbox 397 3467 1965 3543">
    <p class='ocr_par' dir='ltr' id='par_1_39' title="bbox 397 3467 1965 3543">
     <span class='ocr_line' id='line_1_39' title="bbox 397 3467 1965 3543; baseline -0.011 -10"><span class='ocrx_word' id='word_1_272' title='bbox 397 3489 690 3543; x_wconf 85' lang='lat' dir='ltr'><strong>inerantes,</strong></span> <span class='ocrx_word' id='word_1_273' title='bbox 736 3493 906 3532; x_wconf 90' lang='lat' dir='ltr'><strong>unum</strong></span> <span class='ocrx_word' id='word_1_274' title='bbox 942 3492 1005 3531; x_wconf 86' lang='lat' dir='ltr'><strong>ex</strong></span> <span class='ocrx_word' id='word_1_275' title='bbox 1065 3473 1323 3529; x_wconf 90' lang='lat' dir='ltr'><strong>omnibus</strong></span> <span class='ocrx_word' id='word_1_276' title='bbox 1397 3471 1550 3524; x_wconf 90' lang='lat' dir='ltr'><strong>illum</strong></span> <span class='ocrx_word' id='word_1_277' title='bbox 1603 3467 1904 3524; x_wconf 78' lang='lat' dir='ltr'><strong>aliirment?</strong></span> <span class='ocrx_word' id='word_1_278' title='bbox 1945 3482 1965 3516; x_wconf 68' lang='grc' dir='ltr'><strong>ι</strong></span> 
     </span>
    </p>
   </div>
   <div class='ocr_carea' id='block_1_40' title="bbox 394 3563 1969 3644">
    <p class='ocr_par' dir='ltr' id='par_1_40' title="bbox 394 3563 1969 3644">
     <span class='ocr_line' id='line_1_40' title="bbox 394 3563 1969 3644; baseline -0.009 -17"><span class='ocrx_word' id='word_1_279' title='bbox 394 3573 660 3644; x_wconf 81' lang='lat' dir='ltr'><strong>Georgius</strong></span> <span class='ocrx_word' id='word_1_280' title='bbox 704 3580 885 3626; x_wconf 89' lang='lat' dir='ltr'><strong>autem</strong></span> <span class='ocrx_word' id='word_1_281' title='bbox 937 3569 1030 3640; x_wconf 89' lang='lat' dir='ltr'><strong>qui</strong></span> <span class='ocrx_word' id='word_1_282' title='bbox 1067 3582 1215 3622; x_wconf 91' lang='lat' dir='ltr'><strong>nunc</strong></span> <span class='ocrx_word' id='word_1_283' title='bbox 1246 3565 1528 3620; x_wconf 72' lang='lat' dir='ltr'><strong>Laodiceae</strong></span> <span class='ocrx_word' id='word_1_284' title='bbox 1554 3563 1844 3632; x_wconf 85' lang='lat' dir='ltr'><strong>episcopus</strong></span> <span class='ocrx_word' id='word_1_285' title='bbox 1864 3569 1969 3624; x_wconf 90' lang='lat' dir='ltr'><strong>est,</strong></span> 
     </span>
    </p>
   </div>
   <div class='ocr_carea' id='block_1_41' title="bbox 395 3651 1974 3735">
    <p class='ocr_par' dir='ltr' id='par_1_41' title="bbox 395 3651 1974 3735">
     <span class='ocr_line' id='line_1_41' title="bbox 395 3651 1974 3735; baseline -0.009 -16"><span class='ocrx_word' id='word_1_286' title='bbox 395 3673 622 3735; x_wconf 91' lang='lat' dir='ltr'><strong>tumque</strong></span> <span class='ocrx_word' id='word_1_287' title='bbox 650 3661 991 3716; x_wconf 69' lang='lat' dir='ltr'><strong>Alexandriae</strong></span> <span class='ocrx_word' id='word_1_288' title='bbox 1046 3660 1329 3730; x_wconf 77' lang='lat' dir='ltr'><strong>presbyter</strong></span> <span class='ocrx_word' id='word_1_289' title='bbox 1377 3664 1518 3721; x_wconf 87' lang='lat' dir='ltr'><strong>erat,</strong></span> <span class='ocrx_word' id='word_1_290' title='bbox 1581 3654 1637 3708; x_wconf 76' lang='lat' dir='ltr'><strong>et</strong></span> <span class='ocrx_word' id='word_1_291' title='bbox 1668 3651 1974 3707; x_wconf 67' lang='lat' dir='ltr'><strong>Antiochiae</strong></span> 
     </span>
    </p>
   </div>
   <div class='ocr_carea' id='block_1_42' title="bbox 393 3744 1974 3817">
    <p class='ocr_par' dir='ltr' id='par_1_42' title="bbox 393 3744 1974 3817">
     <span class='ocr_line' id='line_1_42' title="bbox 393 3744 1974 3817; baseline -0.008 -5"><span class='ocrx_word' id='word_1_292' title='bbox 393 3756 875 3815; x_wconf 84' lang='lat' dir='ltr'><strong>commorabatur,</strong></span> <span class='ocrx_word' id='word_1_293' title='bbox 934 3751 1001 3806; x_wconf 85' lang='lat' dir='ltr'><strong>ad</strong></span> <span class='ocrx_word' id='word_1_294' title='bbox 1071 3749 1442 3805; x_wconf 80' lang='lat' dir='ltr'><strong>Alexandrum</strong></span> <span class='ocrx_word' id='word_1_295' title='bbox 1492 3746 1809 3817; x_wconf 87' lang='lat' dir='ltr'><strong>episcopum</strong></span> <span class='ocrx_word' id='word_1_296' title='bbox 1858 3744 1974 3799; x_wconf 71' lang='lat' dir='ltr'><strong>baac</strong></span> 
     </span>
    </p>
   </div>
   <div class='ocr_carea' id='block_1_43' title="bbox 395 3838 1977 3919">
    <p class='ocr_par' dir='ltr' id='par_1_43' title="bbox 395 3838 1977 3919">
     <span class='ocr_line' id='line_1_43' title="bbox 395 3838 1977 3919; baseline -0.01 -14"><span class='ocrx_word' id='word_1_297' title='bbox 395 3851 613 3919; x_wconf 86' lang='lat' dir='ltr'><strong>scripsit</strong></span> <span class='ocrx_word' id='word_1_298' title='bbox 647 3866 661 3902; x_wconf 87' lang='lat'><strong>:</strong></span> <span class='ocrx_word' id='word_1_299' title='bbox 700 3867 720 3899; x_wconf 78' lang='grc' dir='ltr'><strong>ι</strong></span> <span class='ocrx_word' id='word_1_300' title='bbox 754 3844 832 3901; x_wconf 86' lang='lat' dir='ltr'><strong>Ne</strong></span> <span class='ocrx_word' id='word_1_301' title='bbox 866 3845 1100 3900; x_wconf 82' lang='lat' dir='ltr'><strong>Arianos</strong></span> <span class='ocrx_word' id='word_1_302' title='bbox 1146 3841 1539 3913; x_wconf 83' lang='lat' dir='ltr'><strong>reprehendas,</strong></span> <span class='ocrx_word' id='word_1_303' title='bbox 1572 3839 1717 3906; x_wconf 85' lang='lat' dir='ltr'><strong>quod</strong></span> <span class='ocrx_word' id='word_1_304' title='bbox 1750 3838 1977 3891; x_wconf 68' lang='lat' dir='ltr'><strong>dicant!</strong></span> 
     </span>
    </p>
   </div>
   <div class='ocr_carea' id='block_1_44' title="bbox 394 3929 1972 4010">
    <p class='ocr_par' dir='ltr' id='par_1_44' title="bbox 394 3929 1972 4010">
     <span class='ocr_line' id='line_1_44' title="bbox 394 3929 1972 4010; baseline -0.01 -15"><span class='ocrx_word' id='word_1_305' title='bbox 394 3940 524 3995; x_wconf 82' lang='lat' dir='ltr'><strong>Erat</strong></span> <span class='ocrx_word' id='word_1_306' title='bbox 577 3950 794 4010; x_wconf 87' lang='lat' dir='ltr'><strong>tempus</strong></span> <span class='ocrx_word' id='word_1_307' title='bbox 845 3952 969 3993; x_wconf 92' lang='lat' dir='ltr'><strong>cum</strong></span> <span class='ocrx_word' id='word_1_308' title='bbox 1020 3951 1126 3989; x_wconf 92' lang='lat' dir='ltr'><strong>non</strong></span> <span class='ocrx_word' id='word_1_309' title='bbox 1173 3944 1317 3990; x_wconf 87' lang='lat' dir='ltr'><strong>esset</strong></span> <span class='ocrx_word' id='word_1_310' title='bbox 1362 3931 1534 3987; x_wconf 86' lang='lat' dir='ltr'><strong>Filius</strong></span> <span class='ocrx_word' id='word_1_311' title='bbox 1575 3930 1715 3986; x_wconf 89' lang='lat' dir='ltr'><strong>Dei:</strong></span> <span class='ocrx_word' id='word_1_312' title='bbox 1771 3929 1972 3985; x_wconf 89' lang='lat' dir='ltr'><strong>etenim</strong></span> 
     </span>
    </p>
   </div>
   <div class='ocr_carea' id='block_1_45' title="bbox 397 4028 1973 4098">
    <p class='ocr_par' dir='ltr' id='par_1_45' title="bbox 397 4028 1973 4098">
     <span class='ocr_line' id='line_1_45' title="bbox 397 4028 1973 4098; baseline -0.007 -12"><span class='ocrx_word' id='word_1_313' title='bbox 397 4035 569 4089; x_wconf 86' lang='lat' dir='ltr'><strong>Isaias</strong></span> <span class='ocrx_word' id='word_1_314' title='bbox 599 4034 745 4088; x_wconf 82' lang='lat' dir='ltr'><strong>(ilius</strong></span> <span class='ocrx_word' id='word_1_315' title='bbox 801 4030 905 4085; x_wconf 78' lang='lat' dir='ltr'><strong>fuit</strong></span> <span class='ocrx_word' id='word_1_316' title='bbox 950 4030 1143 4093; x_wconf 85' lang='lat' dir='ltr'><strong>Amos,</strong></span> <span class='ocrx_word' id='word_1_317' title='bbox 1188 4029 1416 4098; x_wconf 85' lang='lat' dir='ltr'><strong>ipseque</strong></span> <span class='ocrx_word' id='word_1_318' title='bbox 1444 4028 1613 4080; x_wconf 86' lang='lat' dir='ltr'><strong>Amos</strong></span> <span class='ocrx_word' id='word_1_319' title='bbox 1669 4032 1789 4078; x_wconf 89' lang='lat' dir='ltr'><strong>erat</strong></span> <span class='ocrx_word' id='word_1_320' title='bbox 1816 4030 1973 4076; x_wconf 83' lang='lat' dir='ltr'><strong>ante-</strong></span> 
     </span>
    </p>
   </div>
   <div class='ocr_carea' id='block_1_46' title="bbox 396 4119 1971 4194">
    <p class='ocr_par' dir='ltr' id='par_1_46' title="bbox 396 4119 1971 4194">
     <span class='ocr_line' id='line_1_46' title="bbox 396 4119 1971 4194; baseline -0.006 -15"><span class='ocrx_word' id='word_1_321' title='bbox 396 4140 560 4194; x_wconf 87' lang='lat' dir='ltr'><strong>quam</strong></span> <span class='ocrx_word' id='word_1_322' title='bbox 597 4126 768 4178; x_wconf 89' lang='lat' dir='ltr'><strong>Isaias</strong></span> <span class='ocrx_word' id='word_1_323' title='bbox 800 4121 1088 4177; x_wconf 85' lang='lat' dir='ltr'><strong>exsisteret</strong></span> <span class='ocrx_word' id='word_1_324' title='bbox 1113 4137 1128 4174; x_wconf 87' lang='lat'><strong>:</strong></span> <span class='ocrx_word' id='word_1_325' title='bbox 1187 4119 1356 4174; x_wconf 87' lang='lat' dir='ltr'><strong>Isaias</strong></span> <span class='ocrx_word' id='word_1_326' title='bbox 1380 4132 1512 4172; x_wconf 84' lang='lat' dir='ltr'><strong>vero</strong></span> <span class='ocrx_word' id='word_1_327' title='bbox 1540 4132 1650 4170; x_wconf 84' lang='lat' dir='ltr'><strong>nun</strong></span> <span class='ocrx_word' id='word_1_328' title='bbox 1680 4123 1801 4170; x_wconf 90' lang='lat' dir='ltr'><strong>erat</strong></span> <span class='ocrx_word' id='word_1_329' title='bbox 1825 4125 1971 4177; x_wconf 88' lang='lat' dir='ltr'><strong>ante,</strong></span> 
     </span>
    </p>
   </div>
   <div class='ocr_carea' id='block_1_47' title="bbox 396 4209 1975 4288">
    <p class='ocr_par' dir='ltr' id='par_1_47' title="bbox 396 4209 1975 4288">
     <span class='ocr_line' id='line_1_47' title="bbox 396 4209 1975 4288; baseline -0.006 -15"><span class='ocrx_word' id='word_1_330' title='bbox 396 4219 490 4273; x_wconf 86' lang='lat' dir='ltr'><strong>sed</strong></span> <span class='ocrx_word' id='word_1_331' title='bbox 528 4228 708 4288; x_wconf 78' lang='lat' dir='ltr'><strong>postea</strong></span> <span class='ocrx_word' id='word_1_332' title='bbox 742 4217 1005 4272; x_wconf 64' lang='lat' dir='ltr'><strong>exstitit.»</strong></span> <span class='ocrx_word' id='word_1_333' title='bbox 1044 4214 1127 4268; x_wconf 89' lang='lat' dir='ltr'><strong>Ad</strong></span> <span class='ocrx_word' id='word_1_334' title='bbox 1172 4214 1405 4269; x_wconf 87' lang='lat' dir='ltr'><strong>Arianos</strong></span> <span class='ocrx_word' id='word_1_335' title='bbox 1454 4227 1587 4267; x_wconf 83' lang='lat' dir='ltr'><strong>vero</strong></span> <span class='ocrx_word' id='word_1_336' title='bbox 1632 4209 1851 4281; x_wconf 88' lang='lat' dir='ltr'><strong>scripsit</strong></span> <span class='ocrx_word' id='word_1_337' title='bbox 1888 4209 1975 4264; x_wconf 90' lang='lat' dir='ltr'><strong>his</strong></span> 
     </span>
    </p>
   </div>
   <div class='ocr_carea' id='block_1_48' title="bbox 396 4302 1976 4375">
    <p class='ocr_par' dir='ltr' id='par_1_48' title="bbox 396 4302 1976 4375">
     <span class='ocr_line' id='line_1_48' title="bbox 396 4302 1976 4375; baseline -0.005 -12"><span class='ocrx_word' id='word_1_338' title='bbox 396 4311 578 4366; x_wconf 80' lang='lat' dir='ltr'><strong>verbis</strong></span> <span class='ocrx_word' id='word_1_339' title='bbox 602 4327 615 4364; x_wconf 91' lang='lat'><strong>:</strong></span> <span class='ocrx_word' id='word_1_340' title='bbox 651 4330 670 4360; x_wconf 80' lang='grc' dir='ltr'><strong>ι</strong></span> <span class='ocrx_word' id='word_1_341' title='bbox 693 4310 831 4375; x_wconf 78' lang='lat' dir='ltr'><strong>Quid</strong></span> <span class='ocrx_word' id='word_1_342' title='bbox 853 4307 1219 4361; x_wconf 86' lang='lat' dir='ltr'><strong>Alexandrum</strong></span> <span class='ocrx_word' id='word_1_343' title='bbox 1248 4321 1440 4375; x_wconf 86' lang='lat' dir='ltr'><strong>papam</strong></span> <span class='ocrx_word' id='word_1_344' title='bbox 1465 4305 1694 4375; x_wconf 79' lang='lat' dir='ltr'><strong>arguitis</strong></span> <span class='ocrx_word' id='word_1_345' title='bbox 1724 4302 1869 4375; x_wconf 89' lang='lat' dir='ltr'><strong>quod</strong></span> <span class='ocrx_word' id='word_1_346' title='bbox 1891 4302 1976 4356; x_wconf 85' lang='lat' dir='ltr'><strong>di-</strong></span> 
     </span>
    </p>
   </div>
   <div class='ocr_carea' id='block_1_49' title="bbox 399 4397 1975 4456">
    <p class='ocr_par' dir='ltr' id='par_1_49' title="bbox 399 4397 1975 4456">
     <span class='ocr_line' id='line_1_49' title="bbox 399 4397 1975 4456; baseline -0.004 0"><span class='ocrx_word' id='word_1_347' title='bbox 399 4402 539 4456; x_wconf 85' lang='lat' dir='ltr'><strong>xerit</strong></span> <span class='ocrx_word' id='word_1_348' title='bbox 562 4415 624 4454; x_wconf 82' lang='lat' dir='ltr'><strong>ex</strong></span> <span class='ocrx_word' id='word_1_349' title='bbox 656 4398 814 4454; x_wconf 85' lang='lat' dir='ltr'><strong>Patre</strong></span> <span class='ocrx_word' id='word_1_350' title='bbox 838 4397 1034 4453; x_wconf 84' lang='lat' dir='ltr'><strong>Filium</strong></span> <span class='ocrx_word' id='word_1_351' title='bbox 1067 4399 1229 4454; x_wconf 86' lang='lat' dir='ltr'><strong>esse?</strong></span> <span class='ocrx_word' id='word_1_352' title='bbox 1259 4399 1458 4452; x_wconf 90' lang='lat' dir='ltr'><strong>etenim</strong></span> <span class='ocrx_word' id='word_1_353' title='bbox 1487 4413 1589 4452; x_wconf 86' lang='lat' dir='ltr'><strong>nec</strong></span> <span class='ocrx_word' id='word_1_354' title='bbox 1612 4412 1706 4451; x_wconf 83' lang='lat' dir='ltr'><strong>vos</strong></span> <span class='ocrx_word' id='word_1_355' title='bbox 1732 4404 1975 4451; x_wconf 80' lang='lat' dir='ltr'><strong>metuere</strong></span> 
     </span>
    </p>
   </div>
   <div class='ocr_carea' id='block_1_50' title="bbox 2067 495 3642 579">
    <p class='ocr_par' dir='ltr' id='par_1_50' title="bbox 2067 495 3642 579">
     <span class='ocr_line' id='line_1_50' title="bbox 2067 495 3642 579; baseline -0.01 -17"><span class='ocrx_word' id='word_1_356' title='bbox 2067 512 2162 563; x_wconf 76' lang='grc' dir='ltr'><strong>καὶ</strong></span> <span class='ocrx_word' id='word_1_357' title='bbox 2190 508 2347 579; x_wconf 85' lang='grc' dir='ltr'>σῶμα</span> <span class='ocrx_word' id='word_1_358' title='bbox 2377 507 2498 561; x_wconf 85' lang='grc' dir='ltr'>κατ’</span> <span class='ocrx_word' id='word_1_359' title='bbox 2539 507 2759 571; x_wconf 74' lang='grc' dir='ltr'>αὐτοὺς,</span> <span class='ocrx_word' id='word_1_360' title='bbox 2792 505 2887 557; x_wconf 75' lang='grc' dir='ltr'><strong>καὶ</strong></span> <span class='ocrx_word' id='word_1_361' title='bbox 2935 502 2996 555; x_wconf 81' lang='grc' dir='ltr'><strong>τὸ</strong></span> <span class='ocrx_word' id='word_1_362' title='bbox 3028 501 3151 555; x_wconf 84' lang='grc' dir='ltr'>ὅσον</span> <span class='ocrx_word' id='word_1_363' title='bbox 3195 498 3280 551; x_wconf 82' lang='grc' dir='ltr'><strong>ἐπ’</strong></span> <span class='ocrx_word' id='word_1_364' title='bbox 3314 496 3522 560; x_wconf 75' lang='grc' dir='ltr'>αὐτοῖς,</span> <span class='ocrx_word' id='word_1_365' title='bbox 3572 495 3642 548; x_wconf 69' lang='grc' dir='ltr'>τὰ</span> 
     </span>
    </p>
   </div>
   <div class='ocr_carea' id='block_1_51' title="bbox 2066 585 3642 669">
    <p class='ocr_par' dir='ltr' id='par_1_51' title="bbox 2066 585 3642 669">
     <span class='ocr_line' id='line_1_51' title="bbox 2066 585 3642 669; baseline -0.008 -16"><span class='ocrx_word' id='word_1_366' title='bbox 2066 597 2339 653; x_wconf 80' lang='grc' dir='ltr'><strong>ἀκόλουθα</strong></span> <span class='ocrx_word' id='word_1_367' title='bbox 2373 596 2584 669; x_wconf 78' lang='grc' dir='ltr'>σώματι</span> <span class='ocrx_word' id='word_1_368' title='bbox 2612 596 2857 666; x_wconf 82' lang='grc' dir='ltr'>πάσχων,</span> <span class='ocrx_word' id='word_1_369' title='bbox 2896 595 2925 646; x_wconf 91' lang='lat'><strong>6</strong></span> <span class='ocrx_word' id='word_1_370' title='bbox 2957 590 3241 662; x_wconf 79' lang='grc' dir='ltr'><strong>ἀσώματος</strong></span> <span class='ocrx_word' id='word_1_371' title='bbox 3264 585 3642 669; x_wconf 35' lang='grc' dir='ltr'>ΘεόςηΤαῦτα</span> 
     </span>
    </p>
   </div>
   <div class='ocr_carea' id='block_1_52' title="bbox 2066 666 3642 763">
    <p class='ocr_par' dir='ltr' id='par_1_52' title="bbox 2066 666 3642 763">
     <span class='ocr_line' id='line_1_52' title="bbox 2066 666 3642 763; baseline -0.011 -15"><span class='ocrx_word' id='word_1_372' title='bbox 2066 693 2176 748; x_wconf 81' lang='grc' dir='ltr'><strong>ἀπὸ</strong></span> <span class='ocrx_word' id='word_1_373' title='bbox 2205 693 2402 763; x_wconf 81' lang='grc' dir='ltr'><strong>μέρους</strong></span> <span class='ocrx_word' id='word_1_374' title='bbox 2417 666 2491 745; x_wconf 82' lang='grc' dir='ltr'><strong>ὧν</strong></span> <span class='ocrx_word' id='word_1_375' title='bbox 2519 692 2730 762; x_wconf 73' lang='grc' dir='ltr'>ἧμεσαν</span> <span class='ocrx_word' id='word_1_376' title='bbox 2754 692 2819 743; x_wconf 82' lang='grc' dir='ltr'>ὲκ</span> <span class='ocrx_word' id='word_1_377' title='bbox 2846 688 2945 757; x_wconf 82' lang='grc' dir='ltr'>τῆς</span> <span class='ocrx_word' id='word_1_378' title='bbox 2966 684 3175 739; x_wconf 78' lang='grc' dir='ltr'>ἑαυτῶν</span> <span class='ocrx_word' id='word_1_379' title='bbox 3201 666 3482 754; x_wconf 73' lang='grc' dir='ltr'>αἱρετικῆς</span> <span class='ocrx_word' id='word_1_380' title='bbox 3507 693 3642 754; x_wconf 76' lang='grc' dir='ltr'>καρ-</span> 
     </span>
    </p>
   </div>
   <div class='ocr_carea' id='block_1_53' title="bbox 2066 780 3006 859">
    <p class='ocr_par' dir='ltr' id='par_1_53' title="bbox 2066 780 3006 859">
     <span class='ocr_line' id='line_1_53' title="bbox 2066 780 3006 859; baseline -0.009 -19"><span class='ocrx_word' id='word_1_381' title='bbox 2066 786 2181 851; x_wconf 81' lang='grc' dir='ltr'>δίας</span> <span class='ocrx_word' id='word_1_382' title='bbox 2200 787 2250 839; x_wconf 79' lang='grc' dir='ltr'>οἱ</span> <span class='ocrx_word' id='word_1_383' title='bbox 2283 786 2410 859; x_wconf 76' lang='grc' dir='ltr'>περὶ</span> <span class='ocrx_word' id='word_1_384' title='bbox 2437 786 2673 857; x_wconf 71' lang='grc' dir='ltr'>Ἄρειον,</span> <span class='ocrx_word' id='word_1_385' title='bbox 2706 781 2853 835; x_wconf 75' lang='grc' dir='ltr'>ἐστίν</span> <span class='ocrx_word' id='word_1_386' title='bbox 2875 780 3006 851; x_wconf 66' lang='grc'><strong>(54).</strong></span> 
     </span>
    </p>
   </div>
   <div class='ocr_carea' id='block_1_54' title="bbox 2142 1055 3641 1135">
    <p class='ocr_par' dir='ltr' id='par_1_54' title="bbox 2142 1055 3641 1135">
     <span class='ocr_line' id='line_1_54' title="bbox 2142 1055 3641 1135; baseline -0.006 -18"><span class='ocrx_word' id='word_1_387' title='bbox 2142 1064 2224 1118; x_wconf 81' lang='lat' dir='ltr'><strong>l7.</strong></span> <span class='ocrx_word' id='word_1_388' title='bbox 2267 1061 2380 1135; x_wconf 84' lang='grc' dir='ltr'>Πρὸ</span> <span class='ocrx_word' id='word_1_389' title='bbox 2409 1062 2466 1116; x_wconf 78' lang='grc' dir='ltr'><strong>δὲ</strong></span> <span class='ocrx_word' id='word_1_390' title='bbox 2500 1060 2593 1115; x_wconf 90' lang='grc' dir='ltr'><strong>τοῦ</strong></span> <span class='ocrx_word' id='word_1_391' title='bbox 2623 1058 2875 1130; x_wconf 87' lang='grc' dir='ltr'>γενέσθαι</span> <span class='ocrx_word' id='word_1_392' title='bbox 2920 1059 3019 1130; x_wconf 85' lang='grc' dir='ltr'><strong>τὴν</strong></span> <span class='ocrx_word' id='word_1_393' title='bbox 3059 1058 3116 1112; x_wconf 76' lang='grc' dir='ltr'>ὲν</span> <span class='ocrx_word' id='word_1_394' title='bbox 3155 1056 3363 1129; x_wconf 76' lang='grc' dir='ltr'>Νικαίᾳ</span> <span class='ocrx_word' id='word_1_395' title='bbox 3399 1055 3641 1121; x_wconf 82' lang='grc' dir='ltr'>σύνοδον,</span> 
     </span>
    </p>
   </div>
   <div class='ocr_carea' id='block_1_55' title="bbox 2069 1148 3647 1226">
    <p class='ocr_par' dir='ltr' id='par_1_55' title="bbox 2069 1148 3647 1226">
     <span class='ocr_line' id='line_1_55' title="bbox 2069 1148 3647 1226; baseline -0.003 -19"><span class='ocrx_word' id='word_1_396' title='bbox 2069 1154 2312 1226; x_wconf 73' lang='grc' dir='ltr'>ἔγραψαν</span> <span class='ocrx_word' id='word_1_397' title='bbox 2366 1155 2459 1207; x_wconf 71' lang='grc' dir='ltr'><strong>καὶ</strong></span> <span class='ocrx_word' id='word_1_398' title='bbox 2485 1154 2534 1205; x_wconf 78' lang='lat' dir='ltr'><strong>oi</strong></span> <span class='ocrx_word' id='word_1_399' title='bbox 2585 1153 2713 1225; x_wconf 75' lang='grc' dir='ltr'>περὶ</span> <span class='ocrx_word' id='word_1_400' title='bbox 2771 1150 3049 1216; x_wconf 76' lang='grc' dir='ltr'>Εὐσέϐιον,</span> <span class='ocrx_word' id='word_1_401' title='bbox 3084 1150 3394 1223; x_wconf 85' lang='grc' dir='ltr'>Νάρκισσὸν</span> <span class='ocrx_word' id='word_1_402' title='bbox 3446 1166 3508 1202; x_wconf 88' lang='grc' dir='ltr'><strong>τε</strong></span> <span class='ocrx_word' id='word_1_403' title='bbox 3552 1148 3647 1202; x_wconf 72' lang='grc' dir='ltr'>καὶ</span> 
     </span>
    </p>
   </div>
   <div class='ocr_carea' id='block_1_56' title="bbox 2067 1241 3644 1318">
    <p class='ocr_par' dir='ltr' id='par_1_56' title="bbox 2067 1241 3644 1318">
     <span class='ocr_line' id='line_1_56' title="bbox 2067 1241 3644 1318; baseline -0.004 -18"><span class='ocrx_word' id='word_1_404' title='bbox 2067 1246 2427 1318; x_wconf 84' lang='grc' dir='ltr'>Πατρόφιλον,</span> <span class='ocrx_word' id='word_1_405' title='bbox 2462 1246 2555 1300; x_wconf 76' lang='grc' dir='ltr'>καὶ</span> <span class='ocrx_word' id='word_1_406' title='bbox 2587 1246 2791 1318; x_wconf 85' lang='grc' dir='ltr'>Μάριν,</span> <span class='ocrx_word' id='word_1_407' title='bbox 2820 1243 3082 1299; x_wconf 87' lang='grc' dir='ltr'>Παυλῖνόν</span> <span class='ocrx_word' id='word_1_408' title='bbox 3111 1261 3171 1297; x_wconf 89' lang='grc' dir='ltr'><strong>τε</strong></span> <span class='ocrx_word' id='word_1_409' title='bbox 3191 1284 3205 1308; x_wconf 93' lang='grc'><strong>,</strong></span> <span class='ocrx_word' id='word_1_410' title='bbox 3244 1243 3337 1296; x_wconf 78' lang='grc' dir='ltr'>καὶ</span> <span class='ocrx_word' id='word_1_411' title='bbox 3368 1241 3644 1307; x_wconf 82' lang='grc' dir='ltr'><strong>Θεόδοτον,</strong></span> 
     </span>
    </p>
   </div>
   <div class='ocr_carea' id='block_1_57' title="bbox 2067 1334 3701 1408">
    <p class='ocr_par' dir='ltr' id='par_1_57' title="bbox 2067 1334 3701 1408">
     <span class='ocr_line' id='line_1_57' title="bbox 2067 1334 3701 1408; baseline -0.004 -13"><span class='ocrx_word' id='word_1_412' title='bbox 2067 1341 2162 1395; x_wconf 77' lang='grc' dir='ltr'><strong>καὶ</strong></span> <span class='ocrx_word' id='word_1_413' title='bbox 2206 1338 2520 1393; x_wconf 82' lang='grc' dir='ltr'>Ἀθανάσιον</span> <span class='ocrx_word' id='word_1_414' title='bbox 2546 1338 2639 1392; x_wconf 80' lang='grc' dir='ltr'><strong>τὸν</strong></span> <span class='ocrx_word' id='word_1_415' title='bbox 2694 1337 2808 1408; x_wconf 80' lang='lat'><strong>(55)</strong></span> <span class='ocrx_word' id='word_1_416' title='bbox 2870 1334 3315 1408; x_wconf 69' lang='lat' dir='ltr'><strong>art6_NaCa96t‘6v</strong></span> <span class='ocrx_word' id='word_1_417' title='bbox 3372 1334 3441 1387; x_wconf 86' lang='grc' dir='ltr'>τὰ</span> <span class='ocrx_word' id='word_1_418' title='bbox 3485 1334 3647 1403; x_wconf 83' lang='grc' dir='ltr'>ὃμοια</span> <span class='ocrx_word' id='word_1_419' title='bbox 3696 1392 3701 1401; x_wconf 51' lang='grc'><strong>,</strong></span> 
     </span>
    </p>
   </div>
   <div class='ocr_carea' id='block_1_58' title="bbox 2066 1402 3646 1499">
    <p class='ocr_par' dir='ltr' id='par_1_58' title="bbox 2066 1402 3646 1499">
     <span class='ocr_line' id='line_1_58' title="bbox 2066 1402 3646 1499; baseline -0.004 -16"><span class='ocrx_word' id='word_1_420' title='bbox 2066 1431 2269 1494; x_wconf 82' lang='grc' dir='ltr'>αὐτοῖς.</span> <span class='ocrx_word' id='word_1_421' title='bbox 2330 1430 2440 1482; x_wconf 75' lang='grc' dir='ltr'><strong>Καὶ</strong></span> <span class='ocrx_word' id='word_1_422' title='bbox 2469 1431 2497 1482; x_wconf 91' lang='lat'><strong>6</strong></span> <span class='ocrx_word' id='word_1_423' title='bbox 2531 1429 2629 1499; x_wconf 83' lang='grc' dir='ltr'><strong>μὲν</strong></span> <span class='ocrx_word' id='word_1_424' title='bbox 2660 1402 2912 1497; x_wconf 42' lang='lat' dir='ltr'><strong>eam.</strong></span> <span class='ocrx_word' id='word_1_425' title='bbox 2961 1402 3331 1495; x_wconf 55' lang='grc' dir='ltr'>ιὲικομτίδέιας</span> <span class='ocrx_word' id='word_1_426' title='bbox 3385 1402 3646 1487; x_wconf 78' lang='grc' dir='ltr'>Εὐσέϐιος</span> 
     </span>
    </p>
   </div>
   <div class='ocr_carea' id='block_1_59' title="bbox 2065 1513 3645 1595">
    <p class='ocr_par' dir='ltr' id='par_1_59' title="bbox 2065 1513 3645 1595">
     <span class='ocr_line' id='line_1_59' title="bbox 2065 1513 3645 1595; baseline -0.006 -20"><span class='ocrx_word' id='word_1_427' title='bbox 2065 1521 2207 1575; x_wconf 81' lang='grc' dir='ltr'><strong>κατά</strong></span> <span class='ocrx_word' id='word_1_428' title='bbox 2239 1521 2487 1595; x_wconf 86' lang='grc' dir='ltr'>περιττὸν</span> <span class='ocrx_word' id='word_1_429' title='bbox 2515 1520 2749 1591; x_wconf 74' lang='grc' dir='ltr'>ἔγραφεν</span> <span class='ocrx_word' id='word_1_430' title='bbox 2784 1517 2998 1589; x_wconf 83' lang='grc' dir='ltr'>Ἀρείῳ,</span> <span class='ocrx_word' id='word_1_431' title='bbox 3027 1517 3130 1570; x_wconf 82' lang='grc' dir='ltr'>ὃτι’</span> <span class='ocrx_word' id='word_1_432' title='bbox 3154 1535 3173 1568; x_wconf 78' lang='grc' dir='ltr'><strong>ι</strong></span> <span class='ocrx_word' id='word_1_433' title='bbox 3197 1514 3391 1579; x_wconf 82' lang='grc' dir='ltr'>Καλῶς</span> <span class='ocrx_word' id='word_1_434' title='bbox 3410 1513 3645 1586; x_wconf 80' lang='grc' dir='ltr'><strong>φρονῶν,</strong></span> 
     </span>
    </p>
   </div>
   <div class='ocr_carea' id='block_1_60' title="bbox 2066 1607 3644 1684">
    <p class='ocr_par' dir='ltr' id='par_1_60' title="bbox 2066 1607 3644 1684">
     <span class='ocr_line' id='line_1_60' title="bbox 2066 1607 3644 1684; baseline -0.005 -17"><span class='ocrx_word' id='word_1_435' title='bbox 2066 1612 2226 1684; x_wconf 73' lang='grc' dir='ltr'>εὔχου</span> <span class='ocrx_word' id='word_1_436' title='bbox 2262 1614 2466 1676; x_wconf 85' lang='grc' dir='ltr'>πάντας</span> <span class='ocrx_word' id='word_1_437' title='bbox 2497 1611 2670 1675; x_wconf 77' lang='grc' dir='ltr'>οὕτως</span> <span class='ocrx_word' id='word_1_438' title='bbox 2699 1613 2935 1682; x_wconf 77' lang='grc' dir='ltr'>φρονεῖν’</span> <span class='ocrx_word' id='word_1_439' title='bbox 2970 1611 3132 1663; x_wconf 71' lang='grc' dir='ltr'>παντὶ</span> <span class='ocrx_word' id='word_1_440' title='bbox 3157 1608 3265 1678; x_wconf 82' lang='grc' dir='ltr'><strong>γάρ</strong></span> <span class='ocrx_word' id='word_1_441' title='bbox 3288 1607 3446 1678; x_wconf 82' lang='grc' dir='ltr'>δῆλὸν</span> <span class='ocrx_word' id='word_1_442' title='bbox 3475 1608 3644 1672; x_wconf 75' lang='grc' dir='ltr'>ἐστιν,</span> 
     </span>
    </p>
   </div>
   <div class='ocr_carea' id='block_1_61' title="bbox 2065 1698 3647 1776">
    <p class='ocr_par' dir='ltr' id='par_1_61' title="bbox 2065 1698 3647 1776">
     <span class='ocr_line' id='line_1_61' title="bbox 2065 1698 3647 1776; baseline -0.006 -16"><span class='ocrx_word' id='word_1_443' title='bbox 2065 1706 2221 1760; x_wconf 78' lang='grc' dir='ltr'>ὅτιτὸ</span> <span class='ocrx_word' id='word_1_444' title='bbox 2248 1705 2612 1776; x_wconf 80' lang='grc' dir='ltr'>πεποιημένον</span> <span class='ocrx_word' id='word_1_445' title='bbox 2627 1699 2807 1775; x_wconf 81' lang='grc' dir='ltr'>οὐκῆν</span> <span class='ocrx_word' id='word_1_446' title='bbox 2833 1702 2961 1773; x_wconf 69' lang='grc' dir='ltr'>πρὶν</span> <span class='ocrx_word' id='word_1_447' title='bbox 2982 1700 3255 1770; x_wconf 86' lang='grc' dir='ltr'>γενέσθαι.</span> <span class='ocrx_word' id='word_1_448' title='bbox 3278 1698 3647 1769; x_wconf 84' lang='grc' dir='ltr'>Τὸγενόμενον</span> 
     </span>
    </p>
   </div>
   <div class='ocr_carea' id='block_1_62' title="bbox 2798 1785 3647 1859">
    <p class='ocr_par' dir='ltr' id='par_1_62' title="bbox 2798 1785 3647 1859">
     <span class='ocr_line' id='line_1_62' title="bbox 2798 1785 3647 1859; baseline -0.006 -16"><span class='ocrx_word' id='word_1_449' title='bbox 2798 1809 2817 1837; x_wconf 76' lang='grc' dir='ltr'><strong>ι</strong></span> <span class='ocrx_word' id='word_1_450' title='bbox 2865 1790 2922 1843; x_wconf 89' lang='grc' dir='ltr'>Ὁ</span> <span class='ocrx_word' id='word_1_451' title='bbox 2951 1789 3006 1842; x_wconf 84' lang='grc' dir='ltr'><strong>δὲ</strong></span> <span class='ocrx_word' id='word_1_452' title='bbox 3033 1789 3141 1843; x_wconf 87' lang='grc' dir='ltr'><strong>ἀπὸ</strong></span> <span class='ocrx_word' id='word_1_453' title='bbox 3183 1786 3517 1859; x_wconf 79' lang='grc' dir='ltr'><strong>Καισαρείας</strong></span> <span class='ocrx_word' id='word_1_454' title='bbox 3544 1785 3647 1857; x_wconf 80' lang='grc' dir='ltr'>τῆς</span> 
     </span>
    </p>
   </div>
   <div class='ocr_carea' id='block_1_63' title="bbox 2065 1878 3647 1955">
    <p class='ocr_par' dir='ltr' id='par_1_63' title="bbox 2065 1878 3647 1955">
     <span class='ocr_line' id='line_1_63' title="bbox 2065 1878 3647 1955; baseline -0.001 -18"><span class='ocrx_word' id='word_1_455' title='bbox 2065 1883 2430 1954; x_wconf 75' lang='grc' dir='ltr'>Παλαιστίνης</span> <span class='ocrx_word' id='word_1_456' title='bbox 2455 1884 2735 1948; x_wconf 83' lang='grc' dir='ltr'>Εὐσέϐιος,</span> <span class='ocrx_word' id='word_1_457' title='bbox 2756 1883 2984 1955; x_wconf 87' lang='grc' dir='ltr'>γράφων</span> <span class='ocrx_word' id='word_1_458' title='bbox 3004 1882 3140 1954; x_wconf 87' lang='grc' dir='ltr'>πρὸς</span> <span class='ocrx_word' id='word_1_459' title='bbox 3173 1880 3529 1954; x_wconf 83' lang='grc' dir='ltr'>Εὑφρατίωνα</span> <span class='ocrx_word' id='word_1_460' title='bbox 3554 1878 3647 1935; x_wconf 79' lang='grc' dir='ltr'><strong>τὸν</strong></span> 
     </span>
    </p>
   </div>
   <div class='ocr_carea' id='block_1_64' title="bbox 2065 1972 3648 2048">
    <p class='ocr_par' dir='ltr' id='par_1_64' title="bbox 2065 1972 3648 2048">
     <span class='ocr_line' id='line_1_64' title="bbox 2065 1972 3648 2048; baseline -0.001 -21"><span class='ocrx_word' id='word_1_461' title='bbox 2065 1975 2383 2039; x_wconf 83' lang='grc' dir='ltr'>ἐπίσκοπον,</span> <span class='ocrx_word' id='word_1_462' title='bbox 2412 1975 2513 2029; x_wconf 77' lang='grc' dir='ltr'>οὐκ</span> <span class='ocrx_word' id='word_1_463' title='bbox 2537 1974 2775 2048; x_wconf 79' lang='grc' dir='ltr'>ἐφοϐήθη</span> <span class='ocrx_word' id='word_1_464' title='bbox 2803 1973 3054 2047; x_wconf 83' lang='grc' dir='ltr'>φανερῶς</span> <span class='ocrx_word' id='word_1_465' title='bbox 3087 1975 3259 2026; x_wconf 81' lang='grc' dir='ltr'>εἰπεῖν</span> <span class='ocrx_word' id='word_1_466' title='bbox 3279 2012 3294 2037; x_wconf 87' lang='grc'><strong>,</strong></span> <span class='ocrx_word' id='word_1_467' title='bbox 3339 1974 3422 2026; x_wconf 87' lang='grc' dir='ltr'>ὅτι</span> <span class='ocrx_word' id='word_1_468' title='bbox 3450 1973 3479 2025; x_wconf 89' lang='lat'><strong>6</strong></span> <span class='ocrx_word' id='word_1_469' title='bbox 3512 1972 3648 2043; x_wconf 78' lang='grc' dir='ltr'>Χρι-</span> 
     </span>
    </p>
   </div>
   <div class='ocr_carea' id='block_1_65' title="bbox 2068 2064 3650 2139">
    <p class='ocr_par' dir='ltr' id='par_1_65' title="bbox 2068 2064 3650 2139">
     <span class='ocr_line' id='line_1_65' title="bbox 2068 2064 3650 2139; baseline -0.001 -20"><span class='ocrx_word' id='word_1_470' title='bbox 2068 2066 2190 2130; x_wconf 87' lang='grc' dir='ltr'>στὸς</span> <span class='ocrx_word' id='word_1_471' title='bbox 2221 2066 2321 2120; x_wconf 74' lang='grc' dir='ltr'><strong>οὐκ</strong></span> <span class='ocrx_word' id='word_1_472' title='bbox 2350 2066 2495 2121; x_wconf 75' lang='grc' dir='ltr'>ἐστιν</span> <span class='ocrx_word' id='word_1_473' title='bbox 2536 2066 2787 2139; x_wconf 83' lang='grc' dir='ltr'>ἀληθινὸς</span> <span class='ocrx_word' id='word_1_474' title='bbox 2824 2066 2979 2130; x_wconf 83' lang='grc' dir='ltr'>Θεός.</span> <span class='ocrx_word' id='word_1_475' title='bbox 3022 2066 3134 2120; x_wconf 78' lang='grc' dir='ltr'><strong>Καὶ</strong></span> <span class='ocrx_word' id='word_1_476' title='bbox 3172 2064 3486 2129; x_wconf 85' lang='grc' dir='ltr'>Ἀθανάσιος</span> <span class='ocrx_word' id='word_1_477' title='bbox 3525 2064 3583 2118; x_wconf 80' lang='grc' dir='ltr'><strong>δὲ</strong></span> <span class='ocrx_word' id='word_1_478' title='bbox 3619 2066 3650 2118; x_wconf 89' lang='lat'><strong>6</strong></span> 
     </span>
    </p>
   </div>
   <div class='ocr_carea' id='block_1_66' title="bbox 2066 2157 3652 2232">
    <p class='ocr_par' dir='ltr' id='par_1_66' title="bbox 2066 2157 3652 2232">
     <span class='ocr_line' id='line_1_66' title="bbox 2066 2157 3652 2232; baseline -0.001 -20"><span class='ocrx_word' id='word_1_479' title='bbox 2066 2159 2173 2212; x_wconf 84' lang='grc' dir='ltr'><strong>ἀπὸ</strong></span> <span class='ocrx_word' id='word_1_480' title='bbox 2196 2158 2498 2232; x_wconf 78' lang='grc' dir='ltr'>Ναζαρϐὦν</span> <span class='ocrx_word' id='word_1_481' title='bbox 2528 2159 2609 2213; x_wconf 81' lang='grc' dir='ltr'><strong>ἔτι</strong></span> <span class='ocrx_word' id='word_1_482' title='bbox 2628 2160 2962 2231; x_wconf 84' lang='grc' dir='ltr'>γυμνότερον</span> <span class='ocrx_word' id='word_1_483' title='bbox 2984 2158 3336 2213; x_wconf 76' lang='grc' dir='ltr'><strong>ἀπεκάλυπτε</strong></span> <span class='ocrx_word' id='word_1_484' title='bbox 3369 2158 3470 2230; x_wconf 80' lang='grc' dir='ltr'>τὴν</span> <span class='ocrx_word' id='word_1_485' title='bbox 3498 2157 3652 2228; x_wconf 83' lang='grc' dir='ltr'>αἴρε-</span> 
     </span>
    </p>
   </div>
   <div class='ocr_carea' id='block_1_67' title="bbox 2069 2244 3649 2322">
    <p class='ocr_par' dir='ltr' id='par_1_67' title="bbox 2069 2244 3649 2322">
     <span class='ocr_line' id='line_1_67' title="bbox 2069 2244 3649 2322; baseline -0.002 -21"><span class='ocrx_word' id='word_1_486' title='bbox 2069 2265 2173 2314; x_wconf 92' lang='grc' dir='ltr'>σιν,</span> <span class='ocrx_word' id='word_1_487' title='bbox 2200 2249 2295 2302; x_wconf 74' lang='grc' dir='ltr'>ἕνα</span> <span class='ocrx_word' id='word_1_488' title='bbox 2322 2248 2432 2302; x_wconf 83' lang='grc' dir='ltr'><strong>τῶν</strong></span> <span class='ocrx_word' id='word_1_489' title='bbox 2459 2249 2654 2302; x_wconf 79' lang='grc' dir='ltr'>ἑκατὸν</span> <span class='ocrx_word' id='word_1_490' title='bbox 2686 2248 2973 2322; x_wconf 85' lang='grc' dir='ltr'>προϐάτων</span> <span class='ocrx_word' id='word_1_491' title='bbox 3001 2248 3173 2317; x_wconf 88' lang='grc' dir='ltr'>λέγων</span> <span class='ocrx_word' id='word_1_492' title='bbox 3205 2244 3344 2302; x_wconf 82' lang='grc' dir='ltr'>εἶναι</span> <span class='ocrx_word' id='word_1_493' title='bbox 3393 2249 3485 2301; x_wconf 77' lang='grc' dir='ltr'><strong>τὸν</strong></span> <span class='ocrx_word' id='word_1_494' title='bbox 3519 2246 3649 2299; x_wconf 81' lang='grc' dir='ltr'>Υἰὸν</span> 
     </span>
    </p>
   </div>
   <div class='ocr_carea' id='block_1_68' title="bbox 2066 2336 3651 2413">
    <p class='ocr_par' dir='ltr' id='par_1_68' title="bbox 2066 2336 3651 2413">
     <span class='ocr_line' id='line_1_68' title="bbox 2066 2336 3651 2413; baseline -0.001 -22"><span class='ocrx_word' id='word_1_495' title='bbox 2066 2336 2161 2391; x_wconf 90' lang='grc' dir='ltr'><strong>τοῦ</strong></span> <span class='ocrx_word' id='word_1_496' title='bbox 2188 2338 2345 2396; x_wconf 86' lang='grc' dir='ltr'>Θεοῦ.</span> <span class='ocrx_word' id='word_1_497' title='bbox 2373 2339 2605 2411; x_wconf 88' lang='grc' dir='ltr'>Γράφων</span> <span class='ocrx_word' id='word_1_498' title='bbox 2624 2338 2732 2412; x_wconf 87' lang='grc' dir='ltr'>γὰρ</span> <span class='ocrx_word' id='word_1_499' title='bbox 2763 2340 2897 2413; x_wconf 82' lang='grc' dir='ltr'>πρὸς</span> <span class='ocrx_word' id='word_1_500' title='bbox 2938 2338 3284 2411; x_wconf 79' lang='grc' dir='ltr'>Ἀλέξανδρον</span> <span class='ocrx_word' id='word_1_501' title='bbox 3305 2337 3396 2392; x_wconf 83' lang='grc' dir='ltr'><strong>τὸν</strong></span> <span class='ocrx_word' id='word_1_502' title='bbox 3427 2339 3651 2391; x_wconf 73' lang='grc' dir='ltr'>ἐπίσκοο</span> 
     </span>
    </p>
   </div>
   <div class='ocr_carea' id='block_1_69' title="bbox 2069 2431 3649 2506">
    <p class='ocr_par' dir='ltr' id='par_1_69' title="bbox 2069 2431 3649 2506">
     <span class='ocr_line' id='line_1_69' title="bbox 2069 2431 3649 2506; baseline -0.003 -20"><span class='ocrx_word' id='word_1_503' title='bbox 2069 2450 2190 2499; x_wconf 86' lang='grc' dir='ltr'>πον,</span> <span class='ocrx_word' id='word_1_504' title='bbox 2230 2433 2607 2506; x_wconf 80' lang='grc' dir='ltr'>ἀπετόλμησεν</span> <span class='ocrx_word' id='word_1_505' title='bbox 2644 2431 2818 2498; x_wconf 74' lang='grc' dir='ltr'>οὕτως</span> <span class='ocrx_word' id='word_1_506' title='bbox 2872 2434 3077 2487; x_wconf 69' lang='grc' dir='ltr'>εἰπεῖν’</span> <span class='ocrx_word' id='word_1_507' title='bbox 3115 2451 3135 2484; x_wconf 82' lang='grc'><strong>‹</strong></span> <span class='ocrx_word' id='word_1_508' title='bbox 3189 2431 3254 2484; x_wconf 91' lang='grc' dir='ltr'>Τί</span> <span class='ocrx_word' id='word_1_509' title='bbox 3287 2431 3482 2503; x_wconf 80' lang='grc' dir='ltr'>μέμφῃ</span> <span class='ocrx_word' id='word_1_510' title='bbox 3534 2432 3649 2493; x_wconf 86' lang='grc' dir='ltr'>τοῖς</span> 
     </span>
    </p>
   </div>
   <div class='ocr_carea' id='block_1_70' title="bbox 2070 2523 3651 2598">
    <p class='ocr_par' dir='ltr' id='par_1_70' title="bbox 2070 2523 3651 2598">
     <span class='ocr_line' id='line_1_70' title="bbox 2070 2523 3651 2598; baseline -0.004 -18"><span class='ocrx_word' id='word_1_511' title='bbox 2070 2528 2198 2598; x_wconf 78' lang='grc' dir='ltr'>περὶ</span> <span class='ocrx_word' id='word_1_512' title='bbox 2225 2527 2461 2598; x_wconf 78' lang='grc' dir='ltr'>Ἀρειον,</span> <span class='ocrx_word' id='word_1_513' title='bbox 2483 2528 2532 2580; x_wconf 90' lang='grc' dir='ltr'>εἰ</span> <span class='ocrx_word' id='word_1_514' title='bbox 2561 2527 2828 2596; x_wconf 82' lang='grc' dir='ltr'>λέγουσιν’</span> <span class='ocrx_word' id='word_1_515' title='bbox 2869 2524 2961 2589; x_wconf 81' lang='grc' dir='ltr'><strong>Ἐξ</strong></span> <span class='ocrx_word' id='word_1_516' title='bbox 2983 2524 3083 2578; x_wconf 77' lang='grc' dir='ltr'><strong>οὐκ</strong></span> <span class='ocrx_word' id='word_1_517' title='bbox 3115 2523 3284 2577; x_wconf 75' lang='grc' dir='ltr'>ὄντων</span> <span class='ocrx_word' id='word_1_518' title='bbox 3309 2525 3518 2593; x_wconf 83' lang='grc' dir='ltr'>κτίσμα</span> <span class='ocrx_word' id='word_1_519' title='bbox 3547 2538 3651 2574; x_wconf 83' lang='grc' dir='ltr'>πε-</span> 
     </span>
    </p>
   </div>
   <div class='ocr_carea' id='block_1_71' title="bbox 2069 2615 3651 2693">
    <p class='ocr_par' dir='ltr' id='par_1_71' title="bbox 2069 2615 3651 2693">
     <span class='ocr_line' id='line_1_71' title="bbox 2069 2615 3651 2693; baseline -0.005 -19"><span class='ocrx_word' id='word_1_520' title='bbox 2069 2621 2287 2693; x_wconf 90' lang='grc' dir='ltr'>ποίηται</span> <span class='ocrx_word' id='word_1_521' title='bbox 2319 2623 2348 2674; x_wconf 98' lang='lat'><strong>6</strong></span> <span class='ocrx_word' id='word_1_522' title='bbox 2375 2620 2501 2685; x_wconf 86' lang='grc' dir='ltr'>Υἱὸς</span> <span class='ocrx_word' id='word_1_523' title='bbox 2521 2620 2616 2674; x_wconf 89' lang='grc' dir='ltr'><strong>τοῦ</strong></span> <span class='ocrx_word' id='word_1_524' title='bbox 2642 2619 2801 2685; x_wconf 87' lang='grc' dir='ltr'>Θεοῦ,</span> <span class='ocrx_word' id='word_1_525' title='bbox 2827 2619 2919 2673; x_wconf 84' lang='grc' dir='ltr'>καὶ</span> <span class='ocrx_word' id='word_1_526' title='bbox 2948 2617 3008 2672; x_wconf 84' lang='grc' dir='ltr'>ἓν</span> <span class='ocrx_word' id='word_1_527' title='bbox 3043 2617 3152 2670; x_wconf 83' lang='grc' dir='ltr'><strong>τῶν</strong></span> <span class='ocrx_word' id='word_1_528' title='bbox 3198 2617 3415 2671; x_wconf 88' lang='grc' dir='ltr'>πάντων</span> <span class='ocrx_word' id='word_1_529' title='bbox 3458 2615 3607 2668; x_wconf 77' lang='grc' dir='ltr'>ἐστίν</span> <span class='ocrx_word' id='word_1_530' title='bbox 3633 2631 3651 2680; x_wconf 84' lang='lat'><strong>;</strong></span> 
     </span>
    </p>
   </div>
   <div class='ocr_carea' id='block_1_72' title="bbox 2070 2710 3649 2785">
    <p class='ocr_par' dir='ltr' id='par_1_72' title="bbox 2070 2710 3649 2785">
     <span class='ocr_line' id='line_1_72' title="bbox 2070 2710 3649 2785; baseline -0.004 -18"><span class='ocrx_word' id='word_1_531' title='bbox 2070 2716 2127 2767; x_wconf 80' lang='grc' dir='ltr'>ὲν</span> <span class='ocrx_word' id='word_1_532' title='bbox 2159 2713 2353 2767; x_wconf 76' lang='grc' dir='ltr'>ἑκατὸν</span> <span class='ocrx_word' id='word_1_533' title='bbox 2395 2712 2504 2784; x_wconf 82' lang='grc' dir='ltr'>γὰρ</span> <span class='ocrx_word' id='word_1_534' title='bbox 2538 2712 2835 2785; x_wconf 86' lang='grc' dir='ltr'>προϐάτοις</span> <span class='ocrx_word' id='word_1_535' title='bbox 2878 2710 3378 2783; x_wconf 83' lang='grc' dir='ltr'>παραϐαλλομένων</span> <span class='ocrx_word' id='word_1_536' title='bbox 3428 2710 3649 2763; x_wconf 85' lang='grc' dir='ltr'>πάντων</span> 
     </span>
    </p>
   </div>
   <div class='ocr_carea' id='block_1_73' title="bbox 2069 2798 3653 2877">
    <p class='ocr_par' dir='ltr' id='par_1_73' title="bbox 2069 2798 3653 2877">
     <span class='ocr_line' id='line_1_73' title="bbox 2069 2798 3653 2877; baseline -0.004 -18"><span class='ocrx_word' id='word_1_537' title='bbox 2069 2804 2177 2860; x_wconf 82' lang='grc' dir='ltr'><strong>τῶν</strong></span> <span class='ocrx_word' id='word_1_538' title='bbox 2206 2806 2617 2877; x_wconf 81' lang='grc' dir='ltr'>πεποιημένων,</span> <span class='ocrx_word' id='word_1_539' title='bbox 2650 2798 2733 2871; x_wconf 73' lang='grc' dir='ltr'>εἷς</span> <span class='ocrx_word' id='word_1_540' title='bbox 2762 2805 2878 2857; x_wconf 75' lang='grc' dir='ltr'>ἐστι</span> <span class='ocrx_word' id='word_1_541' title='bbox 2904 2805 2999 2857; x_wconf 74' lang='grc' dir='ltr'><strong>καὶ</strong></span> <span class='ocrx_word' id='word_1_542' title='bbox 3023 2806 3052 2857; x_wconf 93' lang='lat'><strong>6</strong></span> <span class='ocrx_word' id='word_1_543' title='bbox 3076 2803 3201 2867; x_wconf 82' lang='grc' dir='ltr'>Υἱὸς</span> <span class='ocrx_word' id='word_1_544' title='bbox 3236 2801 3297 2868; x_wconf 76' lang='grc' dir='ltr'>ἐξ</span> <span class='ocrx_word' id='word_1_545' title='bbox 3338 2800 3537 2856; x_wconf 83' lang='grc' dir='ltr'>αὐτῶν.</span> <span class='ocrx_word' id='word_1_546' title='bbox 3586 2799 3653 2853; x_wconf 80' lang='lat' dir='ltr'><strong>Ei</strong></span> 
     </span>
    </p>
   </div>
   <div class='ocr_carea' id='block_1_74' title="bbox 2076 2891 3651 2970">
    <p class='ocr_par' dir='ltr' id='par_1_74' title="bbox 2076 2891 3651 2970">
     <span class='ocr_line' id='line_1_74' title="bbox 2076 2891 3651 2970; baseline -0.005 -18"><span class='ocrx_word' id='word_1_547' title='bbox 2076 2898 2172 2970; x_wconf 84' lang='grc' dir='ltr'>μὲν</span> <span class='ocrx_word' id='word_1_548' title='bbox 2196 2893 2289 2952; x_wconf 82' lang='grc' dir='ltr'><strong>οὖν</strong></span> <span class='ocrx_word' id='word_1_549' title='bbox 2311 2898 2380 2951; x_wconf 81' lang='grc' dir='ltr'>τὰ</span> <span class='ocrx_word' id='word_1_550' title='bbox 2411 2897 2602 2951; x_wconf 80' lang='grc' dir='ltr'>ἑκατὸν</span> <span class='ocrx_word' id='word_1_551' title='bbox 2626 2897 2726 2950; x_wconf 84' lang='grc' dir='ltr'><strong>οὐκ</strong></span> <span class='ocrx_word' id='word_1_552' title='bbox 2764 2895 2880 2949; x_wconf 74' lang='grc' dir='ltr'>ἔστι</span> <span class='ocrx_word' id='word_1_553' title='bbox 2910 2895 3183 2966; x_wconf 88' lang='grc' dir='ltr'>κτίσματα</span> <span class='ocrx_word' id='word_1_554' title='bbox 3218 2894 3310 2949; x_wconf 77' lang='grc' dir='ltr'><strong>καὶ</strong></span> <span class='ocrx_word' id='word_1_555' title='bbox 3361 2891 3583 2964; x_wconf 78' lang='grc' dir='ltr'>γενητὰ,</span> <span class='ocrx_word' id='word_1_556' title='bbox 3616 2892 3651 2963; x_wconf 79' lang='grc' dir='ltr'>ἦ</span> 
     </span>
    </p>
   </div>
   <div class='ocr_carea' id='block_1_75' title="bbox 2073 2982 3655 3058">
    <p class='ocr_par' dir='ltr' id='par_1_75' title="bbox 2073 2982 3655 3058">
     <span class='ocr_line' id='line_1_75' title="bbox 2073 2982 3655 3058; baseline -0.004 -18"><span class='ocrx_word' id='word_1_557' title='bbox 2073 2987 2150 3041; x_wconf 82' lang='grc' dir='ltr'><strong>ένι</strong></span> <span class='ocrx_word' id='word_1_558' title='bbox 2176 2987 2335 3041; x_wconf 85' lang='grc' dir='ltr'>πλέον</span> <span class='ocrx_word' id='word_1_559' title='bbox 2359 3005 2414 3040; x_wconf 91' lang='grc' dir='ltr'><strong>τι</strong></span> <span class='ocrx_word' id='word_1_560' title='bbox 2446 2986 2553 3041; x_wconf 82' lang='grc' dir='ltr'><strong>τῶν</strong></span> <span class='ocrx_word' id='word_1_561' title='bbox 2582 2985 2796 3053; x_wconf 76' lang='grc' dir='ltr'>ἑκατὸν,</span> <span class='ocrx_word' id='word_1_562' title='bbox 2823 2986 3066 3058; x_wconf 86' lang='grc' dir='ltr'>δηλονότι</span> <span class='ocrx_word' id='word_1_563' title='bbox 3111 2985 3245 3057; x_wconf 84' lang='grc' dir='ltr'>μηδὲ</span> <span class='ocrx_word' id='word_1_564' title='bbox 3275 2987 3303 3038; x_wconf 88' lang='lat'><strong>6</strong></span> <span class='ocrx_word' id='word_1_565' title='bbox 3345 2983 3473 3046; x_wconf 82' lang='grc' dir='ltr'>Υἱὸς</span> <span class='ocrx_word' id='word_1_566' title='bbox 3510 2982 3655 3035; x_wconf 75' lang='grc' dir='ltr'>ἔστω</span> 
     </span>
    </p>
   </div>
   <div class='ocr_carea' id='block_1_76' title="bbox 2075 3075 3656 3152">
    <p class='ocr_par' dir='ltr' id='par_1_76' title="bbox 2075 3075 3656 3152">
     <span class='ocr_line' id='line_1_76' title="bbox 2075 3075 3656 3152; baseline -0.004 -18"><span class='ocrx_word' id='word_1_567' title='bbox 2075 3081 2298 3152; x_wconf 82' lang='grc' dir='ltr'>κτίσμα,</span> <span class='ocrx_word' id='word_1_568' title='bbox 2330 3081 2425 3135; x_wconf 74' lang='grc' dir='ltr'>καὶ</span> <span class='ocrx_word' id='word_1_569' title='bbox 2448 3075 2528 3144; x_wconf 81' lang='grc' dir='ltr'><strong>εἷς</strong></span> <span class='ocrx_word' id='word_1_570' title='bbox 2559 3081 2667 3134; x_wconf 86' lang='grc' dir='ltr'>τῶν</span> <span class='ocrx_word' id='word_1_571' title='bbox 2702 3080 2938 3135; x_wconf 86' lang='grc' dir='ltr'>πάντων.</span> <span class='ocrx_word' id='word_1_572' title='bbox 2962 3080 3025 3134; x_wconf 85' lang='grc' dir='ltr'><strong>Εἰ</strong></span> <span class='ocrx_word' id='word_1_573' title='bbox 3061 3079 3119 3133; x_wconf 85' lang='grc' dir='ltr'><strong>δὲ</strong></span> <span class='ocrx_word' id='word_1_574' title='bbox 3149 3080 3217 3132; x_wconf 83' lang='grc' dir='ltr'>τὰ</span> <span class='ocrx_word' id='word_1_575' title='bbox 3248 3077 3443 3131; x_wconf 74' lang='grc' dir='ltr'>ἑκατὸν</span> <span class='ocrx_word' id='word_1_576' title='bbox 3474 3077 3656 3129; x_wconf 86' lang='grc' dir='ltr'>πάντα</span> 
     </span>
    </p>
   </div>
   <div class='ocr_carea' id='block_1_77' title="bbox 2071 3166 3655 3246">
    <p class='ocr_par' dir='ltr' id='par_1_77' title="bbox 2071 3166 3655 3246">
     <span class='ocr_line' id='line_1_77' title="bbox 2071 3166 3655 3246; baseline -0.005 -18"><span class='ocrx_word' id='word_1_577' title='bbox 2071 3174 2295 3246; x_wconf 85' lang='grc' dir='ltr'>γενητὰ,</span> <span class='ocrx_word' id='word_1_578' title='bbox 2336 3174 2430 3228; x_wconf 75' lang='grc' dir='ltr'>καὶ</span> <span class='ocrx_word' id='word_1_579' title='bbox 2453 3173 2606 3227; x_wconf 85' lang='grc' dir='ltr'>οὐδέν</span> <span class='ocrx_word' id='word_1_580' title='bbox 2633 3174 2782 3227; x_wconf 79' lang='grc' dir='ltr'>ἐστιν</span> <span class='ocrx_word' id='word_1_581' title='bbox 2803 3173 2961 3236; x_wconf 79' lang='grc' dir='ltr'>ἐκτὸς</span> <span class='ocrx_word' id='word_1_582' title='bbox 2986 3172 3097 3226; x_wconf 83' lang='grc' dir='ltr'><strong>τῶν</strong></span> <span class='ocrx_word' id='word_1_583' title='bbox 3131 3180 3175 3245; x_wconf 85' lang='grc' dir='ltr'>ρ’</span> <span class='ocrx_word' id='word_1_584' title='bbox 3206 3171 3344 3244; x_wconf 82' lang='grc' dir='ltr'>πλὴν</span> <span class='ocrx_word' id='word_1_585' title='bbox 3375 3170 3536 3242; x_wconf 89' lang='grc' dir='ltr'>μόνου</span> <span class='ocrx_word' id='word_1_586' title='bbox 3555 3166 3655 3221; x_wconf 83' lang='grc' dir='ltr'><strong>τοῦ</strong></span> 
     </span>
    </p>
   </div>
   <div class='ocr_carea' id='block_1_78' title="bbox 2071 3264 3658 3338">
    <p class='ocr_par' dir='ltr' id='par_1_78' title="bbox 2071 3264 3658 3338">
     <span class='ocr_line' id='line_1_78' title="bbox 2071 3264 3658 3338; baseline 0.001 -20"><span class='ocrx_word' id='word_1_587' title='bbox 2071 3264 2228 3331; x_wconf 82' lang='grc' dir='ltr'>Θεοῦ,</span> <span class='ocrx_word' id='word_1_588' title='bbox 2277 3264 2329 3318; x_wconf 87' lang='grc' dir='ltr'><strong>τί</strong></span> <span class='ocrx_word' id='word_1_589' title='bbox 2362 3265 2563 3319; x_wconf 77' lang='grc' dir='ltr'>ἄτοπον</span> <span class='ocrx_word' id='word_1_590' title='bbox 2593 3264 2845 3334; x_wconf 89' lang='grc' dir='ltr'>λέγουσιν</span> <span class='ocrx_word' id='word_1_591' title='bbox 2878 3267 2928 3319; x_wconf 82' lang='grc' dir='ltr'>οἱ</span> <span class='ocrx_word' id='word_1_592' title='bbox 2978 3266 3108 3338; x_wconf 79' lang='grc' dir='ltr'>περὶ</span> <span class='ocrx_word' id='word_1_593' title='bbox 3164 3267 3401 3338; x_wconf 80' lang='grc' dir='ltr'>Ἀρειον,</span> <span class='ocrx_word' id='word_1_594' title='bbox 3463 3268 3538 3333; x_wconf 81' lang='grc' dir='ltr'><strong>εί,</strong></span> <span class='ocrx_word' id='word_1_595' title='bbox 3597 3267 3658 3320; x_wconf 80' lang='grc' dir='ltr'>ἒν</span> 
     </span>
    </p>
   </div>
   <div class='ocr_carea' id='block_1_79' title="bbox 2072 3356 3657 3431">
    <p class='ocr_par' dir='ltr' id='par_1_79' title="bbox 2072 3356 3657 3431">
     <span class='ocr_line' id='line_1_79' title="bbox 2072 3356 3657 3431; baseline 0.001 -21"><span class='ocrx_word' id='word_1_596' title='bbox 2072 3358 2130 3411; x_wconf 83' lang='grc' dir='ltr'>ὲν</span> <span class='ocrx_word' id='word_1_597' title='bbox 2160 3356 2268 3428; x_wconf 80' lang='lat'><strong>(&#39;56)</strong></span> <span class='ocrx_word' id='word_1_598' title='bbox 2313 3359 2427 3421; x_wconf 83' lang='grc' dir='ltr'>τοῖς</span> <span class='ocrx_word' id='word_1_599' title='bbox 2459 3357 2656 3412; x_wconf 77' lang='grc' dir='ltr'>ἑκατὸν</span> <span class='ocrx_word' id='word_1_600' title='bbox 2691 3358 3080 3429; x_wconf 83' lang='grc' dir='ltr'>περιλαϐόντες</span> <span class='ocrx_word' id='word_1_601' title='bbox 3133 3358 3228 3412; x_wconf 78' lang='grc' dir='ltr'>καὶ</span> <span class='ocrx_word' id='word_1_602' title='bbox 3293 3359 3657 3431; x_wconf 82' lang='grc' dir='ltr'>ἀριθμοῦντες</span> 
     </span>
    </p>
   </div>
   <div class='ocr_carea' id='block_1_80' title="bbox 2072 3448 3652 3523">
    <p class='ocr_par' dir='ltr' id='par_1_80' title="bbox 2072 3448 3652 3523">
     <span class='ocr_line' id='line_1_80' title="bbox 2072 3448 3652 3523; baseline 0.001 -21"><span class='ocrx_word' id='word_1_603' title='bbox 2072 3449 2162 3503; x_wconf 84' lang='grc' dir='ltr'><strong>τὸν</strong></span> <span class='ocrx_word' id='word_1_604' title='bbox 2208 3449 2463 3522; x_wconf 79' lang='grc' dir='ltr'>Χριστὸν,</span> <span class='ocrx_word' id='word_1_605' title='bbox 2516 3448 2614 3503; x_wconf 71' lang='grc' dir='ltr'>ἕνα</span> <span class='ocrx_word' id='word_1_606' title='bbox 2671 3450 2781 3504; x_wconf 83' lang='grc' dir='ltr'><strong>τῶν</strong></span> <span class='ocrx_word' id='word_1_607' title='bbox 2838 3450 3056 3505; x_wconf 87' lang='grc' dir='ltr'>πάντων</span> <span class='ocrx_word' id='word_1_608' title='bbox 3097 3452 3259 3505; x_wconf 79' lang='grc' dir='ltr'>αὐτὸν</span> <span class='ocrx_word' id='word_1_609' title='bbox 3317 3453 3604 3523; x_wconf 74' lang='grc' dir='ltr'>εἰρήκασις</span> <span class='ocrx_word' id='word_1_610' title='bbox 3633 3470 3652 3503; x_wconf 72' lang='grc' dir='ltr'><strong>ι</strong></span> 
     </span>
    </p>
   </div>
   <div class='ocr_carea' id='block_1_81' title="bbox 2072 3540 3657 3616">
    <p class='ocr_par' dir='ltr' id='par_1_81' title="bbox 2072 3540 3657 3616">
     <span class='ocr_line' id='line_1_81' title="bbox 2072 3540 3657 3616; baseline 0.002 -22"><span class='ocrx_word' id='word_1_611' title='bbox 2072 3540 2343 3612; x_wconf 83' lang='grc' dir='ltr'>Γεώργιος</span> <span class='ocrx_word' id='word_1_612' title='bbox 2373 3540 2430 3594; x_wconf 80' lang='grc' dir='ltr'><strong>δὲ</strong></span> <span class='ocrx_word' id='word_1_613' title='bbox 2456 3543 2484 3594; x_wconf 89' lang='lat'><strong>6</strong></span> <span class='ocrx_word' id='word_1_614' title='bbox 2517 3541 2612 3595; x_wconf 88' lang='grc' dir='ltr'><strong>νῦν</strong></span> <span class='ocrx_word' id='word_1_615' title='bbox 2671 3543 2729 3594; x_wconf 80' lang='grc' dir='ltr'>ἐν</span> <span class='ocrx_word' id='word_1_616' title='bbox 2774 3542 3088 3615; x_wconf 76' lang='grc' dir='ltr'>Λαοδικείᾳ,</span> <span class='ocrx_word' id='word_1_617' title='bbox 3153 3542 3526 3616; x_wconf 79' lang='grc' dir='ltr'>πρεσϐύτερος</span> <span class='ocrx_word' id='word_1_618' title='bbox 3582 3544 3657 3597; x_wconf 82' lang='grc' dir='ltr'><strong>ὢν</strong></span> 
     </span>
    </p>
   </div>
   <div class='ocr_carea' id='block_1_82' title="bbox 2071 3632 3658 3708">
    <p class='ocr_par' dir='ltr' id='par_1_82' title="bbox 2071 3632 3658 3708">
     <span class='ocr_line' id='line_1_82' title="bbox 2071 3632 3658 3708; baseline 0.001 -21"><span class='ocrx_word' id='word_1_619' title='bbox 2071 3633 2194 3688; x_wconf 85' lang='grc' dir='ltr'>τότε</span> <span class='ocrx_word' id='word_1_620' title='bbox 2226 3633 2324 3705; x_wconf 83' lang='grc' dir='ltr'>τῆς</span> <span class='ocrx_word' id='word_1_621' title='bbox 2356 3632 2783 3705; x_wconf 81' lang='grc' dir='ltr'>Ἀλεξανδρείας,</span> <span class='ocrx_word' id='word_1_622' title='bbox 2812 3637 2907 3689; x_wconf 77' lang='grc' dir='ltr'><strong>καὶ</strong></span> <span class='ocrx_word' id='word_1_623' title='bbox 2936 3638 2993 3689; x_wconf 84' lang='grc' dir='ltr'>ὲν</span> <span class='ocrx_word' id='word_1_624' title='bbox 3024 3636 3323 3708; x_wconf 76' lang='grc' dir='ltr'>Ἀντιοχείᾳ</span> <span class='ocrx_word' id='word_1_625' title='bbox 3341 3636 3658 3708; x_wconf 83' lang='grc' dir='ltr'>διατρίϐων,</span> 
     </span>
    </p>
   </div>
   <div class='ocr_carea' id='block_1_83' title="bbox 2074 3725 3655 3799">
    <p class='ocr_par' dir='ltr' id='par_1_83' title="bbox 2074 3725 3655 3799">
     <span class='ocr_line' id='line_1_83' title="bbox 2074 3725 3655 3799; baseline 0.003 -22"><span class='ocrx_word' id='word_1_626' title='bbox 2074 3725 2211 3797; x_wconf 75' lang='grc' dir='ltr'>πρὸς</span> <span class='ocrx_word' id='word_1_627' title='bbox 2262 3726 2361 3797; x_wconf 78' lang='grc' dir='ltr'><strong>μὲν</strong></span> <span class='ocrx_word' id='word_1_628' title='bbox 2402 3725 2748 3798; x_wconf 79' lang='grc' dir='ltr'>Ἀλέξανδρον</span> <span class='ocrx_word' id='word_1_629' title='bbox 2787 3728 2877 3781; x_wconf 86' lang='grc' dir='ltr'><strong>τὸν</strong></span> <span class='ocrx_word' id='word_1_630' title='bbox 2905 3727 3201 3782; x_wconf 76' lang='grc' dir='ltr'>ἐπίσκοπον</span> <span class='ocrx_word' id='word_1_631' title='bbox 3246 3727 3505 3799; x_wconf 76' lang='grc' dir='ltr'>ἔγραψεν,</span> <span class='ocrx_word' id='word_1_632' title='bbox 3538 3730 3655 3782; x_wconf 64' lang='grc' dir='ltr'><strong>ὃτν</strong></span> 
     </span>
    </p>
   </div>
   <div class='ocr_carea' id='block_1_84' title="bbox 2081 3816 3657 3891">
    <p class='ocr_par' dir='ltr' id='par_1_84' title="bbox 2081 3816 3657 3891">
     <span class='ocr_line' id='line_1_84' title="bbox 2081 3816 3657 3891; baseline 0.003 -21"><span class='ocrx_word' id='word_1_633' title='bbox 2081 3837 2099 3870; x_wconf 79' lang='lat' dir='ltr'><strong>i</strong></span> <span class='ocrx_word' id='word_1_634' title='bbox 2120 3816 2211 3889; x_wconf 84' lang='grc' dir='ltr'><strong>Μὴ</strong></span> <span class='ocrx_word' id='word_1_635' title='bbox 2230 3817 2445 3889; x_wconf 81' lang='grc' dir='ltr'>μέμφου</span> <span class='ocrx_word' id='word_1_636' title='bbox 2466 3820 2577 3882; x_wconf 86' lang='grc' dir='ltr'>τοῖς</span> <span class='ocrx_word' id='word_1_637' title='bbox 2602 3820 2731 3890; x_wconf 85' lang='grc' dir='ltr'>περὶ</span> <span class='ocrx_word' id='word_1_638' title='bbox 2749 3820 2987 3891; x_wconf 81' lang='grc' dir='ltr'>Ἀρειον,</span> <span class='ocrx_word' id='word_1_639' title='bbox 3005 3822 3053 3872; x_wconf 84' lang='grc' dir='ltr'><strong>εί</strong></span> <span class='ocrx_word' id='word_1_640' title='bbox 3084 3819 3352 3889; x_wconf 89' lang='grc' dir='ltr'>λέγουσιν·</span> <span class='ocrx_word' id='word_1_641' title='bbox 3371 3817 3477 3874; x_wconf 86' lang='grc' dir='ltr'>Ἦν</span> <span class='ocrx_word' id='word_1_642' title='bbox 3503 3838 3657 3885; x_wconf 83' lang='grc' dir='ltr'>ποτε,</span> 
     </span>
    </p>
   </div>
   <div class='ocr_carea' id='block_1_85' title="bbox 2074 3906 3659 3987">
    <p class='ocr_par' dir='ltr' id='par_1_85' title="bbox 2074 3906 3659 3987">
     <span class='ocr_line' id='line_1_85' title="bbox 2074 3906 3659 3987; baseline 0.002 -23"><span class='ocrx_word' id='word_1_643' title='bbox 2074 3912 2163 3964; x_wconf 80' lang='grc' dir='ltr'>ὅτε</span> <span class='ocrx_word' id='word_1_644' title='bbox 2188 3910 2287 3965; x_wconf 78' lang='grc' dir='ltr'><strong>οὐκ</strong></span> <span class='ocrx_word' id='word_1_645' title='bbox 2316 3906 2385 3982; x_wconf 76' lang='grc' dir='ltr'>ἦν</span> <span class='ocrx_word' id='word_1_646' title='bbox 2409 3912 2438 3963; x_wconf 92' lang='lat'><strong>6</strong></span> <span class='ocrx_word' id='word_1_647' title='bbox 2468 3911 2596 3976; x_wconf 84' lang='grc' dir='ltr'>Υἱὸς</span> <span class='ocrx_word' id='word_1_648' title='bbox 2626 3911 2722 3966; x_wconf 90' lang='grc' dir='ltr'><strong>τοῦ</strong></span> <span class='ocrx_word' id='word_1_649' title='bbox 2746 3912 2881 3966; x_wconf 83' lang='grc' dir='ltr'>Θεοῦ</span> <span class='ocrx_word' id='word_1_650' title='bbox 2899 3930 2913 3943; x_wconf 88' lang='grc'><strong>·</strong></span> <span class='ocrx_word' id='word_1_651' title='bbox 2946 3914 3039 3968; x_wconf 76' lang='grc' dir='ltr'>καὶ</span> <span class='ocrx_word' id='word_1_652' title='bbox 3072 3914 3181 3987; x_wconf 80' lang='grc' dir='ltr'>γὰρ</span> <span class='ocrx_word' id='word_1_653' title='bbox 3210 3915 3240 3966; x_wconf 94' lang='lat'><strong>6</strong></span> <span class='ocrx_word' id='word_1_654' title='bbox 3278 3913 3389 3985; x_wconf 79' lang='lat'><strong>(57)</strong></span> <span class='ocrx_word' id='word_1_655' title='bbox 3432 3914 3659 3978; x_wconf 71' lang='grc' dir='ltr'>Ἡσαΐας</span> 
     </span>
    </p>
   </div>
   <div class='ocr_carea' id='block_1_86' title="bbox 2074 4002 3660 4078">
    <p class='ocr_par' dir='ltr' id='par_1_86' title="bbox 2074 4002 3660 4078">
     <span class='ocr_line' id='line_1_86' title="bbox 2074 4002 3660 4078; baseline 0.003 -24"><span class='ocrx_word' id='word_1_656' title='bbox 2074 4003 2188 4066; x_wconf 86' lang='grc' dir='ltr'>υἱὸς</span> <span class='ocrx_word' id='word_1_657' title='bbox 2213 4002 2433 4072; x_wconf 85' lang='grc' dir='ltr'>γέγονεν</span> <span class='ocrx_word' id='word_1_658' title='bbox 2474 4002 2677 4075; x_wconf 83' lang='grc' dir='ltr'>Ἀμὼς,</span> <span class='ocrx_word' id='word_1_659' title='bbox 2709 4006 2804 4059; x_wconf 79' lang='grc' dir='ltr'>καὶ</span> <span class='ocrx_word' id='word_1_660' title='bbox 2837 4007 2988 4078; x_wconf 83' lang='grc' dir='ltr'>ὅμως</span> <span class='ocrx_word' id='word_1_661' title='bbox 3022 4007 3185 4078; x_wconf 69' lang='grc' dir='ltr'>6“μὲν</span> <span class='ocrx_word' id='word_1_662' title='bbox 3224 4005 3407 4077; x_wconf 86' lang='grc' dir='ltr'>Ἀμὼς</span> <span class='ocrx_word' id='word_1_663' title='bbox 3448 4003 3519 4078; x_wconf 78' lang='grc' dir='ltr'>ἦν</span> <span class='ocrx_word' id='word_1_664' title='bbox 3551 4005 3660 4078; x_wconf 84' lang='grc' dir='ltr'>πρὸ</span> 
     </span>
    </p>
   </div>
   <div class='ocr_carea' id='block_1_87' title="bbox 2072 4093 3662 4172">
    <p class='ocr_par' dir='ltr' id='par_1_87' title="bbox 2072 4093 3662 4172">
     <span class='ocr_line' id='line_1_87' title="bbox 2072 4093 3662 4172; baseline 0.004 -25"><span class='ocrx_word' id='word_1_665' title='bbox 2072 4093 2167 4148; x_wconf 90' lang='grc' dir='ltr'><strong>τοῦ</strong></span> <span class='ocrx_word' id='word_1_666' title='bbox 2195 4094 2450 4164; x_wconf 88' lang='grc' dir='ltr'>γενέσθαι</span> <span class='ocrx_word' id='word_1_667' title='bbox 2477 4097 2569 4150; x_wconf 84' lang='grc' dir='ltr'><strong>τὸν</strong></span> <span class='ocrx_word' id='word_1_668' title='bbox 2611 4096 2865 4153; x_wconf 80' lang='grc' dir='ltr'>Ἠσαΐαν’</span> <span class='ocrx_word' id='word_1_669' title='bbox 2902 4101 2932 4153; x_wconf 89' lang='lat'><strong>6</strong></span> <span class='ocrx_word' id='word_1_670' title='bbox 2953 4099 3010 4153; x_wconf 78' lang='grc' dir='ltr'><strong>δὲ</strong></span> <span class='ocrx_word' id='word_1_671' title='bbox 3052 4100 3280 4165; x_wconf 79' lang='grc' dir='ltr'>Ἡσαΐας</span> <span class='ocrx_word' id='word_1_672' title='bbox 3304 4101 3405 4154; x_wconf 83' lang='grc' dir='ltr'>οὐκ</span> <span class='ocrx_word' id='word_1_673' title='bbox 3433 4095 3503 4170; x_wconf 80' lang='grc' dir='ltr'>ἦν</span> <span class='ocrx_word' id='word_1_674' title='bbox 3533 4098 3662 4172; x_wconf 80' lang='grc' dir='ltr'>πρὸ·</span> 
     </span>
    </p>
   </div>
   <div class='ocr_carea' id='block_1_88' title="bbox 2073 4189 3658 4265">
    <p class='ocr_par' dir='ltr' id='par_1_88' title="bbox 2073 4189 3658 4265">
     <span class='ocr_line' id='line_1_88' title="bbox 2073 4189 3658 4265; baseline 0.003 -25"><span class='ocrx_word' id='word_1_675' title='bbox 2073 4205 2248 4259; x_wconf 88' lang='grc' dir='ltr'>τερον,</span> <span class='ocrx_word' id='word_1_676' title='bbox 2266 4189 2402 4243; x_wconf 83' lang='grc' dir='ltr'>ἀλλὰ</span> <span class='ocrx_word' id='word_1_677' title='bbox 2428 4192 2565 4261; x_wconf 80' lang='grc' dir='ltr'>μετὰ</span> <span class='ocrx_word' id='word_1_678' title='bbox 2590 4190 2766 4246; x_wconf 88' lang='grc' dir='ltr'>ταῦτα</span> <span class='ocrx_word' id='word_1_679' title='bbox 2790 4191 3002 4263; x_wconf 86' lang='grc' dir='ltr'>γέγονε.</span> <span class='ocrx_word' id='word_1_680' title='bbox 3019 4213 3038 4245; x_wconf 71' lang='grc' dir='ltr'><strong>ι</strong></span> <span class='ocrx_word' id='word_1_681' title='bbox 3063 4193 3207 4265; x_wconf 82' lang='grc' dir='ltr'>Πρὸς</span> <span class='ocrx_word' id='word_1_682' title='bbox 3222 4194 3279 4247; x_wconf 82' lang='grc' dir='ltr'><strong>δὲ</strong></span> <span class='ocrx_word' id='word_1_683' title='bbox 3300 4196 3426 4258; x_wconf 83' lang='grc' dir='ltr'>τοὺς</span> <span class='ocrx_word' id='word_1_684' title='bbox 3441 4195 3658 4264; x_wconf 80' lang='grc' dir='ltr'>Ἀρεια-</span> 
     </span>
    </p>
   </div>
   <div class='ocr_carea' id='block_1_89' title="bbox 2075 4280 3661 4357">
    <p class='ocr_par' dir='ltr' id='par_1_89' title="bbox 2075 4280 3661 4357">
     <span class='ocr_line' id='line_1_89' title="bbox 2075 4280 3661 4357; baseline 0 -23"><span class='ocrx_word' id='word_1_685' title='bbox 2075 4283 2198 4345; x_wconf 80' lang='grc' dir='ltr'>νοὺς</span> <span class='ocrx_word' id='word_1_686' title='bbox 2222 4280 2428 4353; x_wconf 74' lang='grc' dir='ltr'>ἔγραφε</span> <span class='ocrx_word' id='word_1_687' title='bbox 2451 4299 2466 4313; x_wconf 74' lang='grc' dir='ltr'><strong><em>ο</em></strong></span> <span class='ocrx_word' id='word_1_688' title='bbox 2510 4287 2552 4355; x_wconf 69' lang='grc' dir='ltr'><strong>ει</strong></span> <span class='ocrx_word' id='word_1_689' title='bbox 2577 4283 2643 4336; x_wconf 87' lang='grc' dir='ltr'><strong>Τί</strong></span> <span class='ocrx_word' id='word_1_690' title='bbox 2682 4283 2966 4357; x_wconf 81' lang='grc' dir='ltr'>μέμφεσθε</span> <span class='ocrx_word' id='word_1_691' title='bbox 3000 4284 3335 4357; x_wconf 80' lang='grc' dir='ltr'>Ἀλεξάνδρῳ</span> <span class='ocrx_word' id='word_1_692' title='bbox 3375 4282 3454 4354; x_wconf 81' lang='grc' dir='ltr'>τῷ</span> <span class='ocrx_word' id='word_1_693' title='bbox 3499 4281 3661 4353; x_wconf 72' lang='grc' dir='ltr'>πάπᾳ</span> 
     </span>
    </p>
   </div>
   <div class='ocr_carea' id='block_1_90' title="bbox 2075 4372 3657 4449">
    <p class='ocr_par' dir='ltr' id='par_1_90' title="bbox 2075 4372 3657 4449">
     <span class='ocr_line' id='line_1_90' title="bbox 2075 4372 3657 4449; baseline 0.001 -23"><span class='ocrx_word' id='word_1_694' title='bbox 2075 4372 2286 4442; x_wconf 89' lang='grc' dir='ltr'>λέγοντι</span> <span class='ocrx_word' id='word_1_695' title='bbox 2314 4375 2379 4427; x_wconf 80' lang='grc' dir='ltr'>ὲκ</span> <span class='ocrx_word' id='word_1_696' title='bbox 2409 4374 2505 4428; x_wconf 89' lang='grc' dir='ltr'><strong>τοῦ</strong></span> <span class='ocrx_word' id='word_1_697' title='bbox 2539 4376 2752 4449; x_wconf 84' lang='grc' dir='ltr'>Πατρὺς</span> <span class='ocrx_word' id='word_1_698' title='bbox 2773 4377 2866 4430; x_wconf 83' lang='grc' dir='ltr'><strong>τὸν</strong></span> <span class='ocrx_word' id='word_1_699' title='bbox 2895 4376 3060 4444; x_wconf 84' lang='grc' dir='ltr'>Υἰόν;</span> <span class='ocrx_word' id='word_1_700' title='bbox 3106 4378 3199 4431; x_wconf 72' lang='grc' dir='ltr'><strong>καὶ</strong></span> <span class='ocrx_word' id='word_1_701' title='bbox 3234 4375 3344 4447; x_wconf 78' lang='grc' dir='ltr'>γὰρ</span> <span class='ocrx_word' id='word_1_702' title='bbox 3366 4376 3462 4429; x_wconf 77' lang='grc' dir='ltr'><strong>καὶ</strong></span> <span class='ocrx_word' id='word_1_703' title='bbox 3498 4376 3657 4445; x_wconf 81' lang='grc' dir='ltr'>ὑμεῖς</span> 
     </span>
    </p>
   </div>
   <div class='ocr_carea' id='block_1_91' title="bbox 398 4465 1969 4555">
    <p class='ocr_par' dir='ltr' id='par_1_91' title="bbox 398 4485 1969 4555">
     <span class='ocr_line' id='line_1_91' title="bbox 398 4485 1969 4555; baseline -0.004 -9"><span class='ocrx_word' id='word_1_704' title='bbox 398 4491 604 4546; x_wconf 80' lang='lat' dir='ltr'><strong>debetis</strong></span> <span class='ocrx_word' id='word_1_705' title='bbox 636 4488 832 4544; x_wconf 87' lang='lat' dir='ltr'><strong>Filium</strong></span> <span class='ocrx_word' id='word_1_706' title='bbox 856 4489 1037 4543; x_wconf 86' lang='lat' dir='ltr'><strong>dicere</strong></span> <span class='ocrx_word' id='word_1_707' title='bbox 1055 4504 1123 4543; x_wconf 84' lang='lat' dir='ltr'><strong>ex</strong></span> <span class='ocrx_word' id='word_1_708' title='bbox 1147 4486 1255 4543; x_wconf 84' lang='lat' dir='ltr'><strong>Deo</strong></span> <span class='ocrx_word' id='word_1_709' title='bbox 1293 4502 1434 4543; x_wconf 88' lang='lat' dir='ltr'><strong>esse.</strong></span> <span class='ocrx_word' id='word_1_710' title='bbox 1488 4485 1624 4541; x_wconf 89' lang='lat' dir='ltr'><strong>Nam</strong></span> <span class='ocrx_word' id='word_1_711' title='bbox 1660 4487 1704 4541; x_wconf 92' lang='lat' dir='ltr'><strong>si</strong></span> <span class='ocrx_word' id='word_1_712' title='bbox 1738 4485 1969 4555; x_wconf 84' lang='lat' dir='ltr'><strong>Aposto-</strong></span> 
     </span>
    </p>
   </div>
   <div class='ocr_carea' id='block_1_92' title="bbox 2073 4465 3658 4555">
    <p class='ocr_par' dir='ltr' id='par_1_92' title="bbox 2078 4465 3658 4547">
     <span class='ocr_line' id='line_1_92' title="bbox 2078 4465 3658 4547; baseline 0 -28"><span class='ocrx_word' id='word_1_713' title='bbox 2078 4465 2152 4537; x_wconf 83' lang='grc' dir='ltr'>μὴ</span> <span class='ocrx_word' id='word_1_714' title='bbox 2175 4465 2446 4539; x_wconf 87' lang='grc' dir='ltr'>φοϐηθῆτε</span> <span class='ocrx_word' id='word_1_715' title='bbox 2472 4469 2645 4521; x_wconf 85' lang='grc' dir='ltr'>είπείν</span> <span class='ocrx_word' id='word_1_716' title='bbox 2678 4469 2773 4524; x_wconf 75' lang='grc' dir='ltr'>καὶ</span> <span class='ocrx_word' id='word_1_717' title='bbox 2800 4472 2866 4523; x_wconf 84' lang='grc' dir='ltr'>ὲκ</span> <span class='ocrx_word' id='word_1_718' title='bbox 2888 4469 2982 4523; x_wconf 85' lang='grc' dir='ltr'><strong>τοῦ</strong></span> <span class='ocrx_word' id='word_1_719' title='bbox 3009 4468 3143 4522; x_wconf 84' lang='grc' dir='ltr'>Θεοῦ</span> <span class='ocrx_word' id='word_1_720' title='bbox 3166 4469 3256 4522; x_wconf 84' lang='grc' dir='ltr'><strong>τὸν</strong></span> <span class='ocrx_word' id='word_1_721' title='bbox 3288 4468 3435 4522; x_wconf 83' lang='grc' dir='ltr'>Υίόν.</span> <span class='ocrx_word' id='word_1_722' title='bbox 3455 4468 3520 4521; x_wconf 77' lang='lat' dir='ltr'><strong>Ei.</strong></span> <span class='ocrx_word' id='word_1_723' title='bbox 3549 4465 3658 4547; x_wconf 79' lang='grc' dir='ltr'><strong>γάρ</strong></span> 
     </span>
    </p>
   </div>
   <div class='ocr_carea' id='block_1_93' title="bbox 400 4576 1976 4652">
    <p class='ocr_par' dir='ltr' id='par_1_93' title="bbox 400 4576 1976 4652">
     <span class='ocr_line' id='line_1_93' title="bbox 400 4576 1976 4652; baseline -0.005 -15"><span class='ocrx_word' id='word_1_724' title='bbox 400 4583 486 4638; x_wconf 89' lang='lat' dir='ltr'><strong>lus</strong></span> <span class='ocrx_word' id='word_1_725' title='bbox 534 4582 773 4652; x_wconf 83' lang='lat' dir='ltr'><strong>scripsit,</strong></span> <span class='ocrx_word' id='word_1_726' title='bbox 825 4580 1019 4637; x_wconf 85' lang='lat' dir='ltr'><strong>Omnia</strong></span> <span class='ocrx_word' id='word_1_727' title='bbox 1081 4588 1257 4634; x_wconf 81' lang='lat' dir='ltr'><strong>autem</strong></span> <span class='ocrx_word' id='word_1_728' title='bbox 1321 4594 1386 4632; x_wconf 78' lang='lat' dir='ltr'><strong>ea:</strong></span> <span class='ocrx_word' id='word_1_729' title='bbox 1434 4576 1542 4631; x_wconf 80' lang='lat' dir='ltr'><strong>Deo</strong></span> <span class='ocrx_word' id='word_1_730' title='bbox 1572 4580 1616 4644; x_wconf 85' lang='grc'><strong>²,</strong></span> <span class='ocrx_word' id='word_1_731' title='bbox 1665 4577 1976 4648; x_wconf 88' lang='lat' dir='ltr'><strong>propalam-</strong></span> 
     </span>
    </p>
   </div>
   <div class='ocr_carea' id='block_1_94' title="bbox 398 4669 1972 4748">
    <p class='ocr_par' dir='ltr' id='par_1_94' title="bbox 398 4669 1972 4748">
     <span class='ocr_line' id='line_1_94' title="bbox 398 4669 1972 4748; baseline -0.004 -17"><span class='ocrx_word' id='word_1_732' title='bbox 398 4692 505 4748; x_wconf 90' lang='lat' dir='ltr'><strong>qne</strong></span> <span class='ocrx_word' id='word_1_733' title='bbox 533 4688 637 4739; x_wconf 85' lang='lat' dir='ltr'><strong>est,</strong></span> <span class='ocrx_word' id='word_1_734' title='bbox 662 4691 730 4730; x_wconf 86' lang='lat' dir='ltr'><strong>ex</strong></span> <span class='ocrx_word' id='word_1_735' title='bbox 772 4689 880 4729; x_wconf 90' lang='lat' dir='ltr'><strong>non</strong></span> <span class='ocrx_word' id='word_1_736' title='bbox 938 4674 1280 4729; x_wconf 86' lang='lat' dir='ltr'><strong>exstantibus</strong></span> <span class='ocrx_word' id='word_1_737' title='bbox 1332 4672 1517 4727; x_wconf 86' lang='lat' dir='ltr'><strong>omnia</strong></span> <span class='ocrx_word' id='word_1_738' title='bbox 1562 4670 1705 4725; x_wconf 82' lang='lat' dir='ltr'><strong>facta</strong></span> <span class='ocrx_word' id='word_1_739' title='bbox 1754 4669 1928 4725; x_wconf 79' lang='lat' dir='ltr'><strong>fuisse</strong></span> <span class='ocrx_word' id='word_1_740' title='bbox 1956 4710 1972 4735; x_wconf 93' lang='lat'><strong>,</strong></span> 
     </span>
    </p>
   </div>
   <div class='ocr_carea' id='block_1_95' title="bbox 399 4763 1976 4844">
    <p class='ocr_par' dir='ltr' id='par_1_95' title="bbox 399 4763 1976 4844">
     <span class='ocr_line' id='line_1_95' title="bbox 399 4763 1976 4844; baseline -0.005 -20"><span class='ocrx_word' id='word_1_741' title='bbox 399 4778 590 4839; x_wconf 90' lang='lat' dir='ltr'><strong>estque</strong></span> <span class='ocrx_word' id='word_1_742' title='bbox 641 4767 807 4821; x_wconf 86' lang='lat' dir='ltr'><strong>etiam</strong></span> <span class='ocrx_word' id='word_1_743' title='bbox 855 4764 1029 4822; x_wconf 88' lang='lat' dir='ltr'><strong>Filius</strong></span> <span class='ocrx_word' id='word_1_744' title='bbox 1074 4776 1320 4844; x_wconf 88' lang='lat' dir='ltr'><strong>creatus,</strong></span> <span class='ocrx_word' id='word_1_745' title='bbox 1364 4772 1529 4833; x_wconf 90' lang='lat' dir='ltr'><strong>atque</strong></span> <span class='ocrx_word' id='word_1_746' title='bbox 1578 4778 1687 4817; x_wconf 91' lang='lat' dir='ltr'><strong>una</strong></span> <span class='ocrx_word' id='word_1_747' title='bbox 1710 4777 1779 4818; x_wconf 85' lang='lat' dir='ltr'><strong>ex</strong></span> <span class='ocrx_word' id='word_1_748' title='bbox 1810 4763 1976 4817; x_wconf 87' lang='lat' dir='ltr'><strong>rebus</strong></span> 
     </span>
    </p>
   </div>
   <div class='ocr_carea' id='block_1_96' title="bbox 471 4920 939 4987">
    <p class='ocr_par' dir='ltr' id='par_1_96' title="bbox 471 4920 939 4987">
     <span class='ocr_line' id='line_1_96' title="bbox 471 4920 939 4987; baseline -0.002 -12"><span class='ocrx_word' id='word_1_749' title='bbox 471 4924 492 4955; x_wconf 79' lang='grc'>⁸</span> <span class='ocrx_word' id='word_1_750' title='bbox 535 4920 555 4975; x_wconf 85' lang='grc' dir='ltr'><strong>ι</strong></span> <span class='ocrx_word' id='word_1_751' title='bbox 582 4922 710 4977; x_wconf 73' lang='lat' dir='ltr'><strong>(lor.</strong></span> <span class='ocrx_word' id='word_1_752' title='bbox 741 4937 821 4987; x_wconf 86' lang='lat' dir='ltr'><strong>xi,</strong></span> <span class='ocrx_word' id='word_1_753' title='bbox 853 4921 939 4976; x_wconf 75' lang='grc'><strong>12.</strong></span> 
     </span>
    </p>
   </div>
   <div class='ocr_carea' id='block_1_97' title="bbox 470 5099 1977 5173">
    <p class='ocr_par' dir='ltr' id='par_1_97' title="bbox 470 5099 1977 5173">
     <span class='ocr_line' id='line_1_97' title="bbox 470 5099 1977 5173; baseline 0 -17"><span class='ocrx_word' id='word_1_754' title='bbox 470 5101 582 5173; x_wconf 70' lang='grc'><strong>(54)</strong></span> <span class='ocrx_word' id='word_1_755' title='bbox 623 5099 781 5168; x_wconf 83' lang='lat' dir='ltr'><strong>Quod</strong></span> <span class='ocrx_word' id='word_1_756' title='bbox 813 5102 902 5156; x_wconf 89' lang='lat' dir='ltr'><strong>hic</strong></span> <span class='ocrx_word' id='word_1_757' title='bbox 928 5101 1005 5156; x_wconf 85' lang='lat' dir='ltr'><strong>ait</strong></span> <span class='ocrx_word' id='word_1_758' title='bbox 1046 5101 1309 5158; x_wconf 87' lang='lat' dir='ltr'><strong>Athanas.</strong></span> <span class='ocrx_word' id='word_1_759' title='bbox 1341 5102 1457 5159; x_wconf 70' lang='lat' dir='ltr'><strong>haec</strong></span> <span class='ocrx_word' id='word_1_760' title='bbox 1485 5112 1695 5172; x_wconf 86' lang='lat' dir='ltr'><strong>partem</strong></span> <span class='ocrx_word' id='word_1_761' title='bbox 1729 5118 1852 5159; x_wconf 78' lang='lat' dir='ltr'><strong>esse</strong></span> <span class='ocrx_word' id='word_1_762' title='bbox 1880 5117 1977 5173; x_wconf 85' lang='lat' dir='ltr'><strong>eo-</strong></span> 
     </span>
    </p>
   </div>
   <div class='ocr_carea' id='block_1_98' title="bbox 401 5172 1980 5244">
    <p class='ocr_par' dir='ltr' id='par_1_98' title="bbox 401 5172 1980 5244">
     <span class='ocr_line' id='line_1_98' title="bbox 401 5172 1980 5244; baseline -0.001 -16"><span class='ocrx_word' id='word_1_763' title='bbox 401 5190 520 5228; x_wconf 86' lang='lat' dir='ltr'><strong>rum</strong></span> <span class='ocrx_word' id='word_1_764' title='bbox 561 5172 683 5242; x_wconf 75' lang='lat' dir='ltr'><strong>qua:</strong></span> <span class='ocrx_word' id='word_1_765' title='bbox 715 5173 898 5226; x_wconf 87' lang='lat' dir='ltr'><strong>Ariani</strong></span> <span class='ocrx_word' id='word_1_766' title='bbox 930 5173 1094 5240; x_wconf 85' lang='lat' dir='ltr'><strong>impie</strong></span> <span class='ocrx_word' id='word_1_767' title='bbox 1125 5176 1420 5241; x_wconf 88' lang='lat' dir='ltr'><strong>protulere,</strong></span> <span class='ocrx_word' id='word_1_768' title='bbox 1448 5189 1793 5244; x_wconf 83' lang='lat' dir='ltr'><strong>nequaquam</strong></span> <span class='ocrx_word' id='word_1_769' title='bbox 1838 5172 1980 5227; x_wconf 85' lang='lat' dir='ltr'><strong>indi-</strong></span> 
     </span>
    </p>
   </div>
   <div class='ocr_carea' id='block_1_99' title="bbox 399 5244 1978 5324">
    <p class='ocr_par' dir='ltr' id='par_1_99' title="bbox 399 5244 1978 5324">
     <span class='ocr_line' id='line_1_99' title="bbox 399 5244 1978 5324; baseline -0.001 -25"><span class='ocrx_word' id='word_1_770' title='bbox 399 5255 487 5324; x_wconf 79' lang='lat' dir='ltr'><strong>cat</strong></span> <span class='ocrx_word' id='word_1_771' title='bbox 518 5255 721 5324; x_wconf 66' lang='lat' dir='ltr'><strong>partem</strong></span> <span class='ocrx_word' id='word_1_772' title='bbox 760 5252 966 5296; x_wconf 88' lang='lat' dir='ltr'><strong>tantum</strong></span> <span class='ocrx_word' id='word_1_773' title='bbox 997 5244 1238 5324; x_wconf 64' lang='lat' dir='ltr'><strong>epistolae</strong></span> <span class='ocrx_word' id='word_1_774' title='bbox 1270 5244 1357 5324; x_wconf 74' lang='lat' dir='ltr'><strong>hic</strong></span> <span class='ocrx_word' id='word_1_775' title='bbox 1385 5245 1602 5298; x_wconf 88' lang='lat' dir='ltr'><strong>allatam</strong></span> <span class='ocrx_word' id='word_1_776' title='bbox 1644 5244 1848 5311; x_wconf 84' lang='lat' dir='ltr'><strong>luisse;</strong></span> <span class='ocrx_word' id='word_1_777' title='bbox 1884 5245 1978 5298; x_wconf 89' lang='lat' dir='ltr'><strong>sed</strong></span> 
     </span>
    </p>
   </div>
   <div class='ocr_carea' id='block_1_100' title="bbox 401 5312 1979 5393">
    <p class='ocr_par' dir='ltr' id='par_1_100' title="bbox 401 5312 1979 5393">
     <span class='ocr_line' id='line_1_100' title="bbox 401 5312 1979 5393; baseline 0.004 -31"><span class='ocrx_word' id='word_1_778' title='bbox 401 5312 670 5393; x_wconf 61' lang='lat' dir='ltr'><strong>signiﬁcat</strong></span> <span class='ocrx_word' id='word_1_779' title='bbox 718 5324 939 5393; x_wconf 76' lang='lat' dir='ltr'><strong>sanctus</strong></span> <span class='ocrx_word' id='word_1_780' title='bbox 983 5312 1193 5381; x_wconf 91' lang='lat' dir='ltr'><strong>doctor,</strong></span> <span class='ocrx_word' id='word_1_781' title='bbox 1234 5316 1368 5370; x_wconf 87' lang='lat' dir='ltr'><strong>alias</strong></span> <span class='ocrx_word' id='word_1_782' title='bbox 1402 5324 1626 5393; x_wconf 59' lang='lat' dir='ltr'><strong>exstare</strong></span> <span class='ocrx_word' id='word_1_783' title='bbox 1657 5316 1718 5393; x_wconf 78' lang='lat' dir='ltr'><strong>in</strong></span> <span class='ocrx_word' id='word_1_784' title='bbox 1760 5314 1979 5383; x_wconf 88' lang='lat' dir='ltr'><strong>scriptis</strong></span> 
     </span>
    </p>
   </div>
   <div class='ocr_carea' id='block_1_101' title="bbox 399 5383 1978 5465">
    <p class='ocr_par' dir='ltr' id='par_1_101' title="bbox 399 5383 1978 5465">
     <span class='ocr_line' id='line_1_101' title="bbox 399 5383 1978 5465; baseline 0.004 -30"><span class='ocrx_word' id='word_1_785' title='bbox 399 5383 726 5465; x_wconf 60' lang='lat' dir='ltr'><strong>Arianorum</strong></span> <span class='ocrx_word' id='word_1_786' title='bbox 777 5386 973 5465; x_wconf 83' lang='lat' dir='ltr'><strong>impias</strong></span> <span class='ocrx_word' id='word_1_787' title='bbox 1021 5400 1202 5449; x_wconf 84' lang='lat' dir='ltr'><strong>voces,</strong></span> <span class='ocrx_word' id='word_1_788' title='bbox 1236 5402 1352 5465; x_wconf 84' lang='lat' dir='ltr'><strong>_seu</strong></span> <span class='ocrx_word' id='word_1_789' title='bbox 1409 5387 1545 5465; x_wconf 78' lang='lat' dir='ltr'><strong>alias</strong></span> <span class='ocrx_word' id='word_1_790' title='bbox 1579 5386 1705 5440; x_wconf 86' lang='lat' dir='ltr'><strong>alibi</strong></span> <span class='ocrx_word' id='word_1_791' title='bbox 1739 5387 1978 5465; x_wconf 82' lang='lat' dir='ltr'><strong>prolatas</strong></span> 
     </span>
    </p>
   </div>
   <div class='ocr_carea' id='block_1_102' title="bbox 400 5453 1978 5538">
    <p class='ocr_par' dir='ltr' id='par_1_102' title="bbox 400 5453 1978 5538">
     <span class='ocr_line' id='line_1_102' title="bbox 400 5453 1978 5538; baseline 0.002 -31"><span class='ocrx_word' id='word_1_792' title='bbox 400 5453 603 5538; x_wconf 72' lang='lat' dir='ltr'><strong>abillis</strong></span> <span class='ocrx_word' id='word_1_793' title='bbox 638 5454 826 5538; x_wconf 59' lang='lat' dir='ltr'><strong>fuisse:</strong></span> <span class='ocrx_word' id='word_1_794' title='bbox 855 5457 1123 5538; x_wconf 73' lang='lat' dir='ltr'><strong>[ntegrum</strong></span> <span class='ocrx_word' id='word_1_795' title='bbox 1163 5456 1308 5536; x_wconf 80' lang='lat' dir='ltr'><strong>enim</strong></span> <span class='ocrx_word' id='word_1_796' title='bbox 1353 5471 1474 5510; x_wconf 88' lang='lat' dir='ltr'><strong>esse</strong></span> <span class='ocrx_word' id='word_1_797' title='bbox 1519 5456 1660 5509; x_wconf 91' lang='lat' dir='ltr'><strong>hanc</strong></span> <span class='ocrx_word' id='word_1_798' title='bbox 1691 5453 1978 5524; x_wconf 87' lang='lat' dir='ltr'><strong>epistolam</strong></span> 
     </span>
    </p>
   </div>
   <div class='ocr_carea' id='block_1_103' title="bbox 403 5522 1981 5596">
    <p class='ocr_par' dir='ltr' id='par_1_103' title="bbox 403 5522 1981 5596">
     <span class='ocr_line' id='line_1_103' title="bbox 403 5522 1981 5596; baseline 0.004 -23"><span class='ocrx_word' id='word_1_799' title='bbox 403 5533 548 5596; x_wconf 79' lang='lat' dir='ltr'><strong>patet</strong></span> <span class='ocrx_word' id='word_1_800' title='bbox 578 5538 643 5578; x_wconf 89' lang='lat' dir='ltr'><strong>ex</strong></span> <span class='ocrx_word' id='word_1_801' title='bbox 673 5522 998 5596; x_wconf 77' lang='lat' dir='ltr'><strong>Epiphanio,</strong></span> <span class='ocrx_word' id='word_1_802' title='bbox 1030 5526 1122 5596; x_wconf 86' lang='lat' dir='ltr'><strong>uhi</strong></span> <span class='ocrx_word' id='word_1_803' title='bbox 1173 5526 1355 5579; x_wconf 88' lang='lat' dir='ltr'><strong>statim</strong></span> <span class='ocrx_word' id='word_1_804' title='bbox 1409 5535 1534 5596; x_wconf 89' lang='lat' dir='ltr'><strong>post</strong></span> <span class='ocrx_word' id='word_1_805' title='bbox 1574 5528 1689 5581; x_wconf 64' lang='lat' dir='ltr'><strong>haec</strong></span> <span class='ocrx_word' id='word_1_806' title='bbox 1727 5522 1920 5590; x_wconf 47' lang='lat' dir='ltr'><strong>Verba,</strong></span> <span class='ocrx_word' id='word_1_807' title='bbox 1951 5528 1981 5579; x_wconf 90' lang='lat'><strong>6</strong></span> 
     </span>
    </p>
   </div>
   <div class='ocr_carea' id='block_1_104' title="bbox 404 5590 1983 5670">
    <p class='ocr_par' dir='ltr' id='par_1_104' title="bbox 404 5590 1983 5670">
     <span class='ocr_line' id='line_1_104' title="bbox 404 5590 1983 5670; baseline 0.006 -28"><span class='ocrx_word' id='word_1_808' title='bbox 404 5590 690 5660; x_wconf 81' lang='grc' dir='ltr'>ἀσώματος</span> <span class='ocrx_word' id='word_1_809' title='bbox 713 5590 867 5670; x_wconf 72' lang='grc' dir='ltr'>Θεός,</span> <span class='ocrx_word' id='word_1_810' title='bbox 890 5595 1157 5670; x_wconf 72' lang='lat' dir='ltr'><strong>sequitur,</strong></span> <span class='ocrx_word' id='word_1_811' title='bbox 1176 5590 1480 5670; x_wconf 68' lang='grc' dir='ltr'>Ἐῥρῶσθαί</span> <span class='ocrx_word' id='word_1_812' title='bbox 1503 5613 1570 5670; x_wconf 79' lang='grc' dir='ltr'><strong>σε</strong></span> <span class='ocrx_word' id='word_1_813' title='bbox 1594 5599 1651 5651; x_wconf 81' lang='grc' dir='ltr'>ἐν</span> <span class='ocrx_word' id='word_1_814' title='bbox 1677 5597 1867 5670; x_wconf 78' lang='grc' dir='ltr'>Κυρίῳ</span> <span class='ocrx_word' id='word_1_815' title='bbox 1891 5596 1983 5651; x_wconf 75' lang='grc' dir='ltr'>εὖ·</span> 
     </span>
    </p>
   </div>
   <div class='ocr_carea' id='block_1_105' title="bbox 404 5663 1978 5785">
    <p class='ocr_par' dir='ltr' id='par_1_105' title="bbox 404 5663 1978 5785">
     <span class='ocr_line' id='line_1_105' title="bbox 404 5663 1978 5785; baseline 0.006 -73"><span class='ocrx_word' id='word_1_816' title='bbox 404 5677 598 5783; x_wconf 40' lang='grc' dir='ltr'><strong>ἕξομαι..</strong></span> <span class='ocrx_word' id='word_1_817' title='bbox 627 5663 865 5785; x_wconf 60' lang='grc' dir='ltr'>μακάὲιε</span> <span class='ocrx_word' id='word_1_818' title='bbox 911 5663 1089 5716; x_wconf 76' lang='grc' dir='ltr'>πάπαο</span> <span class='ocrx_word' id='word_1_819' title='bbox 1113 5663 1358 5756; x_wconf 54' lang='grc' dir='ltr'>ξᾹρέιος,</span> <span class='ocrx_word' id='word_1_820' title='bbox 1391 5666 1641 5752; x_wconf 80' lang='grc' dir='ltr'>Ἑθάλης,</span> <span class='ocrx_word' id='word_1_821' title='bbox 1680 5663 1978 5741; x_wconf 54' lang='grc' dir='ltr'>Ἀχιλλεὺς,</span> 
     </span>
     <span class='ocr_line' id='line_1_106' title="bbox 457 5735 1978 5785; baseline 0.001 -3"><span class='ocrx_word' id='word_1_822' title='bbox 457 5746 734 5785; x_wconf 65' lang='lat' dir='ltr'><strong>annon/nc.</strong></span> <span class='ocrx_word' id='word_1_823' title='bbox 821 5735 1092 5785; x_wconf 74' lang='grc' dir='ltr'>αοαατᾶς.</span> <span class='ocrx_word' id='word_1_824' title='bbox 1137 5738 1347 5785; x_wconf 73' lang='lat' dir='ltr'><strong>Anam.</strong></span> <span class='ocrx_word' id='word_1_825' title='bbox 1379 5740 1735 5785; x_wconf 67' lang='lat' dir='ltr'><strong>1mmeth</strong></span> <span class='ocrx_word' id='word_1_826' title='bbox 1756 5758 1768 5771; x_wconf 83' lang='lat'><strong>-</strong></span> <span class='ocrx_word' id='word_1_827' title='bbox 1802 5740 1978 5785; x_wconf 64' lang='grc' dir='ltr'><strong>διάκο-</strong></span> 
     </span>
    </p>
   </div>
   <div class='ocr_carea' id='block_1_106' title="bbox 457 5735 1982 5810">
    <p class='ocr_par' dir='ltr' id='par_1_106' title="bbox 457 5735 1982 5810">
     <span class='ocr_line' id='line_1_107' title="bbox 457 5735 1982 5810; baseline 0.008 -27"><span class='ocrx_word' id='word_1_828' title='bbox 457 5735 734 5804; x_wconf 83' lang='grc' dir='ltr'>αρπώνης,</span> <span class='ocrx_word' id='word_1_829' title='bbox 780 5735 1092 5804; x_wconf 55' lang='grc' dir='ltr'>Σάρρα-λιτάς,</span> <span class='ocrx_word' id='word_1_830' title='bbox 1113 5735 1347 5807; x_wconf 69' lang='grc' dir='ltr'>Ἄρειος,</span> <span class='ocrx_word' id='word_1_831' title='bbox 1379 5735 1775 5810; x_wconf 63' lang='grc' dir='ltr'>πρεσϐύτεροιτ</span> <span class='ocrx_word' id='word_1_832' title='bbox 1802 5740 1982 5795; x_wconf 72' lang='grc' dir='ltr'>διάκο-</span> 
     </span>
    </p>
   </div>
   <div class='ocr_carea' id='block_1_107' title="bbox 2073 4558 3654 4632">
    <p class='ocr_par' dir='ltr' id='par_1_107' title="bbox 2073 4558 3654 4632">
     <span class='ocr_line' id='line_1_108' title="bbox 2073 4558 3654 4632; baseline 0.002 -22"><span class='ocrx_word' id='word_1_833' title='bbox 2073 4559 2102 4611; x_wconf 87' lang='grc' dir='ltr'>ὁ</span> <span class='ocrx_word' id='word_1_834' title='bbox 2160 4558 2481 4624; x_wconf 82' lang='grc' dir='ltr'>Ἀπόστολος</span> <span class='ocrx_word' id='word_1_835' title='bbox 2521 4559 2725 4632; x_wconf 79' lang='grc' dir='ltr'>ἔγραψε</span> <span class='ocrx_word' id='word_1_836' title='bbox 2744 4577 2759 4592; x_wconf 75' lang='grc' dir='ltr'><strong><em>ο</em></strong></span> <span class='ocrx_word' id='word_1_837' title='bbox 2809 4563 2888 4616; x_wconf 84' lang='grc' dir='ltr'><em>Τὰ</em></span> <span class='ocrx_word' id='word_1_838' title='bbox 2913 4560 2980 4615; x_wconf 84' lang='grc' dir='ltr'><strong>δὲ</strong></span> <span class='ocrx_word' id='word_1_839' title='bbox 3005 4560 3201 4615; x_wconf 82' lang='grc' dir='ltr'>πάντα</span> <span class='ocrx_word' id='word_1_840' title='bbox 3231 4561 3300 4615; x_wconf 85' lang='grc' dir='ltr'>ἐκ</span> <span class='ocrx_word' id='word_1_841' title='bbox 3331 4560 3441 4616; x_wconf 84' lang='grc' dir='ltr'><strong>τοῦ</strong></span> <span class='ocrx_word' id='word_1_842' title='bbox 3469 4560 3619 4614; x_wconf 85' lang='grc' dir='ltr'>Θεοῦ</span> <span class='ocrx_word' id='word_1_843' title='bbox 3639 4601 3654 4625; x_wconf 88' lang='grc'><strong>,</strong></span> 
     </span>
    </p>
   </div>
   <div class='ocr_carea' id='block_1_108' title="bbox 2073 4649 3655 4722">
    <p class='ocr_par' dir='ltr' id='par_1_108' title="bbox 2073 4649 3655 4722">
     <span class='ocr_line' id='line_1_109' title="bbox 2073 4649 3655 4722; baseline 0.001 -18"><span class='ocrx_word' id='word_1_844' title='bbox 2073 4649 2168 4704; x_wconf 74' lang='grc' dir='ltr'>καὶ</span> <span class='ocrx_word' id='word_1_845' title='bbox 2202 4650 2317 4703; x_wconf 72' lang='grc' dir='ltr'>ἐστι</span> <span class='ocrx_word' id='word_1_846' title='bbox 2365 4649 2522 4721; x_wconf 84' lang='grc' dir='ltr'>δῆλον</span> <span class='ocrx_word' id='word_1_847' title='bbox 2553 4650 2614 4716; x_wconf 79' lang='grc' dir='ltr'>ἐξ</span> <span class='ocrx_word' id='word_1_848' title='bbox 2657 4652 2758 4705; x_wconf 79' lang='grc' dir='ltr'><strong>οὐκ</strong></span> <span class='ocrx_word' id='word_1_849' title='bbox 2783 4651 2952 4706; x_wconf 76' lang='grc' dir='ltr'>ὅντων</span> <span class='ocrx_word' id='word_1_850' title='bbox 2987 4652 3316 4722; x_wconf 83' lang='grc' dir='ltr'>πεποιῆσθαι</span> <span class='ocrx_word' id='word_1_851' title='bbox 3356 4652 3425 4705; x_wconf 79' lang='grc' dir='ltr'>τὰ</span> <span class='ocrx_word' id='word_1_852' title='bbox 3455 4652 3655 4717; x_wconf 85' lang='grc' dir='ltr'>πάντα,</span> 
     </span>
    </p>
   </div>
   <div class='ocr_carea' id='block_1_109' title="bbox 2074 4738 3655 4816">
    <p class='ocr_par' dir='ltr' id='par_1_109' title="bbox 2074 4738 3655 4816">
     <span class='ocr_line' id='line_1_110' title="bbox 2074 4738 3655 4816; baseline 0.001 -20"><span class='ocrx_word' id='word_1_853' title='bbox 2074 4743 2189 4796; x_wconf 76' lang='grc' dir='ltr'>ἔστι</span> <span class='ocrx_word' id='word_1_854' title='bbox 2220 4743 2275 4797; x_wconf 81' lang='grc' dir='ltr'><strong>δὲ</strong></span> <span class='ocrx_word' id='word_1_855' title='bbox 2294 4745 2388 4797; x_wconf 80' lang='grc' dir='ltr'><strong>καὶ</strong></span> <span class='ocrx_word' id='word_1_856' title='bbox 2413 4746 2443 4798; x_wconf 88' lang='lat'><strong>6</strong></span> <span class='ocrx_word' id='word_1_857' title='bbox 2471 4743 2599 4809; x_wconf 80' lang='grc' dir='ltr'><strong>Υἱὸς</strong></span> <span class='ocrx_word' id='word_1_858' title='bbox 2630 4746 2859 4816; x_wconf 81' lang='grc' dir='ltr'>κτίσμα,</span> <span class='ocrx_word' id='word_1_859' title='bbox 2886 4746 2982 4798; x_wconf 76' lang='grc' dir='ltr'>καὶ</span> <span class='ocrx_word' id='word_1_860' title='bbox 3008 4744 3117 4799; x_wconf 86' lang='grc' dir='ltr'><strong>τῶν</strong></span> <span class='ocrx_word' id='word_1_861' title='bbox 3142 4744 3529 4815; x_wconf 84' lang='grc' dir='ltr'>πεποιημένων</span> <span class='ocrx_word' id='word_1_862' title='bbox 3554 4738 3655 4806; x_wconf 79' lang='grc' dir='ltr'>εἷς’</span> 
     </span>
    </p>
   </div>
   <div class='ocr_carea' id='block_1_110' title="bbox 2077 5105 3656 5177">
    <p class='ocr_par' dir='ltr' id='par_1_110' title="bbox 2077 5105 3656 5177">
     <span class='ocr_line' id='line_1_111' title="bbox 2077 5105 3656 5177; baseline -0.004 -12"><span class='ocrx_word' id='word_1_863' title='bbox 2077 5128 2179 5175; x_wconf 90' lang='grc' dir='ltr'>νοι,</span> <span class='ocrx_word' id='word_1_864' title='bbox 2235 5109 2494 5176; x_wconf 72' lang='grc' dir='ltr'>Εὑζώῖος,</span> <span class='ocrx_word' id='word_1_865' title='bbox 2544 5110 2795 5174; x_wconf 83' lang='grc' dir='ltr'>Λούκιος,</span> <span class='ocrx_word' id='word_1_866' title='bbox 2833 5109 3072 5172; x_wconf 80' lang='grc' dir='ltr'>Ἰούλιος,</span> <span class='ocrx_word' id='word_1_867' title='bbox 3114 5108 3326 5177; x_wconf 80' lang='grc' dir='ltr'>Μηνᾶς,</span> <span class='ocrx_word' id='word_1_868' title='bbox 3364 5105 3656 5168; x_wconf 80' lang='grc' dir='ltr'>Ἑλλάδιος,</span> 
     </span>
    </p>
   </div>
   <div class='ocr_carea' id='block_1_111' title="bbox 2078 5176 3662 5246">
    <p class='ocr_par' dir='ltr' id='par_1_111' title="bbox 2078 5176 3662 5246">
     <span class='ocr_line' id='line_1_112' title="bbox 2078 5176 3662 5246; baseline -0.004 -10"><span class='ocrx_word' id='word_1_869' title='bbox 2078 5182 2274 5246; x_wconf 80' lang='grc' dir='ltr'>Γάϊος·</span> <span class='ocrx_word' id='word_1_870' title='bbox 2300 5183 2607 5243; x_wconf 71' lang='grc' dir='ltr'>ἐπίσκοποι,</span> <span class='ocrx_word' id='word_1_871' title='bbox 2659 5178 2951 5244; x_wconf 82' lang='grc' dir='ltr'>Σεκοῦνδος</span> <span class='ocrx_word' id='word_1_872' title='bbox 2999 5176 3400 5241; x_wconf 82' lang='grc' dir='ltr'>Πενταπόλεως.</span> <span class='ocrx_word' id='word_1_873' title='bbox 3442 5176 3662 5237; x_wconf 78' lang='grc' dir='ltr'>Θεωνᾶς</span> 
     </span>
    </p>
   </div>
   <div class='ocr_carea' id='block_1_112' title="bbox 2079 5247 3657 5322">
    <p class='ocr_par' dir='ltr' id='par_1_112' title="bbox 2079 5247 3657 5322">
     <span class='ocr_line' id='line_1_113' title="bbox 2079 5247 3657 5322; baseline -0.006 -16"><span class='ocrx_word' id='word_1_874' title='bbox 2079 5252 2266 5316; x_wconf 81' lang='grc' dir='ltr'>Λίϐυς,</span> <span class='ocrx_word' id='word_1_875' title='bbox 2301 5252 2517 5316; x_wconf 80' lang='grc' dir='ltr'>Πιστὸς,</span> <span class='ocrx_word' id='word_1_876' title='bbox 2554 5251 2614 5322; x_wconf 64' lang='lat' dir='ltr'><em>6y</em></span> <span class='ocrx_word' id='word_1_877' title='bbox 2652 5251 2994 5322; x_wconf 88' lang='grc' dir='ltr'>κατέστησαν</span> <span class='ocrx_word' id='word_1_878' title='bbox 3044 5252 3123 5313; x_wconf 80' lang='grc' dir='ltr'><strong>είς</strong></span> <span class='ocrx_word' id='word_1_879' title='bbox 3159 5248 3562 5322; x_wconf 80' lang='grc' dir='ltr'>Ἀλεξάνδρειαν</span> <span class='ocrx_word' id='word_1_880' title='bbox 3606 5247 3657 5298; x_wconf 89' lang='grc' dir='ltr'>οἰ</span> 
     </span>
    </p>
   </div>
   <div class='ocr_carea' id='block_1_113' title="bbox 2092 5320 3663 5395">
    <p class='ocr_par' dir='ltr' id='par_1_113' title="bbox 2092 5320 3663 5395">
     <span class='ocr_line' id='line_1_114' title="bbox 2092 5320 3663 5395; baseline -0.005 -20"><span class='ocrx_word' id='word_1_881' title='bbox 2092 5322 2378 5395; x_wconf 76' lang='grc' dir='ltr'>Ἀρειανοί.</span> <span class='ocrx_word' id='word_1_882' title='bbox 2413 5322 2545 5395; x_wconf 66' lang='lat' dir='ltr'><strong>Quae</strong></span> <span class='ocrx_word' id='word_1_883' title='bbox 2569 5320 2778 5395; x_wconf 82' lang='lat' dir='ltr'><strong>Pistum</strong></span> <span class='ocrx_word' id='word_1_884' title='bbox 2807 5320 2951 5376; x_wconf 84' lang='lat' dir='ltr'><strong>hunc</strong></span> <span class='ocrx_word' id='word_1_885' title='bbox 2990 5330 3385 5395; x_wconf 64' lang='lat' dir='ltr'><strong>spectant,_ex_p</strong></span> <span class='ocrx_word' id='word_1_886' title='bbox 3404 5320 3663 5395; x_wconf 47' lang='lat' dir='ltr'><strong>nituntur</strong></span> 
     </span>
    </p>
   </div>
   <div class='ocr_carea' id='block_1_114' title="bbox 2081 5386 3657 5452">
    <p class='ocr_par' dir='ltr' id='par_1_114' title="bbox 2081 5386 3657 5452">
     <span class='ocr_line' id='line_1_115' title="bbox 2081 5386 3657 5452; baseline -0.006 -4"><span class='ocrx_word' id='word_1_887' title='bbox 2081 5394 2134 5448; x_wconf 90' lang='lat' dir='ltr'><strong>in</strong></span> <span class='ocrx_word' id='word_1_888' title='bbox 2160 5386 2302 5447; x_wconf 49' lang='lat' dir='ltr'><strong>&quot;Vita</strong></span> <span class='ocrx_word' id='word_1_889' title='bbox 2348 5386 2623 5446; x_wconf 69' lang='lat' dir='ltr'><strong>Athanasii</strong></span> <span class='ocrx_word' id='word_1_890' title='bbox 2667 5393 2733 5447; x_wconf 88' lang='lat' dir='ltr'><strong>ad</strong></span> <span class='ocrx_word' id='word_1_891' title='bbox 2781 5407 2981 5446; x_wconf 88' lang='lat' dir='ltr'><strong>annum</strong></span> <span class='ocrx_word' id='word_1_892' title='bbox 3023 5386 3264 5452; x_wconf 72' lang='lat' dir='ltr'><strong>319,uhi</strong></span> <span class='ocrx_word' id='word_1_893' title='bbox 3302 5386 3521 5444; x_wconf 75' lang='lat' dir='ltr'><strong>videsis.</strong></span> <span class='ocrx_word' id='word_1_894' title='bbox 3551 5386 3657 5441; x_wconf 74' lang='lat' dir='ltr'><strong>Alii</strong></span> 
     </span>
    </p>
   </div>
   <div class='ocr_carea' id='block_1_115' title="bbox 2081 5458 3661 5531">
    <p class='ocr_par' dir='ltr' id='par_1_115' title="bbox 2081 5458 3661 5531">
     <span class='ocr_line' id='line_1_116' title="bbox 2081 5458 3661 5531; baseline -0.005 -13"><span class='ocrx_word' id='word_1_895' title='bbox 2081 5474 2260 5518; x_wconf 88' lang='lat' dir='ltr'><strong>autem</strong></span> <span class='ocrx_word' id='word_1_896' title='bbox 2323 5479 2514 5519; x_wconf 89' lang='lat' dir='ltr'><strong>omnes</strong></span> <span class='ocrx_word' id='word_1_897' title='bbox 2556 5464 2657 5519; x_wconf 81' lang='lat' dir='ltr'><strong>hic</strong></span> <span class='ocrx_word' id='word_1_898' title='bbox 2711 5462 2961 5516; x_wconf 85' lang='lat' dir='ltr'><strong>recensiti</strong></span> <span class='ocrx_word' id='word_1_899' title='bbox 3010 5462 3064 5516; x_wconf 90' lang='lat' dir='ltr'><strong>in</strong></span> <span class='ocrx_word' id='word_1_900' title='bbox 3118 5460 3357 5529; x_wconf 87' lang='lat' dir='ltr'><strong>Epistola</strong></span> <span class='ocrx_word' id='word_1_901' title='bbox 3382 5458 3661 5531; x_wconf 78' lang='lat' dir='ltr'><strong>encyciica</strong></span> 
     </span>
    </p>
   </div>
   <div class='ocr_carea' id='block_1_116' title="bbox 2033 5532 3314 5601">
    <p class='ocr_par' dir='ltr' id='par_1_116' title="bbox 2033 5532 3314 5601">
     <span class='ocr_line' id='line_1_117' title="bbox 2033 5532 3314 5601; baseline -0.003 -15"><span class='ocrx_word' id='word_1_902' title='bbox 2033 5569 2037 5574; x_wconf 63' lang='grc' dir='ltr'><strong>ε</strong></span> <span class='ocrx_word' id='word_1_903' title='bbox 2080 5534 2370 5589; x_wconf 85' lang='lat' dir='ltr'><strong>Alexandri</strong></span> <span class='ocrx_word' id='word_1_904' title='bbox 2400 5535 2594 5601; x_wconf 83' lang='lat' dir='ltr'><strong>eodem</strong></span> <span class='ocrx_word' id='word_1_905' title='bbox 2619 5532 2789 5587; x_wconf 81' lang='lat' dir='ltr'><strong>ferme</strong></span> <span class='ocrx_word' id='word_1_906' title='bbox 2816 5533 3007 5587; x_wconf 80' lang='lat' dir='ltr'><strong>ordine</strong></span> <span class='ocrx_word' id='word_1_907' title='bbox 3046 5532 3314 5601; x_wconf 71' lang='lat' dir='ltr'><strong>ieguntur.</strong></span> 
     </span>
    </p>
   </div>
   <div class='ocr_carea' id='block_1_117' title="bbox 2141 5597 3406 5673">
    <p class='ocr_par' dir='ltr' id='par_1_117' title="bbox 2141 5597 3406 5673">
     <span class='ocr_line' id='line_1_118' title="bbox 2141 5597 3406 5673; baseline -0.003 -12"><span class='ocrx_word' id='word_1_908' title='bbox 2141 5605 2267 5667; x_wconf 70' lang='lat'><strong>.(55)</strong></span> <span class='ocrx_word' id='word_1_909' title='bbox 2309 5604 2400 5659; x_wconf 89' lang='lat' dir='ltr'><strong>Sic</strong></span> <span class='ocrx_word' id='word_1_910' title='bbox 2434 5597 2652 5673; x_wconf 68' lang='lat' dir='ltr'><strong>Regius.</strong></span> <span class='ocrx_word' id='word_1_911' title='bbox 2682 5603 2734 5673; x_wconf 81' lang='lat' dir='ltr'><strong>in</strong></span> <span class='ocrx_word' id='word_1_912' title='bbox 2774 5603 2934 5673; x_wconf 87' lang='lat' dir='ltr'><strong>editis</strong></span> <span class='ocrx_word' id='word_1_913' title='bbox 2969 5597 3207 5673; x_wconf 36' lang='lat' dir='ltr'><strong>vero—16v</strong></span> <span class='ocrx_word' id='word_1_914' title='bbox 3233 5601 3406 5657; x_wconf 85' lang='lat' dir='ltr'><strong>deest.</strong></span> 
     </span>
    </p>
   </div>
   <div class='ocr_carea' id='block_1_118' title="bbox 2154 5672 3198 5817">
    <p class='ocr_par' dir='ltr' id='par_1_118' title="bbox 2154 5672 3198 5817">
     <span class='ocr_line' id='line_1_119' title="bbox 2154 5672 3198 5817; baseline -0.002 -88"><span class='ocrx_word' id='word_1_915' title='bbox 2154 5674 2271 5817; x_wconf 42' lang='lat' dir='ltr'><strong>(36g</strong></span> <span class='ocrx_word' id='word_1_916' title='bbox 2306 5674 2384 5728; x_wconf 86' lang='lat' dir='ltr'><strong>Ita</strong></span> <span class='ocrx_word' id='word_1_917' title='bbox 2417 5673 2638 5745; x_wconf 80' lang='lat' dir='ltr'><strong>Regius.</strong></span> <span class='ocrx_word' id='word_1_918' title='bbox 2674 5672 2730 5726; x_wconf 88' lang='lat' dir='ltr'><strong>In</strong></span> <span class='ocrx_word' id='word_1_919' title='bbox 2755 5672 2915 5727; x_wconf 83' lang='lat' dir='ltr'><strong>editis</strong></span> <span class='ocrx_word' id='word_1_920' title='bbox 2940 5673 3000 5727; x_wconf 82' lang='grc' dir='ltr'>ὲν</span> <span class='ocrx_word' id='word_1_921' title='bbox 3028 5672 3198 5727; x_wconf 85' lang='lat' dir='ltr'><strong>deest.</strong></span> 
     </span>
     <span class='ocr_line' id='line_1_120' title="bbox 2157 5743 2911 5816; baseline -0.007 -16"><span class='ocrx_word' id='word_1_922' title='bbox 2157 5745 2245 5816; x_wconf 78' lang='grc'><strong>(57</strong></span> <span class='ocrx_word' id='word_1_923' title='bbox 2312 5744 2513 5815; x_wconf 68' lang='lat' dir='ltr'><strong>Regius</strong></span> <span class='ocrx_word' id='word_1_924' title='bbox 2537 5759 2645 5800; x_wconf 87' lang='lat' dir='ltr'><strong>non</strong></span> <span class='ocrx_word' id='word_1_925' title='bbox 2675 5743 2835 5798; x_wconf 88' lang='lat' dir='ltr'><strong>habet</strong></span> <span class='ocrx_word' id='word_1_926' title='bbox 2863 5743 2911 5795; x_wconf 87' lang='lat'><em>6.</em></span> 
     </span>
    </p>
   </div>
   <div class='ocr_carea' id='block_1_119' title="bbox 2157 5743 2911 5816">
    <p class='ocr_par' dir='ltr' id='par_1_119' title="bbox 2157 5743 2911 5816">
     <span class='ocr_line' id='line_1_121' title="bbox 2157 5743 2911 5816; baseline -0.007 -16"><span class='ocrx_word' id='word_1_927' title='bbox 2157 5743 2271 5816; x_wconf 77' lang='lat'><strong>(37)</strong></span> <span class='ocrx_word' id='word_1_928' title='bbox 2312 5743 2517 5815; x_wconf 67' lang='lat' dir='ltr'><strong>Regius</strong></span> <span class='ocrx_word' id='word_1_929' title='bbox 2537 5759 2645 5800; x_wconf 87' lang='lat' dir='ltr'><strong>non</strong></span> <span class='ocrx_word' id='word_1_930' title='bbox 2675 5743 2835 5798; x_wconf 87' lang='lat' dir='ltr'><strong>habet</strong></span> <span class='ocrx_word' id='word_1_931' title='bbox 2863 5743 2911 5795; x_wconf 89' lang='lat'><em>6.</em></span> 
     </span>
    </p>
   </div>
  </div>
