3914 6222
243 335 341 392 715

1607 329 1693 383 DE
1733 326 2045 382 SYNODIS.

3359 330 3464 382 7H

242 447 452 523 λεχθείη
488 446 555 500 ἂν
579 445 670 498 καὶ
695 445 722 497 ὁ
755 445 878 508 Tib;
911 447 972 498 ἐκ
997 443 1090 496 τοῦ
1120 442 1277 507 Θεοῦ,
1311 442 1478 506 οὕτως
1502 442 1688 496 ὥσπεο
1711 443 1804 494 καὶ

1914 441 2095 506 l‘actis;
2124 453 2249 510 ergo
2271 450 2323 494 et
2342 438 2513 494 Filius
2543 455 2608 494 ex
2639 437 2750 492 Deo
2780 438 2886 494 dici
2920 441 3136 508 poterit,
3171 443 3314 500 sicut
3344 459 3464 500 om—

243 541 305 595 τὰ
333 538 510 592 πάντα
545 536 758 606 λέγεται
791 539 855 590 ὲκ
899 535 992 588 τοῦ
1039 534 1190 588 Θεοῦ.
1235 553 1254 586 ι
1303 533 1392 598 Ἐξ
1432 534 1638 587 ἐκείνου
1671 533 1800 602 γοῦν

244 623 511 702 ἕμαθονόί
561 627 629 680 τὰ
668 627 873 700 Ἀρείου
907 625 1227 698 φρονοῦντες
1276 627 1658 699 ὑποκρίνεσθαι
1705 627 1801 698 τὴν

243 717 402 785 λέξιν,
436 718 536 786 τὴν
562 718 626 769 ὲκ
649 715 742 768 τοῦ
776 716 932 780 Θεοῦ,
966 717 1055 770 καὶ
1077 715 1253 784 λέγειν
1285 716 1382 788 μὲν
1409 719 1505 788 τὴν
1533 717 1697 783 λέξιν,
1729 719 1801 789 μὴ

243 813 454 882 φρονεῖν
495 809 551 862 δὲ
586 806 782 870 καλῶς.
845 808 1016 872 Αὐτὸς
1047 807 1103 860 δὲ
1132 809 1160 860 ὁ
1195 807 1465 879 Γεώργιος
1525 807 1804 880 καθῃρέθη

243 903 343 956 ὑπὸ
393 900 739 972 Ἀλεξάνδρου
791 900 856 953 δι’
886 900 1020 954 ἄλλα
1060 899 1170 970 (58)
1205 901 1320 970 μὲν,
1350 893 1430 954 ὅτι
1471 901 1527 954 δὲ
1553 902 1647 955 καὶ
1680 905 1806 956 ἀσε-

243 995 336 1065 ϐὴς
374 995 546 1064 ἐφάνη
569 1009 584 1023 ⁸
619 991 984 1064 πρεσὸύτερος
1012 991 1120 1060 γὰρ
1152 987 1217 1062 ἦν
1253 992 1431 1058 αὐτὸς,
1460 991 1601 1048 καθά
1625 994 1806 1064 προείς

246 1101 402 1156 ρηται
436 1084 569 1156 (39).

311 1174 393 1228 18.
421 1175 530 1228 Καὶ
562 1174 698 1235 ὅλως
731 1173 968 1244 ἔγραφον
996 1167 1142 1226 οῦτοι
1173 1175 1396 1230 τοιαῦτα
1417 1218 1431 1241 ,
1463 1176 1538 1240 ὡς
1575 1176 1806 1231 ἕκαστον

241 1264 432 1336 ἐρίζειν
459 1265 554 1318 καὶ
573 1263 991 1334 φιλοτιμεῖσθαι,
1014 1265 1098 1328 τίς
1126 1267 1284 1320 πλέον
1307 1266 1530 1339 αὐξήσει
1559 1269 1655 1339 τὴν
1680 1269 1806 1322 άσέ-

243 1355 387 1408 δειαν
427 1355 527 1425 τῆς
569 1357 852 1426 αἱρέσεως,
897 1359 992 1410 καὶ
1032 1357 1229 1428 μᾶλλον
1281 1361 1447 1431 αὐτὴν
1484 1360 1644 1428 δείξει
1698 1361 1810 1432 (40)

241 1447 589 1518 γυμνότερον.
625 1448 734 1502 Καὶ
760 1447 858 1511 τὰς
893 1449 988 1520 μὲν
1017 1451 1304 1515 ἐπιστολὰς
1331 1452 1509 1506 αὐτῶν
1537 1453 1636 1508 οὐκ
1655 1453 1810 1525 ἔσχον

243 1539 298 1591 ὲν
320 1537 542 1609 ἑτοίμῳ,
569 1537 709 1591 ὥστε
734 1539 826 1592 καὶ
852 1541 1200 1594 ἀποστεῖλαι·
1233 1545 1282 1594 εἰ
1323 1543 1366 1594 δ’
1409 1539 1501 1596 οὖν
1521 1585 1535 1608 ,
1567 1545 1661 1598 καὶ
1701 1545 1812 1626 (41)

243 1629 546 1700 ἀντίγραφα
575 1629 666 1681 καὶ
696 1629 875 1682 αὐτῶν
892 1631 1020 1702 ύμῖν
1039 1630 1259 1702 ἔπεμψα
1285 1633 1348 1686 ἄν
1373 1651 1385 1664 ·
1411 1632 1578 1694 τοῦδε
1609 1634 1811 1706 Κυρίου

241 1719 502 1784 Θέλοντος,
527 1719 621 1773 ἐὰν
641 1721 929 1794 εῦπορήσω
945 1721 1215 1776 καὶτοῦτο
1235 1725 1460 1795 ποιήσω.
1483 1725 1593 1778 Καὶ
1621 1727 1676 1777 Ἀ
1686 1727 1808 1780 στέ-

243 1828 352 1882 ριος
379 1811 438 1864 δέ
463 1829 548 1874 τις
575 1811 681 1865 ἀπὸ
715 1813 1126 1878 Καππαδοκίας,
1148 1816 1514 1884 πολυκέφαλος
1532 1817 1806 1890 σοφιστὴς,

241 1895 317 1963 εἷς
338 1898 410 1954 ὢν
445 1901 551 1954 τῶν
591 1902 717 1972 περὶ
749 1903 1034 1970 Εὑσέὅιον,
1067 1905 1248 1977 ἐπειδὴ
1273 1905 1442 1972 θύσας
1469 1910 1526 1960 ὲν
1565 1909 1642 1980 τῷ
1676 1927 1808 1984 προ-

242 1991 375 2062 τέρῳ
395 1991 640 2063 διωγμῷ,
658 1992 735 2062 τῷ
763 1994 900 2047 κατὰ
927 1995 1015 2048 τὸν
1042 1996 1262 2049 πάππον
1296 1998 1690 2066 Κωνσταντίου,
1710 2001 1808 2054 οῦκ

239 2079 465 2148 ἠδύνατο
510 2083 638 2151 παρ’
675 2081 852 2134 αὐτῶν
892 2085 972 2146 εἰς
1013 2084 1213 2156 κλῆρον
1265 2087 1624 2158 προαχθῆναι,
1667 2091 1811 2142 ποιεῖ

242 2171 375 2240 μετὰ
434 2173 658 2244 γνώμης
715 2173 824 2226 τῶν
879 2176 1006 2247 περὶ
1053 2177 1313 2230 Εύσέὅιον
1371 2177 1765 2248 συνταγμάτιον
1791 2222 1806 2246 ,

239 2266 412 2320 ὁποῖον
447 2269 547 2337 μὲν
571 2265 758 2338 ἤθελον
777 2269 929 2321 αύτοί
953 2285 966 2298 ·
997 2267 1106 2322 ἴσον
1132 2269 1187 2321 δὲ
1215 2269 1290 2339 τῷ
1305 2271 1402 2340 τῆς
1429 2269 1617 2333 θυσίας
1644 2269 1806 2324 αὐτοῦ

235 2355 576 2430 τολμήματι·
605 2361 662 2413 ὲν
691 2359 798 2431 γὰρ
825 2359 998 2431 τούτῳ
1015 2359 1112 2430 τὴν
1129 2360 1324 2431 ἀκρίδα
1343 2362 1434 2415 καὶ
1465 2361 1559 2432 τὴν
1582 2363 1806 2434 κάμπην

235 2449 308 2520 τῷ
342 2449 568 2522 Χριστῷ
603 2454 914 2526 συγκρίνας,
941 2452 1137 2524 μᾶλλον
1166 2453 1222 2506 δὲ
1247 2457 1590 2526 προτιμήσας
1619 2457 1804 2522 αὑτοῦ,

233 2543 323 2596 καὶ
347 2543 526 2613 λέγων
557 2543 723 2615 ἄλλην
753 2539 891 2598 εἶναι
925 2547 1076 2618 παρὰ
1097 2547 1188 2600 τὸν
1218 2548 1450 2618 Χριστὸν
1479 2549 1537 2600 ὲν
1577 2547 1656 2619 τῷ
1691 2549 1808 2620 Θεῷ

235 2634 446 2703 σοφίαν,
470 2635 568 2706 τὴν
581 2635 672 2688 τοῦ
688 2636 922 2706 Χριστοῦ
942 2636 1144 2690 καὶτοῦ
1166 2638 1371 2708 κόσμου
1391 2637 1806 2712 δημιουργικὴν,

232 2729 564 2798 περιήρχετο
581 2728 678 2791 τὰς
693 2731 750 2781 ὲν
767 2731 830 2800 τῇ
856 2730 1025 2801 Συρίᾳ
1041 2731 1134 2784 καὶ
1155 2731 1252 2793 τὰς
1269 2729 1432 2794 ἄλλας
1461 2731 1804 2803 Ἐκκλησίας,

231 2818 366 2871 κατὰ
401 2819 664 2873 σύστασιν
687 2820 795 2873 τῶν
827 2823 954 2892 περὶ
1011 2821 1288 2876 Εύσέὁιον·
1321 2823 1407 2874 ἵνα
1461 2822 1605 2889 ἅπαξ
1630 2825 1808 2894 ἀρνεῖ-

230 2909 350 2963 σθαι
379 2911 709 2982 μελετήσας,
740 2912 878 2966 οὕτω
910 2913 1004 2966 καὶ
1029 2913 1125 2968 νῦν
1175 2913 1505 2985 θρασύνηται
1528 2915 1668 2968 κατὰ
1711 2917 1809 2986 τῆς

229 3000 514 3072 ἀληθείας.
559 3005 872 3060 Ἐπέϐαινεν
903 3001 995 3061 οῦν
1020 3010 1099 3073 είς
1127 3010 1253 3073 τοὺς
1283 3009 1358 3081 μὴ
1398 3009 1515 3074 ἐξὸν
1547 3010 1692 3080 αὐτῷ
1716 3011 1806 3064 τό·

1903 532 1990 584 nia
2012 547 2076 586 ex
2109 529 2220 586 Deo
2257 531 2561 586 dicuntur.»
2589 529 2670 584 Ab
2701 529 2794 584 illo
2829 529 3002 602 igitur‘
3019 531 3132 586 Arii
3164 544 3463 590 sectatores

1901 621 2136 676 didicere
2213 637 2421 686 vocem,
2486 635 2550 676 ex
2621 620 2752 688 Deo,
2821 621 3072 676 simulate
3123 624 3364 692 proferre
3409 635 3464 680 et

1901 713 2064 767 verba
2088 713 2304 782 quidem
2336 713 2534 778 dicere,
2574 727 2672 768 nec
2709 721 2889 768 tamen
2913 723 3058 768 recte
3098 717 3317 770 sentire.
3345 715 3464 786 Ipse

1901 819 2030 858 vero
2063 803 2325 876 Georgius
2349 805 2417 858 ab
2443 803 2769 869 Alexandro,
2819 820 2943 859 cum
2980 806 3102 860 aliis
3159 807 3225 861 de
3260 809 3461 874 causis,

1903 903 2016 947 tum
2050 895 2194 964 quod
2241 911 2358 950 sese
2412 895 2638 964 impium
2687 896 2966 950 exhiberet
3015 897 3296 967 depositus
3345 909 3462 967 est;

1903 984 2184 1054 presbyter
2212 985 2356 1038 enim
2392 993 2529 1050 eral,
2560 985 2635 1038 uti
2663 1000 2825 1054 supra
2858 984 3060 1040 dictum
3087 993 3188 1042 est.

1977 1165 2064 1218 18.
2095 1163 2214 1220 Uno
2245 1167 2410 1220 verbo
2466 1167 2537 1221 ita
2595 1168 2671 1222 illi
2725 1168 3014 1238 scripsere,
3069 1173 3236 1242 quasi.
3269 1175 3468 1246 singuli

1907 1265 2177 1312 certarent
2227 1265 2390 1328 atque
2443 1260 2853 1326 contenderent,
2902 1265 3156 1332 quisnam
3199 1266 3470 1323 haereseos

1911 1348 2238 1418 impietatem
2270 1350 2391 1418 plus
2413 1359 2653 1420 augeret,
2678 1361 2730 1405 et
2767 1355 3005 1422 apertius
3032 1369 3151 1411 eam
3179 1357 3468 1430 detegeret.

1908 1437 2081 1494 Porro
2111 1440 2368 1509 epistolas
2393 1441 2606 1494 illorum
2645 1457 2810 1511 penes
2841 1461 2926 1500 me
2973 1461 3082 1500 non
3111 1447 3305 1514 habeo,
3331 1449 3470 1504 alio-

1912 1531 2044 1602 quin
2077 1547 2266 1588 earum
2321 1533 2648 1602 exemplaria
2686 1536 2838 1590 vobis
2871 1537 3167 1603 misissem,
3199 1541 3470 1598 missurus

1915 1641 2048 1680 sane
2094 1625 2140 1681 si
2171 1625 2282 1680 Deo
2327 1627 2542 1682 volente
2591 1639 2782 1684 nactus
2839 1631 3014 1687 fuero.
3071 1630 3202 1687 Item
3252 1635 3472 1705 quidam

1915 1717 2160 1773 Asterius
2185 1733 2252 1772 ex
2274 1717 2634 1788 Cappadocia,
2655 1720 2937 1791 multiceps
2960 1723 3222 1792 sophista,
3250 1741 3391 1780 unus
3407 1742 3472 1780 ex

1843 1793 1885 1848 Β
1913 1808 2258 1874 Eusebianis,
2293 1825 2414 1864 cum
2447 1811 2502 1864 in
2533 1810 2713 1880 priore
2768 1816 3147 1882 persecutione
3197 1817 3297 1870 sub
3330 1817 3472 1870 Con—

1909 1901 2096 1956 stantii
2118 1915 2218 1956 avo
2245 1901 2349 1955 diis
2375 1902 2756 1972 sacrificasset,
2808 1920 2910 1960 nec
2965 1917 3148 1976 posset
3190 1910 3258 1962 ah
3281 1909 3386 1963 illis
3417 1909 3472 1962 in

1909 1994 2115 2049 clerum
2142 1997 2416 2064 cooptari;
2451 2011 2518 2050 ex
2547 1999 2814 2052 sententia
2869 1997 3299 2054 Euscbianorum
3335 2018 3472 2070 opu-

1909 2086 2118 2141 sculum
2145 2086 2334 2152 edidit,
2387 2103 2576 2143 eorum
2624 2089 2852 2168 arbitrio
2897 2094 3284 2162 conscriptum,
3328 2095 3472 2163 quod

1907 2177 2161 2232 sacriﬁcii
2185 2177 2304 2246 ejus
2361 2179 2539 2234 scelus
2588 2189 2877 2250 aequaret:
2929 2182 2982 2236 in
3035 2183 3130 2239 illo
3172 2185 3317 2239 enim
3349 2203 3472 2240 cum

1907 2268 2173 2323 locustam
2211 2278 2263 2323 et
2286 2283 2504 2324 erucam
2537 2269 2757 2326 Christo
2800 2273 3139 2344 contulisset,
3201 2276 3310 2330 imo
3335 2293 3474 2348 pne-
3553 2334 3558 2342 ,

1908 2361 2138 2422 tulisset,
2168 2375 2230 2414 ac
2258 2360 2462 2415 diceret
2500 2361 2663 2416 aliam
2715 2378 2837 2417 esse
2895 2364 2948 2418 in
2987 2365 3097 2420 Deo
3149 2368 3472 2438 sapientiam

1907 2460 2100 2519 praeter
2132 2448 2431 2516 Christum,
2456 2468 2576 2522 qua:
2603 2461 2656 2507 et
2687 2451 2887 2508 Christi
2922 2461 2975 2510 et
3003 2457 3190 2511 mundi
3241 2460 3474 2514 creatrix

1906 2551 2073 2606 esset,
2119 2541 2290 2614 Syriae
2360 2541 2633 2599 Ecclesias
2701 2546 2966 2614 aliasque,
3039 2545 3474 2606 Eusebianorum

1907 2633 2374 2690 commendatione
2398 2633 2558 2704 585
2583 2633 2775 2698 fretus,
2808 2635 3072 2690 circuibat
3104 2656 3116 2691 :
3149 2651 3205 2693 ut
3229 2641 3354 2710 quia
3385 2657 3474 2696 se-

1908 2725 2013 2778 mel
2044 2724 2326 2780 Christum
2355 2725 2626 2796 abnegare
2647 2741 2934 2796 aggressus
2985 2728 3156 2782 fuerat
3176 2768 3196 2795 ,
3225 2731 3296 2784 ita
3333 2749 3476 2788 nunc

1907 2834 2125 2891 quoque
2191 2817 2454 2872 adversus
2506 2817 2786 2872 veritatem
2850 2817 3113 2874 audacius
3154 2822 3473 2893 insurgeret.

1907 2913 2083 2968 Homo
2105 2912 2192 2966 ille
2223 2925 2352 2967 sane
2396 2910 2794 2966 audacissimus
2837 2910 2893 2964 in
2933 2927 3054 2981 qua:
3099 2912 3220 2968 ioca
3249 2916 3352 2969 sibi
3395 2917 3478 2970 in-

1908 3005 2053 3074 gredi
2083 3019 2192 3058 non
2225 3003 2410 3057 liceret
2432 3015 2552 3056 sese
2577 3001 2821 3068 immisit,
2849 3009 2902 3056 et
2927 3001 2982 3056 in
3011 3003 3331 3059 clericorum
3359 3007 3476 3062 loco

226 3109 362 3157 πους
388 3097 417 3148 ὁ
447 3095 634 3150 πάντα
655 3098 942 3171 τολμηρὸς,
1006 3099 1100 3154 καὶ
1159 3103 1236 3164 είς
1263 3102 1354 3155 τὸν
1397 3101 1505 3155 τῶν
1533 3101 1808 3174 κληρικῶν

1914 3097 2105 3153 sedens
2163 3095 2486 3166 opusculum
2524 3093 2741 3163 publice
2787 3094 3253 3163 lcgehat,czeteris
3297 3111 3478 3153 tamen

225 3185 386 3238 τόπον
435 3185 835 3259 καθεζόμενος,
891 3191 1223 3258 ἀνεγίνωσκε
1277 3193 1511 3266 δημοσίᾳ
1567 3195 1628 3247 τὸ
1689 3213 1810 3248 συν-

221 3280 556 3350 ταγμάτιον,
587 3281 764 3335 καίτοι
805 3281 914 3335 τῶν
943 3283 1115 3338 ἄλλων
1141 3285 1676 3357 δυσανασχετούντων
1723 3289 1808 3341 ἐπ’

221 3368 387 3440 αὐτῷ.
425 3373 548 3424 Καὶ
561 3373 624 3424 τὺ
654 3373 750 3443 μὲν
785 3376 1182 3446 συνταγμάτιον
1219 3377 1306 3430 διὰ
1330 3377 1536 3432 πολλῶν
1569 3381 1684 3432 ἐστι
1713 3396 1810 3447 γε-

221 3463 576 3534 γραμμένον.
606 3464 764 3537 Μέρη
785 3465 842 3519 δὲ
870 3466 1034 3520 αὐτοῦ
1067 3469 1182 3521 ἐστι
1221 3469 1412 3522 ταῦτα·
1451 3487 1469 3519 ε
1503 3471 1578 3522 Οὐ
1602 3471 1710 3541 γὰρ
1737 3467 1812 3525 εἷ-

221 3565 320 3604 πεν
351 3555 381 3605 ὁ
401 3553 684 3626 μακάριος
713 3554 924 3620 Παῦλος
943 3557 1179 3627 Χριστὸν
1217 3559 1510 3630 κηρύσσειν
1543 3560 1640 3631 τὴν
1674 3562 1810 3615 ἰδίαν

1915 3203 2026 3242 rem
2053 3185 2270 3256 indigne
2311 3184 2630 3240 ferentibus.
2680 3183 2845 3238 Multa
2903 3196 3050 3240 certe
3103 3191 3480 3258 complectitur

1911 3275 2240 3346 Opusculum
2271 3274 2402 3326 illud
2430 3292 2444 3327 :
2476 3273 2635 3342 cujus
2665 3273 2780 3328 hac
2819 3289 2946 3344 pars
2973 3285 3054 3330 est
3080 3295 3092 3330 :
3132 3296 3151 3328 ι
3184 3275 3302 3332 Non
3334 3281 3477 3334 enim

1911 3369 1986 3424 ait
2021 3367 2214 3422 beatus
2243 3365 2444 3422 Paulus
2476 3381 2534 3422 se
2556 3366 2836 3421 Christum
2859 3369 3176 3438 praedicare,
3207 3373 3480 3442 propriam

1911 3453 2186 3519 virtutem,
2243 3461 2338 3508 aut
2397 3453 2720 3522 sapientiam
2765 3455 2906 3524 ejus,
2967 3457 3174 3513 scilicet
3205 3459 3322 3526 Dei,
3386 3463 3479 3516 sed

1912 3546 2028 3602 sine
2049 3545 2440 3612 additamenta,
2473 3545 2568 3600 Dei
2599 3547 2875 3614 virtutem,
2919 3557 2974 3602 et
3003 3547 3096 3603 Dei
3120 3551 3474 3620 sapientiam:

1913 3637 2115 3692 docens
2178 3637 2338 3691 aliam
2392 3637 2608 3708 quidem
2667 3653 2790 3694 esse
2837 3641 3108 3709 prepriam
3160 3643 3331 3711 ipsius
3387 3645 3478 3698 Dei

1913 3727 2190 3787 virtutem,
2243 3729 2344 3798 ipsi
2399 3729 2662 3794 innatam,
2733 3744 2840 3782 non
2893 3728 3093 3786 factam
3121 3744 3173 3786 et
3205 3749 3328 3786 cum
3362 3735 3479 3804 ipso

1911 3821 2260 3874 exsistentcm
2287 3835 2409 3889 qua:
2444 3820 2680 3889 geniti-ix
2703 3829 2806 3886 est,
2827 3819 3030 3875 Christi
3072 3822 3298 3890 scilicet,
3324 3841 3481 3879 crea-

1913 3913 2015 3965 trix
2035 3927 2166 3966 vero
2196 3911 2362 3967 totius
2391 3911 2578 3966 mundi
2611 3931 2624 3966 :
2655 3913 2721 3968 de
2755 3927 2862 3982 qua
2889 3913 2942 3966 in
2981 3913 3221 3984 Epistola
3255 3915 3322 3970 ad
3369 3915 3478 3971 Ro-

1913 4019 2106 4059 manos
2143 4023 2154 4057 :
2191 4023 2210 4054 ι
2248 4003 2545 4059 lnvisibilia
2579 4006 2720 4058 enirn
2771 4006 2962 4074 ipsius,
3014 4007 3211 4078 inquit,
3250 4023 3279 4064 a
3327 4023 3482 4064 crea-

1920 4114 1936 4145 ι
1985 4104 2104 4172 tura
2139 4095 2349 4158 mundi,
2374 4111 2469 4166 per
2499 4111 2560 4150 ea
2577 4112 2697 4166 quas
2719 4095 2856 4152 facta
2886 4107 3032 4162 sunt,
3055 4100 3324 4156 intellecta
3351 4117 3482 4157 con-

1921 4207 1939 4240 ι
1984 4187 2317 4256 spicinntur:
2339 4187 2666 4258 sempiterna
2686 4205 2904 4259 quoque
2927 4191 3044 4260 ejus
3069 4191 3244 4248 virtus
3270 4205 3324 4248 et
3344 4195 3482 4248 divi-

1921 4300 1938 4332 ι
1986 4281 2127 4337 nitas
2153 4283 2192 4334 ³.
2233 4302 2250 4334 ι
2293 4281 2446 4337 Sicut
2469 4281 2612 4337 enim
2649 4295 3003 4339 memoratam
3035 4285 3124 4341 hic
3145 4285 3481 4344 divinitatem

1915 4391 2077 4430 nemo
2107 4375 2302 4430 dixerit
2346 4373 2624 4431 Christum
2668 4391 2825 4442 esse,
2877 4377 2969 4432 sed
3005 4377 3183 4447 ipsum
3238 4393 3358 4434 esse
3380 4377 3482 4433 Pa-

1845 4481 1890 4534 Ῑ)
1921 4477 2054 4520 trem
2089 4485 2104 4532 ;
2141 4466 2219 4520 sic
2264 4473 2416 4534 puto,
2441 4465 2826 4534 sempiternam
2884 4465 3000 4535 ejus
3045 4467 3322 4533 virtutem,
3373 4485 3484 4528 non.

1923 4558 2254 4628 unigenitum
2279 4557 2469 4622 Deum,
2494 4558 2587 4612 sed
2617 4573 2741 4612 eum
2770 4558 2862 4628 qui
2888 4559 3072 4628 genuit
3105 4558 3315 4614 Patrem
3337 4575 3477 4616 esse.

1915 4650 2090 4703 Aliam
2120 4665 2246 4704 vero
2279 4648 2370 4704 Dei
2402 4650 2655 4704 virtutem
2684 4658 2738 4703 et
2765 4651 3085 4721 sapientiam
3139 4651 3314 4717 docet,
3359 4667 3480 4720 qua:

1917 4742 2125 4797 scilicet
2161 4755 2256 4811 per
2283 4741 2562 4796 Christum
2591 4742 2898 4808 exhibetur,
2965 4751 3020 4797 et
3051 4757 3148 4813 per
3175 4745 3290 4812 ipsa
3318 4743 3479 4795 mini—

1917 4831 2068 4886 sterii
2103 4831 2221 4902 ejus
2243 4846 2407 4901 opera
2430 4833 2801 4902 cognoscitur.
2837 4850 2856 4884 ι
2915 4831 2982 4886 Et
3011 4847 3230 4885 rursum
3265 4849 3278 4884 :
3318 4849 3336 4880 ι
3361 4827 3480 4884 Etsi

1917 4926 2246 4994 sempiterna
2271 4925 2390 4994 ejus
2410 4925 2584 4981 virtus
2603 4935 2655 4979 et
2684 4925 2966 4996 sapientia,
2991 4939 3154 4994 quam
3181 4924 3298 4978 sine
3326 4925 3478 4991 prin-

1917 5017 2059 5087 cipio
2087 5025 2139 5070 ct
2182 5017 2526 5087 generatione
2569 5031 2711 5081 esse,
2765 5015 3009 5070 veritatis
3063 5014 3346 5069 ratiocinia
3386 5014 3479 5068 de-

217 3644 384 3697 αὐτοῦ
409 3646 676 3718 δύναμιν,
725 3649 759 3720 ἢ
809 3647 906 3720 τὴν
949 3650 1140 3718 σοφίαν
1193 3651 1378 3718 αὐτοῦ,
1429 3653 1673 3707 τουτέστι
1714 3653 1809 3706 τοῦ

215 3733 372 3802 Θεοῦ,
405 3736 555 3789 ἀλλὰ
586 3736 709 3808 δίχα
733 3737 834 3809 τῆς
892 3739 1228 3812 προσθήκης,
1279 3742 1506 3814 δύναμιν
1537 3743 1672 3796 Θεοῦ
1717 3745 1811 3798 καί

213 3823 346 3878 Θεοῦ
377 3827 612 3896 σοφίαψ
663 3827 829 3899 ἄλλην
861 3829 960 3899 μὲν
995 3824 1131 3882 εἶναι
1186 3829 1282 3901 τὴν
1343 3830 1477 3886 ίδίαν
1524 3832 1686 3885 αὑτοῦ
1716 3831 1810 3886 τοῦ

214 3915 346 3968 Θεοῦ
377 3918 522 3974 δῦνα
529 3935 650 3990 μιν,
684 3917 782 3990 τὴν
809 3919 1046 3990 ἔμφυτον
1067 3921 1216 3992 αῦτῷ
1239 3923 1336 3976 καὶ
1362 3925 1812 3996 συνυπάρχουσαν

212 4007 362 4079 αὐτῷ
401 4011 704 4082 ἀγενήτως
735 4009 868 4081 (42),
897 4011 1212 4082 κηρύσσωνο
1243 4014 1566 4086 γεννητικὴν
1601 4015 1700 4086 μὲν
1725 4012 1813 4070 οῦ-

209 4119 332 4169 σιν,
397 4106 660 4176 δηλονότι
708 4107 802 4160 τοῦ
864 4109 1122 4180 Χριστοῦ,
1175 4111 1569 4184 δημιουργικὴν
1613 4111 1670 4164 δὲ
1717 4111 1810 4164 τοῦ

205 4207 413 4273 παντὸς
437 4209 688 4279 κόσμου·
723 4211 851 4280 περὶ
875 4205 944 4282 ἦς
974 4213 1032 4264 ὲν
1053 4215 1119 4284 τῇ
1155 4214 1292 4284 πρὸς
1330 4213 1630 4282 Ῥωμαίους
1663 4215 1815 4266 Ἐπι-

204 4310 366 4382 στολῇ
386 4311 680 4366 διδάσκων
705 4311 878 4381 ἔλεγε
916 4333 934 4365 ι
971 4313 1054 4367 Τά
1098 4313 1203 4386 γὰρ
1252 4315 1458 4386 ἀόρατα
1510 4315 1673 4370 αὐτοῦ
1708 4317 1816 4369 ἀπὸ

210 4429 228 4461 ι
270 4415 520 4477 κτίσεως
545 4411 761 4483 κόσμου
779 4416 890 4478 τοῖς
920 4417 1185 4487 ποιήμασι
1202 4417 1465 4486 νοούμενα
1494 4417 1810 4490 καθορᾶται,

205 4533 224 4564 ¢
265 4517 300 4586 ἦ
317 4535 378 4570 τε
399 4519 590 4581 άῒὸιος
623 4515 788 4570 αὑτοῦ
815 4515 1154 4588 δύναμιςκαὶ
1176 4517 1404 4590 θειότης.
1436 4538 1452 4568 ι
1473 4519 1682 4590 ’Ὠσπερ
1706 4519 1816 4591 γὰρ

196 4619 294 4690 τὴν
323 4619 661 4692 εἰρημένην
700 4617 947 4672 ἐνταυθοῖ
990 4618 1218 4690 θεότητα
1273 4621 1372 4672 ούκ
1427 4620 1490 4673 άν
1545 4637 1630 4683 τις
1680 4621 1816 4691 φαίη

199 4717 444 4789 Χριστὸν
469 4715 658 4782 εἶναι,
691 4715 808 4770 ἀλλ’
831 4718 991 4770 αὐτὸν
1039 4717 1306 4791 ὑπάρχειν
1333 4718 1423 4772 τὸν
1451 4719 1692 4789 Πατέρα·
1725 4719 1786 4773 οὗ
1803 4749 1820 4762 -

197 4843 322 4890 τως,
342 4822 538 4896 οἶμαι,
561 4823 667 4877 καὶ
688 4825 723 4892 ἡ
741 4821 850 4893 (45)
866 4823 1033 4886 ἀίδιος
1053 4822 1214 4876 αὐτοῦ
1235 4821 1463 4893 δύναμις
1485 4823 1584 4894 οὐχ
1613 4826 1642 4877 ὁ
1667 4841 1821 4894 μονο-

197 4925 364 4996 mi};
397 4923 576 4986 Θεὸς,
605 4919 728 4972 ἀλλ’
753 4918 784 4970 ὁ
811 4919 1076 4990 γεννήσας
1103 4918 1337 4990 ὑπάρχει
1367 4919 1582 4989 Πατήρ.
1621 4919 1820 4989 Ἀλλην

194 5023 522 5094 δὲδύναμιν
575 5017 686 5074 καὶ
734 5015 926 5086 σοφίαν
957 5016 1196 5072 διδάσκει
1243 5015 1400 5081 Θεοῦ,
1435 5017 1533 5087 τὴν
1585 5015 1672 5069 διὰ
1725 5016 1818 5069 τοῦ

263 5139 284 5172 ³
315 5137 494 5194 Rom.
535 5153 580 5201 ι,
619 5131 718 5187 20.

287 5232 380 5296 58)
429 5227 670 5298 Regius
701 5232 756 5298 e_t
783 5222 970 5298 B_asil.,
1002 5223 1096 5298 καὶ
1125 5219 1370 5298 ὄις-ἄλλα.

269 5289 386 5374 ί59>
433 5289 692 5374 Ιιι-’ἐιξίμιἔ
716 5293 889 5374 P_ari_s.
913 5293 1142 5374 majusc.
1169 5292 1361 5374 litteris
1385 5289 1778 5374 scriptum‘erat
1801 5308 1816 5374 ξ

197 5359 384 5427 Ταῦτᾶ
429 5371 556 5442 ⁸τξῆς
597 5359 1015 5442 Ἀλεξανδρείας
1063 5360 1441 5442 πρεσϐύτεροι,
1471 5375 1592 5442 qua:
1625 5359 1820 5413 desunt

195 5445 246 5499 in
279 5428 754 5498 edit.'Ciimmel.
786 5443 840 5487 et
863 5428 927 5486 'in
955 5428 1206 5486 omnibus
1239 5428 1368 5484 mss.
1401 5428 1592 5483 Latina
1628 5445 1760 5483 vero
1798 5447 1813 5484 :

197 5516 326 5572 Hm:
368 5503 705 5585 presbyteri
749 5502 1180 5585 Ale'xandrjniha
1223 5500 1484 5585 Cptn‘mel.
1523 5513 1813 5585 perperam

1985 5219 2096 5294 (il)
2134 5217 2205 5294 iri
2229 5217 2396 5294 Regio
2429 5217 2783 5294 naideleturn
2815 5225 2920 5294 est.
2967 5214 3070 5294 _Sed
3115 5215 3207 5267 καί
3236 5229 3476 5294 sequens

1917 5285 2098 5364 potius
2123 5285 2410 5364 delendum
2445 5288 2690 5364 videtur._
2711 5285 3024 5364 De_A§teri_o
3052 5291 3322 5364 autenf'et
3359 5285 3476 5362 ejus

1916 5353 2132 5444 scriptis
2163 5359 2284 5412 vide
2329 5372 2494 5426 supra
2521 5358 2576 5410 in
2609 5355 2837 5430 cpistola
2859 5354 2934 5409 De
2963 5355 3195 5410 decretis
3217 5353 3474 5420 Nicasius,

1913 5429 2217 5563 “(139.8%
2245 5497 2376 5564 Reg.
2411 5504 2462 5548 et
2491 5493 2654 5549 Basit.
2683 5491 2824 5548 Editi
2857 5507 2985 5548 vero
3012 5493 3341 5618 ἀγεννἮως.

1983 5500 2200 5640 μείω
2229 5567 2361 5640 Pteg.
2382 5573 2434 5618 et
2461 5561 2714 5640 Basil._ln
2727 5563 3163 5640 sditisjudeest.
3226 5581 3318 5640 _ox

195 5561 614 5655 Ξιὶἦὲειῖἑῖίιῗιν
655 5587 788 5627 cum
839 5573 894 5664 t':
948 5571 1221 5664 Ρτὲοτίέιὶιε
1267 5569 1478 5664 Lilia.“
1512 5561 1670 5624 έαίίῖε
1705 5584 1811 5623 "0“
1943 5561 2200 5664 .95).!”
2229 5561 3477 5664 F5881933339.23,"Effissiéif‘fE-ulfﬁffiﬁz

195 5631 767 5714 QEEEHKCGmca
795 5631 1252 5714 ahPaI'isiensibus
1286 5639 1468 5694 addita
1507 5649 1650 5693 sum"

1914 5648 1962 5714 et
1991 5631 2180 5714 Baéil.,
2214 5631 2367 5706 οὐχᾌ
2403 5633 2692 5704 μονογενὴς
2722 5631 2872 5698 Θεός.
2904 5631 3066 5701 Editi,
3091 5635 3190 5704 οὐχ
3216 5633 3480 5705 ὁμογενὴς

425 5721 690 5791 Regius,
735 5711 900 5785 δείξῃ-

1914 5709 2059 5772 Θεός.

527 5818 832 5878 ΡΛτιιοι.
863 5808 979 5868 Gn.
1019 5807 1242 5867 XXVI.
3149 5799 3228 5860 23
