3914 6222
419 306 526 368 713

1013 308 1070 362 S.
1108 304 1479 361 ATHANASII
1521 303 1673 362 OPP.
1710 305 1890 361 PARS
1922 306 1963 361 Ι.
2005 336 2072 346 -
2111 301 2483 359 HISTORICA
2519 302 2605 358 ET
2644 302 3066 359 DOGMATICA.

3540 305 3644 362 716

420 434 646 495 clarant,
683 442 790 483 una
810 427 1105 497 eademque
1131 427 1278 482 haud
1324 427 1489 483 dubie
1544 428 1604 481 ﬁt
1637 445 1651 481 :
1684 428 1868 483 multae
1899 436 1972 483 ta-

2080 427 2313 498 Χριστοῦ
2331 426 2681 497 δεικνυμένην
2709 426 2971 499 δηλονότι,
2989 426 3083 480 καὶ¹
3107 425 3195 479 διὰ
3213 425 3320 478 τῶν
3350 425 3523 498 ἔργων
3554 427 3650 481 αὗ-

417 540 541 579 meu
570 519 879 591 singulatim
906 520 974 573 ab
1001 533 1067 573 eo
1093 528 1286 575 creatae
1315 528 1462 585 sunt,
1502 534 1733 589 quarum
1773 521 1978 589 primo-

417 613 650 684 genitns,
685 608 996 679 unigenitus
1027 615 1110 662 est
1139 607 1409 672 Christus,
1439 621 1560 676 quae
1589 606 1809 675 quidem
1859 620 1977 659 om-

417 718 516 764 nes
538 721 569 760 a
590 716 904 774 possessore
931 700 1186 768 pendent,
1214 708 1267 753 et
1296 713 1487 753 omnes
1511 697 1681 767 ipsius
1705 696 1978 751 Creatoris

417 798 512 869 qui
540 796 648 851 illis
678 794 867 856 u‘titur,
898 791 1126 846 virtutes
1144 784 1274 861 ~jure
1308 790 1668 861 appellantur.
1698 787 1977 857 Ejusmodi

416 900 503 949 est
532 889 675 960 quod
703 887 963 958 propheta
990 884 1255 939 locustam
1278 883 1332 937 in
1365 897 1582 952 poenam
1610 882 1976 936 humanorum

417 983 681 1039 scelerum
716 976 974 1035 divinitus
1003 976 1328 1039 immissam,
1362 990 1470 1028 non
1492 972 1583 1027 Dei
1611 974 1861 1027 virtutem
1888 988 1978 1026 so-

414 1076 551 1140 lum,
580 1072 672 1128 sed
707 1085 959 1143 magnam
985 1069 1237 1124 virtutem
1266 1068 1334 1123 ab
1386 1068 1504 1136 ipso
1535 1064 1643 1122 Deo
1679 1067 1861 1122 vocari
1894 1066 1977 1121 di-

418 1168 492 1223 cit
514 1167 558 1219 ’⁵.
582 1165 777 1220 Beatus
805 1158 984 1218 autem
1017 1162 1186 1216 David
1220 1161 1276 1215 in
1295 1160 1578 1230 plerisque
1616 1160 1973 1229 psalmorum,

415 1276 526 1315 non
557 1258 774 1328 angelos
805 1257 980 1311 solum
1036 1253 1131 1309 sed
1181 1262 1235 1308 et
1279 1253 1506 1307 virtutes
1550 1250 1717 1307 Deum
1753 1252 1976 1306 laudare

410 1352 586 1423 jubet,
617 1359 672 1405 et
699 1363 889 1403 omnes
932 1344 1001 1401 ad
1054 1346 1313 1416 hymnum
1353 1343 1750 1399 concinendum
1789 1345 1970 1399 horta-

412 1453 502 1500 tur
535 1461 550 1499 :
584 1457 813 1514 quarum
846 1437 1247 1494 multitudinem
1270 1436 1527 1499 declarat,
1561 1451 1762 1505 easque
1806 1436 1972 1490 mini-

413 1546 557 1593 stros
607 1535 701 1590 Dei
732 1546 928 1588 vocare
959 1546 1067 1586 non
1098 1529 1298 1598 renuit,
1336 1544 1401 1584 ac
1443 1528 1588 1584 illius
1641 1528 1971 1583 voluntatem

406 1625 587 1681 facere
616 1625 790 1680 docet.
804 1641 823 1675 ι

2084 518 2189 571 τῶν
2221 514 2319 589 τῆς
2339 517 2608 580 διακονίας
2636 516 2797 569 αὑτοῦ
2826 515 3283 588 γνωριζομένην.»
3331 516 3439 569 Ka‘t
3465 517 3645 570 πάλιν*

2091 628 2110 662 ι
2140 610 2394 678 Καίτοιγε
2421 612 2452 675 ἡ
2485 606 2581 680 μὲν
2611 609 2775 672 ἀίδιος
2801 607 2966 663 αὑτοῦ
2998 605 3225 679 δύναμις
3264 608 3360 661 καὶ
3388 609 3651 681 σοφία,ἥν

2083 700 2316 772 ἀναρχόν
2342 718 2401 753 τε
2430 703 2522 755 καὶ
2554 700 2844 772 ἀγέννητον
2881 700 2989 771 (44)
3025 701 3074 753 οἱ
3123 701 3220 771 τῆς
3252 699 3507 770 ἀληθείας
3527 702 3656 753 ὁιπο⁶

2085 793 2362 862 φαίνονται
2394 792 2661 863 λογισμοὶ,
2697 792 2794 863 μία
2814 790 2879 846 ἂν
2904 791 2989 864 εἴη
3019 790 3281 863 δήπουθεν
3308 793 3399 845 καὶ
3429 794 3461 861 ἡ
3490 792 3649 861 αὐτήο

2081 883 2271 937 πολλαὶ
2294 883 2351 937 δὲ
2370 886 2423 937 αί
2455 883 2575 937 καθ’
2601 883 2827 938 ἕκαστον
2882 880 2972 937 ὑπ’
3000 880 3162 937 αὑτοῦ
3217 885 3536 947 κτισθεῖσαι,
3577 878 3652 937 ὧν

2080 975 2428 1049 πρωτότοκος
2457 975 2552 1028 καὶ⁹
2587 975 2880 1047 μονογενὴς
2903 977 2931 1029 6
2954 976 3206 1047 Χριστός·
3261 977 3433 1030 πᾶσαί
3456 994 3521 1047 γε
3548 976 3652 1048 μὴν
3766 976 3773 985 ’

2077 1068 2294 1140 ὁμοίως,
2337 1071 2416 1132 είς
2443 1068 2535 1121 τὸν
2573 1064 2906 1140 κεκτημένον
2956 1069 3308 1139 ἀνήρτηνται.
3354 1069 3448 1122 καὶ
3479 1070 3652 1122 πᾶσαι

2077 1162 2132 1213 ai
2157 1160 2267 1231 (45)
2289 1159 2546 1230 δυνάμεις
2582 1158 2746 1212 αὐτοῦ
2780 1158 2872 1211 τοῦ
2901 1159 3185 1224 κτίσαντος
3230 1163 3325 1214 καὶ
3365 1161 3651 1232 χρωμένου

2075 1251 2362 1306 καλοῦνται
2392 1251 2632 1315 δικαίως
2671 1246 2781 1305 οἷον
2812 1253 2840 1304 ὁ
2880 1250 2979 1322 μὲν
3002 1253 3283 1323 προφήτης
3320 1254 3416 1322 τὴν
3457 1253 3655 1324 ἀκρίδα

2074 1342 2227 1413 δίκην
2256 1342 2363 1395 τῶν
2387 1342 2737 1414 ἀνθρωπίνων
2767 1343 3179 1415 ἁμαρτημάτων
3227 1343 3485 1416 θεήλατον
3520 1361 3658 1413 γινο-

2080 1435 2246 1506 μένην
2278 1437 2337 1489 οὐ
2366 1432 2592 1506 δύναμιν
2629 1434 2785 1506 μόνον
2811 1435 2967 1499 Θεοῦ,
2997 1436 3130 1489 ἀλλά
3162 1438 3255 1490 καὶ
3296 1437 3538 1508 μεγάλην
3558 1455 3656 1508 φη-

2080 1523 2164 1580 σὶν
2189 1527 2278 1580 ὑπ’
2329 1525 2491 1580 αὑτοῦ
2531 1527 3033 1599 προσαγορεύεσθαι
3092 1529 3184 1582 τοῦ
3238 1528 3392 1583 Θεοῦ·
3425 1531 3453 1581 6
3479 1529 3537 1581 δέ
3587 1546 3653 1597 γε

2085 1620 2347 1691 μακάριος
2377 1615 2545 1673 Δαὸὶδ
2573 1620 2630 1672 ὲν
2659 1620 2866 1673 πλείοσι
2919 1619 3027 1675 τῶν
3080 1620 3309 1692 ψαλμῶν
3346 1622 3445 1674 οὐκ
3482 1621 3652 1689 ἀγγέ-

409 1721 522 1784 λοις
561 1718 737 1790 μόνον,
761 1715 895 1769 ἀλλά
915 1715 1008 1768 καὶ
1036 1712 1325 1782 δυνάμεσιν
1353 1712 1521 1765 αίνεῖν
1549 1708 1982 1782 παρακελεύεται
2016 1709 2107 1795 τὸν
2138 1710 2268 1765 Θεόν
2295 1726 2308 1740 ⁸
2344 1708 2439 1763 καὶ
2472 1709 2649 1772 πάσας
2690 1725 2753 1778 γε
2805 1710 2897 1763 ἐπὶ
2956 1710 3048 1765 τὸν
3076 1709 3242 1782 ὕμνον
3297 1709 3653 1782 παρακαλῶν,

409 1814 506 1865 καὶ
547 1810 609 1864 τὸ
656 1808 858 1879 πλῆθος
887 1805 1201 1876 παρίστησι,
1232 1802 1325 1856 καὶ
1347 1804 1688 1873 λειτουργοὺς
1709 1801 1842 1855 Θεοῦ
1876 1800 2057 1856 καλεῖν
2096 1802 2156 1856 οὐ
2200 1804 2546 1874 παραιτεῖται
2576 1840 2592 1866 ,
2653 1802 2745 1856 καὶ
2800 1805 2972 1857 ποιεῖν
3024 1802 3187 1857 αὐτοῦ
3234 1802 3294 1856 τὸ
3327 1801 3537 1874 θέλημα
3575 1803 3652 1857 δι-

406 1902 617 1958 δάσκει.
631 1918 651 1952 ι

481 1995 569 2052 19.
599 1994 724 2048 Haec
767 1998 958 2047 contra
992 1986 1330 2042 Salvatorem
1386 2000 1574 2049 ausus,
1629 2000 1738 2039 non
1772 1984 1860 2039 hic
1890 1992 1970 2038 ta-

2141 1985 2227 2041 19.
2254 1984 2489 2039 Τοιαῦτα
2519 1984 2790 2058 τολμήσας
2839 1984 2980 2040 κατὰ
3017 1984 3111 2040 τοῦ
3153 1986 3402 2058 Σωτῆρος
3424 1988 3523 2041 οὐκ
3542 1988 3644 2058 ηρ-

410 2102 534 2143 men
559 2083 780 2141 sceleris
807 2082 978 2149 stetit,
1033 2080 1127 2137 sed
1185 2079 1358 2150 magis
1404 2077 1686 2148 magisque
1718 2077 1970 2147 blasphe-

408 2179 549 2234 mias
575 2174 795 2231 adauxit
822 2189 952 2229 suas
975 2172 1161 2228 dicens
1195 2188 1209 2222 :
1250 2190 1269 2223 ι
1315 2169 1470 2225 Unus
1496 2185 1563 2224 ex
1589 2169 1842 2223 omnibus
1891 2178 1974 2224 est

406 2266 987 2337 Filius.-Opiﬁciorum
1042 2265 1187 2319 enim
1246 2263 1481 2334 primum
1513 2271 1618 2326 est,
1662 2269 1717 2316 et
1745 2277 1850 2316 una
1904 2276 1972 2316 ex

405 2360 831 2431 intelligentibus
858 2359 1087 2414 naturis.
1116 2357 1182 2412 Et
1202 2355 1658 2427 quemadmodum
1701 2354 1783 2410 sol
1807 2354 1861 2408 in
1882 2368 1971 2408 re-

404 2454 510 2509 bus
548 2467 671 2523 quae
703 2450 806 2507 sub
834 2451 1007 2506 oculis
1058 2448 1279 2514 cadunt,
1330 2464 1474 2502 unus
1503 2455 1586 2502 est
1633 2462 1698 2502 ex
1751 2448 1820 2502 iis
1851 2462 1974 2517 quae

409 2543 821 2613 conspiciuntur
855 2560 870 2596 :
918 2555 1042 2596 cum
1072 2548 1255 2594 tamen
1284 2539 1540 2593 universo
1578 2537 1802 2605 mundo,
1814 2538 1971 2608 juxta

406 2633 629 2688 factoris
655 2633 737 2688 sui
760 2632 1098 2696 mandatum,
1119 2630 1327 2696 luceat;
1346 2628 1534 2683 eodem
1564 2642 1790 2697 prorsus
1811 2626 1973 2680 modo

404 2723 602 2789 Filius,
632 2738 756 2778 cum
782 2738 888 2777 una
918 2722 986 2777 sit
1015 2737 1081 2775 ex
1117 2719 1540 2790 intelligentibus
1583 2718 1816 2782 naturis,
1848 2733 1970 2772 om-

406 2817 568 2872 nibus
596 2816 690 2886 qui
734 2815 793 2869 in
850 2812 1195 2869 intellectuali
1249 2810 1451 2865 mundo
1510 2818 1657 2876 sunt,
1709 2809 1854 2863 lucet
1908 2823 1973 2863 ac

404 2907 671 2977 splendet.
708 2924 727 2957 ι
771 2903 1085 2971 lterumque
1135 2902 1256 2956 ait:
1314 2918 1336 2952 ‹
1365 2898 1494 2954 Erat
1517 2899 1810 2969 aliquando
1843 2915 1969 2954 cum

401 3015 508 3053 non
541 3006 739 3064 esset,»
776 3004 938 3067 atque
958 2996 1032 3049 ita
1064 2993 1255 3049 scribit
1282 3011 1298 3048 :
1328 3012 1347 3043 ι
1387 2993 1454 3048 Et
1480 2992 1700 3062 quidem
1733 3000 1856 3046 ante
1880 2991 1972 3046 Fi-

403 3093 461 3147 lii
482 3091 902 3163 generationem,
960 3087 1421 3159 praeexsistentem
1474 3082 1767 3156 generandi
1798 3084 1975 3138 scien-

403 3185 536 3240 tiam
573 3183 764 3237 babuit
804 3180 1003 3248 Pater;
1072 3180 1245 3233 inerat
1305 3181 1504 3250 quippe
1554 3177 1785 3241 medico,
1827 3185 1973 3231 ante-

404 3290 567 3345 quam
593 3289 731 3344 quos
758 3280 979 3329 sanaret
1030 3272 1300 3333 adessent,
1354 3268 1605 3325 medendi
1663 3268 1909 3324 scientia.
1946 3287 1965 3319 ›

402 3367 471 3425 Et
492 3383 707 3423 rursum
742 3383 757 3421 :
792 3383 812 3417 ι
850 3363 1120 3429 Beneﬁco,
1164 3362 1358 3432 inquit,
1390 3361 1571 3417 studio
1619 3369 1834 3416 creatus
1886 3369 1968 3415 est
1999 3361 2004 3428 ἶ

399 3461 592 3528 Filius,
617 3469 671 3516 et
700 3457 926 3516 virtutis
957 3457 1113 3527 copia
1160 3455 1319 3511 Pater
1348 3455 1500 3509 illum
1545 3453 1808 3509 condidit.
1846 3473 1864 3506 ι
1902 3452 1969 3507 Ει

401 3554 599 3610 iterum
630 3569 646 3608 ;
681 3570 702 3604 ι
741 3550 799 3608 Si
847 3549 946 3607 Dei
971 3549 1226 3603 voluntas
1277 3562 1374 3617 per
1406 3546 1587 3601 omnia
1636 3545 1829 3601 deinde
1852 3544 1970 3614 opi-

400 3644 523 3700 ﬁcia
549 3642 886 3715 pertransiit,
936 3641 1112 3712 liquet
1155 3639 1352 3693 Filium
1403 3637 1678 3709 opiﬁcium
1716 3652 1840 3692 cum
1876 3637 1966 3703 sit,

399 3735 676 3789 voluntate
699 3733 997 3797 exstitisse,
1028 3739 1082 3786 et
1116 3729 1317 3785 factum
1353 3726 1544 3784 fuisse.
1581 3747 1601 3778 ι
1659 3725 1787 3782 Haec
1813 3727 1970 3781 Aste-

398 3828 516 3882 rius
550 3826 701 3881 sitlus
761 3824 1025 3895 scripsit;
1054 3821 1348 3878 Eusebiani
1406 3834 1537 3875 vero
1563 3820 1679 3874 haec
1711 3818 1827 3888 ipsa
1861 3833 1965 3872 una

397 3933 520 3974 cum
546 3916 637 3972 illo
665 3915 991 3972 sentiebant.

465 4009 556 4064 20.
594 4008 719 4064 Haec
746 4017 875 4065 sunt
902 4022 1138 4077 quorum
1165 4019 1333 4061 causa
1390 4004 1689 4067 decertant,
1724 4012 1785 4079 et
1841 4016 1965 4057 cum

397 4103 619 4172 antiqua
646 4102 856 4172 synodo
889 4109 1151 4170 pugnant,
1207 4097 1337 4168 quia
1396 4095 1604 4152 scilicet
1658 4094 1752 4165 qui
1812 4095 1867 4149 in
1904 4108 2001 4163 ea.

396 4209 699 4250 convenere
728 4193 916 4247 Patres
949 4192 1065 4247 suis
1098 4190 1299 4245 similia
1330 4203 1439 4243 non
1472 4188 1830 4258 scripserunt,
1855 4187 1968 4241 imo
1996 4254 1999 4259 ι

394 4285 653 4342 Arianam
706 4283 977 4348 haeresim,
1042 4296 1204 4352 quam
1254 4281 1311 4336 hi
1370 4279 1614 4336 stabilire
1654 4277 2003 4351 studebant,‘

394 4386 783 4448 percusserunt
823 4375 1187 4431 anathemate.
1249 4372 1517 4441 Quocirca
1560 4372 1839 4428 Asterium
1871 4371 1965 4443 qui

395 4469 557 4525 idolis
589 4468 945 4534 sacriﬁcarat,
981 4467 1283 4537 sophistam
1347 4465 1623 4521 hominem
1671 4464 1965 4536 impietatis

394 4577 510 4619 suae
539 4561 703 4634 586
753 4561 1075 4616 advocatum
1109 4559 1505 4630 designarunt;
1534 4575 1609 4614 =ne
1664 4559 1965 4615 abstineret

1992 3319 2039 3377 C

2073 2077 2260 2151 κέσθη,
2287 2078 2422 2132 ἀλλά
2451 2079 2543 2131 καὶ
2603 2078 2761 2135 πλέον
2810 2078 3108 2132 ἐπεκτείνει
3150 2079 3252 2143 τὰς
3299 2079 3645 2151 βλασφημίας

2071 2168 2255 2233 αὑτοῦ,
2288 2169 2481 2239 λέγων,
2527 2170 2608 2223 ὅτι
2664 2164 2745 2234 εἷς
2798 2170 2908 2224 τῶν
2958 2170 3174 2224 πάντων
3222 2167 3368 2225 ἐστὶν
3426 2173 3455 2225 6
3489 2172 3639 2235 Υἱός⁸

2078 2280 2096 2313 ι
2134 2262 2353 2334 Πρῶτον
2385 2262 2495 2333 γάρ
2519 2263 2636 2315 ἐστι
2677 2260 2786 2315 τῶν
2818 2262 3079 2334 γενητῶν,
3113 2262 3207 2316 καὶ
3245 2256 3327 2326 εἷς
3381 2262 3490 2316 τῶν
3520 2280 3650 2334 νοη-

2070 2353 2179 2408 τῶν
2213 2353 2426 2424 φύσεών
2451 2355 2587 2408 ἐστι⁸
2615 2355 2711 2408 καὶ⁹
2745 2353 2933 2426 ὥσπερ
2975 2355 3206 2426 ἢλιος³ὲν
3229 2357 3340 2419 τοῖς
3375 2355 3647 2426 βλεπομέ-

2072 2463 2182 2510 νοις
2214 2441 2296 2511 εἷς
2322 2446 2419 2518 μὲν
2444 2446 2559 2499 ἐστι
2586 2445 2694 2499 τῶν
2744 2446 3105 2517 φαινομένων,
3162 2447 3367 2519 λάμπει
3398 2448 3453 2501 δὲ
3482 2448 3649 2502 παντὶ

2070 2537 2148 2609 τῷ
2176 2537 2364 2610 κόσμῳ
2387 2537 2528 2592 κατὰ
2554 2537 2845 2609 πρόσταξιν
2876 2536 2969 2591 τοῦ
3000 2540 3378 2611 πεποιηκότοςο
3421 2539 3593 2604 οὓτως
3617 2542 3648 2591 ὀ

2072 2630 2220 2694 Υίὸς,
2246 2623 2326 2692 εἷς
2357 2628 2430 2683 ὣν
2457 2627 2566 2682 τῶν
2586 2628 2790 2701 νοητῶν
2821 2628 3053 2697 φύσεων,
3078 2629 3299 2699 φωτίζει
3326 2631 3418 2684 καὶ
3439 2630 3648 2701 λάμπει

2070 2722 2166 2774 καὶ
2191 2722 2350 2785 αὐτὸς
2383 2723 2514 2774 πᾶσι
2540 2725 2651 2786 τοῖς
2673 2724 2733 2777 ἐν
2762 2722 2840 2794 τῷ
2867 2721 3043 2794 νοητῷ
3065 2722 3309 2794 κόσμῳ.»
3367 2723 3533 2777 Πάλιν
3582 2723 3644 2778 τὲ

2072 2829 2254 2884 φησιν’
2293 2831 2312 2865 ι
2343 2808 2452 2867 Ἦν
2484 2831 2637 2879 ποτε,
2659 2815 2748 2868 ὅτε
2769 2815 2869 2869 οὐκ
2895 2811 3016 2887 ἧν,ι
3046 2814 3186 2868 οὕτω
3206 2816 3452 2887 γράφωνο
3482 2833 3503 2866 ι
3532 2816 3647 2868 Καὶ

2072 2906 2200 2985 πρὶν
2232 2904 2332 2975 τῆς
2357 2905 2622 2975 γενέσεως
2645 2907 2737 2960 τοῦ
2769 2907 2898 2961 Υἱοῦ
2927 2909 2956 2961 6
2978 2909 3168 2981 Πατὴρ
3188 2910 3645 2980 προϋπάρχουσαν

2072 2991 2187 3069 εἶχε
2219 2999 2319 3070 τὴν
2352 2998 2444 3052 τοῦ
2493 3002 2686 3072 γεννᾷν
2740 2999 3069 3074 ἐπιστήμην
3122 3002 3246 3055 ἐπεὶ
3297 3001 3391 3055 καὶ
3436 3002 3643 3073 ἰατρὸς,

2073 3089 2178 3161 πρὸ
2208 3090 2299 3143 τοῦ
2331 3091 2598 3163 ἰατρεύειν
2631 3088 2744 3163 εἶχε
2769 3091 2877 3164 (46)
2928 3094 3028 3166 τὴν
3059 3092 3153 3146 τοῦ
3205 3092 3472 3164 ἰατρεύειν
3521 3095 3645 3146 ἐπι-

2073 3182 2336 3253 στήμην.»
2370 3183 2479 3235 Καὶ
2508 3183 2669 3237 πάλιν
2696 3184 2877 3255 φησίν·
2940 3203 2959 3236 ι
3004 3184 3337 3255 Εὐεργετικῇ
3365 3184 3645 3255 φιλοτιμίᾳ.

2073 3271 2292 3344 ἐκτίσθη
2322 3274 2350 3325 6
2377 3273 2522 3339 Υἱὸς,
2571 3275 2665 3328 καὶ
2716 3275 3002 3347 περιουσίᾳ
3053 3275 3331 3347 δυνάμεως
3386 3274 3642 3346 ἐποίησεν

2072 3364 2231 3418 αὐτὸν
2253 3365 2280 3417 6
2305 3365 2510 3437 Πατήρ*
2553 3385 2570 3417 ι
2600 3368 2694 3420 καὶ
2719 3365 2901 3430 πάλιν,
2953 3386 2971 3419 ι
3006 3368 3070 3421 Ei
3100 3367 3162 3421 τὸ
3187 3366 3359 3421 θέλειν
3386 3367 3478 3421 τοῦ
3506 3366 3641 3439 Θεοῦ

2068 3456 2157 3510 διὰ
2186 3456 2401 3510 πάντων
2437 3457 2632 3528 ἐφεξῆς
2677 3457 2783 3512 τῶν
2838 3459 3156 3530 ποιημάτων
3205 3459 3506 3530 διελήλυθε,
3548 3459 3643 3530 δη·

2067 3547 2260 3614 λονότι,
2293 3548 2387 3602 καὶ
2416 3551 2444 3602 6
2472 3549 2618 3616 Υἱὸς,
2652 3551 2862 3622 ποίημα
2915 3550 3009 3616 ὢν,
3054 3550 3305 3623 βουλήσει
3334 3552 3523 3621 γέγονε
3550 3551 3643 3604 καὶ

2070 3640 2382 3712 πεποίηται.
2417 3658 2436 3693 ι
2475 3639 2659 3696 Ταῦτα
2699 3642 2758 3697 δὲ
2796 3642 3066 3713 ’Δστέριος
3108 3641 3312 3714 ἔγραψε
3378 3641 3491 3713 (47)
3540 3642 3639 3712 μό-

2068 3750 2174 3797 νος·
2200 3734 2250 3787 οί
2281 3732 2336 3787 δὲ
2366 3734 2492 3807 περὶ
2523 3734 2783 3790 Εὐσέϐιον
2834 3736 3094 3806 ἐφρόνουν
3127 3735 3268 3790 αὐτὰ
3330 3737 3481 3807 κοινῇ
3523 3735 3640 3805 μετ’

2068 3823 2248 3879 αὑτοῦ.

2137 4009 2228 4064 20.
2256 4008 2439 4063 Ταῦτά
2463 4012 2627 4074 ἐστιν,
2659 4011 2799 4082 ὑπὲρ
2821 4003 2895 4065 ὧν
2948 4012 3324 4081 ἀγωνίζονται,
3356 4012 3443 4067 διὰ
3473 4011 3639 4067 ταῦτα

2071 4100 2330 4173 μάχονται
2363 4102 2498 4173 πρὸς
2523 4102 2623 4173 τὴν
2651 4102 2882 4174 ἀρχαίαν
2906 4102 3139 4159 σύνοδοψ
3171 4106 3253 4159 ὃτι
3284 4106 3361 4176 μὴ
3390 4104 3459 4159 τὰ
3480 4105 3638 4176 ὃμοια

2067 4194 2244 4249 αὐτῶν
2268 4194 2508 4268 ἔγραψαν
2536 4197 2585 4248 oi
2611 4196 2953 4264 συνελθόντες
2996 4198 3053 4252 ὲν
3084 4198 3245 4270 αὐτῇ,
3278 4197 3412 4252 ἀλλὰ
3437 4198 3636 4270 μᾶλλον

2065 4286 2459 4359 ἀνεθεμάτισαν
2484 4289 2583 4361 τὴν
2626 4289 2909 4362 ’Δρειανὴν
2958 4291 3188 4363 αἵρεσιν,
3215 4290 3280 4362 ἣν
3310 4291 3635 4355 ἐσπούδαζον

2065 4372 2211 4433 οῦτοι
2243 4380 2528 4451 συστῆσαι.
2553 4381 2653 4435 Διά
2676 4380 2835 4435 τοῦτο
2859 4381 2955 4435 καὶ
2984 4381 3257 4452 Ἀστέριον
3285 4384 3374 4437 τὸν
3400 4383 3635 4436 θύσαντα

2067 4471 2324 4544 σοφιστὴν
2344 4472 2494 4541 ὄντα,
2526 4474 2820 4546 συνήγορον
2864 4475 2964 4545 τῆς
3007 4474 3261 4539 ἀσεϐείας
3283 4474 3460 4527 αὐτῶν
3498 4475 3630 4544 (48),

2066 4562 2481 4635 προύϐάλλοντο,
2541 4564 2628 4618 ἵνα
2658 4565 2731 4636 μὴ
2761 4565 3006 4638 φείδηται
3042 4566 3179 4638 μήτε
3234 4564 3372 4620 κατά
3402 4563 3495 4619 τοῦ
3526 4567 3631 4619 Κυ-

395 4661 491 4710 aut
515 4670 547 4709 a
579 4655 760 4710 verbis
789 4662 977 4710 contra
1010 4652 1323 4718 Dominum,
1346 4660 1441 4707 aut
1486 4667 1517 4706 a
1567 4651 1777 4707 callidis
1800 4666 1964 4722 argu-

2072 4654 2186 4726 ρίου
2211 4654 2562 4725 φθέγγεσθαι,
2596 4657 2734 4728 μήτε
2757 4657 2882 4721 τοὺς
2910 4657 3198 4730 ἀκεραίους
3251 4661 3315 4730 τῇ
3356 4659 3632 4714 πιθανολο-

392 4746 592 4803 mentis
621 4746 689 4816 ad
737 4746 1096 4817 simpliciores
1144 4745 1650 4802 circumveniendos
1683 4744 1960 4816 composi-

391 4840 486 4896 tis.
519 4838 719 4894 Verum
755 4838 1090 4912 ignorabant
1120 4837 1277 4894 inscii
1333 4837 1434 4903 illi,
1482 4837 1536 4892 id
1566 4852 1685 4894 sese
1714 4836 1769 4891 in
1805 4852 1961 4893 suam

391 4944 552 5000 agere
582 4930 899 5000 perniciem.
937 4927 1098 4984 Fetor
1122 4930 1266 4984 enim
1312 4928 1565 4984 sacriﬁcii
1594 4928 1665 4983 ab
1696 4929 1961 4983 advocato

393 5036 496 5077 suo
525 5022 684 5077 idolis
718 5022 904 5088 oblati,
935 5022 1186 5076 haeresim
1214 5021 1387 5090 magis
1418 5020 1704 5092 magisque
1732 5018 1955 5077 Christo

390 5112 667 5168 inimicam
695 5113 1038 5186 coarguebat.
1071 5112 1277 5170 ldcirco
1305 5113 1605 5169 etiamnum
1630 5113 1815 5168 omnia
1844 5126 1958 5167 mo—

460 5267 483 5302 δ
513 5267 629 5323 Joel
655 5284 713 5332 Il,
742 5269 833 5325 25.

462 5427 573 5495 (ﬂ)
606 5425 696 5480 Sic
730 5426 861 5495 Reg.
891 5424 1050 5495 etita
1086 5424 1216 5494 legit
1258 5420 1502 5478 Nannius
1533 5422 1627 5492 qui
1657 5423 1836 5490 vertit,
1871 5422 1955 5477 iit--

387 5498 640 5568 genitam.
674 5494 837 5568 Etliti,
856 5494 1150 5568 _ayé_\mtov.

464 5567 576 5634 (ts)
604 5567 668 5636 at
693 5564 859 5621 deest
875 5561 930 5620 in
956 5561 1087 5636 με,

483 5631 570 5707 46)
604 5633 762 5707 Βοεη
787 5635 895 5707 πρρ
923 5631 1510 5707 τῶν⁷θεραπευομένων
1536 5631 1667 5706 εἷχε.

482 5704 571 5778 η)
604 5704 737 5778 res.
774 5704 1047 5778 euasit.
1093 5704 1479 5778 ἐγραφείριιεε
1508 5704 1964 5778 εεηυυηιμπροτ-

382 5774 480 5846 ro,
506 5774 561 5830 οἱ
599 5776 655 5831 δὲ
686 5774 815 5850 περὶ
855 5774 1309 5846 Εὐσέϐιον,⁷ειο.,
1342 5791 1374 5833 a
1416 5776 1845 5849 praecedentibus
1875 5787 1962 5833 se-

2067 4746 2163 4819 γίᾳ
2191 4747 2419 4817 πλανᾷν.
2446 4748 2557 4801 Καὶ
2610 4747 2882 4818 ἠγνὸησάν
2914 4764 2979 4817 γε
3032 4750 3083 4802 oi
3134 4747 3384 4821 ἀμαθεῖς,
3408 4751 3489 4803 ὅτι
3515 4749 3630 4804 καθ’

2063 4837 2272 4891 ἑαυτῶν
2297 4836 2611 4909 εἰργάζοντο
2645 4836 2822 4892 τοῦτο.
2861 4838 2924 4892 Ἡ
2947 4837 3055 4910 γάρ
3075 4839 3307 4894 δυσωδία
3338 4840 3437 4912 τῆς
3467 4841 3547 4904 είς
3566 4839 3630 4893 τὰ

2062 4929 2255 4986 εἴδωλα
2281 4930 2471 4994 θυσίας
2501 4928 2594 4983 τοῦ
2627 4929 2923 5001 συνηγόρου
2975 4930 3056 4983 ἔτι
3095 4930 3255 4985 πλέον
3285 4931 3384 5003 τὴν
3425 4932 3629 5004 αἵρεσιν

2061 5020 2423 5093 χριστομάχον
2453 5020 2708 5074 ἐδείκνυε.
2739 5019 2839 5074 Διὰ
2880 5020 3037 5075 τοῦτο
3089 5022 3183 5076 καὶ
3210 5020 3305 5077 νῦν
3331 5022 3510 5077 πάντα
3546 5040 3626 5076 κι-

2062 5111 2211 5168 νοῦσι
2238 5112 2333 5166 καὶ
2377 5110 2682 5183 θορυϐοῦσι,
2733 5110 3061 5185 νομίζοντες,
3110 5115 3193 5168 ὅτι
3236 5113 3340 5168 κᾶν
3384 5114 3625 5177 πλείονας

2051 5425 2322 5497 iungenda
2352 5442 2460 5483 non
2491 5434 2640 5493 sunt,
2686 5435 2745 5482 ut
2780 5429 2834 5483 in
2864 5428 2998 5484 edit.
3030 5428 3208 5485 Paris.
3239 5429 3375 5485 Nam
3411 5431 3465 5489 in
3493 5431 3613 5486 edit.

2056 5495 2269 5577 {doan
2303 5496 2358 5577 et
2405 5500 2459 5577 in
2507 5514 2640 5577 mss.
2691 5509 3088 5577 consequenter
3136 5510 3460 5577 ponuntur;
3519 5514 3619 5571 quo

2058 5568 2375 5639 item_m9do
2404 5568 2648 5639 Nannius
2678 5568 2880 5639 posuit.

2060 5652 2065 5657 ‘
2109 5636 2428 5714 ,μω-βεδε
2460 5636 2703 5714 ἑαυτῶνέ
2716 5638 2878 5714 ξξιΙ-ἱιί,
2907 5639 3109 5714 αὐτῶν.
3137 5638 3262 5697 Mox
3290 5641 3435 5701 idem
3467 5639 3615 5714 Reg.,

2063 5706 2138 5779 μὴ
2167 5706 2435 5779 φείδηται,
2459 5717 2626 5766 recte.
2664 5707 2826 5778 Editi,
2859 5710 2934 5782 μὴ
2964 5710 3200 5784 φείδητε.
