3914 6222
255 325 354 382 ἸΙῖ

1627 323 1716 377 DE
1756 322 2074 380 SYNODIS.

3377 335 3488 395 718

255 436 629 505 ἀποκτείνωσι,
687 439 780 491 καὶ
831 439 1080 502 συνόδους
1131 439 1272 492 κατά
1323 440 1464 510 μῆνα
1517 445 1818 513 συγκροτή-

1936 472 2046 516 rent
2077 471 2131 516 et
2171 463 2409 525 turbant,
2443 462 2569 529 rati,
2598 461 2642 516 si
2666 463 3094 532 quamplurimos
3128 465 3398 535 occidant,
3431 479 3486 524 et

253 545 382 581 σωσι
415 528 552 600 (49),
593 530 856 584 παύσεταί
885 547 1014 582 ποτε
1055 533 1090 602 ἡ
1125 531 1266 584 κατά
1287 532 1386 602 τῆς
1423 533 1704 603 Ἀρειανῆς
1733 535 1818 585 αἱ-

255 619 452 690 ρέσεως
477 621 768 690 ἀπόφασις.
813 622 1050 675 Ἐοίκασι
1089 621 1148 674 δέ
1179 623 1338 676 πάλιν
1359 625 1595 690 ἀγνοεῖν,
1623 623 1816 694 ἢεί.δέ-

251 728 335 764 ναι
361 713 478 782 μὲν,
507 714 1029 784 ἀποπροσποιείσθαι
1055 714 1133 780 δὲ,
1169 717 1250 770 ὅτι
1293 718 1386 770 καὶ
1435 716 1540 788 πρὸ
1567 717 1666 788 τῆς
1719 718 1818 770 Νι-

251 801 408 864 καίας
437 803 470 873 ἡ
504 803 710 873 αἵρεσις
740 801 808 874 ἦν
855 805 1135 878 βδελυκτὴ,
1172 807 1258 860 ὅτε
1306 806 1507 878 ταύτην
1551 808 1818 878 Ἀρτεμᾶς

249 893 626 956 κατεϐάλλετο,
657 897 748 948 καὶ
780 898 886 968 πρὸ
916 899 1080 952 αὐτοῦ
1130 898 1194 952 τὺ
1237 898 1329 951 τοῦ
1359 899 1602 968 Καῖάφα,
1634 900 1728 952 καὶ
1755 899 1818 952 τὸ

247 983 354 1034 τῶν
385 985 506 1037 τότε
533 987 840 1057 Φαρισαίων
861 990 1153 1062 συνέδριον.
1181 993 1294 1046 Καὶ
1322 994 1408 1046 ἀεὶ
1433 993 1490 1045 δὲ
1515 993 1578 1047 τὸ
1601 1011 1815 1064 χριστο-

251 1073 422 1141 μάχον
443 1075 799 1147 ἐργαστήριον
841 1077 1123 1148 βδελυκτὸν
1153 1086 1288 1148 ἐστι,
1336 1086 1429 1136 καὶ
1465 1087 1524 1137 οὐ
1553 1086 1816 1140 παύσεται

247 1161 338 1214 τοῦ
367 1159 499 1216 εἶναι
529 1167 772 1235 μισητὸν,
797 1169 1059 1238 ἐρασμίου
1091 1170 1242 1234 ὄντος
1273 1171 1364 1225 τοῦ
1393 1171 1668 1244 Κυριακοῦ
1711 1174 1820 1227 ὀνό-

251 1269 438 1321 ματος,
471 1257 564 1308 καὶ
609 1258 966 1330 καμπτούσης
995 1261 1174 1332 πάσης
1205 1263 1301 1334 τῆς
1339 1264 1566 1328 κτίσεως
1617 1265 1684 1318 τά
1725 1266 1818 1334 γό-

247 1361 402 1407 νατα,
465 1345 560 1396 καὶ
593 1345 1107 1422 ἐξομολογουμένης,
1169 1371 1186 1402 ι
1215 1354 1296 1406 ὃτι
1347 1353 1550 1425 Κύριος
1611 1354 1818 1426 Ἰησοῦς

245 1436 478 1506 Χριστὸς
509 1438 585 1502 είς
615 1439 770 1506 δόξαν
799 1441 930 1495 Θεοῦ
959 1445 1218 1515 Πατρός.ι

315 1621 404 1676 21.
433 1623 579 1694 Πλὴν
601 1626 682 1679 ὅτι
716 1625 962 1691 συνόδους
1016 1631 1258 1700 συνεχεῖς
1282 1630 1422 1684 κατά
1447 1633 1546 1704 τῆς
1574 1635 1820 1706 οἱκουμε-

244 1716 402 1786 vixi};
441 1716 718 1781 ποιοῦντες
756 1719 966 1773 οὐδέπω
1017 1725 1346 1793 κεκμήκασι.
1396 1725 1549 1780 Μετὰ
1573 1727 1680 1802 γάρ
1720 1731 1818 1801 τὴν

244 1810 301 1862 ἐν
329 1809 536 1880 Nursia
587 1809 800 1865 σύνοδον
839 1814 1044 1886 οἱπερὶ
1099 1815 1358 1872 Εὐσέϐιον
1413 1821 1810 1893 κατῃρέθησαν·

243 1900 380 1954 ἀλλά
414 1902 550 1971 μετά
602 1905 792 1984 χρόνον
841 1906 1126 1971 ἐπιϐάντες
1159 1908 1270 1981 (51)
1315 1911 1680 1982 ἀναισχύντως
1701 1919 1820 1980 ταῖς

255 1991 602 2064 Ἑκκλησίαις
627 1995 854 2066 ἤρξαντο
898 2003 1010 2063 τοῖς
1059 2001 1156 2070 μὲν
1225 2003 1592 2072 ἀντιλέγουσιν
1638 2008 1821 2072 αὐτοῖς

243 2085 564 2148 ἐπισκόποις
597 2087 986 2154 ἐπιϐουλεύειν,
1045 2093 1164 2145 ἀντὶ
1215 2094 1274 2148 δὲ
1317 2095 1522 2150 τούτων
1567 2099 1692 2162 τοὺς
1721 2101 1821 2170 τῆς

245 2176 508 2246 αἱρέσεως
535 2177 712 2232 αὐτῶν
745 2178 855 2249 (52)
890 2181 1232 2237 καθιστάνειν
1249 2187 1328 2249 εἰς
1359 2185 1456 2247 τὰς
1471 2188 1810 2260 Ἐκκλησίας·

245 2267 312 2320 ἶν’
345 2269 436 2320 ὅτε
473 2268 746 2338 βούλονται
779 2274 1046 2344 ποιήσωσι
1110 2275 1210 2338 τὰς
1273 2278 1554 2346 συνόδους,
1607 2280 1816 2350 ἔχοντες

243 2361 370 2423 τοὺς
391 2363 778 2434 συντρέχοντας
797 2365 1000 2432 αὐτοῖς,
1031 2367 1122 2430 οὒς
1143 2369 1390 2440 ἐπίτηδες
1411 2371 1492 2434 εἰς
1513 2373 1644 2425 αὐτὸ
1666 2372 1822 2426 τοῦτο

243 2452 710 2520 προεχειρίσαντο.
767 2454 1123 2526 Συνέρχονται
1187 2459 1364 2512 τοίνυν
1429 2461 1485 2514 ἐν
1552 2462 1819 2533 Ἰερουσα-

243 2542 356 2612 λὴμ
385 2544 515 2614 (55),
545 2545 635 2597 καὶ
666 2546 932 2617 γράφουσι
964 2549 1151 2602 ταῦτα.

253 2677 316 2731 Ἠ
341 2679 482 2748 ἁγία
505 2681 785 2756 σξύςοδος,
806 2683 847 2756 ᾐ
989 2684 1415 2756 Ἰεροσολύμοις
1459 2688 1608 2742 Θεοῦ
1627 2688 1820 2756 χάριτι

311 2752 726 2826 ᾳυξτιχθεζσα,
772 2752 847 2820 τῇ
900 2754 1242 2826 "Explan
1279 2752 1394 2810 ’τοῦ
1446 2758 1592 2812 Θεοῦ
1627 2752 1716 2826 ’τῇ
1751 2759 1820 2812 ἐν

325 2821 769 2897 ’.ελεξανδρείῳ
818 2822 922 2897 καί
956 2825 1080 2897 τοῖς
1127 2821 1236 2897 (54⁷)
1272 2827 1420 2880 κατὰ
1459 2821 1822 2897 πᾶσαν“τὴν

311 2890 641 2965 Atinate-ir,
675 2893 772 2965 καὶ
803 2894 1080 2965 Θηϐαΐδα,
1107 2890 1227 2948 acab
1251 2899 1496 2965 Λιϐύην,
1542 2898 1640 2952 καὶ
1670 2890 1820 2953 Hear-

313 2960 595 3038 τξὶῖεολιν,
645 2963 743 3038 ara—2
801 2963 928 3038 τοῖς
948 2963 1097 3038 κατὰ
1146 2965 1260 3032 τὴν
1303 2960 1660 3038 οἰκουμένην
1693 2971 1820 3023 ἐπι-

311 3033 571 3106 σκόποις
594 3032 692 3106 καὶ
737 3033 1178 3103 πρεσϐυτέροις,
1230 3037 1328 3090 καὶ
1383 3032 1702 3106 διακόνοις,
1751 3041 1821 3094 ἐν

311 3105 513 3170 Κυρίῳ
543 3103 794 3170 χαίρειν.

313 3218 456 3269 [lict
491 3216 589 3285 μὲν
625 3218 756 3286 ἡμῖν
787 3220 900 3280 τοῖς
934 3218 1026 3271 ἐπὶ
1076 3219 1138 3271 τὸ
1197 3221 1326 3274 αὐτὸ
1374 3221 1712 3276 συνελθοῦσιν
1767 3220 1828 3285 ἐξ

241 3309 520 3380 ἐπαρχιῶν
539 3309 807 3380 διαφόρων
827 3310 961 3379 πρὸς
987 3313 1050 3382 τῇ
1075 3311 1282 3382 μεγάλῃ
1309 3313 1708 3384 πανηγύρει,ἢν
1735 3314 1828 3367 ἐπὶ

239 3405 308 3474 τῇ
339 3400 640 3472 ἁφιερὼσει
693 3401 786 3454 τοῦ
810 3403 1074 3474 σωτηρίου
1111 3405 1426 3475 Μαρτυρίου
1449 3447 1462 3470 ,
1499 3407 1700 3477 σπουδῇ
1733 3405 1823 3460 τοῦ

243 3495 658 3562 θεοφιλεστάτου
696 3493 956 3565 βασιλέως
989 3497 1396 3550 Κωνσταντίνου
1422 3499 1553 3568 (56),
1579 3499 1655 3570 τῷ
1687 3501 1824 3554 πάν-

241 3607 350 3642 των
403 3588 612 3658 βασιλεί
657 3588 788 3658 ’Θεῷ
840 3589 932 3642 καί
989 3587 1066 3658 τῷ
1140 3589 1359 3660 Χριστῷ
1428 3589 1591 3643 αὑτοῦ
1661 3610 1827 3645 κατα-

243 3681 636 3743 σκευασθέντος
669 3681 1087 3750 ἐπετελέσαμεν,
1120 3682 1340 3734 πλείονα
1385 3681 1643 3751 θυμηδίαν
1674 3685 1705 3754 ἡ
1732 3682 1823 3737 τοῦ

241 3775 484 3846 Χριστοῦ
516 3775 672 3845 χάρις
699 3773 810 3844 (57)
835 3773 1128 3844 παρέσχεν,
1177 3775 1241 3844 ἣν
1287 3775 1540 3845 ἐποίησεν
1585 3777 1745 3839 αὐτός
1765 3795 1824 3830 τε

243 3869 272 3918 ὁ
304 3865 719 3935 θεοφιλέστατος
755 3864 1006 3934 βασιλεὺς
1053 3865 1141 3918 διὰ
1199 3866 1540 3937 γραμμάτων
1590 3868 1823 3932 οἰκείων,

242 3959 390 4012 τοῦθ’
421 3961 559 4029 ὅπερ
606 3960 770 4030 ἐχρῆν
804 3959 1182 4029 παρορμήσας·
1246 3959 1422 4011 πάντα
1451 3959 1548 4028 μὲν
1575 3959 1826 4030 ἐξορίσας

241 4053 338 4124 τῆς
379 4051 707 4122 Ἐκκλησίας
752 4050 844 4104 τοῦ
867 4050 1000 4104 Θεοῦ
1035 4051 1246 4120 φθόνον,
1285 4051 1379 4104 καὶ
1405 4053 1582 4105 πᾶσαν
1613 4054 1826 4125 μακρὰν

243 4145 528 4208 ἀπελάσας
561 4145 886 4215 βασκανίαν,
932 4145 998 4196 δι’
1029 4138 1098 4215 ἦς
1149 4144 1216 4197 τά
1269 4143 1360 4197 τοῦ
1402 4144 1639 4215 Χριστοῦ
1690 4146 1825 4216 μέλη

241 4238 415 4291 πάλαι
449 4236 710 4307 πρότερον
727 4237 1040 4306 διειστήκει·
1060 4236 1354 4310 ὴπλοιμένῃ
1374 4235 1430 4288 δέ
1457 4237 1549 4288 καὶ
1579 4237 1828 4308 είρηναίᾳ

241 4329 390 4398 ψυχῇ
444 4327 699 4393 δέξασθαι
747 4327 872 4390 τοὺς
925 4329 1053 4397 περὶ
1085 4329 1320 4399 Ἀρειον,
1370 4327 1462 4391 οὓς
1525 4329 1660 4400 πρός
1707 4347 1827 4382 τινα

1919 555 2146 624 singulis
2181 555 2458 608 mensibus
2489 555 2726 625 synodos
2753 565 3075 622 convocent,
3107 559 3188 612 vel
3213 573 3337 615 sero
3363 570 3486 614 tan-

1917 645 2038 700 dem
2067 645 2228 699 latam
2247 655 2432 700 contra
2459 645 2690 700 Arianos
2720 648 3042 700 sententiam
3089 649 3482 708 obliterandam

1917 752 2056 792 esse.
2095 737 2355 792 Videntur
2383 739 2544 792 etiam
2581 737 2812 802 nescire,
2841 747 2935 792 aut
2959 739 3099 793 scire
3120 742 3358 809 quidem,
3389 744 3486 799 sed

1919 826 2175 881 simulare
2205 827 2361 896 quasi
2402 829 2668 896 nesciant,
2696 828 2858 881 etiam
2895 839 3019 882 ante
3072 828 3345 886 Nica'nam
3393 850 3485 904 sy-

1919 921 2120 974 nodum
2153 922 2398 975 baeresim
2447 921 2604 975 istam
2649 921 3068 977 abominabilem
3108 923 3323 992 fuisse;
3375 945 3486 998 quo

1922 1020 2160 1080 tempore
2185 1011 2436 1067 Artemas
2465 1014 2582 1083 ejus
2605 1013 2960 1070 fundamenta
2986 1016 3192 1084 jaceret
3225 1017 3336 1088 (50)
3371 1037 3386 1086 ;
3434 1029 3490 1074 ct

1919 1113 2044 1159 ante
2075 1105 2246 1169 illum,
2274 1105 2494 1176 Caiphae
2529 1115 2582 1161 et
2607 1107 3008 1162 Pharismorum
3043 1109 3190 1164 illius
3225 1113 3488 1180 temporis

1917 1210 2231 1251 consessus.
2282 1196 2394 1252 [mo
2468 1213 2681 1269 semper
2727 1199 2931 1254 Christi
2983 1201 3224 1254 hostium
3273 1203 3487 1257 oilicina

1917 1290 2264 1344 exsecrabilis
2296 1301 2398 1357 est,
2437 1307 2538 1346 nec
2568 1307 2809 1362 unquam
2864 1294 3100 1348 cessabit
3122 1309 3240 1349 esse
3274 1295 3487 1354 odiosa.

1918 1381 2065 1452 quod
2087 1381 2422 1438 Duminicum
2453 1399 2652 1440 nomen
2679 1387 3212 1442 sitamabilissimum
3233 1398 3284 1442 et
3311 1389 3490 1442 omnis

1918 1483 2169 1527 creatura
2204 1489 2376 1543 genua
2403 1474 2602 1539 ﬂectat,
2626 1485 2679 1530 et
2711 1477 3052 1544 conﬁteatur,
3099 1498 3117 1528 ι
3150 1479 3277 1547 quia
3301 1479 3488 1535 Dom-i-

1919 1579 2024 1618 nus
2047 1565 2202 1619 Jesus
2239 1563 2489 1621 Christus
2519 1567 2574 1620 in
2596 1567 2764 1636 gloria
2801 1577 2885 1622 est
2909 1567 3004 1622 Dci
3025 1567 3222 1622 Patris.
3255 1589 3274 1621 ι

1989 1657 2078 1712 21.
2134 1655 2402 1712 Caeterum
2451 1658 2528 1711 illi
2572 1658 2883 1729 frequentes
2942 1661 3178 1732 synodos
3227 1661 3489 1716 adversus

1847 1772 1890 1828 Β
1919 1750 2223 1804 universale
2256 1749 2388 1804 illud
2413 1751 2704 1805 concilium
2727 1753 3061 1807 celebrantes
3092 1769 3366 1822 nunquam
3403 1751 3490 1808 fa-

1923 1842 2144 1896 tiscunt.
2173 1839 2306 1896 Nam
2341 1843 2556 1897 tametsi
2603 1851 2726 1912 post
2758 1841 3031 1898 Nicaenam
3082 1846 3350 1914 synodum
3383 1844 3492 1897 Eu-

1923 1931 2378 2000 sebianidcpositi
2399 1941 2546 1996 sunt,
2583 1943 2772 2002 postea
2803 1941 2983 1987 tamen
3019 1933 3356 2002 impudenter
3391 1932 3490 1986 Ec-

1924 2023 2118 2079 clesias
2172 2024 2511 2092 invadentes,
2569 2034 2854 2094 creperum
2901 2025 3171 2094 episcopis
3202 2027 3306 2080 sibi
3331 2041 3492 2094 repu—

1923 2119 2213 2188 gnantibus
2238 2119 2507 2186 insidiari,
2567 2119 2870 2190 horumque
2918 2121 3035 2175 vice
3089 2120 3315 2175 haeresis
3381 2135 3494 2174 sua:

1923 2209 2174 2264 homines
2209 2211 2265 2263 in
2292 2208 2564 2265 Ecclesias
2597 2211 2951 2274 constituere,
2988 2217 3048 2263 ut
3087 2209 3352 2264 arbitratu
3391 2225 3492 2263 suo

1925 2303 2162 2372 synodos
2195 2311 2417 2373 cogant,
2445 2303 2574 2373 quia
2629 2303 2838 2359 scilicet
2868 2303 3150 2372 episcopos
3171 2303 3374 2357 habent
3401 2301 3496 2372 qui

1923 2403 2110 2444 secum
2137 2399 2466 2444 concurrant
2499 2411 2511 2445 :
2541 2406 2680 2460 quos
2709 2391 2776 2446 de
2795 2391 3086 2458 industria,
3111 2407 3174 2447 ea
3209 2393 3492 2456 decausa,

1923 2480 2076 2551 prius
2105 2479 2446 2535 ordinarant.
2483 2481 2692 2537 Coeunt
2737 2483 2904 2554 igitur
2933 2481 3289 2556 Jerosolymis
3330 2493 3495 2554 atque

1923 2570 2238 2640 hujusmodi
2265 2571 2473 2627 litteras
2495 2571 2711 2627 dedere.

1925 2704 2125 2761 Sancta
2145 2707 2397 2778 synodus,
2425 2705 2807 2778 Hierosolymis
2853 2724 2946 2776 per
2977 2707 3070 2761 Dei
3105 2709 3334 2778 gratiam
3363 2725 3494 2762 con-

1995 2787 2232 2846 gregata,
2270 2775 2518 2830 Ecclesia:
2548 2777 2643 2846 Dei
2677 2775 2792 2846 qua:
2819 2775 2895 2830 est
2941 2775 3301 2841 Alexandriae,
3337 2790 3384 2832 et
3426 2781 3493 2833 iis

1995 2845 2119 2920 qua:
2129 2861 2248 2900 sunt
2266 2863 2356 2920 per
2382 2845 2869 2920 totaptzEgyptum,
2907 2847 3240 2920 Thebaidem,
3272 2847 3496 2920 Libyam

1997 2915 2044 2969 et
2078 2915 2432 2986 Pentapolim.
2476 2915 2612 2970 Item
2638 2915 2919 2986 episcopis,
2955 2919 3267 2987 presbyteris
3294 2930 3342 2972 et
3373 2915 3496 2974 Hia-

1993 2989 2141 3040 com‘s
2169 3002 2261 3055 per
2291 2997 2464 3042 totum
2487 2987 2686 3052 orbem,
2729 2989 2786 3040 in
2811 2988 3036 3042 Domino
3062 2989 3287 3042 salutem
3322 2990 3456 3060 (55).

1997 3236 2166 3292 Nobis
2191 3240 2448 3294 omnibus
2481 3255 2650 3294 unum
2690 3240 2746 3294 in
2801 3240 2980 3296 locum
3016 3256 3082 3296 ex
3115 3241 3345 3296 diversis
3366 3255 3500 3308 pro-

1929 3329 2145 3394 vinciis,
2201 3329 2266 3384 ad
2341 3346 2592 3402 magnam
2652 3331 3054 3386 solemnitatem
3113 3333 3496 3403 congregatis,

1928 3435 2092 3488 quam
2120 3420 2516 3476 celebravimus
2551 3421 2606 3475 in
2659 3420 3006 3478 Dedicatione
3029 3421 3274 3493 Martyrii
3307 3423 3499 3478 Salva-

1931 3511 2084 3576 toris,
2111 3525 2144 3563 a
2173 3512 2588 3581 religiosissimo
2621 3513 2946 3582 imperatore
3000 3513 3382 3581 Constantino,
3439 3515 3499 3570 in

1929 3602 2190 3655 honorem
2221 3601 2466 3655 omnium
2519 3603 2865 3672 imperatoris
2901 3603 2995 3658 Dei
3059 3613 3113 3658 et
3147 3603 3355 3660 Christi
3377 3605 3499 3674 ejus

1929 3692 2190 3758 excitati,
2225 3692 2498 3762 ingentem
2522 3695 2692 3748 animi
2735 3696 3068 3764 voluptatem
3100 3695 3299 3750 Christi
3325 3696 3498 3765 gratia

1930 3783 2128 3850 attulit,
2169 3799 2332 3853 quam
2391 3784 2550 3839 nobis
2617 3785 2733 3855 ipse
2788 3801 3004 3855 quoque
3055 3785 3498 3856 religiosissimus

1929 3877 2225 3946 imperator
2243 3891 2338 3946 per
2365 3876 2614 3946 preprias
2631 3876 2780 3932 dedit
2805 3877 3032 3942 litteras,
3053 3892 3155 3932 nos
3179 3877 3244 3931 ad
3263 3877 3498 3932 otiiciun.

1931 3969 2178 4022 hortatus
2207 3986 2220 4021 :
2252 3983 2376 4022 cum
2411 3983 2627 4022 omnem
2691 3967 2948 4022 invidiam
3010 3968 3077 4021 ab
3133 3966 3372 4022 Ecclesia
3403 3967 3498 4022 Dei

1928 4059 2198 4130 eiecisset,
2255 4069 2310 4114 et
2351 4075 2515 4114 omne
2565 4059 2748 4113 odium
2793 4059 2980 4128 procul
3039 4059 3328 4128 abegisset,
3389 4075 3498 4129 quo

1928 4151 2131 4208 Christi
2175 4153 2418 4206 membra
2443 4153 2556 4221 jam
2595 4153 2804 4221 pridem
2833 4151 3217 4219 dissidebant;
3257 4158 3316 4205 ut
3367 4152 3499 4206 sim-

1929 4241 2055 4310 plici
2083 4251 2136 4294 et
2165 4241 2391 4311 paciﬁco
2443 4241 2628 4296 animo
2680 4241 2872 4296 Arium
2911 4255 3037 4296 cum
3081 4243 3197 4297 suis
3228 4242 3499 4312 recipere-

1930 4349 2084 4399 mus;
2135 4333 2370 4402 quos‘ad
2407 4333 2628 4403 aliquod
2659 4333 2922 4403 temporis
2975 4333 3212 4402 spatium
3241 4334 3392 4389 omni
3422 4333 3499 4388 in-

241 4423 439 4491 καιρὸν
467 4423 496 4473 ὁ
527 4419 813 4490 μισὸκαλος
841 4420 1034 4489 φθόνος
1061 4419 1164 4484 ἔξω
1189 4419 1438 4489 γενέσθαι
1463 4421 1563 4490 τῆς
1601 4421 1822 4492 Ἐκκλη-

1936 4424 2068 4480 festa
2095 4425 2238 4480 bono
2261 4425 2464 4480 invidia
2526 4435 2680 4480 extra
2727 4423 3028 4480 Ecclesiam
3084 4425 3335 4481 detinuit.
3391 4425 3500 4480 lmo

244 4515 370 4576 σίας
403 4511 716 4583 εἰργάσατο.
755 4512 1172 4594 Ἐμαρτύρει.δέ
1202 4515 1313 4576 τοῖς
1369 4513 1622 4584 ἀνδράσιν
1653 4515 1680 4566 ὁ
1706 4513 1822 4566 θεο-

243 4605 570 4674 φιλέστατος
597 4603 843 4673 βασιλεὺς
875 4603 960 4656 διὰ
989 4603 1086 4674 τῆς
1109 4603 1394 4672 ἐπιστολῆς
1420 4603 1652 4666 πίστεως
1675 4603 1828 4673 ὀρθο-

241 4697 466 4767 τομίαν,
495 4697 562 4766 ἢν
587 4699 716 4768 παρ’
747 4695 924 4749 αὐτῶν
961 4695 1284 4766 πυθόμενος,
1313 4695 1472 4759 αὐτός
1508 4713 1567 4748 τε
1600 4696 1664 4748 δι’
1698 4697 1826 4750 ἐαυ-

240 4791 337 4846 τοῦ
381 4789 537 4859 παρά
574 4787 751 4860 ζώσης
803 4787 985 4858 φωνῆς
1013 4788 1190 4841 αὐτῶν
1228 4787 1464 4850 ἀκούσας
1514 4787 1824 4855 ἀπεδέξατο,

238 4885 380 4955 ἡμῖν
417 4899 480 4934 τε
508 4880 742 4952 φανερὰν
773 4883 1157 4952 κατεστήσατο,
1201 4877 1472 4944 ὑποτάξας
1495 4883 1606 4944 τοῖς
1634 4879 1827 4934 ἐαυτοῦ

317 5087 438 5160 (ιθ)
475 5085 630 5160 μεθ..
657 5088 1110 5160 συγκροτήσουσιν

317 5153 436 5227 (50)
460 5153 708 5210 Arternas
737 5153 832 5227 seu
863 5153 1145 5227 Artemon,
1175 5155 1452 5227 Christum
1486 5169 1694 5227 merum
1727 5153 1828 5207 ho-

239 5224 482 5315 minet-nn
489 5227 733 5315 putabat.
767 5225 903 5281 Vide
943 5225 1142 5282 Euseb.
1177 5225 1383 5278 Hister.
1415 5224 1600 5279 eccles.
1629 5224 1723 5277 lib.
1751 5239 1828 5288 vr,

239 5297 544 5434 mistian
573 5365 706 5434 Reg.
740 5373 794 5420 et
813 5365 978 5422 Basil.
1010 5365 1152 5422 Editi
1185 5367 1322 5418 male
1347 5364 1648 5426 ἐπίσαντες.

340 5435 438 5506 52)
465 5435 623 5508 Βεεη
655 5435 1080 5508 earumearum,
1108 5435 1304 5508 αὐτῶν,

317 5503 444 5579 (53)
477 5503 634 5632 Reg;
673 5507 732 5560 ἐν
775 5503 1538 5588 yﬁ-‘lepoucalﬁp._Epistola
1582 5517 1712 5584 vero
1745 5517 1832 5557 se-

317 5594 432 5632 rens
484 5579 554 5632 ha
629 5577 902 5632 turhtem
949 5593 1004 5630 in
1055 5577 1314 5632 Apologia
1357 5583 1541 5630 contra
1574 5573 1827 5632 Arianos.

240 5573 438 5652 quens
484 5573 902 5644 liabeturﬁitém
949 5573 1004 5630 in
1055 5573 1314 5646 Apologia
1349 5573 1541 5630 contra
1574 5573 1827 5638 Arianos,

239 5669 300 5722 Ρ.
483 5717 644 5789 Reg.,
676 5716 772 5789 καὶ
803 5717 920 5789 ταῖς
965 5730 1074 5789 n_on
1123 5715 1286 5768 male.
1318 5713 1568 5789 Editi_et_
1593 5713 1706 5776 alii,
1737 5713 1832 5766 καὶ

463 5797 478 5844 t
517 5783 594 5846 ita
637 5787 804 5843 habet
835 5785 948 5854 ipse
989 5784 1120 5855 Reg.
1157 5797 1316 5852 supra
1353 5783 1607 5855 Apologia
1646 5797 1832 5840 contra

241 5795 384 5856 τοῖς.

1931 4515 2048 4584 ipse
2073 4513 2516 4584 religiosissimus
2568 4514 2862 4583 imperator
2898 4528 2994 4582 per
3030 4514 3314 4583 epistolam
3345 4529 3500 4568 suam

1931 4605 2244 4674 hujusmodi
2273 4605 2512 4659 virorum
2543 4614 2746 4658 rectam
2783 4620 2906 4660 esse
2936 4604 3095 4658 tidem
3122 4611 3353 4659 testatus
3373 4613 3456 4658 est
3483 4620 3499 4658 :

1929 4709 2095 4764 quam
2126 4694 2241 4764 ipse
2262 4695 2462 4748 abillis
2507 4695 2836 4757 sciscitatus,
2881 4695 3002 4748 viva
3037 4709 3170 4748 voce
3219 4694 3498 4762 loquentes

1930 4800 2054 4840 cum
2089 4785 2353 4850 audisset,
2381 4801 2412 4840 a
2444 4801 2503 4840 se
2527 4787 2880 4856 approbatam
2904 4786 3060 4840 nobis
3091 4785 3372 4849 indicavit,
3409 4784 3498 4837 lit-

1933 4878 2170 4947 terisque
2198 4877 2314 4934 suis
2357 4893 2550 4934 sanam
2579 4878 2820 4933 virorum
2875 4877 3002 4932 ﬁdei
3043 4875 3332 4931 formulam
3380 4875 3482 4930 sub

1934 5083 2186 5136 Ariauos.
2213 5079 2359 5135 Infra
2383 5079 2516 5150 Reg.
2543 5090 2597 5136 et
2615 5081 2802 5146 Basil.,
2828 5077 3169 5148 οἰκουμένην.
3195 5075 3336 5129 Editi
3363 5075 3496 5129 male
3533 5103 3540 5110 ~

1930 5153 2327 5236 Obtth‘HE‘vtxﬂx.
2375 5222 2386 5233 _
2473 5149 2478 5150 ί
2499 5149 2504 5154 ’

2006 5214 2120 5294 (55)
2146 5220 2227 5294 Ita
2259 5214 2459 5294 Regius
2497 5220 2685 5294 probe.
2707 5214 3280 5294 _Editi,_vaaravrtou
3310 5229 3491 5294 perpe-

1931 5288 2070 5346 ram.
2101 5291 2156 5345 ln
2193 5288 2364 5346 Basili
2387 5288 2514 5346 vero
2553 5291 2626 5344 ita
2671 5288 3042 5342 abbreviatum
3075 5295 3158 5339 est
3181 5293 3240 5338 ut
3264 5288 3498 5345 nescias,

1930 5362 2338 5414 Κωνσταντίνου
2371 5377 2439 5414 an
2480 5358 2855 5413 Κωνσταντίου
2890 5356 3299 5424 sitlegendum.
3361 5352 3500 5407 Infra

1933 5431 2155 5500 Regius,
2181 5431 2713 5490 κατασκευασθέντος
2754 5435 2920 5482 recte.
2949 5423 3134 5496 .Editi,
3163 5439 3502 5478 κατασκευα--ι

1935 5501 2166 5556 σθέντες.

2006 5520 2324 5644 ῗξὲῗςὲιιριζε
2353 5586 2409 5644 p.
2441 5568 2564 5636 157,
2605 5567 2870 5644 l_eg_itur_i)
2899 5563 2992 5644 τού
3039 5565 3174 5618 Θεοῦ
3217 5563 3376 5644 χάρις
3419 5561 3493 5615 ἐν-

1932 5635 2204 5710 εποίησεν,
2230 5635 2394 5702 ωτι-ς
2421 5655 2504 5702 τε,
2541 5635 2632 5694 sed
2668 5635 2768 5710 hic
2809 5635 3039 5692 lucidior
3071 5644 3155 5691 est
3187 5635 3502 5704 pleniorque

1935 5707 2220 5771 sententia,
2249 5719 2308 5764 ut
2327 5725 2492 5764 nemo
2516 5725 2622 5763 non
2651 5707 2817 5764 videt.

2008 5781 2120 5850 (57)
2153 5779 2366 5850 Scripta
2393 5795 2536 5836 anno
2563 5778 2685 5835 555.
