3914 6222
390 299 500 354 719

965 292 1025 349 S.
1063 289 1430 347 ATHANASII
1471 289 1621 344 ()PP.
1664 288 1845 343 PARS
1881 290 1925 342 l.
1967 318 2034 329 —
2071 286 2441 346 HlSTORiCA
2483 288 2567 344 ET
2606 287 3029 345 DOGMATICA.

3538 293 3641 349 720

392 416 594 490 iunxit,
623 429 789 485 quam
821 428 924 469 nos
959 428 1152 469 omnes
1193 423 1396 468 rectam
1432 425 1486 469 et
1534 415 1966 472 ecclesiasticam

2081 414 2391 487 γράμμασιν
2421 414 2689 487 ἔγγραφον
2706 414 2805 485 τὴν
2825 412 2934 466 τῶν
2963 410 3170 483 ἀνδρῶν
3188 412 3490 484 ὁρθοδοξίαν
3507 413 3639 488 (58),

374 523 516 564 esse
542 506 890 577 agnovimus.
944 503 1011 559 Et
1053 505 1178 574 jure
1220 504 1441 574 quidem
1477 506 1796 561 hortabatur
1818 506 1967 562 viros

378 599 594 669 suscipi
626 606 680 652 et
707 597 964 653 Ecclesiae
989 595 1082 653 Dei
1112 599 1389 670 conjungi,
1439 607 1498 653 ut
1530 598 1688 653 vobis
1716 612 1782 652 ex
1821 598 1973 668 ejus-

372 692 511 747 'dem
543 692 785 762 epistola:
805 691 1122 761 exemplari,
1174 708 1336 762 quam
1371 707 1471 745 nos
1496 691 1561 745 ad
1590 691 1845 760 pietatem
1874 705 1967 744 vc-

390 796 560 840 stram
592 785 865 849 misimus,
919 793 1109 841 notum
1137 786 1260 840 erit.
1309 785 1599 840 Credimus
1630 784 1788 839 vobis
1811 784 1966 854 ipsis,

394 887 579 949 utpote
603 878 821 949 propria
850 878 1019 934 vestri
1063 879 1310 949 corporis
1341 878 1581 933 membra
1606 877 1972 947 recuperanti-

395 971 516 1037 bus,
566 986 825 1041 magnum
871 968 987 1025 {ore
1039 970 1299 1040 gaudium
1360 969 1714 1041 laetitiamque
1765 988 1778 1023 :
1839 968 1968 1023 dum

396 1073 570 1117 vestra
596 1062 825 1125 viscera,
857 1070 1069 1117 vestros
1128 1059 1324 1116 fratres
1355 1069 1410 1114 et
1462 1070 1643 1131 patres
1676 1059 1971 1129 agnoscitis

395 1150 555 1226 587
588 1163 643 1210 et
688 1153 980 1224 recipitis;
1040 1152 1242 1224 quippe
1298 1166 1407 1207 non
1459 1153 1637 1207 solum
1667 1150 1969 1222 presbyteri

396 1246 504 1299 Arii
564 1259 847 1316 sequaces,
899 1244 994 1299 sed
1054 1243 1234 1299 omnis
1283 1241 1518 1312 populus
1567 1250 1620 1297 et
1674 1240 1970 1296 multitudo

397 1336 648 1392 universa
680 1336 834 1391 vobis
865 1335 1197 1402 restituitur,
1231 1348 1353 1404 qua:
1384 1348 1549 1403 supra
1580 1333 1853 1387 dictorum
1894 1331 1971 1384 vi-

396 1443 582 1482 rorum
641 1426 929 1482 occasione
965 1426 1177 1497 jamdiu
1220 1441 1251 1481 a
1307 1425 1466 1481 vobis
1538 1425 1857 1481 dissidebat.
1904 1423 1972 1478 Et

396 1534 585 1575 revera
623 1519 778 1574 decet
807 1533 927 1585 vos,
969 1517 1037 1573 iis
1064 1518 1356 1589 compertis
1381 1534 1503 1588 qua:
1528 1518 1616 1573 hic
1654 1528 1774 1573 acta
1815 1528 1967 1583 sunt,

397 1625 587 1681 nempe
622 1610 772 1665 viros
828 1610 949 1665 illos
996 1609 1281 1665 nobiscum
1321 1612 1778 1675 communicasse,
1842 1621 1896 1665 et
1939 1625 1969 1665 a

2072 509 2136 579 ἢν
2165 506 2482 577 ἐπέγνωμεν
2508 507 2558 560 οἱ
2596 506 2795 569 πάντες
2826 504 2951 575 ὑγιῆ
3000 521 3060 557 τε
3093 500 3259 558 οὖσαν
3314 505 3408 558 καὶ
3453 507 3644 579 ἐκκλη-

2072 600 2374 670 σιαστικήν.
2404 599 2513 652 Καὶ
2545 598 2775 660 είκότως
2804 596 3104 668 παρεκάλει
3135 598 3262 661 τοὺς
3285 597 3483 668 ἄνδρας
3511 600 3644 655 ὐπο-

2068 689 2321 761 δεχθῆναι
2338 691 2432 743 καὶ
2451 690 2712 761 ἐνωθῆναι
2735 692 2801 761 τῇ
2832 689 3127 763 Ἐκκλησία
3158 690 3253 744 τοῦ
3275 691 3431 759 Θεοῦ,
3451 693 3643 768 ὥσπερ

2070 778 2162 836 οὖν
2194 782 2290 836 καὶ
2332 782 2485 835 αὐτοὶ
2537 782 2601 835 ἐκ
2650 781 2759 834 τῶν
2818 782 3083 836 ίσοτύπων
3130 783 3242 855 (59)
3281 785 3489 839 εἴσεσθε
3541 787 3642 859 τῆς

2070 875 2240 946 αὐτῆς
2265 874 2571 945 ἐπιπολῆς,
2620 870 2689 948 ἦς
2718 875 2853 947 πρὸς
2901 874 2999 947 τὴν
3029 877 3301 949 ὑμετέραν
3356 879 3644 935 εὐλάϐειαν

2070 966 2507 1038 διεπεμψάμεθα.
2541 967 2895 1039 Πιστεύομεν,
2923 969 3005 1022 ὅτι
3036 969 3130 1023 κα)⁵
3151 970 3281 1040 ὑμῖν
3326 972 3511 1036 αὐτοῖς
3530 972 3641 1044 (60)

2070 1059 2147 1123 ὡς
2193 1058 2260 1113 ἂν
2287 1059 2355 1112 τὰ
2389 1060 2564 1113 οἰκεῖα
2618 1058 2752 1131 μέλη
2792 1058 2885 1112 τοῦ
2921 1059 3186 1130 ὑμετέρου
3232 1059 3484 1131 σώματος
3515 1064 3646 1117 ἀπο-

2070 1148 2425 1219 λαμϐάνουσι,
2456 1149 2664 1219 μεγάλη
2684 1148 2829 1221 χαρά
2877 1149 2972 1203 καὶ
3006 1149 3308 1222 εὐφροσύνη
3334 1153 3643 1223 γενήσεται,

2069 1239 2137 1292 τά
2167 1240 2376 1292 ἐαυτῶν
2411 1240 2694 1311 σπλάγχνα
2734 1241 2829 1295 καὶ
2868 1242 2994 1304 τοὺς
3048 1240 3256 1295 ἑαυτῶν
3301 1241 3562 1311 ἀδελφούς
3584 1259 3645 1297 τι

2071 1334 2166 1385 καὶ
2196 1332 2436 1404 πατέρας
2463 1333 2788 1404 γνωρίζουσι
2823 1350 2883 1386 τε
2912 1333 3008 1386 καὶ
3056 1333 3555 1405 άπολαμϐάνουσινο
3582 1337 3646 1389 ού

2074 1425 2231 1496 μόνον
2269 1424 2376 1478 τῶν
2414 1423 2799 1496 πρεσϐυτέρων
2818 1424 2925 1478 τῶν
2956 1426 3083 1496 περὶ
3109 1427 3322 1498 Ἀρειον
3356 1427 3648 1483 ἀποδοθέν-

2069 1533 2176 1570 των
2203 1517 2354 1587 ὑμῖν,
2396 1516 2533 1570 ἀλλὰ
2561 1516 2654 1570 καὶ
2702 1517 2903 1582 παντὸς
2950 1516 3045 1570 τοῦ
3072 1516 3201 1570 λαοῦ
3248 1518 3343 1573 καὶ
3374 1518 3478 1590 τῆς
3510 1518 3650 1591 πλη-

2071 1610 2196 1675 θύος
2250 1611 2489 1681 ἁπάσης,
2537 1610 2572 1680 ἡ
2603 1611 2871 1681 προφάσει
2913 1608 3023 1663 τῶν
3075 1611 3377 1683 εἰρημένων
3438 1611 3652 1683 ἀνδρῶν

396 1712 542 1757 tanta
582 1716 738 1758 sacra
768 1702 978 1773 synodo
1002 1711 1248 1772 receptos
1299 1700 1500 1768 fuisse,
1530 1700 1967 1770 conjunctionem

2081 1703 2272 1774 μακρῷ
2296 1701 2474 1773 χρόνῳ
2494 1702 2624 1772 παρ’
2647 1702 2774 1771 ὑμῖν
2805 1701 3102 1774 διειστήκει
3132 1702 3267 1773 (61).
3297 1704 3407 1757 Καὶ
3451 1705 3650 1776 πρέπει

396 1801 447 1847 ct
474 1807 663 1862 pacem
695 1807 819 1847 cum
867 1791 1102 1862 pr0priis
1153 1790 1415 1846 membris
1467 1791 1827 1845 libentissime
1853 1776 1968 1844 am?

2081 1810 2138 1862 γε
2167 1792 2380 1864 άληθῶς
2432 1792 2657 1861 γνόντας
2711 1794 2854 1864 ὑμᾶς
2894 1793 2964 1846 τὰ
3018 1794 3401 1864 πεπραγμένα,
3454 1797 3549 1849 καὶ
3576 1796 3655 1859 ὡς

396 1885 594 1954 plecti:
655 1899 779 1941 cum
815 1882 1160 1953 potissimum
1215 1881 1350 1937 ﬁdes
1408 1881 1478 1936 ab
1527 1881 1634 1936 illis
1694 1882 1962 1950 exposita,

396 1976 747 2047 apostolicam
797 1973 1143 2029 traditionem
1193 1982 1358 2042 atque
1398 1973 1715 2043 doctrinam
1745 1974 1813 2026 ab
1836 1988 1960 2027 om-

396 2070 552 2124 nibus
620 2066 1016 2139 approbatam,
1106 2065 1316 2136 absque
1395 2065 1747 2121 contentione
1831 2081 1967 2122 con-

390 2169 588 2217 servet.

2072 1881 2436 1954 ἐκοινώνησαν
2479 1884 2527 1935 oi
2585 1882 2797 1953 ἄνδρες,
2851 1880 3263 1952 παρεδέχθησάν
3308 1900 3368 1935 τε
3421 1882 3654 1953 ὑπὸτῆς

2072 1972 2339 2042 τοσαύτης
2390 1971 2549 2041 ἁγίας
2586 1971 2834 2036 συνόδου,
2877 1970 3262 2042 προθυμότατα
3314 1972 3409 2026 καὶ
3456 1972 3654 2033 αὐτοὺς

2076 2064 2424 2120 ἀσπάσασθαι
2468 2064 2568 2136 τὴν
2618 2064 2752 2136 πρὸς
2792 2062 2862 2117 τὰ
2889 2066 3061 2116 οἰκεῖα
3115 2063 3251 2136 μέλη
3282 2063 3573 2132 συνάφειάν
3593 2078 3655 2115 τε

2078 2160 2173 2212 καὶ
2205 2160 2426 2231 εἰρήνην
2450 2158 2531 2212 ὅτι
2567 2157 2798 2229 μάλιστα
2835 2158 2903 2212 τά
2949 2158 3045 2228 τῆς
3090 2157 3401 2227 ἐκτεθείσης
3433 2155 3524 2209 ὑπ’
3554 2153 3656 2208 αὖ·

393 2252 501 2318 πῶν
547 2252 781 2313 πίστεως
839 2248 1251 2319 άναμφήριστον
1308 2245 1468 2312 σώζει
1508 2246 1607 2320 τὴν
1655 2246 1808 2318 παρὰ
1862 2249 1975 2313 τοῖς
2011 2252 2176 2304 πᾶσιν
2222 2250 2658 2322 ὁμολογουμένην
2700 2249 3062 2323 ἀποστολικὴν
3114 2248 3409 2320 παράδοσιν
3448 2265 3508 2301 τε
3560 2247 3658 2301 καὶ

396 2341 739 2399 διδασκαλίαν
771 2340 901 2412 (62).

462 2436 554 2492 22.
588 2434 702 2491 Hoc
736 2418 844 2489 illis
877 2432 981 2488 fuit
1007 2432 1340 2505 synodorum
1369 2433 1658 2489 exordium
1684 2475 1699 2502 ,
1733 2434 1825 2489 ubi
1859 2434 1970 2490 cito

396 2529 684 2587 consilium
712 2543 873 2582 suum
902 2527 1081 2596 palam
1131 2526 1346 2592 fecere,
1395 2542 1496 2582 nec
1542 2527 1820 2582 occultare
1868 2541 1971 2596 po-

395 2631 635 2678 tuerunt.
699 2620 835 2676 Cum
887 2621 1031 2676 enim
1082 2620 1328 2676 dicerent
1361 2619 1701 2675 eliminatam
1753 2633 1971 2673 omnem

395 2713 657 2769 invidiam
694 2711 896 2775 fuisse,
924 2720 1007 2774 et,
1038 2723 1326 2781 postquam
1361 2710 1698 2765 Athanasius
1730 2709 1972 2764 Alexan-

395 2804 528 2860 dria:
553 2803 842 2874 cpiscopus
876 2802 929 2855 in
956 2801 1210 2856 exsilium
1245 2800 1449 2856 missus
1479 2808 1643 2867 esset,
1669 2800 1973 2856 scriberent

396 2906 646 2967 Oportere
660 2895 851 2949 Arium
874 2909 1000 2950 cum
1023 2893 1139 2949 suis
1160 2894 1396 2963 suscipi;
1438 2893 1596 2962 plane
1615 2892 1972 2948 ostenderunt

396 3003 477 3054 ω,
495 3003 559 3042 ea
575 2988 642 3042 de
656 3002 845 3051 causa,
863 2985 1167 3040 Athanasio
1189 2992 1243 3039 et
1266 2985 1389 3039 aliis
1411 2985 1670 3039 omnibus
1698 2984 1971 3054 episcopis

398 3084 500 3138 sibi
523 3079 954 3151 repugnantibus
976 3078 1204 3133 insidias
1234 3077 1523 3140 struxisse.
1555 3085 1613 3131 ιιι
1633 3077 1820 3131 Arium
1846 3093 1970 3132 cum

398 3174 566 3229 sociis
593 3173 915 3241 reciperent,
952 3169 1314 3240 haeresimque
1350 3170 1759 3224 introducerent
1784 3172 1836 3223 in
1871 3169 1975 3224 Ec-

397 3263 643 3329 clcsiam,
666 3271 720 3316 et
741 3275 1055 3332 quanquam
1095 3275 1287 3316 omnes
1312 3275 1510 3330 pravas
1530 3260 1645 3314 Arii
1678 3262 1976 3317 sententias

399 3358 456 3412 in
486 3357 575 3410 illa
611 3355 822 3427 synodo
852 3354 1189 3417 laudassent,
1224 3362 1279 3406 et
1306 3352 1373 3406 ad
1403 3352 1847 3407 communionem
1881 3366 1976 3408 eos

399 3448 612 3503 admitti
636 3446 978 3511 statuissent,
999 3444 1146 3515 quod
1168 3444 1281 3515 jam
1301 3444 1370 3498 ab
1389 3444 1522 3513 ipsis
1545 3443 1744 3498 factum
1766 3443 1973 3510 fuerat;

400 3547 639 3594 attamen
666 3539 767 3593 rati
799 3538 1002 3609 aliquid
1034 3536 1215 3592 adhuc
1242 3536 1309 3590 ad
1334 3550 1494 3590 suum
1524 3536 1862 3605 propositum
1883 3536 1978 3589 de-

400 3632 655 3700 siderari,
685 3630 989 3687 Antiochiae
1015 3628 1282 3701 synodum
1314 3627 1540 3681 obtentu
1572 3624 1975 3692 Encaeniorum,

401 3734 461 3780 ut
490 3732 724 3791 vocant,
774 3730 1087 3793 coegerunt.
1123 3719 1191 3776 Et
1216 3719 1345 3790 quia
1380 3734 1593 3789 semper
1624 3720 1692 3773 ab
1721 3718 1977 3774 omnibus

400 3818 466 3873 de
498 3817 692 3873 haeresi
730 3816 1129 3872 accusabantur
1153 3854 1170 3882 ,
1206 3812 1312 3867 alia
1337 3809 1461 3866 aliis
1493 3810 1835 3880 diversisque
1867 3825 1981 3864 mo-

399 3909 484 3964 dis
511 3909 712 3978 scripta
741 3908 1047 3963 ediderunt.
1084 3905 1141 3959 ln
1175 3905 1357 3975 aliqua
1396 3911 1578 3957 autem
1614 3901 1976 3972 epistolarum

400 4016 627 4057 suarum
655 4000 771 4055 haec
797 4000 1212 4070 conscripsere:
1396 3998 1403 4003 ’

478 4279 497 4311 σ
528 4258 637 4314 Nos
686 4275 865 4331 neque
916 4262 1029 4315 Arii
1064 4270 1359 4317 sectatores
1403 4262 1643 4321 fuimus.
1702 4261 1979 4331 quomodo

403 4352 549 4406 enim
600 4352 841 4422 episcopi
896 4353 1268 4424 presbyterum
1336 4352 1737 4425 sequeremur?
1804 4367 1980 4422 neque

2136 2430 2228 2485 22.
2259 2429 2411 2501 Αὕτη
2438 2429 2547 2482 τῶν
2571 2430 2803 2484 συνόδων
2845 2429 3024 2484 αὐτῶν
3054 2431 3087 2501 ἡ
3130 2431 3271 2503 ἀρχὴ
3322 2431 3566 2501 γέγονεν,
3598 2434 3656 2487 ἐν

2068 2517 2224 2597 ᾖκαὶ
2271 2519 2369 2591 τὴν
2424 2519 2742 2592 προαίρεσιν
2793 2519 3002 2574 ἑαυτῶν
3054 2521 3262 2591 ταχέως
3311 2521 3655 2592 ἐξήγγειλαν,

2070 2616 2165 2683 κα).
2190 2615 2292 2667 οὐκ
2312 2612 2656 2684 ἠδυνήθησαν
2687 2613 2913 2684 κρύψαι.
2962 2613 3257 2685 Είρηκότες
3319 2614 3427 2684 γὰρ
3468 2616 3657 2686 ἐξηλᾶ-

2074 2705 2196 2759 σθαι
2237 2703 2349 2773 (65)
2378 2702 2552 2757 πάντα
2582 2702 2793 2773 φθόνον,
2816 2703 2910 2756 καὶ
2941 2702 3077 2774 μετὰ
3101 2703 3159 2757 τὸ
3189 2703 3528 2776 ἐξορισθῆναι
3561 2704 3655 2759 τὸν

2076 2796 2373 2849 ἐπίσκοπον
2397 2795 2496 2867 τῆς
2532 2792 2934 2867 Ἀλεξανδρείας
2979 2794 3316 2859 Ἀθανάσιον,
3352 2798 3655 2868 γράφοντες

2078 2887 2188 2942 δεῖν
2230 2887 2484 2958 δεχθῆναι
2515 2888 2731 2958 Ἀρειον
2772 2888 2865 2941 καὶ
2899 2887 3028 2951 τοὺς
3086 2889 3184 2941 σὺν
3210 2889 3388 2962 αὐτῷ,
3422 2889 3651 2957 ἔδειξαν.

2078 2980 2159 3033 ὅτι
2188 2978 2274 3031 διὰ
2317 2977 2474 3031 τοῦτο
2524 2976 2671 3049 αὐτῷ
2714 2994 2773 3030 τε
2800 2977 2878 3050 τῷ
2928 2977 3035 3049 (64)
3078 2978 3377 3051 Ἀθανασίῳ
3427 2982 3656 3036 ἐπεϐού-

2079 3070 2255 3136 λευον,
2296 3070 2391 3123 καὶ
2418 3071 2529 3131 τοῖς
2556 3068 2736 3133 ἄλλοις
2764 3071 2928 3123 πᾶσιν
2968 3070 3289 3135 ἐπισκόποις
3309 3074 3422 3135 τοῖς
3443 3073 3654 3127 ἀντιλέ-

2077 3174 2264 3226 γουσιν
2324 3158 2507 3220 αὐτοῖς
2549 3156 2964 3222 ἐπεϐούλευσαν,
3019 3159 3161 3231 ὑπὲρ
3213 3160 3307 3213 τοῦ
3369 3163 3496 3226 τοὺς
3524 3165 3654 3235 περ)⁵

2082 3246 2297 3317 Ἀρειον
2326 3242 2598 3310 δέξασθαι,
2630 3246 2725 3299 καὶ
2775 3246 2873 3318 τὴν
2902 3248 3111 3319 αἵρεσιν
3149 3251 3229 3313 είς
3280 3250 3377 3322 τὴν
3436 3253 3656 3326 Ἐκκλη-

2081 3338 2199 3392 σίαν
2223 3339 2554 3407 εἰσαγαγεῖν·
2579 3338 2673 3391 καὶ
2728 3340 2776 3392 εί
2815 3341 2908 3393 καὶ
2940 3342 3118 3395 πᾶσαν
3159 3342 3269 3416 (65)
3298 3346 3396 3415 τὴν
3446 3347 3653 3418 Ἀρείου

2079 3434 2498 3507 κακοφροσύνην
2537 3435 2807 3507 ἐπῄνεσαν
2830 3438 2887 3489 ἐν
2910 3436 3101 3510 ταύτῃ,
3134 3439 3229 3492 καὶ
3259 3440 3340 3503 εἰς
3368 3442 3654 3497 κοινωνίαν

2080 3526 2417 3599 προσέταξαν
2449 3528 2642 3591 αὐτοὺς
2688 3527 2963 3598 δεχθῆναι,
2998 3529 3151 3583 αὐτοὶ
3180 3531 3446 3604 πρότερον
3496 3532 3654 3588 τοῦτο

2080 3620 2425 3690 ποιήσαντεςο
2453 3621 2601 3687 ὅμως
2628 3619 2918 3692 ἡγούμενοι
2940 3620 3147 3675 λείπειν
3180 3622 3363 3688 αύτοῖς
3392 3622 3492 3690 ἔτι,
3516 3625 3653 3697 πρὸς

2079 3710 2107 3763 ὃ
2157 3710 2467 3781 βούλονται,
2522 3711 2907 3784 συγκρατοῦσιν
2960 3713 3018 3769 ὲν
3086 3713 3383 3785 Ἀντιοχείᾳ
3438 3716 3651 3772 σύνοδον

2082 3802 2349 3871 προφάσει
2377 3801 2485 3856 τῶν
2526 3803 2830 3875 λεγομένων
2862 3803 3198 3873 Ἐγκαινίων⁸
3232 3808 3324 3860 καὶ
3353 3807 3538 3880 ἐπειδὴ
3566 3809 3653 3862 ἀεὶ

2082 3893 2185 3947 ὑπὸ
2209 3895 2428 3949 πάντων
2470 3894 2867 3967 κατηγοροῦντο
2906 3897 3033 3968 περὶ
3081 3898 3179 3969 τῆς
3214 3899 3496 3970 αἱρέσεως,
3524 3902 3652 3974 γράρ

2080 4003 2239 4056 φουσι
2264 3985 2553 4057 διαφόρως,
2596 3988 2665 4041 τά
2712 3987 2810 4058 μὲν
2839 3985 3031 4051 οὓτως,
3062 3987 3131 4041 τὰ
3161 3988 3217 4041 δὲ
3251 3990 3491 4055 ἐκείνως.
3542 3994 3652 4048 Καὶ

2079 4079 2148 4132 τὰ
2177 4079 2273 4150 μὲν
2325 4081 2383 4133 ἐν
2414 4081 2512 4151 μιᾷ
2539 4080 2790 4152 ἐπιστολῇ
2839 4082 3118 4153 γραφέντα
3165 4086 3294 4155 παρ’
3322 4085 3503 4140 αὐτῶν
3537 4088 3650 4140 ἐστι

2079 4188 2251 4225 ταυτα
2269 4188 2283 4202 ¹

2154 4263 2262 4333 (66)
2286 4283 2305 4316 ι
2339 4263 2529 4335 Ἡμεῖς
2566 4263 2675 4335 (67)
2709 4264 2832 4319 οὔτε
2863 4267 3144 4322 ἀκόλουθοι
3184 4269 3392 4341 Ἀρείου
3437 4272 3653 4341 γεγόνα-

2084 4373 2201 4426 μεν·
2230 4354 2345 4419 πῶς
2366 4355 2472 4428 γάρ
2501 4356 2782 4411 ἐπίσκοποι
2811 4358 2963 4423 ὄντες
2989 4359 3384 4433 ἀκολουθοῦμεν
3415 4364 3650 4435 πρεσϐυ-

403 4442 565 4496 aliam
595 4443 782 4509 (idem,
814 4451 1006 4513 praeter
1036 4458 1157 4499 eam
1191 4460 1313 4515 qua:
1342 4446 1412 4500 ab
1444 4445 1600 4499 initio
1629 4443 1826 4499 tradita
1871 4452 1971 4510 est,

2081 4450 2255 4519 τέρῳ;
2282 4447 2402 4501 οὔτε
2432 4448 2597 4520 ἄλλην
2629 4449 2751 4503 τινὰ
2804 4449 2988 4505 πίστιν
3038 4452 3190 4523 παρὰ
3240 4454 3338 4526 τὴν
3386 4455 3445 4521 ἐξ
3475 4457 3648 4528 ἀρχῆς

404 4534 728 4603 recepimus.
753 4532 1013 4600 Quinimo
1034 4551 1133 4591 nos
1155 4535 1276 4605 ejus
1297 4536 1401 4590 (ide
1426 4536 1757 4601 examinata,
1788 4535 1975 4605 explo-

403 4636 652 4697 rataque,
670 4642 794 4682 eum
811 4627 993 4697 potius
1009 4627 1350 4692 admisimus,
1373 4643 1537 4698 quam
1560 4629 1733 4684 secuti
1751 4642 1974 4682 sumus:

477 4808 588 4877 (58)
623 4806 745 4860 Τῶν
757 4807 991 4876 ἀνδρῶν
1005 4807 1374 4876 όρθοδοξίαν.
1396 4807 1449 4863 In
1470 4809 1583 4865 haec
1605 4810 1766 4862 verba
1783 4808 1979 4863 desinit

404 4880 737 5001 Atinjulasius
777 4892 946 4948 supra
992 4893 1115 4949 pag.
1157 4879 1296 4943 157,
1346 4880 1436 4934 ubi
1484 4895 1592 4935 non
1629 4890 1715 4935 est
1763 4880 1975 4949 integra

404 4964 520 5001 eois
548 4964 579 5000 ο
604 4963 654 5001 a.

404 4959 654 5003 εοιςιοιο.

438 4965 735 5089 ρὶἓὲῗέἰο.
765 5015 894 5087 Reg.
922 5025 978 5071 et
1008 5017 1172 5074 Basil.
1206 5017 1348 5074 Editi
1375 5035 1504 5074 vero
1531 5018 1629 5089 τῆς
1659 5017 1939 5089 ίσοτύπης.

475 5088 585 5168 (6))
614 5087 769 5171 Κεὶς...
797 5090 893 5142 καὶ
921 5089 1051 5209 Eph
1074 5089 1169 5142 καὶ
1199 5090 1399 5172 αὐτοῖς.
1435 5089 1555 5143 Mox
1589 5087 1791 5159 Regius
1816 5087 1976 5157 quem

475 5174 684 5209 utttmur
713 5159 930 5209 απολαυ.
972 5175 1173 5209 ανουσι.
1206 5159 1367 5209 Editi.
1394 5159 1836 5209 ἀπολαμϐάνωσι.

403 5160 684 5232 sequimur
713 5158 1173 5232 dnolapédvouat.
1206 5159 1367 5225 Editi,
1394 5158 1836 5232 ἁπολαμὸάνωσι.

475 5228 588 5300 (61)
622 5227 777 5300 Βθςη
808 5227 1096 5300 διιστήκει.

476 5297 588 5371 (62)
619 5298 750 5353 Post
788 5301 902 5371 haec
932 5297 985 5352 in
1014 5301 1143 5371 edit.
1182 5297 1355 5371 Paris.
1384 5300 1628 5371 sequitur
1649 5297 1818 5371 ταῦτα
1851 5298 1978 5371 σύν-

404 5368 723 5439 οδος,⁷ηιιπ
781 5370 941 5423 verba
995 5368 1195 5424 desunt
1242 5370 1295 5423 in
1342 5368 1477 5425 edit.
1522 5369 1783 5423 Commel.
1832 5377 1885 5422 et
1923 5370 1977 5422 in

405 5440 661 5558 (Ignibus
705 5439 1113 5509 manuscriptis.
1155 5439 1279 5495 Mox
1323 5442 1357 5512 ἡ
1400 5448 1526 5496 ante
1554 5440 1694 5510 ἀρχή
1728 5439 1879 5494 deest
1925 5440 1976 5493 in

488 5525 540 5558 2.

453 5523 540 5562 02.

478 5525 589 5649 ἷξε)
617 5578 773 5649 ιιρεη
807 5577 1124 5649 ἐξηλάσθαι.

478 5646 588 5721 (iiii
616 5647 688 5721 ita
710 5646 848 5718 'lteg.
877 5646 929 5700 in
955 5649 1115 5721 editis
1135 5651 1214 5721 τῷ
1237 5649 1410 5705 deest.

479 5717 593 5776 (tib)
627 5716 755 5783 Reg.
789 5716 1028 5773 secunda
1056 5716 1220 5776 manu
1249 5722 1343 5774 καὶ
1375 5724 1454 5784 είς
1486 5721 1682 5783 πάσας.

2080 4538 2473 4611 παραδοθεῖσαν
2504 4538 2612 4612 (68)
2644 4540 2960 4613 ἐδεξάμεθα.
3006 4543 3161 4598 Ἀλλά
3207 4545 3303 4599 καὶ
3354 4547 3508 4600 αὐτοὶ
3564 4547 3647 4612 ἐξ·

2079 4632 2301 4685 εταστα“ι
2322 4632 2416 4686 καὶ
2436 4631 2760 4703 δοκιμασταὶ
2775 4633 2872 4704 τῆς
2902 4632 3138 4698 πίστεως
3158 4633 3322 4688 αὐτοῦ
3349 4637 3647 4707 γενόμενοι,

2153 4812 2262 4882 (66)
2293 4812 2470 4866 Prima
2500 4812 2619 4882 lidei
2654 4811 2882 4867 formula
2914 4814 3113 4882 scripta
3137 4830 3281 4868 anno
3311 4815 3435 4869 541.

2152 4880 2264 4967 (63)
2297 4882 2509 4967 Ιιιεᾱίι.
2549 4880 2724 4967 Paris:
2757 4883 2989 4967 habetur
3014 4880 3105 4938 llic
3135 4884 3496 4967 titul_tts._:l't3v
3522 4885 3644 4967 περὶ

2079 4953 2335 5006 Εὐσέϐιον
2359 4951 2640 5022 ἐπιστολή,
2676 4953 2745 5006 ab
2779 4954 3077 5008 editoribus
3118 4956 3211 5023 qui
3249 4956 3422 5009 titulis
3464 4951 3644 5009 omnia

2082 5023 2370 5094 inl'erciere
2410 5023 2655 5094 additus;
2676 5024 2730 5075 in
2761 5023 2924 5094 nullis
2947 5023 3089 5076 enim
3122 5025 3404 5080 codicibus
3431 5026 3643 5094 legitur,

2082 5109 2258 5162 neque
2305 5093 2365 5166 in.
2567 5093 2807 5166 Comm.
2832 5092 2955 5147 Haec
3008 5108 3171 5166 porro
3207 5094 3327 5166 lidei
3376 5092 3643 5164 professio

2081 5172 2257 5217 exstat
2286 5162 2422 5231 apud
2454 5163 2730 5216 Socratem
2756 5162 2848 5217 lib.
2881 5178 2937 5225 ιι,
2962 5178 3082 5233 cap.
3108 5163 3206 5230 10;
3231 5162 3453 5233 Niceph.
3478 5166 3571 5219 lib.
3592 5182 3642 5226 κ,

2080 5248 2200 5301 cap.
2235 5234 2378 5301 5,_et
2407 5233 2587 5301 quoad
2614 5234 2936 5286 sententiam
2967 5241 3177 5287 tantum
3203 5235 3345 5301 apud
3373 5234 3640 5288 Tlieodor.

2081 5291 2174 5358 lib.
2209 5291 2439 5375 m,'c_ap:
2466 5304 2518 5355 5.
2550 5301 2693 5356 Infra
2730 5301 3040 5375 Socr-att“
3081 5291 3303 5372 Niccpb.
3348 5304 3641 5375 ἀκολουθή-

2082 5390 2263 5444 σομεν.
2327 5371 2745 5427 Decreveramus
2807 5372 2894 5427 hic
2941 5373 3007 5427 de
3060 5371 3268 5444 synodo
3311 5371 3641 5429 Antiochena

2080 5459 2171 5498 an.
2206 5444 2303 5496 3H
2342 5457 2519 5512 agere.
2556 5440 2659 5496 Sed
2690 5457 2812 5496 cum
2846 5450 3094 5497 notarum
3128 5444 3385 5498 harumce
3413 5443 3642 5498 brevitas

2079 5527 2193 5567 rem
2229 5521 2430 5566 tantam
2475 5528 2667 5581 capere
2707 5520 2969 5581 nequeat,
3015 5514 3081 5566 ad
3123 5516 3287 5567 vitam
3334 5515 3639 5578 Athanasii,

2081 5582 2171 5636 ubi
2211 5597 2297 5635 res
2327 5583 2627 5638 necessarie
2656 5591 3034 5651 pertractatur,
3071 5585 3415 5638 remittimus.

2152 5651 2262 5721 (68)
2284 5650 2439 5706 Socr.
2465 5663 2519 5706 et
2538 5650 2787 5720 Niceph.,
2814 5652 3143 5709 ἑκτεθεῖσαν.
3178 5652 3300 5710 Mox
3330 5653 3488 5709 Socr.
3507 5653 3640 5709 Ἀλλ’

2081 5724 2258 5793 ἡμεῖς,
2286 5721 2505 5793 Μριιριι.
2546 5721 2701 5778 Ἀλλὰ
2729 5721 2827 5776 καὶ
2854 5724 3033 5794 ἡμεῖς.
