3914 6222
297 395 391 450 721

1671 393 1758 448 DE
1799 372 2119 452 svuoms.’

3432 404 3540 461 722

298 508 495 580 μᾶλλον
513 502 674 562 αὑτὸν
730 493 1148 581 προσηκάμεθα,
1201 510 1346 581 ἥπερ
1393 509 1853 581 ἡκολουθήσαμεν·

1964 509 2108 580 quod
2141 523 2206 562 ex
2247 508 2426 564 verbis
2480 508 2684 565 nostris
2731 508 3183 581 cognituri-estis.
3249 514 3334 569 Ab
3382 516 3541 575 initio

293 597 565 670 γνώσεσθε
584 599 640 652 δὲ
665 599 773 652 ἀπὸ
794 600 901 652 τῶν
924 600 1249 672 λεγομένων.
1290 601 1700 671 Μεμαθήκαμεν
1755 602 1862 675 γὰρ

292 687 352 755 ἐξ
412 690 608 762 ἀρχῆς,
655 691 734 755 είς
778 692 872 745 ἕνα
901 693 1033 746 Θεὸν
1099 692 1188 746 τὸν
1247 693 1354 747 τῶν
1398 693 1533 746 ὅλων
1586 694 1719 748 Θεὸν
1775 713 1863 748 πι-

293 780 506 834 στεύειν
540 782 670 852 (69),
701 782 792 836 τὸν
815 785 1030 839 πάντων
1053 787 1257 857 νοητῶν
1281 805 1340 840 τε
1363 789 1454 842 καὶ
1484 789 1754 860 αἰσθητῶν
1777 791 1864 861 δη-

296 874 550 945 μιουργόν
581 891 638 926 τε
661 876 753 928 καὶ
787 879 1106 947 προνοητήν·
1135 880 1226 932 καὶ
1251 882 1329 943 εἰς
1359 881 1450 934 ἕνα
1476 881 1600 934 Υἱὸν
1623 881 1716 935 τοῦ
1729 882 1860 935 Θεοῦ

294 963 575 1042 μονογενῆ,
627 966 733 1036 πρὸ
774 967 987 1020 πάντων
1013 968 1220 1022 αἰώνων
1266 972 1595 1042 ὑπάρχοντα,
1625 973 1717 1027 καὶ
1747 991 1862 1027 συν-

290 1039 417 1104 όνττα
467 1053 546 1123 τῷ
589 1057 937 1128 γεγεννηκότι
997 1061 1157 1113 αὑτὸν
1195 1061 1303 1132 (70)
1349 1039 1544 1136 Πατρὶ,
1591 1065 1657 1118 δι’
1696 1062 1756 1118 οὗ
1794 1066 1862 1119 τὰ

293 1141 468 1196 πάντα
487 1143 722 1211 ἐγένετο,
752 1147 821 1200 τά
866 1164 924 1199 τε
954 1149 1121 1219 ὁρατὰ
1157 1151 1250 1204 καὶ
1276 1152 1344 1206 τὰ
1391 1154 1614 1224 ἀόρατα,
1653 1154 1744 1208 τὸν
1769 1157 1863 1209 καὶ

290 1232 376 1284 ἐπ’
403 1234 651 1304 ἐσχάτων
680 1238 899 1309 ἡμερῶν
929 1243 1048 1293 κατ’
1078 1241 1320 1298 εὐδοκίαν
1347 1243 1440 1297 τοῦ
1494 1246 1705 1318 Πατρὸς
1733 1264 1862 1301 κατ-

290 1324 532 1390 ελθόντα,
578 1329 669 1382 καὶ
723 1330 902 1401 σάρκα
930 1332 994 1386 ὲκ
1025 1333 1123 1404 τῆς
1170 1335 1443 1405 Παρθένου
1499 1338 1611 1407 (7i)
1657 1339 1864 1410 ἀνειλη-

291 1413 444 1480 φότα,
475 1417 568 1470 καὶ
596 1419 775 1472 πᾶσαν
806 1421 904 1492 τὴν
944 1423 1214 1494 πατρικὴν
1249 1424 1412 1478 αὐτοῦ
1437 1425 1687 1497 βούλησιν
1734 1445 1860 1481 συν-

287 1507 790 1579 εκπεπληρωκότα,
853 1515 1198 1579 πεπονθέναι,
1261 1519 1353 1571 καὶ
1397 1519 1711 1592 ὲγηγέρθαι,
1769 1524 1862 1577 καὶ

286 1597 380 1686 εἰς
395 1598 661 1669 οὐρανοὺς
691 1603 1092 1675 ἀνεληλυθέναι,
1121 1609 1214 1662 καὶ
1250 1610 1308 1662 ὲν
1345 1610 1492 1682 δεξιᾷ
1519 1613 1611 1666 τοῦ
1650 1615 1861 1686 Πατρὸς

292 1685 632 1755 καθέζεσθαι,
661 1693 756 1745 καὶ
796 1694 953 1749 πάλιν
986 1697 1096 1766 (72)
1127 1699 1417 1770 ἐρχόμενον
1449 1706 1624 1773 κρῖναι
1655 1685 1868 1771 ζῶντας

290 1777 382 1832 καὶ
433 1783 679 1854 νεκροὺς,
732 1787 824 1839 καὶ
845 1787 1167 1859 διαμένοντα
1206 1792 1428 1862 βασιλέα
1460 1797 1554 1850 καὶ
1600 1797 1733 1850 Θεὸν
1779 1801 1860 1862 εἰς

287 1870 412 1933 τοὺς
448 1873 670 1936 αἰῶνας.
701 1877 1032 1950 Πιστεύομεν
1053 1882 1109 1937 δὲ
1135 1885 1226 1937 καὶ
1253 1887 1329 1949 εἰς,
1356 1887 1418 1940 τὸ
1444 1886 1596 1956 ἅγιον
1613 1890 1855 1962 Πνεῦμα

291 1959 525 2016 εἰδὲδεϊ
553 1966 887 2037 προσθεῖναι,
947 1973 1272 2045 πιστεύομεν
1329 1977 1422 2031 καὶ
1477 1981 1605 2051 περὶ
1661 1959 1859 2052 σαρκὸς

289 2052 633 2123 ἀναστάσεως
662 2062 756 2114 καὶ
781 2061 926 2135 ζωῆς
952 2068 1225 2123 αἰωνίου.»

357 2146 444 2200 25.
488 2150 552 2202 Ἀ
575 2150 632 2203 δὲ
665 2153 758 2205 καὶ
786 2156 842 2207 ὲν
871 2157 1034 2230 ἑτέρα
1090 2161 1343 2236 ἐπιστολῇ
1384 2165 1630 2239 δεύτερον
1663 2171 1721 2224 ἐν
1748 2174 1860 2237 τοῖς

286 2239 468 2304 αύτοίς
500 2243 828 2311 Ἐγκαινίοις
869 2250 1188 2315 ἐκτίθενται,
1247 2260 1600 2327 μεταγνόντες
1637 2264 1736 2334 μὲν
1767 2267 1860 2319 ἐπὶ

287 2333 405 2424 τοῖς.
430 2336 735 2404 προτέροις,
785 2341 1168 2412 ἐπινοήσαντες
1197 2345 1253 2399 δὲ
1284 2351 1569 2424 καινότερα
1618 2333 1738 2410 τινα
1766 2362 1861 2414 κα)⁸

287 2420 525 2488 πλείονα,
558 2425 671 2479 ἔστι
703 2429 893 2483 ταῦτα’

359 2535 378 2568 ι
403 2516 737 2614 Πιστεύομεν
761 2522 969 2598 (75-74)
995 2527 1297 2596 ἀκολούθως
1324 2535 1389 2606 τῇ
1421 2535 1746 2614 εὐαγγελικῇ
1765 2545 1858 2598 καὶ

285 2605 611 2682 ἀποστολικῇ
636 2615 929 2683 παραδόσει
973 2621 1053 2683 εἰς
1101 2620 1196 2675 ἕνα
1227 2623 1360 2678 Θεὸν
1414 2605 1630 2702 Πατέρα
1664 2605 1858 2687 παντο-

287 2698 548 2797 κρατορα,
577 2701 668 2797 τὸν
691 2703 800 2797 τῷν
854 2706 990 2761 ὅλων
1037 2710 1368 2797 δημιουργόν
1397 2735 1453 2771 τε
1505 2698 1596 2774 καὶ
1630 2725 1859 2797 ποιητὴν

284 2789 376 2841 καὶ
402 2793 706 2863 προνοητὴν
728 2795 860 2866 (.75),
902 2799 959 2864 ἐξ
988 2795 1048 2855 οὗ
1079 2802 1150 2856 τὰ
1181 2804 1378 2860 πάντα·
1415 2810 1508 2862 κα)⁸
1536 2813 1616 2875 εἰς
1637 2789 1858 2869 ἕνα

290 2895 401 2980 ριον
437 2883 646 2980 ’ἰησούν
667 2887 921 2980 Χριστὸν,
949 2892 1040 2946 τὸν
1080 2895 1208 2950 Υίὸν
1241 2899 1424 2965 αὑτοῦ,
1455 2903 1546 2956 τὸν
1596 2911 1857 2980 μονογενῆ

285 2968 436 3070 Θεὸν,
471 2970 628 3070 διξξοῦ
686 2977 754 3031 τὰ
807 2981 1019 3048 πάντα,
1063 2985 1154 3040 τὸν
1216 2991 1545 3062 γεννηθέντα
1594 2968 1699 3070 πρὸ
1737 2968 1860 3056 ’τῶν

280 3062 493 3160 αἰώνων
515 3067 629 3137 (76)
657 3071 721 3124 ἐκ
755 3071 848 3141 τοῦ
879 3075 1106 3148 Πατρὸς,
1137 3079 1268 3136 Θεὸν
1327 3084 1391 3139 ἐκ
1444 3087 1598 3155 Θεοῦ,
1637 3062 1771 3147 ’ὅλον
1799 3094 1857 3160 ἐξ

281 3155 424 3253 δλου,
455 3160 614 3253 μόνον
641 3164 703 3217 ἐκ
728 3165 908 3234 μόνου,
947 3171 1150 3224 τέλειον
1190 3175 1252 3228 ὲκ
1277 3176 1500 3245 τελείου,
1538 3181 1760 3253 βασιλέα
1793 3155 1858 3242 ἐκ
1885 3192 1925 3249 C

285 3245 572 3348 βασιλέωςί
627 3256 830 3328 Κύριον
866 3261 972 3316 ἀπὸ
1017 3267 1221 3338 Κυρίου
1250 3270 1381 3342 (77),
1436 3245 1610 3345 Αόέον
1655 3277 1858 3348 ζῶντα,

283 3341 472 3408 σοφίαν
499 3342 695 3437 ζῶσαν,
732 3351 846 3417 φῶς
867 3352 1137 3424 ἀληθινὸν,
1159 3361 1295 3428 ὁδὸν,
1325 3341 1600 3437 ἀλήθειαν,
1627 3341 1864 3426 (Ξινάσταζ

285 3445 387 3524 σιν,
414 3435 676 3524 ποιμένα,
708 3437 897 3512 θύραν,
932 3445 1198 3515 ἄτρεπτόν
1246 3469 1306 3505 τε
1340 3435 1433 3509 καί.
1479 3460 1851 3516 ἀναλλοίωτον·

278 3516 380 3585 τῆς
410 3516 663 3590 θεότητος
686 3524 821 3595 (78),
857 3529 1045 3594 οὐσίας
1097 3551 1156 3586 τε
1187 3536 1280 3589 καὶ
1325 3537 1516 3610 βουλῆς
1557 3545 1650 3598 καὶ
1697 3546 1856 3602 δυνά-

283 3622 448 3704 μεως,
475 3610 567 3662 καὶ
590 3611 750 3704 δόξης
775 3617 866 3670 τοῦ
911 3621 1123 3692 Πατρὺς
1177 3625 1590 3698 ἀπαράλλακτον
1646 3636 1851 3704 εἰκόνα,

278 3697 370 3750 τὸν
416 3703 758 3772 πρωτότοκον
815 3710 993 3783 πάσης
1045 3715 1274 3780 κτίσεως
1302 3697 1444 3790 (79),
1494 3723 1584 3778 τὸν
1639 3726 1765 3781 ὄντα
1795 3697 1853 3783 ἐν

279 3790 438 3888 αρχῇ-
618 3797 708 3850 τὸν
735 3798 886 3865 Θεὸν,
944 3805 1116 3874 Λόγον
1145 3809 1276 3862 Θεὸν
1302 3813 1442 3866 κατὰ
1483 3815 1543 3867 τὸ
1569 3819 1853 3888 εἰρημένον

365 3883 448 3952 τῷ
475 3886 808 3961 Εὑαγγελίῳο
875 3914 893 3945 ι
931 3897 1038 3951 Καὶ
1067 3898 1198 3960 Θεὸς
1225 3897 1294 3972 ἦν
1338 3905 1366 3956 ὁ
1403 3905 1593 3974 Λόγοςο
1621 3882 1648 3960 ἰ
1790 3906 1850 3966 οὗ

273 3973 552 4074 τὰπάντα
580 3980 812 4074 ἐγένετο,
838 3988 931 4040 καὶ
966 3991 1023 4042 ὲν
1050 3984 1094 4059 ᾧ
1131 3993 1198 4046 τὰ
1227 3995 1400 4050 πάντα
1429 4001 1740 4074 συνέστηκε*
1759 4005 1850 4058 τὸν

273 4061 364 4115 ἐπ’
402 4065 647 4136 ἐσχάτων
698 4071 806 4126 τῶν
855 4076 1075 4150 ἡμερῶν
1126 4083 1448 4140 κατελθόντα
1476 4061 1700 4156 ἄνωθεν,
1755 4095 1851 4150 καὶ

274 4157 603 4250 γεννηθέντα
630 4162 694 4216 ἐκ
723 4165 999 4236 Παρθένου
1033 4173 1172 4227 κατὰ
1203 4174 1301 4240 τὰς
1331 4177 1571 4250 Γραφὰς,
1615 4184 1708 4237 καὶ
1755 4186 1849 4240 ἄν-

272 4245 501 4346 θρωπον
522 4253 809 4346 γενόμενον
837 4259 968 4330 (80)·
991 4264 1214 4337 μεσίτην
1243 4245 1492 4325 Θεοῦ-καὶ
1523 4273 1842 4346 ἀνθρώπων,

273 4337 576 4434 α”πόστολόν
596 4361 654 4396 τε
680 4345 780 4416 τῆς
808 4348 1042 4414 πίστεως
1088 4353 1262 4424 ήμῶν,
1313 4359 1406 4411 καὶ
1460 4337 1704 4432 ἀρχηγὸν
1745 4337 1844 4434 τῆς

270 4430 442 4526 ζωῆς,
469 4433 545 4498 ὥς
573 4452 755 4508 φησιν,
789 4441 868 4494 ὅτι
905 4462 922 4493 ι
959 4445 1323 4520 Καταὸέσηκα
1356 4453 1419 4504 ὲκ
1446 4430 1539 4506 τοῦ
1589 4430 1840 4526 οὐρανού,

265 4523 370 4594 οὐχ
408 4525 494 4577 ἶνα
525 4528 663 4581 ποιῶ
689 4530 751 4583 τὸ
777 4531 989 4604 θέλημα
1018 4536 1077 4589 τὸ
1107 4539 1258 4610 ἐμὸν,
1279 4541 1414 4596 ἀλλὰ
1432 4543 1492 4596 τὸ
1520 4523 1731 4617 θέλημα
1753 4547 1849 4602 τοῦ

338 4687 362 4718 ⁸
388 4683 551 4740 Joan.
586 4703 626 4753 ι,
661 4688 710 4743 ἰ.
789 4693 809 4723 ⁸
834 4693 992 4752 Joan.
1026 4715 1098 4762 τι,
1135 4699 1222 4754 58.

338 4825 460 4896 (69)
494 4823 671 4888 Socr.,
703 4829 782 4893 εἰς
809 4829 904 4884 ἕνα
942 4831 1032 4884 τὸν
1061 4830 1170 4885 τῶν
1210 4831 1345 4886 ὅλων
1382 4833 1514 4886 Θεὸν
1545 4832 1834 4886 πιστεύειν.
1871 4831 1916 4887 D

262 4896 523 4963 Niceph..
555 4899 635 4959 εἰς
663 4899 756 4952 ἕνα
785 4901 918 4954 Θεὸν
948 4902 1039 4954 τὸν
1067 4902 1175 4955 τῶν
1208 4903 1342 4956 ὅλων
1376 4903 1666 4956 πιστεύειν.

336 4967 460 5041 (70)
492 4965 826 5041 Nicephorys
853 4971 1036 5025 αὑτοῦ.
1072 4971 1269 5026 Ibidem
1298 4972 1530 5041 Regius,
1568 4973 1840 5036 Socrates,

259 5035 588 5105 Nicephor.,
627 5037 693 5090 δι’
719 5034 779 5094 οὗ
811 5043 904 5094 κα)⁴
947 5043 1033 5096 τά.
1070 5043 1128 5095 In
1174 5044 1332 5098 editis
1372 5034 1462 5095 καί
1514 5034 1681 5098 deest.
1719 5034 1842 5096 Μοκ

256 5105 497 5230 ἐρξίης,
534 5105 765 5172 Socrat.,
787 5108 1031 5181 Niceph.,
1066 5112 1174 5164 τῶν
1207 5113 1300 5166 καὶ
1333 5111 1438 5166 ἐπ’.
1474 5113 1528 5167 In
1554 5115 1715 5169 editis
1750 5114 1844 5166 τὸν

380 5195 427 5228 π
449 5217 461 5228 .
615 5191 621 5198 ’

380 5191 461 5228 π’.
615 5191 621 5198 ’

333 5246 458 5322 (7-1)
492 5245 707 5322 Socrat.
739 5258 793 5304 et
830 5248 1075 5322 Niceph.,
1109 5255 1171 5306 ὲκ
1219 5253 1318 5322 τῆς
1353 5253 1511 5321 ἁγίας
1540 5253 1840 5322 Παρθένου.

333 5271 458 5317 (11)
493 5271 707 5302 auertit.
739 5271 793 5304 ει
830 5271 1075 5317 ινιςεριιη
1109 5271 1171 5306 εκ
1219 5271 1318 5322 της
1353 5271 1511 5321 αγιας
1543 5271 1622 5305 ua
1664 5271 1752 5306 υεν

257 5315 449 5394 Patrio
471 5327 594 5394 piis}
618 5319 828 5394 Socrat.
863 5331 914 5394 et
941 5319 1190 5394 Niceph.,
1214 5323 1502 5394 τὴν-αὑτοῦ
1539 5271 1752 5394 βουλὴν.

359 5387 456 5456 72)
488 5387 654 5442 Πάλιν
700 5393 852 5463 deest
903 5391 956 5443 in
985 5387 1163 5463 Socr.
1210 5387 1615 5463 et'Niccph.'ln
1651 5387 1844 5448 iisdem

256 5458 434 5531 infl‘jL
452 5468 573 5531 p_0_st
590 5459 946 5531 πιστεύομεν,
974 5461 1030 5514 δέ
1065 5464 1232 5516 deest.

333 5526 556 5598 (75-74)
585 5526 842 5602 δορυιιιίιί
862 5533 983 5602 tidei
1017 5531 1248 5584 formula
1273 5532 1470 5602 scripta
1527 5547 1670 5595 anno
1717 5532 1840 5587 3M.

252 5597 464 5671 ExStat
487 5601 628 5671 apud
660 5600 817 5671 Socr.
839 5601 930 5671 lib.
961 5616 1021 5662 tt,
1055 5616 1170 5670 cap.
1201 5602 1288 5666 10,
1324 5597 1546 5671 ειέριιιί
1582 5602 1844 5657 Hilarium

257 5669 335 5723 De
361 5669 590 5739 synodi:
617 5685 740 5737 pag.
780 5669 936 5739 “68,
954 5686 1115 5739 quam
1143 5681 1276 5726 teste
1307 5669 1608 5726 Sozomeno
1631 5674 1719 5728 lib.
1761 5688 1842 5737 ιιι,

251 5736 412 5812 βαρ(
439 5736 495 5812 62
539 5736 757 5812 aiebant
803 5736 987 5812 Ariani
1020 5756 1078 5795 se
1106 5743 1367 5811 reperisse
1395 5746 1650 5812 scriptam
1682 5736 1844 5798 manu

254 5807 442 5879 ipsius
472 5807 705 5865 Luciani
738 5809 1010 5878 martyris.

1964 615 2200 669 namque
2232 601 2541 664 didicimus,
2576 602 2629 655 in
2663 617 2833 655 unum
2864 610 2919 657 et
2951 603 3334 662 universorum
3363 607 3534 668 Deum

1963 687 2205 751 credere,
2235 689 2478 742 omnium
2509 689 2928 761 intelligibilium
2956 699 3009 745 et
3041 693 3384 752 sensibilium
3411 700 3534 771 opi-

1965 781 2118 835 ﬁcem
2154 790 2205 835 et
2233 783 2587 851 provisorem.
2620 780 2685 836 Et
2717 783 2770 836 in
2813 798 2985 838 unum
3015 783 3214 839 Filium
3262 785 3356 842 Dei
3407 791 3534 846 uni-

1964 871 2225 942 genitum,
2251 873 2343 942 qui
2373 881 2496 927 ante
2525 875 2708 928 omnia
2741 875 2938 929 saecula
2965 875 3196 940 exsistit,
3225 887 3278 932 et
3310 895 3538 936 una-ex-

1964 971 2072 1016 stat
2101 978 2223 1016 cum
2263 978 2328 1018 eo
2362 963 2454 1032 qui
2498 979 2556 1017 se
2586 963 2953 1032 genuitPatre
2981 981 3122 1036 ,ρει
3167 983 3328 1037 quem
3367 971 3533 1026 etiam

1963 1053 2144 1106 omnia
2179 1053 2315 1108 facta
2349 1062 2498 1118 sunt,
2525 1054 2758 1109 \‘isibilia
2781 1065 2833 1110 et.
2859 1056 3149 1112 invisibilia
3177 1075 3192 1124 ;
3217 1059 3310 1128 qui
3343 1063 3544 1118 novis-.

1964 1141 2117 1196 simis
2149 1141 2358 1207 diebus,
2391 1145 2686 1198 secundum
2717 1143 2891 1200 Patris
2919 1150 3272 1215 voluntatem,
3299 1150 3528 1206 descen-

1961 1232 2060 1296 dit,
2088 1242 2142 1287 et
2170 1248 2388 1288 carnem
2419 1250 2482 1289 ex
2506 1233 2728 1306 Virgine
2759 1239 3057 1308 assumpsit
3081 1255 3095 1303 ;
3118 1239 3212 1309 qui
3241 1252 3561 1312 postquam»

1961 1333 2242 1394 paternam
2292 1325 2412 1395 ejus
2456 1327 2792 1383 voluntatem
2837 1330 3281 1401 adimplevisset,
3330 1349 3533 1400 passus

1961 1425 2064 1480 est,
2097 1425 2150 1470 et
2183 1419 2512 1482 resurrexit,
2542 1419 2595 1472 in
2633 1421 2801 1476 caelos
2835 1423 3111 1488 ascendit,
3142 1435 3196 1478 et
3221 1425 3274 1480 in
3308 1425 3545 1482 dextera-

1960 1506 2140 1564 Patris
2162 1511 2314 1564 sedet
2339 1527 2353 1573 ;
2381 1521 2436 1565 et
2457 1527 2676 1567 rursum
2705 1522 2968 1570 venturus
2996 1525 3079 1570 est
3099 1516 3345 1585 judicare
3375 1521 3545 1574 vivos.

1959 1610 2016 1654 et
2061 1611 2310 1655 mortuos
2335 1639 2351 1665 ,
2387 1610 2442 1656 et
2471 1612 2752 1672 permanet
2789 1621 2888 1660 rex
2935 1615 2988 1661 et
3036 1606 3176 1663 Deus
3212 1608 3266 1663 in
3307 1612 3526 1666 saecula.
3619 1644 3626 1652 -

1959 1689 2245 1748 Credimus
2287 1709 2504 1764 quoque
2531 1695 2585 1750 in
2617 1694 2878 1766 Spiritum
2917 1707 3189 1756 sanctum.
3251 1701 3318 1756 Et
3345 1703 3391 1758 si
3426 1703 3528 1759 hoc

1960 1783 2156 1839 addere
2193 1794 2443 1855 oporteat
2472 1802 2487 1840 :
2521 1788 2797 1846 credimus
2851 1791 3032 1848 carnis
3058 1795 3540 1852 resurrectionem.

1897 1854 1937 1908 Β
1961 1883 2021 1930 et.
2043 1875 2206 1932 vitam
2232 1854 2512 1934 aeternam.
2556 1897 2592 1932 ι.

2029 2166 2117 2222 23.
2154 2169 2462 2238 lterumque
2498 2167 2551 2223 in
2579 2169 2684 2224 alia
2717 2169 2944 2240 epistola
2989 2169 3302 2225 earumdem
3342 2169 3531 2225 Encac-

1961 2274 2176 2316 ntorum
2205 2269 2449 2332 tempore
2475 2303 2489 2328 ,
2521 2277 2642 2318 cum
2669 2263 2911 2333 priorum
2945 2262 3228 2333 paeniteret
3252 2304 3267 2330 ,
3302 2278 3366 2318 ac
3391 2279 3527 2318 nova

1961 2356 2204 2426 quaedam
2232 2363 2286 2410 et
2312 2356 2467 2428 plura
2494 2358 2896 2428 excogitassent
2914 2401 2929 2423 ,
2963 2359 3078 2414 haec
3108 2357 3322 2413 edidere
3352 2377 3367 2412 :

2035 2532 2373 2589 «Credimus
2421 2533 2578 2605 juxta
2639 2536 3004 2606 evangelicam
3062 2544 3116 2589 et
3173 2536 3526 2605 apostolicam

1960 2623 2304 2678 traditionem
2343 2625 2396 2678 in
2423 2641 2595 2679 unum
2623 2623 2792 2680 Deum
2827 2624 3042 2679 Patrem
3070 2625 3525 2695 omnipotentem:

1961 2715 2202 2769 omnium
2239 2731 2422 2769 rerum
2451 2716 2788 2771 conditorem
2828 2725 2881 2770 et
2909 2716 3156 2785 opificem
3197 2725 3250 2770 et
3283 2717 3530 2784 proviso-

1963 2821 2109 2872 rem;
2143 2822 2240 2876 per
2278 2822 2438 2876 quem
2473 2807 2677 2861 omnia.
2734 2806 2799 2860 Et
2829 2808 2882 2861 in
2917 2823 3085 2861 unum
3118 2806 3405 2861 Dominum
3439 2806 3527 2862 Je-

1959 2913 2080 2953 sum
2113 2898 2390 2953 Christum
2413 2897 2609 2952 Filium
2645 2899 2786 2968 ejus,
2823 2899 3157 2970 unigenitum
3189 2899 3357 2953 Deum
3385 2939 3401 2963 ,
3433 2915 3528 2969 per

1959 3002 2116 3055 quem
2143 2988 2324 3041 omnia
2351 3004 2365 3050 ;
2393 2987 2633 3058 genitum
2667 2987 2832 3058 588
2865 3003 2930 3042 ex
2959 2987 3120 3042 Patre
3150 2997 3274 3042 ante
3305 2989 3524 3054 simula,

1960 3073 2128 3130 Deum
2157 3091 2221 3130 ex
2247 3075 2386 3140 Deo,
2417 3084 2589 3130 totum
2631 3091 2696 3130 ex
2739 3084 2853 3130 toto
2872 3115 2888 3139 ,
2915 3077 3088 3131 solum
3113 3093 3180 3131 ex
3213 3077 3330 3132 solo
3354 3118 3367 3141 ,
3404 3094 3528 3146 per-

1960 3167 2160 3223 fectum
2185 3184 2250 3223 ex
2285 3167 2521 3237 perfecto
2541 3208 2556 3231 ,
2587 3185 2766 3240 regem
2813 3185 2879 3223 ex
2909 3185 3033 3240 rege
3057 3211 3071 3234 ,
3130 3169 3416 3224 Dominum
3459 3185 3526 3223 ex

1959 3259 2190 3314 Domino
2212 3302 2226 3328 ,
2257 3259 2490 3316 Verbum
2521 3261 2728 3326 vivens,
2759 3262 3080 3332 sapientiam
3112 3263 3403 3328 viventem,
3435 3278 3527 3317 ve-

1955 3367 2072 3405 ram
2101 3352 2297 3416 lucem,
2327 3352 2468 3406 viam
2488 3394 2503 3419 ,
2530 3353 2845 3420 veritatem,
2903 3352 3393 3419 resurrectionem,
3422 3368 3523 3422 pa-

1958 3454 2179 3507 storem,
2211 3453 2445 3515 portam,
2471 3461 2569 3501 nec
2597 3445 2885 3500 mutationi
2916 3460 3017 3499 nec
3040 3444 3384 3500 conversioni
3423 3443 3533 3496 obs

1956 3534 2177 3588 noxium
2209 3576 2221 3597 ,
2254 3543 2491 3604 paterna:
2520 3535 2817 3590 divinitatis
2843 3577 2857 3600 ,
2895 3536 3210 3591 substantiae
3235 3577 3250 3602 ,
3285 3535 3522 3598 consilii,

1955 3626 2239 3694 potestatis
2265 3634 2319 3680 et
2349 3625 2534 3697 gloria:
2575 3626 2628 3679 in
2660 3626 2810 3680 nullo
2844 3624 3164 3680 dissimilem
3204 3625 3520 3696 imaginem,

1953 3716 2368 3785 primogenitum
2403 3715 2582 3770 omnis
2627 3724 2888 3770 creaturae
2917 3733 2932 3780 ;
2961 3717 3052 3786 qui
3085 3725 3201 3770 erat
3234 3717 3286 3770 in
3318 3715 3523 3785 princi-

1951 3807 2044 3877 pio
2071 3807 2210 3875 apud
2235 3805 2399 3860 Deum
2429 3825 2444 3872 ;
2473 3805 2642 3860 Deum
2667 3805 2904 3862 Verbum
2927 3847 2942 3871 ,
2978 3818 3038 3860 ut
3065 3807 3324 3876 scriptum
3355 3814 3437 3861 est
3465 3807 3524 3860 in-

1953 3897 2243 3968 Evangelio
2265 3900 2285 3930 ⁸
2308 3915 2321 3952 :
2349 3916 2368 3949 ι
2389 3898 2453 3952 Ει
2470 3896 2612 3953 Deus
2635 3907 2752 3954 erat
2769 3897 3002 3953 Verbum
3025 3917 3039 3965 ;
3067 3918 3084 3951 ι
3112 3913 3374 3968 perquem
3401 3911 3521 3951 om-

1951 3991 2041 4046 nia
2087 3990 2228 4046 facta
2263 4001 2428 4060 sunt,
2489 4001 2543 4047 et
2590 3992 2647 4046 in
2680 4006 2790 4062 quo
2830 3991 3011 4046 omnia
3045 3991 3353 4047 consistunt
3381 4007 3398 4057 ;
3425 3988 3520 4058 qui

1949 4084 2263 4140 novissimis
2293 4084 2483 4140 diebus
2513 4083 2795 4139 descendit
2827 4083 3060 4153 desuper
3084 4122 3099 4147 ,
3147 4089 3312 4137 natus
3341 4089 3424 4136 est
3453 4095 3520 4136 ex

1949 4174 2171 4246 Virgine
2197 4174 2497 4230 secundum
2540 4171 2870 4244 Scripturas,
2905 4182 2959 4227 et
2986 4173 3151 4226 homo
3184 4171 3359 4226 factus
3389 4177 3472 4224 est
3501 4187 3516 4223 :

1947 4266 2213 4319 mediator
2245 4263 2341 4318 Dei
2369 4273 2423 4319 et
2454 4264 2736 4319 hominum
2759 4303 2774 4329 ,
2813 4263 3095 4334 apostolus
3141 4261 3264 4316 ﬁdei
3296 4269 3517 4325 nostrae,

1945 4367 1998 4415 et
2034 4367 2227 4413 auctor
2257 4359 2412 4422 vitm,
2450 4367 2511 4412 ut
2555 4357 2670 4427 ipse
2717 4357 2834 4412 ait:
2879 4375 2897 4408 ι
2933 4354 3196 4412 Descendi
3245 4353 3311 4410 de
3357 4351 3526 4418 caelo,

1946 4468 2057 4506 non
2107 4460 2168 4506 ut
2217 4451 2411 4506 faciam
2437 4451 2775 4506 voluntatem
2807 4466 2985 4505 meam
3009 4489 3024 4514 ,
3053 4449 3148 4505 sed
3182 4449 3520 4504 voluntatem

1955 4545 2074 4616 ejus
2101 4543 2194 4615 qui
2225 4543 2374 4599 misit
2397 4557 2484 4598 me
2507 4544 2530 4575 ⁸
2561 4559 2576 4596 :
2611 4563 2630 4596 ι
2667 4543 2760 4614 qui
2789 4558 2984 4614 passus
3011 4551 3093 4598 est
3116 4556 3216 4612 pro
3248 4540 3404 4596 nobis
3422 4583 3436 4608 ,
3464 4547 3542 4600 et.

2016 4827 2125 4904 (75)
2162 4827 2249 4904 Ita
2279 4828 2409 4904 Reg.
2460 4842 2513 4887 et
2538 4832 2727 4897 Basii.,
2759 4841 2813 4888 et
2846 4833 2925 4904 sic
2969 4833 3113 4904 legit.
3139 4831 3381 4904 Nannius
3413 4832 3504 4904 qui

1942 4897 2180 4970 vertite:
2207 4897 2610 4956 Procuratorem
2632 4911 2728 4964 ,Aet
2757 4897 3271 4958 similiter—Hilarius
3296 4903 3387 4970 qui
3419 4897 3513 4955 lia-

1943 4970 2048 5030 bet,
2077 4980 2123 5023 et
2149 4969 2493 5027 Provisorem.
2526 4973 2580 5026 In
2608 4973 2766 5026 editis
2793 4975 2893 5026 hoc
2920 4973 3120 5025 deerat.
3147 4969 3342 5025 Ibidem
3373 4972 3507 5026 hzeo.

1942 5037 2000 5110 ἐξ
2039 5034 2101 5092 οὗ
2145 5040 2211 5093 τὰ
2242 5043 2418 5095 πάντα
2451 5045 2650 5097 absunt
2675 5059 2705 5096 τι
2740 5042 2981 5095 Socrate.
3000 5094 3006 5096 μ
3027 5040 3169 5095 infra
3198 5050 3321 5110 post
3350 5041 3417 5094 δι’
3447 5035 3508 5093 οὒ

1940 5109 2009 5161 τὰ
2039 5111 2232 5174 πάντα,
2261 5113 2418 5168 habet
2449 5112 2719 5172 Socrates,
2750 5112 2981 5179 ἐγένετο.

1942 5180 2122 5302 Η(76.)
2157 5180 2278 5236 Haec
2305 5183 2408 5252 πρὸ
2441 5183 2548 5238 τῶν
2581 5181 2790 5238 αἰώνων
2820 5197 2924 5234 nou
2957 5180 3335 5249 exprimuntur
3361 5181 3508 5249 apud

1993 5269 2005 5302 ι
2032 5266 2228 5302 arium.

1993 5252 2228 5303 ilarium.

2013 5320 2126 5390 (77)
2153 5319 2243 5375 Sic
2269 5320 2397 5390 Reg.
2429 5331 2481 5376 et
2503 5322 2656 5376 Socr.
2688 5318 2851 5390 Editi,
2885 5322 2948 5371 ἐκ
2974 5318 3200 5390 Κυρίου.
3224 5319 3344 5374 Mox
3374 5321 3509 5384 ζῶν-

1942 5407 2044 5460 τα,
2080 5388 2186 5443 non
2221 5388 2539 5460 exprimitur
2571 5390 2711 5458 apud
2756 5388 3041 5460 Hilarium.
3067 5388 3244 5460 ’Socr.
3294 5391 3505 5460 σοφίαν,

1942 5459 2109 5531 ζωήν.
2135 5469 2188 5514 et
2219 5457 2755 5531 llil—artsapienliam,
2794 5461 2975 5512 vitam.
3005 5457 3174 5514 Paulo
3199 5471 3323 5531 post
3349 5457 3504 5518 Socr.

1941 5529 2359 5616 gknﬂstac.
2385 5529 2500 5616 I‘lila
2512 5530 2784 5616 riusnriftm
2812 5545 3005 5583 rerum.

2015 5600 2126 5668 (78)
2157 5598 2336 5670 Socr.,
2363 5600 2460 5670 τὴν
2493 5601 2590 5670 τῆς
2626 5598 2896 5670 θεότητος.

2015 5667 2127 5737 (79)
2157 5670 2230 5722 Ita
2264 5669 2394 5737 Reg.
2418 5667 2477 5722 et
2505 5667 2654 5722 secr.
2682 5667 2820 5720 Editi
2855 5683 3000 5731 vero,
3029 5669 3127 5737 τῆς
3156 5673 3400 5736 κτίσεως.

2018 5709 2128 5810 (80)
2160 5739 2250 5810 ξω
2285 5709 2442 5792 habet
2475 5738 2741 5791 Hilarius:
2767 5737 2834 5810 Et
2866 5709 3029 5804 agnda
3059 5709 3234 5807 frictus
3263 5709 3377 5804 est:
3397 5759 3505 5797 mes

1949 5807 2125 5863 diutor
2158 5808 2252 5863 Dei
2285 5818 2330 5861 et
2361 5809 2626 5861 hominum
2653 5807 3050 5876 prwdestinazus
3078 5809 3202 5868 ﬁdei
3237 5821 3445 5866 nostiw.
