3914 6222
397 378 503 436 723

967 375 1024 432 S.
1066 375 1445 433 ATHANASII
1480 377 1632 434 OPP.
1669 379 1867 439 PARS.
1910 378 1952 433 Ι.
1988 408 2055 419 -
2082 376 2454 434 HISTORICA
2493 377 2582 432 ET
2617 377 3037 438 DOGMATICA.

3540 377 3645 433 πει

397 494 694 554 resurrexit
718 493 880 548 tertia
927 492 1016 548 die
1045 511 1059 546 :
1090 501 1144 547 et
1170 491 1413 547 ascendit
1441 492 1497 546 in
1526 491 1723 547 caelum
1750 531 1765 557 ,
1798 491 1965 547 sedet-

2081 488 2382 560 πέμψαντός
2405 506 2494 561 με·
2533 510 2550 542 ι
2579 490 2673 543 τὸν
2709 490 2949 545 παθόντα
3006 489 3148 562 ὑπὲρ
3176 488 3357 561 ἡμῶν,
3389 488 3482 543 καὶ
3511 490 3649 544 ἀνα-

396 604 505 659 que
552 586 621 642 ad
669 586 947 640 dexteram
980 583 1156 640 Patris
1192 603 1205 639 :
1240 593 1296 639 et
1346 584 1541 639 iterum
1576 593 1837 638 venturus
1882 592 1968 640 est

396 694 523 734 cum
559 676 729 745 gloria
758 684 812 731 et
839 682 1136 745 potestate,
1159 674 1410 745 judicare
1433 675 1586 728 vivos
1615 684 1667 729 et
1695 683 1963 729 mortuos.

398 770 466 825 Et
491 771 546 825 in
576 769 838 839 Spiritum
865 775 1113 823 sanctum
1139 806 1155 831 ,
1195 768 1290 837 qui
1316 767 1382 822 ad
1413 767 1841 822 consolationem
1862 808 1878 832 ,
1914 775 1969 822 et

399 861 882 916 sanctiﬁcationem
910 900 925 923 ,
979 868 1034 914 et
1084 859 1154 914 ad
1205 858 1567 913 initiatiouem
1622 858 1969 915 credentibus

399 952 583 1017 datur,
614 953 753 1006 sicut
780 959 833 1005 et
863 950 1122 1004 Dominus
1144 958 1338 1009 noster
1366 948 1527 1004 Jesus
1552 948 1804 1005 Christus
1829 965 1961 1019 prae-

401 1045 544 1115 cepit
563 1042 843 1111 discipulis
864 1041 1050 1097 dicens
1081 1061 1094 1096 :
1130 1059 1150 1093 ι
1179 1040 1382 1096 Euntes
1412 1041 1599 1095 docete
1628 1056 1818 1096 omnes
1839 1058 1969 1111 gen-

401 1144 508 1199 tes,
541 1134 876 1203 baptizantes
907 1147 1033 1198 eos,
1068 1132 1123 1185 in
1154 1132 1373 1187 nomine
1401 1129 1613 1198 Patris,
1642 1142 1696 1186 et
1724 1131 1882 1196 Filii,
1916 1141 1970 1186 et

408 1222 649 1294 Spiritus
688 1224 861 1279 sancti
895 1223 938 1276 ⁷.
978 1242 997 1274 ι
1034 1221 1232 1288 Patris,
1280 1222 1485 1278 scilicet
1514 1238 1641 1278 vere
1665 1221 1840 1277 Patris
1873 1240 1889 1289 ;
1917 1232 1971 1278 et

403 1316 529 1371 Filii
589 1332 712 1370 vere
745 1315 993 1382 Filii;et
1047 1314 1283 1385 Spiritus
1334 1317 1511 1371 sancti
1560 1332 1684 1371 vere
1733 1315 1971 1387 Spiritus

404 1410 581 1466 sancti
614 1426 630 1476 ;
662 1408 976 1463 nominibus
1007 1422 1116 1462 non
1147 1416 1350 1463 temere
1395 1417 1486 1463 aut
1516 1406 1781 1462 inutiliter
1825 1407 1973 1477 posi-

402 1505 496 1571 tis,
516 1503 608 1559 sed
631 1509 883 1558 accurate
905 1500 1180 1571 propriam
1202 1500 1540 1571 singulorum
1568 1499 1662 1569 qui
1684 1499 1974 1554 nominan-

404 1604 495 1651 tur
521 1593 876 1665 hypostasim,
903 1594 1149 1647 ordinem
1173 1603 1226 1647 et
1250 1592 1475 1662 gloriam
1502 1592 1971 1661 signiﬁcantibus;

404 1684 542 1739 adeo
570 1692 631 1738 ut
658 1682 937 1754 hypostasi
969 1683 1188 1752 quidem
1220 1682 1322 1736 tria
1371 1682 1523 1747 sint;
1555 1682 1848 1737 concordia
1877 1697 1977 1735 au-

404 1778 537 1835 tem,
560 1785 753 1824 unum.
784 1768 936 1825 Hanc
964 1770 1129 1841 igitur
1161 1776 1405 1825 tenentes
1438 1768 1620 1837 ﬁdem,
1643 1785 1875 1840 eamque
1905 1771 1975 1825 ab

406 1861 561 1915 initio
607 1861 673 1915 ad
721 1861 883 1915 linem
933 1875 1109 1930 usque
1138 1861 1191 1915 in
1220 1869 1513 1931 conspectu
1554 1861 1651 1917 Dei
1691 1871 1745 1917 et
1769 1861 1974 1918 Christi
2004 1846 2047 1902 Β

402 1961 725 2016 servantes,
776 1966 996 2020 pravam
1045 1965 1260 2006 omnem
1310 1951 1618 2006 haereticam
1669 1952 1973 2007 doctrinam

402 2043 753 2099 anathemate
798 2043 1144 2097 damnamus.
1198 2042 1264 2097 Et
1302 2043 1347 2098 si
1391 2043 1516 2113 quis
1550 2052 1745 2113 praeter
1784 2060 1975 2099 sanam

404 2143 723 2204 rectamque
770 2134 1176 2204 Scripturarum
1228 2134 1388 2191 ﬁdem
1438 2135 1717 2204 docuerit,
1765 2136 1974 2201 dicens,

407 2232 503 2278 aut
537 2232 750 2293 tempus
768 2265 783 2289 ,
809 2234 903 2277 aut
933 2239 1130 2289 aevum,
1162 2232 1255 2279 aut
1284 2226 1541 2280 saeculum
1566 2264 1582 2290 ,
1609 2240 1747 2291 esse,
1773 2227 1858 2281 vel
1884 2242 1978 2281 ex-

406 2316 648 2382 stitisse,
702 2315 1017 2386 priusquam
1066 2314 1240 2371 Filius
1291 2302 1629 2386 gigneretur,
1689 2318 1977 2373 anathema

407 2416 550 2461 esto.
583 2403 652 2459 Et
680 2405 725 2460 si
748 2405 871 2474 quis
903 2404 1101 2459 dixerit
1130 2405 1326 2459 Filium
1356 2417 1661 2461 creaturam
1689 2448 1703 2473 ,
1728 2416 1784 2462 ut
1812 2422 1977 2461 unam

405 2512 470 2552 ex
500 2497 786 2562 creaturis,
812 2505 905 2551 aut
937 2496 1201 2567 genitum,
1229 2504 1286 2550 ut
1315 2512 1487 2552 unum
1523 2512 1585 2551 ex
1619 2498 1816 2568 genitis
1840 2539 1855 2563 ,
1883 2504 1979 2551 aut

405 2588 682 2658 Opiﬁcium
703 2629 718 2654 ,
751 2596 811 2642 ut
846 2604 1013 2642 unum
1044 2602 1111 2642 ex
1136 2587 1402 2657 Opiﬁciis,
1443 2588 1617 2657 neque
1658 2588 1873 2659 singula
1920 2594 1978 2641 ut

405 2680 603 2736 divina:
632 2677 929 2748 Scriptura:
960 2679 1333 2743 tradiderunt,
1394 2686 1555 2748 prout
1598 2679 1789 2734 ordine
1835 2678 1977 2733 dicta

407 2783 556 2837 sunt,
588 2773 904 2842 proﬁteatur
930 2788 944 2837 ;
969 2780 1064 2826 aut
1085 2771 1131 2826 si
1159 2770 1362 2840 aliquid
1394 2770 1661 2834 docuerit,
1691 2781 1783 2824 aut
1810 2786 1977 2825 evan-

408 2864 751 2938 gelizaverit,
788 2872 985 2933 pra'ter
1031 2864 1082 2917 id
1114 2863 1260 2932 quod
1310 2863 1656 2932 accepimus,
1690 2863 1977 2918 anathema

406 2963 547 3011 esto.
584 2952 696 3011 Nos
727 2955 870 3008 enim
900 2953 1083 3008 omnia
1112 2969 1233 3023 quae
1262 2954 1434 3010 sacris
1464 2954 1519 3007 in
1548 2952 1847 3025 Scripturis
1869 2964 1979 3010 tra-

406 3045 612 3102 duntur
631 3088 647 3112 ,
678 3061 800 3101 cum
833 3061 864 3101 a
898 3045 1179 3115 prophetis
1208 3054 1320 3099 tum
1349 3045 1416 3100 ab
1444 3046 1726 3116 apostolis,
1755 3062 1881 3103 vere
1914 3064 1976 3104 ac

407 3137 659 3205 religiose
685 3137 958 3193 credimus
992 3144 1395 3208 sectamurque.
1427 3155 1445 3186 ι

2071 582 2272 636 στάντα
2301 582 2409 653 (81)
2445 585 2509 653 τῇ
2539 582 2695 654 τρίτῃ
2725 583 2928 654 ἡμέρᾳ·
2976 583 3070 637 καὶ
3124 581 3417 636 ἀνελθόντα
3457 583 3538 646 είς
3557 582 3652 636 οὐ-

2072 676 2285 745 ρανοὺς,
2311 676 2405 728 καὶ
2439 674 2772 729 καθεσθέντα
2821 677 2878 728 ὲν
2933 674 3083 746 δεξιᾷ
3143 674 3240 728 τοῦ
3269 672 3501 745 Πατρόςσ
3555 674 3652 727 καὶ

2071 766 2231 819 πάλιν
2259 767 2550 837 ἐρχόμενον
2601 765 2737 837 μετὰ
2764 766 2921 837 δόξης
2976 768 3070 820 καὶ
3112 767 3413 836 δυνάμεως,
3468 768 3652 835 κρῖναι

2070 857 2280 923 ζῶντας
2302 860 2396 913 καὶ
2422 860 2667 931 νεκρούς·
2697 862 2790 913 καὶ
2833 862 2911 923 είς
2943 860 3003 913 τὸ
3036 858 3260 930 Πνεῦμα
3289 859 3350 912 τὸ
3381 858 3555 927 ἅγιον,
3590 857 3653 911 τὸ

2071 956 2153 1016 εἰς
2190 953 2553 1024 παράκλησιν,
2607 955 2702 1007 καὶ
2748 954 3038 1025 ἁγιασμὸν,
3088 954 3182 1007 καὶ
3220 949 3498 1004 τελείωσιν
3538 952 3655 1013 τοῖς

2071 1046 2384 1099 πιστεύουσι
2448 1046 2742 1117 διδόμενον,
2810 1045 2992 1109 καθὼς
3043 1046 3138 1099 καὶ
3191 1045 3219 1096 ό
3249 1043 3452 1114 Κύριος
3496 1041 3656 1113 ἡμῶν

2084 1138 2289 1208 Ἰησοῦς
2342 1139 2575 1209 Χριστὸς
2635 1137 2914 1203 διετάξατο
2971 1140 3082 1201 τοῖς
3122 1136 3391 1208 μαθηταῖς
3454 1132 3651 1202 λέγων·

2078 1251 2095 1282 ι
2133 1230 2513 1302 Πορευθέντες,
2552 1230 2925 1302 μαθητεύσατε
2959 1230 3136 1285 πάντα
3162 1228 3232 1283 τά
3281 1228 3430 1298 ἔθνη,
3463 1224 3661 1296 βαπτί-

2073 1319 2254 1385 ζοντες
2288 1323 2484 1385 αὐτοὺς
2541 1325 2622 1385 εἰς
2672 1322 2733 1375 τὸ
2778 1322 2950 1393 ὄνομα
2992 1320 3088 1375 τοῦ
3144 1319 3377 1391 Πατρὸς,
3434 1317 3528 1371 καὶ
3559 1316 3658 1369 τοῦ

2074 1411 2227 1478 Υίοῦ,
2261 1413 2354 1465 καὶ
2381 1410 2474 1465 τοῦ
2508 1413 2661 1481 ἁγίου
2708 1413 3044 1485 Πνεύματος·
3074 1431 3092 1464 ›
3144 1410 3383 1482 δηλονότι
3422 1407 3659 1479 Πατρὸς,

2074 1504 2290 1575 ἀληθῶς
2322 1505 2433 1575 (82)
2465 1505 2679 1577 Πατρὸς
2711 1505 2882 1570 ὄντος,
2920 1504 3050 1558 Υίοῦ
3079 1504 3135 1558 δὲ
3170 1502 3385 1573 ἀληθῶς
3412 1499 3545 1554 Υίοῦ
3571 1500 3659 1553 ὄν-

2073 1615 2184 1662 τος,
2211 1597 2303 1651 τοῦ
2334 1598 2390 1650 δὲ
2419 1599 2573 1664 ἁγίου
2599 1598 2915 1668 Πνεύματος
2969 1595 3185 1667 ἀληθῶς
3220 1593 3374 1664 ἁγίου
3405 1592 3662 1662 Πνεύμα-

2075 1707 2166 1752 τος
2187 1689 2358 1755 δντος,
2385 1689 2496 1742 τῶν
2516 1689 2796 1760 ὀνομάτων
2824 1690 2921 1759 οὐχ
2948 1687 3133 1750 ἁπλῶς
3160 1686 3281 1739 οὐδὲ
3331 1683 3518 1755 ἀργῶς
3548 1699 3664 1736 κει-

2080 1775 2275 1842 μένων,
2307 1776 2443 1830 ἀλλὰ
2471 1777 2841 1847 σημαινόντων
2878 1775 3123 1848 ἀκριϐῶς
3165 1775 3263 1847 τὴν
3289 1773 3492 1828 οἰκείαν
3530 1771 3662 1825 ἑκά-

2077 1884 2200 1922 στου
2231 1868 2338 1921 τῶν
2358 1868 2772 1939 ὀνομαζομένων
2804 1868 3099 1922 ὑπόστασιν
3128 1884 3189 1921 τε
3242 1866 3336 1920 καὶ
3382 1864 3537 1931 τάξιν
3565 1863 3664 1918 καὶ

2078 1957 2253 2023 δόξαν·
2290 1958 2365 2022 ὡς
2392 1954 2531 2011 εἶναι
2561 1961 2626 2029 τῇ
2658 1959 2755 2027 μὲν
2796 1959 3089 2012 ὑποστάσει
3141 1956 3290 2028 τρία,
3333 1957 3401 2027 τῇ
3431 1954 3488 2008 δὲ
3520 1971 3663 2026 συμ-

2079 2049 2252 2120 φωνία
2283 2049 2361 2102 ἒν.
2401 2050 2616 2119 Ταύτην
2649 2046 2742 2103 οῦν
2797 2049 3011 2121 ἔχοντες
3060 2048 3158 2120 τὴν
3219 2048 3422 2112 πίστιν,
3480 2046 3579 2098 καὶ
3603 2043 3663 2111 ὲε

2077 2140 2249 2210 ἀρχῆς
2282 2140 2376 2192 καὶ
2399 2139 2559 2211 μέχρι
2587 2140 2772 2202 τέλους
2793 2138 3006 2209 ἔχοντες
3036 2136 3267 2190 ἐνώπιον
3286 2133 3381 2188 τοῦ
3398 2131 3662 2204 Θεοῦ

2077 2228 2284 2283 καὶτοῦ
2315 2229 2569 2300 Χριστοῦ,
2624 2231 2803 2283 πᾶσαν
2855 2228 3136 2299 αἱρετικὴν
3189 2223 3506 2289 κακοδοξίαν
3531 2224 3665 2276 ἀνα-

2059 2319 2456 2401 θεματίζομεν.
2484 2322 2593 2376 Καὶ
2621 2321 2674 2375 εί
2695 2338 2781 2385 τις
2810 2322 2958 2393 παρά
2986 2319 3086 2392 τὴν
3119 2318 3249 2390 ὑγιῆ
3281 2317 3390 2371 τῶν
3421 2316 3663 2387 Γραφῶν

2078 2413 2241 2486 ὀρθὴν
2275 2413 2454 2466 πίστιν
2479 2412 2736 2477 διδάσκει,
2764 2412 2937 2480 λέγων
2966 2411 2999 2481 ἢ
3033 2410 3224 2482 χρόνον
3284 2408 3417 2479 (84),
3466 2408 3501 2479 ἢ
3536 2423 3662 2461 και-

2079 2506 2192 2577 ρὸν,
2224 2504 2256 2574 ἢ
2292 2503 2485 2565 αἰῶνα,
2519 2504 2551 2576 ἢ
2579 2500 2737 2568 εἶναι,
2766 2504 2800 2574 ἢ
2850 2502 3151 2571 γεγονέναι,
3200 2500 3306 2572 πρὸ
3344 2498 3437 2553 τοῦ
3463 2515 3660 2570 γεννη-

2079 2598 2236 2669 θῆναι
2260 2599 2350 2653 τὸν
2372 2597 2524 2660 Υἱὸν,
2552 2596 2799 2668 ἀνάθεμα
2836 2595 2997 2650 έστω.
3026 2594 3139 2650 Καὶ
3194 2594 3249 2647 εί
3273 2611 3357 2657 τις
3404 2591 3550 2660 λέγει
3572 2592 3667 2644 τὸν

2079 2690 2207 2744 Υίὸν
2244 2690 2468 2761 κτίσμα,
2494 2689 2569 2753 ὡς
2614 2689 2671 2742 ἓν
2708 2689 2816 2742 τῶν
2866 2686 3200 2757 κτισμάτων,
3234 2685 3268 2757 ἦ
3303 2685 3550 2754 γέννημα
3582 2682 3661 2747 ὡς

2078 2779 2136 2833 ἓν
2162 2780 2270 2833 τῶν
2292 2782 2645 2852 γεννημάτων
2665 2779 2849 2850 (85),ἢ
2880 2779 3202 2851 ποίημα,ὡς
3222 2778 3280 2832 ἓν
3301 2776 3409 2830 τῶν
3434 2773 3669 2846 ποιημά-

2077 2888 2205 2938 των,
2241 2873 2335 2925 καὶ
2376 2872 2450 2943 μὴ
2476 2873 2551 2936 ὡς
2579 2874 2634 2926 αί
2675 2872 2816 2926 θεῖαι
2846 2872 3059 2943 Γραφαὶ
3116 2868 3527 2940 παραδέδωκαν,
3557 2864 3669 2920 τῶν

2079 2962 2490 3034 προειρημένων
2513 2962 2743 3017 ἕκαστον
2765 2963 2857 3032 ἀφ’
2889 2963 3139 3016 έκάστου’
3181 2959 3215 3028 ἢ
3262 2959 3315 3011 εί
3338 2975 3389 3011 τι
3414 2956 3542 3012 ἀλλο
3584 2955 3665 3008 δι-

2077 3053 2289 3118 δάσκει,
2317 3054 2350 3126 ἢ
2380 3055 2812 3125 εὐαγγελίζεται,
2866 3054 2994 3135 παρ’
3037 3052 3066 3106 δ
3111 3049 3509 3122 παρελάϐομεν,
3532 3046 3670 3101 ἀνά·

2080 3144 2221 3216 θεμα
2253 3144 2414 3198 ἔστω.
2458 3145 2643 3216 Ἡμεῖς
2674 3147 2784 3218 γὰρ
2805 3148 2940 3199 πᾶσι
2966 3145 3078 3206 τοῖς
3110 3145 3174 3196 ὲκ
3199 3140 3308 3194 τῶν
3342 3139 3501 3192 θείων
3529 3137 3669 3208 Γρα-

408 3228 526 3298 φῶν
581 3226 1023 3299 ποραδεδομένοις
1077 3227 1181 3283 ὑπό
1208 3244 1267 3280 τε
1293 3226 1587 3298 προφητῶν
1612 3229 1705 3282 καὶ
1734 3229 2045 3288 ἀποστόλων
2096 3236 2361 3307 ἀληθινῶς
2397 3256 2458 3291 τε
2487 3240 2581 3292 καὶ
2608 3237 2859 3310 ὲμφόόως
2889 3236 3000 3308 (86)
3048 3235 3144 3289 καὶ
3203 3231 3528 3301 πιστεύομεν
3572 3230 3668 3283 καὶ

408 3317 699 3373 ἀκολουθοῦ
708 3336 825 3389 μεν.
877 3337 896 3370 ι

478 3410 567 3464 2t.
599 3409 1017 3479 Theophronius
1066 3425 1228 3480 porro
1261 3410 1481 3481 quidam
1518 3411 1806 3483 episcopus
1837 3412 1976 3485 Tya-

2148 3413 2237 3468 24.
2270 3415 2378 3468 Καὶ
2400 3414 2718 3487 Θεοφρόνιος
2752 3413 2809 3466 δέ
2846 3429 2928 3475 τις
2962 3410 3260 3472 ἐπίσκοπος
3287 3407 3513 3461 Τυάνων
3548 3404 3665 3479 (87)

407 3502 614 3566 nensis,
647 3501 785 3557 hanc
816 3501 936 3555 ﬁdei
959 3500 1245 3556 formulam
1274 3518 1306 3556 a
1334 3516 1393 3556 se
1416 3504 1769 3572 compositam
1798 3519 1981 3559 coram

409 3594 663 3650 omnibus
698 3592 1020 3662 proposuit,
1053 3594 1174 3659 cui,
1222 3592 1463 3648 hominis
1499 3595 1799 3665 approbata
1855 3596 1980 3664 ﬁde,

410 3686 856 3755 subscripserunt
890 3701 1079 3743 omnes
1110 3704 1124 3739 :

485 3798 503 3831 ι
529 3776 689 3835 Novit
713 3778 875 3844 Deus,
907 3794 1070 3848 quem
1097 3787 1288 3834 testem
1320 3780 1374 3834 in
1411 3780 1657 3836 animam
1688 3797 1862 3838 meam
1883 3784 1981 3839 ad-

409 3886 572 3938 voco,
604 3885 691 3925 me
721 3871 795 3924 ita
826 3871 1070 3934 credere,
1101 3870 1330 3938 scilicet,
1362 3873 1417 3926 in
1446 3889 1614 3927 unum
1659 3872 1829 3929 Deum
1873 3874 1982 3930 Pa-

405 3972 546 4019 trem
604 3964 1072 4032 omnipotentem,
1132 3965 1514 4019 universorum
1568 3976 1869 4023 creatorem
1925 3976 1982 4023 et

408 4055 674 4111 factorem
700 4096 716 4119 ,
763 4071 830 4110 et
875 4073 984 4126 quo
1013 4057 1217 4111 omnia.
1248 4056 1338 4127 ‘Et
1368 4058 1421 4111 in
1450 4056 1645 4113 Filium
1699 4059 1817 4128 ejus
1859 4060 1982 4113 uni-

408 4148 648 4217 genitum
674 4187 687 4211 ,
718 4145 887 4201 Deum
912 4187 928 4212 ,
962 4145 1199 4201 Verbum
1220 4188 1236 4205 .
1269 4149 1565 4216 potentiam
1588 4188 1604 4211 ,
1632 4150 1975 4219 sapientiam,

409 4237 700 4293 Dominum
731 4246 978 4292 nostrum
1007 4237 1190 4293 Jesum
1218 4239 1521 4304 Christum,
1548 4256 1644 4310 per
1666 4256 1828 4311 quem
1861 4256 1980 4295 om-

408 4331 497 4384 nia
523 4371 537 4393 ,
567 4345 636 4384 ex
664 4328 825 4383 Patre
852 4339 1039 4385 natum
1074 4340 1197 4384 ante
1226 4332 1445 4396 sazcula,
1478 4330 1647 4385 Deum
1681 4330 1977 4400 perfectum

407 4438 474 4477 ex
503 4421 613 4477 Deo
644 4422 880 4490 perfecto
911 4440 925 4489 ;
957 4422 1055 4491 qui
1090 4433 1173 4478 est
1209 4423 1351 4493 apud
1382 4422 1551 4477 Deum
1581 4424 1635 4477 in
1660 4424 1973 4495 hypostasi;

409 4498 584 4583 quiin
614 4515 927 4571 novissimis
960 4515 1153 4571 diebus
1178 4515 1490 4578 descendit,
1531 4525 1585 4569 et
1614 4525 1774 4570 natus
1806 4524 1978 4571 estex

407 4604 665 4679 Virgine,
697 4608 995 4663 secundum
1022 4607 1333 4679 Scripturas
1360 4649 1376 4675 ,
1409 4607 1574 4679 589
1602 4609 1765 4664 homo
1799 4608 1975 4667 factus

408 4709 514 4764 est,
544 4716 740 4770 passus
762 4709 865 4768 est,
893 4702 1191 4757 resurrexit
1212 4717 1242 4755 a
1270 4702 1503 4756 mortuis
1523 4742 1539 4766 ,
1569 4709 1624 4756 et
1647 4704 1890 4757 ascendit
1918 4705 1973 4760 in

296 4795 301 4804 '
408 4790 576 4845 caelos
595 4831 610 4855 ,
643 4790 899 4859 sedetque
928 4791 993 4846 ad
1019 4791 1298 4846 dexteram
1327 4787 1506 4844 Patris
1533 4791 1641 4846 sui.
1691 4790 1756 4846 Et
1782 4793 1979 4849 iterum
2012 4777 2057 4833 Ῑ)

408 4892 674 4937 venturus
701 4891 785 4938 est
812 4897 935 4938 eum
970 4883 1141 4954 gloria
1172 4889 1226 4937 et
1256 4889 1523 4951 potestate
1546 4923 1560 4948 ,
1610 4884 1855 4953 judicare
1901 4887 1984 4941 vi-

407 4989 508 5031 vos
534 4984 589 5030 et
619 4984 865 5030 mortuos
888 5016 903 5038 ,
940 4983 1232 5044 manetque
1262 4975 1317 5030 in
1351 4975 1570 5031 sarcula.
1621 4975 1687 5030 Et
1718 4978 1773 5031 in
1808 4975 1980 5047 Spiri-

521 5065 543 5097 "
582 5064 775 5120 Matth.
806 5081 1002 5130 xxvm,
1038 5064 1125 5121 l9.

482 5160 595 5238 (8i)
632 5160 787 5215 Socr.
818 5168 943 5238 post
986 5159 1315 5224 ἀναστάντα,
1359 5160 1571 5238 repetit,
1619 5158 1760 5238 ύπὲρ
1808 5157 1982 5238 ἡμῶν.

300 5274 303 5275 ν
410 5233 581 5287 Hilar.
617 5246 744 5305 vero
781 5248 795 5284 :
822 5227 936 5296 Qui
967 5247 1153 5299 passus
1183 5243 1258 5285 est
1290 5240 1338 5284 et
1376 5227 1667 5284 resurrexit
1705 5227 1800 5296 pro
1831 5227 2021 5305 nobis.

411 5306 568 5357 tertia
597 5300 703 5355 die.

482 5371 593 5443 (82)
627 5372 880 5443 Socrates
914 5370 1011 5443 his
1043 5368 1312 5443 ἀληθινῶς
1343 5369 1526 5431 habet,
1560 5366 1984 5443 tertiodotqfttbg,

411 5437 584 5497 ut‘in'
626 5440 791 5507 Regio
840 5440 1103 5507 habetur,
1135 5437 1301 5507 “quod
1349 5451 1683 5506 postremum
1725 5438 1779 5490 in
1822 5437 1987 5507 editis

412 5512 585 5631 geist.
638 5506 783 5566 Infra
834 5510 1034 5581 Regius
1076 5506 1130 5566 et
1176 5506 1467 5576 Socrates,
1522 5509 1772 5562 ἑκάστου.
1819 5506 1984 5572 Editi,

446 5598 479 5631 κ
525 5597 651 5631 στω.

446 5583 651 5634 κάστω.

489 5634 615 5710 435)‘
648 5650 773 5705 Haec
816 5650 1076 5704 habentur
1126 5649 1268 5719 apud
1312 5646 1533 5717 Niceph.
1576 5645 1670 5719 lib.
1704 5661 1897 5719 x,ca_p.
1928 5645 1983 5711 5,

415 5734 540 5789 pag.
570 5720 693 5789 680.
721 5718 924 5789 Ibidem
968 5720 1145 5783 Socr.,
1162 5715 1394 5789 ’ἔχοντες
1420 5715 1520 5788 τὴν
1547 5718 1727 5771 πίστιν
1755 5715 1983 5770 ἐνώπιον

416 5788 510 5845 τοῦ
544 5788 700 5849 Θεοῦ,
725 5788 945 5844 omissis
970 5788 1306 5844 intermediis

489 5858 601 5919 (84)
640 5860 710 5912 Ἦ
741 5858 929 5922 γρόνον
972 5858 1124 5915 deest
1167 5859 1222 5914 in
1258 5857 1501 5915 Socrate.
1534 5857 1657 5915 Mox
1682 5856 1845 5926 idem,
1879 5855 1985 5923 πρὸ

2086 3505 2296 3571 συνθεὶς
2339 3507 2433 3560 καὶ
2483 3506 2644 3569 αὐτὸς
2690 3503 2903 3569 ἐξέθετο
2937 3502 3037 3572 τὴν
3097 3501 3280 3554 πίστιν
3334 3499 3538 3569 ταύτην
3570 3499 3669 3571 ἐμ-

2083 3598 2318 3669 προσθεν
2347 3597 2454 3651 τῶν
2479 3598 2715 3657 πάντων,
2813 3593 2905 3647 καὶ
2932 3592 3131 3654 πάντες
3160 3589 3507 3662 ὑπέγραψαν,
3532 3591 3669 3645 ἀπο-

2080 3688 2361 3759 δεξάμενοι
2392 3688 2490 3759 τὴν
2517 3687 2610 3740 τοῦ
2637 3683 2923 3756 ἀνθρώπου
2952 3682 3133 3735 πίστιν
3156 3697 3172 3711 ·

2154 3781 2262 3853 (88)
2295 3801 2312 3831 ι
2347 3777 2497 3834 Οἶδεν
2530 3780 2559 3831 ὁ
2604 3777 2758 3843 Θεὸς,
2820 3776 2879 3829 ὃν
2930 3774 3186 3846 μάρτυρα
3221 3771 3369 3826 καλῶ
3422 3772 3518 3824 ἐπὶ
3568 3770 3671 3843 τὴν

2081 3874 2221 3947 ἐμὴν
2248 3872 2446 3943 ψυχὴν,
2494 3872 2577 3924 ὅτι
2610 3868 2783 3932 οὕτως
2825 3865 3085 3919 πιστεύω·
3140 3865 3222 3926 είς
3268 3863 3400 3916 Θεὸν
3449 3863 3670 3932 Πατέρα

2082 3965 2516 4037 παντοκράτορα,
2551 3962 2640 4015 τὸν
2666 3959 2773 4013 τῶν
2804 3958 2940 4012 ὅλων
2962 3957 3184 4026 κτίστην
3206 3956 3300 4008 καὶ
3326 3952 3666 4026 ποιητὴν,ἐξ

2080 4055 2139 4115 οὗ
2168 4058 2234 4113 τὰ
2262 4058 2458 4111 πάντα·
2484 4056 2577 4109 καὶ
2608 4056 2686 4116 είς
2717 4053 2807 4104 τὸν
2841 4051 2973 4105 Υίδν
3026 4048 3189 4102 αὐτοῦ
3224 4050 3316 4103 τὸν
3379 4048 3666 4118 μονογενῆ’

2079 4152 2209 4207 Θεὸν
2234 4150 2367 4220 (89),
2394 4148 2586 4216 Λόγον,
2625 4144 2853 4214 δύναμιν
2909 4142 3005 4194 καὶ
3064 4141 3281 4208 σοφίαν,
3331 4140 3421 4193 τὸν
3458 4138 3666 4210 Κύριον

2078 4244 2237 4315 ἡμῶν
2272 4241 2476 4313 Ἰησοῦν
2507 4238 2758 4311 Χριστὸν,
2810 4236 2877 4288 δι’
2902 4229 2963 4289 οὗ
3004 4233 3072 4287 τά
3123 4235 3323 4296 πάντα,
3352 4232 3443 4284 τὸν
3477 4246 3670 4299 γεννη-

2081 4336 2240 4388 θέντα
2273 4335 2337 4386 ὲκ
2362 4332 2455 4385 τοῦ
2486 4332 2694 4403 Πατρὸς
2729 4329 2837 4401 πρὸ
2885 4326 2992 4380 τῶν
3020 4325 3251 4387 αἰώνων,
3285 4323 3419 4376 Θεὸν
3458 4322 3664 4375 τέλειον

2080 4430 2144 4480 ἐκ
2173 4426 2306 4480 Θεοῦ
2332 4425 2560 4488 τελείου,
2591 4425 2685 4478 καὶ
2730 4423 2858 4477 ὅντα
2910 4419 3046 4492 πρὸς
3072 4417 3162 4470 τὸν
3189 4416 3319 4469 Θεὸν
3346 4416 3403 4466 ἐν
3425 4412 3663 4467 ὑποστά-

2082 4535 2181 4572 σει·
2217 4519 2301 4571 ὲπ⁹
2330 4517 2572 4587 ἐσχάτων
2599 4516 2655 4569 δὲ
2679 4514 2787 4567 τῶν
2812 4512 3035 4585 ἡμερῶν
3058 4507 3409 4568 κατελθόντα,
3430 4506 3525 4559 καὶ
3548 4521 3664 4573 γεν-

2078 4610 2306 4680 νηθέντα
2340 4611 2402 4662 ὲκ
2434 4610 2531 4679 τῆς
2564 4608 2841 4679 Παρθένου
2894 4604 3034 4659 κατὰ
3086 4601 3184 4665 τὰς
3226 4601 3264 4652 Γ
3272 4597 3464 4671 pa.ng
3511 4598 3662 4649 ἐναν-

2080 4704 2476 4775 ορωπήσαντα,
2541 4701 2810 4765 παθόντα,
2875 4698 2970 4752 καὶ
3038 4692 3343 4748 ἀναστάντα
3404 4688 3512 4743 ἀπὸ
3553 4686 3660 4740 τῶν

2085 4794 2327 4867 νεκρῶν,
2388 4794 2481 4847 καὶ
2544 4792 2833 4846 ἀνελθόντα
2903 4791 2982 4853 είς
3034 4787 3160 4847 τοὺς
3216 4781 3511 4853 οὐρανοὺς,
3569 4777 3661 4830 καὶ

2091 4886 2423 4941 καθεσθέντα
2440 4888 2503 4939 ἐκ
2529 4885 2714 4949 δεξιῶν
2741 4883 2835 4936 τοῦ
2886 4880 3098 4951 Πατρὸς
3143 4874 3328 4930 αὑτοῦ·
3375 4873 3469 4926 καὶ
3499 4869 3660 4924 πάλιν

2090 4981 2381 5051 ἐρχόμενον
2416 4977 2551 5049 μετὰ
2576 4976 2733 5048 δόξης
2756 4976 2850 5028 καὶ
2887 4972 3167 5043 δυνάμεως
3227 4968 3409 5021 κοῖναι
3451 4964 3657 5029 ζῶντας

2092 5156 2185 5210 τοῦ
2218 5157 2307 5208 τὸν
2334 5157 2481 5220 Υίόν,
2511 5156 2717 5209 omisso
2748 5151 3091 5222 γεννηθῆναι.

2165 5226 2278 5302 (_85)
2310 5225 2385 5281 Ita
2420 5216 2555 5302 lieg.
2590 5225 2676 5302 cui
2707 5216 2989 5302 consentit:
3009 5221 3179 5301 Hilar.
3419 5218 3528 5302 τῶν
3553 5235 3663 5302 κτιο

2096 5293 2338 5371 σμάτων,
2373 5296 2467 5371 καὶ
2498 5293 2573 5371 μὴ
2606 5295 2680 5371 ῶς
2702 5295 2781 5357 αἱ,
2804 5293 3024 5371 mitissis
3052 5293 3403 5371 interpositis.
3441 5293 3653 5371 Socrat.

2094 5356 2210 5422 haec
2235 5356 2464 5430 omittit,
2561 5356 2797 5435 ποίημα,
2824 5363 2900 5424 ὡς
2946 5360 3002 5414 ἒν
3031 5360 3137 5413 τῶν
3168 5356 3501 5429 ποιημάτων.
3534 5356 3656 5410 Mox

2097 5435 2330 5499 Socrat.,
2361 5453 2507 5501 παρα
2540 5433 2766 5487 εδώκασι
2798 5432 2905 5487 τῶν
2943 5428 3352 5501 προειρημένων
3375 5428 3592 5481 ἕκασταο
3614 5424 3653 5487 ἢ

2097 5452 2330 5499 Socrat.,
2361 5452 2766 5507 παραοεοωκασι
2798 5452 2905 5487 των
2943 5452 3352 5501 προειρημενων
3376 5452 3398 5480 ε

2095 5507 2150 5559 et
2171 5507 2429 5585 335910,
2462 5505 2613 5585 et_ita
2642 5505 2768 5585 legit
2806 5502 3061 5585 Ililari't‘ls.
3136 5570 3149 5585 '
3232 5567 3252 5585 λ
3330 5565 3398 5585 μ

2307 5566 2791 5658 ἓοοὶκιέμφανῶς.
2815 5572 2938 5628 Mox
2968 5569 3097 5640 Reg.
3126 5566 3533 5637 ἀκολουθῶμεν.

2162 5647 2274 5780 $87)
2308 5645 2437 5715 Reg.
2462 5645 2719 5697 Τοιάνων.

2185 5717 2274 5785 88)
2300 5713 2482 5785 Tertia
2518 5714 2638 5785 lidei
2666 5711 2896 5785 formula
2935 5710 3133 5785 scripta
3164 5721 3308 5785 anno
3336 5706 3462 5762 542.

2164 5777 2275 5858 (89)
2306 5784 2438 5857 Reg.
2469 5784 2601 5838 Θεὸν
2622 5782 2812 5852 Λόγον,
2846 5777 3304 5851 absque—virgula.
