3914 6222
278 367 380 426 725

1659 355 1748 410 DE
1786 351 2092 410 SYNODIS.

3395 343 3498 402 726

276 485 369 538 καὶ
382 481 632 552 νεκροὺς,
651 481 744 534 καὶ
790 475 1020 550 μένοντα
1047 476 1126 540 είς
1147 475 1272 538 τοὺς
1301 473 1516 537 αἰῶνας·
1555 474 1648 526 καὶ
1672 474 1750 536 είς
1783 471 1846 524 τὸ
1873 525 1876 533 ,

1979 489 2062 527 um
2108 479 2350 528 sanctum
2379 509 2395 536 ,
2451 465 2868 531 consolatorem,
2927 461 3184 533 Spiritum
3233 465 3496 532 veritatis,

277 574 504 646 Πνεῦμα
531 571 703 638 ἅγιον,
733 570 822 622 τὸν
847 567 1222 639 Παράκλητον,
1257 565 1316 618 τὸ
1345 564 1561 636 πνεῦμα
1590 565 1688 636 τῆς
1712 564 1844 635 άλη-

277 663 510 728 θείας,οὸ
539 661 632 715 καὶ
677 660 762 714 διὰ
791 659 884 713 τοῦ
932 659 1209 730 προφήτου
1247 655 1607 726 ἐπηγγείλατο
1655 657 1683 707 ὁ
1715 655 1847 717 Θεὸς

277 753 486 823 ὲκχέειν
515 753 608 804 ἐπὶ
629 751 754 813 τοὺς
778 748 971 806 ἑαυτοῦ
1003 747 1238 810 δούλους,
1269 747 1364 800 καὶ
1393 749 1421 798 ὁ
1449 745 1650 816 Κύριος
1678 745 1848 815 ἐπηγ-

275 847 494 916 γείλατο
523 845 734 916 πέμψαι
773 845 885 905 τοῖς
921 841 1110 894 ἑαυτοῦ
1164 839 1448 912 μαθηταῖς,
1482 837 1512 889 ὃ
1553 839 1644 890 καὶ
1681 837 1849 907 επεμ-

275 937 398 1008 ψεν,
427 936 503 1000 ὡς
529 938 584 990 αἱ
627 935 862 1006 Πράξεις
891 935 998 987 τῶν
1026 932 1332 986 ἀποστόλων
1367 930 1748 1002 μαρτυροῦσιν.
1784 929 1848 982 Εἰ

277 1030 334 1084 δέ
353 1047 436 1092 τις
467 1029 616 1100 παρά
647 1027 848 1098 ταύτην
897 1027 996 1096 τὴν
1039 1027 1220 1078 πίστιν
1264 1023 1520 1086 διδάσκει,
1584 1023 1616 1092 ἢ
1649 1021 1760 1092 ἔχει
1793 1022 1849 1074 ὲν

280 1121 479 1192 ἑαυτῷ,
508 1120 752 1190 ἀνάθεμα
804 1119 960 1172 ἔστω·
1013 1117 1107 1171 καὶ
1161 1115 1480 1186 Μαρκέλλου
1520 1112 1614 1166 τοῦ
1656 1113 1851 1184 Ἀγκύ-

285 1227 404 1281 ρας,
437 1209 798 1281 ῆΣαϐελλίου,
838 1208 872 1278 ἢ
929 1205 1143 1260 Παύλου
1177 1205 1272 1258 τοῦ
1307 1204 1682 1275 Σαμοσατέως,
1731 1203 1856 1258 άνά-

284 1303 426 1372 θεμα
462 1301 602 1355 ἔστω
653 1301 746 1356 καὶ
797 1301 978 1364 αὐτὸς,
1035 1299 1130 1354 καὶ
1168 1298 1366 1361 πάντες
1402 1295 1854 1360 οἱκοινωνοῦντες

285 1393 436 1464 αὐτῷ
618 1413 636 1444 ι

352 1482 443 1537 25.
465 1481 576 1553 (91)
603 1478 783 1534 τΗσαν
801 1481 858 1532 δὲ
881 1479 932 1533 οἱ
957 1477 1295 1542 συνελθόντες
1316 1478 1372 1532 ὲν
1400 1479 1512 1542 τοῖς
1539 1477 1862 1552 Ἐγκαινίοις
1959 1493 1970 1504 ·

288 1573 574 1626 ἐπίσκοποι
628 1573 972 1642 ἐνενήκοντα,
1035 1569 1268 1641 ὑπατείᾳ
1333 1569 1704 1640 Μαρκελλίνου
1767 1569 1860 1622 καὶ

291 1666 579 1736 Προϐίνου,
607 1664 925 1726 ίνδικτιῶνος
946 1663 1026 1730 ιδ’,
1049 1663 1164 1716 ἐκεῖ
1179 1663 1343 1724 ’ὄντος
1367 1659 1739 1714 Κωνσταντίου
1765 1659 1858 1713 τοῦ

287 1761 670 1815 ἀσεϐεστάτου.
699 1757 885 1812 Ταῦτα
941 1757 1246 1828 πράξαντες
1307 1759 1364 1808 ὲν
1402 1755 1701 1825 Ἀντιοχείᾳ
1751 1755 1860 1815 τοῖς

301 1852 648 1920 Ἑγκαινίοις,
681 1821 1001 1918 νομίσαντες
1054 1848 1110 1901 δὲ
1143 1847 1216 1918 μὴ
1237 1846 1456 1910 τελείως
1487 1821 1852 1916 γεγραςρέναι,
1892 1821 1936 1880 Β

291 1944 632 2014 ῥεμϐομένην
659 1943 716 1996 δὲ
738 1943 836 2013 τὴν
860 1941 1094 1994 διάνοιαν
1115 1939 1348 2010 ἔχοντες,
1380 1933 1535 2000 αὖθις
1557 1937 1716 1992 πάλιν
1743 1953 1858 1990 συν-

291 2035 528 2089 τιθέασιν
550 2036 676 2090 ᾶλλο
702 2035 932 2109 γράμμα
964 2032 1120 2104 δῆθεν
1163 2031 1291 2102 περὶ
1315 2030 1548 2094 πίστεως
1595 2029 1732 2101 μετὰ
1763 2029 1866 2100 μῆ·

289 2143 386 2191 νας
445 2127 676 2196 ὀλίγους,
739 2129 834 2180 καὶ
879 2123 1295 2180 ἀποστέλλουσιν
1349 2125 1428 2187 είς
1490 2123 1590 2186 τὰς
1639 2122 1864 2186 Γαλλίας

291 2219 619 2292 Νάρκισσον,
653 2221 853 2290 Μάριν,
879 2217 1151 2286 Θεόδωρον
1193 2216 1288 2270 κα).
1325 2217 1572 2287 Μάρκον.
1609 2216 1865 2268 Κάκεῖνοι

292 2313 366 2376 ὡς
387 2313 494 2366 ἀπὸ
523 2311 738 2365 συνόδου
774 2309 1113 2382 πεμφθέντες
1147 2307 1498 2362 ἐπιδεδώκασι
1532 2305 1609 2378 τῷ
1635 2305 1735 2375 τῆς
1765 2323 1866 2376 μα-

293 2403 488 2476 καρίας
521 2404 744 2475 μνήμης
789 2402 1106 2458 Κώνσταντι
1149 2399 1226 2471 τῷ
1279 2399 1592 2469 Αὐγούστῳ,
1623 2398 1718 2452 καὶ
1757 2402 1867 2463 τοῖς

294 2498 408 2550 ἐκεῖ
435 2497 589 2558 πᾶσι,
613 2495 782 2548 ταῦτα
802 2512 818 2526 ·

368 2587 481 2659 (92)
512 2607 532 2640 ι
563 2587 898 2656 Πιστεύομεν
927 2588 1006 2649 εἰς
1039 2585 1134 2639 ἕνα
1165 2585 1295 2638 Θεὸν
1321 2585 1454 2657 (93),
1489 2582 1707 2654 Πατέρα
1735 2599 1868 2635 παν-

295 2680 619 2752 τοκράτορα,
659 2680 884 2750 κτίστην
917 2679 1012 2732 καὶ
1039 2678 1268 2748 ποιητὴν
1308 2677 1416 2730 τῶν
1447 2675 1683 2738 πάντων,
1713 2674 1774 2738 ἐξ
1807 2667 1868 2728 οῦ

299 2775 446 2827 πᾶσα
498 2770 708 2842 πατριά
743 2774 800 2824 ὲν
858 2770 1104 2840 οὐρανοῖς
1143 2770 1235 2822 καὶ
1268 2768 1359 2820 ἐπὶ
1391 2767 1494 2836 γῆς
1524 2767 1866 2836 ὀνομάζεται·

299 2868 392 2920 καὶ
415 2867 497 2930 εἰς
523 2867 616 2918 τὸν
645 2863 908 2935 μονογενῆ
934 2861 1100 2915 αὐτοῦ
1159 2861 1288 2915 Υἱὺν
1333 2861 1422 2914 τὸν
1473 2861 1675 2932 Κύριον
1714 2859 1870 2930 ἡμῶν

309 2957 514 3030 Ἰησοῦν
553 2957 807 3029 Χριστὸν,
831 2957 922 3008 τὸν
947 2955 1051 3026 πρὸ
1073 2953 1289 3008 πάντων
1316 2953 1422 3006 τῶν
1455 2953 1664 3008 αἰώνων
1693 2954 1757 3006 ὲκ
1778 2951 1870 3005 τοῦ

299 3050 511 3122 Πατρὸς
539 3047 886 3118 γεννηθέντα·
938 3047 1067 3099 Θεὸν
1111 3048 1175 3100 ἐκ
1215 3045 1368 3108 Θεοῦ,
1408 3044 1523 3114 φῶς
1569 3048 1634 3098 ὲκ
1673 3043 1866 3113 φωτός·

1946 581 2108 635 quem
2141 579 2238 633 per
2276 560 2594 634 prophetam
2639 557 2888 628 promisit
2937 553 3078 612 Deus
3114 572 3171 612 se
3199 556 3498 614 cﬂ‘usurum

1947 671 2113 727 super
2139 670 2326 711 servos
2353 669 2483 709 suos
2504 653 2548 717 ⁸,
2581 659 2634 706 et
2659 651 2919 706 Dominus
2941 649 3188 720 promisit
3209 666 3268 706 se
3296 653 3498 708 missu-

1946 766 2067 804 rum
2101 748 2215 804 suis
2239 746 2517 816 discipulis
2541 747 2584 812 ',
2617 760 2775 814 quem
2807 744 2969 800 etiam
3001 742 3181 810 misit,
3214 752 3270 800 ut
3295 753 3498 800 testan-

1949 847 2038 894 tur
2075 839 2444 908 apostolorum
2475 837 2610 898 Acta
2639 837 2702 892 “.
2761 836 2819 892 Si
2866 835 2988 906 quis
3019 845 3197 896 autem
3224 839 3500 908 quidpiam

1950 941 2143 1001 praeter
2175 930 2314 986 hanc
2357 931 2516 986 ﬁdem
2549 929 2740 994 docet,
2771 930 3023 986 autintra
3053 945 3112 986 se
3138 930 3302 984 sentit
3326 970 3341 994 ,
3372 947 3501 986 ana—

1951 1025 2133 1078 thema
2182 1033 2316 1080 esto.
2385 1021 2452 1083 Et
2499 1023 2596 1092 qui
2642 1037 2766 1076 cum
2808 1020 3058 1076 Marcello
3094 1022 3320 1093 Ancyra;
3345 1063 3362 1088 ,
3409 1035 3504 1080 aut

1954 1113 2226 1183 Sabellio,
2259 1115 2343 1170 vel
2371 1113 2539 1169 Paulo
2567 1113 2936 1170 Samosatensi
2972 1113 3174 1177 sentit,
3217 1115 3502 1172 anathema

1953 1208 2002 1264 is
2032 1222 2247 1279 quoque
2271 1207 2359 1274 sit,
2392 1215 2445 1262 et
2463 1206 2782 1276 quicunque.
2802 1219 2924 1259 cum
2949 1219 3014 1260 eo
3035 1207 3526 1266 communicant».

2029 1489 2130 1546 25..
2153 1487 2321 1544 Porro
2343 1487 2434 1557 qui
2468 1486 2534 1542 ad
2569 1485 3218 1541 Eneaeniaconvenerant
3245 1485 3509 1555 episcopi,

1960 1580 2252 1650 nonaginta
2284 1591 2511 1632 numero
2555 1583 2730 1640 erant,
2767 1591 2912 1630 coss.
2957 1575 3268 1630 Marcellino
3297 1583 3350 1628 et
3377 1573 3532 1629 Pro-.

1961 1673 2114 1738 hino,
2146 1669 2443 1726 indictione
2472 1669 2559 1734 t4,
2587 1682 2710 1721 cum
2738 1667 2812 1722 ibi
2836 1676 2980 1722 esset
2999 1667 3355 1738 impiissimus
3374 1665 3517 1730 Con-

1964 1765 2218 1820 stantius.
2249 1759 2375 1817 Haec
2399 1775 2522 1816 cum
2549 1757 2850 1813 Antiochiae
2870 1756 3246 1812 Encaaniorum
3274 1766 3518 1827 tempore

1969 1856 2288 1927 gessissent,
2324 1854 2430 1908 rati
2482 1867 2540 1908 se
2594 1849 2846 1916 nondum,
2887 1848 3124 1918 perfecte
3160 1848 3318 1903 ﬁdem
3360 1863 3518 1906 suam

1965 1948 2272 2016 scripsisse,
2313 1953 2496 2013 utpote
2536 1941 2818 1996 ﬂuctuanti
2849 1949 3027 1996 mente
3057 1939 3268 2010 praediti
3299 1957 3314 2005 ;
3372 1939 3519 1994 aliud

1965 2038 2146 2092 denuo
2195 2035 2364 2092 edunt
2400 2035 2468 2089 de
2507 2033 2612 2088 ﬁde
2643 2030 2966 2099 rescriptum
3005 2031 3193 2100 paucis
3225 2028 3519 2097 interjectis

1965 2127 2250 2184 mensibus
2281 2144 2296 2181 :
2329 2136 2492 2196 atque
2531 2123 2871 2186 Narcissum,
2911 2121 3105 2186 Marin,
3152 2118 3518 2184 Theodorum,

1965 2229 2020 2276 et
2063 2220 2304 2275 Marcum
2349 2219 2406 2274 in
2445 2218 2648 2274 Gallias
2690 2217 2910 2273 mittunt
2947 2233 2960 2268 :
3015 2213 3106 2283 qui
3137 2211 3306 2281 ,quasi
3359 2226 3388 2264 a
3433 2225 3525 2281 sy-

1966 2311 2112 2366 nodo
2145 2311 2330 2382 legati,
2366 2311 2481 2366 haec
2509 2311 2684 2366 beatae
2723 2308 3001 2363 memoriae
3028 2305 3312 2360 Constanti
3335 2307 3522 2375 Augu-

1968 2415 2074 2472 sto,
2102 2417 2156 2461 et
2178 2404 2388 2460 caeteris
2419 2404 2512 2475 qui
2538 2403 2786 2468 aderant,
2825 2401 3162 2456 tradiderunt
3188 2417 3202 2452 :

2045 2603 2064 2634 ι
2088 2582 2374 2638 Credimus
2419 2581 2474 2634 in
2514 2595 2682 2634 unum
2717 2578 2911 2644 Deum,
2936 2573 3150 2628 Patrem
3181 2573 3524 2641 omnipoten-

1971 2685 2103 2740 tem,
2135 2675 2472 2730 conditorem
2513 2683 2568 2728 et
2589 2671 2850 2726 factorem
2890 2669 3154 2732 omnium,
3187 2681 3250 2721 ex
3274 2680 3382 2734 quo
3409 2678 3528 2718 om-

1969 2767 2055 2821 nis
2105 2763 2404 2835 paternitas
2435 2763 2488 2817 in
2534 2761 2687 2816 melis
2715 2769 2768 2815 et
2802 2759 2856 2812 in
2887 2767 3032 2814 terra
3083 2755 3410 2812 nominatur.
3462 2752 3530 2807 Et

1972 2857 2028 2912 in
2061 2856 2399 2926 unigenitum
2431 2853 2550 2924 ejus
2603 2851 2800 2906 Filium
2837 2849 3122 2904 Dominum
3163 2855 3408 2902 nostrum
3440 2841 3532 2898 Je-

1973 2965 2095 3006 sum
2145 2949 2426 3004 Christum
2453 2984 2470 3012 ,
2516 2951 2643 2999 ante
2681 2942 2864 2998 omnia
2906 2941 3102 2997 saecula
3136 2953 3202 2994 ex
3233 2937 3394 2990 Patre
3431 2951 3530 2990 na-

1975 3052 2088 3098 tum
2125 3059 2140 3106 ;
2177 3039 2344 3094 Deum
2384 3054 2449 3093 ex
2475 3036 2609 3101 Deo,
2639 3038 2820 3091 lumen
2847 3050 2914 3089 ex
2944 3033 3148 3087 lumine
3177 3047 3192 3096 ;
3225 3045 3319 3100 per
3365 3043 3530 3098 quem

301 3142 366 3196 δι’
392 3137 453 3197 οῦ
484 3141 700 3212 ἐγένετο
733 3139 800 3194 τά
825 3139 1004 3193 πάντα
1028 3139 1217 3202 ἐντοῖς
1249 3138 1495 3210 οὐρανοῖς
1524 3137 1616 3192 καὶ
1649 3135 1742 3190 ἐπὶ
1775 3135 1873 3206 τῆς

1979 3138 2158 3194 omnia
2191 3135 2332 3190 facta
2377 3142 2504 3190 sunt
2529 3133 2585 3186 in
2613 3131 2768 3186 caelis
2806 3137 2861 3184 et
2909 3127 2966 3181 in
2997 3135 3188 3188 terra,
3215 3122 3447 3178 visibilia
3474 3131 3531 3177 et

301 3235 404 3305 γῆς
433 3234 568 3305 (94),
593 3234 662 3287 τά
687 3234 857 3304 ὁρατά
885 3233 977 3286 καὶ
1019 3231 1084 3285 τὰ
1113 3231 1336 3303 ἀόρατα·
1386 3231 1557 3297 Λόγον
1596 3229 1744 3290 ὄντα,
1783 3228 1876 3280 καὶ

307 3323 514 3392 σοφίαν,
547 3323 642 3375 καὶ
677 3321 925 3391 δύναμιν,
967 3322 1060 3374 καὶ
1087 3319 1254 3390 ζωὴν,
1305 3319 1399 3371 καὶ
1437 3318 1552 3387 φῶς
1605 3317 1874 3388 ἀληθινόν-

305 3415 394 3469 τδν
420 3415 506 3467 ἐπ’
545 3413 787 3483 ἐσχάτων
831 3411 937 3464 τῶν
996 3412 1216 3482 ἡμερῶν
1257 3411 1324 3464 δι’
1356 3412 1501 3482 ἡμᾶς
1537 3411 1881 3481 ὲνανθρωπή-

310 3523 498 3571 σαντα,
539 3509 634 3561 καὶ
653 3506 978 3578 γεννηθέντα
1018 3508 1084 3565 ἐκ
1105 3507 1204 3574 τῆς
1254 3503 1414 3571 ἁγίας
1448 3502 1744 3574 Παρθένου,
1790 3502 1880 3552 τὸν

309 3601 712 3672 σταυρωθέντα,
737 3601 830 3654 καὶ
859 3599 1212 3662 ἀποθανόντα,
1245 3598 1336 3651 καὶ
1361 3595 1618 3666 ταφέντα·
1644 3595 1735 3648 καὶ
1755 3596 1884 3647 ἀνα-

312 3693 510 3748 στάντα
531 3695 595 3745 ἐκ
628 3694 833 3764 νεκρῶν
857 3696 924 3764 τῇ
948 3694 1107 3765 τρίτῃ
1138 3693 1341 3764 ἡμέρᾳ,
1367 3693 1462 3744 καὶ
1510 3689 1883 3759 ἀναληφθέντα

311 3788 390 3850 εἰς
418 3786 644 3856 οὐρανὸν
676 3785 811 3857 (95),
840 3789 932 3840 καὶ
984 3785 1318 3841 καθεσθέντα
1363 3786 1420 3842 ὲν
1466 3783 1613 3853 δεξιᾷ
1655 3781 1748 3834 τοῦ
1782 3783 1886 3834 Πα-

312 3877 453 3947 τρόςο
485 3878 580 3931 καὶ
606 3877 898 3948 ἐρχόμενον
919 3878 1009 3930 ἐπὶ
1040 3875 1316 3946 συντελείᾳ
1360 3874 1452 3927 τοῦ
1483 3873 1674 3936 αἰῶνος
1707 3875 1884 3942 κρῖναι

315 3969 516 4033 ζῶντας
551 3971 645 4022 καὶ
668 3971 912 4040 νεκροὺς,
953 3969 1045 4024 κα)⁴
1098 3966 1385 4026 ἀποδοῦναι
1412 3965 1624 4034 ἑκάστῳ
1649 3963 1788 4016 κατά
1818 3960 1888 4013 τὰ

315 4059 447 4131 ἔργα
475 4060 664 4112 αὐτοῦ·
689 4051 749 4111 οῦ
782 4063 815 4129 ἡ
848 4058 1088 4128 βασιλεία
1113 4055 1446 4118 άκατάλυτος
1477 4053 1585 4126 (96)
1617 4047 1749 4104 οὖσα
1775 4051 1888 4104 δια-

319 4153 464 4222 μένει
496 4155 578 4216 εἰς
609 4153 750 4214 τοὺς¹
773 4151 1028 4224 ἀπείρους
1058 4152 1274 4213 αἰῶνας.
1311 4151 1504 4202 Ἔσται
1539 4145 1647 4216 γάρ
1669 4142 1889 4208 καθεζό-

323 4262 475 4313 μενος
521 4247 580 4297 ἐν
625 4243 774 4313 δεξιᾷ
801 4244 893 4296 τοῦ
927 4245 1159 4314 Πατρός,
1211 4243 1269 4295 οὐ
1311 4240 1468 4312 μόνον
1514 4239 1570 4290 ὲν
1604 4236 1682 4307 τῷ
1734 4233 1888 4287 αἰῶνι

319 4335 508 4405 τούτῳ,
539 4334 676 4388 ἀλλά
705 4336 798 4388 καὶ
823 4337 882 4388 ἐν
938 4335 1014 4405 τῷ
1051 4334 1308 4404 μέλλοντι·
1342 4333 1444 4385 καὶ·
1492 4333 1572 4394 εἰς
1633 4329 1693 4381 τὸ
1737 4327 1889 4395 ἆγιῡν

322 4427 562 4498 Πνεῦμα,
596 4428 861 4490 τουτέστι,
887 4427 976 4480 τὸν
1009 4425 1361 4498 Παράκλητον
1393 4424 1522 4496 (97)·
1561 4424 1696 4493 ὅπερ
1723 4423 1892 4487 ἐπαγ-

321 4518 635 4587 γειλάμενος
668 4519 778 4579 τοῖς
811 4516 1142 4578 ἀποστόλοις,
1173 4513 1311 4584 μετά
1363 4512 1462 4583 τὴν
1511 4513 1588 4574 εἰς
1634 4508 1891 4580 οὐρανοὺς

324 4607 480 4659 αὐτοῦ
513 4606 698 4660 ἄνοδον
723 4605 1027 4666 ἀπέστειλε,
1056 4605 1260 4670 διδάξαι
1305 4605 1497 4667 αὐτοὺς
1525 4603 1616 4655 καὶ
1645 4599 1886 4670 ὑπομνῆ-

328 4716 412 4754 σαι
437 4703 634 4754 πάντα’
668 4701 733 4752 δι’
766 4693 827 4752 οὗ
853 4701 946 4754 καὶ
975 4699 1391 4767 ἁγιασθήσονται
1435 4697 1492 4752 αἱ
1518 4695 1626 4748 τῶν
1665 4694 1900 4764 εἰλικριο.

393 4837 415 4864 ⁸
446 4833 562 4890 Joel
601 4851 676 4898 ιι,
712 4835 802 4888 9.8.
877 4837 898 4866 °
935 4832 1088 4888 Joan.
1123 4849 1213 4898 xv,
1244 4831 1332 4884 26.
1409 4829 1454 4861 ¹⁰
1489 4827 1609 4883 Act.
1646 4841 1706 4880 ιι.

397 4993 508 5064 (90)
542 4991 682 5064 Post
725 4993 844 5064 haec
885 4985 1592 5064 addideruntParisienses
1619 4981 1686 5036 de
1714 4994 1884 5064 more,

331 5053 502 5116 ταῦτα
529 5061 856 5132 Θεοφρόνιος
879 5101 892 5124 ,
925 5075 1046 5132 quae
1091 5075 1200 5112 non
1227 5057 1494 5112 habentur
1539 5053 1595 5105 in
1623 5065 1754 5106 mss.
1790 5063 1892 5102 nec

333 5134 432 5188 nisi
460 5130 764 5195 Latine,'in
797 5131 926 5185 edit.
955 5130 1166 5184 Comm.

399 5187 512 5274 (91)
553 5201 628 5256 De
654 5187 746 5274 his
785 5202 906 5255 vide
959 5198 1172 5274 Sperat.
1221 5198 1423 5274 l_ib._ll,
1447 5208 1506 5274 _c.
1538 5189 1627 5258 18,
1666 5187 1886 5244 Sozom.

334 5264 428 5328 lib.
461 5264 540 5340 ιιί,
575 5287 623 5325 c.
651 5272 704 5332 5,
741 5281 794 5326 et
820 5286 942 5338 quae
967 5270 1205 5340 diximus
1235 5269 1288 5321 in
1317 5264 1538 5340 Monito.

405 5328 540 5410 (92),
571 5328 778 5407 Quarta
833 5328 952 5394 ﬁdei
1021 5339 1251 5392 formula
1312 5335 1532 5410 scripta-
1570 5345 1712 5410 anno

402 5399 511 5484 (95)
552 5399 616 5465 Ιῆ
652 5413 782 5484 edit.
813 5410 1132 5484 Parisie_ns._
1161 5399 1480 5484 praepositus
1509 5400 1610 5484 fuit
1629 5399 1728 5484 hic
1758 5399 1888 5484 titiu-

333 5469 438 5546 ιυέ,
461 5469 624 5564 ἑτέρα
655 5481 889 5562 πίστεως
914 5469 1189 5564 ὁμολογία,
1223 5469 1646 5564 qui‘non‘eiltstat
1671 5469 1883 5564 lanSS.

337 5537 438 5608 nec
464 5537 570 5608 nisi
603 5549 798 5604 Latine
824 5537 885 5602 in
903 5537 1032 5604 edit.
1065 5537 1276 5601 Comm.
1311 5543 1434 5597 llaec
1463 5541 1584 5594 lidei
1617 5537 1914 5608 confessio.

339 5606 562 5678 habetur
589 5621 732 5689 apud
777 5618 931 5674 Socr.
963 5619 1127 5689 lib,"
1273 5615 1359 5689 is.
1395 5611 1462 5689 Et
1488 5610 1630 5680 apud
1662 5606 1886 5689 Niceph.

339 5675 529 5756 ιίὺζίιὲζ
553 5709 602 5746 c.
623 5675 716 5743 ‘10.
756 5689 910 5742 Socr.
943 5689 993 5740 in
1021 5675 1601 5756 odit.'Christo_phor'_s_i.,
1629 5675 1912 5756 πιστεύων

339 5745 748 5824 iani'va’lc’siana,
783 5757 1126 5827 πιστεύομεν.
1171 5755 1312 5809 Infra
1366 5745 1494 5822 “€3-
1531 5751 1683 5806 δαῖτ’
1713 5757 1766 5803 εί
1799 5745 1890 5800 Μ’

1978 3229 2274 3285 invisibilia
2306 3246 2322 3293 ;
2356 3227 2446 3296 qui
2482 3233 2566 3280 est
2613 3223 2870 3285 Verbum,
2907 3219 3191 3289 sapientia,
3237 3215 3478 3287 potentia
3513 3252 3530 3276 ,

1977 3323 2088 3376 vita
2117 3331 2169 3374 et
2197 3321 2288 3374 lux
2317 3333 2466 3372 vera.
2495 3316 2601 3383 Qui
2645 3315 2700 3369 in
2739 3311 3056 3368 novissimis
3087 3309 3281 3364 diebus
3309 3314 3533 3376 propter

1979 3429 2082 3468 nos
2129 3411 2296 3466 homo
2347 3409 2546 3471 factus,
2580 3415 2636 3462 et
2669 3415 2834 3460 natus
2862 3410 2946 3458 est
2975 3417 3052 3457 ex.
3075 3408 3262 3456 sancta
3291 3396 3532 3468 Virgine,

1981 3501 2275 3554 cruciﬁxus
2303 3500 2487 3560 etiam,
2525 3503 2774 3549 mortuus
2817 3502 2870 3546 et
2899 3491 3143 3562 sepultus
3167 3495 3308 3553 .est;
3353 3495 3406 3540 et
3444 3498 3554 3540 re»

1983 3591 2224 3647 surrexit
2247 3605 2313 3644 ex
2353 3588 2582 3643 mortuis
2611 3585 2768 3641 tertia
2803 3581 2912 3649 die,
2941 3591 2994 3637 et
3021 3586 3333 3646 assumptus
3371 3575 3532 3630 estin

1983 3687 2204 3751 coelum,
2240 3685 2498 3752 sedetque
2527 3681 2592 3736 ad
2633 3681 2912 3734 dexteram
2940 3674 3138 3729 Patris.
3181 3669 3246 3723 Et
3277 3677 3536 3723 venturus

1983 3785 2064 3831 est
2113 3777 2170 3828 in
2220 3771 2692 3829 consummatione
2744 3765 2926 3822 saeculi
2975 3762 3222 3833 judicare
3267 3758 3419 3812 vivos
3483 3763 3538 3808 et

1984 3873 2228 3921 mortuos
2255 3905 2270 3930 ,
2321 3873 2374 3918 et
2415 3861 2639 3916 reddere
2689 3855 2985 3924 unicuique
3023 3850 3318 3908 secundum
3374 3861 3556 3924 operat

1986 3972 2133 4022 sua;
2160 3953 2315 4022 cujus
2353 3965 2578 4023 regnum
2615 3947 3023 4002 interminatum
3054 3945 3336 4010 permanet
3369 3937 3424 3989 in
3455 3935 3538 3987 in-

1987 4048 2139 4102 ﬁnita
2187 4043 2405 4099 saecula.
2456 4039 2674 4095 Sedebit
2721 4035 2863 4091 enim
2913 4033 2980 4088 ad
3028 4029 3302 4086 dexteram
3338 4025 3537 4087 Patris,

1987 4156 2094 4195 non
2125 4137 2302 4194 solum
2333 4136 2386 4189 in
2417 4135 2519 4188 hoc
2549 4131 2768 4192 saeculo,
2809 4127 2904 4183 sed
2952 4126 3113 4180 etiam
3153 4123 3207 4176 in
3240 4120 3438 4174 futuro.
3472 4115 3562 4169 Et'

1989 4233 2044 4285 in
2095 4229 2357 4298 Spiritum
2393 4235 2661 4286 sanctum,
2708 4221 2764 4276 id
2807 4227 2909 4284 est,
2947 4213 3280 4270 Paracletum
3318 4227 3332 4277 ;
3377 4223 3537 4278 quem

1990 4321 2251 4390 apostolis
2281 4317 2573 4389 pollicitus,
2605 4321 2728 4384 post
2757 4325 2916 4366 suum
2957 4307 3025 4362 ad
3057 4305 3224 4361 caelos
3257 4313 3542 4356 ascensum

1991 4409 2161 4472 misit,
2197 4417 2258 4461 ut
2313 4408 2530 4461 doceret
2588 4405 2710 4458 illos
2763 4409 2817 4456 et
2857 4403 3162 4470 suggereret
3195 4390 3416 4453 omnia;
3449 4402 3545 4457 per

1923 4495 1966 4550 D
1997 4517 2159 4570 quem
2208 4499 2370 4553 etiam
2411 4493 2893 4552 sanctiﬁeabuntur
2939 4488 3132 4542 animae
3178 4484 3393 4537 illorum
3451 4475 3545 4545 qui

1993 4595 2203 4651 sincere
2257 4595 2310 4646 in
2369 4592 2548 4662 ipsum
2586 4585 2930 4644 crediderint.
2961 4580 3086 4636 Illos
3124 4586 3300 4632 autem
3340 4571 3432 4642 qui
3461 4568 3544 4624 di-

1994 4699 2148 4754 cunt,
2183 4703 2254 4744 ex
2277 4661 2396 4744 non
2424 4681 2762 4746 exstantibus
2799 4677 3022 4744 Filium,
3045 4681 3137 4728 aut
3175 4686 3240 4725 ex
3276 4661 3548 4721 aliasub—

1985 4975 2142 5044 cepit.-
2168 5014 2183 5039 ,
2234 4968 2484 5040 ποιητὴν.
2508 4966 2615 5018 τῶν
2665 4963 2898 5016 πάντων.
2952 4955 3130 5020 Editi,
3169 4949 3392 5020 ποιητὴν
3435 4945 3544 5000 τῶν

1987 5047 2174 5097 ὄντων.

2217 5108 2464 5182 SieReg.
2488 5104 2654 5182 Socr.
2685 5099 2906 5182 ljiceph.
2938 5103 2990 5149 et
3021 5093 3148 5148 edit.
3181 5089 3353 5143 Paris.
3385 5086 3531 5141 Ed'it.

1987 5173 2198 5238 Comm.
2231 5181 2390 5246 male,
2417 5173 2636 5246 καὶ-τῆς
2659 5173 2778 5246 γῆς.
2854 5237 2864 5246 .
2924 5235 2936 5246 ,
3008 5233 3025 5246 ,
3076 5232 3093 5246 ,
3144 5229 3198 5246 Α,
3260 5245 3263 5246 ν
3422 5225 3499 5246 μ,

2034 5229 2457 5322 et
2493 5229 2755 5312 Nice'pl'ﬁ,
2783 5237 2877 5292 καὶ
2915 5229 3270 5302 ἀνεληλυθότα
3310 5229 3388 5288 είς
3418 5229 3546 5306 τούς

2029 5321 2252 5353 sumi.
2323 5317 2440 5353 ιιην
2485 5315 2642 5353 ῑςδρηιι
2689 5319 2743 5353 ρι
2785 5307 2940 5353 Περ..
3001 5299 3347 5353 καθεσθέντα.
3381 5295 3545 5353 Editr,

1991 5307 2272 5394 οὐρανούς.
2323 5307 2644 5375 Moxiiden'i
2689 5319 2743 5363 et
2785 5307 2940 5374 Reg,
3001 5307 3347 5379 καθεσθέντα.
3381 5307 3545 5374 uniti;

1994 5392 2374 5461 καθεζόμενον.
2421 5385 2590 5439 Paulo
2621 5389 2744 5450 post
2775 5375 2983 5430 Socrat.
3015 5383 3066 5424 et
3093 5367 3402 5438 Nicephor.,
3437 5379 3544 5416 των

1997 5467 2433 5600 αἰῗόἓῗέοεται.
2462 5531 2516 5576 et
2545 5517 2854 5600 iiicepliorq
2888 5510 3367 5600 ιΞικιιτςίιξταυρτρίςξ..⁵ε

2467 5572 2879 5674 ὲὶιΝἰὲέμΙινοιξί,
2916 5582 3006 5633 καὶ
3035 5580 3114 5641 εἰς
3139 5578 3198 5630 τὸ
3232 5572 3453 5643 Πνεῦμα
3483 5572 3547 5630 εδ

1997 5653 2176 5734 ἆγῖονί
2199 5664 2465 5728 τουτέστι,
2497 5662 2588 5714 τὸν
2615 5653 2986 5728 Παράκλητον.
