3914 6222
390 288 493 344 ἹΞῚ

727 285 743 293 ”
833 314 841 320 -
945 285 1003 339 S.
1046 272 1417 341 ATHANASII
1459 286 1607 342 OPP.
1650 287 1829 342 PARS
1859 286 1899 342 Ι.
1930 317 2000 329 -—
2036 288 2412 345 lllS'l‘ORlCA
2449 288 2538 344 ET
2572 286 2994 344 DOGMATICA.

3497 285 3599 340 728

384 395 605 466 stantia,
635 413 690 460 et
711 419 818 459 non
844 416 910 457 ex
936 402 1045 458 Deo
1073 417 1229 459 esse:
1262 410 1335 471 et,
1361 401 1460 457 fuit
1492 403 1936 471 aliquando'tem-

2049 407 2150 472 νῶς
2174 410 2253 472 είς
2281 407 2440 461 αὑτὸν
2471 405 2906 461 πεπιστευκότων
2935 403 3123 475 ψυχαί.
3170 402 3308 467 Τοὺς
3343 402 3401 456 δὲ
3432 403 3614 474 λέγον-

381 515 507 572 prs,
550 512 659 568 quo
701 511 810 551 non
841 505 980 562 erat,
1023 496 1230 551 alienos
1267 498 1512 567 agnoscit
1557 495 1801 553 Ecclesia
1846 514 1943 553 ca-

379 588 435 641 th
444 585 602 642 alica.
656 603 675 637 ι

444 755 538 815 96.
571 758 700 825 Sed,
730 759 887 830 quasi
907 775 965 816 se
992 761 1183 817 horum
1219 761 1523 832 pceniteret,
1549 778 1766 817 rursum
1815 772 1941 832 post

382 859 496 905 tres
524 865 696 905 annos
722 851 1011 907 concilium
1042 867 1199 906 suum
1222 860 1536 923 coegerunt,
1565 854 1943 924 miseruntque

380 940 708 1002 Eudoxium,
738 939 1080 1012 Martyrium,
1128 950 1183 995 et
1217 941 1616 1008 Macedoniam,
1650 944 1702 998 in
1753 943 1941 1000 Cilicia

379 1028 693 1101 episcopum
714 1071 729 1096 ,
761 1047 885 1087 cum
918 1032 1094 1102 iisque
1120 1033 1256 1089 alios
1287 1034 1575 1104 quosdam,
1612 1036 1664 1090 in
1707 1035 1939 1103 Italiam,

379 1119 476 1191 qui
506 1122 628 1177 ﬁ'dei
655 1121 942 1178 formulam
975 1124 1226 1193 plurimis
1255 1127 1618 1196 conscriptam
1642 1126 1937 1192 deferrent,

380 1212 677 1282 multisque
712 1213 1091 1269 additamentis
1125 1217 1423 1271 auctiorem
1474 1233 1636 1286 quam
1686 1220 1938 1287 superio-

379 1318 468 1357 res
498 1318 513 1367 ;
545 1318 668 1357 nam
700 1304 857 1373 quasi
907 1306 1210 1360 recentiora
1238 1306 1483 1376 quasdam
1514 1308 1938 1379 exeogitassent,

380 1393 495 1447 haec
526 1407 708 1448 secum
744 1393 998 1448 attulere.

449 1482 491 1537 l.
532 1503 551 1535 ι
574 1482 859 1539 Credimus
913 1484 968 1539 in
1018 1500 1185 1539 unum
1221 1485 1413 1553 Deum,
1450 1486 1663 1542 Patrem
1689 1491 1940 1560 omnipo-

378 1584 603 1641 tentem,
651 1585 952 1632 creatorem
985 1586 1036 1633 et
1070 1577 1332 1633 factorem
1381 1580 1624 1635 omnium
1653 1621 1669 1645 ,
1705 1596 1771 1636 ex
1829 1598 1939 1653 quo

381 1667 558 1723 omnis
583 1669 883 1737 paternitas
910 1669 963 1723 in
994 1669 1134 1725 caelo
1163 1678 1219 1725 et
1249 1670 1302 1723 in
1332 1679 1474 1725 terra
1508 1673 1842 1729 nominatur.
1873 1672 1939 1728 Et

378 1757 435 1812 in
469 1759 807 1829 unigenitum
837 1760 958 1831 ejus
988 1760 1188 1817 Filium
1226 1761 1519 1818 Dominum
1555 1773 1802 1820 nostrum
1846 1764 1940 1820 Je-
1970 1766 2012 1821 Β

377 1863 498 1903 sum
527 1848 830 1917 Christum,
864 1851 1025 1923 59o
1069 1861 1196 1908 ante
1239 1854 1423 1909 omnia
1462 1856 1656 1910 saecula
1685 1871 1751 1911 ex
1779 1854 1940 1912 Patre

378 1947 565 1994 natum
595 1958 610 1995 :
641 1940 810 1995 Deum
845 1956 912 1996 ex
940 1941 1072 2006 Deo,
1107 1942 1291 1998 lumen
1311 1959 1379 1999 ex
1402 1944 1626 2011 lumine,
1657 1960 1754 2015 per
1776 1960 1937 2014 quem

377 2030 563 2084 omnia
590 2027 728 2085 facta
754 2040 903 2095 sunt,
942 2031 997 2084 in
1031 2032 1185 2087 cmlis
1228 2040 1282 2086 et
1320 2033 1374 2087 in
1428 2041 1592 2098 terra,
1620 2034 1857 2090 visibilia
1885 2044 1939 2090 et

376 2118 714 2188 invisibilia;
749 2123 842 2191 qui
892 2130 975 2177 est
1030 2121 1288 2187 Verbum,
1342 2125 1628 2194 sapientia,
1674 2125 1936 2194 potentia,

375 2213 486 2268 vita
513 2221 568 2268 et
597 2212 690 2267 lux
722 2229 872 2270 vera.
905 2214 1008 2280 Qui
1042 2215 1097 2269 in
1128 2216 1445 2272 novissimis
1494 2218 1687 2274 diebus
1717 2227 1938 2289 propter

377 2317 481 2358 nos
503 2303 667 2359 homo
691 2302 868 2361 factus
898 2315 1002 2371 est,
1042 2314 1097 2361 et
1135 2318 1296 2363 natus
1330 2316 1412 2363 est
1438 2324 1503 2364 ex
1533 2320 1721 2364 sancta
1751 2308 1934 2382 Virgi-

377 2410 468 2460 ne,
495 2397 808 2464 cruciﬁxus,
836 2408 1087 2455 mortuus
1127 2408 1181 2455 et
1212 2402 1454 2470 sepultus
1488 2421 1503 2469 ;
1544 2409 1599 2458 et
1637 2404 1939 2459 resurrexit

377 2504 442 2544 ex
480 2489 709 2545 mortuis
741 2488 1032 2559 tertia'die,
1064 2501 1119 2547 et
1147 2504 1463 2564 assumptus
1487 2504 1570 2551 est
1614 2495 1670 2549 in
1711 2496 1932 2564 coelum,

377 2579 635 2651 sedetque
656 2582 723 2637 ad
753 2584 1028 2639 dexteram
1060 2583 1275 2654 Patris;
1326 2589 1419 2658 qui
1459 2598 1720 2645 venturus
1763 2599 1847 2644 est
1880 2590 1935 2644 in

378 2673 843 2730 consummatione
888 2675 1069 2730 saeculi
1099 2676 1349 2746 judicare
1393 2678 1545 2734 vivos
1574 2689 1625 2734 et
1666 2689 1930 2747 mortuos,

377 2771 431 2819 et
455 2764 679 2820 reddere
716 2765 1011 2837 unicuique
1052 2769 1349 2823 secundum
1380 2786 1543 2838 opera
1591 2787 1689 2825 sua
1725 2790 1739 2837 ;
1773 2772 1934 2840 cujus

378 2871 607 2928 regnum
641 2856 1044 2916 interminatum
1072 2870 1352 2931 permanet
1382 2861 1434 2916 in
1468 2862 1679 2918 inﬁnita
1715 2864 1932 2918 saecula.

381 2933 541 3003 Sedet
579 2950 725 3004 enim
761 2949 828 3004 ad
873 2950 1150 3005 dexteram
1186 2951 1364 3009 Patris
1392 2970 1499 3008 non
1529 2955 1704 3010 solum
1746 2954 1799 3009 in
1833 2953 1936 3009 hoc

379 3039 597 3105 sarculo,
633 3055 822 3094 verum
843 3041 1006 3095 etiam
1036 3043 1091 3096 in
1122 3041 1323 3100 futuro.
1353 3043 1640 3101 Credimus
1666 3045 1827 3100 etiam
1879 3045 1930 3099 in

381 3128 644 3199 Spiritum
693 3138 964 3200 sanctum,
998 3133 1101 3189 hoc
1137 3142 1223 3189 est
1274 3134 1329 3189 in
1379 3134 1742 3202 Paracletum,
1772 3151 1934 3205 quem
1963 3132 2005 3188 C

379 3219 638 3288 apostolis
666 3220 936 3290 pollicitus
982 3231 1104 3291 post
1138 3238 1296 3278 suum
1329 3224 1385 3278 in
1432 3226 1602 3279 caelos
1647 3240 1933 3279 ascensum

379 3310 546 3374 misit,
589 3320 649 3366 ut
694 3312 912 3368 doceret
962 3313 1084 3369 illos
1125 3324 1177 3369 et
1214 3325 1527 3386 suggereret
1579 3318 1759 3372 omnia
1786 3357 1801 3381 ,
1839 3333 1937 3388 per

383 3417 544 3472 quem
577 3404 741 3457 etiam
775 3404 1257 3462 sanctiﬁcabuntur
1278 3408 1475 3464 anima:
1494 3423 1682 3463 eorum
1710 3409 1805 3479 qui
1832 3409 1940 3464 sin-

376 3507 498 3550 cere
531 3494 585 3550 iu
624 3495 772 3550 illum
800 3497 1144 3553 crediderint.

443 3801 507 3859 ll.
543 3822 561 3857 ι
589 3802 715 3860 Illos
741 3813 920 3859 autem
950 3805 1043 3875 qui
1063 3805 1252 3861 dicunt
1270 3802 1466 3860 Filium
1493 3821 1557 3860 ex
1580 3822 1686 3861 non
1710 3816 1934 3861 exstan-

377 3895 540 3962 tibus,
569 3904 663 3951 aut
690 3911 755 3951 ex
788 3896 894 3951 alia
941 3896 1241 3951 substantia
1267 3936 1283 3964 ,
1334 3910 1444 3950 non
1478 3904 1659 3951 autem
1704 3912 1771 3952 ex
1822 3897 1935 3951 Deo

371 4001 533 4054 esse;
592 3994 687 4043 aut
717 3997 931 4058 tempus
960 3987 1255 4058 aliquando
1312 3986 1399 4042 vel
1450 3988 1707 4043 saeculum
1760 3987 1935 4045 fuisse

372 4094 499 4135 cum
532 4095 640 4135 non
676 4089 840 4147 esset,
895 4081 1100 4136 alienos
1143 4080 1392 4152 agnoscit
1431 4081 1701 4137 catholica
1747 4081 1936 4137 Eccle-

375 4167 476 4223 sia.
510 4166 769 4225 Similiter
816 4184 913 4226 eos
967 4170 1062 4239 qui
1097 4169 1291 4225 dicunt
1334 4178 1448 4225 tres
1495 4168 1637 4226 Deos
1661 4186 1802 4237 esse,
1839 4179 1934 4226 aut

372 4258 648 4314 Christum
680 4276 789 4315 non
832 4276 957 4317 esse
990 4260 1158 4318 Deum
1192 4280 1208 4317 :
1244 4269 1340 4317 aut
1381 4276 1505 4317 eum
1554 4271 1681 4317 ante
1731 4265 1930 4320 saecula

374 4364 549 4420 neque
572 4350 849 4407 Christum
879 4367 1021 4420 esse,
1051 4369 1227 4423 neque
1260 4353 1461 4408 Filium
1484 4351 1581 4409 Dei
1609 4373 1622 4409 :
1658 4363 1752 4410 aut
1775 4372 1931 4411 eum-

372 4440 493 4496 dem
518 4456 640 4499 esse
664 4441 879 4499 Patrem
928 4453 1092 4516 atque
1127 4442 1325 4501 Filium
1368 4445 1453 4501 vel
1494 4444 1757 4516 Spiritum
1797 4462 1927 4503 san-
1962 4467 2010 4524 ι)

440 4616 745 4693 (ρεγρυε
789 4620 1332 4693 sequebamur-hie,
1389 4621 1541 4684 τέλος
1581 4621 1787 4693 ταύτης
1831 4621 1934 4693 τῆς

371 4687 659 4759 ὁμολογίας
682 4728 698 4752 ,
740 4687 920 4759 addita
952 4707 983 4745 a
1021 4690 1419 4747 Parisiensibus
1450 4687 1752 4746 editoribus
1776 4731 1791 4753 ,
1831 4687 1931 4746 eii-

371 4767 574 4882 tt’tncta
595 4766 770 4840 .sunt.
795 4758 911 4845 No‘n
948 4761 1094 4815 enim
1124 4761 1394 4816 habentur
1410 4761 1471 4849 .in
1501 4777 1661 4824 mss.,
1692 4777 1792 4816 nec
1825 4762 1932 4817 nisi

453 4839 563 4882 une
593 4844 646 4881 in
689 4829 817 4882 edit.
847 4830 1111 4882 (.ommel.
1157 4829 1299 4882 Infra
1322 4872 1339 4882 .
1367 4831 1527 4882 αυτόε
1573 4843 1694 4882 post
1723 4831 1932 4882 διδάξαι

453 4829 563 4882 line
593 4827 651 4901 in
689 4829 817 4883 edit.
847 4830 1111 4901 Commel.
1157 4829 1300 4886 Infra
1322 4872 1339 4899 ,
1367 4831 1527 4894 αὑτός
1573 4843 1694 4901 post
1723 4831 1932 4896 διδάξαι

372 4898 527 4970 abest
560 4913 605 4970 a_
620 4897 828 4952 Socrat.
857 4909 915 4970 et
931 4898 1221 4970 Nicephor.

442 4966 768 5039 (99)Quiuta
799 4969 924 5024 ﬁdei
949 4966 1181 5026 formula
1202 4971 1399 5039 scripta
1424 4985 1568 5026 anno
1582 4971 1925 5028 344ve1545.

371 5035 496 5112 ᾔτεε
538 5035 683 5092 item
736 5038 858 5112 ﬁdei
939 5039 1205 5112 professio
1298 5035 1478 5112 exstat
1524 5045 1665 5112 apud
1718 5044 1928 5098 Socrat.

369 5107 728 5182 lib_‘ul,__eap.
762 5109 850 5182 li},
875 5107 1102 5180 et’apud
1131 5109 1417 5180 Nicephor.
1444 5113 1541 5166 lib.
1561 5107 1652 5174 'tx,
1680 5128 1799 5182 cap.
1840 5114 1927 5169 ll.

441 5177 517 5247 (ί)
560 5176 773 5234 Titulus
809 5176 1014 5235 Latine
1045 5176 1279 5247 primum
1332 5182 1386 5234 in
1435 5183 1563 5236 edit.
1611 5176 1823 5238 Comm.
1876 5193 1931 5238 et

370 5246 856 5323 Greeceposteain
877 5250 1005 5323 edit.
1038 5246 1330 5306 Parisieus.
1360 5252 1611 5323 praelixus
1637 5254 1733 5317 sic,
1767 5253 1928 5323 ἑτέρα

368 5316 469 5389 τῆς
515 5316 747 5382 πίστεως
775 5319 1063 5390 ὁμολογία,
1113 5322 1170 5375 in
1210 5316 1377 5377 nullis
1413 5322 1641 5376 habetur
1673 5337 1804 5376 mss.
1836 5316 1930 5377 ex-

369 5397 638 5458 punetusq
649 5405 713 5442 ue
738 5403 771 5443 a
799 5391 953 5445 nobis
975 5399 1077 5445 est.

372 5519 387 5534 .
441 5456 515 5534 ρ)
553 5456 673 5534 Τῷν
715 5458 866 5515 deest
906 5462 961 5515 in
1007 5459 1140 5531 Reg.
1161 5499 1178 5527 ,
1209 5460 1327 5516 haec
1356 5460 1463 5515 τῶν
1492 5460 1702 5516 αἰώνων
1733 5461 1929 5518 desunt

366 5528 428 5578 in
453 5528 740 5595 Nicephor.
1095 5528 1113 5531 “

541 5593 778 5679 Socrat.,
796 5597 854 5679 ὲν
876 5601 989 5679 τοῖς
1005 5600 1273 5679 ούρανοϊς.
1291 5598 1414 5656 Mox
1438 5600 1509 5656 τά
1532 5602 1681 5657 deest
1705 5601 1757 5655 in
1791 5601 1922 5674 Reg.

557 5663 791 5739 βοεξκη
820 5668 905 5739 ἐπ’
934 5661 1182 5739 ἐσχάτου.

463 5730 521 5801 5)
560 5730 633 5785 Ita
666 5730 818 5806 Reg”
852 5730 1089 5794 Socr."et
1121 5739 1343 5811 Niceph.
1386 5739 1443 5797 lu
1477 5742 1636 5798 editis
1677 5743 1790 5800 haec
1824 5744 1916 5798 καὶ

2047 518 2145 564 τας
2170 500 2229 566 ἐξ
2248 501 2347 554 οὑκ
2382 500 2549 553 ὄντων
2574 498 2665 552 τὸν
2693 486 2851 561 Υίὸν,
2876 497 2910 567 ἦ
2935 496 2993 562 ὲξ
3022 495 3214 567 ἐτέρας
3246 495 3611 563 ὑποστάσεως,
3695 570 3701 577 _

2049 592 2143 644 καὶ
2176 591 2251 662 μὴ
2274 592 2338 645 ὲκ
2363 590 2455 644 τοῦ
2482 589 2635 642 Θεοῦ·
2692 588 2809 653 καὶ,
2846 583 2955 642 Ἦν
2988 604 3117 641 ποτε
3157 589 3367 660 χρόνος,
3393 588 3482 641 ὅτε
3515 590 3616 644 οὐκ

2050 675 2136 751 ἧν,
2173 680 2484 751 ἀλλοτρίους
2516 676 2652 733 οἶδεν
2681 678 2998 751 ἡκαθολικὴ
3046 677 3339 747 Ἐκκλησία
3371 676 3535 751 (98).)

2115 772 2204 826 26.
2256 773 2379 826 Ἐπὶ
2413 772 2622 837 τούτοις
2655 770 2840 843 ὥσπερ
2875 771 3257 843 μεταγνόντες,
3301 771 3617 841 συλλέγουσι

2047 864 2209 918 πάλιν
2240 864 2300 918 τὸ
2331 864 2600 936 συνέδριον
2645 864 2849 918 ἑαυτῶν
2874 864 3009 935 μετὰ
3036 863 3129 935 ἔτη
3156 864 3303 935 τρία,
3334 864 3426 918 καὶ
3473 864 3613 919 ἀπο-

2049 955 2353 1010 στέλλουσιν
2386 956 2656 1023 Εὑδόξιον,
2679 955 3010 1028 Μαρτύριον,
3046 956 3139 1009 καὶ
3165 956 3494 1011 Μακεδόνων
3521 953 3616 1012 τὸν

2047 1049 2154 1103 ἀπὸ
2182 1048 2455 1113 Κιλικίας,
2477 1049 2571 1103 καὶ
2610 1050 2705 1104 σὺν
2743 1050 2924 1113 αὐτοῖς
2962 1049 3179 1122 ἐτέρους
3222 1049 3373 1113 τινὰς
3423 1051 3501 1115 είς
3545 1051 3616 1107 τὰ

2049 1140 2190 1213 μέρη
2215 1143 2313 1214 τῆς
2346 1142 2596 1207 Ἰταλίας,
2653 1142 3026 1215 ἀποφέροντας
3083 1143 3264 1196 πίστιν
3292 1143 3380 1196 διὰ
3406 1142 3617 1197 πολλῶν

2045 1235 2370 1302 γραφεῖσαν,
2417 1232 2732 1303 προσθήκας
2792 1250 2852 1286 τε
2887 1232 3113 1303 ἔχουσαν
3174 1232 3432 1296 πλείστας
3465 1233 3619 1303 παρὰ

2043 1324 2142 1388 τὰς
2177 1325 2463 1397 προτέρας
2488 1324 2563 1388 ὡς
2584 1324 2693 1396 γὰρ
2721 1324 3008 1396 καινότερα
3043 1341 3164 1378 τινα
3210 1325 3615 1395 ἐπινοήσαντες,

2044 1417 2400 1489 ἀπεδήμησαν
2433 1415 2646 1487 ἔχοντες
2682 1414 2875 1470 ταῦτα.

2115 1508 2223 1579 (99)
2258 1510 2301 1563 l.
2342 1528 2361 1559 ι
2395 1508 2728 1580 Πιστεύομεν
2755 1509 2832 1571 είς
2859 1507 2959 1560 ἕνα
2979 1507 3130 1572 Θεὸν,
3165 1506 3385 1580 Πατέρα
3416 1525 3619 1562 παντο-

2043 1601 2283 1672 κράτορα
2317 1599 2413 1672 (1),
2445 1600 2671 1673 κτίστην
2721 1600 2816 1654 καὶ
2857 1598 3084 1671 ποιητὴν
3128 1598 3235 1653 τῶν
3270 1599 3510 1665 πάντων,
3556 1599 3620 1665 ἐξ

2044 1686 2105 1746 οὗ
2135 1692 2284 1744 πᾶσα
2312 1691 2519 1763 πατριά
2549 1692 2607 1745 ὲν
2637 1687 2851 1761 οὐρανῷ
2881 1689 2976 1743 καὶ
3017 1690 3112 1742 ἐπὶ
3138 1690 3242 1759 γῆς
3271 1689 3612 1760 ὀνομάζεται·

2040 1782 2135 1836 καὶ
2155 1784 2233 1846 είς
2256 1783 2346 1839 τὸν
2388 1784 2649 1855 μονογενῆ
2696 1780 2861 1836 αὑτοῦ
2889 1781 3016 1837 Υίὸν
3061 1783 3151 1837 τὸν
3195 1781 3398 1854 Κύριον
3456 1782 3618 1856 ἡμῶν
3650 1836 3657 1841 ,

2056 1873 2261 1946 Ἰησοῦν
2286 1875 2538 1948 Χριστὸν,
2575 1875 2666 1929 τὸν
2690 1877 2796 1949 πρὸ
2827 1876 3043 1930 πάντων
3066 1874 3174 1929 τῶν
3202 1875 3278 1947 (‘2)
3310 1874 3519 1930 αἰώνων
3548 1876 3615 1929 ὲκ

2041 1965 2134 2019 τοῦ
2155 1967 2365 2036 Πατρὸς
2394 1966 2737 2037 γεννηθέντα,
2767 1967 2899 2021 Θεὸν
2927 1970 2990 2022 ἐκ
3012 1965 3167 2032 Θεοῦ,
3189 1967 3302 2034 φῶς
3334 1968 3397 2019 ἐκ
3416 1967 3616 2035 φωτὸς,

2040 2057 2106 2111 δι’
2135 2051 2194 2111 οῦ
2225 2058 2442 2127 ἐγένετο
2474 2057 2545 2112 τά
2594 2059 2770 2112 πάντα
2796 2059 2855 2112 ἐν
2890 2059 3136 2130 οὐρανοῖς
3180 2056 3253 2128 (ὅ)
3300 2056 3395 2111 καὶ
3425 2057 3492 2110 τά
3521 2058 3618 2111 ἐπὶ

2039 2151 2137 2222 τῆς
2162 2151 2286 2222 γῆς,
2321 2149 2391 2204 τὰ
2432 2150 2602 2223 ὁρατά
2633 2152 2727 2206 καὶ
2783 2152 2852 2207 τὰ
2880 2152 3106 2224 ἀόρατα*
3142 2151 3314 2220 Λόγον
3347 2149 3474 2204 ὄντα
3520 2151 3619 2204 καὶ

2042 2243 2258 2312 σοφίαν,
2281 2245 2375 2297 καὶ
2422 2244 2671 2316 δύναμιν,
2705 2246 2799 2299 καὶ
2854 2245 3021 2318 ζωὴν,
3044 2245 3136 2299 καὶ
3176 2244 3292 2313 φῶς
3337 2242 3612 2316 ἀληθινόν·

2037 2334 2129 2387 τὸν
2153 2336 2239 2389 ἐπ’
2274 2336 2516 2409 ἐσχάτων
2541 2337 2617 2407 (4)
2645 2337 2752 2392 τῶν
2797 2337 3020 2409 ἡμερῶν
3052 2336 3119 2390 δι’
3171 2337 3316 2408 ἡμᾶς
3343 2336 3618 2407 ὲνανθρω-

2040 2426 2304 2497 πήσαντα,
2365 2427 2460 2481 καὶ
2510 2428 2835 2497 γεννηθέντα
2888 2430 2952 2482 ὲκ
2977 2429 3077 2499 τῆς
3124 2429 3283 2496 ἁγίας
3310 2426 3613 2496 Παρθένου,

2039 2517 2438 2588 σταυρωθέντα,
2466 2519 2562 2573 καὶ
2592 2519 2949 2586 ἀποθανόντα,
2985 2520 3079 2574 καὶ
3125 2521 3360 2590 ταφέντα
3383 2520 3481 2589 (ὅ),
3516 2518 3614 2574 καὶ

2039 2608 2342 2663 ἀναστάντα
2367 2611 2430 2664 ὲκ
2458 2611 2566 2664 τῶν
2591 2611 2799 2683 νεκρῶν
2832 2615 2899 2683 τῇ
2943 2613 3098 2686 τρίτῃ
3125 2612 3325 2684 ἡμέρᾳ,
3359 2609 3453 2666 κάὶ
3482 2612 3615 2666 ἀνα-

2039 2695 2310 2767 ληφθέντα
2330 2700 2408 2765 είς
2436 2699 2684 2771 οὐρανὸν,
2718 2703 2810 2755 καὶ
2838 2701 3166 2756 καθεσθέντα
3192 2705 3257 2756 ὲκ
3299 2701 3486 2767 δεξιῶν
3515 2698 3614 2754 τοῦ

2039 2787 2267 2859 Πατρός·
2295 2789 2389 2843 καὶ⁸
2415 2789 2706 2863 ἐρχόμενον
2736 2792 2829 2846 ἐπὶ
2858 2790 3138 2864 συντελείᾳ
3184 2789 3278 2846 τοῦ
3312 2791 3505 2855 αἰῶνος
3529 2789 3609 2862 (6)

2039 2886 2219 2954 κρῖναι
2245 2884 2451 2950 ζῶντας
2488 2887 2584 2940 καὶ
2636 2887 2885 2956 νεκροὺς,
2920 2886 3014 2943 καὶ
3064 2886 3352 2941 ἀποδοῦναι
3398 2886 3616 2955 ἑκάστῳ

2040 2976 2182 3032 κατά
2207 2976 2436 3049 τάέργα
2463 2976 2650 3031 αὐτοῦ’
2705 2972 2765 3031 οῦ
2817 2979 2851 3048 ἡ
2903 2978 3146 3049 βασιλεία
3196 2977 3615 3041 ἀκατάπαυστος

2039 3064 2172 3123 οὖσα
2197 3067 2439 3139 διαμένει
2463 3068 2543 3131 είς
2564 3070 2689 3132 τοὺς
2722 3068 2983 3139 ἀπείρους
3024 3067 3243 3130 αἰῶνας.
3304 3064 3615 3130 Καθέζεται

2037 3160 2145 3230 γὰρ
2171 3161 2227 3214 ὲν
2254 3158 2401 3230 δεξιᾷ
2439 3158 2531 3213 τοῦ
2561 3159 2792 3232 Πατρὸς,
2824 3158 2884 3212 οὑ
2920 3159 3078 3229 μόνον
3120 3159 3177 3211 ὲν
3314 3157 3468 3210 αἰῶνι
3494 3155 3615 3211 τού·-

2036 3271 2135 3323 τῳ,
2166 3253 2301 3308 ἀλλά
2324 3253 2418 3306 καὶ
2450 3254 2507 3305 ὲν
2536 3252 2611 3324 τῷ
2650 3251 2913 3323 μέλλοντι.
2936 3248 3270 3321 Πιστεύομεν
3292 3248 3365 3319 (7)
3397 3249 3489 3302 καὶ
3529 3250 3613 3312 είς

2035 3348 2097 3401 τὸ
2126 3345 2347 3418 Πνεῦμα
2378 3345 2439 3399 τὸ
2465 3345 2638 3414 ἅγιον,
2668 3343 2930 3408 τουτέστι,
2959 3342 3050 3396 τὸν
3074 3340 3450 3412 Παράκλητον,
3470 3339 3611 3411 ὅπερ

2037 3440 2499 3511 ἐπαγγειλάμενος
2523 3442 2635 3503 τοῖς
2674 3436 2987 3500 ἀποστόλοις
3024 3435 3160 3507 μετά
3190 3435 3288 3504 τὴν
3338 3435 3418 3497 εἰς
3445 3433 3615 3503 οὑρα-

2037 3534 2125 3586 νὸν
2168 3532 2371 3596 ἄνοδον,
2414 3530 2694 3584 ἀπέστειλε
2718 3527 2924 3594 διδάξαι
2949 3528 3143 3590 αὐτοὺς
3177 3526 3270 3579 καὶ
3298 3524 3612 3595 ὑπομνῆσαι

2037 3623 2236 3689 πάντα,
2267 3622 2334 3676 δι’
2361 3613 2421 3675 οῦ
2445 3621 2540 3675 καὶ
2560 3619 2984 3691 ἀγιασθήσονται
3039 3616 3112 3689 (8)
3146 3619 3200 3672 αἱ
3245 3615 3355 3670 τῶν
3384 3614 3612 3689 εἰλικρι-

2036 3714 2142 3778 νῶς
2168 3716 2247 3777 εἰς
2272 3714 2430 3767 αὑτὸν
2455 3711 2896 3766 πεπιστευκότων
2916 3710 3102 3782 ψυχαί.

2107 3804 2170 3858 l-l.
2213 3823 2232 3855 ι
2259 3804 2395 3867 Τοὺς
2421 3803 2477 3855 δὲ
2497 3802 2752 3871 λέγοντας
2779 3801 2838 3869 ἐξ
2868 3802 2969 3855 οὑκ
3013 3800 3178 3854 ὄντων
3216 3800 3307 3853 τὸν
3341 3797 3469 3853 Υίὸν
3492 3798 3607 3870 (9),

2036 3896 2071 3968 ἢ
2094 3895 2154 3961 ἐξ
2184 3896 2376 3968 ἐτέρας
2397 3895 2764 3958 ὑποστάσεως,
2804 3893 2898 3946 καὶ
2964 3891 3040 3963 μὴ
3070 3892 3133 3944 ἐκ
3177 3889 3270 3943 τοῦ
3323 3887 3479 3957 Θεοῦ,
3514 3891 3612 3944 καὶ

2037 3990 2118 4043 ὅτι
2145 3983 2213 4059 ἦν
2239 3987 2427 4060 χρόνος
2447 3985 2657 4057 ποτὲ,ἦ
2707 3984 2862 4048 αἰὼν,
2900 3985 2988 4038 ὅτε
3033 3984 3106 4055 μὴ
3170 3979 3259 4055 ἦν,
3296 3981 3614 4054 ἀλλοτρίους

2035 4076 2172 4134 οἶδεν
2203 4081 2237 4150 ἡ
2271 4078 2528 4151 καθολικὴ
2556 4076 2664 4149 (10)
2707 4077 2801 4131 καὶ
2849 4075 2978 4145 ἁγία
3026 4076 3336 4148 Ἐκκλησία.
3378 4074 3614 4146 Ὁμοίως

2038 4170 2131 4225 καὶ
2162 4171 2287 4235 τοὺς
2310 4169 2565 4240 λέγοντας
2594 4171 2743 4241 τρεῖς
2775 4162 2915 4221 εἶναι
2946 4166 3133 4234 Θεοὺς,
3165 4166 3199 4237 ἢ
3249 4164 3342 4219 τὸν
3371 4164 3610 4237 Χριστὸν

2039 4260 2113 4332 μὴ
2135 4256 2271 4314 εἶναι
2295 4260 2446 4326 Θεὸν,
2469 4261 2502 4330 ἢ
2538 4259 2643 4330 πρὸ
2668 4258 2774 4312 τῶν
2803 4257 3011 4313 αἰώνων
3040 4258 3177 4330 μήτε
3207 4255 3443 4329 Χριστὸν
3468 4257 3611 4328 μήτε

2035 4351 2162 4405 Υίὸν
2188 4352 2348 4405 αὐτὸν
2372 4347 2511 4407 εἶναι
2537 4350 2695 4415 Θεοῦ,
2715 4351 2749 4421 ἢ
2788 4350 2876 4406 τὸν
2905 4349 3063 4404 αὐτὸν
3095 4346 3232 4402 εἶναι
3267 4347 3493 4417 Πατέρα
3513 4346 3612 4401 καὶ

2036 4442 2185 4508 Υίὸν,
2219 4442 2254 4514 ἢ
2282 4443 2432 4511 ἆγιον
2462 4441 2683 4513 Πνεῦμα
2717 4441 2846 4514 (11)-
2882 4442 2916 4514 ἢ
2952 4442 3243 4513 ἀγέννητον
3281 4439 3433 4504 Υίὸν,
3460 4439 3491 4512 ἢ
3522 4440 3608 4493 ὅτι

2035 4623 2271 4693 ταφέντα
2293 4621 2506 4676 desunt.
2532 4618 2674 4674 Infra
2703 4618 2793 4672 τόν
2817 4628 2940 4673 ante
2965 4618 3189 4691 οὐρανόν
3211 4618 3360 4673 deest
3384 4616 3440 4670 in
3464 4615 3606 4688 Reg.

2039 4694 2193 4748 Socr.
2223 4690 2446 4748 Niceph.
2481 4689 2539 4743 In
2571 4689 2731 4744 editis
2757 4688 3006 4743 habetur.

2115 4709 2193 4746 Cl'.
2223 4706 2446 4746 lVlCCDD.
2484 4706 2539 4743 1η
2571 4706 2731 4744 CUIUS
2761 4706 3006 4743 ﬂabellﬂ'.

2081 4709 2193 4748 ocr.
2223 4707 2446 4761 mcepn.
2484 4707 2539 4743 In
2571 4707 2731 4744 emus
2761 4707 3006 4743 nauetur.

2108 4762 2186 4834 (6)
2211 4761 2363 4834 Socr.
2385 4769 2442 4834 et
2460 4760 2709 4834 Niceph.,
2729 4758 2839 4834 τῶν
2862 4757 3095 4834 αίῴνων,
3115 4756 3284 4834 Paullo
3304 4764 3438 4834 post
3464 4754 3603 4834 E593.

2039 4827 2193 4887 Socr.
2213 4831 2461 4901 Niceph.,
2487 4827 2628 4882 κατὰ
2650 4829 2718 4882 τὰ
2746 4828 2986 4901 ἔργω-ιιι
3014 4827 3261 4901 editis__rd
3289 4827 3457 4901 deest.
3476 4827 3607 4882 Mox

2035 4902 2161 4965 τούς
2190 4912 2315 4964 ante
2343 4895 2603 4971 ἀπείρους
2633 4895 2793 4971 deest:
2808 4895 2861 4951 in
2895 4897 3140 4971 δοριξ-ει
3167 4895 3392 4971 Nicepli.

2107 4964 2184 5041 (7)
2219 4971 2352 5027 Post
2394 4964 2719 5041 πιστεύομεν
2762 4968 2916 5022 Socr.
2947 4977 3001 5022 et
3029 4964 3251 5036 Niceph.
3290 4964 3490 5020 habent
3518 4964 3600 5021 δε.

2034 5041 2157 5096 Mox
2189 5042 2371 5103 iidem,
2402 5042 2481 5103 εἰς
2508 5041 2598 5093 τὸν
2631 5038 3005 5103 Παράκλητον.

2106 5059 2157 5096 )x
2189 5057 2371 5108 uuem,
2402 5057 2481 5103 εις
2508 5057 2598 5093 τον
2631 5057 3005 5111 Παρακλητον.

2106 5112 2184 5181 (8)
2223 5111 2375 5198 Socr.
2410 5121 2463 5165 et
2487 5109 2746 5180 Niceph.,
2776 5108 3121 5178 ἀγιάζονται,
3153 5115 3207 5161 et
3244 5118 3370 5159 mox
3411 5103 3603 5168 iidem,
3674 5144 3681 5153 .

2035 5199 2397 5236 πιστευόντων
2406 5223 2419 5233 .

2106 5256 2180 5322 (9)
2223 5253 2378 5306 Socr.
2407 5260 2461 5304 et
2489 5247 2740 5322 Nieeph.,
2768 5250 2857 5322 τὸν
2880 5247 3026 5322 Υἱόν,
3044 5245 3265 5322 rectius,
3285 5252 3346 5298 ut
3362 5243 3602 5309 videtur,

2034 5316 2197 5394 quam
2227 5322 2358 5394 editi
2388 5332 2440 5375 et
2470 5335 2604 5394 mss.
2626 5316 2733 5394 qui
2767 5319 2968 5394 habent
2985 5316 3138 5394 856v:

2135 5393 2218 5466 l0)
2254 5391 2408 5466 Socr.
2444 5404 2497 5443 et
2526 5384 2773 5466 N_i_eeph_.,
2811 5391 2843 5459 ἡ
2877 5388 3006 5466 ἁγία
3037 5384 3315 5466 καθολικῄ.

2135 5396 2197 5447 l0
2254 5396 2408 5445 Socr.
2444 5404 2497 5443 et
2526 5396 2773 5459 Nieeph.,
2811 5396 2843 5459 ὴ
2877 5396 3006 5455 ἁγία
3037 5396 3315 5466 καθολικη.

2105 5396 2223 5535 (ιιέ
2257 5464 2432 5535 Socr1
2459 5469 2513 5514 et
2555 5459 2804 5535 Nicepbq
2843 5459 2945 5535 _xa\
2980 5457 3133 5535 ᾇγιον
3167 5452 3602 5535 Πνευμαιιρΐνξ

2033 5523 2163 5588 edit.
2194 5523 2367 5587 Paris.
2401 5529 2554 5584 Socr.
2587 5539 2642 5584 et
2674 5523 2896 5597 Nieeph.
2924 5566 2939 5591 ,
2978 5523 3170 5597 ήάγία
3203 5523 3603 5597 καὶ’καθολικῆ

2048 5602 2363 5668 Ἐκκλησία.
2396 5599 2542 5656 Edit.
2584 5615 2708 5655 vero
2733 5595 2946 5654 Comm.
2970 5595 3024 5652 et
3047 5596 3203 5667 Beg.,
3245 5598 3279 5668 ἡ
3310 5595 3439 5664 ἁγία
3465 5595 3606 5648 καθ-ὲ

2063 5636 2229 5658 ιίιῆἢηι
2252 5636 2363 5656 υιιῦο
2397 5636 2485 5656 “Ui

2034 5673 2187 5745 ολικὴ
2220 5636 2400 5727 ’Ἐκκλη
2477 5684 2485 5691 ’
