3914 6222
283 350 386 409 729

1653 349 1740 405 DE
1782 349 2075 406 SYNODlS

3407 341 3512 405 75)

278 472 335 522 οὐ
386 444 670 539 βουλήσει*
688 466 808 520 οὐδὲ
854 465 1067 538 θελήσει
1125 464 1382 535 ἐγέννησε
1425 465 1455 516 ό
1514 464 1704 536 Πατὴρ
1760 465 1848 518 τὸν

1975 475 2097 520 :tum
2132 481 2146 519 :
2187 473 2281 518 aut
2308 463 2607 534 ingenitum
2636 479 2756 521 esse
2778 463 2976 520 Filium
3011 483 3027 520 :
3055 465 3136 519 vel
3161 464 3373 520 Patrem
3403 483 3510 521 non

280 560 403 613 Υἱὸν
423 597 438 622 ,

281 651 498 723 κλησία.

351 741 437 796 Ill.
485 762 504 793 ‹
526 740 663 795 Οῦτε
685 739 793 814 γὰρ
818 738 876 806 ἐξ
903 739 1002 791 οὐκ
1028 737 1197 791 όντων
1218 737 1307 790 τὸν
1323 737 1452 790 Υἱὸν
1482 736 1659 804 λέγειν
1692 736 1858 805 ἀσφα-

279 833 388 897 λὲς,
417 833 542 884 ἐπεὶ
567 830 813 901 μηδαμοῦ
863 827 1020 882 τοῦτο
1056 828 1164 880 τῶν
1204 826 1574 882 θεοπνεύστων
1627 825 1857 896 Γραφῶν

282 924 641 996 (pegmata?)
669 924 795 993 περὶ
845 919 1029 983 αὐτοῦ,
1080 919 1202 972 οὗτε
1248 918 1351 990 μὴν
1389 917 1448 983 ἐξ
1494 919 1685 989 ἐτέρας
1715 917 1859 981 τινὸς

282 1017 632 1078 ὑποστάσεως
668 1013 818 1085 παρὰ
843 1013 932 1066 τὸν
955 1011 1175 1084 Πατέρα
1211 1011 1705 1082 προϋποκειμένης
1744 1007 1856 1060 ἀλλ’

282 1112 345 1163 ὲκ
372 1108 534 1179 μόνου
558 1105 651 1159 τοῦ
680 1104 815 1158 Θεοῦ
842 1104 1077 1174 γνησίως
1101 1102 1262 1156 αὑτὸν
1306 1100 1664 1171 γεγεννῆσθαι
1691 1100 1860 1172 διορι-

283 1199 489 1272 ζόμεθα
524 1198 655 1268 (15)·
699 1197 794 1249 Ἓν
824 1197 932 1268 γὰρ
983 1195 1043 1248 τὸ
1071 1195 1359 1265 ἀγέννητον
1395 1195 1486 1248 καὶ
1515 1195 1746 1263 ἄναρχον
1769 1192 1860 1244 τὸν

283 1289 520 1364 Χριστοῦ
548 1290 766 1361 Πατέρα
793 1291 822 1342 ό
871 1288 1012 1352 θεῖος
1061 1287 1302 1340 διδάσκει
1336 1286 1513 1355 λόγος.
1574 1284 1714 1338 Ἀλλ’
1740 1283 1860 1336 οὐδὲ

284 1387 364 1448 τὸ,
386 1381 454 1456 ἦν
485 1402 637 1446 ποτε,
666 1385 753 1436 ὅτε
773 1382 872 1435 οὐκ
899 1377 987 1451 ἦν,
1033 1379 1092 1446 ἐξ
1124 1379 1386 1450 ἀγράφων
1434 1375 1746 1446 ἐπισφαλῶς
1776 1375 1862 1428 λέ-

285 1490 478 1543 γοντας
508 1472 640 1542 (1-6),
690 1471 936 1542 χρονικὸν
991 1486 1044 1522 τι
1099 1469 1372 1539 διάστημα
1429 1466 1862 1538 προενθυμητέον

284 1565 470 1630 αὐτοῦ,
495 1563 610 1617 ἀλλ’
638 1562 671 1633 ἢ
708 1562 864 1632 μόνον
897 1561 986 1615 τὸν
1030 1560 1274 1630 ἀχρόνως
1325 1559 1484 1613 αὐτὸν
1503 1557 1864 1627 γεγεννηκότα

285 1657 434 1710 Θεόν·
467 1656 563 1710 καὶ
595 1653 776 1725 χρόνοι
808 1651 917 1722 γὰρ
947 1651 1040 1705 κα)⁸
1070 1650 1264 1714 αἰῶνες
1296 1649 1551 1718 γεγόνασι
1579 1649 1643 1702 δι’
1672 1647 1857 1701 αὑτοῦ.

521 555 904 626 ἀναθεματίζει
961 557 994 626 ἡ
1061 554 1190 622 ἁγία
1249 554 1342 607 καὶ
1409 552 1670 624 καθολικὴ
1733 553 1854 605 Ἐκ-

182 1775 191 1784 ·
287 1746 421 1800 Οὔτε
461 1744 566 1816 μὴν
596 1743 923 1814 συνάναρχον
983 1743 1078 1794 καὶ
1131 1740 1521 1810 συναγέννητον
1569 1739 1646 1810 τῷ
1689 1738 1863 1808 Πατρὶ

1955 556 2182 612 arbitrio
2217 570 2316 611 suo
2351 564 2446 609 aut
2482 557 2764 611 voluntate
2809 556 3062 627 genuisse
3091 555 3286 612 Filium
3317 575 3332 624 ;
3379 572 3514 613 ana-

1958 650 2200 702 themate
2225 647 2352 702 ferit
2380 657 2564 702 sancta
2591 657 2641 702 et
2677 647 2946 703 catholica
2969 647 3228 702 Ecclesia.

2028 737 2110 796 Ill.
2154 757 2172 788 ι
2192 737 2374 809 Neque
2400 741 2543 793 enim
2573 748 2747 793 tutum
2778 747 2860 793 est
2888 738 3069 793 dicere
3093 737 3291 793 Filium.
3310 756 3376 794 ex
3405 755 3512 795 non

1955 830 2297 885 exstantibus
2325 846 2462 892 esse,
2491 845 2613 884 cum
2643 845 2913 900 nusquam
2943 829 3248 884 divinarum
3279 830 3518 900 Scriptu-

1957 937 2142 974 rarum
2173 922 2275 976 hoc
2301 920 2367 976 de
2398 921 2518 991 ipso
2545 920 2753 975 feratur
2781 939 2794 976 :
2827 922 2908 976 vel
2934 936 2998 975 ex
3029 920 3134 975 alia
3176 921 3326 990 prius
3371 923 3518 976 exsi-

1959 1020 2132 1068 steute
2161 1013 2462 1068 substantia
2487 1028 2608 1082 quae
2638 1011 2815 1068 Patris
2837 1029 2944 1066 non
2978 1021 3156 1078 esset;
3180 1012 3272 1067 sed
3305 1028 3371 1066 ex
3401 1014 3518 1068 salo

1958 1102 2070 1156 Deo
2092 1117 2216 1156 eum
2248 1117 2370 1157 vere
2392 1103 2630 1172 genitum
2659 1117 2780 1157 esse
2803 1101 3092 1157 deﬁnimus
3122 1119 3136 1167 ;
3171 1118 3339 1156 unum
3371 1102 3515 1155 enim

1961 1193 2262 1262 ingenitum
2316 1203 2370 1248 et
2421 1193 2541 1248 sine
2577 1192 2844 1263 principio
2901 1193 3104 1247 Christi
3151 1191 3365 1246 Patrem
3399 1207 3520 1247 esse

1960 1287 2179 1341 divinus
2212 1301 2393 1340 sermo
2416 1285 2590 1342 docet.
2623 1284 2728 1339 Sed
2757 1298 2930 1353 neque
2955 1299 3048 1339 eos
3074 1283 3165 1354 qui
3204 1285 3336 1338 citra
3371 1282 3520 1337 Seri-

1959 1387 2131 1447 pturte
2166 1375 2540 1432 auctoritatem
2577 1385 2780 1431 temere
2833 1375 3025 1431 dicunt
3080 1392 3094 1427 :
3151 1373 3278 1429 Erat
3307 1385 3520 1444 tempus

1961 1483 2084 1523 cum
2114 1483 2222 1522 non
2251 1476 2416 1531 esset,
2470 1467 2690 1536 aliquod
2725 1467 2987 1537 temporis
3024 1468 3257 1536 spatium
3300 1477 3517 1522 antece-

1962 1560 2094 1613 dens
2127 1558 2364 1628 eogitare
2392 1567 2643 1629 oportet;
2684 1559 2777 1614 sed
2827 1559 3002 1613 solum
3055 1557 3224 1612 Deum
3258 1558 3349 1628 qui
3400 1560 3519 1614 sine

1963 1660 2201 1720 tempore
2227 1651 2380 1704 illum
2414 1651 2622 1720 genuit.
2657 1650 2922 1719 Tempora
2945 1650 3090 1705 enim
3123 1660 3176 1705 et
3201 1651 3400 1706 saecula
3425 1667 3520 1720 per

1964 1741 2113 1796 illum
2168 1740 2310 1797 facta
2365 1751 2511 1796 sunt.
2544 1739 2732 1812 Neque
2786 1743 2912 1797 item
2966 1743 3388 1796 existimandum
3436 1751 3520 1796 est

286 1837 374 1888 τὸν
397 1836 524 1891 Υἱὸν
557 1830 695 1887 εἶναι
731 1832 1032 1901 νομιστέονο
1061 1831 1391 1902 συνανάρχου
1444 1831 1552 1902 γὰρ
1601 1830 1695 1884 καὶ
1739 1847 1863 1882 συν-

1975 1831 2159 1888 Filium
2186 1850 2294 1888 una
2325 1849 2448 1890 cum
2493 1833 2652 1888 Patre
2705 1849 2814 1886 non
2861 1833 3100 1903 genitum
3151 1841 3204 1888 et
3252 1833 3520 1902 principio

293 1928 585 1998 αγεννήτου
614 1925 786 1988 οὐδεὶς
813 1924 1018 1994 κυρίως
1045 1923 1228 1994 πατὴρ
1272 1923 1305 1993 ἢ
1353 1922 1466 1985 υἱὸς
1516 1920 1857 1992 λεχθήσεται.

307 2017 464 2072 Ἀλλά
487 2017 578 2070 τὸν
608 2017 704 2088 μὲν
729 2014 948 2085 Πατέρα
978 2015 1134 2086 μόνον
1166 2013 1399 2084 ἄναρχον
1427 2013 1554 2066 ὂντα
1571 2014 1665 2066 καὶ
1699 2011 1860 2080 ἀγέν-

289 2128 447 2182 νητον
471 2109 583 2180 (15)
617 2108 1002 2176 γεγεννηκέναι
1044 2106 1366 2176 ἀνεφίκτως,
1398 2107 1492 2159 καὶ
1531 2107 1693 2160 πᾶσιν
1724 2106 1859 2158 ἀκα-

288 2203 572 2272 ταλήπτως
625 2199 884 2268 οἴδαμεν·
930 2198 1021 2250 τὸν
1077 2197 1133 2250 δὲ
1189 2197 1316 2249 Υἱὸν
1362 2195 1715 2266 γεγεννῆσθαι
1757 2195 1864 2266 πρὸ

290 2293 518 2354 αἰώνων,
551 2294 644 2346 καὶ
680 2291 873 2362 μηκέτι
906 2290 1106 2361 ὁμοίως
1140 2288 1217 2358 τῷ
1245 2288 1419 2360 Πατρὶ
1444 2287 1737 2358 ἀγέννητον
1787 2282 1864 2338 εἷ-

291 2403 374 2438 ναι
398 2385 492 2436 καὶ
525 2384 708 2450 αὐτὸν,
740 2382 854 2436 ἀλλ’
882 2381 1055 2452 ἀρχὴν
1082 2381 1226 2451 ἔχειν
1261 2381 1351 2433 τὸν
1389 2380 1722 2449 γεννήσαντα
1747 2379 1864 2431 Πα-

292 2475 444 2549 τέρα·
469 2475 678 2545 κεφαλὴ
710 2475 819 2546 γὰρ
843 2473 1079 2545 Χριστοῦ
1104 2474 1131 2524 ό
1160 2471 1313 2535 Θεός.

361 2741 447 2795 1V.
460 2763 476 2794 ι
491 2739 626 2796 Οὔτε
647 2740 751 2813 μὴν
771 2740 894 2812 τρία
909 2736 1295 2812 ὁμολογοῦντες
1316 2737 1726 2810 πράγματα’καὶ
1741 2737 1864 2808 τρία

295 2833 576 2905 πρόσωπα,
602 2831 696 2886 τοῦ
729 2824 962 2903 Πατρὸς,
991 2833 1086 2885 καὶ
1115 2830 1211 2884 τοῦ
1247 2829 1403 2895 Υἱοῦ,
1448 2829 1542 2884 καὶ
1583 2830 1675 2884 τοῦ
1710 2831 1864 2898 ἁγίου

295 2925 607 2995 Πνεῦματος
627 2924 767 2978 κατά
792 2923 891 2986 τὰς
919 2923 1162 2995 Γραφάς,
1205 2924 1354 2993 τρεῖς
1400 2921 1488 2975 διὰ
1535 2921 1694 2974 τοῦτο
1742 2923 1869 2986 τοὺς

294 3018 458 3079 Θεοὺς
487 3014 766 3085 ποιοῦμεν·
801 3013 985 3084 ἐπειδὴ
1013 3013 1105 3066 τὸν
1129 3012 1390 3083 αὐτοτελῆ
1434 3011 1528 3065 καὶ
1575 3011 1866 3082 ἀγέννητον

297 3107 521 3180 ἄναρχόν
546 3124 606 3159 τε
635 3106 727 3159 καὶ
755 3105 983 3178 ἀόρατον
1012 3104 1142 3158 Θεὸν
1173 3104 1269 3157 ἕνα
1315 3104 1476 3174 μόνον
1534 3101 1753 3172 οἴδαμεν
1777 3102 1866 3154 τὸν

296 3201 424 3254 Θεὸν
457 3201 554 3254 καὶ
583 3198 800 3270 Πατέρα
837 3197 930 3250 τοῦ
955 3195 1311 3266 Μονογενοῦς,
1337 3196 1430 3248 τὸν
1477 3195 1636 3266 μόνον
1687 3195 1782 3266 μὲν
1809 3192 1867 3258 ἐξ

297 3289 486 3342 ἑαυτοῦ
539 3288 599 3341 τὸ
651 3283 790 3341 εἶναι
842 3286 1055 3357 ἔχοντα,
1091 3287 1250 3357 μόνον
1286 3286 1342 3340 δὲ
1372 3285 1482 3358 (16)
1528 3286 1644 3348 τοῖς
1693 3283 1872 3349 ἄλλοις

299 3382 460 3449 πᾶσιν
517 3378 764 3447 ἀφθόνως
799 3378 954 3433 τοῦτο
1000 3378 1373 3448 χαριζόμενον.
1421 3374 1556 3430 Οὔτε
1603 3374 1730 3446 μὴν,
1767 3373 1865 3429 ἕνα

298 3472 424 3524 Θεὸν
456 3472 614 3542 μόνον
646 3470 894 3537 λέγοντες
927 3464 1062 3522 εἶναι
1090 3469 1182 3522 τὸν
1203 3468 1296 3522 τοῦ
1329 3467 1534 3539 Κυρίου
1568 3465 1724 3536 ἡμῶν
1766 3469 1873 3538 Ἰη-

301 3561 390 3615 σοῦ
449 3560 687 3634 Χριστοῦ
750 3560 990 3632 Πατέρα,
1024 3559 1114 3614 τὸν
1170 3559 1329 3630 μόνον
1394 3559 1722 3631 ἀγέννητον,
1783 3559 1872 3614 διὰ

299 3653 455 3707 τοῦτο
487 3651 797 3724 ἀρνούμεθα
843 3651 937 3703 καὶ
983 3650 1076 3703 τὸν
1122 3649 1358 3719 Χριστὸν
1404 3649 1535 3703 Θεὸν
1595 3646 1730 3704 εἶναι
1768 3649 1874 3724 πρὸ

301 3745 507 3798 αἰώνων
545 3745 676 3814 (17)°
701 3743 870 3796 ὁποῖοί
896 3744 1032 3795 εἰσιν
1053 3742 1102 3794 οἱ
1129 3741 1236 3794 ἀπὸ
1253 3741 1466 3794 Παύλου
1499 3741 1594 3795 τοῦ
1623 3743 1872 3813 Σαμοσα-

299 3839 455 3900 τέως,
487 3835 712 3906 ’ὕστερον
746 3835 906 3888 αὑτὸν
931 3832 1066 3904 μετά
1100 3834 1199 3903 τὴν
1222 3830 1626 3904 ὲνανθρώπησιν
1659 3836 1723 3888 ὲκ
1743 3852 1876 3905 προ-

303 3930 472 3998 κεπῆς
497 3925 909 3996 τεθεοποιῆσθαι
959 3924 1225 3992 λέγοντες,
1280 3924 1358 3995 τῷ
1383 3924 1481 3995 τὴν
1513 3923 1674 3992 φύσιν
1722 3923 1875 3994 ψιλὸν

303 4019 583 4091 ἄνθρωπον
609 4018 906 4086 γεγονέναι.
935 4017 1168 4086 Οἴδαμεν
1191 4014 1301 4086 γὰρ
1343 4016 1437 4069 καὶ
1483 4015 1664 4080 αὐτὸν,
1699 4017 1748 4068 εἰ
1778 4016 1872 4069 καὶ

303 4111 664 4167 ὕποτέτακται
696 4108 774 4181 τῷ
802 4110 979 4181 Πατρὶ
1005 4108 1101 4161 καὶ
1145 4107 1221 4178 τῷ
1249 4107 1367 4178 Θεῷ
1424 4107 1556 4179 (18),
1581 4108 1693 4162 ἀλλ’
1727 4109 1876 4179 ὅμως

305 4202 407 4274 πρὸ
432 4202 643 4256 αἰώνων
675 4201 1001 4272 γεννηθέντα
1038 4200 1102 4253 ἐκ
1133 4198 1226 4252 τοῦ
1247 4197 1406 4263 Θεοῦ,
1439 4198 1570 4251 Θεὸν
1603 4197 1746 4252 κατὰ
1785 4197 1878 4268 φύν

305 4307 386 4347 σιν
410 4292 613 4346 τέλειον
668 4287 806 4346 εἶναι
867 4292 962 4344 καὶ
989 4289 1185 4362 ἀληθῆ,
1216 4289 1310 4344 καὶ
1345 4290 1420 4361 μὴ
1465 4289 1526 4355 ἐξ
1576 4290 1877 4362 ἀνθρώπων

309 4382 443 4453 μετά
462 4381 638 4437 ταῦτα
682 4382 835 4446 Θεὸν,
895 4381 1010 4435 ἀλλ’
1061 4383 1127 4435 ὲκ
1176 4380 1310 4434 Θεοῦ
1366 4381 1782 4454 ὲνανθρωπῆσαι
1809 4383 1878 4438 δι’

307 4476 472 4545 ἡμᾶς,
512 4475 606 4526 καὶ
634 4473 899 4544 μηδέποτε
932 4472 1316 4526 ἀπολωλεκότα
1347 4473 1408 4526 τὸ
1442 4469 1580 4527 εἶναι
1603 4474 1733 4546 (19).

381 4563 442 4618 V.
483 4582 502 4616 ι
526 4563 932 4635 Βδελυσσόμεθα
953 4564 1011 4616 δὲ
1036 4565 1170 4635 πρὸς
1200 4564 1408 4628 τούτοις
1436 4565 1529 4618 καὶ
1546 4565 1872 4636 ἀναθεματί-

309 4656 470 4728 ζομεν
492 4656 586 4710 καὶ
612 4657 736 4719 τοὺς
759 4656 927 4724 Λόγον
954 4655 1052 4725 μὲν
1075 4657 1233 4726 μόνον
1251 4657 1412 4710 αὐτὸν
1435 4657 1592 4727 ψιλὸν
1618 4658 1713 4711 τοῦ
1737 4659 1872 4713 Θεοῦ

309 4749 404 4803 καὶ
429 4748 774 4820 ἀνύπαρκτον
804 4748 1151 4812 ὲπιπλάστως
1177 4747 1492 4812 καλοῦντας,
1527 4751 1586 4804 ὲν
1610 4751 1780 4822 ἑτέρῳ
1815 4751 1876 4805 τὸ

309 4836 448 4912 εἶναι
482 4841 674 4910 ἔχοντα
710 4840 845 4911 (20),
872 4839 968 4894 νῦν
1005 4840 1103 4910 μὲν
1125 4840 1201 4903 ὼς
1239 4840 1329 4894 τὸν
1357 4841 1686 4912 προφορικὸν
1725 4842 1877 4910 λεγό-

311 4911 468 5002 μενον
494 4931 600 4984 ὑπό
626 4948 806 4995 τινων,
843 4930 937 4984 νῦν
968 4930 1025 4983 δὲ
1053 4930 1128 4996 ὡς
1159 4931 1248 4984 τὸν
1271 4911 1568 4986 ἐνδιάθετον
1595 4951 1608 4962 ·
1640 4934 1872 5004 Χριστὸν

420 5042 458 5074 ¹¹
500 5042 522 5097 l
547 5041 671 5097 Cor.
700 5057 777 5109 ιι,
804 5041 857 5095 ’5.

381 5199 490 5266 (12)
529 5197 683 5254 Socr.
711 5208 765 5253 et
789 5196 1036 5268 Niceph.,
1068 5197 1388 5268 ἐμφέρεται.

383 5263 490 5339 (15)
516 5269 672 5324 Socr.
698 5279 752 5324 et
775 5263 1030 5337 Niceph.,
1057 5263 1434 5337 διδασκόμεθα.
1466 5263 1591 5319 Mox
1615 5263 1866 5336 Niceplt.,

309 5341 406 5393 ἕνα
433 5341 548 5410 γὰρ
559 5340 660 5410 ⁸τὸν
693 5339 1004 5409 ἀγέννητον.

385 5403 779 5480 (ΙᾸι)’Νἱοοριιξ,
815 5403 927 5471 τοῖς
969 5407 1029 5472 ἐξ
1055 5407 1318 5479 ἀγράφων
1357 5403 1666 5474 ἐπισφαλῶς
1693 5405 1878 5474 λέγου-

312 5497 429 5565 6W)-
444 5480 522 5565 ῶς
538 5479 826 5565 (χρονικόνῖτ

385 5549 497 5614 (15)
538 5545 692 5604 Socr.
727 5557 781 5602 et
807 5547 1065 5617 Nieepln,
1090 5547 1183 5599 καί
1218 5545 1520 5615 ἀνέφικτον.
1571 5545 1712 5617 infra
1743 5545 1876 5615 Reg.

309 5620 441 5673 edit.
483 5619 698 5675 Comm.
747 5617 900 5672 Socr.
942 5615 1002 5670 et
1028 5615 1274 5686 Niceph.,
1301 5616 1673 5687 γεγεννῆσθαι.
1721 5617 1862 5671 Edit.

313 5687 485 5745 Paris.
497 5731 510 5753 ,
541 5687 883 5758 γεγενῆσθαι.

387 5759 494 5829 (16)
532 5755 769 5826 Ιιαῐὶες.
820 5757 970 5812 Socr.
997 5766 1050 5812 ct
1072 5755 1295 5827 Niceph.
1338 5755 1394 5810 in
1430 5756 1587 5814 editis
1611 5757 1667 5812 δέ
1700 5759 1846 5814 deest

1960 1934 2232 1996 expertem
2261 1942 2277 1990 ;
2302 1925 2498 1995 quippe
2521 1924 2681 1978 simul
2710 1939 2818 1977 non
2848 1924 3011 1993 geniti
3039 1932 3092 1978 et
3120 1925 3389 1994 principio
3417 1940 3510 1979 ca-

1962 2015 2149 2080 rentis,
2191 2031 2350 2070 nemo
2392 2016 2609 2087 proprie
2669 2024 2822 2086 pater
2855 2025 2948 2070 aut
2979 2016 3124 2071 [ilius
3167 2016 3273 2071 dici
3305 2019 3517 2086 poterit.

1965 2107 2070 2163 Sed
2092 2107 2308 2163 Patrem
2343 2108 2436 2178 qui
2468 2109 2619 2164 solus
2646 2108 2914 2178 principio
2943 2124 3136 2164 carens
3165 2121 3218 2162 et
3247 2109 3524 2179 ingenitus

1961 2211 2064 2265 est,
2108 2200 2271 2255 modo
2308 2200 2565 2254 inetl'abili
2600 2210 2653 2255 et
2689 2202 2948 2256 omnibus
2991 2201 3525 2272 incomprehensibili

1964 2291 2217 2362 genuisse
2253 2292 2529 2347 novimus.
2557 2291 2754 2346 Filium
2786 2303 2966 2346 autem
2998 2302 3122 2347 ante
3149 2296 3348 2349 saecula
3376 2295 3527 2364 geni-

1964 2392 2077 2438 tum
2111 2383 2299 2447 fuisse,
2338 2399 2438 2438 nec
2486 2385 2711 2453 proinde
2760 2385 2908 2439 velut
2943 2384 3156 2451 Patrem
3183 2387 3357 2454 ipsum
3391 2400 3530 2453 quo-

1962 2490 2068 2543 que
2097 2475 2395 2546 ingenitum
2428 2490 2588 2541 esse;
2622 2475 2716 2530 sed
2763 2475 3095 2544 principium
3148 2477 3368 2537 habere,
3423 2475 3527 2530 Pa-

1965 2575 2100 2620 trem
2135 2581 2330 2635 nempe
2387 2566 2480 2636 qui
2533 2582 2592 2621 se
2646 2566 2891 2637 genuit:
2946 2574 3109 2636 caput
3137 2567 3281 2622 enim
3323 2567 3526 2621 Christi

1965 2656 2108 2712 Deus
2143 2658 2208 2713 ".

2038 2748 2125 2802 iV.
2161 2769 2178 2799 ι
2209 2746 2315 2803 Nec
2343 2756 2522 2804 tamen
2555 2759 2682 2818 quia
2728 2759 2837 2805 tres
2883 2763 2972 2804 res
3024 2757 3078 2804 et
3121 2757 3228 2805 tres
3269 2763 3530 2820 personas

1967 2839 2172 2904 Patris,
2199 2850 2254 2895 et
2281 2839 2425 2907 Filii,
2458 2849 2513 2896 et
2557 2841 2793 2911 Spiritus
2821 2842 2993 2896 sancti
3036 2842 3333 2896 secundum
3385 2841 3534 2897 Seri-

1966 2941 2155 3002 pturas
2181 2931 2525 2997 conﬁtemur,
2565 2931 2688 2986 ideo
2733 2939 2844 2987 tres
2884 2932 3014 2988 deos
3053 2932 3304 2988 facimus.
3349 2927 3532 2988 Unum

1968 3026 2112 3081 enim
2154 3025 2331 3081 solum
2357 3041 2422 3079 ex
2453 3025 2633 3095 seipso
2671 3023 2992 3094 perfectum,
3027 3025 3348 3096 ingenitum,
3380 3027 3534 3095 prin-

1969 3118 2112 3187 cipio
2169 3126 2440 3172 carentem
2470 3159 2484 3183 ,
2543 3128 2597 3172 et
2637 3117 2960 3172 invisibilem
3007 3116 3175 3170 Deum
3236 3118 3530 3185 novimus,

1972 3209 2139 3263 Deum
2177 3217 2229 3263 et
2277 3207 2493 3263 Patrem
2549 3207 2845 3281 Unigeniti,
2881 3209 2972 3278 qui
3022 3210 3173 3263 solus
3231 3223 3300 3263 ex
3354 3210 3534 3279 seipso

1969 3301 2131 3356 habet
2151 3316 2290 3367 esse,
2323 3302 2472 3356 solus
2496 3302 2716 3371 copiose
2749 3301 2880 3355 illud
2922 3301 3044 3356 aliis
3081 3301 3329 3370 largitur.
3361 3301 3534 3358 Porro

1971 3393 2186 3449 tametsi
2222 3409 2390 3448 unum
2422 3392 2593 3448 Deum
2651 3394 2828 3447 solum
2884 3393 3116 3448 dicimus
3155 3391 3370 3448 Patrem
3428 3393 3535 3449 Do-

1969 3485 2102 3539 mini
2138 3484 2310 3540 nostri
2359 3482 2486 3539 Jcsu
2532 3484 2762 3550 Christi,
2804 3483 2978 3538 solum
3015 3483 3316 3554 ingenitum
3353 3524 3369 3547 ,
3424 3501 3531 3550 non

1972 3580 2090 3633 ideo
2105 3595 2363 3648 negamus
2376 3580 2648 3635 Christum
2668 3595 2886 3650 quoque
2908 3577 3075 3633 Deum
3093 3594 3214 3634 esse
3231 3590 3354 3635 ante
3371 3597 3537 3634 sareu-

1973 3670 2020 3724 la
2051 3688 2064 3724 :
2100 3679 2160 3723 ut
2195 3669 2400 3725 faciunt
2421 3670 2574 3741 591
2605 3670 2752 3725 Pauli
2791 3668 3190 3724 Samosatensis
3242 3669 3490 3737 discipuli
3521 3710 3534 3728 ,

1971 3761 2301 3817 atiirmantes
2345 3777 2471 3816 eum
2521 3769 2645 3831 post
2684 3759 3143 3825 incarnationem,
3182 3775 3244 3812 ex
3286 3759 3534 3828 profectu

1973 3852 2142 3908 Deum
2174 3853 2375 3908 factum
2397 3868 2538 3917 esse,
2569 3859 2860 3922 postquam
2897 3860 3091 3906 natura
3117 3850 3347 3920 simplex
3369 3848 3536 3904 homo

1973 3941 2149 3998 factus
2196 3941 2408 3997 fuisset.
2444 3940 2660 3997 Scimus
2695 3941 2841 3996 enim
2889 3955 3014 3996 eum
3043 3981 3060 4006 ,
3102 3939 3354 4010 quamvis
3385 3937 3537 3994 Patri

1973 4042 2026 4088 et
2054 4032 2162 4087 Deo
2197 4032 2473 4101 subjectus
2505 4031 2594 4094 sit,
2623 4041 2748 4086 ante
2803 4031 2999 4086 sacula
3027 4040 3204 4085 tamen
3237 4045 3268 4084 a
3303 4027 3413 4084 Deo
3441 4044 3536 4099 ge-

1975 4125 2170 4188 nitum,
2201 4123 2368 4178 Deum
2414 4123 2713 4180 secundum
2752 4131 3002 4177 naturam
3025 4121 3319 4192 perfectum
3353 4129 3407 4175 et
3440 4133 3537 4175 ve-

1974 4231 2095 4270 rum
2129 4231 2269 4279 esse,
2301 4231 2476 4286 neque
2518 4230 2585 4270 ex
2614 4214 2834 4269 homine
2870 4221 3057 4282 postea
3093 4211 3262 4268 Deum
3283 4251 3298 4276 ,
3341 4210 3434 4266 sed
3471 4226 3538 4266 ex

1976 4307 2088 4364 Deo
2117 4307 2396 4363 hominem
2427 4316 2652 4378 propter
2680 4321 2782 4363 nos
2811 4304 3017 4361 factum
3040 4319 3182 4370 esse,
3230 4319 3407 4374 neque
3435 4318 3540 4357 un-

1975 4415 2140 4470 quam
2172 4415 2293 4455 esse
2318 4399 2604 4456 desivisse.

2057 4571 2117 4627 V.
2153 4590 2172 4624 ι
2193 4569 2559 4626 Exsecramur
2584 4577 2845 4640 praeterea
2872 4576 2928 4624 et
2949 4565 3291 4623 anathemate
3315 4563 3542 4618 damna-

1977 4677 2102 4718 mus
2127 4677 2244 4724 eos,
2285 4661 2376 4731 qui
2413 4660 2564 4714 illum
2595 4660 2772 4715 solum
2807 4674 2871 4714 ac
2908 4657 3135 4729 simplex
3170 4655 3264 4710 Dei
3295 4653 3538 4708 Verbum

1980 4767 2089 4807 non
2121 4751 2452 4816 subsistens,
2479 4750 2625 4820 quod
2655 4751 2708 4804 in
2735 4749 2841 4804 alio
2866 4765 3020 4804 suam
3046 4744 3416 4802 exsistentiam
3441 4741 3539 4794 ha-

1979 4843 2122 4910 beat,
2147 4843 2286 4900 falso
2315 4844 2608 4914 appellant,
2641 4843 2896 4912 quodque
2929 4839 3090 4895 modo
3137 4837 3283 4892 velut
3311 4830 3538 4903 prolati-

1977 4935 2110 4988 tium
2142 4949 2173 4988 a
2198 4933 2523 5004 quibusdam
2566 4933 2789 4997 dicitur,
2821 4929 2986 4985 modo
3036 4929 3307 4982 internum
3355 4920 3538 4976 nomi-

1971 5195 2299 5268 MtntSocr.,
2334 5199 2579 5268 ἀφθόνως
2608 5196 2675 5268 τὸ
2698 5212 2829 5268 ειναι
2861 5193 3246 5264 παρεχόμενον.
3275 5188 3500 5260 Niceph.
3520 5229 3534 5253 ,

1975 5261 2595 5341 dttpedvmgjaptédusvov
2627 5267 2692 5341 τὸ
2719 5261 2874 5318 εἶναι.

2047 5336 2159 5405 (17)
2201 5333 2355 5392 Stier.
2383 5333 2718 5405 ἱηΝἱςεριι.1
2747 5333 3085 5403 προαιώνιον.

2079 5398 2162 5477 18)
2196 5408 2285 5478 Τῷ
2317 5410 2542 5462 deletum
2591 5398 2818 5478 indleg'.
2859 5401 3188 5478 (ieest_apt_td
3233 5398 3351 5455 Nic.
3392 5399 3534 5464 Mox,

1982 5471 2088 5542 πρὸ
2121 5471 2326 5531 αἰώνων
2355 5479 2502 5532 deest
2533 5474 2670 5542 apud
2706 5473 2857 5526 Socr.
2883 5481 2936 5525 et
2967 5471 3190 5540 Nieeph.

2056 5547 2165 5614 (19)
2197 5547 2350 5601 Socr.
2383 5558 2436 5600 et
2477 5539 2618 5609 Nicl,
2646 5543 2738 5595 καὶ
2773 5539 3125 5614 μηδεπώποτε
3159 5539 3537 5594 ἀπολωλεκότα

1968 5617 2027 5670 τὸ
2051 5613 2186 5670 εἶναι
2214 5616 2362 5669 Θεόν.

2043 5687 2153 5758 (20)
2185 5685 2274 5740 Sic
2309 5685 2439 5756 Reg.
2467 5685 2619 5740 Socr.
2651 5689 2704 5738 et
2731 5679 2954 5754 Nieeph.
2982 5679 3123 5737 Editi
3155 5695 3307 5744 vero,
3335 5679 3528 5750 ἔχοντι,
