3914 6222
352 280 481 360 ’τες

942 301 1000 358 s.
1039 301 1411 361 ATHANASII
1448 306 1599 362 orr.
1639 305 1818 363 psus
1855 286 2407 361 1.“:‘nisron1cs
2434 300 2521 355 ET
2561 290 2984 356 noenum”.

3408 292 3585 371 γῆς.

384 426 564 473 natur.
592 414 872 472 Christum
913 426 1095 472 autem
1135 419 1313 490 ipsum
1356 429 1410 476 et
1452 422 1648 477 Filium
1675 422 1792 489 Dei,
1825 438 1943 478 me-

2069 421 2101 473 ἑὲ
2139 420 2318 485 αὐτὸν,
2353 419 2447 473 καὶ
2476 418 2604 473 Υἰὸν
2644 417 2735 472 τοῦ
2770 417 2926 483 Θεοῦ,
2958 416 3054 471 καὶ
3101 418 3347 490 μεσίτην,
3392 419 3487 472 καὶ
3527 421 3606 473 εἰ·

384 508 676 574 diat‘orem,
700 518 755 563 et
779 507 1071 579 imaginem
1096 509 1214 576 Dei,
1244 527 1351 566 non
1382 512 1552 568 fuisse
1589 523 1714 569 ante
1746 515 1946 570 saecula

383 599 751 667 contendunt;
803 599 899 655 sed
937 614 1003 655 eo
1046 609 1289 672 tempore
1337 601 1614 661 Christum
1666 605 1845 676 ipsum
1894 615 1950 662 et

384 691 584 748 Filium
615 691 710 746 Dei
735 690 938 747 factum
972 708 1113 762 esse,
1139 709 1206 750 ex
1234 710 1344 765 quo
1367 704 1611 752 nostram
1639 712 1862 752 carnem
1881 714 1949 753 ex

388 780 616 853 Virgine
662 783 980 853 assumpsit,
1026 798 1138 839 non
1181 784 1406 855 integris
1448 785 1647 840 abhinc
1689 787 1949 856 quadrino

388 874 565 946 gentis
618 874 800 930 annis.
846 873 927 929 Ex
969 888 1039 930 eo
1064 875 1212 932 enim
1243 882 1484 946 tempore
1534 877 1747 931 initium
1798 878 1950 948 regni

389 965 650 1021 habuisse
695 963 973 1021 Christum
1016 965 1352 1021 contendunt
1385 984 1398 1019 :
1440 973 1495 1021 et
1537 968 1642 1022 hoc
1680 982 1907 1036 regnum
1932 1007 1950 1035 ,

388 1064 514 1126 post
541 1056 1069 1112 consummationem
1101 1067 1155 1112 et
1189 1057 1485 1128 judicium,
1523 1056 1688 1112 ﬁnem
1729 1058 1949 1113 habitu-

390 1160 537 1201 rum.
1102 1146 1105 1147 ⁷

468 1234 558 1291 VI.
612 1255 637 1289 ι
677 1234 1002 1307 Hujusmodi
1059 1244 1189 1293 sunt
1232 1244 1529 1293 sectatores
1580 1235 1854 1303 Marcelli,
1897 1245 1954 1293 et

394 1326 605 1384 Scotini
634 1328 1179 1400 Ancyrogalatarum,
1214 1329 1308 1399 qui
1346 1327 1550 1385 Christi
1583 1337 1709 1384 ante
1752 1328 1950 1384 saecula

327 1489 329 1493 η
392 1402 766 1474 exsistentiam
795 1426 850 1472 et
880 1419 1244 1485 divinitatem,
1270 1418 1497 1489 ejusque
1522 1426 1837 1489 perpetuum
1862 1433 1951 1475 re-

394 1526 560 1582 gnum
586 1525 710 1565 cnm
739 1507 942 1565 Iudaeis
969 1510 1303 1575 iniiciantnr,
1337 1516 1399 1564 ut
1420 1508 1794 1564 monarchiam
1821 1524 1955 1564 con-

394 1600 621 1656 stituere
672 1600 981 1655 videantur.
1023 1599 1239 1656 Scimus
1283 1600 1437 1656 enim
1476 1616 1636 1666 eum,
1679 1614 1790 1655 non
1834 1614 1955 1657 esse

2050 511 2181 564 κόνα
2208 510 2301 562 τοῦ
2343 508 2477 562 Θεοῦ
2510 506 2585 579 μὴ
2617 503 2753 560 εἶναι
2785 507 2911 578 (21),
2932 507 3038 577 πρὸ
3070 506 3277 561 αἰώνων
3313 507 3561 573 θέλοντας
3586 523 3604 540 ⁸

2049 602 2162 657 ἀλλ’
2193 604 2258 655 ὲκ
2283 601 2408 654 τότε
2440 599 2672 670 Χριστὸν
2706 590 2868 652 αὑτὸν
2901 599 3176 667 γεγονέναι
3208 601 3301 654 καὶ
3346 601 3472 654 Υἰὸν
3516 601 3608 655 τοῦ

2049 692 2182 753 Θεοῦ
2223 693 2354 766 (22),
2405 693 2464 761 ἐξ
2507 686 2569 747 οὗ
2610 690 2709 762 τὴν
2759 691 3030 763 ἡμετέραν
3074 694 3138 745 ὲκ
3180 693 3280 762 τῆς
3332 692 3608 763 Παρθένου

2051 786 2228 857 σάρκα
2265 784 2518 855 ἀνείληφε
2547 825 2561 849 ,
2614 784 2720 856 πρὸ
2765 782 3126 851 τετρακοσίων
3163 782 3260 852 οὐχ
3304 782 3414 853 (25)
3474 782 3609 837 ὅλων

2049 875 2204 930 ἐτῶν.
2252 876 2346 928 Ἐκ
2373 874 2492 927 τότε
2519 873 2628 944 γὰρ
2680 872 2771 927 τὸν
2828 872 3060 943 Χριστὸν
3103 872 3272 944 ἀρχὴν
3337 872 3611 944 βασιλείας

2050 965 2341 1037 ἐσχηκέναι
2399 964 2673 1019 ἐθέλουσιο
2725 963 2820 1017 καὶ
2870 963 3021 1027 τέλος
3060 962 3200 1028 ἕξειν
3254 963 3423 1034 αὐτὴν
3499 963 3610 1035 (24)

2055 1058 2196 1130 μετὰ
2227 1058 2324 1130 τὴν
2358 1057 2666 1112 συντέλειαν
2699 1056 2793 1111 καὶ
2819 1056 2916 1128 τὴν
2937 1055 3135 1127 κρίσιν.

2120 1236 2211 1292 VI.
2248 1257 2267 1289 ι
2292 1235 2531 1290 Τοιοῦτοι
2567 1234 2624 1290 δέ
2649 1236 2784 1289 εἰσιν
2808 1235 2858 1289 οἱ
2897 1234 3005 1287 ἀπὸ
3028 1231 3347 1305 Μαρκέλλου
3363 1231 3457 1286 καὶ
3485 1233 3617 1285 Σκο-

2049 1330 2226 1385 τεινοῦ
2251 1328 2360 1400 (25)
2392 1327 2500 1381 τῶν
2544 1325 3049 1398 Ἀγκυρογαλατῶν,
3077 1324 3125 1378 οἳ
3155 1325 3254 1395 τὴν
3291 1323 3615 1395 προαιὼνιον

2052 1419 2284 1496 ὕπαρξιν
2299 1420 2391 1474 τοῦ
2409 1417 2667 1491 Χριστοῦ,
2682 1418 2775 1471 καὶ
2796 1416 2893 1488 τὴν
2924 1415 3170 1486 θεότητα,
3190 1414 3283 1468 καὶ
3298 1413 3394 1486 τὴν
3406 1414 3619 1468 ἀτελεύ-

2050 1527 2210 1581 τητον
2234 1508 2396 1562 αὐτοῦ
2418 1506 2688 1578 βασιλείαν
2701 1506 2898 1576 ὁμοίως
2915 1504 3185 1567 Ἰουδαίοις
3206 1502 3507 1565 ἀθετοῦσιν,
3526 1502 3618 1556 ἐπὶ

2052 1605 2324 1678 προφάσει
2358 1602 2450 1658 τοῦ
2480 1601 2827 1657 συνίστασθαι
2852 1600 3025 1653 δοκεῖν
3069 1601 3135 1670 τῇ
3178 1597 3444 1669 μοναρχίᾳ
3480 1596 3616 1668 (26).

392 1692 657 1747 duntaxat
685 1691 981 1761 prolatum,
1011 1699 1062 1746 et
1110 1690 1384 1745 internum
1427 1688 1525 1746 Dei
1568 1688 1825 1756 Verbum,
1856 1690 1954 1745 sed

2069 1699 2243 1769 Ἰσμεν
2263 1695 2371 1767 γὰρ
2395 1694 2554 1749 αὐτὸν
2573 1696 2605 1765 ἠ
2616 1697 2753 1765 μεϊς,
2765 1693 2862 1764 οὐχ
2884 1691 3067 1755 ἁπλῶς
3079 1690 3248 1759 Λόγον
3264 1687 3617 1760 προφορικὸν,

392 1784 578 1838 vivum
624 1782 795 1837 Deum
850 1782 1087 1839 Verbum
1127 1798 1223 1855 per
1263 1797 1324 1839 se
1366 1783 1709 1848 subsistens,
1751 1781 1956 1853 Deique

2069 1787 2087 1859 ἢ
2114 1762 2410 1840 ἐνδιάθετον
2435 1784 2530 1839 τοῦ
2561 1762 2719 1848 Θεοῦ,
2746 1762 2881 1837 ἀλλὰ
2911 1783 3085 1848 ζῶντα
3116 1781 3249 1835 Θεὸν
3288 1779 3457 1849 Λόγον
3498 1779 3619 1833 καθ’

393 1868 593 1926 Filium
635 1881 690 1927 et
726 1870 1036 1937 Christum,
1080 1887 1312 1943 eumque
1350 1881 1477 1927 ante
1524 1872 1708 1926 omnia
1758 1872 1956 1927 saecula

392 1977 506 2019 non
529 1978 628 2033 per
658 1963 829 2020 solam
859 1963 1255 2033 praescientiam
1282 1963 1445 2019 simul
1478 1979 1605 2019 eum
1641 1963 1798 2019 Patre
1834 1978 1960 2020 exs-

397 2054 596 2120 titisse,
620 2063 821 2110 etcum
854 2057 947 2111 illo
969 2065 1247 2111 versatum
1268 2055 1463 2124 fuisse,
1486 2056 1697 2127 ipsique
1721 2056 1787 2111 ad
1810 2071 1960 2111 crea-

396 2143 606 2198 tionem
655 2145 900 2200 omnium
943 2146 1240 2201 visibilium
1288 2146 1403 2202 sive
1451 2146 1806 2218 invisibilium
1855 2147 1961 2201 mi-

396 2233 682 2289 nistrasse.
719 2233 819 2290 Hic
863 2236 1009 2290 enim
1053 2245 1137 2292 est
1171 2236 1261 2292 cui
1298 2235 1462 2292 Pater
1489 2238 1671 2293 dixit:
1720 2257 1740 2291 ‹
1769 2237 1960 2294 Facia-

396 2338 523 2380 mus
558 2324 833 2381 hominem
872 2327 939 2381 ad
974 2327 1267 2398 imaginem
1313 2337 1369 2384 et
1405 2329 1815 2385 similitudinem
1860 2344 1961 2385 no-

402 2422 575 2471 stram
607 2417 706 2472 ³³.»
736 2418 840 2483 Qui
868 2419 1194 2488 patriarcltis
1225 2418 1362 2475 facie
1379 2421 1445 2475 ad
1468 2419 1661 2476 faciem
1689 2423 1841 2477 visus
1856 2432 1958 2486 est,

397 2508 495 2578 qui
529 2508 702 2579 legem
735 2509 903 2575 dedit,
934 2519 988 2566 et
1021 2511 1239 2567 locutus
1276 2518 1358 2567 est
1394 2527 1490 2582 per
1522 2514 1834 2584 prophetas.
1866 2515 1961 2583 qui

399 2599 620 2655 tandem
656 2600 819 2658 homo
850 2601 1025 2658 factus
1056 2613 1160 2672 est,
1187 2612 1242 2659 et
1266 2604 1479 2660 Patrem
1517 2620 1675 2660 suum
1708 2606 1961 2659 omnibus

398 2689 717 2748 hominibus
743 2693 1113 2749 manifestavit
1139 2716 1152 2750 :
1187 2695 1281 2765 qui
1311 2706 1499 2766 regnat
1529 2696 1585 2750 in
1611 2695 1822 2750 iniinita
1856 2713 1960 2750 saa-

399 2784 546 2839 cula.
574 2782 789 2839 Nullam
821 2786 965 2840 enim
991 2801 1187 2841 novam
1222 2787 1541 2857 dignitatem
1571 2789 1781 2857 accepit
1805 2786 1963 2842 Chri-

400 2882 522 2933 stus
549 2894 563 2930 :
590 2877 683 2932 sed
709 2892 833 2932 eum
861 2886 1018 2932 antea
1037 2876 1333 2947 perfectum
1354 2876 1638 2948 Patrisque
1660 2892 1755 2948 per
1778 2878 1963 2933 omnia

400 2968 636 3024 similem
667 2985 792 3026 esse
824 2971 1123 3026 credimus.

473 3144 585 3200 VII.
628 3165 647 3198 ι
670 3144 795 3201 Illos
833 3160 963 3201 vero
1003 3145 1096 3214 qui
1133 3143 1324 3199 dicunt
1354 3142 1572 3198 Patrem
1603 3150 1655 3197 et
1685 3142 1880 3198 Filium
1908 3152 1963 3198 et

403 3237 668 3308 Spiritum
705 3248 954 3292 sanctum
985 3235 1238 3291 eumdem
1271 3249 1429 3301 esse;
1465 3234 1571 3289 tria
1598 3234 1712 3290 haec
1741 3235 1963 3290 nomina

405 3330 475 3386 de
502 3344 609 3385 una
638 3329 934 3398 eademque
970 3343 1029 3384 re
1057 3344 1121 3384 ac
1144 3342 1380 3398 persona
1408 3328 1573 3398 impie
1612 3328 1961 3397 accipientes,

401 3423 601 3478 merito
622 3423 690 3477 ab
712 3420 956 3477 Ecclesia
985 3421 1393 3492 proscribimus.
1418 3438 1433 3475 :
1472 3438 1538 3476 eo
1567 3422 1713 3490 quod
1748 3419 1963 3475 Patrem

403 3516 496 3588 qui
536 3531 637 3571 nec
658 3516 1066 3585 comprehendi,
1103 3530 1205 3571 nec
1231 3516 1343 3586 pati
1374 3524 1569 3586 potest,
1607 3519 1966 3586 comprehen-

406 3607 552 3664 sioni
574 3617 628 3663 et
650 3607 898 3678 passioni
925 3623 1020 3678 per
1057 3608 1485 3663 incarnationem
1510 3609 1803 3680 subjiciant
1830 3627 1845 3677 ;
1875 3625 1965 3665 cu-

405 3701 651 3771 jnsmodi
676 3710 806 3756 sunt
827 3701 920 3771 qui
951 3701 1093 3770 apud
1119 3699 1343 3756 Latinos
1372 3700 1797 3772 Patropassiani,
1821 3705 1963 3774 apud

406 3809 509 3851 nos
542 3793 836 3849 Sabelliani
869 3802 1153 3849 vocantur.
1188 3791 1298 3849 Nos
1329 3795 1472 3849 enim
1500 3795 1708 3851 scimus
1741 3795 1961 3850 Patrem

406 3886 503 3957 qui
537 3885 709 3953 misit,
750 3885 806 3940 in
851 3886 1070 3956 propria
1109 3885 1465 3941 immutabilis
1503 3887 1800 3942 divinitatis
1831 3904 1966 3943 con—-

406 3979 614 4034 ditione
658 3979 1043 4048 permansisse.
1093 3976 1376 4033 Christum
1410 3986 1587 4033 autem
1623 3979 1716 4048 qui
1764 3979 1968 4034 missus

407 4077 513 4132 est,
547 4069 945 4126 Incarnationis
976 4068 1289 4138 implevisse
1310 4070 1799 4140 dispensationem.

481 4246 616 4303 VIII.
657 4246 944 4319 «Itemque
972 4251 1095 4305 illos
1119 4251 1211 4320 qui
1238 4266 1452 4307 summa
1482 4251 1756 4322 impietate
1779 4251 1971 4305 dicunt

408 4354 519 4395 non
543 4339 772 4394 arbitrio
793 4357 968 4410 neque
991 4343 1268 4398 voluntate
1288 4342 1485 4398 Filium
1506 4344 1747 4414 genitum
1772 4342 1962 4398 fuisse:

2057 1878 2246 1933 ἑαυτὸν
2261 1877 2592 1949 ὑπάρχοντα,
2620 1877 2714 1930 καὶ
2733 1874 2859 1930 Υἰδν
2892 1875 3027 1928 Θεοῦ
3059 1875 3152 1929 καὶ
3169 1874 3420 1946 Χριστὸν,
3439 1873 3533 1927 καὶ
3559 1873 3620 1927 οὐ

2058 1969 2481 2042 προγνωστικῶς
2510 1967 2736 2022 συνόντα
2768 1967 2863 2021 καὶ
2888 1966 3327 2038 συνδιατρίϐοντα
3355 1966 3461 2038 πρὸ
3494 1962 3623 2018 αἰὼ-

2057 2080 2162 2117 νων
2182 2061 2261 2132 τῷ
2284 2059 2475 2114 ἑαυτοῦ
2506 2060 2702 2130 Πατρὶ,
2728 2060 2822 2112 καὶ
2849 2059 2987 2130 πρὸς
3012 2059 3190 2111 πᾶσαν
3226 2057 3622 2128 διακονησάμε-

2058 2170 2147 2207 νον
2168 2151 2312 2223 αὐτῷ
2338 2150 2436 2223 τὴν
2451 2150 2832 2222 δημιουργίαν,
2860 2152 2968 2204 εἴτε
2993 2148 3104 2203 τῶν
3128 2147 3349 2220 ὁρατῶν
3371 2149 3482 2202 εἴτε
3514 2146 3623 2202 τῶν

2058 2242 2302 2316 ἀοράτων
2334 2241 2467 2314 (27).
2499 2236 2664 2304 Οὗτος
2693 2240 2801 2313 γάρ
2830 2243 2965 2307 ὲστι,
2984 2229 3129 2311 ’πρὸς
3166 2239 3225 2295 δν
3252 2234 3403 2291 εἶπεν
3443 2239 3473 2290 ὁ
3507 2238 3622 2291 Πα-

2057 2334 2185 2406 τὴρ»
2214 2336 2316 2400 δτι,
2364 2332 2725 2404 (Ποιήσωμεν
2769 2331 3053 2403 ἄνθρωπον
3102 2330 3222 2384 κατ³
3272 2329 3621 2400 εἰκόναίήμεο

2057 2429 2222 2499 τέραν
2254 2429 2345 2482 καὶ
2381 2428 2502 2482 καθ’
2524 2429 2801 2499 ὁμοίωσινο
2830 2444 2848 2478 ι
2886 2426 2916 2479 ὖ
2962 2423 3058 2477 καὶ
3097 2424 3211 2486 τοῖς
3257 2422 3624 2493 πατριάρχαις

2060 2518 2500 2592 αὐτοπροσώπως
2528 2519 2714 2589 ὀφθεὶς
2743 2517 2877 2589 (28),
2912 2514 3156 2577 δεδωκὼς
3198 2513 3288 2567 τὸν
3321 2513 3505 2583 νόμον,
3533 2511 3624 2565 καὶ

2059 2611 2294 2682 λαλήσας
2321 2610 2410 2663 διὰ
2433 2609 2539 2664 τῶν
2577 2607 2889 2680 προφητῶν,
2925 2607 3019 2660 καὶ
3057 2604 3125 2658 τὰ
3163 2604 3442 2657 τελευταῖα
3478 2604 3624 2657 ἐναν-

2062 2701 2376 2773 θρωπήσας,
2412 2700 2506 2754 καὶ
2534 2700 2626 2752 τὸν
2646 2698 2842 2753 ἑαυτοῦ
2876 2696 3096 2768 Πατέρα
3122 2697 3287 2748 πᾶσιν
3314 2692 3623 2764 ἀνθρώποις

2062 2789 2400 2861 φανερώσας,
2448 2789 2543 2842 καὶ
2590 2788 2885 2859 βασιλεύων
2937 2788 3017 2849 εἰς
3061 2785 3188 2847 τοὺς
3235 2783 3624 2853 ἀτελευτήτους

2061 2882 2282 2945 αἰῶνας.
2316 2881 2480 2936 Οὐδὲν
2510 2880 2618 2951 γὰρ
2650 2880 2957 2952 πρόσφατον
2992 2879 3020 2930 ὀ
3069 2876 3301 2950 Χριστὸς
3336 2875 3623 2947 προσείλη-

2063 2992 2160 3043 φεν
2185 2973 2420 3045 ἀξίωμα,
2451 2972 2564 3026 ἀλλ’
2598 2970 2803 3026 ἄνωθεν
2844 2969 3048 3023 τέλειον
3084 2967 3265 3033 αὐτὸν,
3294 2965 3492 3037 καίτῷ
3521 2967 3627 3019 Πα-

1987 3097 2031 3154 C
2064 3069 2154 3140 τρὶ
2177 3067 2316 3121 κατὰ
2348 3067 2525 3120 πάντα
2553 3066 2734 3137 ὅμοιον
2766 3061 2903 3118 εἷναι
2933 3060 3393 3154 πεπιστεύκαμενΣ

2135 3159 2246 3215 VII.
2289 3179 2308 3210 ι
2334 3161 2444 3213 Καὶ
2475 3160 2600 3222 τοὺς
2645 3157 2900 3226 λέγοντας
2937 3154 2995 3208 δὲ
3034 3153 3123 3209 τὸν
3156 3154 3314 3206 αὐτὸν
3347 3148 3485 3205 εἶναι
3513 3151 3625 3204 Πα-

2060 3252 2195 3323 τέρα
2222 3250 2315 3303 καὶ
2347 3249 2474 3302 Υἰὸν
2502 3250 2595 3302 καὶ
2633 3248 2785 3317 ἆγιον
2812 3244 3054 3316 Πνεῦμα,
3093 3242 3213 3297 καθ’
3250 3243 3366 3306 sva;
3401 3241 3502 3295 καὶ
3537 3239 3626 3293 τοῦ

2064 3340 2225 3396 αὐτοῦ
2260 3339 2580 3413 πράγματός
2613 3355 2671 3391 τε
2703 3337 2797 3391 κα)⁸
2828 3334 3116 3408 προσώπου
3139 3335 3208 3389 τὰ
3236 3333 3362 3406 τρία
3388 3333 3626 3404 ὀνόματα

2064 3432 2277 3496 ἀσεϐῶς
2300 3430 2758 3503 ὲκλαμϐάνοντας,
2788 3429 3010 3491 εἰκότως
3047 3424 3506 3498 ἀποκηρύσσομεν
3529 3422 3625 3491 τῆς

2076 3524 2431 3596 Ἐκκλησίας·
2478 3523 2559 3576 ὅτι
2603 3520 2693 3575 τὸν
2741 3517 3019 3590 ἀχώρητον
3051 3518 3145 3571 καῖ
3186 3514 3370 3584 άπαθῆ
3409 3513 3629 3584 Πατέρα

2065 3615 2307 3688 χωρητὸν
2337 3615 2451 3686 ἅμα
2501 3613 2593 3667 καὶ
2635 3611 2872 3682 παθητὸν
2917 3609 3004 3663 διὰ
3035 3609 3132 3678 τῆς
3171 3605 3626 3677 ὲνανθρωπήσεως

2066 3703 2440 3758 ὑποτίθενταν
2471 3701 2701 3756 τοιοῦτοι
2740 3700 2847 3771 γάρ
2893 3701 3030 3752 εἰσιν
3068 3699 3116 3751 οἱ
3161 3693 3627 3767 Πατροπασσιανο)⁹

2070 3798 2167 3870 μὲν
2202 3796 2354 3868 παρὰ
2418 3793 2710 3866 Ῥωμαίοις
2740 3834 2754 3859 ,
2813 3789 3156 3845 Σαϐελλιανοὶ
3206 3789 3262 3842 δὲ
3307 3786 3644 3857 καλούμενοι.

2066 3890 2194 3960 παρ’
2225 3890 2375 3959 ἡμῖν.
2403 3885 2636 3956 Οἴδαμεν
2665 3884 2772 3956 γὰρ
2799 3884 2961 3955 ἡμεῖς
2989 3883 3079 3935 τὸν
3110 3882 3205 3953 μὲν
3232 3878 3626 3934 ἀποστείλαντα

2066 3979 2283 4050 Πατέρα
2315 3981 2372 4032 ὲν
2408 3976 2485 4049 τῷ
2513 3976 2697 4045 οἰκείῳ
2721 3974 2818 4044 τῆς
2842 3971 3196 4027 ἀναλλοιώτου
3231 3969 3485 4039 θεότητος
3510 3965 3624 4038 ῆθει

2069 4072 2457 4147 μεμενηκέναι,
2493 4069 2582 4123 τὸν
2620 4068 2676 4121 δὲ
2707 4066 3076 4122 ἀποσταλέντα
3112 4064 3344 4135 Χριστὸν
3391 4062 3493 4133 τὴν
3528 4058 3624 4129 τῆς

2066 4164 2529 4237 ὲνανθρωπήσεως
2561 4159 2870 4230 οἰκονομίαν
2904 4155 3340 4228 πεπληρωκέναι.
3441 4175 3445 4180 ·

2145 4254 2279 4310 VIII.
2317 4254 2534 4324 «Ὅμως
2556 4251 2612 4304 δὲ
2641 4251 2733 4304 καὶ
2755 4250 2880 4310 τοὺς
2901 4248 2961 4301 ού
2997 4246 3244 4317 βουλήσει
3265 4242 3385 4296 οὐδὲ
3416 4241 3626 4311 θελήσει

2068 4345 2424 4417 γεγεννῆσθαι
2468 4342 2581 4416 (29)
2624 4342 2715 4395 τὸν
2760 4341 2887 4394 Υἰὸν
2933 4338 3218 4410 εἰρηκότας
3278 4331 3622 4395 ἀνευλαϐῶς,

408 4430 827 4485 involuntariam
867 4441 921 4486 et
961 4433 1188 4488 invitam
1246 4435 1538 4504 quamdam
1588 4435 1959 4490 necessitatem

2069 4439 2311 4509 ἀνάγκην
2341 4437 2398 4490 δὲ
2421 4434 2660 4505 δηλονότι
2687 4431 2981 4503 ἀϐούλητον
3007 4431 3100 4483 καὶ
3128 4426 3489 4498 ἀπροαίρετον
3528 4439 3621 4475 πε-

409 4519 523 4576 Deo
549 4522 946 4588 attribuentes;
992 4525 1067 4579 ita
1108 4534 1168 4579 ut
1215 4525 1408 4581 nolens
1457 4525 1705 4596 genuerit
1743 4526 1959 4594 Filium,

2074 4528 2436 4602 ριτεθεικότας
2465 4526 2544 4597 τῷ
2581 4525 2700 4596 Θεῷ
2725 4565 2740 4589 ,
2778 4525 2866 4578 ἵνα
2912 4523 3057 4577 ἄκων
3084 4520 3317 4593 γεννήσῃ
3358 4517 3451 4571 τὸν
3479 4514 3621 4582 Υἰδν,

408 4612 770 4682 impiissimos
795 4623 849 4669 et
875 4615 943 4671 ab
965 4614 1207 4673 Ecclesia
1235 4618 1443 4673 alienos
1470 4632 1788 4682 censemus;
1821 4619 1959 4689 quod

2069 4619 2518 4682 δυσσεϐεστάτους
2546 4619 2639 4671 xu).
2666 4618 2763 4689 τῆς
2805 4614 3128 4686 Ἐκκλησίας
3162 4612 3340 4677 ξένους
3377 4605 3626 4679 ἐπιγινώ-

409 4715 607 4776 praeter
637 4720 955 4762 communes
1001 4708 1069 4763 de
1115 4707 1227 4764 Deo
1260 4709 1590 4776 sententias,
1627 4710 1737 4765 imo
1778 4723 1959 4767 contra

2071 4727 2272 4781 σκομεν
2301 4709 2408 4782 (50)
2435 4727 2448 4740 ’
2479 4711 2559 4763 ὅτι
2595 4726 2654 4761 τε
2687 4706 2838 4779 παρὰ
2863 4707 2960 4770 τὰς
2988 4704 3170 4765 κοινὰς
3214 4703 3339 4776 περὶ
3369 4698 3503 4755 Θεοῦ
3539 4700 3624 4751 ὲν-

407 4804 647 4853 mentem
674 4795 966 4867 Scriptura;
989 4798 1249 4854 divinitus
1270 4799 1571 4871 inspirataa,
1599 4801 1878 4872 ejusmodi
1900 4804 1959 4859 de

2069 4804 2237 4872 νοίας,
2270 4804 2363 4858 καὶ
2387 4803 2450 4875 δὴ
2482 4803 2576 4857 καὶ
2603 4801 2753 4875 παρὰ
2778 4799 2839 4854 τὸ
2871 4799 3114 4870 βούλημα
3147 4798 3245 4869 τῆς
3272 4793 3629 4852 θεοπνεύστου

483 4939 527 4970 ⁸⁸
559 4937 755 4994 Cenes.
783 4951 825 5004 ι,
845 4936 917 4992 26

476 5093 589 5166 (21)
618 5093 864 5166 Niceph.,
892 5092 991 5164 μὲν
1016 5089 1152 5166 εἶναι
1177 5094 1339 5166 male.

506 5165 597 5235 22)
628 5161 917 5235 Eusebium
945 5165 1064 5219 vide
1092 5164 1151 5235 in
1177 5161 1507 5219 Marcellum.

504 5231 595 5305 23)
622 5234 777 5305 Apud
818 5232 971 5305 Socr.
1006 5242 1059 5288 et
1087 5231 1356 5305 Nic.,iqt’m
1393 5235 1561 5305 deest,
1591 5236 1772 5290 minus
1805 5243 1967 5289 recte.

501 5303 595 5375 24)
628 5302 703 5358 Ita
736 5304 867 5375 Reg.
898 5302 1106 5360 Socrat.
1153 5312 1205 5357 et
1241 5303 1359 5361 Nic.
1407 5302 1568 5373 Editi’,
1606 5305 1764 5360 αὐτόν
1792 5305 1971 5359 minus

409 5382 578 5429 recte.

445 5442 597 5523 “(‘25)
628 5444 719 5499 Sic
743 5443 874 5523 edit.
901 5444 1117 5523 Comm.
1140 5451 1194 5499 et
1221 5458 1411 5523 omnes
1432 5443 1780 5523 manuscripti
1808 5441 1966 5523 codd.

412 5510 741 5569 Edit.'vero
794 5513 1116 5570 Parisiensis
1157 5529 1223 5568 ex
1251 5514 1474 5568 Socrate
1524 5515 1604 5571 sic
1641 5510 1967 5578 emendavit,

410 5581 657 5662 Φοτεινοῢ
680 5584 835 5654 quasi
864 5584 1116 5662 mendum
1145 5592 1307 5662 esset.
1330 5586 1400 5639 At
1422 5584 1698 5642 Σκοτεινόν
1720 5593 1969 5641 vocatum

413 5654 789 5722 existimamus
819 5668 917 5722 per
943 5654 1301 5722 antiphrasin.

486 5719 600 5789 (26)
633 5721 744 5793 Τὴν
775 5719 1076 5793 μοναρχίαν
1100 5721 1252 5778 Socr.
1285 5730 1338 5779 et
1362 5721 1480 5780 Nic.

2139 5092 2251 5161 (27)
2291 5093 2443 5149 Socr.
2478 5105 2530 5148 et
2553 5091 2695 5157 Nic.,
2718 5089 2826 5144 τῶν
2854 5090 3116 5161 ἀοράτων,
3136 5088 3248 5143 ἀλλ’
3274 5086 3629 5161 ένυπόστατον

2074 5148 2246 5232 Λύκον
2280 5148 2407 5218 ὅντα
2438 5163 2531 5217 τοῦ
2581 5148 2788 5233 Πατρὸς
2812 5201 2827 5226 ,
2860 5148 2951 5214 καὶ
2989 5148 3119 5214 Θεὸν
3160 5162 3224 5213 ἐκ
3266 5156 3422 5211 Θεοῦ.
3463 5148 3626 5219 Οὗτος

2207 5236 2320 5306 ἐστι
2352 5234 2485 5301 πρὸς
2515 5229 2770 5306 ὂν-εἷπεν,
2802 5239 2904 5285 etc.

2143 5296 2253 5379 (ξξ)
2286 5296 2523 5379 Socr.
2549 5302 2690 5379 Nic.,
2717 5301 2776 5365 ὃς
2818 5341 2831 5355 .
2875 5339 2889 5353 .
2933 5341 2948 5356 .
2993 5337 3006 5351 .
3048 5296 3226 5369 ὄρφθηι
3328 5366 3422 5379 ω,

2143 5366 2254 5440 (29)
2290 5373 2379 5427 Sic
2412 5374 2542 5427 edit.
2587 5366 2798 5427 Comm.
2846 5380 2899 5425 et
2928 5366 3119 5424 omnes
3150 5366 3285 5424 mss.
3327 5366 3472 5422 Edit.
3502 5377 3627 5421 vero

2070 5442 2271 5514 ParisL,
2299 5443 2644 5514 χεγενῆσθαι.

2146 5504 2266 5585 (5Q)
2292 5504 2389 5567 Sic'
2424 5504 2561 5585 Reg.
2608 5515 2762 5585 Socr.
2809 5518 2872 5585 e_t_
2897 5507 3022 5585 _N_ic.
3070 5506 3232 5585 Editi,
3260 5504 3620 5585 γινώσκομενΣ

2032 5588 2048 5602 ⁸
2076 5571 2197 5637 Mox
2223 5571 2378 5652 Reg.,
2411 5571 2620 5647 καινάς,
2648 5582 2804 5652 male.
2827 5578 3034 5652 Ibidem
3057 5571 3321 5652 εῄῇιίποῦ
3351 5575 3477 5644 περὶ
3497 5571 3626 5627 Θεοῦ

2076 5654 2236 5719 male,
2261 5645 2537 5710 τοῦιιερει
2566 5645 2620 5708 in
2654 5651 2783 5723 Reg.
2820 5650 2973 5705 Socr.
2998 5657 3052 5704 ct
3078 5645 3195 5703 Nic.
