3914 6222
318 274 463 356 πε

916 298 976 354 8.
1015 295 1390 355 ATHANASII
1426 295 1576 354 OPP.
1617 297 1799 354 PARS
1828 298 1869 354 l.
1908 328 1980 341 —
2007 297 2379 354 HlSTORlCA
2413 296 2501 352 ET
2537 297 2956 355 DOGMATICA.

3483 302 3589 358 736

354 416 513 482 tiam,
546 413 886 485 exploratam
912 412 1171 478 habeam,
1202 412 1526 482 sinceroque
1556 412 1817 469 divinitus
1844 413 1926 468 in-

2044 411 2356 466 Ιινατολικῶν
2395 412 2456 465 τὸ
2498 412 2946 485 ἐκκλησιαστικὸν
2978 415 3037 467 ὲν
3065 416 3255 488 Κυριῳ
3297 415 3408 489 (39)
3453 418 3593 487 φρό-

354 509 689 579 spiratarum
740 507 1149 575 Scripturarum
1179 506 1497 561 testimonio
1523 506 1925 574 conﬁrmatam,

362 600 508 671 apud
533 615 631 656 eos
664 601 757 671 qui
795 610 975 656 mente
1005 599 1229 655 minime
1259 615 1510 669 perversa
1542 608 1689 653 sunt.
1727 617 1747 652 ι

428 691 651 751 ἱ7.⁷8ε‹1
678 707 856 764 neque
883 691 966 747 his
995 699 1260 747 steterunt
1289 710 1302 746 :
1335 691 1527 745 iterum
1556 705 1790 759 namque
1820 688 1930 744 Sir-

351 782 454 839 mii
495 782 756 838 adversus
801 781 1098 836 Photinum
1142 782 1340 848 coacti,
1373 780 1534 835 aliam
1572 779 1692 835 ﬁdei
1719 779 1929 834 forum-

353 875 466 931 lam
500 874 808 941 ediderunt,
845 890 954 928 non
987 873 1060 928 ita
1090 875 1381 943 prolixam,
1418 888 1591 943 neque
1628 881 1709 929 tot
1747 874 1928 930 verbis

356 971 727 1040 conscriptam
768 987 784 1025 :
823 970 917 1024 sed
950 968 1201 1040 plurimis
1236 968 1516 1030 detractis,
1557 968 1662 1023 alia
1700 967 1926 1022 addide-

354 1070 509 1128 runt,
540 1061 707 1118 veluti
737 1061 860 1117 ea'a
891 1059 1227 1130 quibusdam
1262 1060 1364 1116 sibi
1401 1060 1812 1132 suggerentibus
1834 1074 1925 1116 ac-

354 1153 653 1223 cepissent.

436 1263 456 1298 σ
481 1243 767 1301 Credimus
798 1245 854 1299 in
891 1258 1061 1299 unum
1103 1242 1292 1310 Deum,
1329 1241 1546 1297 Patrem
1583 1240 1927 1312 omnipoten-

336 1342 490 1401 tem,
511 1344 811 1390 creatorem
840 1343 895 1388 et
923 1332 1184 1389 factorem
1208 1333 1455 1388 omnium
1483 1354 1494 1388 :
1522 1348 1590 1389 ex
1609 1348 1719 1403 quo
1748 1331 1928 1387 omnis

357 1424 659 1494 paternitas
693 1424 747 1478 in
788 1424 928 1479 caelo
981 1432 1036 1478 et
1082 1423 1136 1477 in
1187 1431 1335 1478 terra
1370 1423 1703 1477 nominatur.
1754 1420 1820 1476 Et
1871 1420 1928 1476 in

355 1515 697 1586 unigenitum
719 1515 839 1585 ejus
864 1513 1086 1581 Filium,
1120 1512 1410 1569 Dominum
1462 1523 1709 1568 nostrum
1739 1511 1925 1567 Iesum

355 1604 633 1661 Christum
670 1647 686 1671 ,
738 1621 807 1662 ex
854 1604 1015 1661 Patre
1063 1614 1250 1659 natum
1302 1615 1426 1662 ante
1460 1605 1644 1659 omnia
1679 1604 1875 1661 saecula
1909 1621 1925 1658 :

357 1694 528 1750 Deum
556 1711 625 1750 ex
670 1695 805 1760 Deo,
835 1697 1022 1751 lumen
1063 1710 1132 1749 ex
1166 1695 1395 1759 lumine,
1428 1711 1526 1765 per
1552 1711 1712 1766 quem
1742 1696 1927 1751 omnia

2025 523 2192 577 νημα,
2229 507 2671 577 μαρτυρούμενον
2714 506 2986 571 astam»;
3038 508 3142 561 ὑπὸ
3183 509 3291 562 τῶν
3332 508 3593 567 θεοπνεύ-

2026 610 2165 645 στων
2184 592 2436 662 Γραφῶν,
2465 592 2612 664 παρά
2640 596 2751 657 τοῖς
2781 593 3156 666 ἀδιαστρόφοις
3184 595 3317 667 (40).
3353 614 3375 650 ι

2023 697 2047 744 Γ
2095 685 2187 739 27.
2221 685 2359 738 Ἀλλ’
2395 684 2762 749 οὐδὲ.τούτοις
2795 685 3072 756 ἐνέμειναν
3110 703 3125 717 ’
3170 687 3333 743 πάλιν
3369 687 3480 762 γὰρ
3525 687 3597 745 ἐν

2026 777 2234 848 Σιρμίῳ
2275 777 2616 841 συνελθόντες
2646 777 2788 832 κατὰ
2824 778 3109 844 Φωτεινοῦ,
3132 780 3252 834 τότε
3287 781 3591 853 συνέθηκαν

2025 865 2178 933 αὖθις
2207 867 2409 935 πίστιν,
2443 869 2623 923 οὐκέτι
2648 869 2745 941 μὲν
2775 869 2919 924 οῦτω
2957 872 3283 943 σχοινπενῆ,
3316 874 3438 927 οὐδὲ
3461 892 3588 928 τοσ-

2026 958 2197 1031 αύτην
2227 962 2341 1024 τοῖς
2383 961 2653 1032 ῥήμασιν·
2689 961 2976 1031 ἀφελόντες
3018 961 3075 1015 δὲ
3106 963 3176 1017 τά
3210 963 3435 1018 πλείστα
3494 967 3592 1020 καὶ

2026 1050 2353 1124 προσθέντες
2383 1052 2519 1108 ἄλλα
2548 1094 2563 1119 ,
2612 1050 2802 1125 ὥσπερ
2842 1054 2902 1121 ἐξ
2948 1053 3217 1126 ὑποϐολῆς
3247 1056 3398 1129 παρά
3431 1074 3594 1112 τινων

2026 1141 2372 1208 ἀκούσαντες,
2399 1143 2641 1215 ἔγραψαν
2660 1143 2853 1199 ταῦτα.

2100 1234 2208 1306 (41)
2248 1254 2268 1286 ί
2292 1235 2624 1307 Πιστεύομεν
2665 1238 2746 1300 είς
2795 1237 2891 1291 ἕνα
2934 1237 3087 1305 Θεὸν,
3123 1237 3344 1311 Πατέρα
3388 1255 3595 1294 παντο-

2027 1325 2287 1396 κράτορα,
2318 1326 2410 1379 τὸν
2447 1326 2670 1397 κτίστην
2701 1327 2795 1381 καὶ
2825 1328 3056 1400 ποιητὴν
3101 1328 3211 1382 τῶν
3259 1330 3496 1396 πάντων,
3530 1330 3597 1396 ἐξ

2027 1411 2087 1470 οῦ
2119 1418 2267 1471 πᾶσα
2290 1419 2494 1490 πατριά
2522 1419 2579 1471 ὲν
2601 1418 2814 1491 οὐρανῷ
2840 1419 2950 1491 (42)
2985 1419 3079 1473 καὶ
3106 1420 3199 1474 ἐπὶ
3240 1420 3346 1491 γῆς
3388 1421 3590 1492 ὀνομά-

2029 1505 2178 1572 ζεται
2196 1524 2210 1540 ο
2252 1509 2346 1562 καὶ
2378 1510 2458 1573 είς
2488 1508 2579 1563 τὸν
2609 1510 2871 1581 μονογενῆ
2906 1510 3068 1565 αὑτοῦ
3097 1511 3224 1565 Υἱὸν
3267 1513 3358 1565 τὸν
3386 1512 3595 1585 Κύριον

2029 1599 2187 1671 ἡμῶν
2228 1599 2433 1672 Ἰησοῦν
2479 1601 2573 1656 τὸν
2622 1603 2887 1675 Χριστὸν,
2939 1603 3030 1657 τὸν
3078 1602 3185 1675 πρὸ
3227 1604 3444 1663 πάντων
3483 1604 3595 1661 τῶν

2031 1686 2240 1742 αίώνων
2270 1690 2339 1742 έκ-
2360 1688 2455 1743 τοῦ
2493 1691 2706 1762 Πατρὸς
2748 1691 3075 1764 γεννηθέντα
3101 1709 3116 1723 ·
3155 1692 3287 1746 Θεὸν
3321 1694 3389 1747 ὲκ
3432 1693 3594 1760 Θεοῦ,

355 1786 503 1843 facta
542 1796 691 1853 sunt,
734 1802 857 1858 quae
882 1788 936 1841 in
969 1787 1125 1843 cmlis
1170 1795 1225 1842 et
1251 1802 1374 1858 quae
1397 1786 1453 1840 in
1488 1798 1660 1852 terra,
1691 1786 1928 1842 visibilia

2044 1778 2145 1846 ρῶς
2177 1781 2243 1833 ὲκ
2267 1780 2462 1850 φωτὸς,
2495 1782 2562 1836 δι’
2609 1776 2671 1837 οὗ
2711 1784 2926 1853 ἐγένετο
2954 1784 3022 1839 τὰ
3055 1784 3256 1849 πάντα,
3284 1786 3355 1841 τά
3378 1803 3436 1839 τε
3480 1786 3595 1859 (45)

353 1889 414 1936 et
435 1880 747 1936 invisibilia.
773 1878 874 1946 Qui
901 1877 1140 1934 Verbum
1160 1886 1246 1934 est
1265 1887 1320 1934 et
1349 1879 1639 1949 sapientia,
1656 1878 1750 1933 lux
1776 1894 1926 1945 vera,

355 1978 413 2025 et
440 1971 545 2024 vita
576 1987 591 2037 ;
617 1970 711 2039 qui
738 1970 793 2023 in
824 1968 1141 2024 novissimis
1169 1968 1360 2024 diebus
1392 1978 1610 2039 propter
1640 1984 1742 2024 nos
1766 1970 1929 2025 homo

358 2058 536 2114 factus
564 2069 681 2127 est;
711 2067 981 2128 natusque
1013 2074 1080 2114 ex
1120 2067 1306 2114 sancta
1339 2057 1583 2130 Virgine,
1611 2058 1929 2121 cruciﬁxus.

357 2159 610 2205 mortuus
651 2158 706 2204 et
753 2150 999 2219 sepultus
1034 2167 1050 2215 ;
1107 2151 1202 2221 qui
1246 2150 1552 2206 resurrexit
1589 2166 1656 2205 ex
1697 2150 1930 2205 mortuis

357 2241 522 2295 tertia
550 2240 658 2305 die,
687 2250 740 2296 et
773 2249 1090 2312 assumptus
1116 2251 1203 2298 est
1227 2243 1280 2297 in
1312 2243 1536 2306 coelum,
1567 2242 1826 2313 sedetque
1861 2242 1930 2297 ad

352 2333 636 2390 dexteram
663 2332 859 2388 Patris.
900 2331 967 2387 Et
993 2342 1253 2390 venturus
1284 2334 1444 2406 593
1477 2344 1561 2391 est
1592 2336 1646 2389 in
1680 2350 1932 2390 consum-

354 2422 601 2477 matione
634 2422 818 2478 saaculi
849 2422 1098 2493 judicare
1140 2424 1294 2480 vivos
1337 2433 1393 2479 et
1426 2433 1693 2489 mortuos,
1725 2433 1778 2479 et
1809 2424 1936 2479 reda

354 2513 489 2570 dere
517 2512 816 2585 Unicuique
844 2516 1144 2571 secundum
1179 2532 1345 2586 opera
1379 2533 1498 2582 sua,
1526 2517 1682 2587 cujus
1702 2532 1933 2587 regnum

352 2612 678 2677 perpetuum
711 2616 994 2677 permanet
1024 2608 1077 2661 in
1123 2608 1335 2663 inﬁnita
1368 2609 1586 2664 saecula.
1630 2608 1747 2662 Erit
1783 2609 1935 2662 enim

350 2697 554 2754 sedens
586 2698 653 2754 ad
682 2699 962 2755 dexteram
989 2698 1190 2765 Patris,
1225 2717 1332 2775 non
1366 2700 1541 2756 solum
1583 2701 1636 2754 in
1681 2701 1785 2755 hoc
1830 2715 1932 2755 sae-

350 2789 504 2854 culo,
536 2790 631 2845 sed
662 2791 829 2845 etiam
863 2792 919 2846 in
952 2790 1157 2846 futuro.
1192 2789 1258 2845 Et
1285 2792 1337 2845 in
1366 2788 1627 2859 Spiritum
1657 2798 1928 2852 sanctum,

343 2878 473 2975 illoc
495 2888 598 2945 est,
627 2879 966 2937 Paracletum
998 2921 1014 2946 ,
1046 2898 1206 2952 quem
1240 2882 1503 2953 apostolis
1526 2881 1818 2951 pollicitus,
1849 2897 1930 2947 se,

355 2978 484 3038 post
529 2986 814 3027 ascensum
854 2989 1013 3027 suum
1067 2974 1118 3026 in
1167 2974 1358 3040 caelos,
1396 2973 1718 3040 missurum,
1762 2973 1929 3035 misit,

353 3072 420 3117 ω
441 3060 663 3118 doceret
687 3078 784 3118 eos
811 3072 867 3118 et
904 3073 1215 3134 suggereret
1243 3065 1323 3119 eis
1351 3065 1534 3119 omnia
1572 3081 1588 3130 ;
1648 3080 1741 3133 per
1766 3079 1929 3133 quem

2029 1872 2089 1925 ὲν
2115 1875 2226 1937 τοῖς
2256 1874 2503 1945 οὐρανοίς
2534 1876 2628 1930 καὶ
2648 1874 2716 1929 τὰ
2754 1876 2845 1930 ἐπὶ
2874 1876 2973 1948 τῆς
3017 1877 3138 1949 γῆς,
3176 1876 3244 1930 τὰ
3288 1877 3457 1949 ὁρατά
3500 1880 3601 1933 καὶ

2030 1962 2098 2016 τὰ
2129 1966 2355 2036 ἀόραταο
2391 1967 2560 2044 ᾼόγον
2585 1965 2713 2020 ὄντα
2745 1967 2838 2021 καὶ
2869 1967 3081 2037 σοφίαν,
3121 1970 3216 2022 καὶ
3256 1967 3372 2038 φῶς
3409 1968 3601 2042 ἀληθι-

2030 2056 2140 2122 νὸν,
2172 2058 2267 2110 καὶ
2311 2057 2488 2129 ζωήν·
2535 2058 2627 2110 τὸν
2674 2059 2758 2111 ἐπ’
2813 2060 3055 2130 ἐσχατων
3099 2059 3208 2113 τῶν
3256 2060 3479 2133 ἡμερῶν
3527 2060 3598 2113 δι’

2031 2148 2178 2219 ἡμᾶς
2206 2148 2700 2222 ένανθρωπήσαντα
2720 2165 2733 2178 ·
2757 2148 2849 2202 καὶ
2873 2147 3198 2220 γεννηθέντα
3224 2150 3289 2202 ὲκ
3312 2150 3411 2221 τῆς
3435 2150 3601 2219 ἁγίας

2029 2237 2331 2310 Παρθένου,
2374 2239 2468 2292 καὶ
2508 2239 2920 2311 σταυρωθέντα,
2960 2240 3052 2294 καὶ
3096 2238 3468 2309 ἀποθανόντα,
3502 2245 3602 2297 καὶ

2028 2331 2267 2400 ταφέντα
2295 2348 2309 2361 ’
2348 2331 2440 2384 καὶ
2466 2332 2772 2385 ἀναστάντα
2798 2334 2863 2385 ὲκ
2899 2331 3108 2404 νεκρῶν
3135 2335 3199 2405 τῇ
3240 2333 3400 2407 τρίτῃ
3445 2334 3615 2405 ἡμέοξ

2032 2439 2122 2494 pg,
2171 2422 2266 2475 καὶ
2308 2423 2682 2493 ἀναληφθέντα
2729 2424 2808 2487 είς
2850 2424 3111 2496 οὐρανὸν,
3158 2426 3253 2479 καὶ
3306 2425 3604 2480 καθεσθέν-

2029 2530 2097 2567 τα
2126 2512 2235 2585 (44)
2277 2515 2334 2567 ἐν
2370 2513 2521 2586 δεξιᾷ
2568 2513 2662 2567 τοῦ
2710 2514 2957 2587 Πατρός·
3016 2516 3109 2569 καὶ
3151 2516 3442 2588 ἐρχόμενον
3503 2519 3603 2572 ἐπὶ

2033 2604 2309 2677 συντελείᾳ
2361 2605 2454 2659 τοῦ
2494 2606 2687 2670 αἰῶνος
2731 2608 2913 2679 κρῖναι
2960 2606 3168 2673 ζῶντας
3196 2609 3288 2662 καὶ
3325 2610 3557 2680 νεκροὺς
3579 2648 3601 2674 ,

2031 2698 2128 2752 καὶ
2197 2697 2488 2753 ἀποδοῦναι
2557 2698 2772 2770 ἑκάστῳ
2839 2699 2981 2754 κατά
3048 2699 3117 2752 τά
3184 2699 3322 2774 ἔργα
3382 2699 3552 2754 αὑτοῦ
3582 2717 3601 2734 ο

2030 2782 2090 2842 οὗ
2124 2792 2157 2860 ἡ
2205 2787 2482 2859 βασιλεία,
2536 2791 2957 2856 ἀκατάπαυστος
3009 2787 3175 2856 οὖσα,
3225 2792 3466 2863 διαμένει
3517 2792 3602 2857 είς

2031 2885 2158 2948 τοὺς
2227 2883 2486 2955 ἀπείρους
2540 2884 2774 2948 αἰῶνας·
2840 2884 2993 2938 ἔσται
3053 2884 3162 2957 γὰρ
3235 2883 3604 2954 καθεζόμενος

2032 2975 2091 3026 ὲν
2118 2973 2264 3045 δεξιᾷ
2306 2974 2400 3027 τοῦ
2433 2975 2667 3047 Πατρὸς,
2694 2976 2752 3029 οὐ
2794 2976 2952 3047 μόνον
2982 2978 3038 3030 ἐν
3073 2977 3151 3048 τῷ
3193 2975 3345 3029 αίῶνι
3384 2975 3593 3047 τούτῳ,

2034 3064 2172 3119 ἀλλά
2224 3064 2316 3119 καὶ
2353 3067 2409 3118 ὲν
2449 3065 2527 3137 τῷ
2572 3066 2854 3137 μέλλοντι·
2909 3068 3002 3120 καὶ
3053 3068 3132 3131 είς
3160 3066 3223 3120 τὸ
3267 3064 3495 3138 Πνεῦμα
3543 3066 3613 3122 τὸ

343 3141 556 3231 Ϋθωηθε
588 3155 804 3221 animas,
828 3171 950 3227 qua:
980 3159 1036 3210 in
1060 3171 1184 3211 eum
1212 3155 1423 3212 sincere
1450 3157 1699 3221 credunt,
1728 3155 1932 3212 sancti-

2044 3156 2210 3225 Ξγιον,
2251 3156 2495 3211 τουτέστι
2533 3158 2627 3212 τὸν
2686 3158 3041 3230 Παράκλητον
3069 3198 3084 3220 ,
3139 3160 3275 3231 ὅπερ
3325 3159 3607 3227 ,ἐπαγγει-

344 3229 618 3301 Ὧοαηιιιν.

2036 3247 2268 3321 λάμενος
2301 3252 2411 3315 τοϊς
2454 3250 2769 3316 ἀποστόλοις
2806 3290 2822 3315 ,
2869 3250 3009 3323 μετά
3063 3251 3159 3323 τὴν
3216 3254 3295 3315 είς
3340 3250 3607 3321 οὐρανοὺς

358 3337 528 3393 αὑτοῦ
560 3340 742 3396 ἄνοδον
771 3341 1103 3407 ἀποστεῖλαι,
1134 3340 1340 3406 διδάξαι
1376 3340 1470 3395 καὶ
1503 3340 1816 3412 ὑπομνῆσαι
1854 3340 2052 3404 αὑτοὺς
2085 3342 2262 3397 πάντα
2287 3382 2304 3409 ,
2355 3343 2598 3415 έπεμψεο
2664 3344 2732 3398 δι’
2774 3336 2835 3399 οὗ
2877 3345 2970 3398 καὶ
3028 3343 3345 3413 ἁγιάζονται
3389 3346 3445 3397 αί
3492 3344 3606 3399 τῶν

353 3437 670 3511 εἰλικρινῶς
703 3441 782 3504 είς
810 3440 974 3493 αὑτὸν
1007 3425 1446 3495 πεπιστευκότων
1479 3437 1667 3508 ψυχαί.

432 3548 476 3605 l.
512 3568 530 3601 ‹
556 3547 665 3604 Eos
687 3564 849 3620 porro
877 3550 971 3620 qui
999 3550 1206 3615 dicunt,
1239 3550 1433 3606 Filium
1464 3567 1529 3607 ex
1561 3567 1668 3607 non
1715 3560 1935 3606 exstan-

356 3641 532 3706 tibus,
574 3650 668 3696 aut
700 3656 766 3696 ex
795 3642 901 3696 alia
934 3643 1267 3710 substantia,
1296 3651 1351 3698 et
1382 3660 1493 3698 non
1522 3659 1588 3698 ex
1622 3643 1734 3698 Deo
1767 3659 1887 3699 esse
1916 3661 1941 3698 :7

362 3740 461 3788 aut
485 3742 697 3802 tempus
729 3733 813 3787 vel
843 3733 1102 3788 saeculum
1139 3734 1309 3790 fuisse
1324 3749 1448 3789 cum
1483 3734 1789 3800 exsisteret,
1805 3733 1935 3789 alie-

362 3837 465 3878 nos
497 3839 527 3877 a
560 3838 618 3878 se
640 3823 885 3894 agnoscit
910 3833 1101 3880 sancta
1129 3834 1183 3880 et
1205 3825 1472 3880 catholica
1499 3824 1764 3881 Ecclesia.

434 3913 495 3969 ll.
537 3933 556 3966 ι
579 3913 778 3970 lterum
807 3932 938 3988 ergo
966 3918 1201 3973 dicimus
1226 3936 1241 3973 :
1272 3918 1331 3972 Si
1354 3918 1479 3986 quis
1509 3917 1726 3975 Patrem
1760 3928 1815 3976 et
1839 3919 1934 3975 Fi-

362 4003 497 4059 lium
532 4005 670 4061 duos
695 4005 834 4062 Deos
869 4007 1025 4071 dicit,
1061 3996 1350 4064 anathema
1378 4017 1519 4065 esto.

435 4097 525 4152 lll.
571 4116 589 4150 ε
619 4098 686 4153 Et
709 4099 755 4155 si
800 4101 948 4169 quis,
983 4116 1108 4156 cum
1153 4101 1298 4157 dicat
1336 4101 1507 4158 Deum
1552 4101 1850 4168 Christum,
1881 4110 1938 4159 et

362 4199 493 4245 ante
515 4191 713 4247 saecula
743 4189 839 4246 Dei
877 4191 1078 4247 Filium
1120 4208 1269 4257 esse,
1307 4194 1558 4249 eumdem
1603 4210 1710 4249 non
1756 4194 1930 4250 conti--

365 4293 546 4340 teatur
558 4284 622 4337 ad
649 4285 979 4340 creationem
1009 4285 1387 4343 universorum
1409 4284 1554 4342 Patri
1572 4286 1933 4351 ministrasse,

372 4377 657 4430 anathema
684 4385 821 4431 esto.

2105 3554 2148 3606 ῐ.
2191 3569 2209 3601 ι
2233 3551 2372 3615 Τοὺς
2410 3550 2467 3604 δὲ
2516 3548 2772 3619 λέγοντας
2811 3548 2871 3615 ἐξ
2908 3548 3008 3602 οὑκ
3032 3548 3202 3602 όντων
3229 3548 3320 3602 τὸν
3357 3548 3485 3602 Υίὸν
3513 3589 3530 3613 ,
3569 3547 3603 3620 ἢ

2033 3645 2095 3708 ἐξ
2127 3644 2319 3715 ἐτέρας
2340 3642 2711 3706 ὑποστάσεως,
2744 3641 2839 3695 καὶ
2880 3641 2955 3711 μὴ
2981 3642 3045 3695 ὲκ
3071 3640 3166 3694 τοῦ
3192 3639 3349 3705 Θεοῦ,
3384 3641 3480 3693 καὶ
3521 3642 3625 3695 ὅτι.

2032 3735 2102 3810 ἦν
2144 3737 2335 3808 χρόνος
2376 3736 2410 3807 ἢ
2459 3733 2612 3798 αίὼν,
2660 3735 2747 3789 ὅτε
2795 3735 2896 3789 οὐκ
2933 3729 3020 3806 ἦν,
3063 3732 3374 3806 ἀλλοτρίους
3400 3728 3602 3806 οἷδενή

2035 3829 2167 3899 ἀγία
2199 3828 2293 3883 καὶ
2319 3826 2428 3898 (45)
2467 3826 2726 3898 καθολικὴ
2772 3824 3092 3895 Ἐκκλησία.

2104 3919 2174 3975 lI.
2213 3937 2232 3970 ι
2266 3917 2437 3971 Πάλιν
2470 3913 2561 3972 οὖν
2589 3915 2819 3988 ἐροῦμεν
2844 3933 2858 3947 ·
2905 3915 2973 3969 Εἴ
3009 3932 3095 3979 τις
3135 3915 3225 3969 τὸν
3257 3915 3477 3987 Πατέρα
3512 3917 3607 3971 καὶ

2033 4009 2128 4064 τὸν
2149 4008 2278 4063 Υίόν
2304 4007 2396 4062 δύο
2424 4006 2572 4077 λέγει
2609 4006 2795 4072 Θεοὺς,
2823 4006 3069 4076 ἀνάθεμα
3107 4004 3264 4058 έστω.

2107 4101 2202 4156 ΙΙΙ.
2238 4119 2257 4152 ‹
2277 4100 2388 4155 Καὶ
2419 4097 2592 4164 εἴτις,
2616 4098 2790 4167 λέγων
2815 4097 2946 4152 Θεὸν
2967 4096 3058 4153 τὸν
3083 4096 3317 4170 Χριστὸν
3345 4096 3453 4169 πρὸ
3476 4097 3609 4151 αίὼ-

2038 4209 2145 4246 νων
2173 4190 2282 4262 (46)
2313 4190 2441 4244 Υίὸν
2471 4188 2564 4242 τοῦ
2594 4186 2752 4251 Θεοῦ,
2790 4188 3174 4258 ὑπουργηκότα
3203 4187 3282 4258 τῷ
3309 4188 3486 4259 Πατρὶ
3526 4188 3615 4252 είς

2036 4285 2141 4357 τὴν
2168 4284 2277 4340 τῶν
2304 4284 2441 4339 ὅλων
2480 4282 2842 4354 δημιουργίαν
2878 4282 2952 4353 μὴ
2996 4280 3304 4352 ὁμολογοίη,
3359 4280 3609 4354 ἀνάθεμα

2036 4376 2201 4432 ἔστω.

436 4487 530 4544 ιν.
576 4507 595 4541 ι
641 4489 700 4544 Si
752 4490 875 4559 quis
934 4489 1238 4563 ingenitum
1299 4492 1451 4547 illum
1484 4533 1499 4558 ,
1573 4501 1668 4547 aut
1725 4501 1932 4563 partem

2109 4490 2201 4546 ιν.
2242 4510 2261 4541 ι
2280 4491 2347 4545 El'
2362 4509 2445 4556 τις
2478 4491 2570 4545 τὸν
2602 4489 2891 4559 ἀγέννητον
2921 4488 3054 4559 (47).
3082 4488 3115 4560 ἦ
3152 4488 3318 4560 μέρος
3346 4486 3514 4542 αὑτοῦ
3543 4490 3608 4541 ὲκ

366 4579 490 4650 ejus
522 4596 589 4635 ex
611 4579 782 4636 Maria
812 4588 1002 4636 natum
1032 4581 1214 4639 dicere
1239 4584 1406 4651 ausit,
1435 4585 1723 4638 anathema
1762 4592 1901 4639 esto.

448 4761 514 4818 ν.
550 4782 567 4810 σ
603 4762 661 4818 Si
711 4763 837 4835 quis
881 4730 1183 4820 secundum
1228 4760 1628 4833 praescientiam
1665 4770 1790 4816 ante
1823 4759 1937 4815 hla-

445 4964 556 5035 (59)
599 4964 688 5037 Ἐν
715 4965 908 5037 Κυρίῳ
933 4963 1087 5019 deest
1136 4962 1277 5034 apud
1308 4960 1536 5033 Niceph.
1583 4960 1739 5017 Socr.
1781 4961 1943 5016 habet

371 5038 433 5093 ἐν
467 5034 707 5093 Χριστῷ.
808 5034 817 5037 ⁷
878 5034 887 5037 ⁷
1586 5054 1591 5059 ·

444 5053 742 5176 (ῗθςωὲόὲτ.
774 5114 828 5159 et
844 5103 992 5176 Nie.,
1024 5103 1153 5175 παρ’
1184 5102 1367 5176 αὐτοῖς
1392 5102 1943 5176 ἀδιαστρόφως.-ριιιθ

375 5172 760 5245 sequebantur,
794 5175 945 5238 τέλος
983 5172 1186 5245 ταύτης
1231 5173 1328 5244 τῆς
1365 5172 1676 5245 ὁμολογίας,
1719 5189 1747 5225 a
1790 5172 1942 5245 Pari-

377 5243 650 5302 sie'nsibus
698 5247 765 5301 de
814 5260 966 5300 more
1020 5243 1221 5310 addita,
1269 5243 1651 5314 eprnximus,
1686 5244 1830 5314 quod
1883 5243 1942 5298 in

376 5317 538 5387 nullis
571 5318 816 5387 leuantur
841 5316 1136 5387 codicibus.

452 5382 564 5447 (41)
597 5386 758 5441 Sexta
790 5386 911 5440 lidei
945 5385 1175 5441 [or-mula
1215 5385 1416 5454 scripta
1451 5399 1596 5437 anno
1630 5382 1753 5437 55!.
1782 5412 1852 5422 -—
1879 5384 1939 5436 In

379 5454 507 5526 edit.
541 5454 736 5515 Paris.,
779 5455 943 5526 ἑτέρα
982 5456 1079 5526 τῆς
1107 5453 1340 5519 πίστεως
1363 5453 1640 5522 ὁμολογία,
1674 5468 1943 5526 qumcum

380 5523 576 5578 desunt
597 5526 648 5579 in
677 5527 807 5581 edit.
836 5523 1048 5580 Comm.
1083 5536 1139 5581 et
1167 5527 1220 5581 in
1252 5526 1504 5581 omnibus
1538 5524 1941 5592 manuscriptis,

382 5593 585 5649 omissa
618 5605 762 5650 sum.
806 5593 932 5651 Haec
964 5595 1086 5650 ﬁdei
1131 5596 1404 5651 confessio
1433 5603 1613 5648 exstat
1652 5594 1799 5663 apud.
1839 5593 1944 5648 Sos

383 5672 591 5734 cratem
618 5664 758 5719 libro
789 5680 1005 5734 u,cap.
1032 5665 1129 5730 50,
1165 5666 1306 5734 apud
1346 5663 1706 5734 Nicephorum
1735 5663 1833 5718 lib.
1865 5680 1942 5730 lx,

383 5746 506 5802 cap.
532 5730 622 5798 3i,
651 5744 705 5789 et
729 5733 870 5806 apud
906 5730 1168 5789 Hilarium
1187 5730 1266 5790 De
1286 5730 1520 5805 synodti,
1548 5734 1652 5790 col.
1682 5733 1823 5788 “74'-

2036 4582 2254 4653 Μαρίας
2303 4582 2479 4651 λέγειν
2528 4580 2859 4652 γεγενῆσθαι
2908 4580 3021 4652 (48)
3074 4579 3249 4651 τολμᾷ
3276 4618 3292 4645 ,
3350 4580 3605 4651 ἀνάθεμα

2038 4672 2195 4726 ἔστω.

2110 4764 2178 4819 ν.
2216 4784 2233 4815 ι
2261 4764 2326 4821 Et
2354 4784 2438 4830 τις
2471 4765 2612 4820 κατά
2640 4766 2948 4837 πρόγνωσιν
2972 4764 3077 4838 πρὸ
3102 4764 3321 4837 Μαρίας
3346 4765 3496 4835 λέγει
3515 4765 3611 4821 τὸν

2114 4965 2225 5038 (42)
2259 4965 2413 5038 Socr.
2444 4977 2497 5020 et
2523 4965 2663 5038 Nic...
2702 4967 2759 5020 ἐν
2790 4968 3053 5038 οὐρανοῖς.

2111 5036 2221 5106 (45)
2250 5036 2322 5088 Τε
2347 5038 2497 5107 deest
2524 5036 2576 5090 in
2610 5036 2764 5092 Socr.
2790 5046 2842 5092 et
2857 5031 3093 5107 'Niceph.
3117 5031 3261 5091 Infra
3290 5034 3387 5091 καὶ
3418 5033 3613 5106 σοφίαν

2041 5104 2357 5174 (ἱερειερηιὶ
2383 5104 2766 5175 Nicephorum.

2111 5175 2221 5246 (44)
2256 5175 2410 5231 Socr.
2437 5186 2491 5230 et
2523 5175 2836 5246 Nicephor.,
2861 5176 3179 5232 καθίσαντα.

2115 5245 2224 5312 (45)
2265 5246 2320 5297 In
2361 5246 2526 5315 Regio
2560 5245 2848 5304 xaiideest.

2114 5317 2224 5385 (46)
2264 5315 2510 5383 Niceph.,
2538 5317 2880 5386 arpoaubvmv.

2113 5388 2224 5460 (Η)
2265 5386 2465 5460 [legitis
2496 5398 2549 5442 et
2572 5388 2733 5443 Basil.
2768 5389 3030 5460 ἀγένητον
3056 5387 3237 5441 minus
3256 5394 3432 5460 recte.

2114 5457 2226 5526 (48)
2270 5456 2361 5513 Sic
2387 5473 2519 5513 mss.
2542 5472 2594 5512 et
2617 5461 2743 5513 editi
2770 5454 2979 5513 omnes.
3000 5458 3153 5512 Socr.
3180 5466 3228 5509 et
3254 5454 3589 5524 Nireph.,'{s

2042 5528 2431 5599 yswﬁseat.“
2462 5529 2537 5583 ita
2570 5529 2852 5597 legendum
2898 5530 3127 5599 videtur.
3159 5526 3525 5599 MuxSugtrat.
3560 5532 3617 5576 et

2042 5594 2380 5672 hicephqfi
2417 5616 2500 5672 τις
2544 5594 2686 5654 κατὰ
2738 5599 3042 5672 πρόγνωσιν
3073 5598 3164 5652 τὸν
3193 5600 3257 5651 ὲκ
3289 5594 3530 5667 Μαρίας,
3560 5601 3623 5647 et.

2046 5669 2117 5722 ita
2146 5668 2274 5739 legit
2298 5667 2433 5723 Hilat
2450 5669 2554 5725 ius.
