3914 6222
321 310 425 364 757

1671 303 1758 356 DE
1797 302 2102 358 SYNODIS.

3434 310 3535 366 738

325 423 450 479 Υίὸν
475 418 637 488 εἶναι,
673 423 766 476 καὶ
811 423 886 494 μὴ
919 422 1023 494 πρὸ
1063 423 1274 477 αἰώνων
1314 422 1379 473 ὲκ
1411 418 1504 472 τοῦ
1543 419 1752 490 Πατρὸς
1784 436 1878 487 γε-

2009 419 2110 473 iam
2135 419 2334 475 Filium
2363 435 2484 476 esse
2516 419 2667 486 dicit,
2699 429 2754 478 et
2786 436 2892 477 non
2933 431 3058 478 ante
3082 422 3278 480 saecula
3321 437 3388 478 ex
3426 421 3533 478 Pa-

320 513 648 584 γεννήμένον
679 513 813 583 πρὸς
837 513 928 565 τὸν
961 514 1100 566 Θεὸν
1125 508 1286 578 εἶναι,
1319 511 1413 564 καὶ
1440 509 1506 562 δι’
1532 509 1696 564 αὑτοῦ
1719 526 1877 578 γεγε-

320 604 513 675 νῆσθαι
541 604 608 656 τά
637 604 832 666 πάντα,
858 603 1102 674 ἀνάθεμα
1131 603 1290 656 έστω.

394 691 479 746 VI.
518 711 536 744 ι
563 693 628 746 Et
660 709 745 755 τις
783 694 883 764 τὴν
910 693 1097 745 οὐσίαν
1141 692 1233 744 τοῦ
1261 689 1396 744 Θεοῦ
1431 685 1808 750 πλατύνεσθαι,
1843 685 1877 759 ἢ

323 783 702 837 συστέλλεσθαι
733 785 950 852 φάσκοι,
982 781 1232 852 ἀνάθεμα
1258 781 1415 834 ἔστω.

397 875 506 928 VII.
553 894 571 926 ι
594 874 660 927 Εἴ
695 892 779 937 τις
812 873 1217 944 πλατυνομένην
1255 873 1352 944 τὴν
1381 871 1566 924 οὐσίαν
1607 869 1700 922 τοῦ
1745 867 1878 922 Θεοῦ

318 968 411 1021 τὸν
440 967 568 1022 Υίὸν
615 967 763 1036 λέγοι
803 970 996 1031 ποιεῖν,
1038 967 1071 1037 ἦ
1104 967 1195 1019 τὸν
1225 964 1536 1036 πλατυσμὸν
1567 963 1663 1034 τῆς
1694 962 1879 1024 οὐσίας

223 1056 226 1059 ’
318 1059 484 1113 αὐτοῦ
515 1059 642 1112 Υίὸν
673 1059 950 1129 ὀνομάζοι,
980 1057 1225 1128 ἀνάθεμα
1255 1057 1413 1110 ἔστω.

391 1150 530 1206 VIII.
567 1150 675 1221 (49)
710 1169 729 1202 ι
752 1151 820 1204 Εἴ
843 1167 926 1214 τις
957 1149 1258 1203 ἐνδιάθετον
1300 1147 1333 1218 ἢ
1365 1145 1692 1218 προφορικὸν
1725 1145 1880 1214 λόγον

226 1279 234 1287 ι
319 1242 464 1311 λέγει
492 1241 582 1295 τὸν
613 1242 740 1296 Υίὸν
766 1241 859 1296 τοῦ
887 1241 1044 1305 Θεοῦ,
1077 1240 1321 1312 ἀνάθεμα
1341 1239 1498 1294 έστω.

390 1331 482 1384 IX.
524 1351 542 1384 ι
566 1333 632 1384 Εἴ
661 1349 743 1396 τις
770 1332 1055 1402 ἄνθρωπον
1084 1331 1240 1402 μόνον
1269 1331 1416 1400 λέγει
1446 1329 1536 1384 τὸν
1567 1331 1632 1382 ὲκ
1665 1327 1881 1399 Μαρίας

323 1423 468 1486 Υίὸν,
492 1423 740 1493 ἀνάθεμα
769 1423 927 1477 έστω.

391 1516 457 1569 Χ.
515 1534 533 1566 ι
570 1516 636 1568 Et
661 1532 747 1579 τις
781 1515 912 1568 Θεὸν
961 1516 1056 1570 καὶ
1087 1515 1372 1586 ἄνθρωπον
1412 1512 1504 1567 τὸν
1549 1513 1613 1565 ὲκ
1663 1510 1882 1583 Μαρίας

320 1604 512 1673 λέγων,
547 1605 683 1658 Θεὸν
717 1605 807 1659 τὸν
831 1606 1122 1677 ἀγέννητον
1161 1606 1301 1661 οὕτω
1330 1606 1440 1659 νοεῖ
1464 1604 1596 1676 (50),
1636 1603 1881 1675 ἀνάθεμα

317 1696 479 1752 ἔστω.

1983 521 2062 566 tre
2084 514 2325 582 genitum
2355 514 2496 584 apud
2529 513 2696 568 Deum
2717 529 2858 580 esse,
2891 529 2954 568 ac
2985 530 3083 584 per
3113 531 3238 570 eum
3271 529 3379 570 non
3410 528 3532 569 om-

1979 605 2067 658 nia
2101 604 2266 658 fuisse
2295 604 2456 671 facta,
2483 606 2770 660 anathema
2797 607 2888 659 sit.

2050 696 2137 750 Vl.
2169 717 2187 748 ι
2215 697 2269 752 Si
2301 699 2426 767 quis
2461 698 2556 752 Dei
2598 699 2959 753 substantiam
2994 697 3231 765 dilatari,
3272 707 3367 754 aut
3402 713 3532 754 con--

1979 789 2121 843 trahi
2152 790 2368 856 dixerit,
2399 791 2688 845 anathema
2719 791 2808 846 sit.

2049 877 2161 933 VII.
2205 899 2223 932 ι
2263 879 2320 934 Si
2348 882 2470 951 quis
2494 882 2778 937 dilatatam
2811 880 2906 936 Dei
2940 881 3298 938 substantiam
3334 881 3531 938 Filium

1979 968 2155 1025 facere
2181 971 2398 1038 dixerit,
2426 982 2518 1027 aut
2538 973 2910 1029 dilatationem
2944 973 3263 1029 substantia
3289 974 3410 1044 ejus
3440 970 3532 1028 Fi-

1979 1062 2110 1116 lium
2141 1063 2404 1128 nominet,
2429 1065 2718 1120 anathema
2748 1074 2886 1120 esto.

2049 1151 2187 1206 VIII.
2230 1171 2248 1204 ι
2279 1153 2336 1207 Si
2387 1155 2510 1223 quis
2552 1155 2824 1210 internum
2870 1164 2966 1210 aut
3017 1156 3371 1226 prolatitium,
3417 1170 3538 1212 esse

1982 1244 2073 1298 Dei
2098 1243 2294 1298 Filium
2325 1245 2541 1309 dixerit,
2576 1247 2863 1302 anathema
2887 1247 2974 1302 sit.

2051 1333 2140 1388 IX.
2179 1353 2196 1385 ι
2223 1333 2279 1388 Si
2310 1335 2433 1405 quis
2466 1334 2665 1390 Filium
2706 1352 2771 1392 ex
2807 1336 2978 1392 Maria
3017 1347 3228 1404 natum,
3256 1338 3532 1394 hominem

1981 1435 2188 1481 tantum
2211 1441 2333 1480 esse
2355 1425 2521 1489 dicat,
2551 1427 2837 1481 anathema
2867 1427 2958 1483 sit.

2048 1517 2118 1571 Χ.
2173 1537 2192 1568 ι
2239 1517 2296 1571 Si
2341 1518 2465 1588 quis
2511 1516 2680 1571 Deum
2729 1525 2784 1572 et
2833 1518 3105 1572 hominem
3136 1533 3202 1573 ex
3234 1517 3401 1572 Maria
3440 1533 3539 1572 na-

1981 1617 2117 1674 tum,
2168 1607 2338 1662 Deum
2380 1606 2683 1676 ingenitum
2730 1607 2910 1678 ipsum
2961 1607 3268 1678 intelligat,
3310 1608 3537 1662 anathe-

1983 1716 2069 1756 ma
2092 1700 2181 1755 sit.

387 1789 478 1842 XI.
534 1809 552 1841 ι
578 1788 646 1842 Εἴ
672 1807 754 1852 τις
794 1789 876 1853 τὸ,
931 1807 951 1842 ι
1017 1789 1156 1859 Ἐγὼ
1202 1790 1333 1852 Θεὸς
1361 1789 1598 1860 πρῶτος,
1648 1788 1741 1842 καί
1770 1785 1880 1856 ἐγὼ

2049 1791 2140 1845 XI.
2178 1809 2196 1842 ι
2223 1789 2279 1845 Si
2313 1790 2439 1861 quis
2469 1791 2598 1844 illud
2623 1831 2638 1856 ,
2677 1807 2697 1842 ι
2721 1788 2834 1860 Ego
2867 1790 3008 1846 Deus
3049 1792 3261 1861 primus
3286 1830 3302 1856 ,
3345 1799 3399 1846 et
3435 1805 3536 1862 ego

322 1880 455 1952 μετά
479 1879 672 1946 ταῦτα,
696 1883 789 1935 καὶ
815 1882 952 1954 πλὴν
981 1883 1113 1953 ἐμοῦ
1143 1883 1241 1935 οὐκ
1267 1883 1379 1935 ἐστι
1401 1882 1551 1947 Θεὸς,
1577 1901 1594 1933 ι
1623 1882 1708 1934 ἐπ’
1735 1881 1883 1934 ἀναι-

323 1973 464 2042 ρέσει
496 1971 725 2026 εἰδώλων
759 1974 854 2027 καὶ
883 1974 992 2027 τῶν
1040 1975 1114 2045 μὴ
1165 1974 1332 2028 ὄντων
1376 1973 1512 2027 θεῶν
1552 1973 1879 2044 εἰρημένον,

317 2063 403 2115 ἐπ’
427 2063 700 2134 ἀναιρέσει
725 2065 818 2117 τοῦ
854 2065 1192 2134 Μονογενοῦς
1220 2067 1325 2138 πρὸ
1352 2064 1561 2118 αἰώνων
1587 2063 1722 2117 Θεοῦ
1750 2065 1880 2118 ἰου-

317 2154 517 2218 ὼῖκῶς
553 2155 880 2226 ἐκλαμϐάνοι
901 2196 915 2220 ,
951 2157 1198 2226 ἀνάθεμα
1232 2157 1390 2211 ἔστω.

386 2247 503 2298 XII.
547 2265 564 2297 ι
586 2246 654 2299 Εἴ
676 2264 759 2311 τις
789 2247 870 2312 τὸ,
909 2267 928 2300 ι
968 2249 1025 2300 Ὀ
1051 2249 1220 2317 Λόγος
1252 2247 1388 2319 σάρξ
1408 2247 1642 2316 ἐγένετο,
1674 2266 1693 2299 ι
1723 2247 1884 2301 ἀκού-

320 2353 413 2401 ων,
443 2337 532 2392 τὸν
557 2339 724 2409 Λόγον
767 2342 846 2404 εἰς
880 2341 1058 2413 σάρκα
1100 2339 1528 2411 μεταϐεϐλῆσθαι
1571 2338 1797 2410 νομίζοι,
1845 2340 1878 2412 ἢ

323 2429 520 2501 τροπὴν
550 2431 1003 2502 ὑπομεμενηκότα
1046 2430 1390 2503 ἀνειληφέναι
1438 2431 1537 2502 τὴν
1583 2430 1760 2501 σάρκα
1797 2429 1884 2485 λέ-

331 2536 402 2588 ξοι
438 2521 572 2590 (51),
606 2521 854 2593 ἀνάθεμα
882 2521 1040 2576 ἔστω.
1163 2549 1168 2555 ·

389 2614 532 2667 XIII.
574 2633 592 2667 ι
619 2615 687 2667 Εἴ
711 2631 815 2679 τις,
845 2615 934 2669 τὸν
965 2614 1228 2687 μονογενῆ
1252 2613 1379 2667 Υίὸν
1407 2612 1501 2666 τοῦ
1532 2613 1664 2668 Θεοῦ
1694 2616 1884 2669 ἐσταυ-

323 2716 566 2776 ρωμένον
597 2706 830 2773 ἀκούων,
861 2707 958 2778 τὴν
987 2706 1213 2776 θεότητα
1235 2705 1396 2758 αὐτοῦ
1442 2705 1550 2775 (52)
1588 2705 1813 2776 φθορὰν,
1846 2705 1880 2776 ἢ

322 2798 511 2862 πάθος.
543 2798 826 2871 ῆτροπὴν,
865 2800 898 2868 ἦ
947 2799 1188 2870 μείωσιν,
1229 2799 1264 2869 ἢ
1297 2798 1576 2870 ἀναίρεσιν
1609 2799 1886 2870 ὑπομεμε-

323 2889 542 2959 νηκέναι
569 2889 736 2957 λέγοι,
764 2889 1009 2960 ἀνάθεμα
1040 2890 1200 2944 ἔστω.

392 2973 532 3030 XIV.
574 2995 592 3028 ι
621 2977 687 3030 Εἴ
721 2995 803 3041 τις
849 2978 929 3041 τὸ,
983 2995 1002 3029 t
1032 2978 1354 3048 Ποιήσωμεν
1405 2978 1707 3049 ἄνθρωπον,
1737 2997 1755 3028 ι
1811 2977 1886 3049 μὴ

317 3065 410 3119 τὸν
444 3066 659 3137 Πατέρα
705 3069 840 3138 πρὸς
866 3068 956 3122 τὸν
1000 3069 1127 3124 Υίὸν
1165 3068 1340 3136 λέγειν
1360 3107 1375 3133 ,
1418 3069 1530 3123 ἀλλ’
1563 3070 1722 3124 αὑτὸν
1751 3070 1884 3140 πρὸς
1913 3120 1951 3141 δ

322 3156 510 3210 ἑαυτὸν
542 3156 687 3225 λέγοι
719 3159 809 3212 τὸν
843 3160 972 3213 Θεὸν
1010 3160 1309 3232 εἰρηκέναι,
1338 3160 1584 3231 ἀνάθεμα
1615 3160 1775 3214 έστω.

392 3246 509 3301 XV.
547 3249 656 3321 (55)
693 3268 710 3299 ι
733 3250 802 3302 Εἴ
824 3267 906 3314 τις
934 3250 1006 3322 μὴ
1039 3251 1130 3304 τὸν
1162 3251 1288 3305 Υίὸν
1317 3251 1462 3320 λέγοι
1499 3251 1589 3305 τὸν
1638 3252 1886 3323 Ἀϐραὰμ

321 3341 612 3411 ἑωρᾶσθαι,
644 3341 776 3394 ἀλλά
805 3342 895 3394 τὸν
923 3343 1212 3413 ἀγέννητον
1240 3341 1394 3408 Θεὸν,
1427 3343 1459 3413 ἢ
1502 3343 1666 3412 μέρος
1695 3341 1882 3399 αὑτοῦ.

322 3432 571 3502 ἀνάθεμα
605 3432 766 3486 ἔστω.

396 3515 534 3570 XVI.
570 3537 588 3570 ι
610 3519 678 3571 Et
700 3536 782 3583 τις
807 3519 884 3590 τῷ
917 3520 1109 3574 Ἰακὼό
1138 3521 1212 3592 μὴ
1237 3522 1327 3575 τὸν
1351 3521 1479 3576 Υίὸν
1505 3521 1580 3584 ὡς
1605 3519 1887 3592 ἄνθρωπον

329 3609 737 3676 πεπαλαικέναι,
791 3612 926 3665 ἀλλὰ
973 3613 1062 3665 τὸν
1112 3613 1405 3684 ἀγέννητον
1437 3612 1588 3677 Θεὸν,
1641 3612 1674 3682 ἢ
1723 3613 1888 3683 μέρος

329 3700 677 3771 αὖτοέιλέγοι,
709 3701 954 3772 ἀνάθεμα
991 3701 1148 3754 ἔστω.

398 3793 558 3846 XVII.
599 3814 617 3846 ι
637 3797 704 3848 Et
731 3813 813 3858 τις
838 3796 922 3858 τὸ,
952 3813 970 3847 ι
996 3792 1223 3864 Ἐὗρεξε
1252 3793 1454 3864 Κύριος
1475 3792 1586 3864 πῦρ
1609 3793 1757 3867 παρὰ
1777 3794 1890 3846 Κυ-

335 3904 350 3932 ι
383 3884 520 3954 ρίου,
552 3902 570 3935 ι
614 3883 688 3955 μὴ
715 3885 806 3938 ἐπὶ
829 3884 922 3938 τοῦ
953 3885 1166 3956 Πατρὸς
1200 3885 1294 3938 καὶ
1324 3884 1417 3938 τοῦ
1459 3883 1586 3936 Υίοῦ
1615 3883 1891 3954 ἐκλαμϐά-

329 3993 424 4038 νοι,
454 3977 568 4028 ἀλλ’
607 3978 769 4030 αὑτὸν
819 3980 948 4049 παρ’
983 3977 1174 4032 ἑαυτοῦ
1218 3977 1362 4045 λέγει
1403 3976 1734 4047 βεϐρεχέναι,
1762 3976 1891 4030 ἀνά-

329 4067 467 4136 θεμα
492 4067 661 4121 ἔστω·
695 4069 878 4141 ἔϐρεξε
907 4069 1014 4141 γάρ
1045 4069 1245 4140 Κύριος
1271 4070 1300 4122 ό
1334 4069 1461 4133 Υίὸς
1489 4068 1642 4139 παρά
1682 4069 1887 4139 Κυρίου

328 4157 420 4209 τοῦ
447 4158 681 4228 Πατρός.

401 4249 584 4304 XVIII.
623 4270 640 4301 ι
667 4252 733 4306 Εἴ
757 4269 858 4316 τις,
889 4252 1099 4306 ἀκούων
1136 4253 1338 4326 Κύριον
1381 4251 1472 4306 τὸν
1509 4249 1752 4324 Πατέρα,
1797 4252 1890 4305 καὶ

329 4341 416 4394 τὸν
464 4342 590 4395 Υἱὸν
618 4343 840 4414 Κύριον,
888 4345 986 4398 καὶ
1019 4345 1221 4416 Κύριον
1267 4344 1358 4397 τὸν
1386 4343 1608 4415 Πατέρα
1651 4344 1746 4396 καί
1798 4343 1891 4396 τὸν

331 4434 454 4486 Υίὸν
480 4473 494 4496 ,
525 4434 643 4486 ἐπεὶ
685 4435 885 4506 Κύριος
920 4437 984 4488 ὲκ
1014 4437 1214 4507 Κυρίου
1243 4436 1374 4506 (54),
1401 4435 1492 4488 δύο
1528 4434 1672 4502 λέγει
1701 4433 1888 4498 Θεοὺς,

1981 1888 2167 1948 postea
2198 1888 2253 1932 et
2279 1887 2472 1947 praeter
2501 1894 2586 1932 me
2606 1893 2712 1932 non
2741 1887 2826 1933 est
2855 1877 2997 1933 Deus
3017 1879 3080 1944 ιδ,
3105 1899 3123 1930 ›
3159 1883 3302 1949 quod
3331 1881 3396 1934 ad
3427 1881 3539 1935 ido-

1980 1970 2178 2035 lorum,
2211 1971 2579 2039 falsorumque
2614 1970 2838 2026 deorum
2870 1972 3280 2027 subversionem
3331 1973 3534 2027 dictum

1978 2073 2084 2127 est,
2121 2062 2531 2118 subversionem
2576 2061 2872 2132 Unigcniti,
2915 2073 3039 2117 ante
3067 2065 3263 2117 saecula
3293 2062 3406 2129 Dei,
3435 2062 3537 2118 Ju-

1981 2153 2136 2208 daico
2168 2169 2316 2208 more
2344 2157 2597 2226 accipiat,
2622 2156 2909 2210 anathema
2945 2156 3035 2209 sit.

2053 2244 2166 2300 XII.
2225 2264 2244 2297 ι
2278 2244 2335 2300 Si
2387 2248 2510 2317 quis
2564 2248 2739 2312 illud,
2802 2264 2820 2299 ι
2861 2245 3094 2301 Verbum
3153 2263 3282 2303 caro
3331 2248 3534 2304 factum

1985 2353 2006 2388 ι
2028 2346 2110 2391 est
2129 2336 2194 2402 “,
2228 2355 2246 2388 ι
2269 2338 2516 2404 audiens,
2535 2335 2772 2392 Verbum
2803 2338 2856 2391 in
2878 2353 3098 2392 carnem
3129 2349 3392 2394 mutatum
3420 2355 3540 2396 esse

1980 2428 2299 2494 existimet,
2349 2438 2442 2483 aut
2491 2429 2848 2482 mutationem
2885 2431 3178 2498 quamdam
3212 2470 3226 2495 ,
3269 2430 3324 2484 in
3381 2447 3538 2486 assu-

1982 2521 2179 2576 mendo
2202 2535 2443 2584 carnem,
2481 2535 2700 2591 passum
2736 2535 2857 2576 esse
2889 2522 3052 2585 dicat,
3089 2522 3376 2576 anathema
3412 2523 3498 2577 sit.

2051 2611 2188 2666 XIII.
2243 2630 2262 2664 ι
2295 2610 2353 2666 Si
2403 2614 2526 2683 quis
2575 2613 2912 2682 unigenitum
2951 2612 3148 2666 Filium
3182 2612 3278 2668 Dei
3331 2614 3541 2669 cruciﬁ-

1983 2719 2111 2758 xum
2139 2701 2386 2768 audiens,
2427 2703 2763 2758 divinitatem
2803 2703 2921 2772 ejus
2950 2704 3372 2773 corruptionem,
3411 2721 3539 2774 pas-

1985 2795 2189 2848 sionem
2216 2832 2231 2856 ,
2285 2803 2638 2848 mutationem
2667 2835 2682 2861 ,
2745 2793 3161 2849 diminutionem
3196 2804 3290 2850 aut
3327 2795 3541 2850 destru-

1985 2885 2214 2941 ctionem
2249 2887 2483 2941 subiisse
2509 2887 2676 2950 dicat,
2708 2887 2995 2940 anathema
3030 2887 3118 2941 sit.

2055 2975 2194 3033 XIV.
2243 2995 2261 3028 ‹
2303 2978 2358 3030 Si
2389 2978 2510 3046 quis
2538 2977 2691 3042 illud,
2742 2995 2759 3028 ι
2791 2976 3078 3032 Faciamus
3111 2978 3382 3033 hominem
3417 2979 3481 3044 ¹⁶,
3515 2999 3534 3030 ι

1989 3086 2094 3125 ιιοη
2124 3069 2335 3125 Patrem
2379 3069 2534 3135 Filio,
2569 3071 2662 3125 sed
2695 3070 2798 3124 sibi
2825 3070 2926 3140 ipsi
2959 3068 3125 3125 Deum
3163 3071 3367 3126 dixisse
3398 3070 3540 3126 allii--

1986 3160 2232 3224 maverit,
2269 3161 2554 3214 anathema
2589 3161 2679 3215 sit.

2054 3250 2172 3304 XV.
2219 3270 2237 3303 ι
2273 3250 2330 3304 Si
2355 3252 2480 3321 quis
2513 3252 2709 3307 dixerit
2738 3252 3014 3308 Abraham
3052 3269 3161 3308 non
3208 3254 3410 3310 vidisse
3449 3254 3542 3310 Fi-

1986 3343 2140 3406 lium,
2178 3343 2271 3398 sed
2302 3328 2598 3414 ingenitum
2637 3343 2808 3400 Deum
2847 3355 2942 3399 aut
2990 3355 3196 3415 partem
3237 3349 3376 3418 ejus,
3411 3364 3543 3403 ana-

1986 3435 2167 3490 thema
2201 3436 2290 3491 sit.

2055 3523 2194 3577 XVI.
2247 3543 2265 3576 ι
2298 3524 2353 3578 Si
2387 3525 2511 3594 quis
2549 3540 2675 3580 cum
2713 3524 2917 3582 Jacoho
2950 3543 3056 3582 non
3089 3527 3287 3582 Filium
3338 3541 3397 3584 ut
3448 3531 3544 3584 ho-

1987 3613 2187 3667 minem
2217 3615 2565 3669 colluctatum
2587 3631 2708 3670 esse
2730 3616 2892 3682 dicat,
2915 3618 3008 3670 sed
3030 3618 3327 3686 ingenitum
3349 3618 3542 3687 Deum,

1987 3713 2078 3758 aut
2105 3712 2310 3773 partem
2337 3706 2476 3775 ejus,
2507 3708 2793 3762 anathema
2824 3709 2912 3762 sit.
3115 3689 3128 3703 ’

2058 3793 2220 3848 XVII.
2269 3814 2287 3846 ι
2320 3794 2377 3849 Si
2418 3797 2547 3863 quis
2579 3795 2729 3862 illud,
2773 3813 2792 3847 ι
2821 3794 2968 3849 Pluit
3006 3794 3268 3850 Dominus
3297 3811 3326 3850 a
3362 3795 3544 3850 Domi-

1994 3903 2013 3935 ί
2037 3901 2108 3940 no
2135 3886 2200 3952 ιτ,
2225 3904 2246 3938 ι
2272 3900 2378 3940 non
2414 3887 2480 3940 de
2506 3885 2666 3940 Patre
2692 3901 2755 3940 ac
2790 3884 2928 3940 Filio
2957 3887 3206 3955 accipiat,
3243 3887 3332 3942 sed
3366 3888 3541 3958 ipsum

1988 3993 2018 4030 a
2061 3977 2238 4047 seipse
2281 3978 2486 4047 pluisse
2518 3977 2686 4043 dicat,
2733 3979 3020 4031 anathema
3071 3977 3142 4032 sit
3177 3995 3191 4032 :
3233 3979 3371 4049 pluit
3394 3979 3538 4035 enim

1988 4066 2158 4123 Filius
2192 4067 2479 4138 Dominus,
2508 4083 2540 4124 a
2566 4067 2797 4124 Domino
2819 4067 3000 4124 Patre.

2055 4246 2244 4303 XVIII.
2284 4265 2303 4298 ι
2335 4246 2392 4300 Si
2442 4247 2566 4317 quis
2622 4246 2848 4301 audiens
2901 4245 3191 4301 Dominum
3245 4246 3458 4304 Patrem
3493 4260 3549 4306 et

1990 4342 2276 4397 Dominum
2308 4339 2527 4406 Filium,
2567 4347 2660 4392 aut
2691 4338 2977 4392 Dominum
3007 4336 3219 4393 Patrem
3254 4349 3304 4394 et
3324 4337 3546 4407 Filium,

1989 4432 2151 4504 594
2166 4432 2305 4502 quod
2333 4431 2596 4486 Dominus
2624 4446 2686 4485 ex
2709 4430 2937 4487 Domino
2959 4431 3048 4495 sit,
3067 4434 3206 4488 duos
3222 4433 3362 4488 dicat
3382 4432 3544 4500 Deos,

333 4525 577 4596 ἀνάθεμα
598 4526 756 4580 ἔστω.
786 4530 859 4581 Οὐ
891 4527 999 4599 γὰρ
1032 4529 1394 4598 συντάσσομεν
1423 4527 1551 4580 Υίὸν
1586 4525 1665 4594 τῷ
1696 4525 1885 4597 Πατρί,

2009 4529 2278 4579 mathema
2310 4532 2446 4578 esto.
2497 4520 2615 4574 Non
2665 4523 2806 4575 enim
2837 4521 3031 4576 Filium
3061 4539 3406 4594 exequamus
3438 4523 3548 4580 Pas

333 4617 446 4668 ἀλλ’
491 4619 925 4690 ὑποτεταγμένον
959 4619 1036 4689 τῷ
1072 4619 1266 4689 Πατρί.
1309 4616 1447 4672 Οὔτε
1487 4617 1595 4687 γάρ
1629 4614 1893 4702 κατέγλθεν

336 4711 424 4763 ἐπὶ
453 4711 660 4781 Σόδομα
678 4712 788 4782 (55)
807 4712 934 4765 ἄνευ
953 4712 1144 4783 βουλῆς
1163 4711 1256 4765 τοῦ
1275 4710 1508 4782 Πατρὸς,
1529 4709 1650 4762 οὕτε
1677 4707 1892 4779 ἔϐρεξεν

336 4801 425 4869 ἀφ’
445 4799 658 4868 ἑαυτοῦ,
676 4801 812 4854 ἀλλά
851 4804 999 4874 παρά
1027 4801 1230 4873 Κυρίου
1249 4842 1262 4867 ,
1290 4800 1671 4864 αὑθεντοῦντος
1693 4800 1894 4872 δηλαδὴ

1988 4617 2082 4680 tri,
2109 4615 2203 4670 sed
2233 4614 2506 4668 subditum
2540 4614 2616 4666 illi
2649 4629 2768 4668 esse
2790 4614 3157 4684 intelligimus.
3187 4614 3372 4685 Neque
3396 4616 3540 4670 enim

1990 4709 2108 4764 sine
2150 4707 2424 4762 voluntate
2467 4705 2644 4760 Patris
2681 4706 2959 4761 descendit
3009 4705 3336 4770 Sodomam,
3371 4721 3544 4775 neque

1991 4799 2128 4869 pluit
2151 4812 2184 4852 a
2216 4797 2528 4866 semetipso,
2559 4797 2650 4852 sed
2675 4812 2705 4852 a
2740 4795 2991 4863 Domino,
3023 4797 3076 4851 id
3102 4807 3184 4852 est
3235 4812 3333 4865 per
3362 4807 3548 4851 aucto-

405 4916 448 4947 "
488 4913 592 4969 lsa.
632 4930 775 4979 thv,
804 4915 858 4968 6.
938 4916 981 4947 ¹⁸
1017 4914 1173 4969 Joan.
1212 4931 1250 4981 ι,
1289 4914 1374 4968 14.
1459 4913 1504 4944 ¹⁶
1542 4911 1678 4966 Gen.
1716 4927 1754 4977 I,
1799 4911 1885 4965 26.

2009 4915 2010 4923 ‘
2051 4908 2186 4965 Gen.
2219 4923 2334 4974 xix,
2365 4907 2457 4961 2L

405 5102 516 5174 (I9)
555 5103 634 5174 Ita
681 5099 900 5174 Regius.
949 5097 1117 5151 Totus
1165 5091 1788 5174 hicuanathematismus
1835 5092 1887 5174 in

339 5160 512 5228 editis'
537 5172 705 5226 deest.
745 5160 956 5225 Socrat.
1009 5181 1138 5220 vero
1181 5174 1234 5218 et
1265 5163 1510 5230 Niceph.,
1558 5160 1888 5232 προφορικὸν

341 5244 506 5310 Λόγον
536 5240 684 5310 λέγοι
709 5240 801 5294 τὸν
829 5239 975 5300 Υἰόν,
1005 5246 1058 5292 et
1082 5237 1154 5310 ita
1191 5236 1318 5310 Legit
1340 5231 1776 5310 lIiIarius,‘quam
1812 5231 1888 5286 Ie-

340 5302 571 5366 etionem
594 5302 747 5379 sequi
775 5311 952 5380 visum
981 5317 1082 5380 est.
1104 5305 1162 5358 In
1190 5302 1357 5380 Regio
1379 5302 1746 5380 ééyogdeest.

407 5382 520 5454 (50)
562 5369 772 5454 Socrat.
799 5387 870 5454 ct_
888 5377 1132 5446 Niceph.,
1160 5369 1338 5454 αὐτόν.
1375 5370 1478 5454 Sed
1505 5369 1888 5454 Ililarius.cp'rn

342 5436 639 5507 Athanasio
660 5449 807 5518 legit.
839 5436 1081 5519 Sequens
1109 5436 1590 5498 anathematismus
1617 5437 1758 5507 apud
1793 5436 1890 5492 ﬂi-

343 5522 532 5576 Iarium
564 5530 648 5575 est
677 5536 826 5573 xxm.

403 5591 521 5674 (51)
561 5591 731 5674 {Inger
749 5592 900 5674 deest
927 5587 980 5642 in
1010 5577 1550 5648 Socrat.etNiceph.,
1576 5579 1670 5635 sed
1693 5578 1890 5633 lectum

343 5659 440 5717 fuit
470 5659 538 5716 ab
566 5659 792 5714 I-lilario.
1474 5719 1485 5728 η
1717 5716 1743 5727 η
1845 5717 1855 5728 _

317 5777 330 5784 -
407 5731 519 5802 (52)
562 5729 773 5785 Socrat.
808 5743 918 5783 non
971 5726 1131 5783 habet
1173 5724 1270 5793 τὴν
1314 5719 1540 5780 θεὸτῃτα
1584 5715 1887 5774 αὑτου.⁴Νι-ι

1990 5090 2168 5160 ceph.,
2197 5089 2339 5160 κατὰ
2363 5088 2460 5160 τὴν
2488 5089 2737 5160 θεότητα.

2063 5157 2175 5230 (55)
2215 5158 2384 5215 Totus
2418 5157 2520 5214 'bic
2564 5157 3043 5214 anathematismus
3067 5157 3233 5224 ,deest
3260 5159 3402 5229 apud
3444 5159 3542 5217 Ni~

2213 5297 2434 5370 Socrat.
2455 5308 2510 5354 et
2551 5297 2796 5370 Niceph.,
2845 5298 2939 5370 καί
2970 5296 3171 5370 κόριον
3203 5299 3295 5370 τὸν
3325 5299 3472 5370 Πατέ

1994 5366 2087 5454 καί
2113 5372 2204 5454 τὸν
2229 5370 2353 5454 Υίὸν
2383 5369 2544 5433 εἴποι,
2572 5369 2662 5421 καί
2695 5368 2894 5440 Κύριος
2927 5369 2990 5420 ὲκ
3018 5366 3220 5437 Κυρίου
3240 5369 3430 5437 λέγων,
3451 5366 3544 5426 δύο

1995 5439 2138 5508 λέγοι
2163 5439 2347 5500 Θεούς.
2784 5439 2793 5440 ί
3315 5463 3322 5470 ·

2068 5511 2194 5585 (55)Δ
2221 5508 2513 5585 Soc_rat._et
2551 5505 2834 5585 Nicephor.
2865 5505 3222 5585 minus-recte
3269 5507 3396 5585 οὒτε
3403 5575 3418 5585 _
3437 5509 3545 5581 γὰρ

1997 5571 2261 5650 κατῆλθεν
2289 5579 2367 5638 εἰς
2392 5577 2569 5646 σῶμα,
2602 5571 2879 5628 nobiseum
2910 5575 3035 5645 legit
3056 5571 3291 5632 Hilarius
3322 5596 3334 5630 :
3366 5571 3545 5651 Nam

1996 5651 2130 5705 ειιίιη
2159 5647 2419 5703 descendit
2450 5647 2504 5700 in
2539 5643 2844 5699 Sodomam.
