3914 6222
396 247 498 305 739

950 253 1006 308 S.
1047 255 1413 315 ATHANASII
1451 259 1600 317 OPP.
1631 258 1809 314 PARS
1847 260 1889 314 I.
1923 287 1994 300 —
2031 255 2401 312 HISTORICA
2435 253 2524 309 ΕΤ
2563 253 2974 310 DOGMATICA.

3495 253 3604 308 740

377 377 592 432 ritatem
625 377 834 446 Patris;
868 395 1044 452 neque
1094 386 1245 441 sedet
1283 389 1355 443 ad
1397 391 1671 449 dexteram
1710 395 1888 452 Patris
1914 411 1940 452 a

2069 376 2138 433 τοῦ
2188 378 2399 449 Πατρός
2422 395 2437 408 ο
2471 377 2595 430 οὔτε
2633 376 2864 447 κάθηται
2912 377 2977 428 ἐκ
3019 371 3206 438 δεξιῶν
3245 373 3336 442 ἀφ’
3387 375 3606 443 ἐαυτοῦ,

370 470 686 541 semetipso,
727 473 819 527 sed
863 476 1013 530 audit
1050 475 1265 534 Patrem
1305 482 1570 540 dicentem
1611 504 1627 541 :
1674 507 1694 540 ι
1741 487 1878 545 Sede
1909 506 1946 547 a

375 580 398 614 ι
442 563 648 618 dextris
687 568 821 622 meis
861 569 923 618 ¹⁸.
974 587 992 620 ι

459 655 600 712 XIX.
643 675 661 708 ι
696 655 752 709 Si
803 653 927 724 quis
977 652 1188 707 Patrem
1242 659 1295 705 et
1329 649 1526 704 Filium
1587 656 1641 703 et
1679 648 1945 719 Spiritum

389 759 660 814 sanctum,
691 763 853 800 unam
884 759 1173 816 personam
1205 743 1371 809 dicat,
1401 742 1690 796 anathema
1730 742 1820 796 sit.

461 931 578 985 XX.
621 950 639 982 ‹
676 929 732 984 Si
763 929 886 999 quis
924 925 1186 996 Spiritum
1221 933 1469 979 sanctum
1494 922 1835 978 Paracletum
1865 922 1948 977 di-

389 1039 538 1088 cens,
577 1022 872 1093 ingenitum
915 1017 1084 1072 Deum
1117 1017 1332 1084 dixerit,
1361 1016 1649 1070 anathema
1684 1015 1773 1068 sit.

458 1113 596 1168 XXI.
637 1133 654 1164 (
691 1113 746 1166 Si
787 1111 910 1181 quis
935 1152 950 1176 ,
988 1118 1048 1164 ut
1102 1126 1202 1164 nos
1240 1108 1423 1163 docuit
1479 1106 1743 1160 Dominus
1771 1144 1786 1169 ,
1838 1120 1946 1159 non

389 1206 555 1260 alium
594 1203 932 1258 Paracletum
960 1200 1107 1255 dicat
1141 1209 1338 1269 praeter
1365 1198 1587 1262 Filium,
1622 1197 1944 1251 dixitenim:

394 1315 413 1346 ι
448 1297 514 1350 Ει
544 1294 710 1348 alium
747 1293 1088 1347 Paracletum
1139 1293 1316 1345 mittet
1355 1290 1510 1344 vobis
1549 1289 1706 1344 Pater
1735 1329 1750 1355 ,
1786 1304 1946 1358 quem

393 1405 412 1439 ι
447 1403 547 1457 ego
586 1388 786 1457 rogabo
815 1386 878 1453 η,
913 1405 929 1436 ι
970 1385 1258 1440 anathema
1285 1383 1376 1439 sit.

455 1481 619 1537 XXII.
665 1501 684 1531 ι
719 1482 777 1536 Si
823 1481 947 1552 quis
980 1480 1243 1550 Spiritum
1299 1487 1548 1534 sanctum
1588 1485 1793 1549 partem
1843 1475 1948 1531 Pa-

390 1576 488 1629 tris
516 1583 611 1628 aut
641 1573 761 1628 Filii
795 1573 1014 1637 dixerit,
1057 1573 1344 1626 anathema
1380 1572 1472 1625 sit.

452 1667 638 1722 XXIII.
683 1687 701 1719 (
735 1667 790 1721 Si
838 1668 962 1738 quis
1000 1665 1215 1721 Patrem
1257 1674 1311 1721 et
1355 1665 1548 1719 Filium
1595 1673 1648 1719 et
1687 1662 1945 1736 Spiritum

385 1769 634 1817 sanctum
667 1771 779 1817 tres
808 1759 950 1816 Deos
979 1758 1195 1824 dixerit,
1229 1758 1519 1812 anathema
1545 1757 1638 1812 sit.

454 1943 643 1998 XXIV.
679 1963 700 1995 ‹
733 1942 789 1997 Si
829 1943 953 2012 quis
989 1943 1268 1997 voluntate
1310 1940 1426 2008 Dei,
1454 1949 1514 1994 ut
1555 1954 1718 1993 unam
1757 1953 1823 1993 ex
1859 1953 1946 1994 re-

387 2039 490 2094 bus
525 2038 683 2093 factis
725 2036 925 2090 Filium
951 2033 1046 2089 Dei
1073 2033 1274 2088 factum
1312 2047 1434 2088 esse
1471 2031 1688 2094 dixerit,
1720 2031 1948 2084 anathe-

381 2143 470 2182 ma
497 2129 585 2181 sit.

454 2216 619 2272 XXV.
662 2236 680 2268 ι
715 2215 772 2271 Si
803 2216 929 2286 quis
960 2215 1156 2270 Filium
1199 2230 1307 2270 non
1346 2215 1561 2270 volente
1591 2213 1752 2270 Patre
1791 2211 1945 2281 geni-

380 2317 497 2364 tum
530 2322 650 2363 esse
686 2308 849 2371 dicat,
883 2307 1176 2362 anathema
1223 2306 1314 2362 sit.
1357 2305 1475 2361 Non
1533 2308 1678 2361 enim
1723 2315 1944 2361 coactus

378 2396 556 2461 Pater,
585 2397 666 2452 vel
706 2396 943 2452 naturali
992 2396 1315 2452 necessitate
1355 2398 1574 2463 ductus,
1607 2412 1730 2452 cum
1782 2395 1946 2451 nollet

377 2490 563 2560 genuit
593 2487 791 2544 Filium
827 2507 840 2542 :
883 2488 978 2544 sed
1004 2488 1172 2544 simul
1201 2505 1266 2544 ac
1293 2489 1488 2555 voluit,
1523 2490 1642 2543 sine
1671 2497 1942 2559 tempore,

377 2589 433 2637 et
457 2580 578 2636 sine
612 2581 868 2651 passione
905 2595 973 2636 ex
1001 2595 1060 2635 se
1088 2581 1329 2651 genitum
1363 2580 1514 2635 illum
1547 2579 1732 2636 edidit.

448 2748 640 2806 XXVI.
677 2769 697 2803 ι
725 2752 782 2805 Si
834 2753 958 2822 quis
1010 2752 1312 2822 ingenitum
1349 2762 1402 2808 et
1441 2753 1709 2824 principio
1753 2769 1944 2809 caren-

379 2851 485 2895 tem
515 2842 713 2897 dixerit
741 2843 938 2897 Filium
965 2882 980 2906 ,
1017 2843 1093 2899 ita
1129 2854 1187 2898 ut
1227 2846 1336 2899 duo
1375 2846 1645 2915 principio
1677 2847 1942 2911 carentia,

374 2943 432 2986 et
459 2932 568 2986 duo
615 2933 853 3003 ingenita
897 2935 1043 2988 dicat
1073 2975 1089 3001 ,
1123 2935 1371 3006 duosque
1404 2935 1543 2991 Deos
1580 2935 1767 3000 faciat,
1812 2951 1944 2990 ana-

379 3023 564 3078 thema
604 3024 690 3078 sit.
731 3024 906 3093 Caput
944 3025 1089 3080 enim
1137 3027 1283 3095 quod
1318 3034 1400 3082 est
1443 3027 1768 3096 principium
1824 3041 1940 3081 om-

375 3115 528 3170 nium
549 3113 726 3170 Filius
757 3091 842 3170 est
871 3133 886 3182 ;
942 3126 1103 3186 caput
1149 3091 1280 3172 vero
1307 3091 1460 3188 quod
1498 3127 1581 3173 est
1611 3091 1934 3188 principium
1967 3091 2008 3147 θ

378 3205 604 3271 tlhristi,
635 3204 778 3261 Deus
806 3216 927 3273 est;
968 3207 1041 3261 ita
1080 3208 1224 3262 enim
1253 3209 1319 3262 ad
1362 3225 1553 3272 unum,
1593 3211 1686 3280 qui
1713 3221 1796 3266 est
1822 3211 1939 3266 sine

374 3298 644 3370 principio
694 3299 937 3354 omnium
979 3300 1328 3370 principium,
1373 3302 1557 3356 omnia
1600 3318 1696 3372 per
1740 3301 1936 3357 Filium

373 3387 462 3458 )ie
490 3387 804 3444 referimus.
1336 3450 1351 3469 .

445 3477 653 3534 XXVII.
693 3498 712 3532 ι
741 3479 808 3533 Ει
838 3480 1036 3535 iterum
1067 3480 1480 3536 Christianismi
1505 3481 1826 3536 sententiam
1857 3497 1940 3536 ac-

372 3581 561 3626 curate
586 3579 920 3642 exponentes
947 3573 1178 3627 dicimus
1201 3590 1215 3626 :
1250 3573 1308 3627 Si
1335 3573 1460 3643 quis
1490 3574 1765 3642 negaverit
1788 3572 1942 3628 Chri-

373 3673 516 3717 stum
543 3661 736 3727 Deum,
777 3661 975 3718 Filium
1009 3663 1103 3718 Dei
1133 3677 1256 3718 esse
1285 3672 1415 3718 ante
1460 3665 1678 3731 saecula,
1709 3674 1762 3720 et
1795 3663 1940 3719 Patri

370 3753 442 3808 ad
478 3755 859 3809 universorum
911 3757 1245 3811 creationem
1283 3755 1670 3823 ministrasse;
1727 3758 1819 3812 sed
1872 3773 1940 3812 ex

369 3859 482 3913 quo
513 3852 754 3916 tempore
807 3860 873 3900 ex
917 3845 1088 3901 Maria
1117 3847 1334 3917 genitus
1381 3857 1464 3902 est
1492 3888 1508 3913 ,
1560 3846 1837 3902 Christum
1877 3863 1942 3903 ac

370 3932 569 3989 Filium
595 3936 926 4004 appellatum
963 3935 1156 4004 fuisse,
1192 3944 1247 3991 et
1289 3928 1421 3992 tunc
1461 3938 1727 4009 incepisse
1767 3937 1938 3994 Deum

369 4041 512 4092 esse,
541 4027 828 4081 anathema
867 4027 956 4082 sit.
998 4045 1018 4080 ι

446 4117 537 4172 28.
569 4116 667 4172 His
723 4119 979 4174 omnibus
1029 4118 1284 4188 rejectis,
1341 4119 1502 4189 quasi
1561 4124 1940 4189 praestantiora

372 4210 794 4279 excogitassent,
845 4210 970 4265 fidei
1021 4211 1323 4266 doctrinam
1375 4211 1776 4286 formulamque
1829 4227 1940 4273 sta-

375 4307 554 4366 tuunt,
606 4309 660 4354 et
693 4300 810 4354 haec
839 4299 1026 4354 Sirmii
1056 4300 1248 4356 Latine
1275 4302 1564 4368 scribunt,
1600 4320 1719 4374 quae
1754 4306 1940 4364 Graece

373 4391 640 4448 translata
669 4399 799 4447 sunt
836 4410 849 4446 :

447 4501 471 4537 ι
496 4483 634 4539 Cum
665 4484 926 4538 nonnulla
955 4491 1237 4555 putaretur
1271 4500 1392 4541 esse
1432 4486 1501 4541 de
1530 4485 1634 4542 ﬁde
1663 4489 1932 4559 discepta-

444 4641 490 4676 ⁸⁸
528 4639 676 4696 Psal.
703 4656 814 4709 cxx,
843 4641 896 4698 ι.
991 4642 1014 4675 °
1053 4641 1210 4699 Joan.
1247 4659 1364 4709 xxv,
1389 4644 1455 4698 16

444 4781 556 4855 (56)
575 4779 653 4855 In
674 4781 839 4855 editis
855 4782 1234 4855 AAthanasiiet
1257 4783 1314 4837 in
1341 4799 1487 4855 mss.
1502 4783 1650 4855 male
1661 4784 1766 4855 _hic
1791 4785 1934 4855 lege-

376 4851 544 4925 natur
563 4852 809 4924 ἀνάθεμα
841 4851 998 4918 ἔστω,
1030 4853 1174 4924 quod
1221 4869 1347 4908 cum
1377 4853 1520 4909 desit
1553 4854 1608 4908 in
1631 4851 1936 4925 Nicephfet

375 4923 602 4987 Hilario,
630 4923 969 4992 expunctum
991 4923 1093 4979 est.

445 4993 557 5064 (57)
594 4991 810 5064 _Socrat.
840 5002 903 5064 et
925 4991 1176 5062 Niceph.,
1206 4993 1376 5064 λέγοι.

443 5061 792 5136 (58)_Regius
839 5063 984 5136 λέγει
1043 5061 1213 5136 solus.
1257 5061 1474 5136 Infra__6
1525 5063 1728 5136 Κύριος
1758 5063 1936 5136 deest

370 5131 850 5273 :‘ggdpﬁSocratem,
876 5131 1032 5203 cujus
1078 5133 1198 5189 loco
1225 5134 1368 5205 apud
1401 5131 1629 5205 Nicephl
1667 5133 1864 5204 legitur
1897 5135 1930 5204 ή

449 5221 582 5270 αφη.

416 5221 792 5343 ρὲξὶῗᾟεεὶοε
820 5272 989 5338 solus,
1013 5273 1180 5341 λέγει.
1214 5271 1334 5329 Mox
1362 5272 1574 5331 Socrat.
1602 5283 1656 5329 et
1681 5271 1928 5343 Niceph.,

371 5359 445 5406 ως
457 5342 662 5414 ίένλτῷν
693 5343 1026 5414 ἔτισμάτων.

446 5412 556 5484 (60)
595 5412 669 5484 Ita
696 5411 834 5484 Reg.
858 5411 1065 5468 Socrat.
1093 5424 1146 5470 et
1171 5412 1394 5484 Niceph.
1425 5413 1566 5484 Editi
1595 5429 1742 5481 vero,
1770 5430 1929 5483 γεγε-

376 5481 584 5555 νῆσθαι.
611 5481 732 5536 Mox
758 5481 996 5555 Socrat.,
1029 5485 1261 5554 φυσικῆς
1295 5481 1469 5551 αὖθις.
1499 5482 1722 5555 Niceph.
1763 5481 1930 5539 totum

377 5551 522 5605 hunc
549 5551 724 5606 locum
757 5553 994 5608 invertit.

398 5684 413 5702 δ
447 5620 557 5702 (fil)
599 5619 971 5702 Deghslocrat.
1005 5633 1058 5700 et
1085 5623 1331 5695 Niceph.,
1359 5625 1434 5690 ὡς
1457 5625 1557 5679 οὐκ
1575 5624 1782 5696 ήθελεν.
1807 5624 1932 5681 Edi-

375 5689 438 5756 ti,
472 5691 546 5754 ὠς
578 5689 676 5742 οὐκ
688 5689 984 5762 ἠθέλησεν.

2045 470 2161 523 ἀλλ’
2218 471 2403 524 ἀκούει
2459 470 2708 540 λέγοντος
2762 467 2856 521 τοῦ
2911 465 3122 536 Πατρός
3159 482 3173 495 ·
3244 484 3263 516 ι
3307 466 3486 520 Κάθου
3541 469 3607 521 ἐκ

2047 580 2068 614 ‹
2106 562 2293 629 δεξιῶν
2318 580 2416 633 μου
2622 580 2661 612 ι·

2115 655 2258 710 ΧΙΧ.
2306 675 2323 705 ι
2344 655 2412 708 Εἴ
2437 672 2518 718 τις
2557 653 2648 708 τὸν
2680 651 2932 722 Πατέρα,
2977 650 3070 704 καὶ
3106 649 3198 704 τὸν
3233 649 3381 715 Υἱὸν,
3422 649 3516 702 καὶ
3547 649 3608 702 τὸ

2047 750 2200 814 ἅγιον
2256 748 2481 818 Πνεῦμα
2530 747 2588 800 ἓν
2639 746 2928 817 πρόσωπον
2975 744 3123 812 λέγει
3167 743 3276 814 (57)
3299 781 3314 806 ,
3361 742 3608 812 ἀνάθεμα

2045 841 2204 894 ἔστω.

2117 930 2234 984 XX.
2277 931 2386 984 «Εῐ
2417 946 2522 995 τις,
2573 927 2634 980 τὸ
2682 926 2908 996 Πνεῦμα
2951 926 3012 979 τὸ
3053 926 3206 994 ἆγιον
3257 921 3609 993 Παράκλητον

2044 1024 2238 1093 λέγων,
2261 1024 2352 1076 τὸν
2379 1023 2668 1094 ἀγέννητον
2690 1022 2836 1090 λέγοι
2862 1020 2991 1073 Θεὸν
3021 1019 3154 1089 (58),
3186 1017 3430 1086 ἀνάθεμα
3450 1015 3605 1067 ἔστω.

2119 1116 2260 1170 XXI.
2296 1136 2315 1168 ι
2341 1117 2409 1170 Ei
2437 1133 2541 1178 τις,
2572 1115 2647 1178 ὼς
2677 1113 2913 1178 ἐδίδαξεν
2947 1115 3091 1183 ἡμᾶς
3117 1113 3144 1163 ὁ
3169 1109 3388 1180 Κύριος,
3418 1109 3492 1179 μὴ
3519 1107 3609 1161 άλ-

2047 1210 2136 1262 λον
2172 1209 2320 1277 λέγοι
2365 1208 2455 1261 τὸν
2504 1207 2856 1278 Παράκλητον
2906 1205 3058 1276 παρὰ
3095 1206 3186 1257 τὸν
3217 1205 3374 1256 Υἱόν·
3423 1204 3608 1272 εἴρηκε

2047 1300 2156 1371 γάρ
2183 1318 2195 1330 ·
2237 1319 2254 1350 ι
2288 1300 2398 1352 Καὶ
2431 1298 2972 1378 ἄλλονΙΠαράκλητον
3008 1297 3212 1368 πέμψει
3247 1297 3374 1366 ὑμῖν
3415 1296 3444 1346 6
3495 1295 3608 1346 Πα-

2053 1414 2072 1447 ‹
2109 1395 2232 1466 τὴρ,
2263 1393 2321 1446 ὸν
2346 1395 2602 1464 ἐρωτήσω
2635 1391 2766 1461 ἐγὼ,
2787 1411 2804 1444 t
2846 1392 3090 1461 ἀνάθεμα
3125 1389 3281 1442 ἔστω.

2115 1487 2282 1538 ΧοΧΠ.
2315 1503 2333 1535 ι
2358 1485 2426 1537 EI’
2449 1502 2532 1548 τις
2555 1483 2616 1536 τὸ
2636 1483 2857 1554 Πνεῦμα
2881 1483 2940 1535 τὸ
2970 1483 3123 1550 ἀγιον
3149 1481 3311 1552 μέρος
3340 1479 3486 1548 λέγοι
3515 1475 3607 1530 τοῦ

2045 1576 2279 1648 Πατρὸς,
2307 1576 2339 1646 ἢ
2372 1575 2462 1628 τοῦ
2494 1574 2646 1638 Υἱοῦ,
2670 1574 2916 1644 ἀνάθεμα
2944 1572 3100 1626 ἔστω.

2117 1669 2310 1720 XXIII.
2350 1685 2368 1716 ι
2393 1665 2461 1719 Εἴ
2486 1683 2572 1729 τις
2600 1665 2692 1718 τὸν
2720 1664 2959 1736 Πατέρα,
2994 1663 3088 1716 καὶ
3113 1663 3202 1714 τὸν
3239 1661 3386 1726 Υῐὸν,
3423 1661 3516 1713 καὶ
3550 1663 3612 1716 τὸ

1974 1738 2018 1794 Β
2048 1759 2200 1828 ἅγιον
2247 1759 2470 1830 Πνεῦμα
2525 1761 2674 1830 τρεῖς
2743 1757 2889 1825 λέγοι
2926 1756 3036 1828 (59)
3087 1755 3253 1817 Θεοῦς
3278 1796 3291 1818 ,
3363 1754 3610 1825 ἀνάθεμα

2044 1849 2205 1902 ἔστω.

2115 1940 2298 1995 XXIV.
2337 1960 2355 1992 ι
2381 1940 2447 1994 El’
2467 1958 2550 2003 τις
2583 1940 2829 2011 βουλήσει
2855 1938 2949 1992 τοῦ
2975 1938 3108 1992 Θεοῦ
3139 1939 3213 2002 ὡς
3236 1939 3293 1992 ἓν
3314 1938 3420 1991 τῶν
3448 1954 3607 2006 ποιη-

2048 2035 2232 2107 μάτων
2265 2034 2544 2103 γεγονέναι
2571 2032 2720 2101 λέγοι
2751 2032 2840 2085 τὸν
2867 2032 2993 2085 Υἱὸν
3037 2029 3131 2083 τοῦ
3164 2029 3319 2090 Θεοῦ,
3363 2029 3609 2099 ἀνάθεμα

2044 2128 2204 2181 ἔστω.

2113 2217 2280 2274 XXV.
2324 2237 2342 2270 ι
2367 2219 2433 2272 El’
2465 2234 2547 2281 τις
2592 2216 2666 2288 μή
2709 2207 3029 2286 θελήσαντος
3064 2214 3157 2267 τοῦ
3187 2215 3398 2285 Πατρὸς
3422 2231 3610 2283 γεγεν-

2042 2313 2238 2384 νῆσθαι
2262 2310 2370 2383 (60)
2397 2310 2544 2379 λέγοι
2583 2309 2672 2362 τὸν
2714 2308 2864 2372 Υἱὸν,
2910 2306 3160 2377 ἀνάθεμα
3193 2307 3351 2358 ἔστω.
3392 2307 3468 2358 Οὐ
3502 2305 3610 2374 γὰρ

2045 2403 2283 2477 βιασθεὶς
2315 2405 2344 2456 6
2374 2398 2564 2472 Πατὴρ
2599 2399 2706 2453 ὑπὸ
2733 2399 2975 2470 ἀνάγκης
3013 2399 3241 2468 φυσικῆς
3280 2395 3487 2467 ἀχθεὶς,
3533 2396 3609 2459 ὡς

2041 2498 2142 2549 οὐκ
2172 2494 2361 2566 ήθελεν
2405 2492 2552 2562 (GI),
2600 2490 2855 2560 ἐγέννησε
2900 2489 2989 2542 τὸν
3033 2489 3180 2554 Υἱὸν,
3235 2487 3348 2540 ἀλλ’
3395 2488 3510 2557 ἅμα
3549 2503 3610 2540 τι

2041 2587 2335 2658 ἠϐουλήθη,
2370 2586 2463 2638 καὶ
2501 2584 2744 2656 ἀχρόνως
2793 2582 2885 2635 καὶ
2923 2580 3148 2644 ἀπαθῶς
3192 2581 3250 2647 ἐξ
3290 2579 3482 2632 ἐαυτοῦ
3516 2579 3610 2634 αὖ·

2041 2678 2130 2731 τὸν
2161 2677 2424 2747 γεννήσας
2457 2672 2728 2738 ἐπέδειξεν
2762 2669 2893 2744 (62).

2115 2767 2304 2822 XXVI.
2348 2787 2366 2818 ι
2387 2768 2452 2820 EI.’
2486 2783 2571 2829 τις
2610 2765 2903 2835 ἀγέννητον
2939 2766 3034 2817 καὶ
3062 2765 3293 2834 ἄναρχον
3333 2764 3480 2831 λέγοι
3518 2762 3609 2816 τὸν

2041 2860 2190 2923 Υἱὸν,
2231 2860 2305 2918 ὡς
2329 2859 2421 2912 δύο
2455 2859 2666 2928 ἀναρχα
2694 2857 2788 2910 καὶ
2835 2855 2928 2909 δύο
2976 2857 3244 2927 ἀγέννητα
3284 2855 3479 2924 λέγων,
3513 2858 3610 2908 καὶ

2041 2955 2134 3008 δύο
2161 2942 2330 3006 ποιῶν
2380 2952 2546 3013 Θεοὺς
2573 2989 2589 3014 ,
2635 2949 2884 3020 ἀνάθεμα
2916 2948 3076 3002 ἔστω.
3127 2948 3352 3018 Κεφαλὴ
3401 2948 3541 3018 γὰρ,
3579 2948 3610 3000 ὃ

2042 3046 2190 3098 ἐστιν
2215 3043 2358 3114 ἀρχὴ
2381 3043 2614 3107 πάντων,
2643 3045 2672 3096 6
2711 3041 2838 3106 Υἱός
2857 3058 2871 3072 ·
2899 3040 3107 3112 κεφαλὴ
3133 3040 3210 3106 δὲ,
3241 3040 3268 3093 ὃ
3290 3041 3437 3092 ἐστιν
3464 3039 3608 3109 ἀρχὴ

2039 3132 2133 3186 τοῦ
2165 3130 2422 3204 Χριστοῦ,
2457 3133 2486 3183 6
2515 3131 2646 3192 Θεός
2673 3129 2803 3200 (65)·
2850 3129 2993 3182 οὕτω
3029 3128 3136 3200 γάρ
3175 3128 3254 3191 εἰς
3288 3128 3411 3198 μίαν
3438 3128 3606 3198 ἀναρ-

2041 3243 2136 3296 χον
2163 3224 2272 3277 τῶν
2295 3225 2431 3278 ὅλων
2454 3222 2629 3294 ἀρχὴν
2653 3222 2721 3274 δι’
2747 3219 2878 3274 Υἱοῦ
2909 3220 3147 3284 εὐσεὸῶς
3185 3219 3254 3272 τά
3288 3219 3462 3272 πάντα
3511 3215 3610 3271 ἀν-

2041 3316 2140 3384 άγο
2146 3331 2263 3388 μεν.

2109 3494 2324 3549 XXVII.
2370 3513 2389 3545 ι
2429 3495 2539 3547 Καὶ
2581 3490 2744 3546 πάλιν
2794 3486 3297 3560 συνδιακριϐοῦντες
3343 3484 3450 3557 (64)
3512 3485 3608 3537 τοῦ

2039 3584 2464 3659 Χριστιανισμοῦ
2495 3585 2593 3656 τὴν
2616 3583 2825 3637 ἔννοιαν
2851 3581 3102 3651 λέγομεν,
3133 3580 3235 3643 ὅτι,
3259 3575 3328 3631 Ετ
3366 3594 3461 3640 τις·
3483 3577 3613 3646 Χρι-

2043 3679 2165 3732 στὸν
2189 3679 2319 3731 Θεὸν
2345 3679 2472 3731 Υἰὸν
2505 3676 2598 3730 τοῦ
2627 3675 2759 3729 Θεοῦ
2781 3673 3105 3744 προαιώνιον
3123 3671 3270 3734 ὄντα,
3298 3671 3391 3722 καὶ
3414 3671 3611 3740 ιῖιπουρ⁶

2040 3769 2250 3838 γηκότα
2270 3767 2348 3837 τῷ
2376 3766 2554 3838 Πατρὶ
2577 3767 2657 3829 εἰς
2687 3765 2786 3836 τὴν
2816 3763 2923 3815 τῶν
2968 3761 3104 3814 ὅλων
3135 3757 3494 3830 δημιουργίαν
3531 3758 3606 3826 μὴ

2040 3860 2220 3929 λέγοι’
2249 3859 2364 3911 ἀλλ’
2397 3857 2456 3922 ἐξ
2493 3852 2552 3912 οῦ
2590 3859 2653 3910 ἐκ
2691 3855 2909 3926 Μαρίας
2944 3853 3224 3922 ἐγεννήθη,
3260 3853 3326 3905 ὲκ
3355 3852 3474 3904 τότε
3514 3851 3610 3903 καὶ

2039 3950 2273 4022 Χριστὸν
2293 3949 2386 4003 καὶ
2409 3949 2534 4001 Υὶὸν
2568 3945 2881 4018 κεκλῆσθαι,
2904 3944 2997 3998 καὶ
3022 3945 3196 4015 ἀρχὴν
3217 3943 3494 4014 εἰληφέναι
3511 3940 3607 3995 τοῦ

2039 4042 2170 4094 Θεὸν
2199 4037 2356 4105 εἶναι,
2381 4040 2626 4110 ἀνάθεμα
2647 4040 2786 4092 ἔστω
2815 4037 2945 4110 (65).
2961 4056 2979 4090 ι

2109 4133 2200 4187 28.
2231 4132 2418 4185 Ταῦτα
2448 4131 2626 4185 πάντα
2647 4129 3034 4202 παρωσάμενοι
3053 4142 3068 4158 ⁸
3119 4122 3213 4180 καὶ
3251 4124 3440 4195 ὥσπερ
3483 4122 3604 4194 βελ-

2041 4227 2192 4278 τίονα
2213 4225 2617 4294 ἐπινοήσαντες,
2653 4221 3069 4293 δογματίζουσιν
3094 4219 3259 4288 ἀλλην
3285 4218 3486 4278 πίστιν,
3513 4214 3608 4268 καὶ

2039 4315 2308 4385 γράφουσι
2330 4313 2501 4367 ταῦτα
2529 4315 2585 4366 ἐν
2620 4315 2829 4385 Σιρμὶῳ
2862 4311 3156 4381 Ῥωμαϊστὶ
3194 4310 3310 4380 μὲν,
3345 4309 3609 4378 ἑρμηνευ-

1969 4437 2014 4492 D
2042 4407 2201 4460 θέντα
2223 4407 2281 4459 δέ
2315 4405 2630 4476 Ἑλληνιστί*

2115 4497 2225 4568 (66)
2263 4515 2282 4547 ι
2323 4496 2539 4568 Ἐπειδὴ
2570 4497 2697 4569 περὶ
2721 4496 2956 4558 πίστεως
2989 4491 3136 4557 ἔδοξέ
3176 4508 3294 4544 τινα
3325 4487 3608 4564 διάσκεψιν

2109 4783 2220 4856 (62)
2261 4785 2496 4849 Socrat.,
2529 4784 2824 4849 ἀπέδειξεν.
2854 4784 2986 4840 Post
3015 4785 3154 4840 hanc
3184 4800 3369 4856 vocem
3400 4785 3529 4839 editi
3552 4796 3612 4840 et

2039 4855 2252 4912 codices
2284 4858 2582 4919 Athanasii,
2616 4857 2852 4925 itemque
2877 4856 3004 4910 editi
3039 4856 3190 4925 Socr.
3219 4855 3609 4925 addunthiwé-

2041 4925 2178 4992 θεμα
2203 4926 2362 4980 ἔστω.
2399 4927 2501 4980 Sed
2532 4928 2645 4980 haec
2677 4923 2799 4979 cum
2829 4925 3008 4979 absint
3043 4941 3072 4978 a
3102 4923 3325 4994 Niceph.
3350 4935 3404 4980 et
3432 4924 3606 4980 Ililar.

2037 4997 2284 5063 maleque
2312 4998 2484 5065 posita
2509 4997 2635 5058 sint,
2669 4996 3051 5063 expunximus.

2109 5065 2220 5135 (6'5)
2262 5063 2475 5120 Sbcrat.
2500 5076 2554 5120 et
2585 5065 2833 5135 Niceph.,
2863 5065 3086 5134 Κεφαλὴ
3107 5063 3213 5134 γάρ
3240 5064 3354 5135 ἐστι
3382 5064 3477 5135 καὶ
3507 5065 3611 5133 ἀρ-

2034 5133 2350 5206 χηίπάντων
2375 5139 2402 5190 6
2432 5137 2577 5199 Υἱός.
2606 5133 2855 5206 Nicéph.,
2873 5137 2930 5190 Ὀ
2957 5133 3118 5196 Θεόςο
3152 5133 3358 5204 κεφαλὴ
3395 5133 3451 5186 δέ
3486 5136 3610 5188 ἐστι

2035 5205 2398 5276 τοῦίΧριστοῦ
2426 5209 2454 5259 6
2476 5207 2626 5269 Θεός.

2109 5269 2230 5346 (64)
2262 5274 2474 5331 Socrat.
2507 5285 2560 5329 et
2579 5276 2826 5345 Niceph.,
2854 5269 2946 5330 οὖν
2972 5272 3612 5346 διακριϐοῦν-τεφηροοξο

2075 5343 2160 5399 ost
2183 5343 2393 5400 Socrat.
2425 5357 2478 5400 et
2509 5343 2756 5411 Nicephl,
2795 5349 2875 5399 ὅτι
2925 5345 2978 5399 εῐ
3015 5343 3111 5408 τις
3130 5344 3360 5414 Χριστὸν
3397 5343 3612 5413 Ἰησοῦν

2089 5415 2298 5489 ἱὸν-τοῦ
2319 5415 2451 5469 Θεοῦ
2485 5417 2590 5489 πρὸ
2618 5415 2826 5489 αιὼνων
2855 5417 3004 5470 ὅντα.

2111 5483 2475 5556 (65)ί5οοιόι.
2525 5481 2580 5540 et
2625 5484 2849 5556 Niceph.
2887 5497 3007 5556 post
3038 5486 3282 5555 ἀνάθεμα
3334 5483 3478 5536 ἔστω
3502 5481 3608 5536 ad-

2037 5554 2195 5626 dunt,
2221 5555 2295 5626 ὡς
2323 5557 2352 5606 6
2377 5555 2741 5626 Σαμοσατεύς.

2111 5624 2233 5694 (66)
2264 5621 2503 5694 Septima
2535 5627 2655 5680 fidei
2697 5625 2970 5681 confessio
2998 5641 3140 5680 anno
3167 5625 3290 5678 55⁵7.
3323 5621 3450 5677 Haec
3475 5622 3610 5677 ﬁdei

2038 5692 2272 5749 formula
2292 5692 2478 5752 Latine
2503 5697 2739 5767 primum
2755 5697 2957 5768 scripta
2983 5696 3179 5764 fuit,ut
3205 5695 3433 5748 habetur
3457 5694 3611 5762 apud
