3914 6222
291 279 382 338 741

1655 285 1742 338 DE
1781 284 2084 342 SVNODlS.

3411 295 3513 350 7ίὲ

287 395 555 464 γενέσθαι,
603 399 776 452 πάντα
807 397 1065 467 ἀσφαλῶς
1109 397 1344 471 ἐζητήθη
1378 399 1472 452 καὶ
1521 398 1831 471 διηρευνὴοτ

1951 403 2046 466 tio,
2079 403 2365 472 diligenter
2415 403 2595 456 omnia
2637 403 2778 472 apud
2828 401 3087 460 Sirmium
3124 414 3346 462 tractata
3381 417 3516 466 sunt

285 493 340 543 ἐν
371 489 450 560 τῷ
476 489 683 560 Σιρμίῳ
717 489 808 542 ἐπὶ
842 494 1112 562 παρουσίᾳ.
1151 491 1466 556 Οὐάλεντος,
1503 495 1596 546 καὶ
1637 493 1849 564 Οὐρσα-

285 581 421 648 κίου,
467 581 560 634 καὶ
597 581 918 652 Γερμινίου,
968 582 1060 634 καὶ
1104 581 1210 634 τῶν
1253 583 1472 637 λοιπῶν.
1511 584 1848 654 Συνέστηκεν

284 672 376 725 ’ἐνα
409 671 539 723 Θεὸν
582 665 719 724 εἶναι
763 671 980 742 Πατέρα
1024 673 1434 742 παντοκράτορα
1484 672 1615 744 (67),
1665 673 1848 737 καθὼς

285 761 448 824 καὶέν
469 762 615 834 πάσῃ
637 764 702 833 τῇ
728 763 1019 836 οἰκουμένῃ
1039 764 1483 833 καταγγέλλεται·
1521 767 1613 818 καὶ
1641 766 1736 821 ἕνα
1760 785 1850 838 μο-

280 857 470 926 νογενῆ
489 856 615 908 Υἱὺν
643 855 825 920 αὐτοῦ,
844 855 933 908 τὸν
963 857 1168 926 Κύριον
1184 856 1340 926 ἡμῶν
1370 857 1572 927 Ἰησοῦν
1589 860 1840 930 Χριστὸν,

282 947 340 1014 ἐξ
365 946 528 1000 αὐτοῦ
551 947 654 1016 πρὸ
669 947 777 999 τῶν
813 945 1021 1000 αἰώνων
1043 947 1389 1018 γεννηθέντα.
1413 949 1514 1001 Δύο
1527 950 1692 1012 Θεοὺς
1731 951 1839 1022 (68)

285 1037 356 1108 μὴ
403 1037 598 1108 χρῆναι
634 1036 840 1104 λέγειν·
887 1037 1070 1107 ἐπειδὴ
1104 1036 1264 1100 αὐτὸς
1307 1040 1335 1090 ὁ
1380 1037 1579 1108 Κύριος
1611 1039 1796 1110 εἴρηκε
1823 1057 1836 1070 ’

288 1147 306 1178 ι
329 1127 638 1198 Πορεύομαι
658 1127 793 1197 πρὸς
822 1128 910 1181 τὸν
933 1129 1151 1200 Πατέρα
1184 1147 1282 1198 μου
1308 1131 1400 1182 καὶ
1423 1131 1641 1200 Πατέρα
1667 1131 1838 1202 ὑμῶν,

287 1243 304 1268 ι
327 1218 418 1270 καὶ
435 1219 565 1272 Θεόν
595 1237 694 1289 μου
719 1220 812 1272 καὶ
825 1218 954 1272 Θεὸν
977 1219 1150 1290 ὑμῶν.
1175 1239 1194 1272 υ
1215 1222 1312 1276 Διὰ
1335 1221 1488 1276 τοῦτο
1511 1225 1602 1276 καὶ
1627 1224 1842 1278 πάντων

282 1311 411 1374 Θεός
445 1313 581 1376 ἐστι,
617 1311 797 1376 καθὼς
831 1314 922 1366 καὶ
957 1316 985 1366 ὁ
1032 1316 1348 1380 Ἀπόστολος
1389 1313 1656 1380 ἐδίδαξεν·
1713 1337 1731 1368 ι
1763 1313 1840 1370 Ἦ

284 1422 302 1452 ι
338 1403 602 1456 Ἰουδαίων
637 1403 812 1474 μόνων
843 1405 870 1457 ὁ
901 1405 1054 1472 Θεὸς,
1081 1409 1201 1478 οὐχ).
1232 1409 1324 1462 καὶ
1350 1407 1516 1460 ἐθνῶν
1556 1425 1570 1473 ;
1605 1409 1712 1462 Ναὶ
1745 1411 1838 1462 καὶ

286 1513 304 1544 ε
335 1493 533 1548 ἐθνῶν·
562 1497 790 1568 ἐπείπερ
817 1493 896 1561 εἷς
922 1499 949 1548 ὀ
975 1498 1124 1564 Θεὸς,
1156 1499 1213 1562 ὃς
1240 1499 1514 1552 δικαιώσει
1539 1501 1836 1571 περιτομὴν

285 1603 302 1636 ι
333 1587 396 1638 ὲκ
431 1585 684 1650 πίστεως,
721 1589 812 1640 καὶ
841 1589 1201 1660 ἀκροϐυστίαν
1242 1590 1328 1644 διὰ
1351 1591 1582 1655 πίστεως
1625 1593 1731 1664 (69)
1764 1610 1778 1623 ·
1810 1614 1828 1646 ι

279 1677 370 1730 καὶ
394 1677 478 1738 [τὰ
524 1679 620 1748 μὲν
665 1678 825 1732 λοιπὰ
867 1681 1042 1735 πάντα
1094 1686 1393 1752 συμφωνεῖ,
1443 1684 1534 1736 καὶ
1581 1684 1833 1756 οὐδεμίαν

1961 502 2014 550 et
2043 495 2313 560 discussa,
2359 496 2717 566 praesentibus
2749 495 2990 558 Valente,
3021 496 3264 566 Ursacio,
3298 499 3514 556 Germi-

1951 587 2042 639 nio
2075 595 2128 640 ει
2166 589 2394 640 ωηιξη-ιε.
2436 586 2612 642 Unum
2671 599 2884 642 constat
2925 589 3090 642 Deum
3147 606 3266 646 esse
3301 602 3356 646 ει
3408 592 3516 648 P3-

1951 688 2082 732 trem
2117 680 2566 748 omnipotentem,
2601 691 2660 734 ut
2703 681 2782 736 sic
2829 697 2924 750 per
2971 683 3281 736 universum
3320 686 3508 740 orbem

1949 771 2204 825 Creditur.
2240 770 2306 824 Et
2343 771 2562 826 unicum
2606 772 2804 826 Filium
2847 773 2966 843 ejus
2999 771 3182 828 Iesum
3232 773 3509 830 Christum

1949 860 2236 916 Dominum
2275 861 2608 918 Salvatorem
2645 875 2913 930 nostrum,
2953 880 3020 918 ex
3068 865 3186 934 ipso
3229 877 3351 922 ante
3392 884 3496 922 sm-

1947 953 2064 1005 eula
2101 954 2361 1021 genitum.
2401 954 2547 1009 Duos
2582 965 2760 1010 autem
2801 955 2941 1010 Deos
2973 971 3074 1010 nec
3103 971 3260 1024 posse
3291 973 3390 1012 nec
3409 959 3503 1012 de-

1945 1039 2074 1094 bere
2102 1042 2406 1110 praedicari,
2438 1044 2564 1112 quia
2596 1045 2710 1113 ipse
2743 1043 3005 1098 Dominus
3051 1045 3189 1098 dixit
3216 1064 3230 1099 :
3261 1065 3278 1096 ι
3311 1046 3404 1100 160
3439 1047 3506 1100 ad

1951 1149 1969 1181 ι
2009 1129 2224 1186 Patrem
2256 1149 2434 1187 meum
2461 1143 2514 1188 et
2539 1135 2604 1188 ad
2655 1135 2870 1190 Patrem
2929 1147 3192 1204 vestrum,
3232 1139 3295 1192 ad
3337 1137 3508 1193 Deum

1950 1241 1968 1272 ‹
2003 1237 2181 1276 meum
2201 1231 2252 1277 et
2272 1226 2338 1277 ad
2357 1223 2524 1279 Deum
2546 1237 2786 1280 vestrum
2817 1227 2882 1280 '°.
2909 1247 2927 1277 ι
2953 1227 3076 1280 Ideo
3099 1227 3338 1282 omnium
3365 1227 3508 1283 Deus

1945 1330 2086 1368 unus
2117 1323 2219 1380 est,
2248 1316 2390 1369 sicut
2426 1317 2720 1386 Apostolus
2758 1319 2941 1373 docuit
2971 1338 2984 1373 :
3033 1338 3050 1369 ι
3081 1319 3161 1373 An
3193 1319 3504 1376 Judazorum

1948 1423 1964 1454 ι
2005 1405 2144 1459 Deus
2183 1407 2438 1458 tantum?
2486 1423 2666 1462 nonne
2697 1417 2750 1462 et
2775 1410 3014 1479 gentium
3045 1412 3068 1463 ?
3106 1411 3220 1466 Imo
3272 1423 3324 1465 et
3374 1427 3506 1480 gen-

1946 1515 1964 1547 ί
2004 1498 2159 1550 tium.
2181 1495 2447 1562 Quoniam
2479 1500 2698 1568 quidem
2727 1517 2867 1556 unus
2897 1511 2982 1556 est
3009 1501 3172 1566 Deus,
3197 1504 3287 1572 qui
3311 1505 3509 1574 justiﬁ-

1945 1607 1964 1638 ‹
2001 1597 2088 1642 cat
2116 1590 2588 1646 circumcisionem
2627 1608 2694 1647 ex
2717 1593 2841 1658 ﬁde,
2876 1603 2930 1648 et
2955 1597 3276 1664 praeputium
3309 1613 3405 1666 per
3437 1598 3502 1651 ii-

1945 1700 1964 1731 ‹
2003 1683 2122 1736 dem
2151 1683 2194 1714 ¹¹
2217 1701 2230 1750 ;
2260 1701 2278 1734 ›
2299 1684 2391 1738 sed
2416 1693 2678 1738 etczetera
2702 1695 3068 1740 convenerunt
3102 1702 3197 1740 nec
3224 1688 3386 1740 ullam
3408 1687 3504 1742 ha-

275 1767 386 1840 ἔχει
416 1769 762 1840 ἀμφιϐολίαν.
797 1773 1012 1844 Ἐπειδὴ
1038 1773 1094 1826 δὲ
1124 1749 1350 1838 πολλούς
1371 1793 1520 1839 τινας
1549 1778 1687 1830 κινεῖ
1706 1749 1831 1848 step!

1944 1773 2066 1826 bere
2093 1749 2385 1843 potuerunt
2413 1774 2853 1844 discrepantiam.
2887 1775 3043 1840 Quod
3073 1791 3200 1830 vero
3234 1777 3500 1846 quosdam

274 1865 370 1932 τῆς
407 1863 709 1938 λεγομένης
754 1865 1052 1936 Ῥωμαϊστὶ
1095 1867 1192 1936 μὲν
1255 1867 1637 1930 σουϐσταντίας
1690 1867 1834 1938 (70),

286 1953 584 2024 Ἑλληνιστὶ
607 1956 660 2008 δὲ
692 1957 988 2027 λεγομένης
1019 1957 1222 2022 οὐσίας,
1248 1959 1544 2024 τουτέστιν,
1577 1960 1662 2014 ἵνα
1688 1962 1838 2032 ἀκρι-

273 2046 426 2098 ὅέστε
435 2063 526 2117 ρον
550 2048 785 2119 γνωσθῇ,
808 2049 868 2100 τὸ
892 2049 1192 2120 ὁμοούσιον,
1227 2050 1258 2121 ἢ
1279 2051 1336 2104 τὸ
1353 2050 1638 2121 λεγόμενον
1653 2055 1835 2122 ὁμοιο-

273 2135 448 2188 οὐσιον
506 2136 616 2206 (7-1)
643 2155 656 2167 ·
691 2138 751 2190 οὐ
787 2139 891 2210 χρή
927 2155 1046 2190 τινα
1077 2138 1279 2192 τούτων
1313 2139 1584 2204 παντελῶς
1616 2141 1834 2212 μνήμην

273 2227 536 2294 γίνεσθαι,
577 2229 696 2282 οὐδὲ
738 2229 864 2300 περὶ
903 2229 1106 2282 τούτων
1160 2230 1465 2300 ἐξηγεῖσθαι
1501 2233 1558 2283 ἐν
1601 2234 1666 2302 τῇ
1715 2233 1834 2284 Ἐκ-

273 2320 468 2390 κλησία
492 2319 580 2374 διὰ
602 2321 805 2390 ταύτην
839 2323 937 2394 τὴν
969 2322 1165 2384 αίτίαν,
1198 2324 1290 2375 καὶ
1312 2322 1397 2375 διὰ
1419 2323 1604 2378 τοῦτον
1642 2323 1732 2376 τὸν
1757 2325 1834 2377 λο-

272 2411 488 2480 γισμὸν,
532 2411 612 2464 ὅτι
658 2412 716 2464 ὲν
764 2415 883 2475 ταῖς
931 2413 1102 2476 θείαις
1137 2414 1379 2485 Γραφαῖς
1408 2415 1467 2466 οὐ
1528 2414 1831 2486 γέγραπται

275 2505 400 2574 περὶ
433 2503 639 2558 τούτων
667 2523 680 2536 ·
729 2506 822 2558 καὶ
867 2508 948 2559 ὅτι
985 2504 1155 2559 ταῦτα
1208 2507 1346 2577 ὑπὲρ
1399 2505 1494 2578 τὴν
1533 2507 1832 2579 ἀνθρώπων

271 2594 467 2662 γνῶσιν
493 2596 588 2648 καὶ
611 2596 700 2649 τὸν
729 2595 1027 2668 ἀνθρώπων
1055 2597 1178 2650 νοῦν
1219 2600 1332 2650 ὲστι
1358 2615 1373 2629 ·
1408 2597 1500 2650 καὶ
1533 2599 1616 2652 ὅτι
1656 2600 1832 2663 οὐδεὶς

270 2685 486 2740 δύναται
514 2687 610 2759 τὴν
637 2690 828 2756 γενεὰν
853 2688 945 2742 τοῦ
975 2687 1104 2742 Υίοῦ
1130 2689 1510 2761 διηγήσασθαι,
1541 2690 1718 2755 καθὼς
1750 2693 1834 2762 γέ·

269 2797 507 2850 γραπται
526 2796 538 2808 ·
588 2799 606 2831 ι
626 2781 734 2852 Τὴν
760 2781 951 2849 γενεὰν
974 2781 1084 2852 (72)
1125 2782 1289 2835 αὐτοῦ
1319 2781 1398 2844 τίς
1431 2783 1747 2854 διηγήσεται
1768 2801 1782 2848 ;
1806 2804 1824 2840 ›

270 2871 440 2924 Μόνον
465 2870 572 2942 γὰρ
597 2872 788 2926 εἰδέναι
818 2873 907 2924 τὸν
941 2875 1160 2944 Πατέρα
1185 2875 1413 2946 φανερόν
1439 2877 1574 2942 ἐστι,
1607 2877 1722 2941 πῶς
1740 2879 1828 2932 τὸν

270 2961 394 3014 Υίὸν
429 2963 705 3034 ἐγέννησε,
746 2965 838 3018 καὶ
877 2964 1038 3016 πάλιν
1073 2966 1162 3018 τὸν
1196 2965 1342 3030 Υἱὸν,
1386 2967 1502 3030 πῶς
1537 2969 1694 3032 αὐτὸς
1734 2986 1826 3038 γε-

265 3054 516 3124 γέννηται
556 3055 706 3124 παρὰ
737 3055 830 3107 τοῦ
865 3057 1076 3128 Πατρός
1113 3056 1244 3126 (75).
1292 3057 1478 3112 ossae
1511 3059 1567 3112 δὲ
1596 3059 1826 3129 ἀμφίϐο-

265 3138 350 3192 λόν
378 3140 517 3204 ἐστι,
547 3141 766 3210 μείζονα
799 3137 936 3194 εἶναι
957 3144 1050 3196 τὸν
1082 3144 1298 3214 Πατέρα
1319 3161 1332 3174 ·
1367 3146 1488 3198 οὐδὲ
1519 3147 1626 3218 γὰρ
1645 3148 1824 3201 διστά-
1855 3129 1897 3148 υ

269 3247 405 3284 σειεν
437 3232 502 3286 ἄν
533 3250 616 3296 τις
651 3233 741 3286 τὸν
779 3234 994 3305 Πατέρα
1031 3233 1167 3307 (74),
1206 3240 1368 3308 τιμῇ,
1403 3239 1497 3292 καὶ
1536 3239 1694 3310 ἀξίᾳ,
1731 3241 1824 3294 καὶ

267 3321 495 3394 Θεὸτητι,
533 3325 625 3376 καὶ
650 3324 798 3396 αὐτῷ
829 3326 906 3396 τῷ
935 3326 1160 3398 ὀνόματι
1193 3328 1273 3399 τῷ
1315 3329 1566 3400 πατρικῷ
1603 3331 1825 3401 μείζονα

265 3409 422 3480 εἶναι,
459 3413 999 3487 διαμαρτυρουμένου
1051 3417 1212 3472 αὐτοῦ
1247 3419 1338 3472 τοῦ
1375 3419 1535 3472 Υίοῦ·
1570 3439 1588 3471 ι
1626 3421 1682 3474 '0
1725 3423 1824 3492 ἐμὲ

271 3523 289 3554 ι
316 3505 534 3576 πέμψας
555 3507 742 3580 Πατὴρ
771 3509 970 3579 μείζων
999 3511 1098 3580 μού
1122 3515 1256 3566 ἐστι.
1291 3533 1308 3562 ι
1325 3513 1433 3564 Καὶ
1448 3511 1604 3564 τοῦτο
1619 3511 1674 3565 δὲ
1691 3512 1824 3564 καο-

261 3595 434 3651 ολικὸν
467 3594 608 3653 εἶναι
631 3601 804 3663 οὐδεὶς
833 3602 1036 3670 ἀγνοεῖ,
1095 3603 1188 3656 δύο
1216 3607 1481 3674 πρόσωπα
1514 3599 1673 3667 εἶναι,
1708 3604 1823 3656 Πα-

265 3687 390 3759 τρὸς
420 3691 514 3760 καὶ
547 3689 708 3743 Υἱοῦ·
751 3692 848 3744 καὶ
877 3691 965 3744 τὸν
998 3692 1096 3762 μὲν
1125 3693 1342 3764 Πατέρα
1373 3693 1612 3763 μείζονα,
1649 3695 1738 3746 τὸν
1765 3694 1822 3746 δὲ

265 3779 386 3832 Υίὺν
413 3782 844 3852 ὑποτεταγμένον
875 3782 952 3853 τῷ
977 3785 1152 3855 Πατρὶ
1185 3783 1293 3854 (75)
1327 3784 1462 3853 μετὰ
1486 3783 1722 3848 πάντων,
1750 3778 1823 3838 ὧν

263 3871 406 3943 αὐτῷ
439 3875 468 3926 ὁ
512 3873 700 3944 Πατὴρ
734 3873 984 3938 ὑπέταξε.
1031 3872 1132 3927 Τὸν
1176 3875 1232 3927 δὲ
1270 3874 1488 3946 Πατέρα
1533 3873 1703 3945 ἀρχὴν
1749 3872 1823 3944 μὴ

261 3963 422 4034 ἔχειν,
456 3965 552 4017 καὶ
597 3965 823 4036 ἀόρατον
866 3961 1026 4028 εῖναι,
1068 3966 1162 4018 καὶ
1199 3965 1460 4019 ἀθάνατον
1503 3961 1642 4018 εἶναι
1689 3965 1822 4036 (76),

265 4058 354 4108 καὶ
377 4056 560 4127 ἅπαθῆ
582 4053 720 4110 εἶναι
741 4075 754 4089 ·
783 4059 873 4111 τὸν
899 4059 954 4110 δὲ
979 4057 1106 4110 Υἱὸν
1125 4057 1478 4128 γεγεννῆσθαι
1504 4059 1566 4110 ἐκ
1594 4057 1687 4111 τοῦ
1715 4057 1825 4109 Πα-

261 4147 402 4213 τρὶς,
433 4147 565 4200 Θεὸν
595 4148 658 4199 ὲκ
691 4147 845 4213 Θεοῦ,
881 4148 993 4220 φῶς
1029 4149 1092 4202 ὲκ
1126 4149 1321 4217 φωτὸς.
1361 4149 1470 4202 Καὶ
1500 4147 1689 4201 τοῦτου
1725 4147 1822 4218 τὴν

1939 1871 2034 1917 aut
2059 1865 2258 1919 multos
2280 1865 2550 1934 movebat,
2575 1866 2734 1936 595
2753 1868 2818 1922 de
2837 1869 3286 1938 substantia,qua¢
3306 1869 3492 1925 Graece

1935 1957 2053 2008 usia
2087 1957 2430 2026 appellatur,
2477 1958 2528 2012 id
2577 1967 2662 2012 est
2709 1958 2817 2029 (ut
2861 1962 3176 2028 expressius
3235 1962 3502 2030 intelligar

1937 2043 2073 2116 tur)
2117 2046 2444 2102 homousion
2473 2086 2488 2112 ,
2543 2055 2638 2101 aut
2685 2047 2830 2118 quod
2876 2049 3075 2104 dicitur
3109 2050 3498 2108 hommusion:
3547 2079 3554 2100 ι

1937 2135 2140 2188 nullam
2168 2138 2390 2192 omnino
2421 2138 2534 2191 lieri
2561 2148 2813 2207 oportere
2838 2141 3166 2196 mentionem
3197 2158 3295 2197 nec
3318 2159 3504 2214 quem-

1937 2243 2100 2298 quam
2141 2227 2457 2297 praadicare,
2487 2243 2550 2284 ea
2578 2231 2644 2284 de
2672 2246 2833 2286 causa
2865 2241 2919 2285 et
2955 2233 3185 2300 ratione,
3219 2235 3364 2304 quod
3399 2250 3500 2290 nec

1937 2319 1990 2373 in
2025 2320 2222 2374 divinis
2262 2320 2555 2390 Scripturis
2616 2324 2998 2390 contineatur;
3049 2333 3104 2380 et
3147 2327 3289 2395 quod
3339 2342 3501 2395 super

1937 2409 2173 2464 hominis
2208 2411 2487 2466 scientiam
2528 2412 2620 2476 sit,
2653 2429 2755 2468 nec
2796 2417 3089 2484 quisquam
3139 2416 3310 2485 possit
3353 2419 3498 2470 nati-

1935 2501 2154 2556 vitatem
2192 2501 2311 2558 Filii
2338 2518 2614 2568 enarrare,
2657 2504 2724 2558 de
2751 2521 2858 2574 quo
2900 2506 3158 2574 scriptum
3192 2517 3273 2561 est
3302 2525 3314 2560 :
3349 2527 3366 2558 ι
3393 2507 3499 2562 Ge-

1939 2609 1958 2642 σ
1993 2592 2324 2646 nerationem
2354 2594 2471 2662 ejus
2500 2595 2624 2664 quis
2657 2595 2932 2648 enarrabit
2960 2598 3003 2627 ²¹
3031 2597 3054 2648 ?
3085 2615 3102 2646 ι
3139 2595 3292 2652 Scire
3317 2607 3496 2654 autem

1932 2682 2280 2738 manifestum
2320 2693 2402 2738 est
2453 2687 2627 2740 solum
2680 2685 2893 2741 Patrem
2940 2689 3212 2756 quomodo
3248 2692 3498 2759 genuerit

1932 2771 2130 2828 Filium
2178 2791 2338 2829 suum
2379 2793 2393 2840 ;
2447 2789 2502 2830 ct
2531 2776 2727 2830 Filium
2767 2780 3042 2848 quomodo
3079 2782 3293 2850 genitus
3342 2784 3412 2836 sit
3459 2800 3490 2838 a

1929 2863 2108 2919 Patre.
2137 2863 2293 2919 Nulla
2333 2867 2658 2937 ambiguitas
2688 2877 2768 2922 est
2797 2869 3058 2938 majorem
3089 2885 3211 2925 esse
3254 2869 3493 2926 Patrem.

1929 2955 2070 3010 Nulli
2097 2967 2275 3030 potest
2295 2959 2520 3012 dubium
2551 2974 2670 3014 esse
2689 2959 2924 3025 Patrem,
2957 2961 3184 3028 honore,
3213 2963 3494 3032 dignitate,

1930 3051 2192 3114 claritate,
2227 3050 2510 3119 majestate
2542 3059 2596 3104 et
2637 3051 2754 3120 ipso
2782 3052 3000 3106 nomine
3021 3051 3198 3108 Patris
3229 3054 3494 3123 majorem

1927 3154 2068 3204 esse,
2097 3139 2234 3194 Filio
2261 3141 2377 3208 ipso
2406 3149 2663 3195 testante:
2688 3142 2820 3207 «Qui
2851 3157 2938 3196 me
2963 3144 3109 3198 misit
3130 3143 3306 3210 Pater,
3324 3145 3498 3215 major

1931 3249 1948 3281 ι
1972 3247 2056 3285 mc
2072 3231 2233 3286 est".
2271 3251 2290 3283 ι
2317 3232 2382 3286 Et
2415 3233 2518 3288 hoc
2551 3235 2873 3288 catholicum
2905 3249 3044 3298 esse,
3071 3251 3228 3290 nemo
3265 3237 3495 3306 ignorat,

1923 3323 2058 3378 duas
2074 3339 2335 3392 personas
2351 3339 2474 3379 esse
2487 3323 2662 3380 Patris
2679 3337 2730 3380 et.
2743 3325 2882 3378 Filii.
2905 3325 3158 3396 Majorem
3179 3326 3501 3393 Patrem,Fi-

1923 3414 2056 3469 lium
2073 3416 2398 3485 subjectum,
2418 3431 2540 3469 cum
2567 3417 2822 3472 omnibus
2839 3416 2922 3471 his
2939 3433 3060 3486 quae
3083 3419 3181 3486 ipsi
3201 3417 3359 3472 Pater
3375 3420 3500 3473 sub-

1919 3506 2071 3576 jecit.
2105 3505 2318 3562 Patrem
2351 3508 2563 3561 initium
2592 3523 2698 3561 non
2729 3509 2948 3572 habere,
2977 3509 3296 3564 invisibilem
3344 3523 3489 3574 esse,

1923 3597 2284 3652 immortalem
2312 3613 2455 3664 esse,
2482 3598 2870 3666 impassibilem
2894 3615 3015 3654 esse
3045 3618 3059 3653 :
3087 3597 3282 3653 Filium
3311 3609 3493 3654 autem

1925 3699 2112 3743 natum
2148 3704 2269 3744 esse
2297 3703 2364 3743 ex
2389 3688 2569 3755 Patre,
2611 3688 2780 3744 Deum
2815 3705 2882 3744 ex
2921 3689 3051 3754 Deo,
3087 3691 3264 3744 lumen
3303 3707 3368 3744 ex
3404 3691 3492 3745 lu-

1925 3777 2090 3830 mine.
2113 3776 2284 3846 Cujus
2313 3775 2436 3830 Filii
2470 3777 2897 3848 generationem,
2922 3785 2980 3830 ut
3009 3787 3134 3830 ante
3153 3777 3358 3830 dictum
3382 3786 3485 3842 cst,

1923 3851 2194 3921 neminem
2243 3867 2402 3934 scire,
2454 3867 2556 3920 nisi
2603 3866 2814 3921 Patrem
2857 3881 3038 3920 suum.
3081 3867 3262 3935 Ipsum
3303 3874 3487 3920 autem

1922 3957 2120 4013 Filium
2151 3957 2266 4024 Dei,
2309 3958 2600 4014 Dominum
2623 3969 2676 4014 et
2703 3957 2872 4014 Deum
2899 3966 3169 4025 nostrum,
3214 3959 3374 4013 sicuti
3409 3958 3489 4012 le-

1927 4053 2090 4120 gitur,
2115 4067 2334 4106 carnem
2373 4052 2458 4106 vel
2499 4067 2719 4121 corpus,
2747 4051 2804 4108 id
2845 4059 2928 4106 est
2981 4052 3255 4107 hominem
3299 4065 3492 4106 susce—

1926 4145 2072 4212 pisse
2096 4159 2160 4198 ex
2195 4152 2347 4198 utero
2379 4141 2618 4214 Virginis
2651 4141 2854 4206 Mariae,
2906 4143 3049 4198 sicut
3087 4145 3313 4213 angelus
3351 4157 3490 4213 prte-

260 4238 490 4304 γένεσιν,
523 4237 702 4302 καθὼς
735 4241 1072 4312 προείρηται,
1103 4241 1301 4312 μηδένα
1335 4242 1640 4310 γινώσκειν,
1671 4243 1718 4295 εί
1749 4242 1822 4313 μὴ

1936 4237 2144 4292 licavit.
2178 4235 2250 4291 Ut
2284 4246 2462 4292 autem
2501 4235 2798 4306 Scriptura!
2823 4251 3013 4291 omnes
3043 4237 3260 4302 docent,
3279 4245 3332 4290 et
3354 4252 3491 4307 pra:-

263 4329 418 4398 μόνον
457 4330 550 4382 τὸν
567 4331 814 4402 Πατέρα.
847 4332 1014 4386 Αὐτὸν
1043 4332 1100 4385 δὲ
1127 4333 1218 4384 τὸν
1243 4333 1367 4385 Υίὸν
1388 4335 1480 4386 καὶ
1505 4333 1704 4405 Κύριον
1729 4335 1825 4387 καὶ

1936 4330 2084 4399 cipue
2107 4329 2234 4399 ipse
2271 4329 2532 4398 magister
2575 4328 2816 4398 gentium
2851 4327 3180 4398 Apostolus,
3215 4328 3488 4382 hominem

255 4415 388 4468 Θεὸν
428 4416 586 4486 ἡμῶν
613 4419 794 4489 σάρκα
828 4420 944 4490 ἦτοι
982 4419 1138 4490 σῶμα
1159 4459 1173 4484 ,
1208 4421 1482 4476 τουτέστιν
1521 4421 1824 4494 ἄνθρωπον,

1936 4423 2240 4493 suscepisse
2272 4423 2338 4477 de
2370 4420 2536 4476 Maria
2570 4419 2809 4493 Virgine,
2853 4437 2949 4492 per
2979 4437 3140 4494 quem
3170 4435 3490 4492 compassus

329 4581 374 4610 ¹⁰
412 4579 571 4634 Joan.
606 4596 698 4648 xx,
733 4581 816 4636 17.
896 4583 938 4612 “
960 4581 1118 4636 Rom.
1151 4597 1232 4648 ιιι,
1267 4582 1357 4650 29,
1390 4582 1478 4637 50.
1554 4587 1599 4642 ”,
1639 4581 1742 4639 lsw.
1776 4599 1825 4638 Li

1936 4583 1980 4638 Β.
2053 4583 2098 4614 ’³
2135 4581 2293 4636 Joan.
2321 4597 2434 4646 xw,
2472 4580 2565 4638 28.

256 4736 522 4818 Hilarium
565 4738 656 4818 De_
687 4736 920 4818 synodis,
955 4737 1060 4818 col.
1092 4735 1426 4818 “56,_unde
1461 4735 1607 4818 illam
1627 4743 1820 4818 ‘trans-
1929 4731 2465 4818 Soc_rla‘t.ﬁetNiceph.
2516 4803 2546 4818 ι
2684 4803 2696 4818 υ
2808 4802 2897 4818 ῃ)
2979 4803 2989 4818 Ι
3298 4817 3305 4818 7
3382 4800 3394 4818 '

256 4809 594 4876 scripsimus.
639 4802 858 4876 Legitur
890 4821 951 4860 ea
979 4807 1104 4860 item
1137 4807 1281 4876 apud
1323 4803 1599 4862 Socratem
1627 4805 1720 4860 lib.
1757 4821 1816 4869 η,

1996 4807 2013 4871 (
2021 4805 2107 4876 70)
2150 4803 2360 4876 Socrat.
2373 4802 2399 4876 ,Δ
2417 4803 2782 4876 σουξετανίας.
2808 4802 3008 4876 Niceph
3019 4843 3032 4856 .
3043 4842 3060 4876 ,_
3081 4802 3482 4864 σουνσταντίας.

255 4896 305 4935 e.
328 4872 426 4954 Et),
455 4885 508 4954 et
538 4879 676 4944 apud
703 4872 936 4954 Niceph.
971 4877 1064 4931 lib.
1091 4872 1245 4954 ιι-έο.
1270 4875 1358 4954 51..
1489 4943 1532 4954 η
1641 4943 1652 4954 .
1757 4945 1767 4954 _

1995 4874 2108 4954 )
2145 4873 2672 4954 Sic__I{egitts._§diti
2693 4888 2840 4954 sero,
2878 4872 3202 4954 ὀμοιούσιον.
3289 4949 3299 4954 _
3369 4941 3432 4954 Μ.

335 4880 426 4938 56,
455 4885 508 4930 et
538 4879 676 4944 apud
703 4879 928 4945 Niceph.
971 4879 1064 4931 lib.
1091 4892 1166 4938 Ix.
1195 4891 1245 4930 c.
1270 4879 1358 4930 51.
2021 4879 2108 4936 71)
2149 4879 2240 4928 Sic
2273 4879 2490 4942 Regius.
2517 4879 2656 4927 Editi
2693 4888 2840 4936 vero,
2878 4879 3202 4942 ὁμοιούσιον.
3423 4941 3432 4954 ι

328 4947 544 5001 Titulus
586 4949 724 5014 apud
775 4945 1032 5000 Hilarium
1075 4963 1090 5000 :
1128 4945 1440 5014 Exemplum
1481 4943 1814 5013 blasphemia:
1992 4879 2104 5014 (72)
2145 4946 2219 4998 lla
2250 4943 2378 5014 Reg.
2407 4953 2460 4998 et
2483 4942 2599 4997 Nic.
2631 4942 2774 4997 Editi
2807 4957 2932 4996 vero
2959 4957 3081 4996 cum
3115 4941 3346 5000 Socrat.,
3369 4941 3482 5010 Την

254 5020 397 5085 apud
431 5015 680 5070 Sirmium
709 5015 1012 5090 perﬁdam
1052 5026 1099 5070 et
1141 5015 1445 5090 Potantiunt
1481 5015 1807 5090 conscripta.
1917 5015 1973 5068 δὲ
1997 5015 2207 5090 γεχεόιν.
2471 5079 2532 5090 ___
2640 5083 2654 5090 _
2738 5082 2780 5090 μ
2844 5081 2858 5090 _
2966 5079 2988 5090 -

252 5079 335 5160 At
351 5103 458 5141 non
485 5079 888 5160 potatur'Osius
914 5086 1081 5160 ‘illam
1122 5086 1540 5160 conscripsisse,
1567 5085 1656 5138 sed
1685 5079 1808 5160 cum
1987 5079 2100 5160 (:11?)
2142 5085 2356 5160 Socrati
2375 5091 2442 5160 et
2471 5079 2870 5160 Ni_ceplt.,'_A1:o
2901 5079 2993 5160 τοῦ
3020 5079 3248 5160 Πατρόςτ

254 5159 430 5232 eidem
448 5145 879 5232 subscripsisset,
909 5153 1096 5232 fraude
1115 5145 1690 5232 fortasse'Arianiorum
1716 5155 1814 5208 ob-

1953 5227 1966 5232 _
1987 5145 2099 5227 (74)
2141 5154 2286 5232 Hane,
2323 5145 2456 5206 Οὐδὲ
2486 5145 2910 5232 γὰρςδιστάσειεν
2936 5152 3106 5232 dict;
3128 5145 3478 5232 τὸνΛΠατέρα,

253 5227 438 5288 tinuit,
471 5234 530 5280 ut
555 5241 616 5280 ea
646 5215 760 5281 Osii
798 5215 1068 5281 confessio
1105 5234 1410 5280 vocaretur.
1445 5223 1576 5276 Vide
1603 5240 1724 5292 qua:
1748 5239 1810 5277 ea
1921 5215 2119 5280 absunt
2143 5240 2190 5287 ,a
2233 5215 2444 5278 Sbcrat.
2473 5215 2527 5276 et
2551 5215 2775 5290 Niceph.
2819 5222 2938 5272 Mox
2975 5219 3194 5292 Regius,
3220 5215 3474 5292 θειότητι.

253 5300 321 5353 de
353 5312 410 5351 re
426 5283 688 5350 'dicuntur
713 5297 766 5350 in
794 5295 1069 5350 Hilariana
1099 5307 1368 5366 postrema
1401 5283 1660 5356 editione,
1683 5303 1736 5347 et
1757 5295 1810 5347 in
1917 5295 2085 5348 Paulo
2135 5283 2257 5364 post
2301 5292 2502 5362 Regius
2553 5283 2788 5356 secunda
2821 5305 3006 5356 manu,
3039 5283 3478 5360 δξιαμαρτυρόμε-

251 5365 683 5442 vita__At|1ana_sii
714 5375 900 5442 nostra
925 5368 992 5422 ad
1023 5364 1225 5442 an_i_i_um
1465 5433 1494 5442 __
1526 5433 1538 5442 _
1595 5434 1642 5442 _
1724 5432 1734 5442 ι

1936 5383 2092 5442 ὀὶ-..
2143 5433 2304 5442 ___
2417 5431 2490 5442 ..
2596 5431 2644 5442 ,.
2719 5427 2750 5442 η
2894 5437 2904 5442 -

325 5437 439 5507 (67)
463 5433 570 5507 Sic
599 5433 729 5507 Reg.
767 5434 1056 5507 Soerat._et
1078 5434 1298 5507 Niceph.
1328 5436 1388 5507 In
1414 5433 1571 5507 editis
1595 5432 1810 5507 Πατέρα

1987 5433 2100 5506 (75)
2143 5433 2231 5507 Τῷ
2258 5433 2430 5507 [largi
2459 5431 2609 5507 deest
2633 5431 2685 5482 in
2719 5427 2936 5507 Socra_t'._
2960 5435 3014 5481 et
3042 5425 3265 5507 Niceph.
3317 5475 3320 5478 .

251 5489 437 5564 deest:
461 5489 602 5577 Infra
621 5489 925 5577 ‘Socrataet
958 5489 1680 5577 Νίοθρίι.,”ίησοῦν.Χριστὺν
1723 5489 1812 5556 τὸν

1987 5489 2097 5576 (76)
2121 5489 2245 5577 Sic
2276 5489 2496 5570 Regius,
2530 5500 2738 5577 δρομαί.
2775 5495 3098 5577 et._N-i\ceph.
3145 5489 3282 5548 εἷναι
3311 5489 3476 5577 ,ἀοςει

1919 5577 1975 5630 in
1993 5563 2163 5630 editis
2195 5574 2284 5627 hic
2307 5563 2539 5625 tantam.
2587 5567 2710 5620 Mox
2755 5566 2884 5619 edit.
2918 5563 3115 5632 Paris.,
3148 5563 3476 5633 γεγενῆσθαι

253 5578 462 5649 Κύριον
494 5575 588 5628 καὶ
611 5574 858 5628 Θεὸν-καὶ
889 5576 1116 5647 Σωτῆρα
1149 5575 1322 5646 ἡμῶν.

327 5647 444 5705 (68)
486 5638 698 5698 Socrat.
727 5653 782 5698 et
813 5643 1058 5705 Nicepln,
1089 5644 1182 5697 δύο
1209 5645 1264 5698 δὲ
1291 5644 1477 5705 Θεούς.

1941 5574 2163 5630 ηειίίιίε
2195 5574 2284 5627 hic
2307 5577 2539 5625 tantam.
2587 5574 2710 5620 Mox
2755 5574 2884 5619 edit.
2918 5574 2980 5620 γε

1936 5645 2196 5704 nendose.
2221 5641 2327 5694 Alii
2356 5654 2566 5704 omnes,
2603 5633 2980 5705 γεγεννῆσθαι.

353 5638 444 5714 68)
486 5638 698 5698 Socrat.
727 5653 782 5698 et
813 5638 1058 5714 NicephI,
1089 5638 1264 5698 8ύόδέ
1291 5644 1477 5707 Θεούς.

353 5653 444 5714 68)
486 5653 698 5698 Socrat.
727 5653 782 5698 et
813 5653 1058 5712 Mceptn,
1089 5653 1182 5697 δύο
1209 5653 1264 5698 δὲ
1291 5653 1477 5707 θεοὺς.

325 5653 441 5789 (69)
479 5714 606 5771 Hec
647 5714 736 5766 καὶ
767 5713 1124 5784 ἀκροϐυστίαν
1151 5715 1238 5770 διὰ
1269 5715 1500 5777 πίστεως
1534 5713 1724 5772 desunt
1756 5713 1810 5768 in
