3966 6226
327 417 425 479 Ἠιΰ

1705 425 1791 482 DE
1832 425 2144 482 SYNODIS.

3422 414 3526 478 ’ῖιο

326 558 436 595 σιον
462 541 572 610 (£7)
603 538 930 612 ἐκϐάλλομεν
948 583 962 604 ,
983 539 1056 606 ὡς
1085 541 1356 614 ἀλλότριον
1381 543 1487 596 τῶν
1518 543 1746 614 Γραφῶν
1765 563 1777 574 ·
1811 545 1872 598 τὸ

1975 555 2080 601 tem
2117 547 2457 602 anathemate
2493 547 2856 601 damnamus:
2903 553 2956 600 et
3017 559 3203 599 omnes
3252 551 3524 616 quotquot

322 630 378 684 δὲ
402 631 647 700 ἀνόμοιον
677 630 1158 702 ἀναθεματίζομεν,
1188 634 1279 685 καὶ
1309 633 1512 695 πάντας
1530 675 1545 699 ,
1574 636 1686 687 ὅσοι
1707 635 1881 688 τοιοῦ-

321 739 400 776 τοι
414 723 785 792 τυγχάνουσιν,
804 723 1106 794 ἀλλοτρίους
1123 725 1398 795 ἡγούμεθα
1413 728 1510 798 τῆς
1535 722 1876 798 Ἐκκλησίας.

321 814 393 866 Τὸ
417 814 475 867 δὲ
508 815 687 883 ὅμοιον
718 813 810 866 τοῦ
840 813 967 866 Υἰοῦ
997 815 1132 885 πρὸς
1159 815 1248 868 τὸν
1288 816 1504 888 Πατέρα
1539 819 1722 886 σαφῶς
1746 823 1877 888 ὀμο-

318 903 584 974 λογοῦμεν
615 905 753 958 κατά
783 904 872 956 τὸν
909 904 1245 964 Ἀπόστολον,
1277 905 1366 958 τὸν
1387 906 1611 973 λέγοντα
1634 910 1760 978 περὶ
1785 909 1877 962 τοῦ

322 993 448 1046 Υ·ἱοῦ
471 1011 484 1024 ·
516 1013 534 1044 ι
551 994 645 1055 Ὃς
665 995 808 1045 ἐστιν
833 993 992 1046 εἰκὼν
1013 994 1106 1046 τοῦ
1121 994 1252 1047 Θεοῦ
1275 995 1368 1048 τοῦ
1391 997 1641 1067 ἀοράτου.
1671 1018 1689 1049 ι
1721 1000 1881 1068 Ὁμο-

321 1085 578 1156 λογοῦμεν
603 1086 659 1138 δὲ
685 1085 776 1138 καὶ
798 1086 1116 1157 πιστεύομεν
1148 1088 1226 1151 είς
1244 1087 1338 1142 ἕνα
1366 1088 1495 1142 Θεὸν
1528 1090 1746 1162 Πατέρα
1767 1092 1878 1160 (88)

280 1179 290 1190 ⁸
321 1178 750 1246 παντοκράτορα,
776 1177 867 1229 τὸν
887 1178 1111 1248 ποιητὴν
1141 1180 1368 1250 οὐρανοῦ
1396 1180 1488 1233 καὶ
1514 1182 1634 1251 γῆς,
1671 1185 1878 1254 ὁρατῶν

322 1268 536 1320 πάντων
569 1269 662 1321 καὶ
696 1267 956 1338 ἀοράτων.
984 1269 1313 1340 Πιστεύομεν
1338 1271 1394 1323 δὲ
1422 1272 1514 1324 κα).
1541 1276 1618 1336 είς
1650 1274 1741 1327 τὸν
1762 1275 1877 1328 Κύ-

325 1374 435 1426 ριον
470 1357 624 1428 ἡμῶν
652 1359 854 1428 Ἰησοῦν
884 1360 1131 1429 Χριστὸν,
1165 1360 1252 1413 τὸν
1287 1363 1409 1415 Υίὸν
1435 1364 1599 1418 αὐτοῦ
1623 1368 1754 1436 (89),
1788 1368 1878 1423 τὸν

321 1449 377 1514 ἐξ
398 1448 560 1501 αὐτοῦ
582 1450 903 1518 γεννηθέντα
920 1451 1142 1514 ἀπαθῶς
1158 1453 1261 1522 πρὸ
1286 1455 1498 1508 πάντων
1518 1457 1624 1509 τῶν
1645 1459 1874 1524 αἰώνων,

321 1539 450 1591 Θεὸν
478 1541 669 1607 Λόγον,
693 1540 822 1593 Θεὸν
849 1543 912 1594 ὲκ
933 1542 1065 1595 Θεοῦ
1091 1544 1198 1613 (90)
1219 1546 1515 1617 Μονογενῆ,
1547 1549 1677 1616 φῶς,
1711 1549 1876 1620 ζωὴν,

279 1641 282 1644 ’
321 1630 594 1701 ἀλήθειαν,
629 1631 844 1701 σοφίαν,
878 1632 1122 1704 δύναμιν,
1151 1634 1216 1687 δι’
1246 1631 1305 1688 οῦ
1331 1637 1398 1690 τὰ
1425 1638 1600 1692 πάντα
1643 1642 1876 1708 ἐγένετο,

319 1722 384 1775 τά
416 1725 473 1776 ὲν
510 1725 621 1786 τοῖς
651 1725 896 1795 οὐρανοῖς
927 1726 1020 1779 καὶ
1042 1725 1109 1779 τὰ
1134 1727 1227 1780 ἐπὶ
1261 1730 1359 1800 τῆς
1382 1731 1482 1800 γῆς
1501 1772 1514 1795 ,
1542 1732 1650 1784 εἴτε
1683 1735 1874 1804 ὀρατά,

1980 637 2144 706 hujus
2184 639 2464 692 sententiae
2503 636 2723 700 fuerint,
2767 637 2837 692 ab
2884 636 3121 691 Ecclesia
3159 636 3362 691 alienos
3394 650 3523 690 sen-

1981 727 2165 782 timus.
2202 727 2442 782 Similem
2483 743 2612 783 vero
2664 726 2840 781 Patris
2872 725 3068 779 Filium
3099 726 3257 795 plane
3300 723 3524 779 conﬁte-

1979 833 2121 882 mur,
2171 817 2323 888 juxta
2363 819 2680 888 Apostolum
2724 818 2814 887 qui
2857 817 2922 870 de
2971 816 3111 870 Filio
3151 816 3280 870 dicit
3312 833 3328 869 :
3365 833 3383 865 ι
3420 812 3524 878 Qui

1957 910 2004 959 ’ς
2034 919 2116 963 est
2142 910 2320 978 imago
2352 909 2442 964 Dei
2471 909 2756 964 invisibilis
2780 910 2842 963 ’⁵.
2871 928 2888 959 ι
2911 908 3241 963 Conﬁtemur
3265 914 3441 959 autem
3471 912 3528 958 et

1979 1003 2250 1057 credimus
2293 1003 2346 1056 in
2398 1019 2564 1056 unum
2601 1001 2768 1057 Deum
2815 1001 3025 1056 Patrem
3077 998 3524 1067 omnipotentem,

1979 1090 2235 1146 factorem
2273 1092 2395 1146 οωιί
2430 1101 2484 1146 et
2513 1101 2688 1156 terrae,
2714 1090 3006 1146 visibilium
3033 1089 3275 1144 omnium
3303 1095 3358 1141 et
3389 1085 3526 1140 invi-

1980 1182 2239 1236 sihilium.
2269 1183 2554 1238 Credimus
2586 1185 2713 1238 item
2742 1183 2794 1237 in
2836 1181 3124 1236 Dominum
3163 1189 3410 1236 nostrum
3433 1177 3524 1233 Je-

1979 1287 2099 1325 sum
2129 1271 2429 1336 Christum,
2476 1273 2671 1328 Filium
2719 1273 3012 1342 ejus.vsine
3044 1271 3296 1341 passione
3348 1269 3417 1323 ab
3458 1283 3526 1323 eo

1978 1362 2214 1431 genitum
2243 1374 2367 1417 ante
2392 1364 2573 1417 omnia
2608 1364 2824 1427 saecula,
2865 1361 3032 1416 Deum
3060 1360 3318 1424 Verbum,
3353 1359 3524 1414 Deum

1977 1468 2040 1507 ex
2075 1454 2182 1507 Deo
2216 1453 2580 1523 Unigenitum,
2611 1455 2810 1521 lumen,
2857 1455 3042 1518 vitam,
3091 1454 3392 1517 veritatem,
3432 1467 3523 1507 sa~

1976 1543 2254 1615 pientiam,
2288 1545 2577 1614 potentiam
2616 1563 2629 1611 ;
2663 1560 2758 1614 per
2798 1559 2958 1614 quem
2988 1544 3170 1597 omnia
3201 1543 3341 1596 facta
3374 1549 3522 1604 sunt,

1976 1648 2098 1702 quae
2130 1636 2183 1688 in
2235 1635 2390 1690 cmlis
2433 1643 2488 1689 et
2541 1651 2662 1704 quae
2689 1635 2743 1688 in
2773 1642 2938 1700 terra,
2968 1634 3081 1689 sive
3111 1632 3365 1696 visibilia,
3410 1631 3527 1686 sive

1977 1720 2287 1777 invisibilia.
2326 1722 2482 1778 Hunc
2522 1723 2794 1778 credimus
2827 1722 2881 1776 in
2915 1722 3382 1778 consummatione
3423 1735 3525 1776 sm-

319 1815 424 1867 εῐτε
456 1815 681 1886 ἀόραται
743 1816 940 1870 Τοῦτον
970 1819 1292 1890 πιστεύομεν
1333 1821 1424 1874 ἐπὶ
1459 1824 1734 1897 συντελείᾳ
1767 1827 1877 1880 τῶν

1979 1811 2244 1878 culorum,
2295 1814 2360 1866 ad
2409 1813 2729 1868 abolende
2766 1822 3043 1884 peccatum
3083 1828 3300 1869 carnem
3340 1827 3526 1868 susce-

318 1906 524 1960 αἰώνων
563 1908 641 1970 είς
670 1901 920 1980 ἀθέτησιν
958 1909 1058 1980 τῆς
1085 1888 1357 1983 ἁμαρτίας
1389 1913 1563 1985 σάρκα
1593 1888 1875 1990 ἀνειληφέ-

1975 1899 2119 1969 pisse
2142 1916 2206 1954 ex
2245 1914 2431 1956 sancta
2465 1902 2699 1973 Virgine,
2735 1913 2789 1958 et
2823 1904 3094 1958 hominem
3131 1902 3329 1958 factum
3357 1917 3515 1958 esse:

317 2014 403 2052 ναι
434 1999 546 2067 (9-1)
582 2001 644 2050 ὲκ
674 1999 774 2070 τῆς
806 2001 962 2069 ἁγίας
988 2003 1263 2074 Παρθένου
1295 2007 1388 2057 καὶ
1422 2007 1874 2081 ὲνανθρωπήσαν-

319 2106 384 2142 τα
403 2105 417 2120 ο
448 2090 684 2143 παθόντα
708 2091 846 2162 ὑπὲρ
869 2092 977 2144 τῶν
1001 2093 1278 2165 ἁμαρτιῶν
1306 2098 1338 2167 ἡ
1348 2097 1481 2165 μῶν,
1500 2100 1592 2151 καὶ
1615 2101 1875 2156 ἀναστάν-

317 2196 403 2243 τα,
436 2182 530 2234 καὶ
555 2182 924 2251 ἀναληφθέντα
952 2187 1030 2248 είς
1062 2187 1339 2256 οὐρανοὺς,
1363 2189 1683 2253 καθέζεσθαι
1716 2195 1772 2244 ἐν
1800 2194 1878 2246 δεε-

319 2272 406 2344 ξιᾷ
435 2273 528 2324 τοῦ
561 2274 788 2345 Πατρός·
816 2275 972 2329 πάλιν
995 2276 1104 2346 (92)
1125 2279 1411 2348 ἐρχόμενον
1444 2282 1501 2332 ἐν
1530 2281 1672 2353 δόξῃ,
1700 2286 1877 2354 κρῖναι

319 2362 524 2428 ζῶντας
558 2366 650 2418 καὶ
695 2367 936 2436 νεκρούς.
1000 2371 1331 2439 Πιστεύομεν
1378 2372 1470 2424 καὶ
1511 2374 1590 2436 εἰς
1632 2371 1692 2425 τὸ
1723 2375 1876 2443 ἅγιον

318 2452 559 2524 Πνεῦμα,
581 2455 610 2507 ὃ
631 2455 723 2508 καὶ
740 2457 1088 2527 Παράκλητον
1109 2459 1385 2530 ὠνόμασεν
1407 2463 1434 2514 ὁ
1452 2463 1636 2534 Σωτὴρ
1656 2466 1748 2517 καὶ
1768 2466 1879 2518 Κύ-

319 2561 430 2615 ριος
471 2545 663 2615 ἡμῶν,
715 2548 1172 2620 ἐπαγγειλάμενος
1221 2552 1359 2621 μετά
1390 2552 1452 2606 τὸ
1495 2554 1742 2609 ἀπελθεῖν
1767 2557 1875 2628 (95)

317 2635 476 2688 αὑτὸν
502 2637 711 2708 πέμψαι
736 2643 846 2704 τοῖς
878 2641 1140 2712 μαθηταῖς
1169 2642 1354 2705 τοῦτο,
1384 2645 1412 2696 ὃ
1446 2647 1538 2698 καὶ
1560 2646 1872 2700 ἀπέστειλεο

315 2727 381 2778 δι’
410 2721 470 2778 οὗ
506 2730 599 2781 καὶ
627 2728 836 2798 ἁγιάζει
864 2735 987 2794 τοὺς
1017 2733 1074 2784 ἐν
1094 2737 1158 2804 τῇ
1189 2735 1481 2807 Ἐκκλησία
1507 2739 1876 2803 πιστεύοντας,

317 2819 408 2870 καὶ
437 2819 860 2891 βαπτιζομένους
889 2825 946 2876 ὲν
973 2813 1200 2895 ὀνόματι
1225 2827 1454 2897 ΙΙατρὸς,
1481 2830 1574 2881 καὶ
1601 2830 1750 2895 Υίοῦ,
1785 2833 1877 2884 καὶ

317 2911 472 2978 ἁγίου
506 2912 839 2984 Πνεύματος.
885 2917 1021 2980 Τοὺς
1045 2917 1101 2970 δὲ
1128 2918 1236 2989 (94)
1266 2920 1415 2990 παρὰ
1443 2921 1641 2992 ταύτην
1667 2924 1764 2994 τὴν
1788 2925 1879 2977 πί-

317 3017 432 3053 στιν
464 3001 589 3055 ᾰλλο
620 3021 670 3056 τι
709 3005 1072 3076 κηρύττοντας
1095 3009 1402 3082 ἀλλοτρίους
1429 3010 1562 3065 οἶδεν
1593 3016 1623 3083 ἡ
1664 3015 1878 3068 καθολι-

317 3091 386 3161 κὴ
430 3093 740 3165 Ἐκκλησία.
797 3098 916 3152 ’Ὀτι
951 3099 1006 3151 δὲ
1046 3101 1218 3172 ταύτῃ
1262 3105 1323 3173 τῇ
1361 3099 1537 3156 πίστει
1572 3105 1878 3176 ίσοδυναμεῖ

317 3183 410 3285 καὶ
447 3185 492 3285 Li)
537 3185 596 3237 ὲν
643 3186 852 3258 Σιρμίῳ
885 3188 1073 3259 πρώην
1106 3193 1384 3246 ὲκτεθεῖσα
1427 3196 1606 3259 πίστις
1639 3198 1731 3250 ἐπὶ
1776 3200 1875 3270 τῆς
1901 3223 1947 3285 c

317 3273 593 3338 εὐσεϐείας
623 3278 714 3330 τοῦ
748 3278 1004 3348 βασιλέως
1037 3284 1211 3354 ἡμῶν,
1239 3286 1588 3357 γνωρίζουσιν
1617 3289 1664 3341 οί
1691 3291 1876 3359 ἐντυγ-

313 3365 564 3435 χάνοντες
591 3368 722 3438 (95).
755 3389 774 3422 ›

384 3457 469 3511 50.
506 3459 686 3512 Ταῦτα
712 3461 1016 3532 γράψαντες
1042 3467 1100 3519 ὲν
1127 3470 1191 3538 τῇ
1240 3470 1477 3543 Ἰσαυρίᾳ
1495 3511 1510 3535 ,
1564 3474 1876 3539 ἀνελθόντες

316 3550 394 3611 εἰς
407 3549 505 3620 τὴν
521 3553 1103 3622 Κωνσταντινούπολιν,
1118 3558 1265 3612 ὥσπε
1275 3577 1302 3630 ρ
1323 3564 1696 3631 μεταγνόντες,
1715 3567 1876 3636 ἠλλα-

318 3638 412 3704 ξαν
459 3643 702 3712 συνήθως
746 3647 945 3712 ταῦτα,
990 3651 1084 3703 καλ¹
1115 3652 1436 3722 προσθέντες
1463 3654 1688 3719 λεξείδιά
1719 3674 1870 3710 τινα⁶

317 3729 454 3785 ὥστε
490 3735 621 3804 μηδὲ
653 3737 948 3793 ὑπόστασιν
989 3740 1163 3810 λέγειν
1193 3745 1283 3796 ἐπὶ
1313 3745 1523 3815 ΙΙατρὸς
1544 3785 1558 3807 ,
1595 3747 1687 3799 καὶ
1721 3748 1870 3811 Υίοῦ,

317 3824 407 3875 καὶ
427 3824 580 3892 ἁγίου
602 3828 932 3899 Πνεύματος,
959 3831 1320 3903 διεπέμψαντο
1345 3836 1482 3888 αὑτά
1510 3839 1618 3899 τοῖς
1647 3839 1704 3890 ἐν
1733 3839 1875 3907 Ἀρι-

320 3917 494 3986 μήνῳ,
517 3918 610 3971 καὶ
635 3922 937 3990 ἠνάγκαζον
964 3927 1058 3978 καὶ
1080 3927 1204 3990 τοὺς
1233 3929 1289 3979 ἐν
1313 3931 1424 3991 τοῖς
1454 3929 1644 3998 μέρεσι
1668 3930 1874 3995 τούτοις

320 4006 686 4079 ὑπογράφειν
744 4015 867 4077 τοὺς
911 4015 966 4067 δὲ
1013 4017 1385 4086 ἀντιλέγοντας
1432 4021 1612 4082 αὐτοῖς
1659 4021 1872 4074 ἐποίουν

320 4096 650 4169 ὲξορίξεσθαι
683 4104 831 4174 παρά
855 4107 1246 4162 Κωνσταντίου.
1286 4111 1468 4162 Ἔστιν
1493 4107 1583 4163 οῦν
1607 4111 1801 4164 ταῦτα’

388 4275 494 4346 (96)
532 4295 548 4327 ι
577 4279 906 4350 Πιστεύομεν
929 4283 1005 4344 είς
1035 4281 1128 4334 ’ἐνα
1153 4284 1300 4346 Θεὸν,
1329 4286 1544 4356 Πατέρα
1572 4288 1874 4356 παντοκρά-

319 4383 463 4433 τορα,
500 4367 558 4431 ἐξ
583 4363 643 4422 οῦ
671 4369 740 4422 τὰ
760 4371 934 4425 πάντα
953 4389 964 4401 ·
1005 4375 1096 4426 καὶ⁹
1119 4376 1197 4437 είς
1225 4375 1314 4428 τὸν
1354 4379 1608 4448 μονογενῆ
1631 4378 1754 4430 Υἱὸν
1779 4376 1872 4430 τοῦ

320 4458 468 4523 Θεοῦ,
498 4461 588 4512 τὸν
619 4461 724 4531 πρὸ
753 4463 966 4516 πάντων
995 4464 1220 4530 αἰώνων,
1248 4468 1341 4520 καὶ
1369 4469 1472 4540 πρὸ
1495 4469 1673 4539 πάσης
1699 4468 1873 4538 ἀρχῆς

1973 2002 2195 2056 passum
2226 2005 2345 2044 esse
2375 2005 2474 2060 pro
2507 1991 2740 2061 peccatis
2762 1992 2982 2056 nostris,
3005 1991 3390 2057 resurrexisse,
3431 2007 3524 2046 as-

1975 2086 2248 2147 sumptum
2303 2079 2470 2134 fuisse
2519 2083 2571 2134 in
2625 2081 2812 2144 cmlos,
2855 2096 2920 2136 ac
2965 2082 3152 2136 sedere
3179 2081 3246 2135 ad
3277 2080 3523 2135 dextram

1975 2167 2150 2222 Patris
2179 2185 2191 2222 :
2222 2178 2275 2224 et
2302 2170 2496 2224 iterum
2525 2183 2811 2226 venturum
2841 2188 2962 2228 esse
2992 2173 3044 2225 in
3085 2172 3256 2242 gloria
3277 2171 3527 2241 judicare

1976 2261 2125 2315 rivos
2149 2271 2200 2315 et
2229 2275 2493 2320 mortuos.
2524 2264 2806 2319 Credimus
2831 2273 2884 2319 et
2908 2266 2961 2318 in
2987 2265 3246 2334 Spiritum
3275 2273 3524 2319 sanctum

1976 2365 2134 2419 quem
2184 2351 2520 2408 l’araclctum
2562 2370 2778 2424 quoque
2813 2341 3145 2425 nuncupavit
3179 2355 3428 2410 Salvator
3473 2364 3529 2412 et

1977 2439 2238 2496 Dominus
2289 2453 2516 2510 noster;
2557 2459 2716 2514 quem
2767 2459 2824 2498 se
2851 2452 2974 2512 post
3009 2445 3306 2500 discessum
3360 2459 3522 2499 suum

1975 2530 2252 2601 discipulis
2290 2535 2585 2590 missurum
2615 2535 2882 2604 pollicitus
2913 2547 3014 2601 est,
3047 2547 3100 2592 et
3125 2553 3309 2591 revera
3338 2536 3524 2598 misit;

1974 2639 2072 2692 per
2116 2641 2274 2695 quem
2310 2637 2532 2683 cunctos
2564 2629 2616 2682 in
2652 2629 2890 2684 Ecclesia
2940 2629 3122 2685 ﬁdeles
3169 2629 3472 2684 sanctiﬁcat
3501 2664 3520 2691 ,

1977 2717 2066 2784 qui
2107 2716 2448 2784 haptizantur
2499 2719 2552 2772 in
2593 2721 2811 2774 nomine
2849 2720 3023 2775 Patris
3058 2729 3110 2776 et
3141 2717 3262 2772 Filii
3313 2727 3366 2772 et
3400 2716 3525 2789 Spi«

1978 2808 2111 2862 ritus
2145 2809 2337 2862 sancti.
2369 2809 2475 2864 Eos
2508 2825 2671 2878 porro
2697 2811 2789 2879 qui
2821 2819 3014 2880 praeter
3035 2811 3174 2864 hanc
3190 2809 3348 2864 ﬁdem
3378 2809 3526 2863 aliud

1976 2900 2320 2968 praedicant,
2374 2901 2580 2956 alienos
2635 2903 2881 2971 agnoscit
2931 2901 3194 2956 catholica
3255 2900 3518 2954 Ecclesia.

1977 2987 2130 3053 Quod
2166 2999 2344 3044 autem
2392 2991 2524 3044 ﬁdes
2573 2990 2756 3043 Sirmii
2803 3006 2975 3060 nuper
3014 2991 3157 3045 edita
3193 3006 3373 3044 coram
3411 2991 3526 3059 pie-

1979 3089 2085 3135 tate
2116 3081 2456 3150 imperatoris
2514 3082 2708 3147 nostri,
2755 3083 2882 3139 huic
2923 3084 3074 3154 paria
3105 3085 3394 3148 contineat,
3427 3097 3528 3139 n0-

1976 3181 2106 3228 runt
2130 3189 2320 3232 omnes
2351 3175 2444 3246 qui
2483 3174 2726 3247 legerint.
2761 3196 2780 3228 ι

2043 3454 2132 3508 50.
2166 3452 2258 3508 His
2281 3455 2334 3507 in
2360 3453 2560 3508 Isauria
2587 3455 2820 3525 scriptis,
2851 3455 3376 3529 Constantinopolim
3401 3473 3526 3528 pro-

1973 3544 2136 3609 fecti,
2165 3547 2320 3614 quasi
2375 3561 2432 3600 se
2465 3547 2788 3616 scriptorum
2820 3550 3122 3618 paeniteret,
3172 3565 3235 3604 ea
3269 3551 3336 3605 de
3373 3565 3524 3606 more

1973 3645 2337 3698 mutaverunt,
2375 3639 2573 3691 additis
2601 3648 2778 3693 tamen
2809 3642 3134 3708 quibusdam
3166 3642 3416 3705 voculis;
3453 3645 3524 3698 ita

1972 3737 2032 3780 ut
2078 3741 2252 3795 neque
2310 3728 2622 3798 hypostasin
2658 3730 2711 3782 in
2761 3729 2920 3785 Patre
2953 3740 3005 3784 et
3036 3730 3172 3785 Filio
3215 3739 3267 3785 ct
3316 3730 3521 3800 Spiritu

1973 3827 2160 3872 sancto
2191 3811 2485 3886 dicerent;
2542 3821 2836 3891 eademque
2886 3821 3001 3891 ipsa
3052 3823 3117 3875 iis
3171 3824 3524 3879 transmisere

1973 3907 2065 3974 qui
2096 3907 2402 3961 Ariminum
2453 3918 2853 3976 convenerant,
2897 3912 3099 3966 coactis
3138 3913 3391 3966 omnibus
3427 3915 3526 3968 ha-

1973 4015 2095 4053 rum
2127 4000 2408 4070 regionum
2435 4002 2702 4071 episcopis
2730 4010 2792 4056 ut
2816 4001 2883 4057 iis
2920 4003 3338 4058 subscriberent.
3375 4003 3442 4058 Et
3469 4005 3520 4059 si

1972 4092 2062 4160 qui
2093 4093 2482 4162 repugnabant,
2509 4110 2601 4149 eos
2636 4111 2664 4148 a
2692 4095 3008 4150 Constantio
3036 4095 3090 4149 in
3125 4096 3374 4150 exsilium
3397 4099 3522 4168 peIli

1973 4196 2250 4238 curarunt.
2298 4183 2386 4238 Sic
2409 4172 2584 4238 autem
2618 4200 2675 4240 se
2701 4187 2903 4241 habent
2926 4187 3017 4241 illa
3054 4205 3068 4241 :

2049 4296 2066 4327 ί
2091 4276 2374 4331 Credimus
2404 4277 2455 4330 in
2499 4293 2663 4331 unum
2696 4278 2864 4334 Deum
2887 4317 2902 4343 ,
2935 4277 3149 4334 Patrem
3185 4281 3525 4351 omnipoten-

1973 4375 2101 4432 tem,
2126 4381 2192 4421 ex
2229 4381 2335 4434 quo
2364 4367 2542 4421 omnia
2576 4384 2590 4430 ;
2625 4375 2678 4420 et
2708 4367 2761 4420 in
2801 4365 3153 4438 Unigenitum
3185 4369 3381 4426 Filium
3405 4371 3522 4438 Dei,

1974 4469 2098 4514 ante
2145 4460 2325 4513 omnia
2367 4459 2583 4521 saecula,
2615 4467 2667 4512 et
2699 4466 2823 4512 ante
2876 4473 3036 4512 omne
3074 4459 3398 4529 principium
3455 4478 3524 4518 ex

321 4548 636 4619 γεννηθέντα
663 4553 728 4604 ὲκ
754 4551 846 4605 τοῦ
877 4553 1009 4607 Θεοῦ
1027 4572 1040 4585 ο
1069 4556 1133 4608 δι’
1157 4553 1216 4610 οῦ
1248 4557 1314 4610 τὰ
1338 4559 1510 4613 πάντα
1537 4560 1746 4628 ἐγένετο
1765 4597 1780 4622 ,
1804 4559 1871 4612 τά

1975 4549 2084 4606 Deo
2111 4553 2349 4620 genitum
2390 4570 2402 4603 :
2433 4565 2526 4620 per
2557 4565 2718 4618 quem
2750 4549 2932 4604 omnia
2959 4548 3101 4604 facta
3130 4563 3256 4606 sunt
3291 4554 3525 4610 visibilia

389 4713 433 4744 "
471 4713 682 4770 Coloss.
710 4732 752 4781 ι,
786 4716 873 4769 15.

358 4848 498 4929 ,(87)
537 4849 661 4905 Παεο
689 4847 782 4904 καὶ
813 4851 871 4904 τὸ
892 4851 1220 4923 ὁμοιοούσιον
1241 4849 1436 4905 desunt
1470 4851 1610 4920 apud
1643 4850 1872 4922 Epipha.

322 4931 488 4972 mum.

389 4987 502 5062 (88)
539 4989 756 5062 Πατέρα
789 4991 939 5062 deest
971 4991 1023 5044 in
1050 4991 1228 5060 editis,
1255 4991 1348 5049 sed
1389 4988 1614 5044 habetur
1647 4990 1697 5045 in
1733 4991 1862 5062 Reg.

319 5052 512 5126 Epiph.
543 5052 752 5114 Socrat.
787 5068 841 5114 et
872 5061 1088 5128 Niceph.

411 5127 500 5198 S9)
545 5128 760 5198 Epiph.,
783 5128 872 5182 τὸν
901 5127 1027 5182 Υίὸν
1057 5132 1150 5184 τοῦ
1175 5129 1331 5186 Θεοῦ.

411 5135 479 5180 89
545 5135 760 5198 Epiph.,
783 5135 872 5182 τὸν
902 5135 1027 5182 Υίὸν
1057 5135 1150 5184 τοῦ
1175 5135 1331 5186 Θεοῦ.

407 5135 500 5265 90)
541 5195 749 5253 Socrat.
777 5207 828 5252 et
855 5200 1100 5268 Niceph.,
1147 5203 1277 5255 Θεὸν
1320 5200 1488 5266 Λόγον
1520 5201 1584 5252 ἐκ
1626 5199 1781 5254 Θεοῦ.
1810 5199 1867 5255 1η

317 5265 510 5339 iisdem
539 5268 700 5339 paulo
730 5279 853 5337 post
874 5265 1099 5339 δύναμιν
1127 5272 1296 5326 deest.

385 5335 498 5409 (91)
541 5335 773 5409 Sn_crat.,
823 5335 1118 5409 είληφέναι.
1175 5341 1294 5393 Mox
1341 5339 1534 5409 Epiph.
1569 5336 1777 5393 Socrat.
1815 5347 1869 5393 et

314 5397 569 5479 Niceph,
582 5397 871 5479 Παρθένου-
889 5397 1124 5479 Μαρίας.

385 5473 497 5544 (92)
538 5475 626 5546 Sic
654 5473 785 5545 Reg.
832 5473 1023 5546 Epipli.
1071 5477 1208 5532 Editi
1241 5493 1368 5532 vero
1417 5493 1540 5532 cum
1574 5477 1782 5531 Socrat.
1815 5488 1868 5531 et

316 5538 582 5618 Nic":qu
615 5538 791 5618 πάλιν.
811 5538 992 5618 faulo
1040 5559 1158 5616 post
1207 5547 1422 5617 Epiplt.,
1451 5546 1781 5616 Πιστεύομεν
1811 5546 1866 5618 δὲ

316 5612 517 5684 καλτᾼείς
543 5615 598 5664 ἓν
630 5616 780 5683 ἅγιον
810 5612 1047 5684 Πνεῦμα,

387 5681 496 5750 (95)
537 5681 751 5752 Epiph.,
784 5681 1038 5738 ἀνελθεῖν.
1072 5685 1191 5739 Mox
1229 5686 1384 5739 τοῦτο
1425 5687 1574 5742 deest
1605 5685 1655 5738 in
1686 5686 1862 5740 editis.

320 5747 433 5824 Sed
455 5747 683 5824 uallem—if
711 5755 762 5805 in
793 5752 921 5820 Reg.
955 5755 1139 5824 Epiph.
1178 5756 1385 5809 Socrat.
1418 5767 1468 5809 ct
1500 5757 1614 5809 Nic.

387 5819 495 5893 (9i)
537 5821 753 5891 Epiph...
786 5819 940 5874 τοῦτο
965 5819 1066 5893 6%,;-
1082 5826 1353 5878 mendose.
1393 5825 1510 5878 Mox
1556 5826 1762 5878 Sncral.
1810 5835 1864 5878 et

627 5920 900 5979 Ῥη-εισι..
945 5923 1062 5981 Cn.
1109 5921 1310 5979 XXVI

1967 4841 2438 4922 Nionﬁnotpfouj
2465 4845 2600 4922 εἶναι
2623 4847 2722 4919 τῆς
2750 4847 3036 4922 καθολικῆς
3077 4848 3414 4921 Ἐκκλησίας.

2039 4919 2152 4990 (95)
2192 4917 2353 4990 Addit
2395 4917 2611 4990 Epiph.,
2636 4917 2716 4990 τῇ
2748 4921 2945 4976 πίστει.
2975 4917 3103 4985 Quae
3136 4917 3523 4988 mox'sequun-

1967 4989 2056 5043 tur
2086 4989 2138 5041 in
2166 4990 2292 5042 edit.
2326 4989 2522 5060 Paris.,
2544 4989 2705 5042 Ταῦθ’
2734 4993 2780 5042 οί
2806 4991 2929 5060 περὶ
2952 4990 3227 5051 Εὑσέϐιον,
3253 4991 3430 5044 addita
3454 4993 3522 5046 de

1968 5073 2140 5128 more.
2172 5059 2551 5128 expunximus.
2579 5061 2705 5128 quia
2739 5061 2790 5112 in
2815 5059 2960 5114 nullo
2986 5060 3252 5112 habentur
3275 5060 3397 5114 cod.
3419 5075 3520 5115 nec

1969 5129 2023 5182 in
2053 5127 2180 5182 edit.
2209 5127 2474 5181 Commel.
2511 5126 2643 5193 Quin
2677 5140 2977 5195 sequuntur
3017 5143 3180 5196 porro
3228 5144 3401 5196 usque
3448 5129 3519 5184 ad

1968 5213 2118 5251 num.
2150 5198 2219 5251 5:2
2252 5197 2458 5266 aliquot
2509 5206 2632 5266 post
2681 5199 2860 5266 datam
2908 5196 3188 5266 epistolam
3222 5199 3377 5252 annis
3411 5199 3519 5253 huc

1966 5267 2172 5334 adjecta
2207 5265 2372 5320 fuisse
2396 5265 2633 5320 diximus
2665 5267 2717 5319 in
2754 5265 2977 5319 Monito.

2037 5337 2146 5406 (96)
2191 5337 2404 5406 Decima
2433 5335 2663 5389 formula
2688 5335 2891 5406 sctjpta
2938 5350 3081 5406 anno
3106 5334 3228 5406 560.
3261 5335 3363 5401 Qui
3393 5337 3520 5390 titu-

1966 5407 2050 5460 lus
2083 5403 2137 5458 in
2162 5407 2287 5459 edit.
2316 5404 2485 5457 Paris.
2507 5406 2714 5473 legitur,
2738 5403 2926 5473 Ἑτέρα
2951 5405 3048 5474 τῆς
3076 5403 3304 5468 πίστεως
3333 5407 3520 5474 ὁμολοε

1965 5476 2079 5543 γία,
2112 5491 2142 5529 a
2175 5475 2574 5529 Parisiensibus
2613 5474 2678 5527 de
2715 5489 2860 5543 inore
2913 5474 3125 5543 additus
3175 5477 3377 5542 absque
3412 5478 3517 5531 ulla

1966 5540 2301 5605 auctm-itale,
2327 5544 2559 5596 omissus
2591 5558 2617 5594 a
2657 5542 2808 5593 nubis
2850 5553 2948 5594 est.
2985 5540 3352 5597 Theodorctns
3381 5545 3518 5600 hanc

1965 5617 2116 5710 pll'ert
2148 5616 2238 5667 lib.
2277 5631 2341 5710 εὶ,
2365 5627 2481 5678 cap.
2509 5611 2571 5662 21
2598 5629 2612 5676 ;
2636 5611 2864 5674 Socrat.,
2896 5612 2987 5664 lib.
3018 5628 3078 5678 ιι,
3113 5613 3516 5683 cap.'51;Nic.,

1965 5684 2435 5812 libihgoforf‘eic
2463 5749 2556 5802 ἕνα
2584 5751 2675 5801 καὶ
2701 5749 2866 5869 ἑιόνον
2897 5749 3143 5818 ἀληθινὸν
3169 5725 3319 5806 Θεόν.
3361 5751 3515 5809 Socr.

1965 5834 2016 5869 et
2044 5821 2184 5869 Nir.-
2219 5823 2294 5869 ei:
2323 5819 2415 5869 ’ένα
2446 5819 2602 5869 μόνον
2629 5818 2696 5869 Θε
2731 5837 2777 5869 ν.

1965 5834 2016 5876 et
2044 5821 2184 5886 Νίκη
2219 5823 2294 5880 εἰς
2323 5819 2415 5869 ’ένα
2446 5819 2602 5885 μόνον
2629 5818 2777 5871 Θεόν.

3104 5913 3181 5971 2h
