3966 6226
455 407 553 462 74⁵1

1019 403 1078 458 S.
1118 398 1490 456 ATHANASII
1528 398 1679 453 OPP.
1720 397 1901 453 PARS
1940 395 1981 450 I.
2023 425 2093 436 ——
2133 390 2500 448 HISTORICA
2541 388 2627 442 ET
2668 387 3082 443 DOGMATICA.

3559 391 3659 446 7.13

453 541 507 583 et
532 525 840 591 invisibilia,
887 540 1122 595 eumque
1163 522 1533 593 Unigenitum,
1562 520 1737 575 solum
1772 534 1836 572 ex
1881 518 1998 573 solo

2120 513 2267 587 μρατὰ
2286 512 2380 565 καὶ
2418 510 2486 563 τά
2520 510 2754 579 ἀόρατα,
2788 505 3111 577 γεννηθέντα
3140 505 3248 576 (97)
3282 506 3338 559 δὲ
3364 507 3659 575 Μονογενῆ,

454 617 831 684 Patre,-Deum
861 632 923 671 ex
953 617 1078 680 Deo,
1116 615 1348 671 similem
1382 612 1560 667 Patris
1588 612 1680 680 qui
1711 626 1769 666 se
1795 611 2003 681 genuit,

456 707 753 763 secundum
800 703 1109 772 Scripturas
1147 721 1162 768 ;
1198 702 1355 770 cujus
1395 701 1794 770 generationem
1845 713 2006 753 nemo

456 797 606 850 novit
633 793 736 848 nisi
768 792 916 847 solus
941 790 1099 844 Pater
1123 789 1217 857 qui
1241 788 1424 856 genuit
1450 800 1596 839 eum.
1618 783 1775 838 Hunc
1801 783 2006 838 scimus

461 883 940 955 Unigcnitum'Dei
989 879 1183 934 Filium
1232 879 1478 931 mittente
1527 874 1685 929 Patre
1736 889 1800 927 ex
1854 872 2007 927 coalis

459 978 764 1043 advenisse,
808 974 952 1029 sicut
986 972 1247 1040 scriptum
1299 979 1401 1033 est,
1466 968 1532 1021 ad
1585 964 2006 1021 destructionem

456 1063 968 1137 peceatuetmortis;
987 1070 1040 1117 et
1066 1060 1225 1131 597
1245 1074 1309 1113 ex
1323 1057 1521 1128 Spiritu
1538 1066 1724 1111 sancto
1737 1063 1919 1108 natum
1942 1052 2010 1106 de

457 1155 624 1210 Maria
656 1153 877 1224 Virgine
908 1150 1203 1207 secundum
1240 1160 1480 1211 carnem,
1507 1153 1567 1199 ut
1597 1145 1855 1212 scriptum
1884 1149 1965 1196 est
1986 1158 2003 1193 ι

459 1264 583 1303 cum
617 1245 899 1314 discipulis
953 1247 1330 1297 conversatum
1352 1279 1367 1303 ,
1407 1247 1461 1290 et
1493 1235 1745 1290 universa
1793 1232 2009 1301 dispen-

460 1339 669 1394 satione
692 1336 988 1392 sccundum
1014 1333 1340 1388 voluntatem
1366 1328 1542 1382 Patris
1569 1326 1808 1393 impleta,
1837 1322 2009 1376 cruci-

462 1434 648 1494 lixum,
702 1436 974 1482 mortuum
1023 1439 1088 1480 ac
1126 1422 1393 1493 sepultum
1436 1434 1577 1484 esse,
1617 1426 1672 1471 et
1703 1417 1768 1470 ad
1807 1412 2010 1469 inferos

380 1541 385 1547 ’
459 1519 838 1583 descendisse,
876 1532 1036 1586 quem
1071 1514 1187 1585 ipse
1242 1512 1485 1567 infernus
1534 1508 1868 1565 exhorruit:
1914 1505 2010 1573 qui

458 1612 620 1666 etiam
647 1610 802 1665 tertia
846 1609 934 1663 die
966 1605 1260 1661 resurrexit
1294 1618 1326 1657 a
1360 1601 1607 1667 mortuis,
1654 1609 1707 1653 et
1745 1613 1866 1653 cum
1898 1596 2011 1650 dis-

458 1702 651 1771 cipulis
695 1709 945 1755 versatus
972 1706 1099 1752 est:
1136 1705 1190 1751 ct
1232 1694 1465 1763 impletis
1493 1690 1847 1762 quadraginta
1897 1687 2011 1741 die-

460 1794 561 1848 bus
585 1799 894 1860 assumptus
920 1799 1003 1844 est
1039 1788 1093 1841 in
1122 1787 1287 1841 caelos
1312 1825 1327 1850 ,
1358 1794 1411 1839 et
1439 1784 1589 1839 sedet
1617 1782 1683 1835 ad
1725 1781 2005 1835 dexteram

2109 606 2267 676 μόνον
2297 605 2360 656 ὲκ
2390 601 2548 672 μόνου
2576 599 2670 652 τοῦ
2691 598 2925 669 Πατρός,
2954 597 3084 650 Θεόν
3109 599 3170 650 ἐκ
3193 597 3348 663 Θεοῦ,
3379 598 3559 667 ὅμοιον
3583 598 3659 669 τῷ

2105 694 2417 764 γεννήσαντι
2462 691 2622 744 αὐτόν
2672 689 2846 760 Πατρὶ
2889 687 3028 742 κατά
3059 687 3156 751 τὰς
3186 689 3403 760 Γραφάς
3423 707 3435 719 ·
3469 682 3530 742 οὗ
3561 691 3660 760 τὴν

2106 786 2314 854 γένεσιν
2346 782 2455 852 (98)
2483 781 2656 844 οὐδεὶς
2689 779 2943 848 γινώσκει
2978 780 3023 831 εί
3057 778 3135 850 μὴ
3166 778 3323 849 μόνος
3344 781 3372 832 ὁ
3396 780 3661 850 γεννήσας

2107 877 2264 931 αὐτόν
2301 876 2506 945 Πατήρ.
2543 872 2736 925 Τοῦτον
2784 871 3003 942 οἴδαμεν
3053 874 3310 940 μονογενῆ
3343 869 3477 923 Θεοῦ
3511 871 3659 932 Υίόν,

2107 969 2412 1039 πέμποντος
2441 964 2534 1019 τοῦ
2570 963 2799 1034 Πατρός,
2830 960 3299 1034 παραγεγενῆσθαι
3334 961 3443 1028 (99)
3469 961 3533 1013 ὲκ
3558 960 3663 1013 τῶν

2107 1058 2348 1131 οὐρανῶν
2367 1099 2382 1125 ,
2423 1058 2498 1120 ὼς
2528 1056 2835 1127 γέγραπται
2860 1093 2876 1117 ,
2912 1055 3004 1107 ἐπὶ
3036 1052 3325 1106 καταλύσει
3350 1052 3451 1122 τῆς
3484 1053 3660 1123 ἁμαρ-

2107 1153 2227 1214 τίας
2260 1150 2350 1203 καὶ
2381 1147 2474 1202 τοῦ
2506 1148 2756 1210 θανάτου,
2790 1146 2883 1198 κα).
2915 1144 3235 1215 γεννηθέντα
3263 1144 3327 1199 ἐκ
3353 1141 3661 1212 Πνεύματος

2108 1241 2262 1310 ἁγίου
2286 1281 2300 1304 ,
2328 1241 2392 1292 ὲκ
2416 1238 2633 1310 Μαρίας
2662 1238 2736 1308 (l)
2774 1240 2872 1307 τῆς
2904 1235 3175 1307 Παρθένου
3207 1235 3269 1286 τό
3302 1233 3440 1288 κατὰ
3466 1234 3661 1304 σάρκα,

2108 1334 2183 1396 ὡς
2205 1332 2531 1403 γέγραπται,
2551 1330 2643 1383 καὶ
2665 1326 3075 1400 ἀναστραφέντα
3105 1326 3241 1397 μετά
3259 1325 3363 1378 τῶν
3390 1323 3660 1395 μαθητῶν,

2109 1425 2203 1477 καὶ
2233 1425 2409 1495 πάσης
2432 1423 2530 1492 τῆς
2547 1420 2852 1490 οἰκονομίας
2876 1417 3246 1490 πληρωθείσης
3274 1417 3414 1470 κατά
3441 1416 3537 1486 τὴν
3564 1432 3663 1469 πα-

2108 1515 2299 1586 τρικὴν
2335 1514 2605 1585 βούλησιν,
2640 1511 3032 1583 σταυρωθέντα,
3068 1510 3161 1563 κα)⁵
3182 1507 3514 1562 ἀποθανόντα
3532 1546 3547 1570 ,
3572 1507 3664 1559 καὶ

2111 1607 2347 1676 ταφέντα
2366 1645 2379 1668 ,
2415 1606 2509 1659 καὶ
2556 1606 2635 1668 εἰς
2665 1605 2734 1657 τά
2758 1601 3084 1673 καταχθόνια
3105 1598 3511 1671 κατεληλυθότα
3553 1597 3658 1667 (2)·

2111 1700 2291 1752 ὅντινα
2333 1699 2426 1753 καὶ
2465 1696 2625 1760 αὐτός
2653 1700 2679 1750 ὁ
2708 1695 2842 1767 ᾅδης
2870 1693 3095 1763 ἔπτηξεν
3113 1709 3125 1722 ’
3170 1693 3315 1754 ὅστις
3346 1689 3440 1743 καὶ
3470 1688 3662 1758 ἀνέστη

2111 1789 2218 1844 ἀπό
2245 1789 2351 1842 τῶν
2382 1788 2588 1862 νεκρῶν
2613 1789 2677 1857 τῇ
2707 1786 2864 1859 τρίτῃ
2894 1784 3106 1858 ἡμέρᾳ,
3147 1782 3242 1836 καὶ
3264 1780 3500 1852 διέτριψε
3529 1780 3665 1850 μετὰ

460 1881 659 1946 Patris,
703 1888 961 1934 venturus
1003 1876 1196 1931 ultimo
1246 1872 1662 1929 resurrectionis
1691 1870 1777 1924 die
1811 1870 1867 1922 in
1914 1882 2011 1936 pa-

2120 1882 2219 1936 τῶν
2251 1880 2499 1951 μαθητῶν
2519 1896 2532 1909 ·
2566 1878 2658 1932 καὶ
2692 1874 3071 1948 πληρωθεισῶν
3102 1872 3500 1945 τεσσαράκοντα
3527 1874 3665 1942 ἡμε-

460 1984 611 2028 terna
644 1972 836 2042 gloria,
870 1978 928 2024 ut
968 1967 1153 2023 reddat
1180 1966 1474 2034 unicuique
1516 1962 1811 2019 secundum
1847 1973 2007 2029 opera

461 2078 580 2118 sua.
609 2060 675 2114 Et
715 2063 771 2114 in
808 2059 1065 2128 Spiritum
1117 2064 1383 2120 sanctum,
1420 2068 1579 2123 quem
1614 2053 1728 2122 ipse
1756 2047 2011 2119 Unigeni-

462 2162 546 2207 tus
576 2150 667 2203 Dei
698 2149 887 2212 Filius,
917 2148 1199 2214 Christus,
1232 2146 1492 2201 Dominus
1533 2151 1586 2199 et
1627 2142 1767 2196 Deus
1792 2148 2001 2199 noster,

462 2240 711 2310 promisit
736 2255 794 2294 se
819 2239 1110 2294 missurum
1157 2238 1340 2308 generi
1367 2237 1607 2291 humano
1634 2231 1971 2287 Paracletum
1991 2267 2007 2293 ,

461 2333 602 2387 sicut
633 2318 891 2400 scriptuni
945 2340 1028 2385 est
1053 2331 1138 2384 ἐς
1192 2328 1451 2399 Spiritum
1496 2325 1738 2382 veritatis
1770 2360 1786 2390 ,
1848 2337 2009 2393 quem

462 2422 595 2491 ipsis
623 2421 793 2488 misit,
828 2429 1116 2492 postquam
1174 2420 1508 2476 ascendisset
1547 2418 1602 2472 in
1642 2416 1864 2472 caelum.
1903 2413 2013 2468 No«

462 2526 583 2566 men
615 2520 794 2568 autem
829 2511 1166 2578 substantiae,
1197 2511 1346 2582 quod
1370 2509 1668 2580 simplicius
1698 2522 1730 2562 a
1752 2504 2007 2561 Patribus

460 2602 695 2671 positum
723 2611 826 2665 est,
868 2612 922 2656 et
969 2602 1209 2671 ignotum
1256 2602 1492 2674 populis,
1541 2601 1829 2658 oﬂ'ensioni
1881 2602 2012 2672 iuit,

463 2695 722 2762 quoniam
784 2694 840 2748 in
908 2693 1204 2765 Scripturis
1251 2709 1359 2748 non
1407 2695 1750 2758 continetur,
1812 2695 2016 2765 placuit

461 2786 718 2851 amoveri,
749 2801 848 2840 nec
866 2786 1029 2840 ullam
1056 2787 1277 2840 omnino
1303 2770 1555 2855 deinceps
1579 2787 1697 2855 ejus
1718 2788 1831 2841 ﬁeri
1860 2802 2014 2841 men-

462 2877 663 2931 tionem
686 2892 701 2939 ;
723 2876 1157 2946 quandoquidem
1183 2876 1379 2931 divinae
1407 2875 1702 2947 Scriptum
1742 2893 2013 2948 nusquam

463 2968 781 3022 substantia:
819 2967 993 3022 Patris
1025 2982 1090 3022 ac
1122 2966 1242 3021 Filii
1273 2968 1587 3022 meminere.
1634 2966 1745 3022 lmo
1775 2982 1876 3022 nec
1908 2969 2009 3039 hy-
2035 3033 2038 3037 λ

461 3058 698 3128 postasis
728 3059 795 3113 de
822 3057 980 3112 Patre
1011 3072 1064 3112 et
1109 3057 1246 3113 Filio
1272 3067 1327 3115 et
1362 3057 1567 3127 Spiritu
1607 3068 1795 3115 sancto
1841 3060 2019 3113 nomi-

463 3153 581 3206 nari
606 3152 783 3206 debet.
836 3150 1080 3205 Similem
1114 3158 1292 3205 autem
1342 3151 1575 3206 dicimus
1613 3150 1760 3204 Patri
1796 3148 2014 3216 Filium,

2120 1970 2256 2043 ρῶν,
2290 1968 2560 2039 ἀνελήφθη
2591 1969 2668 2030 εἰς
2691 1968 2814 2030 τοὺς
2846 1965 3136 2036 οὐρανοὺς,
3185 1964 3277 2017 καὶ
3302 1960 3583 2027 καθέζεται
3612 1964 3666 2014 ἐν

2114 2061 2261 2132 δεξιᾷ
2285 2060 2377 2113 τοῦ
2400 2059 2629 2130 Πατρός,
2655 2055 2998 2127 ὲλευσόμενος
3027 2056 3101 2126 (3)
3129 2056 3185 2107 ἐν
3215 2058 3280 2124 τῇ
3308 2054 3511 2126 ἐσχάτῃ
3533 2053 3666 2123 ὴμέ-

2118 2171 2187 2226 ρᾳ
2212 2154 2310 2224 τῆς
2334 2152 2678 2213 ἀναστάσεως
2709 2152 2766 2202 ὲν
2792 2151 2856 2219 τῇ
2890 2150 3124 2218 πατρικῇ
3166 2146 3322 2217 δόξῃ,
3368 2145 3454 2198 ἵνα
3488 2144 3668 2214 ἀποδῷ

2117 2246 2327 2315 ἑκάστῳ
2356 2242 2496 2297 κατά
2521 2241 2590 2295 τὰ
2621 2240 2754 2311 ἔργα
2779 2238 2972 2292 αὑτοῦ*
2998 2240 3092 2292 καὶ
3122 2239 3201 2301 είς
3223 2236 3283 2291 τό
3314 2236 3465 2306 ἁγιον
3498 2235 3670 2289 Πνεῦ-

2120 2354 2227 2407 μα,
2268 2336 2400 2407 ὅπερ
2439 2334 2599 2396 αὐτός
2633 2336 2661 2386 ὁ
2702 2331 2999 2402 μονογενὴς
3030 2328 3121 2383 τοῦ
3151 2326 3284 2382 Θεοῦ
3341 2328 3467 2392 Υἱός
3514 2328 3589 2399 (4)
3639 2330 3668 2382 ὁ

2117 2424 2365 2496 Χριστός,
2396 2426 2424 2476 ὁ
2450 2423 2649 2496 Κύριος
2681 2422 2773 2474 καὶ
2798 2420 2927 2481 Θεὸς
2947 2419 3132 2492 ἡμῶν,
3155 2420 3508 2491 ἐπηγγείλατο
3536 2421 3671 2491 πέμ-

2119 2534 2240 2569 πειν
2269 2513 2346 2586 τῷ
2376 2515 2521 2583 γένει
2552 2513 2659 2567 τῶν
2684 2511 2981 2585 ἀνθρώπων
3010 2506 3350 2583 παράκλητον
3369 2555 3384 2579 ,
3423 2512 3670 2584 καθάπερ

2118 2607 2452 2677 γέγραπται·
2503 2604 2574 2657 Τό
2615 2603 2835 2674 Πνεῦμα
2870 2603 2966 2675 τῆς
2993 2603 3275 2674 ἀληθείας,
3318 2604 3452 2676 ὅπερ
3495 2605 3671 2667 αὐτοῖς

2119 2697 2360 2770 ἔπεμψεν
2379 2740 2393 2764 ,
2440 2698 2527 2751 ὅτε
2559 2695 2786 2767 ἀνῆλθεν
2817 2695 2891 2765 (5)
2914 2697 2992 2759 είς
3015 2697 3140 2760 τοὺς
3164 2696 3440 2769 οὐρανούς.
3508 2698 3580 2751 Τό
3616 2697 3672 2750 δὲ

2119 2788 2289 2858 ὄνομα
2326 2792 2424 2861 τῆς
2473 2788 2658 2852 οὐσίας
2682 2829 2698 2852 ,
2753 2787 2888 2859 ὅπερ
2922 2786 3281 2859 ἁπλούστερον
3320 2788 3426 2841 ὑπό
3461 2788 3565 2842 τῶν
3598 2788 3670 2859 (6)

2121 2880 2267 2934 Πατέ
2275 2898 2381 2952 ρων
2409 2879 2590 2952 ἐτέθη,
2611 2880 2968 2951 ἀγνοούμενον
2988 2880 3045 2933 δὲ
3066 2883 3178 2945 τοῖς
3195 2881 3361 2945 λαοῖς,
3387 2881 3674 2935 σκάνδαλον

2122 2970 2302 3040 ἔφερε,
2326 2966 2454 3023 διότι
2478 2970 2611 3040 μηδὲ
2639 2972 2693 3022 αἱ
2714 2970 2925 3040 Γραψαὶ
2956 2970 3112 3023 τοῦτο
3138 2971 3495 3043 περιέχουσιν,
3516 2973 3675 3043 ἤρεσε

2124 3060 2531 3132 περιαιρεθῆναι
2551 3102 2567 3126 ,
2595 3063 2687 3114 καὶ
2718 3061 2988 3124 παντελῶς
3022 3061 3543 3134 μηδεμίαν-,μνήμην
3583 3062 3673 3116 τού

2122 3152 2308 3205 λοιποῦ
2329 3152 2589 3221 γίνεσθαι’
2614 3153 2909 3223 ἐπειδήπερ
2936 3154 3029 3205 καὶ
3055 3154 3108 3205 αἱ
3134 3152 3271 3207 θεῖαι
3297 3154 3506 3224 Γραφαὶ
3527 3155 3676 3208 οὖδα-

465 3254 529 3299 ut
575 3246 872 3315 loquuntur
906 3250 960 3298 et
1003 3244 1199 3297 docent
1237 3242 1435 3297 divinae
1464 3241 1777 3312 Scriptum.
1811 3215 2013 3296 Omnes

2124 3245 2238 3317 μῶς
2264 3215 2668 3315 ἐμνημόνευσαν
2691 3215 2815 3326 περ)
2841 3215 3022 3307 ούσίας
3043 3244 3254 3315 Πατρός
3283 3215 3375 3297 καὶ
3391 3215 3544 3300 Ἰξίοῦ.
3571 3246 3676 3299 Καὶ

463 3349 626 3405 porro
654 3337 905 3402 haereses,
925 3335 1037 3389 sive
1057 3333 1188 3389 olim
1217 3333 1485 3388 damnata:
1514 3332 1626 3387 sive
1648 3347 1837 3387 recens
1859 3341 2012 3396 ortae,

465 3442 587 3496 quae
636 3426 762 3482 huic
811 3442 841 3482 a
886 3426 1045 3482 nobis
1091 3424 1250 3481 editae
1294 3426 1577 3495 scriptura:
1621 3424 2014 3491 adversantur,

466 3519 754 3574 anathema
779 3527 960 3575 sunto.
997 3538 1015 3571 ι

2122 3336 2227 3408 γὰρ
2256 3335 2374 3389 οὐδὲ
2396 3334 2471 3403 (7)
2488 3333 2690 3403 ὀφείλει
2722 3333 3013 3397 ὑπόστασις
3039 3334 3166 3405 περὶ
3194 3335 3405 3406 Πατρός
3430 3337 3525 3390 καὶ
3550 3336 3675 3389 Υἱοῦ

2123 3427 2216 3481 καὶ
2244 3426 2396 3495 ἁγίου
2432 3424 2744 3495 Πνεύματος
2773 3424 3146 3494 ὀνομάζεσθαι.
3196 3426 3416 3496 Ὅμοιον
3443 3426 3498 3479 δὲ
3526 3426 3675 3496 λέγο-

2127 3536 2226 3590 μεν
2254 3517 2330 3587 τῷ
2360 3518 2533 3588 Harp).
2564 3509 2654 3569 τόν
2682 3515 2828 3579 Υίόν,
2860 3515 2935 3579 ὡς
2967 3515 3207 3585 λέγουσιν
3233 3518 3289 3570 αι
3310 3517 3447 3571 θεῖαι
3472 3519 3677 3591 Γραφαὶ

465 3610 561 3664 καὶ
586 3609 910 3664 διδάσκουσι.
937 3610 1113 3663 Πᾶσαι
1137 3610 1194 3663 δὲ
1217 3612 1272 3664 αἱ
1305 3610 1560 3682 αἱρέσεις,
1593 3611 1655 3664 αἴ
1678 3627 1737 3664 τε
1764 3610 1863 3683 ήδη
1891 3609 2152 3682 πρότερον
2189 3609 2602 3680 κατεκρίοησαν,
2622 3608 2716 3661 καὶ
2743 3607 2941 3671 αἵτινες
2958 3607 3051 3662 ἐὰν
3073 3609 3379 3681 καινότεραι
3399 3610 3674 3678 γένωνται,

466 3703 700 3758 ἐναντίαι
719 3704 1078 3775 τυγχάνουσαι
1098 3705 1195 3776 τῆς
1217 3704 1526 3776 ὲκτεθείσης
1550 3705 1750 3791 ταύτης
1777 3706 2013 3779 γραφῆς,
2048 3702 2295 3773 ἀνάθεμα
2321 3701 2562 3755 ἔστωσαν
2586 3700 2683 3772 (8).
2716 3719 2734 3753 ι

536 3803 625 3858 5|.
654 3801 759 3856 Sed
796 3817 862 3857 ne
891 3802 974 3858 his
1002 3802 1221 3872 quidem
1254 3812 1476 3867 stetere,
1522 3819 1649 3856 nam
1690 3802 2007 3858 Constanti-

468 3892 647 3962 nopoli
674 3891 1018 3947 Antiochiam
1059 3889 1305 3961 profecti,
1352 3900 1562 3946 mutata
1591 3891 1856 3946 sententia
1890 3906 2018 3959 qua,

468 3977 617 4045 iuxta
662 3990 847 4031 sacras
878 3974 1131 4036 Litteras,
1187 3974 1416 4029 similem
1462 3988 1583 4029 esse
1629 3972 1776 4028 Patri
1825 3971 2019 4026 Filium

469 4065 672 4134 scripto
706 4064 1080 4129 tradiderant,
1121 4064 1571 4133 concinnatisque
1600 4064 1670 4120 iis
1695 4078 1819 4133 quae
1854 4078 2017 4117 exco-

2183 3799 2272 3853 5i.
2310 3797 2385 3869 (9)
2432 3796 2570 3850 Ἀλλ’
2603 3795 2723 3849 οὐδὲ
2748 3795 2960 3858 τούτοις
2986 3794 3263 3866 ἐνέμειναν
3288 3813 3301 3826 ·
3338 3796 3676 3860 κατελθόντες

2123 3889 2231 3962 γὰρ
2277 3889 2384 3943 ἀπὸ
2424 3886 3036 3949 Κωνσταντινουπόλεως
3072 3887 3151 3949 είς
3198 3885 3293 3957 τὴν
3336 3887 3672 3958 Ἀντιόχειαν,

2129 3980 2490 4054 μετέγνωσαν,
2526 3978 2604 4031 ὅτι
2636 3976 2769 4041 ὅλως
2801 3975 3039 4047 ἔγραψαν
3067 3976 3247 4044 ὅμοιον
3275 3974 3353 4046 τῷ
3384 3976 3557 4048 Πατρὶ
3587 3977 3674 4032 τόν

2123 4073 2285 4134 Υἱόν,
2325 4070 2400 4134 ὡς
2430 4069 2677 4137 λέγουσιν
2711 4068 2765 4119 αἱ
2794 4066 3035 4138 Γραφαί·
3097 4067 3187 4119 καὶ
3235 4066 3513 4131 συνθέντες
3539 4068 3675 4141 ἅπερ

469 4155 726 4223 gitarant,
759 4169 949 4208 rursus
999 4155 1066 4210 ad
1114 4156 1351 4225 priorem
1397 4154 1602 4212 reversi
1646 4153 1965 4211 sententiam
2001 4191 2018 4215 ,
2054 4150 2098 4232 ξέ
2119 4162 2450 4232 ἐπενόησαν,
2476 4157 2706 4231 ἤρξαντο
2735 4156 2892 4211 πάλιν
2938 4154 3249 4226 ἀνατρέχειν
3276 4158 3356 4221 είς
3383 4156 3450 4210 τὰ
3491 4158 3677 4229 πρῶτα

469 4245 725 4299 dixerunt
747 4242 925 4299 Patris
967 4245 1189 4300 omnino
1213 4246 1554 4311 dissimilem,
1586 4254 1641 4300 et
1678 4246 1825 4299 nullo
1858 4244 2013 4298 modo

2122 4226 2364 4315 ἑαυτῶν,
2398 4226 2706 4319 καὶ-’λέγειν
2724 4290 2740 4317 ,
2782 4250 2863 4302 ὅτι
2906 4246 3180 4312 παντελῶς
3206 4248 3451 4319 ἀνόμοιός
3481 4226 3625 4303 ἐστιν
3649 4252 3676 4303 ό

472 4332 705 4388 similem
737 4347 861 4388 esse
886 4332 1064 4389 Patris
1090 4333 1315 4400 Filium,
1349 4344 1403 4388 et
1425 4345 1704 4404 tantopere
1731 4350 1761 4388 a
1788 4333 2013 4402 pristina

2121 4344 2247 4408 Υἱός
2274 4342 2352 4414 τῷ
2381 4342 2582 4412 Πατρὶ,
2630 4341 2722 4394 καὶ
2752 4340 2871 4393 κατ’
2902 4339 3093 4393 οὐδένα
3123 4339 3285 4393 τόπον
3324 4340 3503 4411 ὅμοιός
3535 4343 3677 4394 ἐστιν

471 4432 649 4479 mente
673 4424 888 4479 deducti
931 4435 1077 4493 sunt,
1115 4433 1172 4481 ut
1215 4424 1281 4481 iis
1307 4425 1398 4496 qui
1428 4427 1669 4495 apertius
1703 4425 1907 4477 Ariana
1937 4423 2013 4478 lo-

2125 4434 2154 4486 ὁ
2180 4433 2306 4498 Υἱός
2337 4431 2413 4503 τῷ
2438 4430 2630 4501 Πατρὶ,
2664 4428 2912 4483 τοσοῦτον
2942 4428 3292 4499 μετεϐάλοντο
3322 4431 3451 4501 (10),
3481 4431 3557 4494 ὡς
3588 4431 3677 4484 καὶ

543 4581 588 4613 ⁸⁸
622 4580 784 4639 Joan.
814 4598 925 4647 xw,
964 4579 1051 4637 l5.

543 4714 652 4786 (97)
692 4713 985 4786 Theodon,
1009 4717 1388 4785 γεγεννηκότα.

542 4778 650 4857 (93)
690 4785 956 4857 Theodor.
990 4778 1143 4841 Socr.
1167 4778 1307 4850 sic,
1334 4786 1602 4856 γέννησιν.
1632 4780 1764 4838 ibid.
1792 4778 2021 4849 Theod.,

472 4852 657 4920 οὐδεὶς,
673 4852 833 4909 οἶδεν.

541 4926 650 4996 (99)
693 4928 902 4997 Socrat.
938 4937 990 4997 et
1034 4923 1175 4997 Νῆα,
1218 4921 1639 4997 παραγενέσθαι,
1687 4933 1832 4997 post)
1861 4936 2024 4997 quam

468 4993 929 5065 woeemgsequitur
955 4995 1010 5065 in
1037 4996 1194 5065 editis
1231 4993 1409 5065 abjdv,
1441 5009 1598 5049 secus
1628 4993 1894 5065 iiichio,
1921 4994 2024 5046 So—

470 5074 605 5119 crat.
638 5062 842 5121 Theod.
877 5072 931 5134 et
968 5062 1082 5118 Nic.
1122 5063 1245 5118 Mox
1272 5062 1566 5127 Theodon,
1594 5065 1674 5128 είς
1709 5062 2024 5134 καθαίρεσιν

469 5135 739 5206 ἁμαρτίας
765 5137 860 5188 καὶ
888 5132 1135 5206 θανάτου.

543 5201 869 5275 (l'LSocrat.
900 5202 1121 5275 Nireph.
1144 5201 1434 5275 Theodor.,
1462 5203 1570 5275 ut
1588 5204 1824 5275 Μαρίας.
1860 5202 2024 5256 Paulo

473 5285 590 5339 post
616 5273 845 5346 Theod.,
863 5273 1506 5346 xulouvgvaarpatpéwa.
1532 5273 1628 5346 llic
1646 5273 1699 5326 et
1722 5276 1773 5346 in
1796 5283 2026 5341 sequen-

471 5346 614 5396 tibus
630 5345 853 5397 multum
875 5343 1044 5396 variat
1064 5343 1454 5407 'l‘heoduretus,
1480 5343 1654 5397 verbis
1681 5344 1884 5407 solum,
1913 5356 2024 5397 non

472 5414 765 5482 sententia,
797 5426 854 5468 nt
882 5414 1075 5482 cuique
1100 5413 1297 5482 Veienti
1332 5414 1511 5482 videre
1537 5420 1637 5465 est.

542 5480 617 5549 (2)
650 5480 867 5554 Hegius,
892 5478 1328 5554 κατεληλυθέναι.
1350 5481 1652 5554 Paulo_pos_t
1679 5479 1901 5554 Regius,
1924 5478 2024 5533 So-

474 5560 607 5629 crat.
659 5549 903 5621 Niceph"
937 5551 1044 5606 ἀπό
1080 5549 1191 5606 τῶν
1233 5550 1457 5623 νεκρῶν.
1505 5549 1669 5616 Editi,
1694 5549 1781 5604 ἑκ’
1802 5550 1909 5604 τῶν
1941 5565 2026 5601 νε·

475 5634 642 5682 κρων.

543 5687 620 5756 (5)
646 5688 748 5758 Sic
780 5687 1000 5758 Regius,
1030 5686 1237 5744 Socrat.
1277 5699 1331 5745 et
1375 5686 1662 5758 Nicephor.
1705 5688 1844 5743 Editi
1875 5702 2023 5756 vero,

473 5754 1022 5826 δλεύσάμενος.’1ηίηι
1064 5759 1274 5813 Socrat.
1311 5768 1362 5812 et
1385 5754 1629 5827 Met-plu,
1661 5758 1933 5832 ἀποδὼσῃ.

2200 4716 2271 4791 (4)
2313 4713 2618 4792 Υἱόςνιίυρβι
2646 4720 2711 4792 in_
2724 4710 2931 4774 Socrat..
2955 4714 3059 4792 et;
3085 4720 3313 4792 Χριστός
3337 4720 3387 4772 in
3422 4717 3639 4788 Niccph.

2199 4788 2275 4861 (5)
2325 4789 2645 4861 ξΑνελήφθη,
2682 4788 2891 4861 Socrat.
2925 4800 2977 4845 ct
3008 4788 3228 4861 Niceph.

2168 4855 2275 4944 .(6)
2317 4858 2406 4914 Sic
2438 4855 2658 4930 Regius,
2687 4860 2895 4914 Socrat.
2943 4866 2996 4915 et
3046 4855 3316 4915 Theodor.
3364 4855 3526 4923 Editi,
3573 4857 3673 4910 ἀπό

2127 4948 2254 4985 των.

2200 5000 2276 5071 (7)
2316 4998 2535 5071 Socrat.
2560 5008 2615 5054 et
2654 4994 2902 5071 Nicephu
2936 4998 3055 5071 ούκ.
3087 4996 3205 5071 Hie_
3233 4998 3459 5071 multum
3504 4996 3676 5071 variat

2130 5065 2421 5134 Theodon,
2456 5069 2608 5138 Μήτε
2638 5068 2740 5138 μὴν
2769 5065 2876 5121 δεῖν
2907 5069 2997 5120 ἐπὶ
3036 5066 3321 5138 προσώπου
3350 5066 3560 5136 Πατρός
3579 5065 3677 5138 ικαὶ

2130 5139 2259 5191 Υίοῢ
2288 5139 2380 5191 καὶ
2406 5135 2568 5208 ἁγίου
2587 5135 2896 5208 Πνεύματος
2928 5138 3055 5208 μίαν
3083 5135 3390 5190 ύπόστασιν
3430 5135 3678 5206 ὀνομάζει

2131 5209 2501 5277 σθαι.”ομοιον
2530 5207 2586 5277 δὲ
2611 5206 2859 5277 λέγομεν.

2199 5279 2274 5349 (8)
2288 5273 2367 5349 ﬁlii
2402 5277 2528 5349 edit.
2553 5273 2724 5349 Paris.
2744 5273 2826 5330 ’de
2859 5289 3007 5349 more
3045 5275 3285 5349 additum
3316 5274 3417 5328 fuit
3449 5273 3610 5349 Ταῦθ’
3632 5273 3679 5324 οἱ

2130 5337 2775 5418 ιπερῖΕὐσέϐιονηιιιιιιεΔ
2791 5346 3006 5418 quidem
3052 5345 3375 5418 auctoritate
3408 5363 3422 5399 :
3451 5344 3680 5418 idegque

2129 5410 2401 5484 oniissum
2431 5425 2532 5469 est.
2573 5413 2693 5484 Mox
2740 5410 2939 5484 Regius
2967 5424 3019 5468 et
3049 5413 3235 5484 Basil.,
3264 5413 3491 5477 τούτοις.
3543 5410 3678 5484 1·ξῶιὶ

2130 5486 2291 5546 male,
2312 5480 2550 5545 τούτους.
2580 5483 2710 5552 Qua:
2738 5480 3038 5552 seq'uuntur
3061 5482 3382 5538 conferenda
3412 5498 3533 5538 cum
3555 5481 3679 5541 Eui-

2129 5555 2265 5624 stola
2297 5554 2362 5624 ῥίς
2385 5553 2614 5624 decretis
2643 5551 2871 5624 Nicaanae
2895 5553 3106 5624 synodi.

2201 5620 2609 5695 (9)_Undecima
2641 5622 2760 5676 ﬁdei
2786 5620 3014 5695 formula
3041 5637 3185 5695 anno
3206 5621 3328 5695 36L

2202 5687 2314 5772 (ιο)
2355 5689 2443 5743 Sic
2461 5704 2667 5772 'omnes
2701 5692 3052 5772 manuscripti
3083 5703 3138 5746 et
3168 5692 3295 5747 edit.
3327 5687 3681 5745 Commelian.

2131 5756 2271 5816 Edit.
2295 5756 2429 5815 vero
2461 5756 2656 5825 Paris,
2690 5756 3086 5830 μετεϐάλλοντο.
