3966 6226
247 423 346 478 τιιθ

1640 421 1724 474 DE
1767 416 2071 473 SYNODIS.

3365 417 3470 477 ’730

245 541 364 602 τοὺς
411 537 478 591 τὰ
525 539 732 610 Ἀρείου
768 540 1095 612 γυμνότερον
1127 541 1378 608 λέγοντας
1407 539 1810 610 προσδέχεσθαι,

1917 545 2214 606 querentur
2266 534 2522 590 admissis
2546 575 2562 601 ,
2604 534 2874 592 Ecclesias
2903 535 3066 590 etiam
3106 535 3238 606 ipsis
3289 537 3473 592 trades

245 632 448 694 καὶτὰς
479 630 796 699 Ἐκκλησίας
816 633 994 696 αὐτοῖς
1018 632 1383 702 παραδιδόναι,
1408 632 1494 684 ἵνα
1521 632 1605 685 ἐπ’
1630 631 1812 694 ἀδείας

243 723 310 778 τὰ
329 722 430 792 τῆς
465 721 810 794 βλασφημίας
843 724 1190 794 προσφέρωσι
1230 722 1362 794 (ll).
1417 724 1515 776 Δια
1552 723 1681 792 γοῦν
1713 723 1810 794 τὴν

247 815 439 886 πολλὴν
459 817 729 869 ἀναίδειαν
747 817 847 886 τῆς
868 817 1211 888 βλασφημίας
1225 818 1402 871 αὐτῶν
1418 819 1678 888 Ἀνόμοιοι
1703 835 1810 872 πα-

251 908 312 978 ρὰ
335 911 500 961 πᾶσιν
529 908 852 980 ἐκλήθησαν,
873 908 1085 978 ἔχοντες
1105 910 1198 962 καὶ
1231 909 1324 980 τὴν
1356 909 1688 975 ἐξουκόντιον
1722 910 1812 962 ἐπ-

244 1000 508 1070 ωνυμίαν,
553 1002 645 1054 καὶ
677 1001 767 1052 τὸν
805 1001 1076 1072 αἱρετικὸν
1108 1002 1476 1055 Κωνστάντιον
1507 1002 1812 1072 προστάτην

245 1093 340 1162 τῆς
370 1093 623 1156 ἀσεϐείας
648 1093 824 1146 αὐτῶν
842 1111 854 1124 ·
902 1094 959 1157 ὃς
979 1134 992 1158 ,
1035 1093 1194 1166 μέχρι
1219 1095 1405 1157 τέλους
1445 1093 1726 1164 διαμείνας
1754 1095 1811 1148 ἐν

246 1183 486 1256 ἀσεϐείᾳ,
516 1185 608 1238 καὶ
638 1185 820 1239 λοιπὸν
848 1186 1224 1256 ἀποθνήσκων,
1259 1186 1401 1250 ἔδοξε
1436 1185 1808 1255 βαπτίζεσθαι,

246 1276 300 1326 οὐ
335 1275 484 1348 παρὰ
512 1277 748 1329 εὐσεϐῶν
783 1277 1012 1349 ἀνδρῶν,
1037 1277 1168 1332 ἀλλὰ
1198 1279 1302 1332 ὑπὸ
1324 1278 1432 1348 (12)
1453 1279 1690 1343 Εὺζωῖου
1717 1279 1810 1332 τοῦ

247 1366 328 1420 διὰ
354 1367 450 1436 τὴν
495 1369 773 1438 Ἀρειανὴν
815 1371 1023 1439 αἵρεσιν
1061 1371 1156 1440 οὐχ
1187 1369 1332 1433 ἆπαξ
1355 1411 1368 1433 ,
1412 1371 1546 1424 ἀλλά
1577 1372 1669 1424 καὶ
1700 1372 1810 1442 (15)

251 1461 498 1524 πολλάκις
523 1461 957 1532 καθαιρεθέντος,
989 1465 1082 1516 καὶ
1111 1463 1200 1516 ὅτε
1221 1462 1465 1526 διάκονος
1488 1459 1577 1534 ἦν,
1605 1465 1699 1516 καὶ
1722 1467 1810 1518 ὅτε

249 1553 301 1604 ὲν
345 1553 641 1624 Ἀντιοχείᾳ
675 1553 964 1624 ἐκαθέσοη.

313 1647 398 1700 52.
433 1648 580 1710 Τέως
613 1647 710 1718 μὲν
734 1643 825 1700 οὖν
861 1649 986 1720 ἄχρι
1011 1648 1199 1702 τούτου
1234 1649 1552 1719 φθάσαντες,
1577 1650 1812 1723 ἔστησαν

249 1737 335 1790 καὶ
362 1738 737 1810 καθῃρέθησαν
761 1740 808 1791 οἱ
839 1740 1241 1812 προειρημένοι.
1284 1742 1442 1795 ’Λλλά
1471 1742 1590 1795 οὐδὲ
1621 1741 1809 1806 οὕτως,

249 1823 302 1881 εὖ
335 1823 448 1880 οἶδα
473 1831 553 1881 ὅτι
591 1831 872 1900 στήσονται
907 1832 1019 1884 ὅσοι
1054 1834 1145 1885 καὶ
1185 1833 1280 1886 νῦν
1316 1833 1695 1904 ὑπεκρίναντο,
1727 1833 1812 1886 ἀεὶ

249 1919 300 1972 δέ
331 1920 613 1983 συστάσεις
659 1923 941 1992 ποιήσουσι
985 1923 1128 1976 κατὰ
1158 1925 1254 1994 τῆς
1286 1924 1541 1994 ἀληθείας
1561 1963 1574 1987 ,
1601 1924 1704 1988 ἕως
1745 1927 1810 1978 ἂν

251 2012 322 2072 εἰς
355 2010 578 2074 ἑαυτοὺς
612 2010 853 2074 ἐλθόντες
882 2011 1076 2066 εἴπωσι
1101 2015 1195 2067 καὶ
1216 2009 1358 2068 οὗτοι
1379 2030 1392 2044 ·
1459 2014 1812 2079 Ἀναστάντες

251 2103 634 2174 πορευσώμεθα
662 2105 769 2176 (Η)
806 2107 940 2178 πρὸς
973 2109 1098 2170 τοὺς
1132 2107 1380 2179 Πατέρας
1422 2106 1628 2160 ἑαυτῶν
1649 2146 1662 2169 ,
1720 2109 1812 2161 καὶ

249 2191 469 2264 ἐροῦμεν
500 2196 680 2258 αὐτοῖς
699 2212 712 2226 ·
753 2196 1242 2268 Ἀναθεματίζομεν
1267 2197 1365 2268 μὲν
1393 2197 1490 2266 τὴν
1531 2195 1810 2268 Ἀρειανὴν

248 2286 450 2356 αἰρεσιν
469 2325 484 2349 ,
532 2285 965 2359 ἐπιγινώσκομεν
992 2289 1049 2341 δέ
1079 2288 1176 2359 τὴν
1208 2290 1265 2342 ἐν
1308 2289 1512 2358 Νικαία
1560 2287 1808 2342 σύνοδονο

249 2375 377 2445 πρὸς
405 2376 610 2446 ταύτην
643 2377 749 2448 γὰρ
777 2377 956 2448 ἔχουσι
983 2379 1078 2450 τὴν
1122 2379 1256 2452 ἔριν.
1277 2377 1406 2448 ⁵Τίς
1443 2374 1536 2431 οὖν
1564 2378 1644 2432 ἔτι
1663 2417 1679 2442 ,
1709 2378 1812 2432 κᾶν

246 2465 422 2535 ὀλίγην
451 2466 701 2537 αἴσθησιν
735 2467 891 2539 ἔχων,
927 2468 1173 2533 ἀνέξεται
1206 2467 1444 2534 τούτων;
1474 2468 1570 2532 Τίς
1601 2467 1811 2538 βλέπων

249 2553 361 2607 καθ’
404 2557 641 2626 ἑκάστην
694 2557 907 2610 σύνοδον
945 2558 1014 2611 τὰ
1057 2559 1152 2630 μὲν
1197 2558 1603 2630 ἀφαιρούμενα,
1647 2558 1714 2612 τὰ
1754 2558 1810 2610 δὲ

248 2647 658 2717 προστιθέμενα,
682 2650 742 2702 οὐ
768 2652 966 2721 συνορᾷ
978 2650 1198 2714 τούτους
1217 2649 1454 2704 ὕποπτον
1471 2651 1563 2703 καὶ
1580 2650 1811 2703 ὓπουλον

246 2737 457 2808 ἔχοντας
490 2740 600 2811 (15)
631 2739 770 2793 κατὰ
802 2741 1033 2812 Χριστοῦ
1077 2742 1174 2812 τὴν
1204 2741 1472 2807 διάνοιαν;
1519 2741 1644 2806 Τίς,
1671 2741 1812 2812 ὁρῶν

246 2831 435 2894 αὐτοὺς
473 2832 560 2885 διά
608 2833 832 2904 μακρῶν
870 2833 1208 2896 ἐκτείνοντας
1245 2833 1451 2885 ἑαυτῶν
1485 2835 1582 2904 τήν
1623 2851 1680 2888 τε
1711 2835 1810 2906 τῆς

245 2922 476 2988 πίστεως
513 2924 759 2979 σύνθεσιν
789 2927 883 2979 καὶ
911 2925 1008 2996 τὴν
1036 2925 1348 2995 ἀπολογίαν,
1385 2927 1512 2997 περὶ
1536 2921 1610 2981 ὧν
1643 2931 1810 2996 ἐγκα-

243 3015 456 3070 λοῦνται
477 3058 490 3082 ,
520 3019 617 3087 οὺχ
645 3019 747 3090 ὁρᾷ
789 3017 1010 3082 τούτους
1043 3017 1550 3086 καταγινώσκοντας
1581 3021 1808 3086 ἐαυτῶν,

245 3109 332 3160 καὶ
361 3109 534 3162 πολλὰ
565 3110 874 3180 γράφοντας
905 3110 1153 3182 ἐπίτηδες
1173 3151 1186 3175 ,
1223 3112 1310 3163 ἵνα
1355 3110 1545 3177 δόξωσι
1591 3111 1677 3165 διά
1712 3113 1811 3183 τῆς

242 3202 470 3273 ἀκαίρου
521 3204 826 3274 φιλοτιμίας
849 3241 864 3266 ,
896 3205 988 3256 καὶ
1035 3205 1132 3274 τῆς
1167 3203 1434 3273 τοσαύτης
1466 3203 1808 3274 πολυλογίας,

242 3293 580 3367 ὑφαρπάζειν
612 3297 737 3358 τοὺς
782 3295 1072 3368 ἀκεραίους
1095 3337 1110 3362 ,
1151 3295 1237 3348 κα)
1267 3295 1546 3349 λανθάνειν
1575 3293 1675 3350 οἷοι
1713 3298 1811 3367 τὴν

241 3384 446 3455 αἵρεσιν
502 3385 857 3455 τυγχάνουσιν
900 3386 1078 3450 ὄντες
1120 3385 1258 3438 Ἀλλ’
1283 3385 1470 3458 ὥσπερ
1499 3389 1548 3441 οἱ
1587 3388 1810 3453 ἐθνικοὶ,

239 3475 310 3539 ὡς
331 3469 500 3530 εἶπεν
521 3477 550 3528 ὁ
574 3477 794 3546 Κύριος,
829 3477 1274 3547 βαττολογοῦντες
1299 3480 1356 3531 ἐν
1375 3481 1495 3543 ταῖς
1521 3479 1704 3552 εὐχαῖς
1723 3481 1814 3532 0'3-

236 3565 320 3618 δὲν
341 3566 669 3636 ὠφελοῦσιν,
696 3567 867 3630 οὓτως
894 3562 1038 3622 οὗτοι
1061 3569 1298 3622 τοσαῦτα
1323 3570 1809 3641 καταντλήσαντες,

236 3659 330 3710 οὐκ
350 3659 700 3730 ἠδυνήθησαν
727 3659 917 3713 σϐέσαι
943 3662 1042 3732 τὴν
1066 3663 1205 3716 κατὰ
1230 3663 1328 3734 τῆς
1358 3662 1642 3733 Ἀρειανῆς
1673 3663 1814 3733 αἱρέ-

237 3767 368 3814 σεως
396 3753 604 3823 κρίσιν,
635 3752 769 3806 ἀλλά
789 3753 883 3807 καὶ
907 3754 1107 3824 μᾶλλον
1135 3755 1476 3827 ἐλεγχθέντες
1501 3755 1810 3828 καθῃρέθη-

237 3856 350 3905 σαν,
376 3841 474 3895 κα¹ι
491 3842 717 3906 εἰκότως
737 3859 798 3911 γε
819 3856 831 3868 ·
858 3843 1018 3897 ποίαν
1047 3843 1155 3916 γὰρ
1183 3843 1362 3897 αὐτῶν
1381 3845 1409 3896 ὁ
1436 3843 1648 3896 ἀκούων
1679 3845 1813 3896 ἀπο-

233 3932 443 3998 δέξεται
479 3934 595 4007 (16)
628 3937 984 4007 συγγραφήν;
1012 3937 1082 3989 Ἢ
1114 3940 1238 3990 ποῖα
1263 3935 1635 4008 θαρρήσαντες
1659 3937 1812 3990 αὐτοὶ

234 4029 612 4098 κατηχήσουσι
644 4029 769 4090 τοὺς
799 4027 1126 4099 ἐρχομένους
1175 4028 1310 4100 πρὸς
1349 4028 1578 4093 αὑτούς;
1608 4030 1671 4082 Ei
1713 4029 1810 4100 μὲν

231 4117 336 4189 γὰρ
370 4121 427 4172 αἱ
465 4120 646 4172 πᾶσαι
674 4119 799 4190 μίαν
827 4121 922 4172 καλ⁸
952 4118 1048 4190 τὴν
1075 4120 1242 4192 αὐτὴν
1268 4119 1449 4190 έχουσι
1473 4122 1808 4192 συμφωνίαν,

229 4208 307 4273 τίς
329 4211 362 4281 ή
385 4210 554 4281 χρεία
576 4209 683 4263 τῶν
708 4209 915 4264 πολλῶν
935 4227 949 4275 ;
974 4212 1036 4264 Ei
1057 4211 1114 4265 δέ
1136 4211 1403 4265 τοσούτων
1427 4212 1583 4284 χρεία
1601 4213 1808 4282 γέγονε,

225 4301 382 4373 δῆλόν
412 4307 571 4358 ἐστιν
602 4304 837 4376 ἑκάστην
867 4305 1020 4376 ἐνδεῆ
1055 4306 1147 4358 καὶ
1183 4307 1256 4376 μὴ
1286 4307 1466 4379 πλήρη
1491 4310 1809 4378 τυγχάνειν·

228 4397 319 4450 καὶ
347 4397 516 4450 τοῦτο
544 4395 744 4467 μᾶλλον
776 4395 932 4468 ἡμῶν
961 4396 1112 4449 αὐτοὶ
1137 4396 1497 4467 διελέγχουσιν
1528 4399 1584 4451 ἐν
1603 4397 1680 4468 τῷ
1709 4399 1814 4452 πά-

225 4504 324 4552 σας
364 4488 723 4543 ἐναλλάττειν
751 4489 842 4542 καὶ
881 4491 1209 4559 μεταποιεῖν,
1269 4489 1341 4542 Τὸ
1378 4489 1435 4542 δέ
1475 4488 1675 4560 πλῆθος
1703 4489 1811 4544 τῶν

227 4579 484 4644 συνόδων,
505 4581 657 4651 καὶὴ
677 4580 907 4651 διαφορά
927 4578 1033 4632 τῶν
1052 4579 1411 4650 γραφομένων
1429 4579 1665 4633 δείκνυσι
1688 4581 1811 4645 τοὺς
1843 4570 1887 4624 Ι)

223 4677 280 4726 ἐν
324 4676 527 4737 αὑταῖς
559 4671 944 4734 συνελθόντας,
979 4670 1316 4741 μαχομένους
1341 4671 1439 4741 μὲν
1467 4672 1602 4742 πρὸς
1627 4673 1725 4744 τὴν
1753 4673 1810 4727 ἐν

222 4765 427 4840 Νικαίᾳ.
457 4759 688 4821 σύνοδον
711 4805 726 4830 ,
761 4763 1116 4827 ἀσθενοῦντας
1148 4763 1205 4816 δέ
1236 4762 1371 4834 πρὸς
1401 4763 1499 4836 τὴν
1531 4764 1806 4834 ἀλήθειαν.

285 4949 375 5004 35.
433 4945 669 5016 Ἐπειδὴ
703 4945 810 5017 (17)
839 4945 895 4998 δὲ
928 4944 1098 5009 οὕτως
1131 4945 1283 4998 αὐτοὶ
1315 4958 1447 5017 προς
1474 4963 1532 4998 τε
1563 4946 1808 5010 ἑαυτοὺς,

221 5045 311 5094 καὶ
354 5042 504 5112 πρὸς
532 5040 671 5102 τοὺς
701 5039 804 5108 πρὸ
832 5037 1038 5091 ἐαυτῶν
1069 5038 1379 5108 διετέθησαν
1400 5077 1414 5101 ,
1463 5039 1593 5110 φέρε
1626 5037 1810 5091 λοιπὸν

222 5135 402 5205 ἡμεῖς,
425 5131 818 5199 ἐξετάσαντες,
857 5130 1113 5202 μάθωμεν
1133 5132 1261 5202 παρ’
1294 5130 1490 5194 αὐτῶν,
1519 5133 1667 5184 ποῖον
1691 5130 1811 5183 ἄτο-

220 5244 318 5282 πον
347 5229 766 5299 θεωρήσαντες,
801 5223 834 5294 ἢ
868 5223 988 5278 τίνα
1011 5223 1154 5288 λέξιν
1182 5221 1492 5294 αἰτιώμενοι
1515 5221 1622 5274 τῶν
1649 5223 1810 5289 ἐγγε-

289 5367 334 5399 ³⁷
376 5364 587 5421 Matth.
623 5375 698 5426 vi,
730 5359 786 5414 7.

313 5495 670 5564 ll).Regius
692 5488 928 5564 secunda
956 5503 1142 5564 manu,
1172 5478 1506 5559 προφέρωσι.

315 5499 370 5563 ll
416 5499 670 5564 .Regius
692 5499 928 5546 secunda
956 5503 998 5542 ηπ

315 5499 403 5634 rei
452 5565 700 5634 Regius,
728 5560 855 5634 ἀλλ’⁸
877 5560 998 5634 ὑπό,

310 5627 398 5706 ίόδ
448 5627 807 5706 Ιιειᾞεεὶυε;
842 5629 894 5682 in
925 5629 1085 5706 editis
1107 5627 1356 5706 νεῲ-καί
1378 5628 1546 5706 deest.

311 5694 399 5780 id)
449 5694 694 5780 Regius,
721 5694 1125 5780 πορευσόμεθα..
1143 5698 1271 5780 Ibid.
1299 5697 1519 5780 Regius,
1537 5694 1671 5766 πρὸς
1689 5699 1811 5756 τους

219 5767 485 5866 παέεέρας,
522 5767 656 5866 itif"
685 5767 1086 5866 sequeé‘nstiee‘st
1114 5770 1164 5822 in
1201 5767 1385 5838 Regio“.

285 5838 398 5923 (l3)
441 5838 524 5904 ita
565 5838 801 5912 Regius.
830 5838 988 5905 Etliti,
1015 5839 1244 5907 ἐχοντεςε

1916 637 2054 692 rent,
2092 636 2151 682 ut
2181 629 2306 682 hinc
2337 629 2412 682 illi
2449 628 2702 683 ﬁdentius
2733 626 3101 697 hlasphemias
3131 627 3464 698 proferrent,

1914 733 1978 772 ac
2007 719 2233 788 proinde
2264 719 2333 773 ob
2366 718 2638 788 ingentem
2683 717 3144 787 blasphemiarum
3188 719 3475 786 impuden-

1913 810 2043 864 tiam
2077 812 2323 866 Anommi
2367 811 2435 865 ab
2468 811 2720 866 omnibus
2750 810 2920 864 vocati
2953 820 3102 874 sunt,
3141 809 3472 874 ἐξουκόντιον

1913 918 2131 971 quoque
2164 919 2462 973 cognomen
2513 903 2810 964 habentes,
2855 917 2918 956 ac
2966 902 3279 956 haereticum
3329 901 3475 956 Con-

1913 997 2173 1050 stantium
2207 997 2499 1066 impietatis
2531 1011 2642 1050 suae
2675 995 2816 1049 nacti
2849 1004 3136 1064 patronum
3175 1011 3189 1060 ;
3224 992 3316 1063 qui
3349 1009 3474 1047 cum

1915 1086 1980 1140 ad
2007 1103 2177 1156 usque
2206 1087 2368 1140 ﬁnem
2403 1087 2457 1140 in
2498 1086 2774 1155 impietate
2804 1090 3224 1153 perseverasset,
3250 1083 3472 1136 demum

1915 1177 2150 1230 instante
2177 1184 2351 1230 morte
2383 1175 2649 1244 baptizari
2688 1176 2881 1240 voluit,
2914 1193 3021 1232 non
3055 1191 3086 1229 a
3133 1176 3238 1246 piis
3284 1177 3476 1245 utique

1915 1268 2068 1332 viris,
2105 1267 2198 1322 sed
2232 1267 2300 1320 ab
2330 1265 2532 1320 Euzoio
2585 1266 2680 1336 qui
2724 1266 2942 1320 Arianae
2973 1268 3243 1322 haereseos
3283 1282 3472 1330 causa,

1913 1376 2020 1414 non
2053 1359 2218 1414 semel
2254 1360 2345 1413 sed
2387 1359 2688 1422 multoties,
2736 1367 2790 1413 ct
2832 1359 3093 1413 diaconus
3125 1374 3248 1412 cum
3289 1356 3471 1419 esset,

1911 1464 1963 1508 et
1995 1469 2118 1508 cum
2147 1452 2450 1507 Antiochia:
2475 1452 2705 1520 sederet,
2737 1453 3016 1522 depositus
3042 1452 3237 1508 fuerat.

1981 1671 2071 1726 52.
2108 1667 2225 1726 Huc
2259 1684 2434 1740 usque
2469 1669 2635 1739 igitur
2665 1671 2937 1740 progressi
2970 1686 3135 1741 supra
3177 1671 3306 1727 dicti
3345 1672 3470 1732 viri,

1915 1763 2211 1818 substitere
2245 1761 2460 1817 tandem
2483 1802 2497 1825 ,
2543 1777 2607 1817 ac
2639 1761 2859 1816 demum
2905 1761 3134 1832 depositi
3171 1771 3321 1816 sunt.
3371 1762 3476 1815 Sed

1841 1891 1884 1945 Β
1914 1854 2050 1908 bene
2078 1854 2204 1909 novi
2234 1869 2330 1908 eos
2355 1869 2424 1907 ne
2468 1853 2540 1906 ita
2583 1852 2802 1922 quidem
2844 1853 3073 1921 gradum
3101 1867 3474 1922 repressuros,

1914 1955 2184 2016 quotquot
2236 1945 2345 2016 jam
2381 1946 2481 1999 hac
2522 1945 2609 2000 usi
2651 1953 2778 2000 sunt
2815 1944 3184 2011 simulatione,
3217 1943 3312 2000 sed
3345 1957 3478 1998 con-

1911 2036 2137 2091 ﬂaturos
2167 2051 2379 2106 semper
2435 2035 2870 2104 conspirationes
2910 2042 3100 2088 contra
3146 2033 3428 2089 veritatem
3459 2073 3474 2097 ,

1911 2129 2084 2182 donec
2112 2127 2178 2182 ad
2211 2143 2268 2181 se
2298 2128 2501 2182 reversi
2535 2129 2720 2182 dicant
2752 2137 2805 2182 et
2833 2126 2935 2197 ipsi
2957 2143 2970 2180 :
2991 2123 3316 2196 Surgamus,
3348 2140 3478 2193 pro-

1910 2235 2274 2290 peremusque
2317 2221 2384 2274 ad
2408 2219 2596 2275 Patres
2633 2227 2874 2284 nostros,
2921 2227 2975 2272 et
3006 2218 3256 2273 dicamus
3315 2217 3424 2272 illis
3459 2235 3474 2270 :-

1912 2313 2172 2367 Arianam
2227 2313 2479 2367 haeresim
2520 2313 2869 2367 anathemate
2919 2311 3276 2377 damnamus,
3307 2308 3480 2364 Nicae-

1911 2419 2039 2458 nam
2076 2417 2204 2458 vero
2265 2405 2534 2474 synodum
2588 2404 2938 2474 agnoscimus
2990 2421 3003 2457 :
3064 2418 3189 2458 cum
3229 2417 3294 2457 ea
3328 2403 3478 2457 enim

1912 2497 2018 2552 illis
2055 2506 2136 2552 est
2163 2497 2458 2552 contentio.
2507 2497 2639 2562 Quis
2671 2496 2859 2566 igitur,
2921 2495 3004 2549 vel
3053 2494 3264 2550 modico
3311 2508 3478 2548 sensu

1911 2588 2190 2658 praeditus,
2223 2589 2325 2642 hos
2361 2588 2502 2642 ultra
2537 2587 2712 2642 ferat?
2744 2585 2877 2654 Quis
2918 2579 3170 2640 homines
3207 2585 3394 2639 videns
3421 2585 3478 2638 in

1912 2678 2143 2748 singulis
2169 2678 2391 2750 synodis
2415 2679 2522 2733 alia
2555 2678 2860 2743 detrahere,
2897 2677 3000 2730 alia
3031 2676 3250 2743 addere,
3285 2690 3476 2730 eorum

1912 2778 2225 2839 suspectam
2282 2785 2346 2824 ac
2392 2770 2679 2824 subdolam
2735 2784 2863 2838 erga
2911 2768 3191 2823 Christum
3235 2777 3476 2821 mentem

1912 2874 2022 2913 non
2048 2859 2484 2915 animadvertat?
2519 2861 2654 2926 Quis
2695 2875 2791 2914 eos
2829 2859 3178 2928 conspicatus
3201 2858 3325 2912 ﬁdei
3364 2873 3480 2913 sua:

1913 2950 2208 3006 formulam
2258 2967 2322 3007 ac
2370 2953 2812 3007 criminationum
2854 2951 3230 3021 depulsionem
3288 2950 3476 3004 multis

1912 3045 2244 3104 concinnare
2265 3044 2472 3111 verbis,
2497 3043 2660 3115 598
2673 3059 2781 3098 non
2808 3045 3056 3100 advertat
3081 3044 3333 3098 homines
3356 3058 3480 3098 sese

1912 3137 2164 3207 prodere,
2195 3145 2248 3192 et
2273 3138 2445 3192 multa
2485 3139 2552 3192 de
2580 3137 2846 3193 industria
2877 3138 3136 3203 scribere,
3177 3144 3239 3190 ut
3273 3152 3366 3207 per
3390 3136 3479 3190 in-

1838 3227 1880 3285 C
1912 3230 2290 3300 tempestivam
2335 3229 2788 3298 ostentationem,
2826 3237 2881 3284 et
2919 3239 3126 3284 tantam
3178 3229 3481 3299 loquacita-

1914 3331 2020 3376 tem
2057 3321 2417 3392 simpliciores
2455 3321 2736 3387 seducant,
2767 3337 2832 3377 ac
2859 3338 3013 3377 suam
3046 3323 3260 3392 possint
3303 3322 3480 3376 haere-

1913 3415 1998 3470 sin
2027 3414 2341 3470 occultare?
2369 3415 2438 3467 At
2465 3414 2609 3469 sicut
2638 3413 2894 3478 ethnicis,
2927 3414 3002 3468 ait
3032 3411 3312 3477 Dominus,
3344 3414 3479 3466 nihil

1911 3507 2134 3578 prodest
2162 3507 2333 3561 multa
2352 3507 2408 3560 in
2429 3505 2772 3561 orationibus
2798 3506 2961 3560 verba
2979 3503 3206 3560 fundere
3228 3505 3296 3569 ",
3317 3506 3397 3560 sic
3425 3514 3481 3560 et

1913 3599 2003 3654 isti
2039 3606 2116 3654 tot
2158 3607 2417 3668 tantaque
2449 3597 2780 3661 ell‘utientes,
2807 3596 3072 3666 judicium
3107 3603 3296 3650 contra
3322 3597 3480 3650 Aria-

1913 3707 2040 3745 nam
2069 3691 2316 3746 literasim
2345 3691 2510 3744 latum
2531 3691 2750 3744 abolere
2779 3703 3120 3758 nequaquam
3149 3698 3477 3758 potuerunt;

1912 3785 2025 3838 imo
2051 3784 2224 3854 magis
2250 3783 2532 3853 magisque
2556 3781 2812 3846 convicti,
2841 3780 3072 3849 depositi
3105 3789 3252 3842 sunt,
3279 3787 3333 3833 et
3355 3778 3480 3847 jure

1913 3871 2167 3941 quidem;
2221 3871 2365 3940 quod
2409 3871 2554 3925 enim
2585 3884 2775 3925 eorum
2816 3869 3136 3937 rescriptum
3173 3867 3352 3938 quivis
3382 3883 3481 3921 au-

1912 3965 2067 4022 diens
2093 3965 2368 4034 recipiat?
2400 3967 2506 4018 Aut
2536 3978 2644 4034 qua
2700 3961 2893 4017 ﬁducia
2947 3959 3268 4016 accedentes
3305 3961 3370 4015 ad
3420 3977 3480 4016 se

1913 4059 1978 4113 ad
2027 4059 2184 4112 ﬁdem
2220 4057 2541 4112 instituent?
2569 4055 2726 4119 Nam,
2759 4055 2806 4110 si
2855 4054 3120 4124 rescripta
3169 4054 3258 4107 illa
3291 4055 3478 4108 omnia

1913 4163 2079 4202 unam
2111 4147 2464 4215 eamdemque
2498 4125 2821 4200 sententiam
2855 4142 3053 4207 ferant,
3097 4144 3228 4214 quid
3280 4144 3480 4197 multo-

1914 4256 2035 4294 rum
2065 4239 2244 4310 opus‘?
2281 4237 2376 4291 Sin
2415 4247 2523 4291 tam
2559 4236 2851 4290 multorum
2891 4251 3030 4304 opus
3070 4234 3193 4298 fuit,
3247 4235 3479 4289 manife-

1914 4340 2057 4386 stum
2087 4340 2168 4386 est
2201 4331 2413 4400 singula
2449 4329 2677 4384 deﬁcere
2711 4327 2980 4398 plenaque
3019 4343 3126 4381 non
3155 4341 3297 4388 esse.
3329 4329 3479 4397 quod

1912 4424 1990 4478 illi
2035 4424 2136 4494 ipsi
2185 4425 2473 4493 plusquam
2527 4436 2628 4476 nos
2661 4420 2835 4489 palam
2885 4418 3136 4475 faciunt:
3171 4435 3235 4474 ea
3277 4421 3480 4491 quippe

1915 4517 2094 4569 omnia
2125 4517 2418 4569 immutant
2458 4521 2623 4582 atque
2645 4511 2751 4567 alio
2787 4510 2956 4565 edunt
2995 4527 3268 4567 sermone.
3309 4512 3478 4566 Porro

1916 4607 2206 4662 multitudo
2249 4604 2606 4678 synodorum,
2638 4603 3072 4673 scriptorumque
3112 4604 3477 4675 discrepantia

1909 4693 2088 4762 arguit
2107 4706 2238 4745 sane
2257 4705 2354 4745 eos
2376 4689 2468 4758 qui
2493 4697 2887 4751 convenerunt,
2913 4689 3173 4743 adversus
3198 4686 3474 4743 Niczenam

1909 4786 2176 4856 synodum
2223 4795 2584 4847 concertare;
2629 4782 2722 4838 sed
2759 4790 2938 4837 tamen
2978 4797 3038 4837 se
3087 4782 3472 4838 imbecilliores

1907 4893 2031 4933 esse
2060 4892 2223 4947 quant
2257 4886 2318 4931 ut
2339 4883 2656 4946 oppugnent
2680 4876 2992 4930 veritatem.

1979 4970 2067 5023 ‘53.
2100 4969 2390 5035 Caeterum,
2419 4968 2635 5037 quando
2665 4967 2768 5036 ipsi
2805 4982 2934 5035 erga
2958 4981 3016 5020 se
3050 4975 3236 5020 mutuo
3261 4973 3314 5019 et
3345 4981 3471 5034 erga

1911 5059 2145 5129 majores
2173 5074 2304 5113 suos
2327 5059 2407 5112 sic
2430 5057 2607 5111 affecti
2639 5065 2788 5120 sunt,
2828 5072 2947 5125 age,
2975 5053 3088 5123 jam
3125 5054 3470 5110 sciscitemur

1910 5153 2055 5215 illos,
2091 5159 2150 5204 ut
2194 5150 2503 5204 ediscamus
2535 5163 2696 5218 quam
2743 5148 2794 5200 in
2825 5147 3045 5215 scriptis
3084 5146 3188 5200 illis
3217 5147 3472 5201 absurdi-

1911 5247 2076 5295 tatem
2123 5247 2218 5293 aut
2263 5254 2426 5308 quam
2465 5239 2714 5292 vitiosam
2767 5237 3089 5288 sententiam
3126 5235 3427 5303 conspicati
3455 5274 3472 5297 ,

1918 5474 2089 5571 “06)
2130 5472 2207 5536 ita
2239 5475 2438 5549 Regius
2482 5488 2534 5532 ct
2573 5468 2860 5530 Basilicus.
2895 5467 3035 5528 Editi
3072 5487 3313 5542 quoque,
3341 5470 3476 5524 ἀπο.

1943 5555 1994 5591 ξε
2099 5571 2108 5592 σ
2356 5571 2362 5580 -

1909 5555 2270 5692 573170;"Ante
2298 5617 2533 5692 Ἐπειδή,
2565 5616 2709 5692 hunc
2741 5613 3104 5692 gtu_lum,_’Ex
3134 5610 3477 5692 τῆς-ἐπιστοι

1909 5680 2005 5762 is;
2035 5680 2160 5763 ρκ
2180 5690 2286 5763 τῶν
2303 5680 2602 5763 γενοεεέίλφξθ
2627 5685 2684 5736 έν
2709 5686 2773 5763 τῇ
2805 5680 3204 5763 Ἀριμήνςρεῆε
3225 5680 3473 5763 item

1911 5749 2004 5816 xii.
2033 5765 2089 5814 ἐν
2109 5749 2398 5813 ’Σελευκεία
2423 5749 2516 5819 τῆς
2549 5749 2837 5823 Ἱσαυρίας,
2865 5749 3474 5823 ῥτῖυιὴιίιὶιῐαέιςιιιιιυιι.

1915 5844 2124 5888 ιρτιιιιε.
