3966 6226
492 382 594 447 ’151

1059 380 1117 438 S.
1158 381 1529 438 ATHANASII
1566 381 1716 438 OPP.
1760 380 1939 437 PARS
1978 380 2017 437 Ι.
2053 415 2122 425 -
2161 384 2531 443 lllSTORlCA
2570 389 2660 444 ET
2700 392 3120 452 DOGMATICA.

3620 401 3721 460 752

494 503 748 562 Patribus
773 503 1191 572 inobsequentes
1215 509 1363 565 sunt,
1390 509 1446 555 et
1477 499 1738 555 adversus
1759 501 2041 555 tecumeni-

2154 504 2480 575 γραμμένων
2500 544 2514 570 ,
2549 506 2792 572 ἀπειθεῖς
2818 508 2916 579 μὲν
2952 512 3168 580 γονεῦσι
3201 513 3482 582 γεγόνασι,
3527 517 3721 591 διαμά-

495 613 614 654 cam
637 597 900 670 synodum
924 595 1237 650 decertant?
1261 592 1353 649 Hae
1376 608 1556 660 voces,
1578 593 1751 659 aiunt,
1779 610 1798 643 ι
1829 609 1893 647 ex
1917 593 2048 648 sub-

495 689 712 754 stantia,
738 707 757 740 ›
791 695 866 754 et,
916 704 935 739 ι
957 685 1433 752 consubstantiale,
1455 702 1474 735 ι
1504 684 1660 740 nobis
1693 684 1916 739 minime
1937 684 2051 754 pla-

493 789 639 846 cent,
669 779 993 850 quibusdam
1033 777 1177 832 enim
1207 776 1534 832 otl‘eudiculo
1570 775 1742 841 fuere,
1781 776 2050 846 plurimos

494 873 909 929 eomurbarunt.
936 869 1018 925 llli
1051 871 1215 940 igitur
1254 870 1475 940 scriptis
1508 869 1623 925 suis
1671 870 1743 924 ita
1796 879 1925 924 sunt
1967 870 2050 926 lo«

494 965 624 1020 cuti.
645 962 843 1019 Verum
866 962 945 1018 sic
972 963 1242 1034 quispiam
1266 962 1373 1017 illis
1395 969 1676 1017 occurrat:
1698 962 1757 1016 Si
1786 977 1912 1031 ergo
1935 962 2050 1016 haec

493 1058 654 1114 verba
681 1072 776 1127 per
795 1071 853 1111 se
880 1055 986 1111 illis
1015 1054 1330 1110 offensionis
1356 1069 1520 1109 causa
1548 1053 1718 1119 fuere,
1746 1069 1851 1109 non
1870 1055 2045 1109 solum

492 1150 755 1218 quosdam
781 1147 1000 1211 oﬂ'endi,
1032 1163 1097 1203 ac
1130 1147 1394 1217 plurimos
1422 1147 1627 1202 turbari
1664 1147 1925 1217 oportuit,
1953 1147 2045 1202 sed

491 1247 544 1291 et
569 1254 668 1294 nos
691 1239 934 1309 aliosque
963 1239 1248 1294 universos
1272 1238 1461 1293 eodem
1499 1240 1719 1294 allectos
1737 1254 1857 1293 esse
1887 1238 2047 1292 modo

414 1357 420 1365 ~
490 1346 589 1399 par
616 1328 738 1385 fuit.
776 1328 930 1396 Quod
965 1330 1008 1384 si
1038 1330 1278 1386 universi
1302 1330 1400 1384 has
1422 1345 1582 1384 voces
1604 1331 2004 1400 amplectuntur
2030 1349 2043 1384 :

423 1463 426 1467 .
492 1421 535 1474 si
563 1422 654 1491 qui
698 1422 786 1475 illa
814 1422 1100 1491 scripsere,
1138 1438 1248 1478 nou
1274 1423 1524 1492 vulgares
1555 1423 1822 1490 homines,
1855 1422 1949 1478 sed
1979 1438 2045 1477 ex

494 1521 603 1566 toto
642 1513 774 1568 orbe
799 1515 973 1569 coacti
1007 1523 1135 1569 sunt
1166 1531 1182 1581 ;
1227 1514 1274 1569 si
1304 1514 1398 1584 qui
1420 1514 1533 1584 jam
1573 1514 1878 1569 Ariminum
1911 1529 2045 1569 con-

488 1618 684 1659 venere
726 1604 966 1675 episeopi
1006 1605 1127 1675 plus
1174 1605 1589 1677 quadringentis
1622 1621 1686 1662 ea
1732 1606 2045 1662 testimonio

489 1710 589 1751 suo
611 1697 1000 1767 comprobant;
1028 1712 1209 1753 nonne
1231 1698 1327 1768 qui
1349 1698 1612 1754 adversus
1642 1700 1909 1771 synodum
1934 1700 2047 1756 haec

487 1787 737 1843 etl'utiunt
763 1788 895 1844 hinc
921 1799 1265 1860 arguuntur,
1315 1806 1425 1846 non
1471 1790 1634 1846 verba
1671 1791 1888 1860 quidem
1931 1793 2048 1848 cul-

2150 613 2332 667 χονται
2358 597 2466 669 (18)
2485 597 2544 651 δὲ
2569 599 2706 671 πρὸς
2723 601 3101 675 οίκουμενικὴν
3122 604 3334 660 σύνοδον
3354 623 3367 672 ;
3391 607 3464 660 Τὸ
3489 627 3509 661 ι
3534 609 3599 664 ὲκ
3621 611 3720 684 τῆς
3818 656 3821 661 ι

2150 685 2356 751 οὐσίας,
2388 705 2407 738 ι
2457 689 2623 759 φησὶ,
2671 691 2764 743 καὶ
2816 689 2878 743 τὺ
2932 693 3261 763 «ὁμοούσιον
3292 714 3311 747 ι
3375 697 3477 751 οὐκ
3526 700 3721 771 ἤρεσεν

2149 778 2282 849 ἡμῖν
2310 777 2441 850 (19).
2473 779 2657 833 Ταῦτα
2685 781 2790 852 γάρ
2823 798 2974 847 τινας
3000 785 3351 840 ὲσκανδάλισε
3374 789 3471 841 καὶ
3493 790 3723 856 πολλοὺς

2150 867 2499 940 ἐθορύϐησεν.
2536 871 2762 925 Ἐκεῖνοι
2801 874 2897 944 μὲν
2929 870 3022 928 οὖν
3053 876 3194 930 οὕτω
3227 879 3527 950 γράφοντες
3571 883 3720 954 είρήι

2149 977 2309 1015 κασιν
2350 980 2363 993 ·
2398 962 2725 1036 ἀπαντήσειε
2754 966 2799 1018 δ’
2824 968 2887 1021 ἀν
2919 985 3001 1031 τις
3025 969 3208 1033 αὐτοῖς
3239 971 3474 1041 εὐλόγως
3507 972 3679 1038 οὕτως
3700 991 3715 1005 ·

2148 1050 2212 1104 Εἰ
2241 1052 2340 1122 μὲν
2367 1048 2460 1127 οὖν
2481 1054 2620 1108 αὐτὰ
2638 1056 2707 1108 τὰ
2729 1059 2946 1127 ῥήματα
2972 1059 3093 1111 καθ’
3124 1059 3293 1112 ἑαυτά
3316 1062 3572 1132 τυγχάνει
3605 1063 3717 1135 (20)

2148 1142 2275 1198 ὄντα
2301 1144 2450 1199 αἴτια
2471 1146 2678 1210 τούτοις
2702 1150 2782 1211 εἰς
2808 1150 3119 1215 σκάνδαλον,
3143 1151 3249 1205 ἔδει
3275 1156 3346 1225 μή
3376 1171 3529 1220 τινας
3558 1174 3720 1211 σκαν-

2148 1235 2482 1300 δαλίζεσθαι,
2546 1236 2678 1308 μηδὲ
2731 1238 2956 1304 πολλοὺς
3003 1241 3381 1312 θορυϐεῖσθαι,
3439 1244 3574 1299 ἀλλὰ
3625 1248 3718 1301 καὶ.

2147 1325 2294 1394 ἡμᾶς
2343 1324 2453 1397 (21)
2494 1326 2588 1378 καὶ
2634 1327 2760 1389 τοὺς
2806 1327 2997 1392 ἄλλους
3040 1330 3246 1393 πάντας
3276 1331 3466 1385 ταυτὸν
3491 1334 3719 1400 ἐκείνοις

2150 1416 2376 1485 πάσχειν
2409 1416 2470 1481 ἐξ
2518 1415 2723 1470 αὐτῶν·
2761 1419 2808 1471 εί
2842 1418 2899 1470 δὲ
2930 1421 2979 1472 οἱ
3016 1421 3112 1490 μὲν
3140 1423 3338 1486 πάντες
3366 1424 3621 1492 ἀγαπῶσι
3650 1428 3717 1481 τά

2149 1507 2366 1578 ῥήματα
2384 1545 2398 1569 ,
2426 1508 2474 1559 οἱ
2494 1505 2549 1558 δὲ
2578 1508 2748 1560 ταῦτα
2777 1509 3082 1581 γράψαντες
3103 1512 3200 1581 οὐχ
3222 1513 3271 1565 oi
3298 1513 3568 1584 τυχόντες,
3599 1516 3715 1569 ἀλλ’

2146 1600 2195 1650 οἱ
2239 1599 2303 1651 ἐκ
2350 1598 2527 1669 πάσης
2560 1600 2657 1671 τῆς
2693 1601 3014 1672 οἰκουμένης
3043 1602 3385 1667 συνελθόντες
3424 1606 3531 1658 eici.
3554 1647 3568 1670 ,
3624 1606 3717 1659 καὶ

2146 1690 2356 1755 τούτοις
2383 1692 2845 1764 ἐπιμαρτυροῦσιν
2873 1694 2921 1746 οἰ
2946 1690 3040 1747 νῦν
3081 1695 3139 1747 ὲν
3176 1697 3240 1765 τῇ
3290 1696 3563 1768 Ἀριμήνῳ
3590 1715 3715 1751 συν-

2147 1781 2390 1846 ελθόντες
2437 1782 2721 1836 ἐπίσκοποι
2751 1783 2796 1835 υ¹
2822 1782 2915 1837 καὶ
2947 1782 3182 1846 πλείους*
3209 1782 3324 1848 πῶς
3351 1784 3461 1854 (³22)
3486 1786 3587 1838 οὐκ
3618 1787 3713 1839 ἄν·

485 1881 661 1949 panda
694 1894 815 1935 esse
839 1920 854 1943 ,
890 1881 985 1936 sed
1022 1895 1213 1937 eorum
1257 1880 1352 1952 qui
1407 1880 1520 1953 haec
1563 1897 1725 1951 prave
1776 1883 2041 1952 interpre-

2145 1891 2332 1945 τικρυς
2381 1874 2588 1945 ἐλέγχει
2631 1874 2788 1927 τοῦτο
2823 1874 2945 1937 τοὺς
2976 1872 3115 1927 κατὰ
3146 1874 3245 1944 τῆς
3280 1874 3494 1929 συνόδου
3526 1874 3710 1943 λέγον-

487 1977 670 2023 tantur
708 1968 1004 2023 malitiam?
1057 1968 1233 2035 Quam
1282 1969 1439 2024 multi
1494 1979 1655 2036 sunt,
1710 1971 1804 2040 qui
1848 1971 2047 2025 divinis

488 2060 786 2129 Scripturis
818 2060 1053 2130 maligne
1084 2060 1239 2116 lectis
1278 2076 1343 2115 ac
1381 2076 1546 2131 prave
1579 2061 1886 2125 intellectis,
1922 2077 2047 2116 san-

485 2161 603 2206 ctos
627 2152 756 2206 hinc
782 2151 1101 2207 insimulant
1131 2153 1144 2207 l
1175 2152 1485 2223 cujusmodi
1514 2153 1667 2208 fuere
1693 2153 1825 2207 olim
1851 2152 2044 2218 Judaei,

484 2243 578 2313 qui
625 2241 920 2298 Dominum
970 2259 1078 2299 non
1115 2255 1455 2316 receperunt,
1509 2255 1562 2300 et
1607 2245 1719 2314 jam
1764 2244 2044 2299 Manichaei

483 2334 574 2403 qui
611 2334 664 2388 iu
719 2334 889 2405 legem
932 2334 1355 2407 blasphemaut;
1393 2337 1551 2406 cujus
1605 2351 1736 2391 sane
1789 2334 1889 2401 rei,
1937 2351 2043 2390 non

485 2426 799 2497 S‘ct-iptm'aa,
836 2428 932 2484 sed
978 2428 1220 2498 ipsorum
1254 2429 1584 2499 perversitas
1629 2442 1797 2483 causa
1827 2425 1947 2481 fuit.
1986 2426 2045 2480 Si

480 2518 666 2589 itaque
714 2519 1005 2575 verborum
1057 2520 1377 2591 pravitatem
1438 2521 1724 2576 ostendere
1770 2517 1996 2588 potestis
2026 2556 2042 2581 ,

481 2611 642 2681 agite,
682 2610 1087 2667 demonstrandi
1134 2612 1275 2667 ratio
1327 2613 1587 2678 ineatur;
1636 2626 1737 2665 nec
1768 2610 2044 2679 objiciatis

480 2702 640 2757 nobis
668 2702 783 2759 hac
812 2703 1090 2758 nonnullis
1122 2702 1408 2759 oﬂ‘ensioni
1431 2719 1572 2768 esse,
1606 2718 1672 2758 ne
1695 2702 1836 2756 idem
1862 2702 2042 2765 vobis,

478 2790 623 2859 quod
659 2801 789 2846 tunc
820 2790 1133 2858 Pharisaeis,
1155 2791 1384 2847 accidat.
1420 2791 1629 2846 Etenim
1660 2808 1782 2845 cum
1814 2791 1890 2845 illi
1923 2805 2045 2845 sese

482 2882 803 2938 simularent
831 2882 900 2938 de
932 2883 1182 2939 doctrina
1227 2882 1442 2938 Domini
1487 2882 1709 2947 offendi,
1746 2883 1823 2936 ait
1860 2881 2041 2937 Domi-

483 2987 590 3026 nus
638 2973 794 3027 illis:
857 2970 1087 3029 «Omnis
1133 2973 1394 3043 plautatio
1426 2988 1589 3042 quam
1640 2987 1745 3026 non
1779 2971 2044 3042 plantavit

483 3060 643 3117 Pater
663 3078 816 3118 meus
834 3063 1090 3130 cmlestis,
1110 3063 1550 3120 eradicabitur".
1565 3080 1584 3117 ι
1603 3063 1698 3121 His
1723 3073 1902 3118 autem
1927 3079 2044 3119 ver-

485 3153 570 3209 bis
606 3154 868 3221 ostendit,
903 3170 1011 3211 non
1053 3154 1232 3212 Patris
1275 3158 1441 3212 verba
1491 3172 1523 3211 a
1569 3172 1627 3212 se
1663 3173 1682 3207 ι
1707 3156 1982 3226 plantata,
2017 3174 2035 3207 ι

484 3246 578 3301 sed
622 3260 844 3315 pravam
912 3261 1068 3302 suam
1122 3256 1271 3303 recte
1308 3247 1581 3302 dictorum
1637 3245 2040 3316 interpretatio-

479 3351 626 3401 nem,
660 3336 987 3393 otl‘endiculo
1014 3337 1122 3393 illis
1156 3337 1346 3395 fuisse.
1381 3337 1514 3392 Nam
1545 3337 1581 3392 ii
1610 3338 1703 3409 qui
1733 3338 1862 3392 olim
1891 3337 2037 3407 Apo-

479 3429 604 3485 stoli
639 3429 902 3500 epistolas
945 3431 1258 3501 culpabant,
1310 3446 1419 3485 non
1445 3429 1623 3498 Pauli,
1664 3430 1761 3485 sed
1793 3429 2034 3500 ipsorum

477 3522 862 3593 ignorantiam,
903 3531 957 3577 et
992 3537 1305 3592 perversum
1338 3523 1579 3576 animum
1627 3522 1801 3592 palam
1838 3519 2034 3577 fecere.

2144 1981 2263 2027 τας,
2301 1964 2373 2028 ὼς
2403 1965 2464 2018 οὐ
2488 1964 2554 2017 τὰ
2588 1965 2808 2036 ῥήματά
2835 1966 2979 2018 ἐστιν
3008 1965 3153 2018 αἴτια
3178 2004 3192 2029 ,
3243 1964 3357 2018 ἀλλ’
3386 1966 3419 2035 ἡ
3454 1966 3714 2020 κακόνοια

2144 2056 2251 2109 τῶν
2281 2057 2774 2128 παρεξηγουμένων
2798 2056 2868 2110 τά
2898 2054 3154 2120 τοιαῦτα;
3186 2056 3382 2121 Πόσοι,
3408 2057 3595 2121 κακῶς
3622 2059 3710 2111 ὲν-

2144 2147 2498 2217 τυγχάνοντες
2515 2149 2633 2209 ταῖς
2656 2147 2826 2211 θείαις
2851 2146 2961 2219 (25)
2985 2148 3227 2218 Γραφαῖς
3253 2149 3347 2201 καὶ
3374 2148 3710 2220 παρανοοῦν-

2144 2256 2234 2302 τες
2261 2237 2458 2301 ταύτας
2478 2278 2492 2302 ,
2523 2240 2891 2311 κατηγοροῦσι
2921 2239 3026 2294 τῶν
3060 2240 3262 2308 ἀγίωνί
3295 2234 3396 2294 οἶοι
3425 2242 3712 2309 γεγόνασιν

2144 2333 2192 2382 ei
2223 2331 2320 2401 μὲν
2352 2330 2473 2383 τότε
2513 2331 2771 2396 Ἰουδαῖοι,
2797 2331 2871 2403 μὴ
2907 2331 3185 2403 δεξάμενοι
3210 2332 3299 2385 τὸν
3325 2331 3550 2402 Κύριον,
3578 2335 3629 2387 οἱ
3653 2335 3711 2387 δὲ

2144 2421 2238 2474 νῦν
2262 2423 2549 2493 Μανιχαῖοι
2582 2421 3021 2497 βλασφημοῦντες
3058 2423 3147 2476 τὸν
3176 2423 3367 2495 νόμονο
3402 2426 3494 2477 καὶ
3517 2426 3617 2495 οὑχ
3653 2428 3709 2481 αι

2144 2513 2358 2585 Γραφαὶ
2400 2513 2684 2583 γεγόνασιν
2714 2515 2896 2577 αὐτοῖς
2923 2513 3114 2581 αἴτιαι,
3142 2515 3255 2568 ἀλλ’
3295 2517 3328 2585 ἡ
3354 2516 3502 2586 σφῶν
3532 2515 3711 2569 αὐτῶν

2143 2605 2547 2676 κακοφροσύνη.
2604 2606 2667 2658 Ei
2703 2606 2799 2676 μὲν
2824 2602 2917 2659 οὖν
2948 2606 3223 2671 ἀποδεῖξαι
3251 2606 3480 2661 δύνασθε
3506 2607 3576 2661 τά
3609 2610 3710 2680 ρή-

2147 2713 2288 2767 ματα
2320 2696 2497 2765 φαῦλα
2519 2735 2535 2762 ,
2567 2695 2722 2751 τοῦτο
2754 2701 2952 2751 ποιεῖτε
2980 2697 3089 2769 (24)
3111 2738 3125 2763 ,
3161 2697 3257 2751 καὶ
3283 2698 3440 2768 λόγος
3472 2699 3714 2770 ἡγείσθω

2141 2793 2241 2863 τῆς
2273 2791 2596 2859 ἀποδείξεως
2618 2808 2630 2821 ·
2668 2792 2760 2845 καὶ
2790 2791 2864 2862 μὴ
2891 2790 3286 2863 προφασίζεσθε
3311 2792 3437 2854 τοὺς
3478 2791 3712 2845 σκανδα-

2142 2884 2489 2955 λιζομένους,
2538 2885 2625 2938 ἵνα
2657 2883 2735 2955 μὴ
2766 2882 2961 2936 ταυτὸν
3012 2883 3218 2953 πάθητε
3253 2885 3364 2948 τοῖς
3395 2884 3518 2936 τότε
3543 2885 3713 2955 Φαρι-

2144 2976 2334 3038 σαίοις.
2391 2975 2500 3028 Καὶ
2526 2973 2634 3046 γὰρ
2664 2974 2928 3031 κάκείνων
2954 2973 3436 3046 προφασιζομένων
3476 2974 3713 3029 σκανδα-

2142 3064 2381 3132 λίζεσθαι
2404 3069 2494 3120 ἐπὶ
2516 3070 2637 3131 ταῖς
2660 3066 2752 3120 τοῦ
2783 3066 2986 3140 Κυρίου
3012 3067 3269 3137 διδαχαῖς,
3303 3066 3487 3135 ἔλεγεν
3526 3068 3714 3131 αὐτοῖς

2142 3161 2169 3214 ὁ
2193 3158 2394 3232 Κύριος
2412 3177 2424 3191 ⁸
2465 3178 2484 3211 ι
2511 3161 2667 3214 Πᾶσα
2693 3159 2908 3228 φυτεία,
2934 3162 2999 3231 ἢν
3027 3161 3126 3213 οὐκ
3148 3159 3440 3230 ἐφύτευσεν
3462 3161 3493 3212 ὁ
3520 3161 3716 3231 Πατήρ

2147 3262 2246 3317 μου
2297 3248 2323 3300 ὁ
2352 3247 2629 3317 οὐράνιος,
2670 3246 3119 3318 ὲκριζωθήσεται.
3151 3266 3171 3299 ι
3231 3248 3400 3302 Τοῦτο
3436 3248 3495 3301 δὲ
3537 3249 3713 3316 λέγων

2143 3336 2413 3391 ἐδείκνυεν
2432 3378 2445 3402 ,
2484 3337 2558 3402 ὡς
2586 3339 2645 3391 ού
2675 3339 2743 3392 τὰ
2765 3339 2859 3393 τοῦ
2884 3340 3094 3411 Πατρὸς
3126 3340 3192 3393 δι’
3223 3339 3384 3392 αὑτοῦ
3442 3358 3461 3390 ι
3486 3340 3716 3408 φυτευό-

2147 3447 2282 3501 μενα
2310 3449 2327 3483 ι
2381 3432 2598 3501 ῥήματα
2641 3432 2934 3485 σκάνδαλον
2965 3429 3105 3505 ἦσαν
3139 3434 3353 3495 αὐτοῖς,
3398 3432 3514 3487 ἀλλ’
3556 3432 3717 3486 αὐτοὶ

2142 3521 2328 3585 κακῶς
2368 3522 2706 3595 ἐκδεχόμενοι
2731 3523 2799 3577 τὰ
2826 3523 3002 3587 καλῶς
3035 3523 3298 3594 λεγόμενα
3326 3523 3716 3588 ὲσκανδὰλιζον

476 3617 723 3682 ἑαυτούς.
764 3618 913 3671 Ἐπεὶ
943 3619 1035 3671 καὶ
1057 3619 1107 3671 οἱ
1136 3616 1444 3686 αἰτιώμενοι
1470 3617 1590 3671 τότε
1620 3617 1718 3681 τάς
1744 3616 2031 3682 ἐπιστολὰς
2068 3615 2162 3670 τοῦ
2217 3617 2570 3682 Ἀποστόλου,
2618 3620 2679 3673 οὐ
2726 3618 2819 3672 τοῦ
2869 3620 3081 3673 Παύλου
3108 3658 3122 3685 ,
3175 3619 3309 3673 ἀλλὰ
3358 3620 3459 3691 τῆς
3502 3622 3716 3674 ἑαυτῶν

477 3715 713 3787 ἀμαθίας
742 3715 834 3768 καὶ
868 3713 1125 3785 στρεϐλῆς
1149 3714 1383 3778 διανοίας
1411 3712 1769 3788 κατηγόρουν,

546 3807 637 3862 ⁸54.
681 3803 784 3861 Sed
815 3805 926 3875 jam
970 3806 1288 3876 l‘CSpOlldele
1340 3809 1558 3877 (Operae
1601 3806 1831 3876 pretium
1883 3805 2028 3859 enim

476 3897 642 3952 fuerit
668 3898 770 3952 hoc
807 3898 876 3953 ab
916 3898 1023 3954 illis
1054 3900 1325 3969 quaerere)
1354 3900 1577 3969 quinam
1619 3909 1766 3965 sunt,
1797 3912 1938 3967 quos
1968 3898 2035 3951 de

477 3988 585 4043 illis
611 3988 808 4043 oll'endi
853 4001 1015 4060 atque
1053 3990 1261 4044 turbari
1302 3972 1642 4044 causamini?
1685 3987 1846 4044 Certe
1874 4001 2035 4043 nemo

478 4093 668 4132 eorum
698 4078 790 4148 qui
819 4078 907 4149 pie
949 4079 1016 4134 de
1053 4078 1271 4136 Christo
1307 4081 1571 4146 sentiunt,
1608 4082 1809 4151 quippe
1848 4080 1940 4150 qui
1968 4095 2030 4134 ea

478 4167 769 4224 defendant
814 4180 1190 4243 asserantque.
1234 4172 1389 4238 Quod
1429 4172 1477 4228 si
1523 4172 1711 4227 Ariani
1762 4180 1890 4228 sunt
1937 4169 2031 4241 qui

478 4256 596 4313 haec
632 4258 851 4329 indigne
878 4258 1081 4327 ferunt,
1112 4263 1241 4332 quid
1282 4263 1480 4317 mirum
1516 4262 1564 4318 si
1602 4262 1913 4318 irascuntur
1964 4262 2032 4317 iis

476 4348 570 4418 qui
599 4364 785 4404 eorum
821 4351 1050 4407 liaeresin
1078 4353 1146 4408 de
1186 4356 1365 4408 medio
1394 4354 1626 4408 tollunt?
1653 4352 1771 4408 Non
1796 4353 1941 4408 enim
1969 4367 2031 4407 ea

478 4441 640 4495 verba
674 4440 781 4496 illis
807 4442 1063 4501 seandalo
1099 4452 1245 4508 sunt,
1272 4444 1368 4498 sed
1399 4444 1596 4511 dolori,
1621 4442 1765 4514 quod
1794 4442 1949 4513 quasi
1974 4442 2031 4496 in

2208 3801 2293 3856 54.
2355 3799 2505 3853 Ἐπεὶ
2556 3800 2750 3870 (καλὸν
2811 3801 2919 3873 γὰρ
2980 3802 3176 3865 αὐτοὺς
3224 3802 3444 3874 ἐρέσθαι
3489 3802 3717 3876 τοῦτο,)

2140 3894 2349 3957 εἴπατε,
2408 3893 2551 3955 τίνες
2595 3893 2764 3956 εἰσὶν,
2826 3892 2920 3955 οὒς
2972 3893 3367 3963 προφασίζεσθε
3423 3895 3723 3950 σκανδαλί-

2140 3984 2325 4052 ζεσθαι
2360 3983 2454 4038 καὶ
2494 3983 2832 4054 θορυϐεῖσθαι
2882 3987 2975 4040 ἐπὶ
3010 3987 3251 4052 τούτοις;
3292 3987 3412 4040 Τῶν
3459 3990 3560 4060 μὲν
3597 3991 3720 4062 γὰρ

2138 4075 2501 4130 εὐσεϐούντων
2545 4078 2624 4139 εἰς
2664 4075 2754 4129 τὸν
2778 4077 3008 4149 Χριστὸν
3032 4078 3206 4141 οὐδεὶς
3228 4117 3244 4142 ,
3292 4077 3429 4133 αύτά
3454 4080 3567 4151 (25)
3595 4081 3720 4155 γὰρ

2138 4168 2495 4241 πρεσϐεύουσι
2546 4168 2641 4222 καὶ
2681 4167 3002 4223 ὲκδικοῦσιν.
3056 4170 3118 4223 Εἰ
3160 4170 3217 4223 δὲ
3258 4170 3365 4224 τῶν
3408 4172 3721 4244 ’Δρειανῶν

2138 4260 2273 4312 εἰσιν
2299 4260 2346 4311 οἱ
2367 4258 2523 4312 τοῦτο
2564 4258 2861 4330 πάσχοντες
2879 4300 2892 4323 ,
2921 4260 2974 4313 τί
3002 4260 3307 4332 θαυμαστὸν
3325 4301 3340 4326 ,
3370 4263 3418 4315 εἰ
3459 4262 3552 4316 ἐπὶ
3590 4267 3722 4329 τοῖς

2137 4350 2447 4422 ἀναιροῦσιν
2504 4350 2681 4404 αὐτῶν
2738 4350 2838 4422 τὴν
2862 4353 3090 4423 ,αἵρεσιν
3135 4352 3386 4424 ἄχθονται
3409 4372 3424 4421 ;
3474 4357 3550 4410 Οὐ
3593 4360 3721 4428 γάρ

2136 4446 2283 4498 ἐστιν
2330 4443 2508 4506 αὐτοῖς
2533 4443 2822 4497 σκάνδαλον
2841 4444 2908 4497 τὰ
2933 4445 3152 4515 ῥήματα
3171 4464 3185 4477 ·
3216 4446 3351 4501 ἀλλά
3383 4447 3533 4518 λύπη
3563 4450 3722 4519 (26),

476 4534 635 4604 cippo
662 4534 929 4605 insculpta
974 4550 1130 4591 suam
1170 4536 1401 4591 basi-esin
1448 4537 1751 4591 traducant.
1792 4535 2033 4591 Desinite

2145 4537 2214 4588 5τι
2242 4533 2612 4606 στηλογραφία
2640 4533 2778 4588 κατά
2795 4535 2891 4605 τῆς
2906 4535 3155 4601 ἀσεϐείας
3180 4536 3358 4590 αὐτῶν
3377 4539 3546 4593 ἐστιν.
3567 4541 3727 4593 06x-

480 4631 642 4703 igitur
669 4631 929 4688 adversus
956 4630 1150 4688 Patres
1180 4642 1396 4688 nostros
1427 4631 1591 4702 599
1635 4632 1740 4687 hac
1772 4631 1838 4686 de
1867 4644 2034 4686 causa

2145 4625 2231 4679 οὖν
2262 4619 2539 4679 παύσασθε
2581 4620 2936 4695 γογγύζοντες
2979 4628 3120 4682 κατὰ
3162 4626 3268 4681 τῶν
3295 4628 3579 4700 Πατέρων,
3614 4630 3729 4684 καὶ

479 4725 892 4779 obmurmurare
923 4740 938 4777 :
977 4723 1179 4794 alioqui
1214 4732 1410 4790 restat,
1445 4733 1504 4777 ut
1552 4738 1768 4779 crucem
1815 4734 2037 4792 quoque

2145 4718 2357 4773 τοιαῦτα
2381 4717 2838 4791 προφασιζόμενοι
2864 4737 2878 4750 ·
2913 4721 3033 4773 ἐπεὶ
3069 4718 3187 4792 ὥρα
3225 4721 3367 4791 ὑμᾶς
3406 4722 3726 4793 καταμέμ-

482 4813 819 4869 Dominicam
850 4814 1201 4885 vituperetis,
1243 4815 1387 4886 quod
1424 4830 1488 4869 ea
1523 4811 1727 4869 Judaeis
1770 4813 1840 4869 sit
1874 4828 2036 4869 scan-

2145 4810 2330 4879 φεσθαι
2366 4812 2461 4865 καὶ
2497 4811 2574 4882 τῷ
2596 4811 2843 4882 κυριακῷ
2864 4812 3079 4884 σταυρῷ
3107 4812 3246 4884 (27),
3280 4814 3363 4865 ὃτι
3424 4813 3729 4879 Ἰουδαίοις

480 4905 686 4971 datum,
709 4904 958 4976 gentibus
993 4913 1172 4960 autem
1198 4904 1448 4970 stultitia,
1477 4915 1535 4961 ut
1564 4904 2030 4975 dixitApostolus.

2145 4900 2237 4972 μὲν
2266 4901 2557 4957 σκάνδαλόν
2590 4905 2770 4970 ἐστιν,
2805 4903 2979 4965 ἔθνεσι
3009 4902 3066 4958 δὲ
3107 4904 3284 4976 μωρία
3308 4942 3324 4967 ,
3364 4904 3442 4968 ὡς
3478 4899 3648 4958 εἶπεν
3692 4910 3729 4961 ὁ

475 4995 676 5053 Verum
713 4998 1170 5068 quemadmodum
1208 5015 1338 5054 crux
1375 5000 1517 5053 mala
1562 5014 1669 5054 non
1712 5006 1830 5062 est,
1876 4996 2033 5052 nobis

2148 4990 2481 5060 Ἀπόστολος.
2528 4995 2666 5048 Ἀλλ’
2686 4994 2872 5069 ὥσπερ
2899 4996 2960 5049 οὐ
2983 4993 3181 5065 φαῦλος
3202 4996 3229 5047 ὁ
3261 4995 3491 5062 σταυρὸς
3512 5012 3526 5025 ·
3568 4995 3732 5067 ἡμῖν

551 5154 594 5188 ⁸⁸
628 5154 815 5210 Matth.
845 5170 934 5220 xv,
972 5154 1056 5209 15.

694 5312 875 5391 _Editin
902 5314 1744 5391 βοηιιῃει..--διαμάχονται-[ηοω.
2132 5325 2310 5391 ζεσθε.

548 5321 637 5386 (l8
700 5321 875 5368 Editin
902 5321 1188 5375 Commel..
1222 5321 1554 5385 διαμάχονται
1589 5321 1744 5370 male.

545 5321 658 5469 ςὶὲἷ
694 5381 771 5469 Et?
801 5382 1023 5469 ιξεείειε·
1057 5383 1111 5469 '2
1139 5385 1304 5469 editis.
1332 5384 1843 5469 tet0.ir?V.des,SS.-..
1980 5466 1997 5469 ,

2145 5325 2315 5469 fg;
2354 5394 2574 5469 Regius.
2602 5394 2769 5469 abegi.
2805 5394 2944 5469 Editi
2972 5411 3123 5469 vero,
3171 5397 3327 5469 αύτά.
3370 5395 3542 5469 Paule
3586 5414 3735 5469 posr

544 5451 655 5524 (20)
698 5451 789 5509 Sic
822 5451 1039 5525 Regius,
1070 5453 1231 5511 Basil.
1257 5464 1311 5510 et
1337 5451 1572 5509 Felrktu.
1607 5452 1660 5507 ὅ.
1703 5451 1846 5507 Editi
1877 5466 2025 5519 vero,

474 5523 787 5598 tuuévoi.“
819 5592 830 5598 _
905 5595 932 5598 __
1200 5596 1209 5598 ξ
1316 5594 1328 5598 _
1396 5595 1418 5598 Δ

2145 5451 2355 5535 Regius,
2377 5451 2641 5522 οἱυτοῦτο.
2698 5451 2858 5530 Εὰἱιί,
2891 5468 2941 5520 οἱ
2990 5451 3339 5522 rauim—Mos
3376 5451 3634 5537 Regius:
3665 5451 3740 5523 τὸ

2145 5532 2463 5598 Ξαυμαστὸν,
2488 5538 2762 5591 mendose.

542 5591 660 5723 σειζ
697 5591 869 5649 Editio
894 5595 1103 5649 Comm.
1132 5596 1268 5656 sola,
1308 5594 1470 5663 ὑμᾶς.

548 5661 638 5723 (22
699 5659 773 5715 Ita
806 5653 1027 5723 Regius.
1061 5662 1114 5718 In
1146 5665 1303 5718 editis
1335 5679 1470 5721 \‘erO.

458 5720 463 5725 η
548 5653 660 5732 (22)
699 5659 786 5732 luta
806 5653 1027 5732 Regius.
1061 5662 1114 5718 In
1146 5653 1303 5718 editis
1335 5653 1478 5725 rero.
1503 5663 1618 5726 πῶς
1645 5662 1812 5717 deest.

546 5729 657 5797 (ἓξ)
695 5730 876 5793 θείαις
896 5729 1057 5787 'deest
1092 5734 1142 5785 in
1174 5732 1334 5785 Basil.
1366 5743 1420 5786 et
1444 5732 1678 5787 Frlckm.
1712 5733 1762 5785 5.

548 5800 657 5869 (24)
695 5797 929 5855 Felckm.
967 5801 1021 5865 '5,
1050 5800 1203 5855 τοῦτο
1245 5805 1462 5865 ποιεῖτε,
1493 5804 1584 5856 καὶ
1633 5803 1705 5875 μὴ
1763 5806 2000 5878 προφασί

2200 5604 2309 5676 (ἓϐ)
2348 5604 2569 5676 Begius,
2594 5605 2757 5676 λυπῇ,
2785 5606 2943 5661 male.

2128 5674 2331 5811 εἰς),
2350 5674 2453 5797 ’ξὺν
2484 5674 2742 5747 κυριακὸν
2777 5676 3027 5748 σταυρόν,
3058 5674 3296 5733 Felekm.
3327 5678 3382 5730 ε.
3422 5675 3581 5736 Ibid.
3610 5677 3716 5739 ne

2255 5783 2268 5809 ,
2306 5761 2364 5797 οτ
2400 5784 2414 5799 .
2960 5748 3016 5773 ην
