3966 6226
342 369 444 424 757

1758 363 1840 418 DE
1879 361 2182 420 SYNODIS.

3447 367 3547 424 ’758

343 485 530 550 ἀνάξια
579 485 672 538 καὶ
703 487 776 556 μὴ
823 487 1124 556 ἁρμόζοντα
1173 487 1297 557 περὶ
1344 485 1436 538 τοῦ
1471 485 1600 538 Υιοῦ
1641 485 1888 556 γράφειν.

1996 483 2346 554 congruentia
2377 483 2512 540 Filio
2546 487 2838 542 ascribere.
2873 485 3004 542 Nam
3031 487 3076 542 si
3105 485 3273 542 Filius
3307 498 3408 550 est.
3440 501 3546 542 non

342 575 532 646 Εἰγάρ
557 576 682 638 Υἱός
733 579 896 638 ἐστιν,
928 577 1026 630 οὐκ
1073 576 1186 630 ἔστι
1239 578 1468 646 κτίσμα·
1508 578 1555 629 εί
1604 577 1658 630 δὲ
1693 577 1896 646 κτίσμα

341 667 506 728 ἐστὶν,
540 667 638 720 οὐκ
669 665 813 718 ἐστιν
849 667 990 729 Υἱός.
1029 667 1259 720 Τοιαῦτα
1281 668 1336 720 δὲ
1359 667 1720 738 διανοούμενοι
1746 709 1760 732 ,
1797 669 1894 738 ἀρ·-

339 757 591 828 νήσονταί
645 775 742 812 που
771 759 859 811 καὶ
906 759 966 811 τὸ
993 759 1143 826 άγιον
1175 759 1412 830 λουτρὸν,
1445 761 1524 812 ὅτι
1576 761 1654 824 εἰς
1681 761 1895 830 Πατέρα

345 851 430 902 καὶ
455 851 534 911 είς
563 848 709 912 Υἰὸν,
741 851 832 902 καὶ
857 849 954 902 οὐκ
975 851 1052 912 εἰς
1085 851 1322 920 Κτίστην
1349 853 1442 903 καὶ
1464 851 1664 921 κτίσμα
1679 851 1893 914 δίδοται,

341 941 416 1003 ὡς
435 940 588 992 αὐτοὶ
617 940 937 1008 νομίζουσιν.
983 939 1212 991 Ἀλλ’-οὑ
1247 941 1551 1011 γέγραπται
1582 939 1770 1002 ταῦτα,
1797 957 1896 1010 φα-

343 1030 426 1082 σὶν
456 1029 588 1098 (44),
635 1029 726 1082 καί
765 1030 840 1092 ὡς
877 1029 1152 1102 ἀγράφους
1194 1031 1290 1093 τάς
1327 1031 1506 1098 φωνάς
1547 1029 1892 1100 ἐκϐάλλομεν.

353 1119 509 1172 Ἀλλὰ
541 1119 636 1172 καὶ
667 1119 822 1172 τοῦτο
856 1119 1012 1172 πάλιν
1047 1119 1314 1190 πρόφασίς
1340 1123 1484 1172 ἐστιν
1514 1123 1694 1184 αὐτοῖς
1742 1121 1894 1174 ἀναί-

341 1225 584 1278 σχυντος.
621 1209 684 1260 El
715 1207 822 1278 γάρ
859 1209 1119 1278 sumre:
1147 1207 1420 1277 νομίζουσι
1454 1209 1520 1262 τὰ
1547 1208 1620 1279 μὴ
1653 1225 1896 1281 γεγραμ-

342 1299 496 1368 μένα,
539 1299 630 1352 διὰ
660 1299 714 1350 τί
747 1299 854 1351 τῶν
886 1301 1012 1368 περ)¹
1047 1300 1258 1370 ’Ἄρειον
1299 1297 1357 1362 ἐξ
1383 1300 1644 1370 ἀγράφων
1681 1301 1896 1370 ἐπινοη-

341 1389 545 1442 σάντων
575 1391 823 1440 τοσοῦτον
855 1389 1132 1458 ῥηματίων
1167 1391 1448 1460 συρφετὸν,
1479 1391 1558 1452 τὸ,
1593 1390 1652 1454 ἐξ
1681 1391 1778 1443 οὐκ
1810 1391 1896 1444 δνο

337 1493 460 1542 των,
479 1479 572 1531 καὶ
593 1478 670 1537 τὸ.
701 1479 799 1530 οὑκ
817 1473 884 1548 ἦν
899 1481 924 1530 ὁ
947 1479 1068 1541 Υίδς
1091 1479 1216 1546 πρὶν
1239 1479 1464 1548 γεννηθῇ
1489 1497 1502 1508 ·
1522 1480 1632 1544 καὶ,
1653 1475 1719 1550 ἦν
1743 1497 1893 1544 ποτε,

337 1571 422 1622 ὅτε
443 1569 548 1621 οὐκ
569 1565 638 1639 ἦν
657 1585 670 1597 ⁶
704 1569 816 1632 καὶ,
837 1571 1076 1640 τρεπτός.
1095 1573 1208 1622 ἐστι
1227 1587 1240 1600 ·
1267 1572 1378 1632 καὶ,
1404 1571 1638 1641 ἄρρητος
1667 1571 1776 1640 (45)
1804 1572 1896 1624 καὶ

337 1657 562 1728 ἀόρατος
589 1663 615 1710 ὁ
645 1659 830 1730 Πατὴρ
859 1660 934 1730 τῷ
968 1660 1079 1728 Υἱῷ
1100 1677 1112 1690 ·
1135 1661 1248 1722 καὶ,
1273 1663 1302 1713 ό
1335 1661 1459 1724 Υἱὸς
1487 1662 1584 1714 οὐκ
1616 1657 1754 1715 οἶδεν
1776 1661 1894 1714 οὑδὲ

337 1749 430 1818 τὴν
457 1749 646 1801 ἑαυτοῦ
680 1749 894 1802 οὐσίαν·
933 1751 1023 1802 καὶ
1049 1750 1148 1804 ὅσα
1199 1753 1256 1804 ἐν
1289 1753 1354 1822 τῇ
1405 1751 1596 1822 γελοίῳ
1635 1753 1726 1804 καὶ
1764 1755 1892 1806 ἀσε-

338 1841 550 1913 ϐεῖμϐ)
589 1841 756 1912 Θαλία
783 1841 972 1896 ἑαυτοῦ
1005 1843 1214 1913 φρονῶν
1251 1843 1512 1915 ἐξήμεσεν
1551 1847 1766 1916 Ἄρειος
1795 1847 1892 1898 οὑκ

338 1935 742 2005 ἀπειρήκασιν,
775 1935 908 1988 ἀλλὰ
935 1938 1028 1990 καὶ
1057 1937 1252 2007 μᾶλλον
1296 1939 1434 2008 ὑπὲρ
1473 1939 1650 1992 αὐτῶν
1695 1941 1892 2007 ἀγωνί-

337 2023 536 2090 ζονται,
567 2027 660 2079 καὶ
683 2026 769 2078 διὰ
797 2025 967 2078 ταῦτα
995 2028 1128 2098 πρὸς
1169 2031 1290 2092 τοὺς
1341 2029 1450 2098 (47)
1489 2017 1734 2100 Πατέρας
1768 2033 1894 2084 ἐαυ-

335 2114 442 2168 τῶν
493 2113 866 2184 διαμάχονται.
929 2116 1022 2168 Ἐκ
1055 2117 1210 2178 ποίας
1261 2117 1314 2170 δὲ
1345 2118 1566 2188 Γραφῆς
1619 2121 1708 2172 καὶ
1743 2121 1894 2172 αὑτοὶ

335 2204 580 2275 εὑρόντες
601 2205 660 2257 τὸ
685 2205 942 2276 ἀγένητον
979 2205 1108 2274 (48),
1133 2206 1224 2257 καὶ
1255 2205 1312 2258 τὸ
1333 2207 1517 2269 οὐσίας
1549 2207 1734 2277 ὄνομα,
1777 2208 1889 2272 καὶ,

335 2297 478 2364 τρεῖς
503 2295 638 2350 εἰσιν
665 2295 1006 2358 ὑποστάσεις,
1039 2296 1148 2358 καὶ,
1179 2297 1277 2347 οὐκ
1316 2297 1460 2348 ἔστιν
1481 2297 1724 2366 ἀληθινὸς
1763 2299 1893 2362 θεὸς

333 2385 362 2438 ὁ
385 2385 639 2454 Χριστὸς,
669 2387 786 2448 καὶ,
814 2380 892 2448 εἷς
915 2388 1029 2438 ἔστι
1067 2385 1173 2438 τῶν
1203 2387 1394 2439 ἑκατὸν
1433 2387 1714 2458 προϐάτων
1733 2429 1746 2452 ,
1777 2389 1888 2455 καὶ,

333 2476 368 2542 ή
393 2473 490 2544 μὲν
523 2475 684 2542 σοφία
709 2474 802 2526 τοῦ
837 2475 970 2528 Θεοῦ
999 2475 1288 2546 άγέννητος
1337 2477 1428 2528 καὶ
1471 2475 1700 2548 ἄναρχός
1739 2479 1852 2529 ἐστι
1875 2517 1888 2540 ,

335 2563 524 2617 πολλαὶ
545 2565 602 2618 δέ
631 2567 762 2616 εἰσιν
791 2567 846 2618 αί
876 2565 1174 2618 κτισθεῖσαι
1195 2565 1472 2634 δυνάμεις,
1501 2559 1574 2618 ὦν
1605 2568 1700 2636 μία
1739 2569 1888 2620 ἐστὶν

332 2655 648 2725 όΧριστόςς
679 2656 746 2708 Ἦ
783 2655 897 2719 πῶς
925 2658 984 2710 ὲν
1015 2659 1130 2719 τοῖς
1169 2656 1476 2726 λεγομένοις
1541 2657 1888 2724 Ἐγκαινίοις,

327 2745 596 2816 ἀγράφοις
635 2748 965 2818 χρησάμενοι
1003 2745 1210 2812 λέξεσιν
1257 2749 1306 2799 οί
1341 2749 1468 2818 περὶ
1513 2749 1760 2802 Ἀκάκιον
1799 2751 1892 2802 καὶ

327 2835 608 2902 Εὑσέϐιον,
637 2837 732 2890 καὶ
759 2839 998 2901 είπόντες
1025 2838 1209 2900 οὐσίας
1249 2855 1308 2890 τε
1358 2839 1450 2891 καὶ
1479 2839 1778 2910 δυνάμεως,
1799 2842 1892 2893 καὶ

331 2927 546 2998 βουλῆς,
577 2929 668 2982 καὶ
697 2929 850 2999 δόξης
879 2930 1294 3000 ἀπαράλλακτον
1340 2931 1522 2984 εἰκόνα
1564 2931 1656 2983 τὸν
1695 2932 1892 3002 πρωτό-

327 3036 484 3072 τοκον
512 3020 611 3092 τῆς
639 3020 888 3084 κτίσεως,
923 3017 1246 3090 γογγύζουσι
1278 3020 1417 3074 κατὰ
1461 3021 1567 3074 τῶν
1615 3023 1888 3094 Πατέρων,

1997 585 2080 632 est
2107 583 2395 641 creatura;
2427 577 2510 632 sin
2545 587 2790 632 creatura
2821 587 2920 642 est,
2945 594 3049 632 non
3085 587 3166 633 est
3191 577 3379 634 Filius.
3435 577 3547 632 Hac

1997 683 2119 722 cum
2145 675 2322 722 mente
2349 669 2478 734 sint,
2509 683 2724 722 sacrum
2769 671 2928 722 etiam
2968 669 3229 736 baptisma
3265 669 3402 724 forte
3447 683 3544 722 ne-

1997 760 2220 830 gabunt,
2249 761 2376 829 quia
2407 763 2462 814 in
2499 759 2658 815 Patre
2683 772 2734 814 et
2753 759 2982 826 Filio,‘et
3004 775 3105 814 non
3137 761 3190 813 in
3214 759 3465 814 Creatore
3493 771 3546 816 et

1997 858 2244 903 creatura
2269 849 2451 912 datur,
2480 858 2641 918 prout
2667 849 2768 920 ipsi
2791 849 3044 903 sentiunt.
3083 847 3208 912 Sed,
3241 849 3412 908 aiunt,
3433 849 3544 904 lucc

1996 938 2194 1008 scripta
2227 953 2334 992 non
2365 947 2511 1004 sunt,
2539 953 2804 1010 vocesque
2837 937 2976 1004 illas,
3008 937 3152 1007 quod
3175 938 3228 990 in
3253 937 3546 1006 Scripturis

1997 1043 2101 1082 non
2121 1027 2435 1092 habeantur,
2455 1027 2750 1098 rejicimus.
2774 1027 2874 1084 Sed
2897 1031 3036 1084 banc
3053 1029 3128 1083 illi
3149 1028 3542 1084 cavillationem
3565 1075 3572 1082 .

1997 1118 2464 1186 impudentissime
2497 1119 2794 1190 proferunt.
2817 1119 2871 1174 Si
2898 1121 3040 1176 enim
3083 1121 3241 1176 verba
3280 1135 3384 1174 non
3415 1121 3548 1186 seri-

1996 1219 2085 1279 pta
2119 1219 2303 1278 putant
2345 1211 2632 1280 rejicienda
2663 1253 2678 1279 ,
2727 1229 2892 1282 quare
2925 1213 3054 1268 A-rio
3087 1229 3191 1268 non
3235 1213 3544 1278 obsistunt,

1997 1299 2088 1367 qui
2118 1308 2193 1351 tot
2227 1300 2670 1354 sententiolarum
2720 1317 2839 1371 qua:
2873 1303 2926 1356 in
2975 1301 3266 1370 Seripturis
3306 1317 3412 1356 non
3459 1302 3549 1355 ha-

1997 1389 2192 1442 bentur
2229 1389 2508 1443 eolluviem
2549 1393 2871 1461 excogitavit
2903 1393 3124 1461 :quales
3163 1401 3310 1460 sunt,
3339 1407 3402 1446 ex
3440 1409 3547 1446 non

1996 1481 2378 1545 exstantibus;
2417 1489 2490 1544 et,
2525 1497 2632 1535 non
2654 1489 2770 1536 erat
2815 1481 2988 1536 Filius
3029 1491 3320 1550 antequam
3360 1483 3548 1552 gigne-

1995 1581 2143 1624 retur
2173 1581 2280 1636 ;et,
2307 1581 2424 1626 erat
2455 1581 2664 1642 tempus
2691 1589 2800 1642 quo
2830 1589 2934 1627 non
2967 1583 3084 1628 erat
3120 1593 3133 1638 ;
3172 1583 3244 1638 et,
3273 1575 3548 1628 nmtabilis

1995 1671 2080 1714 est
2115 1677 2128 1725 ;
2165 1671 2238 1728 et,
2275 1660 2558 1717 incﬂ'abilis
2581 1671 2634 1716 et
2679 1662 2965 1718 invisibilis
2987 1671 3068 1716 est
3091 1661 3248 1716 Pater
3271 1661 3443 1726 Filio;
3474 1671 3544 1728 et,

1999 1747 2166 1804 Filius
2221 1765 2329 1805 non
2379 1751 2528 1805 novit
2576 1766 2730 1805 suam
2781 1750 3162 1816 substantiam,
3196 1759 3248 1803 et
3267 1751 3549 1818 quaslibet

1973 1840 2129 1894 'alias
2155 1841 2272 1908 ejus
2300 1841 2616 1904 sententias,
2654 1855 2791 1910 quas
2821 1840 2874 1894 in
2899 1840 3125 1895 ridicula
3145 1848 3198 1894 et
3215 1839 3388 1909 impia
3407 1839 3549 1894 Tita-

1995 1929 2064 1981 lia
2096 1945 2206 1982 sua.
2241 1929 2518 1996 evomuit,
2551 1929 2659 1984 imo
2693 1929 2872 1998 potius
2919 1943 3012 1984 eas
3055 1929 3129 1982 illi
3183 1939 3546 1999 propugnant,

1995 2035 2114 2088 quae
2140 2035 2302 2074 causa
2345 2021 2451 2076 illis
2475 2030 2556 2075 est
2587 2029 2648 2074 ut
2683 2035 2806 2075 eum
2839 2019 3090 2074 Patribus
3123 2021 3284 2074 etiam
3309 2023 3424 2074 suis
3452 2019 3548 2075 de-

1995 2121 2222 2166 certcnt.
2255 2111 2310 2164 In
2341 2113 2540 2180 quibus
2569 2121 2752 2166 autem
2784 2109 3078 2180 Seripturis
3103 2111 3218 2164 brec
3251 2109 3356 2178 ipsi
3393 2111 3549 2162 inve-

1995 2217 2142 2268 nere,
2167 2217 2274 2255 non
2311 2189 2532 2268 factum,
2567 2212 2624 2257 et
2663 2217 2858 2258 nomen
2905 2202 3216 2257 substantiae
3245 2217 3259 2266 ;
3291 2209 3380 2264 et,
3441 2211 3550 2256 tres

1993 2300 2120 2347 sunt
2151 2293 2469 2362 hypostases
2501 2309 2515 2358 ;
2547 2303 2618 2359 et,
2645 2292 2894 2348 Christus
2918 2308 3024 2347 non
3047 2301 3130 2347 est
3161 2306 3322 2346 verus
3369 2289 3546 2355 Deus;

1993 2393 2065 2448 et,
2101 2382 2148 2438 is
2187 2399 2294 2438 una
2321 2395 2404 2438 est
2433 2399 2494 2438 ex
2522 2397 2736 2439 centum
2772 2385 2963 2440 ovibus
2995 2393 3104 2450 :et,
3133 2381 3408 2452 Sapientia
3430 2382 3554 2452 qui-

1993 2475 2115 2530 dem
2159 2474 2248 2530 Dei
2287 2477 2523 2546 ingenita
2554 2476 2744 2532 etsine
2771 2475 3037 2546 principio
3079 2483 3194 2540 est,
3240 2475 3424 2528 multae
3452 2489 3550 2528 au-

1993 2573 2098 2618 tem
2125 2573 2254 2618 sunt
2280 2566 2504 2618 virtutes
2529 2573 2745 2630 creatae,
2765 2578 2997 2632 quarunt
3025 2577 3134 2616 una
3155 2571 3238 2616 est
3257 2561 3512 2615 Christus
3529 2561 3554 2612 ἲ

1993 2659 2100 2710 Αυι
2133 2672 2248 2720 cur,
2286 2671 2408 2710 eum
2462 2657 2514 2710 in
2571 2655 2863 2721 Enczeniis,
2897 2666 2954 2710 ut
3009 2662 3228 2720 vocant,
3259 2653 3438 2708 verbis
3483 2667 3552 2708 ει

1995 2748 2272 2818 Scriptura
2308 2765 2413 2804 non
2440 2748 2738 2817 desumptis
2783 2747 2868 2802 usi
2909 2747 3142 2802 Aeacius
3177 2756 3230 2801 et
3262 2745 3548 2811 Eusebius,

1993 2842 2227 2896 dixerint
2257 2841 2674 2911 primogenitum
2715 2849 2981 2893 creatura:
3015 2853 3136 2893 esse
3161 2839 3280 2891 sine
3317 2837 3552 2892 dissimi-

1991 2933 2219 2987 litudine
2253 2933 2543 3000 imaginem
2575 2930 2912 2994 substantiae,
2941 2929 3212 2997 potentiae,
3247 2929 3460 2984 consilii
3495 2936 3549 2982 ct

1993 3026 2211 3096 gloriae,
2255 3025 2515 3078 adversus
2547 3022 2735 3076 Patres
2756 3023 2868 3091 jam
2903 3021 3356 3086 obmurmurant,
3407 3022 3586 3090 quod:

335 3112 408 3175 ὡς
437 3113 698 3182 ἀγράφων
748 3111 924 3166 αὐτῶν
972 3114 1456 3183 μνημονευσάντων
1509 3113 1616 3183 (49)
1673 3115 1886 3180 λέξεων,

1993 3117 2282 3172 verborum
2315 3131 2436 3184 quae
2487 3113 2542 3166 in
2587 3112 2866 3182 Scriptura
2901 3127 3008 3164 non
3057 3118 3273 3165 exstant
3323 3111 3552 3164 mentio—

331 3206 422 3257 καὶ
442 3203 628 3266 οὐσίας
659 3204 1138 3274 μνημονευσάντων
1155 3205 1327 3270 ;Ἔδει
1351 3205 1456 3275 γὰρ
1485 3206 1678 3268 αὐτοὺς
1705 3206 1746 3276 ἢ
1770 3205 1891 3258 καθ’

331 3292 536 3348 ἑαυτῶν
571 3293 878 3363 γογγύζειν,
914 3294 962 3364 ῆ’
973 3295 1136 3366 μηδὲν
1163 3295 1286 3356 τοὺς
1319 3294 1565 3365 Πατέρας
1587 3293 1888 3348 αἰτιᾶσθαι.

396 3537 484 3602 57,
513 3537 576 3589 El
616 3537 714 3607 μὲν
731 3535 838 3608 (50)
872 3531 963 3590 οὖν
991 3535 1136 3588 ἄλλοι
1167 3533 1308 3597 τινὲς
1331 3531 1756 3604 ἐπροφασίζοντο
1793 3531 1892 3594 τὰς

333 3629 428 3698 τῆς
469 3627 684 3681 συνόδου
717 3627 906 3692 λέξεις,
937 3625 1194 3696 ὴὸὑναντό
1225 3643 1340 3688 πως
1367 3625 1398 3696 ἢ
1424 3624 1642 3692 ἀγνοίας
1680 3625 1712 3694 ἢ
1737 3623 1891 3676 εὑλα-

333 3717 482 3782 Θείας
519 3719 774 3772 ὑπόνοιαν
825 3718 996 3788 ἔχειν·
1033 3717 1124 3769 καὶ
1175 3717 1302 3784 περὶ
1337 3716 1432 3785 μὲν
1473 3715 1742 3785 Γεωργίου
1797 3714 1888 3767 τοῦ

333 3805 693 3870 Καππάδοκος
721 3807 812 3859 τοῦ
845 3807 1193 3878 ἐκϐληθέντος
1223 3807 1334 3878 (51)
1364 3805 1470 3857 ἀπὸ
1498 3805 1595 3874 τῆς
1650 3803 1890 3869 Ἀλεξαν-

330 3897 509 3966 δρείας
533 3899 690 3966 λόγος
713 3899 910 3962 οὐδείς·
947 3897 1233 3972 ἀνθρώπου
1271 3899 1405 3967 μήτε
1457 3898 1520 3948 ἐκ
1561 3897 1889 3966 προάγοντος

333 3991 444 4057 {Sion
475 3991 574 4061 τὴν
599 3990 900 4064 μαρτυρίαν
927 3991 1156 4062 ἔχοντος,
1207 3991 1342 4060 μήτε
1383 3988 1520 4050 ὅλως
1561 3986 1886 4058 Χριστιανοῦ

329 4081 702 4152 τυγχάνοντος,
733 4081 866 4134 ἀλλὰ
901 4083 1056 4152 μόνον
1086 4081 1516 4151 ὑποκριναμένου
1539 4079 1625 4134 διὰ
1655 4080 1744 4130 τὸν
1767 4097 1887 4132 και·-

337 4173 424 4244 ρὸν
457 4175 572 4246 (52)
606 4174 667 4227 τὸ
709 4174 874 4244 όνομα
900 4214 914 4236 ,
961 4175 1053 4228 καὶ
1095 4174 1360 4244 πορισμὸν
1414 4172 1760 4243 ἡγησαμένου
1790 4172 1887 4242 τὴν

331 4265 638 4321 εὐσέϐειαν·
671 4267 752 4320 διὸ
783 4266 900 4320 οὐδὲ
934 4265 1201 4337 μέμψαιτο
1238 4267 1302 4320 ἄν
1329 4283 1412 4329 τις
1447 4266 1607 4318 αὑτὸν
1643 4265 1884 4328 εἰκότως,

331 4359 588 4413 πταίοντα
607 4360 732 4429 περὶ
753 4359 849 4429 τὴν
872 4357 1069 4422 πίστιν,
1093 4357 1372 4428 ἄνθρωπον
1397 4357 1532 4428 μήτε
1557 4356 1732 4410 εἰδότα
1759 4357 1886 4426 περὶ

328 4445 399 4506 ὧν
425 4451 593 4520 λέγει,
631 4453 766 4522 μήτε
796 4452 920 4522 περὶ
952 4444 1024 4503 ὧν
1078 4449 1496 4508 διαϐεϐαιοῦται.
1551 4449 1684 4502 ἀλλὰ
1727 4451 1880 4511 πᾶσι,

331 4543 466 4598 κατὰ
505 4544 569 4596 τὸ
603 4542 1000 4614 γεγραμμένον,
1058 4541 1132 4604 ὡς
1171 4542 1375 4610 κέπφον
1435 4541 1544 4610 (55)
1588 4540 1882 4593 ἐπακολου-

331 4635 522 4689 θοῦντα
544 4653 556 4664 ’
596 4635 844 4698 ’Δκάκιος
869 4634 925 4686 δὲ
959 4634 1050 4688 καὶ
1083 4633 1327 4698 Εὑδόξιος
1351 4672 1380 4702 ,η
1402 4633 1494 4684 καὶ
1527 4631 1882 4700 Πατρόφιλος,

331 4726 494 4786 ταῦτα
519 4727 787 4795 λέγοντες,
820 4725 934 4789 πῶς
963 4727 1060 4779 οὑκ
1089 4725 1224 4792 ἄξιοι
1249 4724 1426 4794 πάσης
1455 4725 1560 4777 εἰσὶ
1601 4723 1883 4792 καταγνώ-

395 4882 440 4916 ⁸⁶
463 4883 624 4939 Prov.
658 4899 754 4944 vn,
779 4883 870 4936 2‘2.

396 5033 507 5102 (ul
547 5034 784 5088 Felckm.
817 5035 872 5094 5,
908 5035 1056 5103 φησί.

397 5103 510 5175 (45)
551 5105 930 5175 Καὶ-ἄρρητος
961 5106 1174 5175 abestwa
1205 5103 1530 5175 lj'elclun._3.

397 5172 506 5242 (46)
547 5173 640 5228 Sic
665 5172 796 5242 Reg.
825 5172 992 5226 codex
1014 5183 1068 5227 et
1099 5173 1411 5242 Felekmﬁ’).
1445 5172 1584 5242 Editi
1617 5187 1766 5235 vero,
1793 5175 1886 5227 καὶ

331 5241 507 5300 ἀσεϐεῖ
535 5241 702 5298 αὐτοῦ
729 5241 939 5308 ἑαυτοῦ,
957 5243 1152 5313 inepte.
1173 5242 1292 5296 Mox
1319 5241 1556 5297 Felekm.
1581 5243 1636 5306 5,
1665 5243 1764 5295 οὐκ
1783 5245 1894 5296 άν-.

331 5329 698 5366 τιοοηκεισαν.

384 5315 698 5384 ρῤήκεισαν.

397 5384 506 5450 (47)
545 5383 708 5445 ΕιΙὶιί,
731 5383 828 5436 καὶ
860 5383 994 5452 πρὸς
1018 5381 1164 5443 τούς,
1193 5383 1285 5434 sed
1316 5379 1408 5452 καί
1435 5381 1582 5452 deest.
1615 5382 1673 5452 in
1693 5379 1878 5451 Regio.

331 5449 445 5506 Mc:
479 5452 718 5506 Felckm.
749 5453 802 5514 5,
830 5449 1280 5522 διαμάχονται.Ἢ
1311 5449 1428 5522 πῶς
1453 5451 1511 5504 ὲν
1531 5455 1640 5514 τοῖς
1664 5449 1884 5522 λεγᾷμέ·

329 5537 436 5592 νοις
474 5523 738 5590 ὲγγενίοις
783 5523 903 5592 (sic)
926 5519 1194 5592 ἀγράφοις
1239 5519 1596 5590 χρησάμενος,
1663 5519 1882 5576 omissis

330 5591 393 5646 de
417 5607 568 5646 more
593 5591 802 5646 multis.

373 5661 504 5730 με)
545 5662 638 5716 Sic
671 5661 799 5716 edit.
831 5661 1091 5717 Commel.
1117 5671 1170 5718 et
1203 5676 1390 5718 omnes
1423 5676 1552 5717 mss.
1583 5659 1720 5716 Editi
1753 5675 1878 5714 vero

331 5729 518 5798 Paris,
543 5732 854 5802 ἀγέννητον.

1992 3224 2114 3264 nem
2133 3207 2377 3274 fecerint,
2400 3217 2453 3260 et
2479 3204 2796 3258 substantia:
2816 3203 2973 3273 θοι
2995 3217 3179 3258 vocem
3199 3199 3552 3270 usurparinti
3585 3233 3590 3240 ε

1991 3301 2098 3355 Par
2131 3300 2230 3354 fuit
2261 3299 2404 3353 enim
2438 3313 2534 3352 eos
2577 3305 2669 3350 aut
2709 3307 2896 3350 contra
2939 3309 2998 3350 se
3037 3295 3185 3365 ipsos
3235 3293 3552 3355 obnturntu-
3587 3347 3592 3352 ,

1993 3409 2135 3460 rare,
2166 3401 2259 3445 aut
2289 3389 2423 3444 nihil
2445 3387 2632 3443 Patres
2659 3386 2960 3442 criminari.

2061 3527 2149 3582 57.
2188 3526 2240 3580 Si
2269 3526 2432 3596 igitur
2464 3524 2684 3594 quidam
2712 3524 2802 3578 alii
2823 3539 2889 3578 ex
2921 3523 3113 3594 synodi
3163 3523 3343 3584 verbis
3389 3535 3578 3590 occa;.

1993 3619 2198 3674 sionem
2225 3618 2545 3686 arriperent,
2573 3605 2815 3684 suspicio
2839 3623 2987 3669 esset
3013 3629 3108 3670 eos
3127 3614 3211 3676 vel
3237 3611 3548 3683 ignorantia

1989 3712 2074 3765 vel
2110 3711 2367 3780 religione
2394 3709 2444 3762 id
2475 3708 2650 3762 facere
2687 3723 2702 3770 ;
2753 3721 2926 3774 neque
2957 3720 3087 3762 vero
3111 3705 3198 3758 hic
3237 3718 3416 3758 sermo
3453 3703 3548 3770 ita:

1989 3801 2148 3856 betur
2195 3800 2260 3853 de
2315 3799 2547 3868 Georgio
2576 3796 2910 3864 Cappadoce,
2945 3794 3038 3863 qui
3081 3793 3404 3848 Alexandria
3449 3805 3544 3846 ex-

1989 3903 2145 3947 actus
2173 3901 2274 3956 est,
2307 3895 2424 3944 viro
2471 3891 2564 3959 qui
2615 3906 2716 3944 nec
2739 3907 2810 3952 ex
2857 3887 3120 3960 praeterita
3169 3886 3291 3940 vitae
3329 3885 3547 3938 ratione

1990 3984 2422 4047 commendatur,
2447 3997 2548 4036 nec
2581 3981 2692 4038 ullo.
2716 3981 2874 4044 modo
2902 3979 3246 4034 Christianus
3273 3987 3356 4034 est
3385 3995 3400 4032 :
3451 3978 3546 4031 sed

1989 4085 2208 4146 propter
2231 4074 2714 4144 opportunitatem,
2735 4071 3038 4144 Christiani
3071 4085 3268 4136 nomen
3293 4069 3548 4132 simulate

1989 4169 2240 4239 sumpsit,
2278 4181 2332 4224 et
2352 4169 2602 4238 pietatem
2627 4175 2868 4236 quaestus
2907 4164 3025 4218 loco
3051 4162 3262 4218 habuit.
3293 4160 3542 4230 Quapro-

1987 4271 2106 4331 pter
2133 4275 2294 4316 nemo
2320 4275 2444 4315 eum
2471 4260 2595 4328 jure
2615 4259 2874 4329 arguerit,
2910 4255 3054 4326 quod
3086 4255 3232 4310 circa
3275 4254 3432 4308 ﬁdem
3467 4253 3547 4306 la-

1987 4353 2166 4416 batur,
2201 4352 2494 4416 hominem,
2518 4350 2610 4419 qui
2641 4363 2816 4418 neque
2841 4348 2992 4401 novit
3007 4361 3133 4416 quae
3163 4346 3321 4410 dicit,
3357 4359 3456 4398 nec
3479 4343 3546 4396 de

1987 4445 2186 4513 quibus
2243 4442 2496 4508 allii-mat,
2531 4441 2625 4495 sed
2672 4453 2882 4504 omnes,
2940 4438 3023 4500 uti
3072 4437 3330 4504 scriptum
3363 4433 3542 4498 est",

1989 4537 2156 4591 veluti
2183 4537 2331 4598 larus
2353 4533 2676 4603 insequitur.
2712 4533 2848 4586 Cum
2873 4539 3052 4592 autem
3075 4529 3328 4592 Aeacius,
3361 4525 3544 4578 Eudo-

1989 4629 2112 4683 xius
2138 4637 2190 4682 et
2221 4625 2564 4695 Patropbilus
2595 4625 2708 4678 haec
2732 4623 2934 4686 dicant,
2967 4622 3241 4692 quomodo
3269 4633 3374 4672 non
3397 4615 3545 4670 omni

1987 4721 2338 4784 damnatione
2363 4719 2514 4790 digni
2544 4719 2707 4774 sunt?
2731 4715 2889 4780 Nam,
2919 4728 3042 4770 eum
3086 4712 3190 4780 ipsi
3238 4721 3454 4779 quoque
3477 4720 3540 4762 ea

2056 5039 2184 5104 (49)-
2205 5037 2439 5092 ΡεΙειιιη.
2469 5036 2521 5094 5;
2559 5052 2660 5105 μνη
2671 5031 3050 5105 μονευθέντων.

2055 5101 2166 5174 (50)
2201 5109 2344 5162 Felc.
2370 5108 2423 5170 5,
2449 5101 2622 5178 Εἴπερ
2651 5101 2786 5178 οὖνι
2827 5173 2872 5178 __
3015 5166 3064 5178 η
3310 5162 3323 5178 ι
3389 5163 3400 5176 ,

2055 5161 2163 5246 (51)
2201 5161 2422 5246 Regius,
2444 5161 2610 5228 code?
2631 5214 2655 5246 ,_
2681 5171 2787 5246 fro-3
2827 5166 3188 5246 Κάππάδοκοέ
3233 5162 3356 5246 ,καί
3386 5161 3536 5246 ἐκϐς.

1985 5234 2162 5300 Feb-lt:
2194 5249 2246 5312 5,
2279 5234 2382 5299 Ἷτοῦ
2428 5243 2794 5300 Καππαδόκου
2831 5239 2924 5292 τοῦ
2970 5235 3112 5290 ὲκ6-.
3149 5234 3358 5302 Reliqui
3395 5243 3452 5286 ut
3483 5234 3538 5288 in

1983 5328 2150 5370 textu.

2057 5369 2168 5457 (39.)
2205 5385 2294 5457 Sic
2323 5385 2522 5457 Regius
2555 5380 2746 5457 codex,
2793 5375 3104 5431 Basiliensis
3127 5383 3181 5427 et
3211 5369 3444 5426 Felckm.
3479 5369 3536 5424 5.

1981 5452 2158 5516 Εᾱὶιί,’
2179 5455 2285 5508 ἀπὸ
2307 5455 2396 5507 τὸν
2411 5452 2630 5522 ίκαιρόντ
2837 5515 2898 5522 ___
3181 5513 3195 5522 _
3359 5512 3370 5521 .

2052 5508 2432 5594 (55)]ῖε1ειιω.
2467 5508 2536 5582 5,’
2568 5519 2794 5594 κέπφος.
2827 5515 2939 5594 llic
2978 5523 3154 5594 autem
3175 5513 3334 5594 locus
3357 5512 3428 5563 ita
3444 5508 3536 5594 .10:

1981 5577 2422 5714 git‘ur'lgroverb.
2467 5577 2572 5653 vit,
2609 5577 2710 5642 22':
2757 5577 2786 5640 ό
2821 5586 2878 5638 δὲ
2924 5581 3356 5654 ἐπηκολούθησεν
3399 5577 3540 5654 αὐτῇ

1981 5683 2174 5714 κεπωω
2210 5679 2307 5714 εις.

1981 5679 2307 5734 κεπφωοεις.
