3966 6226
460 410 559 468 759

1013 408 1072 463 S.
1109 406 1483 462 ATHANASII
1524 405 1673 461 OPP.
1715 405 1896 461 PARS
1932 403 1973 459 Ι.
2012 435 2082 445 -
2117 404 2487 463 HISTORICA
2518 405 2606 463 ET
2644 406 3066 463 DOGMATlCA.

3537 407 3640 463 760

454 524 769 596 scripserint
799 539 921 595 quae
941 522 996 579 in
1023 523 1319 593 Scripturis
1344 538 1451 577 non
1476 523 1762 588 habentur,
1791 534 1845 578 et
1865 537 2007 593 saepe

2109 540 2276 590 σεως;
2308 524 2608 605 Γράφοντες
2630 524 2743 596 (54)
2784 524 2890 595 γὰρ
2925 524 3144 595 ἄγραφα
3184 525 3278 578 καὶ
3322 523 3472 578 αὐτοί
3493 564 3509 591 ,
3548 527 3643 580 καὶ

452 614 769 671 substantiae
799 629 995 670 nomen
1025 622 1086 668 ut
1115 628 1331 680 sanum,
1366 612 1600 667 maxime
1632 621 1852 683 propter
1897 611 2006 668 Eu-

453 707 589 764 sebii
612 704 919 777 epistolam,
951 704 1274 774 receperint,
1299 704 1535 773 majores
1555 717 1686 758 suos
1729 718 1874 759 nunc
1898 702 2007 757 cri-

454 799 750 865 minantur,
806 796 951 868 quod
985 795 1298 865 hujusmodi
1363 795 1473 849 sint
1526 794 1610 849 usi
1639 794 1835 849 verbis.
1893 792 2005 861 imo

454 905 577 946 cum
596 889 697 960 ipsi
724 902 940 959 quoque
971 885 1417 948 dixerintFilium
1442 900 1565 977 esse
1591 884 1762 967 Deum
1784 901 1849 941 ex
1873 884 2005 952 Deo,

454 997 519 1045 ac
550 977 782 1047 Verbum
808 979 1015 1042 vivens,
1045 978 1362 1033 substantiae
1391 977 1569 1061 Patris
1598 977 1885 1048 imaginem
1912 992 2008 1048 per

454 1071 636 1128 omnia
657 1072 910 1138 similem,
937 1070 1048 1141 jam
1103 1070 1347 1126 Nicaenos
1380 1068 1570 1145 Patres
1626 1069 2003 1133 criminantur,

455 1162 598 1233 quod
623 1163 885 1228 dixerint,
913 1178 977 1217 ex
1030 1163 1360 1227 substantia,
1396 1177 1460 1216 ac
1489 1160 2006 1239 consubstantialem

455 1268 574 1309 esse
598 1252 828 1324 genitori
850 1252 1109 1323 genitum.
1152 1250 1294 1321 Quid
1340 1251 1537 1306 mirum
1572 1257 1751 1305 autem
1794 1250 1838 1305 si
1882 1265 2006 1305 cum

456 1344 777 1415 majoribus,
808 1352 861 1399 et
893 1360 1015 1399 eum
1049 1344 1296 1415 patribus
1328 1343 1442 1398 suis
1466 1348 1747 1427 pugnant,
1776 1341 1868 1395 ubi
1903 1341 2005 1410 ipsi

458 1452 643 1500 secum
673 1445 988 1497 concertant
1030 1437 1084 1501 in
1126 1450 1289 1506 seque
1321 1435 1466 1505 ipsos
1491 1433 1840 1503 impingunt?
1869 1432 2005 1487 Cum

455 1526 601 1582 enim
628 1525 926 1584 Antiochi-.2
951 1525 1006 1581 in
1036 1525 1327 1592 Encaaniis,
1365 1532 1425 1579 ut
1466 1530 1692 1587 vocant,
1736 1523 2008 1578 declaras-

457 1629 578 1679 sent
608 1618 806 1675 Filium
832 1634 953 1674 esse
978 1617 1295 1673 substantiae
1329 1615 1506 1670 Patris
1565 1614 1683 1670 sine
1711 1614 1819 1667 ulla
1848 1612 2007 1668 dissi-

457 1709 762 1766 militudine
785 1708 1098 1781 imaginem,
1140 1707 1525 1779 iurassentque
1553 1692 1613 1768 se
1659 1705 1733 1760 ita
1782 1704 2005 1769 sentire,

457 1817 524 1858 ac
557 1816 653 1858 eos
683 1800 777 1871 qui
799 1800 954 1856 aliter
976 1799 1237 1855 sentirent
1258 1797 1600 1859 anathemate
1636 1796 2003 1860 damnassent,

2104 614 2491 687 ἀποδεξάμενοι
2513 615 2767 685 πολλάκις
2786 617 2860 679 ὡς
2881 615 3041 673 καλὸν
3065 614 3234 686 τὸτῆς
3257 616 3442 680 οὐσίας
3456 616 3643 688 ὄνομα,

2108 702 2339 773 μάλιστα
2372 704 2465 757 καὶ
2493 703 2581 757 διὰ
2606 704 2703 777 τὴν
2726 703 3010 779 ἐπιστολὴν
3038 704 3292 779 Εὐσεϐίου
3313 745 3327 770 ,
3365 705 3641 760 αἰτιῶνται

2105 792 2198 871 νῦν
2228 795 2350 857 τοὺς
2378 795 2481 866 πρὸ
2508 795 2702 860 αὐτῶν,
2740 796 2814 860 ὡς
2845 780 3116 859 τοιαύταις
3150 782 3525 868 χρησαμένους
3557 797 3644 854 λέ-

2107 883 2270 951 ξεσιν.
2321 885 2476 941 Ἀλλὰ
2508 887 2598 940 καὶ
2629 886 2868 950 εἰπόντες
2909 875 3061 940 αὐτοί
3093 885 3225 940 Θεὸν
3254 886 3319 940 ὲκ
3359 886 3490 940 Θεοῦ
3510 926 3524 951 ,
3554 888 3646 941 καὶ
3716 940 3720 947 ,

2104 964 2273 1047 Λόγον
2305 978 2501 1043 ζῶντα,
2558 979 2655 1048 τῆς
2707 979 2893 1042 οὐσίας
2944 978 3036 1032 τοῦ
3090 979 3301 1051 Πατρὺς
3347 979 3648 1049 ἀπαράλλα-

2105 1087 2229 1124 κτον
2256 1070 2363 1142 (55)
2385 1070 2564 1124 εἰκόνα
2582 1070 2671 1124 τὸν
2690 1069 2834 1137 Υἰὸν,
2853 1069 3211 1141 κατηγοροῦσι
3231 1069 3337 1125 τῶν
3366 1073 3423 1125 ὲν
3450 1071 3649 1143 Νικαία

2105 1163 2362 1216 εἰπόντων
2391 1161 2522 1243 (56),
2554 1164 2617 1215 ὲκ
2642 1162 2740 1232 τῆς
2761 1161 2963 1227 οὐσίας,
2986 1163 3078 1216 καὶ
3104 1161 3381 1233 ὁμοούσιον
3414 1163 3503 1216 τὸν
3532 1180 3650 1231 γεν-

2105 1252 2330 1324 νηθέντα
2352 1253 2428 1324 τῷ
2455 1254 2820 1325 γεγεννηκότι.
2847 1253 2911 1307 Τί
2931 1253 2988 1307 δὲ
3017 1253 3319 1324 θαυμαστὸν
3345 1256 3393 1307 εἰ
3416 1257 3525 1318 τοῖς
3547 1253 3651 1325 πρὸ

2106 1344 2281 1400 αὐτῶν
2315 1345 2408 1399 καί
2438 1348 2550 1411 τοῖς
2581 1336 2730 1410 ἰδίοις
2761 1347 2994 1418 πατράσι
3022 1347 3405 1419 διαμάχονται,
3431 1346 3562 1398 ὅπου
3589 1362 3652 1413 γε

2105 1438 2198 1493 καὶ
2224 1439 2376 1493 αὐτοί
2398 1440 2609 1502 ἑαυτοῖς
2637 1430 3050 1510 ἐναντιούμενοι,
3066 1443 3175 1511 τοῖς
3204 1439 3407 1493 ἑαυτῶν
3432 1436 3656 1506 προσκό-

2106 1545 2357 1595 πτουσιν;
2396 1528 2699 1599 Ἐκθέμενοι
2744 1528 2852 1600 γὰρ
2875 1530 2931 1583 ὲν
2961 1532 3070 1593 τοῖς
3092 1528 3399 1599 λεγομένοις
3443 1527 3655 1594 Ἐγκαιο

2106 1618 2236 1682 νίοις
2259 1620 2316 1672 ὲν
2351 1618 2646 1690 Ἀντιοχείᾳ
2673 1621 2771 1689 τῆς
2799 1618 2983 1683 οὐσίας
3016 1618 3111 1673 τοῦ
3157 1618 3366 1690 Πατρὸς
3416 1615 3657 1688 ἀπαράλ-

2107 1709 2298 1764 λακτον
2330 1711 2509 1766 εἰκόνα
2541 1708 2676 1764 εἶναι
2706 1710 2796 1764 τὸν
2818 1711 2961 1779 Υἰὸν,
2979 1711 3271 1782 ὀμόσαντες
3298 1728 3356 1771 τε
3388 1709 3498 1780 (57)
3520 1707 3658 1763 οὕτω

2109 1804 2340 1875 φρονεῖν,
2360 1803 2452 1856 καὶ
2475 1801 2959 1874 ὰναθεματίσαντες
2982 1803 3107 1865 τοὺς
3125 1802 3296 1865 ἄλλως
3314 1792 3654 1880 φ’ρονούντας,

458 1894 570 1949 imo
586 1892 640 1947 in
662 1892 870 1948 Isauria
903 1891 1286 1961 scripsissent:
1317 1888 1433 1943 Non
1470 1887 1768 1965 refugimus
1783 1889 2009 1944 authen-

2109 1872 2241 1948 ἀλλὰ
2271 1892 2379 1965 γὰρ
2411 1892 2504 1946 καὶ
2534 1895 2591 1946 ὲν
2616 1872 2682 1967 τῇ
2728 1893 2968 1969 Ἰᾳαυρίᾳ
2994 1891 3296 1963 γράψαντες
3318 1908 3331 1922 ⁸
3364 1893 3437 1945 Οὐ
3470 1874 3660 1960 φεύγο-

457 1985 618 2053 ticam
652 1982 810 2039 lidem
869 1983 925 2040 in
969 1980 1238 2038 Encaeniis
1283 1980 1585 2038 Antiochi-aa
1624 1979 1822 2035 editam
1870 1979 2010 2050 (illic

456 2083 637 2147 autem
653 2073 970 2130 substantiae
988 2087 1183 2127 nomen
1199 2073 1458 2142 scriptum
1481 2070 1614 2139 est),
1634 2069 1799 2124 veluti
1821 2084 2006 2124 eorum

460 2165 828 2231 immemores,
856 2164 1016 2233 paulo
1036 2171 1158 2232 post
1182 2163 1235 2217 in
1253 2163 1370 2232 ipsa
1389 2162 1596 2228 lsauria
1624 2162 1691 2217 iis
1720 2161 2011 2216 adversan-

460 2256 530 2309 tia
551 2254 940 2324 conscripsere,
969 2255 1194 2316 scilicet.
1247 2252 1530 2327 ὁμοούσιον
1572 2261 1626 2308 et
1660 2250 2008 2323 ὁμοιοούσιον,

459 2348 563 2402 hoc
584 2354 686 2414 est,
735 2347 1196 2403 eonsubstantiale
1246 2356 1300 2402 et
1350 2346 1655 2413 substantia
1688 2345 1883 2411 simile,
1920 2335 2011 2399 ιιι-ὲ

461 2446 586 2513 pote
611 2453 643 2493 a
691 2437 986 2508 Scripturis
1018 2439 1215 2509 aliena,
1266 2438 1564 2513 rejicimus,
1612 2447 1665 2492 et
1693 2436 2012 2492 substantia:

459 2543 654 2589 nomen
677 2528 744 2584 de
763 2529 941 2585 medio
968 2529 1204 2586 tollimus
1228 2571 1243 2597 ,
1265 2530 1464 2600 quippe
1482 2544 1605 2585 cum
1633 2528 1688 2583 in
1719 2526 2011 2607 Scripturis

459 2635 567 2676 non
593 2621 893 2690 reperiatur

533 2712 622 2768 58.
649 2711 784 2782 Quis
826 2712 991 2791 igitur
1039 2712 1184 2776 viros
1229 2712 1543 2783 huiusmodi
1587 2712 1816 2767 ulterius
1855 2709 2011 2765 Chri-

461 2804 666 2869 stianos
698 2788 1060 2861 existimabit?
1104 2803 1212 2870 Aut
1248 2820 1370 2874 quae
1397 2803 1551 2868 lides,
1581 2802 1720 2872 apud
1746 2816 1883 2872 quos
1913 2815 2013 2856 nec

457 2897 645 2967 verba,
675 2912 776 2953 nec
808 2898 1009 2967 scripta
1039 2896 1193 2951 firma
1236 2904 1385 2960 sunt,
1414 2896 1507 2952 sed
1537 2896 1718 2951 omnia
1748 2909 1846 2963 pro
1876 2902 2012 2949 tem-

457 2971 609 3055 poris
647 2986 857 3041 ratione
895 2994 1178 3043 mutantur
1197 2994 1250 3039 et
1280 2984 1659 3040 invertuntur?
1690 2984 1745 3038 Si
1770 2983 1938 3046 enim,
1977 2996 2011 3036 ο

457 3075 619 3148 Aeaci
659 3055 713 3131 ei
741 3074 972 3141 Eudoxi,
1002 3089 1111 3130 non
1140 3073 1392 3145 refugitis
1417 3074 1717 3144 expositam
1748 3072 1803 3127 in
1824 3071 2012 3128 Enca-

459 3166 568 3243 niis
593 3165 773 3239 (idem,
803 3166 860 3221 in
887 3182 1061 3237 eaque
1089 3165 1351 3242 scriptum
1389 3175 1492 3229 est,
1513 3165 1709 3220 Filium
1734 3180 1855 3221 esse
1876 3165 2008 3221 suh-
2035 3200 2078 3259 ε

461 3259 672 3331 stantia:
691 3257 866 3324 Patris
901 3259 1019 3333 sine
1071 3259 1431 3329 discrepantia
1471 3258 1759 3328 imaginem
1780 3298 1796 3323 ,
1827 3274 1925 3314 cur
1952 3258 2010 3312 in

458 3350 666 3414 Isauria
691 3350 950 3427 scribitis,
988 3350 1265 3420 rejicimus
1318 3349 1639 3421 ὁμοούσιονἸ
1694 3348 1751 3403 Si
1775 3364 2011 3424 namque

458 3439 631 3509 Filius
655 3440 956 3503 secundum
979 3440 1337 3511 substantiam
1363 3438 1512 3494 Patri
1555 3438 1749 3496 similis
1769 3454 1876 3494 non
1907 3447 2008 3504 est,

457 3532 552 3603 qui
580 3514 899 3617 substantiae
925 3531 1102 3602 imago
1130 3530 1234 3585 erit
1272 3530 1389 3603 sine
1432 3529 1831 3600 discrepantia?
1855 3529 2011 3596 Quod

457 3620 505 3678 si
526 3636 622 3684 vos
643 3621 896 3699 paenituit
928 3621 1233 3699 scripsisse,
1258 3635 1382 3676 eum
1407 3636 1531 3695 esse
1557 3621 1674 3676 sine
1699 3620 2013 3690 discrepan-

457 3713 534 3768 tia
564 3696 880 3788 substantiae
905 3696 1219 3782 imaginem,
1242 3727 1340 3768 cur
1376 3712 1722 3788 anathemate
1742 3712 2011 3769 damnatis

455 3818 551 3861 eos
578 3802 671 3877 qui
706 3783 904 3857 ‘dicunt
949 3801 1148 3858 Filium
1197 3788 1318 3869 eSSe
1363 3783 1908 3879 Patriudissimilem?
1951 3790 2015 3871 si

457 3894 602 3948 enim
629 3879 822 3971 similis
848 3886 1069 3949 nonest
1101 3894 1400 3957 secundum
1429 3877 1788 3959 substantiam
1810 3933 1827 3959 ,
1853 3893 2012 3971 plane

456 3969 736 4068 dissimilis
761 3994 862 4067 est.
894 3985 1048 4053 Quod
1071 3995 1249 4045 autem
1282 3980 1547 4063 dissimile
1580 3994 1696 4052 est,
1729 3970 2010 4065 nunquam

456 4077 637 4153 imago
664 4060 844 4149 fuerit.
883 4077 1001 4140 Sin,
1032 4077 1110 4131 uti
1136 4067 1263 4155 ‘vos
1283 4060 1480 4144 dicitis,
1505 4076 1574 4155 ita
1609 4092 1667 4133 se
1690 4093 1777 4132 res
1824 4060 2006 4155 habet,

457 4183 646 4243 verum
676 4158 813 4262 ergo
851 4183 959 4249 non
983 4179 1067 4223 est
1096 4168 1188 4238 qui
1239 4153 1374 4223 uidit
1395 4153 1591 4224 Filium
1613 4211 1627 4234 ,
1665 4156 1895 4225 Patrem.
1923 4154 2011 4224 vi-

458 4258 627 4343 disse,
661 4255 785 4343 cuni
815 4260 981 4343 multa
1016 4260 1157 4315 inter
1191 4255 1481 4330 utrumque
1522 4263 1593 4316 sit
1623 4260 2004 4331 discrepantia,

459 4350 572 4429 imo
588 4338 776 4434 potius
802 4350 893 4425 hic
919 4338 991 4408 sit
1017 4350 1094 4406 illi
1125 4352 1348 4406 omnino
1379 4352 1680 4407 dissimilis.
1713 4352 1866 4418 Quod
1910 4368 2009 4406 au-

458 4447 567 4495 tem
599 4430 884 4520 ‘Vdissimile
934 4448 1038 4520 est,
1072 4440 1249 4513 simile
1279 4457 1556 4517 nunquam
1600 4441 1835 4496 dicatur.
1888 4439 2006 4514 Quo

2111 2000 2209 2059 μεν
2233 1983 2330 2055 τὴν
2354 1984 2658 2038 ἐκτεθεῖσαν
2682 1982 2998 2055 αὐθεντικὴν
3021 1983 3198 2037 πίστιν
3221 1986 3277 2037 ὲν
3300 1984 3411 2046 τοῖς
3449 1983 3659 2051 Ἐγκαι-

2108 2078 2240 2141 νίοις
2257 2080 2365 2141 τοῖς
2391 2077 2531 2131 κατὰ
2562 2077 2885 2149 Ἀντιόχειαν
2922 2077 3012 2146 (ὲν
3030 2076 3210 2140 αὐτοῖς
3235 2074 3291 2129 δὲ
3312 2075 3421 2147 (58)
3452 2075 3659 2145 ἐγράφη

2108 2169 2168 2222 τὸ
2193 2173 2292 2240 τῆς
2319 2169 2501 2233 οὐσίας
2530 2168 2759 2240 ὄνομα),
2797 2167 2980 2240 ὥσπερ
3021 2166 3395 2239 ἐπιλαθόμενοι
3438 2165 3658 2229 τούτων,

2114 2263 2231 2330 μετ’
2264 2260 2441 2329 ὀλίγον
2474 2261 2532 2314 ὲν
2560 2263 2625 2332 τῇ
2669 2262 2804 2332 αὐτῇ
2843 2259 3082 2332 Ἰσαυρία
3105 2257 3360 2314 τάναντία
3400 2256 3657 2328 ἔγραψαν,

2109 2353 2373 2422 λέγοντεςο
2396 2353 2469 2405 Τὸ
2492 2351 2769 2423 όμοούσιον
2794 2352 2886 2406 καὶ
2904 2352 2965 2404 τὸ
2991 2350 3318 2420 ὁμοιοούσιον
3337 2349 3446 2419 (59)
3468 2348 3661 2402 ἐκϐάλ-

2109 2445 2293 2517 λομεν,
2324 2444 2399 2508 ὼς
2422 2444 2694 2515 ἀλλότριον
2713 2442 2819 2498 τῶν
2841 2442 3068 2515 Γραφῶν
3088 2458 3101 2472 ο
3140 2442 3233 2495 κα).
3259 2441 3320 2494 τὸ
3350 2441 3447 2511 τῆς
3480 2440 3663 2502 οὐσίας

2109 2535 2277 2607 ὄνομα
2325 2532 2711 2607 περιαιροῦμεν
2737 2575 2751 2600 ,
2800 2534 2875 2599 ὡς
2908 2534 2984 2607 μὴ
3013 2533 3257 2605 κείμενον
3286 2534 3343 2585 ὲν
3386 2534 3503 2595 ταῖς
3526 2531 3662 2601 Γρα-

2111 2630 2253 2698 φατς.

2127 2717 2131 2721 ’
2179 2716 2268 2771 58.
2300 2717 2397 2781 Τίς
2431 2712 2524 2772 εὖν
2560 2717 2640 2771 ἔτι
2665 2716 2789 2782 τούς
2819 2718 3089 2781 τοιούτους
3129 2716 3482 2788 Χριστιανοὺς
3525 2714 3665 2786 ἡγή-

2112 2822 2293 2872 σεται;
2326 2807 2396 2859 Ἢ
2428 2806 2554 2859 ποία
2584 2806 2766 2869 πίστις
2792 2807 2937 2878 παρὰ
2964 2805 3191 2871 τούτοις,
3225 2805 3353 2877 παρ’
3378 2799 3459 2868 οἷς
3486 2804 3547 2857 οὐ
3573 2802 3665 2877 λόιτ

2109 2915 2224 2967 γος,
2254 2898 2316 2952 οὐ
2348 2897 2584 2970 γράμμα
2632 2891 2871 2968 βέϐαιον,
2910 2896 3042 2951 ἀλλὰ
3088 2898 3263 2953 πάντα
3302 2896 3441 2950 κατὰ
3477 2895 3667 2966 καιρὸν

2109 2987 2430 3047 ἀλλάσσεται
2457 2989 2550 3041 καὶ
2583 2976 2968 3058 μεταϐάλλεται
2998 2987 3108 3061 (60)
3135 3004 3149 3053 ;
3182 2986 3389 3058 Εἰγὰρ,
3422 2981 3468 3040 ὦ
3508 2986 3669 3039 ’Δκάο

2108 3092 2193 3133 κιε
2214 3075 2308 3139 καὶ
2352 3073 2588 3140 Εὐδόξιε,
2624 3076 2684 3130 οὐ
2713 3076 2939 3146 φεύγετε
2977 3077 3073 3149 τὴν
3112 3076 3415 3131 ὲκτεθείσαν
3456 3076 3514 3128 ὲν
3554 3078 3669 3138 τοῖς

2121 3167 2443 3237 ,Εγκαινίοις
2483 3167 2682 3233 πίστιν,
2727 3170 2785 3221 ὲν
2817 3169 2952 3240 αὐτῇ
2983 3168 3039 3222 δὲ
3088 3168 3413 3238 γέγραπται,
3468 3169 3670 3233 Οὐσίας

2109 3255 2521 3328 ἀπαράλλακτος
2567 3256 2728 3310 εἰκὼν
2756 3260 2786 3311 ὁ
2823 3257 2982 3322 Υἱός·
3027 3257 3143 3322 πῶς
3193 3260 3251 3312 ἐν
3295 3260 3362 3329 τῇ
3428 3258 3667 3329 Ἰσαυρίᾳ

2111 3348 2365 3421 γράφετε,
2407 3348 2765 3420 Ἐκὸάλλομεν
2786 3349 2849 3403 τὸ
2876 3348 3156 3420 ὁμοούσιον
3176 3347 3314 3419 (6i);
3346 3350 3409 3402 Εἰ
3442 3348 3549 3419 γὰρ
3567 3349 3667 3402 οὐκ

2110 3439 2224 3493 ἔστι
2257 3440 2374 3494 κατ’
2404 3439 2588 3495 οὐσίαν
2616 3441 2843 3512 ὄμοιοςό
2871 3439 2998 3504 Υἱὸς
3016 3439 3093 3511 τῷ
3123 3441 3316 3512 Πατρὶ,
3348 3439 3464 3503 πῶς
3491 3441 3667 3511 ἀπαρ-

2110 3530 2368 3596 άλλακτος
2394 3532 2494 3603 τῆς
2515 3533 2703 3595 οὐσίας
2740 3531 2900 3585 εἰκῶν
2928 3534 3072 3597 ἐστιν
3100 3549 3114 3595 ;
3159 3533 3222 3586 Εἰ
3258 3531 3313 3585 δὲ
3345 3532 3663 3603 μετέγνωτε,

2108 3612 2414 3701 γράψαντες
2441 3625 2519 3690 τὸ,
2549 3625 2647 3696 τῆς
2677 3624 2862 3689 οὐσίας
2892 3624 3301 3696 ἀπαράλλακτος
3332 3623 3518 3678 εἰκὼν·
3552 3623 3664 3688 πῶς

2109 3714 2524 3788 ἀναθεματίζετε
2549 3716 2675 3778 τοὺς
2705 3715 2953 3785 ἀνόμοιον
2978 3710 3114 3769 εἰναι
3147 3714 3397 3785 λέγοντας
3434 3713 3544 3787 (62)
3575 3713 3669 3791 τὸν(

2109 3803 2268 3869 Υἰόν;
2303 3805 2366 3857 Εἰ
2410 3804 2517 3876 γὰρ
2559 3804 2655 3874 οὐχ
2687 3805 2867 3875 ὅμοιος
2900 3805 3018 3858 κατ’
3059 3805 3274 3869 οὐσίαν,
3316 3804 3531 3873 πάντως
3572 3804 3663 3857 ἀν-

2108 3891 2292 3962 όμοιός
2315 3884 2558 3948 ἐστι.’Τδ
2579 3892 2636 3945 δὲ
2666 3892 2913 3964 ἀνόμοιον
2940 3894 3037 3947 οὐκ
3070 3894 3135 3947 ἂν
3180 3894 3263 3964 εἴη
3300 3893 3481 3948 εἰκών.
3514 3896 3576 3947 Εἰ
3604 3894 3661 3949 δὲ

2109 3984 2248 4038 οὕτω
2267 3984 2388 4037 καθ’
2419 3986 2560 4055 ὑμᾶς
2592 3986 2757 4048 ἐστιν,
2783 3986 2882 4039 οὐκ
2911 3984 3018 4058 ἄρα
3055 3986 3083 4037 ὁ
3115 3985 3204 4038 τὸν
3249 3984 3373 4037 Υἰὸν
3411 3982 3668 4055 ἑωρακὼς.

2109 4073 2317 4145 ἑώρακε
2343 4073 2436 4127 τὸν
2461 4073 2698 4144 Πατέρα,
2727 4070 2979 4143 πλείστης
3005 4073 3135 4145 ὅσης
3152 4078 3155 4081 ’
3175 4071 3337 4144 οὔσης
3378 4072 3654 4144 διαφορᾶς·

2112 4168 2308 4239 μᾶλλον
2339 4167 2394 4219 δὲ
2426 4166 2486 4220 τὸ
2516 4166 2633 4219 ὅλον
2661 4165 2809 4229 ὄντος
2833 4167 3019 4220 τούτου
3058 4167 3195 4238 πρὸς
3222 4168 3424 4220 ἐκεῖνον
3441 4166 3548 4237 (65)
3570 4167 3660 4219 ἀν-

2106 4258 2313 4330 ὀμοίου.
2342 4256 2414 4310 Τὸ
2461 4257 2516 4311 δὲ
2549 4258 2795 4328 ἀνόμοιον
2823 4259 2919 4329 οὐχ
2943 4253 3050 4311 οἷόν
3093 4275 3151 4311 τε
3181 4260 3359 4329 ὅμοιον
3390 4256 3654 4327 λέγεσθαι.

2107 4350 2243 4421 Ποίᾳ
2262 4349 2438 4402 τοίνυν
2473 4353 2684 4421 μηχανῇ
2714 4349 2774 4402 τὸ
2794 4349 3038 4420 ἀνόμοιον
3056 4349 3236 4419 ὅμοιον
3257 4349 3463 4417 λέγετε,
3492 4347 3658 4401 καὶτὸ

2108 4440 2289 4509 ὅμοιον
2321 4437 2569 4509 ἀνόμοιον
2593 4441 2869 4514 φρονεῖτε,
2912 4436 3005 4490 καὶ
3042 4433 3392 4507 ὑποκρίνεσθε
3419 4434 3658 4503 λέγοντες

460 4539 620 4605 pacto
645 4517 808 4602 igitur
835 4517 1097 4587 dissimile
1119 4531 1298 4587 dicitis
1322 4522 1518 4600 simile,
1552 4544 1604 4587 et
1628 4534 1805 4588 simile
1841 4533 2004 4588 dissi-

2110 4529 2289 4583 εἰκόνα
2312 4523 2448 4581 εἶναι
2475 4527 2568 4581 τοῦ
2597 4528 2807 4599 Πατρὸς
2849 4526 2938 4580 τὸν
2967 4526 3127 4592 Υίόν;
3162 4517 3227 4579 Εἰ
3263 4526 3367 4598 γὰρ
3409 4526 3507 4579 οὐκ
3548 4525 3656 4578 ἔστι

456 4608 584 4701 mile
611 4620 956 4685 existimatis,
981 4636 1045 4676 ac
1068 4621 1411 4693 simulatione
1443 4621 1527 4679 usi
1555 4623 1735 4679 dicitis
1755 4665 1771 4691 ,
1806 4622 2007 4678 Filium

455 4723 579 4765 esse
601 4707 780 4765 Patris
807 4710 1139 4782 imaginem?
1182 4711 1239 4771 Si
1269 4714 1413 4768 enim
1440 4713 1611 4769 Filius
1649 4730 1757 4767 non
1804 4723 1886 4771 est
1925 4730 2009 4770 se-

453 4799 695 4883 cundum
730 4804 1088 4879 substantiam
1130 4804 1307 4861 Patris
1360 4806 1576 4883 similis,
1622 4806 1827 4876 aliquid
1878 4822 2010 4863 sane

456 4880 676 4975 imagini
705 4893 904 4958 deﬁcit,
934 4910 1106 4965 neque
1130 4904 1215 4951 est
1250 4880 1407 4964 plena
1441 4895 1641 4967 imago,
1689 4911 1796 4951 non
1832 4883 2009 4966 perfe-

456 4976 578 5067 ctus
610 4983 883 5064 splendor.
912 4984 1022 5039 Cur
1046 4986 1233 5056 itaque
1260 4987 1366 5043 hoc
1394 4987 1571 5055 legitis
1600 5005 1613 5060 ξ
1645 5005 1663 5038 ι
1695 4987 1755 5040 In
1784 4986 1902 5056 ipso
1925 4987 2011 5040 in-

456 5076 665 5152 habitat
683 5076 862 5150 omnis
887 5078 1049 5149 602
1089 5078 1364 5148 plenitudo
1388 5078 1687 5135 divinitatis
1716 5078 2009 5152 corporali-

526 5299 638 5373 (ξι)
665 5299 811 5373 Eelc-
838 5301 893 5373 ὃν
925 5300 1248 5373 γράψαντες-

526 5370 639 5442 (55)
665 5370 808 5444 F_elc_.
839 5371 893 5435 3,
917 5370 1055 5426 Θεὸν
1070 5373 1135 5425 ἐκ
1163 5370 1294 5425 Θεού
1327 5370 1758 5444 ἀπαράλλακτον,
1792 5371 2014 5440 quihus-

455 5440 585 5498 dam'
612 5440 846 5497 emissis.

552 5510 641 5646 56)
670 5508 1034 5579 lt'elckmanni,
1061 5510 1155 5581 καὶ
1181 5510 1359 5566 είτων.

553 5580 618 5633 57
667 5579 759 5635 Sic
782 5578 913 5644 Reg.
942 5578 1000 5634 In
1037 5581 1200 5636 editis
1226 5599 1285 5635 τε
1313 5583 1359 5636 ἀι

553 5578 641 5646 57)
667 5579 759 5635 Sic
782 5578 913 5644 Reg.
942 5578 1000 5634 In
1037 5578 1200 5636 editis
1226 5599 1285 5635 τε
1313 5583 1482 5638 deest.
1523 5581 1648 5637 Mox
1688 5580 1921 5637 Felckm.
1952 5585 2006 5648 3,

459 5648 823 5725 τούςρλλους.
847 5649 987 5725 _Mox
1015 5648 1147 5720 Reg.
1178 5661 1232 5705 et
1267 5651 1410 5708 Felc.
1454 5652 1509 5723 3,
1540 5654 1598 5708 ὲν
1640 5655 1707 5724 τῇ
1748 5653 2004 5725 Ἰσαυρίᾳ.

463 5713 520 5770 in
540 5716 709 5786 editis
738 5720 803 5786 τῇ
830 5718 999 5773 deest.

529 5784 649 5857 (58).
672 5784 904 5842 Feléltm.
928 5790 982 5857 3,
1006 5790 1065 5842 ὲν
1090 5789 1226 5859 αὐτῇ
1256 5789 1332 5846 δέ.

2108 4622 2229 4675 κατ’
2249 4620 2434 4673 οὐσίαν
2459 4620 2642 4689 ὅμοιος
2673 4620 2702 4683 ό
2735 4618 2860 4682 Υἱὸς
2878 4618 2969 4672 τοῦ
2998 4618 3240 4689 Πατρός,
3287 4617 3462 4670 λείπει
3500 4634 3551 4670 τι
3592 4617 3657 4689 τῇ

2106 4704 2295 4778 εἰκόνι,
2313 4712 2405 4765 καὶ
2421 4712 2520 4765 οὐκ
2542 4710 2655 4764 ἔστι
2686 4710 2898 4781 πλήρης
2927 4707 3109 4775 εἰκὼν,
3132 4708 3251 4762 οὐδὲ
3267 4707 3467 4763 τέλειον
3489 4707 3657 4787 άπαύτ

2106 4822 2312 4876 γασμα.
2351 4803 2474 4867 Πῶς
2497 4800 2589 4858 οὐν
2617 4799 3012 4871 ἀναγινώσκετε
3041 4801 3122 4867 τὸ,
3167 4819 3187 4852 ι
3235 4801 3322 4854 Ἐν
3357 4799 3505 4872 αὐτῷ
3531 4816 3655 4854 κατ·

2106 4898 2244 4951 οικεῖ
2272 4898 2376 4950 πᾶν
2407 4896 2468 4949 τὸ
2517 4894 2783 4967 πλήρωμα
2815 4894 2915 4964 τῆς
2954 4894 3203 4965 θεότητος
3247 4894 3596 4966 σωματικῶς
3631 4912 3657 4969 ι,

2107 4988 2220 5054 καὶ,
2243 5007 2260 5061 ι
2285 4989 2378 5041 Ἐκ
2397 4986 2491 5040 τοῦ
2522 4984 2878 5058 πληρώματος
2901 4985 3064 5038 αὐτοῦ
3084 4987 3239 5056 ἡμεῖς
3262 4987 3463 5049 πάντες
3482 4985 3659 5059 ἐλάϐοτ

2111 5097 2241 5152 μεν;
2281 5099 2300 5132 ι
2333 5079 2458 5144 Πῶς
2486 5079 2578 5135 τὸν
2609 5077 2881 5151 Ἀρειανόν
2923 5078 3122 5131 Ἀέτιον
3150 5078 3224 5141 ὡς
3262 5079 3535 5150 αἱρετικὸν
3568 5079 3653 5131 ἐκ·

2143 5300 2291 5421 λξξθ)
2319 5300 2410 5357 Sic
2441 5298 2577 5371 Reg.
2601 5298 2743 5356 Editi
2765 5316 2912 5373 vero,
2937 5300 3257 5374 ὁμοιούσιον.
3286 5300 3407 5356 Mox
3434 5300 3577 5356 Felc.
3603 5300 3652 5379 3,

2236 5388 2377 5421 τοια.
2506 5384 2511 5389 ”

2436 5440 2567 5512 Reg.
2605 5448 2659 5497 et
2684 5439 2830 5512 Fele.
2867 5440 2920 5495 5.
2955 5439 3013 5512 in
3055 5439 3244 5512 editis,
3271 5441 3367 5512 καί
3400 5440 3656 5512 μεταϐάλ-

2107 5510 2255 5567 λεται
2270 5508 2452 5566 deest.
2484 5508 2625 5563 Infra
2662 5510 2821 5572 idem,
2852 5508 3015 5567 εἰκών
3044 5511 3187 5564 ἐστιν
3213 5511 3242 5563 ὀ
3270 5508 3434 5573 Υἱόςζ·

2179 5578 2288 5648 (61)
2324 5579 2483 5637 Forte
2505 5580 2852 5649 όμοιοούσιον.

2180 5649 2288 5717 (62)
2318 5649 2459 5704 Edit.
2494 5647 2778 5714 Gemmel.,
2803 5648 3067 5717 λέγοντες,
3093 5647 3369 5704 mendose.

2180 5716 2292 5787 (65)
2323 5718 2432 5775 Sic.
2466 5717 2608 5774 Felc.
2641 5720 2675 5773 5
2705 5728 2761 5774 et
2798 5716 2931 5789 Reg.
2964 5719 3142 5789 prima
3177 5733 3361 5775 manu.
3398 5716 3545 5774 idem
3576 5729 3657 5781 see

2111 5790 2285 5844 cuuda
2318 5805 2503 5856 manu,
2535 5790 2727 5859 ἐκεῖνο,
2762 5788 2899 5845 cum
2913 5788 3090 5844 editis.
