3966 6226
435 346 539 405 763

988 353 1048 421 ὃ.
1090 351 1460 410 ATHANASII
1499 355 1649 410 OPP.
1690 352 1868 408 PARS
1906 350 1946 404 1.
1986 378 2056 395 -ν-
2094 348 2465 407 HISTORICA
2503 352 2592 408 ET
2630 352 3040 411 DOGMATICA.

3533 352 3631 408 764

432 478 669 542 namque
698 477 840 522 recte
865 468 1165 536 crederent,
1193 470 1404 527 Patrem
1437 488 1562 526 vere
1611 471 1828 526 Patrem
1850 483 1978 524 con-

2085 466 2267 522 στευον
2292 469 2487 542 ὀρθῶς,
2521 470 2613 524 καὶ
2642 470 2731 524 τὸν
2760 471 2855 541 μὲν
2887 470 3102 541 Πατέρα
3128 469 3239 540 (75)
3268 469 3483 539 Πατέρα
3506 467 3631 539 ἀλη-

434 539 753 610 θιει·οιιιῦι·;
800 555 997 612 Filium
1035 574 1163 615 vero
1218 562 1511 630 genuinum
1562 559 1779 625 Filium,
1810 568 1865 621 et
1888 575 1985 613 na-

433 654 554 700 tura
583 661 769 701 verum
792 647 1074 704 crederent
1109 650 1365 717 Verbum,
1424 661 1479 707 et
1512 650 1839 721 Sapientiam
1878 651 1980 706 Pa-

433 735 553 792 tris.
581 734 733 803 Quod
784 746 964 794 autem
1013 740 1209 798 dicitur
1256 757 1324 797 ex
1374 742 1483 798 Deo
1522 741 1718 798 Filium
1766 758 1905 809 esse,
1937 742 1979 797 si

431 842 540 882 non
574 837 633 884 ut
667 829 735 884 de
764 832 1023 889 creaturis
1040 832 1260 898 dicitur,
1286 834 1360 888 ita
1388 833 1455 889 de
1493 833 1586 889 illo
1610 834 1937 891 allirmarent
1964 853 1980 902 ;

433 919 529 974 sed
553 920 706 974 illum
740 920 1057 981 substantia:
1085 920 1260 980 Patris
1307 924 1583 995 propriam
1631 939 1752 980 esse
1775 924 1983 995 prolem

434 1011 812 1084 intelligerent,
837 1015 1293 1087 quemadmodum
1328 1016 1580 1087 splendor
1608 1032 1639 1071 a
1658 1017 1776 1071 luce
1801 1025 1981 1071 ortum

431 1101 614 1171 habet,
647 1119 984 1175 nequaquam
1032 1106 1231 1177 singuli
1279 1122 1467 1162 eorum
1508 1105 1696 1162 Patres
1735 1107 1983 1162 incusas-

432 1203 573 1259 sent,
627 1211 693 1251 ac
730 1197 913 1267 potius
954 1197 1178 1255 ﬁdenter
1230 1197 1491 1253 dixissent
1536 1197 1669 1252 bene
1716 1197 1981 1268 synodum

432 1285 735 1355 scripsisse,
758 1295 811 1342 et
844 1304 960 1343 eam
1006 1304 1127 1345 esse
1160 1300 1361 1345 rectam
1408 1288 1475 1345 de
1517 1288 1746 1347 Domino
1794 1296 1982 1344 nostro

429 1373 554 1432 ἔθευ
584 1376 798 1437 Christo
826 1378 1004 1435 fidem.

498 1468 585 1523 40.
624 1467 749 1537 Sed,
777 1471 947 1538 aiunt,
972 1471 1202 1528 obscura
1233 1472 1386 1528 nobis
1424 1481 1509 1528 est
1566 1472 1760 1527 horum
1789 1471 1981 1526 verbo-

430 1575 550 1613 rum
580 1561 865 1623 sententia.
916 1562 991 1617 Ea
1049 1565 1191 1618 enim
1220 1562 1322 1620 fuit
1353 1562 1523 1618 futilis
1573 1562 1852 1617 hominum
1885 1576 1979 1616 ex-

429 1651 641 1709 cusatio
674 1666 689 1705 :
722 1668 846 1707 cum
882 1667 989 1708 non
1013 1655 1287 1724 possimus
1337 1654 1624 1709 verborum
1655 1654 1979 1723 interpreta-

429 1743 630 1798 tionem
656 1744 895 1815 assequi,
923 1744 1013 1799 illa
1044 1746 1342 1815 rejicimus.
1370 1746 1437 1799 At
1472 1745 1519 1799 si
1550 1744 1762 1800 sincero
1787 1745 1977 1814 loque-

2044 640 2051 645 Δ
2087 557 2193 621 θῶς
2221 561 2546 630 ὡμολόγουν,
2579 563 2668 616 τὸν
2695 564 2751 616 δὲ
2778 563 2903 617 Υίὺν
2929 565 3146 634 γνήσιον
3181 563 3302 616 Υίὸν
3348 563 3442 616 καὶ
3476 561 3630 630 φύσει

2083 648 2330 720 ἀληθινὸν
2360 652 2549 721 Λόγον,
2582 656 2674 707 καὶ
2699 654 2894 724 Σοφίαν
2921 654 3200 718 ἐπίστευον
3228 651 3363 710 εἶναι
3392 653 3484 708 τοῦ
3516 655 3629 707 Πα-

2081 740 2210 811 τρός
2231 759 2244 772 ·
2274 743 2334 796 τό
2361 760 2419 796 τε
2439 746 2503 798 ὲκ
2524 745 2614 799 τοῦ
2640 745 2771 799 Θεοῦ
2787 746 2960 816 λέγειν
2980 746 3069 799 τὸν
3086 747 3234 812 Υίδν,
3257 748 3304 800 εί
3334 746 3431 818 μὴ,
3446 745 3630 815 ὥσπερ

2081 828 2305 898 λέγεται
2330 833 2457 902 περὶ
2484 833 2590 887 τῶν
2619 835 2948 905 κτισμάτων,
2975 834 3145 899 οὔτως
3174 835 3354 903 ελεγον
3386 836 3480 889 καὶ
3506 836 3632 904 περὶ

2083 918 2267 985 αὐτοῦ,
2298 921 2432 975 ἀλλὰ
2454 924 2551 994 τῆς
2570 923 2751 987 οὐσίας
2774 923 2866 977 τοῦ
2893 924 3099 995 Πατρὸς
3121 923 3246 978 ἴδιον
3265 926 3422 986 αὑτὸν
3453 929 3633 982 ἐνόουν

2084 1005 2222 1064 εἶναι
2250 1012 2512 1084 γέννημα,
2539 1015 2613 1078 ὼς
2641 1015 2752 1069 ἐστι
2777 1015 2838 1068 τὸ
2858 1015 3192 1087 ἀπαύγασμα
3219 1017 3283 1070 ὲκ
3308 1018 3409 1081 τοῦ,
3425 1018 3629 1088 φωτός·

2082 1104 2182 1155 οὐκ
2207 1102 2273 1156 ἂν
2305 1104 2527 1167 ἕκαστος
2555 1105 2664 1176 (74)
2692 1105 2865 1158 αὐτῶν
2898 1106 3185 1177 κατηγόρει
3216 1106 3323 1161 τῶν
3353 1108 3627 1180 Πατέρωνο

2083 1190 2197 1244 ἀλλ’
2249 1191 2529 1264 ἐθάρρουν,
2578 1194 2659 1247 ὅτι
2697 1194 2873 1257 καλῶς
2916 1193 3149 1266 ἔγραψεν
3176 1196 3217 1265 ή
3248 1196 3458 1259 σύνοδος
3481 1213 3496 1228 ·
3536 1199 3633 1252 καὶ

2081 1282 2252 1347 οὕτως
2290 1286 2434 1338 ἐστὶν
2481 1287 2513 1357 ή
2544 1285 2677 1358 ὀρθὴ
2719 1288 2846 1360 περὶ
2887 1287 2979 1342 τοῦ
3011 1288 3214 1359 Κυρίου
3252 1289 3407 1360 ήμῶν
3457 1288 3632 1359 Ἰησοῦ

2080 1375 2314 1448 Χριστοῦ
2353 1377 2552 1442 πίστις.

2149 1469 2238 1523 40.
2284 1469 2420 1523 Ἀλλ’
2447 1472 2680 1542 ἀσαφής,
2715 1472 2894 1539 φασὶν,
2915 1471 3028 1542 (75)
3059 1471 3205 1527 ἐστὶν
3228 1473 3355 1543 ἡμῖν
3379 1471 3489 1524 τῶν
3517 1488 3633 1524 τοι-

2080 1559 2250 1614 ούτων
2295 1559 2488 1626 λέξεων
2533 1564 2565 1632 ή
2607 1562 2828 1615 διάνοια.
2868 1563 2977 1615 Καὶ
2999 1563 3156 1616 τοῦτο
3192 1565 3303 1634 γὰρ
3338 1562 3635 1633 προεφασί-

2083 1667 2260 1716 σαντο,
2288 1649 2537 1720 λέγοντες
2556 1692 2571 1715 ,
2597 1655 2677 1707 ὃτι
2695 1694 2709 1716 ,
2755 1653 2828 1725 μὴ
2871 1652 3149 1725 δυνάμενοι
3182 1655 3507 1709 καταλαϐεῖν
3531 1654 3635 1725 τὴν

2083 1741 2371 1813 ἑρμηνείαν
2418 1743 2624 1807 αὐτῶν,
2682 1745 3009 1817 ἐκϐάλλομεν
3038 1746 3238 1809 ταώτας
3285 1747 3381 1810 τὰς
3437 1745 3630 1811 λέξεις.

428 1845 617 1890 rentur
654 1837 856 1903 animo,
885 1851 993 1891 non
1021 1836 1224 1892 dictum
1262 1837 1523 1907 oportuit,
1554 1836 1647 1890 illa
1666 1836 1978 1906 rejicimus;

2084 1832 2251 1885 Τοῦτο
2282 1832 2340 1885 δὲ
2365 1834 2413 1887 εί
2446 1833 2657 1904 ἀληθῶς
2690 1835 2870 1904 ἔλεγον
2894 1877 2908 1901 ,
2933 1837 3031 1890 οὐκ
3066 1836 3177 1890 ἔδει
3210 1836 3384 1905 λέγειν
3412 1837 3631 1901 αὐτοὺς,

426 1925 585 1997 603
606 1927 698 1981 sed
740 1926 1063 1983 sciscitaturi
1096 1937 1251 1983 erant
1276 1937 1336 1982 ut
1366 1944 1394 1982 a
1428 1929 1616 1998 peritis
1643 1928 1978 1985 ediscerent:

427 2018 630 2087 alioqui
670 2019 916 2088 rejiciant
947 2020 1279 2091 quidquidin
1305 2020 1600 2091 Scripturis
1652 2019 1848 2077 divinis
1872 2034 1978 2074 non

428 2108 750 2180 intelligunt,
781 2125 985 2182 eosque
1013 2114 1103 2183 qui
1163 2114 1255 2168 illa
1288 2112 1553 2182 scripsere
1603 2110 1977 2171 criminentur.

428 2199 532 2255 Sed
557 2200 926 2257 haereticorum
955 2204 1133 2273 potius
1166 2220 1329 2274 quam
1369 2212 1616 2259 nostrum
1637 2202 1978 2259 Christiano-

426 2308 546 2347 rum
585 2292 749 2349 fuerit
777 2296 1001 2351 audacia
1044 2296 1331 2368 ejusmodi.
1378 2296 1509 2362 Qua:
1549 2295 1694 2351 enim
1726 2297 1782 2350 in
1808 2295 1979 2359 sacris

423 2384 654 2455 eloquiis
680 2401 789 2441 non
829 2389 1197 2458 intelligimus,
1227 2404 1335 2444 non
1376 2388 1498 2443 ideo
1527 2387 1824 2457 rejicimus,
1883 2387 1976 2441 sed

423 2477 491 2532 ab
524 2476 592 2531 iis
618 2479 935 2548 quaerimus,
977 2481 1047 2534 ab
1076 2481 1143 2535 iis
1167 2480 1412 2536 ediscere
1442 2480 1805 2549 postulamus,
1855 2479 1976 2548 qui-

422 2569 525 2625 bus
547 2569 807 2626 Dominus
838 2572 1112 2626 revelavit.
1141 2571 1356 2636 Verum,
1379 2571 1505 2640 quia
1537 2586 1657 2625 eam
1685 2570 1976 2627 verborum

421 2663 803 2720 obscuritatem
834 2672 1155 2733 praetexunt,
1190 2662 1461 2719 fateantur
1482 2678 1611 2734 ergo
1635 2678 1755 2733 qua:
1794 2662 1977 2719 statim

420 2755 749 2821 inferuntur,
808 2765 862 2811 et
917 2757 1259 2812 anathemate
1297 2758 1553 2813 damnent
1591 2770 1686 2811 eos
1713 2755 1811 2825 qui
1854 2769 1977 2810 sen-

421 2847 580 2910 tiunt,
599 2862 665 2902 ex
688 2862 797 2903 non
828 2850 1166 2904 exstantibus
1191 2864 1311 2905 esse
1338 2848 1557 2917 Filium,
1581 2856 1635 2903 et
1672 2842 1977 2903 non‘lnisse

420 2948 709 3009 antequam
743 2940 1072 3010 gigneretur,
1122 2951 1177 2994 et
1227 2951 1534 2996 creaturam
1587 2940 1975 3010 opiﬁciumque

419 3047 541 3088 esse
574 3031 667 3086 Dei
714 3031 997 3092 Verbum:
1042 3046 1237 3091 natura
1285 3038 1546 3093 mutabile
1607 3052 1751 3103 esse,
1818 3044 1872 3092 et
1905 3052 1969 3091 ex

420 3122 525 3179 alia
552 3124 854 3179 substantia
879 3143 894 3191 ;
920 3124 1248 3196 demumque
1290 3126 1547 3180 Arianam
1576 3126 1836 3181 damnent
1864 3126 1975 3180 haa-
2001 3147 2047 3210 ο

418 3217 584 3273 resim
624 3233 746 3286 qua:
784 3217 1096 3288 huiusmodi
1140 3217 1468 3287 impietatem
1522 3218 1866 3288 excogitavit.
1898 3216 1976 3273 Ne

420 3309 894 3378 dieantdeinceps,
930 3307 1004 3362 Ea
1040 3307 1198 3362 verba
1232 3307 1503 3378 rejicimus
1531 3324 1546 3375 ;
1581 3308 1695 3375 sed,
1723 3307 1971 3362 Nondum

420 3403 512 3457 illa
542 3400 925 3470 intelligimus;
961 3409 1021 3454 ut
1068 3400 1146 3454 sic
1178 3400 1521 3455 verisimilem
1574 3415 1636 3455 ea
1689 3401 1972 3456 recusandi

420 3507 637 3547 causam
667 3488 909 3545 ali‘erant.
941 3488 1113 3552 Probe
1164 3489 1278 3544 scio
1319 3498 1498 3544 autem
1542 3504 1607 3545 ac
1635 3488 1975 3559 exploratum

422 3585 612 3648 habeo,
648 3584 791 3654 quod
832 3582 932 3653 ipsi
988 3597 1202 3652 quoque
1228 3597 1335 3636 non
1383 3581 1653 3652 ignorant,
1685 3597 1781 3638 eos
1801 3582 1848 3637 si
1874 3583 1979 3638 ista

421 3677 779 3734 conﬁteantur
805 3684 859 3730 et
895 3674 1153 3729 Arianam
1184 3672 1414 3727 haeresin
1460 3673 1802 3727 anathemate
1823 3671 1977 3729 dam-

421 3777 570 3836 nent,
601 3767 794 3840 synodi
841 3767 1005 3822 verba
1061 3780 1168 3819 non
1224 3773 1536 3834 negaturos.
1592 3762 1798 3819 Idcirco
1829 3765 1974 3818 enim

419 3863 607 3918 Patres
629 3876 753 3917 cum
783 3860 1052 3915 dixissent
1080 3873 1147 3913 ex
1170 3856 1478 3912 substantia
1524 3853 1703 3910 Patris
1731 3856 1971 3926 genitum

419 3952 764 4020 Filiumesse
791 3951 939 4004 Patri
968 3948 1507 4013 consubstantialem,
1557 3947 1741 4002 statim
1776 3947 1973 4002 intule-

419 4053 547 4101 runt
576 4064 590 4100 :
615 4044 723 4099 Eos
753 4052 932 4098 autem
955 4042 1047 4112 qui
1071 4041 1321 4111 praedicta
1345 4039 1436 4094 illa
1467 4038 1681 4093 Arianae
1702 4038 1973 4093 haereseos

419 4136 583 4191 verba
632 4135 839 4199 dicunt,
878 4133 1217 4188 anathemate
1266 4130 1637 4195 damnamus;
1699 4138 1760 4184 ut
1791 4136 1973 4183 osten-

419 4230 548 4283 dant
570 4228 683 4281 haac
709 4241 740 4280 a
775 4241 834 4280 se
873 4224 1029 4294 quasi
1061 4223 1305 4278 eamdem
1356 4222 1529 4291 ipsam
1558 4220 1666 4276 vim
1722 4219 1973 4275 habentia

418 4314 559 4369 dicta
594 4328 734 4380 esse,
773 4321 827 4367 et
874 4320 1102 4381 utraque
1132 4311 1292 4365 verba
1348 4310 1487 4365 idem
1532 4308 1873 4380 signiﬁcare:
1907 4324 1973 4365 ac

2095 1921 2455 1994 Ἐκϐἀλλομεν
2486 1924 2716 1988 ταύτας·
2751 1925 2862 1979 ἀλλ’
2902 1927 3082 1995 ἠξίουν
3111 1926 3220 1997 (76)
3258 1926 3447 1997 μαθεῖν
3479 1927 3637 1999 παρὰ

2081 2012 2186 2066 τῶν
2209 2015 2601 2084 ἐπισταμένων,
2629 2016 2749 2069 ἐπεὶ
2779 2016 3045 2085 ὀφείλουσί
3075 2035 3164 2085 γε,
3186 2018 3277 2072 καὶ
3305 2019 3447 2090 ἅπερ
3471 2017 3533 2071 ἂν
3568 2018 3635 2071 ὲν

2080 2107 2197 2167 ταῖς
2225 2103 2393 2168 θείαις
2419 2106 2656 2177 Γραφαῖς
2683 2106 2756 2178 μὴ
2785 2108 3046 2177 νοήσωσιν
3069 2109 3360 2172 ἐκϐάλλειν,
3382 2111 3473 2162 καὶ
3494 2125 3634 2163 κατε

2078 2197 2295 2265 ηγορεῖν
2343 2197 2466 2258 τοὺς
2520 2195 2830 2267 γράψαντας
2879 2198 2993 2269 (77)
3045 2199 3203 2258 αὐτὰ,
3263 2198 3419 2252 Ἀλλά
3473 2199 3635 2253 τοῦτο

2084 2284 2282 2356 μᾶλλον
2314 2286 2622 2356 αίρετικῶν,
2650 2290 2742 2342 καὶ
2769 2290 2865 2359 οὐχ
2893 2288 3045 2359 ήμῶν
3064 2290 3170 2343 τῶν
3207 2290 3542 2361 Χριστιανῶν
3567 2290 3635 2343 τὸ

2077 2376 2349 2448 τόλμημα.
2385 2378 2452 2430 Ἃ
2484 2378 2590 2451 γὰρ
2611 2380 2905 2452 ἀγνοοῦμεν
2938 2383 2994 2433 ὲν
3025 2381 3383 2450 τοῖςὶογίοις,
3405 2383 3503 2435 οὐκ
3533 2384 3630 2435 ὲκ-

2079 2467 2365 2540 6ἀλλομεν,
2393 2469 2527 2523 ἀλλὰ
2553 2471 2817 2543 ζητοῦμεν
2844 2471 2937 2536 οὓς
2959 2473 3300 2544 ἀπεκάλυψεν
3322 2473 3436 2546 (78)
3457 2475 3485 2526 ὁ
3514 2473 3631 2527 Κύ-

2080 2577 2213 2632 ριος,
2242 2562 2334 2614 καὶ
2361 2562 2490 2632 παρ’
2523 2562 2697 2616 αὐτῶν
2721 2564 3005 2633 μανθάνειν
3028 2564 3299 2636 ἀξιοῦμεν.
3332 2564 3545 2634 Ἐπειδὴ
3569 2563 3638 2617 δὲ

2078 2648 2173 2708 καὶ
2211 2648 2351 2703 οὕτω
2377 2651 2797 2722 προφασίζονται
2821 2653 2917 2725 τὴν
2941 2653 3203 2722 ἀσάφειαν
3234 2652 3341 2706 τῶν
3374 2653 3629 2706 τοιούτων

2075 2740 2270 2806 λέξεων
2294 2784 2309 2807 ,
2346 2742 2772 2814 ὁμολογείτωσαν
2808 2743 2936 2812 γοῦν
2959 2743 3027 2797 τὰ
3051 2744 3207 2808 εὐθὺς
3242 2746 3629 2816 ἐπιφερόμενα,

2075 2832 2167 2887 καὶ
2191 2833 2725 2906 ἀναθεματιζέτωσαν
2747 2835 2871 2900 τοὺς
2893 2835 3242 2908 φρονοῦντας,
3263 2836 3320 2902 ἐξ
3339 2837 3438 2889 οὐκ
3461 2836 3631 2889 ὀντων

2075 2921 2211 2983 εἶναι
2240 2926 2330 2981 τὸν
2363 2926 2511 2992 Υίὸν,
2562 2928 2816 3007 καὶηούκ
2841 2923 2908 3000 ἦν
2954 2926 3080 3000 πρὶν
3110 2929 3374 3000 γεννηθῇ,
3413 2929 3507 2983 καὶ
3545 2928 3628 2980 ὅτι

2075 3018 2278 3090 κτίσμα
2309 3017 2404 3071 καὶ
2445 3019 2653 3089 ποίημὰ
2693 3021 2837 3074 ὲστιν
2867 3021 2899 3073 ό
2934 3020 3032 3074 τοῦ
3071 3020 3202 3077 Θεοῦ
3247 3020 3419 3089 Λόγος
3443 3039 3456 3051 ·
3511 3020 3627 3085 καὶ,

2077 3108 2321 3180 Τρεπτός
2352 3109 2467 3162 ἐστι
2508 3110 2616 3181 (79)
2647 3113 2712 3182 τῇ
2743 3111 2932 3181 φύσεισ
2975 3112 3111 3176 καὶ,
3140 3111 3226 3178 Ἐξ
3263 3112 3453 3180 ἑτέρας
3492 3112 3625 3166 ὐπο-

2080 3200 2318 3264 στάσεως
2337 3218 2351 3231 ·
2379 3201 2473 3255 xal.
2500 3202 2633 3266 ὅλως
2657 3202 3190 3273 ἀναθεματιζέτωσαν
3213 3202 3313 3274 την
3328 3246 3335 3257 ,
3351 3202 3629 3275 ’Δρειανὴν

2077 3292 2307 3364 αἵρεσιν,
2332 3291 2431 3363 τὴν
2454 3291 2785 3364 ἐφευροῦσαν
2807 3293 2903 3365 τὴν
2930 3293 3177 3365 τοιαύτην
3204 3293 3455 3351 ἀσέϐειαν
3474 3292 3625 3365 .(80).

2076 3383 2186 3445 Καὶ
2221 3382 2404 3438 λοιπὸν
2452 3382 2525 3453 μὴ
2562 3383 2883 3453 λεγέτωσαν,
2924 3383 3279 3456 Ἐκϐάλλομεν
3314 3383 3412 3449 τὰς
3434 3384 3622 3451 λέξεις,

2077 3471 2190 3525 ἀλλ’
2216 3473 2297 3525 ὅτι
2317 3471 2480 3525 Οῦπω
2508 3470 2730 3542 νοοῦμεν
2758 3473 2922 3536 αὐτάς
2941 3488 2954 3501 ·
2978 3472 3064 3526 ῐνα
3090 3471 3230 3526 οὕτω
3253 3471 3480 3543 πιθανήν
3506 3489 3627 3528 τινα

2076 3565 2345 3635 πρόφασιν
2370 3563 2532 3635 ἔχωσι
2563 3564 2655 3618 τοῦ
2675 3563 3051 3636 παραιτεῖσθαι
3082 3564 3301 3627 ταύτας.
3330 3560 3403 3618 Εὖ
3421 3564 3487 3621 ,δὲ
3507 3559 3625 3619 οῖδα

2077 3655 2170 3709 καὶ
2199 3655 2519 3726 πέπεισμαι,
2554 3654 2644 3708 καὶ
2671 3656 2821 3709 αὐτοὶ
2853 3655 2910 3708 δὲ
2939 3652 3093 3708 τοῦτο
3137 3654 3513 3724 γινώσκουσιν,
3542 3657 3624 3709 ὅτι

2074 3745 2245 3801 ταῦτα
2294 3745 2389 3800 ἐὰν
2451 3745 2842 3817 ὁμολογήσωσι,
2899 3747 2997 3800 καὶ
3043 3747 3470 3817 ἀναθεματίσωσι
3527 3748 3625 3817 τὴν

2088 3836 2363 3908 Ἀρειανὴν
2394 3836 2625 3907 αἵρεσιν,
2658 3837 2756 3889 οὐκ
2775 3836 3095 3908 ἀρνήσονται
3119 3836 3369 3899 κάκείνας
3400 3835 3499 3899 τὰς
3525 3838 3625 3905 τῆς

2078 3930 2289 3987 συνόδου
2322 3927 2512 3993 λέξεις.
2539 3929 2636 3982 Διὰ
2659 3929 2814 3981 τοῦτο
2838 3927 2949 3999 γὰρ
2972 3928 3065 3981 καὶ
3094 3930 3154 3987 oi~
3171 3927 3407 3999 Πατέρες
3426 3970 3441 3993 ,
3470 3931 3619 3999 εἰρηε

2074 4022 2229 4085 κότες
2252 4021 2317 4074 ἐκ
2337 4022 2435 4091 τῆς
2464 4020 2648 4084 οὐσίας
2670 4020 2922 4093 γεννητὸν
2947 4020 3037 4073 τὸν
3069 4020 3198 4073 Υίὸν
3241 4020 3517 4091 όμοούσιον
3540 4020 3621 4091 τῷ

2077 4111 2269 4181 Πατρι,
2299 4109 2458 4172 εὐθὺς
2477 4109 2750 4179 ἐπήγαγον
2772 4125 2786 4140 ο
2820 4109 2946 4172 τοὺς
2969 4106 3026 4160 δὲ
3063 4107 3317 4176 λέγοντας
3347 4106 3414 4161 τὰ
3444 4123 3623 4177 προειικ

2076 4200 2306 4273 ρημένα,
2339 4200 2481 4271 ἆπερ
2514 4199 2628 4252 ἐστὶ
2661 4200 2759 4269 τῆς
2799 4199 3077 4269 Ἀρειανῆς
3115 4198 3396 4270 αἱρέσεως,
3432 4196 3604 4251 ἀναθε-

2076 4290 2369 4363 ματίζομεν
2397 4289 2541 4361 (81)·
2579 4291 2663 4344 ἵνα
2684 4289 2947 4357 δείξωσιν,
2980 4291 3061 4343 ὅτι
3087 4290 3161 4354 ὡς
3194 4291 3260 4343 ὲκ
3283 4288 3616 4360 παραλλήλου

418 4407 727 4477 quicunque
794 4405 881 4459 illa
936 4403 1221 4460 confessus
1264 4401 1450 4470 fuerit,
1505 4417 1632 4458 eum
1659 4403 1776 4458 hac
1796 4402 1959 4458 etiam

2077 4384 2316 4438 λέλεκται
2350 4385 2479 4455 παρ’
2528 4382 2727 4448 αὐτῶν,
2765 4382 2860 4435 καὶ
2913 4383 2968 4435 al
2995 4381 3165 4448 λέξεις
3213 4383 3413 4435 ἐκεῖναι
3451 4378 3617 4437 ταῦτα

417 4473 538 4555 esse
559 4473 915 4568 cogitaturum
943 4511 958 4561 ;
992 4496 1087 4564 qui
1114 4510 1243 4550 vero
1270 4495 1359 4548 illa
1386 4509 1494 4549 non
1523 4502 1651 4549 sunt
1679 4494 1966 4560 sententia,

2077 4477 2424 4549 σημαίνουσιν
2444 4493 2458 4506 ·
2491 4476 2585 4529 καὶ
2606 4475 2665 4539 ὃς
2692 4475 2757 4529 ἂν
2782 4474 2993 4538 ἐκείνας
3025 4473 3330 4546 ὁμολογήσῃ
3353 4515 3370 4539 ,
3409 4473 3613 4534 πάντως

342 4596 351 4607 '
418 4593 528 4647 imo
547 4604 607 4643 ea
628 4588 791 4643 verba
807 4586 1132 4656 improbant,
1152 4586 1190 4639 ii
1223 4600 1354 4641 sane
1370 4585 1590 4641 Christo
1624 4584 1830 4642 inimici
1849 4601 1969 4643 esse

416 4680 563 4737 omni
591 4693 658 4734 ex
685 4686 838 4748 parte
875 4684 1262 4746 coarguuntur.

484 4838 573 4893 41.
607 4836 873 4892 Caeterum
904 4835 969 4890 ad
993 4849 1178 4889 eorum
1209 4832 1633 4890 confutationem
1670 4835 1764 4906 qui
1796 4843 1964 4890 totam

414 4929 681 5002 synodum
716 4926 1002 5003 repudiant
1026 4927 1141 4982 haec
1166 4941 1336 4996 pauca
1368 4924 1650 4981 subiciant.
1684 4925 1843 4983 Viros
1870 4941 1967 4981 au-

485 5106 595 5178 (75)
619 5105 695 5178 Ita
734 5103 952 5178 Regius,
980 5103 1292 5160 Basiliensis
1333 5113 1385 5160 et
1430 5103 1571 5161 Felc.
1617 5107 1668 5160 5.
1706 5105 1843 5161 Editi
1877 5123 1964 5163 se-

413 5179 516 5232 mel
543 5177 760 5232 Πατέρα
791 5177 1003 5229 habent.

484 5244 858 5319 (74)_Felckm.
905 5247 957 5311 3,
985 5244 1228 5310 ἕκαστον,
1263 5244 1536 5302 mendose.
1575 5244 1697 5300 Mox
1742 5244 1961 5319 Regius,

413 5317 710 5438 κατηγόςμ
738 5385 751 5398 ⁹

484 5385 594 5456 (75)
650 5400 843 5456 iegius,
873 5383 1058 5456 φησίν.

507 5455 594 5520 76)
621 5455 765 5510 Fele.
792 5457 846 5518 δ,
875 5455 1078 5520 agroW.

507 5458 594 5588 '76;
621 5458 765 5510 Felc.
792 5458 846 5518 5,
875 5458 1078 5536 ἀξίουν.
1172 5525 1185 5541 ν

507 5525 569 5594 77
622 5523 767 5594 fele.
798 5525 853 5586 5,
878 5541 983 5577 των
1007 5525 1353 5594 γραψαντων.

421 5614 430 5622 ·
481 5592 591 5665 (78)
619 5593 764 5665 ξομ).
783 5594 820 5665 5
846 5590 1027 5652 solus,
1046 5590 1141 5665 οἷς
1162 5594 1524 5665 ἀπεκάλυψεν.

483 5661 588 5732 (79)
618 5662 759 5732 ξοιο,
782 5662 835 5732 5,
865 5662 1108 5732 τρεπτῶς
1138 5665 1272 5717 ἐστι.

482 5730 590 5801 (80)
622 5730 765 5793 Fele.
797 5731 849 5796 5,
886 5730 1181 5787 εὐσέϐειαν.
1221 5734 1394 5805 Quam
1440 5733 1552 5798 τοῦ,
1578 5750 1634 5799 α,
1666 5733 1718 5795 iu
1751 5752 1811 5795 ευ
1845 5752 1964 5795 mu-

2074 4569 2168 4630 καὶ
2199 4567 2369 4622 ταῦτα
2386 4568 2792 4640 διανοηθήσεται
2815 4585 2828 4598 ·
2864 4570 2912 4621 οί
2936 4568 2993 4622 δὲ
3025 4569 3161 4640 μήτε
3180 4569 3349 4622 ταῦτα
3371 4566 3607 4639 φρονοῦν-

2071 4679 2182 4727 τες,
2211 4658 2346 4714 ἀλλὰ
2371 4660 2595 4714 κάκεῖνα
2618 4659 2986 4722 διαϐάλλοντες
3006 4659 3141 4731 (82),
3156 4662 3205 4713 οἱ
3231 4658 3455 4713 τοιοῦτοι
3487 4674 3599 4712 πανυ

2070 4752 2296 4824 ταχόθεν
2335 4751 2641 4822 ἐλέγχονται
2669 4752 3039 4823 χριστομάχοι.

2142 4846 2232 4902 41.
2256 4845 2364 4898 Καὶ
2396 4843 2521 4915 περὶ
2555 4842 2652 4912 μὲν
2676 4842 2783 4898 τῶν
2806 4843 2865 4909 ἐξ
2894 4842 3016 4896 ὅλου
3046 4843 3147 4915 τὴν
3176 4842 3386 4898 σύνοδον
3427 4845 3586 4912 ἀρνου

2080 4937 2251 4992 μένων
2280 4938 2440 5009 ἀρκεῖ
2459 4936 2593 5008 πρὸς
2623 4934 2840 5005 ἔλεγχον
2870 4935 2938 4990 τὰ
2970 4935 3127 5005 ὀλίγα
3163 4934 3363 4995 ταῦτα·
3404 4934 3535 5005 πρὸς
3559 4933 3609 4986 δὲ’

2074 5121 2327 5174 tationem
2377 5117 2510 5172 alias
2557 5132 2663 5187 non
2711 5118 2885 5187 semel
2923 5118 3245 5172 notavimus.
3291 5115 3460 5171 Paulo
3498 5122 3611 5187 post

2070 5188 2202 5259 Reg.
2230 5197 2284 5243 et
2308 5187 2452 5259 Felc.
2486 5185 2991 5259 5,_091tw_voo_5pe_v
3021 5188 3206 5259 αὐτάς.
3239 5187 3343 5241 Alii
3382 5185 3605 5259 codices,

2069 5255 2226 5314 Οὕτω
2253 5256 2479 5328 νοοῦμεν
2507 5256 2694 5328 animi.
2732 5255 3056 5328 Εᾴἱιί,ὀῦτω
3083 5257 3306 5328 νοοῦμεν
3333 5257 3509 5328 αὐτόὲ

2140 5328 2250 5400 (81)
2278 5324 2626 5400 ὃίοᾘοείιιε,
2655 5325 2893 5400 Eelckm.
2915 5327 2963 5400 _5
3000 5336 3054 5400 et
3080 5324 3234 5400 pedi}.
3269 5325 3447 5400 Paris.
3476 5324 3604 5379 Edit.

2068 5394 2355 5460 Commel.,
2394 5394 2885 5465 ἀναθεματίσομεν.
2915 5394 2973 5449 ln
3004 5395 3147 5451 Felc.
3179 5398 3232 5462 5,
3267 5396 3462 5451 ibidem
3494 5400 3608 5463 post

2070 5469 2227 5523 istam
2257 5482 2443 5522 vocem
2465 5507 2480 5531 ,
2508 5466 2621 5537 haec
2650 5474 2925 5537 ponuntur
2966 5466 3101 5537 πρὸς
3124 5466 3181 5537 δὲ
3209 5466 3334 5537 τοὺς
3362 5466 3605 5533 ἀποδεχο-

2073 5537 2285 5608 μένους,
2311 5538 2402 5608 his
2432 5535 2951 5608 praemissisverbis,
2989 5534 3052 5589 Ex
3084 5536 3182 5605 τῆς
3208 5534 3379 5606 αὐτῆς
3400 5537 3605 5589 satiato»

2070 5604 2187 5678 λῆς,
2216 5604 2441 5663 omissis
2461 5604 2818 5659 intermediis.

2139 5676 2249 5749 (82)
2282 5675 2502 5747 Regius,
2530 5673 2880 5731 διαϐάλλωσιν

2488 5716 2502 5743 ³
2530 5712 2824 5731 υνυυνψιυιυυν
2836 5712 2849 5725 υ
2863 5712 2900 5727 σο
