3966 6226
392 357 493 413 765

1784 363 1868 418 DE
1908 362 2211 422 SYNODIS.

3497 374 3598 428 766

391 477 512 540 τούς
535 475 954 548 ἀποδεχομένους
974 476 1040 530 τὰ
1068 479 1164 548 μὲν
1185 478 1313 532 ἄλλα
1337 479 1510 533 πάντα
1534 480 1638 533 τῶν
1665 481 1720 534 ὲν
1742 481 1943 552 Νικαίᾳ

2047 495 2151 539 tem
2177 487 2267 556 qui
2296 487 2396 541 alia
2447 489 2664 557 quidem
2724 490 2904 543 omnia
2960 488 3150 546 Nic-mae
3209 494 3409 563 scripta
3458 495 3597 549 reci-

390 568 724 640 γραφέντων,
754 571 882 639 περὶ
904 569 958 620 δὲ
990 570 1146 638 μόνον
1180 570 1240 622 τὸ
1269 570 1548 640 ὁμοούσιον
1581 571 1943 640 ἀμφιϐάλλον-

389 679 508 725 τας,
538 662 643 733 χρὴ
675 662 784 730 (85)
824 661 894 731 μὴ
925 661 998 722 ὡς
1028 660 1162 731 πρὸς
1195 661 1420 732 ἐχθροὺς
1463 662 1762 714 διακεῖσθαι
1788 680 1798 691 ·
1852 665 1944 715 καὶ

387 749 496 820 γὰρ
524 751 615 802 καὶ
640 751 796 818 ἡμεῖς
821 749 916 818 οὐχ
959 750 1032 812 ὡς
1060 751 1192 820 πρὸς
1231 749 1634 818 Ἀρειομανίτας
1653 791 1666 813 ,
1712 750 1820 802 οὐδ’
1869 751 1943 814 ὼς

394 841 726 913 μαχομένους
754 841 886 910 πρὸς
915 843 1038 903 τούς
1063 842 1308 911 Πατέρας
1340 841 1681 910 ἐνιστάμεθα,
1724 841 1835 894 ἀλλ’
1869 843 1944 904 ὡς

391 931 605 999 ἀδελφοὶ
638 930 771 999 πρὸς
795 930 1048 998 ἀδελφοὺς
1080 930 1435 1001 διαλεγόμεθα
1460 973 1474 996 ,
1505 933 1600 1001 τὴν
1642 931 1810 1002 αὐτὴν
1846 932 1944 1002 μὲν

392 1017 519 1092 ἡμῖν
547 1021 779 1076 διάνοιαν
805 1021 1042 1090 ἔχοντας,
1075 1022 1200 1092 περὶ
1222 1021 1357 1075 δὲτὸ
1388 1021 1555 1091 ὄνομα
1586 1022 1740 1091 μόνον
1765 1023 1944 1075 διστά-

391 1110 602 1174 ζοντας.
631 1110 740 1162 Καὶ
762 1109 869 1180 γὰρ
891 1109 1270 1180 ὁμολογοῦντες
1295 1111 1359 1164 ὲκ
1389 1110 1486 1180 τῆς
1508 1110 1692 1173 οὐσίας
1718 1110 1810 1163 τοῦ
1840 1111 1946 1162 Πα-

389 1200 514 1270 τρδς
541 1196 697 1262 εἶναι,
730 1199 824 1251 καὶ
851 1197 922 1268 μὴ
957 1197 1015 1264 ἐξ
1061 1197 1247 1270 ἐτέρας
1280 1198 1626 1259 ὑποστάσεως
1671 1197 1762 1250 τὸν
1792 1197 1940 1261 Υίὸν,

390 1290 589 1359 κτίσμα
625 1306 681 1341 τε
708 1289 780 1359 μὴ
804 1284 962 1353 εἶναι,
994 1289 1127 1358 μηδὲ
1160 1288 1367 1358 ποίημα
1397 1285 1557 1340 αὐτὸν
1577 1329 1590 1349 ,
1634 1285 1769 1340 ἀλλὰ
1808 1289 1940 1356 γνή-

390 1399 498 1434 σιον
522 1381 614 1433 καὶ
642 1381 796 1448 φύσει
824 1380 1062 1450 γέννημα
1086 1379 1266 1442 ἀϊδίως
1295 1395 1351 1431 τε
1386 1378 1494 1448 (84)
1521 1379 1680 1430 αὐτὸν
1709 1380 1942 1430 συνεῖναι

387 1475 462 1544 τῷ
486 1474 662 1543 Πατρὶ
689 1474 858 1540 Λόγον
895 1473 1022 1526 ὄντα
1055 1474 1147 1524 καὶ
1190 1472 1385 1540 Σοφίαν
1406 1514 1419 1536 ,
1460 1472 1518 1524 οὐ
1559 1473 1773 1543 μακράν
1807 1473 1942 1524 εἰσιν

386 1565 740 1630 ἀποδέξασθαι
765 1566 857 1618 καὶ
876 1565 970 1635 τὴν
998 1564 1088 1617 τοῦ
1115 1563 1223 1632 (85)
1256 1564 1536 1634 όμοουσίου
1561 1563 1722 1627 λέξιν.
1757 1563 1942 1620 Τοιοῦ-

385 1675 474 1721 τος
494 1658 550 1710 δέ
577 1659 691 1710 ἐστι
720 1657 992 1718 Βασίλειος
1021 1659 1050 1708 6
1082 1657 1188 1708 ἀπὸ
1229 1656 1528 1728 Ἀγκύρας,
1560 1656 1771 1728 γράψας
1817 1655 1944 1726 περὶ

387 1749 642 1812 πίστεως.
671 1748 741 1801 Τὸ
766 1748 863 1819 μὲν
891 1748 998 1818 γάρ
1017 1749 1196 1818 ὅμοιον
1229 1749 1382 1818 μόνον
1413 1747 1590 1814 λέγειν
1615 1749 1731 1800 κατ’
1759 1747 1944 1802 οὐσίαν

2043 577 2214 644 piunt,
2279 578 2345 630 de
2385 579 2502 632 solo
2563 589 2741 633 autem
2801 580 3279 638 consubstantialis
3337 585 3598 639 vocabulo

2043 668 2344 736 ambigunt,
2378 685 2481 724 non
2506 681 2564 724 ut
2595 672 2843 727 inimicos
2887 675 3115 743 spectari
3169 690 3265 744 par
3289 685 3391 730 est.
3415 675 3600 745 Neque

2043 760 2186 813 enim
2237 761 2378 815 velut
2422 761 2803 830 Ariomanitas,
2848 773 2940 818 aut
2994 763 3210 819 Patrum
3237 767 3596 834 adversarios,

2043 849 2292 904 homines
2346 851 2735 921 aggredimur;
2773 854 2867 908 sed
2919 854 3260 923 disputamus
3302 857 3461 910 veluti
3488 856 3598 910 fra-

2044 947 2153 992 tres
2180 954 2303 990 cum
2330 938 2606 1004 fratribus,
2658 941 2751 1010 qui
2793 941 2980 997 eadem
3017 958 3123 1012 qua
3157 958 3258 998 nos
3297 954 3423 999 sunt
3475 960 3596 1000 sen-

2043 1030 2230 1093 tentia,
2254 1031 2369 1084 solo
2398 1032 2614 1084 nomine
2643 1032 2697 1084 in
2732 1033 3154 1088 controversiam
3191 1035 3440 1089 adducto.
3459 1033 3596 1088 Cum

2043 1122 2186 1176 enim
2218 1123 2578 1176 conﬁteantur
2611 1137 2676 1176 ex
2725 1123 3028 1178 substantia
3086 1124 3261 1180 Patris
3305 1137 3357 1179 et
3390 1140 3498 1179 non
3530 1141 3597 1180 ex

2042 1213 2145 1266 alia
2169 1214 2462 1266 substantia
2489 1229 2606 1268 esse
2637 1210 2851 1278 Filium,
2883 1229 2981 1270 nec
3018 1226 3319 1270 creaturam
3368 1217 3453 1269 vel
3482 1217 3599 1285 Opi-

2041 1304 2224 1358 ﬁciuin
2286 1304 2436 1357 illum
2480 1320 2650 1360 esse:
2707 1306 2801 1360 sed
2853 1309 3140 1374 genuinam
3189 1307 3598 1376 naturalemque

2041 1397 2270 1467 prolem,
2306 1410 2357 1448 et
2381 1397 2447 1449 ab
2476 1407 2674 1450 πιοτηο
2697 1413 2799 1450 una
2828 1412 2951 1450 cum
2978 1396 3136 1452 Patre
3166 1396 3399 1452 Verbum
3422 1408 3474 1452 et
3497 1397 3599 1452 Sa-

2040 1489 2298 1558 pientiam
2327 1488 2607 1551 exsistere,
2662 1504 2768 1541 non
2799 1489 2954 1559 longe
2984 1489 3180 1543 absunt
3225 1505 3255 1543 a
3290 1489 3598 1559 recipienda

2043 1579 2520 1634 consubstantialis
2548 1595 2698 1634 voce.
2720 1580 2867 1634 Talis
2888 1589 2972 1635 est
3001 1579 3232 1634 Basilius
3254 1580 3483 1650 Ancyra:
3504 1580 3597 1649 qui

2042 1669 2108 1725 de
2131 1672 2232 1724 ﬁde
2267 1671 2502 1740 scripsit.
2533 1670 2690 1733 Nam,
2717 1673 2764 1728 si
2790 1672 2981 1728 similis
3016 1680 3222 1724 tantum
3274 1671 3485 1726 dicatur
3515 1685 3600 1726 se-

2046 1765 2281 1817 cundum
2317 1764 2698 1828 substantiam,
2729 1764 2780 1817 id
2810 1779 2916 1817 non
2965 1763 3101 1817 idem
3137 1777 3362 1832 prorsus
3391 1760 3599 1831 signiﬁ-

386 1842 445 1893 οὐ
471 1841 685 1903 πάντως
716 1841 965 1911 σημαίνει
989 1841 1082 1894 καὶ
1105 1841 1166 1893 τὸ
1193 1844 1257 1894 ὲκ
1279 1841 1376 1911 τῆς
1399 1840 1602 1902 οὐσίας,
1638 1839 1696 1904 ἐξ
1727 1834 1787 1892 οὐ
1811 1838 1943 1908 μᾶλ-

2046 1863 2132 1908 cat
2153 1863 2313 1924 atque
2341 1855 2469 1908 illud
2504 1875 2516 1908 :
2543 1872 2606 1908 ex
2639 1855 2972 1919 substantia;
3035 1813 3165 1924 qucr
3190 1855 3356 1910 verbo
3400 1855 3598 1926 magis,

387 1932 496 1997 λον,
521 1934 598 1995 ὠς
629 1934 722 1986 καὶ
766 1933 918 1985 αὐτοὶ
963 1935 1234 2003 εἰρήκασι,
1285 1931 1600 2002 σημαίνεται
1631 1931 1690 1984 τὸ
1725 1932 1943 2000 γνήσιον

384 2024 477 2077 τοῦ
526 2023 657 2076 Υίοῦ
705 2025 838 2095 πρὸς
893 2025 982 2077 τὸν
1028 2023 1262 2093 Πατέρα.
1309 2024 1415 2076 Καὶ
1465 2023 1572 2094 γὰρ
1629 2024 1943 2094 κασσίτερος

384 2116 563 2187 ὅμοιός
607 2115 713 2187 (86)
748 2118 860 2168 ἐστι
914 2116 1068 2185 μόνον
1118 2113 1194 2184 τῷ
1246 2113 1500 2185 ἀργύρῳ,
1541 2115 1634 2166 καὶ
1683 2113 1841 2176 λύκος
1866 2113 1943 2182 τῷ

385 2207 527 2271 κυνὶ,
564 2207 658 2259 καὶ
677 2204 872 2276 χαλκὸς
897 2203 1162 2275 χρυσίζων
1189 2202 1266 2273 τῷ
1296 2201 1532 2273 ἀληθινῷ
1571 2201 1786 2272 χρυσῷ,
1819 2201 1942 2254 οὐτε

383 2298 440 2350 δὲ
476 2297 794 2368 κασσίτερος
821 2299 884 2350 ὲκ
906 2297 996 2349 τοῦ
1021 2295 1258 2366 ἀργύρου
1292 2296 1580 2364 τυγχάνει,
1629 2293 1752 2346 οὐτε
1784 2294 1944 2358 λύκος

383 2388 457 2451 ὼς
496 2388 608 2450 υίὸς
653 2388 747 2440 τοῦ
792 2388 948 2450 κυνὸς
978 2387 1042 2439 ἂν
1082 2385 1379 2456 νομισθείη.
1414 2386 1630 2455 Ἐπειδὴ
1668 2385 1722 2437 δὲ
1762 2386 1854 2437 καὶ
1881 2388 1944 2439 ὲκ

384 2481 479 2550 τῆς
501 2479 686 2542 οὐσίας
733 2481 827 2532 καὶ
861 2477 1189 2549 ὁμοιοούσιον
1228 2477 1337 2545 (87)
1371 2476 1528 2529 αὐτὸν
1575 2477 1862 2546 εἰρήκασι,
1892 2476 1944 2528 τί

383 2568 567 2641 ἕτερον
615 2570 964 2640 σημαίνουσιν
1011 2571 1074 2621 ὲκ
1117 2567 1318 2620 τούτων
1349 2568 1380 2636 ἢ
1408 2566 1467 2618 τὸ
1493 2567 1805 2636 ὁμοούσιον;
1834 2568 1944 2621 Καὶ

384 2660 491 2729 γὰρ
509 2658 696 2730 ὥσπερ
733 2662 762 2711 6
788 2658 957 2726 λέγων
990 2658 1145 2728 μόνον
1173 2656 1502 2727 ὁμοιοούσιον
1526 2657 1584 2719 οὐ
1615 2657 1829 2719 πάντως
1850 2658 1944 2722 καὶ

382 2753 442 2805 τὸ
471 2754 536 2806 ἐκ
567 2751 667 2822 τῆς
694 2751 879 2814 οὐσίας
899 2749 1176 2821 γνωρίζει,
1204 2748 1374 2813 οὕτως
1399 2751 1427 2802 6
1459 2747 1632 2816 λέγων
1664 2747 1944 2819 ὁμοούσιον

383 2845 725 2916 ἀμφοτέρων,
773 2843 864 2897 τοῦ
909 2861 966 2896 τε
1004 2842 1336 2913 ὁμοιοουσίου
1381 2842 1472 2894 καὶ
1505 2841 1598 2893 τοῦ
1630 2843 1693 2894 ἐκ
1725 2841 1823 2911 τῆς
1856 2843 1946 2894 οὐ·

387 2939 506 3000 σίας
553 2937 686 3008 (88),
737 2937 986 3006 σημαίνει
1017 2935 1114 3006 τὴν
1146 2935 1401 2989 διάνοιαν.
1451 2935 1560 2986 Καὶ
1617 2935 1769 2986 αὐτοὶ
1814 2932 1944 3002 γοῦν

385 3029 720 3100 ἐνιστάμενοι
753 3029 912 3081 πάλιν
947 3028 1078 3098 πρὸς
1114 3028 1238 3090 τούς
1268 3027 1470 3097 κτίσμα
1509 3026 1766 3094 λέγοντας
1805 3021 1943 3089 εἶναι

2043 1954 2103 2002 ut
2134 1947 2233 2016 ipsi
2260 1949 2462 2011 dixere,
2495 1945 2670 2000 Patris
2701 1962 3012 2017 germanum
3045 1946 3240 2000 Filium
3271 1947 3445 2016 ipsum
3480 1961 3599 2002 esse

2043 2039 2397 2109 signiﬁcatur.
2438 2037 2570 2092 Nam
2599 2049 2850 2092 stannum
2881 2047 2962 2092 cst
3000 2048 3220 2106 argento
3257 2038 3452 2104 simile,
3499 2039 3622 2092 ca-‘

2043 2130 2128 2184 nis
2155 2129 2302 2198 lupo,
2341 2129 2708 2184 aurichalcum
2749 2144 2876 2183 vero
2919 2143 3075 2190 auro,
3107 2143 3208 2182 nec
3246 2136 3424 2182 tamen
3453 2135 3601 2182 stan—

2045 2237 2173 2274 num
2205 2237 2269 2274 ex
2306 2231 2526 2291 argento
2553 2229 2656 2283 est,
2697 2236 2798 2276 nec
2843 2221 3002 2290 lupus
3046 2219 3198 2276 canis
3236 2220 3379 2274 ﬁlius
3412 2219 3600 2273 haberi

2043 2321 2240 2382 potest.
2271 2311 2714 2380 Quandoquidem
2769 2325 2948 2367 autem
2985 2322 3038 2367 et
3088 2328 3154 2367 ex
3189 2313 3514 2376 substantia,
3547 2321 3602 2366 et

2046 2405 2361 2460 substantiae
2404 2405 2633 2458 similem
2664 2420 2786 2458 cum
2819 2419 2939 2458 esse
2985 2405 3255 2469 dixerunt,
3293 2405 3421 2474 quid
3456 2404 3598 2457 aliud

2045 2496 2131 2552 his
2165 2496 2471 2566 signiﬁcant
2518 2512 2678 2565 quam
2710 2512 2831 2550 cum
2880 2511 3001 2552 esse
3047 2494 3602 2550 consubstantialem?

2046 2588 2278 2652 Etenim,
2311 2589 2450 2643 sicut
2477 2591 2569 2658 qui
2592 2589 2717 2643 dicit
2743 2597 2968 2652 tantum,
3000 2587 3314 2641 substantiae
3345 2586 3596 2648 similem,

2045 2696 2153 2735 non
2185 2695 2404 2748 prorsus
2433 2679 2633 2733 indicat
2682 2694 2805 2733 eum
2854 2694 2920 2733 ex
2968 2676 3266 2732 substantia
3318 2691 3476 2741 esse;
3521 2675 3601 2728 sic

2045 2773 2137 2843 qui
2177 2772 2327 2837 dicit,
2355 2772 2890 2834 consubstantialem,
2919 2770 3203 2838 utriusque
3228 2768 3357 2822 dicti
3380 2774 3599 2822 senten-

2045 2864 2175 2917 tiam
2232 2862 2624 2931 complectitur,
2680 2869 2755 2924 et,
2799 2860 3114 2916 substantia:
3178 2857 3394 2922 similis,
3426 2865 3498 2920 et,
3531 2871 3600 2909 ex

2047 2955 2366 3010 substantia.
2395 2952 2702 3021 lterumque
2731 2953 2852 3006 illos
2879 2951 3113 3021 aggressi
3143 2953 3234 3022 qui
3265 2946 3600 3004 dicuntVer-

2047 3048 2174 3101 bum
2208 3061 2329 3101 esse
2359 3055 2684 3108 creaturam,
2717 3052 2767 3099 et
2811 3051 3010 3112 negant
3063 3042 3302 3112 genitum
3335 3055 3457 3096 esse
3504 3038 3600 3094 Fi-

382 3125 474 3176 τὸν
498 3123 689 3191 Λόγον,
717 3121 904 3192 καὶμὴ
930 3120 1175 3182 θέλοντας
1207 3120 1367 3173 αὐτὸν
1391 3120 1606 3189 γνήσιον
1634 3117 1759 3181 Υίὸν
1782 3113 1942 3182 εἶναι,

2047 3138 2204 3204 lium,
2230 3153 2293 3191 ex
2328 3135 2578 3190 humanis
2634 3133 2894 3204 exemplis
2949 3133 3042 3187 ﬁlii
3074 3147 3136 3186 ac
3176 3131 3346 3201 patris
3375 3145 3471 3184 sua
3501 3127 3600 3209 ad-

382 3215 441 3280 ὲξ
493 3213 845 3285 ἀνθρωπίνων
902 3210 1356 3282 παραδειγμάτων
1407 3209 1523 3263 υἱοῦ
1592 3211 1686 3263 καὶ
1737 3210 1942 3280 πατρὸς

384 3309 633 3378 εἰλήφασι
679 3306 776 3368 τάς
809 3306 927 3365 κατ’
963 3303 1140 3356 αὐτῶν
1181 3301 1518 3367 ἀποδείξεις,
1558 3301 1941 3373 ὲξαιρουμένου

385 3402 572 3455 τούτου
602 3398 730 3471 (89),
761 3399 841 3452 ὃτι
879 3396 952 3468 μὴ
971 3396 1045 3460 ὡς
1067 3395 1350 3467 ἄνθρωπός
1383 3397 1529 3448 ἐστιν
1557 3397 1585 3449 6
1615 3395 1765 3458 Θεὸς,
1812 3394 1944 3464 μηδὲ

384 3493 458 3557 ὼς
480 3490 790 3563 ἀνθρωπίνη
819 3488 968 3560 γονὴ,
999 3488 1168 3551 οὓτως
1188 3488 1378 3559 ἐστὶνή
1400 3487 1491 3541 τοῦ
1514 3488 1642 3540 Υἱοῦ
1673 3489 1942 3557 γέννησις,

386 3584 496 3636 ἀλλ’
514 3584 588 3647 ὡς
617 3585 650 3652 ή
681 3583 797 3652 Θεῷ
818 3583 1120 3654 πρέπουσα,
1148 3583 1240 3633 καὶ
1268 3583 1413 3651 ἡμᾶς
1444 3580 1754 3650 ἁρμόζουσα
1785 3583 1941 3634 νοεῖν.

385 3679 493 3731 Καὶ
522 3676 631 3748 γὰρ
652 3677 745 3729 καὶ
775 3676 953 3746 πηγὴν
992 3675 1243 3745 εἰρήκασι
1275 3674 1364 3725 τὸν
1391 3673 1610 3743 Πατέρα
1634 3675 1730 3742 τῆς
1756 3671 1945 3741 σοφίας

388 3773 476 3823 καὶ
499 3772 597 3841 τῆς
625 3770 792 3838 ζωῆς,
819 3768 909 3820 τὸν
937 3767 991 3819 δὲ
1017 3767 1142 3820 Υίον
1164 3765 1503 3836 ἀπαύγασμα
1537 3764 1712 3833 φωτὸς
1751 3764 1942 3830 ἀϊδίου,

387 3865 478 3914 καὶ
508 3863 669 3914 αὐτὸν
700 3857 834 3914 εἶναι
861 3861 920 3913 τὸ
960 3861 1022 3912 ἐκ
1047 3859 1144 3928 τῆς
1192 3858 1370 3927 πηγῆς
1405 3858 1647 3928 γέννημα
1690 3857 1941 3924 λέγοντα’

391 3973 410 4005 ε
449 3954 590 4022 Ἐγώ
621 3956 734 4023 εἰμι
769 3953 874 4023 (90)
915 3953 948 4022 ἡ
974 3950 1105 4021 ζωὴ,
1135 3970 1152 4001 ι
1178 3951 1290 4014 καὶ,
1313 3968 1331 3999 ι
1370 3947 1505 4016 Ἐγὼ
1535 3951 1567 4019 ή
1599 3948 1765 4016 Σοφία
1818 3965 1945 4000 κατ-

385 4048 668 4116 εσκήνωσα
721 4044 933 4115 βουλήν.
975 4062 992 4094 ι
1056 4042 1128 4094 Τὸ
1161 4042 1216 4094 δὲ
1260 4043 1322 4094 ἐκ
1372 4040 1544 4110 φωτὸς
1591 4041 1944 4110 ἀπαύγασμα,

386 4139 476 4192 καὶ
502 4139 568 4193 ἐκ
590 4137 772 4206 πηγῆς
801 4136 1064 4204 γέννημα,
1099 4134 1191 4186 καὶ
1225 4135 1285 4186 ἐκ
1313 4133 1522 4205 Πατρὸς
1546 4132 1693 4197 Υἱὺν,
1729 4132 1844 4196 πῶς
1883 4132 1948 4184 ἄν

385 4249 466 4295 τις
502 4230 848 4303 ἁρμοζόντως
892 4227 1208 4296 ὀνομάσειεν
1255 4224 1630 4295 ἣὸμοούσιον;
1685 4219 1810 4294 'Ap‘
1856 4219 1948 4275 οὖν

389 4323 461 4394 μὴ
487 4364 501 4387 ,
533 4320 721 4390 ἐπειδὴ
766 4319 834 4371 τὰ
879 4317 936 4383 ἐξ
983 4317 1280 4388 ἀνθρώπων
1326 4317 1638 4386 γεννήματα
1692 4313 1948 4385 ὀμοούσιά

386 4417 549 4480 ἐστιν,
581 4409 921 4466 εὐλαϐεῖσθαι
956 4411 1037 4463 δεῖ
1066 4411 1138 4480 μὴ
1164 4409 1256 4462 καὶ
1287 4411 1314 4461 6
1335 4409 1480 4471 Υἱὸς,
1504 4407 1791 4477 λεγόμενος
1811 4409 1943 4477 ὁμο-

2046 3243 2262 3284 versum
2298 3227 2420 3281 illos
2460 3234 2775 3295 argumenta
2803 3223 3030 3277 mutuati
3097 3231 3244 3289 sunt,
3291 3222 3392 3275 hac
3421 3229 3600 3275 tamen

2044 3317 2379 3385 exceptione,
2409 3313 2550 3382 quod
2584 3313 2724 3366 Deus
2752 3327 2858 3366 non
2896 3312 2965 3366 sit
2999 3320 3058 3365 ut
3080 3312 3262 3378 homo,
3292 3325 3468 3380 neque
3497 3309 3602 3363 hu-

2045 3410 2190 3464 mani
2224 3407 2387 3480 604.
2416 3417 2603 3478 partus
2636 3406 2824 3461 similis
2877 3406 2948 3460 sit
2999 3405 3120 3459 Filii
3167 3394 3458 3476 generatio,
3508 3404 3603 3459 sed

2047 3500 2172 3553 talis
2196 3498 2264 3552 sit
2289 3498 2466 3566 qualis
2493 3497 2602 3552 Deo
2625 3496 2896 3562 convenit,
2930 3502 2984 3550 et
3017 3511 3045 3548 a
3068 3496 3225 3550 nobis
3251 3495 3474 3564 intelligi
3505 3495 3601 3548 de-

2045 3589 2155 3644 bet.
2184 3587 2316 3642 Nam
2355 3600 2407 3642 et
2427 3587 2638 3642 Patrem
2673 3587 2871 3642 fontem
2921 3587 3198 3655 sapientiae
3235 3587 3419 3641 dixere
3441 3595 3604 3655 atque

2047 3680 2189 3744 vitae,
2213 3677 2408 3732 Filium
2428 3693 2552 3733 vero
2583 3679 2920 3746 splendorem
2952 3687 3166 3731 aeterna:
3208 3676 3363 3742 lucis,
3390 3677 3602 3745 ipsum‘

2045 3785 2151 3838 que
2172 3784 2291 3824 esse
2316 3767 2480 3822 fontis
2511 3779 2744 3837 partum,
2771 3768 2862 3836 qui
2899 3767 3004 3821 ait:
3031 3787 3048 3818 ι
3074 3766 3185 3837 Ego
3216 3782 3336 3821 sum
3365 3768 3473 3820 vita
3497 3767 3596 3830 “,p

2045 3871 2118 3928 et,
2147 3881 2164 3913 ‹
2190 3861 2302 3932 Ego
2335 3860 2608 3930 Sapientia
2637 3861 2820 3914 habito
2851 3860 2902 3914 in
2929 3859 3156 3914 consilio
3193 3861 3289 3913 ιθ.»
3322 3858 3490 3913 Porro
3520 3859 3603 3913 lu-

2046 3956 2125 4010 cis
2147 3955 2508 4023 splendorem,
2539 3953 2706 4007 fontis
2749 3961 2986 4021 partum,
3017 3951 3192 4006 Patris
3221 3950 3442 4014 Filium,
3465 3965 3603 4020 quo-

2046 4048 2209 4100 modo
2239 4055 2360 4114 apte
2409 4046 2792 4108 nominaveris,
2853 4047 2994 4110 nisi,
3048 4043 3603 4099 consubstantialem?

2046 4136 2275 4207 Ergone,
2301 4139 2720 4192 cumbominum
2751 4137 2928 4208 proles
2972 4137 3212 4206 ejusdem
3243 4138 3314 4192 sit
3347 4137 3602 4191 substan-

2047 4231 2153 4296 tiae,
2189 4245 2380 4284 cavere
2401 4237 2629 4298 oportet,
2657 4244 2724 4283 ne
2778 4229 2824 4283 is
2866 4229 2959 4298 qui
3005 4228 3175 4282 Filius
3222 4228 3440 4294 dicitur,
3470 4243 3602 4283 con-

2048 4323 2417 4379 substantialis
2447 4333 2502 4377 et
2543 4325 2656 4393 ipse
2699 4323 3030 4389 nominetur,
3072 4333 3134 4378 ut
3165 4323 3443 4377 hominum
3472 4340 3602 4392 pro-

2047 4415 2124 4469 les
2157 4434 2168 4468 :
2207 4415 2389 4469 absit!
2423 4430 2763 4484 nequaquam
2811 4430 2869 4469 se
2914 4414 2988 4468 ita
3025 4429 3111 4469 res
3137 4411 3320 4468 habet.
3359 4412 3460 4468 Sed
3499 4415 3601 4467 hoc

386 4507 582 4570 ούσιος,
609 4504 890 4576 νομισθείη
907 4506 1001 4556 καὶ
1023 4503 1180 4564 αὐτὸς
1209 4503 1284 4564 ὡς
1313 4499 1649 4570 ἀνθρώπινον
1673 4499 1938 4570 γέννημας

2044 4504 2201 4559 facile
2233 4505 2488 4571 solvitur;
2534 4503 2703 4559 Filius
2732 4507 2930 4575 quippe
2976 4502 3213 4558 Verbum
3247 4512 3301 4559 et
3329 4503 3598 4574 Sapientia

389 4600 460 4670 μὴ
487 4599 726 4669 γένοιτοί
763 4599 862 4650 οὐκ
895 4596 1038 4649 ἔστιν
1058 4593 1246 4658 οὕτως.
1291 4593 1448 4646 Ἀλλά
1480 4594 1572 4646 καὶ
1598 4594 1814 4662 ταχεῖαν
1835 4591 1946 4661 ἔχει

385 4692 479 4762 τὴν
505 4691 659 4744 λύσιν
681 4689 838 4744 τοῦτο
857 4706 871 4722 ’
895 4689 1062 4757 Λόγος
1089 4688 1197 4758 γάρ
1231 4688 1346 4739 ἐστι
1379 4685 1474 4738 καὶ
1503 4685 1674 4753 Σοφία
1711 4685 1804 4737 τοῦ
1833 4685 1947 4738 Παη

386 4801 508 4854 τρος
535 4785 564 4836 6
589 4783 717 4846 Υἱός
741 4799 753 4812 ³
782 4781 842 4846 ἐξ
867 4775 940 4835 ὧν
971 4780 1031 4832 τὸ
1069 4778 1274 4842 ἀπαθὲς
1310 4777 1404 4830 καὶ
1428 4775 1488 4829 τὸ
1513 4776 1808 4848 ἀμέριστον
1848 4775 1948 4845 τῆς

388 4877 450 4928 ὲκ
474 4874 568 4928 τοῦ
591 4873 800 4945 Πατρὺς
825 4874 1128 4944 γεννήσεως
1147 4869 1486 4942 γνωρίζεται.
1516 4868 1684 4936 Λόγος
1699 4867 1806 4940 γὰρ
1829 4867 1947 4921 οὐδὲ

462 5011 504 5043 ⁸⁸
533 5010 690 5066 Joan.
724 5027 833 5076 xiv,
869 5011 921 5064 6.
1031 5008 1076 5040 δ’
1108 5007 1264 5064 Prov.
1299 5021 1414 5071 vm,
1450 5005 1540 5060 12.

459 5125 569 5196 (85)
601 5126 692 5182 Sic
717 5124 1028 5196 Felrkman.
1055 5124 1108 5189 5,
1132 5138 1290 5192 quem
1322 5121 1622 5190 sequimur.
1654 5119 1710 5172 ln
1740 5119 1945 5175 caeteris

390 5204 442 5250 et
469 5195 650 5256 editis,
683 5196 784 5266 χρή
813 5195 1172 5266 desideratur.

461 5266 570 5333 (84)
604 5262 850 5318 Ts'dcest
880 5267 931 5318 in
959 5262 1104 5333 Eele.
1131 5263 1186 5333 5.

460 5328 571 5404 (85)
603 5336 695 5388 Sic
721 5333 853 5404 Reg.
879 5342 932 5386 et
956 5332 1100 5404 Felc.
1130 5332 1181 5384 5.
1208 5330 1274 5404 In_
1302 5329 1462 5384 editis
1495 5344 1622 5404 vero
1647 5345 1740 5380 του
1742 5328 1940 5404 _dces_t.

391 5397 1082 5477 Egisti-maruntfnonnulli,
1113 5415 1232 5470 qua:
1261 5400 1511 5477 leguntur
1539 5398 1701 5477 inira,
1742 5397 1814 5450 T6
1847 5398 1944 5477 μὲν

391 5475 496 5544 γὰρ
522 5476 705 5544 ὅμοιον
733 5473 890 5542 μόνον
919 5471 1116 5538 λέγειν,
1130 5467 1280 5544 ὀςοη
1311 5467 1432 5544 esse
1461 5467 1941 5544 Basilii‘Ancyrani

391 5536 582 5608 verba;
612 5542 706 5598 sed
731 5536 794 5596 ex
825 5536 1292 5609 consequentibus
1311 5537 1476 5609 liquet
1499 5536 1938 5609 esse_Atbanasii.

459 5605 579 5682 (86)
597 5612 738 5666 Felc.
759 5613 813 5682 5,
842 5605 1044 5682 ᾅμοιον,
1068 5608 1224 5682 male.
1245 5605 1743 5682 Μοκίἀειῃημόνον,
1773 5614 1942 5674 recte,-

393 5674 559 5752 atque'
584 5682 659 5752 ita
684 5680 815 5752 legit
841 5674 1105 5752 Nannius.
1137 5676 1328 5752 Caeteri
1340 5674 1604 5752 _et__editi,‘
1620 5674 1798 5752 μόνος.

461 5743 572 5824 (87)
598 5743 966 5816 ΕὐὶιῘΡαινίεη
995 5745 1202 5818 ὁμοιούι
1219 5763 1313 5801 .ον.
1340 5744 1481 5807 Edit.
1510 5743 1724 5811 ColOn.,
1747 5743 1937 5815 ὀμοού-

2046 4609 2126 4651 est
2155 4594 2352 4661 Patris,
2387 4597 2586 4666 quibus
2645 4595 2822 4652 Patris
2869 4596 3264 4666 generationem
3296 4595 3598 4664 impassibi-

2045 4689 2148 4742 lem
2174 4696 2227 4742 et
2265 4688 2548 4743 indivisam
2575 4702 2695 4742 esse
2721 4686 3076 4756 signiﬁcatur.
3125 4684 3259 4738 Nam
3306 4699 3375 4737 ne
3424 4682 3596 4736 homi-

2045 4796 2174 4834 num
2201 4779 2416 4849 quidem
2437 4779 2660 4833 verbum
2706 4793 2833 4847 pars
2865 4793 3051 4832 eorum
3099 4784 3199 4839 est,
3246 4788 3420 4843 neque
3474 4787 3595 4825 cum

2046 4871 2278 4942 quadam
2303 4871 2557 4941 passione
2591 4870 2659 4924 ab
2680 4869 2784 4924 illis
2812 4868 3082 4938 procedit;
3118 4865 3313 4920 nedum
3354 4862 3447 4916 Dei
3477 4861 3594 4915 Ver-

2045 5135 2175 5170 σιον.
2204 5118 2274 5170 At
2297 5117 2424 5170 edit.
2442 5113 2704 5169 Commel.
2724 5120 2778 5166 et
2794 5126 2924 5166 mss.
2944 5122 3150 5174 omnes,
3168 5101 3516 5175 ὁμοιοούσιον,
3542 5109 3593 5155 et

2045 5189 2124 5243 sic
2153 5187 2316 5256 paulo
2348 5186 2485 5238 infra
2519 5185 2795 5256 bisterve.

2114 5245 2226 5325 (8'8)
2264 5256 2485 5324 Regius,
2516 5251 2789 5325 saucii};
2819 5248 3023 5325 οὐσίας,
3054 5245 3212 5325 male:

2116 5310 2488 5397 (adﬁcies;
2515 5310 2800 5397 mannos
2850 5318 2990 5372 idem
3029 5330 3152 5369 cum
3201 5311 3356 5381 Reg.,
3391 5310 3531 5363 ιστιν
3562 5311 3592 5364 ὁ

2042 5388 2192 5459 Θεός.
2210 5388 2382 5455 Ἐόίιί,
2413 5396 2556 5445 ἐστιν
2585 5393 2612 5443 6
2638 5388 2784 5459 Υἱός.

2113 5449 2226 5536 (εἶθ)
2254 5449 2430 5516 Editio
2457 5458 2903 5536 pommeliniana,
2935 5455 2982 5536 εί
3018 5449 3429 5536 μή,ἠιριιι1ρεεξς
3478 5450 3590 5536 είμι

2042 5518 2295 5604 sequens,
2330 5529 2561 5604 quodﬁin
2594 5527 2752 5580 editis
2784 5534 2909 5604 ante
2940 5518 3164 5604 {Lampia
3189 5518 3479 5604 legebatur,
3498 5520 3592 5571 dc-

2043 5587 2204 5658 igitur}
2241 5587 2324 5655 est
2349 5587 2412 5653 'in
2466 5597 2618 5667 Reg.,
2647 5607 2698 5648 et
2732 5603 2875 5667 rect_e
2904 5587 3144 5667 quidem.
3189 5587 3408 5654 Ibidem,
3462 5605 3590 5640 κατ-

2042 5674 2321 5744 εσκήνωσα
2350 5661 2716 5740 βουλήνῖἰεεει
2742 5665 2796 5718 in
2829 5661 2970 5716 Felc.
3000 5663 3050 5716 3.
