3966 6226
394 419 486 472 ’171

952 410 1009 468 S.
1052 408 1421 467 ATHANASII
1460 411 1609 468 OPP.
1651 409 1833 465 PARS
1871 410 1910 464 Ι.

2059 404 2432 466 HISTORICA
2472 409 2559 465 ΕΤ
2598 408 3016 468 ΒΟΟΜΛΤΙΟΛ.

3496 415 3598 468 772

390 533 519 600 dici,
558 532 651 589 sed
697 540 987 602 utrumque
1030 531 1332 587 exsistere:
1367 547 1429 587 ac
1472 531 1672 587 fantem
1720 531 1937 601 quidem

2048 532 2282 601 ποταμὸν
2331 527 2467 585 εἶναι
2498 531 2557 584 τὸ
2587 533 2651 584 ἐκ
2694 531 2794 603 τῆς
2836 530 3017 602 πηγῆς
3066 529 3401 602 γεννώμενον
3439 530 3535 603 (8).
3572 550 3590 581 ι

390 624 548 695 quasi
586 625 790 694 patrem
832 637 971 688 esse,
1011 621 1233 677 ﬂuvium
1278 638 1429 689 vero,
1463 638 1660 693 aquam
1688 638 1751 678 ex
1792 623 1941 679 fonte

388 725 718 771 manentem.
745 734 764 767 ι
797 713 1066 769 Hactenus
1093 716 1379 784 episcopus
1408 716 1515 770 ille.

464 805 554 860 ιε.
590 804 645 860 Si
673 805 796 875 quis
823 804 987 875 igitur
1007 821 1100 860 eos
1128 807 1219 875 qui
1248 806 1438 861 Nicaea:
1467 816 1833 862 convenerunt
1852 822 1940 862 ar—

388 896 520 966 guit,
549 895 690 966 quod
725 906 917 966 praeter
944 896 1213 964 majorum
1247 898 1460 953 decreta
1488 901 1732 970 quaedam
1756 909 1942 969 protu-

388 984 570 1050 lerint,
614 985 660 1039 is
695 984 816 1055 jure
861 987 1196 1056 septuaginta
1234 988 1516 1058 episcopos
1565 990 1938 1058 reprehendat,

388 1075 534 1144 quod
562 1076 827 1145 majorum
851 1091 1076 1131 suorum
1099 1077 1313 1132 decreta
1342 1094 1449 1133 non
1479 1080 1766 1135 servarint.
1783 1079 1940 1135 Prius

389 1165 586 1234 quippe
614 1174 768 1220 erant
795 1167 955 1220 ambo
983 1164 1246 1237 Dionysii,
1277 1177 1439 1237 atque
1470 1169 1505 1223 ii
1537 1169 1629 1240 qui
1654 1178 1781 1225 tunc
1803 1180 1941 1225 tem-

386 1256 536 1325 poris
570 1254 753 1311 Romae
783 1268 1145 1312 convenerant
1182 1259 1442 1329 episcopi.
1470 1260 1574 1314 Sed
1608 1272 1828 1317 neutros
1858 1260 1939 1318 fas

384 1355 469 1400 est
514 1346 769 1416 culpare:
803 1362 990 1402 omnes
1037 1349 1235 1418 quippe
1287 1366 1374 1404 res
1419 1351 1617 1406 Christi
1657 1353 1939 1421 curabant,

386 1448 575 1491 omnes
608 1437 778 1491 studia
801 1453 897 1493 sua
920 1441 1306 1495 convertebant
1347 1442 1606 1500 adversus
1638 1444 1939 1512 haereticos,

386 1535 440 1580 et
466 1527 557 1580 alii
588 1526 1044 1595 Samosatensem,
1073 1530 1165 1584 alii
1198 1533 1455 1586 Arianam
1485 1537 1810 1589 damnarunt
1835 1537 1944 1591 ha:-

385 1618 551 1672 resin.
581 1616 745 1672 Recte
775 1630 952 1673 autem
986 1634 1050 1674 ac
1087 1621 1255 1690 probe
1290 1623 1506 1693 utrique
1538 1625 1823 1693 scripsere,
1858 1634 1942 1679 at-

384 1724 490 1779 que
531 1720 891 1780 congruenter
919 1713 985 1764 ad
1021 1712 1355 1781 propositum
1391 1724 1787 1782 argumentum.
1851 1716 1944 1772 Et-

384 1803 527 1855 enim
547 1803 1002 1871 quemadmodum
1036 1804 1228 1858 beatus
1244 1805 1537 1874 Apostolus
1567 1809 1633 1861 ad
1669 1808 1942 1865 Romanos

2042 620 2272 693 Εῐρηκεν
2296 622 2366 693 (9)
2391 624 2420 674 6
2453 614 2762 685 ἐπίσκοπος.

2112 800 2197 854 45.
2228 800 2397 871 Εἴπερ
2420 794 2512 854 οῦν
2539 800 2805 871 μέμφεταί
2841 817 2924 863 τις
2949 802 3060 862 τοῖς
3104 800 3160 851 ἐν
3191 785 3393 869 Νικαία
3418 799 3597 851 συνελ-

2045 892 2247 956 θοῦσιν,
2274 893 2348 956 ὡς
2375 895 2615 963 εἰρηκόσι
2644 890 2792 963 παρὰ
2837 891 2905 944 τά
2933 890 3156 954 δόξαντα
3197 890 3306 960 (10)
3349 892 3460 953 τοῖς
3495 891 3598 961 πρὸ

2045 983 2243 1047 αὐτῶν,
2272 983 2301 1034 6
2329 984 2486 1047 αὐτὸς
2515 983 2773 1053 μέμψαιτ’
2813 983 2878 1035 ἂν
2906 982 3129 1045 εἰκότως
3167 980 3262 1035 καὶ
3301 982 3413 1043 τοῖς
3452 979 3598 1033 ἐϐδο-

2049 1076 2311 1145 μήκοντα,
2340 1076 2420 1127 ὃτι
2457 1076 2529 1146 μὴ
2551 1074 2618 1127 τὰ
2655 1073 2759 1127 τῶν
2799 1073 2902 1146 πρὸ
2942 1073 3118 1126 αὐτῶν
3178 1071 3466 1141 ἐφύλαξαν·
3497 1072 3600 1146 πρὸ

2046 1167 2224 1221 αὐτῶν
2253 1168 2311 1220 δέ
2338 1164 2476 1239 ἦσαν
2504 1168 2553 1220 oi
2580 1167 2863 1231 Διονύσιοι,
2913 1167 3004 1220 καὶ
3036 1166 3082 1219 οἱ
3123 1166 3180 1218 ἐν
3214 1163 3398 1236 Ῥώμῃ
3425 1164 3484 1217 τὸ
3508 1181 3600 1235 τη-

2045 1258 2269 1314 νικαῦτα
2296 1260 2633 1323 συνελθόντες
2690 1259 2995 1313 ἐπίσκοποι.
3042 1257 3176 1310 Ἀλλ’
3210 1256 3332 1309 οὔτε
3363 1254 3597 1318 τούτους,

2045 1350 2166 1405 οὔτε
2196 1351 2433 1414 ἐκείνους
2475 1352 2618 1404 ὅσιον
2658 1349 3018 1403 αἰτιάσασθαι·
3047 1349 3240 1410 πάντες
3287 1346 3395 1417 γάρ
3442 1346 3599 1415 ἐπρέ-

2049 1440 2236 1493 σϐευον
2274 1440 2340 1493 τὰ
2373 1438 2627 1510 Χριστοῦ,
2658 1439 2750 1492 καὶ
2806 1438 3003 1501 πάντες
3056 1436 3285 1506 σπουδὴν
3342 1436 3599 1504 ἐσχήκασι

2047 1531 2186 1583 κατὰ
2223 1529 2330 1583 τῶν
2352 1530 2660 1601 αἱρετικῶν,
2701 1529 2793 1583 καὶ
2821 1530 2870 1581 οἱ
2900 1530 2995 1599 μὲν
3045 1527 3135 1580 τὸν
3179 1525 3515 1597 Σαμοσατέα,
3553 1525 3599 1576 οἱ

2047 1620 2102 1673 δὲ
2134 1621 2232 1691 τὴν
2277 1621 2555 1691 Ἀρειανὴν
2588 1620 2793 1690 αἵρεσιν
2815 1617 3157 1689 κατέκριναν.
3204 1615 3405 1686 Ὀρθῶς
3432 1613 3486 1667 δέ
3511 1615 3602 1666 καὶ

2048 1704 2190 1763 οὗτοι
2241 1713 2500 1773 κάκεῖνοι,
2551 1711 2644 1763 καὶ
2692 1709 2869 1772 καλῶς
2912 1709 3048 1782 πρὸς
3098 1707 3195 1779 τὴν
3244 1705 3602 1776 ὑποκειμένην

2050 1802 2302 1856 ὑπόθεσιν
2328 1802 2654 1873 γεγράφασι.
2685 1801 2795 1855 Καὶ
2844 1800 3031 1872 ὥσπερ
3059 1801 3087 1852 6
3135 1798 3402 1869 μακάριος
3445 1795 3603 1850 Ἀπό-

384 1892 468 1948 his
497 1894 675 1949 verbis
709 1895 955 1964 scripsit:
989 1914 1006 1946 ι
1037 1894 1143 1948 Lex
1179 1896 1475 1964 spiritualis
1506 1899 1671 1964 est“;
1695 1920 1712 1950 ι
1734 1898 1943 1955 θιιίιθι

2052 1892 2252 1958 στόλος,
2304 1892 2588 1963 Ῥωμαίοις
2620 1891 2714 1963 μὲν
2742 1889 3099 1953 ἐπιστέλλων,
3134 1889 3337 1957 ἔλεγεν·
3372 1905 3393 1940 ι
3431 1888 3491 1940 Ὀ
3523 1887 3602 1939 νό-

385 1991 571 2038 sancta
587 1992 641 2038 et
656 1985 962 2038 mandatum
980 1994 1250 2052 sanctum,
1265 1996 1318 2040 et
1333 1987 1539 2055 justum
1557 1997 1610 2042 et
1627 1988 1829 2049 bonum
1843 1992 1908 2056 In;
1924 2010 1942 2042 ι

384 2083 438 2128 et
471 2076 633 2144 paulo
670 2084 811 2145 post,
850 2095 869 2127 ι
900 2075 1034 2129 Nam
1069 2078 1214 2146 quod
1252 2078 1583 2147 impossibile
1615 2091 1731 2135 erat
1756 2081 1859 2152 legi
1894 2083 1948 2136 in

384 2181 492 2235 quo
523 2165 896 2221 inﬁrmabatur
921 2168 997 2234 ⁸³;
1020 2188 1038 2220 ι
1072 2170 1139 2224 ad
1179 2169 1430 2225 Hebrzeos
1459 2179 1659 2238 autem,
1684 2191 1702 2222 ‹
1731 2170 1948 2226 Nullum

384 2255 609 2325 perfecit
636 2256 798 2328 606
820 2257 905 2313 lex
922 2258 1002 2325 ἰς
1030 2278 1049 2310 ι
1094 2260 1160 2314 ad
1209 2260 1450 2327 Galatas,
1513 2279 1531 2312 ι
1560 2259 1617 2315 1η
1646 2250 1762 2331 lege
1789 2277 1948 2316 nemo

384 2346 880 2416 justiﬁcabitur";
926 2367 943 2399 ι
992 2349 1058 2403 ad
1106 2348 1448 2404 Timotheum
1491 2361 1699 2417 autem,
1751 2370 1770 2403 ‹
1800 2351 1948 2407 Bona

385 2444 469 2490 est
497 2436 603 2499 lex,
634 2437 680 2491 si
709 2439 832 2505 quis
854 2453 915 2491 ea
939 2438 1177 2508 legitime
1206 2448 1388 2494 utatur
1408 2441 1488 2507 ⁵⁶;
1514 2460 1532 2493 ι
1570 2456 1743 2511 neque
1768 2450 1949 2497 tamen

384 2528 509 2595 quis
546 2534 794 2583 sanctum
839 2529 1016 2584 virum
1060 2532 1380 2587 criminatus
1413 2532 1577 2587 fuerit
1622 2533 1778 2603 quasi
1818 2550 1949 2590 con-

386 2613 552 2669 traria
592 2623 646 2669 et
680 2616 975 2686 pugnantia
1021 2618 1253 2686 scribat;
1295 2621 1387 2675 sed
1433 2621 1613 2690 potius
1649 2622 1947 2676 admiratus

385 2701 565 2766 fuerit,
596 2705 759 2773 quod,
792 2713 851 2759 ut
876 2706 1104 2776 singulis
1130 2717 1552 2763 consentaneum
1582 2720 1718 2775 erat,
1740 2700 1946 2766 scribe-

388 2802 490 2858 ret,
521 2801 577 2846 ιιι
607 2792 833 2847 Romani
868 2802 923 2848 et
958 2795 1048 2847 alii
1078 2811 1143 2848 ex
1171 2790 1345 2849 littera
1384 2795 1686 2853 ediscerent
1708 2810 1846 2866 _sese
1880 2795 1948 2851 ad

394 2878 652 2954 Spiritum
685 2893 1037 2950 convertere;
1074 2884 1283 2941 liebrazi
1315 2901 1443 2942 vero
1469 2900 1522 2941 et
1554 2886 1754 2941 Galatae
1781 2888 1945 2942 doce-

391 2985 596 3040 rentur,
645 2978 832 3031 nonin
871 2978 1061 3047 legem,
1095 2978 1187 3033 sed
1217 2979 1272 3030 in
1314 2976 1602 3031 Dominum
1641 2978 1734 3047 qui
1778 2977 1946 3048 legem

388 3067 553 3129 dedit,
584 3082 731 3136 spem
760 3068 956 3122 habere
979 3088 992 3122 :
1015 3069 1087 3122 ita
1111 3084 1327 3138 quoque
1350 3069 1450 3123 etsi
1479 3070 1761 3123 ambarum
1787 3085 1946 3141 syno-

387 3157 579 3211 dorum
632 3156 818 3212 Patres
866 3159 1077 3213 diverse
1124 3161 1190 3213 de
1238 3160 1683 3214 consubstantiali
1720 3163 1949 3215 mentio-

386 3260 510 3300 nem
554 3245 797 3312 fecerint,
838 3248 1142 3303 nullatenus
1192 3258 1369 3303 tamen
1417 3252 1485 3304 ab
1535 3251 1641 3306 illis
1680 3251 1946 3306 dissidere

386 3334 668 3402 debemus,
690 3339 781 3391 sed
797 3338 1009 3391 illorum
1028 3341 1247 3408 perscrti
1257 3341 1356 3393 tari
1371 3341 1722 3408 sententiam,
1740 3348 1794 3396 et
1818 3351 1946 3398 tunc

387 3424 572 3485 ambas
592 3430 733 3485 inter
762 3444 820 3484 se
853 3430 1088 3500 synodos
1119 3432 1427 3487 consentire
1456 3432 1941 3502 depr‘ehendemus.

388 3520 490 3586 Qui
516 3522 658 3575 enim
685 3520 1118 3577 Samosatensem
1140 3522 1459 3593 deposuere,
1487 3540 1674 3580 vocem
1710 3527 1945 3581 consub-

387 3612 655 3667 stantialis
683 3614 950 3684 corporali
976 3629 1230 3684 accepere
1255 3618 1440 3677 modo.
1466 3633 1590 3672 cum
1619 3616 1821 3674 Paulus
1857 3636 1944 3675 ar-

388 3703 563 3774 gutari
599 3702 757 3759 vellet
784 3720 846 3760 ac
874 3704 1053 3760 dicere
1082 3724 1095 3760 :
1129 3705 1184 3760 Si
1205 3706 1457 3763 Christus
1492 3724 1599 3763 non
1627 3718 1690 3764 ex
1726 3710 1944 3765 homine

386 3790 531 3848 Deus
556 3791 728 3849 factus
757 3803 857 3860 est,
891 3810 1019 3867 ergo
1054 3811 1161 3851 non
1198 3798 1676 3855 consubstantialis
1693 3810 1775 3855 est
1797 3800 1943 3856 Patri

389 3894 550 3955 atque
576 3886 703 3942 hinc
727 3902 949 3944 necesse
988 3899 1071 3945 est
1098 3899 1206 3945 tres
1229 3904 1347 3945 esse
1374 3888 1705 3946 substantias
1733 3910 1744 3947 .-
1779 3906 1941 3946 unam

388 3979 642 4046 priorem,
677 3978 814 4033 dtias
841 3990 968 4035 vero
993 3996 1060 4035 ex
1088 3981 1179 4036 illa
1208 3983 1579 4051 procedentes.
1612 3984 1848 4054 Ideoque
1878 3985 1945 4038 il-

387 4068 480 4124 lud
502 4062 654 4123 Pauli
687 4070 963 4140 sophisma
994 4073 1118 4143 jure
1145 4082 1416 4142 caventes,
1440 4076 1626 4130 dixere
1663 4075 1942 4131 Christum

388 4175 497 4215 non
539 4176 660 4217 esse
692 4163 1206 4221 consubstantialem
1240 4181 1253 4218 :
1281 4182 1454 4237 neque
1486 4168 1633 4222 enim
1667 4167 1836 4224 Filius
1868 4171 1943 4224 ita

389 4266 451 4306 se
473 4251 632 4307 habet
659 4263 902 4323 respectu
933 4253 1109 4312 Patris
1148 4257 1378 4326 qualiter
1400 4259 1487 4314 ille
1520 4260 1809 4331 cogitabat.
1839 4260 1942 4327 Qui

390 4351 566 4396 autem
614 4341 873 4399 Arianam
913 4345 1146 4402 haaresin
1205 4349 1542 4404 anathemate
1592 4351 1938 4416 damnarunt,

388 4430 533 4489 cum
561 4435 712 4490 Pauli
743 4436 1091 4493 calliditatem
1124 4439 1660 4509 animadvertissent,
1695 4452 1750 4498 et
1790 4445 1939 4515 c0gi-

2052 2001 2150 2055 μος
2184 1983 2547 2054 πνευματικός
2595 1985 2754 2035 ἐστι·
2790 2000 2810 2034 ι
2844 1982 2958 2045 καὶ,
3020 1997 3039 2032 ι
3085 1981 3141 2033 Ὁ
3192 1980 3353 2050 νόμος
3397 1976 3600 2046 ἆγιος,ι

2049 2077 2162 2139 καὶ,
2195 2095 2213 2127 ι
2257 2077 2321 2129 Ἦ
2347 2076 2531 2146 ἐντολὴ
2579 2075 2724 2143 ἁγία,
2762 2075 2856 2128 καὶ
2879 2073 3079 2136 δικαία,
3112 2074 3205 2125 καὶ
3244 2070 3475 2142 άγαθή·ι
3513 2072 3606 2123 καὶ

2052 2167 2169 2236 μετ’
2202 2166 2397 2236 ὀλίγον·
2454 2186 2472 2216 ‹
2505 2166 2576 2219 Τὸ
2630 2166 2737 2236 γὰρ
2792 2164 3046 2218 ἀδύνατον
3100 2161 3192 2215 τοῦ
3251 2161 3437 2231 νόμου,
3483 2152 3607 2227 ἐνῷ

2047 2257 2316 2329 ἠσθένει-ι
2362 2257 2630 2328 Ἑϐραίοις
2674 2257 2730 2310 δέ
2773 2256 3025 2328 ἔγραφεν·
3059 2272 3078 2306 t
3128 2254 3186 2307 '0
3217 2253 3379 2325 νόμος
3423 2248 3607 2304 οὐδένα

2046 2347 2411 2400 τετελείωκε·ι
2461 2346 2555 2399 καὶ
2602 2344 2866 2407 Γαλάταις
2898 2332 3015 2414 μέν,
3076 2360 3095 2392 ι
3147 2330 3234 2393 Ἔν
3260 2341 3408 2411 νόμῳ
3437 2337 3607 2399 οὐδεὶς

2046 2436 2364 2491 δικαιοῦται·
2393 2456 2412 2488 ι
2460 2435 2708 2507 Τιμοθέῳ
2765 2424 2839 2500 δέ,
2872 2435 2953 2487 ὅτι
2987 2453 3005 2483 ι
3042 2420 3269 2495 Καλδςό
3297 2428 3480 2500 νόμος,
3515 2428 3609 2480 ἐάν

2047 2545 2130 2592 τις
2156 2526 2304 2598 αὐτῷ
2350 2527 2595 2598 νομίμως
2631 2526 2845 2596 χρῆται·
2876 2544 2894 2576 ι
2932 2525 3025 2578 καὶ
3061 2524 3160 2576 οὐκ
3217 2518 3280 2575 ἂν
3310 2536 3394 2583 τις
3433 2517 3609 2572 αἰτιά-

2049 2636 2200 2672 σαιτο
2225 2618 2314 2672 τὸν
2335 2618 2486 2687 ἆγιον
2514 2617 2623 2686 (il)
2677 2617 2752 2679 ὼς
2783 2606 3000 2669 ἐναντία
3041 2615 3134 2668 καὶ
3157 2610 3435 2684 μαχόμενα
3468 2610 3608 2682 γρά-

2049 2711 2382 2780 φοντα,άλλὰ
2411 2709 2504 2762 καὶ
2536 2708 2731 2780 μᾶλλον
2758 2707 3083 2778 θαυμάσειεν
3106 2703 3448 2776 ἁρμοζόντως
3475 2701 3608 2772 πρὸς

2048 2805 2308 2866 ἑκάστους
2332 2801 2729 2864 ἐπιστέλλοντα,
2775 2801 2862 2854 ἴνα
2916 2800 2964 2853 οἱ
2999 2798 3094 2870 μὲν
3127 2799 3381 2867 Ῥωμαῖοι
3432 2795 3527 2849 καὶ
3556 2795 3607 2846 οξ

2047 2897 2194 2950 ἄλλοι
2223 2895 2461 2969 μάθωσιν
2491 2894 2598 2948 ἀπὸ
2645 2891 2739 2947 τοῦ
2793 2892 3113 2965 γράμματος
3158 2886 3499 2961 ἐπιστρέφειν
3528 2889 3608 2950 εἰς

2045 2989 2106 3041 τὸ
2127 2987 2367 3059 Πνεῦμα·
2400 2990 2449 3040 οἱ
2480 2987 2536 3039 δέ
2579 2973 2820 3055 Ἑϐραῖοι
2847 2986 2939 3038 καὶ
2993 2983 3227 3038 Γαλάται
3261 2981 3609 3042 παιδευθῶσι,

2049 3080 2123 3150 μὴ
2157 3082 2234 3142 εἰς
2260 3079 2351 3132 τὸν
2387 3079 2568 3148 νόμον,
2600 3077 2711 3130 ἀλλ’
2749 3078 2827 3140 εἰς
2857 3076 2947 3130 τὸν
2978 3076 3176 3147 Κύριον
3209 3072 3299 3126 τὸν
3342 3072 3610 3126 δεδωκότα

2044 3171 2134 3224 τὸν
2165 3171 2325 3242 νόμον
2380 3169 2520 3240 ἔχειν
2554 3169 2649 3233 τὰς
2690 3169 2906 3231 ἐλπίδας
2937 3185 2951 3198 ·
2990 3167 3156 3230 οὕτως
3206 3167 3253 3218 εί
3288 3163 3612 3235 ἀμφοτέρων

2044 3265 2147 3319 τῶν
2179 3264 2407 3317 συνόδων
2429 3264 2478 3315 oi
2507 3262 2745 3333 Πατέρες
2762 3260 3030 3330 διαφόρως
3056 3254 3458 3329 ἐμνημόνευσαν
3485 3255 3610 3326 περῖ

2042 3357 2135 3409 τοῦ
2162 3355 2465 3426 όμοουσίου,
2484 3355 2543 3408 οὐ
2572 3354 2675 3425 χρὴ
2700 3353 2913 3415 πάντως
2932 3353 3077 3421 ἡμᾶς
3098 3346 3443 3419 διαφέρεσθαι
3473 3346 3612 3417 πρὸς

2044 3445 2254 3508 αὐτοὺς,
2294 3444 2430 3498 ἀλλὰ
2460 3442 2556 3513 τὴν
2576 3443 2811 3495 διάνοιαν
2836 3439 3013 3493 αὐτῶν
3037 3439 3284 3508 ἐρευνᾷν,
3320 3436 3414 3489 καὶ
3470 3436 3610 3489 πάν-

2041 3555 2148 3600 τως
2171 3537 2474 3608 εὑρήσομεν
2501 3534 2821 3605 ἀμφοτέρων
2845 3530 2951 3584 τῶν
2976 3529 3204 3582 συνόδων
3223 3526 3612 3599 τήνόμόνοιαν.

2043 3630 2105 3683 Oi
2135 3628 2232 3699 μὲν
2258 3627 2367 3699 γάρ
2394 3627 2483 3679 τὸν
2516 3623 2833 3696 Σαμοσατέα
2873 3612 3189 3684 καθελόντες
3209 3619 3342 3707 (12),
3364 3633 3613 3688 σωματι-

2044 3720 2154 3783 κῶς
2183 3717 2608 3789 ἐκλαμϐάνοντες
2634 3716 2695 3769 τὺ
2731 3710 3029 3786 ὁμοούσιον,
3063 3711 3156 3766 τοῦ
3190 3710 3399 3764 Παύλου
3455 3707 3613 3777 σοφί-

2045 3810 2229 3875 ζεσθαι
2258 3828 2316 3863 τε
2342 3809 2585 3872 θέλοντος
2613 3809 2704 3862 καὶ
2726 3807 2995 3875 λέγοντος,
3032 3805 3095 3859 Εἰ
3134 3804 3207 3875 μὴ
3230 3803 3286 3870 ἐξ
3318 3802 3613 3874 ἀνθρώπου

2044 3899 2262 3968 γέγονεν
2302 3902 2331 3953 6
2366 3900 2600 3971 Χριστὸς
2640 3894 2788 3961 Θεὸς,
2819 3896 3010 3971 ούκοῦν
3050 3892 3330 3967 ὁμοούσιός
3380 3896 3495 3946 ἐστι
3530 3891 3616 3963 τῷ

2044 3993 2238 4065 Πατρὶ,
2298 3993 2389 4045 καὶ
2421 3968 2648 4061 *ἀνάγκη
2698 3994 2842 4062 τρεῖς
2878 3968 3063 4050 οὐσίας
3117 3981 3311 4071 εἶναι,
3348 3985 3475 4055 μίαν
3510 3985 3616 4053 μὲν

2045 4080 2583 4151 προηγουμένην,τὰς
2601 4079 2656 4132 δὲ
2680 4079 2769 4132 δύο
2788 4077 2848 4142 ἐξ
2865 4078 3093 4149 ἐκείνης·
3116 4076 3203 4129 διὰ
3225 4073 3367 4129 τοῦτ’
3382 4074 3617 4137 εἰκότως

2044 4172 2429 4243 εὐλαϐηθέντες
2456 4170 2517 4223 τὸ
2544 4168 2780 4223 τοιοῦτον
2815 4169 3053 4239 σόφισμα
3083 4165 3176 4219 τοῦ
3226 4163 3616 4236 Σαμοσατέως,

2042 4266 2291 4336 εἰρήκασι
2327 4265 2403 4335 μὴ
2436 4259 2573 4315 εἶναι
2624 4262 2713 4315 τὸν
2741 4257 2974 4333 Χριστὸν
3005 4257 3303 4331 ὁμοούσιον·
3358 4258 3460 4310 οὐκ
3493 4256 3620 4309 ἐστι

2042 4356 2148 4426 γὰρ
2180 4355 2353 4416 οὕτως
2412 4355 2440 4406 6
2471 4346 2597 4417 Υίὸς
2658 4346 2793 4423 πρὸς
2856 4350 2946 4403 τὸν
3000 4348 3236 4420 Πατέρα,
3267 4347 3344 4410 ὡς
3400 4348 3622 4408 ἐκεῖνος

2042 4448 2199 4501 ἐνόει·
2231 4447 2280 4499 oi
2312 4445 2369 4498 δὲ
2393 4443 2488 4515 τὴν
2522 4443 2802 4515 Ἀρειανήν
2839 4443 3047 4511 αἵρεσιν
3089 4439 3619 4510 ἀναθεματίσαντες,

386 4532 566 4581 tarent
595 4542 702 4582 non
748 4528 821 4583 ita
859 4528 926 4584 de
967 4528 1332 4600 incorporeis,
1365 4541 1420 4586 et
1444 4533 1679 4587 maxime
1707 4534 1773 4588 de
1804 4532 1939 4598 Deo,

2048 4538 2414 4609 θεωρήσαντες
2454 4536 2553 4606 τὴν
2599 4533 2931 4605 πανουργίαν
2977 4531 3070 4587 τοῦ
3115 4532 3346 4594 Παύλου,
3391 4530 3494 4583 καὶ
3524 4529 3622 4581 λο-

386 4621 1000 4676 consubstantialitatem
1039 4622 1402 4692 accipiendam
1435 4638 1557 4679 esse
1589 4663 1605 4688 ,
1646 4638 1941 4694 agnoscen-

2048 4630 2327 4700 τισάμενοι
2359 4629 2434 4701 μὴ
2458 4626 2627 4690 οὕτως
2657 4627 2750 4680 καὶ
2774 4626 2869 4678 ἐπὶ
2890 4623 2996 4678 τῶν
3022 4624 3344 4695 ἀσωμάτων,
3372 4623 3469 4675 καὶ
3508 4621 3625 4691 μά·

391 4719 578 4781 tesque
599 4709 832 4766 Verbum
865 4726 974 4766 non
1004 4720 1326 4776 creaturam,
1357 4713 1450 4768 sed
1485 4713 1689 4783 prolem
1720 4729 1784 4769 ex
1814 4715 1941 4770 sub-

2048 4721 2198 4773 λιστα
2218 4719 2310 4773 ἐπὶ
2346 4717 2481 4772 Θεοῦ
2499 4718 2559 4771 τὸ
2579 4715 2858 4787 όμοούσιον
2902 4713 3277 4787 σημαίνεσθαι,
3307 4711 3625 4781 γινώσκον-

390 4804 587 4859 stantia
618 4818 772 4870 esse;
797 4806 923 4859 item
961 4802 1138 4859 Patris
1169 4804 1547 4869 substantiam,
1582 4803 1703 4860 Filii
1735 4807 1940 4876 princi-

2048 4814 2134 4876 τές
2158 4829 2216 4865 τε
2257 4811 2331 4882 μὴ
2353 4811 2576 4881 κτίσμα,
2602 4807 2718 4862 ἀλλ’
2748 4809 2811 4860 ἐκ
2832 4808 2928 4878 τῆς
2980 4806 3166 4870 οὐσίας
3193 4800 3438 4881 γέννημα
3471 4799 3625 4858 εἶναι

388 4895 558 4966 pium,
589 4897 826 4952 radicem
869 4904 924 4951 et
965 4895 1166 4950 fontem
1200 4910 1339 4961 esse,
1378 4912 1444 4951 ac
1483 4897 1731 4953 eumdem
1773 4914 1841 4953 ex
1881 4915 1940 4953 se

2048 4906 2133 4958 τὸν
2172 4904 2362 4972 Λόγον,
2402 4905 2499 4956 καὶ
2529 4900 2625 4972 τὴν
2656 4900 2843 4953 οὐσίαν
2878 4897 2971 4952 τοῦ
3001 4897 3209 4969 Πατρδς
3268 4896 3471 4968 ἀρχὴν,
3523 4895 3627 4949 καὶ

386 4999 570 5039 veram
612 5000 734 5041 esse
761 4984 1019 5056 genitoris
1045 4983 1473 5049 similitudinem,
1499 5001 1600 5041 nec
1629 5002 1752 5041 eum
1778 4991 1939 5058 quasi

2048 4993 2222 5068 ῥίζαν,
2253 4995 2343 5048 καὶ
2369 4994 2551 5064 πηγὴν
2581 4986 2718 5045 εἶναι
2765 4988 2858 5043 τοῦ
2888 4986 3015 5042 Υἱοῦ
3065 4988 3196 5059 (15),
3223 4988 3316 5040 καὶ
3346 4985 3618 5056 αὐτοαλη·

387 5087 581 5132 natura
609 5085 948 5143 extraneum,
973 5076 1051 5132 uti
1079 5091 1181 5132 nos
1221 5074 1435 5146 sumus,
1466 5088 1496 5133 a
1525 5077 1684 5134 Patre
1716 5092 1935 5149 separa-

2048 5085 2141 5157 θὴς
2160 5085 2412 5156 ὁμοιότης
2439 5079 2505 5154 ἦν
2531 5080 2625 5135 τοῦ
2650 5080 3025 5152 γεννήσαντος,
3053 5079 3151 5149 οὐχ
3176 5077 3250 5141 ὡς
3282 5076 3626 5147 ἐτεροφυὴς,

457 5221 502 5255 ⁵⁸
537 5220 694 5276 Rom.
726 5238 820 5285 νη,
860 5222 945 5277 M.
1021 5220 1068 5254 "
1100 5221 1231 5277 ibid.
1265 5220 1350 5275 l2.
1455 5222 1502 5253 ⁸³
1526 5220 1681 5277 Rom.
1707 5234 1825 5289 vui,
1853 5223 1906 5279 5.

2048 5224 2208 5283 Hebr.
2238 5242 2336 5292 vti,
2365 5224 2453 5282 i9.
2529 5225 2574 5257 ⁵⁵
2619 5221 2793 5279 Galat.
2833 5233 2916 5288 ιιι,
2948 5219 2996 5273 1.
3073 5218 3119 5251 ⁸⁵
3152 5217 3174 5272 Ι
3201 5215 3340 5272 Tim.
3374 5232 3414 5282 ι,
3444 5216 3505 5271 8.

2113 5364 2227 5437 (re)
2260 5354 2607 5437 Felckmanni
2646 5361 2708 5437 5,_
2730 5352 3042 5437 καθελόντες
3070 5356 3320 5428 εἰρήκασι
3357 5352 3439 5424 μὴ
3470 5350 3629 5409 εἶναι

2042 5427 2413 5505 τὸνᾼΧριστόν,
2440 5430 2822 5505 etc.,_oniis§is
2859 5427 3065 5505 multis.

2114 5491 2229 5575 (Ιξὶ
2251 5491 2596 5575 Felcltmanni
2629 5500 2681 5575 5,
2714 5494 2974 5575 εῖναι-τοῦ
3002 5493 3391 5575 regem“;
3415 5491 3488 5572 6e
3524 5494 3633 5575 καὶ

2041 5561 2266 5635 mea»,
2301 5571 2549 5635 plurimis
2573 5561 2812 5625 omissis.
2841 5566 3060 5628 Ibidem,
3084 5561 3629 5627 editiParisiensis,

2041 5641 2173 5696 αὐτὸ
2204 5638 2427 5711 argum.
2452 5640 2602 5711 Edit.
2641 5654 2770 5693 vero
2796 5638 3062 5711 Commcl.
3088 5643 3142 5690 et
3169 5646 3357 5687 omnes
3407 5647 3635 5687 manud

2043 5712 2248 5782 scripti,
2283 5708 2639 5781 αὑτοαληθής,
2677 5708 2899 5763 rectius.

457 5353 533 5434 (8)
561 5354 733 5478 ευὲιινιι
763 5372 885 5429 pag.
924 5357 1048 5421 201,
1082 5356 1171 5412 τὸν
1202 5358 1259 5411 δὲ
1303 5359 1543 5430 ποταμὸν
1579 5354 1716 5413 εἶναι
1749 5361 1812 5414 ἐκ
1841 5360 1941 5430 τῆς

457 5440 570 5478 nm:
599 5425 629 5478 ὖ
661 5445 760 5478 ωο.

468 5440 570 5492 γης
599 5440 760 5492 υοωρ.

389 5440 570 5494 πηγης
599 5440 760 5498 οοωρ.

422 5492 533 5563 μ(9)
567 5494 657 5550 Sic
678 5510 864 5550 omnes
897 5511 1028 5552 mss.
1056 5507 1109 5552 et
1135 5496 1264 5553 edit.
1301 5497 1444 5553 Felc.
1484 5497 1518 5552 5
1568 5507 1747 5553 tamen
1779 5497 1941 5552 habet

389 5559 561 5636 οὕτως
591 5565 976 5636 ξιιιε-εῖρηκεν.

462 5632 572 5703 (10)
597 5631 687 5703 Sic
715 5631 915 5699 Regius
949 5645 1001 5689 et
1029 5633 1261 5692 Felckm.
1287 5637 1339 5690 5.
1371 5636 1510 5693 Editi
1547 5638 1727 5695 minus
1769 5646 1935 5703 recte,

390 5700 564 5756 πάντα
589 5702 660 5756 τὰ
689 5702 929 5768 δόξαντα.

440 5771 570 5845 ,(11)
596 5770 739 5828 Felc.
769 5773 821 5834 5,
844 5774 903 5825 ab
935 5776 1106 5841 ἅγιον,
1137 5775 1408 5832 mendose.
