3966 6226
308 418 410 476 Ὶῖὖ

1667 445 1676 458 ι
1711 423 1798 480 DE
1834 423 2138 478 SYNODIS.

3419 423 3520 476 771

303 538 490 609 ὥσπερ
517 539 672 608 ἡμεῖς
711 539 892 608 ἐσμεν,
936 539 1292 612 χωριζόμενός
1335 544 1447 595 ἐστι
1503 539 1594 594 τοῦ
1627 543 1856 613 Πατρός·

1967 550 2078 596 tum
2101 555 2220 596 esse
2241 581 2256 605 ,
2289 541 2404 607 sed,
2435 555 2558 594 cum
2595 555 2660 594 ex
2691 540 2809 609 ipso
2847 539 2936 606 sit,
2968 539 3161 594 Filium
3185 555 3304 595 esse
3327 539 3523 594 indivi-

301 628 414 682 ἀλλ’
437 629 512 690 ὡς
543 629 598 694 ἐξ
623 629 783 680 αὐτοῦ
815 631 938 694 Υἱὸς
961 631 1261 704 ἀδιαίρετος
1293 633 1546 702 ὑπάρχει,
1567 633 1640 696 ὡς
1668 633 1780 686 ἐστι
1803 635 1864 688 τὸ

301 717 644 788 ἀπαύγασμα
675 719 808 790 πρὸς
824 720 882 773 τὸ
916 721 1048 790 φῶς·
1074 722 1285 793 ἔχοντες
1321 723 1375 776 δὲ
1407 724 1590 778 καὶτὰ
1609 724 1714 778 τῶν
1739 726 1864 796 περ).

299 809 574 862 Διονύσιον
596 811 1026 882 παραδείγματα,
1049 813 1146 886 τὴν
1169 813 1346 884 πηγὴν
1375 815 1466 868 καὶ
1497 814 1592 886 τὴν
1614 817 1742 886 περὶ
1768 815 1861 868 τοῦ

302 901 586 972 ὁμοουσίου
610 901 920 970 ἀπολογίαν,
971 904 1074 974 πρὸ
1103 905 1158 957 δὲ
1205 904 1406 958 τούτων
1437 905 1536 976 τὴν
1563 905 1654 958 τοῦ
1683 907 1864 978 Σωτῆ-

303 1009 394 1063 ρος
422 992 626 1062 ἑνοειδῆ
662 994 862 1064 φωνήν·
891 1013 908 1044 ι
951 995 1088 1064 Ἐγὼ
1113 997 1204 1048 καὶ
1262 1000 1290 1050 ὁ
1323 995 1508 1068 Πατὴρ
1549 998 1606 1050 ἓν
1641 999 1858 1068 ἐσμεν·›

301 1083 414 1147 καὶ,
446 1101 464 1134 ι
499 1083 558 1136 ’0
582 1083 840 1154 ἑωρακὼς
865 1085 962 1155 ἐμὲ
993 1085 1200 1157 ἑώρακε
1235 1087 1324 1140 τὸν
1351 1088 1584 1159 Πατέρα·
1625 1108 1642 1140 ι
1677 1088 1864 1142 τούτου

301 1175 482 1228 ἕνεκεν
537 1174 758 1237 εἰκότως
813 1165 1062 1246 εἰρήκασι
1113 1177 1206 1230 καὶ
1257 1179 1408 1230 αὐτοὶ
1447 1179 1728 1249 ὁμοούσιον
1775 1181 1866 1234 τὸν

301 1266 446 1318 Υίόν.
483 1267 591 1319 Καὶ
610 1267 815 1337 ὥσπερ,
863 1267 1003 1320 καθὰ
1030 1271 1306 1340 προεῖπον,
1343 1269 1440 1322 οὐκ
1485 1271 1548 1323 ἄν
1583 1289 1666 1334 τις
1694 1271 1866 1325 αἰτιά-

303 1374 450 1410 σαιτο
473 1357 563 1410 τὸν
607 1357 942 1422 ’Λπόστολον,
979 1361 1025 1412 εί
1072 1361 1196 1432 περὶ
1232 1360 1322 1413 τοῦ
1356 1362 1518 1432 νόμου
1578 1357 1865 1432 Ῥωμαίοις

303 1449 398 1520 μὲν
425 1448 618 1513 οὕτως,
655 1449 920 1519 Ἑϐραίοις
975 1451 1032 1504 δὲ
1081 1451 1251 1516 οὕτως
1296 1453 1520 1524 ἔγραψε·
1587 1454 1674 1506 τὸν
1704 1453 1864 1506 αὐτὸν

299 1541 496 1614 τρόπον
521 1541 640 1596 οὔτε
671 1544 718 1596 οἱ
749 1543 843 1596 νῦν
872 1547 982 1608 τοῖς
1026 1545 1308 1616 προτέροις
1352 1545 1721 1613 ἐγκαλέσαιεν,
1748 1545 1866 1616 βλέ-

301 1653 488 1698 ποντες
515 1636 692 1688 αὐτῶν
719 1635 814 1705 τὴν
864 1637 1171 1708 ἑρμηνείαν·
1196 1635 1318 1690 οὔτε
1351 1639 1398 1690 οἱ
1445 1638 1698 1708 πρότεροι
1740 1639 1864 1701 τοὺς

308 1729 422 1798 μετ’
451 1729 648 1792 αὐτοὺς
700 1727 1098 1798 μέμψαωΐᾶν,
1149 1729 1380 1799 ὁρῶντες
1427 1729 1523 1800 τὴν
1575 1728 1865 1799 ἑρμηνείαν

301 1819 494 1882 αὐτῶν,
527 1821 619 1872 καὶ
655 1820 748 1891 τὴν
800 1821 986 1890 χρείαν
1021 1821 1086 1873 δι’
1123 1820 1188 1890 ἢν
1234 1822 1402 1884 οῦτως
1453 1821 1692 1890 ἔγραψαν
1739 1821 1865 1891 περ)¹

301 1913 390 1966 τοῦ
421 1913 646 1982 Κυρίου.
677 1913 784 1964 Καὶ
833 1913 944 1983 γὰρ
975 1911 1067 1964 καὶ
1104 1911 1200 1984 τὴν
1258 1914 1434 1966 αἰτίαν
1491 1913 1692 1982 ἑκάστη
1739 1913 1862 1964 σύν-
1899 1897 1938 1951 Β

301 2001 411 2065 οδος
434 2003 544 2072 (14)
583 2001 798 2070 εὔλογον
825 2003 956 2072 ἔχει,
989 2003 1054 2055 δι’
1087 2004 1152 2074 ἣν
1185 2005 1232 2056 οἱ
1261 2004 1356 2074 μὲν
1389 2003 1577 2066 οὕτως,
1617 2005 1666 2056 οἱ
1693 2003 1748 2055 δὲ
1779 2003 1866 2054 οῦ-

299 2111 402 2158 τως
431 2095 732 2165 εἰρήκασιν.
773 2093 988 2164 Ἐπειδὴ
1046 2094 1150 2164 γὰρ
1195 2095 1222 2146 ὁ
1273 2094 1616 2163 Σαμοσατεὺς
1651 2093 1864 2164 ἐφρόνει

304 2188 372 2258 μὴ
399 2182 540 2240 εἶναι
572 2186 678 2257 πρὸ
703 2187 916 2256 Μαρίας
945 2187 1034 2238 τὸν
1091 2185 1236 2248 Υίὸν,
1286 2185 1396 2238 ἀλλ’
1424 2187 1516 2238 ἀπ’
1565 2185 1734 2254 αὐτῆς
1767 2187 1865 2255 ἁρ-

300 2277 396 2346 χὴν
425 2277 712 2348 ἐσχηκέναι
742 2277 833 2330 τοῦ
866 2274 1022 2342 εἶναι,
1071 2275 1256 2328 τούτου
1291 2276 1472 2329 ἕνεκεν
1503 2277 1550 2328 οἱ
1585 2277 1702 2328 τότε
1745 2293 1866 2328 συν-

299 2367 560 2432 ελθόντες,
597 2367 840 2422 καθεῖλον
886 2369 982 2438 μὲν
1019 2367 1179 2420 αὑτὸν
1213 2367 1304 2418 καὶ
1347 2368 1616 2437 αἱρετικὸν
1655 2367 1868 2436 ἀπέφη-

299 2475 412 2510 ναν·
441 2459 566 2524 περὶ
588 2459 642 2510 δὲ
664 2458 760 2528 τῆς
789 2457 882 2510 τοῦ
917 2455 1044 2510 Υῑοῦ
1073 2456 1322 2527 θεότητος
1347 2457 1709 2528 ἁπλούστερον
1731 2457 1866 2526 γρά-

301 2566 508 2616 φοντες,
529 2550 586 2601 οὐ
611 2549 954 2616 κατεγένοντο
979 2549 1104 2619 περὶ
1136 2548 1232 2620 τὴν
1268 2548 1361 2600 τοῦ
1405 2548 1684 2617 όμοουσίου
1719 2549 1867 2620 ἀκρί-

301 2640 450 2693 ϐειαν
499 2641 642 2710 (15),
701 2641 815 2694 ἀλλ’
863 2641 1031 2704 οὕτως
1087 2640 1162 2704 ὡς
1223 2638 1534 2709 ἑξειλήφασι
1597 2639 1722 2710 περὶ
1771 2637 1863 2691 τοῦ

300 2733 578 2801 ὁμοουσίου
607 2733 876 2802 εἰρήκασι.
917 2733 1026 2804 Τὴν
1059 2731 1308 2802 φροντίδα
1339 2733 1447 2802 γὰρ
1487 2729 1629 2802 εἶχον
1659 2733 1862 2796 πᾶσαν,

300 2823 432 2892 ἔπερ
458 2823 750 2894 ἐπενόησεν
794 2825 822 2876 ό
884 2825 1248 2893 Σαμοσατεὺς,
1285 2821 1511 2884 ἀνελεῖν,
1575 2823 1667 2875 καὶ
1699 2823 1864 2889 δεῖξαι

301 2911 404 2982 πρὸ
437 2913 653 2965 πάντων
687 2908 825 2966 εἶναι
847 2914 936 2966 τὸν
955 2914 1099 2978 Υίὺν,
1127 2915 1216 2967 καὶ
1250 2915 1332 2966 ὅτι
1357 2915 1454 2966 οὐκ
1485 2913 1540 2978 ἐξ
1570 2912 1866 2985 ἀνθρώπων

299 3001 488 3070 γέγονε
528 3001 680 3066 Θεὸς,
721 3001 874 3066 ἀλλὰ,
906 3003 1036 3066 Θεὸς
1060 3001 1155 3067 ὢν,
1199 3003 1482 3055 ἐνεδύσατο
1520 3001 1705 3056 δούλου
1737 3021 1868 3074 μορ-

301 3093 424 3163 φὴν,
457 3091 550 3143 καὶ
573 3091 742 3158 Λόγος
770 3091 864 3157 ὢν,
887 3092 1074 3160 γέγονε
1121 3089 1275 3162 σὰρξ,
1331 3093 1406 3154 ὡς
1451 3090 1600 3144 εἶπεν
1628 3095 1655 3144 ὁ
1691 3093 1868 3146 Ἰωάν-

300 3201 414 3253 νης·
447 3183 542 3236 καὶ
562 3181 702 3236 οὕτω
725 3183 822 3252 μὲν
856 3183 995 3235 κατὰ
1029 3183 1252 3252 τῆς(16)
1285 3182 1630 3254 βλασφημίας
1659 3183 1864 3236 Παύλου

303 3277 629 3348 πέπρακται.
677 3275 890 3346 Ἐπειδὴ
941 3277 996 3328 δὲ
1043 3278 1136 3329 καὶ
1193 3277 1241 3329 οἱ
1299 3279 1425 3348 περὶ
1485 3277 1738 3330 Εὑσὲϐιον
1774 3279 1868 3330 καὶ

306 3369 520 3438 Ἀρειον
545 3369 646 3440 πρὸ
690 3369 896 3438 χρόνων
923 3367 1022 3438 μὲν
1073 3365 1210 3420 εἶναι
1255 3369 1345 3421 τὸν
1377 3369 1502 3420 Υίὸν
1539 3368 1742 3436 ἔλεγον,
1774 3387 1868 3422 πε-

301 3452 556 3522 ποιῆσθαι
587 3453 787 3522 μέντοι,
821 3453 914 3506 καὶ
937 3451 1033 3505 ἕνα
1067 3453 1174 3505 τῶν
1215 3452 1528 3523 κτισμάτων
1565 3453 1723 3505 αὐτὸν
1761 3454 1867 3506 eat—

301 3543 516 3604 δασκον,
550 3544 643 3596 καὶ
667 3543 746 3606 τὸ,
775 3545 838 3596 ἑκ
860 3543 952 3596 τοῦ
977 3543 1133 3608 Θεοῦ,
1179 3545 1276 3613 οὑχ
1307 3544 1380 3606 ὡς
1415 3545 1540 3596 ram
1564 3545 1626 3596 ἐκ
1657 3544 1870 3615 Πατρὺς

302 3637 539 3705 γνήσιον,
575 3635 874 3687 ἐπίστευον·
903 3633 1016 3686 ἀλλ’
1041 3635 1116 3698 ὼς
1147 3635 1215 3686 τὰ
1266 3635 1558 3704 κτίσματα·
1590 3634 1732 3687 οὕτω
1757 3633 1866 3706 (17)

303 3727 394 3779 καὶ
431 3727 516 3778 ἐπ’
553 3725 714 3778 αὑτοῦ
743 3725 804 3778 τὸ
850 3726 914 3778 ἑκ
962 3725 1055 3778 τοῦ
1108 3725 1241 3778 Θεοῦ
1273 3721 1408 3777 εἶναι
1455 3725 1866 3779 διεϐεϐαιοῦντο·

301 3817 397 3886 τήν
425 3833 484 3870 τε
537 3817 636 3886 τῆς
677 3815 986 3885 ὁμοιώσεως
1021 3815 1244 3886 ἑνότητα
1293 3815 1384 3868 τοῦ
1431 3815 1558 3867 Υίοῦ
1589 3815 1699 3884 (18)
1737 3815 1871 3886 πρὸς

303 3907 390 3959 τὸν
415 3907 634 3978 Πατέρα
669 3895 766 3960 οὒκ
804 3906 986 3976 ἔλεγον
1019 3907 1158 3959 κατὰ
1199 3907 1293 3976 τὴν
1321 3905 1525 3968 οὐσίαν,
1571 3907 1687 3959 οὐδὲ
1731 3907 1868 3960 κατὰ

301 3999 398 4066 τὴν
438 3997 618 4066 φύσιν,
646 3998 720 4060 ὡς
747 3997 889 4050 ἔστιν
916 3998 1028 4060 υἰὺς
1059 3998 1238 4066 ὅμοιος
1263 3996 1454 4066 Πατρὶ,
1500 3995 1631 4048 ἀλλὰ
1657 3995 1740 4048 διὰ
1773 3996 1868 4066 τὴν

307 4089 621 4158 συμφωνίαν
653 4087 758 4140 τῶν
781 4087 1064 4158 δογμάτων
1097 4087 1310 4155 καὶτῆς
1334 4086 1698 4149 διδασκαλίας·
1736 4085 1870 4138 ἀλλὰ

305 4179 410 4251 γὰρ
434 4181 526 4233 καὶ
553 4177 925 4249 ἀπεσχοίνιζον
955 4179 1049 4232 καὶ
1083 4176 1436 4243 ἀπεξενοῦντο
1463 4177 1570 4246 (19)
1595 4175 1870 4238 παντελῶς

305 4271 400 4344 τὴν
423 4273 610 4325 οὐσίαν
631 4271 726 4324 τοῦ
759 4269 886 4324 Υίοῦ
908 4273 1014 4324 ἀπὸ
1039 4271 1130 4324 τοῦ
1161 4273 1371 4342 Πατρός
1390 4311 1402 4330 ,
1457 4269 1647 4340 ἑτέραν
1699 4269 1869 4337 ἀρχὴν

307 4361 452 4431 αὐτῷ
481 4359 573 4413 τοῦ
605 4357 742 4413 εἶναι
787 4359 937 4433 παρὰ
965 4360 1053 4413 τὸν
1117 4359 1328 4430 πατέρα
1367 4357 1702 4419 ἐπινοοῦντες
1733 4355 1866 4424 (20),

307 4451 399 4504 καὶ
427 4453 507 4514 εξς
531 4451 600 4505 τὰ
621 4451 891 4522 κτίσματα
919 4452 1314 4522 καταφέροντες
1341 4450 1522 4503 αὐτόν·
1551 4448 1740 4501 τούτου
1772 4446 1871 4516 χά-

1965 648 2108 698 sum,
2137 632 2216 685 uti
2243 647 2300 686 se
2329 633 2488 686 habet
2517 631 2770 700 splendor
2815 646 2941 702 erga
2971 630 3180 696 lucem;
3224 646 3347 685 eum
3393 631 3520 684 item

1967 724 2070 780 sibi
2103 723 2344 778 faverent
2365 725 2606 794 Dionysii
2641 724 2906 793 exempla,
2945 723 3112 778 fontis
3153 723 3358 778 scilicet
3395 737 3520 788 vox,

1966 823 2020 868 et
2055 815 2530 870 consubstantialis
2559 813 2834 880 defensio,
2886 823 2940 870 et
2967 822 3092 868 ante
3133 813 3236 868 ista
3272 829 3372 868 vox
3403 812 3523 868 Sal-

1965 905 2168 960 vatoris
2221 905 2382 958 index
2429 903 2682 965 unitatis,
2732 921 2750 954 ι
2785 901 2897 972 Ego
2942 911 2992 956 et
3035 901 3195 956 Pater
3225 917 3394 954 unum
3428 917 3526 956 su-

1967 997 2142 1050 mus"
2164 1035 2178 1059 ,
2209 1015 2225 1045 ι
2261 1003 2342 1061 et,
2373 1013 2391 1044 ι
2417 993 2516 1058 Qui
2547 995 2679 1047 vidit
2703 1009 2788 1048 me
2821 995 2954 1048 vidit
2973 1001 3026 1048 et
3049 991 3352 1046 Patrem":
3378 1010 3396 1042 ι
3440 1007 3524 1056 ea,

1967 1085 2211 1154 inquam,
2263 1085 2326 1138 de
2375 1099 2562 1148 causa,
2585 1084 2706 1153 jure
2731 1093 2784 1138 et
2821 1085 2924 1154 ipsi
2945 1079 3141 1136 Filium
3165 1082 3526 1138 consubstan-

1967 1175 2147 1230 tialem
2176 1175 2448 1230 dixerunt.
2477 1171 2544 1228 Et
2575 1175 2736 1236 sicut,
2761 1184 2822 1228 ut
2847 1189 3009 1242 supra
3034 1174 3168 1238 dixi,
3201 1187 3360 1228 nemo
3382 1171 3530 1240 Apo-

1967 1267 2164 1322 stolum
2198 1266 2494 1334 culpaverit
2520 1267 2662 1336 quod
2700 1265 2766 1318 de
2787 1266 2902 1336 lege
2929 1263 3188 1317 Romanis
3217 1262 3324 1318 hoc
3344 1261 3526 1323 modo,

1967 1359 2206 1414 llebraais
2238 1359 2341 1412 alio
2368 1358 2666 1428 scripserit,
2698 1357 2777 1412 sic
2813 1371 2912 1410 nec
2952 1355 3233 1425 praesentis
3270 1351 3528 1422 temporis
3567 1401 3580 1424 ε

1967 1451 2212 1506 homines
2258 1450 2466 1520 priscos
2519 1450 2610 1504 illo
2657 1447 2924 1503 criminati
2969 1445 3188 1508 fuerint,
3231 1444 3278 1500 si
3335 1457 3528 1498 eorum

1969 1541 2310 1596 considerent
2343 1540 2868 1610 interpretationem;
2896 1552 3070 1606 neque
3087 1535 3252 1606 prisci
3281 1543 3526 1604 posteros

1969 1633 2412 1704 reprehenderint
2433 1633 2478 1686 si
2501 1631 2782 1686 advertant
2802 1644 2906 1700 qua
2938 1627 3198 1684 sententia
3221 1634 3401 1694 etquo
3423 1639 3525 1678 usu

1967 1731 2038 1783 ita
2067 1727 2133 1782 de
2166 1725 2393 1780 Domino
2421 1724 2775 1792 scripserunt.
2807 1720 3016 1776 Etenim
3040 1731 3266 1787 utraque
3289 1715 3527 1786 synodus

1967 1835 2032 1873 ex
2073 1818 2310 1887 legitima
2352 1831 2516 1870 causa
2559 1815 2662 1870 hoc
2705 1812 2865 1868 modo
2915 1811 3038 1876 alia,
3069 1811 3175 1864 alio
3219 1809 3322 1862 alia
3351 1809 3526 1860 locuta

1964 1917 2064 1964 est.
2114 1909 2248 1962 Cum
2300 1906 2444 1960 enim
2491 1902 2894 1958 Samosatensis
2935 1899 3132 1952 Filium
3167 1893 3391 1954 sentiret
3421 1910 3526 1948 non

1965 2014 2084 2054 esse
2111 2006 2234 2052 ante
2265 1995 2510 2060 Mariam,
2542 1997 2632 2048 sed
2666 1996 2733 2048 ab
2759 1994 2846 2046 illa
2879 1993 3090 2046 initium
3114 1989 3403 2045 exsistendi
3435 2001 3527 2040 ac-

1965 2091 2192 2160 cepisse,
2229 2089 2430 2144 idcirco
2460 2087 2698 2156 episcopi
2741 2095 2869 2140 tunc
2897 2082 3205 2153 congregati
3247 2081 3398 2134 illum
3439 2078 3530 2131 de-

1965 2193 2290 2251 posuerunt,
2329 2189 2382 2234 et
2421 2179 2730 2232 hazreticum
2765 2176 3108 2230 declararunt
3142 2192 3154 2226 :
3185 2171 3252 2226 de
3285 2169 3405 2224 Filii
3435 2184 3531 2222 au—

1965 2285 2074 2330 tem
2107 2273 2388 2328 divinitate
2417 2287 2540 2326 cum
2588 2269 2890 2340 simplicius
2928 2267 3246 2330 scriberent,
3282 2265 3346 2318 ad
3374 2275 3534 2318 accu-

1964 2376 2138 2418 ratam
2175 2359 2653 2417 eonsubstantialis
2701 2357 3199 2426 interpretationem
3242 2369 3348 2410 non
3375 2353 3531 2408 deve-

1965 2463 2183 2520 nerunt,
2212 2454 2328 2516 sed,
2361 2461 2420 2506 ut
2452 2457 2834 2520 conceperant,
2863 2449 2930 2504 de
2970 2444 3413 2503 consubstantiali
3451 2443 3532 2498 lo-

1967 2549 2076 2604 cuti
2118 2555 2264 2601 sunt.
2301 2543 2434 2598 Tota
2463 2544 2606 2596 enim
2649 2557 2836 2598 eorum
2861 2555 2992 2595 cura
3023 2539 3076 2592 in
3102 2553 3168 2592 eo
3190 2537 3364 2606 posita
3393 2547 3529 2592 erat.

1968 2648 2025 2694 ut
2047 2639 2190 2709 quod
2217 2635 2614 2692 Samosatensis
2634 2641 2973 2690 commentus
3003 2631 3179 2685 fuerat
3210 2637 3530 2694 everterent,

1965 2739 2018 2784 et
2049 2739 2172 2784 ante
2199 2727 2378 2782 omnia
2398 2725 2596 2780 Filium
2643 2739 2764 2778 esse
2790 2723 3146 2784 declararent,
3175 2733 3406 2786 eumque
3439 2732 3534 2771 ne-

1966 2837 2237 2892 quaquam
2283 2836 2349 2875 ex
2395 2819 2614 2874 homine
2657 2817 2826 2870 Deum
2861 2815 3062 2870 factum
3097 2829 3234 2880 esse,
3263 2813 3355 2867 sed
3391 2809 3532 2865 Deus

1967 2931 2090 2969 cum
2123 2921 2286 2976 esset,
2319 2911 2550 2966 formam
2577 2909 2720 2964 servi
2757 2906 2999 2961 induisse
3021 2947 3036 2972 ,
3069 2911 3122 2959 et
3142 2919 3266 2959 eum
3291 2902 3528 2958 Verbum

1965 3015 2127 3072 esset,
2159 3005 2358 3059 factum
2390 3017 2629 3066 carnem,
2659 3009 2718 3054 ut
2739 2999 2812 3054 ait
2843 2997 3105 3062 Joannes,
3140 3005 3302 3065 atque
3325 2995 3400 3049 ita
3434 2993 3530 3048 ad-

1965 3112 2158 3151 versus
2191 3095 2346 3150 Pauli
2385 3091 2774 3161 Liasphemiam
2830 3097 3010 3144 actum
3042 3095 3145 3144 est.
3170 3085 3306 3141 Cum
3353 3095 3532 3138 autem

1968 3187 2258 3242 Eusebiani
2303 3193 2356 3240 et
2385 3185 2592 3248 Ariani,
2618 3192 2742 3238 ante
2796 3190 3038 3250 tempora
3078 3179 3294 3249 quidem
3337 3177 3534 3230 Filium

1969 3279 2139 3334 fuisse
2178 3279 2437 3343 dicerent,
2481 3277 2684 3332 factum
2731 3261 2909 3330 tamen
2959 3273 3148 3337 fuisse,
3192 3287 3256 3327 ac
3301 3285 3463 3324 unam
3503 3283 3534 3322 e

1969 3373 2234 3427 creaturis
2276 3387 2399 3426 eum
2432 3385 2554 3426 esse
2583 3370 2860 3433 docerent,
2903 3375 2958 3421 et
2989 3365 3141 3430 illud,
3170 3380 3236 3420 ex
3268 3363 3398 3428 Deo,
3424 3377 3530 3416 non

1967 3457 2160 3512 Filium
2184 3475 2248 3512 ex
2275 3458 2434 3512 Patre
2461 3457 2754 3529 genuinum
2781 3467 2902 3510 esse
2925 3453 3242 3520 crederent;
3271 3453 3364 3508 sed
3391 3460 3533 3506 sicut

1969 3557 2266 3613 creaturas,
2291 3550 2362 3602 ita
2379 3563 2502 3603 eum
2527 3547 2858 3602 affirmarent
2873 3562 2936 3600 ex
2953 3543 3062 3600 Deo
3089 3561 3208 3600 esse
3229 3563 3242 3598 :
3267 3545 3528 3598 unitatem

1969 3649 2147 3694 autem
2168 3641 2539 3694 similitudinis
2557 3637 2678 3693 Filii
2701 3654 2822 3693 cum
2845 3637 3003 3692 Patre
3017 3637 3260 3690 dicerent
3279 3649 3387 3688 non
3412 3647 3531 3688 esse

1970 3729 2264 3784 secundum
2295 3729 2456 3798 607
2488 3727 2872 3794 substantiam,
2899 3741 3000 3782 nec
3030 3725 3328 3780 secundum
3373 3731 3530 3777 natu-

1969 3835 2108 3880 ram,
2139 3819 2593 3894 quemadmodum
2629 3818 2771 3872 filius
2801 3826 2882 3872 est
2907 3817 3046 3888 patri
3085 3815 3298 3879 similis,
3326 3815 3419 3870 sed
3461 3814 3529 3868 ob

1970 3911 2146 3964 solum
2199 3899 2510 3978 dogﬁiatum
2565 3908 2931 3978 doctrinaeque
2996 3921 3361 3962 consensum:
3420 3905 3529 3958 iuo

1969 4015 2092 4056 cum
2124 3999 2484 4054 substantiam
2511 3995 2634 4052 Filii
2664 4013 2696 4052 a
2739 3997 2898 4052 Patre
2931 3997 3152 4052 omnino
3214 4003 3528 4066 separarent

1969 4101 2020 4147 et
2053 4092 2373 4157 alienarent,
2406 4089 2684 4145 diversum
2725 4105 2754 4143 a
2783 4089 2944 4144 Patre
2973 4088 3188 4142 initium
3229 4087 3404 4156 ipsum
3434 4088 3527 4141 ha—

1969 4183 2096 4238 bere
2121 4183 2433 4248 commenti,
2462 4183 2528 4236 ad
2553 4193 2942 4251 creaturasque
2969 4196 3090 4236 eum
3123 4181 3482 4250 deprimentes
3511 4191 3524 4233 ε

1968 4278 2092 4332 ideo
2123 4273 2435 4346 quiNicaeaa
2481 4273 2794 4344 congregati
2818 4281 3009 4336 erant.
3068 4286 3256 4325 eorum
3304 4271 3398 4340 qui
3453 4271 3526 4324 ita

1970 4370 2234 4426 sentirent
2289 4363 2562 4422 vafritiem
2623 4363 2957 4435 conspicati,
3013 4361 3528 4434 Scripturarumque

1969 4473 2152 4516 mente
2191 4459 2439 4524 collecta,
2475 4457 2737 4528 liquidius
2775 4457 3046 4526 scripsere
3089 4454 3526 4510 consubstantia-

311 4560 394 4614 ριν
411 4545 460 4596 οἱ
489 4547 546 4596 ἐν
571 4543 774 4613 Νικαία
808 4541 1170 4607 συνελθόντες,
1195 4542 1568 4614 θεωρήσαντες
1597 4541 1694 4612 τὴν
1731 4557 1868 4592 παν-

1973 4551 2076 4606 lem
2108 4565 2230 4606 eum
2257 4563 2378 4606 esse
2405 4568 2420 4616 ;
2457 4557 2516 4603 ut
2539 4547 2666 4602 hinc
2689 4563 2818 4602 vera
2843 4555 2897 4602 et
2921 4546 3156 4616 genuina
3187 4545 3309 4599 Filii
3336 4555 3526 4600 natura

308 4634 532 4703 ουργίαν
585 4631 692 4684 τῶν
725 4631 866 4684 οὕτω
921 4630 1278 4702 φρονούντων,
1322 4631 1412 4683 κα)¹
1457 4627 1566 4698 (21)
1630 4643 1870 4695 συναγα-

309 4725 494 4791 γόντες
527 4725 592 4776 ἐκ
617 4722 726 4776 τῶν
747 4721 974 4794 Γραφῶν
999 4721 1096 4792 τὴν
1117 4721 1370 4785 διάνοιαν,
1391 4719 1708 4790 λευκότερον
1734 4719 1871 4791 γρά-

311 4831 518 4882 φοντες,
542 4815 791 4884 εἰρήκασι
835 4815 896 4868 τὸ
949 4813 1247 4884 όμοούσιον·
1283 4814 1370 4866 ἵνα
1429 4811 1522 4864 καὶ
1553 4811 1614 4863 τὸ
1651 4811 1870 4880 γνήσιον

312 4906 520 4976 ἀληθῶς
544 4907 608 4958 ἑκ
630 4901 817 4958 τούτου
847 4905 1059 4976 γνωσθῇ
1083 4903 1176 4958 τοῦ
1202 4903 1351 4967 Υίοῦ,
1379 4901 1472 4956 κα)⁸
1505 4899 1668 4972 μηδὲν
1697 4899 1871 4952 κοινὸν

313 4997 406 5068 ἔχῃ
437 4997 571 5068 πρὸς
597 4995 782 5049 τοῦτον
801 4997 870 5050 τὰ
894 4997 1096 5066 γενητὰ
1121 4997 1254 5068 (22).
1297 4996 1360 5048 Ἦ
1405 4994 1512 5064 γὰρ
1541 4993 1638 5063 τῆς
1677 4991 1871 5055 λέξεως

311 5087 512 5158 ταύτης
531 5087 780 5158 ἀκρίϐεια
802 5089 902 5158 τήν
933 5105 992 5142 τε
1018 5088 1302 5162 ὑπόκρισιν
1324 5085 1520 5151 αὐτῶν,
1547 5083 1642 5138 ἐὰν
1672 5082 1870 5150 λέγωσι

383 5226 424 5258 ⁵⁷
451 5225 609 5280 Joan.
637 5243 691 5288 ιι,
727 5225 816 5278 50.
897 5225 940 5256 ⁵⁸
967 5223 1124 5278 Joan.
1151 5239 1266 5288 xw,
1288 5223 1342 5278 9.

381 5337 494 5406 (Ib)
528 5335 600 5390 lta
628 5336 973 5391 Felckmanni
1005 5337 1060 5402 '5,
1091 5335 1316 5406 optime.
1347 5331 1489 5388 Editi
1518 5339 1572 5387 et
1600 5331 1713 5398 alii,
1743 5327 1872 5383 ἑκά-

313 5423 444 5472 στης
477 5406 721 5460 συνόδου.

383 5469 495 5544 (⁷15)
521 5475 706 5546 felck.
736 5477 788 5540 5,
813 5475 1115 5546 ἀκρίᾷειαν.
1136 5475 1268 5546 γΤὴνΑ
1287 5471 1540 5546 φροντίδα
1573 5469 1698 5546 γᾴρ,
1724 5475 1828 5546 etc.

383 5541 494 5615 (16)
519 5544 698 5616 Felck.
728 5547 782 5606 3,
813 5541 904 5598 καῖ
928 5543 1068 5616 οῦτω
1093 5545 1192 5616 μὲν
1214 5541 1456 5616 essent
1483 5541 1580 5612 τῆς
1611 5541 1692 5610 βλ.
1732 5541 1864 5594 Ibid.

313 5613 432 5680 post
455 5615 666 5668 Παύλου
693 5615 926 5670 deletum
950 5613 1151 5683 aliquid
1183 5615 1233 5666 in
1265 5613 1448 5680 Regio.

383 5685 496 5754 (17)
523 5685 707 5740 Felck.
744 5685 798 5750 5,
825 5687 888 5754 ἐκ
935 5671 1142 5754 [ἰατρὸς
1185 5671 1484 5748 ἐπίστευον,
1527 5681 1639 5734 ἀλλ’
1675 5677 1748 5743 ὡς
1779 5671 1869 5732 ἐπὶ

311 5772 420 5808 των
450 5756 783 5824 κτισμάτων,
820 5753 980 5824 οὕτω.

383 5825 492 5896 (18)
523 5821 706 5880 Félek.
743 5825 794 5886 3,
821 5821 916 5874 τοῦ
950 5821 1102 5878 Θεοῦ.
1133 5823 1252 5878 Mox
1290 5823 1452 5886 idem,
1482 5823 1509 5874 ό
1539 5821 1663 5884 Υἱὸς
1688 5821 1870 5890 ὅμοιος

1972 4643 2252 4713 explorata
2281 4649 2447 4708 esset,
2480 4639 2766 4710 palamque
2800 4635 2941 4692 foret
2975 4637 3188 4707 opificia
3237 4635 3372 4689 nihil
3406 4653 3527 4690 cum

1971 4749 2037 4788 eo
2081 4744 2370 4786 commune
2425 4731 2644 4794 habere.
2701 4729 2970 4783 Accurata
3001 4726 3143 4781 enim
3175 4724 3341 4793 hujus
3379 4727 3526 4778 vocis

1971 4825 2132 4887 ratio,
2156 4837 2344 4878 eorum
2389 4821 2637 4892 coarguit
2673 4819 3075 4875 simulationem
3107 4831 3212 4885 qua
3243 4815 3382 4869 hanc
3405 4829 3518 4884 pro-
3575 4839 3586 4914 1

1973 4915 2154 4972 ferunt
2177 4929 2386 4980 vocem,
2411 4929 2478 4967 ex
2505 4911 2634 4978 Deo,
2669 4923 2965 4978 omnesque
2994 4919 3180 4961 eorum
3221 4903 3286 4958 ad
3317 4901 3524 4971 simpli-
3575 4901 3578 4964 Ϊ

1971 5011 2147 5064 ciores
2176 5007 2516 5064 sedueendos
2541 5003 2782 5074 argutias
2805 4999 3022 5057 refellit.
3053 4997 3210 5052 Certe
3238 5009 3362 5049 eum
3403 5009 3525 5049 om-
3572 4987 3581 5020 ‘

1972 5102 2060 5156 nia
2085 5101 2296 5171 possint
2333 5113 2430 5170 pro
2481 5097 2706 5152 libidine
2737 5088 3164 5164 sopbismatibus
3212 5077 3430 5141 eludere
3466 5098 3524 5138 ac

1971 5319 2048 5392 τῷ
2077 5321 2269 5392 Πατρί.

2067 5393 2151 5460 19)
2183 5381 2488 5460 Feleltman.
2523 5387 2574 5460 Ei,
2602 5381 2907 5460 ᾀπεξένουν.
3129 5445 3156 5456 _

2067 5395 2151 5460 19)
2183 5395 2488 5445 Felekman.
2523 5395 2574 5446 5.
2602 5395 2907 5448 ἀπεξενουν.

2042 5395 2151 5531 120)
2186 5461 2276 5516 Sic
2303 5459 2431 5531 Reg.
2462 5467 2516 5512 et
2539 5455 2680 5531 Fel_c.
2717 5453 2771 5505 5.
2806 5453 2860 5504 In
2889 5449 3041 5512 edit.,
3065 5445 3158 5500 τοῦ
3184 5441 3320 5500 εἶναι
3349 5446 3524 5499 ἑπινου

1971 5524 2176 5594 οῦντες,
2207 5524 2428 5584 ("tussis
2467 5524 2694 5594 caeteris.

2045 5587 2276 5672 (ati'siq
2311 5599 2438 5672 ειυς.
2469 5591 2716 5672 ln_editis
2737 5604 2866 5672 vero
2893 5587 2993 5672 δεαι
3014 5588 3180 5672 deest.

2045 5602 2126 5672 (21
2186 5602 2276 5653 Sic
2311 5602 2438 5666 lteg.
2471 5602 2528 5650 In
2559 5602 2716 5648 editis
2737 5604 2866 5644 vero
2893 5602 2984 5641 και
3014 5602 3180 5667 aeeSt.

2043 5602 2154 5742 (22)
2187 5667 2529 5742 Felekman;
2530 5665 2594 5724 '5,
2625 5659 2874 5742 γεννητό.
2896 5657 3050 5742 ⁸Ιιιῒιτι
3095 5651 3528 5742 ιεξςῐξιώέκηῷερῦῖ

1971 5721 2174 5796 οηὶῖεἶςὶι
2203 5721 2453 5790 articulo.
2491 5721 2790 5804 negjmpx',
2815 5727 3081 5796 διελέγχῃ.
3108 5724 3306 5804 ibidem
3333 5721 3530 5804 Regius

2044 5793 2375 5864 BuSiliCItsis.
2401 5805 2498 5867 τὰς
2523 5793 2900 5868 πῖθανότητας,
2926 5793 3078 5851 artic.
3099 5797 3246 5848 deest
3277 5793 3330 5845 in
3351 5793 3532 5848 editis.
