3966 6226
461 415 561 470 775

1018 421 1075 477 S.
1116 422 1487 481 ATHANASII
1520 425 1669 481 OPP.
1712 426 1891 482 PARS
1928 428 1972 485 1.
2008 420 2482 486 -—‘HISTORICA
2524 431 2610 485 ΕΤ
2653 429 3074 489 DOGMATICA.

3572 434 3678 489 776

458 537 797 607 detorquere,
830 539 967 595 hanc
1015 546 1184 600 solam
1221 563 1440 616 vocem,
1473 548 1662 618 utpote
1693 565 1814 621 qua:
1855 566 2007 606 suam

2120 553 2190 616 rb,
2208 554 2377 606 ἐκ·τοῦ
2393 554 2549 615 Θεοῦ,
2575 553 2757 626 ῥητὸν,
2781 554 3061 625 διελέγχει,
3087 554 3177 607 καὶ
3194 553 3369 616 πάσας
3388 550 3565 608 αὐτῶν
3583 556 3680 620 τὰς

456 625 689 683 Ιιιετεείη
706 631 968 697 confutet,
1001 635 1358 693 reformidant
1390 657 1405 706 ;
1434 657 1597 710 quam
1625 641 1831 708 Patres,
1856 645 2014 714 quasi

2120 642 2496 713 πιθανότητας,
2552 625 2609 697 ὲν
2650 642 2736 708 af;
2780 642 3155 715 ὐφαρπάζουσι
3202 644 3325 705 τοὺς
3372 643 3676 714 ἀκεραίους,

455 723 925 790 propugnaculum
976 728 1237 784 adversus
1275 730 1500 802 impiam
1564 748 1782 789 omnem
1826 751 2014 791 eorum

457 815 862 883 cogitationem,
887 821 1282 889 conscripsere.

2122 733 2387 789 ἐκϐάλλει.
2428 735 2612 788 Πάντα
2644 735 2774 805 γοῦν
2802 736 3081 805 δυνάμενοι
3121 732 3430 803 σοφίζεσθαι
3460 734 3553 787 καὶ
3582 751 3677 805 με·

2123 832 2387 892 ταποιεῖν,
2411 829 2487 893 ὼς
2524 829 2767 896 θέλουσι,
2808 829 3011 900 ταύτην
3059 828 3223 899 μόνην
3270 825 3368 899 τὴν
3414 826 3577 893 λέξιν,
3603 829 3680 893 ὡς

454 907 827 979 διελέγχουσαν
853 913 1029 968 αὐτῶν
1061 917 1157 988 τὴν
1177 919 1404 989 αἵρεσιν,
1444 918 1698 972 δεδίασινο
1736 922 1802 989 ἦν
1833 920 2155 991 οἰσΠατὲρες
2187 923 2372 994 ὥσπερ
2414 924 2758 993 ἐπιτείχισμα
2800 922 2939 977 κατά
2970 923 3148 992 πάσης
3186 922 3414 987 ἀσεϐοῦς
3442 923 3680 988 ἐπινοίας

455 1006 631 1059 αὐτῶν
664 1007 905 1079 ἔγραψαν
930 1010 1056 1083 (25).

522 1099 613 1153 46.
648 1098 837 1157 Cesset
856 1119 983 1175 ergo
1005 1106 1185 1161 omnis
1206 1109 1503 1174 contentio,
1527 1123 1625 1164 nec
1654 1109 1794 1164 ultra
1826 1110 1880 1164 in
1912 1125 2013 1165 nos

455 1202 646 1245 mutuo
699 1194 1102 1266 impingamus,
1143 1200 1615 1270 disceptemusque
1668 1217 1795 1255 num
1841 1202 2008 1257 variis

454 1284 633 1339 modis
686 1286 876 1356 synodi
927 1290 1405 1347 consubstantialis
1453 1306 1638 1346 vocem
1685 1294 1991 1361 acceperint

455 1374 534 1427 Ad
566 1375 936 1433 defensionem
966 1381 1108 1435 enim
1145 1382 1410 1449 legitimas
1434 1396 1631 1439 causas
1654 1399 1752 1454 pro
1783 1384 1850 1439 iis
1883 1384 2013 1439 all'e-

456 1468 651 1522 rendas
701 1469 996 1535 habemus,
1045 1489 1169 1528 cum
1223 1490 1385 1545 supra
1428 1475 1635 1542 dictas,
1681 1484 1795 1529 tum
1847 1476 2011 1530 etiam

456 1558 615 1611 istam
645 1577 658 1613 :
690 1576 903 1632 nempe,
940 1562 1065 1617 licet
1118 1564 1259 1618 hanc
1303 1579 1489 1619 vocem
1516 1603 1531 1628 ,
1567 1564 1904 1634 ingenitum,
1946 1581 2014 1619 ex

457 1642 755 1715 Scripturis
784 1664 892 1703 non
940 1651 1315 1719 didicerimus,
1380 1668 1648 1723 nusquam
1689 1654 1835 1710 enim
1869 1654 2016 1709 Scri-

453 1743 626 1804 ptura:
660 1735 828 1791 Deum
872 1740 1166 1809 ingenitum
1202 1742 1419 1810 dixere;
1449 1752 1691 1798 attamen
1727 1758 1852 1798 cum
1884 1745 2018 1800 mul-

2182 1107 2271 1162 46.
2307 1106 2612 1160 Πεπαύσθω
2639 1106 2815 1159 τοίνυν
2847 1106 2996 1159 πᾶσα
3018 1102 3337 1173 φιλονεικία,
3356 1103 3450 1158 καὶ
3482 1103 3678 1175 μηκέτι

2116 1199 2541 1272 προσκόπτωμεν
2603 1200 2785 1269 ἡμεῖς,
2834 1199 2883 1251 εί
2930 1196 3198 1267 διαφόρως
3254 1193 3598 1267 ὲξειλήφασιν
3624 1198 3677 1250 αἱ

2117 1290 2319 1344 σύνοδοι
2350 1289 2446 1361 τὴν
2477 1288 2570 1342 τοῦ
2631 1289 2913 1359 ὁμοουσίου
2956 1289 3118 1356 λέξιν.
3158 1290 3390 1361 ’Έχομεν
3433 1289 3541 1361 γάρ
3570 1290 3677 1361 (24)

2116 1387 2195 1448 εἰς
2222 1383 2512 1451 ἀπολογίαν
2541 1382 2791 1451 εὐλόγους
2815 1384 2944 1455 περὶ
2977 1384 3155 1437 αὐτῶν
3185 1386 3383 1450 αἰτίας,
3416 1384 3515 1447 τὰς
3551 1389 3680 1454 προ-

2118 1477 2408 1548 ειρημένας
2440 1475 2560 1547 μὲν,
2588 1477 2681 1528 καὶ
2704 1474 2904 1545 ταύτην
2936 1475 2994 1528 δέ
3021 1492 3034 1506 ’
3075 1475 3137 1529 τὸ
3163 1476 3455 1547 ἀγέννητον
3473 1474 3608 1545 (25),
3630 1476 3678 1527 εί

2120 1568 2213 1621 καὶ
2241 1566 2314 1638 μὴ
2339 1565 2490 1637 παρά
2542 1565 2647 1618 τῶν
2690 1566 2917 1636 Γραφῶν
2968 1567 3383 1639 μεμαθήκαμεν,
3445 1564 3676 1637 οὐδαμοῦ

2120 1659 2225 1733 γὰρ
2253 1658 2542 1729 ἀγέννητον
2573 1657 2663 1710 τὸν
2689 1657 2818 1711 Θεὸν
2847 1659 3127 1730 εἰρήκασιν
3170 1660 3224 1711 αἱ
3265 1656 3499 1729 Γραφαὶ,
3531 1658 3679 1727 ὅμως

2120 1750 2307 1821 ἐπειδὴ
2339 1751 2434 1804 καὶ
2465 1749 2650 1803 πολλοί⁷
2684 1748 2793 1802 τῶν
2818 1748 3117 1803 δοκούντων
3149 1749 3558 1821 ἐμνημόνευσαν
3584 1745 3676 1801 τοῦ

455 1829 492 1881 ti
526 1831 771 1899 praeclari
803 1831 904 1885 viri
934 1832 1000 1886 de
1023 1832 1115 1886 illo
1139 1834 1361 1889 nomine
1389 1835 1718 1891 mentionem
1749 1834 2011 1901 fecerint,

2120 1842 2393 1914 ὀνόματος,
2428 1841 2949 1913 φιλοπευστήσαντες
2980 1840 3221 1913 ἔγνωμεν
3256 1841 3336 1893 ὅτι
3397 1840 3492 1894 καὶ
3524 1839 3677 1894 τοῦτο

452 1931 705 1977 accurate
736 1922 803 1977 de
833 1923 925 1977 illo
958 1924 1252 1992 sciscitati,
1285 1926 1606 1997 agnovimus
1657 1928 1762 1983 hoc
1813 1943 2011 1982 nomen

452 2012 664 2068 diversa
696 2015 1003 2085 signiﬁcare
1034 2037 1045 2071 :
1074 2017 1165 2071 alii
1197 2018 1341 2072 enim
1381 2018 1534 2073 aiunt
1567 2018 1863 2088 ingenitum
1891 2034 2015 2074 esse

451 2103 506 2159 id
527 2105 670 2174 quod
694 2106 929 2174 exsistit,
959 2119 1060 2163 nec
1094 2116 1275 2164 tamen
1300 2111 1540 2181 genitum
1566 2121 1667 2178 est,
1698 2127 1876 2182 neque
1897 2127 2017 2165 om-

449 2197 584 2253 nino
616 2212 836 2253 causam
869 2200 1029 2255 habet
1061 2219 1073 2255 :
1107 2202 1197 2256 alii
1220 2218 1368 2271 vero,
1391 2203 1443 2257 id
1477 2205 1618 2274 quod
1641 2215 1881 2261 creatum
1905 2221 2014 2259 non

450 2297 552 2343 est.
621 2287 679 2344 Si
723 2291 849 2361 quis
881 2292 1044 2363 igitur
1072 2293 1263 2348 harum
1295 2296 1746 2367 signiﬁcationum
1779 2299 2016 2367 priorem

451 2379 782 2449 respiciens,
822 2397 931 2453 qua
986 2383 1307 2454 intelligitur
1348 2386 1648 2456 ingenitum
1701 2402 1821 2443 esse
1867 2388 2017 2458 quod

451 2473 655 2527 nullam
685 2473 847 2530 habet
871 2490 1093 2531 causam
1117 2517 1132 2542 ,
1163 2477 1366 2533 diceret
1396 2477 1593 2534 Filium
1629 2495 1735 2535 non
1764 2497 1883 2537 esse
1930 2483 2017 2537 in-

450 2567 690 2635 genitum
718 2584 733 2633 ;
790 2582 900 2623 non
929 2568 1049 2623 ideo
1078 2569 1124 2624 si
1161 2585 1322 2639 quem
1354 2573 1700 2641 conspicatus
1725 2573 1838 2643 qui,
1860 2573 2014 2644 juxta

452 2660 778 2714 sententiam
806 2676 928 2731 quae
959 2663 1034 2717 ait
1092 2663 1269 2734 ipsum
1298 2680 1397 2719 nec
1425 2665 1700 2735 opiﬁcium
1730 2681 1831 2722 nec
1872 2682 2020 2722 crea-

452 2761 629 2806 turam
656 2794 670 2818 ,
704 2753 796 2807 sed
829 2764 1085 2809 aeternam
1117 2756 1325 2825 prolem
1360 2771 1481 2811 esse
1504 2797 1520 2822 ,
1555 2772 1678 2811 eum
1714 2756 2014 2826 ingenitum

452 2844 674 2910 diceret,
702 2845 852 2898 illum
875 2854 1157 2915 propterea
1182 2847 1584 2903 criminaretur.
1618 2847 1851 2919 Uterque
1871 2851 2016 2906 enim

451 2935 605 3005 juxta
641 2937 922 3007 proprium
960 2953 1183 3008 scopum
1232 2939 1403 3011 probe
1453 2941 1665 2997 locutus
1708 2952 1878 3007 esset;
1942 2943 2018 2998 ita

451 3044 669 3101 quoque
714 3030 759 3085 si
794 3045 861 3084 ex
918 3029 1173 3087 Patribus
1217 3034 1309 3087 alii
1349 3033 1457 3090 alio
1491 3035 1655 3091 modo
1690 3035 1756 3091 de
1790 3036 2020 3092 consul)-

454 3119 694 3174 stantiali
721 3119 887 3174 locuti
919 3130 1081 3187 sunt,
1118 3138 1187 3176 ne
1218 3124 1610 3181 contendamus
1639 3143 1654 3180 :
1687 3128 1781 3181 sed
1809 3127 1895 3197 pie
1925 3143 2018 3183 eo-

452 3225 576 3263 rum
609 3209 751 3264 dicta
784 3210 1149 3280 excipiamus,
1206 3211 1337 3267 dum
1392 3216 1630 3272 maxime
1680 3225 1794 3274 toto
1842 3220 2020 3275 studio
2048 3221 2090 3279 C

452 3302 640 3373 pietati
670 3317 890 3373 operam
928 3303 1216 3359 dederunt.

524 3391 612 3447 47.
639 3391 876 3463 lgnatius
929 3401 1095 3461 certe,
1142 3397 1234 3467 qui
1267 3406 1390 3467 post
1423 3399 1694 3469 apostolos
1721 3401 2021 3458 Antiochiae

454 3482 742 3553 episcopus
792 3484 1123 3540 constitutus
1155 3496 1273 3553 est,
1328 3490 1551 3559 ipseque
1583 3501 1788 3562 martyr
1816 3488 2017 3547 Christi

454 3574 577 3642 fuit,
606 3574 674 3630 de
700 3575 929 3631 Domino
955 3577 1220 3644 scribens,
1244 3578 1379 3635 dixit
1396 3578 1506 3650 (30)
1526 3598 1539 3635 :
1563 3600 1582 3633 ι
1607 3579 1759 3637 Unus
1779 3584 2021 3641 medicus

454 3675 539 3722 est
567 3667 803 3722 carnalis
845 3675 898 3722 ει
937 3669 1259 3739 spiritualis,
1287 3670 1462 3728 factus
1501 3683 1554 3729 et
1579 3690 1687 3729 non
1713 3674 1926 3745 factus,
1963 3677 2018 3732 in

453 3758 677 3814 homine
705 3757 849 3815 Dens
872 3800 885 3824 ,
923 3760 977 3814 in
1012 3770 1185 3816 morte
1214 3761 1320 3817 vita
1351 3779 1475 3818 vera
1500 3803 1517 3831 ,
1545 3775 1599 3819 et
1643 3781 1710 3821 ex
1750 3765 1919 3822 Maria
1964 3776 2020 3823 et

456 3861 523 3902 ex
554 3847 681 3902 Deo.
725 3866 745 3901 ι
783 3847 1014 3914 Quidam
1048 3859 1226 3904 autem
1260 3858 1383 3920 post
1421 3850 1685 3923 lgnatium
1714 3862 1769 3909 et
1800 3855 1899 3925 ipsi
1952 3871 2019 3911 ex

456 3941 731 4009 magistris
764 3943 964 3998 nostris
991 3944 1270 4001 scribunt:
1297 3964 1316 3998 (
1340 3945 1519 4003 Unum
1546 3962 1652 4001 non
1684 3947 1886 4004 factum
1914 3959 2017 4018 est,

459 4030 665 4086 scilicet
704 4030 862 4087 Pater
893 4042 905 4086 ε
938 4041 992 4088 ει
1026 4050 1167 4090 unus
1201 4050 1269 4090 ex
1317 4036 1437 4107 ipso
1482 4034 1653 4092 Filius
1703 4052 2016 4107 germanus,

458 4122 636 4189 proles
659 4138 805 4189 vera,
831 4122 1065 4179 Verbum
1098 4135 1152 4181 et
1178 4124 1453 4197 Sapientia
1479 4127 1680 4184 Patris.
1709 4147 1726 4180 ι
1751 4127 1807 4184 Si
1836 4130 2021 4200 itaque

461 4212 567 4268 illis
594 4213 754 4268 etiam
786 4214 1158 4284 adversamur,
1185 4218 1257 4273 sit
1279 4219 1436 4275 nobis
1458 4220 1743 4276 adversum
1784 4221 2020 4292 synodos

461 4319 676 4375 quoque
702 4315 997 4363 certamen.
1042 4307 1199 4375 Quod
1234 4310 1278 4364 si
1314 4311 1467 4381 gnari
1495 4327 1683 4368 eorum
1717 4313 1770 4366 in
1800 4312 2019 4367 Christo

461 4398 582 4455 lidei
602 4438 617 4464 ,
653 4414 975 4470 persuasum
1015 4400 1277 4457 habemus
1308 4402 1525 4457 beatum
1557 4403 1719 4459 etiam
1752 4403 2020 4474 lgnatium

2117 1937 2175 1990 rb
2202 1935 2372 2005 ὄνομα
2395 1934 2623 2006 διάφορα
2649 1933 2761 2004 εχει
2809 1932 2878 1988 τά
2930 1934 3323 2005 σημαινόμενα·
3373 1932 3467 1987 καὶ
3499 1934 3548 1986 οί
3581 1932 3678 2004 μὲν

2114 2025 2173 2078 τὸ
2196 2024 2254 2078 ὃν
2279 2024 2396 2095 μὲν,
2431 2024 2567 2095 μήτε
2591 2022 2648 2076 δὲ
2668 2021 2942 2093 γεννηθὲν,
2979 2024 3114 2094 μήτε
3136 2023 3271 2087 ὅλως
3310 2021 3429 2092 ἔχον
3474 2021 3567 2076 τὸν
3596 2021 3678 2075 αῖ-

2116 2134 2245 2179 τιον,
2263 2116 2509 2185 λέγουσιν
2534 2100 2823 2185 ἀγέννητον
2838 2113 2969 2185 (26)’
2985 2115 3033 2167 οἱ
3047 2114 3103 2167 δὲ
3118 2114 3177 2167 τὸ
3195 2113 3678 2185 ἄκτιστον.”Ωσπερ

2116 2206 2208 2262 οὖν
2235 2208 2435 2262 τούτων
2463 2207 2603 2261 οὕτω
2666 2205 3095 2279 σημαινομένων,
3130 2207 3177 2259 εί
3209 2208 3237 2259 ὁ
3269 2206 3368 2279 μέν
3422 2223 3508 2269 τις
3543 2205 3675 2258 ἀποο-

2118 2299 2423 2362 6λέπωνείς
2445 2297 2506 2350 τὸ
2535 2296 2795 2371 πρότερον
2842 2293 3250 2367 σημαινόμενον,
3293 2293 3374 2357 τὸ,
3437 2292 3511 2364 μὴ
3559 2291 3676 2363 ἕχον

2116 2393 2208 2446 τὸν
2240 2392 2431 2456 αἴτιον,
2466 2390 2617 2458 ἔλεγε
2649 2390 2723 2461 μὴ
2781 2384 2921 2441 εἶναι
2948 2385 3241 2456 ἀγέννητον
3275 2384 3385 2455 (27)
3416 2374 3506 2438 τὸν
3527 2383 3672 2446 Υίὸν,

2116 2483 2217 2536 οὐκ
2259 2482 2325 2535 ἂν
2366 2480 2657 2552 κατηγόρει
2712 2477 2921 2550 βλέπων
2969 2478 3152 2549 ἕτερον
3206 2475 3467 2546 βλέποντα
3491 2476 3569 2540 είς
3618 2474 3676 2528 τὸ

2121 2574 2195 2645 μὴ
2226 2569 2363 2626 εἶναι
2392 2572 2599 2643 ποίημα
2625 2571 2759 2643 μηδὲ
2799 2570 3021 2641 κτίσμα,
3061 2568 3174 2622 ἀλλ’
3202 2569 3368 2622 ἀΐδιον
3422 2567 3533 2639 (28)
3560 2567 3677 2635 γέν-

2117 2681 2285 2734 νημα,
2322 2664 2415 2716 καὶ
2445 2662 2670 2730 λέγοντα
2701 2662 2992 2734 ἀγέννητον
3019 2662 3109 2716 τὸν
3161 2660 3305 2715 Υίόν.
3360 2659 3676 2731 Ἀμφότεροι

2117 2754 2224 2825 γὰρ
2254 2753 2385 2823 πρὸς
2411 2752 2497 2806 τὸν
2528 2751 2655 2805 ἴδιον
2683 2748 2880 2804 σκοπὸν
2929 2751 3179 2822 ὁρῶντες,
3231 2748 3411 2811 καλῶς
3464 2748 3677 2822 εἰρήκα-

2119 2859 2221 2894 σιν’
2251 2841 2423 2905 οὕτως
2450 2843 2498 2894 εἱ
2541 2841 2633 2894 καὶ
2660 2838 2767 2892 τῶν
2815 2840 3067 2912 Πατέρων
3091 2842 3140 2893 οἱ
3186 2839 3283 2910 μὲν
3328 2838 3518 2903 οὕτως,
3547 2840 3597 2891 oi.
3622 2837 3679 2893 δὲ

2117 2932 2288 2997 οὕτως
2309 2934 2562 3004 εἰρήκασι
2593 2930 2833 3003 περὶτοῦ
2860 2932 3162 3003 ὁμοουσίου,
3195 2932 3269 3001 μὴ
3293 2930 3677 3000 φιλονεικῶμεν

2118 3027 2298 3096 ἡμεῖς,
2330 3024 2442 3077 ἀλλ’
2478 3022 2715 3087 εὐσεϐῶς
2744 3024 2813 3078 τὰ
2844 3023 2971 3095 παρ’
3000 3024 3177 3077 αὐτῶν
3230 3020 3528 3093 δεχώμεθα,
3579 3021 3677 3084 ἕως
3732 3060 3735 3061 ν

2121 3118 2351 3189 μάλιστα
2384 3114 2481 3187 τὴν
2516 3115 2745 3187 σπουδὴν
2764 3110 2905 3187 εἶχον
2933 3117 3010 3179 είς
3038 3114 3334 3169 εὐσέϐειαν.

2190 3421 2277 3475 47.
2321 3419 2573 3489 Ἰγνάτιος
2605 3414 2697 3473 οὖν
2726 3418 2858 3491 (29),
2892 3421 2921 3473 ό
2953 3418 3092 3491 μετά
3115 3420 3240 3483 τοὺς
3276 3420 3601 3482 ἀποστόλους
3621 3422 3676 3474 ὲν

2131 3513 2425 3583 Ἀντιοχείᾳ
2468 3511 2822 3575 κατασταθεὶς
2872 3510 3186 3574 ἐπίσκοπος,
3230 3511 3320 3564 καὶ
3350 3511 3558 3582 μάρτυς
3584 3510 3676 3567 τοῦ

2118 3603 2350 3675 Χριστοῦ
2380 3602 2685 3673 γενόμενος,
2712 3602 2937 3674 γράφων
2990 3602 3118 3672 περὶ
3146 3600 3235 3654 τοῦ
3270 3602 3497 3674 Κυρίου,
3527 3604 3677 3674 εῐρηο

2119 3713 2232 3750 κεν·
2274 3710 2293 3747 ι
2325 3690 2418 3760 Εἷς
2474 3694 2651 3769 ἱατρός
2702 3696 2836 3761 ἔστι,
2885 3695 3138 3766 σαρκικὸς
3169 3695 3262 3747 καὶ
3293 3692 3673 3766 πνευματικὸς,

2118 3786 2341 3858 γενητὸς
2373 3787 2465 3840 καὶ
2487 3786 2746 3859 ἀγένητος
2771 3786 2903 3856 (51),
2938 3787 2997 3838 ὲν
3021 3784 3289 3857 ἀνθρώπῳ
3313 3784 3462 3849 Θεὸς,
3496 3787 3554 3839 ὲν
3580 3786 3676 3840 θα-

2119 3880 2263 3951 νάτῳ
2294 3879 2405 3951 ζωὴ
2434 3879 2677 3950 ἀληθινὴ,
2699 3880 2792 3933 καὶ
2822 3879 2886 3931 ὲκ
2911 3878 3128 3950 Μαρίας
3153 3878 3245 3932 καὶ
3268 3879 3330 3932 ὲκ
3362 3877 3516 3932 Θεοῦ.
3543 3898 3562 3929 ι
3581 3881 3675 3933 Τι-

2118 3971 2206 4035 νὲς
2232 3971 2288 4024 δὲ
2315 3972 2408 4025 καὶ
2449 3969 2555 4023 τῶν
2588 3969 2723 4040 μετά
2782 3968 3039 4038 Ἰγνάτιον
3065 3968 3365 4022 διδάσκαλοι
3402 3969 3497 4023 καὶ
3524 3969 3677 4023 αὐτοὶ

2118 4064 2435 4135 γράφουσιν·
2460 4082 2479 4114 ι
2505 4063 2598 4115 Ἕν
2624 4061 2683 4115 τὸ
2711 4060 2967 4132 ἀγένητον
2995 4060 3105 4132 (52)
3127 4062 3155 4113 ὁ
3186 4061 3393 4134 Πατὴρ,
3422 4063 3517 4115 καὶ
3543 4057 3623 4126 εἷς
3648 4064 3678 4116 ὁ

2119 4155 2178 4220 ἐξ
2199 4154 2358 4208 αὐτοῦ
2386 4152 2513 4216 Υἱὸς
2532 4154 2769 4224 γνήσιος,
2802 4152 3045 4223 γέννημα
3085 4150 3354 4223 ἀληθινὸν,
3388 4153 3560 4220 Λόγος
3586 4152 3679 4206 καὶ

2120 4245 2288 4314 Σοφία
2331 4244 2424 4298 τοῦ
2452 4243 2711 4316 Πατρός.)
2750 4245 2813 4297 El.
2847 4244 2947 4314 μὲν
3006 4238 3097 4297 οὖν
3150 4244 3243 4297 καὶ
3289 4243 3423 4315 πρὸς
3456 4244 3676 4307 τούτους

2119 4335 2374 4401 ἐναντίως
2427 4336 2762 4408 διακείμεθα,
2796 4335 2932 4390 ἔστω
2985 4336 3080 4390 καὶ
3138 4335 3271 4407 πρὸς
3302 4336 3398 4400 τὰς
3429 4336 3678 4401 συνόδους

2119 4430 2302 4500 ήμῖνὴ
2333 4428 2498 4501 μάχη.
2533 4430 2597 4482 El
2632 4428 2709 4495 δὲ,
2754 4429 2852 4501 τὴν
2897 4430 2955 4482 ὲν
2992 4428 3213 4501 Χριστῷ
3265 4428 3443 4482 πίστιν
3498 4426 3678 4482 αὐτῶν

553 4580 644 4657 2'5)
678 4582 768 4637 Sic
814 4578 1123 4637 Fclckma'n.
1153 4582 1206 4648 5,
1236 4590 1399 4638 recte.
1428 4582 1569 4639 Editi
1596 4593 1648 4639 et
1679 4584 1790 4650 alii,
1817 4584 2017 4657 ταύτην
2049 4561 2094 4617 D
2121 4584 2245 4657 men
2272 4586 2440 4638 unum
2472 4600 2500 4637 ν
2525 4583 2772 4657 abrasum
2806 4582 2924 4639 fuit.
2953 4582 3122 4657 Paulo
3148 4592 3268 4648 post
3294 4583 3350 4657 in
3385 4581 3520 4657 Reg.
3552 4592 3677 4655 post

463 4653 725 4707 ἔγραψαν.

491 4652 775 4795 γῗέῒῗέἱε
807 4722 950 4795 _Felc.
978 4723 1032 4778 '5.
1065 4720 1123 4795 I_n
1149 4722 1363 4795 caeteris
1384 4734 1445 4795 et
1469 4723 1633 4795 editis
1660 4724 1770 4795 γάρ
1800 4725 1970 4795 deest.

539 4791 651 4865 (25)
683 4793 774 4849 Sic
806 4792 939 4864 Reg.
983 4804 1037 4865 et
1072 4792 1250 4865 Felek.
1284 4794 1338 4865 5.
1365 4791 1525 4865 _Editi
1562 4791 1708 4865 vero.
1736 4791 2015 4865 ἀγένητον.

464 4862 641 4921 Paulo
668 4875 785 4934 post
815 4862 942 4919 edit.
970 4863 1257 4934 Commel.,
1280 4862 1560 4934 ἀγένητον.
1595 4862 1737 4934 Edit.
1767 4862 1901 4919 Vero
1920 4865 2021 4919 Pa-

466 4938 563 4992 ris.
590 4932 712 4993 cum
747 4935 876 5005 Reg.
916 4941 969 4990 et
996 4933 1258 5005 Εείεᾷιιηῦ,
1292 4932 1603 5005 ἀγέννητον.
1640 4932 1773 5005 Vide
1803 4950 1922 5003 quae
1953 4935 2021 4990 de

470 5008 572 5062 hac
596 5019 729 5060 voce
772 5002 914 5059 dicta
948 5013 1076 5060 sunt
1107 5002 1277 5073 Epist.
1318 5002 1395 5057 De
1440 5002 1663 5058 decretis
1691 5002 1926 5059 Nicena
1964 5005 2019 5059 in

467 5076 671 5131 Monito
701 5084 756 5131 et
798 5091 853 5128 n.
892 5075 982 5130 28.
1024 5072 1307 5144 Ἀγένητον
1338 5083 1390 5129 ει
1423 5074 1712 5146 ἀγέννητον
1742 5075 2023 5131 confundit

467 5146 817 5200 Athanasius.

467 5146 817 5201 Athanasius.

540 5216 652 5287 (26)
682 5214 776 5287 Sic
800 5214 979 5269 Felck.
1006 5213 1062 5269 5.
1094 5212 1151 5287 ln
1178 5213 1352 5287 editis
1378 5221 1433 5267 et
1469 5214 1680 5271 caeteris
1720 5230 1853 5270 mss.
1883 5213 2018 5278 haec,

468 5287 518 5340 οί
550 5282 610 5339 δὲ
634 5282 711 5339 ’τὸ
747 5284 1030 5355 ἀκτιστον,
1078 5282 1452 5355 desiderantur
1486 5303 1500 5338 :
1547 5300 1800 5355 germana
1840 5296 2021 5338 tamen

470 5369 629 5419 sunt,
686 5354 1122 5426 respondentque
1161 5354 1352 5426 priori
1403 5354 1703 5426 περικοπῆς
1743 5355 1916 5424 parti,
1970 5355 2020 5405 οἱ

474 5426 595 5495 μέν,
616 5435 718 5481 etc.
744 5423 875 5495 Reg.
896 5423 1049 5489 ibid.,
1076 5423 1361 5495 ἀγέννητον
1377 5423 1552 5495 prima
1576 5423 1760 5489 manu,
1785 5426 2020 5479 secunda

474 5510 616 5548 vero.
645 5495 923 5548 ἀγένητον.

469 5510 616 5557 vero,
645 5510 923 5557 αγενητον.

541 5512 616 5557 ro,
645 5512 923 5617 αγενηξον.
1322 5565 1335 5578 .

541 5565 652 5635 (2⁷)
680 5567 770 5620 δ¹ο
840 5566 940 5620 ειθο
974 5565 1026 5631 ’ὃς
1053 5575 1105 5622 ει
1132 5563 1263 5633 Reg.
1299 5565 1374 5635 (in
1418 5574 1736 5635 quoﬁlamen
1786 5578 1951 5635 unum
1993 5579 2022 5614 ν

473 5648 635 5701 supra
662 5636 893 5704 positum
922 5639 1046 5704 est),
1075 5646 1128 5691 et
1160 5637 1290 5691 edit.
1318 5634 1490 5691 Paris.
1524 5634 1665 5689 Edit.
1698 5649 1827 5689 vero
1856 5634 2019 5688 Com-

473 5704 598 5774 mel.
624 5703 913 5774 (ἀγένητον.

548 5770 833 5843 (28)Ἐειε.
858 5774 924 5843 ,5,
964 5774 1109 5827 ἴδιον.
1140 5774 1263 5843 Mox
1311 5776 1450 5829 idem
1480 5791 1602 5829 cum
1648 5773 1777 5830 edit.
1809 5773 2017 5828 Comm.

474 5854 525 5897 et
557 5842 729 5897 Paris.
773 5842 1077 5911 ἀγέννητον.
1108 5842 1173 5898 Ει
1212 5848 1282 5900 ita
1324 5846 1457 5917 Reg.
1490 5846 1674 5907 etiam,
1709 5845 1759 5897 in
1799 5859 1907 5914 quo
1936 5852 2019 5896 ta-

2118 4654 2399 4724 elpﬁxamv
2441 4654 2660 4724 ponitur
2707 4654 3110 4724 interpunctio,
3136 4668 3257 4722 qua
3294 4653 3347 4706 in
3384 4656 3513 4709 edit.
3554 4653 3678 4722 post

2118 4722 2288 4795 οὕτως
2320 4722 2743 4795 liabétur._lufra
2775 4722 2907 4795 ante
2935 4723 3009 4795 μὴ
3043 4723 3677 4795 φιζονεικῷμεν,ί1εεὶιιιι·

2119 4794 2212 4847 καί
2241 4794 2294 4846 in
2323 4794 2479 4857 edit.,
2497 4793 2589 4848 sed
2615 4793 2765 4848 deest
2795 4795 2848 4847 in
2876 4791 3008 4861 Reg.
3034 4791 3087 4846 et
3111 4792 3256 4847 Felc.
3285 4791 3341 4846 5.
3367 4791 3423 4845 ln
3453 4791 3560 4848 hoc
3584 4809 3678 4860 po-

2120 4874 2326 4987 sétrem?1
2357 4877 2485 4918 max
2529 4862 2820 4935 δεχόμενα,
2852 4873 2905 4917 ει
2941 4863 2994 4917 in
3023 4863 3231 4928 eodem,
3259 4861 3338 4925 εις
3366 4871 3492 4917 ante
3519 4863 3673 4916 εὐσέ-

2156 4950 2270 4986 ειαν
2330 4943 2464 4987 eest.

2156 4950 2270 4986 ειαν
2294 4943 2464 4989 deest.

2192 5002 2305 5071 (29)
2332 5002 2533 5073 ltegius
2557 5001 2746 5065 codex,
2777 5000 2927 5070 γοῦν.

2191 5069 2305 5145 (50)
2338 5069 2492 5128 Hunc
2524 5073 2699 5128 locum
2731 5072 2850 5127 vide
2891 5070 3050 5141 epist.
3096 5069 3287 5142 lgnatii
3337 5069 3406 5126 ad
3442 5069 3673 5140 Ephes.,

2120 5143 2239 5213 cap.
2275 5143 2326 5213 7.

2192 5207 2559 5292 (Egi)_Felc.__5,
2583 5209 2861 5292 “remsz
2878 5210 2977 5292 ξιρι).¹
3014 5209 3322 5291 ἀγέννητος,
3355 5216 3409 5292 ει
3436 5207 3675 5292 itanlegij

2121 5276 2210 5337 tur
2233 5276 2294 5336 in'
2314 5281 2502 5351 lgnatii
2530 5276 2756 5351 epistola
2798 5281 2862 5351 ad
2886 5276 3164 5349 Ephesios,
3196 5276 3316 5348 cap.
3355 5278 3407 5334 7.
3430 5276 3678 5351 ⁸Εόίιΐει

2121 5352 2248 5412 alii.
2301 5347 2668 5422 γένητὸςίκαὶ
2710 5347 2994 5422 ἀγένητος,
3046 5347 3379 5422 οιιιιιεηνετιι
3430 5347 3549 5422 haec
3593 5356 3678 5422 est

2120 5417 2396 5476 Athanasii
2420 5417 2591 5476 'lectio
2634 5430 2694 5475 ut
2732 5417 2798 5476 ex
2842 5417 3190 5487 inferioribus
3223 5419 3409 5487 liquet.
3457 5417 3588 5472 Mox
3621 5419 3675 5487 in

2119 5492 2278 5546 editis
2302 5492 2487 5562 lgnatii
2530 5491 2724 5562 legitur
2742 5530 2757 5554 ,
2785 5492 2843 5562 ὲν
2877 5489 3125 5560 ἀθανάτῳ
3148 5486 3256 5558 ζωὴ
3282 5486 3540 5562 ἀληθινή.

2122 5558 2351 5630 praestat
2374 5558 2651 5615 Athanasii
2686 5561 2843 5615 lectio
2878 5576 2891 5613 :
2936 5576 3059 5615 nam
3098 5558 3357 5630 ‘opposita
3401 5568 3533 5612 sunt
3564 5558 3679 5612 btet:

2122 5628 2322 5685 omnia.
2352 5631 2550 5686 Ibidem
2575 5630 2715 5686 Felc.
2753 5631 2804 5684 5.
2838 5632 2945 5684 Καὶ
2975 5630 3169 5701 γὰρ-ὲκ
3191 5628 3425 5701 Μαρίας.

2194 5701 2305 5773 (52)
2331 5701 2549 5773 ιτειεηὸ,
2575 5701 2882 5773 ἀγέννητον.
2898 5711 2953 5773 _c_t
2981 5697 3063 5773 ita:
3074 5699 3200 5768 Reg.
3229 5697 3679 5773 secunda_manu.

2123 5766 2311 5894 Czelt‘etii
2328 5780 2394 5894 ft
2416 5771 2562 5855 ed_iti,
2594 5766 2870 5842 ἀγένητον.
2896 5769 3012 5824 Mox
3038 5770 3067 5821 ό
3095 5766 3221 5825 ante
3248 5766 3307 5831 ἐξ
3332 5766 3501 5823 αὐτοῦ
3531 5767 3682 5823 deest

2125 5856 2176 5894 tn
2247 5856 2277 5894 e
2301 5857 2328 5894 ε
2368 5857 2440 5894 [ιι.
2467 5856 2518 5893 ο.

2125 5840 2176 5895 in
2206 5840 2440 5896 Felckm.
2467 5842 2518 5893 5.
