3966 6226
344 363 448 421 ΤΠ

1745 355 1833 412 DE
1873 353 2172 411 SYNODIS.

3465 364 3566 421 778

351 485 714 554 γινώσκοντες,
747 483 1104 556 πεπείσμεθα,
1135 484 1218 538 ὅτι
1245 481 1340 536 καὶ
1366 483 1395 535 ό
1422 481 1688 553 μακάριος
1729 478 1905 548 Ἰγνά-

2011 485 2154 532 recte
2177 477 2483 548 scripsisse.
2515 496 2638 536 cum
2675 482 2826 538 illum
2855 485 3038 540 carnis
3059 501 3224 544 causa
3254 485 3456 544 factum
3486 489 3568 543 di-

343 593 450 642 τιος
487 577 664 650 ὀρθῶς
701 577 926 650 ἔγραψε,
969 579 1193 649 γενητόν
1246 574 1408 628 αὐτόν
1455 574 1627 644 λέγων
1667 571 1755 624 διὰ
1810 571 1909 641 τὴν

341 668 518 740 σάρκα
544 671 562 741 (
587 672 615 723 ό
643 669 752 742 γὰρ
781 669 1014 742 Χριστός
1049 669 1185 742 σὰρξ
1223 667 1461 738 ἐγένετο)
1490 683 1504 697 ·
1535 665 1797 736 ἀγένητον
1829 663 1904 728 δὲ,

339 759 419 814 ὅτι
453 761 528 832 μὴ
555 760 663 815 τῶν
689 763 1008 834 ποιημάτων
1037 765 1132 816 καὶ
1157 759 1397 833 γενητῶν
1451 755 1617 823 ἐστιν,
1648 756 1762 809 ἀλλ’
1781 755 1910 819 Υἱὸς

337 854 402 907 ἐκ
431 856 664 926 Πατρός.
697 856 812 908 Οὐκ
844 855 1143 926 ἀγνοοῦμεν
1193 855 1268 920 δὲ,
1297 855 1380 906 ὅτι
1407 852 1500 907 καὶ
1548 853 1596 904 οἱ
1627 849 1908 921 εἰρηκότες

339 951 396 1004 ἓν
415 951 478 1003 τό
500 951 762 1022 ἀγένητον
786 949 893 1021 (55)
920 948 1012 1002 τόν
1040 947 1259 1020 Πατέρα
1289 947 1558 1016 λέγοντες,
1590 945 1687 1015 οὐχ
1707 945 1782 1007 ὡς
1810 961 1904 1012 γε-

337 1041 497 1114 νητοῦ
527 1043 621 1096 καὶ
653 1043 958 1114 ποιήματος
1003 1039 1152 1104 ὄντος
1205 1037 1300 1092 τοῦ
1331 1039 1506 1106 Λόγου
1544 1037 1716 1101 οὕτως
1749 1037 1909 1106 ἐγρα-

336 1133 464 1203 ψαν,
497 1133 610 1187 ἀλλ’
632 1133 713 1186 ὅτι
764 1132 839 1204 μὴ
887 1130 996 1204 ἔχει
1039 1130 1148 1202 (54)
1180 1129 1270 1184 τόν
1325 1129 1516 1184 αἴτιον·
1565 1129 1658 1182 κα³ι
1711 1129 1907 1200 μᾶλλον

338 1225 500 1290 αὐτός
527 1224 716 1297 Πατὴρ
786 1225 887 1296 μέν
919 1225 1035 1277 ἔστι
1073 1225 1170 1295 τῆς
1215 1225 1436 1294 Σοφίας,
1493 1221 1561 1276 τὰ
1615 1223 1674 1276 δὲ
1705 1221 1908 1292 γενητὰ

337 1319 514 1372 πάντα
534 1319 592 1370 ὲν
621 1317 780 1390 σοφίᾳ
816 1316 1102 1387 πεποίηκε·
1155 1316 1242 1371 διὰ
1296 1316 1348 1369 τί
1383 1316 1457 1388 μὴ
1507 1314 1602 1368 καὶ
1645 1315 1771 1376 τοὺς
1797 1313 1905 1384 (55)

335 1409 602 1482 Πατέρας,
644 1409 770 1473 τούς
812 1427 873 1464 τε
931 1409 1022 1462 τόν
1065 1407 1378 1480 Σαμοσατέα
1435 1406 1778 1472 καθελόντας,
1813 1405 1908 1458 καὶ

333 1505 430 1574 τὴν
476 1502 756 1574 Ἀρειανὴν
782 1503 992 1574 αἵρεσιν
1019 1501 1489 1573 στηλιτεύσαντας,
1522 1501 1601 1568 είς
1629 1499 1906 1553 εὐσέϐειαν

336 1595 655 1666 συνάγομεν,
688 1593 822 1648 ἀλλὰ
851 1593 1228 1664 διαστέλλομεν
1254 1593 1357 1647 ἀνὰ
1392 1593 1553 1664 μέσον
1586 1591 1784 1658 αὐτῶν,
1814 1593 1906 1645 καὶ

333 1685 394 1737 οὐ
434 1685 633 1756 μᾶλλον
695 1683 872 1756 ὀρθῶς
927 1683 1055 1755 περ).
1085 1683 1260 1737 αὐτῶν
1295 1683 1633 1756 φρονοῦμενς
1670 1685 1751 1736 ὅτι
1803 1683 1905 1736 κά-

332 1779 520 1842 κεῖνοι,
553 1777 802 1846 καθάπερ
832 1773 1003 1844 εἷπον,
1034 1776 1168 1848 πρός
1206 1775 1267 1830 τό
1302 1777 1539 1848 σόφισμα
1577 1775 1670 1828 τοῦ
1727 1777 1904 1847 Σαμο-

335 1869 558 1936 σατέως,
615 1871 709 1924 καὶ
759 1871 856 1942 τὴν
913 1871 1208 1942 ἑρμηνείαν
1275 1869 1439 1924 αὐτού
1506 1870 1604 1940 τὴν
1673 1869 1906 1924 διάνοιαν

333 1960 564 2030 ἔχοντες,
593 1961 858 2032 ἔγραψαν,
884 1963 996 2015 Οὐκ
1029 1961 1174 2015 ἐστιν
1204 1960 1504 2033 όμοούσιος’
1539 1962 1631 2014 καὶ
1652 1957 1795 2016 οὗτοι
1829 1962 1904 2026 δὲ,

333 2053 512 2116 καλῶς
541 2055 851 2124 νοήσαντες,
875 2055 1160 2125 εἰρήκασιν
1184 2052 1465 2124 όμοούσιον
1488 2048 1625 2107 εἶναι
1648 2052 1738 2106 τόν
1757 2053 1903 2108 Υἱόν.

331 2142 438 2195 Καὶ
463 2145 575 2214 γὰρ
607 2143 760 2212 κάγὼ
801 2144 1022 2198 τοιαῦτα
1053 2144 1152 2214 μὲν
1199 2145 1334 2198 νοῶν
1379 2144 1488 2216 (56)
1530 2143 1656 2215 περὶ
1697 2143 1802 2198 τῶν
1826 2145 1910 2196 εὐ-

333 2235 632 2290 σεϐούντων
666 2238 745 2299 είς
775 2236 866 2289 τόν
911 2237 1145 2302 Χριστόν
1192 2238 1256 2290 δι’
1295 2237 1486 2305 ὀλίγων
1514 2235 1743 2307 ἕγραψω
1775 2237 1822 2289 εἰ
1852 2237 1908 2290 δὲ

329 2325 550 2381 δυνατόν
573 2325 641 2399 ἦν
673 2329 972 2400 εὐπορῆσαι
1003 2330 1214 2402 καὶτῆς
1239 2329 1541 2400 ἐπιστολῆς,
1579 2328 1645 2399 ἣν
1663 2329 1907 2398 λέγουσιν

333 2419 572 2484 ἐκείνους
607 2421 718 2492 (57)
751 2422 1104 2494 γεγραφέναι,
1127 2421 1367 2494 ἡγοῦμαι
1415 2421 1632 2484 πλείους
1682 2421 1908 2494 εὑρεθή-

337 2512 520 2566 σεσθαι
569 2514 667 2578 τὰς
707 2516 1026 2585 προφάσεις,
1077 2515 1144 2568 δι’
1185 2513 1250 2578 ἃς
1306 2514 1727 2586 ἠναγκάσθησαν
1765 2514 1907 2568 οὕτω

334 2603 541 2674 γράψαι
566 2605 616 2656 oi
646 2605 903 2676 μακάριοι
936 2607 1152 2660 ἐκεῖνοι.
1185 2607 1276 2658 Δεῖ
1302 2605 1409 2678 γὰρ
1465 2607 1613 2677 ἡμᾶς
1643 2606 1735 2660 καὶ
1775 2605 1907 2678 πρέ-

335 2715 424 2749 πει
454 2697 678 2751 τοιαῦτα
703 2701 937 2770 φρονεῖν,
959 2699 1210 2770 τοιαύτην
1237 2717 1296 2752 τε
1326 2697 1516 2762 σώζειν
1545 2699 1752 2770 ἀγαθὴν
1785 2716 1908 2753 συν-

337 2787 539 2858 είδησιν
571 2787 707 2862 πρός
745 2792 871 2856 τοὺς
897 2793 1165 2862 Πατέρας,
1211 2791 1328 2858 εἴγε
1365 2791 1439 2862 μὴ
1463 2789 1604 2844 νόθοι
1643 2791 1905 2860 τυγχάνο-

339 2895 455 2947 μεν,
477 2879 592 2931 ἀλλ’
621 2879 682 2945 ἐξ
705 2879 881 2933 αὐτῶν
909 2880 1102 2952 ἔχομεν
1152 2880 1250 2944 τὰς
1277 2879 1621 2952 παραδόσεις,
1656 2881 1748 2934 καὶ
1776 2881 1905 2953 παρ’

335 2969 512 3022 αὐτῶν
538 2969 635 3042 τὴν
660 2970 757 3040 τῆς
779 2970 1057 3032 εὐσεϐείας
1085 2970 1451 3024 διδασκαλίαν.

403 3055 494 3109 48.
516 3054 750 3127 Τοιαύτη
787 3057 886 3126 μὲν
911 3053 1002 3110 οὖν
1034 3061 1066 3129 ἡ
1101 3058 1310 3112 διάνοια
1332 3058 1441 3111 τῶν
1465 3059 1722 3130 Πατέρων
1754 3059 1905 3126 λεγέ-

335 3144 446 3200 σθω
475 3147 570 3200 καὶ
600 3147 954 3202 πιστευέσθω.
989 3147 1122 3220 Φέρε
1150 3149 1204 3201 δὲ
1236 3149 1331 3202 καὶ
1386 3151 1502 3220 μετ’
1540 3149 1718 3202 αὐτῶν
1744 3149 1906 3203 πάλιν
1932 3185 1974 3242 c

333 3237 674 3308 ἐξετάσωμεν
727 3239 788 3292 τό
822 3242 1052 3311 πρᾶγμα
1101 3239 1308 3310 πράως,
1363 3240 1459 3294 καὶ
1498 3241 1634 3312 μετά
1674 3241 1906 3312 συνειδή-

335 3345 471 3393 σεως
495 3329 723 3402 ἀγαθῆς,
757 3331 1225 3402 μνημονεύσαντες
1249 3333 1359 3402 (58)
1381 3333 1473 3386 καὶ
1511 3333 1616 3388 τῶν
1651 3350 1902 3404 προειρηο

337 3421 532 3490 μένων’
569 3421 618 3474 ει
650 3423 724 3493 μὴ
768 3422 845 3493 τῷ
863 3422 975 3475 όντι
1004 3421 1304 3476 δείκνυνται
1333 3423 1513 3486 καλῶς
1542 3425 1906 3494 φρονήσαντες

333 3513 382 3564 οἱ
442 3514 499 3564 ἐν
549 3517 618 3585 τῇ
672 3514 877 3586 Νικαίᾳ
930 3514 1271 3578 συνελθόντες
1334 3516 1641 3570 ἐπίσκοποι.
1691 3517 1753 3568 Ei
1807 3515 1906 3588 μὲν

335 3605 546 3676 ποίημά
572 3610 720 3660 ἐστιν
753 3609 782 3660 ό
816 3607 1006 3676 Λόγος,
1043 3609 1137 3661 καὶ
1187 3607 1464 3679 ἀλλότριος
1517 3607 1618 3677 τῆς
1649 3607 1739 3660 τοῦ
1794 3609 1906 3660 Πα-

334 3696 460 3766 τρός
491 3697 693 3762 οὐσίας,
725 3695 866 3751 ὥστε
889 3700 984 3751 καὶ
1004 3695 1330 3769 χωρίζεσθαι
1357 3695 1519 3749 αὐτόν
1547 3695 1655 3750 ἀπό
1675 3695 1768 3748 τοῦ
1791 3697 1905 3749 Πα-

331 3785 460 3860 τρός
488 3785 566 3857 τῷ
598 3789 880 3860 ἑτεροφυεῖ
935 3788 1220 3862 χωρισμῷ,
1253 3789 1351 3841 οὐκ
1400 3787 1466 3842 ἂν
1504 3789 1589 3858 εἴη
1625 3787 1906 3859 ὁμοούσιος

331 3875 408 3946 τῷ
436 3877 629 3948 Πατρὶ,
660 3878 796 3932 ἀλλὰ
855 3879 1052 3950 μᾶλλον
1083 3878 1345 3950 ὁμογενὴς
1369 3879 1478 3949 (59)
1507 3881 1570 3950 τῇ
1601 3879 1756 3948 φύσει
1793 3881 1905 3942 τοῖς

333 3969 618 4039 ποιήμασι,
649 3969 753 4024 κᾶν
789 3971 1099 4042 ὑπερϐάλλῃ
1121 3973 1188 4042 τῇ
1217 3971 1419 4042 χάριτι·
1458 3971 1505 4024 εί
1531 3971 1589 4023 δὲ
1617 3969 1906 4038 ὁμολογοῦ-

337 4077 432 4131 μεν
465 4061 544 4132 μὴ
599 4058 736 4115 εἶναι
772 4061 934 4117 αὐτόν
991 4064 1220 4134 ποίημα,
1266 4061 1404 4116 ἀλλὰ
1455 4064 1674 4134 γνήσιον
1709 4063 1774 4115 ἐκ
1805 4064 1908 4132 τῆς

333 4153 518 4218 οὐσίας
549 4152 642 4207 τοῦ
695 4155 909 4226 Πατρός
957 4155 1221 4226 γέννημα,
1262 4153 1550 4209 ἀκόλουθον
1605 4154 1671 4208 ἂν
1701 4155 1782 4224 εἴη
1812 4154 1904 4208 καὶ

333 4243 633 4316 ἀχώριστον
667 4245 828 4300 αὐτόν
860 4242 995 4299 εἶναι
1021 4245 1113 4300 τοῦ
1139 4245 1370 4318 Πατρός,
1404 4247 1614 4316 ὁμοφυῆ
1661 4245 1789 4299 ὄντα
1817 4245 1905 4298 διὰ

333 4335 394 4389 τό
423 4337 480 4404 ἐξ
515 4337 680 4390 αὐτοῦ
707 4337 1083 4408 γεγεννῆσθαι.
1140 4339 1390 4402 Τοιοῦτος
1435 4339 1493 4391 δὲ
1529 4340 1624 4404 ὢν,
1679 4337 1904 4402 εἰκότως

335 4431 428 4484 καὶ
459 4431 740 4502 όμοούσιος
763 4431 828 4484 ἂν
842 4431 1067 4500 λέγοιτο.
1091 4433 1320 4486 Ἔπειτα
1341 4433 1391 4485 εί
1417 4432 1490 4504 μὴ
1518 4433 1582 4485 ὲκ
1613 4431 1902 4503 μετουσίας

2011 567 2087 622 sit
2131 565 2400 638 (Christus
2431 572 2578 628 enim
2608 588 2738 628 caro
2761 573 2938 630 fac‘tus
2961 577 3090 646 est),
3115 589 3170 634 et
3201 579 3566 644 non—factum,

2008 659 2138 730 quia
2162 675 2276 714 non
2315 676 2382 716 ex
2406 663 2636 733 opiliciis
2659 675 2714 721 et
2757 667 2922 723 rebus
2952 667 3108 725 factis
3130 680 3244 738 est,
3271 674 3365 727 sed
3397 671 3568 728 Filius

2007 765 2074 805 ex
2087 749 2248 808 Patre
2274 767 2288 805 :
2317 769 2416 809 nec
2444 755 2760 827 ignoramus
2779 773 2874 816 eos
2899 761 2992 831 qui
3015 777 3182 817 unum
3206 765 3566 830 non-factum,

2005 843 2170 914 608
2199 845 2417 902 scilicet
2431 846 2643 904 Patrem
2674 851 2881 918 dixere,
2907 867 3012 908 non
3044 857 3202 924 quasi
3241 855 3469 911 Verbum
3499 858 3570 914 sil.

2007 949 2096 989 res
2129 935 2271 990 facta
2298 947 2391 992 aut
2413 939 2689 1009 opificium
2716 943 2790 998 ita
2818 945 3145 1015 scripsisse;
3175 947 3270 1002 sed
3297 951 3423 1019 quia
3450 951 3570 1006 nul-

2006 1024 2116 1080 lam
2153 1025 2312 1082 Pater
2343 1029 2539 1087 habeat
2566 1047 2825 1102 causam;
2875 1035 2986 1091 imo
3041 1039 3256 1108 potius,
3293 1041 3422 1111 quia
3455 1043 3570 1111 ipse

2009 1121 2226 1191 quidem
2257 1123 2418 1180 Pater
2449 1127 2522 1182 sit
2555 1127 2846 1199 Sapientia:
2867 1170 2883 1196 ,
2921 1132 3134 1202 opificia
3164 1143 3343 1190 autem
3385 1137 3568 1192 omnia

2009 1213 2062 1266 in
2091 1215 2354 1284 sapientia
2385 1217 2606 1287 fecerit;
2635 1236 2736 1277 cur
2763 1237 2872 1279 non
2900 1225 3060 1280 etiam
3085 1225 3294 1291 Patres,
3323 1243 3445 1283 cum
3475 1245 3569 1286 eos

2007 1305 2101 1373 qui
2123 1303 2562 1364 Samosatensem
2589 1311 2910 1380 deposuere,
2933 1325 3050 1370 tum
3074 1331 3168 1370 eos
3199 1317 3288 1386 qui
3311 1318 3569 1373 Arianam

2009 1395 2259 1451 haaresim
2290 1399 2512 1456 infamia
2541 1413 2834 1472 notarunt,
2865 1405 2920 1461 in
2956 1422 3126 1463 unum
3161 1409 3379 1480 pietatis
3407 1419 3566 1464 tuen-

2007 1487 2088 1543 dae
2109 1491 2348 1545 studium
2375 1495 2780 1565 conjungimus,
2805 1497 2914 1555 imo
2936 1515 3303 1572 segregamus,
3327 1511 3381 1556 et
3399 1518 3567 1573 quare

2006 1593 2116 1634 non
2143 1581 2324 1651 potius
2354 1582 2420 1640 de
2458 1585 2564 1641 illis
2595 1596 2736 1643 recte
2761 1589 3028 1646 sentimus
3063 1609 3077 1646 :
3105 1591 3564 1664 quandoquidem,

2007 1673 2086 1726 nti
2110 1673 2221 1742 jam
2269 1674 2417 1748 dixi,
2469 1679 2678 1747 priores
2722 1681 2801 1736 illi
2836 1683 3012 1737 solum
3045 1682 3442 1742 Samosatensis
3471 1703 3566 1742 so-

2005 1765 2249 1834 phisma.
2280 1777 2335 1822 et
2379 1769 2498 1839 ejus
2528 1771 3027 1844 interpretationem
3059 1787 3395 1848 spectantes,
3428 1780 3566 1833 scri-

2013 1869 2169 1922 pscre
2197 1871 2304 1911 non
2335 1872 2456 1914 esse
2483 1859 2761 1918 Christum
2785 1865 3332 1923 consubstantialem:
3362 1869 3416 1923 hi
3443 1885 3569 1924 vero

2011 1945 2176 2000 verba
2221 1963 2354 2002 sane
2393 1949 2751 2022 intelligentes
2775 1996 2791 2022 ,
2841 1956 3027 2012 dixere
3059 1944 3254 2012 Filium
3275 1967 3407 2016 esse
3438 1975 3570 2015 con-

2013 2037 2460 2095 substantialem?
2490 2042 2752 2114 Equidem
2793 2061 2916 2102 cum
2953 2048 3046 2103 tali
3078 2049 3144 2105 de
3169 2051 3273 2120 piis
3301 2051 3409 2107 illis
3441 2067 3568 2122 erga

2011 2126 2286 2184 Christum
2309 2130 2443 2186 viris
2464 2133 2566 2189 sim
2591 2137 2880 2204 sententia,
2905 2139 3020 2194 haec
3039 2141 3228 2209 paucis
3249 2141 3567 2212 conscripsi.

2012 2217 2167 2286 Quod
2196 2221 2242 2276 si
2275 2223 2537 2294 epistolae,
2571 2242 2737 2296 quam
2769 2229 2892 2286 illos
2919 2231 3206 2300 scripsisse
3233 2233 3440 2298 dicunt,
3473 2234 3572 2286 mi-

2012 2309 2066 2364 hi
2089 2311 2243 2380 copia
2268 2311 2480 2382 luisset,
2510 2317 2762 2374 existimo
2783 2320 2967 2388 plures
2993 2322 3462 2392 deprehensnrum
3487 2339 3573 2380 me

2011 2402 2182 2459 fuisse
2215 2420 2430 2472 causas,
2461 2421 2559 2462 cur
2590 2410 2732 2468 beati
2769 2413 2846 2468 illi
2875 2414 2947 2470 ita
2980 2415 3220 2472 scribere
3245 2417 3418 2472 coacti
3440 2416 3568 2472 sint.

2011 2495 2116 2551 Par
2140 2510 2224 2555 est
2249 2501 2396 2556 enim
2429 2501 2691 2575 decetque
2719 2519 2818 2560 nos
2857 2506 2932 2560 ita
2959 2506 3158 2562 sentire
3177 2549 3192 2573 ,
3231 2507 3572 2578 probumque

2011 2605 2137 2662 erga
2182 2591 2370 2650 Patres
2395 2597 2652 2652 oanimum
2681 2612 2928 2664 servare,
2958 2599 3004 2654 si
3039 2607 3219 2654 tamen
3248 2601 3418 2670 spurii
3461 2615 3572 2656 non

2010 2696 2232 2750 sumus,
2267 2694 2320 2740 et
2345 2685 2391 2742 si
2421 2687 2488 2742 ab
2515 2688 2620 2744 illis
2652 2689 2970 2745 traditiones
2995 2689 3323 2762 pietatisque
3364 2691 3572 2748 doctri-

2010 2791 2136 2834 nam
2169 2785 2430 2834 tenemus.

2079 3041 2168 3097 48.
2195 3042 2375 3098 Talem
2409 3044 2571 3113 igitur
2591 3043 2812 3100 Patrum
2842 3045 3012 3102 fuisse
3039 3059 3274 3106 mentem
3303 3050 3572 3119 dicamus,

2009 3135 2424 3206 credamusque.
2465 3136 2578 3206 Age
2609 3151 2740 3191 vero
2771 3154 2990 3194 rursum
3021 3155 3144 3194 cum
3179 3141 3286 3197 illis
3317 3158 3428 3198 rem
3460 3145 3575 3214 pla-

2007 3226 2126 3280 cide
2153 3237 2206 3281 et
2239 3227 2383 3282 bono
2416 3229 2600 3283 animo
2631 3229 2993 3298 inquiramus,
3023 3231 3197 3300 deque
3225 3249 3388 3302 supra
3411 3233 3572 3292 dictis

2007 3319 2337 3374 mentionem
2397 3319 2906 3376 faciamuszannon
2971 3338 3158 3378 revera
3210 3325 3572 3382 demonstrari

2007 3409 2178 3476 possit
2229 3409 2511 3480 episcopos
2530 3409 2721 3465 Nicaeae
2741 3421 3097 3482 congregatos
3127 3421 3271 3466 recte
3295 3413 3533 3468 sensisse
3551 3415 3574 3468 τ

2009 3499 2065 3553 Si
2105 3499 2334 3554 Verbum
2371 3509 2454 3555 est
2489 3517 2576 3555 res
2608 3500 2749 3556 facta
2770 3542 2785 3568 ,
2831 3511 2884 3556 et
2913 3503 3148 3558 alienum
3178 3519 3208 3556 a
3243 3501 3420 3560 Patris
3442 3505 3574 3558 sub-

2008 3594 2225 3658 stantia,
2251 3593 2323 3647 ita
2346 3603 2454 3649 uta
2484 3593 2638 3650 Patre
2655 3603 2984 3665 segregetur,
3011 3595 3120 3648 imo
3146 3610 3209 3650 ea
3231 3597 3572 3666 separatione

2007 3700 2128 3754 qua:
2159 3701 2189 3738 a
2224 3686 2536 3742 diversitate
2563 3695 2771 3742 natura:
2805 3688 3181 3756 proliciscatur
3202 3726 3215 3750 ,
3246 3686 3396 3744 Patri
3423 3697 3570 3744 certe

2005 3777 2468 3833 consubstantiale
2496 3793 2837 3848 nequaquam
2871 3777 3062 3842 fuerit;
3096 3779 3187 3834 sed
3217 3779 3397 3848 potius
3422 3781 3571 3849 ejus-

2006 3868 2126 3924 dem
2159 3876 2384 3932 naturae,
2422 3868 2578 3938 cujus
2611 3881 2696 3922 res
2731 3867 2910 3931 factm,
2941 3867 3042 3924 etsi
3075 3868 3183 3922 illis
3216 3869 3386 3938 gratia
3420 3878 3566 3924 ante-

2006 3962 2180 4016 cellat.
2214 3959 2368 4027 Quod
2393 3961 2438 4015 si
2464 3960 2820 4018 conﬁteamur
2840 3976 2964 4016 eum
2994 3976 3101 4015 non
3124 3975 3247 4016 esse
3271 3959 3569 4030 op'ilicium,

2006 4055 2098 4108 sed
2134 4054 2419 4126 genuinam
2447 4069 2514 4107 ex
2560 4051 2736 4106 Patris
2789 4053 3092 4107 substantia
3120 4052 3348 4124 prolem,
3373 4068 3570 4108 conse-

2005 4159 2177 4214 quens
2207 4159 2338 4198 sane
2369 4143 2531 4198 fuerit
2561 4160 2684 4199 eum
2715 4145 3131 4214 inseparabilem
3165 4160 3288 4200 esse
3321 4159 3352 4198 a
3387 4143 3570 4210 Patre,

2005 4252 2129 4290 cum
2188 4237 2260 4290 sit
2285 4236 2528 4306 ejusdem
2567 4247 2773 4294 naturae
2797 4277 2812 4303 ,
2865 4246 3050 4306 utpote
3099 4238 3167 4292 ab
3203 4238 3295 4292 illo
3333 4238 3572 4310 genitus.

2006 4325 2152 4382 Talis
2183 4337 2362 4382 autem
2385 4343 2506 4382 cum
2543 4327 2645 4394 sit,
2675 4327 2797 4396 jure
2825 4328 3305 4384 consubstantialis
3333 4329 3569 4384 dicatur.

2005 4417 2208 4474 Deinde
2239 4419 2286 4472 si
2309 4434 2416 4472 non
2452 4433 2515 4472 ex
2545 4419 2958 4488 participatione
2983 4418 3152 4474 Filius
3180 4428 3282 4486 est,
3314 4418 3409 4474 sed
3440 4419 3572 4474 sub-

333 4522 480 4574 ὲστὶν
504 4521 699 4586 όΥῐός,
739 4521 873 4576 ἀλλὰ
909 4523 974 4593 τῇ
1002 4521 1158 4593 οὐσία
1205 4522 1376 4590 Λόγος
1424 4523 1540 4575 ἐστὶ
1601 4523 1692 4575 καὶ
1737 4520 1902 4589 Σοφία

2011 4511 2206 4566 stantia
2243 4509 2358 4580 ipsa
2405 4509 2639 4564 Verbum
2669 4517 2750 4564 est
2794 4519 2847 4563 et
2894 4509 3170 4578 Sapientia
3211 4508 3428 4565 Patris:
3457 4511 3572 4568 haec

332 4615 424 4668 τοῦ
459 4614 747 4686 Πατρὸς,ή
781 4615 836 4667 δὲ
873 4613 1031 4666 οὐσία
1065 4611 1203 4684 αὕτη
1230 4613 1330 4684 τῆς
1366 4613 1554 4676 οὐσίας
1583 4612 1681 4682 τῆς
1704 4628 1900 4683 πατρι-

331 4709 434 4778 κῆς
485 4709 599 4760 ἐστι
623 4708 865 4778 γέννημα
895 4708 988 4760 καὶ
1013 4705 1264 4776 ὁμοιότης
1292 4705 1481 4775 αὐτῆς,
1516 4704 1703 4777 ὥσπερ
1728 4705 1822 4758 καί⁵
1843 4703 1904 4758 τό

333 4799 675 4871 ἀπαύγασμα
696 4799 788 4852 τοῦ
812 4798 1004 4870 φωτός·
1036 4797 1182 4867 λέγει
1208 4797 1264 4851 δὲ
1293 4801 1321 4850 ό
1341 4798 1488 4863 Υίὸς,
1524 4817 1542 4848 ι
1591 4797 1730 4868 Ἐγὼ
1762 4798 1852 4850 καὶ
1874 4798 1904 4849 ό

333 4891 526 4962 Πατὴρ
553 4891 614 4944 ἓν
642 4891 863 4961 ὲσμεν,›
899 4891 1012 4955 καὶ,
1051 4907 1070 4940 ι
1128 4887 1186 4941 Ὀ
1224 4888 1324 4960 ἐμὲ
1351 4887 1609 4959 ἑωρακὼς
1656 4889 1768 4960 (40)
1798 4887 1900 4941 ἑώ-

337 5002 470 5056 ρακε
493 4983 584 5037 τὸν
613 4982 884 5054 Πατέρα-ι
917 4981 1034 5044 πῶς
1067 4981 1146 5034 δεῖ
1167 4983 1306 5034 νοεῖν
1333 4980 1536 5044 ταύτας
1558 4980 1656 5044 τὰς
1688 4981 1898 5048 φωνάςς

331 5075 364 5146 ἢ
405 5076 523 5138 πῶς
547 5073 715 5136 αὐτὰς
767 5073 1228 5143 ἐκλαμϐάνοντες,
1274 5073 1518 5143 σώσομεν
1575 5070 1636 5124 τό
1669 5071 1726 5124 ἓν
1767 5069 1902 5125 εῖναι

403 5187 450 5218 ⁵⁸
479 5184 636 5240 Joan.
669 5200 726 5249 Χ,
759 5185 848 5240 50.
926 5184 972 5215 ⁸⁸
1005 5183 1161 5238 Joan.
1189 5200 1301 5247 xxv,
1328 5183 1381 5238 9.

403 5299 516 5370 (55)
551 5300 750 5370 Regius
783 5309 838 5356 et
877 5297 1022 5354 Felc.
1057 5300 1113 5365 5,
1150 5298 1460 5366 ἀγέννητον.
1504 5291 1647 5362 Editi
1691 5307 1820 5350 vero
1849 5303 1904 5350 et

333 5371 444 5436 alii,
473 5371 755 5440 ἀγένητον.

428 5441 520 5503 54)
546 5439 754 5512 llegius
775 5439 974 5512 codex,
992 5439 1119 5512 ἔχῃ.

427 5512 518 5580 55)
546 5504 960 5580 ΙιοἘειοΚηιιιιι.
991 5504 1121 5563 5Ϊῶ
1147 5507 1311 5580 editis
1332 5514 1386 5560 ct
1411 5504 1550 5568 aliis,
1575 5504 1702 5568 τούς
1726 5505 1897 5580 deest.

405 5577 520 5650 (56)
551 5581 626 5633 lta
653 5579 817 5650 editio
836 5577 1265 5650 Commeliniana
1301 5585 1354 5650 et_
1380 5591 1570 5630 omnes
1599 5577 1900 5630 manuscri-

335 5647 442 5722 pti.
466 5647 643 5722 Editio
675 5647 1218 5722 Parisiensivaooiiv,
1251 5647 1409 5722 male.
1434 5715 1449 5722 _
1653 5699 1698 5722 _,

406 5721 519 5788 (57)
546 5719 714 5788 Editi,
749 5719 972 5788 ἐκεῖνον.
1009 5717 1210 5788 Regius
1231 5715 1706 5788 etiFfelckmanat’i,
1734 5723 1899 5788 recte,

339 5783 576 5854 ἐκείνους
613 5787 834 5844 habent.
857 5785 996 5840 'Nam
1030 5783 1268 5856 loquitur
1295 5786 1383 5841 hic
1411 5787 1476 5842 de
1503 5783 1753 5840 Patribus
1791 5785 1901 5839 An—

653 5885 928 5946 Pnnon.
969 5885 1086 5945 Gn.
1119 5883 1350 5945 XXVI.

2004 4613 2186 4658 autem
2223 4600 2559 4666 substantia,
2609 4609 2846 4668 paterna:
2891 4601 3208 4656 substantiae
3236 4601 3377 4656 fetus
3403 4613 3487 4656 est
3515 4613 3572 4658 et

2003 4699 2122 4769 ejus
2157 4699 2476 4763 similitudo,
2504 4699 2663 4752 νυιιιιι
2699 4697 2955 4768 splendor
2975 4707 3059 4754 est
3087 4698 3384 4752 similitudo
3411 4699 3568 4766 lucis,

2004 4791 2279 4862 Filiusque
2306 4791 2474 4846 dicit:
2511 4809 2529 4842 ι
2561 4789 2672 4862 Ego
2716 4801 2769 4845 et
2807 4789 2965 4846 Pater
2999 4806 3168 4844 unum
3216 4806 3408 4846 sumus
3429 4791 3510 4858 ⁸⁹;
3545 4811 3564 4844 ι
3623 4805 3632 4815 ·

2003 4895 2056 4940 et
2083 4903 2096 4938 :
2138 4905 2156 4938 ι
2192 4883 2294 4952 Qui
2321 4885 2454 4938 vidit
2479 4899 2588 4950 me,
2619 4883 2751 4939 vidit
2776 4893 2830 4938 et
2857 4883 3068 4937 Patrem
3094 4884 3138 4914 ⁶⁰
3164 4900 3178 4948 ;
3217 4901 3236 4934 ι
3297 4886 3570 4952 quomodo

2004 4978 2086 5032 ha:
2109 4993 2268 5034 voces
2297 4977 2654 5048 intelligendas
2675 4976 2840 5031 sunt?
2864 4984 2956 5029 aut
2983 4991 3088 5045 qua
3117 4985 3294 5029 mente
3317 4990 3410 5028 eas
3434 4976 3574 5029 acci—

2002 5071 2231 5140 pientes,
2253 5068 2468 5124 Patrem
2491 5079 2544 5125 et
2561 5069 2758 5124 Filium
2776 5082 2943 5121 unum
2963 5082 3083 5122 esse
3103 5065 3409 5120 tuebimur?
3431 5065 3566 5121 Nam

2003 5289 2289 5348 tiochenis.
2321 5303 2352 5342 a
2383 5288 2584 5357 quibus
2629 5286 2704 5340 ait
2745 5283 3042 5357 rerisimile
3085 5299 3192 5338 non
3233 5297 3354 5357 esse
3385 5297 3568 5336 vocem

2001 5359 2284 5430 όμοούσιον
2301 5355 2564 5430 absolute
2599 5365 2654 5411 et
2709 5355 2914 5422 absque
2951 5355 3060 5408 ulla
3097 5355 3418 5422 exceptione
3449 5369 3574 5421 pro~

2004 5428 2263 5500 scriptam
2292 5428 2482 5500 fuisse.
2746 5495 2758 5500 _
2971 5491 3008 5500 _
3037 5493 3062 5500 r_
3095 5493 3106 5500 -
3385 5449 3392 5456 .

2074 5491 2188 5586 (58)
2223 5498 2460 5586 ιτειειὲι
2491 5491 3194 5586 spessime“;{illis
3223 5493 3336 5559 ³¹ίίι
3369 5509 3575 5565 μνημο-

2074 5513 2188 5586 (ὔδ)
2223 5513 2366 5552 r'elc.
2399 5513 2454 5560 ο,
2491 5513 2934 5618 ἓνημονευοντες.
2967 5513 3108 5546 nutu
3132 5513 3194 5548 ει

2003 5585 2311 5629 νευσαντες.
2343 5565 2462 5620 Mox
2535 5563 2802 5618 elckman.
2827 5563 2880 5625 5,
2903 5561 3198 5616 δείκνυται.

2075 5639 2188 5711 (59)
2221 5636 2424 5704 Regius
2453 5634 2658 5711 cpdex_.
2699 5637 2734 5711 6_
2761 5633 3085 5711 μονογενής..
3115 5631 3372 5711 Ἐριρῖηε,
3415 5649 3575 5703 μονα-

2002 5702 2180 5782 γενῄςξ
2197 5702 2432 5782 tantum.
2441 5704 2572 5782 _Mox
2607 5703 2807 5782 Regius
2838 5705 3046 5782 c_odex._
3064 5702 3416 5782 ὑπερῆάλλει.

2072 5772 2182 5850 (ω)
2213 5775 2386 5830 Editio
2415 5772 2972 5829 Commelﬁmcndosc
3028 5772 3303 5842 ἑωρακάς.

3156 5869 3238 5931 25
