3966 6226
433 362 541 423 779

993 356 1051 412 S.
1096 350 1472 410 ATHANASII
1514 349 1667 408 OPP.
1708 347 1889 405 PARS
1926 345 1968 401 Ι.
2010 375 2082 390 -
2117 341 2490 401 HISTORICA
2529 339 2617 396 ET
2658 340 3081 397 DOGMATICA.

3555 342 3662 398 780

433 481 480 537 si
509 479 581 534 ob
601 475 913 547 dogmatum
941 486 1268 528 consensum
1296 509 1311 536 ,
1339 478 1394 527 et
1419 470 1564 541 quod
1594 466 1755 523 Pater
1792 482 1824 521 a
1854 465 1989 519 Filio

2093 462 2184 516 τὸν
2217 461 2437 534 Πατέρα
2471 461 2566 514 καὶ
2601 461 2693 513 τὸν
2726 459 2890 525 Υίόν;
2929 461 2991 512 El
3020 459 3119 530 μὲν
3145 446 3236 513 οὖν
3262 461 3330 530 τῇ
3377 460 3666 532 συμφωνία

432 584 541 626 non
572 565 879 630 dissentiat,
907 572 965 618 ut
988 564 1175 619 dicunt
1201 562 1409 626 Ariani,
1434 575 1601 630 prava
1623 573 1755 614 sane
1777 565 1860 612 est
1884 556 1998 611 haec

431 655 767 727 intelligendi
799 653 960 707 ratio.
1015 651 1225 706 Etenim
1255 650 1470 716 sancti,
1519 656 1574 704 et
1613 647 1784 702 multo
1824 645 1997 715 magis

429 749 604 819 angeli
635 755 689 802 et
715 743 1023 816 archangeli
1049 784 1064 811 ,
1107 742 1422 812 hujusmodi
1458 741 1662 796 habent
1709 753 1836 794 cum
1885 736 1996 793 Deo

428 853 780 904 consensum,
812 850 913 892 nec
941 835 1048 890 ulla
1073 834 1213 904 apud
1237 835 1386 904 ipsos
1417 841 1500 889 est
1527 831 1832 898 dissensio;
1870 843 1995 884 nam

426 933 521 1001 qui
555 931 762 986 discors
788 927 891 983 fuit
914 926 1197 993 diabolus,
1228 940 1259 980 e
1293 925 1434 980 coelo
1472 923 1670 980 cadere
1701 922 1852 978 visus
1889 929 1994 986 est,

427 1030 488 1076 ut
515 1022 591 1075 ait
618 1019 900 1075 Dominus.
935 1016 992 1073 Si
1023 1031 1152 1088 ergo
1183 1017 1254 1072 ob
1279 1030 1609 1072 consensum
1636 1013 1797 1068 Pater
1823 1022 1878 1068 ct
1905 1011 1995 1066 Fi-

425 1110 534 1167 lius
563 1126 730 1166 unum
767 1118 933 1176 sunt,
985 1109 1147 1164 etiam
1190 1107 1404 1178 opiﬁcia
1452 1121 1574 1176 quae
1611 1105 1684 1159 ita
1733 1120 1853 1159 cum
1886 1103 1993 1158 Deo

427 1202 797 1269 consentient,
828 1214 996 1255 unum
1028 1212 1153 1253 cum
1182 1213 1248 1253 eo
1280 1196 1518 1263 fuerint,
1549 1209 1782 1264 quorum
1819 1193 1992 1262 quod-

426 1307 530 1362 que
553 1293 731 1347 dicere
757 1290 968 1360 possit:
1001 1307 1019 1340 ι
1050 1287 1160 1358 Ego
1189 1295 1244 1342 et
1285 1285 1444 1341 Pater
1493 1301 1662 1339 unum
1717 1299 1928 1339 sumus.
1965 1301 1984 1334 ι

427 1385 582 1452 Quod
612 1385 657 1441 si
685 1382 978 1438 absurdum
1013 1381 1115 1436 hoc
1151 1381 1261 1442 sit,
1290 1387 1351 1434 ut
1377 1394 1566 1434 revera
1593 1385 1716 1443 est,
1766 1391 1991 1431 necesse

425 1478 642 1532 demum
676 1474 837 1530 fuerit
865 1473 987 1527 Filii
1029 1481 1082 1526 et
1139 1470 1316 1525 Patris
1361 1469 1623 1523 unitatem
1691 1465 1988 1522 secundum

427 1566 784 1622 substantiam
808 1563 1127 1634 intelligere.
1150 1559 1260 1616 Res
1284 1558 1445 1614 factae
1471 1558 1614 1612 enim
1639 1557 1990 1626 quantumvis

424 1673 548 1712 cum
581 1658 772 1726 opiﬁce
799 1671 899 1712 suo
921 1667 1246 1710 consensum
1273 1652 1508 1705 habeant
1538 1668 1551 1703 :
1584 1658 1731 1704 motu
1759 1657 1988 1712 tantum,

423 1749 868 1819 participatione,
900 1756 954 1801 et
983 1754 1162 1800 mente
1202 1758 1327 1799 eum
1365 1741 1604 1807 habent,
1658 1757 1819 1810 quem
1862 1755 1986 1794 cum

2097 553 2205 606 τῶν
2225 552 2528 623 δογμάτων,
2569 551 2662 604 καὶ
2693 549 2772 620 τῷ
2806 551 2894 621 μὴ»
2932 549 3214 618 διαφωνεῖν
3247 549 3384 620 πρὸς
3421 549 3515 602 τὸν
3557 551 3666 604 Πα-

2094 643 2248 715 τέρα,
2283 644 2359 708 ὡς
2413 645 2462 698 oi
2521 643 2785 714 Ἀρειανοὶ
2826 641 3060 710 λέγουσι,
3113 640 3314 708 φαῦλος
3361 641 3390 692 6
3429 639 3666 704 τοιοῦτος

2094 735 2238 799 νοῦς.
2271 736 2384 788 Kal:
2429 734 2538 805 7&9
2589 734 2684 787 καὶ
2706 735 2754 786 οἱ
2782 732 2926 801 ἅγιοι
2949 733 3080 802 (41),
3106 733 3200 784 καὶ
3232 730 3430 802 μᾶλλόν
3458 748 3521 799 γε
3565 732 3663 800 ἆγ-

2093 829 2240 897 γελοι
2278 828 2372 881 καὶ
2393 825 2739 899 ἀρχάγγελοι,
2771 825 2868 896 τὴν
2892 824 3144 895 τοιαύτην
3190 823 3372 894 έχουσι
3401 822 3537 894 πρὸς
3574 822 3662 876 τὸν

2093 919 2226 973 Θεὸν
2269 919 2606 990 συμφωνίαν,
2639 917 2734 970 καὶ
2765 915 2986 986 οὐδεμία
3027 917 3156 986 παρ’
3185 917 3364 978 αὐτοῖς
3392 916 3506 968 ὲστι
3544 915 3659 968 δια-

2093 1010 2285 1077 φωνία.
2339 1009 2399 1061 Ὀ
2456 1007 2563 1079 γὰρ
2593 1005 2934 1075 διαφωνήσας
2968 1004 3210 1068 διάϐολος
3247 1003 3529 1076 ὲθεωρήθη
3572 1006 3659 1058 πί-

2094 1116 2239 1152 πτων
2269 1099 2334 1153 ὲκ
2369 1097 2474 1152 τῶν
2499 1097 2762 1170 οὐρανῶν,
2809 1097 2884 1161 ὡς
2929 1092 3078 1152 εἶπεν
3123 1098 3151 1151 6
3199 1095 3420 1167 Κύριος.
3453 1096 3658 1151 Οὐκοῦύ

2093 1191 2141 1243 εί
2168 1190 2254 1244 διὰ
2281 1190 2377 1262 τὴν
2412 1190 2727 1262 συμφωνίαν
2758 1191 2816 1244 ἓν
2848 1192 2993 1244 ἐστιν
3017 1192 3045 1243 6
3070 1188 3257 1260 Πατὴρ
3313 1188 3408 1242 καὶ
3428 1190 3458 1242 6
3509 1186 3653 1254 Υἱὸς,

2091 1281 2176 1352 είη
2205 1280 2270 1335 ἂν
2296 1282 2388 1336 καὶ
2418 1281 2527 1335 τῶν
2549 1283 2793 1355 γενητῶν
2829 1281 2898 1336 τὰ
2928 1280 3318 1352 συμφωνοῦντα
3345 1279 3486 1334 οὕτω
3525 1283 3656 1353 πρὸς

2089 1371 2181 1424 τὸν
2215 1370 2368 1438 Θεὸν,
2403 1371 2497 1426 καὶ
2527 1371 2668 1425 εἴποι
2707 1373 2773 1427 ἂν
2810 1372 3057 1436 ἕκαστος·
3101 1390 3121 1424 ι
3165 1369 3306 1440 Ἐγὼ
3353 1372 3446 1426 καὶ
3491 1374 3520 1425 6
3547 1373 3657 1428 Πα-

2089 1461 2192 1533 τὴρ
2224 1462 2281 1515 ἓν
2336 1464 2521 1533 ἐσμεν.
2546 1481 2564 1515 ι
2623 1464 2688 1517 Et
2726 1463 2783 1516 δὲ
2836 1463 2995 1517 τοῦτο
3052 1463 3270 1518 ἄτοποψ
3315 1463 3513 1517 ἄτοπον
3551 1465 3656 1536 γάρ

2090 1553 2235 1604 ἐστιν
2262 1550 2496 1622 άληθῶς·
2523 1551 2732 1622 ἀνάγκη
2762 1552 2946 1606 λοιπὸν
2996 1551 3137 1606 κατά
3167 1553 3264 1624 τὴν
3295 1553 3480 1606 οὐσίαν
3520 1558 3657 1608 νοεῖν

2090 1641 2181 1694 καὶ
2207 1640 2306 1712 τὴν
2338 1640 2468 1693 Υἱοῦ
2500 1640 2594 1693 καὶ
2655 1640 2863 1710 Πατρὸς
2901 1639 3144 1709 ἑνότητα.
3174 1639 3255 1693 Τά
3305 1640 3402 1710 μὲν
3424 1641 3528 1711 γὰρ
3562 1657 3654 1707 γε-

2089 1731 2225 1802 νητὰ
2263 1730 2362 1784 κᾶν
2394 1731 2710 1801 συμφωνίαν
2742 1730 2840 1803 ἔχῃ
2873 1731 3008 1802 πρὸς
3031 1731 3122 1784 τὸν
3164 1732 3518 1802 πεποιηκότα,
3543 1732 3655 1785 ἀλλ’

423 1839 513 1894 ille
540 1854 650 1892 non
681 1844 972 1898 servasset,
998 1834 1202 1905 eiectus
1226 1848 1293 1887 ex
1318 1830 1456 1886 coelo
1479 1841 1579 1886 est.
1606 1829 1777 1885 Filius
1806 1839 1981 1883 autem

2093 1823 2144 1875 ὲν
2167 1822 2376 1892 κινήσει
2425 1823 2518 1876 καὶ
2584 1823 2844 1893 μετουσίᾳ
2893 1821 2988 1875 καὶ
3035 1820 3111 1892 νῷ
3168 1821 3370 1893 ταύτην
3401 1821 3536 1892 ἔχει,
3564 1823 3656 1892 ἧν-

422 1945 546 1985 cum
581 1929 652 1984 sit
681 1945 748 1983 ex
782 1925 1085 1982 substantia
1112 1924 1274 1991 fetus,
1296 1922 1602 1978 substantia
1628 1935 1844 1991 quoque
1874 1921 1990 1990 ipse

419 2029 492 2087 et,
523 2020 617 2092 qui
643 2018 829 2091 genuit
860 2031 1008 2081 eum,
1041 2014 1200 2070 Pater
1230 2029 1400 2069 unum
1431 2021 1581 2069 sunt.

491 2172 580 2227 49.
631 2169 996 2238 Quamobrem
1031 2167 1260 2224 vocibus
1311 2166 1571 2221 unitatem
1621 2163 1987 2219 indicantibus

419 2264 778 2340 aequalitatem
817 2277 940 2317 cum
967 2261 1128 2316 Patre
1163 2259 1367 2314 habere
1396 2256 1629 2320 dicitur,
1664 2263 1718 2310 et
1759 2255 1885 2308 hinc
1928 2254 1990 2307 [it

421 2369 481 2413 ut
520 2373 640 2428 quae
681 2355 845 2428 609
868 2355 934 2410 de
964 2349 1122 2408 Patre
1158 2348 1417 2406 dicuntur
1442 2389 1457 2414 ,
1507 2345 1697 2401 eadem
1737 2345 1804 2400 de
1849 2343 1986 2398 Filio

422 2449 714 2519 Scripturae
741 2453 988 2501 asserant
1013 2462 1027 2498 :
1051 2458 1113 2498 ea
1142 2449 1325 2496 tamen
1351 2436 1669 2508 exceptione
1720 2433 1865 2507 quod
1898 2433 1987 2488 ille

417 2540 577 2596 Pater
597 2540 831 2595 dicatur.
884 2536 1006 2607 ipse
1033 2535 1178 2591 enim
1206 2533 1378 2588 Filius
1404 2533 1516 2587 ait:
1560 2550 1579 2582 ι
1612 2528 1806 2584 Omnia
1839 2523 1987 2599 quai-

417 2649 633 2704 cunque
661 2633 826 2688 habet
851 2629 1033 2692 Pater,
1062 2643 1181 2682 mea
1212 2627 1401 2682 sunt“
1428 2643 1443 2691 ;
1477 2644 1496 2675 ι
1528 2622 1786 2692 Patrique
1814 2621 1980 2676 dixit:

422 2742 442 2778 ι
471 2723 664 2780 Omnia
689 2737 808 2778 mea
828 2763 844 2790 ,
872 2730 964 2776 tua
997 2727 1158 2784 sunt,
1190 2729 1243 2772 et
1266 2726 1357 2772 tua
1380 2730 1501 2770 mea
1514 2715 1579 2767 ⁸¹.
1615 2731 1634 2766 ›
1663 2711 1985 2781 Huiusmodi

415 2823 499 2872 est
525 2815 655 2870 illud
675 2855 690 2879 ,
720 2813 861 2868 Deus
889 2830 904 2867 :
929 2827 1055 2866 nam
1077 2850 1091 2875 ,
1125 2827 1143 2861 ι
1177 2808 1322 2863 Deus
1355 2815 1471 2860 erat
1500 2803 1737 2858 Verbum
1763 2802 1806 2834 "
1832 2819 1846 2868 ;
1884 2820 1903 2852 ι
1932 2809 1986 2856 et

415 2905 570 2970 illud,
601 2903 994 2973 Omnipotens:
1028 2919 1046 2953 ι
1081 2899 1208 2955 Haec
1234 2899 1366 2954 dicit
1393 2897 1487 2967 qui
1517 2905 1621 2960 est,
1646 2903 1700 2950 et
1723 2894 1816 2964 qui
1845 2900 1981 2957 erat,

413 3004 470 3050 et
512 2995 605 3065 qui
639 3003 902 3049 venturus
932 3000 1014 3047 est
1065 2989 1419 3059 Omnipotens
1441 2987 1487 3018 “
1513 3003 1527 3052 ;
1554 3005 1573 3039 ι
1638 2995 1693 3039 et
1736 2983 1879 3054 quod
1913 2984 1983 3038 sit

415 3087 508 3141 lux
543 3103 556 3139 :
593 3103 613 3136 ι
642 3083 754 3156 Ego
774 3099 917 3150 sum,
948 3103 966 3134 ι
1002 3081 1197 3151 inquit,
1235 3099 1252 3130 ι
1285 3078 1472 3145 lux";
1507 3096 1526 3130 ι
1557 3076 1700 3146 quod
1734 3077 1804 3130 sit
1831 3089 1983 3130 crea-

2091 1931 2195 1986 περ
2225 1914 2333 1984 (42)
2378 1917 2406 1968 6
2460 1914 2536 1986 μὴ
2576 1913 2813 1983 φυλάξας
2849 1913 3170 1984 ὲκ6έ6ληται
3231 1913 3339 1968 τῶν
3388 1913 3652 1984 οὐρανῶν·

2100 2005 2157 2058 Ὁ
2189 2006 2244 2058 δὲ
2274 2005 2399 2068 Υἱὸς
2438 2007 2500 2059 ὲκ
2559 2005 2659 2075 τῆς
2702 2006 2887 2068 οὐσίας
2941 2005 3015 2058 ὣν
3063 2005 3339 2076 γέννημα,
3390 2005 3548 2076 οὐσία
3598 2005 3655 2058 ἓν

2089 2097 2234 2149 ἐστιν
2267 2095 2375 2166 (45)
2408 2095 2566 2160 αὐτὸς
2592 2097 2683 2150 καὶ
2703 2097 2731 2150 6
2755 2097 3018 2167 γεννήσας
3052 2093 3212 2148 αὐτόν
3243 2097 3452 2167 Πατήρ.

2156 2183 2245 2237 49.
2271 2183 2370 2236 Διὰ
2396 2183 2553 2236 τοῦτο
2583 2185 2690 2255 7&9
2746 2187 2841 2238 καὶ
2885 2185 2947 2238 τὸ
2997 2185 3177 2247 ίσὰςον
3227 2183 3338 2254 ἔχει
3397 2183 3534 2254 πρὸς
3565 2183 3653 2236 τὸν

2087 2276 2303 2350 Πατέρα
2325 2277 2445 2339 ταῖς
2474 2276 2725 2330 ὲνοειδέσι
2751 2278 2974 2346 φωναῖς,
3005 2276 3099 2329 καὶ
3120 2275 3186 2330 τὰ
3217 2278 3308 2329 ἐπὶ
3330 2275 3422 2328 τοῦ
3444 2275 3653 2346 Πατρὸς

2085 2367 2370 2438 λεγόμενα,
2393 2366 2565 2420 ταῦτα
2626 2368 2720 2420 καὶ
2739 2369 2831 2420 ἐπὶ
2871 2367 2999 2421 Υίοῦ
3031 2367 3276 2435 λέγουσιν
3316 2368 3372 2420 αἱ
3419 2367 3650 2436 Γραφαὶ,

2087 2460 2252 2533 χωρὶς
2283 2460 2438 2532 μόνον
2472 2457 2583 2530 (44)
2619 2458 2712 2513 τοῦ
2768 2458 3016 2528 λέγεσθαι
3042 2458 3199 2514 αὐτὸν
3219 2458 3454 2530 Πατέρα.
3485 2458 3654 2518 Αὐτὸς

2085 2552 2194 2624 7&9
2225 2548 2375 2606 εἶπεν
2398 2553 2426 2604 6
2460 2551 2604 2614 Υίὸς·
2645 2570 2664 2603 ι
2701 2550 2906 2619 Πάντα,
2954 2551 3053 2604 ὅσα
3087 2551 3196 2621 ἔχει
3233 2553 3260 2604 6
3305 2549 3510 2621 Πατὴρ,
3548 2549 3656 2620 ἐμά

2086 2646 2253 2698 ἐστι’»
2287 2643 2363 2714 τῷ
2387 2660 2445 2696 τε
2472 2641 2648 2713 Πατρὶ
2678 2641 2850 2710 ἔλεγε·
2897 2662 2914 2693 ι
2946 2643 3127 2696 Πάντα
3163 2641 3230 2694 τὰ
3282 2641 3388 2711 ὲμὰ
3424 2641 3494 2693 σά
3519 2643 3652 2702 ἐστι,

2085 2734 2263 2789 καὶτὰ
2289 2735 2356 2788 σὰ
2383 2735 2544 2802 ἐμὼ»
2581 2727 2689 2786 οἷον
2720 2734 2800 2798 τὸ,
2829 2733 2979 2797 Θεός.
3025 2753 3042 2785 ι
3068 2732 3198 2797 Θεὸς
3217 2751 3234 2784 ι
3269 2732 3376 2803 7&9
3407 2729 3513 2802 (45)
3553 2751 3569 2782 ι
3588 2727 3654 2801 ἦν

2083 2826 2110 2878 6
2142 2826 2358 2895 Λόγοςοι
2392 2826 2472 2889 τὸ,
2507 2825 2928 2896 Παντοκράτωρ·
2968 2844 2987 2875 ι
3028 2824 3160 2879 Τάδε
3189 2824 3334 2892 λέγει
3381 2826 3410 2876 6
3433 2823 3531 2886 ὢν,
3565 2823 3657 2876 καί

2082 2919 2110 2971 6
2141 2913 2228 2988 ἦν,
2261 2919 2400 2971 καὶὸ
2420 2918 2708 2989 ἐρχόμενος
2734 2920 2761 2970 6
2791 2915 3239 2987 Πάντοκράτωροι
3259 2916 3317 2969 τὸ
3346 2912 3480 2968 εἶναι
3521 2915 3652 2983 φῶς

2088 3025 2109 3058 ι
2148 3007 2288 3076 Ἐγώ
2319 3009 2485 3077 είμι,ι
2519 3007 2671 3078 φησὶ,
2703 3025 2720 3057 ι
2756 3005 2817 3058 τὸ
2843 3007 2977 3075 φῶς·
3006 3025 3026 3059 ι
3067 3005 3127 3058 τὸ
3154 3005 3540 3076 δημιουργικὸν
3569 3007 3653 3058 αῖ-

2083 3115 2213 3154 τιον·
2271 3119 2289 3152 ι
2323 3101 2506 3153 Πάντα
2564 3099 2672 3171 γὰρ
2731 3097 2799 3151 δι’
2830 3097 2993 3152 αὐτοῦ
3054 3099 3288 3168 ἐγένετοο
3331 3117 3350 3150 ι
3398 3099 3509 3159 καὶ,
3540 3117 3558 3148 ι
3591 3100 3654 3150 Ἀ

410 3177 521 3230 trix
544 3171 1128 3237 causa,nam,c0mnia
1151 3187 1246 3243 per
1269 3171 1445 3240 ipsum
1465 3169 1606 3224 facta
1632 3178 1760 3224 sunt
1777 3169 1841 3234 °°,
1866 3187 1884 3218 ι
1905 3175 1978 3231 et,

2093 3189 2263 3259 βλέπω
2295 3189 2385 3242 τὸν
2429 3190 2646 3259 Πατέρα
2681 3187 2955 3254 ποιοῦντα,
2988 3188 3161 3243 ταῦτα
3191 3188 3344 3257 κάγὼ
3370 3188 3560 3242 ποιῶῚ
3595 3187 3656 3240 τὸ

417 3285 439 3319 ι
456 3266 594 3334 Quae
613 3267 768 3321 video
788 3265 1004 3320 Patrem
1030 3264 1332 3328 facientcm,
1355 3264 1470 3318 haec
1498 3270 1553 3317 et
1580 3277 1679 3333 ego
1701 3261 1843 3316 facio
1861 3262 1934 3328 ‘7;
1958 3280 1976 3310 ι

417 3357 563 3429 quod
616 3359 688 3413 sit
746 3365 1025 3413 aeternus:
1057 3375 1076 3407 ι
1113 3353 1450 3426 Sempiterna
1480 3374 1499 3408 ι
1529 3355 1674 3410 enim
1711 3373 1729 3405 ι
1768 3368 1985 3423 quoque

415 3450 536 3518 ejus
560 3451 730 3504 virtus
761 3457 816 3504 et
848 3447 1103 3504 divinitas
1125 3447 1192 3512 ⁸⁸,
1225 3465 1244 3498 ι
1304 3456 1378 3512 et,
1423 3465 1442 3499 ι
1476 3444 1535 3500 ιιι
1570 3445 1839 3516 principio
1868 3453 1986 3499 erat

419 3541 655 3597 Verbum
675 3541 754 3609 ”;
794 3559 814 3594 ι
849 3549 922 3608 et,
955 3559 974 3592 ι
1001 3538 1131 3594 Erat
1159 3539 1253 3593 lux
1282 3554 1406 3593 vera
1430 3553 1552 3608 qua:
1582 3537 1850 3592 illuminat
1869 3553 1986 3591 om-

419 3649 539 3689 nem
560 3632 846 3688 "hominem
877 3632 1181 3686 venientem
1213 3629 1270 3684 in
1295 3629 1556 3684 mundum
1578 3629 1622 3660 "°
1649 3646 1665 3692 ;
1700 3646 1719 3679 ι
1747 3629 1890 3698 (ιιιοό
1915 3629 1986 3684 sit

418 3723 682 3778 Dominus
717 3740 731 3752 -
776 3739 794 3773 ι
821 3720 964 3775 Pluit
990 3720 1133 3774 enim
1169 3718 1433 3773 Dominus
1461 3717 1641 3788 ignem
1669 3726 1722 3772 et
1755 3718 1987 3788 sulphur

418 3830 448 3869 a
503 3813 734 3869 Domino
755 3814 800 3848 ιι
830 3829 846 3880 ;
878 3830 898 3865 ι
934 3820 988 3866 et
1011 3809 1171 3867 Pater
1210 3811 1427 3881 quidem
1463 3810 1539 3864 ait
1571 3828 1584 3864 :
1621 3829 1641 3862 ι
1669 3809 1779 3880 Ego
1802 3809 1988 3865 Domi-

419 3923 522 3962 nus
545 3909 590 3940 "
615 3948 630 3975 ,
664 3925 683 3958 ι
720 3914 802 3972 et,
853 3903 1026 3960 c‘Htec
1057 3904 1188 3960 dicit
1234 3904 1497 3958 Dominus
1544 3902 1686 3958 Deus
1735 3903 1986 3973 omnipo-

419 3998 643 4064 tens";
677 4017 695 4049 ι
723 3997 789 4052 de
825 3995 962 4051 Filio
995 4005 1176 4050 autem
1245 3995 1422 4065 inquit
1454 3992 1658 4050 Paulus
1708 4013 1722 4048 :
1780 4013 1799 4046 ι
1834 3994 1987 4050 Unus

421 4088 686 4145 Dominus
714 4088 871 4144 Jesus
898 4089 1166 4153 Christus,
1198 4103 1293 4157 per
1325 4102 1487 4157 quem
1517 4087 1702 4141 omnia
1720 4086 1790 4142 ".
1826 4105 1845 4138 ι
1881 4085 1986 4140 Pa-

419 4177 490 4230 tri
522 4178 832 4231 ministrant
856 4177 1040 4249 angeli
1069 4219 1083 4242 ,
1116 4175 1287 4231 Filius
1318 4185 1498 4231 autem
1531 4179 1596 4230 ab
1629 4176 1762 4246 ipsis
1794 4177 1989 4232 adora-

419 4276 546 4323 tur:
579 4287 597 4319 ι
627 4266 695 4322 Ει
722 4269 948 4324 adorent
971 4284 1094 4322 eum
1125 4283 1314 4323 omnes
1343 4268 1518 4339 angeli
1553 4267 1649 4336 Dei
1671 4269 1737 4322 ⁷⁵.
1772 4287 1792 4320 ›
1845 4269 1988 4324 Dici-

2082 3277 2219 3334 εἶναι
2243 3281 2428 3334 ἀΐδιον·
2470 3300 2488 3332 ι
2532 3279 2604 3332 Ἥ
2647 3296 2706 3332 τε
2744 3299 2763 3332 ι
2796 3281 2903 3351 γὰρ
2947 3298 2966 3331 ι
2996 3280 3161 3343 ἀΐδιος
3219 3279 3380 3332 αὐτοῦ
3434 3279 3658 3349 δύναμις

2082 3373 2176 3426 καὶ
2202 3372 2411 3444 θειότης
2435 3371 2567 3444 (46),
2593 3391 2610 3424 ι
2649 3372 2761 3437 καὶ,
2797 3391 2815 3422 ι
2839 3372 2925 3424 Ἐν
2951 3372 3091 3442 ἀρχῇ
3129 3367 3197 3442 ἦν
3222 3373 3250 3424 6
3275 3370 3500 3439 Λόγος,ι
3535 3371 3652 3435 καὶ,

2090 3484 2109 3517 ι
2148 3459 2255 3519 Ἦν
2284 3464 2344 3517 τὸ
2373 3462 2486 3534 φῶς
2513 3465 2572 3518 τὸ
2599 3464 2876 3537 ἀληθινὸν,
2916 3465 2944 3517 ὃ
2975 3465 3197 3534 φωτίζει
3243 3464 3420 3518 πάντα
3448 3463 3657 3534 ἀνθρω-

2083 3572 2185 3608 πον
2214 3555 2504 3627 ἐρχόμενον
2546 3557 2626 3619 εἰς
2678 3554 2769 3607 τὸν
2807 3551 3028 3624 κόσμον·
3056 3571 3074 3604 ι
3123 3551 3185 3605 τὸ
3233 3548 3370 3605 εἶναι
3431 3553 3652 3622 Κύριος·

2091 3663 2109 3696 ι
2154 3643 2379 3715 Ἐὗρεξε
2426 3644 2534 3715 γὰρ
2557 3643 2758 3714 Κύριος
2787 3642 2926 3696 θεῖον
2970 3643 3063 3696 καὶ
3087 3640 3198 3712 πῦρ
3221 3641 3370 3713 παρὰ
3391 3642 3650 3714 Κυρίου-ι

2085 3736 2179 3792 καὶ
2203 3739 2230 3790 6
2272 3737 2369 3807 μὲν
2399 3737 2586 3808 Πατήρ
2621 3752 2800 3807 φησιν·
2840 3754 2858 3787 ι
2882 3734 3022 3803 Ἐγὼ
3047 3733 3301 3805 Κύριος.»
3332 3734 3447 3798 καὶ,
3466 3751 3485 3783 ι
3515 3733 3652 3788 Τάδε

2085 3827 2229 3895 λέγει
2262 3826 2464 3897 Κύριος
2503 3826 2530 3877 6
2556 3826 2687 3889 Θεὸς
2721 3825 2833 3898 (47)
2882 3828 2910 3878 6
2959 3825 3403 3896 παντοκράτωρ»
3445 3825 3571 3895 περὶ
3599 3823 3656 3876 δὲ

2085 3917 2178 3970 τοῦ
2221 3911 2353 3970 Υἱοῦ
2399 3920 2427 3970 6
2477 3917 2685 3982 Παῦλός
2737 3934 2917 3988 φησιν·
2981 3937 3000 3970 ι
3046 3915 3142 3981 Εἷς
3188 3917 3390 3988 Κύριος
3452 3916 3654 3988 Ἰησοῦς

2085 4005 2334 4079 Χριστὸς,
2370 4007 2435 4060 δι’
2465 3999 2526 4060 οὐ
2552 4006 2620 4060 τὰ
2666 4008 2891 4061 πάντα.»
2933 4008 3044 4060 Καὶ
3096 4006 3174 4078 τῷ
3228 4007 3325 4078 μὲν
3359 4007 3533 4077 Πατρὶ
3558 4007 3658 4060 λει-

2085 4100 2404 4172 τουργοῦσιν
2433 4100 2670 4168 ἄγγελοι⁸
2696 4101 2723 4152 6
2755 4099 2810 4151 δὲ
2845 4098 2971 4162 Υἱός
3001 4101 3380 4170 προσκυνεῖται
3408 4100 3534 4168 παρ’
3563 4098 3656 4150 αὐ-

2086 4189 2213 4242 τῶν·
2250 4207 2267 4239 ι
2306 4187 2412 4241 Καὶ
2444 4188 2979 4260 προσκυνησάτωσαν
3011 4187 3158 4257 αὐτῷ
3191 4189 3391 4251 πάντες
3438 4187 3657 4256 ἄγγελοι

2087 4275 2274 4330 Θεοῦ.»
2314 4277 2542 4346 Λέγεται
2568 4277 2625 4330 δὲ
2663 4273 2801 4332 εἶναι
2827 4277 2937 4349 (48)
2994 4279 3088 4331 καὶ
3145 4277 3347 4349 Κύριος
3390 4276 3656 4347 ἀγγέλων·

421 4366 509 4411 tur
543 4357 705 4412 etiam
739 4374 860 4414 esse
887 4358 1161 4413 “Dominus
1193 4358 1530 4429 angelorum,
1571 4373 1717 4427 nam,
1754 4378 1773 4410 ι
1797 4359 1988 4428 Angeli

2095 4387 2113 4420 ι
2151 4369 2437 4439 Διηκόνουν
2477 4388 2495 4419 ι
2534 4367 2641 4439 γὰρ
2673 4388 2690 4419 ι
2735 4367 2882 4439 αὐτῷ
2919 4369 2967 4421 οί
2997 4367 3265 4438 ἄγγελον»
3304 4368 3417 4432 καὶ,
3444 4387 3462 4418 ι
3497 4369 3656 4420 Ἀπο-

420 4449 806 4504 ministrabant
859 4450 908 4505 ei
929 4451 1018 4515 ⁷⁶;
1061 4469 1079 4500 ι
1114 4457 1206 4516 et,
1266 4470 1292 4502 4
1327 4450 1499 4505 Mittet
1531 4451 1704 4506 Filius
1749 4451 1987 4506 hominis

2093 4459 2267 4512 στελεῖ
2294 4461 2322 4512 6
2353 4459 2480 4522 Υἱός
2511 4459 2600 4513 τοῦ
2631 4459 2914 4532 ἀνθρώπου
2959 4461 3084 4523 τοὺς
3126 4458 3387 4528 ἀγγέλους
3420 4458 3604 4512 αὐτοῦ·
3633 4477 3652 4510 ι

417 4540 638 4606 angelos
699 4554 831 4593 suos
854 4540 941 4606 7';
980 4558 999 4592 ι
1033 4541 1178 4610 quod
1239 4542 1534 4596 honoretur
1590 4541 1732 4597 sicut
1778 4541 1978 4596 Pater:

2093 4551 2143 4603 τό
2167 4551 2425 4622 τιμᾶσθαι
2457 4551 2532 4616 ὡς
2553 4552 2642 4604 τόν
2669 4530 2904 4623 Πατέρα’
2943 4571 2961 4603 ι
2987 4553 3102 4604 Ἵνα
3137 4571 3154 4602 ι
3191 4553 3320 4622 γὰρ,
3340 4553 3492 4622 φησὶ,
3533 4569 3552 4601 ι
3579 4567 3660 4602 τι-

423 4648 444 4682 (
473 4628 543 4684 Ut
577 4649 596 4682 ι
620 4672 634 4696 ,
670 4629 862 4699 inquit,
901 4649 919 4682 ι
951 4631 1307 4686 honorificem
1335 4629 1558 4696 Filium,
1591 4632 1733 4686 sicut
1763 4631 1987 4687 honori-

417 4725 581 4777 ﬁcant
615 4721 838 4776 Patrem
859 4722 925 4779 ⁷⁸.
966 4741 985 4774 ι
1051 4721 1207 4788 Quod
1241 4723 1311 4779 sit
1341 4724 1566 4793 aequalis
1614 4721 1725 4778 Deo
1760 4741 1773 4777 :
1815 4743 1833 4774 ι
1865 4720 1984 4778 Non

488 4833 530 4864 ε¹
569 4832 732 4888 Joan.
761 4849 875 4896 xvr,
907 4834 995 4889 15.
1072 4834 1116 4866 θ’
1154 4833 1314 4890 Joan.
1343 4851 1476 4898 xvu,
1505 4835 1593 4889 l0.
1669 4835 1715 4867 ⁸³
1755 4834 1913 4890 Joan.
1951 4852 1988 4901 ι,
2027 4839 2074 4891 i-

1675 4906 1718 4937 θ’
1758 4905 1918 4961 Joan.
1975 4923 2009 4970 ι,
2065 4909 2112 4962 1.

417 4945 470 5027 ις
503 4975 593 5051 λι
632 4945 1024 5041 ᾱὲπῖῗὶίῦἷιξὶζ
1101 4976 1147 5007 τι
1179 4945 1365 5030 rex:
1401 4945 1608 5042 suis.
1684 4945 1934 5031 "11's.;
1966 4945 1988 5030 .·

2099 4951 2112 4962 ·
2161 4983 2210 5015 τε
2248 4945 2437 5039 Mss:
2468 4945 2545 5049 7;,
2583 4945 2671 5039 u;
2713 4945 3325 5051 ‘13"..3;a;f;;,.,af

416 4903 470 4957 5.
577 4904 618 4935 ⁸⁷
660 4903 818 4958 Joan.
847 4920 901 4968 v,
932 4905 1019 4958 l9.
1121 4906 1166 4937 ⁸⁸
1206 4907 1365 4959 Rom.
1403 4921 1444 4968 ι,
1476 4905 1567 4960 20.

417 5062 472 5113 ν,
499 5045 590 5100 25.

491 5161 602 5234 (tl)
626 5159 850 5234 Eelc._5,
879 5162 972 5234 ita).
999 5161 1107 5234 7&9
1134 5163 1182 5216 οί
1211 5162 1454 5231 ἄγγελοι,
1484 5162 1645 5234 male.

491 5229 602 5304 (42)
638 5229 729 5304 Sic
753 5229 896 5304 F_elc.
931 5233 983 5304 ἓξ,
1011 5229 1196 5304 recte.
1214 5229 1352 5287 Editi
1385 5241 1439 5287 et
1468 5233 1667 5304 ueteri,
1695 5232 1903 5304 ὥσπερ.

489 5299 599 5372 (45)
646 5299 736 5372 Sic
772 5300 912 5356 Felc.
941 5303 994 5357 5.
1018 5301 1074 5355 In
1115 5303 1276 5358 editis
1305 5318 1456 5364 vero,
1485 5303 1660 5356 καὶὲν
1695 5305 1829 5356 ἐστι.
1852 5299 1984 5358 ibid.

417 5370 659 5445 Felclsm.
691 5371 762 5445 ὅ,
786 5372 846 5445 έν
887 5373 1004 5445 ἐστι
1043 5373 1382 5445 γεννήσαντα
1425 5373 1589 5426 αὐτὸν
1621 5374 1842 5445 Πατέρα
1868 5377 1988 5436 ταῖς

419 5441 632 5505 ένοειδ.,
656 5441 876 5496 omissis
901 5441 1249 5500 quibusdam.

423 5510 607 5631 vos“)
648 5508 740 5567 Sic
767 5510 1006 5566 Felckm.
1036 5512 1089 5565 5.
1124 5511 1194 5565 At
1221 5512 1350 5566 editi
1369 5521 1422 5567 et
1453 5512 1632 5568 caeteri
1660 5512 1861 5567 habent
1891 5515 1986 5585 μό-

493 5646 622 5722 (45)
644 5645 852 5722 Regius
879 5650 1070 5722 codeg,
1098 5651 1208 5722 Καὶ
1235 5651 1366 5716 Θεὸς
1399 5652 1527 5722 γάρ.
1563 5651 1687 5706 Mox
1716 5652 1895 5708 Felck.
1927 5654 1980 5718 3,

2095 4635 2238 4706 μῶσι
2264 4638 2355 4690 τόν
2377 4637 2523 4702 Υίόν,
2561 4637 2740 4701 καθὼς
2768 4639 2967 4710 τιμῶσι
2996 4639 3086 4692 τὸν
3131 4638 3400 4712 Πατέρα-ι
3439 4639 3499 4692 τὸ
3519 4637 3658 4694 εἶναι

2093 4727 2185 4780 ίσα
2217 4728 2356 4800 Θεῷ’
2393 4747 2411 4780 ι
2434 4730 2544 4800 Οὐχ
2582 4730 2691 4801 (49)
2731 4728 3020 4802 ἁρπαγμόν
3055 4733 3293 4803 ἡγήσατο
3318 4731 3378 4784 τὸ
3407 4727 3543 4786 εῖναι
3569 4733 3656 4785 ῐσα

2187 4843 2232 4874 ⁸³
2270 4842 2441 4911 Apoc.
2475 4860 2514 4908 ι,
2548 4843 2601 4898 8.

2219 4914 2262 4944 ’⁷ο
2302 4915 2433 4967 ibid.
2465 4914 2518 4968 9.

2715 4844 2760 4876 ⁸⁵
2800 4843 2959 4899 Joan.
2991 4861 3110 4912 vm,
3141 4845 3227 4900 12.
3341 4847 3386 4878 ⁸⁸
3421 4846 3582 4900 Joan.
3615 4861 3650 4907 ι,

2628 4915 2672 4946 ⁷¹
2713 4913 2847 4970 Gen.
2883 4931 2995 4978 nx,
3027 4915 3118 4969 24.
3223 4918 3268 4947 ⁷²
3308 4915 3537 4971 Malach.
3569 4931 3650 4977 ιιι,

2628 4985 2671 5039 Ι.
2744 4986 2786 5018 ⁷⁷
2829 4984 3020 5040 Matth.
3055 5001 3206 5041 xxiv.
3235 4986 3325 5040 51.
3415 4988 3460 5019 ⁷⁸
3497 4985 3648 5041 Joan.

3586 5101 3618 5127 κ

2091 5166 2404 5236 ἐρχόμενος.

2101 5282 2106 5288 .
2162 5235 2274 5306 (46)
2294 5234 2391 5310 _lt_a
2418 5234 2703 5310 legitunin
2734 5233 2898 5310 [legio
2915 5247 3003 5310 _et_
3041 5237 3109 5310 _in
3145 5237 3334 5310 Graeco
3365 5237 3654 5310 scriptura:

2091 5305 2262 5359 textu.
2291 5305 2455 5371 Editi,
2487 5307 2581 5358 καὶ
2613 5307 2645 5377 ἡ
2680 5305 2886 5377 θεότης.
2915 5305 3225 5363 Fclckman.
3252 5307 3306 5376 5,
3339 5309 3432 5363 κα)¹
3463 5305 3653 5381 ﬂeue-

2087 5391 2274 5513 τηῗὶῖ)
2325 5443 2383 5496 Ὁ
2415 5443 2548 5508 Θεός
2574 5445 2726 5500 deest
2755 5445 2807 5498 in
2839 5445 3074 5502 Felckm.
3109 5448 3161 5501 5.

2158 5513 2268 5584 (48)
2311 5513 2402 5587 Sic
2431 5513 2667 5587 Felckm.
2700 5516 2734 5569 5
2767 5515 2989 5587 Regius,
3014 5519 3244 5587 Λέγεται
3295 5517 3458 5574 εἶναι.
3489 5519 3652 5582 Ειιὶι..

2087 5581 2326 5654 Λέγεται
2341 5583 2449 5654 7&9
2479 5581 2638 5640 εἶναι.

2163 5653 2275 5729 (69)
2316 5653 2516 5725 Regius
2549 5656 2738 5724 codex,
2767 5655 2855 5710 ἴσα
2887 5657 3034 5729 Θεῷ·
3071 5657 3130 5711 τὺ
3158 5654 3297 5712 εἶναι
3334 5659 3413 5724 ἐξ,
3439 5660 3656 5715 omissis

422 5716 556 5785 16,6
578 5716 994 5789 Παντοκράτωρ.
1024 5719 1191 5774 Paulo
1221 5724 1385 5789 posui
1405 5716 1555 5777 deest
1585 5723 1640 5779 in
1669 5722 1836 5795 Regio
1862 5716 1987 5779 ante

2094 5716 2313 5779 mediis.
