3966 6226
307 309 405 364 781

1707 296 1794 354 DE
1833 297 2144 356 SYRODIS.

3421 300 3529 360 789.

307 423 474 495 Θεῷ·ι
504 421 565 502 τὸ
589 416 725 477 εἶναι
751 420 810 486 ἐξ
839 419 1093 493 ἀληθινοῦ
1119 418 1395 490 ἀλήθειαν,
1426 416 1518 471 καὶ
1574 418 1638 470 ὲκ
1673 415 1870 480 ζῶντος

1985 416 2215 485 rapinam
2251 413 2542 470 arbitratus
2570 424 2654 470 est
2679 430 2801 471 esse
2832 431 2891 472 se
2938 418 3198 486 aequalem
3246 414 3354 472 Deo
3375 419 3420 451 ⁷³
3435 393 3462 469 ἰ
3505 436 3524 472 ι

309 515 471 586 ζωὴν,
504 515 580 576 ὡς
609 512 741 566 .ὰπὸ
783 513 963 581 πηγῆς
1011 509 1176 574 ὗντως
1244 509 1352 580 (50)
1410 508 1504 561 τοῦ
1539 505 1766 578 Πατρός,
1806 505 1868 558 τὸ

308 606 585 670 ζωοποιεῖν
612 603 703 657 τὸν
735 602 860 656 Υίὸν
894 601 986 656 καὶ
1007 601 1236 672 ἐγείρειν
1263 601 1389 662 τοὺς
1417 600 1642 670 νεκροὺς
1681 597 1868 666 ὥσπερ

308 697 335 751 6
366 684 589 768 Πατήρ·
630 695 770 748 οὕτω
805 694 914 766 γὰρ
969 695 1026 746 ὲν
1072 693 1148 764 τῷ
1181 691 1495 762 Εὐαγγελίῳ
1540 690 1866 760 γέγραπται.

309 787 416 841 Καὶ
445 786 573 858 περὶ
625 785 724 856 μὲν
753 784 848 838 τοῦ
904 782 1116 854 Πατρὸς
1163 782 1488 856 γέγραπται·
1544 798 1564 832 ι
1611 779 1812 850 Κύριος
1843 780 1872 831 6

310 875 440 941 Θεὸς
471 894 585 940 σου,
620 874 822 947 Κύριος
869 869 948 938 εἷς
979 876 1113 926 ἐστι·
1141 892 1160 925 ι
1207 871 1318 936 καὶ,
1371 890 1388 923 ι
1427 871 1558 934 Θεὸς
1589 869 1723 924 θεῶν
1755 868 1868 924 Κύ-

315 985 426 1040 ριος
455 966 701 1038 ὲλάλησε,
750 964 842 1019 καὶ
875 964 1098 1018 ἐκάλεσε
1158 961 1255 1033 τὴν
1281 961 1402 1031 γῆν·
1434 979 1453 1012 ι
1500 959 1626 1030 περὶ
1664 957 1721 1011 δὲ
1776 957 1870 1011 τοῦ

311 1058 440 1112 Υἱοῦ
489 1057 619 1122 Θεὸς
671 1056 893 1130 Κύριος,
954 1053 1067 1119 καὶ,
1108 1072 1127 1106 ι
1163 1053 1455 1123 Ἐπέφανεν
1505 1054 1656 1122 ἡμῖν,
1699 1069 1716 1101 ι
1757 1049 1870 1113 καὶ,

315 1169 334 1201 ι
368 1147 692 1220 ὐφθήσεται
737 1150 765 1200 6
791 1146 922 1210 Θεὸς
977 1145 1086 1199 τῶν
1121 1143 1257 1197 θεῶν
1315 1145 1374 1196 ὲν
1425 1141 1593 1195 Σιών·
1631 1160 1648 1192 ι
1712 1140 1873 1193 πάλιν

308 1257 366 1293 τε
395 1239 506 1311 (51)
548 1238 672 1312 περὶ
707 1237 805 1310 μὲν
835 1236 928 1291 τοῦ
977 1234 1110 1289 Θεοῦ
1143 1252 1305 1307 φησιν
1353 1236 1382 1286 6
1425 1233 1666 1295 Ἡσαΐας⁶
1724 1250 1744 1283 ι
1780 1230 1875 1294 Τίς

308 1332 458 1397 Θεὸς,
484 1331 672 1401 ὥσπερ
710 1331 798 1395 σύ,
843 1328 1073 1400 ἐξαίρων
1110 1327 1357 1398 ἀνομίας,
1391 1324 1484 1379 καὶ
1538 1323 1876 1396 ὑπερϐαίνων

309 1423 554 1488 ὰδικίαςς
599 1441 616 1474 ι
654 1424 682 1474 6
716 1408 772 1474 δὲ
813 1419 938 1483 Υἱὸς
970 1418 1155 1486 ἔλεγεν
1183 1412 1266 1480 οἷς
1316 1415 1525 1488 ἧθελεψ
1571 1434 1590 1467 ι
1641 1413 1878 1483 Ἀφέωνο

307 1514 396 1568 ταί
431 1530 525 1566 σου
555 1514 609 1566 αἱ
660 1511 921 1584 ἁμαρτίαι
949 1509 1094 1582 (52)’
1131 1526 1151 1561 ι
1188 1509 1276 1562 ὅτε
1320 1507 1413 1562 καὶ
1457 1507 1565 1562 τῶν
1611 1506 1877 1562 Ἰουδαίων

309 1601 701 1674 γογγυζὸντων,
733 1601 878 1673 ἔργῳ
909 1599 1010 1672 τὴν
1061 1599 1251 1668 ἄφεσιν
1288 1598 1546 1665 ἐδείκνυε,
1599 1597 1772 1667 λέγων
1802 1596 1879 1667 τῷ

309 1693 682 1766 παραλυτικῷ·
719 1712 738 1744 ι
775 1693 1043 1764 Ἔγειραι,
1074 1688 1206 1762 ἆρον
1257 1691 1349 1745 τὸν
1403 1688 1716 1760 κράϐϐατὸν
1759 1705 1873 1754 σου,

1967 507 2112 577 quod
2130 506 2200 561 sit
2219 520 2282 559 ex
2303 520 2432 560 vero
2451 506 2669 572 veritas,
2684 523 2751 562 ex
2769 508 2983 563 vivente
3001 510 3128 575 vita,
3151 519 3210 564 ut
3229 512 3320 580 qui
3345 526 3532 566 revera

1967 613 2035 654 ex
2061 597 2235 654 Patris
2267 597 2414 652 fonte
2436 599 2769 654 emanaverit
2793 619 2806 654 :
2834 602 2979 670 quod
3010 600 3180 655 Filius
3212 603 3442 656 viviticet
3476 609 3532 655 et

1969 687 2195 744 suscitet
2239 696 2485 743 mortuos
2520 690 2662 742 sicut
2689 687 2879 756 Pater,
2921 689 2995 744 ita
3029 690 3173 743 enim
3229 690 3424 760 legitur
3473 692 3527 745 in

1969 779 2277 851 Evangelia.
2307 779 2374 835 Et
2397 781 2463 835 de
2493 779 2654 835 Patre
2677 781 2892 851 quidem
2924 783 3187 850 scriptum
3215 791 3298 836 est
3327 801 3338 835 :
3375 800 3394 832 ι
3435 781 3532 836 Do-

1969 874 2152 930 minus
2173 873 2316 928 Deus
2340 883 2486 938 tuus,
2515 888 2656 927 unus
2680 872 2941 928 Dominus
2966 882 3048 927 est
3067 873 3113 903 ⁸ο
3142 889 3156 937 ;
3185 892 3203 924 ι
3224 882 3310 927 et:
3349 891 3367 923 ε
3388 872 3531 927 Deus

1970 962 2194 1016 deorum
2229 959 2489 1016 Dominus
2515 960 2728 1016 locutus
2751 970 2854 1027 est,
2873 969 2926 1015 et
2950 962 3160 1018 vocavit
3182 962 3475 1027 terram“;
3509 983 3526 1014 ι

1971 1049 2038 1104 de
2064 1051 2201 1106 Filio
2223 1060 2425 1117 autem,
2461 1071 2479 1102 ι
2505 1051 2645 1107 Deus
2669 1051 2931 1108 Dominus
2945 1063 2998 1107 et
3019 1053 3194 1107 illuxit
3221 1053 3378 1108 nobis
3399 1053 3444 1085 θ’
3467 1095 3477 1108 .
3510 1072 3528 1104 ι

1971 1152 2044 1207 et,
2081 1161 2100 1193 ‹
2129 1143 2405 1197 Videbitur
2432 1143 2570 1198 Deus
2597 1144 2820 1198 deorum
2850 1144 2904 1197 in
2936 1143 3066 1197 Sion
3090 1143 3157 1196 ⁸³.
3185 1163 3203 1194 ι
3227 1142 3291 1196 Ει
3313 1159 3530 1198 rursum

1973 1233 2041 1288 de
2071 1232 2181 1287 Deo
2209 1234 2424 1303 quidem
2457 1233 2532 1287 ait
2561 1233 2730 1288 lsaias
2758 1251 2771 1287 :
2805 1252 2822 1284 ι
2848 1231 2982 1299 Quis
3013 1233 3189 1296 Deus,
3231 1242 3292 1286 ut
3324 1241 3402 1295 tu,
3432 1231 3534 1286 tol-

1972 1324 2092 1381 lens
2125 1324 2472 1394 iniquitates,
2506 1334 2559 1378 et
2588 1339 2851 1394 superans
2878 1325 3172 1394 injustitias
3203 1325 3288 1378 3‘?
3314 1345 3333 1377 ι
3364 1323 3536 1379 Filius

1972 1430 2102 1470 vero
2148 1414 2396 1479 dicebat,
2441 1415 2639 1484 quibus
2691 1416 2891 1484 placuit
2941 1417 3041 1485 ipsi
3077 1433 3090 1468 :
3123 1434 3142 1467 ι
3177 1415 3537 1471 Dimittuntur

1973 1505 2072 1560 tibi
2103 1513 2323 1575 peccata
2351 1514 2442 1560 tua
2466 1506 2514 1537 ⁸⁵
2539 1523 2551 1559 :
2593 1524 2612 1556 ι
2639 1520 2750 1575 quo
2785 1513 3021 1576 tempore
3050 1504 3254 1561 Iudaeis
3281 1522 3534 1561 murmu-

1975 1598 2258 1663 rantibus,
2297 1612 2460 1666 opere
2510 1597 2658 1652 illam
2708 1597 3087 1652 remissionem
3135 1599 3532 1668 comprobavit.

1977 1687 2163 1743 dicens
2219 1687 2516 1758 paralytieo
2545 1707 2557 1742 :
2593 1706 2612 1738 ‹
2639 1687 2844 1758 Surge,
2876 1689 3000 1743 tolle
3038 1689 3325 1756 grabatum
3355 1698 3535 1751 tuum,

310 1790 401 1843 καὶ
446 1787 628 1855 ὕπαγε
663 1789 742 1850 εἰς
773 1787 862 1840 τὸν
895 1783 1039 1840 οἶκόν
1073 1804 1186 1841 σου.
1223 1806 1243 1839 ι
1307 1785 1416 1842 Καὶ
1457 1783 1584 1856 περὶ
1623 1785 1722 1855 μὲν
1778 1781 1873 1836 τοῦ

1985 1784 2028 1831 et
2053 1777 2188 1831 vade
2213 1777 2268 1830 in
2302 1777 2521 1830 domum
2563 1785 2713 1831 tuam
2737 1777 2804 1831 ⁸⁸.
2839 1795 2858 1828 ι
2911 1777 2984 1830 De
3008 1777 3118 1832 Deo
3148 1793 3367 1848 quoque
3397 1778 3538 1832 dixit

310 1879 443 1932 Θεοῦ
473 1878 658 1948 ἔλεγεν
687 1878 797 1949 (55)
849 1879 878 1930 6
905 1877 1138 1941 Παῦλος·
1199 1896 1218 1930 ι
1277 1877 1368 1948 Τῷ
1411 1878 1469 1931 δὲ
1522 1877 1731 1947 βασιλεῖ
1769 1875 1879 1929 τῶν

311 1970 541 2026 αἰώνων·
577 1989 596 2022 ι
647 1969 774 2040 περὶ
824 1969 881 2022 δὲ
914 1969 1004 2022 τοῦ
1056 1967 1185 2023 Υίοῦ
1229 1970 1258 2022 6
1291 1969 1387 2039 μὲν
1427 1968 1588 2022 Δαϐὶδ
1629 1967 1876 2038 ἔψαλλενο

316 2081 334 2115 ι
374 2064 576 2135 ’Δρατε
609 2062 800 2127 πύλας,
833 2064 882 2115 οἱ
905 2062 1179 2134 ἄρχοντες,
1233 2060 1385 2131 ὐμῶν
1419 2059 1552 2131 (54),
1579 2060 1673 2114 καὶ
1709 2059 1880 2131 ἐπάρ-

311 2155 461 2226 θητε,
485 2155 650 2210 πύλαι
679 2154 904 2219 αἱώνιοι,
935 2155 1030 2208 καὶ
1054 2152 1416 2208 εἰσελεύσεται
1443 2156 1472 2206 6
1495 2153 1746 2223 βασιλεὺς
1777 2154 1880 2222 τῆς

312 2249 520 2320 δόξηςοι
561 2250 590 2302 6
621 2248 676 2301 δὲ
706 2247 904 2317 Δανιὴλ
932 2247 1180 2316 ἧκουσεν⁸
1241 2264 1259 2297 ι
1297 2246 1363 2298 Ἡ
1421 2245 1664 2314 βασιλεία
1712 2243 1878 2298 αὐτοῦ

316 2339 558 2409 βασιλεία
583 2337 848 2403 αἰώνιος,ι
877 2336 989 2400 καὶ,
1018 2356 1037 2388 ι
1085 2336 1152 2390 Ἥ
1187 2335 1431 2407 βασιλεία
1461 2334 1625 2389 αὐτοῦ
1669 2335 1728 2388 οὐ
1765 2334 1880 2388 δια-

315 2431 668 2503 φθαρήσεται.
694 2449 713 2482 )
756 2428 864 2483 Καὶ
892 2428 1029 2492 ὅλως
1049 2428 1148 2481 ὅσα
1177 2427 1242 2481 ἂν
1273 2426 1450 2497 εὕροις
1482 2427 1609 2497 περὶ
1644 2424 1736 2478 τοῦ
1770 2426 1882 2478 Πα-

315 2522 440 2593 τρὸς
477 2521 764 2591 λεγόμενα,
788 2518 1024 2573 τοσαῦτα
1052 2517 1117 2572 ἂν
1149 2517 1330 2589 εὕροις
1361 2517 1454 2571 καὶ
1486 2518 1612 2586 περὶ
1644 2515 1735 2570 τοῦ
1752 2515 1882 2568 Υίοῦ

314 2610 601 2682 λεγόμενα,
629 2610 794 2683 χωρὶς
823 2610 980 2683 μόνου
1005 2608 1098 2663 τοῦ
1131 2606 1269 2664 εἶναι
1307 2608 1466 2663 αὐτὸν
1499 2608 1736 2680 Πατέρα,
1786 2624 1885 2660 κα-

318 2704 492 2774 θάπερ
520 2704 753 2775 εἴρηται.

389 2795 477 2849 50.
501 2795 564 2847 El
587 2793 685 2865 μὲν
716 2793 809 2846 οὐν
863 2792 1026 2862 ἄλλην
1061 2792 1232 2862 ἀρχὴν
1280 2790 1589 2862 ἐνθυμεῖταί
1631 2806 1734 2855 τις,
1792 2789 1885 2843 καὶ

317 2886 474 2939 ἄλλον
504 2883 726 2955 Πατέρα
750 2883 835 2936 διὰ
853 2883 912 2936 τὸ
947 2881 1126 2947 ἰσάζον
1151 2882 1260 2936 τῶν
1300 2882 1625 2953 λεγομένων,
1664 2882 1886 2953 μανικὸν

316 2978 376 3030 τὸ
398 2976 709 3047 ὲνθύμημαυ
736 2977 784 3028 εί
809 2974 865 3028 δὲ
892 2975 980 3028 διὰ
1031 2974 1094 3027 16
1128 2976 1190 3027 ὲκ
1229 2971 1324 3028 τοῦ
1379 2975 1589 3044 Πατρὸς
1621 2967 1757 3026 εἶναι
1795 2971 1886 3026 τὸν

319 3070 464 3134 Υἰδν,
491 3069 670 3123 πάντα
689 3065 758 3119 τὰ
785 3064 874 3119 τοῦ
916 3067 1146 3138 Πατρὸς,
1199 3064 1277 3128 ὡς
1316 3066 1374 3121 ὲν
1401 3066 1566 3118 εικόνι
1597 3067 1690 3118 καὶ
1711 3082 1883 3136 χαρα-

319 3159 480 3230 κτῆρι
509 3155 603 3210 τοῦ
649 3152 778 3208 Υἱοῦ
835 3155 971 3217 ὲστι,
1020 3151 1359 3226 λογισώμεθα
1384 3153 1493 3226 (55)
1544 3153 1804 3225 εὐμενῶς,
1834 3171 1860 3206 ε

321 3253 443 3322 ξένη
474 3250 631 3304 οὐσία
657 3251 754 3320 τῆς
775 3247 868 3302 τοῦ
896 3245 1108 3319 Πατρὺς
1135 3245 1319 3310 οὐσίας
1342 3245 1562 3318 δεκτικὴ
1579 3246 1688 3300 τῶν
1713 3245 1884 3299 τοιού-

319 3362 424 3399 των
451 3344 586 3398 ἐστί’
629 3344 722 3397 καὶ
759 3344 807 3395 εἰ
836 3343 866 3394 6
883 3340 1118 3405 τοιοῦτος
1140 3340 1431 3412 ἑτεροφυὴς
1463 3341 1556 3394 καὶ
1580 3338 1886 3411 ἀλλοτριού-

323 3437 434 3500 σιὸς
468 3435 577 3505 (56)
602 3437 738 3498 ἐστι,
788 3433 884 3487 καὶ
925 3433 1024 3503 οὐχ
1069 3431 1348 3503 ὁμοούσιος
1389 3431 1470 3502 τῷ
1496 3431 1688 3504 Πατρί.
1713 3431 1886 3484 Εὐλα-

322 3530 511 3602 ϐητέον
545 3528 652 3599 γὰρ
675 3526 749 3597 μὴ
775 3526 841 3580 τὰ
874 3523 967 3578 τοῦ
998 3523 1210 3595 Πατρὸς
1241 3523 1347 3577 ἴδια
1382 3523 1770 3594 μεταφέροντες
1795 3524 1888 3575 ἐπὶ

321 3618 378 3672 16
419 3617 818 3688 ἀνομοιοούσιον
839 3614 1005 3685 αὐτῷ,
1030 3615 1122 3668 καὶ
1173 3616 1230 3667 ἐν
1252 3615 1622 3684 ἀνομοιογενεϊ
1654 3614 1748 3667 καὶ
1793 3612 1887 3666 ἁλ-

322 3709 664 3783 λοτριοουσίῳ
703 3706 1188 3780 χαρακτηρίζοντες
1239 3705 1338 3776 τὴν
1379 3703 1471 3758 τοῦ
1530 3704 1741 3776 Πατρὸς
1774 3702 1885 3774 (57)

324 3802 572 3873 Θεὸτητα,
603 3800 758 3869 ξένην
791 3799 887 3870 μὲν
912 3798 1075 3868 ἄλλην
1113 3793 1411 3866 είσάξωμεν
1461 3795 1669 3861 οὐσίαν,
1707 3794 1887 3847 δεκτι-

324 3895 424 3966 κὴν
448 3894 559 3947 τῶν
594 3895 695 3964 τῆς
725 3889 945 3962 πρώτης
975 3888 1160 3950 οὐσίας
1192 3886 1512 3957 ἰδιωμάτων,
1536 3881 1887 3957 ἄπραπῶμεν

322 3987 378 4040 δὲ
406 3987 496 4039 ὑπ’
529 3983 693 4039 αὐτοῦ
714 3982 808 4036 τοῦ
840 3981 972 4034 Θεοῦ
1042 3981 1309 4049 λέγοντος·
1377 3997 1396 4030 r
1435 3978 1546 4050 Τὴν
1593 3977 1748 4041 δόξαν
1785 3995 1886 4048 μου

325 4079 493 4151 ἑτέρῳ
516 4078 576 4131 οὐ
603 4074 776 4130 δώσω·
811 4093 830 4127 ›
869 4073 962 4128 καὶ
989 4071 1299 4144 εὐρεθῶμεν
1350 4069 1780 4142 προσκυνοῦντες
1812 4068 1889 4140 τῷ

326 4170 607 4241 ἀλλοτρίῳ,
639 4167 732 4223 καὶ
760 4165 1101 4238 νομισθῶμεν
1153 4159 1290 4217 εἶναι
1337 4160 1588 4224 τοιοῦτοι,
1619 4159 1722 4214 οἶοι
1749 4157 1889 4232 ἦσαν

324 4263 372 4316 οἱ
403 4262 524 4316 τότε
564 4261 805 4314 Ἰουδαῖοι
858 4258 1124 4326 λέγοντες*
1181 4274 1199 4306 ι
1241 4253 1339 4308 Διὰ
1393 4253 1446 4306 τί
1479 4255 1568 4318 σὺ,
1609 4252 1891 4324 ἄνθρωπος

325 4355 418 4418 ὣν,
458 4355 630 4416 ποιεῖς
672 4351 892 4405 σεαυτὸν
947 4349 1058 4420 (58)
1114 4347 1274 4412 Θεόν;
1314 4364 1332 4396 ι
1381 4347 1468 4399 ὅτε
1523 4346 1634 4410 καὶ,
1680 4344 1750 4398 τὰ
1795 4344 1888 4397 τοῦ

1977 1865 2219 1922 Paulus:
2251 1884 2269 1918 ι
2301 1864 2433 1937 Regi
2464 1867 2783 1921 saeculorum
2802 1867 2847 1898 ⁸⁷
2879 1884 2892 1934 ;
2929 1886 2948 1918 ι
2979 1868 3047 1924 de
3070 1867 3207 1924 Filio
3226 1878 3406 1923 autem
3434 1869 3536 1921 Da-

1978 1953 2077 2028 vid
2091 1954 2316 2009 cecinit:
2349 1973 2368 2006 r
2392 1955 2633 2010 Attollite
2661 1963 2868 2024 portas,
2895 1957 3187 2026 principes,
3221 1965 3452 2023 vestras,
3485 1965 3539 2010 et

1976 2044 2296 2107 elevamini,
2337 2054 2505 2114 portae
2547 2047 2869 2109 aeternales,
2914 2056 2968 2102 et
2994 2048 3241 2102 introibit
3283 2047 3396 2102 Rex
3422 2049 3539 2118 gloo

1979 2135 2168 2202 riae“;
2202 2154 2220 2187 ι
2257 2134 2440 2190 Daniel
2476 2151 2604 2191 vero
2634 2137 2748 2193 haec
2782 2139 3025 2193 audivit:
3055 2159 3073 2190 ι
3105 2138 3349 2209 Regnum
3399 2139 3538 2209 ejus,

1977 2242 2202 2297 regnum
2234 2229 2620 2298 sempiternum
2647 2231 2726 2297 ⁸9,
2759 2249 2778 2282 ι
2821 2241 2909 2298 et,
2949 2250 2967 2282 ι
3001 2233 3244 2302 Regnum
3281 2232 3399 2300 ejus
3431 2248 3538 2286 non

1979 2329 2356 2389 corrumpetur
2377 2321 2443 2375 ὀ.
2478 2339 2498 2372 ι
2540 2320 2764 2376 Demum
2796 2338 3134 2393 quaecunque
3169 2325 3236 2379 de
3265 2323 3426 2379 Patre
3454 2324 3543 2379 di-

1979 2419 2065 2466 cta
2093 2412 2377 2482 repereris,
2415 2421 2495 2466 tot
2527 2421 2782 2483 tantaque
2811 2415 2878 2469 de
2905 2413 3041 2469 Filio
3070 2415 3213 2470 dicta
3241 2417 3544 2485 deprehen-

1981 2501 2097 2568 des,
2123 2517 2186 2557 ea
2214 2504 2388 2557 solum
2421 2505 2760 2574 exceptione,
2783 2506 2927 2575 quod
2954 2505 3070 2576 ipse
3094 2520 3204 2562 non
3249 2508 3320 2562 sit
3360 2507 3540 2574 Pater,

1984 2601 2043 2647 ut
2067 2595 2269 2650 dictum
2297 2598 2546 2665 superius
2575 2607 2674 2652 est.

2053 2792 2142 2847 50.
2182 2790 2236 2846 Si
2262 2793 2386 2862 quis
2426 2793 2592 2864 igitur
2633 2795 2779 2849 aliud
2813 2793 3139 2866 principium
3170 2805 3223 2851 et
3251 2796 3416 2850 alium
3443 2792 3544 2850 Pao

1984 2892 2122 2939 trem
2153 2885 2441 2955 excogitet,
2472 2901 2537 2940 eo
2572 2886 2718 2956 quod
2765 2886 2991 2956 aequalia
3026 2886 3136 2941 sint
3183 2902 3305 2956 qua:
3347 2887 3543 2941 dlcune

1985 2985 2094 3042 tur,
2141 2975 2394 3031 insanum
2439 2987 2586 3033 certe
2637 2977 2768 3033 illud
2829 2987 3215 3034 commentum.
3260 2978 3314 3032 Si
3361 2989 3542 3033 autem

1911 3115 1956 3177 ϐ
1987 3068 2114 3138 quia
2139 3067 2308 3124 Filius
2338 3084 2405 3124 ex
2429 3069 2588 3125 Patre
2615 3079 2718 3137 est,
2747 3071 2930 3125 omnia
2960 3086 3082 3140 qua:
3105 3069 3281 3124 Patris
3309 3083 3436 3126 sunt
3465 3073 3546 3140 (ut

1867 3155 1998 3206 lui

1985 3161 2040 3216 in
2069 3161 2304 3233 imagine
2335 3172 2390 3219 et
2420 3163 2753 3234 charactere)
2786 3161 2907 3217 Filii
2941 3173 3068 3218 sunt
3115 3178 3130 3215 :
3177 3178 3334 3233 aequo
3363 3164 3547 3218 animo

1985 3255 2308 3326 cogitemus,
2338 3272 2463 3310 num
2491 3257 2792 3311 substantia
2823 3256 2998 3311 aliena
3027 3273 3058 3311 a
3085 3255 3262 3310 Patris
3291 3256 3548 3312 substan‘

1985 3347 2078 3412 tia,
2133 3347 2439 3403 istiusmodi
2485 3363 2666 3403 rerum
2715 3363 2883 3418 capax
2924 3349 2994 3404 sit
3029 3361 3041 3400 :
3073 3357 3128 3403 et
3174 3349 3251 3412 si,
3285 3349 3376 3418 qui
3424 3348 3549 3402 talis

1984 3445 2088 3499 est,
2115 3438 2341 3493 diversa:
2363 3448 2591 3502 naturai,
2613 3449 2665 3493 ct
2690 3439 2878 3493 alienae
2906 3438 3222 3493 substantiae
3247 3439 3335 3503 sit,
3362 3446 3415 3492 et
3438 3453 3547 3492 n0n

1985 3528 2169 3598 potius
2205 3527 2355 3582 Patri
2387 3529 2888 3584 consubstantialis.
2927 3528 3239 3584 Cavendum
3283 3528 3448 3590 enim,
3481 3542 3550 3582 ne

1984 3634 2106 3688 qua:
2123 3618 2297 3674 Patris
2318 3620 2530 3690 propria
2567 3628 2692 3675 sunt
2725 3618 3104 3674 transferentes
3132 3619 3199 3673 ad
3220 3617 3371 3682 illud,
3407 3617 3548 3686 quod

1985 3712 2036 3766 ei
2081 3712 2385 3766 substantia
2436 3711 2703 3768 dissimile
2747 3721 2851 3776 est,
2882 3720 2934 3766 et
2968 3726 3036 3765 ne
3078 3711 3132 3765 in
3163 3725 3227 3765 eo
3258 3712 3351 3778 qui
3390 3709 3552 3763 dissi-

1988 3798 2133 3854 milis
2166 3809 2383 3869 natura,
2410 3811 2463 3856 et
2490 3803 2702 3858 alienus
2729 3803 3031 3858 substantia
3069 3813 3171 3868 est,
3203 3804 3379 3859 Patris
3408 3805 3548 3859 divi-

1987 3891 2210 3948 nitatem
2249 3893 2628 3965 designantes,
2667 3903 2980 3950 extraneam
3025 3897 3185 3952 aliam
3230 3897 3549 3952 inducamus

1989 3983 2371 4050 substantiam,
2413 3984 2603 4054 prima;
2633 3985 2948 4041 substantiae
2978 3987 3365 4056 proprietatum
3398 4003 3552 4057 rapa.-

1987 4089 2149 4129 cem:
2191 4075 2503 4144 pudoreque
2551 4073 2848 4129 aliieiamur
2890 4074 2959 4127 ab
2992 4075 3111 4144 ipso
3166 4074 3274 4129 Deo
3315 4075 3547 4140 dicente,

1994 4183 2013 4217 ι
2039 4164 2273 4220 Gloriam
2303 4179 2478 4219 meam
2507 4164 2660 4219 alteri
2691 4179 2798 4219 non
2831 4165 3081 4229 dabo",i
3103 4174 3156 4219 et
3187 4165 3548 4234 deprehenda-

1989 4272 2112 4312 mur
2157 4257 2390 4311 alienum
2437 4257 2700 4321 adorare,
2732 4257 2970 4326 talesque
3010 4257 3326 4322 habeamur,
3361 4260 3550 4327 quales

1991 4347 2119 4401 olim
2139 4346 2288 4402 fuere
2303 4346 2496 4412 Judaei,
2513 4347 2605 4416 qui
2629 4347 2844 4401 aiebant
2859 4365 2872 4399 :
2887 4348 3076 4418 610r
3102 4347 3279 4416 Quare
3298 4359 3374 4416 tu,
3389 4351 3556 4405 homo

328 4445 638 4515 Πνεύματος
702 4442 1124 4514 μεταφέροντες,
1178 4438 1558 4510 ἐϐλασφήμουν
1620 4437 1880 4506 λέγοντες,

1997 4453 2120 4492 cum
2147 4438 2243 4503 sis,
2277 4437 2410 4493 facis
2441 4438 2673 4507 teipsum
2705 4436 2872 4491 Deum
2901 4440 2989 4492 "1'
3019 4458 3039 4491 ι
3082 4455 3205 4494 cum
3238 4441 3314 4495 illi
3341 4457 3404 4496 ea
3433 4458 3556 4512 quae

327 4537 405 4590 ὅτι
447 4557 465 4588 r
521 4537 608 4590 Ἐν
635 4533 956 4600 Βεελζεϐοὐλ
986 4531 1234 4586 ἐκϐάλλει
1263 4531 1330 4584 τὰ
1379 4530 1646 4600 δαιμόνια.
1675 4547 1695 4581 ι
1737 4530 1800 4582 Εἰ
1836 4529 1892 4582 δὲ

329 4628 484 4684 τοῦτο
519 4627 785 4701 ἀπρεπὲς,
815 4625 991 4697 δῆλον,
1020 4625 1102 4678 ὅτι
1128 4623 1238 4694 (59)
1277 4623 1375 4676 οὐκ
1398 4619 1796 4692 ἀνομοιοούσιος
1825 4620 1891 4674 ἂν

398 4743 444 4776 τ’
483 4741 717 4810 Philipp.
756 4755 814 4799 ιι.
844 4739 898 4792 6.
973 4737 1018 4769 ³ο
1058 4736 1214 4791 Deut.
1255 4749 1330 4794 vr,
1354 4733 1410 4788 4.
1484 4734 1526 4767 ⁸⁸
1567 4732 1711 4787 Psal.
1744 4749 1880 4795 χιιι,

401 4830 478 4856 ιιι
514 4813 605 4856 es-
707 4811 752 4843 ⁸⁸
793 4809 981 4856 Matth.
1009 4822 1087 4856 ιχ.
1129 4807 1182 4856 5.
1286 4804 1332 4835 ⁸⁸
1373 4803 1536 4856 Marc.
1573 4818 1636 4856 ιι.
1674 4803 1761 4856 ll.
1866 4804 1880 4836 ε

2052 4733 2097 4765 ⁸³
2138 4729 2281 4786 Psal.
2314 4743 2480 4790 cxvn,
2511 4729 2602 4784 27.

1996 4801 2137 4856 Tim.
2171 4817 2208 4856 ι.
2244 4799 2330 4853 17.
2446 4799 2493 4831 ⁸⁸
2531 4799 2602 4856 Ps

331 4830 485 4878 xutt,
514 4813 606 4868 25.
631 4803 681 4810 ”
707 4811 752 4843 ⁸⁸
791 4809 981 4878 Matth.
1009 4822 1088 4872 Ix,
1129 4807 1182 4860 5.
1258 4804 1332 4878 ,⁸⁸
1373 4803 1536 4878 ξιξερο.
1573 4818 1636 4868 ιι,
1674 4803 1761 4878 ll_.

2000 4522 2234 4593 Spiritus
2277 4533 2432 4579 erant
2481 4525 2588 4578 alio
2641 4525 3066 4591 transferentes,
3118 4529 3552 4599 blaSphemarent

1996 4615 2085 4670 his
2123 4614 2344 4669 verbis:
2386 4633 2404 4666 ι
2444 4613 2501 4668 ιιι
2534 4614 2899 4671 Beelzehulem
2931 4619 3078 4688 ejicit
3119 4620 3382 4675 daemonia
3417 4623 3481 4675 ”.
3527 4641 3547 4674 ι

2716 4731 2763 4762 ⁸⁸
2799 4731 2942 4788 Psal.
2978 4747 3203 4797 Lxxxm,
3235 4733 3287 4787 8.
3364 4734 3410 4765 ‘”
3448 4736 3551 4792 lsa.

2446 4799 2493 4831 ⁸⁸
2531 4799 2678 4856 Psal.
2710 4817 2868 4870 xxiii,
2909 4804 2960 4857 7.
3071 4805 3117 4836 “
3156 4804 3292 4857 Dan.
3322 4819 3402 4867 ιιι,
3431 4805 3552 4859 100.

331 4885 374 4914 ’⁸
413 4870 549 4937 Dan.
579 4897 676 4947 vn,
712 4881 797 4934 14.
871 4879 914 4910 ⁹²
951 4870 1224 4937 Ιεεζχιιι,
1251 4873 1304 4928 8.
1379 4875 1424 4905 θ’
1461 4871 1619 4926 Joan.
1649 4889 1703 4938 ιι,
1731 4874 1819 4928 55.

1985 4873 2117 4926 Luc.
2158 4887 2233 4937 xu,
2265 4870 2352 4924 15.

401 4995 514 5069 (50)
553 4993 647 5050 Sic
685 4993 850 5069 editio
879 4991 1115 5069 09mm._
1141 4987 1303 5069 Basil.
1324 4985 1620 5069 £t_R_egiu§
1646 4988 1885 5069 secunda

334 5055 518 5130 manu,
549 5081 675 5121 nam
718 5067 905 5134 prima
923 5061 1073 5123 ϐντος
1103 5059 1280 5113 habet.
1324 5055 1561 5112 Felckm.
1590 5057 1642 5123 5,
1675 5057 1749 5121 ὡς
1782 5073 1886 5129 πη-

333 5135 432 5207 γῆς
463 5136 636 5207 ὄντος,
670 5133 777 5207 non
805 5133 966 5207 male.
1104 5195 1143 5207 _
1178 5199 1190 5207 _
1227 5197 1241 5207 _
1367 5197 1399 5207 __
1443 5194 1484 5207 ἠ
1507 5196 1539 5207 η
1571 5195 1584 5207 ⁸

402 5194 515 5276 (⁷51)
557 5194 818 5276 SieReg;
833 5202 999 5276 codex
1029 5207 1082 5276 et
1104 5195 1341 5276 Felckm;
1367 5194 1584 5276 Fiditi
1607 5209 1757 5276 vero,
1790 5196 1886 5249 καὶ

331 5266 598 5332 πάλιν’τε.
625 5266 1017 5329 ΜοχἜθΙρΙςιη.
1051 5271 1104 5335 5,
1138 5269 1233 5340 μὲν
1250 5266 1344 5320 τοῦ
1368 5266 1520 5320 Υίοῦ.
1544 5267 1685 5320 Editi
1711 5275 1764 5320 et
1780 5281 1884 5320 ca:-

331 5349 452 5418 teri,
485 5347 594 5418 μὲν
612 5343 706 5418 τοῦ
732 5341 888 5396 Θεοῦ.

401 5403 516 5487 (δέ)
555 5412 906 5470 Felckmanni
956 5410 1010 5478 5,
1053 5405 1362 5482 'Atpéwv1ai_
1393 5423 1475 5460 σοι
1519 5407 1578 5459 αἱ
1629 5403 1891 5477 ἁμαρτίαι

332 5506 424 5541 σου
435 5529 446 5540 .

399 5556 513 5628 (55)
555 5551 650 5610 Sic
683 5551 884 5622 Regius
929 5559 982 5605 et
1029 5545 1378 5604 Felekmanni
1426 5542 1480 5601 5.
1534 5543 1697 5611 Editi,
1729 5544 1894 5616 ἔγρα-

329 5645 449 5697 φεν.

1991 4987 2229 5050 Comm.,
2265 4985 2441 5056 ὐμῶν.

2065 5057 2178 5124 (55)
2219 5053 2422 5126 Regius
2454 5055 2646 5117 codex,
2681 5053 3028 5126 λογισάμεθα.

2063 5123 2528 5197 (56)]ιεᾞθςὶιιε
2553 5135 2714 5197 atque
2756 5123 3248 5197 sic__'scribendum,
3278 5123 3558 5197 similiter-

1990 5189 2096 5265 que
2125 5189 2266 5266 infra
2296 5189 2718 5266 ἀνομοιοούσῐον,
2737 5201 2791 5248 et
2811 5189 3256 5266 _6_t)_t).019tooac£rp.
3278 5192 3441 5266 Edit.,
3464 5197 3557 5248 ἁλ-

1990 5262 2080 5319 λοτ
2123 5265 2338 5332 ιούσιον,
2373 5262 2762 5336 ἆνομοιούσιον,
2797 5262 3218 5334 ἀλλοτριουσίῳ,
3243 5265 3516 5319 mendose.

2063 5283 2175 5408 (ἕῖ)
2217 5334 2308 5390 Sic
2355 5349 2545 5390 omnes
2591 5333 2965 5402 manuscripti.
3014 5331 3152 5386 Editi
3190 5349 3339 5396 vero,
3383 5335 3516 5388 Πατέ

2124 5335 2175 5405 7)
2217 5334 2308 5390 Sic
2355 5331 2545 5390 omnes
2591 5331 2973 5402 manuscripti.
3014 5331 3164 5386 Editi'
3190 5349 3339 5396 vero,
3383 5335 3558 5388 Πατὲ·

1992 5423 2103 5477 ρος.

2061 5469 2171 5547 (58)
2193 5472 2537 5547 _Felckm.__5,
2564 5469 2776 5547 έαυτρν.
2795 5471 2933 5526 lbid.
2957 5485 3146 5525 omnes
3170 5474 3556 5545 manuscripti,

1989 5541 2098 5599 ὅτε.
2131 5541 2272 5598 Edit.
2302 5558 2430 5596 vero
2460 5541 2659 5606 Paris,
2688 5542 2794 5593 ὅτι.

2064 5615 2176 5683 (59)
2219 5613 2310 5666 Sic
2345 5611 2473 5680 Reg.
2507 5622 2560 5665 et
2595 5609 2836 5683 Felcknl.
2858 5611 2931 5683 5,
2958 5609 3097 5683 Edit.
3127 5612 3275 5683 vero,
3297 5611 3562 5682 δηλονότι.

400 5679 515 5768 (54)
555 5691 636 5750 lta
670 5691 895 5763 Regius,
930 5688 1095 5746 Basil.
1128 5696 1180 5744 et
1203 5685 1332 5742 edit.
1369 5683 1542 5741 Paris.
1584 5682 1728 5741 Edit.
1765 5700 1880 5742 verr

1992 5679 2126 5742 Ibid.
2159 5679 2316 5754 Reg“
2347 5679 2764 5753 ἀνομοιοούσιος.
2793 5679 2958 5747 Editi,
2993 5679 3384 5752 ἀνομοιούσιος.
