3966 6226
431 341 531 396 785

986 336 1042 392 S.
1084 335 1460 392 ATHANASII
1499 337 1646 392 OPP.
1692 337 1874 393 PARS
1914 339 1954 393 1.
1996 371 2064 381 -
2104 337 2474 394 HISTORICA
2515 339 2602 394 ET
2643 338 3065 396 DOGMATiCA.

3554 349 3654 403 784

428 455 583 523 Quod
616 455 662 512 si
709 455 842 510 illud
881 452 1198 508 indecorum
1230 462 1353 519 est,
1382 463 1526 509 certe
1562 470 1667 510 non
1706 455 1988 511 dissimilis

2091 458 2175 528 εἴη
2217 460 2245 510 ὁ
2263 458 2408 522 Υἱὸς,
2433 457 2566 512 ἀλλὰ
2589 457 2869 530 όμοούσιος
2909 459 2988 529 τῷ
3014 460 3208 532 Πατρί·
3243 462 3336 515 καὶ
3375 463 3484 535 γὰρ
3515 467 3564 518 εί
3591 469 3655 521 τὰ

427 547 746 605 substantiae
777 545 936 601 fuerit
969 543 1158 608 Filius,
1194 548 1288 602 sed
1314 548 1796 603 consubstantialis
1823 548 1988 602 Patri.

427 638 638 696 Etenim
685 639 731 694 si
764 652 886 709 qua:
927 637 1103 694 Patris
1147 648 1292 704 sunt,
1329 639 1650 694 naturaliter
1687 638 1811 692 Filii
1841 648 1988 704 sunt,

428 732 650 802 ipseque
677 729 848 784 Filius
891 744 959 785 ex
990 729 1149 786 Patre
1184 738 1289 796 est,
1337 738 1392 784 et
1423 739 1640 800 propter
1677 730 1990 800 hujusmodi

431 825 694 878 unitatem
729 822 1030 879 divinitatis
1056 831 1111 878 et
1139 831 1376 889 naturae,
1413 824 1529 894 ipse
1555 833 1608 878 et
1631 822 1790 879 Pater
1817 839 1990 879 unum

428 924 594 980 sunt,
625 923 678 969 et
705 915 800 984 qui
831 915 962 970 vidit
989 915 1186 970 Filium
1215 915 1347 970 vidit
1373 923 1428 969 et
1456 915 1668 970 Patrem
1689 955 1704 980 ,
1740 915 1932 970 merito
1959 929 1990 970 a

426 1005 682 1061 Patribus
721 1007 900 1062 dictus
943 1014 1028 1063 est
1059 1007 1540 1063 eousubstantialis
1578 1025 1591 1061 :
1644 1020 1821 1076 neque
1845 1006 1990 1060 enim

427 1096 523 1165 qui
570 1096 793 1153 alterius
842 1106 986 1154 esset
1042 1097 1378 1160 substantiae,
1429 1097 1557 1151 talia
1617 1097 1816 1150 habere
1860 1109 1989 1164 pos-

428 1196 530 1243 set.

500 1280 590 1334 5L
620 1279 858 1336 Rursum
888 1279 955 1342 si,
986 1287 1145 1349 prout
1173 1293 1334 1348 supra
1360 1277 1618 1341 diximus,
1649 1291 1758 1332 non
1785 1291 1851 1332 ex
1872 1292 1992 1347 par-

427 1370 741 1440 ticipatione
772 1371 843 1426 sit
873 1368 1043 1424 Filius
1077 1389 1091 1425 :
1129 1370 1223 1424 sed
1281 1369 1494 1440 epilicia
1533 1369 1752 1438 quidem
1807 1370 1990 1424 omnia

425 1478 493 1516 ex
526 1461 940 1531 participatione
971 1459 1064 1514 Dei
1097 1459 1330 1530 gratiam
1379 1459 1646 1523 habeant,
1695 1457 1810 1528 ipse
1858 1474 1990 1514 vero

425 1551 604 1608 Patris
640 1552 903 1623 sapientia
927 1560 982 1606 et
1011 1549 1248 1606 Verbum
1284 1551 1391 1615 sit,
1425 1551 1645 1618 quicum
1679 1551 1985 1604 communia

426 1643 588 1698 habet
618 1643 804 1697 omnia
839 1657 850 1693 :
891 1651 1036 1696 certe
1064 1655 1186 1695 cum
1219 1639 1287 1693 sit
1319 1640 1431 1706 ipse
1462 1638 1514 1692 id
1545 1652 1654 1708 quo
1689 1637 1848 1692 Pater
1874 1638 1991 1692 dei-

425 1734 550 1790 ficat
585 1741 638 1788 et
664 1733 955 1796 illuminat,
993 1731 1046 1784 in
1081 1746 1189 1800 quo
1218 1731 1424 1785 scilicet
1449 1729 1632 1784 omnia
1664 1729 1988 1784 deilicantur

2091 548 2184 602 τοῦ
2215 550 2425 619 Πατρὸς
2455 549 2697 618 φυσικῶς
2720 549 2813 602 τοῦ
2843 549 2972 603 Υἰοῦ
3005 550 3170 616 ἐστιν,
3204 553 3365 616 αὐτός
3390 571 3449 607 τε
3483 559 3511 608 ό
3534 558 3656 621 Υἱὸς

2091 641 2157 694 ἐκ
2188 639 2279 692 τοῦ
2304 640 2514 712 Πατρός
2564 643 2700 705 ἑστι,
2735 642 2830 692 καὶ
2891 640 2976 694 διὰ
3011 641 3108 713 τὴν
3138 644 3392 717 τοιαύτην
3436 646 3657 718 ἑνότητα

2090 733 2190 802 τῆς
2222 731 2471 802 θεότητος
2499 733 2593 786 xa‘t
2610 731 2712 801 τῆς
2735 730 2946 799 φύσεως
2969 733 3129 796 αὐτὸς
3160 735 3250 786 καὶ
3277 737 3304 788 ό
3359 728 3550 808 Πατὴρ
3600 738 3658 789 ’ἐν

2091 825 2219 885 εἰσι,
2244 823 2338 876 καὶ
2379 825 2407 875 ό
2467 821 2725 893 ἑωρακὼς
2750 822 2840 875 τὸν
2870 822 2999 876 Υίὸν
3043 823 3250 896 ἑώρακε
3291 823 3381 878 τὸν
3416 824 3656 898 Πατέρα,

2090 914 2313 976 εἰκότως
2337 913 2528 985 ἐλέχθη
2557 913 2706 985 παρὰ
2723 914 2828 968 τῶν
2849 915 3104 986 Πατὲρων
3136 917 3434 988 ὁμοούσιος’
3456 919 3517 971 οὐ
3551 921 3657 991 γὰρ

2091 1005 2422 1077 ἑτεροουσίου
2445 1005 2513 1058 τὰ
2534 1005 2755 1061 τοιαῦτα
2779 1005 2920 1078 ἔχειν
2950 1005 3088 1064 ὲστί.

2158 1259 2244 1313 5i.
2277 1259 2445 1314 Πάλιν
2468 1277 2529 1314 τε
2555 1262 2624 1327 εί,
2659 1262 2800 1316 καθὰ
2833 1263 3183 1337 προείπομεν,
3213 1267 3312 1322 οὐκ
3362 1271 3426 1322 ἐκ
3460 1287 3652 1341 μετου-

2091 1348 2209 1412 σίας
2237 1350 2434 1404 ἐστὶ.νὸ
2482 1352 2630 1416 Υἱός·
2685 1354 2820 1407 ἀλλὰ
2873 1355 2943 1408 τὰ
2976 1356 3073 1427 μὲν
3124 1361 3325 1430 γενητὰ
3369 1361 3544 1415 πάντα
3594 1365 3656 1417 ὲκ

2091 1444 2377 1513 μετουσίας
2409 1444 2522 1515 ἔχει
2552 1446 2651 1516 τὴν
2692 1446 2841 1518 παρὰ
2879 1447 3012 1502 Θεοῦ
3053 1451 3234 1522 χάριν,
3291 1454 3452 1517 αὐτὸς
3474 1455 3532 1508 δὲ
3561 1456 3653 1510 τοῦ

2089 1536 2299 1608 Πατρδς
2321 1536 2481 1608 σοφία
2501 1538 2596 1592 καὶ
2622 1539 2792 1606 Λόγος
2824 1541 2988 1605 ἐστὶν,
3028 1535 3088 1595 οὗ
3118 1544 3330 1615 μετέχει
3356 1545 3424 1598 τὰ
3456 1546 3651 1600 πάντα·

2087 1627 2263 1698 δῆλον,
2287 1631 2368 1683 ὅτι
2395 1629 2505 1701 (60)
2535 1631 2696 1694 αὐτὸς
2726 1629 2802 1685 ὢν
2824 1632 2886 1685 τὸ
2924 1633 3165 1688 θεοποιδν
3203 1637 3296 1689 καὶ
3332 1637 3655 1706 φωτιστικδν

2089 1719 2182 1772 τοῦ
2214 1721 2446 1793 Πατρὺς,
2478 1723 2535 1775 ὲν
2562 1715 2606 1790 ᾧ
2633 1723 2704 1777 τὰ
2734 1726 2910 1780 πάντα
2943 1725 3266 1781 θεοποιεῖται
3305 1730 3398 1782 καὶ
3431 1729 3656 1794 ζωοποι-

425 1834 478 1880 et
509 1823 870 1889 vivificantur,
905 1795 1012 1875 non
1044 1795 1236 1874 alienae
1281 1835 1312 1874 a
1357 1818 1516 1873 Patre
1563 1818 1880 1874 substantiae
1906 1827 1988 1874 est

2090 1814 2248 1876 εἷται,
2279 1813 2378 1867 οὐκ
2399 1813 2823 1885 ἀλλοτριοούσιός
2853 1817 2962 1888 (61)
3012 1820 3124 1872 ἑστι
3168 1819 3260 1872 τοῦ
3284 1820 3517 1892 Πατρὸς,
3543 1821 3654 1875 ἀλλ’

420 1916 520 1971 sed
567 1912 1066 1970 consubstantialis.
1121 1909 1296 1980 Hujus
1351 1911 1496 1965 enim
1576 1911 1989 1981 participatione

424 1998 602 2060 Pati-is
628 2004 917 2075 participes
946 2001 1227 2065 ellicimur,
1269 2017 1333 2056 e0
1359 2002 1504 2073 quod
1548 2001 1662 2072 ipse
1706 2003 1983 2073 proprium

423 2096 602 2151 Patris
634 2095 705 2149 sit
745 2093 1005 2148 Verbum.
1056 2091 1210 2149 Unde
1241 2093 1288 2148 si
1323 2093 1438 2162 ipse
1471 2107 1688 2163 quoque
1719 2108 1786 2148 ex
1821 2095 1988 2163 parti-

423 2185 699 2256 cipatione
729 2194 894 2250 esset,
927 2194 980 2240 et
1005 2199 1114 2239 non
1140 2200 1204 2240 ex
1235 2200 1293 2241 se
1332 2184 1704 2241 substantialis
1732 2186 1987 2242 divinitas

421 2285 477 2332 et
521 2277 703 2346 imago
730 2275 928 2342 Patris,
960 2291 1071 2330 non
1104 2275 1382 2332 deilicaret
1415 2277 1574 2342 alios,
1626 2292 1751 2333 cum
1785 2284 1838 2332 et
1873 2277 1988 2347 ipse

420 2368 703 2423 deilicatus
749 2375 912 2424 esset.
947 2365 1065 2422 Non
1106 2368 1247 2423 enim
1281 2369 1396 2423 ﬁeri
1429 2377 1606 2439 potest
1634 2385 1757 2425 eum
1793 2369 1886 2440 qui
1920 2385 1984 2423 ex

422 2458 835 2529 participatione
863 2458 1043 2523 habet,
1075 2458 1125 2512 id
1153 2459 1310 2528 cujus
1333 2460 1602 2530 particeps
1632 2471 1714 2514 est
1743 2461 1864 2515 aliis
1887 2461 1988 2513 im-

422 2549 622 2619 pertire
659 2568 673 2604 :
706 2549 853 2620 quod
899 2550 1046 2604 enim
1075 2548 1165 2603 ille
1195 2549 1376 2613 habet,
1410 2565 1570 2606 suum
1614 2565 1724 2604 non
1755 2562 1858 2616 est,
1894 2551 1986 2605 sed

423 2640 543 2709 ejus
581 2640 672 2709 qui
705 2639 869 2707 dedit,
914 2651 968 2694 et
1014 2639 1159 2710 quod
1197 2640 1425 2710 accepit,
1455 2642 1543 2695 vix
1579 2640 1683 2696 sibi
1714 2641 1987 2696 sufficien-

423 2741 530 2786 tem
565 2732 794 2802 gratiam
836 2731 1061 2800 accepit.
1108 2729 1342 2786 Causam
1376 2740 1558 2787 tamen
1603 2747 1701 2786 cur
1739 2732 1984 2800 quidam,

425 2828 486 2872 ut
519 2817 711 2884 fertur,
739 2819 1201 2873 consubstantiale
1231 2829 1506 2888 respuant,
1540 2820 1750 2874 sincere
1781 2820 1988 2874 exami~

425 2926 638 2976 nemus,
675 2927 743 2965 an
776 2926 887 2965 non
925 2911 1098 2980 magis
1123 2926 1190 2965 ex
1217 2911 1307 2964 illa
1338 2912 1451 2980 ipsa
1485 2911 1654 2967 Filius
1678 2911 1826 2968 Patri
1859 2927 1990 2967 con-

425 3003 801 3057 substantialis
830 3004 1165 3058 ostendatur.
1195 3002 1361 3056 Aiunt
1411 3003 1594 3073 igitur,
1631 3013 1688 3058 ut
1714 3020 1809 3060 vos
1853 3003 1989 3059 scri-

423 3095 635 3163 psistis,
664 3092 864 3148 Filium
892 3093 1039 3148 Patri
1073 3094 1591 3149 consubstantialem
1622 3095 1729 3150 dici
1762 3096 1985 3150 minime

424 3186 644 3252 debere,
681 3185 809 3254 quia
838 3185 929 3254 qui
959 3185 1090 3240 dicit
1117 3185 1656 3253 consubstantialem,
1688 3188 1790 3241 tria
1831 3189 1982 3253 dicit,

425 3277 784 3332 substantiam
811 3277 1066 3348 aliquam,
1095 3293 1216 3348 qua:
1253 3279 1402 3348 prius
1442 3277 1738 3348 subjaceat,
1788 3291 1843 3335 et
1892 3294 1986 3335 eos

423 3367 520 3439 qui
551 3383 612 3420 ex
646 3367 737 3420 illa
763 3369 924 3437 geniti
951 3375 1079 3421 sunt
1108 3382 1227 3422 esse
1253 3368 1742 3424 consubstantiales
1779 3388 1792 3423 :
1825 3378 1988 3440 atque

428 3460 556 3513 hinc
583 3458 952 3514 concludunt:
985 3457 1041 3512 Si
1071 3474 1198 3529 ergo
1223 3457 1392 3515 Filius
1442 3460 1514 3515 sit
1555 3458 1706 3515 Patri
1745 3463 1986 3516 consub-

427 3552 717 3619 stantiaiis,
758 3566 981 3607 necesse
1012 3561 1094 3606 est
1132 3552 1284 3622 prius
1316 3551 1597 3621 subjacere
1629 3569 1818 3608 eorum
1854 3555 1988 3608 sub-

427 3644 684 3697 stantiam
712 3659 779 3697 ex
811 3658 919 3712 qua
952 3642 1115 3713 geniti
1150 3643 1278 3708 sint,
1308 3655 1359 3698 et
1389 3659 1497 3698 non
1536 3659 1656 3700 esse
1687 3646 1838 3701 illum
1881 3645 1986 3701 Pa-

427 3745 586 3798 trem,
617 3736 761 3790 hunc
779 3733 998 3802 Filium,
1031 3736 1126 3791 sed
1155 3737 1344 3792 ambos
1377 3735 1592 3791 fratres.
1626 3735 1750 3792 Haec
1773 3739 1986 3793 tametsi

426 3829 772 3883 ethnicorum
799 3836 927 3884 sunt
955 3829 1359 3898 explicationes,
1394 3843 1604 3899 nosque
1632 3831 1769 3884 nihil
1796 3846 1986 3886 eorum

426 3936 649 3990 egemus
681 3921 982 3976 ratiociniis
1016 3935 1030 3972 :
1068 3921 1424 3977 nihilominus
1473 3922 1754 3978 videamus
1803 3932 1986 3978 utrum

429 4011 520 4065 illa
552 4011 1055 4077 consubstantialia,
1087 4028 1207 4082 qua:
1239 4029 1364 4068 cum
1403 4029 1470 4069 ex
1512 4015 1665 4086 prius
1716 4016 1987 4071 intellecta

428 4103 734 4158 substantia
776 4103 905 4167 sint,
942 4102 1136 4159 fratres
1179 4104 1454 4170 dicuntur,
1505 4106 1608 4162 sibi
1655 4117 1866 4174 mutuo,
1917 4123 1988 4163 an

428 4194 747 4250 Substantiae
767 4208 834 4248 ex
859 4210 966 4263 qua
1003 4205 1121 4249 orta
1153 4204 1311 4261 sunt,
1346 4197 1453 4252 sint
1480 4199 1982 4253 consubstantialia.

429 4286 487 4341 Si
523 4285 668 4338 enim
715 4286 816 4340 sibi
855 4295 1084 4352 mutuo;
1121 4287 1344 4343 diversa:
1383 4305 1513 4359 ergo
1555 4291 1892 4356 substantia},
1923 4307 1987 4346 ac

429 4376 713 4430 dissimilia
745 4386 904 4432 erunt
928 4379 1244 4434 substantia:
1274 4394 1306 4433 a
1328 4395 1435 4449 qua
1455 4388 1632 4435 ortum
1670 4381 1940 4436 duxerunt
1967 4398 1981 4434 :

2088 1902 2388 1972 ὁμοούσιος.
2437 1904 2635 1958 Τούτου
2683 1906 2792 1978 γὰρ
2852 1910 3381 1981 μεταλαμϐάνοντες,
3414 1907 3508 1966 τοῦ
3541 1914 3655 1968 Πα-

2086 1991 2212 2062 τρὸς
2268 1993 2580 2064 μετέχομεν,
2613 1995 2702 2050 διὰ
2753 1996 2814 2049 τὸ
2847 1995 2939 2050 τοῦ
2973 1996 3182 2069 Πατρὸς
3219 1995 3358 2054 εἶναι
3414 2002 3544 2056 ἴδιον
3565 2003 3655 2057 τὸν

2085 2083 2276 2150 Λόγον.
2316 2084 2478 2138 Ὅθεν
2531 2087 2579 2139 εί
2609 2082 2678 2156 ἦν
2727 2087 2791 2140 ὲκ
2852 2090 3140 2157 μετουσίας
3184 2093 3277 2144 καὶ
3332 2093 3513 2156 αὐτὸς,
3561 2095 3654 2146 καὶ

2091 2175 2164 2246 μὴ
2189 2175 2296 2246 (62)
2327 2176 2386 2240 ἐξ
2409 2177 2575 2232 αὑτοῦ
2603 2179 2865 2251 οὐσιώδης
2888 2180 3077 2252 θεότης
3108 2185 3199 2236 καὶ
3225 2183 3386 2238 εἰκὼν
3420 2186 3512 2238 τοῦ
3542 2187 3653 2239 Πα-

2086 2268 2233 2340 τρός,
2269 2269 2367 2322 οὐκ
2411 2269 2477 2323 ἂν
2533 2268 2844 2341 ἑθεοποίησε
2889 2271 3298 2344 θεοποιούμενος
3333 2273 3425 2328 καὶ
3471 2275 3648 2338 αὐτός.

2088 2361 2161 2413 Ut‘:
2190 2359 2296 2431 γὰρ
2319 2355 2430 2414 οἷόν
2454 2377 2514 2414 τε
2541 2361 2630 2414 τὸν
2662 2363 2726 2415 ὲκ
2761 2363 3046 2432 μετουσίας
3092 2364 3283 2435 ἔχοντα
3319 2366 3652 2437 μεταδιδόναι

2085 2451 2185 2520 τῆς
2217 2451 2568 2522 μεταλήψεως
2595 2453 2819 2524 ἑτέροις,
2860 2455 2942 2507 ὅτι
2981 2453 3053 2526 μὴ
3079 2456 3259 2509 καύτοῦ
3291 2459 3436 2510 ἐστιν
3463 2459 3492 2510 ὂ
3521 2458 3649 2529 ἔχει.

2087 2543 2222 2596 ἀλλὰ
2255 2542 2348 2596 τοῦ
2368 2543 2677 2608 δεδωκότος,
2706 2545 2798 2598 καὶ
2816 2546 2845 2599 ὃ
2873 2546 3051 2612 ἔλαϐε,
3083 2549 3238 2618 μόγις
3265 2549 3361 2620 τὴν
3381 2550 3649 2620 ἄρχουσαν

2087 2633 2231 2705 αὐτῷ
2253 2635 2408 2706 χάριν
2443 2634 2619 2688 ἔλαϐε.
2651 2637 2760 2689 Καὶ
2780 2637 2877 2706 τὴν
2909 2638 3086 2691 αἰτίαν
3106 2638 3161 2691 δὲ
3191 2639 3357 2709 ὅμως,
3391 2640 3458 2693 δι’
3482 2642 3548 2710 ἣν
3573 2657 3652 2693 τι-

2086 2741 2193 2787 νες,
2228 2723 2302 2787 ὡς
2329 2724 2564 2792 λέγεται,
2595 2725 2980 2797 παραιτοῦνται
3030 2728 3090 2781 τὺ
3131 2729 3431 2799 ὁμοούσιον,
3466 2730 3648 2795 ἐξετά-

2089 2833 2268 2886 σωμεν
2300 2817 2532 2888 άληθῶς,
2573 2818 2645 2888 μὴ
2667 2819 2773 2890 ἄρα
2797 2819 2993 2889 μᾶλλον
3022 2823 3086 2873 ὲκ
3129 2822 3330 2893 ταύτης
3373 2824 3648 2892 ὁμοούσιος

2086 2909 2352 2963 δείκνυται
2383 2912 2411 2962 ό
2439 2910 2566 2972 Υἱὸς
2596 2910 2674 2980 τῷ
2703 2912 2896 2983 Πατρί.
2942 2915 3078 2966 Φασὶ
3121 2915 3317 2980 τοίνυν,
3369 2915 3443 2979 ὡς
3496 2917 3650 2987 ὑμεῖς

2087 3001 2381 3071 ἐγράψατε,
2411 3001 2483 3071 μὴ
2513 3004 2706 3073 χρῆναι
2753 3003 2926 3070 λέγειν
2958 3005 3235 3074 όμοούσιον
3274 3006 3363 3060 τὸν
3408 3007 3535 3061 Υἱὺν
3575 3005 3650 3076 τῷ

2088 3091 2280 3161 Πατρὶ,
2309 3091 2440 3142 ὅτιὸ
2467 3090 2637 3158 λέγων
2661 3091 2941 3162 όμοούσιον
2975 3095 3100 3165 τρία
3129 3096 3296 3164 λέγει,
3327 3096 3513 3151 οὐσίαν
3534 3098 3651 3150 τινὰ

2088 3181 2592 3251 προϋποκειμένην,
2659 3183 2756 3235 καὶ
2820 3185 2943 3248 τοὺς
2993 3186 3057 3238 ἑκ
3118 3187 3320 3256 ταύτης
3371 3189 3648 3258 γεννωμέ-

2085 3287 2208 3333 νους
2236 3271 2346 3342 (6⁸5)
2403 3272 2714 3342 όμοουσίους
2770 3269 2930 3328 εἶναι·
2987 3275 3081 3328 καὶ
3131 3277 3487 3346 ἐπιλέγουσιν·
3531 3281 3653 3335 Ἐὰν

2085 3357 2176 3414 οὖν
2217 3364 2246 3414 ὁ
2277 3361 2401 3425 Υἱὸς
2456 3362 2736 3434 όμοούσιος
2867 3365 2942 3436 τῷ
2998 3367 3205 3436 Πατρὶ,
3256 3369 3466 3442 ἀνάγκη
3523 3387 3654 3444 προ-

2087 3452 2401 3506 ϋποκεῖσθαι
2430 3453 2606 3506 αὐτῶν
2633 3454 2834 3522 οὐσίαν,
2855 3451 3001 3527 ἑξῆς
3027 3459 3118 3512 καὶ
3147 3460 3529 3533 ἐγεννήθησαν,
3562 3465 3652 3517 καὶ

2089 3542 2164 3613 μὴ
2192 3540 2329 3599 εἶναι
2351 3545 2440 3598 τὸν
2465 3547 2560 3616 μὲν
2594 3546 2830 3619 Πατέρα,
2876 3547 2967 3602 τὸν
2996 3550 3052 3602 δὲ
3086 3550 3230 3615 Υίδν,
3263 3551 3378 3604 ἀλλ’
3411 3554 3650 3624 ἀμφοτέο

2089 3652 2215 3707 ρους
2247 3635 2522 3706 ἀδελφούς.
2560 3637 2744 3693 Ταῦτα
2772 3641 2820 3691 εί
2866 3640 2962 3692 καὶ
3009 3639 3272 3710 Ἑλλήνων
3297 3643 3434 3695 εἰσὶν
3481 3644 3651 3714 ἑρμη-

2087 3727 2245 3788 νεῖαι,
2282 3725 2372 3778 καὶ
2403 3727 2502 3779 οὐκ
2526 3727 2794 3789 ἀναγκαῖα
2826 3729 2956 3798 ἡμῖν
3010 3728 3078 3782 τὰ
3116 3731 3244 3800 παρ’
3268 3729 3511 3785 ἐκείνων·

2090 3815 2286 3885 ἴδωμεν
2313 3814 2382 3868 τὰ
2426 3815 2688 3887 εἰρημένα
2742 3816 2810 3870 τὰ
2838 3817 3110 3886 όμοούσια,
3169 3817 3236 3870 τὰ
3285 3820 3349 3871 ἐκ
3386 3819 3488 3887 τῆς
3523 3837 3652 3890 προ-

2088 3907 2381 3977 νοουμένης
2409 3906 2518 3977 (64)
2547 3907 2734 3970 οὐσίας
2755 3907 2978 3976 ἀδελφὰ,
3014 3909 3239 3980 πότερον
3271 3911 3478 3963 ἑαυτῶν
3516 3914 3650 3964 εἰσιν

2089 3997 2364 4068 ὀμοούσια,
2398 3996 2430 4067 ἢ
2475 3997 2574 4067 τῆς
2602 3997 2788 4061 οὐσίας
2817 3996 2876 4062 ἐξ
2906 3993 2974 4069 ἧς
3035 3999 3128 4051 καὶ
3181 3999 3564 4070 ἐγεννήθησανο
3599 4003 3647 4053 εἰ

2091 4090 2188 4158 μὲν
2209 4088 2317 4159 γὰρ
2349 4089 2575 4152 ἑαυτῶν,
2605 4088 2914 4160 ἑτεροούσια
2957 4090 3050 4142 καὶ
3071 4090 3294 4160 ἀνόμοια
3317 4091 3468 4144 ἔσται
3518 4091 3648 4162 πρὸς

2087 4177 2184 4249 τὴν
2210 4179 2546 4248 γεννήσασαν
2595 4178 2736 4230 αὐτὰ
2793 4178 2995 4232 οὐσίαν·
3055 4179 3354 4234 ἀντίκειται
3411 4181 3520 4252 γὰρ
3572 4182 3647 4252 τῷ

2089 4270 2351 4340 ὁμοουσίῳ
2373 4271 2433 4323 τὸ
2461 4269 2812 4341 ἑτεροούσιον·
2861 4272 2910 4324 εἰ
2946 4271 3002 4325 δὲ
3030 4273 3126 4342 τῆς
3152 4274 3486 4343 γεννησάσης
3513 4274 3647 4327 αὐτᾶ

2087 4363 2272 4426 οὐσίας
2291 4363 2437 4415 ἐστὶν
2477 4363 2700 4415 ἑκαστον
2724 4363 3021 4432 ὁμοούσιον,
3061 4365 3235 4433 δῆλον,
3263 4365 3343 4426 ὅτι
3370 4365 3479 4435 ((55)
3501 4365 3562 4418 τὸ
3589 4365 3648 4418 ἐκ

431 4469 720 4539 opponitur
756 4469 900 4524 enim
932 4471 1400 4536 consubstantiali,
1434 4473 1578 4542 quod
1607 4482 1690 4527 est
1715 4489 1782 4528 ex
1806 4473 1985 4527 diver-

2090 4471 2227 4516 τινος
2252 4452 2584 4524 γεννώμενον
2610 4453 2889 4524 ὀμοούσιόν
2943 4457 3057 4507 ἑστι
3087 4455 3163 4526 τῷ
3189 4458 3523 4527 γεννήσαντι·
3558 4459 3648 4509 καὶ

431 4577 491 4615 sa
541 4561 862 4616 substantia.
897 4562 1053 4628 Quod
1099 4563 1144 4618 si
1185 4572 1478 4633 utrumque
1525 4565 1990 4620 consubstantiale

430 4653 503 4708 sit
556 4654 872 4709 substantiae
903 4670 934 4709 a
980 4670 1088 4725 qua
1121 4664 1297 4710 ortum
1331 4656 1520 4718 duxit,
1568 4672 1695 4710 nam
1746 4658 1798 4711 id
1848 4667 1992 4712 certe

431 4747 574 4814 quod
604 4761 670 4799 ex
705 4745 811 4800 alio
842 4747 1085 4801 nascitur
1111 4747 1159 4802 ei
1189 4748 1282 4817 qui
1311 4763 1369 4803 se
1408 4749 1594 4818 genuit
1625 4757 1708 4804 est
1754 4749 1991 4804 consub-

433 4836 713 4903 stantiale;
742 4851 851 4892 non
874 4837 1010 4891 ultra
1037 4847 1162 4892 sunt
1185 4839 1488 4908 quaerendae
1510 4846 1620 4896 tres
1639 4839 1986 4894 substantiae:

433 4925 528 4981 sed
568 4925 620 4979 id
648 4925 824 4980 solum
859 4927 1315 4998 investigandum,
1355 4944 1487 4983 num
1520 4929 1624 4984 hoc
1652 4945 1779 4984 vere
1805 4945 1870 4984 ex
1900 4931 1992 4985 illo

434 5019 524 5072 sit.
557 5014 690 5071 Nam
731 5017 833 5072 etsi
863 5017 1141 5089 contingat
1171 5034 1280 5074 nou
1314 5035 1436 5075 esse
1462 5020 1601 5075 duos
1629 5019 1827 5075 fratres
1850 5061 1866 5085 ,
1899 5020 1992 5075 sed

435 5111 655 5166 unicum
682 5125 749 5165 ex
782 5110 872 5165 illa
904 5111 1206 5166 substantia
1236 5120 1417 5166 ortum
1451 5127 1572 5168 esse
1602 5130 1615 5165 :
1647 5126 1714 5164 eo
1741 5111 1884 5181 quod
1914 5110 1992 5164 al-

435 5212 514 5257 ter
547 5217 652 5256 non
680 5202 770 5267 sit,
801 5215 1142 5271 nequaquam
1175 5201 1268 5270 qui
1297 5209 1457 5257 natus
1480 5211 1583 5266 est,
1617 5201 1842 5256 diversae
1865 5202 1995 5256 sub-

507 5381 616 5454 (60)
658 5380 750 5436 Sic
774 5380 997 5453 Regius.
1030 5379 1194 5446 Editi,
1225 5379 1485 5453 δηλονότι.
1512 5378 1646 5434 Ibid.
1678 5379 1915 5435 Felckm.
1937 5381 1992 5446 δ,

433 5451 620 5590 abigi)
663 5522 752 5575 Sic
785 5519 1007 5590 Regius.
1044 5519 1186 5575 Editi
1212 5535 1360 5584 vero,
1394 5516 1817 5591 ἀλλοτριούσιος,

508 5588 618 5660 (62)
658 5588 964 5643 Feickman.
996 5591 1048 5655 5,
1082 5593 1172 5644 καὶ
1219 5591 1397 5654 αὐτός.
1435 5588 1674 5658 Καῖτὴν
1714 5588 1892 5643 αἰτίαν
1939 5588 1996 5643 δὲ

438 5656 608 5728 ὅμως,
636 5662 820 5712 multis
851 5661 1250 5728 praetermissis.

508 5727 619 5798 (6'5)
660 5727 966 5783 Feickluan.
1001 5730 1053 5793 ’5,
1078 5731 1418 5799 γενομένους.
1437 5728 1604 5785 Paulo
1630 5741 1773 5801 post,
1797 5729 1997 5802 Regius

2089 4544 2271 4600 οὐκέτι
2304 4546 2406 4623 χρὴ
2435 4544 2614 4616 ζητεῖν
2637 4549 2784 4617 τρεῖς
2815 4547 3018 4610 οὐσίας,
3055 4547 3187 4601 ἀλλὰ
3251 4549 3407 4618 μόνον
3449 4548 3645 4618 ζητεῖν,

2090 4639 2138 4690 εί
2160 4637 2277 4691 τόδε
2309 4637 2502 4707 ἀληθὲς
2525 4637 2590 4689 ἑκ
2615 4637 2768 4690 τοῦδέ
2798 4638 2933 4690 ἐστι.
2977 4638 3092 4691 Κᾶν
3113 4638 3220 4710 γὰρ
3253 4639 3430 4710 συμϐῇ
3463 4640 3537 4710 μὴ
3573 4635 3649 4691 εἷ-

2090 4746 2175 4782 ναι
2203 4727 2295 4780 δύο
2320 4727 2598 4796 ἀδελφοὺς,
2630 4725 2761 4779 ἀλλὰ
2794 4727 2888 4780 καὶ
2922 4729 3078 4798 μόνον
3104 4729 3198 4782 ἕνα
3229 4729 3284 4793 ἐξ
3305 4729 3516 4800 ἐκείνης
3555 4730 3651 4794 τῆς

2091 4819 2277 4881 οὐσίας
2324 4818 2594 4887 γενέσθαι,
2639 4818 2701 4871 οὐ
2733 4817 2821 4870 διὰ
2865 4817 2927 4871 τὸ
2957 4819 3032 4890 μὴ
3089 4815 3223 4872 εἶναι
3269 4821 3472 4891 ἕτερον,
3504 4820 3656 4873 ἀλλο-

2091 4911 2390 4984 τριοούσιος
2437 4909 2547 4981 (66)
2587 4909 2652 4963 ἂν
2684 4911 2898 4983 λεχθείη
2956 4913 2984 4963 ό
3028 4911 3322 4982 γεννηθείς’
3382 4911 3516 4965 ἀλλὰ
3560 4914 3652 4964 καὶ

2097 5003 2252 5073 μόνος
2279 5001 2373 5068 ὣν,
2395 5001 2480 5071 είη
2513 5002 2579 5055 ἂν
2604 5001 2697 5056 καὶ
2729 5002 2890 5065 αὐτὸς
2911 5002 3190 5072 όμοούσιος
3211 5002 3288 5073 τῷ
3314 5005 3648 5074 γεννήσαντι.

2106 5093 2256 5145 Ἐπεὶ
2276 5092 2328 5145 τί
2349 5090 2414 5144 ἂν
2437 5091 2682 5160 εἴποιμεν
2702 5091 2827 5163 περὶ
2859 5093 2957 5162 τῆς
2994 5092 3102 5162 (67)
3136 5092 3400 5164 θυγατρὸς
3422 5094 3515 5147 τοῦ
3557 5095 3652 5145 Ἰε-

2095 5182 2252 5250 φθάε,
2275 5181 2357 5235 ὅτι
2394 5181 2684 5253 μονογενὴς
2708 5178 2796 5254 ἦν’
2829 5201 2847 5234 ι
2867 5180 2969 5236 Καὶ
2993 5183 3092 5236 οὐκ
3115 5179 3203 5254 ἦν,
3230 5203 3247 5233 ι
3272 5184 3454 5253 φησὶν,
3486 5203 3503 5233 ι
3528 5182 3656 5235 ἄλλο

2095 5391 2150 5437 et
2181 5380 2490 5437 Feickman.
2514 5383 2570 5448 5,
2586 5381 2710 5436 Ἐὰν
2733 5375 2825 5437 οὖν
2847 5384 2874 5435 ὁ
2895 5383 3039 5446 Υἱός.
3067 5381 3123 5436 In
3149 5381 3310 5437 editis
3331 5376 3425 5435 οὖν
3449 5380 3612 5435 deest.

2093 5507 2111 5523 ο
2323 5452 2644 5524 Eelcitm.5,
2673 5451 3187 5524 atposmvooujtévqc.

2192 5519 2282 5593 65)
2323 5519 2414 5593 Sic
2447 5522 2644 5593 Regius
2669 5519 2730 5593 et:
2748 5519 3067 5593 Felckm.'5.
3106 5519 3265 5593 Editi,
3289 5521 3547 5593 δηλονότι.

2323 5590 2414 5662 §ic
2430 5584 2666 5662 ΔΡιθξὶιιε.
2696 5591 3302 5662 Εόίιίηάλλοτριούσιος.

2195 5656 2285 5727 67⁷)
2322 5661 2399 5716 Ita
2428 5656 2626 5731 Regius
2649 5663 2839 5731 codex.
2871 5656 2926 5714 In
2956 5656 3084 5715 edit.
3119 5677 3268 5727 vero,
3304 5661 3427 5731 τῆς,
3460 5668 3512 5715 et
3533 5671 3665 5711 mox

2099 5730 2193 5784 τοῦ
2221 5731 2372 5788 deest
2399 5750 2410 5785 :
2446 5733 2499 5785 in
2523 5730 2761 5787 Feickm.
2793 5732 2847 5799 '5,
2882 5731 2977 5802 τῆς
3007 5739 3236 5786 tantum.
