3966 6226
328 348 436 406 785

1729 350 1818 403 DE
1856 347 2167 404 SYNODIS.

3470 353 3575 408 786

325 473 517 524 τέκνον
556 469 724 540 αὐτῷ,
756 489 773 522 ι
807 471 897 525 καὶ
933 472 1062 542 περὶ
1119 471 1214 526 τοῦ
1239 472 1354 526 υιοῦ
1385 473 1442 526 δὲ
1470 476 1569 544 τῆς
1593 474 1786 544 χήρας,
1840 472 1898 526 ὃν

2007 471 2215 527 stantia:
2247 469 2491 535 dicatur;
2528 471 2643 533 sed,
2673 470 2801 526 licet
2857 471 3006 526 solus
3053 471 3142 538 sit,
3181 473 3283 528 erit
3314 483 3492 528 tamen
3525 481 3580 528 et

327 567 546 636 ἥγειρεν
577 567 640 616 ὲκ
670 563 878 634 νεκρῶν
909 565 938 616 6
970 564 1197 636 Κύριος,
1219 566 1299 618 ὅτι
1327 564 1418 619 καὶ
1439 566 1598 629 αὐτὸς
1630 567 1728 619 οὑκ
1758 561 1900 637 εἶχεν

326 657 576 725 ἀδελφὸν,
637 655 774 709 ἀλλὰ
837 657 1132 728 μονογενὴς
1185 652 1282 729 ἧν·
1341 653 1450 728 ἆρα
1513 655 1622 728 (68)
1679 659 1780 710 οὐκ
1833 653 1903 728 ἦν

323 745 611 816 ὁμοούσιος
634 747 862 810 ἕκαστος
896 749 1076 802 αὐτῶν
1116 748 1195 820 τῷ
1247 751 1602 820 γεννήσαντι;
1654 751 1746 803 καὶ
1797 750 1902 820 μὴν

323 835 486 910 ἦσαν’
515 841 682 893 τέκνα
717 839 826 909 γὰρ
846 835 1004 910 ἦσαν·
1037 842 1130 894 καὶ
1180 840 1338 894 τοῦτο
1384 842 1589 895 τέκνων
1631 841 1760 894 ἴδιόν
1785 843 1901 894 ἐστι

325 931 463 1001 πρὸς
489 931 702 1000 γονέας.
729 931 881 983 Οῦτω
903 933 993 984 καὶ
1022 931 1117 984 τὸν
1137 931 1231 985 τοῦ
1269 931 1404 986 Θεοῦ
1439 931 1565 986 Υίὸν
1589 935 1653 985 ὲκ
1680 932 1779 1001 τῆς
1814 932 1903 989 οὐ·

327 1024 452 1086 σίας
479 1022 724 1086 εἰπόντες
752 1021 858 1093 (69)
889 1023 937 1075 οἱ
968 1024 1231 1096 Πατέρες,
1251 1024 1474 1087 εἰκότως
1500 1022 1593 1078 καὶ
1621 1022 1903 1094 ὁμοούσιον

325 1115 582 1186 εἰρήκασι
601 1132 614 1146 ο
649 1115 852 1186 ταύτην
871 1116 978 1187 γὰρ
1018 1115 1129 1185 ἔχει
1161 1114 1252 1170 καὶ
1285 1115 1347 1168 τὸ
1377 1116 1716 1186 ἀπαύγασμα
1745 1115 1903 1168 δύνα-

331 1222 422 1275 μιν
450 1205 590 1275 πρὸς
614 1205 674 1258 τὸ
703 1207 838 1274 φῶς.
873 1207 1102 1260 Ἕπεται
1137 1206 1194 1260 δὲ
1236 1205 1446 1268 τούτοις
1478 1206 1611 1277 μηδὲ
1654 1205 1751 1276 τὴν
1789 1206 1904 1259 κτί-

327 1311 417 1350 σιν
447 1298 512 1350 ὲκ
535 1295 628 1348 τοῦ
662 1296 736 1367 μὴ
763 1297 918 1360 ὄντος
961 1298 1265 1366 γεγονέναι.
1301 1298 1364 1351 Ol.
1391 1297 1500 1368 γὰρ
1548 1297 1688 1350 κατά
1733 1296 1903 1360 πάθος

325 1385 622 1456 γεννῶντες
643 1387 739 1442 ἄνθ
749 1404 940 1459 ρωποι,
974 1389 1125 1443 αὐτοὶ
1151 1390 1244 1443 καὶ
1265 1389 1363 1462 τὴν
1388 1387 1751 1460 ὑποκειμένην
1772 1387 1902 1459 ὓλην

325 1475 675 1550 ἐργάζονται,
711 1481 806 1532 καὶ
834 1479 1008 1544 ἄλλως
1037 1480 1136 1534 οὐκ
1159 1479 1224 1534 ἂν
1255 1480 1501 1534 δύναιντο
1537 1484 1727 1534 ποιεῖν’
1761 1481 1810 1532 εἰ
1846 1480 1904 1534 δὲ

323 1569 387 1624 τὸ
413 1571 620 1636 κτίζειν
639 1571 738 1625 οὐκ
766 1571 1117 1642 ἀνθρωπίνως
1139 1571 1366 1643 νοοῦμεν
1399 1573 1492 1624 ἐπὶ
1533 1572 1690 1637 Θεοῦ,
1723 1571 1902 1642 πολλῷ

329 1663 530 1734 μᾶλλον
554 1663 672 1716 οὐδὲ
700 1664 761 1717 τὸ
791 1666 985 1735 γεννᾷν
1023 1665 1374 1737 ἀνθρωπίνως
1416 1666 1613 1738 πρέπει
1642 1668 1782 1719 νοεῖν
1811 1663 1902 1717 ἐπὶ

324 1751 484 1818 Θεοῦ,
533 1753 654 1806 οὐδὲ
703 1753 764 1806 τὸ
796 1753 1074 1824 ὁμοούαιον
1125 1755 1449 1825 σωματικῶς
1498 1755 1862 1825 ἐκλαμϐάνειν
1883 1795 1901 1817 ,

2005 565 2122 636 ipse
2146 565 2194 620 ei
2227 565 2321 634 qui
2363 580 2420 619 se
2447 565 2635 634 genuit
2664 563 3170 620 consubstantialis.
3202 567 3418 636 Alioqui
3446 567 3578 635 quid

2003 656 2302 712 dixerimus
2330 657 2397 711 de
2415 655 2523 711 lilia
2551 655 2799 727 Jephthe,
2826 671 2948 726 quae
2976 656 3250 725 unigenita
3264 669 3380 712 erat
3412 675 3425 711 :
3457 676 3475 708 ι
3512 656 3578 712 Ει

2004 764 2113 802 non
2149 747 2402 812 habebat,
2443 766 2462 798 ι
2501 747 2598 814 ait,
2636 765 2655 799 ι
2687 747 2826 802 alios
2852 747 3052 802 liberos
3076 747 3163 810 “;
3206 767 3224 798 ι
3263 759 3316 802 ει
3353 750 3419 802 de
3467 750 3578 802 lilio

2004 839 2181 893 viduae
2207 853 2370 908 quem
2410 837 2673 893 Dominus
2707 853 2774 892 ex
2802 839 3036 893 mortuis
3064 839 3368 902 suscitavit,
3397 840 3489 909 qui
3521 850 3577 895 et

2005 930 2120 999 ipse
2151 927 2371 984 fratrem
2402 945 2510 983 non
2563 930 2813 996 habebat,
2854 932 2945 986 sed
2980 931 3291 999 unigenitus
3338 941 3454 985 erat
3482 933 3528 965 "
3557 949 3572 985 ε

2005 1035 2074 1073 an
2106 1026 2336 1088 uterque
2363 1019 2413 1073 ei
2443 1019 2535 1089 qui
2566 1033 2625 1074 se
2655 1028 2918 1088 genuerat
2945 1019 3426 1074 consubstantialis
3465 1035 3575 1073 non

2003 1110 2162 1166 erat?
2193 1109 2362 1164 Erant
2395 1111 2572 1180 plane,
2609 1126 2735 1165 nam
2769 1111 2924 1168 liberi
2972 1120 3129 1167 erant
3175 1130 3190 1167 :
3239 1111 3402 1180 idque
3444 1126 3574 1180 pro-

2004 1202 2183 1271 prium
2224 1199 2410 1255 liberis
2438 1209 2521 1256 est
2545 1217 2675 1272 erga
2707 1211 2958 1271 parentes
2988 1218 3138 1258 suos.
3194 1201 3285 1257 Sic
3314 1217 3438 1257 cum
3468 1201 3574 1256 Pa-

2004 1301 2115 1347 tres
2153 1290 2247 1346 Dei
2283 1290 2480 1348 Filium
2533 1293 2695 1364 6],]
2724 1309 2791 1348 ex
2833 1293 2951 1364 ejus
2981 1294 3285 1349 substantia
3313 1293 3570 1358 dixerint,

2005 1383 2198 1439 merito
2244 1391 2299 1438 et
2347 1384 2870 1440 consubstantialem
2921 1385 3220 1440 dixerunt:
3257 1385 3398 1439 hanc
3427 1385 3573 1440 enim

2003 1475 2112 1528 vim
2139 1487 2193 1529 et
2230 1475 2620 1546 proprietatem
2651 1476 2812 1532 habet
2841 1491 3059 1547 quoque
3089 1476 3346 1546 splendor
3385 1477 3454 1531 ad
3489 1477 3575 1530 luo

2003 1581 2145 1621 cem.
2180 1565 2318 1622 Hinc
2363 1575 2547 1622 autem
2593 1568 2864 1638 sequitur,
2912 1583 3090 1638 neque
3122 1577 3332 1624 creatas
3365 1584 3454 1624 res
3503 1584 3573 1624 ex

2007 1673 2114 1712 non
2141 1659 2440 1713 cxsistente
2473 1657 2646 1713 factas
2675 1673 2816 1715 esse.
2845 1657 3107 1714 Homines
3151 1659 3297 1713 enim
3328 1660 3432 1730 ipsi
3479 1661 3575 1730 qui

2006 1764 2130 1804 cum
2159 1749 2414 1819 passione
2441 1750 2620 1819 aliqua
2650 1750 2897 1822 gignunt,
2930 1751 2986 1805 in
3011 1751 3323 1822 subjacente
3347 1752 3575 1807 materia

324 1841 440 1895 ἀλλ’
462 1843 763 1914 ἀναχωρεῖν
793 1818 872 1895 δεῖ
897 1844 1002 1897 ἀπὸ
1033 1843 1144 1914 (70)
1172 1818 1280 1896 τιῖὗν
1305 1844 1568 1915 γενητῶν,
1619 1818 1714 1898 καὶ
1762 1846 1900 1898 ἀπο-

2007 1818 2322 1912 operantur,
2376 1857 2479 1898 nec
2521 1818 2680 1898 aliter
2711 1818 3012 1913 quidquam
3060 1818 3240 1899 facere
3278 1843 3573 1914 potuerint.

324 1931 573 1997 τιθέντας
595 1933 746 1988 κάτω
777 1952 876 1988 που
924 1935 1024 1999 τὰς
1050 1935 1393 2008 ἀνθρωπίνας
1415 1936 1630 2000 εἰκόνας
1679 1937 1773 1990 καὶ
1802 1936 1901 1990 πά.-

327 2040 426 2088 σας
458 2025 645 2088 ἁπλῶς
669 2025 767 2089 τὰς
798 2026 1102 2098 αἰσθήσεις,
1161 2027 1367 2081 ἀνιέναι
1400 2025 1500 2080 ἐπὶ,
1529 2027 1620 2080 τὸν
1656 2027 1897 2097 Πατέρα,

329 2117 401 2188 μὴ
423 2116 674 2187 λάθωμεν
699 2117 1053 2188 ἀφαιροῦντες
1083 2119 1174 2173 τὸν
1201 2119 1329 2172 Υίὸν
1375 2119 1484 2172 ἀπὸ
1519 2117 1612 2172 τοῦ
1665 2119 1898 2188 Πατρὸς,

325 2208 418 2259 καὶ
446 2206 826 2277 προστιθέντες
857 2211 968 2271 τοῖς
1003 2206 1196 2262 ἑαυτοῦ
1229 2209 1510 2279 κτίσμασι.

2005 1936 2160 2003 Quod
2191 1938 2238 1993 si
2271 1937 2495 1994 creandi
2521 1939 2744 1994 modum
2776 1939 2832 1994 in
2868 1939 2979 1994 Deo
3005 1955 3113 1995 non
3151 1941 3393 1995 humano
3424 1955 3578 1996 more

2004 2029 2361 2098 intelligimus
2385 2072 2400 2097 ,
2433 2030 2607 2088 multo
2647 2030 2828 2087 minus
2853 2030 3107 2103 gignendi
3136 2031 3192 2086 in
3223 2032 3340 2102 ipso
3367 2032 3572 2087 intelli-

2004 2135 2128 2190 gere
2155 2120 2395 2174 humano
2421 2136 2574 2176 more
2597 2121 2878 2185 debemus,
2909 2135 3086 2192 neque
3117 2135 3379 2191 corporeo
3413 2121 3577 2176 modo

2005 2208 2469 2266 consubstantiale
2521 2209 2786 2279 accipere.
2845 2207 2950 2264 Sed
3011 2209 3373 2265 recedendum
3417 2209 3577 2266 nobis

325 2306 409 2351 est
472 2311 502 2350 a
548 2298 711 2352 rebus
783 2296 961 2362 factis,
1025 2311 1090 2352 ac
1155 2298 1418 2367 depositis
1464 2297 1719 2354 humanis
1789 2297 2151 2368 imaginibus,
2208 2299 2572 2369 omnibusque
2625 2299 2850 2354 omnino
2897 2299 3184 2365 sensibus,
3249 2299 3317 2354 ad
3362 2297 3575 2354 Patrem

325 2390 640 2453 ascendere,
695 2404 764 2445 ne
817 2391 977 2445 inscii
1027 2390 1221 2446 Filium
1272 2408 1303 2447 a
1345 2391 1505 2447 Patre
1558 2391 1890 2457 auleramus,
1931 2408 2167 2462 eumque
2193 2394 2357 2450 rebus
2386 2409 2416 2448 a
2442 2408 2502 2450 se
2529 2393 2726 2449 creatis
2752 2393 3136 2463 adiungamus.

396 2483 484 2538 52.
517 2483 625 2537 Καὶ
651 2483 822 2547 ἄλλως
847 2484 924 2549 δὲ,
971 2486 1019 2537 εἰ
1051 2485 1148 2555 μὲν
1180 2485 1394 2556 Πατέρα
1437 2486 1532 2539 καὶ
1559 2485 1688 2538 Υίὸν
1715 2485 1903 2556 ὁμολο-

2074 2487 2162 2541 52.
2226 2485 2467 2542 Rursum
2514 2487 2561 2542 si
2608 2485 2826 2541 Patrem
2872 2495 2926 2541 et
2967 2485 3164 2542 Filium
3223 2486 3575 2552 conﬁtentes,

327 2574 574 2640 γοῦντες,
630 2572 722 2625 δύο
771 2572 921 2636 τινὰς
978 2572 1169 2644 ἀρχὰς,
1212 2573 1370 2644 ἣδύο
1402 2573 1600 2639 (θεοὺς,
1657 2575 1903 2644 καθάπερ

2007 2576 2114 2633 duo
2147 2578 2434 2649 principia,
2461 2587 2555 2633 aut
2579 2579 2718 2633 duos
2750 2578 2890 2633 Deos
2931 2579 3188 2643 dicimus,
3219 2579 3576 2650 quemadmo-

327 2665 592 2734 Μαρκίων
645 2663 737 2718 καί
790 2663 1155 2728 Οὐαλεντῖνος,
1199 2665 1454 2736 λέγομεν,
1495 2667 1527 2735 ἢ
1565 2666 1752 2736 ἕτερόν
1782 2684 1903 2722 τινα

2007 2669 2135 2723 dum
2167 2669 2411 2725 Marcion
2445 2679 2498 2724 ct
2528 2669 2880 2736 Valentinus;
2912 2679 3006 2725 aut
3031 2669 3255 2735 Filium,
3282 2671 3572 2740 quemdam

328 2755 524 2823 τρόπον
580 2753 829 2823 θεότητος
859 2754 1002 2826 ἔχειν
1046 2755 1134 2808 τὸν
1164 2757 1312 2823 Υίὸν,
1345 2757 1437 2810 καὶ
1487 2757 1560 2830 μὴ
1588 2758 1772 2812 εἰκόνα
1811 2759 1903 2811 καὶ

2007 2763 2175 2816 alium
2205 2761 2754 2818 divinitatismodum
2780 2763 3002 2830 habere,
3045 2771 3100 2818 et
3147 2778 3256 2817 non
3287 2778 3408 2819 esse
3438 2763 3574 2818 ima-

329 2843 654 2914 χαρακτῆρα
677 2843 768 2896 τοῦ
805 2845 1016 2916 Πατρὸς
1037 2841 1174 2900 εἶναι
1211 2847 1302 2899 τὸν
1331 2846 1480 2911 Υἱὸν,
1501 2847 1588 2900 διὰ
1619 2847 1680 2900 τὸ
1707 2847 1766 2912 ἐξ
1803 2849 1901 2900 αύ-

2010 2853 2188 2922 ginem
2217 2861 2272 2906 et
2311 2853 2538 2923 ﬁguram
2567 2851 2770 2919 Patris,
2804 2853 2950 2923 quod
2975 2869 3042 2910 ex
3073 2854 3192 2924 ipso
3221 2855 3434 2924 genitus
3461 2855 3533 2909 sit
3560 2873 3575 2908 :

327 2933 418 2988 τοῦ
449 2935 770 3002 πεφυκέναι·
797 2936 937 2990 ἔστω
969 2937 1238 3008 ἀνόμοιος·
1290 2938 1434 3002 ξέναι
1493 2938 1601 3009 γάρ
1631 2941 1736 2992 εἰσι
1769 2957 1903 2992 παν-

2012 2955 2130 3000 esto
2159 2944 2477 3011 dissimilis;
2508 2960 2632 3001 nam
2664 2946 2856 3001 aliena),
2884 2947 3026 3000 inter
3073 2961 3132 3001 se
3177 2961 3404 3016 prorsus
3451 2959 3580 3001 sunt

326 3026 564 3079 τάπασιν
597 3026 838 3097 ἀλλήλων
863 3029 1180 3082 αἱτοιαῦται
1202 3030 1402 3083 οὐσίαι·
1439 3032 1488 3084 εἰ
1524 3030 1581 3084 δὲ
1610 3031 1740 3101 μίαν
1768 3031 1903 3087 σίδαν

2010 3035 2316 3092 istiusmodi
2351 3038 2692 3091 substantiae.
2723 3035 2878 3101 Quod
2919 3036 2964 3091 si
3011 3052 3176 3090 unam
3232 3036 3578 3107 agnoscimus

333 3134 429 3186 μεν
469 3118 564 3172 καὶ
598 3110 762 3188 μόνην
797 3118 1023 3190 θεότητα
1067 3120 1165 3191 τὴν
1212 3119 1304 3174 τοῦ
1337 3121 1569 3190 Πατρὸς,
1599 3121 1787 3174 τούτου
1846 3139 1903 3174 τε

2007 3135 2061 3181 ει
2088 3126 2475 3182 solamPatris
2507 3128 2876 3198 divinitatem,
2923 3128 3198 3200 huiusque
3241 3127 3472 3184 Verbum
3522 3142 3578 3184 et

330 3207 500 3275 Λόγον
531 3210 622 3261 καὶ
655 3208 855 3277 Σοφίαν
888 3205 1026 3263 εἶναι
1051 3211 1141 3264 τὸν
1174 3211 1318 3277 Υἱὸν,
1350 3213 1442 3266 καὶ
1467 3211 1608 3264 οῦτω
1635 3212 1906 3266 πιστεύον⁴

328 3311 419 3361 τες
443 3298 509 3350 οὐ
545 3298 779 3368 λέγομεν
803 3299 896 3353 δύο
926 3298 1123 3366 Θεοὺς,
1156 3301 1256 3371 τήν
1287 3316 1347 3353 τε
1376 3301 1605 3372 ἑνότητα
1645 3301 1738 3355 τοῦ
1774 3302 1904 3357 Υίοῦ

329 3389 464 3461 πρὸς
511 3390 606 3443 τὸν
658 3390 878 3462 Πατέρα
927 3391 1022 3461 οὐχ
1054 3389 1312 3462 ὁμοιώσει
1346 3392 1710 3456 διδασκαλίας,
1771 3392 1906 3449 ἀλλὰ

328 3480 470 3534 κατά
495 3481 595 3550 τὴν
617 3482 802 3534 οὐσίαν
833 3483 927 3536 καὶ
981 3483 1207 3555 ἀληθείᾳ
1254 3483 1364 3555 (71)
1418 3483 1738 3555 φρονοῦμενο
1766 3483 1904 3538 ὥστε

327 3569 414 3622 διὰ
443 3569 605 3623 τοῦτο
637 3570 710 3641 μὴ
733 3570 908 3639 λέγειν
937 3572 1030 3626 δύο
1061 3574 1226 3637 Θεοὺς
1245 3614 1260 3638 ,
1313 3573 1428 3628 ἀλλ’
1453 3574 1548 3627 ἕνα
1577 3574 1728 3641 Θεὸν,
1790 3577 1907 3635 ἐνὸς

327 3659 480 3723 ὄντος
505 3659 676 3723 εἴδους
699 3660 967 3733 θεότητος,
997 3665 1072 3727 ὡς
1104 3663 1220 3717 ἔστι
1271 3665 1330 3717 τὸ
1367 3664 1482 3735 φῶς
1520 3667 1613 3720 καὶ
1637 3668 1698 3719 τὸ
1730 3668 1908 3721 ἀπαύ-

328 3768 554 3822 γασμα⁶
585 3753 742 3806 τοῦτο
767 3754 874 3824 γὰρ
904 3754 1058 3827 ὤφθη
1091 3756 1166 3827 τῷ
1221 3759 1532 3831 πατριάρχῃ
1570 3758 1782 3826 Ἰακὼϐ,
1814 3761 1908 3813 καί

330 3861 495 3914 φησιν
521 3847 554 3913 ἡ
586 3845 794 3915 Γραφή·
832 3866 849 3898 ι
891 3847 1150 3902 Ἀνέτειλε
1177 3850 1234 3902 δὲ
1289 3851 1438 3921 αὐτῷ
1467 3853 1496 3903 ό
1522 3851 1690 3921 ἥλιος,
1743 3853 1909 3923 ἡνίκα

331 3934 578 4006 παρῆλθε
609 3937 670 3990 τὸ
723 3933 863 4002 εἶδος
908 3938 1000 3991 τοῦ
1033 3939 1219 3994 Θεοῦοι
1261 3943 1354 3995 καὶ
1410 3942 1522 4014 (72)
1566 3943 1722 3997 τοῦτο
1770 3943 1905 3998 θεω-

335 4026 554 4094 ροῦντες
574 4030 622 4080 οἰ
658 4028 802 4096 ἆγιοι
831 4029 1105 4100 προφῆται
1139 4032 1231 4086 καὶ
1258 4032 1522 4098 νοοῦντες,
1559 4034 1701 4097 τίνος
1754 4035 1904 4088 ἐστὶν

331 4118 456 4182 Υίὸς
509 4121 604 4172 καὶ
655 4119 836 4186 εἰκὼν,
893 4122 1096 4192 ἔλεγον·
1133 4142 1151 4174 ι
1201 4124 1446 4193 Ἐγένετο
1506 4125 1674 4194 Λόγος
1701 4126 1905 4198 Κυρίου

331 4209 466 4281 πρὸς
494 4209 616 4280 μέ.»
650 4210 1007 4276 Γινώσκοντες
1027 4214 1135 4285 (75)
1161 4214 1251 4267 τὸν
1279 4216 1336 4267 ὲν
1365 4214 1514 4286 αύτῷ
1539 4215 1906 4287 θεωρούμενον

333 4301 424 4356 καὶ
480 4302 1002 4375 ἀποκαλυπτόμενον
1075 4306 1324 4377 Πατέρα,
1393 4307 1655 4380 ἐθάρρουν
1709 4310 1902 4361 εἰπεῖν·

2011 3217 2343 3289 Sapientiam
2369 3219 2572 3275 Filium
2611 3235 2752 3288 esse,
2781 3229 2835 3276 et
2863 3221 2968 3276 hoc
2990 3220 3291 3283 credentes,
3326 3220 3466 3274 duos
3491 3229 3574 3274 ta-

2006 3325 2129 3364 men
2166 3309 2306 3366 Deos
2338 3310 2566 3365 minime
2592 3310 2830 3366 dicimus
2853 3351 2868 3376 ,
2902 3311 3273 3381 unitatemque
3298 3310 3420 3365 Filii
3450 3327 3575 3367 cum

2006 3399 2167 3456 Patre
2213 3419 2322 3457 non
2373 3401 2637 3460 doctrinae
2686 3403 3072 3468 similitudine,
3128 3405 3221 3459 sed
3273 3403 3570 3458 secundum

2002 3490 2389 3557 substantiam,
2420 3501 2474 3548 et
2513 3508 2702 3548 revera
2743 3493 3044 3550 consistere
3077 3495 3382 3557 sentimus,
3412 3493 3484 3547 ita
3514 3503 3574 3547 ut

2004 3591 2290 3652 propterea
2315 3598 2422 3638 non
2453 3585 2591 3640 duos
2617 3584 2780 3649 Deos,
2813 3583 2909 3640 sed
2947 3599 3115 3639 unum
3145 3585 3411 3647 dicamus,
3450 3598 3575 3638 cum

2007 3688 2116 3728 una
2155 3673 2228 3728 sit
2254 3673 2470 3743 species
2492 3673 2816 3738 divinitatis,
2867 3685 2938 3739 ut,
2973 3684 3056 3730 est
3087 3675 3175 3729 lux
3207 3683 3261 3729 et
3293 3675 3574 3744 splendor;

2005 3765 2095 3820 illa
2123 3764 2266 3820 enim
2303 3765 2627 3835 patriarchae
2655 3763 2822 3820 Iacob
2844 3765 3089 3832 visaest,
3125 3767 3308 3836 aitque
3338 3764 3579 3835 Scriptu-

2004 3872 2065 3911 ra
2094 3875 2106 3910 :
2150 3875 2170 3908 ι
2202 3855 2367 3913 Ortus
2403 3864 2487 3912 est
2511 3862 2692 3911 autem
2728 3855 2804 3910 illi
2847 3856 2968 3922 sol,
2999 3864 3289 3926 postquam
3328 3854 3579 3909 transivit

2005 3949 2215 4018 species
2248 3947 2344 4003 Dei
2367 3948 2431 4002 ⁸⁸.
2461 3966 2483 4000 ι
2507 3945 2620 4002 Hoc
2647 3963 2770 4002 cum
2800 3947 3046 4002 viderent
3072 3948 3249 4003 sancti
3277 3947 3575 4018 propheta,

2004 4054 2071 4094 ac
2097 4039 2463 4108 intelligerent
2486 4039 2777 4106 cujusnam
2822 4037 2894 4092 sit
2939 4038 3029 4092 ille
3060 4036 3232 4092 Filius
3271 4047 3325 4092 et
3373 4038 3574 4106 imago,

2005 4130 2220 4184 aiebant
2248 4146 2261 4182 :
2286 4147 2304 4179 ‹
2327 4127 2554 4183 Factum
2583 4137 2667 4182 est
2691 4127 2925 4182 Verbum
2944 4126 3159 4182 Domini
3189 4127 3254 4181 ad
3275 4126 3512 4192 mem”,
3550 4145 3569 4177 ι

2006 4233 2242 4290 cumque
2280 4217 2495 4273 Patrem
2529 4218 2585 4272 in
2615 4232 2680 4273 eo
2720 4219 2898 4273 visum
2929 4218 3337 4288 revelatumqne
3379 4230 3578 4288 cogno-

2006 4317 2236 4373 scerent,
2265 4308 2490 4363 ﬁdenter
2516 4307 2798 4363 dicebant:
2826 4325 2847 4359 ι
2870 4307 3035 4363 Visus
3054 4316 3136 4363 est
3153 4308 3290 4362 mihi
3318 4307 3462 4362 Deus
3486 4323 3580 4376 pa-

338 4411 356 4444 ι
396 4394 572 4464 Ὠφθη
623 4413 712 4465 μοι
758 4399 787 4450 6
835 4397 965 4462 Θεὸς
1015 4397 1123 4452 τῶν
1176 4400 1425 4471 πατέρων
1474 4400 1651 4472 ἡμῶν,
1693 4402 1721 4453 6
1773 4401 1903 4466 Θεὸς

2009 4407 2152 4453 trum
2177 4407 2518 4465 nostrorum,
2537 4397 2678 4453 Deus
2698 4397 2955 4461 Abraam,
2973 4405 3028 4453 et
3051 4396 3200 4453 Isaac
3220 4395 3456 4452 etlacob
3471 4397 3536 4452 ".
3552 4415 3571 4448 ι

346 4459 738 4558 Ἀσράάῥιξκαι
793 4489 903 4560 (ιιι)
947 4459 1131 4544 ἶισαάκ
1183 4493 1277 4545 καὶ
1322 4459 1578 4546 ”ιακις›ἓ.›
1618 4459 1817 4546 τούτου
1849 4459 1903 4546 δὲ

2007 4488 2143 4543 Cum
2175 4487 2340 4558 igitur
2370 4487 2444 4541 ita
2471 4501 2529 4542 se
2554 4502 2641 4542 res
2667 4485 2882 4553 habeat,
2914 4502 3013 4545 cur
3042 4502 3164 4541 eum
3195 4487 3290 4556 qui
3326 4496 3579 4542 unuscst

332 4576 500 4642 οὕτως
529 4578 702 4643 ὄντος,
731 4579 829 4633 διὰ,
851 4579 904 4632 τί
952 4581 1043 4634 τὸν
1095 4581 1188 4635 ἕνα
1220 4582 1352 4635 ὄντα
1405 4582 1540 4654 πρὸς
1564 4583 1656 4636 τὸν
1689 4583 1903 4654 Πατέρα

2007 4592 2131 4632 cum
2162 4575 2343 4640 Patre,
2377 4584 2432 4630 et
2463 4574 2590 4630 talis
2615 4583 2839 4644 apparet
2867 4574 3043 4646 qualis
3064 4583 3148 4632 est
3169 4575 3348 4643 Pater,
3381 4591 3574 4631 secun-

335 4671 427 4725 καὶ
453 4671 799 4742 φαινόμενον,
857 4672 932 4736 ὡς
981 4671 1128 4726 ἐστιν
1171 4676 1198 4727 6
1236 4673 1426 4745 Πατὴρ
1458 4674 1592 4744 (75),
1643 4675 1784 4729 κατὰ
1810 4675 1903 4746 τὴν

2007 4669 2134 4724 dum
2170 4666 2579 4724 similitudinem
2619 4677 2782 4736 atque
2822 4682 2985 4721 unam
3028 4667 3391 4731 divinitatem,
3420 4680 3574 4720 vere-

332 4764 625 4834 όμοιότητα
680 4765 772 4816 καὶ
830 4765 955 4835 μίαν
1003 4763 1249 4834 θεότητα,
1307 4764 1682 4836 εύλαὸούμεθα
1737 4768 1903 4820 εἰπεῖν

2009 4775 2131 4814 mur
2161 4758 2345 4814 dicere
2398 4756 2963 4812 consubstantialem?
2999 4754 3056 4810 Si
3086 4757 3231 4812 enim
3259 4796 3273 4822 ,
3310 4755 3574 4825 quemad-

332 4854 643 4924 6p0060t0»;
669 4839 731 4907 El
759 4854 854 4925 μὲν
877 4854 1005 4927 γὰρ,
1038 4855 1226 4926 ὥσπερ
1259 4857 1471 4927 εἴρηται
1495 4857 1772 4922 πολλάκις,
1815 4857 1903 4911 οὐκ

2010 4849 2234 4905 modum
2267 4848 2465 4918 saepius
2499 4848 2706 4903 dictum
2737 4859 2857 4913 εει,
2891 4847 3095 4902 nullam
3124 4848 3285 4902 habet
3317 4857 3375 4900 ut
3406 4845 3577 4900 Filius

335 4942 446 5013 ἔχει
470 4943 571 5013 τὴν
606 4943 844 5014 ἰδιότητα
866 4945 965 5016 τῆς
998 4945 1268 5018 πατρικῆς
1312 4945 1519 5010 οὐσίας,
1546 4948 1666 5000 οὐδὲ
1687 4948 1784 5018 τὴν
1809 4949 1903 5018 ὲμ-

2011 4941 2396 5012 proprietatem
2425 4940 2902 4995 similitudinemve
2928 4954 3052 4994 cum
3075 4948 3308 5008 paterna,
3325 4938 3577 4992 substan-

335 5033 561 5106 φέρειαν
593 5035 670 5098 ὡς
719 5034 869 5100 Υἱὸς,
914 5035 1093 5100 καλῶς
1153 5035 1545 5107 εὐλαϐούμεθαο
1591 5037 1723 5091 εἰδὲ
1749 5037 1903 5090 τοῦτό

2012 5034 2108 5098 tia,
2144 5048 2206 5089 ca
2239 5045 2372 5086 voce
2403 5029 2482 5085 uti
2530 5039 2676 5086 recte
2704 5045 2973 5085 veremur.
3006 5027 3103 5083 Sin
3145 5036 3324 5083 autem
3361 5028 3450 5082 ille
3493 5035 3579 5084 est

403 5143 457 5214 ’ξ
488 5141 721 5205 διιὼν,
759 5143 848 5198 54.
983 5146 1028 5178 ⁸⁸
1067 5145 1202 5200 Luc.
1235 5162 1330 5214 vn,
1364 5145 1452 5202 l2.
1551 5146 1598 5180 '°
1635 5146 1770 5203 Gen.
1805 5165 1903 5204 xxx

2012 5148 2101 5202 51.
2233 5144 2354 5187 ⁸⁷-⁹⁸
2392 5142 2500 5200 lsa.
2552 5158 2784 5211 xxxvm,
2838 5142 2906 5207 Δις
2947 5139 3058 5197 Jer.
3091 5155 3133 5208 ι,
3163 5140 3219 5208 2,
3253 5141 3308 5207 4,
3339 5141 3436 5205 ll,
3464 5150 3571 5197 etc.

339 5215 383 5248 ”
421 5213 596 5268 Exod.
633 5229 717 5279 nt,
751 5215 842 5273 16.

409 5349 521 5420 (68)
563 5349 880 5420 Eelckm.3,
918 5352 1042 5420 ἄρα.

1551 5146 1598 5180 ⁸⁸
1635 5146 1770 5203 Gen.
1805 5165 1976 5216 xxxu,
2003 5148 2101 5202 51.

2085 5350 2196 5420 (71)
2237 5349 2475 5420 Felckm.
2503 5350 2556 5413 5,
2587 5347 2860 5420 ἀλήθειαν.

409 5417 521 5486 (69)
564 5418 802 5473 Felrkm.
833 5421 886 5486 5,
933 5417 998 5473 ὲκ
1025 5420 1124 5488 τῆς
1147 5418 1331 5481 ούσίας
1357 5419 1449 5472 τοῦ
1483 5419 1694 5489 Πατρὸς
1721 5417 1900 5470 εἰπόνι

2084 5417 2195 5488 (72)
2236 5420 2310 5475 Ita
2340 5419 2572 5489 Regius.
2600 5417 2654 5489 In
2678 5417 2847 5489 editis
2874 5431 3005 5472 vero
3032 5417 3327 5489 xaldeest.

337 5485 445 5562 τες.
492 5489 641 5562 Infra
688 5491 828 5562 idem
880 5502 999 5562 post
1047 5485 1321 5561 εἰρήκασι,
1366 5485 1902 5560 subjungit,"Ena'co.t

2082 5485 2195 5562 (1.3)
2233 5485 2477 5562 Eelclufi._
2501 5489 2534 5540 5
2561 5488 2722 5562 habet
2755 5485 2846 5562 καί
2875 5496 3001 5562 ant_e
3031 5487 3406 5562 γινώσκοντες.

339 5505 445 5552 τες.
492 5493 641 5543 Infra
688 5493 828 5542 idem
880 5502 999 5559 post
1047 5493 1321 5561 εἰρήκασι,
1366 5493 1902 5560 ευὺῙιιιιειιζΈπεται
2105 5493 2195 5562 75)
2233 5493 2468 5544 Felckm.
2501 5493 2534 5540 5
2561 5493 2722 5541 habet
2755 5493 2846 5539 καί
2875 5496 3001 5542 ante
3031 5493 3406 5556 γινώσκοντες.

339 5558 667 5630 δέηοηιίεείε
702 5560 1054 5630 intermediis.
1196 5626 1237 5630 _
1274 5625 1286 5630 Α
1323 5626 1337 5630 _
1708 5628 1737 5630 ᾉ
2082 5493 2196 5630 tu)
2237 5558 2313 5630 Ita
2349 5557 2550 5627 Regius
2590 5564 2644 5610 ct
2682 5554 2919 5611 Fclckm.
2951 5557 3004 5611 5.
3053 5557 3107 5610 ln
3145 5556 3276 5612 edit.
3307 5556 3398 5610 καί
3427 5555 3580 5614 deest

2013 5628 2137 5684 ante
2175 5628 2377 5680 Ἰσαάκ.

2086 5698 2196 5766 (75)
2239 5696 2330 5750 Sic
2374 5694 2607 5767 Felcltm.
2644 5695 2760 5767 Set
2793 5694 2926 5767 edit.
2956 5695 3128 5752 Paris.
3162 5695 3230 5749 At
3277 5693 3480 5767 Regius
3523 5706 3576 5750 ct

2014 5768 2123 5822 edit
2169 5764 2379 5821 Comm.
2410 5765 2482 5828 ὡς
2512 5764 2645 5829 ἔστι,
2675 5765 2910 5834 Πατέρα.

410 5628 522 5697 (70)
565 5626 659 5682 Sic
707 5629 907 5698 Regius
958 5630 1146 5698 codex,
1195 5625 1508 5698 Felckman.
1546 5643 1675 5681 vero
1707 5628 1761 5688 5,
1790 5629 1902 5682 ἀλλ’

343 5698 641 5822 tympani
686 5697 813 5753 ἀπό.
850 5697 1013 5783 Editi‘,
1059 5697 1173 5753 ἀλλ’
1216 5697 1440 5763 omisso,
1502 5699 1803 5769 ἀναχωρεῖν
1847 5699 1903 5753 δὲ
