3966 6226
374 341 477 400 787

940 337 998 392 S.
1039 335 1414 392 ATIIANASII
1454 333 1606 390 OPP.
1649 332 1834 389 PARS
1872 331 1913 386 1.
1954 361 2024 374 --
2062 329 2439 388 HISTORICA
2478 330 2568 387 ET
2602 328 3022 388 DOGMA'I‘ICA.

3520 324 3619 381 788

375 460 550 516 Patria
578 460 797 531 propria
823 459 904 515 vis
934 459 1289 514 illuminatrix
1323 467 1377 513 et
1405 456 1660 520 creatrix,
1691 455 1811 511 sine
1839 469 1948 525 qua

2066 453 2174 507 im
2199 453 2261 510 τὸ
2289 452 2613 524 φωτιστικδν
2640 453 2737 509 καὶ
2784 448 3174 524 δημιουργικὸν
3212 447 3278 501 τὸ
3338 445 3624 501 ίδιαίτατον

372 569 472 606 nec
500 561 674 619 creat,
705 567 806 609 nec
838 552 1187 623 cognoscitur
1221 551 1427 617 (omnia
1458 550 1602 604 enim
1634 563 1732 618 per
1766 548 1944 619 ipsum

371 652 427 696 et
459 643 513 696 in
545 643 664 713 ipso
685 643 1038 715 consistunt),
1073 658 1174 698 cur
1203 658 1317 698 rem
1351 640 1711 710 intelligentes
1739 677 1755 701 ,
1788 654 1947 693 recu-

374 751 563 792 samus
591 752 780 791 vocem
816 735 868 790 id
901 735 1292 807 signiﬁcantem
1322 733 1607 804 proferre?
1634 731 1773 799 Quid
1799 733 1947 788 enim

375 835 461 880 est
499 826 746 895 ejusdem
775 836 984 882 natura;
1012 842 1134 883 esse
1171 828 1328 897 cujus
1355 825 1533 890 Pater,
1565 825 1671 881 nisi
1704 841 1827 882 esse
1870 826 1948 880 illi

379 917 882 973 consubstantiale?
907 917 1024 973 Non
1049 920 1192 973 enim
1221 919 1460 972 alienum
1490 916 1635 973 Deus
1662 918 1823 973 veluti
1847 919 1950 972 mi-

379 1010 553 1063 nistro
607 1024 773 1081 egens
824 1009 1024 1064 Filium
1091 1012 1429 1080 assumpsit;
1504 1025 1683 1080 neque
1734 1010 1950 1081 opiﬁcia

383 1100 630 1155 Creatori
661 1109 790 1157 sunt
818 1102 1080 1173 dignitate
1113 1104 1287 1171 paria,
1323 1114 1384 1156 ut
1407 1102 1629 1172 perinde
1661 1103 1750 1158 illa
1787 1112 1950 1172 atque

379 1193 496 1261 ipse
524 1193 879 1261 honorentur,
904 1204 1017 1262 aut,
1036 1205 1095 1250 ut
1123 1195 1422 1264 putandum
1448 1195 1538 1262 sit,
1565 1211 1628 1250 ea
1655 1206 1708 1251 et
1735 1195 1950 1252 Patrem

383 1300 551 1341 unum
584 1300 724 1341 esse.
758 1287 1012 1356 Alioquin
1044 1289 1188 1345 ausit
1215 1289 1338 1359 quis
1365 1289 1478 1344 haec
1497 1289 1754 1354 dividere,
1782 1304 1848 1343 ae
1869 1289 1952 1344 di-

382 1392 505 1432 cere
531 1379 699 1433 solem
741 1386 796 1434 et
829 1380 1169 1450 splendorem
1205 1382 1313 1436 duo
1339 1396 1462 1437 esse
1496 1381 1722 1448 lumina,
1752 1390 1846 1436 aut
1869 1381 1952 1437 di-

381 1483 594 1524 versam
626 1470 866 1541 aliquam
903 1473 1284 1538 substantiam,
1327 1482 1419 1528 aut
1448 1474 1790 1544 splendorem
1823 1475 1952 1531 solis

381 1561 810 1628 accidens-esse,
848 1573 902 1618 et
944 1580 1054 1620 non
1102 1566 1404 1634 simplicem
1451 1581 1516 1622 ac
1569 1582 1767 1636 purum
1821 1569 1952 1626 solis

381 1664 631 1723 partum;
677 1656 747 1712 ita
795 1666 855 1712 ut
897 1658 1006 1712 duo
1047 1659 1262 1726 quidem
1299 1660 1408 1716 sint
1456 1662 1536 1718 sol
1570 1674 1624 1717 et
1674 1663 1949 1733 splendor,

382 1762 491 1802 una
537 1757 716 1804 tamen
754 1752 869 1814 lux,
901 1766 966 1807 eo
991 1752 1136 1822 quod
1186 1753 1277 1808 ille
1319 1770 1350 1808 a
1391 1755 1506 1809 sole
1555 1755 1782 1810 oriatur.
1813 1754 1951 1810 Cum

2051 547 2145 600 τοῦ
2169 547 2401 619 Πατρὺς,
2436 539 2498 604 οὗ
2523 545 2651 601 ἄνευ
2684 544 2808 599 οὔτε
2849 543 3188 616 δημιουργεῖ,
3216 539 3340 598 οὔτε
3362 536 3626 607 γινώσκε-

2052 655 2142 692 ται
2174 637 2390 709 (πάντα
2427 637 2538 710 γὰρ
2567 637 2634 692 δι’
2663 635 2827 692 αὑτοῦ
2873 635 2970 690 καὶ
2994 636 3053 689 ὲν
3079 631 3230 704 αὑτῷ
3261 630 3578 702 συνέστηκε)
3606 644 3619 656 ⁸

2052 729 2142 784 διὰ
2169 730 2243 795 τί,
2266 729 2328 784 τὸ
2349 731 2583 801 πρᾶγμα
2601 727 2865 792 νοοῦντες,
2903 723 3316 798 παραιτούμεθα
3345 720 3443 793 τὴν
3468 718 3624 773 τοῦτο

2058 822 2428 894 σημαίνουσαν
2484 821 2628 889 λέξιν
2681 821 2892 885 εἰπεῖν;
2952 817 3020 871 Τί
3044 821 3152 888 γάρ
3188 816 3306 868 ἐστι
3353 813 3416 866 τὸ
3453 811 3622 875 οὕτως

2055 913 2292 984 ὀμοφυὲς
2317 911 2397 983 τῷ
2423 911 2598 984 Πατρὶ
2627 911 2662 982 ἢ
2687 909 2971 982 ὁμοούσιον
2996 904 3190 972 αὐτοῦς
3225 905 3298 959 Οὐ
3329 904 3437 974 γὰρ
3471 901 3625 956 ἀλλόφ

2055 1023 2206 1078 τριον
2231 1005 2308 1070 ὡς
2332 1003 2606 1075 ὑπουργοῦ
2637 999 2887 1075 δεόμενος
2920 998 3286 1073 προσελάϐετο
3321 999 3349 1050 ὁ
3379 995 3512 1058 Θεὸς
3533 992 3624 1046 τὸν

2057 1099 2207 1164 Υίὸν,
2237 1097 2359 1152 οὐδὲ
2389 1097 2458 1151 τὰ
2485 1099 2762 1169 ποιήματα
2791 1093 2967 1161 ἰσάξια
3004 1091 3097 1148 τοῦ
3148 1091 3446 1153 κτίσαντος,
3487 1087 3627 1145 ὥστε

2056 1191 2319 1263 τιμᾶσθαι
2345 1190 2518 1245 ταῦτα
2546 1190 2622 1254 ὼς
2651 1191 2875 1253 ἐκεῖνον,
2935 1187 2970 1258 ἢ
3028 1183 3288 1256 νομίζειν,
3334 1182 3413 1234 ὅτι
3459 1178 3627 1236 ταῦτα.

2057 1281 2153 1334 καὶ
2178 1283 2206 1334 ὁ
2228 1280 2416 1353 Πατὴρ
2441 1279 2502 1334 ἓν
2530 1281 2687 1333 εἰσιν.
2722 1279 2792 1332 Ἢ
2817 1275 3141 1349 τολμησάτω
3173 1291 3256 1337 τις
3281 1271 3492 1334 διελεῖν,
3535 1268 3629 1329 καὶ

2059 1374 2250 1438 εἰπεῖν,
2281 1372 2375 1426 δύο
2406 1371 2562 1441 φῶτα
2588 1369 2723 1425 εἶναι
2749 1369 2840 1424 τὸν
2869 1367 3020 1439 ἥλιον
3047 1365 3141 1421 καὶ
3172 1364 3232 1420 τὸ
3263 1361 3626 1432 ἀπαύγασμα,

2058 1466 2091 1537 ἦ
2124 1467 2315 1538 ἑτέραν
2345 1464 2468 1519 τινὰ
2489 1458 2628 1518 εἶναι
2675 1462 2882 1526 οὐσίαν,
2911 1459 2944 1531 ἦ
2996 1459 3078 1513 ὅτι
3111 1454 3520 1526 ὲπισυμϐέὸηκε
3569 1451 3629 1506 τὸ

2059 1559 2416 1629 ἀπαύγασμα,
2443 1559 2537 1612 καὶ
2561 1557 2636 1629 μὴ
2669 1552 2873 1610 ἁπλοῦν
2912 1547 3050 1606 εῖναι
3090 1551 3186 1605 καὶ
3238 1548 3474 1618 καθαρὸν
3505 1545 3628 1616 γέν-

2059 1669 2206 1722 νημα
2237 1652 2302 1705 ἐκ
2319 1650 2412 1704 τοῦ
2445 1649 2595 1721 ἡλίου
2642 1646 2820 1702 τοῦτο’
2865 1645 3013 1701 ὥστε
3034 1643 3126 1697 δύο
3179 1642 3276 1714 μὲν
3315 1636 3454 1693 εἶναι
3480 1638 3630 1709 ἥλιον

2059 1741 2154 1796 καὶ
2183 1739 2545 1812 ἀπαύγασμα,
2573 1740 2630 1794 ἓν
2654 1739 2712 1793 δὲ
2754 1738 2816 1792 τὸ
2849 1737 2984 1808 φῶς,
3049 1734 3138 1790 διὰ
3168 1735 3228 1787 τὸ
3257 1734 3318 1787 ἐκ
3354 1732 3450 1785 του
3480 1731 3629 1801 ἡλίου

383 1839 699 1908 bujusmodi
727 1843 827 1908 sit,
856 1844 966 1899 imo
988 1820 1163 1914 magis
1192 1846 1572 1917 inseparabilis
1606 1857 1798 1904 natura
1829 1849 1951 1906 Filii

2066 1834 2197 1890 εἶναι
2223 1830 2381 1889 τοῦτο
2409 1832 2673 1903 γέννημα.
2707 1830 2973 1900 Τοιαύτης
3007 1828 3064 1882 δὲ
3090 1825 3258 1898 οὔσης
3284 1825 3377 1917 καὶ
3433 1822 3629 1917 μᾶλλον

383 1947 412 1989 a
455 1930 636 1999 Patre,
683 1944 736 1991 ct
776 1951 901 1991 cum
944 1937 1202 1995 divinitas
1229 1938 1369 1994 Filio
1398 1955 1508 1994 non
1537 1941 1829 2006 acciderit,
1861 1941 1955 1997 sed

380 2036 604 2096 paterna
632 2028 888 2084 divinitas
924 2029 977 2083 in
1023 2030 1162 2086 F‘ilio
1204 2031 1313 2092 sit:
1358 2032 1433 2087 ita
1478 2041 1539 2087 ut
1571 2032 1666 2103 qui
1692 2033 1838 2088 videt
1867 2031 1959 2087 Fi-

379 2118 538 2184 lium,
574 2121 628 2174 in
658 2120 774 2190 ipso
797 2119 1012 2177 Patrem
1038 2123 1237 2189 videat,
1264 2139 1363 2180 cur
1393 2126 1488 2198 qui
1512 2125 1823 2197 hujusmodi
1849 2135 1954 2192 est,

384 2226 494 2268 non
525 2212 740 2267 dicatur
770 2215 1294 2273 consubstantialis?

456 2383 543 2438 5'5.
588 2384 684 2441 Sat
710 2388 930 2458 quidem
956 2389 1072 2446 haec
1099 2402 1268 2459 sunt,
1304 2410 1427 2465 qua:
1457 2395 1613 2451 vobis
1649 2395 1914 2451 suadeant
1940 2437 1955 2459 ,

386 2481 446 2536 ut
476 2490 585 2535 non
634 2479 901 2535 accusetis
923 2496 1018 2536 eos
1046 2483 1140 2553 qui
1182 2484 1368 2540 dixere
1406 2485 1601 2542 Filium
1647 2502 1767 2543 esse
1811 2486 1959 2541 Patri

383 2569 925 2643 consubstantialem.
956 2573 1209 2632 Attamen
1258 2577 1430 2646 ipsam
1479 2579 1959 2635 consubstantialis

384 2674 572 2715 vocem
606 2665 905 2720 secundum
943 2682 1002 2722 se
1027 2669 1413 2738 explanemus,
1462 2681 1519 2725 ut
1562 2672 1960 2741 comperiamus

383 2762 567 2816 utrum
603 2756 721 2813 haic
749 2759 913 2830 612
942 2775 1068 2826 vox,
1101 2763 1616 2830 consubstantialis,
1649 2765 1962 2834 usurpanda

387 2848 488 2911 sit,
521 2855 576 2904 et
618 2850 663 2904 si
700 2852 921 2921 propria
961 2854 1032 2908 sit
1071 2854 1256 2921 dictio,
1291 2868 1455 2925 atque
1499 2866 1858 2924 congruenter
1896 2858 1963 2914 de

387 2935 524 2994 Filio
551 2939 785 2996 dicatur.
815 2941 950 2998 Nam
979 2947 1083 3015 ipsi
1113 2947 1266 3002 scitis
1289 2988 1304 3015 ,
1343 2957 1398 3002 et
1431 2964 1590 3003 nemo
1613 2949 1961 3016 dubitaverit,

387 3028 564 3085 simile
585 3045 692 3084 non
719 3031 787 3086 de
809 3033 1150 3102 substantiis,
1179 3037 1273 3092 sed
1299 3037 1365 3092 de
1392 3037 1582 3104 ﬁguris
1606 3047 1661 3093 et
1686 3039 1962 3108 qualitati-

387 3117 490 3176 hus
520 3119 647 3173 dici.
680 3119 755 3176 De
784 3123 1106 3183 substantiis
1136 3127 1305 3190 enim,
1349 3144 1456 3182 non
1497 3127 1818 3195 similitudo,
1866 3128 1960 3184 sed

387 3209 641 3268 identitas
687 3213 794 3269 dici
835 3215 1014 3271 debet.
1063 3215 1239 3277 Homo
1279 3219 1443 3288 igitur
1485 3220 1726 3276 hominis
1767 3221 1960 3276 similis

387 3304 612 3371 dicitur,
643 3322 753 3362 non
782 3311 1083 3366 secundum
1117 3314 1501 3376 substantiam,
1539 3315 1632 3370 sed
1663 3317 1958 3373 secundum

389 3394 632 3452 habitum
670 3407 723 3452 et
769 3398 996 3470 ﬁguram
1040 3418 1053 3454 :
1105 3403 1250 3472 quod
1301 3404 1368 3458 ad
1420 3406 1778 3463 substantiam
1814 3396 1962 3462 enim

385 3484 633 3553 ejusdem
663 3497 872 3544 naturai
918 3501 1068 3546 sunt.
1113 3491 1354 3548 Rursum
1386 3495 1550 3550 homo
1593 3497 1713 3552 cani
1752 3512 1962 3568 nequa-

386 3592 551 3646 quam
581 3577 870 3636 dissimilis
910 3581 1132 3650 dicitur,
1162 3583 1259 3638 sed
1296 3583 1524 3641 diversae
1555 3595 1762 3642 naturae
1791 3605 1804 3641 :
1833 3603 1964 3656 ergo

389 3667 537 3736 quod
587 3668 830 3739 ejusdem
874 3680 1087 3738 naturae
1145 3681 1248 3740 est,
1293 3675 1456 3729 etiam
1501 3676 1966 3732 consubstantialc

389 3767 508 3827 est;
549 3769 604 3816 et
637 3763 782 3833 quod
821 3763 1053 3820 diversae
1093 3776 1324 3830 natura},
1366 3766 1595 3823 diversa:
1633 3769 1797 3823 etiam
1835 3770 1966 3826 sub-

387 3853 622 3910 stantiis.
672 3853 1013 3927 Quapropter
1061 3859 1154 3928 qui
1212 3858 1621 3915 dicit'similem
1668 3861 1963 3917 secundum

389 3944 782 4013 Substantiam,
832 3962 898 4002 ex
936 3948 1355 4018 participatione
1395 3949 1629 4006 similem
1676 3951 1809 4008 dicit
1840 3971 1853 4006 :
1890 3952 1967 4006 si-

387 4037 638 4094 militudo
663 4040 808 4094 enim
832 4049 915 4096 est
934 4041 1191 4111 qualitas,
1224 4057 1346 4111 quae
1369 4043 1688 4099 substantiae
1720 4044 1967 4118 accidere

393 4139 591 4192 potest.
647 4130 763 4188 Hoc
809 4142 991 4189 autem
1048 4136 1283 4205 opiﬁciis
1326 4136 1605 4205 proprium
1657 4135 1854 4202 fuerit;
1901 4151 1966 4191 ea

390 4223 535 4277 enim
566 4238 632 4277 ex
662 4225 1081 4295 participatione
1109 4226 1220 4282 Deo
1249 4226 1449 4282 similia
1477 4227 1804 4281 efficiuntur.
1829 4224 1963 4279 Nam

394 4334 413 4366 ι
451 4331 603 4378 cum,
634 4335 652 4368 ι
681 4316 775 4383 ait,
801 4336 820 4366 ‹
851 4319 1165 4388 apparuerit
1193 4319 1305 4385 ille,
1343 4317 1550 4374 similes
1575 4318 1623 4371 ei
1653 4318 1859 4372 erimus
1887 4318 1961 4381 ‘,i

389 4402 594 4458 similes
639 4404 849 4460 scilicet
884 4421 992 4460 non
1049 4408 1376 4476 substantia,
1412 4409 1506 4464 sed
1551 4408 1789 4462 ﬁliorum
1835 4407 1968 4462 ado-

2055 1924 2360 1998 ἀδιαιρέτου
2390 1923 2491 1994 τῆς
2535 1922 2747 1993 φύσεως
2802 1920 2896 1975 τοῦ
2933 1918 3062 1973 Υἱοῦ
3103 1918 3212 1989 (76)
3243 1915 3378 1987 πρὸς
3398 1914 3489 1967 τὸν
3522 1914 3632 1966 Πα-

2054 2021 2208 2095 τέρα,
2248 2019 2344 2073 καὶ
2379 2017 2478 2071 οὐκ
2499 2015 2881 2088 ἑπισυμῦάσης
2928 2013 3028 2084 τῆς
3068 2009 3321 2079 θεότητος
3373 2005 3448 2074 τῷ
3493 2003 3628 2074 Υἱῷ,

2055 2115 2192 2170 ἀλλά
2213 2113 2315 2184 τῆς
2343 2110 2618 2183 πατρικῆς
2642 2108 2894 2180 θεότητος
2925 2104 3090 2177 οὗσης
3139 2105 3195 2156 ὲν
3223 2099 3302 2170 τῷ
3326 2097 3461 2169 Υἱῷ,
3491 2097 3630 2161 ὥστε

2055 2207 2146 2260 τὸν
2167 2204 2448 2280 ἑωρακότα
2467 2203 2558 2256 τὸν
2579 2201 2707 2255 Υίδν
2741 2200 2874 2272 ὁρᾷν
2905 2200 2964 2253 ὲν
2994 2195 3143 2268 αὐτῷ
3167 2193 3258 2248 τὸν
3289 2190 3530 2262 Πατέρα,
3546 2187 3630 2241 διὰ

2057 2299 2108 2352 τί
2142 2301 2170 2352 ὁ
2195 2297 2432 2361 τοιοῦτος
2465 2295 2539 2367 μὴ
2560 2293 2626 2348 ἂν
2651 2292 2862 2362 λέγοιτο
2892 2289 3206 2361 όμοούσιος;

2127 2389 2218 2444 55.
2256 2389 2411 2441 Ἔστι
2467 2387 2565 2457 μὲν
2613 2383 2724 2455 (77)
2763 2378 2856 2436 οὖν
2889 2379 3049 2436 ἱκανά
3107 2380 3202 2434 καὶ
3245 2376 3418 2431 ταῦτα
3448 2375 3630 2427 πεῖσαι

2060 2483 2223 2554 ὑμᾶς,
2261 2478 2337 2553 μὴ
2363 2479 2686 2548 κατηγορεῖν
2733 2474 2842 2529 τῶν
2876 2473 3193 2545 εἰρηκότων,
3223 2468 3507 2539 ὁμοούσιον
3561 2461 3636 2518 εἷ-

2059 2590 2147 2627 ναι
2177 2571 2269 2626 τὸν
2301 2569 2431 2625 Υἰδν
2461 2568 2542 2640 τῷ
2569 2567 2764 2640 Πατρί·
2801 2566 2894 2622 καὶ
2937 2563 3108 2634 αὐτὴν
3135 2562 3192 2616 δὲ
3214 2563 3361 2633 ὅμως
3388 2560 3489 2631 τὴν
3539 2555 3634 2610 τοῦ

2061 2663 2344 2736 όμοουσῑου
2374 2661 2516 2726 λέξιν
2574 2658 2694 2716 καθ’
2717 2657 2914 2729 ἑαυτὴν
2973 2655 3331 2725 ἐξετάσωμεν,
3379 2651 3462 2704 ἵνα
3492 2648 3634 2720 γνῶο

2064 2774 2187 2828 μεν,
2227 2757 2276 2810 εί
2308 2755 2415 2828 χρὴ
2449 2754 2626 2823 λέγειν
2680 2752 2819 2816 ὅλως
2869 2749 3171 2821 ὁμοούσιον,
3233 2747 3328 2800 καὶ
3375 2747 3423 2797 εἰ
3473 2741 3637 2814 κυρία

2061 2850 2204 2915 λέξις
2231 2850 2365 2916 ἐστὶ,
2394 2849 2486 2902 καὶ
2519 2844 2862 2920 ἁρμοζόντως
2885 2843 3031 2898 ἐστὶν
3084 2841 3224 2911 αὕτη
3263 2838 3354 2892 ἐπὶ
3384 2835 3513 2890 Υἱοῦ
3553 2831 3641 2888 λε-

2062 2941 2290 3012 γομένη.
2315 2939 2504 2993 Οἴδατε
2533 2938 2644 3010 γὰρ
2669 2937 2763 2991 καὶ
2786 2937 2966 3005 ὑμεῖς,
3019 2930 3112 2987 καὶ
3136 2931 3242 2985 οὐδ’
3269 2931 3334 2985 ἄν
3355 2946 3441 2992 τις
3464 2928 3637 2997 ἀμφι·-

2065 3032 2250 3087 6άλλοι
2279 3031 2414 3103 (78),
2442 3032 2524 3085 ὅτι
2555 3030 2616 3083 τὸ
2643 3030 2828 3101 ὅμοιον
2857 3027 2956 3084 οὐκ
2989 3023 3082 3078 ἐπὶ
3130 3022 3239 3076 τῶν
3260 3021 3478 3081 ούσιὼν,
3523 3018 3640 3073 ἀλλ’

2066 3126 2158 3180 ἐπὶ
2187 3124 2480 3196 σχημάτων
2501 3122 2595 3177 κα)⁵
2623 3121 2919 3192 ποιοτήτων
2945 3115 3163 3185 λέγεται
3181 3115 3383 3184 ὅμοιονο
3414 3111 3508 3164 ὲπ).
3533 3109 3645 3180 γὰρ

2064 3219 2173 3272 τῶν
2202 3217 2398 3271 οὐσιῶν
2431 3217 2530 3286 οὐχ
2558 3212 2832 3285 ὁμοιότης,
2852 3206 2988 3264 ἀλλὰ
3005 3205 3272 3276 ταυτότης
3302 3204 3369 3258 ἂν
3399 3200 3640 3272 λεχθείη.

2069 3309 2388 3381 Ἀνθρωπος
2419 3305 2548 3375 γοῦν
2572 3301 2841 3376 ἀνθρώπῳ
2881 3302 3063 3372 ὅμοιος
3099 3297 3334 3366 λέγεται,
3382 3294 3444 3347 οὐ
3500 3291 3647 3347 κατά

2064 3400 2165 3472 τὴν
2190 3399 2397 3462 οὐσίαν,
2439 3395 2576 3451 ἀλλά
2625 3393 2768 3448 κατά
2806 3392 2866 3446 τὸ
2893 3390 3078 3462 σχῆμα
3116 3388 3211 3445 καὶ
3259 3386 3351 3439 τὸν
3405 3381 3516 3454 (79)
3548 3401 3644 3453 χα-

2068 3491 2424 3566 ρακτῆρα-τῇ
2453 3488 2561 3560 γὰρ
2612 3486 2770 3557 οὐσίᾳ
2822 3485 3080 3554 ὁμοφυεῖς
3141 3481 3267 3534 είσι.
3319 3477 3430 3531 Καὶ
3481 3475 3645 3529 πάλιν

2066 3585 2350 3656 ἄνθρωπος
2381 3582 2504 3636 ιιιυν)⁴
2539 3581 2640 3632 οὐκ
2672 3577 2922 3649 ἀνόμοιος
2954 3573 3064 3645 (80)
3113 3573 3348 3643 λέγεται,
3383 3568 3499 3624 ἀλλ’
3531 3569 3648 3621 ἐτε-

2070 3648 2310 3750 ροφυήςί
2337 3672 2532 3728 οὐκοῦν
2557 3671 2617 3724 τὺ
2654 3670 2753 3742 μὲν
2773 3648 3011 3739 όμοφυὲς
3037 3665 3128 3719 καὶ
3155 3661 3459 3734 ὁμοούσιον,
3495 3657 3559 3711 τὸ
3589 3657 3646 3710 δὲ

2068 3767 2355 3841 ἑτεροφυὲς
2371 3767 2464 3819 καὶ
2484 3762 2836 3835 ὲτεροούσιον,
2857 3759 2947 3814 Διό
2967 3758 3062 3813 καὶ
3083 3760 3112 3811 ὁ
3128 3756 3302 3824 λέγων
3327 3753 3510 3824 ὅμοιον
3527 3751 3647 3804 κατ²

2067 3864 2255 3917 οὐσίαν
2285 3863 2350 3914 ὲκ
2383 3859 2670 3931 μετουσίας
2698 3855 2856 3909 τοῦτο
2872 3847 3327 3921 λέγειὸμοιον.Τδ
3339 3844 3447 3916 γὰρ
3464 3846 3652 3915 ὅμοιον

2068 3955 2290 4026 ποιότης
2322 3953 2488 4015 ἐστὶν,
2507 3935 2637 4021 ’ἥτις
2666 3950 2729 4019 τῇ
2760 3946 2916 4015 οὐσία
2949 3939 3282 4014 προσγένοιτ’
3303 3938 3386 3992 ἄν.
3404 3935 3581 3989 Τοῦτο
3593 3934 3650 3987 δὲ

2067 4045 2174 4099 τῶν
2203 4025 2521 4114 ποιημάτων
2569 4039 2698 4093 ἴδιον
2746 4037 2811 4092 ἂν
2841 4033 2945 4104 εἴη·
2977 4030 3145 4086 ταῦτα
3172 4028 3280 4100 γὰρ
3303 4029 3368 4080 ἐκ
3418 4025 3650 4096 μετοχῆς

2067 4135 2346 4209 ὁμοιοῦται
2365 4134 2442 4206 τῷ
2465 4131 2602 4202 Θεῷ.
2644 4151 2662 4182 ι
2707 4130 2872 4182 Ὅταν
2902 4145 2920 4178 ι
2948 4125 3077 4196 γάρ,
3111 4122 3264 4193 ιρησὶ,
3288 4139 3306 4171 ι
3337 4115 3649 4209 φανερωθῇ.

2068 4207 2242 4301 ὅμοιοι
2272 4225 2421 4297 αὐτῷ
2461 4222 2750 4295 ἐσόμεθαοι
2785 4221 2959 4291 ὅμοιοι
2999 4213 3239 4288 δηλονότι
3291 4210 3352 4264 οὐ
3373 4212 3441 4281 τῇ
3472 4207 3650 4279 οὐσίᾳ,

2069 4300 2206 4377 ἀλλὰ
2261 4323 2326 4392 τῇ
2359 4319 2586 4389 υἰότητι,
2640 4311 2710 4388 ἦς
2763 4309 3246 4391 μεταλαμϐάνομεν
3303 4303 3434 4374 παρ’
3464 4300 3649 4355 αὑτοῦ.

2069 4415 2133 4468 Ei
2163 4413 2263 4484 μὲν
2288 4406 2382 4466 οὖν
2433 4410 2526 4464 καὶ
2574 4409 2666 4461 τὸν
2695 4405 2825 4459 Υἱὸν
2878 4405 2944 4457 ὲκ
2980 4399 3266 4473 μετουσίας
3320 4395 3534 4464 λέγετε,
3568 4392 3656 4446 λε-

391 4497 594 4564 ptione,
623 4511 788 4576 quam,
813 4513 908 4568 per
944 4514 1070 4554 eum
1105 4486 1516 4570 participamus.
1567 4497 1624 4552 Si
1656 4499 1822 4570 igitur
1842 4513 1959 4554 eum

2073 4501 2253 4570 γέσθω
2283 4501 2382 4571 μὲν
2430 4499 2557 4569 παρ’
2612 4496 2765 4566 ὑμῶν
2812 4491 3146 4565 ὁμοιοούσιος
3205 4485 3518 4579 (81).“Ούκ
3538 4484 3651 4579 ἐστι

389 4603 456 4644 ex
503 4574 920 4659 participatione
958 4591 1156 4646 Filium
1209 4593 1420 4659 dicitis,
1464 4593 1680 4647 dicatur
1728 4607 1762 4668 a
1811 4591 1959 4647 vobis

2076 4593 2260 4664 μέντοι
2315 4591 2604 4668 λεγόμενος
2660 4585 2834 4668 οὕτως
2876 4583 3122 4655 ἀλήθεια,
3176 4580 3296 4634 οὐδὲ
3347 4577 3485 4640 ὅλως
3517 4574 3653 4651 φῶς,

391 4682 701 4738 substantia
734 4683 930 4761 similis
960 4701 974 4738 :
1008 4686 1101 4740 sed
1141 4686 1186 4742 si
1227 4686 1298 4740 ita
1333 4674 1654 4758 appelietur,
1692 4699 1793 4762 nec
1824 4685 1968 4761 veri-

389 4785 495 4841 tas,
546 4791 647 4854 nec
696 4776 881 4855 lumen
927 4778 1220 4846 ullatenus,
1269 4793 1369 4834 nec
1421 4789 1610 4852 natura
1660 4776 1804 4834 Deus
1843 4777 1967 4832 erit.

389 4865 524 4922 Nam
553 4883 677 4938 quae
720 4883 784 4938 es
827 4869 1244 4940 participatione
1272 4877 1421 4934 sunt,
1453 4884 1559 4923 non
1598 4884 1742 4935 vere,
1769 4869 1864 4924 sed
1895 4869 1971 4924 si-

391 4961 702 5017 militudine
732 4961 982 5038 veritatis
1025 4963 1224 5018 similia
1258 4962 1557 5040 dicuntur;
1599 4963 1674 5018 ita
1721 4971 1782 5017 ut
1825 4962 1971 5038 quod

390 5054 767 5125 participatur,
798 5070 829 5110 a
860 5047 1315 5126 participantibus
1342 5045 1589 5110 decidere
1615 5065 1670 5111 et
1704 5055 1818 5110 tolli
1844 5039 1972 5126 pos-

390 5148 464 5203 sit
490 5166 504 5202 :
531 5147 638 5204 hoc
681 5155 864 5203 autem
907 5147 1108 5204 creatis
1141 5147 1306 5203 rebus
1354 5156 1518 5218 atque
1558 5148 1792 5218 opiﬁciis
1847 5163 1973 5218 pro-

461 5307 480 5341 ¹
520 5303 729 5361 lJoan.
760 5321 852 5373 ιιι,
880 5305 935 5360 2.

460 5443 576 5514 (76)
613 5444 721 5497 Τοῦ
757 5442 890 5496 Υἱοῦ
924 5442 1082 5514 deest
1104 5441 1160 5514 in,
1184 5438 1508 5514 Felckmﬁ.

461 5505 571 5600 (:17)
612 5514 926 5571 Felckman.
955 5507 1214 5578 5,¹Έσται
1251 5511 1350 5582 μὲν
1383 5505 1500 5588 οὖν,
1549 5507 1670 5569 Mox
1727 5505 1930 5593 Regius
1957 5547 1971 5572 ,

616 5655 817 5726 Regius
849 5655 1042 5726 codex,
1081 5652 1402 5726 ἀμφιϐάλοι.

466 5726 580 5789 (79)
619 5724 721 5778 Τόν
749 5726 901 5778 deest
932 5726 982 5777 in
1017 5724 1201 5792 licgio.

469 5794 597 5879 (80).
622 5797 700 5849 lia
745 5793 986 5850 Felckm.
1021 5795 1055 5847 5
1086 5791 1139 5848 et
1165 5793 1384 5864 Regius,
1420 5793 1516 5878 qui
1563 5801 1745 5852 tamen
1799 5791 1978 5864 prima

2070 4685 2191 4740 οὐδὲ
2223 4683 2380 4756 φύσει
2411 4683 2560 4746 Θεὸς.
2595 4665 2681 4734 ’Τὰ
2705 4665 2813 4749 γάρ
2859 4680 2924 4731 ὲκ
2957 4673 3245 4747 μετουσίας
3271 4672 3371 4724 οὐκ
3403 4668 3650 4740 ἀληθείᾳ,

2071 4779 2185 4834 ἀλλ’
2211 4777 2465 4849 ὁμοιώσει
2491 4777 2591 4847 τῆς
2616 4773 2876 4845 ἀληθείας
2910 4770 3130 4839 λέγεται
3166 4769 3348 4839 ὅμοια,
3385 4763 3527 4817 ὥστε
3561 4761 3654 4815 καὶ

2075 4873 2452 4945 μεταπίπτειν,
2483 4868 2576 4946 καὶ
2605 4864 2953 4939 ἀφαιρεῖσθαι
2981 4861 3234 4916 δύνασθαι
3255 4857 3364 4913 ἀπὸ
3391 4856 3500 4909 τῶν
3527 4871 3654 4927 μετ-

2071 4967 2302 5037 εχόντων
2347 4964 2448 5036 τὴν
2490 4959 2809 5033 μετάληψιν.
2839 4955 3012 5010 Τοῦτο
3062 4953 3119 5007 δὲ
3167 4951 3327 5027 πάλιν
3360 4949 3492 5003 ἴδιον
3545 4946 3652 5000 τῶν

2073 5058 2388 5130 κτισμάτων
2418 5055 2514 5109 καὶ
2569 5050 2887 5124 ποιημάτων
2939 5046 3105 5101 ἐστίν.
3165 5041 3375 5098 Οὐκοῦν
3417 5041 3465 5094 εί
3499 5037 3652 5092 τοῦτο

2072 5153 2293 5214 ἄτοπον,
2322 5150 2422 5204 οὐκ
2453 5146 2523 5202 ἂν⁴
2574 5145 2660 5216 εἴη
2708 5146 2774 5198 ὲκ
2836 5139 3144 5213 μετουσίας,
3182 5134 3319 5214 ἀλλά
3369 5131 3536 5209 φύσει,
3560 5130 3652 5207 καὶ

2076 5451 2242 5490 manu
2277 5430 2486 5494 habuit,
2520 5430 2587 5484 ἂν
2615 5430 2820 5499 ὅμοιος,
2843 5434 2926 5499 “ut
2964 5426 3174 5499 Alegitur
3206 5421 3481 5499 in_edit_i_s._
3516 5419 3648 5499 ibid.

2075 5499 2209 5575 Regi
2213 5521 2244 5559 ιι
2244 5519 2299 5575 s,
2327 5490 2567 5575 λέγεται,
2593 5490 2920 5575 rebte._Ed_it.
2931 5537 2951 5574 ,_
2963 5490 3221 5575 ieiuni.
3233 5492 3374 5575 ﬁlex.
3391 5490 3649 5575 [πορεία-5,

2079 5562 2188 5630 οὑξ
2212 5562 2304 5629 οὖν
2333 5562 2741 5640 τὸ’μὲν,ἰ’θειθ,
2762 5569 2821 5640 In
2847 5566 3017 5636 Regio
3038 5562 3097 5640 et
3118 5563 3282 5640 editis
3442 5563 3614 5640 (least:

2150 5647 2258 5712 (Si)
2300 5643 2392 5699 Sic
2421 5631 2643 5712 Regius.
2670 5639 2833 5712 Editi,
2856 5631 3202 5712 Αὸμοιούσιος..
3234 5631 3574 5712 ΜόιῬιξιςΙι.
3598 5632 3656 5710 1'),

2075 5703 2253 5781 οὕτως’
2278 5703 2529 5786 ἀληθείᾳ,
2566 5711 2678 5768 ἀλλ’
2707 5703 2992 5781 ὁμοιώσει,
3017 5706 3237 5765 omissis
3261 5703 3564 5781 nonnullis.
