3966 6226
387 282 488 342 739
1797 287 1888 344 DE
1925 288 2230 345 SYNODIS.
3530 303 3632 360 790

385 398 610 471 ἀληθεία
633 401 780 467 mg,
810 403 945 473 φῶς,
981 404 1159 475 σοφία,
1200 405 1352 470 θεός.
1390 405 1553 460 Φύσει
1585 408 1643 463 δὲ
1675 407 1749 462 ὢν
1773 408 1866 463 καὶ
1898 409 1940 461 oi

2061 410 2238 480 prium
2259 419 2360 466 est.
2395 409 2578 482 itaque
2599 413 2646 468 si
2675 413 2974 472 absurdum
2999 416 3130 474 illud
3152 427 3256 487 est,
3283 435 3634 492 nequaquam

387 493 608 562 μετοχῇ,
635 492 735 547 οὐκ
760 493 825 548 ἂν
857 495 1057 567 κυρίως
1083 497 1300 568 λεχθείη
1328 498 1658 568 ὁμοιοούσιος
1689 498 1820 570 (8‘2),
1840 499 1939 552 ἀλλ

2058 499 2164 554 erit
2207 515 2274 554 ex
2316 499 2751 572 participatione,
2809 504 2902 559 sed
2947 519 3014 560 ex
3047 515 3242 562 natura
3285 517 3341 564 et
3380 510 3629 578 veritate,

383 582 686 652 όμοούσιος.
712 588 776 640 '0
807 587 864 641 δὲ
892 588 1026 659 μηδὲ
1051 591 1138 643 ἐπ’
1158 590 1332 645 ἄλλων
1355 591 1420 645 ἄν
1445 609 1528 656 τις
1560 592 1724 646 είποιο
1743 591 1940 662 ὲδείχθτ

2058 589 2249 655 Filius,
2307 591 2514 658 lumen,
2560 593 2846 663 sapientia,
2898 594 3083 652 Deus:
3122 613 3242 652 cum
3297 609 3478 655 autem
3534 618 3634 657 na-

381 675 490 746 γὰρ
522 675 582 728 τὸ
605 677 788 746 ὅμοιον
855 679 929 750 μὴ
980 680 1073 733 ἐπὶ
1111 681 1219 734 τῶν
1267 681 1466 735 οὐσιῶν
1498 682 1804 754 λεγόμινον·
1841 681 1940 743 πῶς

2057 691 2180 736 tura
2216 682 2339 738 talis
2376 684 2446 738 sit
2476 693 2528 738 et
2569 699 2680 738 non
2729 685 3166 758 participatione,
3193 705 3469 758 nunquam
3500 707 3630 762 pro-

381 766 480 820 οὐκ
503 768 728 839 ἀνόητον
766 771 884 841 μὲν,
919 772 952 842 ἢ
1003 773 1142 843 τάχα
1168 773 1262 827 καὶ
1292 774 1526 845 χαλεπὸν
1570 775 1728 827 τοῦτο
1751 774 1940 848 προφέ-

2057 772 2174 844 prie
2219 773 2521 828 substantia
2559 775 2755 831 similis
2801 775 2915 832 «dici
2961 779 3217 846 potuerit,
3255 780 3349 834 sed
3389 782 3628 836 consub-

383 876 498 930 ρειν
524 860 616 913 ἐπὶ
650 861 799 926 Υίοῦ,
831 863 924 916 καὶ
951 863 1026 934 μὴ
1053 864 1250 935 μᾶλλον
1271 867 1332 918 τὸ
1359 866 1640 936 ὁμοούσιον
1663 883 1677 931 ;

2059 863 2352 919 stantialis.
2381 863 2536 931 Quod
2575 873 2756 921 autem
2807 866 2876 921 de
2919 866 3041 922 aliis
3086 882 3249 923 nemo
3291 869 3490 926 dixerit
3515 873 3633 940 (de-

382 961 739 1008 monstratum
771 964 854 1011 est
891 956 1034 1011 enim
1066 997 1082 1024 ,
1123 956 1300 1012 simile
1349 959 1415 1012 de
1461 958 1781 1013 substantiis
1829 971 1941 1011 non
2011 955 2361 1026 praedicari),
2415 957 2533 1028 qui,
2582 973 2809 1028 quaeso,
2861 974 2970 1015 non
3019 961 3247 1017 stultum
3300 960 3506 1031 fuerit,
3575 975 3631 1020 et

380 1043 613 1101 fortasse
671 1047 838 1103 etiam
911 1049 1293 1120 gravissimum
1370 1052 1424 1107 id
1505 1054 1572 1110 de
1646 1051 1786 1108 Fiiio
1843 1049 2126 1122 proferre,
2180 1058 2236 1106 et
2293 1068 2404 1108 non
2441 1052 2625 1123 potius
2671 1069 2795 1109 eum
2876 1056 3393 1113 consubstantialem
3443 1059 3630 1130 appel-

379 1137 532 1195 lare?

448 1231 534 1286 54.
563 1232 662 1288 Διὰ
708 1233 867 1289 τοῦτο
917 1235 1026 1307 γὰρ
1058 1238 1152 1291 καὶ
1204 1241 1238 1310 ἡ
1273 1241 1330 1294 ὲν
1359 1239 1567 1312 Νικαίᾳ
1614 1239 1772 1293 σύνοδ
1798 1256 1826 1303 ς
1853 1256 1940 1292 κα-

2130 1238 2221 1293 54.
2281 1236 2490 1292 Idcirco
2537 1236 2705 1308 probe
2762 1234 2980 1292 Nicana
3032 1237 3272 1308 synodus
3316 1237 3369 1294 id
3413 1237 3631 1309 scripsit

377 1320 483 1386 λῶς
515 1323 772 1395 ἔγραψεν,
803 1327 939 1399 ὅπερ
977 1327 1215 1400 ἔπρεπεν
1245 1331 1440 1394 εἰπεῖν,
1469 1331 1727 1402 γεννητὸν
1753 1332 1818 1384 ὲκ
1855 1333 1940 1401 τῆς

2059 1329 2204 1402 quod
2248 1338 2675 1384 consentaneum
2709 1338 2864 1394 erat,
2913 1327 3110 1383 Filium
3154 1344 3349 1400 nempe
3387 1345 3455 1385 ex
3499 1331 3632 1386 sub-

375 1414 556 1480 οὐσίας
589 1416 680 1470 τοῦ
707 1418 918 1490 Πατρὸς
959 1419 1050 1474 τὸν
1100 1421 1225 1475 Υίδν
1273 1423 1573 1494 ὁμοούσιον.
1623 1423 1806 1477 Ταῦτα
1841 1422 1940 1494 (85]

2059 1422 2258 1478 stantia
2305 1419 2483 1476 Patris
2547 1420 2790 1491 genitum
2824 1461 2841 1488 ,
2897 1435 3020 1476 esse
3085 1423 3626 1479 consubstantialem.

377 1507 469 1559 καὶ
498 1507 660 1577 ἡμεῖς
683 1509 962 1580 μαθόντες,
1017 1511 1092 1583 μὴ
1139 1515 1551 1586 σκιαμαχῶμεν,
1585 1515 1678 1569 καὶ¹
1718 1515 1940 1586 μάλιστα

2059 1512 2186 1569 Haec
2210 1512 2400 1568 eadem
2434 1526 2534 1566 nos
2565 1527 2689 1590 cum
2723 1511 3098 1577 didicerimus,
3145 1527 3214 1568 ne
3251 1528 3376 1568 cum
3420 1515 3630 1572 umbris

374 1595 750 1664 γινώσκοντες,
776 1600 856 1654 ὅτι
878 1602 928 1654 οί
964 1603 1056 1656 καὶ
1115 1602 1288 1657 ταῦτα
1342 1604 1684 1676 γράψαντες,
1734 1606 1834 1676 οὐχ
1875 1604 1940 1668 ὡς

2054 1618 2391 1676 pugnemus:
2417 1603 2570 1672 gnari
2599 1603 2839 1658 maxime
2867 1617 2982 1670 eos,
3011 1603 3103 1674 qui
3130 1604 3246 1659 haec
3268 1605 3628 1674 scripserunt,

372 1689 840 1762 παρεξηγούμενοι
864 1693 962 1765 τὴν
985 1693 1260 1766 ἀλήθειαν,
1314 1696 1428 1749 ἀλλ’
1459 1696 1798 1760 ἐκδικοῦντες
1849 1695 1940 1766 μὲν

2053 1711 2163 1750 non
2211 1694 2392 1750 studio
2437 1706 2603 1762 prave
2646 1691 2952 1761 explicandi
3009 1692 3312 1757 veritatem,
3355 1693 3451 1748 sed
3506 1708 3628 1748 eam

368 1778 465 1850 τὴν
490 1781 750 1852 ἀλήθειαν
779 1783 872 1837 καὶ
896 1784 995 1856 τὴν
1019 1787 1099 1849 είς
1146 1787 1382 1858 Χριστὸν
1413 1788 1712 1855 εὐσέϐειαν,
1758 1786 1950 1842 καθαι-

373 1869 591 1940 ροῦντες
615 1871 670 1926 δὲ
697 1872 794 1938 τὰς
813 1876 930 1928 κατ’
951 1877 1115 1930 αὑτοῦ
1132 1877 1240 1932 τῶν
1269 1878 1684 1950 Ἀρειομανιτῶν
1709 1877 1951 1949 βλασφη-
1986 1873 1998 1884 ’

2057 1805 2165 1846 una
2197 1803 2322 1844 cum
2367 1787 2566 1858 pietate
2607 1786 2661 1840 in
2691 1785 2972 1841 Christum
3020 1786 3322 1850 asserendi,
3366 1797 3419 1841 et
3465 1786 3625 1843 Ario-

2055 1876 2386 1931 manitarum
2427 1875 2794 1947 blasphemias
2827 1875 3156 1942 damnandi,
3197 1877 3276 1931 sic
3311 1875 3469 1932 fidem
3498 1892 3628 1949 pro-

371 1963 518 2033 μίας,
543 1963 718 2031 οὕτως
745 1967 1098 2041 ὡμολόγησαν
1129 1971 1229 2041 τὴν
1282 1972 1484 2026 πίστιν.
1537 1971 1806 2025 Σκεπτέον
1835 1970 1940 2042 γὰρ

2052 1969 2324 2040 mulgasse
2353 1985 2532 2025 suam.
2569 1967 3039 2024 Considerandum
3067 1969 3214 2024 enim
3241 1977 3353 2036 est,
3382 1979 3437 2024 et
3472 1985 3629 2026 accu-

368 2055 461 2107 καὶ
511 2059 871 2131 κατανοητέον
923 2060 1187 2133 ἀκριϐῶς,
1244 2064 1327 2116 ὅτι
1358 2063 1607 2134 λέγοντες
1671 2064 1769 2136 μὲν
1819 2064 1946 2118 ἀνο-

369 2149 670 2218 μοιοούσιον
708 2151 818 2222 (84)
853 2152 949 2205 καὶ
985 2154 1345 2225 έτεροούσιον,
1385 2157 1444 2208 οὐ
1476 2154 1815 2226 σημαίνομεν
1855 2156 1947 2210 τὸν

365 2239 613 2312 ἀληθινὸν
658 2242 807 2308 Υίδν,
849 2243 963 2298 ἀλλ’
1012 2243 1069 2298 ἓν
1098 2263 1150 2298 τι
1182 2245 1291 2300 τῶν
1335 2246 1654 2318 ποιημάτων
1717 2248 1813 2304 καὶ
1855 2247 1947 2301 τὸν

365 2335 672 2406 εἰσποιητὸν
699 2337 794 2394 καὶ
838 2337 984 2394 θέσει
1013 2338 1138 2396 Υίὺν
1168 2339 1302 2410 (85),
1341 2341 1478 2413 ὅπερ
1507 2343 1622 2406 τοῖς
1655 2343 1948 2413 αίρετικοῖς

362 2426 522 2481 δοκεῖ’
551 2428 800 2498 λέγοντες
823 2429 880 2482 δὲ
912 2429 986 2500 μὴ
1039 2431 1332 2502 ἐριστικῶς
1363 2431 1424 2484 τὸ
1478 2432 1785 2503 ὁμοούσιον,
1820 2432 1948 2486 Υίδν

365 2521 703 2591 σημαίνομεν
723 2523 944 2593 γνήσιον
973 2526 1038 2580 ὲκ
1069 2523 1165 2580 τοῦ
1227 2524 1443 2597 Πατρὸς
1489 2525 1772 2593 πεφυκότα
1795 2565 1810 2590 ,
1844 2524 1948 2579 κᾶν

363 2614 420 2664 ὲν
446 2612 622 2685 τούτῳ
651 2614 1119 2686 διαρῤηγνύωνται
1166 2616 1429 2681 πολλάκις
1472 2618 1522 2670 οἱ
1549 2617 1944 2689 Χριστομάχοι.

363 2702 545 2756 Ταῦτα
598 2705 718 2775 μὲν,
775 2706 918 2778 ἅπερ
976 2706 1147 2776 ἔγνων
1198 2706 1329 2777 ὲγὼ,
1396 2708 1491 2761 καὶ
1550 2707 1946 2780 διαλεγομένων

361 2795 570 2864 ἥκουσα
603 2795 899 2868 φρονίμων,
932 2798 1000 2851 δι’
1021 2798 1218 2868 ὀλίγων
1243 2799 1516 2871 γέγραφαο
1548 2801 1708 2871 ὑμεῖς
1738 2799 1816 2866 δὲ,
1844 2799 1944 2872 μέ-

363 2903 542 2953 νοντες
598 2888 691 2943 ἐπὶ
743 2890 834 2944 τὸν
887 2890 1136 2961 θεμέλιον
1161 2891 1286 2946 ’τῶν
1319 2893 1652 2957 ἀποστόλων,
1702 2893 1799 2946 καὶ
1843 2892 1944 2957 τὰς

364 2980 688 3052 παραδόσεις
709 2982 817 3036 τῶν
842 2982 1100 3055 Πατέρων
1118 2982 1229 3055 (86)
1249 2985 1586 3054 κατέχοντες,
1609 2983 1831 3054 εὔχεσθε
1857 2985 1946 3038 ἵνα

361 3072 462 3145 ἢδη
498 3075 629 3127 ποτὲ
661 3074 938 3145 παύσηται
967 3077 1116 3129 πᾶσα
1137 3077 1321 3132 λοιπὸν
1351 3077 1468 3150 ἔρις
1501 3079 1597 3131 καὶ
1625 3077 1805 3147 ζῆλος,
1837 3075 1947 3132 τῶν

359 3181 419 3218 τε
446 3167 736 3239 αίρετικῶν
767 3169 822 3220 αἱ
858 3169 1039 3239 μωραὶ
1071 3167 1326 3241 ζητήσεις
1372 3168 1816 3240 καταγνωσθῶσι,
1852 3170 1948 3224 καὶ

357 3257 509 3311 πᾶσα
539 3257 860 3330 λογομαχία’
897 3261 991 3313 καὶ
1021 3262 1054 3331 ἡ
1097 3259 1194 3331 μὲν
1242 3259 1558 3333 δυσώνυμος
1611 3261 1704 3315 καὶ
1731 3261 1942 3333 ἀνθρω-
1967 3302 2014 3362 C

358 3348 618 3414 ποκτόνος
641 3350 749 3404 τῶν
780 3352 1072 3422 Ἀρειανῶν
1107 3353 1317 3425 αἵρεσις
1372 3352 1775 3424 ὲξαφανισθείη,
1810 3354 1937 3408 ἀνα-

357 3440 588 3512 λάμψειε
621 3443 677 3496 δὲ
711 3444 928 3498 πάντων
953 3446 1010 3498 ὲν
1031 3447 1152 3509 ταῖς
1182 3447 1432 3516 καρδίαις
1461 3451 1494 3520 ὴ
1523 3448 1769 3520 ἀλήθεια,
1798 3449 1940 3504 ὥστε

358 3532 566 3598 πάντας
596 3534 872 3606 πανταχοῦ
924 3536 985 3588 τὸ
1017 3537 1149 3591 αὐτὸ
1191 3537 1393 3606 λέγειν,
1435 3539 1530 3592 καὶ
1580 3540 1689 3611 (87)
1719 3541 1779 3594 τὸ
1808 3542 1940 3596 αὐτὸ

358 3631 595 3699 φρονεῖν·
637 3628 909 3699 μηδεμιᾶς
932 3631 990 3685 δὲ
1040 3630 1120 3684 ἐτι
1154 3632 1613 3705 περιλειπομένης
1656 3635 1940 3706 Ἀρειανῆς

355 3717 684 3789 δυσφημίας,
709 3719 932 3791 λέγηται
957 3722 1052 3775 καὶ
1079 3723 1404 3794 ὁμολογῆται
1430 3725 1570 3778 κατὰ
1601 3728 1777 3781 πᾶσαν
1820 3727 1940 3782 Ἐκ-

355 3810 604 3882 κλησίανο
635 3830 653 3861 ι
686 3806 780 3875 Εἷς
807 3812 1035 3882 Κύριος,
1069 3813 1168 3884 μία
1199 3813 1402 3880 πίστις,
1453 3815 1512 3869 ἓν
1563 3817 1845 3887 βάπτισμα
1865 3859 1878 3884 ,
1911 3838 1929 3871 ι

356 3904 415 3956 ἑν
439 3901 660 3974 Χριστῷ
703 3903 877 3974 Ἰησοῦ
916 3904 993 3976 τῷ
1020 3905 1212 3979 Κυρίῳ
1245 3908 1276 3978 η
1287 3906 1423 3977 μῶν,
1473 3907 1540 3962 δι’
1565 3899 1627 3961 οὗ
1655 3908 1733 3979 τῷ
1761 3910 1938 3982 Harp}.

355 3995 390 4066 ἠ
410 3995 538 4063 δόξα
555 3995 666 4068 (88)
683 3996 854 4050 καὶτὸ
870 3997 1068 4068 κράτος
1098 4001 1177 4062 είς
1199 4000 1326 4063 τοὺς
1347 3999 1550 4064 αἰῶνας
1575 4000 1686 4054 τῶν
1701 3999 1931 4056 αἰώνων.

368 4088 558 4158 Ἀμήν.

421 4180 512 4236 55.
544 4180 698 4234 Μετὰ
721 4181 782 4234 τὸ
806 4180 1014 4250 γράψαι
1047 4181 1184 4253 μετὰ
1217 4182 1329 4254 (89)
1363 4185 1492 4256 περὶ
1537 4183 1645 4238 τῶν
1679 4185 1932 4251 συνόδων,

355 4267 526 4338 ἔγνων
558 4270 844 4343 γράψαντα
871 4272 963 4324 τὸν
991 4270 1352 4326 ἀσεϐέστατον
1390 4274 1769 4330 Κωνστάντιον
1798 4276 1935 4345 πρὸς

353 4363 478 4426 τοὺς
503 4365 560 4416 ὲν
600 4359 874 4435 Ἀρὶμήνῳ
909 4363 1197 4434 μείναντας
1227 4365 1594 4430 ἐπισκόπους·
1637 4367 1734 4421 καὶ
1765 4385 1933 4422 σπου-

353 4453 447 4525 δὴν
478 4454 636 4526 ἔσχον
659 4455 844 4508 λαϐεῖν
870 4455 938 4509 τὰ
971 4456 1278 4526 ἀντίγραφα
1316 4458 1468 4529 παρὰ
1502 4459 1742 4528 γνησίων
1782 4459 1933 4514 ἀδελ-

357 4545 494 4614 φῶν,
527 4546 623 4599 καὶ
648 4547 960 4600 ἀποστεῖλαι
983 4547 1131 4618 ὑμῖν,
1161 4548 1256 4601 καὶ
1277 4547 1387 4620 (90)
1416 4549 1484 4602 τὰ
1510 4549 1659 4622 παρὰ
1681 4549 1788 4604 τῶν
1812 4552 1931 4604 ἐπι-

2046 2071 2162 2118 rate
2207 2061 2752 2117 animadvertendum
2781 2101 2801 2129 ,
2865 2076 2991 2117 cum
3037 2077 3164 2116 eum
3201 2061 3436 2117 dicimus
3497 2063 3628 2118 sub-

2046 2155 2244 2211 stantia
2300 2153 2662 2219 dissimilem,
2724 2162 2784 2209 et.
2837 2153 3069 2209 diversae
3123 2154 3474 2222 substantias,
3523 2169 3626 2210 nos

2046 2245 2467 2316 haudquaquam
2510 2259 2701 2300 verum
2743 2243 2944 2299 Filium
2971 2245 3300 2316 significare,
3335 2245 3430 2302 sed
3455 2262 3624 2301 unum

2044 2353 2113 2393 ex
2143 2325 2397 2408 opi'ticiis,
2437 2346 2493 2392 et
2531 2336 2761 2393 ascitum
2798 2337 3202 2408 adoptioneque
3227 2337 3452 2404 Filium,
3477 2337 3626 2409 quod

2047 2429 2287 2485 haeretici
2327 2430 2610 2486 sentiunt:
2644 2445 2806 2501 quem
2851 2431 2900 2486 si
2938 2431 3188 2487 dicamus
3241 2432 3361 2487 sine
3407 2439 3626 2486 conten-

2047 2520 2193 2575 tione
2223 2520 2767 2589 consubstantialem,
2797 2535 2985 2576 verum
3013 2521 3388 2591 signiﬁcamus
3424 2519 3624 2574 Filium

2045 2627 2115 2668 ex
2161 2611 2325 2669 Patre
2370 2621 2561 2669 natum
2616 2632 2629 2668 :
2673 2614 2890 2669 etiamsi
2934 2615 3038 2669 hac
3089 2613 3157 2669 de
3205 2629 3370 2668 causa
3419 2613 3624 2684 pluries

2044 2705 2454 2777 disrumpantur
2503 2707 2708 2762 Christi
2759 2706 2966 2762 hostes.
3020 2704 3147 2762 Haec
3187 2707 3445 2777 quidem,
3505 2722 3627 2777 quae

2044 2806 2172 2853 nota
2205 2797 2361 2865 mihi,
2389 2809 2443 2855 et
2467 2815 2532 2855 ex
2563 2798 2912 2870 prudentium
2942 2798 3406 2868 disputationibus
3437 2799 3627 2868 explo-

2043 2899 2162 2946 rata
2185 2898 2363 2959 erant,
2392 2891 2582 2962 paucis
2608 2890 2826 2962 scripsi.
2855 2889 2966 2947 Vos
2993 2900 3176 2946 autem
3206 2900 3488 2948 manentes
3526 2908 3622 2948 su-

2043 2996 2141 3054 per
2183 2980 2598 3038 fundamentum
2638 2983 3052 3053 apostolorum,
3081 2981 3417 3052 Patrumque
3456 2982 3627 3038 tradi-

2047 3073 2228 3129 tiones
2257 3073 2574 3140 retinentes,
2606 3083 2760 3129 orate
2810 3082 2874 3129 ut
2907 3073 3022 3144 jam
3052 3082 3228 3129 cesset
3273 3073 3453 3128 omnis
3493 3088 3625 3128 con-

2047 3163 2218 3220 tentio
2243 3173 2299 3220 et
2335 3165 2505 3231 zelus,
2533 3165 3024 3234 haereticorumque
3058 3165 3266 3220 insanae
3293 3166 3622 3235 quaestiones

2047 3265 2102 3312 et
2135 3272 2243 3311 una
2281 3257 2459 3313 omnis
2496 3257 2790 3314 verborum
2831 3257 3110 3312 contentio
3143 3255 3491 3322 damnentur,
3534 3266 3623 3311 ut-

2045 3364 2150 3418 que
2200 3347 2410 3403 nefaria
2468 3356 2525 3404 et
2586 3347 2937 3419 sanguinaria
3000 3346 3331 3400 Arianorum
3396 3347 3621 3402 haeresis

2042 3441 2345 3506 aboleatur,
2392 3441 2448 3494 in
2497 3440 2745 3494 omnium
2782 3454 2912 3495 vero
2957 3438 3215 3494 cordibus
3256 3439 3459 3494 veritas
3503 3439 3622 3493 elu-

2043 3543 2192 3600 ceat;
2237 3534 2314 3588 ita
2349 3543 2409 3588 ut
2437 3549 2629 3589 omnes
2671 3533 2871 3604 ubique
2903 3532 3043 3587 idem
3073 3532 3276 3596 dicant,
3321 3532 3463 3586 idem
3496 3546 3621 3586 scn-

2042 3627 2218 3682 tiant:
2248 3643 2312 3682 ac
2341 3627 2493 3682 nulla
2525 3628 2783 3696 deinceps
2809 3627 2996 3682 relicta
3024 3625 3227 3680 Ariana
3253 3625 3616 3695 blasphemia,

2039 3735 2136 3790 per
2203 3719 2514 3774 universam
2567 3717 2866 3774 Ecclesium
2899 3717 3132 3783 dicatur,
3173 3725 3338 3786 atque
3391 3717 3445 3769 in
3487 3731 3618 3785 con-

2002 3832 2007 3837 ·
2039 3813 2184 3869 fesso
2229 3812 2493 3867 habeatur
2538 3811 2692 3879 illud,
2729 3829 2748 3862 ι
2786 3809 2936 3866 Unus
2975 3809 3260 3876 Dominus,
3301 3825 3409 3863 una
3458 3809 3614 3878 ﬁdes,

2039 3922 2208 3961 unum
2241 3905 2512 3975 baptisma
2538 3906 2580 3970 ¹,
2615 3923 2633 3957 ι
2658 3903 2819 3976 613
2862 3904 2914 3957 in
2950 3901 3171 3957 Christo
3211 3901 3339 3957 Jesu
3383 3901 3616 3957 Domino

2037 4006 2249 4061 nostro,
2283 4011 2378 4066 per
2405 4011 2568 4066 quem
2593 3993 2745 4049 Patri
2771 3995 2940 4066 gloria
2978 4005 3032 4050 et
3067 3994 3384 4065 imperium,
3425 3995 3478 4048 in
3521 4009 3616 4050 sre-

2038 4090 2161 4144 cula
2188 4089 2536 4144 saeculorum.
2565 4087 2758 4142 Amen.
2839 4111 2844 4117 -
2897 4107 2904 4116 ·
2944 4113 2952 4119 -

2105 4181 2197 4237 55.
2239 4179 2533 4250 Postquam
2572 4178 2640 4234 de
2691 4177 2914 4250 synodis
2941 4177 3332 4247 scripsissem,
3369 4181 3612 4249 comperi

2037 4272 2419 4343 impiissimum
2465 4257 2976 4326 Constantium-ad
3019 4255 3319 4341 episcopos
3379 4270 3610 4326 Arimini

2035 4371 2316 4418 versantes
2361 4360 2679 4431 scripsisse;
2733 4375 3066 4431 operamque
3132 4361 3254 4416 dedi
3327 4372 3385 4416 ut
3427 4378 3612 4417 exem-

2035 4454 2125 4526 pla
2173 4468 2206 4510 a
2245 4442 2519 4524 germanis
2575 4450 2835 4506 fratribus
2901 4452 3225 4521 acciperem,
3283 4453 3346 4506 ad
3403 4469 3612 4523 vosque

2038 4546 2331 4612 mitterem,
2371 4552 2426 4600 et
2461 4544 2624 4599 simul
2652 4559 2716 4598 ea
2751 4559 2873 4613 quae
2907 4544 3147 4613 episcopi
3181 4544 3605 4614 reseripserunt:

357 4638 571 4692 σκόπων
597 4638 999 4710 ἀντιγραφέντα
1019 4655 1031 4668 ⁸
1065 4639 1151 4692 ἵνα
1179 4639 1354 4708 γνῶτε
1389 4639 1483 4693 τοῦ
1537 4642 1634 4712 μὲν
1669 4642 1931 4712 βασιλέως

2043 4638 2103 4692 ut‘
2148 4635 2337 4691 sciatis
2389 4649 2515 4691 cum
2581 4633 2929 4705 imperatoris
2994 4634 3216 4703 impiam
3271 4637 3608 4702 versutiam,

353 4729 450 4802 τὴν
478 4729 653 4800 ἀσεϐῆ
690 4729 1044 4802 πανουργίαν,
1071 4730 1178 4784 τῶν
1199 4730 1256 4783 δὲ
1286 4731 1600 4786 ἐπισκόπων
1629 4733 1691 4786 τὸ
1717 4734 1930 4806 ἑδραῖον

356 4823 448 4876 καὶ
478 4821 691 4887 ἁκλινὲς
721 4823 819 4894 τῆς
847 4823 983 4896 πρὸς
1005 4823 1102 4896 τὴν
1136 4822 1394 4895 ἀλήθειαν
1415 4822 1660 4902 γνώμης.

423 4979 446 5011 ³
485 4976 686 5048 Ephes.
719 4995 794 5047 tv,
833 4979 886 5036 5.

423 5129 539 5202 (82)
580 5129 671 5202 Sic
703 5131 926 5202 Regius.
955 5130 1094 5188 Editi
1123 5140 1326 5199 autem,
1351 5132 1677 5202 όμοιοιῒσιος.

447 5201 536 5272 85)
579 5201 1004 5272 Regius’codex,
1033 5201 1194 5257 αὐτά.

447 5270 536 5344 8ιξ)
576 5270 905 5344 ῃιιᾘεεὶυε.
941 5271 1081 5344 Editi
1115 5287 1264 5344 vero,
1295 5273 1687 5344 ἀνομοιούσιον.

357 5341 536 5464 Υἱὲῗδ)
576 5341 890 5402 Felckman.
919 5344 972 5409 '5,
1003 5343 1098 5397 καὶ
1137 5342 1246 5397 τῶν
1293 5341 1619 5414 εἰσποιητῶν
1650 5345 1745 5399 καὶ
1782 5345 1927 5401 θέσει

451 5429 498 5464 ν.

422 5480 650 5553 (86)7Alta
695 5481 918 5552 Regius.
953 5483 1096 5537 Editi
1127 5498 1258 5539 vero
1297 5494 1352 5540 et
1401 5486 1581 5541 cancri
1627 5502 1763 5542 mss.
1816 5486 1923 5541 τῶν

352 5551 681 5606 ἀποστόλων.
790 5551 795 5552 ⁷
875 5553 886 5568 ’

425 5622 536 5691 (87.)
576 5622 684 5695 Καί
715 5623 872 5695 deest
897 5622 953 5674 in
972 5621 1281 5695 Felckman.
1309 5625 1362 5678 5.
1383 5624 1552 5680 Paulo
1577 5635 1718 5695 post.
1753 5626 1918 5692 idem,

354 5691 699 5766 βλασφημίας
736 5691 962 5761 λέγηται
1007 5694 1098 5748 καὶ
1143 5695 1488 5766 ὁμολογῆται.
1525 5691 1686 5764 Editi,
1716 5691 1919 5768 δυσφηέ

2034 4739 2147 4784 tum
2180 4729 2561 4798 episcoporum
2596 4729 2809 4782 lirmam
2863 4727 3255 4798 immotamque
3290 4727 3344 4780 in
3384 4728 3609 4782 veritate

2033 4821 2375 4878 sententiam.

2029 5134 2158 5206 μίας
2189 5133 2415 5206 λέγηται
2456 5132 2800 5204 ὁμολογῆται.
2832 5131 3060 5204 Regius,
3076 5132 3385 5204 δυσφημίας
3409 5132 3602 5204 λέγητε

2026 5203 2121 5259 καὶ
2149 5203 2457 5275 ἁμολογεῐτε
2467 5243 2480 5256 .

2095 5266 2207 5345 (88)
2247 5266 2572 5345 Εείοιίω.μ5,
2596 5266 2701 5345 ᾧηή
2735 5270 2881 5345 δόξα,
2908 5270 3106 5345 ειςέιιι
3129 5273 3243 5328 haec
3271 5283 3453 5330 autem
3479 5289 3603 5345 ver-

2025 5341 2127 5416 ba]
2147 5341 2431 5416 desinebat
2455 5341 2698 5416 ‘Nannii’
2719 5342 2924 5416 versio.
2973 5341 3099 5397 Haec
3127 5353 3333 5416 autem,
3373 5344 3514 5416 μετὰ
3541 5345 3605 5398 τὸ

2031 5415 2417 5486 γράψειαριιηι-
2438 5412 2652 5486 duabus
2675 5409 2921 5486 epistolis
2955 5413 3330 5486 sequentibus,
3359 5409 3423 5470 ex
3457 5416 3597 5486 codi-

2136 5479 2423 5538 Basiliensi
2460 5481 2668 5546 adjecta
2701 5479 2852 5534 fuere
2886 5480 2941 5535 in
2972 5479 3103 5538 edit.
3141 5483 3354 5540 Comm.
3399 5485 3603 5549 haben-

2033 5565 2230 5622 turque
2261 5553 2312 5604 in
2345 5550 2513 5622 lingit)
2546 5550 2755 5622 codice.

2102 5617 2215 5692 (89)
2259 5622 2330 5692 με.
2357 5617 2575 5692 ﬂagitis.
2617 5617 2932 5692 Editivero,
2967 5622 3090 5690 μέν,
3118 5621 3277 5676 male.

2105 5687 2215 5762 (90)
2258 5690 2348 5744 Sic
2380 5687 2599 5758 liegius.
2631 5688 2690 5745 ln
2721 5690 2880 5745 editis
2913 5687 3039 5747 vero
3070 5692 3160 5744 καί
3191 5693 3362 5750 deest.
