3966 6226
381 309 476 365 ’191

839 421 1204 492 Interpretatio
1241 424 1493 492 epistolas.

449 535 802 592 Constantius
866 535 1047 593 Victor
1091 548 1144 593 et
1187 537 1570 606 Triumphator
1625 535 1940 605 Augustus,

379 629 636 684 omnibus
667 630 936 700 episcopis
969 631 1059 700 qui
1108 631 1411 684 Ariminum
1445 637 1836 684 convenerunt.

450 719 783 790 Praecipuam
828 735 928 776 nos
965 737 1178 790 semper
1212 737 1398 777 curam
1439 734 1623 791 gerere
1653 719 1846 772 divinae
1892 725 1946 772 et

381 814 672 868 adorandae
720 814 874 883 legis,
930 829 999 868 ne
1058 821 1237 869 vestra
1300 811 1519 881 quidem
1584 808 1946 864 mansuetudo

382 907 641 975 ignorat:
681 914 919 960 attamen
951 904 1138 974 viginti
1176 903 1459 973 episcopos
1507 917 1538 957 a
1583 909 1762 956 vestra
1815 914 1946 969 pru-

382 998 563 1052 dentia
603 998 823 1062 missos,
872 997 963 1066 qui
1004 996 1602 1066 legationem'vestram
1640 993 1943 1048 obeundam

385 1097 780 1156 susceperunt,
836 1087 1077 1141 nondum
1134 1087 1316 1141 videre
1365 1087 1671 1155 potuimus;
1721 1084 1947 1154 urgebat

384 1178 528 1231 cnim
565 1192 665 1232 nos
696 1178 1001 1233 necessaria
1046 1177 1307 1232 adversus
1335 1176 1597 1231 barbaros
1628 1174 1896 1244 expeditio
1929 1192 1942 1228 :

384 1278 466 1330 et.
506 1270 965 1339 quemadmodum
1007 1270 1211 1336 nostis,
1256 1270 1438 1324 animo
1467 1269 1534 1324 ab
1568 1269 1716 1323 omni
1748 1267 1948 1322 sollici-

384 1359 575 1414 tudine
603 1377 774 1416 vacuo
811 1362 1008 1416 divinae
1068 1362 1203 1431 legis
1237 1362 1447 1432 negotia
1482 1360 1760 1416 tractanda
1798 1368 1944 1415 sunt.

386 1450 746 1517 Quamobrem
779 1455 1046 1524 episcopis
1080 1455 1456 1509 mandavimus
1495 1463 1554 1508 ut
1601 1453 1946 1522 Adrianopoli

387 1542 618 1597 reditum
672 1553 918 1601 nostrum
969 1554 1374 1615 exspectarent,
1432 1551 1510 1609 ut,
1559 1552 1844 1615 postquam
1884 1558 1949 1600 ea

387 1649 506 1701 quae
535 1634 602 1689 ad
634 1637 1019 1706 rempublicam
1049 1638 1318 1706 pertinent
1345 1645 1490 1692 recte
1521 1634 1720 1690 fuerint
1746 1635 1950 1690 consti-

389 1733 522 1786 tuta,
561 1733 689 1779 tunc
718 1726 934 1780 demum
965 1741 1085 1796 qua:
1114 1726 1187 1780 illi
1223 1725 1608 1796 Suggesserint,
1650 1725 1835 1781 audire
1868 1733 1948 1781 at-

388 1831 494 1884 que
531 1819 833 1887 expendere
863 1820 1160 1874 valeamus.
1197 1819 1402 1875 Vestra:
1446 1819 1609 1889 igitur
1635 1819 1954 1875 constantiae

388 1924 456 1962 ne
490 1911 775 1966 molestum
805 1915 876 1967 sit
908 1928 1096 1967 eorum
1117 1913 1349 1968 reditum
1381 1923 1951 1985 exspectare,ut,cum

388 2004 590 2056 reversi
623 2002 843 2071 fuerint,
879 2015 1063 2061 nostra
1093 2007 1159 2062 ad
1192 2022 1289 2062 vos
1318 2023 1582 2078 responsa
1610 2007 1864 2072 ferentes,
1890 2018 1954 2063 ea

389 2107 511 2162 qua:
541 2093 823 2151 utilitatem
853 2095 1108 2154 Ecclesiae
1142 2101 1423 2156 catholicae
1450 2110 1712 2171 spectant,
1745 2103 1812 2157 ad
1842 2101 1955 2156 exi-

393 2195 504 2237 tum
546 2186 842 2254 perducere
890 2191 1133 2259 possitis.
1169 2191 1295 2249 Ilaec
1320 2194 1556 2267 episcopi
1587 2202 1912 2266 acceperunt
1935 2234 1952 2260 ,

391 2275 562 2331 tribus
587 2277 965 2341 referentibus.

670 2567 987 2640 Exemplum
1017 2575 1252 2644 epistola:
1293 2575 1674 2645 episcoporum.

463 2677 592 2734 Tuae
623 2682 924 2740 clementia:
964 2686 1176 2742 litteras
1215 2689 1556 2758 accepimus,
1587 2688 1808 2744 domine
1857 2688 1958 2743 im-

393 2783 610 2842 perator
640 2776 1064 2846 religiosissime,
1095 2781 1296 2850 quibus
1325 2781 1620 2850 signiﬁcas,
1657 2788 1728 2844 te,
1756 2781 1826 2836 ob
1856 2796 1958 2851 pu-

943 310 1000 364 S.
1041 309 1415 363 ATHANASII
1453 309 1602 365 OPP.
1641 306 1823 361 PARS
1863 306 1900 362 Ι.
1942 338 2009 346 -—
2054 305 2422 362 HISTORICA
2461 305 2549 359 ET
2589 305 3009 362 DOGMATICA.

3508 308 3608 362 792

2363 421 2667 490 Ἑρμηνεία
2692 418 2801 488 τῆς
2831 421 3161 489 ἐπιστολῆς
3197 421 3327 492 (91).

2115 532 2226 602 (92)
2254 533 2626 595 Κωνστάντιος
2639 531 2883 602 Νικητὴς
2911 534 3002 589 καὶ
3020 533 3393 604 Θριαμϐευτὴς
3408 535 3610 604 Αὕγου-

2047 639 2169 685 στος
2190 624 2351 675 πᾶσιν
2381 624 2695 686 ἐπισκόποις
2715 625 2828 685 τοῖς
2851 625 2908 675 ἐν
2943 624 3218 694 Ἀριμήνῳ
3246 626 3604 682 συνελθοῦσιν,

2127 716 2236 768 Ἀεὶ
2276 716 2374 786 μὲν
2411 716 2520 786 (95)
2546 716 2960 788 προηγουμένην
2996 718 3141 788 ἡμᾶς
3178 717 3322 787 ἔχειν
3360 719 3610 788 φροντίδα

2046 811 2175 880 περὶ
2206 808 2299 862 τοῦ
2332 809 2476 862 θείου
2507 810 2600 862 καὶ
2633 808 3005 879 προσκυνητοῦ
3033 811 3229 879 νόμου,
3269 811 3388 864 οὐδὲ
3421 813 3454 882 ἠ
3479 813 3610 881 ὑμε-

2045 900 2174 970 τέρα
2198 902 2500 972 χρηστότης
2531 903 2712 968 ἀγνοεῖ
2730 917 2743 931 ·
2768 899 2905 959 ἀλλὰ
2926 898 3020 954 νῦν
3038 902 3162 963 τοὺς
3188 901 3337 974 παρὰ
3363 903 3461 973 τῆς
3490 920 3610 957 συν-

2046 994 2211 1056 έσεως
2248 991 2358 1064 (94)
2387 993 2540 1063 ὑμῶν
2565 992 2965 1054 ἀποσταλέντας
3011 990 3213 1044 εἴκοσιν
3258 994 3605 1059 ἐπισκόπους,

2046 1084 2471 1155 ἁναδεξαμένους
2488 1085 2585 1156 τὴν
2613 1087 2740 1155 παρ’
2771 1085 2922 1156 ὑμῶν
2955 1085 3248 1156 πρεσϐείαν
3274 1127 3289 1151 ,
3325 1085 3462 1148 τέως
3512 1088 3612 1142 οὑκ

2046 1175 2388 1248 ἠδυνήθημεν
2444 1177 2553 1247 (95)
2601 1179 2795 1241 αὑτοὺς
2848 1179 2993 1230 ἰδεῖν.
3031 1178 3326 1247 Ἀναγκαία
3377 1181 3485 1250 γάρ
3529 1197 3612 1244 τις

2049 1270 2196 1340 ἡμᾶς
2239 1269 2464 1338 ἧπειγεν
2493 1271 2524 1340 ἠ
2557 1269 2696 1341 πρὸς
2716 1270 2841 1333 τοὺς
2874 1269 3182 1342 βαρϐάρους
3207 1271 3322 1334 ὁδός
3341 1288 3354 1302 ³
3395 1273 3511 1337 καὶ,
3537 1273 3611 1338 ὡς

2049 1361 2246 1424 οἴδατε,
2272 1361 2471 1431 πρέπει
2498 1360 2596 1432 τὴν
2619 1361 2812 1432 ψυχὴν,
2848 1361 3091 1432 καθαρὰν
3111 1357 3274 1415 οὖσαν
3301 1362 3408 1415 ἀπὸ
3434 1363 3613 1442 πάσης

2051 1449 2325 1520 φροντίδος
2347 1489 2363 1514 ,
2403 1449 2470 1504 τὰ
2501 1451 2628 1521 περὶ
2665 1448 2757 1503 τοῦ
2818 1449 2961 1503 θείου
2999 1451 3164 1522 νόμου
3207 1451 3612 1522 διαγυμνὰζειν.

2050 1541 2348 1612 Τοιγαροῦν
2389 1544 2514 1605 τοὺς
2545 1542 2874 1606 ἐπισκόπους
2916 1542 3278 1614 ἐκελεύσαμεν
3312 1544 3421 1616 (96)
3456 1549 3515 1600 ὲν
3546 1551 3612 1618 τῇ

2063 1631 2494 1702 Ἀδριανουπόλει
2543 1630 2860 1697 ἐκδέξασθαι
2895 1633 2992 1704 τὴν
3031 1636 3302 1706 ἡμετέραν
3337 1635 3612 1702 ἐπάνοδον,

1983 1759 2024 1814 Β
2051 1722 2160 1787 ἵνα,
2191 1723 2410 1778 ἐπειδὰν
2442 1723 2621 1778 πάντα
2643 1724 2821 1788 καλῶς
2850 1725 3063 1797 διατεθῇ
3102 1726 3171 1780 τὰ
3205 1728 3457 1798 δημόσια,
3493 1731 3614 1786 τότε

2055 1814 2236 1867 λοιπὸν
2277 1815 2418 1886 ειπερ
2446 1815 2512 1868 ἂν
2543 1816 2881 1871 ὑποϐάλωσιν
2903 1817 3038 1890 (97),
3083 1819 3312 1873 ἀκοῦσαι
3347 1824 3441 1874 καὶ
3474 1822 3617 1876 δοκι-

2059 1906 2228 1975 μᾶσαι
2252 1905 2588 1976 δυνηθῶμεν.
2631 1908 2708 1978 Τῇ
2759 1908 2940 1978 μέντοι
2985 1911 3300 1982 στερρότητι
3338 1913 3490 1984 ὑμῶν
3541 1914 3615 1988 μὴ

2059 1997 2193 2072 βαρὺ
2229 1998 2520 2068 φαινέσθω,
2546 1999 2686 2054 ὥστε
2722 2001 3036 2068 ἐκδέξασθαι
3077 2004 3176 2075 τὴν
3219 2005 3397 2060 αὐτῶν
3427 2008 3619 2060 ἐπάνο-

2055 2090 2162 2155 δον,
2203 2091 2291 2144 ἵνα
2333 2092 2552 2146 ἐπειδὰν
2596 2093 2931 2147 ὲπανέλθωσι
2980 2097 3294 2167 κομίζοντες
3347 2099 3476 2169 ὑμῖν
3521 2099 3619 2163 τὰς

2054 2184 2327 2256 ἡμετέρας
2353 2185 2686 2256 ἀποκρίσεις,
2710 2186 2969 2258 δυνηθῆτε
2997 2191 3076 2252 είς
3107 2190 3278 2262 πέρας
3306 2192 3530 2259 ἀγαγεῖν
3553 2191 3620 2248 τὰ

2056 2275 2194 2345 πρὸς
2225 2274 2322 2346 τὴν
2355 2275 2688 2331 λυσιτέλειαν
2719 2277 2985 2350 ἀνήκοντα
3010 2283 3075 2356 τῇ
3107 2280 3361 2352 καθολικῇ
3397 2283 3621 2353 Ἐκκλη-

2059 2368 2168 2436 σίᾳ.
2243 2365 2424 2422 Ταῦτα
2471 2367 2728 2438 ¹ἐδέξαντο
2783 2373 2833 2423 οί
2900 2371 3205 2438 ἐπίσκοποι,
3267 2376 3620 2446 ἐπαγομένων

2055 2461 2221 2538 τριῶν
2247 2461 2377 2533 (98).

2389 2602 2765 2672 Ἆντίγγιαςρον
2791 2598 2908 2654 τῶν
2939 2601 3300 2654 ἐπισκόπων,

2129 2713 2210 2768 Τὰ
2241 2713 2544 2786 γράμματα
2581 2712 2680 2782 τῆς
2724 2713 2823 2784 σῆς
2863 2712 3271 2786 φιλανθρωπίας
3303 2715 3619 2786 ἐδεξάμεθα,

2060 2804 2213 2874 κύριε
2246 2804 2622 2874 θεοφιλέστατε
2653 2803 2868 2873 βασιλεῦ
2894 2845 2907 2868 ,
2932 2805 2999 2858 τὰ
3039 2805 3356 2876 περιέχοντα
3395 2806 3482 2860 διὰ
3526 2807 3621 2878 τὴν

397 2864 660 2920 hlicorum
716 2870 1058 2939 negotiorum
1116 2871 1528 2937 necessitatem,
1583 2873 1820 2927 nondum
1864 2890 1959 2943 po-

2064 2864 2334 2966 δημοσίων
2350 2864 2606 2964 ’ἀνάγκην
2631 2864 2766 2958 τέως
2795 2895 2868 2966 μὴ
2896 2864 3226 2965 ’δεδυνῆσθαί
3266 2913 3327 2948 σε
3363 2896 3470 2968 (99)
3499 2864 3624 2960 τούς

397 2959 564 3012 tuisse
614 2959 819 3028 legatos
864 2971 1081 3018 nostros
1134 2964 1200 3019 ad
1266 2975 1614 3035 conspectum
1680 2967 1959 3022 admittere

2064 2959 2360 3058 ἡμετέρους
2393 2959 2650 3057 πρέσϐεις
2669 2959 2970 3057 θεωρῆσαι’
3001 2959 3148 3057 ι]μᾶ
3176 3005 3235 3043 τε
3259 2959 3499 3051 κελεύεις
3530 2959 3623 3042 ἐκέ

395 3057 579 3102 tuum:
609 3065 817 3119 nosque
840 3053 1000 3122 jubes
1031 3071 1216 3109 eorum
1248 3056 1479 3111 reditum
1513 3067 1844 3127 exspectare,
1868 3059 1959 3114 do-

2064 3053 2312 3146 δέξασθαι
2333 3053 2632 3150 τὴν-αὐτῶν
2659 3053 2932 3142 ἐπάνοδον,
3096 3078 3160 3131 ἂν
3193 3080 3261 3134 τὰ
3305 3081 3435 3151 παρ’
3470 3081 3625 3151 ἡμῶν

395 3154 494 3191 nec
532 3140 703 3208 pietas
750 3152 841 3198 tua
884 3161 982 3215 per
1030 3147 1152 3203 illos
1207 3149 1354 3203 norit
1398 3165 1520 3220 quae
1559 3159 1688 3204 sunt
1725 3167 1755 3206 a
1803 3153 1959 3208 nobis

2064 3140 2340 3242 ὁρισθέντα
2389 3140 2704 3232 ’ἀκολούθως
2742 3173 2854 3233 τοῖς
2894 3140 3178 3239 προγόνοις
3223 3140 3627 3241 ὴμῶνΙέπιγνῷ

390 3232 546 3299 juxta
580 3233 851 3303 majorum
877 3249 1186 3293 nostrorum
1213 3241 1559 3296 traditionem
1590 3243 1828 3300 decreta.
1851 3243 1959 3300 Nos

396 3339 524 3378 vero
553 3326 716 3379 etiam
749 3343 896 3383 nune
930 3329 1015 3385 ltis
1047 3331 1238 3388 litteris
1268 3333 1605 3402 proﬁtemur,
1637 3343 1692 3390 et
1729 3321 1962 3390 aﬂirma-

397 3431 540 3474 tuus.
575 3417 884 3476 nullatenus
933 3438 1033 3478 nos
1063 3439 1092 3478 a
1129 3425 1410 3495 proposito
1453 3435 1642 3481 nostro
1689 3428 1962 3483 discessu-

397 3519 490 3560 ros
519 3523 533 3558 :
577 3506 630 3561 id
656 3509 802 3564 enim
832 3511 1022 3583 legatis
1051 3530 1268 3585 quoque
1299 3517 1498 3572 nostris
1523 3517 1810 3586 jussimus.
1849 3519 1961 3574 Ro-.

399 3614 591 3665 gamus
619 3601 822 3670 itaque,
858 3613 916 3657 ut
944 3605 1157 3674 placido
1189 3608 1358 3673 vultu,
1390 3618 1504 3664 tum
1539 3610 1650 3665 haec
1676 3611 1965 3667 mediocri-

400 3691 527 3744 tatis
560 3702 758 3748 nostrze
787 3696 987 3766 scripta
1012 3699 1207 3767 jubeas
1235 3701 1455 3770 perlegi,
1485 3710 1596 3756 tum
1625 3717 1689 3756 ea
1715 3717 1836 3773 quae
1869 3719 1965 3772 per

399 3781 604 3850 legatos
659 3795 876 3843 nostros
917 3790 1316 3857 mandavimus,
1363 3791 1772 3861 perhumaniter
1822 3791 1965 3848 acei--

399 3874 536 3942 pias.
591 3874 762 3933 Porro
820 3889 912 3940 tua
971 3881 1276 3953 benignitas
1329 3884 1612 3940 nobiscum
1673 3884 1963 3954 intelligit,

401 3976 639 4036 quantus
672 3987 874 4033 maeror
905 3983 955 4036 et
986 3976 1203 4030 tristitia
1235 3993 1380 4031 nunc
1409 3979 1498 4044 sit,
1534 3977 1680 4048 quod
1706 3978 1816 4032 tuis
1845 3976 1957 4031 feli-

399 4061 636 4117 cissimis
675 4067 1030 4134 temporibus,
1062 4076 1142 4123 tot
1181 4068 1437 4127 Ecclesia:
1481 4071 1750 4140 episcopis
1801 4071 1968 4125 desti-

403 4161 532 4209 tutae
561 4155 670 4210 sint
691 4199 706 4222 ,
738 4166 792 4212 et
830 4158 1032 4214 idcirco
1063 4161 1402 4220 clementiam
1437 4171 1582 4216 tuam
1617 4164 1777 4217 etiam
1809 4172 1967 4234 atque

401 4244 564 4299 etiam
611 4262 866 4316 rogamus
884 4290 898 4316 ,
924 4251 1144 4306 domine
1170 4251 1279 4306 Deo
1308 4253 1628 4308 charissime
1652 4256 1965 4324 imperator,

403 4348 462 4391 ut
490 4347 614 4393 ante
652 4339 845 4397 hiemis
889 4344 1255 4412 asperitatem,
1297 4345 1345 4399 si
1380 4345 1597 4415 quidem
1633 4345 1684 4400 id
1718 4355 1822 4400 tua;
1855 4346 1969 4416 pie-

403 4429 498 4482 tati
534 4429 824 4496 placuerit,
853 4448 954 4488 nos
999 4435 1066 4488 ad
1104 4443 1322 4491 nostras
1367 4433 1638 4491 Ecclesias
1674 4437 1850 4490 redire
1876 4439 1966 4506 ju-
1998 4425 2040 4478 θ

401 4519 532 4575 bras
571 4540 585 4575 :
624 4538 734 4592 quo
766 4525 1041 4593 possimus
1073 4527 1426 4596 omnipotenti
1474 4527 1605 4593 Deo,
1645 4536 1700 4583 et
1740 4527 1970 4581 Domino

403 4627 468 4668 ac
506 4612 773 4671 Salvatori
811 4627 998 4676 nostro
1031 4617 1270 4685 Christo,
1301 4619 1466 4692 614
1507 4619 1644 4675 Filio
1691 4620 1814 4690 ejus.
1844 4623 1968 4680 uni-

475 4865 588 4934 (91)
629 4865 686 4919 ln
718 4863 887 4936 Regio
922 4866 1055 4930 haec,
1089 4877 1367 4936 ιιρμηνεια
1399 4880 1498 4933 της
1529 4862 1836 4934 ἐπιστολῆς,
1865 4862 1972 4916 mi-

406 4937 572 4990 niatis
606 4936 802 4991 litteris
837 4938 1039 5004 scripta
1073 4945 1220 4991 sunt.

480 5005 756 5131 (923)7ch
779 5001 1003 5077 epistola
1027 5007 1256 5062 habetur
1287 5003 1432 5075 apud
1472 5001 1750 5061 Socratem
1779 5004 1870 5063 lib.
1911 5017 1970 5066 ll,

480 5093 525 5131 ι).
630 5117 644 5130 .

407 5093 525 5146 Cap.
556 5093 644 5131 Ol.

481 5145 600 5212 (9‘5)
639 5146 756 5200 Μέν
785 5148 937 5205 deest
972 5146 1026 5200 in
1055 5145 1296 5202 Socrate.

636 5216 877 5290 §ocrat.,
913 5217 1293 5290 ἀπὸίτῆςξσυνᾼ.

482 5283 592 5359 (95)
634 5283 869 5358 Regius,
891 5305 950 5342 τε
1002 5289 1076 5359 ᾡς
1103 5283 1218 5341 ὀὐκ
1263 5284 1616 5359 ἐδυνήθημεν.
1654 5284 1712 5359 ln
1760 5283 1971 5359 Socrat.

412 5355 607 5422 αὐτούς
655 5355 986 5415 (Ιεὶξει.⁷Μοχ
1031 5357 1266 5425 Socrat.,
1297 5355 1570 5425 ἀναγκαία
1611 5357 1717 5425 γὰρ
1761 5357 1892 5425 ἡμῖν
1940 5355 1972 5424 ἡ

413 5429 700 5502 “pessos;
729 5428 1035 5502 βαρϐάρους
1064 5429 1201 5502 @69-

488 5499 600 5569 (96)
641 5495 962 5570 Sic'R'egitis
1007 5512 1061 5555 et
1090 5498 1301 5555 Socrat.
1344 5499 1484 5555 Editi
1521 5511 1670 5564 vero,
1705 5495 1972 5550 διεκελεύ-

417 5585 480 5620 σα
487 5587 604 5634 μεν.

480 5640 590 5705 (97)
633 5639 865 5706 Socrat,
902 5640 1043 5708 ἆπερ
1073 5641 1478 5693 ὑποϐάλλουσιν.

485 5709 596 5782 (98)
640 5709 873 5780 Socrat.,
895 5706 1066 5766 ταῦτα
1087 5710 1364 5781 δεξόμενοι
1391 5710 1456 5763 τὰ
1479 5711 1778 5781 γράμματα
1797 5709 1844 5761 οἱ
1868 5706 1977 5759 ἐπες

2063 3262 2190 3333 παρ’
2222 3262 2398 3315 αὐτῶν
2422 3264 2454 3332 ἠ
2493 3262 2559 3332 σὴ
2591 3261 2858 3314 εὐσέϐεια.
2903 3260 3059 3314 Ἀλλὰ
3083 3262 3175 3315 καὶ
3199 3261 3294 3316 νῦν
3309 3262 3398 3315 διὰ
3423 3263 3629 3319 τούτων

2060 3353 2168 3407 τῶν
2200 3353 2540 3424 γραμμάτων
2571 3351 2935 3424 ὁμολογοῦμεν
2959 3392 2973 3417 ,
3019 3353 3113 3406 καὶ
3151 3352 3626 3425 διαϐεϐαιούμεθα,

2066 3445 2330 3517 μηδαμῶς
2357 3447 2505 3516 ἡμᾶς
2530 3446 2827 3515 ἀναχωρεῖν
2855 3445 2953 3514 τῆς
2980 3445 3253 3517 ἡμετέρας
3293 3447 3626 3518 προθέσεωςε

2063 3539 2218 3592 τοῦτο
2240 3538 2346 3609 γὰρ
2364 3537 2437 3607 (1)
2457 3538 2550 3592 καὶ
2575 3541 2685 3601 τοῖς
2707 3536 3032 3609 πρεσϐεὖσιν
3051 3538 3205 3608 ἡμῶν
3223 3538 3626 3610 ἐνετειλάμεθα.

2077 3628 2356 3700 Ἀξιοῦμεν
2382 3629 2557 3682 τοίνυν
2585 3629 2732 3692 ὅπως
2763 3627 3034 3700 γαληναίᾳ
3060 3630 3125 3699 τῇ
3157 3629 3419 3700 προσόψει
3471 3630 3542 3683 τά
3571 3647 3629 3685 τε

2064 3720 2158 3774 νῦν
2185 3721 2487 3792 γράμματα
2528 3719 2626 3790 τῆς
2667 3719 2940 3790 ἡμετέρας
2989 3719 3337 3791 μετριότητος
3372 3720 3631 3793 “hac”;

2065 3813 2493 3884 ἀναγνωσθῆναι.
2533 3811 2693 3864 Ἀλλὰ
2725 3810 2832 3884 γὰρ
2853 3811 3101 3876 κάκεῖνα,
3135 3811 3170 3865 ἃ.
3195 3811 3283 3864 διὰ
3322 3812 3430 3866 τῶν
3473 3829 3634 3884 πρεσ-

2067 3907 2202 3960 ϐέων
2254 3906 2407 3979 ἡμῶν
2455 3902 2858 3972 ἐνετειλάμεθα,
2903 3901 3073 3972 ἡδέως
3122 3903 3371 3975 ὑποδέξῃ.
3429 3905 3633 3959 Ἐκεῖνο

2069 3998 2248 4068 μέντοι
2274 3997 2470 4066 συνορᾷ
2495 3993 2610 4065 μεθ’
2640 3993 2794 4064 ἡμῶν
2826 3994 2917 4046 καὶ
2944 3995 2976 4063 ἡ
3091 3995 3387 4066 ἡμερότης,
3416 3994 3514 4064 ὅση
3540 3993 3633 4046 νῦν

2068 4092 2181 4142 ἐστι
2213 4088 2356 4158 λύπη
2393 4086 2486 4138 καὶ
2516 4085 2804 4156 κατήφεια,
2839 4085 2920 4136 ὅτι
2949 4084 3006 4136 ὲν
3037 4087 3146 4146 τοῖς
3187 4087 3296 4147 σοῖς
3340 4084 3418 4154 (2)
3453 4101 3632 4155 μακα-

2070 4181 2352 4251 ριωτάτοις
2391 4181 2600 4249 καιροῖς
2649 4178 2903 4231 τοσαῦται
2967 4178 3276 4248 Ἐκκλησίαι
3317 4180 3486 4250 χωρὶς
3513 4180 3631 4232 ἐπι-

2071 4273 2285 4325 σκόπων
2312 4269 2416 4323 είσί
2432 4287 2444 4301 ο
2481 4272 2574 4323 καὶ
2599 4269 2687 4322 διὰ
2709 4269 2866 4322 τοῦτο
2893 4268 3052 4323 πάλιν
3083 4264 3180 4340 τὴν
3212 4269 3308 4340 σὴν
3336 4270 3635 4341 φιλανθρω-

2071 4363 2199 4417 πίαν
2257 4362 2549 4432 ἀξιοῦμεν,
2587 4360 2742 4432 κύριε
2795 4360 3167 4429 θεοφιλέστατε
3215 4361 3454 4430 βασιλεῦ,
3491 4362 3635 4427 ὅπως

2071 4457 2175 4527 πρὸ
2205 4455 2305 4525 τῆς
2331 4453 2663 4526 τραχύτητος
2685 4451 2792 4506 τῶν
2830 4451 3132 4523 χειμώνων,
3155 4451 3308 4524 εἴπερ
3328 4452 3545 4522 ἀρέσειε
3569 4455 3632 4522 τῇ

2073 4551 2138 4620 σῇ
2168 4548 2436 4618 εὐσεϐείᾳ,
2470 4547 2730 4618 κελεύσῃς
2757 4547 2906 4615 ἡμᾶς
2941 4547 3022 4608 είς
3069 4545 3167 4609 τὰς
3192 4544 3464 4616 ἡμετέρας
3517 4545 3636 4598 Ἐκ-

2071 4641 2300 4714 κλησίας
2322 4638 2655 4703 ἐπανελθεῖν,
2681 4637 2821 4708 ὑπὲρ
2845 4636 2939 4690 τοῦ
2960 4636 3216 4698 δύνασθαι
3244 4638 3390 4707 ἡμᾶς
3411 4636 3488 4708 τῷ
3513 4655 3638 4691 παν-

2076 4884 2286 4930 σκοποι,
2332 4863 2489 4929 αὖθις
2526 4863 2750 4918 τοιαῦτα
2797 4861 3161 4934 ἀντέγραψαν.
3199 4859 3443 4934 sequens
3476 4874 3638 4934 porro

2073 4939 2298 5005 epistola
2332 4937 2562 4990 habetur
2595 4936 2793 4990 ibidem
2825 4931 2975 5002 apud
3003 4932 3218 5005 Sperat.
3246 4931 3347 5005 lib.‘
3370 4947 3430 4996 ιι,
3463 4946 3515 5005 c._
3545 4931 3632 4992 54,

2074 5001 2128 5066 et
2157 5009 2299 5078 apud
2337 5006 2610 5061 'l’heodor.
2647 5005 2741 5059 lib.
2770 5019 2829 5066 ιι,
2857 5001 2976 5070 cap.
3012 5001 3103 5063 20;
3128 5003 3230 5056 sed
3250 5001 3389 5071 stylo
3405 5001 3635 5055 multum

2075 5081 2308 5134 diversa.
2332 5075 2468 5130 Nam
2495 5075 2688 5130 Latine
2717 5074 2950 5134 primum
2975 5071 3099 5126 data
3122 5071 3283 5125 aliam
3309 5071 3449 5134 apud
3473 5071 3638 5124 Atha-

2077 5087 2308 5134 diversa.
2333 5087 2468 5130 Nam
2496 5087 2688 5130 Latine
2717 5087 2950 5144 primum
2975 5087 3099 5126 data
3122 5087 3283 5125 altam
3309 5087 3449 5139 apuu
3473 5087 3638 5124 Allla-

2077 5151 2291 5207 nasium
2318 5155 2374 5201 et
2407 5145 2710 5206 Socratem,
2745 5144 2908 5199 aliam
2957 5141 3101 5211 apud
3125 5140 3527 5196 Theodorctum
3557 5141 3638 5193 ius

2079 5217 2522 5286 terpretationem
2560 5213 2740 5286 habet.
2783 5284 2816 5286 η
2882 5283 2893 5286 _
2973 5240 2998 5286 -
3047 5281 3064 5286 Α
3325 5280 3339 5286 _
3519 5270 3528 5286 _.

2148 5278 2258 5360 ('99)
2297 5287 2499 5360 Regius
2525 5285 2742 5360 codex)
2776 5281 3153 5360 δεδυνῆσθαι,
3182 5280 3462 5360 mendose.
3518 5278 3634 5332 Mm

2079 5350 2492 5428 Socratafﬁpdg
2520 5355 2596 5408 δέ.
2626 5353 2775 5428 infra
2809 5351 2974 5419 idem,
2994 5350 3036 5428 ἠ
3072 5351 3139 5428 σὴ
3168 5350 3443 5428 egeam.

2151 5429 2227 5502 (1)
2266 5419 2398 5498 r’eé'
2423 5427 2578 5482 deest
2624 5425 2678 5479 in
2727 5422 2972 5479 Socrate.
3022 5419 3162 5476 lnlra
3211 5419 3436 5490 Regius,
3485 5419 3644 5489 γαλη-

2077 5519 2231 5641 ναῖξὲ)
2271 5568 2362 5624 Sic
2409 5566 2610 5641 Regiug
2655 5564 2822 5641 cedent
2877 5571 2935 5617 et
2987 5559 3262 5641 $ocrates.
3289 5558 3347 5641 In
3371 5557 3552 5641 editis,
3584 5557 3641 5611 ἐν

2079 5652 2130 5698 et
2156 5628 2274 5705 σοῖς
2308 5628 2654 5696 ιὶεοειδίιιῐιτι
2693 5633 2893 5705 Regius
2922 5632 3014 5688 καί
3048 5630 3206 5690 habet
3231 5638 3354 5686 ante
3386 5628 3568 5689 πάλιν.
