3966 6226
339 319 438 378 193
493 363 496 366 .
1251 321 1489 378 TOMUS
1521 322 1611 375 AD
1648 322 2149 381 ANTIOCHENOS.
2185 353 2258 366 —
2293 321 2631 378 MONl'l‘UM.
3466 326 3567 381 τοι

336 433 622 502 τοκράτορι
668 433 805 504 Θεῷ,
837 433 933 488 καὶ
980 433 1058 504 τῷ
1083 433 1327 506 Aeaciden
1352 435 1448 488 καὶ
1504 434 1712 506 Σωτῆρι
1736 437 1890 506 ἡμῶν

1998 437 2198 506 genito,
2241 451 2339 505 pro
2367 435 2592 505 imperio
2627 446 2720 490 tuo
2761 445 3050 491 consuetas
3080 455 3188 493 una
3215 454 3338 494 cum
3394 453 3564 508 popu-

337 523 554 596 Χριστῷ
584 524 681 594 (5),
713 525 789 596 τῷ
827 525 942 597 Υῑῷ
967 525 1131 579 αὑτοῦ
1159 525 1238 596 τῷ
1287 528 1562 596 μονογενεί
1581 565 1598 592 ,
1632 526 1771 598 ὑπὲρ
1801 527 1899 597 τῆς

2001 529 2068 584 lis
2093 544 2283 599 preces
2309 527 2585 582 ellundere
2619 547 2632 582 :
2670 529 2812 583 sicut
2841 536 2966 582 ante
2993 544 3204 599 semper
3229 529 3478 597 fecimus,
3511 539 3560 584 et

339 616 436 686 σῆς
484 615 779 684 βασιλείας,
813 616 910 681 τὰς
955 617 1174 687 ἐθίμους
1205 615 1370 687 εὐχὰς
1424 617 1564 686 μετὰ
1593 616 1700 670 τῶν
1756 616 1896 670 λαῶν

1529 617 1564 670 ὰ
1593 616 1700 670 τῶν
1756 616 1896 670 λαῶν
2000 633 2146 674 nunc
2176 628 2395 674 orantes
2427 617 2606 674 facere
2630 633 2739 675 non
2766 617 3095 674 desistimus.

335 703 682 774 ἀποπληροῦν
702 745 719 772 ,
747 705 928 772 καθὼς
959 707 1054 762 καὶ
1082 708 1169 761 ἀεὶ
1198 706 1620 779 ὲπετελέσαμεν,
1665 710 1760 764 καὶ
1804 708 1898 765 νῦν
1940 709 2196 781 ποιοῦμεν
2224 709 2526 782 εὐχόμενοι.

403 905 480 977 (3)
519 904 753 975 SocraL,
768 906 941 979 Ἰησοῦ
969 907 1205 980 Χριστῷ.

353 1096 3532 1124 ,___________,____________________________________________.._

1068 1331 1192 1421 IN
1267 1329 1698 1423 TOMUM
1770 1327 1920 1416 AD
1989 1320 2840 1418 ANTIOCHENOS

1578 1623 2320 1738 MONITUM.

394 1874 434 1931 Ι.
477 1873 542 1928 1η
577 1873 842 1944 prioribus
874 1872 1032 1927 editis
1060 1870 1274 1942 {Grazcis
1316 1868 1552 1939 cpistola:
1592 1884 1776 1923 nomen
1824 1869 2020 1924 obtinet
2067 1870 2163 1924 hoc
2212 1868 2551 1938 opusculum,
2592 1867 2852 1921 editorum
2882 1883 3007 1921 sane
3052 1868 3200 1932 vitio,
3232 1882 3354 1919 nam
3384 1865 3560 1935 Τόμος

321 1975 653 2035 nuncupatur
697 1964 751 2018 in
787 1962 1025 2016 omnibus
1061 1978 1187 2031 pene
1214 1961 1500 2026 codicibus,
1533 1969 1581 2014 et
1611 1959 1816 2018 Tomus
1850 1963 1903 2015 in
1932 1961 2186 2016 veteribus
2229 1961 2383 2014 editis
2418 1959 2650 2014 Latinis.
2700 1958 2768 2012 Et
2811 1976 2928 2014 vero
2960 1976 3063 2012 non
3107 1960 3412 2012 insolentem
3450 1975 3560 2012 esse

320 2056 532 2110 titulum
559 2053 839 2124 ejusmodi,
865 2068 982 2105 cum
1005 2051 1126 2106 aliis
1158 2050 1431 2122 permultis
1464 2051 1745 2120 exemplis,
1797 2061 1908 2105 tum
1935 2054 2165 2106 maxime
2203 2052 2297 2106 hoc
2335 2051 2599 2105 luculento
2639 2049 2876 2120 Gregorii
2906 2048 3238 2103 Nazianzeni
3267 2049 3562 2102 testimonio

317 2147 706 2216 comprobatur.
742 2143 800 2200 1s
830 2145 968 2199 enim
1005 2142 1227 2214 epistola
1255 2143 1281 2197 1
1307 2183 1322 2208 ,
1357 2143 1424 2196 ad
1459 2140 1785 2207 Cledonium,
1821 2145 1883 2197 sit

1995 2151 2075 2197 bet
2113 2144 2324 2214 loquens
2361 2143 2426 2196 de
2458 2142 2856 2213 Apollinaristis
2887 2157 2904 2194 :
2934 2140 3174 2206 Δείξουσι
3216 2140 3274 2193 δὲ
3311 2139 3559 2205 πάντως,

315 2240 347 2308 ἢ
377 2239 465 2294 διὰ
487 2240 652 2310 τόμον
692 2236 991 2300 συνοδικοῦ,
1023 2236 1057 2308 ἢ
1095 2234 1160 2288 δι’
1191 2233 1486 2288 ἐπιστολῶν
1515 2234 1861 2290 κοινωνικῶν.

1998 2252 2044 2299 σς
2081 2234 2190 2306 γὰρ
2219 2234 2326 2289 τῶν
2366 2235 2594 2288 συνόδων
2625 2237 2652 2288 ὁ
2681 2235 2862 2304 νόμος
2898 2234 3133 2289 Omnino
3166 2241 3344 2288 autem
3384 2242 3564 2288 osten-

315 2332 442 2386 dent
471 2331 547 2399 (se
577 2328 775 2384 scilicet
801 2327 868 2380 ad
899 2325 1316 2381 communionem
1353 2324 1612 2379 admissos
1636 2327 1767 2394 esse)
1799 2324 1883 2379 vel
1907 2341 2003 2394 per
2027 2333 2232 2378 tomum
2261 2325 2596 2396 synodalem,
2629 2325 2712 2380 vel
2738 2341 2833 2394 per
2866 2326 3125 2396 epistolas
3164 2323 3566 2380 communionis

315 2426 540 2480 iudices.
574 2421 707 2477 Nam
740 2423 828 2478 hic
856 2421 1186 2493 synedorum
1218 2435 1336 2476 mos
1363 2429 1467 2478 est.
1499 2420 1676 2490 Τόμος
1715 2431 1890 2474 autem
1923 2430 2158 2486 vocatur,
2195 2421 2269 2474 ait
2306 2419 2612 2474 Philotheus
2640 2431 2780 2490 patr.
2825 2419 2916 2474 lib.
2956 2435 3014 2487 ιι,
3049 2421 3310 2474 adversus
3335 2414 3561 2488 Nicepli.

313 2519 630 2589 Gregoram,
669 2515 807 2586 quod
844 2517 901 2569 in
926 2530 985 2569 eo
1017 2531 1095 2568 res
1130 2511 1600 2583 συντετμημένως,
1631 2511 1686 2565 id
1713 2521 1789 2566 est
1819 2528 1879 2581 pa

844 2517 901 2569 in
926 2530 985 2569 eo
1017 2531 1095 2568 res
1130 2511 1600 2583 συντετμημένως,
1631 2511 1686 2565 id
1713 2521 1789 2566 est
1819 2512 2024 2581 paucis,
2055 2521 2383 2566 enarrentur.

382 2632 445 2686 ll.
488 2630 654 2685 Putat
691 2628 1074 2687 Felckmannus
1101 2626 1235 2680 hanc
1263 2626 1537 2695 epistolam
1570 2641 1662 2679 seu
1689 2632 1906 2690 tomum,
1941 2640 2051 2678 esse
2096 2625 2443 2694 fragmentum
2481 2625 2724 2678 alicunde
2765 2625 3049 2679 divulsum.
3085 2625 3215 2681 Hcce
3259 2627 3406 2679 illius
3439 2634 3564 2679 sunt

313 2723 467 2779 verba
490 2737 509 2775 :
543 2721 598 2773 In
629 2719 812 2774 codice
843 2717 1167 2773 Gobleriano
1205 2724 1425 2770 notatur
1458 2714 1525 2770 ad
1559 2713 1700 2770 hanc
1727 2715 1879 2784 episti

1995 2730 2034 2781 ι,
2063 2716 2223 2785 Ζήτει
2253 2715 2350 2788 τὴν
2381 2715 2552 2787 ἀρχὴν
2584 2715 2677 2769 τοῦ
2706 2715 2871 2771 αὑτοῦ
2901 2717 3058 2784 λόγου
3092 2717 3390 2788 (praecessit
3415 2717 3561 2772 enim

313 2810 514 2865 Liberii
546 2807 841 2878 ἀκέφαλος)
874 2825 888 2862 :
921 2821 1028 2876 quo
1058 2805 1210 2859 innui
1241 2804 1456 2860 videtur
1489 2805 1630 2860 hanc
1662 2805 1913 2861 similiter
1945 2820 2066 2861 esse
2088 2805 2451 2876 fragmentum
2494 2807 2726 2877 alicujus
2760 2807 2906 2863 libri.
2943 2807 3112 2877 Cujus
3144 2810 3218 2863 rei
3261 2809 3424 2863 etiam
3461 2809 3562 2864 hoc

312 2903 571 2958 indicium
610 2910 716 2967 est,
749 2900 894 2970 quod
923 2900 1062 2955 infra
1101 2902 1204 2957 sub
1248 2902 1411 2959 linem
1445 2901 1761 2956 scribuntur
1793 2902 2040 2972 quaedam
2077 2917 2198 2972 qua:
2237 2902 2291 2956 in
2340 2903 2676 2958 Antiochena
2722 2902 2929 2973 synodo
2971 2910 3089 2957 acta
3119 2911 3267 2969 sunt,
3299 2903 3364 2956 ad
3397 2918 3561 2971 quam

315 3007 492 3050 tamen
525 2995 827 3050 habendam
855 2995 1072 3048 demum
1098 2995 1354 3064 scriptam
1381 3007 1502 3049 esse
1523 3007 1590 3050 ex
1617 3001 1874 3048 contextu
1899 3001 2139 3063 apparet,
2167 3002 2220 3047 et
2246 3000 2434 3047 auctor
2463 3001 2548 3047 est
2576 2992 2850 3048 Socrates.
2882 2992 3123 3049 Putarim
3146 3010 3247 3066 ego
3274 2994 3560 3064 epistolam

312 3089 453 3143 lianc
489 3102 615 3142 cum
651 3085 966 3156 appendice,
998 3085 1231 3154 alicujus
1265 3083 1387 3139 libri
1409 3083 1654 3154 synodici
1689 3082 2053 3155 fragmentum
2083 3098 2225 3150 esse,
2261 3093 2356 3138 aut
2382 3091 2530 3138 certe
2563 3083 2652 3136 illa
2684 3082 2784 3137 sub
2809 3082 2970 3138 [luem
3006 3084 3221 3139 aliunde
3258 3085 3325 3139 ad
3357 3085 3563 3156 episto-

311 3178 414 3234 lam
443 3187 649 3232 assuta.
678 3175 850 3230 Porro
882 3176 950 3229 ad
980 3178 1269 3246 marginem
1293 3173 1603 3245 Segueriani
1633 3175 1758 3228 item
1785 3175 2056 3240 scribitur;
2091 3176 2251 3247 Ζήτει
2284 3175 2481 3246 ἀρχήν,
2515 3173 2728 3242 perinde
2764 3185 2917 3248 atque
2950 3180 3003 3232 in
3036 3178 3346 3233 Gobleriano
3366 3221 3381 3246 ,
3410 3180 3560 3250 cujus

311 3282 488 3327 notam
521 3290 623 3326 non
658 3273 918 3327 intellexit
953 3269 1362 3334 Felcltmannus,
1400 3283 1492 3323 nec
1525 3268 1887 3324 intellecturus
1933 3277 2011 3323 est
2056 3270 2292 3340 quisquis
2331 3269 2566 3322 ordinem
2610 3273 3092 3342 manuscriptorum
3139 3273 3420 3328 Athanasii
3457 3290 3563 3328 non

309 3369 613 3425 adverterit.
648 3367 712 3422 In
742 3367 980 3422 omnibus
1008 3367 1184 3436 itaque
1209 3363 1476 3419 codicibus
1505 3381 1656 3431 quos,
1687 3365 1765 3421 rel
1792 3380 2016 3436 quorum
2047 3365 2344 3434 catalogum
2372 3365 2627 3433 dispicere
2649 3365 2821 3435 licuit,
2851 3367 2936 3422 hic
2978 3379 3147 3423 tomus
3172 3370 3248 3424 bis
3268 3370 3561 3438 descriptus

309 3473 404 3532 est,
434 3481 484 3520 et
516 3467 687 3535 primo
716 3465 926 3536 quidem
952 3466 1149 3535 integer
1193 3474 1349 3538 atque
1375 3465 1669 3531 absolutus,
1696 3464 2036 3518 duodecimus
2066 3478 2282 3518 numero
2313 3463 2552 3531 habetur,
2585 3472 2740 3533 atque
2765 3465 2957 3519 iterum
2986 3466 3043 3520 in
3071 3466 3258 3522 iisdem
3286 3475 3562 3535 septuage-

309 3556 472 3608 simus
505 3571 671 3610 nonus
711 3553 892 3609 ordine
931 3553 1158 3622 locatur,
1191 3569 1293 3608 non
1329 3555 1538 3624 quidem
1566 3569 1632 3609 ex
1659 3555 1862 3624 integro
1889 3554 2202 3624 descriptus,
2229 3554 2319 3608 sed
2350 3555 2413 3608 ab
2447 3555 2602 3609 initio
2635 3556 2748 3623 ejus
2777 3571 2901 3625 pars
2940 3557 3084 3611 haud
3110 3558 3299 3626 exigua
3325 3556 3400 3609 ibi
3441 3570 3562 3609 exa-

308 3655 480 3704 ratur.
513 3645 597 3699 Ad
623 3648 910 3718 marginem
942 3647 1106 3717 igitur
1133 3649 1432 3704 duodecimi
1477 3649 1712 3704 scribunt
1747 3649 1981 3715 librarii,
2025 3650 2186 3720 Ζήτει
2219 3649 2418 3719 ἀρχήν,
2451 3647 2644 3717 Quaere
2667 3649 2905 3714 initium,
2933 3652 3057 3720 quia
3095 3649 3295 3704 scilicet
3327 3650 3560 3718 ejusdem

307 3741 519 3795 initium
553 3743 931 3812 septuagesimo
961 3759 1095 3797 nono
1124 3743 1238 3798 loco
1270 3745 1460 3798 iterum
1505 3745 1741 3812 ponitur,
1776 3759 1873 3796 cun

1999 3759 2026 3796 c
2059 3749 2184 3795 nota
2218 3741 2274 3794 in
2315 3740 2470 3811 Regio
2502 3741 2700 3806 codice,
2739 3743 3067 3815 Προεγράφη
3100 3747 3180 3808 εἰς
3227 3744 3292 3798 ιδ’
3322 3745 3476 3812 λόγον
3499 3744 3563 3797 τὸ

305 3831 446 3896 ὅλον,
481 3831 798 3903 Descriptus
827 3840 910 3889 cst
940 3849 1105 3903 supra
1135 3835 1344 3907 integer
1374 3835 1696 3890 duodecimo
1724 3842 1976 3889 tractatu.
2010 3831 2198 3903 Liquet
2226 3841 2402 3886 autem
2431 3832 2568 3887 hunc
2597 3842 2795 3886 tomum
2821 3836 3060 3890 omnibus
3089 3839 3318 3891 numeris
3347 3845 3397 3891 et
3435 3853 3562 3906 par-

307 3927 444 3981 tibus
469 3928 579 3981 suis
613 3927 909 3982 absolutum
943 3945 1072 3995 esse,
1111 3939 1168 3983 ut
1200 3945 1264 3984 ne
1292 3929 1370 3986 vel
1391 3930 1615 3983 minima
1637 3928 1868 3997 suspicio
1895 3928 1965 3982 sit
1995 3942 2104 3981 esse
2137 3925 2509 3995 fragmentum.
2539 3924 2757 3980 Paulini
2788 3941 2904 3981 vero
2934 3927 3164 3996 formula
3196 3928 3320 3998 ﬁdei
3344 3944 3462 3999 qua:
3492 3927 3561 3982 ad

305 4021 500 4075 calcem
533 4031 718 4075 assuta
758 4030 856 4084 est,
900 4021 1195 4078 Antiochia:
1238 4023 1448 4094 quidem
1477 4022 1624 4078 edita
1672 4022 1798 4092 fuit,
1832 4022 1923 4076 sed
1970 4029 2316 4091 congruenter
2342 4019 2464 4074 huic
2494 4028 2634 4075 torno
2665 4019 3040 4078 Alexandrinae
3072 4023 3258 4094 synodi
3288 4026 3560 4087 attexitur,

305 4115 588 4170 subscribit
619 4116 757 4170 enim
789 4115 876 4169 ille
905 4117 1055 4171 rebus
1084 4117 1426 4173 Alexandriae
1461 4117 1703 4173 decretis.

374 4231 464 4285 Ill.
510 4229 653 4296 Quid
697 4230 1048 4286 Athanasium
1086 4241 1402 4302 ceterosque
1433 4232 1620 4287 Patres
1664 4231 1973 4302 compulerit
2015 4234 2084 4287 ad
2111 4250 2229 4289 eam
2266 4234 2634 4290 celebrandam
2669 4236 2950 4306 synodum,
2995 4249 3061 4288 ea:
3113 4235 3209 4288 hoc
3264 4248 3376 4302 ipso
3425 4241 3566 4284 tomo

303 4329 591 4400 comperire
621 4329 762 4381 licet.
797 4329 984 4381 Actum
1016 4329 1154 4382 enim
1187 4329 1259 4382 ibi
1295 4329 1468 4398 primo
1499 4329 1602 4398 fuit
1636 4329 1700 4382 de
1729 4327 1882 4382 rebus
1911 4329 2249 4385 Antiochenw
2280 4328 2531 4384 Ecclesia:
2561 4329 2950 4400 componendis.
2999 4326 3142 4380 Nam
3175 4335 3278 4380 tres
3304 4326 3360 4379 in
3391 4332 3565 4392 partes

301 4427 564 4480 distracta
597 4434 722 4477 tunc
752 4423 934 4476 civitas
964 4432 1098 4478 erat.
1128 4423 1314 4478 Prima
1344 4441 1560 4479 numero
1599 4425 1834 4478 maxima
1864 4434 1978 4479 erat
2013 4426 2355 4491 Arianorum,
2386 4426 2498 4496 qui,
2527 4425 2678 4493 pulso
2711 4423 2942 4488 Meletio,
2973 4420 3233 4475 Euzoium
3271 4434 3383 4472 sua:
3413 4427 3567 4472 secttc

303 4521 569 4578 hominem
594 4519 894 4586 episcopum
924 4518 1026 4570 sibi
1052 4519 1470 4580 constituerant;
1501 4515 1566 4569 28
1597 4512 2030 4581 Meletianorum,
2059 4524 2119 4567 ut
2147 4513 2399 4569 vocabant
2437 4531 2471 4569 a
2502 4513 2716 4567 Meletio
2741 4511 3001 4581 episcopo,
3029 4525 3182 4580 quem
3211 4506 3399 4561 Ariani
3429 4503 3569 4558 ordi-

302 4626 497 4674 narant
521 4616 840 4686 episcopum,
856 4614 960 4667 rati
984 4630 1093 4669 suae
1103 4614 1276 4683 favere
1287 4614 1576 4667 sententiae.
1592 4611 1660 4664 At
1680 4609 1769 4665 ubi
1797 4617 2027 4680 primum
2057 4618 2376 4679 agnoverunt
2391 4625 2506 4666 eum
2523 4605 3090 4663 consubstantialitatis
3106 4613 3375 4658 strenuum
3390 4599 3566 4667 defen-

300 4728 472 4766 sorem
509 4726 641 4772 esse,
673 4710 729 4762 in
769 4708 1017 4764 exsilium
1046 4705 1278 4775 ablegari
1301 4713 1577 4769 curarunt,
1609 4721 1726 4758 cum
1769 4705 1856 4758 vix
1894 4705 2115 4772 triginta
2147 4703 2366 4757 sedisset
2398 4703 2528 4756 dies.
2563 4701 2749 4756 Reduc;
2773 4699 2864 4754 ille
2897 4715 3013 4752 cum
3062 4697 3203 4761 aliis,
3232 4693 3452 4747 Iuliano
3483 4692 3567 4744 in-

299 4809 452 4853 eunte
480 4798 782 4868 imperium,
813 4814 844 4850 a
876 4796 986 4850 suis
1018 4795 1213 4864 ingenti
1243 4794 1438 4864 gaudio
1471 4804 1716 4862 exceptus
1749 4793 1958 4862 fuerat;
1986 4793 2050 4846 5⁸
2093 4791 2594 4854 Eustathianorum,
2645 4808 2678 4844 a
2712 4799 2898 4844 sancto
2949 4787 3230 4842 Eustathio
3275 4781 3562 4837 Antiochia

299 4891 427 4945 olim
458 4889 697 4957 episcopo
725 4904 741 4941 :
775 4887 864 4941 sed
894 4886 1234 4942 Arianorum,
1261 4881 1448 4950 quibus
1476 4879 1866 4948 infensissimus
1895 4889 2033 4945 erat,
2079 4879 2290 4934 insidiis
2330 4880 2384 4932 in
2431 4878 2681 4933 exsilium
2732 4878 2907 4947 pulso,
2941 4887 3096 4946 atque
3137 4874 3249 4928 illic
3297 4872 3559 4940 defuncto.

306 4980 375 5034 Hi
407 4999 442 5034 a
473 4981 686 5050 reliquis
712 4978 950 5034 omnibus
984 4976 1237 5046 segregati
1270 4972 1489 5026 Paulini
1512 4972 1796 5041 presbyteri
1828 4970 2162 5026 conventibus
2191 4973 2512 5034 intererant,
2548 4983 2704 5040 atque
2743 4986 2861 5024 cum
2887 4968 3179 5022 Athanasio
3208 4961 3561 5017 communica-

299 5072 446 5126 bant.
480 5071 625 5136 Quos
674 5070 742 5124 ad
787 5085 966 5139 pacem
1007 5069 1310 5124 cohortatur
1359 5063 1705 5129 Athanasius,
1756 5064 2040 5133 suadetque
2072 5071 2130 5116 ut
2183 5078 2304 5116 cum
2337 5063 2404 5116 iis
2437 5060 2819 5115 communicent
2854 5059 2944 5129 qui
2975 5059 3030 5110 in
3078 5055 3247 5108 Veteri
3286 5061 3562 5105 conventus

300 5174 488 5234 agunt,
517 5164 719 5220 scilicet
749 5180 866 5217 cum
901 5163 1231 5225 Melctianis;
1261 5176 1366 5230 qua
1388 5160 1445 5213 in
1469 5173 1524 5212 re
1555 5173 1884 5232 nequaquam
1917 5158 2209 5212 Athanasio
2239 5156 2539 5233 synodoque
2570 5153 2947 5210 Alexandrina;-
2989 5150 3400 5217 obtemperatum
3440 5150 3516 5196 est
3538 5179 3552 5195 .

299 5259 616 5313 diuturnum
643 5258 783 5312 enim
807 5266 987 5327 postea
1016 5257 1118 5326 fuit
1144 5257 1448 5316 discidium.

369 5374 462 5430 IV.
504 5375 658 5442 Quod
697 5384 873 5429 autent
911 5376 988 5428 ait
1026 5374 1291 5428 Baronius
1313 5415 1326 5440 ,
1370 5374 1681 5440 Paulinum,
1721 5381 2002 5443 antequam
2033 5373 2399 5434 Alexandrina
2427 5379 2698 5442 cogeretur
2724 5365 2978 5437 synodus,
3012 5381 3046 5418 a
3077 5363 3322 5434 Lucifero
3361 5365 3564 5434 episco-

301 5481 427 5538 pum
473 5468 778 5538 ordinatum
818 5467 999 5536 fuisse,
1030 5466 1106 5521 vel
1145 5481 1209 5520 ex
1241 5465 1335 5518 hoc
1368 5473 1528 5528 tomo,
1560 5467 1645 5519 cui
1679 5473 1852 5518 tamen
1895 5466 1996 5518 soli
2044 5466 2153 5536 ipse
2191 5465 2460 5526 innititur,
2504 5458 2699 5514 elevari
2747 5456 2972 5510 videtur.
3034 5453 3176 5508 Nam
3214 5457 3262 5508 si
3293 5455 3559 5524 episcopus

300 5570 457 5614 antea
489 5560 592 5629 fuit
625 5534 924 5622 orilinatus,
961 5576 1054 5613 cur
1094 5559 1320 5627 episcopi
1353 5575 1536 5612 nomen
1586 5559 1634 5611 ei
1688 5574 1946 5628 nusquam
1990 5561 2086 5613 hoc
2133 5567 2272 5612 torno
2312 5556 2581 5616 tribuitur,
2627 5553 2952 5617 maximeque
2986 5565 3129 5604 num.
3184 5547 3252 5611 9,
3313 5547 3400 5600 ubi
3444 5562 3560 5599 cum

300 5651 474 5716 agitur
499 5650 565 5703 de
605 5650 793 5720 legatis
828 5649 1078 5718 Luciferi,
1113 5647 1332 5702 Paulini
1363 5658 1412 5701 et
1442 5648 1780 5716 Apollinarii,
1813 5649 2012 5716 primus
2051 5657 2100 5701 et
2130 5655 2419 5716 postremus
2457 5645 2684 5710 episcopi
2713 5642 2980 5703 dicuntur,
3022 5634 3279 5690 Paulinus
3310 5633 3564 5686 minime?|

305 5743 378 5802 Au
408 5744 657 5800 credibile
686 5752 762 5797 est
796 5744 840 5797 si
869 5744 980 5810 jam
1013 5745 1280 5812 episcopus
1308 5741 1567 5799 Paulinus
1597 5743 1813 5812 fuisset,
1859 5759 1956 5798 non
1990 5744 2290 5798 hortaturos
2327 5737 2489 5806 fuisse
2521 5737 2703 5805 synodi
2744 5733 2964 5804 Patres,
3000 5747 3054 5791 ut
3090 5751 3263 5789 omnes
3299 5731 3558 5790 Catholici
