3966 6226
436 313 545 369 793
1004 311 1061 366 S.
1103 307 1475 366 ATHANASII
1517 308 1668 364 OPP.
1733 307 1913 362 PARS
1951 307 1990 363 l.
2032 336 2102 350 —
2140 307 2514 364 HISTORICA
2553 308 2640 362 ΕΤ
2680 304 3102 362 DOGMATICA.
3481 349 3486 356 .
3564 298 3664 352 796

437 430 654 500 pra’suli
709 447 804 484 suo
874 431 1322 501 adjungerentur?
1360 428 1463 483 Sed
1497 430 1660 482 instat
1707 429 1991 494 Baronius,
2055 429 2350 498 episcopum
2381 429 2543 497 fuisse
2580 426 2669 494 qui
2706 425 2904 494 legatos
2933 420 3133 476 miserit
3180 419 3252 472 ad
3284 415 3562 486 synodum.
3598 415 3664 468 At

437 528 634 576 certum
661 532 738 576 est
756 522 873 576 sede
906 532 1122 576 vacante
1149 521 1362 574 licuisse
1392 522 1692 589 presbytero
1720 519 1917 589 legatos
1939 519 2008 572 ad
2027 520 2282 585 synodum
2315 519 2536 571 mittere.
2554 514 2784 570 Vacabat
2812 529 2967 582 porro
3005 520 3126 564 tunc
3152 507 3475 562 Antiochenu
3503 505 3665 570 sedes,

437 617 514 670 vel
542 618 726 670 saltem
758 633 940 671 vacare
969 617 1256 685 putabatur
1279 635 1299 673 :
1334 615 1571 669 Euzaius
1611 616 1746 667 enim
1780 615 2008 668 Arianus
2044 614 2108 667 ab
2145 614 2360 666 Arianis
2398 612 2672 664 ordinatus
2699 609 2891 678 fuerat.
2925 604 3166 658 Meletius
3205 602 3330 656 item
3361 598 3424 652 ab
3456 598 3666 652 Arianis

439 714 772 776 constitutus,
813 713 931 767 licet
957 713 1243 766 catholicus
1277 721 1430 774 esset,
1462 710 1710 780 plurimis
1741 717 1914 764 tamen
1940 708 2326 763 Catholicorum
2359 716 2643 775 suspectus,
2663 704 2892 758 nondum
2926 700 3137 796 omnino
3164 695 3430 796 Arianieae
3460 708 3662 795 promo-

441 803 597 856 ticnis
646 803 905 858 maculam
943 804 1192 858 diluerat.
1223 801 1322 856 His
1360 800 1494 854 adde
1525 800 1756 854 Baronio
1791 799 2049 870 refragari
2084 815 2259 852 omnes
2290 796 2654 852 ecclesiastica:
2699 793 2932 848 historia:
2965 790 3264 859 scriptores,
3293 790 3382 855 qui
3422 790 3570 836 aiunt
3611 796 3668 836 eo

442 906 666 964 tempore
693 898 991 951 ordinatum
1024 897 1188 966 fuisse
1215 893 1518 958 Paulinum,
1548 907 1648 962 quo
1674 890 1860 944 Patres
1897 889 2244 944 Alexandrini
2269 888 2332 942 de
2365 886 2514 940 rebus
2546 884 2795 939 Ecclesiw
2822 892 3051 953 agerent.

519 984 575 1039 ν.
614 988 803 1040 Actum
845 998 1096 1056 praeterea
1138 995 1212 1040 est
1248 988 1299 1040 in
1331 985 1430 1038 hac
1467 984 1666 1054 synodo
1717 983 1781 1038 de
1837 982 2030 1037 tabella
2066 980 2390 1044 Sardicensi,
2425 996 2582 1050 quam
2612 977 2951 1048 rejiciendam
2989 980 3300 1030 censuerunt
3348 972 3554 1025 Patres.
3596 966 3670 1022 De

441 1078 607 1132 tribus
636 1081 798 1133 etiam
828 1079 1214 1150 hypostasibus,
1240 1095 1372 1149 quas
1400 1078 1639 1132 nonnulli
1668 1077 1972 1146 repudiatas
1995 1075 2258 1135 volebant,
2288 1071 2634 1127 admittebant
2662 1071 2792 1135 alii;
2818 1070 2907 1126 sed
2929 1085 3155 1139 expensa
3181 1076 3521 1136 utrorumque
3551 1077 3669 1115 sen-

442 1171 626 1234 tentia,
653 1171 815 1225 solius
845 1173 1067 1226 nominis
1100 1173 1320 1241 quaestio
1363 1173 1477 1227 visa
1516 1182 1614 1226 est.
1649 1171 1841 1224 Actum
1888 1170 2011 1222 item
2066 1167 2130 1222 de
2177 1168 2299 1220 aliis
2335 1165 2534 1222 Christi
2570 1163 2996 1217 Incarnationem
3045 1158 3416 1230 spectantibus,
3448 1155 3672 1210 maxime

439 1263 503 1317 de
541 1264 862 1333 Apollinarii
889 1266 1074 1320 haeresi
1100 1276 1210 1320 tum
1241 1267 1549 1337 pullulanti,
1581 1267 1670 1337 qui
1698 1283 1789 1334 per
1817 1265 2014 1334 legatos
2039 1279 2161 1316 suos
2190 1263 2334 1316 virus
2360 1277 2470 1316 sua:
2491 1261 2745 1315 haereseos
2785 1260 2853 1313 ad
2887 1267 3084 1326 tempus
3113 1254 3414 1320 occultavit,
3448 1260 3505 1306 ut
3530 1250 3671 1320 infra

439 1359 654 1412 dicitur.
687 1357 876 1414 Editus
904 1371 1079 1416 autem
1107 1371 1186 1416 est
1218 1355 1299 1415 hic
1333 1373 1502 1416 tomus
1537 1363 1688 1415 initio
1717 1361 1923 1430 imperii
1957 1359 2166 1413 Iuliani
2203 1357 2494 1428 Apostataa,
2528 1372 2645 1410 cum
2687 1356 2800 1425 ejus
2832 1355 3037 1408 decreto
3077 1353 3304 1422 episcopi
3337 1350 3671 1418 remigrarent

442 1449 505 1500 al)
530 1449 734 1514 exsilio,
771 1467 909 1506 anno
933 1451 1056 1514 362,
1087 1452 1302 1523 ipsaque
1326 1469 1484 1509 manu
1514 1452 1794 1508 Athanasii
1817 1450 2069 1520 scriptum
2103 1449 2266 1519 fuisse
2297 1449 2647 1520 conjectamus
2692 1461 2757 1502 ea:
2799 1445 3112 1517 quibusdam
3142 1443 3211 1498 ad
3243 1441 3433 1496 calcem
3463 1440 3672 1510 positis,

441 1545 530 1598 ubi
557 1545 761 1600 videsis.

437 1766 878 1842 615,1‘Qlws
935 1773 1350 1830 ATHANASII
1408 1773 1998 1832 ancmsmseom
2025 1737 2072 1793 Α
2100 1763 2177 1842 (ι)
2196 1773 2238 1823 ο
2269 1764 3113 1842 ηροεχρζξ-,Ψζῃρξςεζε
3133 1737 3676 1842 gymnasium-

582 1827 1854 1902 umsummab‘sivriocnsivos.’
1874 1827 1898 1832 ⁷
1917 1827 1939 1830 ’
1966 1827 1990 1830 “

2106 1827 2295 1896 “sto
2308 1842 2352 1893 r
2374 1837 2926 1893 ΑΡΧΙΕΠΙΣΚΟΠΟ
2939 1835 2984 1885 r
3019 1835 3117 1887 AA
3126 1829 3528 1884 EEANAPEIA
3537 1827 3599 1878 Σ.

508 1973 860 2031 Charissimis
886 1985 939 2031 et
985 1978 1342 2048 optatissimis
1391 1979 1786 2035 comministris
1825 1979 1997 2036 Euse-

441 2064 552 2126 bio,
579 2064 851 2133 Lucifero,
876 2065 1113 2136 Asterio,
1157 2068 1406 2139 Cymatio
1434 2080 1488 2126 et
1527 2070 1799 2138 Anatolio,
1825 2072 1994 2126 Atha-

441 2157 649 2219 nasius,
710 2159 994 2229 casterique
1072 2160 1338 2231 cpisc0pi,
1400 2177 1466 2216 ex
1529 2161 1716 2226 Italia,
1773 2163 1996 2229 Arabia,

439 2243 673 2316 Egypto
704 2257 756 2302 et
802 2247 993 2321 Libya,
1041 2252 1132 2316 qui
1185 2250 1525 2306 Alexandriae
1567 2252 1789 2320 aﬂuere,
1826 2253 1996 2310 Euse-

438 2339 582 2404 bius,
631 2337 894 2404 Asterius,
927 2340 1116 2406 Gaius,
1162 2339 1428 2411 Agathus,
1475 2341 1818 2410 Ammonius,
1853 2343 1994 2413 Aga-

439 2429 765 2495 thodaamon,
802 2430 1145 2498 Dracontius,
1178 2432 1497 2503 Adelphius,
1527 2432 1833 2499 Hermaaon,
1857 2433 2000 2488 Mar-

437 2536 555 2584 cus,
579 2520 917 2588 Theodorus,
935 2523 1198 2589 Andreas,
1218 2523 1581 2594 Paphnutius,
1603 2525 1742 2582 alius
1764 2525 1996 2593 Marcus,

437 2612 638 2679 Zoilus,
680 2612 883 2678 Menas,
916 2615 1203 2686 Georgius,
1237 2615 1460 2680 Lucius,
1505 2616 1797 2682 Macarius,
1824 2626 1879 2674 et
1910 2634 1991 2674 re-

436 2701 592 2772 liqui,
621 2703 674 2758 in
707 2703 927 2760 Christo
963 2705 1194 2761 salutem
1225 2706 1542 2776 plurimam.

507 2878 559 2932 i.
595 2877 924 2936 Persuasum
977 2881 1194 2949 quidem
1246 2881 1530 2950 habemus,
1562 2898 1659 2939 vos
1710 2899 1831 2939 cum
1879 2885 1999 2941 sitis

436 2968 671 3023 ministri
703 2967 798 3023 Dei
827 2985 890 3025 ac
919 2971 1046 3024 boni
1102 2971 1529 3040 dispensatores,
1564 2975 1631 3030 ad
1678 2977 1859 3031 omnia
1891 2977 1996 3033 Ec-

2170 1983 2294 2044 Τοῖς
2324 1977 2626 2050 ἀγαπητοῖς
2665 1974 2760 2028 καὶ
2804 1969 3196 2032 ποθεινοτάτοις
3242 1966 3672 2036 συλλειτουργοῖς

2099 2072 2345 2141 Εὑσεΰίῳ
2396 2069 2494 2141 (5),
2545 2066 2862 2135 Λουκίφερι,
2913 2061 3194 2132 Ἀστερίῳ,
3250 2058 3519 2130 Κυματίῳ
3582 2057 3672 2110 καὶ

2111 2161 2415 2232 Ἀνατολιῳ,
2460 2158 2774 2219 Ἀθανάσιος
2795 2156 2889 2209 καὶ
2913 2155 2962 2206 οἱ
3003 2150 3402 2223 παρατυχόντες
3432 2149 3488 2201 ὲν
3526 2148 3672 2201 Ἀλε-

2100 2254 2348 2327 ξανδρεεᾳ
2377 2252 2667 2306 ἐπίσκοποι
2694 2249 2800 2303 ἀπό
2820 2265 2880 2300 τε
2908 2247 2983 2318 (6)
3003 2245 3100 2315 τῆς
3137 2241 3363 2304 Ἰταλίας
3388 2241 3478 2294 καὶ¹
3515 2241 3670 2310 Ἀρα-

2099 2345 2239 2408 ϐίας,
2279 2343 2550 2412 Αἰγύπτου
2591 2343 2684 2396 καὶ
2738 2338 2964 2408 Λιϐύης,
3013 2332 3272 2396 Εὐσέϐιος
3301 2373 3314 2395 ,
3377 2332 3666 2403 Ἀστέριος,

2099 2437 2275 2501 Γάῖος,
2318 2434 2564 2502 Ἀγαθδς,
2606 2431 2932 2503 Ἀμμώνιος,
2976 2426 3401 2499 Ἀγαθοδαίμων,
3430 2422 3666 2491 Δρακόν-

2096 2545 2230 2592 τιος,
2273 2526 2564 2594 Ἀδὲλφιος,
2601 2524 2899 2595 Ἑρμαίων,
2929 2524 3154 2592 Μάρκος
3179 2520 3255 2592 (7)
3284 2558 3298 2582 ,
3353 2517 3626 2587 Θεόδωρος
3648 2554 3664 2578 ,

2110 2619 2380 2692 Ἀνδρέας,
2410 2617 2762 2687 Παφνούτιος,
2794 2615 2952 2678 ἄλλος
2981 2613 3227 2684 Μάρκος,
3259 2607 3456 2671 Ζώῖλος
3476 2646 3491 2670 ,
3548 2606 3669 2674 Μη-

2098 2711 2215 2775 νᾶς,
2245 2709 2533 2781 Γεώργιος,
2561 2709 2807 2770 Λούκιος,
2838 2704 3140 2775 Μακάριος,
3167 2702 3262 2757 καὶ
3300 2701 3348 2753 οἱ
3375 2698 3573 2759 λοιποὶ,
3611 2697 3668 2750 ὲν

2098 2801 2320 2872 Χριστῷ
2353 2803 2578 2854 πλεῖστα
2597 2799 2825 2871 χαίρειν.

2173 2899 2224 2951 1.
2259 2892 2608 2965 Πεπείσμεθα
2637 2892 2755 2962 μὲν,
2781 2891 2883 2953 ὅτι,
2917 2885 3222 2958 λειτουργοὶ
3251 2882 3385 2938 Θεοῦ
3407 2883 3502 2936 καὶ
3528 2883 3672 2935 οἰκο-
3761 2906 3764 2908 ~

2098 2991 2251 3061 νόμοι
2282 2985 2434 3040 καλοὶ
2476 2983 2870 3053 τυγχάνοντες,
2912 2978 3084 3034 ἱκανοί
3122 2978 3246 3030 ὲστε
3276 2975 3411 3046 πρὸς
3453 2974 3670 3027 ἅπαντα

436 3057 615 3112 etesia
665 3059 877 3129 negotia
933 3060 1283 3128 temperanda
1342 3061 1568 3118 idoneos
1622 3079 1761 3120 esse.
1795 3063 1994 3121 Verum

2105 3057 2174 3135 τιεὶι⁷
2204 3081 2302 3152 τῆς
2361 3075 2684 3146 Ἐκκλησιας
2716 3070 3086 3144 ἁρμόζεσθαι·
3125 3066 3314 3138 ἐπειδὴ
3361 3065 3418 3120 δὲ
3463 3064 3560 3117 καὶ
3592 3064 3672 3125 εἰς

436 3149 566 3217 quia
605 3149 674 3203 ad
705 3165 806 3204 nos
859 3150 1084 3204 allatum
1129 3161 1233 3217 est,
1288 3151 1572 3220 plurimos,
1604 3155 1697 3224 qui
1726 3156 1930 3226 pridem
1965 3173 1996 3213 a

437 3240 592 3300 nobis
628 3261 720 3315 per
743 3243 1147 3303 contentionem
1173 3243 1533 3306 desciverant,
1557 3261 1743 3315 pacem
1769 3246 1881 3318 jam
1905 3263 1999 3302 cu-

436 3351 564 3406 pere
614 3355 629 3391 :
670 3338 958 3408 plerosque
997 3339 1125 3400 item
1177 3337 1246 3396 ab
1301 3337 1758 3396 Ariomauitarum
1807 3341 1997 3396 haresi

434 3425 746 3482 deﬁcientes
789 3427 1224 3484 communionem
1285 3439 1529 3485 nostram
1581 3441 1872 3502 exoptare;
1904 3448 1999 3488 ne-

435 3517 738 3572 cessarium
766 3516 1047 3584 duximus,
1077 3533 1163 3582 ea,
1199 3535 1321 3589 quae
1355 3535 1453 3575 nos
1488 3533 1541 3576 et
1591 3523 1771 3578 dilecti
1823 3524 1994 3578 nostri

435 3605 705 3663 Eusebius
754 3615 807 3667 et
860 3609 1114 3666 Asterius
1169 3611 1516 3680 scripsimus,
1546 3620 1739 3667 vestrm
1780 3629 1996 3683 quoque

435 3697 842 3753 mansuetudini
870 3699 1107 3755 scribere
1155 3700 1271 3772 (qui
1328 3710 1382 3756 et
1424 3701 1531 3772 ipsi
1566 3704 1701 3758 estis
1727 3703 1906 3760 dilecti
1929 3721 1994 3760 ac

434 3803 560 3848 vere
590 3790 918 3860 optatissimi
956 3792 1362 3865 comministri),
1399 3793 1465 3848 de
1491 3793 1595 3848 hoc
1621 3795 1839 3864 quidem
1873 3795 1995 3853 fau-

434 3887 518 3935 sto
568 3882 764 3941 nuntio
810 3883 953 3952 laeti,
1007 3891 1365 3954 optantesque
1421 3894 1480 3940 ut
1537 3887 1581 3940 si
1637 3887 1760 3956 quis
1792 3889 1998 3944 ~adhuc

433 3972 624 4040 procul
671 3973 828 4028 nobis
880 3973 1222 4044 relinquitur,
1280 3984 1336 4030 et
1393 3975 1438 4030 si
1495 3977 1616 4046 quis
1673 3978 1996 4036 Arianorum

431 4064 666 4121 coetibus
719 4065 884 4121 etiam
941 4082 1084 4122 nunc
1119 4067 1273 4139 jungi
1304 4069 1538 4134 videtur,
1596 4069 1645 4125 is
1682 4070 1750 4125 ab
1783 4069 1996 4124 illorum

505 4279 581 4350 (4)
619 4280 712 4358 §ic
737 4282 936 4358 legitur
964 4286 1155 4358 titulus
1189 4287 1242 4341 in
1273 4288 1529 4349 omnibus
1571 4290 1870 4358 codicibus,
1898 4308 1996 4348 ex-

433 4361 590 4430 cepto
619 4351 935 4430 Felchni._i.
963 4355 1020 4408 ln
1043 4372 1150 4430 quo
1173 4359 1336 4430 τόμος
1370 4359 1543 4414 solum
1570 4360 1736 4416 deest.
1773 4362 1829 4416 In
1857 4351 1993 4418 edit.

2099 3175 2244 3245 ἡμᾶς
2275 3167 2458 3240 ἦλθεν,
2503 3169 2584 3220 ὅτι
2617 3166 2856 3219 πλεῖστοι
2903 3162 3162 3234 πρότερον
3213 3157 3300 3212 διὰ
3341 3155 3674 3226 φιλονεικίαν

2097 3263 2454 3333 διαιρεθέντες
2479 3259 2570 3327 ἀφ’
2601 3256 2757 3329 ἡμῶν
2803 3254 2898 3327 (8),
2939 3252 3034 3306 νῦν
3051 3249 3344 3322 εἰρηνεύειν
3371 3247 3670 3317 βούλονται,

2098 3350 2282 3406 πολλοὶ
2309 3350 2386 3413 δὲ,
2417 3348 2512 3403 καὶ
2537 3347 2633 3418 τῆς
2665 3344 2799 3416 πρὸς
2820 3343 2946 3405 τοὺς
2980 3339 3391 3411 ’Δρειομανίτας
3430 3335 3671 3407 σχέσεως

2098 3443 2449 3505 ἀποστάντες,
2473 3436 2876 3494 ἀντιποιοῦνται
2902 3437 3001 3507 τῆς
3027 3433 3161 3506 πρὸς
3189 3432 3334 3502 ἡμᾶς
3374 3428 3450 3502 (9)
3480 3445 3672 3482 κοινω-

2097 3538 2248 3599 νίας’
2286 3533 2577 3600 ἀναγκαῖον
2608 3525 2934 3600 ἡγησάμεθα
2965 3523 3118 3578 ταῦθ’
3166 3523 3308 3592 άπερ
3351 3520 3676 3592 ἐγράψαμεν

2097 3629 2257 3698 ἡμεῖς
2307 3642 2366 3678 τε
2395 3622 2570 3677 κα.ὶοὶ
2616 3619 2888 3690 ἀγαπητοὶ
2940 3615 3095 3688 ἡμῶν
3146 3611 3402 3675 Εὐσέϐιὸς
3460 3628 3522 3664 τε
3577 3611 3671 3664 καὶ

2111 3716 2400 3786 Ἀστέριος,
2429 3712 2636 3785 γράψαι
2651 3712 2716 3780 τῇ
2734 3707 2886 3780 ὑμῶν
2905 3706 3017 3777 (10)
3035 3703 3361 3777 χρηστότητι
3375 3742 3390 3768 ,
3408 3701 3503 3755 καὶ
3519 3701 3674 3754 αὐτοὶ

2097 3805 2371 3878 ἀγαπητοὶ
2416 3804 2510 3857 καὶ
2553 3801 2628 3864 ὡς
2660 3797 2872 3870 ἀληθῶς
2917 3795 3286 3849 ποθεινότατοι
3333 3789 3673 3859 συλλειτουρ-

2097 3900 2204 3968 γοὶ,
2223 3897 2505 3969 χαίροντες
2529 3892 2628 3964 μὲν
2650 3891 2742 3944 ἐπὶ
2756 3893 2821 3962 τῇ
2839 3889 3064 3961 τοιαύτῃ
3079 3888 3238 3958 ἀκοῇ,
3254 3887 3532 3958 εὐχόμενοι
3555 3883 3606 3954 (i
3619 3884 3669 3953 i)

2097 3987 2154 4040 δὲ
2185 3987 2270 4040 ἵνα
2293 3985 2403 4050 καὶ,
2440 3983 2492 4038 ετ
2514 3999 2599 4045 τις
2632 3979 2712 4034 ἔτι
2740 3978 3109 4050 περιλείπεται
3142 3977 3358 4048 μακρὰν
3375 3975 3468 4043 ἀφ’
3492 3974 3669 4044 ἡμῶν,
3769 4028 3776 4034 ,

2099 4074 2193 4128 καὶ
2219 4073 2272 4126 εἴ
2301 4091 2380 4138 τις
2405 4071 2484 4126 ἔτι
2516 4072 2630 4133 τοῖς
2662 4068 2961 4142 ’Ᾱρειανοῖς
2992 4066 3381 4156 συνερχόμενος
3401 4063 3669 4134 φαίνεται,

2097 4303 2206 4360 dati
2251 4300 2616 4356 Alexandrino
2665 4309 2815 4354 tomo
2864 4297 3259 4368 subscripsere,
3285 4295 3410 4368 quia
3450 4295 3669 4368 synodo

2102 4373 2404 4438 affuerant;
2440 4380 2604 4440 atque
2645 4370 2710 4425 ad
2755 4370 2912 4440 ipsos
2945 4364 3174 4440 epistola
3221 4364 3506 4440 dirigenda
3544 4364 3672 4440 fuit,

433 4421 645 4512 Comm.
675 4431 729 4512 et
748 4422 945 4512 Patris?
964 4421 1100 4512 προς
1119 4421 1552 4512 τοὺξᾉῃιοχεῖς
1562 4430 1820 4512 ¹ἐπιστολὴ
1837 4432 1990 4487 Ἀθα-

2105 4421 2940 4512 aa{suassuasabigas:,
2957 4421 3083 4512 in:
3097 4421 3188 4492 ius
3209 4421 3574 4512 mittebatur,
3594 4421 3671 4491 εηῑ

434 4491 646 4569 νασιον,
680 4501 786 4569 e_tc.
821 4491 925 4569 sed
946 4491 1054 4569 yox
1084 4491 1338 4569 ἐπιστολή
1374 4491 1613 4554 ἰιίῖηιιιο
1645 4491 1876 4556 habetur
1898 4519 1996 4558 c0-

433 4559 573 4638 dice.
605 4563 810 4638 Latina:
831 4564 1095 4638 editiones
1124 4559 1338 4631 omnes,
1367 4569 1420 4621 in
1453 4570 1653 4638 quibus
1679 4570 1885 4626 scilicet
1907 4587 1998 4627 so-

433 4631 485 4706 1:}
514 4627 709 4706 N_annii
736 4634 915 4689 versio
937 4651 1067 4706 cusa
1093 4648 1195 4702 est,
1224 4627 1426 4692 habent
1458 4627 1555 4706 pro
1579 4640 1754 4705 titulo,
1784 4642 1866 4694 Ad
1879 4642 1994 4694 An-

433 4699 738 4779 τίσώσει-δεδι
766 4713 934 4756 tomus
978 4699 1333 4779 duodecimus,
1367 4699 1552 4763 errore
1583 4709 1709 4764 hinc
1739 4699 1860 4764 orto
1915 4713 1997 4779 (ut

431 4779 586 4847 n_otat
599 4771 1040 4843 Felckmannus),
1067 4779 1211 4846 quod
1242 4771 1508 4847 interpres
1533 4779 1772 4833 codicem
1796 4771 1995 4835 Gohle-

431 4839 648 4918 rianurn
694 4853 914 4899 secutus
960 4839 1214 4918 omiserit
1235 4839 1445 4911 vocem,
1481 4849 1637 4918 λόγος
1665 4849 1755 4918 ιβ’,
1801 4852 1895 4906 ubi
1918 4851 1998 4904 λό-

428 4924 526 4982 γος
561 4911 660 4992 ιβ’,
706 4922 965 4992 tractatus
996 4915 1372 4992 i2,_ordi_nem
1405 4911 1666 4992 duntaxat
1687 4911 1992 4992 'signilicat,

429 4996 542 5051 quo
571 4984 626 5036 in
655 4985 1041 5057 manuscriptis
1079 4987 1426 5054 describitur,
1455 4989 1535 5042 uti
1580 4984 1995 5057 supra'monui;

431 5067 590 5127 mus;
623 5068 799 5127 neque
821 5069 959 5127 vero
973 5055 1383 5127 intelligendum
1401 5068 1484 5114 est
1503 5055 1796 5114 duodecim
1817 5069 1996 5118 tomos

429 5121 777 5245 An'tiogbiatm
805 5125 890 5180 vel
913 5126 1022 5182 alio
1053 5121 1254 5184 missos
1279 5127 1475 5189 fuisse.
1499 5129 1556 5183 In
1586 5128 1756 5200 Regio
1781 5139 1836 5184 et
1864 5129 1992 5204 Seg.

429 5207 557 5245 τους
621 5208 711 5245 ees
740 5233 754 5245 .

429 5202 557 5256 τοὺς
585 5202 754 5248 deest.

499 5263 579 5333 (5)
617 5262 908 5321 Existimat
956 5266 1243 5328 Beronius.
1281 5267 1504 5322 Eusebii
1560 5275 1616 5323 et
1661 5268 1862 5326 Asterii
1895 5286 1995 5325 no-

431 5332 580 5408 mina
621 5335 882 5408 mendose
919 5337 1028 5394 huc
1067 5337 1370 5408 irrepsisse.
1403 5337 1521 5408 Non
1567 5339 1809 5408 potuisse
1846 5341 1997 5398 enim

431 5401 528 5476 ait,
572 5403 640 5457 ad
684 5403 979 5476 Eusebium
1013 5401 1538 5476 etAst'eriumimitti
1564 5401 1871 5476 Epistulam,
1901 5411 1992 5464 cui

432 5468 604 5545 iidem
619 5474 856 5545 episcopi
890 5477 1330 5545 subscripserint.
1370 5475 1475 5532 Sed
1498 5468 1800 5533 reclamant
1825 5468 1990 5534 verba

433 5539 500 5616 ad
526 5539 726 5616 calcem
757 5539 919 5612 hujus
950 5539 1194 5616 epistolae
1221 5547 1418 5616 posita,
1455 5547 1548 5600 ubi
1591 5548 1791 5603 dicitur
1826 5547 1992 5602 Euse-

436 5607 580 5688 bium
605 5618 660 5664 et
685 5607 952 5688 Asterium
975 5607 1349 5688 epistolteiseu
1395 5607 1543 5688 tome
1579 5618 1995 5688 subscripsisse,

435 5684 485 5733 ct
505 5677 572 5733 ad
600 5681 816 5735 eosdem
860 5699 979 5738 eam
1007 5677 1175 5742 fuisse
1199 5686 1480 5742 directam.
1513 5677 1986 5760 Enitnvero'synol

2096 4505 2352 4633 (argum
2394 4519 2570 4566 erant.
2601 4509 2726 4564 Mox
2768 4507 2972 4579 Regius
3008 4509 3178 4576 solus,
3206 4509 3262 4561 ὲν
3307 4509 3374 4577 τῇ
3414 4505 3672 4574 .’Δλεξαν-

2133 4599 2191 4633 οε
2218 4598 2273 4633 α.

2097 4583 2273 4640 δρείᾳ.

2132 4600 2380 4721 ρῗὲῗ·δεο
2416 4650 2551 4721 Reg.
2587 4646 2911 4721 Seg._Ba_s_i_l.
2938 4646 2997 4721 In
3027 4648 3187 4704 editis
3212 4664 3286 4721 τε
3305 4645 3479 4721 deest.

2169 4714 2246 4792 (7)
2288 4720 2380 4776 Sic
2405 4714 2607 4791 Regius
2635 4714 2690 4774 et
2718 4717 3348 4798 Basilieltsis,__a_tque_ita
3376 4714 3667 4798 legendum

2096 4800 2158 4846 ut
2177 4785 2348 4860 patet
2371 4807 2438 4846 ex
2474 4785 2598 4844 mox
2623 4788 3002 4857 sequentibus,
3033 4785 3190 4851 ἄλλος
3221 4785 3468 4855 Μάρκος,
3517 4793 3573 4838 et
3601 4799 3671 4839 ex

2097 4861 2591 4931 subscriptionibus
2610 4858 2788 4931 intra.
2808 4856 3034 4931 _Seg.'et
3063 4858 3194 4931 editi
3239 4857 3374 4931 hic,_
3396 4855 3666 4931 Μάρκιος.

2095 4931 2266 5005 Paulo
2297 4923 2420 5005 post
2452 4931 2508 5005 in_
2535 4929 2716 5005 editis,
2740 4923 3044 5005 ξλλοςόηιε
3067 4927 3293 5005 Μάρκος
3344 4923 3514 5005 deest.
3545 4923 3668 5004 mox

2095 4993 2551 5072 Mqug'deestjn
2574 4999 2708 5072 (edit.
2733 4997 3098 5072 _Com_r_u.,_sed_
3123 4993 3355 5072 habetur
3379 4995 3432 5072 in
3470 4993 3663 5072 Περί),

2099 5064 2223 5142 Seig.
2251 5069 2610 5146 ﬁesil._Go_bl.
2644 5069 2787 5146 e_t_in
2817 5067 2947 5146 edit.
2979 5065 3153 5146 Paris.
3197 5065 3289 5146 ubi
3316 5064 3665 5146 legitur-Mir-

2095 5134 2210 5204 ναξ.
2249 5140 2371 5196 Mox
2418 5140 2640 5211 Regius,
2670 5137 2976 5209 Μακάριος.
3014 5135 3155 5192 Editi
3201 5143 3256 5192 et
3307 5134 3423 5198 alii,
3475 5134 3665 5188 Μάκα-

2138 5229 2205 5265 ις.

2098 5228 2242 5352 ριῖἒ)
2278 5279 2443 5352 Βοερι.
2475 5279 2677 5352 ὑμῶνζ
2701 5278 2834 5333 Ibid.
2865 5278 2960 5332 νῦν
2987 5277 3138 5333 deest
3161 5275 3214 5330 in
3242 5274 3422 5341 editis,
3459 5273 3554 5329 sed
3583 5272 3661 5327 le-

2097 5347 2242 5423 siliu?
2274 5351 2327 5423 iu
2367 5347 2536 5423 Rssié
2563 5359 2618 5423 βι
2645 5347 2771 5423 Sese

2189 5420 2244 5490 9)
2284 5418 2471 5490 Basilf
2490 5420 2625 5490 πρὸς
2657 5421 2823 5490 ὑμᾶς,
2857 5418 3025 5490 solus.

2193 5486 2276 5562 i0)
2317 5489 2495 5562 lidith
2522 5486 2735 5562 Comm.
2753 5487 2944 5562 jpaiw,
2980 5486 3257 5562 mendose.
3464 5561 3470 5562 γ
3544 5551 3556 5562 ,

2190 5554 2277 5628 il)
2317 5559 2392 5613 Ita
2427 5560 2629 5628 Regius
2659 5568 2714 5612 et
2750 5554 2874 5626 Se'g.
2911 5558 3108 5613 melius
3165 5568 3327 5625 quam
3377 5554 3560 5608 caeteri
3607 5554 3664 5608 et

2092 5631 2240 5696 editi,
2273 5631 2367 5699 qui
2401 5630 2600 5684 habent
2630 5628 2924 5699 εὐχόμεθα.
