3966 6226
445 328 548 384 799

1017 331 1075 384 S.
1119 329 1495 385 ATHANASII
1528 328 1680 385 OPP.
1723 296 1903 383 PARS
1943 328 1982 382 Ι.
2019 355 2091 368 —-
2130 325 2502 384 HISTORICA
2541 329 2630 385 ET
2667 329 3084 387 DOGMATICA.

3579 334 3682 387 800
3693 365 3697 370 -

441 447 711 517 ﬁdemque
765 464 795 503 a
833 451 1038 506 sanctis
1087 450 1340 508 Patribus
1385 451 1579 510 Nicaeae
1613 453 1989 524 promulgatan

2123 451 2406 523 Ἀρειανὴν
2427 453 2658 524 αἵρεσιν.
2690 454 2969 524 ὁμολογεῖν
2993 453 3050 508 δὲ
3079 455 3180 526 τὴν
3208 453 3361 526 παρά
3379 455 3489 508 τῶν
3515 455 3681 522 ἁγίων

412 538 822 604 'proliteantur.
867 541 1245 600 Condemnent
1291 546 1419 600 item
1473 561 1568 601 eos
1602 546 1695 615 qui
1746 544 2009 615 Spiritum

411 647 413 649 ί
441 640 692 686 sanctum
720 632 987 688 afﬁrmant
1007 644 1312 690 creaturam
1338 653 1458 692 esse
1482 647 1535 692 et
1561 653 1592 692 a
1621 637 1822 692 Christi
1871 639 2002 694 sub-

439 723 641 778 stantia
695 725 952 781 divisum.
987 727 1121 783 lllud
1171 729 1316 784 enim
1349 745 1473 785 vere
1504 739 1590 786 est
1621 731 1832 786 resilire
1863 747 1893 786 a
1917 732 2012 787 de-

440 815 687 869 testanda
741 816 1073 874 Arianorum
1124 821 1338 889 heresi,
1389 831 1634 878 sanctam
1689 822 2008 880 Trinitatem

438 919 546 957 non
587 906 851 976 dividere,
887 925 989 966 nec
1021 911 1201 968 dicere
1232 913 1437 984 aliquid
1472 915 1614 986 quod
1638 915 1706 971 ad
1733 931 1852 971 eam
1887 932 2012 987 pcr-

435 995 606 1050 tineat
632 1007 941 1056 creaturam
986 1018 1128 1058 esse.
1183 1003 1317 1060 Nam
1352 1007 1447 1077 qui
1497 1007 1757 1064 simulant
1789 1009 2007 1080 quidem

436 1102 498 1141 se
528 1086 804 1147 Nicenam
843 1093 1001 1149 ﬁdem
1029 1095 1294 1164 proﬁteri,
1345 1110 1508 1170 atque
1560 1095 1765 1156 interea
1817 1110 2006 1156 contra

435 1178 697 1249 Spiritum
725 1195 971 1239 sanctum
1005 1186 1384 1257 blasphemare
1414 1206 1521 1245 non
1549 1192 1825 1259 dubitant,
1859 1194 2000 1248 nihil

435 1272 582 1326 aliud
616 1283 895 1342 praestant,
921 1293 1086 1347 quam
1110 1281 1254 1350 quod
1279 1280 1538 1338 Arianam
1569 1283 1800 1339 haaresiu
1823 1287 2006 1342 verbis

432 1363 652 1431 quidem
685 1376 903 1436 negant,
927 1370 1112 1424 animo
1145 1380 1325 1426 autem
1355 1381 1408 1426 et
1447 1375 1713 1430 sententia
1745 1376 1999 1432 retinent.

434 1454 795 1514 Anathemate
825 1476 1045 1531 quoque
1079 1463 1148 1518 ab
1179 1465 1435 1520 omnibus
1467 1467 1758 1522 damnetur
1782 1467 2004 1525 Sabellii

438 1557 491 1601 et
512 1547 665 1602 Pauli
723 1548 1128 1609 Samosatensis
1182 1555 1450 1625 impietas,
1471 1556 1741 1614 Valentini
1793 1561 1920 1616 item
1951 1571 2004 1616 et

429 1639 686 1696 Basilidis
726 1642 938 1699 insania
969 1653 1023 1700 et
1075 1645 1502 1704 Manichaeorum
1545 1653 1779 1708 amentia
1814 1672 1827 1708 :
1858 1656 2002 1725 quod

429 1733 475 1788 si
511 1732 581 1788 ita
609 1733 721 1800 ﬁat,
759 1735 1006 1793 futurum
1031 1748 1115 1794 est
1149 1742 1405 1798 utomnis
1442 1745 1583 1798 mala
1635 1745 1873 1816 suspicio
1920 1748 1995 1804 le-

2113 543 2371 616 Πατέρων
2400 546 2822 618 ὁμολογηθεῖσαν
2841 547 2898 600 ὲν
2919 546 3120 619 Νικαίςει⁸
3157 547 3341 601 πίστιν
3360 587 3374 611 ,
3413 545 3681 617 ἀναθεμα-

2110 633 2278 699 τίζειν
2311 629 2367 690 δὲ
2391 640 2482 691 καὶ
2511 640 2636 703 τοὺς
2661 639 2915 710 λέγοντας
2947 640 3149 712 κτίσμα
3189 636 3325 695 εῖναι
3358 640 3419 694 τὸ
3459 640 3681 712 Πνεῦμα

2111 727 2171 781 τὸ
2194 729 2367 798 ἆγιον,
2404 731 2496 784 καὶ
2523 731 2849 805 διῃρημένον
2872 734 2937 787 ὲκ
2961 734 3059 804 τῆς
3083 733 3270 797 οὐσίας
3294 733 3676 805 τοῢ.Χριστοῦ.

2111 821 2280 876 Τοῦτο
2307 822 2414 894 γάρ
2441 824 2587 877 ἐστιν
2618 823 2833 894 άληθῶς
2854 825 3266 897 ἀποπηδᾷνβέ)
3304 825 3411 878 ἀπὺ
3446 826 3549 894 τῆς
3582 843 3680 896 μυ-

2111 914 2282 984 σαρᾶς
2304 914 2568 985 αἱρέσεως
2598 913 2705 968 τῶν
2751 915 3062 987 Ἀρειανῶν,
3096 914 3157 968 τὸ
3190 915 3262 987 μὴ
3301 915 3526 986 διαιρεῖν
3581 917 3677 988 τὴν

2109 1005 2269 1074 ἁγίαν
2291 1005 2514 1076 Τριάδα,
2548 1007 2644 1060 καὶ
2682 1007 2860 1077 λέγειν
2885 1027 2938 1061 τι
2961 1007 3164 1078 ταύτης
3193 1003 3329 1061 εἶναι
3362 1009 3584 1079 κτίσμα.
3613 1009 3677 1062 Οί

2107 1101 2216 1172 γὰρ
2239 1100 2533 1173 προσποιοῦ
2543 1119 2690 1172 μενοι
2719 1103 2817 1174 μὲν
2837 1101 3120 1174 ὀνομάζειν
3140 1101 3239 1172 τὴν
3260 1100 3676 1172 ὁμολογηθεῖσαν

2108 1191 2166 1242 ἐν
2199 1189 2404 1262 Νικαίᾳ
2453 1190 2659 1261 πίστιν,
2716 1192 3020 1265 τολμῶντες
3064 1193 3121 1247 δὲ
3172 1192 3315 1247 κατά
3370 1191 3462 1246 τοῦ
3522 1194 3674 1263 ἁγίου

2107 1281 2424 1355 Πνεύματος
2453 1284 2796 1357 βλασφημεῖν
2825 1286 2935 1358 (25)
2959 1326 2973 1350 ,
3005 1285 3155 1340 οὐδὲν
3209 1286 3367 1340 πλέον
3410 1287 3673 1351 ποιοῦσιν,

2105 1373 2138 1444 ἢ
2179 1373 2274 1446 τὴν
2319 1375 2599 1448 Ἀρειανὴν
2625 1377 2838 1449 αἵρεσιν
2886 1380 3000 1441 τοῖς
3035 1377 3132 1448 μὲν
3174 1367 3409 1449 ῥήμασιν
3453 1377 3677 1448 ἀρνοῦν-

2103 1483 2211 1531 ται,
2238 1467 2317 1539 τῷ
2345 1468 2402 1523 δὲ
2439 1470 2742 1542 φρονήματι
2768 1470 2970 1540 ταύτην
2999 1469 3331 1541 κατέχουσιν.
3378 1470 3676 1541 Ἀναθεμα-

2102 1557 2330 1624 τιζέσθω
2357 1560 2412 1614 δὲ
2437 1562 2586 1635 παρὰ
2606 1562 2821 1618 πάντων
2852 1565 2885 1635 ἡ
2909 1563 3192 1617 Σαϐελλίου
3230 1564 3324 1617 καὶ
3351 1563 3562 1616 Παύλου
3579 1563 3672 1616 τοῦ

2103 1653 2465 1724 Σαμοσατέως
2488 1655 2731 1720 ἀσέϐεια,
2768 1657 2862 1710 καὶ
2901 1657 3251 1710 Οὐαλεντίνου
3298 1658 3391 1710 καὶ
3432 1657 3674 1711 Βασιλεί-

2101 1742 2191 1796 δου
2223 1743 2333 1815 (26)
2363 1747 2394 1816 ή
2431 1746 2597 1816 μανία
2623 1788 2639 1814 ,
2672 1747 2766 1800 καὶ
2798 1747 2907 1800 τῶν
2950 1747 3267 1817 Μανιχαίων
3311 1749 3343 1819 ή
3384 1766 3669 1821 παραφρο-

427 1834 584 1878 vetur
613 1825 835 1897 ubique,
871 1837 925 1884 et
962 1829 1077 1885 sola
1112 1831 1394 1888 catholica:
1427 1830 1682 1892 Ecclesiae
1708 1837 1842 1894 ﬁdes
1865 1855 1989 1910 pura

2102 1835 2235 1908 σύνη
2255 1855 2266 1866 ·
2301 1838 2500 1891 τούτων
2527 1839 2636 1908 γὰρ
2665 1838 2806 1892 οὕτω
2825 1838 3142 1909 γινομένων,
3179 1840 3327 1894 πᾶσα
3357 1842 3504 1913 παρὰ
3539 1842 3672 1895 πάν-

425 1929 904 1976 commonstretur.

494 2095 548 2148 4.
583 2092 737 2160 Quod
771 2105 950 2152 autem
977 2099 1117 2157 hanc
1173 2109 1452 2160 teneamus
1504 2107 1664 2164 ﬁdem
1713 2126 1838 2166 cum
1873 2129 1995 2180 nos,

429 2189 546 2237 tum
603 2199 796 2241 omnes
849 2190 944 2258 qui
994 2191 1283 2247 nobiscum
1340 2211 1554 2268 semper
1613 2205 1998 2261 communione

417 2273 598 2344 juncti
635 2277 808 2345 fuere,
857 2284 1061 2338 nemini
1096 2294 1342 2342 vestrum
1392 2305 1569 2360 neque
1620 2294 1712 2349 alii
1755 2298 1994 2368 cuipiam

421 2365 595 2423 latere
631 2371 984 2429 arbitramur.
1035 2376 1304 2434 Caeterum
1363 2381 1492 2450 quia
1548 2365 1994 2457 congratulamur

421 2457 489 2512 iis
515 2460 609 2530 qui
641 2463 924 2520 nobiscum
958 2469 1224 2542 conjungi
1280 2482 1556 2543 exoptant.
1590 2479 1846 2536 omnibus
1871 2483 1994 2552 qui-

418 2549 559 2615 dem,
586 2553 680 2608 sed
727 2553 794 2610 iis
846 2559 1191 2629 potissimum
1215 2566 1311 2634 qui
1342 2566 1396 2620 in
1431 2566 1610 2623 Veteri
1641 2574 1990 2637 conveniunt,

413 2641 639 2714 jamque
668 2663 922 2718 magnam
973 2651 1206 2712 Domino
1255 2659 1481 2728 gloriam
1530 2663 1834 2732 retulimus,
1865 2681 1990 2721 cum

416 2733 485 2826 de
511 2735 633 2793 aliis
661 2739 938 2808 omnibus,
975 2751 1087 2798 tum
1121 2746 1188 2801 de
1231 2747 1375 2804 bono
1435 2753 1629 2808 horum
1676 2758 1988 2826 proposito;

421 2823 706 2882 hortamur
727 2846 823 2905 vos
852 2841 910 2888 ut
943 2834 1029 2891 bis
1064 2839 1470 2898 conditionibus
1522 2823 1813 2903 concordia
1841 2849 1991 2906 inea—

419 2925 542 2983 tur;
581 2929 654 2986 et,
684 2922 761 2976 uti
811 2939 978 2995 supra
1022 2926 1283 3000 diximus,
1313 2933 1448 2989 nihil
1485 2937 1609 3006 plus
1659 2939 1768 3007 his,
1795 2941 1864 2996 ab
1913 2942 1984 2998 iis

416 3012 508 3079 qui
563 3014 616 3066 in
665 3012 847 3071 Veteri
890 3022 1239 3091 conveniunt,
1281 3027 1509 3099 exigatis
1559 3049 1572 3084 :
1615 3047 1793 3104 neque
1832 3035 1987 3105 plura

2097 1942 2204 1978 των
2234 1925 2439 1994 ὑποψία
2466 1927 2641 1998 φαύλη
2674 1929 3194 1999 περιαιρεθήσεται,
3252 1930 3345 1982 καὶ
3387 1931 3520 2002 μόνη
3567 1931 3668 2001 τῆς

2097 2016 2386 2088 καθολικῆς
2436 2017 2759 2089 Ἐκκλησίας
2807 2021 2840 2088 ή
2858 2019 3041 2082 πίστις
3062 2018 3277 2092 καθαρὰ
3306 2019 3667 2093 δειχθήσεται.

2163 2107 2216 2160 4.
2252 2107 2370 2161 Ὅτι
2403 2108 2501 2179 μὲν
2526 2104 2618 2164 οὖν
2651 2109 2853 2183 ταύτην
2875 2110 3070 2182 ἔχομεν
3095 2112 3188 2183 τὴν
3221 2111 3399 2166 πίστιν
3427 2113 3587 2183 ἡμεῖς
3609 2130 3669 2166 τε

2093 2199 2188 2252 κα).
2214 2200 2262 2252 οἱ
2289 2199 2374 2252 ἀεὶ
2395 2199 2513 2271 μεθ’
2541 2200 2696 2273 ήμῶν
2711 2200 2808 2274 τὴν
2831 2203 3111 2256 κοινωνίαν
3139 2203 3451 2273 ἐσχηκότες,
3482 2203 3670 2258 οὐδένα

2093 2287 2216 2341 οὔτε
2251 2289 2403 2360 ὑμῶν
2434 2289 2545 2360 (27)
2577 2289 2688 2343 οὗθ’
2728 2291 2913 2362 ἕτερόν
2953 2309 3077 2346 τινα
3110 2293 3321 2361 ἀγνοεῖν
3364 2293 3668 2365 ήγούμεθα.

2105 2378 2320 2450 Ἐπειδὴ
2335 2379 2391 2435 δὲ
2412 2383 2776 2453 ουγχαίρομεν
2792 2385 2904 2447 τοῖς
2922 2382 3265 2459 βουλομένοις
3281 2385 3666 2455 συνάπτεσθαι,

2092 2471 2227 2524 πᾶσι
2270 2471 2388 2542 μὲν,
2425 2471 2719 2543 ἐξαιρέτως
2749 2472 2806 2526 δὲ
2839 2476 2950 2538 τοῖς
2983 2475 3041 2528 ὲν
3087 2477 3154 2545 τῇ
3187 2475 3401 2547 Παλαιᾷ
3439 2493 3666 2544 συναγο-

2094 2562 2297 2633 μένοις,
2332 2563 2428 2616 καὶ
2459 2563 2692 2634 μάλιστα
2713 2565 2805 2618 τὸν
2839 2565 2950 2637 (28)
2973 2565 3179 2638 Κύριον
3211 2565 3564 2638 ὲδοξάσαμεν,
3593 2567 3667 2630 ὡς

2091 2655 2183 2708 ἐπὶ
2204 2657 2356 2723 πᾶσι,
2380 2657 2474 2710 καὶ
2502 2657 2592 2710 ἐπὶ
2611 2661 2675 2729 τῇ
2707 2657 2884 2730 ἀγαθῇ
2907 2658 3157 2731 προθέσει
3183 2659 3406 2714 τούτων·
3425 2678 3669 2732 παρακα-

2087 2745 2178 2799 λοῦ
2187 2765 2284 2818 μεν
2308 2748 2450 2818 ὑμᾶς
2470 2751 2561 2802 ἐπὶ
2581 2749 2787 2813 τούτοις
2806 2750 3264 2818 γίνεσθαιτούτων
3279 2753 3378 2824 τὴν
3394 2752 3663 2823 ὁμόνοιαν,

2088 2837 2183 2889 καὶ
2215 2836 2378 2906 μηδὲν
2411 2837 2614 2892 τούτων
2642 2838 2822 2904 πλέον,
2841 2839 2983 2893 καθά
3003 2840 3356 2912 προείπομεν,
3381 2843 3522 2914 μήτε
3544 2845 3666 2906 τοὺς

2089 2931 2148 2984 ὲν
2176 2934 2242 3003 τῇ
2271 2932 2482 3003 Παλαιᾷ
2513 2933 2909 3004 συναγομένους
2940 2935 3284 2992 ἀπαιτεῖσθαι
3333 2938 3460 3007 παρ’
3489 2936 3671 3008 ὑμῶν,

2093 3023 2231 3093 μήτε
2257 3025 2381 3087 τοὺς
2409 3026 2538 3094 περὶ
2562 3024 2825 3079 Παυλῖνον
2872 3025 3061 3096 ἕτερόν
3094 3043 3146 3080 τι
3184 3029 3322 3098 μήτε
3361 3026 3474 3098 (29)
3505 3028 3667 3082 πλέον

416 3115 578 3168 quam
606 3118 727 3172 quae
759 3104 950 3163 Nicaeae
991 3112 1208 3168 decreta
1259 3125 1413 3184 sunt,
1463 3116 1677 3176 Paulini
1726 3104 1989 3196 sequaces

2097 3115 2197 3170 τῶν
2229 3117 2288 3170 ἐν
2313 3116 2519 3189 Νικαίᾳ
2550 3115 2968 3189 προϐάλλεσθαι.

415 3202 743 3259 proponant.

485 3281 535 3374 δέ
573 3282 746 3374 Quam
776 3287 940 3358 igitur
971 3293 1220 3348 nonnulli
1265 3294 1474 3365 jactant
1513 3299 1789 3369 tabellam,
1825 3307 1984 3374 quasi

416 3370 470 3426 in
503 3369 815 3432 Sardicensi
849 3381 1054 3449 synodo
1088 3379 1155 3437 de
1207 3382 1312 3439 ﬁde
1364 3389 1746 3458 compositam,
1783 3369 1858 3448 ne
1880 3395 1986 3466 legi

415 3463 909 3558 q‘uidemuomnino
939 3481 1033 3528 aut
1080 3474 1310 3544 proferri
1339 3478 1532 3536 sinatis
1563 3497 1578 3535 :
1614 3483 1751 3538 nihil
1785 3463 1986 3558 quippe

412 3551 681 3621 ejusmodi
741 3558 986 3616 deﬁnivit
1021 3565 1282 3635 synodus.
1343 3567 1607 3635 Quamvis
1663 3551 1986 3632 enim—non-

414 3645 552 3698 nulli
604 3650 936 3716 postulariut
981 3664 1042 3710 ut
1076 3660 1322 3727 quaedam
1352 3665 1418 3716 de
1448 3661 1554 3718 ﬁde
1587 3667 1982 3736 scriberentur,

413 3740 570 3808 quasi
603 3742 807 3812 aliquid
837 3736 1070 3804 Nicmna:
1109 3753 1317 3822 synodo
1350 3755 1583 3824 deesset,
1615 3768 1779 3830 atque
1808 3761 1862 3816 id
1885 3763 1983 3817 ob-

411 3830 587 3887 linere
624 3841 826 3893 temere
859 3842 1042 3896 conati
1065 3841 1296 3912 fuerint;
1338 3849 1581 3918 synodus
1619 3859 1800 3908 tamen
1849 3852 1981 3910 Sar-

410 3921 545 3978 dicae
567 3936 755 3982 coacta
786 3945 900 3984 rem
943 3931 1163 4002 indigne
1214 3937 1355 4004 tulit,
1399 3941 1737 4012 sancivitque
1771 3954 1829 3999 ut
1861 3947 1984 4002 nul-

409 4013 522 4070 lum
553 4017 694 4090 ultra
720 4020 786 4074 de
815 4021 918 4076 ﬁde
947 4024 1199 4081 ederetur
1248 4031 1597 4101 rescriptum,
1628 4037 1725 4091 sed
1762 4039 1980 4096 sufﬁce-

409 4113 494 4160 ret
539 4108 674 4165 ﬁdes
730 4126 761 4166 a
817 4111 1071 4172 Patribus
1129 4117 1323 4175 Nicazze
1398 4126 1764 4197 promulgata,
1814 4131 1978 4202 617

409 4200 608 4270 quippe
639 4219 760 4274 qua:
800 4206 852 4259 in
878 4209 1027 4264 nullo
1079 4211 1351 4282 deﬁceret,
1403 4217 1496 4272 sed
1551 4220 1708 4289 plena
1761 4200 1978 4292 pietatis

409 4302 555 4347 esset
585 4313 599 4348 :
627 4297 920 4368 statuitque
977 4317 1045 4356 ne
1102 4302 1271 4360 altera
1321 4306 1569 4364 ederetur
1615 4313 1738 4367 ﬁdei
1771 4314 1981 4384 profes-

409 4379 515 4447 sio,
544 4397 612 4436 ne
634 4399 755 4454 quae
803 4387 995 4444 Nicazaa
1041 4394 1348 4462 conscripta
1404 4397 1601 4463 fuerat,
1665 4379 1977 4473 imperfecta

2162 3310 2216 3364 5.
2258 3309 2367 3362 Καὶ
2398 3309 2460 3362 τὸ
2507 3309 2772 3382 θρυληθὲν
2802 3310 2934 3380 γοῦν
2963 3309 3114 3382 παρά
3139 3328 3302 3365 τινων
3345 3313 3666 3378 πιττάκιον,

2091 3398 2166 3464 ὼς
2196 3401 2253 3453 ἐν
2278 3403 2345 3471 τῇ
2375 3399 2516 3454 κατά
2537 3400 2804 3472 Σαρδικὴν
2832 3401 3034 3473 συνόδῳ
3067 3402 3360 3473 συνταχθὲν
3399 3404 3528 3475 περὶ
3575 3405 3663 3458 πί-

2093 3507 2279 3556 στεως,
2303 3491 2540 3544 κωλύετε
2573 3492 2675 3547 κᾶν
2703 3494 2838 3557 ὅλως
2873 3493 3339 3564 ἀναγινώσκεσθαι
3382 3495 3414 3566 ἢ
3456 3497 3665 3567 προφέ-

2092 3579 2308 3650 ρεσθαιο
2338 3580 2493 3636 οὐδὲν
2517 3581 2627 3654 γὰρ
2658 3583 2894 3636 τοιοῦτον
2920 3583 3118 3657 ὥρισεν
3143 3586 3176 3656 ή
3209 3585 3440 3649 σύνοδος.
3480 3585 3664 3651 Ἠξίω-

2091 3687 2190 3724 σαν
2219 3671 2318 3741 μὲν
2343 3672 2452 3742 γάρ
2480 3691 2650 3739 τινες,
2693 3673 2768 3737 ὡς
2800 3674 3010 3739 ἐνδεοῦς
3040 3674 3207 3748 οὔσης
3241 3676 3350 3747 (50)
3388 3680 3486 3748 τῆς
3521 3677 3666 3732 κατά

2088 3762 2323 3817 Νίκαιαν
2358 3764 2596 3830 συνόδου,
2626 3765 2835 3839 γράψαι
2863 3768 2992 3838 περὶ
3013 3768 3268 3833 πίστεως,
3300 3769 3392 3822 καὶ
3441 3769 3659 3839 ἐπεχεί-

2091 3854 2262 3924 ρησάν
2287 3871 2349 3923 γε
2381 3856 2698 3926 προπετῶς·
2733 3857 2844 3928 ἡδὲ
2875 3857 3002 3926 ἁγία
3031 3859 3245 3924 σύνοδος
3276 3861 3308 3930 ή
3333 3862 3389 3914 ἐν
3421 3860 3660 3932 Σαρδικῇ

2091 3945 2414 4018 συναχθεῖσα
2439 3947 2807 4020 ἠγανάκτησε,
2851 3950 2946 4004 καὶ
2978 3949 3145 4022 ὥρισε
3194 3952 3358 4023 μηδὲν
3401 3952 3482 4006 ἔτι
3530 3954 3659 4025 περ).

2088 4037 2324 4102 πίστεως
2363 4039 2689 4110 γράφεσθαι,
2727 4039 2840 4093 ἀλλ’
2889 4042 3178 4110 ἀρκεῖσθαι
3229 4045 3294 4115 τῇ
3344 4045 3402 4096 ὲν
3453 4044 3659 4116 Νικαίᾳ

2087 4126 2239 4198 παρὰ
2271 4128 2378 4181 τῶν
2424 4129 2534 4198 (51)
2581 4129 2840 4201 Πατέρων
2868 4131 3260 4206 ὁμολογηθείσῃ
3309 4133 3526 4199 πίστει,
3571 4135 3660 4189 διὰ

2087 4217 2147 4271 τὸ
2177 4218 2339 4288 μηδὲν
2371 4217 2504 4290 αὐτῇ
2528 4219 2756 4286 λείπειν,
2786 4220 2919 4276 ἀλλὰ
2952 4223 3134 4296 πλήρη
3171 4224 3452 4289 εὐσεϐείας
3495 4223 3656 4293 εἶναι,

2086 4311 2180 4364 καὶ
2202 4312 2283 4364 ὅτι
2317 4311 2391 4383 μὴ
2413 4312 2522 4366 δεῖν
2545 4311 2801 4385 δευτέραν
2828 4314 3138 4370 ἐκτίθεσθαι
3159 4316 3362 4381 πίστιν,
3397 4319 3490 4371 ἵνα
3514 4319 3590 4390 μὴ
3621 4323 3653 4391 ή

2087 4405 2144 4456 ὲν
2182 4405 2386 4476 Νικαία
2431 4408 2702 4476 γραφεῖσα
2744 4406 2818 4470 ὠς
2870 4407 3066 4480 ἀτελὴς
3115 4405 3250 4464 οὖσα
3280 4410 3532 4482 νομισθῇ,
3563 4413 3657 4466 κα)¹

408 4485 770 4543 reputaretur,
805 4495 940 4536 neve
961 4487 1178 4540 occasio
1202 4488 1268 4544 iis
1323 4490 1566 4559 daretur,
1601 4494 1695 4562 qui
1728 4511 1980 4566 saepenu-

2097 4491 2354 4562 πρόφασις
2381 4492 2508 4564 δοθῇ
2546 4497 2658 4558 τοῖς
2689 4494 2931 4550 ἐθέλουσι
2975 4497 3234 4563 πολλάκις
3273 4501 3508 4570 γράφειν
3562 4503 3655 4556 καὶ

408 4581 561 4622 mero
597 4570 666 4623 de
709 4570 815 4627 ﬁde
869 4576 1108 4632 scribere
1147 4595 1211 4635 ac
1241 4581 1469 4638 delinire
1499 4586 1708 4641 volunt.
1734 4585 1890 4645 Unde
1930 4591 1979 4646 si

407 4658 532 4728 quis
555 4659 688 4716 illud
733 4662 947 4720 aliudve
1001 4683 1292 4738 proponat,
1339 4676 1669 4744 compescite
1703 4677 1978 4749 homines,

477 4817 592 4910 (Ἡ)
630 4818 709 4876 lta
735 4820 937 4894 Regius
977 4833 1031 4880 et
1069 4828 1271 4883 caeteri.
1321 4827 1462 4885 Editi
1493 4846 1640 4900 vero,
1670 4834 1732 4888 τὸ
1767 4835 1980 4910 ἀποπη-

406 4888 589 5030 etiam
630 4961 850 5035 Regius,
877 4965 1199 5090 δυσφημεῖν.

479 5031 592 5090 (26)
634 5034 856 5090 Sezuer.
887 5038 1050 5090 Βασιλ
1073 5037 1185 5090 δου.

406 5031 592 5156 Βῖὶ(ῼῖὅ)
634 5031 856 5106 Seguer.
887 5031 1185 5092 Βασιλίδου.
1223 5038 1356 5096 Ibid.
1419 5043 1632 5098 articul.
1664 5047 1699 5117 ἡ
1739 5047 1890 5104 deest
1921 5049 1976 5105 in

485 5119 528 5157 SI
555 5143 577 5157 .

415 5143 594 5259 ξωζάἷ)
637 5173 727 5232 Sic
759 5175 978 5248 Regius,
1012 5179 1137 5254 Seg.
1185 5190 1242 5238 et
1286 5182 1454 5240 Basil.
1488 5183 1633 5241 Editi
1663 5201 1818 5256 vero,
1851 5188 1976 5243 οὔτε

407 5246 589 5395 up???)
631 5317 832 5395 Regius
861 5323 1054 5395 codex,
1086 5324 1180 5378 καὶ
1213 5323 1313 5395 ἤδη
1339 5324 1451 5395 τόν.
1487 5324 1610 5380 Mox
1643 5341 1835 5383 omnes
1863 5345 1978 5384 ma-

408 5387 671 5467 nuscripti
718 5387 982 5467 et_edi_tio
1016 5387 1246 5467 Comm:
1280 5387 1555 5467 προθέσει.
1618 5396 1760 5467 Edit.
1803 5399 1974 5455 Paris.

407 5456 720 5539 προσθέσει,
776 5458 948 5539 Paulo
975 5474 1127 5539 post,
1155 5465 1304 5539 _Seg.
1327 5456 1426 5539 'e_t_
1439 5466 1606 5521 editio
1653 5466 1864 5539 Comm.
1892 5470 1979 5539 γί-

405 5525 649 5606 γνεσθαι.
678 5528 752 5606 De
788 5529 872 5584 his
900 5525 1023 5606 vide
1057 5525 1335 5606 Rufiuu‘t'n.
1376 5534 1518 5588 Hist.
1555 5537 1761 5606 eccles.,
1801 5555 1852 5595 c.
1877 5525 1974 5605 ‘2'8,

407 5603 456 5646 et
481 5595 838 5670 {Athanasium
866 5603 1024 5670 epist.
1061 5606 1124 5658 ad
1155 5605 1501 5659 Ruﬁniauum
1532 5606 1693 5660 infra.

479 5665 591 5734 (‘29)
635 5667 708 5721 lta
751 5665 975 5738 Regius.
1011 5673 1151 5727 Editi
1189 5690 1317 5729 vero
1371 5683 1425 5729 et
1475 5676 1587 5738 alii,
1637 5679 1791 5798 μηδέ.
1850 5679 1973 5735 Mox

479 5752 540 5798 ιιι.
582 5734 705 5798 ch.
737 5737 894 5794 Gobl.
925 5751 977 5795 et
1002 5743 1237 5798 Felckm.
1276 5745 1503 5798 primus.
1533 5745 1632 5798 θου
1655 5749 1816 5798 mosi.
1854 5751 1971 5798 Edi-

408 5729 540 5805 Βοὴ.
572 5729 705 5806 ἓως.
737 5729 894 5794 Gobl.
925 5751 977 5795 et
1002 5743 1237 5799 Felckm.
1275 5745 1503 5814 primus,
1533 5729 1816 5819 θρυληθέν.

2083 4582 2283 4655 ὁρίζειν
2314 4586 2440 4656 περὶ
2469 4587 2722 4650 πίστεως.
2757 4589 2914 4642 Ὅθεν
2943 4589 3042 4643 κᾶν
3079 4592 3234 4644 τοῦτὸ
3258 4609 3362 4658 τις,
3404 4593 3437 4663 ἢ
3467 4593 3652 4665 ἕτερον

2082 4676 2471 4748 προϐάλληται,
2497 4678 2697 4732 παύετε
2720 4681 2848 4745 τοὺς
2878 4682 3172 4749 τοιούτους,
3220 4685 3316 4737 καὶ
3352 4684 3554 4755 μᾶλλον
3580 4687 3652 4738 εί-

2082 4837 2493 4914 ιῖηθρυζληθένι
2519 4837 3308 4914 Ιθὶἁξοῐηηθεγῐηοηυεοτίριί,
3344 4845 3648 4901 πιττάκιον.

2080 4906 2257 4962 Editio
2282 4906 2495 4964 Comm.
2527 4911 2854 4977 πιπτάκιονς
2900 4913 3074 4968 Paris.
3120 4906 3389 4969 πινάκιον.
3441 4915 3518 4969 Ea
3555 4933 3653 4972 au-

2079 4987 2185 5056 _t_e_m
2211 4979 2408 5056 tabella
2432 4980 2648 5056 deiide,
2668 4997 2763 5037 seu
2795 4982 2916 5056 fidei
2933 4983 3228 5056 confessio.
3247 4985 3481 5041 habetur
3504 4987 3648 5056 apud

2079 5046 2479 5125 Theodoretum
2511 5050 2712 5125 1i_l_):_ll,
2745 5067 2795 5125 c.
2830 5053 2884 5118 8,
2921 5055 3377 5125 subjungiturque
3403 5046 3651 5124 epistola

2077 5119 2366 5195 encycliea:
2392 5119 2600 5195 synodi'
2623 5119 2964 5195 Sardieensis
2994 5119 3208 5195 {atque
3237 5119 3340 5180 hoc
3369 5119 3527 5195 pacto
3567 5129 3651 5180 iu-

2078 5188 2250 5260 cipit:
2284 5188 2734 5260 ἀποκηρύττομεν
2782 5193 2840 5246 δὲ
2887 5188 3145 5260 ἐκείνους,
3178 5207 3280 5250 etc.
3330 5188 3408 5249 lbi
3448 5197 3649 5252 \‘idesis

2076 5257 2145 5329 p.’
2163 5259 2250 5314 80.
2283 5257 2598 5329 Moxge'ditio
2631 5257 2869 5327 Comm.,
2901 5257 3147 5329 συνόδον,¹
3177 5265 3336 5319 male.

2148 5329 2267 5404 (ὅθ)
2297 5328 2376 5404 _lta
2403 5327 2613 5404 Regius
2647 5347 2808 5401 quem
2841 5327 3145 5404 sequimur.
3178 5335 3320 5390 Editi
3350 5342 3404 5389 et
3437 5334 3553 5400 alii,
3573 5337 3648 5399 ὡς

2077 5394 2272 5470 ὲνδεῶξ
2293 5394 2547 5470 ἐχούσης.

2147 5469 2258 5545 (51)
2301 5467 2399 5545 Sic
2426 5467 2734 5545 Reg.‘Seg_.
2788 5472 2951 5545 Basil.
3002 5488 3060 5545 et
3101 5474 3257 5530 Gobl.
3303 5473 3476 5537 Editi,
3513 5477 3646 5545 παρ’

2121 5487 2258 5557 ⁹(ου
2301 5487 2393 5524 me
2426 5487 2558 5593 uer.
2788 5487 2951 5571 uasat.
3002 5488 3055 5528 et
3101 5487 3257 5530 uom.
3303 5487 3476 5564 τίσω,
3513 5487 3643 5545 παρ’

2076 5557 2262 5603 αυτου,
2296 5540 2455 5594 male.
2533 5538 2663 5625 nfra'
2750 5553 2995 5625 egluset
3033 5544 3192 5625 (:IOPI:
3251 5545 3496 5625 πληρης..
3523 5544 3643 5598 Mox

2076 5624 2268 5664 omnes
2311 5610 2666 5686 manuscripti
2698 5623 2770 5686 _et
2793 5610 2968 5686 ‘editi,
3010 5615 3083 5686 μὴ
3112 5616 3240 5668 δεῖν.
3271 5610 3538 5686 ΙιιῚὶξξιξίο
3567 5630 3646 5669 ιον

2076 5695 2198 5755 men
2250 5696 2277 5731 ν
2325 5681 2518 5755 ιψτοεο
2546 5679 2665 5736 fuit.
2698 5681 2868 5738 Paulo
2902 5679 3046 5754 post,
3071 5679 3309 5741 'articul.
3339 5687 3371 5755 ἡ
3400 5679 3555 5740 deest
3593 5688 3644 5740 iu

2075 5748 2309 5804 editione
2333 5748 2545 5805 Comm.
