3966 6226
348 340 444 400 τοι
1505 340 1742 398 'l'OMUS
1775 341 1866 398 AD
1903 339 2409 399 ANTIOCHENOS.

3467 345 3576 402 802

349 455 593 530 ρηνεύειν
621 453 814 519 αὑτοὺς
839 455 1052 508 πείθετε
1073 472 1087 487 ο
1119 455 1214 509 καὶ
1237 454 1345 527 γὰρ
1367 455 1521 510 οὐδὲν
1547 459 1708 512 πλέον
1740 459 1899 511 συνεί·

2013 468 2174 527 atque
2202 458 2268 512 ad
2330 456 2571 512 studium
2626 456 2776 526 pacis
2837 458 3018 528 potius
3061 459 3404 518 hortamini:
3440 463 3580 520 nihil

345 547 503 618 δομεν
532 549 591 600 ὲν
615 546 823 610 τούτοις
847 546 880 616 ἢ
905 546 1234 614 φιλονεικίαν
1265 546 1452 617 μόνην.
1484 547 1589 611 υὺς
1615 549 1724 620 γὰρ
1742 550 1911 620 εμέμ.

346 637 506 707 φοντό
554 654 697 700 τινες
732 635 808 699 ὡς
853 640 1001 708 τρεῖς
1050 636 1306 706 λέγοντας
1334 636 1682 702 ὑποστάσεις,
1727 639 1815 692 διὰ
1852 641 1913 693 τὸ

344 729 624 800 ἀγράφους
649 728 738 781 καὶ
767 728 1039 792 ὑπόπτους
1057 728 1282 782 αὐτόθεν
1299 724 1436 781 εῖναι
1461 729 1560 792 τὰς
1581 729 1752 794 λέξεις
1775 731 1910 799 (52),

343 818 654 889 ἠξιώσαμεν
687 820 780 889 μὲν
811 819 975 890 μηδὲν
999 819 1158 874 πλέον
1185 817 1461 890 ἐπιζητεῖν
1489 820 1629 891 πλὴν
1649 822 1747 892 τῆς
1773 822 1912 875 κατὰ

343 911 576 966 Νίκαιαν
605 912 892 982 ὁμολογίας
913 930 926 943 ·
950 913 1311 984 ἁνεκρίναμεν
1332 913 1388 966 δὲ
1409 914 1557 983 ὅμως
1581 915 1802 977 τούτους
1824 915 1912 968 διὰ

341 1001 439 1071 τὴν
468 1002 819 1072 φιλονεικίαν,
873 1004 948 1075 μὴ
1001 1001 1089 1074 ἄρ’
1127 1003 1203 1066 ὡς
1244 1005 1293 1056 οῖ
1346 1003 1458 1072 (55)
1511 1005 1913 1075 Ἀρειομανῖται

341 1089 590 1160 λέγουσιν
622 1092 1137 1163 ἁπηλλοτριωμένας
1160 1093 1253 1146 καὶ
1285 1092 1722 1164 ἁπεξενωμένας,
1753 1095 1911 1149 ἁλλο-

339 1183 798 1254 τριοουσὶους(54)
815 1201 874 1237 τε
898 1183 1158 1256 ἀλλήλων,
1175 1184 1269 1239 καὶ
1307 1184 1541 1254 ἑκάστην
1570 1186 1689 1240 καθ’
1716 1187 1916 1258 ἑαυτὴν

341 1273 636 1328 ὑπόστασιν
663 1273 1018 1346 διῃρημένην,
1041 1275 1117 1338 ὡς
1140 1274 1255 1329 ἐστι
1275 1277 1344 1329 τά
1368 1293 1427 1329 τε
1452 1275 1586 1331 ἄλλα
1617 1278 1911 1348 κτίσματα,

340 1364 431 1418 καὶ
455 1366 501 1417 οἱ
535 1364 594 1430 ὲξ
623 1364 922 1437 ἀνθρώπων
951 1364 1275 1436 γεννώμενοι
1295 1384 1311 1398 ο
1341 1367 1374 1438 ἢ
1407 1366 1595 1440 ῶσπερ
1624 1369 1912 1440 διαφόρους

335 1455 542 1520 οὐσίας,
562 1455 748 1527 ὥσπερ
770 1457 885 1510 ἐστὶ
900 1457 1118 1528 χρυσὸς,
1141 1457 1174 1528 ἢ
1196 1458 1452 1531 ἄργυρος,
1472 1460 1503 1533 ἢ
1523 1462 1741 1532 χαλκδς,
1771 1461 1914 1516 οὕτω

337 1547 428 1601 καὶ
445 1547 600 1600 αύτο)⁸
621 1546 850 1615 λέγωσιν
866 1548 974 1618 (55)
997 1565 1008 1579 ·
1032 1549 1064 1620 ἦ
1092 1549 1165 1614 ὡς
1186 1551 1332 1605 ἄλλοι
1351 1553 1617 1624 αἱρετικοὶ
1638 1556 1786 1626 τρεῖς
1818 1555 1915 1626 ἁρ-

335 1635 435 1707 χὰς
461 1637 556 1688 καὶ
582 1640 730 1708 τρεῖς
758 1637 912 1701 θεοὺς
937 1637 1354 1705 λέγουσιν,οὑτω
1381 1643 1474 1695 καὶ
1491 1638 1633 1697 οῦτοι
1654 1643 1912 1714 φρονοῦν-

333 1743 446 1790 τες,
472 1729 621 1798 τρεῖς
666 1727 991 1791 ὑποστάσεις
1045 1729 1243 1798 λέγωσι
1283 1732 1429 1801 (56);
1457 1733 1913 1790 Διεεεὸαιώσαντο

2012 550 2157 603 enim
2183 549 2238 602 in
2270 548 2390 602 istis
2426 549 2776 616 agnoscimus
2805 563 2970 618 quam
3018 551 3190 605 solum
3217 553 3578 609 contendeudi

2012 638 2274 694 studium.
2304 635 2440 692 Nam
2479 653 2618 708 quos
2644 639 2864 708 quidam
2921 639 3264 707 incusabant,
3287 643 3431 712 quod
3459 652 3572 699 tres

2013 727 2334 796 hypostases
2371 726 2634 793 dicerent,
2681 727 2814 797 quia
2839 726 2923 781 ba:
2950 741 3113 783 voces
3145 743 3269 783 cum
3328 731 3382 785 in
3429 730 3578 786 Scri-

2012 827 2169 886 ptura
2190 830 2299 870 non
2329 816 2818 881 habeantur,'liinc
2847 826 3114 887 suspectae
3166 833 3285 874 esse
3314 830 3573 888 possunt;

2012 907 2324 976 rogavimus
2357 914 2418 960 ut
2458 907 2594 962 nihil
2624 916 2816 978 praeter
2847 906 3122 963 Nicaenam
3175 908 3574 965 confessionem

2013 997 2308 1068 inquirant.
2337 997 2463 1053 Illos
2492 1007 2671 1054 tamen
2697 1001 3062 1056 contentionis
3093 1001 3378 1056 occasione
3405 1003 3575 1057 inter-

2015 1093 2346 1163 rogavimus,
2379 1108 2524 1148 anne
2554 1101 2612 1147 ut
2637 1092 2992 1148 Ariomanita
3030 1093 3220 1150 dicunt
3253 1094 3578 1165 bypostases

2013 1181 2135 1236 illas
2180 1182 2385 1237 alienas
2435 1181 2880 1252 peregrinusque,
2912 1198 2976 1238 ac
3019 1182 3246 1238 diversa:
3274 1198 3304 1238 a
3350 1199 3409 1239 se
3442 1185 3580 1240 invi-

2011 1287 2129 1329 cem
2170 1273 2508 1340 substantiae,
2537 1281 2591 1328 et
2624 1287 3067 1344 unamquamque
3117 1274 3434 1345 bypostasin
3489 1291 3579 1330 se-

2011 1365 2248 1420 cundum
2278 1380 2336 1420 se
2389 1365 2458 1419 ab
2505 1364 2675 1419 altera
2727 1365 2979 1428 divisam,
3015 1376 3076 1419 ut
3117 1374 3246 1420 sunt
3270 1367 3390 1422 aliae
3423 1381 3578 1422 crea-

2013 1461 2170 1518 turre,
2199 1467 2299 1508 nec
2326 1468 2434 1508 non
2493 1453 2584 1521 qui
2623 1467 2688 1506 ex
2730 1453 3045 1509 hominibus
3102 1465 3404 1510 nascuntur
3445 1474 3460 1522 ;
3495 1457 3577 1510 vel

2012 1545 2165 1615 quasi
2195 1544 2436 1599 diversas
2473 1543 2822 1610 substantias,
2849 1543 3007 1613 quale
3028 1551 3112 1598 est
3138 1559 3356 1611 aurum,
3384 1560 3577 1615 argen-

2013 1645 2127 1690 tum
2159 1644 2213 1689 et
2235 1650 2348 1690 aes:
2387 1634 2468 1690 sic
2497 1643 2551 1688 et
2579 1636 2680 1705 ipsi
2711 1634 2955 1690 dicerent
2989 1653 3002 1689 :
3038 1650 3106 1690 an
3157 1635 3300 1690 sicut
3345 1636 3436 1690 alii
3464 1637 3575 1693 lie-

2014 1727 2188 1789 reiici,
2218 1726 2322 1781 tria
2347 1726 2630 1796 principia,
2656 1734 2710 1780 et
2750 1735 2859 1782 tres
2902 1724 3044 1782 Deos
3087 1741 3208 1781 esse
3253 1725 3459 1792 dicunt,
3486 1741 3579 1782 ea-

335 1819 472 1888 μήτε
493 1797 691 1885 λέγειν,
711 1818 848 1888 μήτε
869 1797 1411 1890 πεφρονηκέναι
1433 1822 1620 1887 οὕτως.
1640 1826 1899 1897 Ἐρωτῶνι

2014 1820 2135 1876 dem
2167 1820 2268 1889 ipsi
2300 1819 2565 1873 sententia
2601 1817 2939 1872 ailirmarent
2987 1826 3096 1872 tres
3146 1831 3268 1873 esse
3319 1817 3577 1888 byposta-

329 1921 438 1960 των
457 1906 515 1959 δὲ
540 1905 698 1977 ἡμῶν
724 1906 915 1972 αὐτούς
933 1923 948 1938 ο
973 1907 1096 1972 Πῶς
1109 1905 1200 1962 οῦν
1210 1911 1382 1964 ταῦτα
1402 1911 1607 1981 λέγετε;
1626 1913 1658 1985 ἢ
1680 1915 1768 1968 aia
1785 1917 1838 1968 τί
1855 1915 1899 1969 δὲ

2014 1909 2140 1965 ses?
2164 1909 2233 1964 At
2281 1908 2380 1973 illi,
2410 1923 2471 1964 se
2505 1923 2681 1979 neque
2717 1909 2833 1963 haec
2869 1907 3072 1972 dicere,
3101 1923 3201 1964 nec
3232 1925 3472 1980 unquam
3501 1909 3575 1965 ita

329 1997 466 2061 ὅλως
484 1998 760 2063 τοιαύταις
774 2000 1004 2071 χρῆσθαι
1021 2002 1130 2071 (57)
1145 2001 1352 2066 λέξεσιν
1377 2022 1390 2066 ;
1421 2005 1804 2077 ἀπεκρίναντο,
1821 2008 1899 2062 διὰ

2011 2001 2270 2064 sensisse,
2303 1999 2669 2054 afﬁrmabant.
2701 1997 2869 2054 Nobis
2899 2007 3077 2053 autem
3106 2000 3574 2068 percontantibus,

329 2088 391 2142 τδ
415 2091 498 2152 εἰς
522 2089 683 2157 ἁγίαν
715 2090 921 2162 Τριὰδα
945 2092 1242 2156 πιστεύειν,
1294 2095 1394 2148 οὐκ
1437 2095 1659 2166 ὀνόματι
1702 2098 1899 2170 Τριὰδα

2010 2093 2106 2162 qui
2130 2107 2260 2163 ergo
2285 2092 2402 2147 haec
2421 2092 2741 2147 dicitisiaut
2765 2106 2934 2161 quare
2964 2091 3176 2144 tandem
3199 2091 3577 2161 hujuscemodi

335 2181 516 2251 μόνον,
554 2181 669 2236 ἁλλ’
701 2182 916 2254 ἀληθῶς
937 2180 1100 2238 οὖσαν
1121 2187 1214 2239 καὶ
1239 2187 1555 2255 ὑφεστῶσαν
1574 2230 1589 2254 ,
1614 2190 1828 2262 Πατέρα
1845 2209 1907 2246 τε

330 2273 546 2344 ἀληθῶς
561 2275 690 2328 ὄντα
710 2277 806 2330 καὶ
823 2277 1125 2346 ὑφεστῶτα,
1152 2279 1245 2332 κα)⁸
1265 2279 1393 2332 Υἰὸν
1407 2280 1515 2351 (58)
1530 2280 1741 2352 ἁληθῶς
1763 2283 1914 2337 ένού-

330 2380 444 2418 σιον
469 2365 598 2420 ὅντα
629 2369 723 2422 καὶ
755 2367 1057 2437 ὑφεστῶτα,
1085 2370 1179 2422 καὶ
1211 2369 1433 2441 Πνεῦμα
1472 2372 1621 2440 ἆγιον
1669 2374 1914 2442 ὑφεστὼς

328 2457 423 2511 καὶ
461 2457 706 2528 ὑπάρχον
733 2460 974 2530 οἴδαμεν,
1006 2463 1144 2532 μήτε
1167 2461 1224 2514 δὲ
1265 2461 1544 2532 εἰρηκέναι
1576 2467 1722 2535 τρεῖς
1755 2465 1910 2529 θεοὺς

327 2548 363 2616 ἢ
391 2549 503 2619 (59)
535 2553 686 2619 τρεῖς
715 2551 908 2621 ἁρχὰς,
955 2553 1080 2623 μήθ’
1111 2553 1247 2616 ὅλως
1274 2553 1566 2625 ἀνέχεσθαι
1609 2554 1719 2608 τῶν
1751 2555 1908 2610 τοῦτο

331 2637 618 2707 λεγόντων,
664 2639 696 2709 ἢ
741 2640 1078 2712 φρονούντων
1104 2661 1118 2674 ο
1171 2643 1287 2696 ἀλλ’
1335 2644 1530 2699 εἰδέναι
1581 2646 1743 2715 ἁγίαν
1804 2647 1905 2719 μὲν

331 2731 558 2802 Τριὰδα,
585 2732 711 2802 μίαν
742 2732 800 2785 δὲ
827 2733 1074 2804 Θεὸτητα,
1103 2736 1196 2788 καὶ
1225 2734 1337 2805 (40)
1369 2735 1500 2807 μίαν
1547 2739 1720 2810 ἀρχὴν
1741 2778 1756 2803 ,
1809 2743 1907 2796 καὶ

332 2826 458 2880 Υῖδν
493 2828 591 2898 μὲν
621 2827 902 2898 ὁμοούσιον
934 2828 1012 2900 τῷ
1041 2830 1236 2901 Πατρὶ,
1267 2831 1344 2894 ὡς
1365 2825 1518 2885 εἷπον
1550 2834 1599 2885 οἱ
1644 2835 1904 2914 Πατέρες,

331 2919 391 2972 τὸ
411 2919 469 2973 δὲ
501 2918 654 2987 ἁγιον
676 2919 920 2991 Πνεῦμα,
946 2922 1006 2974 οὑ
1035 2921 1260 2992 κτίσμα,
1289 2922 1408 2976 οὑδὲ
1431 2921 1597 2988 ξένον,
1632 2925 1745 2978 ἁλλ’
1778 2928 1908 2980 ῖδιον

330 3010 424 3062 καὶ
443 3011 740 3082 ἀδιαίρετον
768 3011 869 3082 τῆς
896 3012 1080 3076 οὑσίας
1109 3011 1202 3065 τοῦ
1237 3012 1364 3066 Υίοῦ
1393 3015 1485 3069 καὶ
1513 3015 1606 3068 τοῦ
1641 3016 1872 3090 Πατρός.

2005 2183 2268 2238 vocabula
2330 2182 2639 2252 usurpatis?
2688 2182 3083 2251 responderunt
3140 2181 3217 2236 illi
3255 2198 3270 2236 ε
3310 2180 3386 2237 Eo
3433 2181 3578 2251 quod

2016 2293 2072 2346 in
2114 2299 2358 2358 sanctam
2417 2289 2738 2347 Trinitatem
2815 2292 3124 2359 credamus,
3194 2307 3304 2348 non
3356 2293 3578 2348 nomine

2015 2393 2175 2439 tenus
2216 2382 2560 2448 Trinitatem,
2591 2383 2684 2438 sed
2723 2399 2846 2454 quae
2889 2399 3016 2439 vere
3059 2385 3132 2439 sit
3166 2393 3221 2439 et
3269 2386 3572 2441 subsistat:

2015 2473 2276 2527 nimirum
2300 2470 2514 2527 Patrem
2541 2487 2670 2527 vere
2698 2473 3051 2528 exsistentem
3075 2483 3128 2528 et
3156 2473 3572 2537 subsistentem,

2014 2567 2214 2620 Filium
2255 2566 2384 2620 item
2428 2580 2554 2621 vere
2601 2564 3014 2620 substantialem
3073 2580 3137 2620 ac
3163 2565 3571 2630 subsistentem,

2012 2651 2382 2724 Spiritumque
2405 2659 2653 2708 sanctum
2675 2652 3063 2708 subsistentem
3107 2662 3163 2710 et
3221 2654 3571 2711 exsistean

2003 2747 2369 2817 agnoscimus.
2400 2745 2510 2802 Nec
2532 2759 2714 2802 tamen
2741 2761 2798 2801 se
2819 2746 3024 2802 dixisse
3049 2747 3264 2802 aiebant
3291 2756 3402 2804 tres
3436 2747 3574 2805 Deo:

2001 2849 2095 2893 aut
2119 2839 2220 2892 tria
2249 2838 2540 2908 principia,
2573 2853 2675 2894 nec
2708 2837 2933 2892 omnino
2955 2853 3049 2893 eos
3090 2840 3184 2909 qui
3217 2839 3290 2894 ita
3327 2841 3575 2895 dicerent

2003 2933 2352 2996 sentirentve,
2389 2931 2619 2985 tolerare
2648 2945 2661 2982 :
2691 2931 2785 2985 sed
2818 2945 2876 2985 se
2929 2941 3172 2986 sanctam
3202 2933 3422 3002 quidem
3452 2931 3575 2986 Tri-

2004 3022 2225 3075 nitatem
2275 3033 2592 3090 agnoscere,
2650 3034 2926 3089 unamque
2971 3029 3150 3076 tamen
3199 3022 3452 3078 deitatem
3507 3039 3573 3077 ac

330 3118 500 3158 unum
540 3105 890 3176 principium,
939 3121 1004 3160 ac
1040 3104 1236 3161 Filium
1291 3107 1510 3176 quidem
1566 3108 1714 3164 Patri
1761 3112 2302 3178 consubstantialem,
2350 3119 2411 3165 ut
2457 3110 2646 3166 Patres
2697 3111 3078 3178 declararunt,
3131 3123 3380 3169 sanctum
3443 3129 3574 3196 vero

331 3193 614 3266 Spiritum,
643 3212 752 3252 non
773 3207 1103 3262 creaturam,
1131 3215 1306 3270 neque
1342 3200 1577 3256 alienum
1600 3241 1616 3267 ,
1663 3204 1756 3258 sed
1803 3207 2103 3275 praprium,
2130 3214 2184 3260 et
2210 3220 2241 3260 a
2271 3203 2576 3260 substantia
2603 3201 2726 3257 Filii
2758 3211 2813 3257 et
2840 3201 3018 3258 Patris
3044 3204 3360 3260 indivisum.

398 3290 452 3344 6.
497 3289 905 3360 ’Δποδεξάμενοι
930 3289 987 3343 δὲ
1017 3289 1221 3344 τούτων
1246 3292 1343 3363 τὴν
1367 3293 1660 3364 ἑρμηνείαν
1683 3295 1792 3346 τῶν
1821 3295 1898 3348 λέ-

2065 3298 2120 3351 6.
2147 3296 2456 3367 Approbata
2484 3295 2652 3365 igitur
2678 3294 2947 3362 ejusmodi
2982 3303 3038 3349 et
3079 3310 3274 3350 vocum
3308 3297 3573 3366 interpre-

332 3379 484 3444 ξεων,
505 3380 598 3435 καὶ
627 3380 726 3452 τὴν
749 3379 1062 3449 ἀπολογίαν,
1109 3383 1468 3454 ἁνεκρίναμεν
1509 3383 1616 3454 (41)
1655 3386 1782 3448 τοὺς
1813 3387 1894 3439 αί-

327 3471 608 3535 τιαθέντας
635 3471 787 3544 παρὰ
809 3471 1032 3537 τούτων,
1051 3472 1127 3537 ὡς
1151 3473 1405 3542 λέγοντας
1427 3475 1554 3545 μίαν
1575 3475 1890 3543 ὑπόστασιν,

333 3563 406 3634 μὴ
437 3560 545 3634 ἆρα
577 3563 653 3626 ὡς
684 3562 966 3628 Σαὸέλλιος
988 3569 1193 3636 φρονεῖ,
1222 3566 1363 3620 οῦτω
1396 3569 1490 3622 καὶ
1519 3560 1662 3622 οὑτοι
1703 3569 1892 3637 λέγου-

331 3670 414 3706 σιν
438 3655 530 3707 ἐπὶ
555 3653 827 3725 ἀναιρέσει
851 3655 947 3708 τοῦ
983 3656 1113 3710 Υίοῦ
1135 3657 1343 3711 καὶτοῦ
1374 3658 1528 3727 ἁγίου
1555 3659 1693 3713 Πνεύ
1702 3677 1889 3731 ματος,

328 3743 362 3815 ἢ
389 3745 464 3808 ὡς
497 3745 746 3798 ἁνουσίου
795 3745 945 3811 ὄντος
987 3746 1081 3800 τοῦ
1115 3747 1244 3802 Υίοῦ
1270 3788 1285 3814 ,
1317 3748 1350 3820 ἦ
1401 3749 1766 3805 ἁνυποστὰτου
1795 3751 1890 3806 τοῦ

331 3837 485 3906 ἁγίου
521 3837 869 3908 Πνεύματος;
912 3840 976 3892 Οί
1009 3840 1068 3893 δὲ
1113 3841 1206 3895 καὶ
1248 3842 1405 3897 αὐτοὶ
1445 3842 1892 3898 διεὸεὸαιώσαντο

333 3928 466 3996 μήτε
490 3926 646 3979 τοῦτο
668 3926 864 3994 λέγειν,
894 3927 1030 3998 μήτε
1051 3925 1192 3981 οὑτω
1225 3928 1620 4001 πεφρονηκέναι
1650 3927 1886 3982 πώποτε·

326 4018 440 4072 ἁλλ’
475 4018 768 4071 ὑπόστασιν
803 4019 900 4089 μὲν
923 4017 1172 4090 λέγομεν,
1206 4020 1497 4092 ἡγούμενοι
1535 4022 1728 4076 ταύτὸν
1753 4020 1890 4076 εἶναι

327 4111 500 4162 εἰπεῖν
533 4110 829 4164 ὑπόστασιν
879 4110 971 4164 καὶ
1005 4110 1228 4164 οὐσίαν⁹
1278 4111 1408 4181 μίαν
1456 4113 1513 4166 δὲ
1566 4113 1888 4185 φρονοῦμεν,

325 4199 502 4254 διὰ’τδ
527 4203 592 4253 ὲκ
614 4200 713 4270 τῆς
743 4201 930 4264 οὐσίας
957 4200 1051 4254 τοῦ
1083 4201 1296 4273 Πατρὸς
1313 4197 1451 4256 εἶναι
1477 4203 1566 4256 τὸν
1599 4203 1727 4256 Υίὸν
1746 4243 1760 4268 ,
1795 4205 1890 4258 καὶ

325 4290 411 4344 διὰ
444 4291 542 4360 τὴν
573 4291 878 4363 ταυτότητα
902 4292 1003 4361 τῆς
1033 4291 1245 4360 φύσεως
1267 4309 1280 4322 ’
1325 4293 1452 4363 μίαν
1490 4295 1598 4365 γὰρ
1625 4293 1851 4365 Θεότητα
1869 4335 1884 4359 ,

325 4383 418 4437 καὶ
458 4383 586 4453 μίαν
611 4377 750 4436 εἶναι
780 4382 876 4454 τὴν
897 4382 1098 4454 ταύτης
1123 4383 1282 4452 φύσιν
1315 4385 1656 4456 πιστεύομεν,
1677 4387 1771 4440 καὶ
1789 4388 1888 4442 οὑκ

325 4474 489 4543 ἄλλην
511 4473 608 4543 μὲν
639 4474 739 4544 τὴν
760 4471 852 4526 τοῦ
875 4473 1108 4546 Πατρὸς,
1141 4473 1297 4546 ξένην
1333 4473 1390 4528 δὲ
1422 4474 1609 4529 τούτου
1656 4475 1754 4547 τὴν
1793 4476 1886 4530 τοῦ

328 4563 476 4627 Υἱοῦ,
505 4563 599 4616 καὶ
625 4562 722 4634 τὴν
752 4561 844 4616 τοῦ
868 4562 1024 4631 ἁγίου
1047 4563 1377 4632 Πνεύματος.
1421 4565 1634 4634 Ἀμέλει
1656 4566 1816 4620 κὰκεῖ
1837 4567 1886 4619 οἱ

2001 3389 2204 3442 tatione
2231 3395 2284 3441 et
2314 3383 2687 3448 excusatione,
2733 3396 2830 3436 eos
2859 3397 3077 3452 quoque
3107 3383 3568 3446 examinavimus,

1999 3493 2137 3548 quos
2167 3477 2259 3532 isti
2326 3475 2681 3537 accusabant,
2706 3473 2852 3542 quod
2897 3489 3063 3528 unam
3118 3473 3360 3529 dicerent
3405 3474 3572 3544 hypo-

2000 3570 2194 3634 stasin,
2225 3584 2356 3624 num
2390 3567 2428 3622 ii
2482 3567 2538 3621 in
2585 3563 2808 3620 Sabellii
2862 3578 3026 3619 sensu
3081 3565 3154 3618 ita
3199 3565 3567 3634 loquerentur,

1997 3675 2107 3731 quo
2173 3659 2406 3723 Filium,
2469 3657 2841 3727 Spiritumque
2924 3663 3172 3710 sanctum
3249 3655 3316 3710 de
3393 3655 3570 3708 medio

1998 3750 2248 3804 tollerent
2303 3767 2318 3803 :

1999 3847 2244 3895 sanctum
2274 3837 2549 3910 liypostasi
2580 3850 2766 3892 carere
2819 3835 3244 3891 existimarent?
3291 3834 3393 3900 Qui
3439 3835 3566 3888 item

1997 3931 2336 3986 allirmarunt
2388 3945 2448 3986 se
2499 3944 2677 4000 neque
2741 3929 2845 3982 boc
2905 3928 3086 3981 dicere
3156 3942 3255 3982 nec
3325 3941 3565 3995 unquam

1999 4025 2072 4078 ita
2137 4022 2406 4095 sensisse;
2461 4021 2554 4076 sed
2607 4019 2945 4090 bypostasin,
3012 4018 3246 4080 aiebant,
3307 4017 3565 4078 dicimus,

1996 4114 2372 4170 existimantes
2407 4109 2632 4182 perinde
2673 4124 2794 4164 esse
2827 4108 3006 4162 dicere
3057 4106 3372 4178 bypostasin
3404 4115 3567 4175 atque

1995 4207 2175 4261 dicere
2203 4204 2566 4260 substantiam
2617 4215 2942 4272 :unamque
2990 4199 3263 4255 credimus
3311 4199 3567 4269 byposta-

1995 4297 2079 4353 sin
2109 4313 2173 4352 eo
2195 4297 2340 4366 quod
2370 4295 2540 4349 Filius
2573 4295 2645 4350 sit
2674 4309 2742 4349 ex
2771 4293 3080 4349 substantia
3109 4290 3307 4355 Patris,
3336 4303 3389 4344 et
3420 4290 3564 4359 quod

1996 4405 2104 4443 una
2133 4389 2430 4458 eademque
2451 4387 2522 4442 sit
2551 4395 2765 4441 natura.
2792 4383 2968 4440 Unam
2994 4386 3193 4454 quippe
3212 4383 3488 4446 deitatem,
3509 4389 3564 4436 et

1995 4497 2158 4537 unam
2186 4481 2306 4554 ejus
2333 4490 2583 4536 naturam
2620 4495 2743 4537 esse
2772 4478 3046 4536 credimus
3074 4492 3090 4530 :
3121 4490 3218 4531 nec
3252 4474 3412 4530 aliam
3444 4473 3562 4544 qui-

1994 4573 2118 4630 dem
2157 4575 2354 4636 Patris,
2386 4575 2617 4629 alienam
2647 4583 2827 4629 autem
2859 4573 2926 4626 ab
2953 4571 3044 4625 illo
3071 4569 3193 4623 Filii
3221 4583 3286 4623 ac
3325 4566 3561 4637 Spiritus

325 4652 659 4716 αἰτιαθέντες
689 4653 764 4718 ὡς
813 4653 1094 4724 εἰρηκότες
1127 4655 1274 4724 τρεῖς
1317 4653 1641 4720 ὑποστάσεις
1682 4658 1890 4711 συνετί-

2007 4667 2168 4724 sancti
2193 4666 2554 4721 substantiam
2612 4665 2898 4720 sentimus.
2931 4661 3087 4716 Tunc
3116 4674 3246 4714 sane
3271 4657 3364 4727 qui
3391 4672 3550 4711 accu-

325 4743 478 4797 θεντο
504 4743 614 4814 (42)
639 4743 880 4807 τούτοις·
917 4744 1013 4797 καὶ
1049 4745 1202 4798 αὑτοὶ
1246 4744 1303 4797 δὲ
1343 4747 1392 4797 oi
1427 4747 1707 4817 εἰρηκότες
1761 4751 1890 4820 μίαν

325 4833 513 4887 οὐσίαν
526 4833 595 4887 τὰ
609 4833 830 4887 ἐκείνων
850 4832 1036 4905 ῶσπερ
1059 4836 1405 4906 ήρμήνευσαν
1425 4837 1518 4890 καὶ
1541 4838 1848 4909 ὡμολόγουν
1870 4880 1886 4907 ,

397 5030 510 5100 (52)
551 5029 777 5101 Regium
817 5030 908 5101 bi_c
932 5031 1230 5101 sequimur.
1259 5029 1401 5087 Editi
1439 5042 1491 5087 et
1521 5034 1612 5088 alii
1662 5036 1742 5092 sic
1792 5037 1888 5091 ha-

1993 4755 2093 4808 sati
2147 4754 2381 4816 fuerant,
2413 4754 2557 4823 quod
2597 4761 2710 4808 tres
2763 4753 3029 4808 dixissent
3058 4751 3395 4820 hypostases,
3428 4760 3552 4799 cum

1993 4847 2112 4903 istis
2135 4847 2589 4903 consentiebant:
2621 4846 2656 4900 ii
2683 4854 2863 4900 autem
2912 4843 3005 4914 qui
3059 4855 3224 4896 unam
3271 4852 3391 4892 esse
3423 4837 3555 4892 sub-

2061 5040 2171 5111 (56)
2214 5038 2339 5111 ch.
2387 5039 2542 5095 Gobl.
2593 5049 2647 5095 et
2696 5037 2937 5094 Felckm.
2985 5037 3042 5102 1,
3090 5033 3326 5101 λέγουσι,
3371 5030 3553 5086 minus

326 5099 473 5176 bent,
509 5099 788 5176 Ἐντεῦθεν
839 5099 976 5176 εἶναι
1011 5099 1124 5176 ’τὰς
1165 5101 1366 5176 λέξεις,
1415 5103 1669 5176 ἠξιοῦμεν
1724 5107 1887 5176 μηδὲν

2007 5099 2164 5165 me:
2221 5129 2229 5136 -

328 5168 484 5222 πλέον
517 5170 792 5240 ἐπιζητεῖν
834 5171 934 5241 τῆς
980 5171 1121 5224 κατὰ
1163 5168 1396 5226 Νίκαιαν
1426 5168 1736 5244 ὁμολογίας,
1757 5168 1886 5230 ἁνα-

328 5239 533 5291 κοίνειν
559 5238 615 5291 δὲ
636 5240 804 5291 ὅμως.

328 5253 533 5308 κρίνειν
559 5253 615 5308 οε
636 5253 665 5292 ο

2060 5179 2170 5250 (57)
2211 5178 2334 5250 Seg.
2365 5189 2421 5233 et
2451 5179 2605 5250 Gohl.
2636 5175 2870 5250 χρᾶσθε.Δ
2889 5173 3047 5250 Edjti,
3066 5169 3308 5250 χρῆσρῆ

2077 5238 2167 5319 58)
2207 5238 2315 5303 Καῗ
2345 5259 2470 5304 ante
2514 5238 2830 5319 Yiovmdee‘st
2861 5245 2912 5296 in
2946 5238 3188 5319 Gobll'et
3220 5238 3457 5294 Felckm.
3494 5239 3547 5292 l.

405 5257 533 5291 ινειν
559 5257 615 5291 οε
636 5257 665 5292 ο
757 5258 804 5304 ς.

401 5258 1180 5399 euasissesese)».
1200 5311 1367 5399 ea“:
1385 5313 1758 5399 ει
1788 5315 1882 5369 de-

2049 5257 2167 5371 ¹(58)
2208 5257 2314 5303 Καί
2345 5259 2470 5304 ante
2523 5257 2640 5300 Υίόν
2677 5257 2830 5301 deest
2861 5259 2912 5296 in
2946 5257 3031 5296 uo

2013 5336 2042 5371 "
2067 5319 2284 5399 £3,598:
2310 5318 2612 5399 ῠ.φεστηκ⁶ς
2633 5311 3031 5399 Βῗοὲδφεῗῖώῗς

327 5387 428 5432 cst.
477 5376 598 5431 Mox
614 5376 854 5451 ﬁegi'us,
887 5379 1202 5451 Seg._Gobl.
1232 5391 1284 5434 et
1329 5381 1562 5434 Felckm.
1598 5383 1653 5446 5,
1682 5383 1877 5451 λέγουο

329 5463 382 5498 σι
411 5457 573 5502 recte.
614 5446 755 5518 Editi
802 5465 950 5514 vero,
966 5446 1200 5518 λέγωσι.
1253 5451 1306 5504 In
1363 5461 1674 5518 sequentem
1700 5446 1880 5508 autem

328 5531 535 5588 vocem,
564 5516 1083 5588 idnqnmpiwpéva';
1113 5517 1310 5587 Regius
1341 5516 1557 5575 desinit.

398 5587 506 5655 (34)
544 5587 636 5642 Sic
665 5587 887 5656 Seguer.
923 5587 1065 5643 Editi
1095 5604 1222 5643 vero
1252 5599 1306 5644 ct
1343 5591 1542 5656 caeteri,
1569 5590 1879 5662 ἀλλοτριού-

330 5655 496 5719 σίους.
744 5655 759 5656 ί

400 5727 509 5792 (55)
552 5725 676 5798 Seg.
707 5725 974 5794 λέγουσιν.

2059 5389 2170 5456 (59)
2216 5390 2284 5441 Ἥ
2319 5382 2471 5456 deest
2498 5382 2549 5440 in
2575 5382 2714 5456 edit.
2741 5382 2952 5456 Comm.
2982 5387 3214 5456 tantum.

2055 5447 2167 5526 (40)
2211 5457 2302 5526 Sic
2341 5455 2464 5526 Seg.
2492 5465 2546 5526 et
2574 5453 2741 5526 Basil.
2771 5451 2865 5526 καῖ
2887 5450 3130 5526 _ilei_3_st_i_n
3163 5447 3344 5503 editis.

2053 5513 2164 5597 (Η)
2208 5525 2298 5580 Sic
2331 5513 2453 5597 Seg'.
2492 5525 2652 5597 Basil.
2686 5533 2738 5597 et
2763 5520 2920 5597 Πρω.
2955 5519 3108 5597 -Ειέίιξ
3151 5533 3297 5597 vero,
3333 5513 3552 5586 ἀνεκρί-

1979 5584 2161 5666 νομενξ
2202 5584 2474 5666 mendose.
2497 5591 2651 5666 infra
2686 5590 2983 5666 ϐοϋιηημὴ
3015 5584 3103 5659 ἆρ’
3141 5586 3237 5650 ὼς.

2051 5659 2162 5736 (42)
2205 5664 2294 5718 Sic
2330 5662 2454 5732 Seg.
2496 5661 2657 5724 Editi,
2696 5659 3047 5712 συνετίθοντο.

2375 3763 2445 3802 an
2508 3747 2707 3801 Filium
2789 3745 3137 3810 substantia,
3195 3744 3570 3815 Spiritumque
3641 3780 3653 3795 .
