3966 6226
399 358 505 416 803

963 353 1021 406 S.
1059 347 1431 405 ATHANASII
1471 347 1622 403 OPP.
1662 340 1842 399 PARS
1878 341 1918 398 Ῑ.
1955 371 2022 380 —-
2058 335 2430 394 lllSTORlCA
2473 333 2560 390 ET
2600 331 3013 388 DOGMATICA.

3507 329 3610 384 806

402 471 657 528 stantiam
711 468 984 531 dixerant,
1011 465 1231 519 illorum
1293 462 1624 525 doctrinam,
1652 465 1815 530 prout
1845 472 1966 510 eam

2081 454 2161 506 καὶ
2221 447 2636 520 ἀνεθεματίζετο
2705 446 2834 516 παρ’
2889 441 3212 514 ἀμφοτέρων
3275 440 3383 494 τῶν
3449 440 3627 512 μερῶν

407 560 744 632 interpretati
825 557 1062 620 fuerant,
1119 553 1512 625 proﬁtebantur
1566 570 1581 605 :
1641 560 1697 604 et
1753 549 1969 617 utrique

409 655 594 708 Arium
623 661 889 722 tanquam
919 647 1125 703 Christi
1158 647 1392 711 hostem,
1428 642 1725 698 Sabellium
1753 641 1878 694 item
1907 655 1970 693 ac

405 745 632 800 Paulum
678 743 1124 797 Samosatensem
1174 737 1320 792 velut
1369 735 1591 804 impios,
1623 731 1968 787 Valentinum

408 845 462 891 et
489 833 774 890 Basilidem
807 840 867 887 ut
894 831 1100 886 alienos
1132 845 1162 884 a
1194 825 1814 894 veritate,Manichaeum
1842 834 1971 877 vero

410 935 469 980 ut
507 924 775 980 malorum
828 925 1188 985 inventorem,
1244 917 1588 972 anathemate
1620 915 1967 970 damnarunt.

408 1018 614 1074 Omnes
644 1017 898 1086 denique,
927 1014 1021 1069 Dei
1057 1011 1250 1084 gratia,
1283 1017 1409 1080 post
1452 1006 1764 1078 hujusmodi
1802 1005 1972 1060 inter-

413 1107 771 1179 pretationes,
809 1120 920 1160 una
964 1104 1290 1158 conﬁtentur
1334 1097 1644 1155 istiusmodi
1693 1094 1971 1150 vocabulis

411 1198 844 1267 praestantiorem
895 1193 1398 1262 accuratioremque
1423 1191 1590 1262 618
1639 1204 1761 1245 esse
1813 1188 1972 1242 ﬁdem

412 1306 440 1345 a
497 1289 750 1344 Patribus
791 1287 983 1342 Nicaaae
1062 1286 1494 1356 promulgatam;
1541 1293 1702 1352 atque
1755 1281 1972 1336 demum

413 1379 556 1434 illius
592 1378 756 1432 verba
789 1374 1035 1431 suﬂicere
1070 1374 1288 1436 debere,
1323 1373 1498 1441 iisque
1545 1370 1801 1425 utendum
1830 1383 1972 1422 esse.

485 1469 536 1523 7.
571 1466 674 1522 Sed
741 1482 863 1522 cum
923 1466 1087 1521 etiam
1116 1465 1183 1518 de
1221 1461 1520 1518 Salvatoris
1603 1459 1975 1516 incarnatione

412 1560 658 1615 nonnulli
691 1560 830 1613 inter
855 1574 913 1614 se
961 1558 1172 1627 litigare
1216 1555 1550 1618 viderentur,
1599 1561 1860 1622 utrosque
1892 1551 1976 1605 in-

412 1651 808 1721 terrogavimus
839 1666 851 1701 :
883 1658 997 1702 tum
1023 1647 1168 1718 quod
1213 1647 1305 1700 alii
1330 1644 1747 1706 conﬁtebantur,
1780 1643 1834 1697 in
1873 1642 1978 1696 hoc

2073 543 2288 614 Ἀρειός
2317 558 2375 594 τε
2403 540 2480 603 ὡς
2509 537 2904 609 Χριπομάχος,
2933 533 3027 587 καὶ
3056 532 3341 594 Σαῦἐλλιος
3363 531 3457 584 καὶ
3485 530 3632 584 Παῦ-

2069 633 2160 697 λος
2189 635 2218 686 ό
2251 631 2595 701 Σαμοσατεὺς
2623 627 2698 692 ὼς
2741 627 2958 689 ἀσεϐεῖς
2981 665 2996 690 ,
3031 627 3126 680 καὶ
3159 625 3509 688 Οὐαλεντῖνος
3542 623 3637 678 καὶ

2070 721 2382 792 Βασιλείδης
2409 720 2484 784 ὼς
2503 719 2768 789 ἀλλότριοι
2794 718 2893 789 τῆς
2920 716 3203 788 ἀληθείας,
3255 716 3551 785 Μανιχαῖος
3579 713 3636 768 δὲ

2070 817 2145 879 ὡς
2166 812 2460 885 ὲφευρετὴς
2488 811 2671 865 κακῶν
2692 825 2707 840 ·
2737 809 2937 874 πάντες
2967 827 3027 862 τε
3053 811 3119 879 τῇ
3146 808 3239 861 τοῦ
3271 807 3404 860 Θεοῦ
3431 807 3631 878 χάριτι,

2071 906 2167 959 καὶ
2197 904 2335 976 μετά
2373 903 2473 966 τὰς
2503 901 2755 964 τοιαύτας
2783 900 3077 971 ἑρμηνείας
3127 899 3259 968 ὁμοῦ
3305 897 3634 952 συντίθενται

2069 998 2178 1052 τῶν
2202 997 2455 1050 τοιούτων
2478 994 2674 1058 λέξεων
2709 993 2952 1064 βελτίονα
2970 993 3062 1045 καὶ
3085 989 3476 1063 ἀκριϐεστέραν
3501 986 3635 1043 εἶναι

2071 1091 2169 1162 τὴν
2197 1089 2253 1142 ὲν
2292 1088 2495 1158 Νικαίᾳ
2525 1085 2676 1157 παρά
2697 1085 2804 1139 τῶν
2827 1086 3083 1156 Πατὲρων
3110 1081 3523 1154 ὁμολογηθεῖσαν
3551 1082 3638 1134 πί-

2074 1200 2210 1246 στιν,
2234 1183 2328 1236 κα).
2350 1180 2442 1234 τοῦ
2474 1179 2661 1233 λοιποῦ
2709 1181 2823 1242 τοῖς
2862 1179 3065 1250 ταύτης
3105 1175 3389 1249 ἀρκεῖσθαι
3437 1177 3635 1247 μᾶλλον

2073 1278 2168 1334 καὶ
2195 1277 2426 1350 χρᾶσθαι
2454 1276 2565 1346 (45)
2600 1277 2855 1348 ῥήμασιν.

2143 1454 2197 1507 7.
2249 1453 2406 1507 Ἀλλά
2427 1450 2521 1504 καὶ
2545 1451 2606 1504 τὸ
2627 1451 2753 1522 περ).
2788 1449 2889 1520 τῆς
2921 1447 3064 1503 κατὰ
3115 1448 3290 1518 σάρκα
3335 1443 3639 1514 οἰκονομίας

2073 1546 2167 1602 τοῦ
2199 1547 2466 1618 Σωτῆρος,
2514 1543 2700 1614 ἐπειδὴ
2729 1543 2822 1595 καὶ
2853 1541 2981 1613 περὶ
3004 1540 3192 1593 τούτου
3231 1539 3446 1592 ἐδόκουν
3489 1535 3638 1606 φιλο-

2076 1641 2271 1692 νεικεῖν
2291 1654 2432 1700 τινες
2457 1635 2592 1707 πρὸς
2614 1634 2891 1705 ἀλλήλους,
2914 1631 3274 1703 ἀνεκρίναμεν
3300 1629 3394 1682 καὶ
3420 1627 3639 1689 τούτους

411 1742 500 1795 alii
527 1713 743 1812 quoque
777 1713 1212 1804 consentiebant,
1246 1751 1437 1806 nempe
1461 1751 1567 1790 non
1591 1736 1734 1789 sicut
1762 1734 1814 1788 in
1853 1747 1977 1802 pro-

2081 1729 2359 1792 κάκείνους
2383 1769 2398 1792 ,
2434 1727 2526 1780 καὶ
2559 1726 2700 1796 ἆπερ
2737 1723 3046 1794 ὡμολόγουν
3073 1713 3217 1774 οὗτοι
3242 1758 3256 1781 ,
3311 1717 3640 1770 συνετίθεντο

411 1795 676 1902 ρὴειάεί
726 1829 931 1884 factum
986 1837 1070 1883 est
1098 1795 1352 1881 .Verbum
1374 1795 1389 1806 -
1412 1825 1629 1880 Domini
1654 1825 1699 1891 ⁷,
1732 1844 1751 1876 ι
1785 1795 1973 1878 eodem

2081 1822 2336 1882 κάκεῖνοι,
2368 1819 2448 1871 ὅτι
2481 1817 2579 1886 οὐχ
2610 1795 2720 1886 (44)
2753 1813 2826 1876 ὡς
2875 1814 2954 1875 είς
2985 1810 3108 1873 τοὺς
3152 1809 3432 1879 προφήτας
3471 1825 3488 1856 ι
3522 1807 3641 1874 ἐγέ-

420 1921 586 1976 modo
648 1921 703 1974 in
757 1929 1006 1975 sanctum
1062 1916 1334 1971 hominem
1385 1917 1440 1971 in
1509 1913 1977 1971 consummatione

411 2013 736 2068 saeculorum
762 2009 1050 2064 advenisse
1083 2027 1096 2064 :
1125 2010 1219 2064 sed
1255 2009 1430 2078 ipsum
1468 2006 1705 2062 Verbum
1755 2021 1975 2068 carnem

411 2100 614 2157 factum
635 2114 777 2163 esse,
809 2109 1012 2156 etcum
1053 2099 1106 2154 in
1163 2098 1335 2154 forma
1394 2098 1490 2153 Dei
1529 2107 1691 2161 esset,
1746 2096 1976 2152 formam

412 2191 554 2246 servi
600 2191 898 2260 accepisse,
951 2205 1017 2244 ac
1073 2205 1141 2244 ex
1186 2189 1354 2244 Maria
1407 2189 1706 2243 secundum
1755 2201 1974 2243 carnem

2075 1931 2194 1967 νετο
2225 1913 2254 1964 6
2273 1911 2442 1979 Λόγος
2471 1907 2694 1980 Κυρίου,
2738 1925 2755 1956 ι
2789 1903 2929 1958 οῦτω
2961 1902 3053 1956 καὶ
3082 1902 3162 1964 είς
3189 1900 3340 1969 ἅγιον
3359 1898 3638 1969 ἄνθρωπον

2077 2003 2403 2074 ὲνεδήμησεν
2437 1999 2530 2052 ἐπὶ
2561 1996 2834 2067 συντελείᾳ
2865 1995 2973 2048 τῶν
3003 1992 3231 2054 αἰώνων,
3274 1990 3388 2044 ἀλλ’
3418 1990 3583 2053 αὐτὸς
3613 1991 3641 2041 6

2075 2095 2244 2162 Λόγος
2294 2092 2428 2164 σὰρξ
2466 2091 2678 2159 ἐγένετο
2702 2107 2714 2120 ο
2744 2089 2838 2141 καὶ
2872 2088 2928 2139 ὲν
2965 2089 3144 2156 μορφῇ
3172 2082 3306 2136 Θεοῦ
3361 2081 3638 2152 ὑπάρχων,

2078 2186 2234 2240 ἔλαϐε
2274 2185 2460 2239 δούλου
2503 2181 2751 2254 μορφὴν,
2808 2179 2871 2232 ἐκ
2914 2195 2972 2231 τε
3004 2179 3102 2248 τῆς
3133 2175 3350 2246 Μαρίας
3390 2175 3451 2227 τὸ
3501 2173 3638 2227 κατά

412 2293 628 2352 propter
654 2297 754 2337 nos
781 2282 1055 2336 hominem
1082 2297 1204 2338 esse
1236 2281 1464 2346 factum,
1488 2291 1542 2336 et
1566 2282 1647 2336 sic
1679 2282 1977 2336 humanum

2081 2278 2257 2350 σάρκα
2275 2276 2563 2346 γεγένηται
2612 2272 2721 2342 (45)
2761 2269 3043 2340 ἄνθρωπος
3087 2267 3153 2320 δι’
3195 2268 3341 2337 ἡμᾶς
3358 2264 3493 2336 (45),
3549 2263 3640 2318 καὶ

411 2393 582 2448 genus
607 2378 659 2430 in
682 2378 800 2446 ipso
827 2378 1033 2446 integre
1054 2391 1117 2431 ac
1139 2373 1377 2445 perfecte
1403 2389 1433 2428 a
1455 2381 1676 2443 peccato
1692 2372 1976 2426 liberatum

2081 2371 2218 2425 οῦτω
2249 2369 2468 2430 τελείως
2501 2367 2594 2420 καὶ
2643 2363 2950 2434 ὁλοκλήρως
2991 2361 3052 2414 τὺ
3096 2358 3431 2429 ἀνθρώπινον
3489 2357 3640 2425 γένος

412 2447 469 2521 in
495 2483 720 2539 regnum
742 2468 1007 2523 cmlorum
1031 2467 1323 2522 introduci.
1357 2465 1472 2522 Hoc
1499 2467 1626 2520 item
1655 2467 1977 2536 proﬁteban-

2081 2459 2521 2532 ὲλευθερούμενον
2551 2456 2658 2511 ἀπὸ
2683 2459 2780 2527 τῆς
2807 2454 3078 2524 ἁμαρτίας
3100 2453 3156 2504 ὲν
3189 2449 3354 2519 αὐτῷ,
3381 2450 3474 2502 καὶ
3501 2447 3641 2539 ζωο-

417 2569 528 2622 tur,
556 2573 662 2612 non
690 2575 888 2629 corpus
914 2560 1274 2614 inanimatam
1299 2567 1392 2614 aut
1416 2573 1612 2614 sensus
1637 2573 1851 2627 expers,
1887 2567 1977 2612 aut

2081 2553 2396 2624 ποιούμενον
2437 2553 2500 2604 ἐκ
2537 2548 2644 2601 τῶν
2685 2545 2894 2616 νεκρῶν
2913 2586 2928 2610 ,
2953 2545 3226 2610 εἰσάγεται
3250 2544 3328 2605 είς
3359 2541 3457 2612 τὴν
3489 2538 3643 2609 βασι-

414 2658 599 2703 mente
631 2664 824 2703 carens
885 2648 1216 2703 Salvatorem
1277 2647 1549 2702 habuisse.
1603 2643 1788 2715 Neque
1811 2645 1976 2710 enim,

2081 2645 2229 2697 λείαν
2291 2641 2398 2696 τῶν
2444 2638 2708 2710 οὐρανῶν.
2775 2636 3096 2707 Ὦμολόγουν
3146 2635 3252 2704 γὰρ
3305 2633 3400 2686 καὶ
3450 2629 3640 2691 τοῦτο,

417 2741 655 2808 aiebant,
701 2740 960 2809 possibile
1011 2749 1150 2807 erat,
1173 2739 1404 2796 Domino
1436 2755 1532 2809 pro
1566 2739 1723 2794 nobis
1763 2739 1977 2792 homine

2081 2737 2158 2788 ὅτι
2195 2733 2304 2802 (46)
2338 2733 2398 2786 ού
2426 2731 2584 2801 σῶμα
2605 2729 2828 2798 ἄψυχον,
2855 2726 2961 2780 οὐδ’
2981 2725 3322 2793 ἀναίσθητον,
3350 2721 3457 2776 οὐδ’
3488 2721 3634 2790 ἀνόη-

415 2828 576 2894 facto,
611 2845 809 2899 corpus
843 2829 961 2898 ejus
993 2830 1110 2885 sine
1139 2842 1318 2885 mente
1343 2830 1606 2885 exsistere
1641 2846 1656 2884 :
1695 2843 1802 2883 non
1835 2828 1977 2882 enim

2081 2844 2167 2880 τον
2189 2821 2331 2896 εἶχεν
2359 2827 2386 2876 ό
2416 2823 2624 2894 Σωτήρ.
2659 2820 2790 2874 Οὐδὲ
2817 2818 2924 2889 γὰρ
2953 2813 3063 2872 οἷόν
3089 2835 3148 2869 τε
3179 2812 3247 2890 ἦν
3267 2855 3280 2878 ,
3318 2814 3410 2868 τοῦ
3440 2813 3640 2884 Κυρίου

411 2919 657 2988 corporis
678 2919 964 2984 duntaxat,
1008 2919 1101 2973 sed
1136 2919 1301 2973 etiam
1334 2920 1529 2972 anima:
1568 2919 1622 2972 in
1663 2917 1782 2987 ipso
1805 2917 1980 2970 Verbo

416 3010 568 3063 salus
600 3007 741 3063 facta
791 3017 909 3062 est:
940 3019 994 3063 et
1048 3025 1170 3064 cum
1200 3025 1326 3063 vere
1358 3008 1397 3062 F
1403 3010 1528 3064 ilius
1581 3009 1674 3063 Dei
1705 3017 1869 3075 esset,
1898 3008 1978 3061 fa-

2078 2919 2144 2971 δι’
2175 2919 2324 2989 ἡμᾶς
2353 2914 2637 2987 ἀνθρώπου
2662 2912 2972 2983 γενομένου,
2998 2910 3220 2980 ἀνόητον
3246 2903 3466 2961 εἶναιτὸ
3489 2905 3643 2976 σῶμα

2079 3009 2263 3073 αὑτοῦ,
2294 3007 2414 3060 οὐδὲ
2442 3005 2689 3076 σώματος
2715 3004 2896 3074 μόνου,
2937 3001 3068 3055 ἀλλά
3097 3002 3191 3055 καὶ
3214 3000 3388 3071 ψυχῆς
3409 3001 3466 3052 ἐν
3495 2998 3643 3068 αὐτῷ

411 3111 533 3154 ctus
553 3109 634 3154 est
653 3111 707 3154 ct
749 3101 894 3154 ﬁlius
927 3102 1165 3155 hominis
1194 3119 1206 3153 :
1238 3117 1475 3170 cumque
1499 3101 1810 3170 unigenitus
1836 3110 1977 3156 esset

2081 3100 2157 3172 τῷ
2179 3101 2334 3171 Λόγῳ
2358 3098 2600 3170 σωτηρία
2639 3097 2858 3166 γέγονεν
2884 3113 2897 3126 ·
2934 3095 3058 3158 Υἱός
3091 3111 3148 3147 τε
3177 3093 3251 3146 ὢν
3291 3093 3506 3164 ἀληθῶς
3547 3091 3642 3144 τοῦ

414 3192 585 3245 Filius
615 3190 729 3254 Dei,
780 3191 956 3246 factus
997 3201 1081 3246 est
1114 3192 1228 3262 ipse
1282 3191 1680 3262 primogenitus
1711 3192 1765 3244 in
1796 3189 1981 3244 multis

413 3280 689 3335 fratribus.
717 3279 1082 3346 Quamobrem
1139 3297 1246 3336 non
1299 3281 1439 3336 alius
1483 3289 1599 3336 erat
1642 3289 1767 3335 ante
1805 3280 1981 3333 Abra-

411 3371 538 3425 ham
570 3369 742 3426 Filius
764 3371 882 3435 Dei,
919 3372 1061 3426 alius
1092 3382 1219 3441 post
1277 3373 1549 3428 Abraham
1587 3391 1601 3426 ι
1634 3387 1813 3441 neque
1839 3372 1981 3426 alius

411 3471 530 3517 erat
549 3463 642 3532 qui
675 3461 940 3516 Lazarum
965 3463 1275 3528 suscitavit,
1315 3463 1457 3518 alius
1482 3478 1612 3518 vero
1639 3463 1733 3533 qui
1769 3463 1836 3517 de
1890 3463 1982 3516 illo

414 3553 768 3622 interrogavit
803 3553 932 3607 :sed
982 3551 1125 3608 idem
1177 3551 1292 3622 ipse
1318 3561 1434 3608 erat
1458 3553 1552 3623 qui
1589 3553 1826 3608 humane
1855 3552 1981 3622 qui-

483 3665 505 3696 ⁷
538 3662 649 3719 Jer.
682 3678 722 3730 ι,
753 3665 811 3724 2,
848 3665 1143 3732 4,“,15.

415 3772 597 3896 cog?)
639 3773 763 3844 Seg.
798 3773 964 3830 Basil.
1003 3774 1315 3831 Goblerian.
1371 3776 1622 3848 χρᾶσθαι.
1651 3775 1814 3843 Editi,
1841 3776 1980 3847 χρῆ-

489 3913 601 3983 (44)
645 3911 736 3968 Sic
759 3929 950 3970 omnes
968 3930 1099 3970 mss.
1125 3923 1180 3969 et
1199 3915 1283 3970 ed.
1305 3914 1480 3972 Paris.
1522 3916 1580 3971 ln
1609 3917 1736 3972 edit.
1760 3915 1976 3971 Comm.

411 3983 514 4036 οὐκ
546 3987 646 4064 εἰς,
671 3986 830 4064 male.
870 3984 1102 4064 _S_eguer._
1137 3985 1299 4039 habet
1323 3987 1436 4056 οὐχ’
1465 4003 1588 4064 eum
1628 3988 1978 4058 apostropha,

413 4054 572 4124 quasi
599 4057 666 4106 ab
691 4055 809 4124 οὐχί
837 4054 973 4108 eliso
1002 4063 1055 4108 et
1090 4057 1162 4124 ita
1191 4054 1591 4124 semper‘alias.

487 4122 598 4189 (45)
639 4124 713 4177 Ita
747 4123 870 4194 Seg.
915 4135 1081 4179 recte.
1127 4123 1267 4180 Editi
1301 4122 1428 4181 vero
1468 4137 1524 4182 et
1560 4127 1761 4190 caeteri,-
1797 4126 1982 4195 γεγέν-

637 4260 1006 4316 Edit.Comm.
1033 4263 1174 4336 male
1204 4263 1341 4336 οὔτι.
1364 4264 1494 4336 Mox
1521 4265 1683 4336 editi,
1704 4263 1976 4336 αἰσθητόν.

417 4327 527 4406 Sed
579 4327 772 4386 omnes
808 4334 1198 4406 ‘manuseripti,
1249 4331 1591 4406 ἀναίσθητον.
1643 4327 1766 4389 lianc
1817 4327 1979 4403 porro

415 4399 589 4484 verba.
635 4416 756 4483 esse
793 4399 1116 4484 Apollinarii
1145 4399 1646 4484 legatorumipatet
1688 4423 1753 4460 ex
1807 4399 1978 4474 ipsius

414 4469 737 4538 Apollinarii
783 4463 1010 4544 epistola
1045 4472 1110 4544 ad
1140 4463 1425 4544 episcopos
1451 4463 1976 4530 'D'iocatsareaa'con-
2009 4463 2052 4518 D

417 4548 686 4614 gregatos,
713 4541 853 4614 apud
893 4540 1190 4614 Leontium—
1223 4540 1601 4614 Byzantinum,
1633 4546 1769 4598 libro
1796 4545 1978 4598 adver-

415 4625 503 4661 sus
527 4609 740 4682 fraudes
771 4609 1295 4682 Apollinaristarum',
1327 4629 1489 4682 quam
1517 4609 1604 4668 hic
1626 4616 1827 4668 referre
1851 4630 1979 4682 ope-

416 4694 490 4732 rae
525 4680 758 4756 pretium
795 4679 977 4746 fuerit,
1006 4683 1152 4750 quod
1198 4683 1264 4736 ad
1310 4679 1424 4739 haec
1461 4685 1804 4756 intelligenda
1839 4679 2004 4755 m'uI-.

419 4757 534 4802 tum
561 4748 827 4803 conferat.

451 4832 666 4872 DOIINIS
693 4834 814 4874 IEIS
835 4833 1274 4877 HONORATISSIIIS
1299 4837 1561 4878 EPISCOPIS
1585 4837 1941 4880 DIOCBSAREtE

503 4909 522 4927 ο
905 4905 956 4942 IN
989 4904 1188 4945 DOIINO
1227 4907 1492 4947 SALUTEM.

487 4955 955 5025 Exspectabamus,
991 4961 1182 5013 litteris
1218 4963 1410 5015 nostris
1440 4963 1508 5015 ad
1554 4979 1642 5016 vos
1691 4963 1886 5023 missis,
1921 4970 1978 5015 ut

415 5028 663 5101 similiter
691 5044 724 5080 a
751 5037 924 5101 vestra
954 5029 1210 5101 charitate
1236 5032 1438 5085 litteras
1472 5034 1842 5101 acciperemus,
1875 5031 1981 5085 Do-

417 5099 549 5171 mini
588 5097 1005 5171 honoratissimi,
1047 5101 1228 5171 quales
1271 5117 1470 5170 semper
1500 5119 1532 5154 a
1560 5097 1708 5156 beato
1743 5104 1978 5171 episropo

419 5168 710 5242 Athanasio
750 5169 1036 5242 accipimus
1067 5185 1085 5220 :
1111 5170 1199 5238 qui
1229 5173 1325 5223 scit
1356 5168 1448 5242 nos
1471 5181 1520 5225 et
1552 5173 1606 5224 in
1647 5168 1977 5242 dogmatibus

417 5253 534 5310 cum
566 5239 679 5307 ipso
710 5239 1020 5301 consentire,
1045 5247 1098 5310 et
1125 5244 1177 5292 in
1220 5240 1457 5294 omnibus
1490 5258 1679 5294 ntorem
1708 5239 1754 5295 ei
1783 5258 1976 5310 gerere.

421 5305 559 5387 Quia
587 5305 717 5387 ivero
764 5324 866 5387 non
890 5309 1255 5387 rescripsistis,
1286 5311 1580 5363 existimavi
1608 5305 1830 5379 fortasse
1858 5327 1980 5380 pro-

418 5376 684 5431 lixitatem
712 5377 949 5445 epistola:
975 5394 1073 5430 non
1099 5379 1393 5432 declarasse
1410 5383 1549 5433 vobis
1577 5376 1811 5433 nostram
1839 5376 1980 5433 men-

421 5456 522 5497 tem
550 5463 612 5498 ac
640 5448 969 5500 sententiam.
1006 5446 1089 5500 Eu
1125 5449 1266 5502 clare
1320 5451 1594 5502 scribimus
1634 5459 1978 5503 consentanea

421 5517 680 5589 communi
721 5518 984 5589 magistro
1006 5528 1185 5571 nostra
1209 5529 1258 5572 et
1284 5530 1468 5572 vestro.
1511 5521 1634 5573 Dico
1678 5522 1841 5589 igitur
1867 5521 1979 5573 hwc

421 5583 482 5634 de
513 5585 691 5658 divina
722 5583 1103 5658 incarnatione,
1143 5589 1559 5658 quandoquidem
1589 5590 1651 5643 de
1674 5583 1753 5643 his
1783 5594 1978 5643 multus

423 5653 677 5704 tumultus
707 5671 808 5728 nhon
838 5671 870 5728 ᾳ
903 5655 1069 5722 nobis,
1099 5653 1188 5710 sed
1223 5659 1286 5710 ab
1307 5653 1450 5720 aliis.
1479 5677 1605 5728 quos
1641 5671 1804 5720 taceo,
1834 5665 1976 5713 exci-

423 5730 565 5774 tatus
591 5731 687 5777 est.
712 5721 1054 5790 Conﬁtentur,
1087 5743 1187 5780 non
1227 5729 1293 5780 all
1323 5721 1579 5783 hominem
1617 5742 1855 5785 sanctum
1901 5748 1976 5785 ve-

2082 3190 2236 3256 Θεοῦ,
2271 3190 2457 3258 γέγονε
2487 3188 2580 3242 καὶ
2605 3188 2717 3251 υἱὸς
2745 3186 3029 3257 ἀνθρώπου
3052 3199 3065 3212 ·
3112 3184 3207 3237 καὶ
3256 3183 3544 3254 μονογενὴς
3570 3183 3644 3236 ὢν

2083 3282 2210 3345 Υἱὸς
2237 3281 2330 3334 τοῦ
2363 3279 2518 3344 Θεοῦ,
2550 3279 2768 3349 γέγονεν
2791 3278 2819 3329 6
2870 3277 3032 3340 αὐτὸς
3083 3277 3176 3329 καὶ
3206 3276 3547 3347 πρωτότοκος
3587 3275 3642 3327 ὲν

2082 3375 2293 3438 πολλοῖς
2319 3374 2584 3442 ἀδελφοῖς.
2622 3370 2712 3424 Διὸ
2736 3369 2848 3424 οὔθ’
2882 3369 2991 3439 (47)
3016 3368 3201 3440 ἕτερος
3237 3369 3335 3439 μὲν
3374 3363 3441 3436 ἦν
3472 3370 3500 3420 6
3538 3366 3646 3438 πρὸ

2080 3465 2173 3519 τοῦ
2203 3464 2448 3535 Ἀϐραὰμ
2464 3463 2588 3527 Υἱὸς
2604 3463 2696 3516 τοῦ
2712 3460 2866 3524 Θεοῦ,
2887 3459 3070 3530 ἕτερος
3094 3459 3150 3511 δὲ
3171 3462 3199 3512 6
3221 3459 3356 3530 μετά
3372 3457 3640 3528 Ἀϐραάμ·

2081 3558 2189 3611 οὐδ’
2220 3558 2405 3628 ἕτερος
2434 3557 2530 3628 μὲν
2553 3551 2620 3627 ἦν
2651 3557 2680 3609 6
2699 3554 2788 3608 τὸν
2815 3551 3064 3626 Λάζαρον
3087 3552 3304 3624 ἐγείρας
3327 3593 3341 3613 ,
3375 3552 3558 3622 ἕτερος
3589 3551 3645 3603 δὲ

2081 3781 2218 3834 uisse
2259 3772 2478 3833 Verbum
2507 3777 2622 3839 Dei,
2655 3776 2794 3847 quod
2822 3789 2932 3830 erat
2965 3777 3019 3830 in
3043 3776 3327 3846 prophetis,
3355 3775 3444 3829 sed
3469 3777 3640 3847 ipsum

2093 3850 2316 3903 Verbum
2340 3865 2547 3902 carnem
2575 3846 2772 3917 factum
2804 3864 2913 3900 esse
2939 3863 3040 3900 non
3061 3858 3328 3915 assumpta
3354 3846 3643 3917 menteqhu-

2082 3937 2259 3980 mana,
2299 3928 2466 3972 mente
2501 3915 2764 3980 mutabili,
2795 3933 2932 3986 quae,
2973 3917 3207 3985 turpibus
3231 3915 3639 3986 cogitationibus

2082 3991 2286 4057 capfiva
2317 3989 2548 4051 ducitur,
2572 3987 2659 4041 sed
2685 3985 2864 4040 divina
2890 3997 3074 4048 mente,
3102 3985 3438 4049 immutabili,
3465 3995 3512 4038 et
3537 4000 3639 4037 τω-

2081 4060 2218 4112 lesti.
2257 4057 2604 4122 Quamobrem
2667 4073 2766 4109 non
2818 4073 3003 4125 corpus
3055 4057 3423 4125 inanimatam,
3478 4070 3635 4125 neque

2081 4145 2236 4182 sensu
2277 4138 2326 4181 et
2370 4127 2716 4196 intelligentia
2743 4122 2963 4179 vacuum
3010 4126 3188 4178 habuit
3226 4122 3489 4178 Salvator.
3527 4123 3636 4196 Nec

2080 4200 2218 4252 enim
2263 4198 2378 4265 ﬁeri
2409 4195 2630 4264 poterat,
2668 4206 2722 4249 ut
2750 4205 2864 4249 cum
2901 4196 3152 4248 Dominus
3191 4204 3400 4265 propter
3431 4210 3522 4248 nos
3553 4195 3636 4265 fa-

2081 4278 2193 4320 ctus
2221 4263 2352 4321 esset
2389 4266 2584 4334 homo,”
2602 4281 2788 4334 corpus
2825 4267 2937 4334 ejus
2965 4277 3092 4317 esset
3138 4266 3245 4334 sine
3274 4263 3638 4334 intelligentia.

2082 4337 2214 4391 Cum
2246 4344 2376 4390 esset
2399 4350 2510 4388 vere
2541 4331 2714 4388 Filius
2742 4331 2858 4404 Dei,
2880 4335 3049 4404 factas
3077 4347 3149 4404 est
3177 4332 3352 4387 Filius
3375 4331 3638 4404 hominis:

2081 4416 2129 4461 et
2155 4422 2271 4459 cum
2292 4415 2421 4458 esset
2453 4406 2746 4474 unigenitus
2765 4403 2810 4456 F
2815 4403 2938 4458 ilius
2968 4403 3088 4474 Dei_,_
3109 4403 3280 4471 factus
3305 4413 3379 4456 est
3402 4403 3512 4470 ipse
3530 4403 3642 4472 pri-

2080 4477 2369 4544 mogenitus
2420 4475 2473 4527 in
2525 4472 2704 4544 multis
2737 4474 3011 4542 fratribus.
3047 4472 3192 4526 Unde
3234 4488 3334 4525 non
3359 4473 3495 4544 alius
3525 4482 3638 4526 erat

2081 4545 2129 4598 F
2134 4542 2255 4598 ilius
2289 4544 2384 4597 Dei
2412 4553 2530 4596 ante
2556 4543 2842 4603 Abraham,
2879 4543 3017 4596 alius
3045 4559 3161 4596 vero
3190 4554 3300 4608 post
3331 4542 3595 4594 Abraham
3621 4556 3640 4596 :

2078 4615 2167 4668 sed
2188 4632 2320 4666 unus
2346 4614 2603 4682 perfectus
2627 4614 2920 4683 unigenitus
2947 4612 3059 4675 Dei,
3083 4614 3338 4683 perfectus
3364 4624 3535 4683 autem
3559 4611 3643 4664 tli-

2078 4686 2197 4738 vina
2224 4681 2555 4750 perfectiOne,
2581 4692 2629 4735 et
2656 4681 2756 4736 non
2785 4683 3034 4734 humana.
3056 4681 3189 4735 Cum
3218 4683 3284 4734 iis
3314 4683 3402 4750 qui
3424 4682 3503 4750 sic
3526 4697 3644 4733 sen-

2079 4756 2239 4812 tiunt.
2273 4749 2581 4821 conﬁtemur
2605 4768 2696 4805 nos
2723 4753 3135 4806 communionem
3161 4749 3366 4804 habere.
3394 4749 3527 4803 Cum
3573 4753 3640 4803 iis

2077 4840 2195 4878 vero
2233 4825 2323 4893 qui
2364 4833 2547 4893 contra
2577 4822 2802 4876 sentiunt
2849 4832 2896 4876 et
2926 4821 3195 4893 scribunt,
3223 4821 3640 4893 communionem

2079 4910 2181 4947 non
2205 4888 2476 4946 habemus.
2497 4888 2599 4944 Ubi
2625 4905 2816 4946 cmtera
2847 4891 3062 4961 quidem
3091 4891 3268 4961 omnia
3304 4899 3362 4942 ut
3389 4891 3474 4943 hic
3498 4891 3640 4959 apud

2077 4963 2433 5017 Athanasium
2467 4963 2738 5031 leguntur,
2770 4959 3017 5016 sed‘dum
3045 4961 3119 5014 ait
3158 4959 3388 5031 verbum
3424 4976 3532 5013 non
3554 4976 3640 5012 as-

2079 5032 2377 5101 sumpsisse
2422 5029 2654 5084 mentem
2705 5032 2996 5101 humanam
3043 5031 3135 5084 sed
3185 5029 3450 5101 divinam,
3492 5031 3641 5101 virus

2079 5099 2490 5157 suaa‘hacresens
2515 5102 2734 5170 detegit,
2766 5102 2908 5170 quod
2936 5100 3018 5154 his
3058 5109 3214 5170 antea
3243 5099 3434 5170 verbis
3454 5099 3638 5170 occul-

2079 5181 2240 5240 tarat,
2259 5173 2316 5222 οὐ
2345 5171 2501 5240 σῶμα
2524 5167 2749 5240 ἀψυῇον,
2775 5167 2881 5223 οὐδ’
2899 5169 3237 5240 ἀναίσθητον,
3273 5167 3380 5220 οὐδ’
3413 5167 3643 5236 ἀνόητον

2079 5237 2221 5311 εἶχεν
2250 5241 2277 5292 6
2311 5237 2519 5312 Σωτῆρ,
2563 5237 2746 5308 corpus
2793 5257 2917 5312 non
2939 5237 3309 5312 inanimatam,
3343 5251 3640 5312 necAsensus

2077 5305 2280 5378 θέρει-ε,
2316 5326 2407 5362 nec
2437 5305 2602 5364 mente
2627 5305 2808 5363 carens
2831 5309 3008 5362 habuit
3042 5309 3326 5378 Salvator;
3355 5305 3504 5378 vafre
3533 5306 3641 5363 sci-

2080 5377 2204 5434 licet
2235 5395 2299 5434 ac
2327 5379 2552 5433 subdole
2595 5379 2963 5448 intelligendo,
2993 5388 3226 5432 mentem
3269 5377 3505 5431 divinam
3532 5390 3642 5448 so-

2081 5451 2190 5504 lum
2222 5451 2398 5504 inesse
2430 5448 2664 5504 Christo.
2701 5445 2818 5515 Qua
2860 5449 2926 5503 de
2951 5464 3008 5503 re
3037 5449 3232 5502 iterum
3265 5458 3454 5516 agetur
3479 5445 3546 5498 ad
3576 5445 3641 5499 li-

2081 5521 2209 5574 liras
2249 5528 2435 5573 contra
2471 5519 2886 5588 Apollinarium.

2153 5589 2263 5652 (£7)
2308 5583 2554 5656 Segnerl,
2585 5587 2726 5644 οὔτε.
2758 5587 2878 5641 Mox
2913 5588 2964 5640 in
2993 5586 3178 5640 eodem
3214 5583 3307 5656 τοῦ
3334 5584 3485 5656 deest
3518 5591 3641 5656 ante

2093 5647 2357 5729 Ἀϐραάμ.
2380 5647 2509 5711 ’Μυκ
2544 5647 2681 5713 idem
2714 5667 2766 5714 et
2799 5657 2983 5725 Basi|.,
3015 5657 3198 5725 ’ἐτε-ρος
3222 5655 3319 5724 μὲν
3339 5647 3426 5725 ἦν.
3457 5655 3514 5706 In
3537 5653 3619 5708 edi

2082 5730 2151 5784 tis
2190 5728 2287 5797 μέν
2322 5732 2492 5784 ἀει-δι.
