3966 6226
288 333 393 389 805

1462 327 1699 387 TOMUS
1736 329 1829 384 AD
1867 326 2377 384 ANTIOGHENOS.

3441 327 3551 385 808

285 459 315 511 ό
346 456 752 527 πυνθανόμενος
774 455 900 528 περὶ
931 454 1097 509 αὑτοῦ
1125 472 1137 486 ·
1161 454 1274 509 ἀλλ’
1302 454 1332 507 ὁ
1359 454 1520 518 αὐτὸς
1554 450 1621 528 ἦν
1653 454 1863 526 ἀνθρω-

1978 453 2089 507 lem
2111 450 2363 507 dicebat:
2392 467 2410 501 ‹
2456 448 2560 505 Ubi
2591 449 2808 521 positus
2832 459 2917 506 est
2960 446 3202 507 Lazarus
3226 447 3288 502 εἳ
3320 468 3339 502 ι
3373 458 3427 506 et
3454 448 3551 520 qui

288 551 454 613 πίνως
491 551 589 621 μὲν
631 549 804 617 λέγων
829 588 844 613 ,
881 567 898 599 ι
936 547 1047 601 Ποῦ
1085 546 1333 619 Λάζαρος
1363 549 1570 612 κεῖται;
1618 567 1635 598 ι
1668 546 1865 609 θεῖκῶς

287 642 342 694 δὲ
370 640 558 694 τοῦτον
588 639 887 710 ἀνεγείρων
911 638 1022 708 (48)
1044 654 1058 669 ο
1086 640 1114 691 ὁ
1147 637 1309 701 αὐτὸς
1338 636 1397 690 δὲ
1437 632 1506 706 ἦν
1542 634 1867 706 σωματικῶς

294 732 388 802 μὲν
410 730 487 795 ὡς
511 728 795 801 ἄνθρωπος
816 728 1021 793 πτύων,
1043 727 1241 793 θεῖκῶς
1274 718 1331 781 δὶ
1358 728 1433 791 ὡς
1453 727 1581 791 Υίδς
1606 727 1701 781 τοῦ
1730 725 1865 779 Θεοῦ

290 824 521 892 ἀνοίγων
547 824 673 887 τοὺς
700 821 1012 893 ὀφθαλμοὺς
1035 822 1129 875 τοῦ
1162 824 1227 875 ὲκ
1252 821 1476 891 γενετῆς
1513 818 1713 889 τυφλοῦ
1735 838 1747 849 ·
1775 820 1867 873 καὶ

294 918 455 989 σαρκὶ
511 917 608 987 μὲν
653 916 898 986 πάσχων,
950 916 1027 978 ὡς
1081 912 1232 969 εἶπεν
1266 916 1294 967 ό
1321 913 1549 985 Πέτρος,
1584 911 1780 975 θεῖκῶς
1809 912 1866 964 δὲ

292 1010 523 1078 ἀνοίγων
549 1007 618 1062 τὰ
653 1007 940 1078 μνήματα,
980 1005 1076 1059 καὶ
1124 1004 1421 1076 ἀνεγείρων
1460 1004 1587 1067 τοὺς
1619 1002 1863 1074 νεκρούς.

304 1099 393 1163 Ἐξ
425 1092 500 1152 ὧν
528 1098 621 1151 καί
648 1096 824 1150 πάντα
857 1096 925 1148 τά
956 1097 1015 1148 ὲν
1049 1095 1126 1167 τῷ
1147 1095 1463 1166 Εύαγγελίῳ
1500 1094 1642 1149 οὕτω
1686 1093 1868 1147 νοοῦν-

292 1209 402 1256 τες,
434 1190 497 1244 τὸ
530 1191 661 1243 αὐτὸ
683 1192 898 1261 φρονεῖν
925 1190 1053 1261 περὶ
1072 1189 1172 1260 τῆς
1200 1187 1530 1261 σαρκώσεως
1575 1189 1669 1242 καὶ
1710 1189 1865 1242 ἐναν-

294 1283 627 1355 θρωπήσεως
653 1280 746 1334 τοῦ
779 1280 952 1349 Λόγου
975 1278 1442 1333 διεϐεϐαιώσαντο.

362 1374 414 1429 8.
439 1374 656 1428 Τούτων
676 1374 854 1427 τοίνυν
891 1372 1064 1437 οὕτως
1099 1372 1538 1444 ὁμολογηθέντων
1562 1413 1576 1437 ,
1614 1389 1866 1444 παρακα-

293 1466 487 1538 λοῦμεν
509 1466 654 1537 ὑμᾶς
678 1467 805 1529 τοὺς
832 1465 930 1535 μὲν
957 1464 1127 1528 οὕτως
1160 1464 1549 1535 ὁμολογοῦντας
1574 1464 1668 1518 καὶ
1699 1466 1869 1535 ἑρμη-

292 1558 548 1621 νεύοντας
575 1556 688 1629 (49)
726 1556 868 1609 οὕτω
904 1554 1003 1619 τὰς
1029 1554 1222 1620 λέξεις,
1244 1555 1310 1618 ἃς
1333 1554 1569 1623 λέγουσι,
1595 1555 1668 1626 μὴ
1702 1573 1871 1609 κατα-

294 1650 507 1723 κρίνετε
527 1649 834 1723 προπετῶς,
868 1648 1001 1721 μηδὲ
1023 1648 1134 1719 (50)
1162 1647 1516 1712 ἀποϐάλλετε,
1556 1648 1693 1702 ἀλλὰ
1735 1647 1871 1720 μᾶλ-

293 1745 381 1799 λον
406 1742 788 1816 είρηνεύοντας
810 1742 906 1797 καὶ
955 1741 1421 1813 ἀπολογουμένους
1457 1739 1870 1812 προσλαμϐάνε-

1965 543 2224 619 divinitus
2253 543 2404 598 illum
2427 541 2683 598 excitavit
2713 559 2728 597 :
2754 541 2897 597 idem
2931 542 3047 613 ipse
3077 551 3194 598 erat
3221 542 3316 615 qui
3343 556 3547 611 con-po.

1965 639 2149 695 raliter
2173 638 2392 708 quidem
2421 645 2481 691 ut
2510 637 2675 691 homo
2700 636 2962 707 spuebat,
2990 636 3256 691 divinitus
3288 650 3420 690 vero
3438 676 3453 700 ,
3490 642 3552 689 ut

1966 730 2062 788 Dei
2089 729 2279 794 Filius,
2304 728 2581 800 aperiebat
2607 730 2797 785 oculos
2820 728 2947 783 caci
2976 728 3091 782 nati
3116 746 3129 781 ε
3153 736 3207 783 et
3234 741 3399 781 carne
3428 726 3549 795 qui-

1965 824 2090 880 dem
2132 823 2456 893 patiehatur,
2495 833 2555 878 ut
2615 822 2692 878 ait
2742 821 2937 876 Petrus
2975 823 3035 886 ⁸,
3060 820 3323 875 divinitus
3363 828 3546 873 autem

1967 921 2321 969 monumenta
2348 913 2627 983 aperiebat
2672 921 3028 982 mortuosque
3064 910 3384 966 suscitabat.
3444 911 3547 963 At-

1966 1020 2074 1078 que
2102 1007 2287 1063 omnia
2319 1006 2518 1077 quain
2546 1003 2844 1076 Evangelio
2874 1004 3145 1059 habentur
3169 1003 3358 1059 eadem
3390 1018 3547 1072 pror-

1968 1114 2065 1154 sus
2115 1098 2325 1153 ratione
2377 1096 2763 1167 intelligentes,
2823 1096 3159 1152 allirmarunt
3203 1108 3263 1150 se
3312 1094 3547 1164 idipsum

1967 1190 2168 1247 sentire
2203 1190 2269 1245 de
2294 1190 2666 1245 incarnatione
2690 1198 2746 1245 et
2772 1189 2839 1245 de
2861 1197 3142 1259 assumpta
3176 1202 3206 1241 a
3235 1184 3415 1243 Verbo
3444 1186 3551 1244 litt--

1967 1298 2129 1338 mana
2172 1290 2387 1336 natura.

2036 1375 2091 1430 8.
2116 1372 2252 1430 Cum
2279 1376 2394 1429 hac
2416 1374 2581 1445 igitur
2606 1372 2679 1427 ita
2705 1370 2943 1428 confessi
2979 1372 3108 1436 sint,
3142 1372 3429 1426 hortamur
3448 1386 3549 1427 vos

1967 1479 2037 1521 ne
2068 1480 2164 1521 eos
2194 1464 2415 1536 quidem
2439 1462 2531 1533 qui
2568 1463 2649 1518 sic
2676 1462 3000 1533 proﬁtentur
3020 1500 3037 1526 ,
3068 1470 3124 1515 et
3148 1475 3214 1515 eo
3240 1471 3403 1530 pacto
3436 1476 3551 1517 ver-

1968 1557 2035 1613 ba
2067 1572 2188 1628 qua
2218 1554 2533 1627 proferunt,
2572 1554 3020 1623 interpretantur,
3050 1558 3257 1607 temere
3285 1553 3513 1607 condem
3532 1581 3548 1591 -

1970 1665 2101 1704 nare
2128 1656 2223 1703 aut
2252 1648 2477 1718 rejicere
2498 1645 2673 1700 velitis
2692 1683 2708 1708 ,
2730 1644 2823 1699 sed
2854 1643 3058 1713 p0tius,
3098 1642 3251 1712 ipsos
3277 1642 3399 1713 paci
3432 1652 3550 1698 stu-

1969 1738 2159 1795 dentes
2186 1745 2240 1793 et
2264 1752 2384 1794 sese
2417 1746 2711 1807 purgantes
2738 1734 3032 1804 recipiatis.
3093 1733 3202 1789 Eos
3233 1743 3423 1790 contra
3453 1734 3547 1803 qui

295 1836 416 1890 σθε·
454 1803 584 1899 τοῦς
630 1835 689 1888 δὲ
716 1803 789 1907 μή
828 1803 1181 1906 βουλομένους
1229 1803 1398 1899 οὕτως
1446 1803 1727 1905 ὁμολογεῖν
1779 1835 1871 1887 καὶ

1978 1832 2089 1887 hac
2112 1830 2353 1901 proilteri
2381 1803 2436 1885 et
2455 1803 2617 1885 verba
2640 1827 2736 1882 tali
2761 1803 2922 1881 modo
2945 1825 3218 1897 explicare
3243 1827 3546 1889 renuerint,

291 1927 671 2001 διερμηνεύειν
702 1927 800 1989 τὰς
829 1926 1027 1994 λέξεις,
1044 1926 1268 1992 τούτους
1295 1927 1534 1981 κωλύετε
1563 1929 1656 1982 καὶ
1690 1928 1872 2000 ἐντρέ-

293 2039 445 2083 πετε,
478 2020 555 2085 ὡς
602 2020 875 2084 ὑπόπτους
925 2019 1002 2091 τῷ
1051 2021 1379 2091 φρονήματι.
1432 2021 1647 2075 Τούτων
1680 2039 1742 2075 τε
1797 2021 1870 2094 μὴ

291 2112 608 2184 ἀνεχόμενοι
635 2111 1028 2184 ωμὸουλεύετε
1054 2112 1326 2176 κάκείνοις
1357 2116 1469 2176 τοῖς
1501 2112 1676 2185 ὀρθῶς
1699 2114 1872 2186 ἑρμη-

293 2205 507 2259 νεύουσί
551 2222 612 2258 τε
646 2206 739 2258 καὶ
771 2204 1024 2277 φρονοῦσι
1060 2204 1223 2276 μηδὲν
1258 2203 1418 2258 πλέον
1446 2203 1705 2276 ἀλλήλους
1737 2205 1870 2258 ἀνα-

293 2296 502 2367 κρίνειν
535 2297 668 2369 μηδὲ
704 2298 1024 2368 λογομαχεῖν
1056 2296 1142 2349 ἐπ’
1192 2296 1344 2350 οὐδὲν
1387 2298 1655 2368 χρήσιμον
1683 2335 1698 2362 ,
1734 2298 1870 2368 μήτε

292 2391 411 2453 ταῖς
435 2388 714 2454 τοιαύταις
757 2390 933 2457 λέξεσι
969 2390 1364 2462 διαμάχεσθαι,
1406 2389 1542 2442 ἀλλά
1567 2388 1645 2459 τῷ
1671 2388 1873 2460 φρονή-

295 2502 428 2556 ματι
451 2485 553 2556 τῆς
586 2483 866 2546 εὐσεϐείας
895 2488 1224 2553 συμφωνεῖν.
1256 2485 1319 2537 Οί
1348 2482 1457 2553 γὰρ
1480 2482 1553 2554 μὴ
1585 2482 1727 2535 οῦτω
1760 2480 1873 2533 δια-

292 2575 574 2646 νοούμενοι
594 2614 609 2633 ,
639 2573 775 2627 ἀλλά
826 2573 985 2645 μόνον
1020 2572 1112 2626 ἐπὶ
1146 2576 1258 2636 τοῖς
1298 2572 1557 2636 τοιούτοις
1599 2570 1873 2637 λεξειδίοις

294 2666 742 2739 φιλονεικοῦντες,
795 2667 890 2720 καὶ
946 2664 1099 2739 παρά
1142 2665 1211 2718 τά
1243 2668 1300 2719 ὲν
1338 2665 1544 2735 Νικαίᾳ
1594 2661 1872 2734 γραφέντα

294 2744 605 2831 ζητοῦντες,
626 2757 780 2811 οὐδὲν
800 2757 984 2827 ἕτερον
1005 2755 1271 2821 ποιοῦσιν,
1301 2758 1333 2827 ἦ
1368 2775 1385 2806 ‹
1418 2756 1719 2820 ποτίζουσιν
1745 2755 1875 2807 ἁνα-

292 2850 501 2924 τροπὴν
539 2849 763 2919 θολερὰν
813 2848 906 2902 τὸν
932 2848 1179 2920 πλησίον,
1224 2867 1243 2899 ι
1280 2847 1356 2909 ὡς
1405 2846 1724 2916 φθονοῦντες
1774 2848 1873 2918 τὴν

294 2943 521 3013 εἰρήνην
553 2942 644 2993 καὶ
683 2939 1006 3009 ἀγαπῶντες
1047 2939 1114 2994 τὰ
1163 2938 1453 3010 σχίσματα,
1519 2939 1654 2991 Ἀλλ’
1692 2940 1869 3010 ὑμεῖς,

293 3033 369 3096 ὡς
402 3032 599 3101 ἁγαθοὶ
623 3032 734 3105 (51)
760 3032 1035 3104 ἄνθρωποι
1061 3032 1157 3085 καὶ
1188 3032 1370 3084 πιστοὶ
1389 3030 1584 3095 δοῦλοι,
1608 3031 1703 3084 καὶ
1731 3034 1874 3084 οἱκο-

295 3124 451 3194 νόμοι
480 3123 575 3176 τοῦ
605 3123 808 3196 Κυρίου
829 3165 843 3190 ,
892 3124 959 3177 τὰ
1012 3124 1108 3194 μὲν
1148 3122 1567 3187 σκανδαλίζοντα
1599 3124 1692 3177 καὶ
1736 3122 1869 3188 ξενί-

297 3216 459 3281 ζοντα
484 3214 687 3270 παύετε
720 3216 816 3269 καὶ
842 3215 1077 3269 κωλύετε
1103 3256 1118 3281 ,
1154 3217 1371 3271 πάντων
1406 3215 1463 3268 δὲ
1511 3214 1711 3286 μᾶλλον
1740 3232 1873 3285 προ-

298 3304 517 3374 κρίνετε
550 3303 650 3375 τήν
716 3303 972 3376 τοιαύτην
1023 3306 1271 3376 εἰρήνην,
1309 3304 1476 3377 οὔσης
1525 3303 1873 3376 ὑγιαινούσης

300 3395 566 3458 πίστεως·
596 3396 726 3459 ἴσως
773 3397 802 3448 ό
840 3395 1044 3469 Κύριος
1076 3396 1290 3468 ἐλεήσει
1315 3399 1462 3469 ἡμᾶς
1482 3436 1497 3462 ,
1526 3398 1619 3451 καὶ
1648 3399 1873 3467 συνάψει

296 3487 366 3539 τά
388 3486 714 3560 διῃρημένα,
760 3486 858 3541 καὶ
883 3487 1183 3558 γενομένης
1233 3490 1364 3559 μιᾶς
1406 3489 1639 3561 ποίμνης
1662 3527 1677 3554 ,
1715 3490 1875 3543 πάλιν

297 3577 501 3641 πάντες
554 3577 649 3630 ἕνα
679 3577 875 3649 ἔχομεν
931 3576 1305 3648 καθηγεμόνα,
1363 3577 1455 3631 τὸν
1484 3577 1691 3649 Κύριον
1719 3576 1875 3647 ήμῶν

312 3666 519 3740 Ἰησοῦν
542 3667 798 3740 Χριστόν.

368 3765 422 3819 9.
460 3762 647 3815 Ταῦτα
673 3764 836 3835 ἡμεῖς
862 3762 981 3833 μὲν,
1017 3763 1065 3814 εἰ
1092 3761 1185 3815 καὶ
1214 3761 1384 3832 μηδὲν
1430 3761 1590 3817 πλέον
1641 3762 1749 3816 ἔδει
1782 3761 1877 3834 ζηο

297 3859 412 3910 τιῖν
437 3854 538 3925 τῆς
570 3856 626 3906 ὲν
654 3854 856 3925 Νικαίᾳ
888 3854 1129 3921 συνόδου,
1173 3853 1309 3925 μηδὲ
1350 3854 1637 3925 ἀνέχεσθαι
1675 3855 1785 3908 τῶν
1813 3856 1878 3907 ὲκ

301 3945 634 4017 φιλονεικίας
662 3946 942 4018 ῥημάτων,
976 3945 1113 3999 ἀλλά
1145 3963 1210 4015 γε
1237 3946 1324 4000 διὰ
1355 3947 1454 4018 τὴν
1488 3948 1728 4019 εἰρήνην,
1784 3946 1878 4000 καὶ

300 4040 463 4093 ἕνεκα
488 4037 581 4093 τοῦ
623 4038 697 4110 μὴ
724 4038 1048 4092 ἀποϐάλλειν
1080 4038 1191 4109 (52)
1235 4039 1363 4102 τοὺς
1405 4038 1579 4110 ὀρθῶς
1602 4036 1879 4092 πιστεύειν

302 4132 607 4195 ἐθέλοντας,
636 4131 1021 4203 ἀνεκρίναμεν,
1055 4132 1149 4183 καὶ
1176 4130 1318 4202 ἃπερ
1344 4130 1722 4201 ὡμολόγησαν,
1758 4147 1880 4183 συν-

302 4225 486 4295 τόμως
515 4223 994 4295 ὑπηγορεύσαμεν,
1019 4224 1068 4276 οἱ
1096 4221 1537 4293 περιλειφθέντες
1557 4224 1614 4275 ἐν
1645 4225 1711 4293 τῇ
1742 4222 1882 4274 Ἀλε-

307 4315 581 4389 ξανδρείᾳ,
608 4318 758 4385 κοινῇ
786 4314 1044 4385 μετὰτῶν
1069 4313 1494 4385 συλλειτουργῶν
1518 4313 1673 4385 ήμῶν
1699 4314 1882 4367 Ἀστε-

1972 1932 2034 1977 ιιι
2079 1930 2346 1992 suspecta
2373 1921 2654 1977 sententia
2682 1921 2932 1976 homines
2966 1920 3197 1975 arceatis
3231 1920 3549 1989 pudoreque

1971 2014 2239 2071 aﬂlciatis.
2288 2011 2399 2069 Hos
2425 2013 2588 2084 igitur
2618 2028 2686 2067 ne
2720 2012 2993 2077 toleretis;
3024 2026 3118 2067 eos
3151 2020 3331 2066 autem
3371 2013 3464 2081 qui
3494 2022 3548 2067 et

1969 2118 2114 2164 recte
2138 2107 2301 2161 verba
2335 2104 2759 2174 interpretantur
2778 2112 2831 2159 et
2863 2104 3032 2174 probe
3067 2104 3329 2170 sentiunt,
3356 2102 3547 2158 horta-

1969 2198 2105 2255 mini
2152 2212 2221 2251 ne
2252 2194 2563 2250 ulteriorem
2613 2194 2755 2249 inter
2784 2208 2845 2249 se
2882 2192 3176 2249 adhibeant
3207 2194 3549 2264 disquisitio-

1969 2304 2092 2344 nem
2118 2328 2132 2354 ,
2161 2301 2261 2342 nec
2296 2285 2477 2341 verbis
2502 2284 2764 2339 inutiliter
2790 2284 3100 2350 decertent,
3140 2298 3319 2355 neque
3352 2284 3547 2355 hujus-

1969 2380 2119 2436 modi
2152 2376 2434 2435 vocabulis
2459 2377 2825 2443 contendant,
2860 2377 2954 2432 sed
2997 2376 3052 2431 in
3084 2376 3301 2447 pietatis
3332 2383 3552 2432 senten-

1970 2474 2100 2528 tiam
2126 2470 2474 2541 conveniant.
2500 2467 2634 2525 Nam
2656 2470 2751 2539 qui
2769 2485 2875 2525 non
2897 2470 2979 2525 sic
3001 2471 3186 2525 animo
3201 2470 3378 2526 allecti
3397 2481 3546 2531 sunt,

1970 2565 2064 2621 sed
2088 2564 2154 2618 de
2175 2561 2488 2632 hujusmodi
2510 2568 2721 2615 tantum
2740 2561 2949 2617 voculis
2972 2561 3299 2632 quastiones
3320 2562 3547 2632 agitant,

1970 2659 2023 2707 et
2048 2659 2245 2721 prater
2267 2651 2435 2723 619
2454 2667 2517 2706 ea
2542 2666 2665 2721 qua
2681 2649 2874 2706 Nicaa
2900 2651 3207 2722 conscripta
3241 2666 3387 2715 sunt,
3412 2667 3553 2707 non-

1970 2744 2117 2799 nulla
2144 2745 2450 2814 requirunt,
2474 2743 2611 2797 nihil
2637 2743 2782 2798 aliud
2816 2752 3001 2814 agunt,
3028 2727 3192 2814 quam
3213 2744 3354 2814 quod
3384 2763 3402 2795 ι
3425 2758 3553 2814 pro-

1970 2835 2121 2891 ximo
2150 2851 2250 2891 suo
2279 2835 2685 2891 subversionem
2715 2834 2987 2889 turbidam
3020 2835 3395 2904 propinant”,
3421 2852 3439 2884 ι
3462 2842 3551 2887 ut—

1972 2936 2094 2997 pote
2109 2928 2201 2997 qui
2230 2928 2349 2997 paci
2368 2927 2645 2983 invideant
2658 2936 2709 2982 et
2727 2926 3020 2982 schismata
3038 2926 3284 2996 diligant.
3312 2925 3417 2980 Sed
3432 2940 3549 2987 vos,

1973 3027 2033 3073 ut
2066 3017 2221 3088 probi
2252 3016 2502 3071 homines
2521 3056 2536 3083 ,
2570 3014 2862 3086 ﬁdelesque
2886 3015 3028 3071 servi
3057 3030 3121 3069 ac
3145 3015 3552 3084 dispensatores

1974 3109 2225 3174 Domini,
2267 3124 2389 3178 qua
2422 3107 2747 3163 olfendiculo
2781 3106 2999 3177 quidem
3044 3117 3208 3170 sunt,
3257 3114 3312 3160 ct
3350 3122 3378 3160 a
3420 3120 3553 3162 con-

1977 3202 2161 3257 cordia
2189 3201 2480 3267 deterrent,
2501 3201 2825 3270 compescite
2866 3209 2921 3255 et
2952 3200 3235 3271 impedita,
3272 3199 3554 3254 omnibus-

1978 3304 2085 3359 que
2103 3289 2417 3360 hujusmodi
2441 3304 2626 3358 pacem
2649 3289 2983 3359 anteponite,
3004 3303 3128 3344 cum
3150 3304 3282 3345 sana
3300 3291 3370 3344 sit
3386 3289 3550 3344 ﬁdes;

1981 3380 2207 3436 forsitan
2240 3379 2502 3436 Dominus
2532 3382 2709 3436 nostri
2742 3381 3022 3447 misertus,
3058 3396 3181 3451 qua
3202 3381 3375 3435 divisa
3403 3378 3555 3435 fuere

1981 3473 2271 3543 coaptahit,
2298 3471 2553 3542 factoque
2573 3474 2828 3542 deinceps
2852 3488 2962 3528 uno
2988 3473 3137 3539 ovili,
3167 3484 3551 3528 omnes‘unum

1984 3564 2303 3621 habebimus
2341 3565 2535 3621 ducem
2572 3563 2865 3621 Dominum
2895 3574 3145 3621 nostrum
3174 3562 3359 3620 Jesum
3395 3563 3554 3619 Clui-

1982 3666 2148 3711 stum.

2052 3766 2105 3821 9.
2142 3764 2267 3821 Hac
2312 3780 2414 3822 nos
2450 3765 2667 3838 quidem
2704 3766 2943 3836 (tametsi
2970 3766 3107 3822 nihil
3146 3774 3341 3838 prater
3373 3764 3550 3822 Nica-

1984 3875 2109 3915 nam
2162 3859 2427 3930 synodum
2458 3858 2844 3931 requirendum
2886 3868 3005 3915 erat
3026 3901 3042 3928 ,
3073 3874 3247 3929 neque
3277 3858 3555 3914 toleranda

1983 3961 2141 4008 erant
2169 3952 2531 4007 contentionis
2563 3953 2762 4018 verba;
2798 3960 3035 4008 attamen
3075 3951 3225 4022 pacis
3260 3950 3558 4007 conciliau~

1984 4045 2067 4100 da
2101 4058 2265 4099 causa
2286 4084 2303 4111 ,
2333 4050 2476 4099 etne
2499 4058 2594 4099 eos
2622 4045 2729 4115 qui'
2758 4053 2905 4100 recte
2938 4044 3140 4099 sentire
3164 4043 3388 4114 cupiunt
3420 4042 3558 4111 abji-

1985 4134 2253 4206 ceremus)
2293 4136 2756 4199 examinavimus,
2790 4145 2845 4190 et
2874 4150 2995 4206 qua
3031 4134 3134 4205 ipsi
3171 4132 3399 4205 professi
3431 4142 3561 4189 sunt

1985 4227 2174 4298 paucis
2195 4226 2537 4294 dictavimus,
2557 4242 2660 4283 nos
2680 4227 2772 4299 qui
2788 4226 3131 4282 Alexandria
3149 4226 3323 4282 relicti
3344 4241 3557 4290 sumus,

1989 4319 2149 4389 idque
2179 4334 2285 4373 una
2319 4333 2441 4372 cum
2476 4316 2866 4373 comministris
2890 4316 3091 4373 nostris
3113 4316 3329 4372 Asterio
3357 4325 3411 4370 et
3446 4312 3557 4370 Eu-

308 4408 424 4480 ρίου
468 4407 582 4479 (55)
616 4408 708 4460 καὶ
760 4406 1055 4459 Εὐσεὸίου·
1112 4406 1163 4459 οἱ
1196 4405 1305 4476 γὰρ
1340 4406 1580 4459 πλεῖστοι
1610 4406 1668 4473 ἐξ
1724 4406 1873 4477 ήμῶν

1989 4410 2141 4465 sebio
2166 4427 2179 4463 :
2202 4408 2420 4479 plurimi
2459 4422 2694 4478 namque
2749 4415 2997 4463 nostrum
3032 4406 3098 4462 ad
3136 4422 3266 4463 suas
3296 4406 3561 4461 diaceses

307 4497 665 4568 ἀπεδήμησαν
711 4498 791 4559 εἰς
830 4494 929 4558 τάς
980 4493 1273 4566 παροικίας
1308 4493 1536 4548 ἑαυτῶν.
1589 4494 1777 4562 Ὑμεῖς
1824 4494 1873 4546 δὲ

1990 4509 2118 4557 sunt
2148 4499 2400 4571 profecti.
2449 4498 2560 4555 Vos
2585 4500 2769 4570 itaque
2798 4499 2852 4554 in
2882 4514 3171 4555 commune
3200 4498 3293 4554 ubi
3319 4514 3560 4554 conven-

310 4587 470 4642 πάλιν
498 4589 649 4658 κοινῇ
680 4586 809 4639 ἔνθα
836 4586 930 4639 καὶ
952 4582 1180 4638 είώθατε
1211 4582 1538 4651 συνάγεσθαι
1561 4623 1575 4647 ,
1608 4582 1873 4649 ἀνάγνωτε

1994 4605 2080 4651 tus
2104 4609 2264 4664 agere
2299 4592 2507 4657 soletis,
2545 4592 2661 4648 hac
2682 4592 2917 4663 legitote,
2950 4592 3186 4664 illucque
3211 4608 3404 4647 omnes
3426 4607 3561 4647 con-

310 4680 505 4743 ταῦτα,
538 4681 699 4733 κάκεῖ
730 4678 940 4739 πάντας
970 4673 1445 4749 προσκαλέσασθαι
1492 4673 1873 4739 καταξιώσατε

1990 4700 2186 4762 vocare
2216 4685 2533 4756 dignemini.
2563 4683 2804 4754 Ailquum
2834 4684 2979 4740 enim
3006 4692 3089 4741 est
3109 4694 3169 4740 ut
3193 4684 3301 4737 illic
3324 4684 3559 4752 primum

313 4774 531 4827 Δίκαιον
560 4772 667 4843 γὰρ
701 4772 817 4825 ἐκεῖ
846 4769 1060 4842 πρῶτον
1088 4768 1185 4839 τὴν
1222 4766 1509 4838 ἐπιστολὴν
1535 4764 1873 4835 ἀναγνωσθῆ-

1992 4777 2222 4848 epistola
2250 4778 2458 4849 legatur
2481 4816 2497 4843 ,
2531 4791 2596 4831 ac
2630 4776 2830 4831 ibidem
2864 4778 2958 4848 qui
2987 4792 3176 4848 pacem
3208 4783 3396 4845 optant
3430 4788 3557 4843 pro-

315 4884 425 4931 ναι,
460 4867 622 4921 κάκεῖ
644 4865 770 4927 τοὺς
791 4861 1148 4934 βουλομένους
1175 4861 1271 4914 καὶ
1292 4860 1770 4930 ἀντιποιουμένους
1790 4858 1873 4928 τῆς

1993 4877 2295 4939 curantque
2318 4909 2334 4936 ,
2370 4870 2474 4925 sibi
2507 4870 2739 4927 invicem
2768 4869 3125 4927 concilientur
3158 4886 3171 4922 :
3204 4882 3269 4922 ac
3299 4866 3559 4935 deinceps

388 5003 410 5033 ⁸
446 5000 607 5055 Joan.
644 5015 722 5061 χι,
750 4997 840 5053 ⁸54.
905 4999 926 5031 ⁹
966 4995 986 5050 l
1020 4995 1165 5052 Petr.
1194 5012 1264 5061 tv,
1299 4997 1350 5052 1.
1429 4995 1471 5027 ¹⁰
1497 4993 1698 5049 Habac.
1738 5010 1800 5055 ιι.
1837 4995 1890 5049 5.

392 5139 504 5208 (48)
566 5138 1069 5208 Βθεὶιηγὲγείρωνη
1100 5132 1242 5208 lni'ra

324 5202 728 5281 πνευματικῶς.
767 5202 891 5279 Seg.
922 5202 1095 5265 Basil.
1124 5204 1329 5281 haud);
1358 5202 1573 5281 habent.
1612 5202 1735 5255 Hac
1781 5203 1896 5281 ipsa

324 5269 525 5335 “desis
588 5269 729 5334 orai.
769 5269 1055 5345 5,vcontra
1105 5275 1351 5335 Ariauos.
1386 5288 1438 5340 βο
1465 5272 1772 5345 4331,1100?-
1802 5269 1893 5345 δέ’

324 5331 825 5420 Ρίᾶιῖιυ-ροεὶνγὸεέί
861 5331 985 5403 cum
1017 5346 1198 5409 editis,
1231 5346 1293 5395 ὲκ
1318 5331 1796 5411 γενητῆς.’ΒιιεὶΙ.,
1833 5342 1898 5391 ἐκ
1998 5355 2222 5420 causam
2267 5340 2323 5420 in
2358 5340 2463 5420 hac
2504 5331 2919 5420 synodomegi'sse
2950 5343 3161 5420 auctor‘
3184 5342 3268 5420 est
3298 5331 3563 5420 .Ruiinus,

326 5403 711 5493 γενετῆξςιξιιηι
742 5403 1040 5493 ainalius.
1184 5403 1195 5409 ’
1272 5482 1284 5493 ,
1329 5403 1340 5408 ⁷
1438 5403 1448 5411 ’
1509 5403 1540 5410 ’ν
1784 5403 1788 5405 Ὗ
2002 5410 2377 5493 Ηίιικςεειιξις.3
2412 5410 2503 5462 lib.
2534 5403 2580 5493 ir,‘
2607 5403 2979 5493 c.J‘_29._Porro
3016 5404 3104 5458 hic
3130 5403 3384 5493 {Asterius
3407 5403 3452 5455 is
3472 5410 3563 5493 est

397 5471 760 5561 'ségfet
778 5471 985 5561 'Basil.:
997 5482 1477 5561 Stepuqvegovcag.
1852 5550 1863 5561 .

1999 5483 2093 5552 qui
2126 5481 2254 5561 olim
2283 5471 2513 5533 Arianos
2548 5474 2827 5561 §ardicam
2863 5483 3213 5554 properantes
3253 5472 3306 5525 in
3340 5471 3563 5561 via_de-

397 5506 509 5561 (4U)
552 5506 620 5544 DC
666 5531 675 5541 .
706 5506 760 5543 et
794 5506 960 5543 Das".
997 5506 1469 5555 οιερμηνευοντοις.
1999 5506 2093 5552 ψιι
2126 5506 2254 5534 Ulllll
2283 5506 2513 5533 unum»
2549 5506 2827 5529 DaIUIwul
2864 5506 3213 5544 pluycuxuwa
3253 5506 3306 5525 ιιι
3345 5506 3421 5525 na
3467 5506 3563 5525 υν-

396 5562 510 5633 (50)
552 5506 809 5633 lngBasil.
850 5558 988 5633 μηδέ
1036 5558 1208 5611 deest.
1259 5552 1622 5633 §eguet'iantts
1654 5563 1782 5604 vero
1821 5550 1901 5631 sic
2002 5552 2173 5633 seruit
2229 5564 2336 5628 una
2378 5545 3047 5633 cumAArilouifetraru‘n-r
3076 5545 3567 5633 episcopalnatﬁuf

327 5610 673 5688 habél’hliité
690 5610 1007 5697 Ῑόευῐιῖ,’μὴ
1038 5610 1414 5693 κατακρίνετε,
1446 5621 1579 5692 μηδὲ
1614 5620 1873 5692 προπετῶη

2003 5618 2313 5697 Sardicensi
2338 5616 2545 5697 synodo
2575 5614 2917 5697 spbsgripsnt.
2937 5613 3054 5679 Qua
3083 5610 3155 5697 de
3183 5627 3347 5691 causa
3374 5610 3563 5697 iisdem

329 5680 945 5758 EEBééiiEéfhw”
994 5680 1007 5696 '
1223 5680 1235 5693 '
1401 5680 1459 5692 ’“
1507 5680 1519 5692 ’
1657 5680 1668 5692 ’

2002 5690 2220 5744 Arianis
2253 5680 2566 5758 auctoribus
2596 5684 2657 5758 ‘iu
2707 5680 3053 5758 Superiorem
3086 5680 3325 5737 Africam
3361 5684 3567 5751 relega-

555 5771 681 5840 Seg.
714 5786 759 5823 ω
786 5766 994 5835 ἀγαθοί.

2006 5771 2113 5825 tus,
2144 5761 2197 5812 in
2230 5756 2403 5811 reditu
2432 5754 2561 5811 huic
2595 5753 2839 5809 interluit
2867 5753 3093 5822 synodo.

2070 5130 2181 5199 (59)
2226 5128 2351 5199 Seg.
2380 5136 2434 5183 et
2463 5126 2621 5183 Gobl.
2653 5126 2966 5199 specum.

2030 5270 2041 5282 ο
2070 5190 2347 5282 “stag.
2364 5200 2523 5282 solus
2549 5199 2652 5282 sicz
2674 5196 2932 5282 Εὑρεσίου
2959 5193 3053 5247 καὶ
3092 5191 3387 5282 Ἀηστερίουἰ
3411 5190 3564 5282 aste-

1994 5262 2572 5333 riu'm'OriEntalium,
2610 5266 2906 5321 Eusebium
2955 5279 3084 5319 vero
3132 5262 3559 5333 Occidentalium

1296 5141 1418 5200 post
1467 5130 1670 5185 πτύων.
1727 5129 1802 5185 Ed
1813 5129 1892 5193 iti,
