3966 6226
419 397 522 455 807

990 391 1048 447 S.
1089 387 1456 445 ATHANASII
1495 386 1646 444 OPP.
1681 384 1860 440 PARS
1905 385 1946 438 1.
1977 415 2049 428 -ο
2080 383 2449 443 HISTORICA
2485 385 2574 440 ET
2616 385 3036 442 DOGMATICA.

3550 390 3652 446 808

420 530 547 573 cum
580 522 772 570 mutuo
803 510 1076 567 conciliati
1132 509 1365 572 fuerint,
1417 507 1729 575 ubicunque
1786 506 1986 575 pOpulo

2101 507 2309 578 είρήνης
2338 504 2734 559 συνάπτεσθαιο
2765 505 2858 558 καὶ
2894 503 3079 558 λοιπὸν
3129 505 3508 574 συναφθέντων
3555 511 3654 562 αύ-

424 608 718 680 placuerit,
753 614 1016 675 prasente
1043 611 1219 658 vestra
1251 601 1585 656 humanitate
1613 599 1721 652 illic
1751 611 1986 660 conven‘

426 709 513 755 tus
543 699 884 754 celebrentur
903 734 918 760 ,
946 703 1002 750 et
1025 693 1255 748 Domino
1288 706 1395 746 una
1420 691 1590 760 gloria
1618 689 1889 744 tribuatur
1918 690 1986 744 ab

424 791 700 846 omnibus.
763 787 1014 842 Salutant
1062 799 1161 840 vos
1215 781 1411 837 fratres
1449 781 1542 850 qui
1580 794 1791 835 mecum
1837 788 1983 836 sunt.

424 882 564 955 Opto
593 897 690 938 vos
737 882 873 936 bene
899 879 1111 943 valere,
1161 885 1216 931 et
1261 874 1581 930 memoriam
1629 873 1799 928 nostri
1845 872 1988 943 apud

424 975 716 1031 Dominum
749 973 948 1038 facere,
978 969 1092 1040 Ego
1124 966 1492 1022 Athanasius:
1519 964 1609 1020 alii
1647 965 1851 1034 pariter
1875 964 1988 1033 epi-

423 1066 594 1136 scopi,
628 1066 723 1136 qui
748 1063 912 1120 simul
939 1069 1310 1120 convenerunt
1336 1057 1709 1127 subscripsere
1734 1075 1747 1110 :
1775 1069 1985 1110 necnon

423 1157 518 1228 qui
546 1158 698 1212 missi
738 1166 866 1212 sunt
893 1170 922 1209 a
953 1153 1206 1210 Lucifero
1240 1151 1457 1222 quidem
1503 1150 1768 1205 Sardinia
1797 1149 1988 1204 insula

422 1249 676 1320 episcopo
696 1289 711 1315 ,
761 1247 972 1302 diaconi
1021 1247 1130 1301 duo
1154 1287 1170 1312 ,
1208 1243 1508 1298 Herennius
1537 1251 1591 1297 et
1617 1244 1892 1312 Agapetus
1918 1257 1931 1296 :
1955 1257 1986 1296 a

427 1341 651 1395 Paulino
683 1348 861 1395 autem
886 1338 1154 1395 Maximus
1184 1346 1238 1391 ct
1260 1335 1602 1399 Calemerus,
1636 1334 1740 1402 ipsi
1769 1346 1989 1402 quoque

422 1432 656 1488 diaconi.
687 1432 924 1487 Aderant
959 1439 1014 1486 et
1036 1431 1255 1501 quidam
1279 1426 1532 1482 monachi
1560 1426 1629 1481 ab
1649 1424 1986 1497 Apollinario

423 1522 677 1592 episcopo
713 1522 767 1576 in
805 1523 908 1576 hoc
933 1521 1109 1592 ipsum
1146 1517 1319 1574 missi.

498 1783 580 1837 ll).
607 1781 857 1852 Episcopi
890 1789 1068 1837 autem
1119 1777 1358 1849 praedicti
1396 1776 1462 1832 ad
1484 1789 1624 1847 quos
1662 1774 1861 1845 scripta
1903 1781 1988 1830 est

423 1875 670 1945 epistola,
707 1875 762 1928 hi
786 1883 950 1929 sunt:
977 1872 1243 1927 Eusebius
1265 1869 1636 1925 Vercellornm
1665 1867 1850 1922 Galliae
1891 1883 1986 1922 ur-
2016 1856 2057 1910 Β

425 1967 529 2033 bis,
581 1965 796 2021 Lucifer
839 1964 1102 2020 Sardinia
1157 1963 1370 2028 insula,
1416 1960 1665 2016 Asterius
1699 1957 1986 2014 Petrarum

423 2059 668 2122 Arabia,
697 2056 976 2128 Cymatius
1015 2054 1152 2109 Palti
1191 2052 1530 2124 Calesyria,
1564 2051 1848 2106 Anatolius
1887 2049 1990 2105 Eu-

425 2149 580 2204 baa.

495 2239 600 2307 Qui
626 2253 754 2294 vero
785 2236 1066 2308 epistolam
1095 2234 1452 2305 scripserunt,
1485 2231 1540 2286 hi
1567 2239 1714 2296 sunt,
1742 2229 1991 2287 Athana-

427 2331 541 2387 sius
572 2345 711 2401 papa
753 2337 808 2385 et
837 2329 932 2399 qui
968 2343 1092 2384 cum
1118 2342 1185 2383 eo
1213 2325 1550 2382 Alexandria
1589 2323 1845 2390 adfuere,
1875 2324 1991 2394 ipse

427 2419 693 2478 Eusebius
711 2428 765 2475 et
789 2419 1074 2475 Asterius:
1103 2418 1296 2490 reliqui
1322 2425 1501 2472 autem
1522 2457 1538 2483 ,
1569 2415 1736 2472 Gaius
1761 2414 1991 2470 Parato-

426 2513 502 2569 nii
557 2513 802 2583 proxime
831 2511 1055 2583 Libyam
1079 2549 1098 2579 ,
1128 2511 1372 2582 Agathus
1409 2507 1711 2579 Phragonis
1739 2515 1794 2562 et
1823 2507 1990 2577 partis

427 2605 712 2676 cujusdam
737 2604 1036 2660 Elearchia
1050 2602 1290 2675 Egypti,
1312 2602 1636 2657 Ammonius
1652 2600 1992 2657 Pachnemu-

427 2699 551 2765 nis,
608 2706 664 2752 et
708 2696 932 2766 reliqua
969 2695 1139 2765 partis
1189 2693 1485 2751 Elearchia
1514 2711 1528 2747 :
1558 2691 1990 2763 Agathodamon

428 2789 671 2847 Schedia
687 2799 741 2845 et
765 2788 1057 2853 Menelaiti,
1081 2786 1404 2843 Dracontius
1425 2800 1606 2856 parva
1625 2783 1990 2854 Hermopolis,

426 2882 724 2953 Adelphius
755 2881 1003 2953 Onuphis
1043 2898 1167 2953 qua
1198 2889 1284 2937 est
1322 2881 1673 2952 Lychnorum
1693 2917 1708 2945 ,
1733 2877 1991 2934 Hermian

429 2973 661 3041 Taneos,
688 2974 904 3030 Marcus
937 2973 1235 3045 Zygrorum
1262 2974 1507 3044 proxime
1535 2972 1790 3043 Libyam,
1814 2970 1993 3026 Theo-

425 3067 596 3122 dorus
620 3066 880 3129 Athribis,
911 3065 1160 3120 Andreas
1181 3063 1476 3128 Arsenoiti,
1499 3061 1836 3131 Paphnutius
1860 3058 1993 3114 Sae-

427 3172 526 3251 os,
560 3157 774 3213 Marcus
800 3157 1079 3212 Philorum
1102 3196 1119 3224 ,
1143 3156 1333 3212 Zoilus
1358 3155 1546 3210 Andro
1571 3195 1587 3222 ,
1618 3153 1804 3210 Menas
1834 3152 1990 3207 Anti-
2015 3193 2058 3251 ο

429 3248 711 3318 pbrorum.

497 3337 594 3393 His
614 3337 882 3393 Eusebius
915 3351 1134 3408 quoque
1153 3335 1344 3392 Latine
1368 3335 1716 3406 subscripsit,
1756 3348 1990 3405 quorum

429 3430 545 3486 hac
571 3439 656 3486 est
694 3429 1062 3499 interpretatio
1101 3447 1116 3484 :

498 3517 613 3590 Ego
629 3517 917 3580 Eusebius,
946 3516 1246 3572 secundum
1265 3524 1510 3572 exactam
1535 3522 1768 3570 vestram
1789 3513 1993 3568 utrius-

429 3626 536 3682 que
555 3611 723 3682 partis
744 3608 1284 3678 confessionem,qua
1307 3609 1362 3662 in
1384 3607 1632 3663 eamdem
1659 3606 1802 3662 circa
1824 3606 1993 3677 hypo-

431 3712 603 3761 stases
614 3702 935 3772 sententiam
953 3700 1304 3767 convenistis,
1318 3701 1373 3754 in
1389 3699 1632 3756 eamdem
1645 3713 1860 3770 quoque
1871 3712 1996 3753 con-

429 3795 550 3852 veni
571 3813 588 3863 ;
615 3793 710 3851 sed
725 3795 889 3851 etiam
907 3794 1052 3850 circa
1067 3793 1232 3868 620
1249 3792 1675 3848 incarnationem
1696 3789 1992 3846 Salvatoris

431 3884 626 3952 nostri,
658 3897 851 3954 nempe
871 3881 966 3937 Dei
993 3880 1190 3936 Filium
1222 3881 1500 3938 hominem
1523 3879 1726 3936 factum
1753 3894 1908 3946 esse,
1939 3888 1995 3934 et

433 3977 616 4030 omnia
638 3982 830 4041 prater
853 3982 1131 4044 peccatum
1154 3971 1538 4043 assumpsisse,
1554 3971 1860 4042 cujusmodi
1877 3979 1996 4026 erat

433 4067 690 4136 antiquus
727 4074 911 4122 noster
933 4066 1099 4122 homo
1128 4084 1142 4121 :
1168 4065 1330 4135 idque
1354 4063 1510 4134 juxta
1537 4072 1850 4125 contextum
1877 4063 1992 4132 epi-

434 4159 587 4213 stola
624 4173 746 4212 meo
785 4157 1043 4228 sull‘ragio
1092 4155 1427 4212 conﬁrmavi.
1457 4153 1524 4210 Et
1555 4155 1993 4226 quandoquidem

435 4250 654 4306 exclusa
682 4249 884 4305 dicitur
905 4247 1251 4305 Sardicensis
1275 4247 1494 4309 concilii
1518 4249 1734 4314 tabella,
1762 4263 1830 4304 ne
1853 4249 1995 4303 ultra

436 4339 710 4396 Nicanam
740 4340 900 4395 ﬁdem
931 4340 1135 4411 aliquid
1179 4340 1376 4412 exponi
1417 4341 1663 4405 videatur
1692 4358 1706 4396 :
1739 4355 1838 4411 ego
1869 4341 1997 4396 huic

438 4447 652 4502 quoque
681 4432 761 4487 rei
781 4435 1082 4499 consentio,
1113 4448 1180 4488 ne
1201 4448 1295 4503 per
1317 4434 1464 4490 illam
1490 4434 1704 4490 Nicana
1737 4434 1869 4489 lldes
1897 4449 1994 4488 ex-

2085 597 2214 662 τῶν,
2257 596 2385 649 ἔνθα
2409 595 2486 664 ,ἂν
2522 596 2694 668 ἀρέσῃ
2722 598 2855 649 πᾶσι
2879 601 2990 660 τοῖς
3018 597 3194 660 λαοῖς,
3230 599 3510 671 παρούσης
3557 603 3655 672 τῆς

2088 689 2359 760 ὑμετέρας
2391 689 2933 760 χρηστότητος,·ἐκεϊ
2969 689 3068 753 τὰς
3107 689 3353 755 συνάξεις
3394 693 3654 748 ἐπιτελεῖ-

2089 781 2230 846 σθαι,
2255 781 2348 835 κα)⁸
2372 781 2464 835 τὸν
2483 779 2688 852 Κύριον
2717 783 2869 852 κοινῇ
2900 782 3048 854 παρὰ
3067 782 3282 836 πάντων
3311 783 3652 850 δοξάζεσθαι.

2087 873 2589 944 Προσαγορεύουσιν
2628 874 2772 943 ὑμᾶς
2799 875 2847 926 οἱ
2877 874 2975 927 σὺν
3009 875 3132 945 ἐμοὶ
3166 875 3410 944 ἀδελφοί.
3453 878 3656 950 Ἐρῤὦ-

2089 966 2212 1019 σθαι
2241 967 2403 1036 ὑμᾶς,
2434 967 2529 1019 καὶ
2562 965 2920 1036 μνημονεύειν
2948 967 3105 1037 ἡμῶν
3151 968 3230 1039 τῷ
3268 970 3458 1040 Κυρίῳ
3499 971 3654 1042 εὖχο-

2093 1075 2212 1130 μαι,
2242 1057 2384 1126 Ἐγώ
2413 1075 2472 1111 τε
2501 1057 2814 1121 Ἀθανάσιος
2833 1074 2846 1087 ·
2867 1059 3069 1129 ὁμοίως
3097 1076 3156 1112 τε
3185 1061 3234 1112 οί
3259 1061 3405 1115 ἄλλοι
3436 1064 3655 1116 ἐπίσκο-

2090 1150 2256 1202 ποιοί
2297 1146 2639 1211 συνελθόντες
2690 1147 3048 1219 ὑπέγραψανο
3091 1150 3186 1203 καὶ
3230 1151 3278 1203 οἱ
3327 1152 3655 1207 ἀποσταλέν-

2088 1255 2180 1302 τες
2207 1237 2318 1308 (54)
2359 1237 2417 1291 δὲ
2447 1237 2599 1309 παρὰ
2625 1237 2722 1308 μὲν
2737 1237 3076 1308 Λουκίφερος
3098 1237 3211 1308 (55)
3235 1237 3330 1291 τοῦ
3355 1242 3655 1295 ἐπισκόπου

2087 1328 2318 1399 Σαρδίας
2353 1329 2537 1398 νήσου,
2578 1326 2811 1380 διάκονοι
2833 1325 2948 1390 δύο,
2979 1326 3267 1398 Ἐρέννιος,
3289 1329 3380 1381 καὶ
3414 1329 3656 1400 Ἀγαπη-

2086 1418 2176 1483 τός
2195 1435 2211 1453 ο
2251 1418 2402 1490 παρὰ
2437 1418 2492 1471 δὲ
2515 1418 2778 1472 Παυλίνου
2802 1418 3054 1488 Μάξιμος
3074 1419 3168 1472 καὶ
3195 1419 3540 1491 Καλήμερος,
3562 1421 3656 1474 καὶ

2087 1511 2237 1564 αὐτοὶ
2271 1511 2526 1565 διάκονοι.
2561 1510 2820 1582 Παρῆσαν
2841 1510 2898 1563 δὲ
2927 1509 3020 1564 καί
3056 1528 3202 1575 τινες
3251 1511 3654 1585 Ἀπολλιναρίου

2085 1597 2180 1653 τοῦ
2229 1595 2527 1655 ἐπισκόπου
2571 1599 2912 1672 μονάζοντες,
2971 1601 3101 1671 παρ’
3132 1601 3296 1654 αὐτοῦ
3359 1602 3440 1665 είς
3499 1599 3656 1655 τοῦτο

2086 1691 2449 1761 πεμφθέντες.

2158 1783 2244 1837 10.
2290 1784 2444 1837 Ἔστι
2473 1782 2530 1836 δὲ
2561 1782 2675 1853 (56)
2699 1783 2929 1848 ἕκαστος
2973 1781 3082 1837 τῶν
3128 1781 3501 1854 προκειμένων
3536 1784 3656 1837 ἐπι-
3758 1843 3765 1849 ,

2086 1874 2325 1938 σκόπων,
2355 1873 2494 1946 πρὸς
2526 1873 2621 1937 οὓς
2646 1876 2679 1945 ή
2701 1873 2956 1945 ἐπιστολὴ
2987 1873 3222 1945 ἐγράφη,
3264 1873 3522 1937 Εὐσέϐιος
3560 1873 3655 1928 πό-

2086 1965 2223 2029 λεως
2270 1963 2570 2038 Βιργίλλων
2619 1967 2718 2036 τῆς
2751 1965 2979 2029 Γαλλίας
3023 1965 3176 2035 (57),
3236 1965 3510 2038 Λουκίφερ
3560 1966 3657 2036 τῆς

2087 2059 2317 2130 Σαρδίας
2336 2060 2522 2129 νήσου,
2561 2057 2834 2129 Ἀστέριος
2854 2056 3073 2128 Πετρῶν
3101 2057 3199 2127 τῆς
3242 2056 3520 2127 Ἀραϐίας,
3550 2058 3659 2110 Κυ-

2091 2150 2280 2220 μάτιος
2308 2149 2515 2204 Παλτοῦ
2554 2149 2756 2221 Κοίλης
2789 2148 3018 2219 Συρίας,
3063 2147 3363 2212 Ἀνατόλιος
3410 2148 3657 2212 Εὐϐοίας.

2159 2243 2223 2295 υἱ
2257 2241 2314 2295 δέ
2351 2239 2751 2304 ἐπιστείλαντες
2774 2240 2804 2293 ὅ
2837 2257 2898 2292 τε
2931 2239 3118 2303 πάπας
3172 2239 3516 2303 Ἀθανάσιος,
3569 2243 3659 2294 καὶ

2088 2334 2137 2389 οι
2175 2334 2580 2406 παρατυχόντες
2628 2333 2727 2385 σὺν
2765 2330 2914 2402 αὐτῷ
2950 2332 3009 2384 ἐν
3056 2329 3459 2401 Ἀλεξανδρείᾳ,
3503 2332 3660 2393 αὑτός

2087 2444 2148 2479 τε
2181 2425 2439 2488 Εὐσέϐιος
2467 2425 2560 2478 καὶ
2603 2423 2908 2494 Ἀστέριοςο
2946 2423 3041 2475 καὶ
3068 2425 3117 2476 οἱ
3145 2423 3324 2476 λοιποὶ
3355 2423 3513 2486 Γάῖος
3553 2424 3660 2476 Πα-

2093 2518 2335 2591 ρατονίου
2363 2518 2460 2588 τῆς
2483 2517 2708 2585 ἔγγιστα
2743 2516 2854 2586 (58)
2894 2514 3120 2586 Λιϐύης,
3166 2514 3394 2582 Ἀγαθός
3438 2514 3660 2584 Φραγὼ·

2089 2627 2225 2673 νεως
2252 2609 2347 2663 καὶ
2371 2608 2570 2680 μέρους
2607 2606 2922 2678 Ἐλεαρχίας
2959 2607 3060 2675 τῆς
3081 2605 3392 2674 Αἰγύπτουο
3437 2606 3658 2677 Ἀμμώ-

2089 2718 2200 2765 νιος
2241 2699 2661 2772 Παχνεμούνεως
2683 2701 2777 2754 καὶ
2802 2699 2893 2751 τοῦ
2918 2697 3106 2752 λοιποῦ
3135 2699 3335 2769 μέρους
3364 2699 3463 2768 τῆς
3513 2699 3660 2751 Ἑλε-

2090 2791 2304 2863 αρχίας,
2345 2789 2749 2860 Ἀγαθοδαίμων
2772 2788 2992 2859 Σχεδίας
3016 2790 3110 2842 καὶ
3143 2789 3471 2843 Μενελαῒτου
3488 2804 3502 2819 ⁸
3526 2793 3662 2861 Δρα-

2090 2882 2299 2944 κόντιος
2346 2880 2760 2953 Ἐρμουπόλεως
2791 2881 3011 2951 μικρᾶς,
3043 2880 3318 2949 Ἀδέλφιος
3365 2880 3660 2949 Ὀνούφεως

2089 2976 2186 3044 τῆς
2217 2973 2462 3044 Λύχνων,
2501 2973 2740 3044 Ἑρμίων
2775 2971 2990 3036 Τάνεως
3009 3011 3024 3033 ,
3055 2971 3280 3042 Μάρκος
3316 2969 3540 3043 Ζύγρων
3566 2972 3662 3040 τῆς

2091 3065 2313 3134 ἔγγιστα
2351 3064 2577 3136 Λιϐύης,
2606 3063 2879 3134 Θεόδωρος
2921 3061 3233 3132 Ἀθρίϐεως,
3270 3062 3526 3131 ’Δνδρέας
3552 3062 3661 3131 (-39)

2103 3157 2458 3229 Ἀρσενοῒτου,
2513 3154 2846 3224 Παφνούτιος
2905 3153 3085 3218 Σὰεως
3109 3193 3125 3217 ,
3193 3154 3420 3226 Μάρκος
3467 3155 3659 3217 Φίλων,

2091 3247 2288 3311 Ζώῖλος
2324 3248 2554 3319 Ἀνδρω,
2577 3247 2770 3317 Μῆνας
2813 3245 3113 3316 Ἀντίφρων
3145 3245 3276 3317 (60).

2161 3339 2383 3403 Τούτοις
2409 3341 2501 3394 καὶ
2539 3338 2798 3404 Εὐσέϐιος
2827 3338 3113 3410 ὑπέγραψε
3169 3337 3488 3408 Ῥωμαϊστὶ,
3519 3329 3594 3390 ὧν
3628 3337 3660 3406 ὴ

2091 3428 2361 3502 ἑρμηνεία
2379 3444 2394 3459 ο

2173 3519 2313 3589 Ἐγὼ
2374 3519 2633 3584 Εὐσέϐιος
2685 3519 2984 3582 ἐπίσκοπος
3032 3517 3174 3573 κατὰ
3223 3517 3322 3588 τὴν
3377 3516 3662 3588 ἀκρίϐειαν

2091 3612 2244 3684 ὑμῶν
2275 3611 2371 3682 τὴν
2401 3614 2529 3682 παρ’
2582 3611 2859 3683 ἑκατέρων
2896 3611 3004 3664 τῶν
3039 3611 3218 3682 μερῶν
3243 3610 3662 3680 ὁμολογηθεῖσαν

2091 3703 2338 3773 ἀλλήλοις
2387 3702 2785 3774 συντιθεμένων
2814 3703 2942 3774 περὶ
2992 3701 3102 3756 τῶν
3158 3701 3530 3763 ὑποστάσεων,
3574 3700 3664 3754 κει)¹

2091 3794 2254 3858 αὐτὸς
2309 3793 2754 3866 συγκατεθέμην·
2805 3797 2869 3849 ού
2929 3795 3036 3866 μὴν
3074 3793 3212 3846 ἀλλὰ
3239 3793 3350 3863 (61)
3389 3793 3485 3845 καὶ
3539 3793 3665 3863 περὶ

2093 3883 2191 3954 τῆς
2221 3882 2547 3955 σαρκώσεως
2583 3884 2678 3937 τοῦ
2710 3885 2960 3956 Σωτῆρος
2990 3883 3167 3954 ἡμῶν,
3206 3885 3289 3935 ὅτι
3309 3882 3340 3932 ὁ
3383 3883 3478 3935 τοῦ
3530 3882 3664 3936 Θεοῦ

2094 3973 2242 4038 Υἱὸς,
2265 3975 2360 4028 καὶ
2399 3975 2681 4048 ἄνθρωπος
2705 3975 2925 4044 γέγονεν
2946 4017 2962 4040 ,
3002 3973 3284 4029 ἀναλαϐὼν
3329 3975 3508 4028 πάντα
3539 3975 3664 4029 ἄνευ

2093 4065 2387 4136 ἁμαρτίας,
2404 4059 2513 4129 οἷος
2539 4067 2568 4118 ό
2588 4065 2816 4129 παλαιὸς
2840 4066 2996 4137 ἡμῶν
3027 4065 3312 4137 ἄνθρωπος
3341 4064 3664 4135 συνέστηκε,
3759 4064 3767 4069 ’

2095 4156 2236 4210 κατὰ
2274 4155 2335 4210 τὸ
2389 4157 2490 4227 τῆς
2544 4157 2831 4227 ἐπιστολῆς
2892 4155 3025 4226 ὕφος
3087 4157 3498 4226 ἐπιστωσάμην.
3557 4157 3666 4209 Καὶ

2095 4250 2280 4321 ἐπειδὴ
2319 4249 2515 4316 ἔξωθεν
2564 4249 2783 4318 λέγεται
2833 4249 2895 4302 τὸ
2935 4252 3034 4320 τῆς
3075 4247 3342 4319 Σαῴικῆς
3386 4250 3665 4302 πιττάκιον

2094 4340 2281 4394 ἕνεκεν
2309 4339 2403 4392 τοῦ
2435 4339 2509 4412 μὴ
2533 4339 2684 4412 παρὰ
2715 4340 2812 4412 τὴν
2835 4342 2892 4394 ἐν
2922 4340 3126 4411 Νικαίᾳ
3153 4341 3337 4393 πίστιν
3365 4338 3542 4393 δοκεῖν
3575 4343 3663 4394 ἐκ·

2096 4429 2361 4495 τίθεσθαι,
2392 4431 2485 4482 καὶ
2517 4429 2629 4498 ἐγὼ
2657 4429 3141 4500 συγκατατίθεμαι,
3169 4431 3256 4485 ἵνα
3293 4429 3366 4501 μὴ
3398 4431 3432 4499 ἡ
3471 4429 3585 4500 (6-2.)
3611 4430 3664 4481 ἐν

439 4524 588 4578 clusa
619 4524 887 4588 videatur,
911 4539 1084 4594 neque
1105 4524 1483 4595 proferendam
1510 4541 1632 4581 eam
1654 4540 1775 4582 esse
1798 4525 1993 4582 sentio.

2101 4519 2306 4589 Νικαίᾳ
2338 4519 2519 4580 πίστις
2565 4518 2658 4577 διὰ
2711 4519 2900 4573 τούτου
2951 4519 3293 4573 ὲκκλείεσθαι
3324 4519 3473 4591 δόξῃ,
3533 4522 3664 4590 μήτε

439 4612 577 4685 Opto
609 4614 667 4671 in
697 4614 930 4671 Domino
953 4631 1050 4673 vos
1079 4617 1217 4673 bene
1237 4617 1452 4686 valered

471 5035 486 5087 Ι
511 4960 625 5034 (54)
665 4960 887 5034 Seguer.
915 4963 1114 5036 ὁμοίως
1136 4984 1194 5020 τε
1216 4969 1264 5020 οἱ
1306 4967 1475 5022 ἄλλοι.
1497 4965 1658 5033 Editi,
1685 4969 1885 5040 ὁμοίως
1905 4971 1999 5024 καί

438 5051 507 5088 οι.

511 5103 622 5174 (55)
659 5102 881 5181 _Segue_r.
917 5107 1089 5181 prima
1115 5123 1301 5173 manu,
1335 5108 1688 5181 Aouxitpepoc,
1737 5111 1994 5181 secunda,

438 5172 794 5244 Λουκιφέρου.
827 5172 1003 5231 Unum
1034 5172 1298 5232 duntaxat
1335 5172 1624 5234 diaconum
1670 5195 1701 5231 a
1747 5172 1998 5233 Lucifero

437 5244 671 5314 legatum
695 5255 920 5299 narrant
952 5247 1179 5302 Rufinus
1231 5248 1373 5301 Hist.
1405 5249 1613 5306 eccles.,
1639 5248 1733 5301 lib.
1763 5264 1801 5312 ι,
1828 5263 1876 5302 c.
1904 5249 1995 5314 27,

437 5313 948 5393 et'Sozom;_lib._v,
972 5332 1021 5370 c.
1046 5316 1362 5393 l‘Z.__Aitque
1391 5317 1537 5393 idem
1572 5317 1820 5393 Bullinus,
1853 5313 1996 5393 simi-

441 5383 669 5456 [iterque
713 5382 1083 5440 Theodoretus
1131 5387 1222 5440 lib.
1253 5382 1332 5450 Iit,
1363 5403 1481 5456 cap.
1507 5389 1558 5448 5,
1586 5386 1895 5440 Luciferum
1931 5389 1998 5442 ab

439 5451 950 5525 Eusebiorogatum
975 5465 1035 5510 ut
1055 5451 1443 5511 Alexandriam
1470 5472 1652 5512 secum
1686 5456 1999 5525 proficisce-

441 5531 610 5584 retur,
646 5523 697 5575 ld
726 5524 1000 5580 abnuisse.

513 5591 624 5658 (56)
666 5590 828 5661 Basil.
859 5596 971 5647 Οὐκ
1002 5595 1115 5648 ἔστι
1146 5595 1224 5661 δέ,
1256 5599 1415 5651 male.

512 5659 756 5735 (εἰη-δίο
784 5678 972 5717 omnes
1007 5659 1356 5735 manuscripli
1387 5676 1441 5721 et
1465 5665 1615 5721 editi.
1642 5665 1710 5719 At
1734 5665 1787 5719 in
1818 5665 2002 5721 Ηὶειο-

444 5729 524 5780 ria
557 5729 873 5800 Arianorum
919 5735 986 5786 ad
1021 5729 1316 5800 monachos,
1352 5753 1502 5791 num.
1535 5737 1624 5799 55,
1657 5737 2000 5794 restituimus

443 5811 508 5848 ex
543 5813 677 5852 mss.
708 5799 1033 5857 Βερκέλλων.

2097 4605 2235 4662 εἶναι
2269 4611 2685 4680 προκομιστέον.
2738 4609 3040 4682 Ἐρῤὦσθαι
3074 4611 3216 4681 ὑμᾶς
3254 4612 3312 4663 ἐν
3349 4611 3541 4682 Κυρίῳ
3579 4609 3666 4664 εύ-

2098 4715 2284 4768 χομαι.

2171 4974 2322 5029 Multi
2353 4992 2418 5030 ex
2453 4975 2857 5050 his__cpiscopis
2890 4979 3109 5049 relegati
3141 4996 3239 5050 pro
3263 4981 3535 5036 catholica
3567 4982 3664 5038 fide

2102 5048 2523 5122 recensenturin
2543 5045 2686 5122 llis}.
2718 5045 3038 5122 Arianorum
3067 5045 3446 5105 ari-monachos
3481 5070 3664 5122 supra.

2104 5130 2255 5189 num.
2293 5116 2384 5189 72,
2414 5116 2485 5189 _in
2519 5117 2774 5184 Apologia
2816 5121 2877 5172 de
2906 5120 3052 5189 fuga,
3090 5136 3242 5175 num.
3279 5122 3329 5185 7,
3361 5132 3415 5175 et
3449 5123 3500 5175 in
3535 5116 3666 5180 Apo-

2101 5185 2241 5252 logia
2289 5186 2358 5261 ad_
2385 5184 3008 5261 _Constanti_nu_m,_nuni.
3047 5190 3135 5243 Q7.
3174 5189 3244 5243 De
3266 5184 3668 5261 epiSCOpatibus

2103 5266 2282 5328 autem
2309 5255 2432 5328 vide
2462 5271 2625 5328 supra
2657 5255 2930 5312 Tabellam
2965 5255 3400 5328 geographicam.

2175 5324 2289 5391 (58)
2331 5323 2422 5380 Sic
2479 5323 2702 5397 Séguer.
2732 5337 2786 5381 et
2818 5323 3130 5382 Goblérian.
3164 5323 3269 5382 Alii
3303 5340 3358 5384 et
3389 5330 3546 5394 editi,
3581 5329 3668 5398 έγ-

2102 5409 2297 5550 γθῗῑξᾷ)
2329 5463 2503 5518 Editio
2535 5464 2746 5520 Comm.
2794 5466 3086 5540 Ἀνδρείας.
3126 5466 3247 5522 Mox
3281 5468 3503 5538 Seguer.
3554 5466 3596 5522 Ἀ
3613 5485 3672 5532 ρο

2105 5549 2509 5683 Ϊνῖῗξῗὶῖῗέιιὶιὶρ
2531 5604 3166 5683 ΟοωωηἊνδρωμηνᾶς
3214 5609 3492 5680 Αντιφρω.
3527 5607 3665 5664 Εάέι.

2104 5671 2281 5725 Paris.
2315 5674 2436 5739 Sag.
2472 5674 2635 5729 Basi1.
2673 5675 2812 5728 utin
2844 5671 3012 5730 texitur.

2335 5743 2510 5817 [Editio
2541 5745 2913 5817 (Somnusola,
2945 5747 3005 5797 0".-
3035 5746 3132 5817 μὲν
3158 5747 3312 5817 ἀλλὰ.

2182 5812 2291 5882 ((3:2)
2344 5811 2407 5864 ’Π
2435 5815 2587 5869 dccst
2611 5815 2664 5867 in
2693 5815 2822 5869 edit.
2856 5811 3104 5872 Parisfct
3135 5818 3186 5870 in
3217 5816 3379 5872 Basil.
3409 5817 3560 5873 solis.
