3966 6226
340 310 443 367 809

1496 289 1731 358 TOMUS
1765 292 1857 355 An
1890 290 2390 359 ANTIOCHENO‘S.

3448 308 3553 363 8l0

425 423 561 492 Ἐγὼ
606 423 874 493 Ἀστέριος
896 421 1194 476 συνευδοκῶ
1224 423 1335 485 τοῖς
1362 422 1887 493 προγεγραμμένοις,

2062 418 2172 491 Ego
2221 420 2468 476 Asterius
2499 412 2870 490 superioribus
2908 422 3125 494 scriptis
3154 424 3454 495 astipulor,
3496 434 3552 479 et

342 513 434 567 καὶ
470 512 743 584 ἐρρῶσθαι
782 514 923 583 ὑμᾶς
962 513 1018 564 ἐν
1046 511 1234 582 Κυρίῳ
1267 509 1517 581 εὔχομαι.

410 604 496 659 Η.
532 604 639 659 Καὶ
667 604 803 675 μετὰ
831 604 892 657 τὸ
928 604 1293 674 ἀποσταλῆναι
1349 604 1457 657 άπὸ
1499 602 1896 675 Ἀλεξανδρείας

342 691 427 744 τὸν
454 692 618 763 τόμον
673 692 878 756 τοῦτον,
937 692 1078 745 οὑτω
1150 691 1298 761 παρὰ
1326 691 1436 745 τῶν
1488 693 1895 764 προειρημένων

340 782 841 855 ὑπογεγραμμένον,
886 782 1022 854 μετὰ
1045 782 1217 837 ταῦτα
1253 783 1345 837 καὶ⁹
1375 783 1528 838 αὑτοὶ
1556 778 1891 854 ὑπέγραψαν*

418 868 561 942 Ἐγὼ
590 874 848 938 Παυλῖνος
866 875 974 946 (65)
1002 874 1141 928 οὑτω
1166 874 1375 947 φρονῶ,
1394 873 1573 938 καθὼς
1594 874 1896 945 παρέλαϐον

341 967 489 1038 παρὰ
519 968 625 1021 τῶν
658 970 1111 1041 Πατέρων,’οντα
1140 966 1231 1023 καὶ
1259 970 1539 1039 ὑφεστῶτα
1568 970 1782 1042 Πατέρα
1809 972 1896 1026 τέ-

339 1057 478 1111 λειον
515 1060 610 1112 καὶ
647 1060 930 1129 ὑφεστῶτα
968 1060 1093 1114 Υἰὸν
1119 1060 1340 1126 τέλειον,
1382 1061 1476 1114 καὶ
1505 1062 1805 1133 ὑφεστηκὸς
1835 1060 1896 1115 τὸ

340 1144 561 1221 Πνεῦμα
600 1150 660 1204 τὺ
701 1152 855 1221 ἅγιον
902 1152 1126 1206 τέλειον.
1158 1151 1250 1205 Διὸ
1284 1152 1375 1206 καὶ
1412 1153 1745 1223 ἀποδέχομαι
1782 1152 1892 1225 (64)

335 1242 433 1312 τὴν
481 1240 980 1316 προγεγραμμένην
1032 1239 1327 1315 ἑρμηνείαν
1376 1244 1504 1317 περὶ
1564 1245 1673 1297 τῶν
1729 1246 1895 1317 τριῶν

336 1333 702 1400 ὑποστάσεων,
732 1336 826 1389 καὶ
854 1336 953 1407 τῆς
986 1337 1113 1406 μιᾶς
1137 1337 1502 1401 ὑποστάσεως,
1534 1333 1652 1407 ἦτοι
1684 1334 1891 1400 οὐσίας,

334 1425 426 1477 καὶ
451 1426 577 1488 τοὺς
600 1426 927 1496 φρονοῦντας
953 1422 1144 1491 οὑτως.
1192 1428 1426 1491 Εὐσεϐὲς
1456 1428 1563 1499 γάρ
1610 1429 1724 1481 ἐστι
1764 1446 1895 1499 φρο-

334 1518 441 1567 νεῖν
468 1517 561 1569 καὶ
591 1518 870 1588 ὁμολογεῖν
894 1519 991 1591 τὴν
1023 1519 1183 1589 ἁγίαν
1213 1520 1415 1592 Τριάδα
1449 1520 1505 1574 ὲν
1536 1522 1634 1591 μιᾷ
1661 1521 1890 1590 θεότητι.

334 1605 441 1658 Καὶ
469 1606 597 1677 περὶ
628 1607 730 1677 τῆς
756 1608 1216 1680 ὲνανθρωπήσεως
1249 1609 1304 1662 δὲ
1331 1610 1430 1680 τῆς
1464 1609 1531 1662 δι’
1562 1611 1709 1679 ἡμᾶς
1741 1626 1893 1677 γενοί-

336 1694 500 1766 μένης
528 1696 622 1751 τοῦ
653 1698 826 1767 Λόγου
865 1699 960 1752 τοῦ
1008 1699 1219 1770 Πατρὸς
1259 1698 1401 1753 οὓτω
1448 1700 1655 1769 φρονῶ,
1709 1698 1891 1765 καθὼς

331 1787 635 1857 γέγραπται
658 1826 674 1854 ,
718 1791 822 1855 ὅτι,
863 1791 1002 1845 κατὰ
1042 1792 1132 1845 τὸν
1168 1792 1438 1861 Ἰωάννην,
1471 1794 1499 1845 ὁ
1530 1792 1701 1861 Λόγος
1752 1792 1889 1864 σὰρξ

333 1878 574 1960 ἐγένετω
600 1880 660 1933 οὑ
703 1880 842 1935 κατὰ
886 1882 1012 1945 τοὺς
1048 1882 1440 1945 ἀσεϐεστάτους
1475 1883 1600 1946 τοὺς
1637 1882 1890 1951 λέγοντας

334 1967 631 2038 μεταϐολὴν
653 1968 814 2024 αὑτὸν
840 1969 952 2041 (65)
978 1971 1319 2033 πεπονθέναι,
1350 1970 1462 2023 ἀλλ’
1487 1971 1568 2025 ὅτι
1608 1971 1889 2042 ἄνθρωπος

329 2058 394 2111 δι’
422 2061 571 2129 ἡμᾶς
603 2061 853 2129 γέγονεν,
901 2064 965 2115 ὲκ
1006 2063 1102 2133 τῆς
1142 2064 1300 2131 ἁγίας
1342 2061 1619 2135 Παρθένου
1671 2063 1890 2134 Μαρίας

331 2150 422 2203 καὶ
456 2149 612 2219 ἁγίου
640 2151 951 2222 Πνεύματος
988 2154 1285 2226 γεννηθείς.
1331 2153 1465 2208 Οὑτε
1511 2155 1620 2225 γὰρ
1660 2153 1886 2225 ἄψυχον,

329 2237 449 2292 οὔτε
477 2241 816 2313 ἀναίσθητον,
853 2243 974 2297 οὑτε
1026 2245 1251 2315 ἀνόητον
1308 2245 1467 2316 σῶμα
1513 2241 1655 2316 εἶχεν
1707 2248 1735 2298 ὁ
1778 2246 1889 2298 Σω-

329 2331 431 2401 τήρ
471 2331 614 2399 (66)·
646 2331 766 2385 οὔτε
795 2334 903 2406 γὰρ
941 2332 1050 2389 οἷόν
1086 2336 1134 2388 τ’
1168 2332 1259 2407 ἦν,
1298 2335 1391 2389 τοῦ
1432 2336 1634 2408 Κυρίου
1681 2336 1889 2409 ἀνθρώ-

329 2437 429 2473 που
483 2421 550 2474 δι’
588 2424 733 2493 ἡμᾶς
766 2424 1076 2496 γενομένου,
1132 2423 1354 2498 ἀνόητον
1416 2424 1553 2483 εῖναι
1614 2427 1777 2483 αὑτοῦ
1828 2424 1890 2482 τὸ

331 2509 508 2581 σῶμα.
542 2511 702 2565 Ὅθεν
732 2513 1110 2585 άναθεματίζω
1138 2517 1261 2580 τοὺς
1305 2518 1403 2589 τὴν
1431 2519 1488 2570 ὲν
1520 2517 1726 2588 Νικαίᾳ
1759 2519 1889 2588 ὁμο-

330 2598 647 2673 λογηθεῖσαν
688 2604 865 2658 πίστιν
902 2604 1244 2673 άθετοῦντας,
1282 2609 1375 2661 καὶ
1428 2607 1503 2679 μὴ
1536 2606 1788 2676 λέγοντας
1825 2609 1889 2660 ὲκ

329 2692 426 2762 τῆς
447 2693 633 2757 οὐσίας
659 2694 751 2748 τοῦ
774 2695 1006 2767 Πατρὸς.
1034 2697 1127 2749 καὶ
1163 2697 1447 2768 ὁμοοὺσιον
1484 2694 1622 2751 εἶναι
1652 2698 1742 2751 τὸν
1764 2693 1890 2751 Υἱδν

328 2780 405 2851 τῷ
420 2782 612 2853 Πατρί.
645 2783 1044 2854 Ἀναθεματίζω
1063 2785 1117 2838 δὲ
1142 2786 1267 2849 τοὺς
1295 2786 1549 2855 λέγοντας
1570 2787 1630 2839 τὸ
1662 2771 1887 2857 Πνεῦμα

327 2873 387 2926 τὸ
419 2873 571 2941 ἅγιον
609 2874 812 2944 κτίσμα
840 2876 905 2928 δι’
946 2876 1075 2928 Υἰοῦ
1113 2877 1349 2945 γεγονός.
1382 2877 1500 2930 Ἔτι
1532 2877 1587 2931 δὲ
1613 2876 1888 2947 ἀναθεμα-

326 2963 457 3026 τίζω
487 2964 773 3018 Σαϐελλίου
804 2965 914 3036 (67)
955 2968 1047 3020 καὶ
1084 2968 1376 3031 Φωτεινοῦ,
1410 2968 1504 3021 καὶ
1532 2970 1711 3022 πᾶσαν
1735 2967 1888 3039 αἵρε-

327 3071 434 3121 σιν,
481 3056 706 3127 στοιχῶν
744 3061 811 3129 τῇ
849 3058 1024 3113 πίστει
1073 3062 1138 3131 τῇ
1168 3060 1308 3115 κατὰ
1335 3061 1591 3125 Νίκαιαν,
1623 3059 1720 3113 καὶ
1753 3061 1887 3113 πᾶσι
1914 3094 1957 3153 c

324 3149 434 3209 τοῖς
466 3149 994 3220 προγεγραμμένοις.
1023 3150 1324 3222 Ἐρρῶσθαι
1345 3153 1487 3223 ὑμᾶς
1524 3150 1752 3222 εὔχομαι
1775 3149 1885 3219 ἐγὼ

325 3236 629 3309 Καρτέριος
663 3238 793 3311 (68).

420 3413 512 3483 65)
552 3412 675 3469 Hrc
728 3413 940 3485 Paulini
995 3415 1320 3485 subscriptio
1361 3422 1417 3485 et
1446 3414 1567 3469 ﬁdei
1610 3412 1881 3485 professio

329 3483 559 3537 habetur
586 3485 727 3554 apud
759 3483 1119 3554 Epiphaniqu
1159 3483 1348 3540 hércsi
1373 3484 1460 3551 77,
1488 3500 1544 3554 ι).
1572 3484 1733 3547 1015,
1756 3498 1881 3554 cum

329 3555 433 3607 hoc
467 3553 645 3643 titulo,
663 3553 1017 3643 :Avtixpacpp‘v
1044 3555 1223 3643 χειρὸς
1247 3553 1516 3643 Πὶαυλίνου
1545 3553 1885 3643 τοῦ-ἐπισκά-

327 3640 452 3689 που,
486 3634 539 3678 ει
564 3635 772 3692 postea,
791 3623 929 3693 Ἐγὼ
955 3623 1214 3688 Παυλῖνος
1239 3625 1267 3676 ὁ
1289 3624 1605 3687 ἐπίσκοπος.
1636 3623 1760 3678 Mox
1791 3623 1885 3677 ibi-

327 3692 610 3773 δοιὼ-ἀπὸ
636 3693 742 3773 τῶν
758 3694 1042 3773 ’Πατέρωνε
1067 3693 1222 3773 lianc
1245 3694 1366 3773 fidei
1411 3694 1802 3773 professionem
1828 3693 1882 3747 in

328 3764 536 3831 synodo
560 3764 894 3833 Antiochena
914 3762 1044 3818 anni
1067 3764 1189 3827 365,
1209 3762 1444 3833 primum
1465 3764 1664 3818 editam
1688 3762 1878 3826 fuisse,

325 3833 644 3886 existimant
687 3832 952 3888 Baronius
989 3844 1041 3889 et
1075 3832 1444 3899 Hermantius,
1474 3834 1673 3902 quibus
1702 3842 1881 3886 tamen

327 3902 590 3973 reiragari
633 3903 843 3957 videtur
888 3904 1224 3973 Epiphanius
1277 3903 1431 3973 hisce
1468 3904 1650 3973 verbis
1679 3920 1692 3956 :
1719 3902 1884 3973 Μετὰ

326 3966 596 4034 ἰκθέσῖεως
640 3973 916 4043 ἐγγράφου
933 3966 1096 4044 ’ἡμᾶς
1140 3973 1371 4039 ἔπεισεν,
1398 3966 1466 4095 ἧς
1495 3972 1592 4063 ήδη
1624 3972 1884 4043 πρότερον

328 4042 618 4095 ἀπολογίας
683 4044 839 4095 γάοιν
900 4044 1033 4095 πρὸς
1083 4043 1173 4095 τὸν
1230 4060 1413 4095 μακαο
1437 4059 1535 4095 ττιν
1586 4041 1884 4094 Αθανάσιον

328 4042 618 4114 άπολογίας
683 4041 839 4113 χάριν
900 4041 1033 4114 πρδς
1060 4043 1173 4114 κτὸν
1229 4041 1535 4114 μακαρίτην
1573 4041 1884 4114 Ἀθανάσιον

328 4111 620 4197 ἐποιήσατο
648 4111 769 4197 ,τὴν
808 4111 1614 4197 συγκατάθεσινίΠροσήνεγκξ.
1636 4111 1743 4197 γὰρ
1789 4112 1884 4165 καὶ

325 4180 767 4261 ἐπέδωκεν-ἡμῖν
798 4180 1011 4261 ς·ι;ιζ.-ὑ⁴ι-·ηςΔ
1031 4183 1114 4261 τὸ-
1125 4180 1450 4261 ἀντίγραφον
1476 4180 1886 4261 ’μεθ’-ὑπογρα-

327 4250 457 4321 φῆς,
486 4250 669 4319 σαφῶς
684 4250 821 4323 περὶ
847 4250 1072 4323 Τριάδος
1091 4252 1210 4323 ἕχον
1231 4250 1387 4322 ὁμοῦ,
1406 4250 1647 4323 καὶπερὶ
1677 4250 1765 4303 νοῦ
1786 4250 1885 4321 τῆς

327 4320 685 4373 τοῦ.Χοιστοῦ
712 4320 1190 4373 ἐνανθοωπήσεως.
1226 4324 1369 4373 γειοὶ
1392 4321 1555 4373 αὑτοῦ
1582 4320 1674 4373 τοῦ
1709 4337 1886 4373 μακα-

324 4337 495 4373 του.Ᾱ
540 4337 685 4373 ιστου
712 4337 1190 4393 ενανυρωπησεως,
1226 4340 1308 4391 χει
1352 4337 1555 4375 ιαυτου
1582 4338 1674 4373 του
1709 4337 1886 4389 μακα-

326 4338 715 4473 ρίτουὶῖιατρὸς
748 4392 903 4472 ῂμῶν
940 4392 1273 4473 ’έὶθσινασίουἵ
1308 4342 1365 4473 Γᾶ
1395 4400 1479 4447 est
1512 4409 1526 4445 :
1563 4390 1675 4445 Nos
1704 4390 1888 4473 (“Pauf

325 4461 491 4532 tinus)
524 4461 906 4532 perscriptum
934 4462 1056 4532 ﬁdei
1098 4463 1479 4532 expositionem
1494 4462 1775 4532 persuasit,
1799 4461 1885 4513 cui

318 4531 436 4599 jam
459 4540 635 4590 antea,
658 4531 740 4583 sui
762 4531 901 4599 apud
926 4531 1087 4585 beata:
1106 4532 1367 4585 memoria:
1391 4531 1737 4584 Athanasium
1758 4546 1885 4599 pur—

325 4600 485 4669 gandi
515 4616 697 4670 causa,
731 4616 1000 4654 assensum
1030 4601 1345 4670 praebuerat.
1378 4600 1550 4670 Hujus
1573 4601 1709 4653 enim
1738 4600 1883 4653 nobis

1996 518 2123 580 opto
2157 511 2209 564 in
2240 508 2471 566 Domino
2503 527 2597 565 vos
2629 513 2762 566 bene
2791 513 2987 567 valere.

2066 602 2153 656 11.
2176 600 2465 673 Postquam
2482 612 2659 657 autem
2691 612 2868 659 tomus
2894 603 2980 658 hic
3003 604 3326 661 Alexandria
3349 606 3550 662 missus

1994 699 2112 758 est,
2147 707 2178 746 a
2220 707 2385 762 supra
2417 694 2576 748 dictis
2622 696 2693 747 ita
2732 695 3105 764 subscriptus,
3142 706 3329 766 postea
3362 708 3417 754 et
3445 699 3547 770 ipsi

1993 798 2207 853 quoque
2229 783 2591 854 (Antiocheni)
2622 785 2698 839 ita
2728 786 3130 856 subscripsere:

2068 873 2176 942 Ego
2230 874 2489 930 Paulinus
2542 877 2622 931 sic
2671 878 2846 933 sentio
2875 887 2935 933 ut
2979 895 3009 933 a
3036 878 3284 936 Patribus
3321 882 3544 950 accepi:

1995 958 2126 1015 Esse
2155 970 2209 1016 et
2241 964 2535 1019 subsistere
2562 963 2777 1020 Patrem
2807 966 3101 1035 perfectura
3125 1010 3140 1036 ,
3176 976 3231 1024 et
3256 970 3552 1026 subsistere

1994 1050 2190 1104 Filium
2227 1052 2519 1121 perfectum
2545 1093 2560 1117 ,
2611 1063 2663 1109 et
2695 1056 2989 1112 subsistere
3013 1056 3272 1127 Spiritum
3300 1069 3551 1115 sanctum

1994 1138 2312 1210 perfectum.
2348 1141 2688 1214 Quapropter
2717 1148 2956 1216 approbo
2988 1164 3152 1220 supra
3192 1152 3451 1221 scriptam
3486 1152 3553 1206 de

1996 1232 2168 1287 tribus
2214 1232 2596 1303 hypostasibus
2636 1245 2690 1290 et
2733 1239 2799 1292 de
2831 1255 2933 1293 una
2963 1241 3236 1311 hypostasi
3269 1243 3384 1297 sive
3429 1243 3554 1299 sub-

1994 1326 2189 1379 stantia
2226 1326 2719 1396 interpretationem
2736 1362 2759 1394 -,
2802 1332 3039 1403 itemque
3074 1349 3167 1389 eos
3196 1336 3291 1405 qui
3320 1336 3393 1391 ita
3424 1351 3554 1391 cen-

1995 1422 2133 1467 sent.
2156 1411 2312 1467 Pium
2341 1414 2485 1469 enim
2512 1426 2595 1471 est
2620 1427 2860 1474 sanctam
2883 1419 3199 1477 Trinitatem
3230 1423 3285 1477 in
3310 1440 3415 1478 una
3438 1424 3554 1479 dei-

1992 1513 2102 1560 tate
2134 1506 2337 1561 sentire
2360 1516 2523 1577 atque
2554 1509 2818 1564 confiteri.
2872 1511 2945 1567 De
2972 1512 3341 1571 incarnatione
3366 1526 3549 1572 autem

2000 1593 2155 1650 Verbi
2183 1594 2362 1653 Patris
2394 1608 2611 1667 propter
2648 1615 2748 1655 nos
2782 1599 2941 1667 facta,
2976 1604 3047 1658 ita
3075 1606 3285 1670 sentio,
3322 1616 3381 1661 ut
3408 1608 3549 1663 scri-

1993 1696 2144 1757 ptum
2177 1699 2278 1755 est,
2313 1705 2506 1759 nempe
2535 1694 2829 1747 secundum
2856 1692 3140 1762 Joannem,
3167 1695 3405 1753 Verbum
3426 1714 3554 1754 car-

1992 1793 2113 1832 nem
2143 1777 2346 1834 factum
2372 1794 2492 1835 esse
2521 1797 2534 1835 :
2568 1796 2675 1836 non
2705 1798 2862 1848 vero,
2898 1794 2957 1840 ut
2988 1785 3295 1855 impiissimi
3328 1790 3550 1859 quidam

1989 1871 2195 1936 dicunt,
2219 1872 2394 1941 ipsum
2413 1875 2763 1929 mutationem
2787 1892 2907 1932 esse
2933 1894 3184 1947 passum;
3212 1879 3307 1935 sed
3329 1892 3551 1951 propter

1989 1974 2090 2015 nos
2123 1960 2394 2016 hominem
2445 1960 2646 2017 factum
2681 1979 2799 2020 esse
2821 2003 2837 2030 ,
2885 1982 3059 2037 exque
3104 1980 3291 2024 sancta
3326 1968 3548 2041 Virgine

1988 2051 2191 2117 Maria,
2234 2062 2288 2106 et
2340 2067 2407 2108 ex
2436 2051 2641 2123 Spiritu
2672 2070 2860 2111 sancto
2888 2072 3008 2112 esse
3052 2060 3312 2129 genitum.
3365 2059 3552 2130 Neque

1989 2141 2132 2195 enim
2180 2142 2571 2212 inanimatum,
2626 2156 2719 2201 aut
2749 2163 2942 2205 sensus
2973 2165 3198 2220 expers,
3238 2163 3334 2208 aut
3372 2166 3551 2210 mente

1989 2247 2182 2290 carens
2214 2249 2413 2304 corpus
2445 2237 2631 2291 habuit
2669 2236 2916 2295 Salvator
2943 2257 2958 2307 ;
2989 2258 3114 2296 nam
3159 2245 3273 2299 tieri
3315 2260 3424 2300 non
3453 2261 3552 2316 po-

1989 2324 2128 2390 tuit,
2179 2333 2239 2379 ut
2293 2341 2416 2381 cum
2449 2325 2706 2384 Dominus
2736 2345 2836 2399 pro
2867 2331 3024 2387 nobis
3060 2332 3225 2389 homo
3256 2334 3429 2391 factus
3458 2337 3550 2400 sit,

1989 2428 2189 2484 corpus
2241 2415 2358 2486 ejus
2401 2427 2579 2472 mente
2629 2420 2882 2475 caruerit.
2937 2420 3170 2493 Ideoque
3206 2426 3555 2481 anathemate

1989 2504 2188 2561 damno
2216 2522 2310 2562 eos
2350 2508 2443 2578 qui
2477 2508 2635 2564 ﬁdem
2676 2509 2865 2567 Nicaszc
2896 2514 3288 2586 promulgatam
3323 2517 3554 2587 vilipen-

1990 2596 2158 2661 dunt,
2189 2606 2242 2653 et
2274 2597 2366 2668 qui
2396 2610 2595 2670 negant
2626 2599 2821 2656 Filium
2845 2619 2912 2658 ex
2937 2604 3234 2659 substantia
3260 2603 3464 2675 Patris,
3494 2617 3552 2664 et

1989 2688 2138 2746 Patri
2171 2692 2689 2748 consubstantialem
2736 2708 2876 2749 esse.
2945 2696 3302 2752 Anathemate
3330 2714 3552 2771 quoque

1989 2782 2190 2839 damno
2219 2798 2311 2839 eos
2336 2784 2429 2855 qui
2462 2784 2648 2839 dicunt
2674 2784 2932 2855 Spiritum
2965 2796 3211 2841 sanctum
3243 2797 3551 2845 creaturam

1990 2891 2111 2933 esse
2139 2891 2172 2931 a
2196 2876 2335 2932 Filio
2366 2875 2586 2932 factam.
2650 2876 3059 2950 Anathematizo
3088 2895 3305 2950 quoque
3331 2879 3550 2936 Sabelli?

1989 2976 2040 3023 et
2072 2967 2287 3023 Photini
2309 2977 2363 3022 et
2404 2944 2788 3038 quamcunqtﬁ
2815 2967 2975 3022 aliam
3004 2969 3230 3024 heresin
3252 3011 3268 3037 ,
3297 2970 3552 3027 incedens

1991 3058 2287 3115 secundum
2316 3058 2588 3115 Nicaznam
2628 3058 2785 3113 ﬁdem
2806 3098 2821 3123 ,
2849 3069 2901 3114 et
2924 3059 3217 3115 secundum
3246 3062 3429 3117 omnia
3454 3078 3553 3118 su-

1990 3149 2173 3221 perius
2201 3149 2425 3219 scripta.
2458 3147 2650 3203 Valere
2670 3163 2765 3204 vos
2789 3158 2916 3218 opto
2961 3164 3063 3221 ego
3092 3149 3369 3208 Carterius

1982 3426 2107 3466 nem
2143 3420 2254 3465 tum
2288 3410 2523 3479 primum
2560 3409 2754 3463 editam
2782 3407 2953 3479 fuisse
2980 3424 3104 3464 cum
3131 3418 3314 3465 tomus
3341 3410 3408 3465 ad
3431 3410 3547 3466 An-

1982 3478 2658 3537 tiochenses’Autiochiam
2684 3478 3042 3539 pervenisset.
3071 3489 3131 3532 ut
3155 3480 3244 3533 hic
3272 3480 3437 3535 etiam
3461 3482 3545 3535 in—

1981 3553 2188 3616 nuitur,
2220 3550 2323 3603 hoc
2370 3560 2456 3605 est
2493 3563 2638 3603 anno
2668 3548 2795 3610 562.
2824 3548 3222 3618 Paulinumque
3270 3564 3414 3603 anno
3458 3566 3546 3605 se-

1982 3622 2167 3688 quenti
2204 3619 2329 3685 565,
2362 3618 2663 3689 Epiphanio
2692 3619 2919 3689 aliisque
2956 3618 3309 3689 Antiochensi
3342 3621 3537 3689 synodi

1980 3686 2257 3751 Patribus,
2290 3686 3228 3758 hujusprofessionisapogrgphum
3258 3686 3542 3758 obtulisse.

2054 3760 2161 3831 (64)
2186 3758 2268 3831 ita
2293 3755 2710 3831 Ep'iphan._Seg_.
2745 3767 2799 3811 et
2817 3755 2989 3831 Basili
3014 3755 3161 3831 Editi
3191 3758 3350 3831 male,
3373 3757 3545 3831 άπεὺα

1982 3825 2166 3901 χομαι.
2200 3825 2408 3884 Ibidem
2427 3825 2783 3898 Epiphanius,
2810 3826 3103 3898 ἑρμηνείαν
3124 3825 3286 3898 τριῶν
3310 3827 3547 3882 ὑποστά-

1985 3916 2141 3953 σεων.

2056 3970 2165 4039 (65)
2204 3966 2280 4039 ita
2308 3965 2678 4039 Seguerianus
2707 3975 2760 4019 et
2781 3965 3047 4039 Epiphan.
3096 3966 3419 4039 Editivero,
3440 3966 3539 4039 αὑ-

1981 4035 2101 4110 τήν.
2134 4035 2276 4110 Infra
2302 4035 2666 4106 Seguerianus
2696 4047 2820 4105 post
2857 4035 3136 4108 Παρθένου
3169 4036 3330 4093 habet
3359 4036 3538 4090 θεοτό-

1983 4109 2081 4162 κου
2114 4109 2281 4163 solus.
3098 4142 3103 4145 -

2056 4178 2166 4248 (66)
2206 4176 2336 4231 Post
2376 4172 2520 4246 εἶχεν
2568 4177 2596 4228 ὁ
2625 4176 3063 4248 ξΣωτήρηοιηηεε
3096 4174 3377 4248 Epiphanii
3403 4176 3541 4248 editi

1984 4243 2185 4326 habent
2212 4248 2305 4326 καὶ
2331 4248 2387 4299 ὲν
2507 4246 2647 4317 χειρὶ
2670 4247 2762 4300 τοῦ
2777 4243 3342 4326 ’ίΑθανασίου,ξμίἱι)ιιε
3371 4247 3542 4315 signi-

1984 4318 2178 4373 ﬁcatur
2222 4318 2337 4371 haec
2381 4316 2542 4371 verba
2588 4332 2655 4371 ex
2704 4331 2864 4385 opere
2890 4316 3174 4370 Athanasii
3204 4330 3366 4369 manu
3404 4332 3542 4370 con-

1984 4389 2189 4458 scripto
2238 4388 2524 4455 desumpta
2557 4402 2697 4458 esse,
2746 4395 2806 4458 ut
2838 4386 3090 4458 superius
3136 4386 3300 4458 etiam
3332 4386 3541 4458 dictum

1984 4454 2115 4525 esti
2139 4459 2319 4511 sintne
2347 4454 2527 4510 autem
2558 4455 2789 4523 Paulini,
2816 4470 2886 4509 an
2923 4454 3234 4526 Epiphanii,
3261 4455 3347 4511 vel
3376 4456 3543 4510 libra-

1984 4529 2054 4581 rii
2082 4526 2388 4597 cujusdam,
2416 4526 2743 4597 noniliquet.

2057 4595 2168 4667 (67)
2212 4595 2357 4667 Seg.,
2374 4595 2481 4667 οιαὶ
2512 4595 2815 4667 Σαϐελλίου.

323 4662 698 4746 exemplaria
736 4686 791 4723 se
837 4662 1187 4746 subscriptum
1223 4670 1425 4746 obtulit
1447 4662 1785 4746 t'raaiditque,
1826 4670 1883 4746 in
1912 4692 1957 4746 ο
2056 4662 2168 4737 (68)
2362 4663 2602 4746 (ξοὺικει
2646 4664 2882 4746 Ιξξειειίιῐξζ
2914 4666 3122 4746 primus
3162 4672 3287 4746 post
3320 4662 3542 4746 ΔΚαρτέ-

325 4755 424 4806 quo
454 4739 518 4792 de
550 4737 829 4802 Trinitate,
853 4749 902 4793 et
929 4737 1047 4793 una
1066 4740 1129 4794 de
1165 4750 1328 4794 mente
1362 4739 1557 4794 Christi
1596 4737 1881 4806 incarnati,

322 4823 386 4862 ea:
405 4809 569 4876 ipsius
591 4809 753 4862 beata:
775 4811 1036 4863 memoria:
1058 4809 1235 4864 Patris
1257 4810 1423 4863 nostri
1445 4809 1723 4863 Athanasii
1747 4809 1880 4861 scri-

323 4889 428 4946 pto,
446 4880 647 4949 fdisertg
673 4878 942 4949 agebatur.
969 4879 1177 4945 Quibus
1208 4894 1313 4934 non
1342 4880 1573 4949 obscure
1601 4878 1877 4949 signiﬁca-

326 4958 412 5003 tur
440 4948 585 5004 hanc
613 4946 829 5005 Paulini
847 4950 1299 5021 subscriptionem
1318 4948 1552 5019 ﬁdeique
1576 4946 1873 5020 professio-

624 5773 904 5839 ΡΑτιιοῐ..
936 5771 1051 5833 Gtt.
1074 5768 1304 5831 XXVI.

1989 4733 2121 4809 ριος,
2151 4733 2356 4809 addunt
2376 4733 2514 4809 {ora
2525 4734 2582 4788 δὲ
2607 4734 2811 4809 πολέως
2842 4733 3060 4809 Συρίας,
3082 4733 3225 4809 quOd
3254 4741 3337 4809 est
3359 4733 3541 4809 cujus-

1984 4802 2426 4888 dami‘glossema:
2477 4806 2704 4888 Qarterii
2738 4802 2980 4886 meminit
3023 4802 3535 4888 AthanasijtisuAn-

1983 4870 2164 4932 taradi
2218 4876 2450 4947 civitatis
2494 4873 2662 4947 Syrias
2711 4874 2986 4946 episcopi,
3045 4871 3196 4940 Apol.
3267 4871 3331 4924 de
3381 4870 3533 4939 fuga,

1980 4965 2082 5003 sua
2113 4963 2265 5004 num.
2304 4946 2355 5002 5.
