3966 6226
424 378 522 432 8H
985 374 1041 429 S.
1084 373 1450 430 ATHANASII
1488 374 1635 432 OPP.
1679 372 1860 429 PARS
1897 373 1932 426 I.
1972 406 2039 414 ——
2079 373 2447 429 HISTORICA
2488 373 2572 428 ΕΤ
2613 375 3029 431 DUGMATICA.
3538 371 3670 435 8ίῖ

437 617 2212 642 -————-————g_—-————————————-—————

1665 721 1670 726 ’
1747 781 2315 874 MONITUM

1012 981 1079 1039 In
1112 977 1446 1056 sequentia
1479 976 1786 1046 onuscula
1818 976 2070 1036 Joviani
2119 974 2520 1054 imperatoris
2553 981 2832 1053 tempore
2862 970 3030 1042 edita

492 1303 711 1380 621l.
744 1303 1030 1373 Postquam
1059 1297 1309 1350 Iulianus
1332 1295 1581 1363 Apostata
1619 1295 1912 1347 miserrima
1941 1311 2058 1348 nece
2085 1295 2323 1348 sublatus
2340 1306 2440 1357 est,
2473 1310 2662 1365 magna
2678 1293 3104 1352 Christianorum
3127 1300 3278 1356 rebus
3299 1302 3392 1356 lux
3418 1305 3637 1374 effulsit,

420 1416 540 1452 cum
580 1398 836 1450 Iovianus
869 1395 921 1446 in
942 1392 1053 1461 ejus
1087 1389 1188 1460 fuit
1211 1387 1383 1440 locum
1412 1386 1783 1454 inauguratus.
1821 1383 1876 1436 Is
1904 1395 1959 1439 ut
1996 1394 2130 1450 erat,
2159 1394 2284 1438 teste
2311 1383 2559 1453 Gregorio
2590 1383 2959 1452 Nasianzeno,
2995 1388 3130 1441 mira
3155 1391 3350 1459 pietate
3374 1395 3640 1454 animique

423 1489 638 1543 lenitate
675 1487 954 1558 pra’ditus,
977 1482 1215 1535 exsulum
1237 1481 1596 1550 episcoporum
1627 1480 1946 1533 revocatione
1969 1480 2244 1548 imperium
2276 1488 2352 1532 est
2373 1477 2698 1546 auspicatus.
2729 1479 2864 1533 Ante
2893 1497 3067 1538 omnes
3096 1494 3269 1538 autem
3295 1487 3640 1545 Athanasium

315 1637 328 1654 τ
423 1590 648 1643 exsulem
683 1579 930 1642 restituit,
963 1593 1050 1646 qui
1079 1573 1313 1627 omnibus
1344 1575 1532 1626 virtute
1555 1576 1926 1643 prwstabat,et
1948 1588 2042 1640 pro
2069 1574 2264 1640 pietate
2293 1573 2403 1626 sine
2426 1571 2538 1625 ulla
2565 1571 2892 1628 dubitatione
2926 1585 3251 1644 oppugnatus
3283 1578 3479 1647 fuerat.
3509 1581 3640 1635 Λύει

420 1690 542 1754 μὲν,
565 1685 640 1734 sic
673 1677 975 1748 Gregorius,
1004 1671 1115 1733 τοῖς
1143 1671 1459 1733 ἐπισκόποις
1490 1669 1587 1740 τὴν
1619 1669 1854 1740 ἐξορίαν,
1886 1671 1996 1732 τοῖς
2023 1687 2082 1722 τε
2111 1668 2290 1732 ἄλλοις
2319 1668 2510 1733 ἅπασι,
2545 1672 2640 1724 καὶ
2673 1671 2777 1744 πρὸ
2810 1670 3024 1725 πάντων
3065 1673 3141 1744 τῷ
3171 1674 3275 1746 πρὸ
3305 1676 3521 1732 πάντων
3545 1678 3642 1752 τὴν

418 1778 637 1848 ἀρετὴν,
665 1774 757 1826 καὶ
789 1767 1064 1840 προδήλως
1097 1765 1236 1835 ὑπὲρ
1263 1765 1359 1834 τῆς
1381 1765 1661 1828 εὐσεϐείας
1692 1765 1984 1838 πολεμηθέη

2103 1764 2239 1819 lluic
2266 1766 2544 1834 epistolam
2574 1769 2744 1836 primo
2767 1768 2910 1821 misit
2936 1769 3220 1836 imperator
3253 1772 3317 1826 ab
3344 1773 3640 1845 Epiphanio

419 1879 785 1929 memoratam,
822 1863 970 1918 liter.
994 1873 1184 1922 vam,
1219 1872 1273 1925 p.
1303 1855 1426 1922 726,
1455 1873 1611 1925 quam
1637 1873 1730 1910 suo
1759 1855 1870 1910 loco
1897 1858 2250 1921 restituentes,
2281 1857 2508 1925 priorem
2540 1857 2622 1910 hic
2643 1857 2934 1925 posuimus,
2967 1858 3056 1912 ubi
3079 1861 3428 1918 Athanasium
3451 1867 3641 1933 patria:

421 1966 769 2032 Ecclesiwque
787 1959 1074 2019 remittens,
1098 1952 1210 2019 ejus
1245 1952 1486 2004 virtutem
1519 1953 1785 2022 animique
1809 1953 2116 2021 firmitatem
2131 1952 2318 2022 quanti
2339 1953 2504 2021 faciat
2542 1954 2875 2021 testiﬁcatur.
2893 1951 3061 2006 Porro
3085 1951 3306 2009 Joviano
3323 1954 3530 2010 litteras
3550 1957 3642 2010 εὐ-

419 2055 801 2130 χαριστηρίους
843 2045 1168 2115 rescripsisse
1197 2043 1566 2110 Athanasium,
1595 2045 1714 2098 licet
1756 2045 1826 2098 ad
1879 2062 1972 2100 nos
2007 2047 2219 2100 minime
2261 2047 2603 2115 pervenerint,
2647 2047 2788 2101 haud
2834 2043 3182 2100 dubitandum
3209 2044 3429 2099 videtur.
3463 2044 3642 2116 Neque

419 2162 587 2202 tamen
613 2145 812 2214 putavit
842 2137 1165 2192 Athanasius
1191 2135 1595 2196 exspectandam
1624 2135 1724 2188 sibi
1747 2151 1856 2190 esse
1881 2135 2129 2190 redeundi
2156 2136 2463 2206 facultatem
2486 2153 2506 2201 ;
2531 2137 2918 2191 Alexandriam
2957 2135 3096 2189 enim
3137 2135 3445 2205 remigrasse
3474 2135 3644 2206 fertur

415 2255 533 2294 cum
565 2237 791 2305 primum
818 2247 990 2286 necem
1010 2227 1218 2282 Iuliani
1248 2227 1470 2292 audivit,
1506 2237 1562 2279 ut
1588 2227 1827 2296 pluribus
1850 2229 1905 2282 in
1937 2227 2060 2284 Vita
2091 2228 2374 2286 Athanasii
2403 2247 2704 2287 narramus.

488 2327 550 2380 ll.
581 2326 783 2378 Prwter
811 2323 944 2376 hanc
965 2322 1263 2390 epistolam,
1297 2322 1460 2376 aliam
1487 2323 1778 2380 Athanasio
1809 2327 1952 2379 misit
1986 2326 2267 2395 Iovianus,
2301 2345 2406 2398 qua
2438 2329 2680 2399 rogabat,
2716 2311 2776 2382 ut
2801 2325 2926 2397 fidei
2955 2328 3226 2382 veritatem
3259 2329 3317 2382 in
3345 2335 3641 2396 sexcentos,

415 2435 472 2478 ut
507 2424 580 2476 ait
613 2420 801 2473 ibidem
841 2417 1144 2488 Gregorius,
1179 2420 1444 2487 opiniones
1473 2431 1751 2492 partesque
1777 2422 2112 2490 distractam,
2156 2424 2225 2476 ad
2256 2441 2310 2478 se
2352 2426 2750 2479 transmitteret.
2781 2423 2912 2490 Qua:
2936 2421 3142 2491 quidem
3182 2421 3403 2490 epistola
3444 2421 3643 2491 injuria

415 2530 703 2586 temporum
738 2513 975 2583 disperiit
1003 2529 1020 2566 :
1049 2522 1380 2584 superestque
1409 2515 1578 2568 solum
1607 2533 1668 2568 ea
1697 2533 1856 2586 quam
1885 2518 2192 2587 imperatori
2230 2519 2496 2587 rescripsit
2525 2519 2868 2583 Athanasius,
2903 2518 3100 2572 eximia
3132 2532 3257 2570 sane
3276 2526 3323 2570 et
3357 2524 3508 2570 tanto
3549 2517 3643 2571 do-

414 2624 555 2666 ctore
584 2609 897 2681 dignissima
917 2621 934 2658 .'
958 2607 1045 2660 ubi
1067 2607 1288 2662 laudato
1319 2610 1571 2680 principis
1604 2627 1729 2680 erga
1760 2628 1839 2664 res
1863 2613 2091 2666 ctelestes
2115 2629 2311 2676 amore,
2336 2599 2491 2683 atque
2517 2611 2755 2667 discendi
2781 2611 2977 2672 studio,
3014 2607 3290 2663 Nictenam
3312 2608 3645 2662 commendat

414 2711 592 2779 ﬁdem,
615 2710 669 2760 in
692 2707 1016 2774 Arianosque
1044 2705 1238 2758 acriter
1263 2707 1544 2774 invehitur,
1573 2707 1710 2776 quod
1742 2707 1888 2761 illius
1914 2708 2101 2777 synodi
2131 2708 2354 2762 decretis
2377 2719 2517 2762 stare
2543 2709 2806 2762 renuerint
2833 2723 2852 2760 :
2882 2704 3020 2759 unde
3046 2714 3242 2758 exorta:
3272 2712 3433 2757 tanta’
3454 2702 3640 2769 turbat,

414 2813 564 2856 tanta
587 2817 677 2871 per
715 2798 1002 2852 Ecclesium
1033 2795 1278 2850 dissidia.
1310 2795 1598 2849 Enumerat
1645 2798 1762 2850 inde
1792 2798 2088 2866 provincias
2115 2807 2163 2850 et
2201 2800 2452 2868 regiones,
2489 2816 2710 2869 quarum
2763 2795 3012 2851 Ecclesia:
3060 2793 3294 2848 Nicaeum
3332 2794 3644 2850 inhtererent
3691 2797 3693 2799 ’

415 2895 562 2963 ﬁdei,
600 2892 783 2960 paucis
819 2887 1044 2955 exceptis
1074 2885 1312 2949 Arionis,
1358 2887 1446 2954 qui
1476 2886 1724 2938 hactenus
1759 2886 2008 2939 adversus
2048 2901 2165 2940 eam
2199 2895 2576 2940 concertarent.
2615 2885 2752 2939 Hinc
2801 2888 2960 2956 refert
2995 2887 3271 2943 Nictenum
3314 2887 3639 2960 Symbolum,

414 2987 499 3038 cui
529 2981 782 3038 nonnulla
819 2975 1208 3048 perspicuitatis
1235 2992 1397 3028 causa
1428 2975 1720 3045 subjungit,
1747 2991 1808 3027 ac
1841 2975 2039 3043 liquido
2064 2975 2298 3045 Spiritus
2323 2977 2493 3029 sancti
2519 2976 2847 3030 divinitatem
2873 2976 3132 3032 declarat.
3158 2979 3440 3047 Acceptam
3465 2989 3642 3034 autem

413 3073 635 3126 Ioviano
670 3069 832 3137 fuisse
856 3067 990 3119 hanc
1027 3063 1306 3118 Athanasii
1347 3065 1622 3134 epistolam
1658 3073 1884 3118 testatur
1912 3066 2021 3134 ipse
2049 3065 2336 3134 imperator
2364 3065 2611 3133 inferius,
2640 3066 2696 3118 in
2729 3065 2889 3118 tertia
2925 3070 3126 3124 scilicet
3157 3074 3476 3126 Arianorum
3507 3072 3644 3141 peti-

414 3171 572 3230 tione,
605 3165 692 3220 ubi
733 3166 808 3218 ait
853 3179 906 3218 se
948 3161 1224 3230 diligenter
1255 3157 1583 3210 sciscitatum
1621 3157 1952 3225 comperisse,
1979 3156 2331 3209 Athanasium
2362 3165 2498 3210 recte
2521 3157 2734 3218 sentire,
2767 3166 2923 3226 atque
2951 3163 3294 3217 orthodoxam
3331 3181 3458 3220 esse.
3489 3163 3642 3218 Hanc

411 3268 535 3319 item
569 3261 893 3317 commendat
931 3255 1208 3326 Gregorius
1243 3253 1639 3320 Nazianzenus,
1676 3253 1924 3307 Oratione
1946 3253 2036 3316 21,
2069 3255 2247 3324 aitque
2272 3252 2328 3308 S.
2377 3253 2661 3319 doctorem,
2689 3255 2849 3307 trium
2883 3270 3219 3323 personarum
3265 3272 3424 3309 unam
3465 3270 3644 3310 essen-

403 3363 564 3422 tiam,
597 3367 750 3426 atque
785 3355 1017 3423 Spiritus
1049 3349 1219 3404 sancti
1253 3347 1587 3400 divinitatem
1619 3345 1797 3415 palam
1838 3346 1893 3397 in
1922 3360 1982 3398 ea
2011 3343 2252 3412 epistola,
2286 3344 2402 3396 licet
2444 3345 2650 3412 paucis,
2687 3344 2947 3413 conﬁteri.
2979 3346 3171 3400 Exstat
3208 3347 3318 3401 haec
3350 3350 3466 3416 ipsa
3503 3347 3643 3415 apud

414 3450 937 3518 Theodoretum,-lib.
983 3448 1202 3516 iv,-cap.
1237 3443 1295 3508 2,
1330 3443 1681 3496 Athanasium
1706 3444 1975 3514 episcopos
2005 3443 2248 3497 doctrina
2294 3442 2691 3512 prtestantiores
2740 3454 3099 3513 congregasse,
3121 3446 3179 3491 ut
3218 3453 3396 3492 eorum
3421 3437 3643 3491 consilio

409 3569 526 3608 eam
553 3548 920 3611 conscriberet,
947 3544 1285 3612 mitteretque
1302 3531 1369 3584 ad
1392 3530 1699 3585 Iovianum.

479 3645 567 3700 Ill.
595 3641 888 3697 Antiochia:
923 3648 1099 3692 autem
1124 3631 1186 3685 ab
1209 3625 1504 3681 Athanasio
1536 3626 1793 3695 sociisque
1823 3625 2175 3694 conscriptam
2204 3625 2370 3694 fuisse
2394 3625 2530 3678 hanc
2557 3625 2830 3692 epistolam
2859 3624 3108 3694 opinatur
3145 3621 3380 3676 Valesius
3417 3623 3474 3675 in
3505 3622 3642 3675 notis

406 3737 475 3792 ad
500 3753 615 3806 cap.
650 3736 702 3800 5,
729 3733 820 3787 lib.
848 3749 900 3786 iv
933 3724 1261 3789 Theodoreti,
1295 3722 1383 3775 sed
1416 3720 1677 3774 levissimo
1701 3736 1826 3774 sane
1852 3721 2040 3774 ductus
2067 3728 2396 3788 argumento.
2437 3717 2651 3771 Nititur
2678 3719 2866 3788 quippe
2897 3717 3007 3771 solo
3040 3715 3196 3784 hujus
3232 3715 3464 3785 epistola:
3489 3716 3644 3769 titulo

404 3828 497 3899 qui
518 3830 592 3881 sic
610 3827 752 3895 jacet
781 3825 918 3894 apud
937 3819 1351 3874 Theodoretum:
1379 3810 1469 3881 Τῷ
1488 3811 1866 3880 εὐλαϐεστάτῳ
1895 3811 1970 3863 καί

2076 3809 2214 3862 ,λοινο
2222 3808 2516 3879 ρωποτάτῳ
2528 3810 2718 3879 νικητῇ
2754 3807 3047 3878 Αὐγούστῳ
3061 3807 3179 3860 Ἰωϐ
3186 3806 3313 3877 ιανῷ
3329 3807 3642 3871 Ἀθανάσιος

403 3895 500 3972 παὶ
529 3918 577 3969 οἱ
605 3916 778 3968 λοιποὶ
805 3914 1089 3967 ἐπίσκοποι
1133 3907 1180 3958 οἱ
1224 3903 1468 3965 ἐλθόντες
1496 3903 1560 3954 ἐκ
1605 3901 1899 3971 προσώπου
1933 3901 2151 3954 πάντων
2180 3900 2287 3952 τῶν
2318 3899 2424 3952 ἀπὸ
2447 3898 2548 3967 τῆς
2581 3897 2856 3965 Αἰγύπτου
2892 3898 2985 3950 καὶ
3007 3897 3267 3967 Θηϐαΐδος
3295 3896 3390 3949 καὶ
3427 3895 3642 3952 Λιὸυῶν

406 4009 742 4062 ἐπισκόπων.
769 4005 1030 4074 Putatque
1064 4002 1143 4055 his
1175 3999 1344 4054 verbis
1376 3998 1605 4051 indicari
1635 3998 1989 4051 Athanasium
2015 4005 2062 4050 et
2089 3997 2222 4050 alios
2243 3995 2496 4060 quosdam
2518 3996 2803 4064 episcopos,
2826 4010 2890 4048 ex
2917 4010 3132 4063 persona
3155 3992 3641 4063 omniumeggpti,

409 4098 691 4152 Thebaidis
724 4109 772 4151 et
806 4095 986 4166 Libya:
1007 4092 1312 4164 praesulum,
1339 4090 1672 4144 Antiochiam
1701 4089 1920 4152 venisse,
1951 4097 2006 4141 ut
2035 4087 2259 4141 Joviano
2299 4103 2475 4140 coram
2513 4103 2566 4140 se
2605 4087 2866 4149 sisterent,
2898 4095 3052 4156 atque
3091 4084 3161 4138 ibi
3194 4084 3474 4154 epistolam
3509 4087 3642 4139 scri-

395 4190 571 4260 psisse
594 4205 612 4253 ;
639 4189 725 4241 sed
759 4186 974 4258 apparet
1002 4202 1065 4240 ex
1095 4186 1410 4256 prwcedenti
1437 4183 1748 4238 Theodoreti
1777 4184 1966 4253 capite,
1993 4183 2082 4237 ubi
2105 4185 2180 4236 ait
2204 4183 2552 4235 Athanasium
2577 4196 2915 4251 congregasse
2940 4181 3205 4249 episcopos
3236 4180 3482 4234 doctrina
3504 4196 3642 4247 prte-

407 4279 710 4339 stantiores,
746 4276 916 4344 ipsum
949 4276 1296 4329 Athanasium
1321 4289 1422 4326 non
1456 4273 1571 4326 loco
1594 4273 1831 4336 movisse,
1874 4274 1962 4324 sed
1995 4271 2335 4324 Alexandria:
2365 4271 2453 4324 ubi
2485 4281 2607 4323 tunc
2632 4281 2746 4324 erat
2772 4272 2997 4325 stetisse.
3034 4269 3175 4324 Nunt
3203 4272 3358 4335 illud,
3384 4274 3432 4324 oi
3461 4272 3642 4326 ﬂebu-

403 4384 518 4433 τες,
550 4384 651 4421 non
676 4368 743 4421 ad
770 4369 1117 4422 Athanasium
1158 4369 1400 4438 refertur,
1431 4367 1519 4420 sed
1554 4366 1620 4419 ad
1654 4365 1788 4420 illud
1818 4367 1868 4418 οἱ
1901 4366 1969 4418 λοι

2073 4365 2414 4428 .ἐπίσκοποι,
2444 4366 2533 4436 qui
2567 4366 2766 4420 scilicet
2803 4366 3183 4420 Alexandriam
3223 4367 3382 4420 acciti
3421 4384 3477 4423 se
3518 4385 3639 4423 con-

407 4461 660 4515 tulerunt.
698 4461 918 4532 Ecquid,
950 4479 1144 4532 quaeso,
1179 4479 1307 4531 opus
1335 4472 1390 4514 ut
1423 4461 1652 4530 episcopi
1675 4461 1882 4513 adirent
1912 4461 2306 4529 imperatorem,
2341 4461 2387 4512 si
2412 4458 2602 4511 litteris
2629 4475 2746 4511 cum
2769 4474 2828 4512 eo
2858 4461 3028 4513 acturi
3053 4462 3248 4515 erant?
3278 4458 3394 4513 Hoc
3417 4470 3556 4515 certe
3587 4461 3640 4513 in

405 4555 519 4609 loco
549 4555 767 4609 Baronii
790 4559 1078 4620 sententias,
1107 4558 1194 4627 qui
1229 4555 1412 4609 datam
1445 4564 1598 4626 putat
1625 4555 1902 4624 epistolam
1933 4553 2293 4618 Alexandriw,
2321 4569 2480 4622 quam
2514 4551 2733 4622 Valesii,
2769 4555 2859 4624 qui
2889 4555 3144 4624 scriptam
3195 4555 3495 4609 arbitratur
3529 4555 3638 4608 An-

405 4649 637 4716 tiochiae,
667 4660 808 4705 stare
833 4653 1114 4706 malumus.
1967 4709 1974 4712 _

472 4734 561 4790 ιν.
589 4737 840 4807 Epistolaz
857 4739 1132 4797 Athanasii
1160 4744 1227 4798 ad
1245 4743 1530 4798 Iovianum
1553 4743 1857 4812 subjicimus
1885 4751 2113 4812 quatuor
2140 4741 2399 4812 supplices
2425 4742 2577 4797 Lucii
2595 4743 3017 4816 Arianorumque
3043 4747 3319 4815 petitiones
3344 4746 3641 4800 Antiochia:

407 4831 475 4884 ad
498 4829 780 4886 Iovianum
807 4835 1020 4904 factas:
1050 4855 1167 4909 qua:
1211 4855 1483 4909 perperam
1519 4839 1575 4893 in
1603 4839 1762 4892 editis
1797 4836 2034 4890 omnibus
2069 4837 2353 4906 Colloquia
2398 4837 2782 4890 inscribuntur.
2827 4836 2938 4895 Vox
2969 4842 3104 4894 enim
3136 4841 3373 4911 ἐντυχία,
3407 4857 3508 4894 ηοιι
3533 4841 3641 4896 col-

406 4924 639 4995 loquium
666 4929 751 4982 hic
767 4931 1060 5001 significat,
1085 4935 1174 4988 sed
1207 4935 1488 5004 supplicem
1516 4934 1839 5002 petitionem,
1872 4950 1962 4986 seu
1987 4949 2105 4986 voce
2127 4949 2215 4986 seu
2248 4932 2464 5002 scripto,
2495 4934 2719 5001 principi
2757 4932 2833 4986 vel
2874 4933 3228 5002 magistratui,
3257 4932 3508 4986 adversus
3538 4933 3642 4986 ali-

405 5033 552 5087 quem
585 5020 814 5075 oblatam
840 5039 858 5077 :
880 5042 982 5095 qua
1017 5032 1271 5082 sententia
1304 5045 1403 5081 usu
1437 5029 1575 5082 venit
1635 5029 1759 5081 item
1800 5043 1918 5095 vox,
1964 5029 1971 5077 ί

2073 5028 2328 5096 ιγχὰνειν.
2360 5025 2449 5081 Sic
2488 5026 2520 5080 1
2554 5027 2796 5083 Hac/tab.
2829 5045 2882 5090 ις,
2921 5029 3011 5091 65,
3035 5029 3098 5082 de
3129 5027 3364 5081 Ionatha
3404 5029 3639 5091 dicitur;

404 5112 515 5166 Καὶ
547 5115 796 5172 ἐκάθισεν
822 5120 983 5174 αὑτὸν
1007 5123 1036 5174 ὁ
1061 5121 1310 5192 βασιλεὺς
1345 5125 1458 5193 μετ’
1475 5121 1659 5186 αὑτοῦ,
1689 5123 1783 5175 καὶ
1816 5117 1937 5174 εἷπε
1980 5124 2093 5183 τοῖς
2124 5121 2380 5192 ἄρχουσιν
2399 5119 2582 5174 αὑτοῦ·
2613 5120 2883 5186 Ἐξέλθετε
2912 5122 3027 5190 μετ’
3051 5119 3214 5172 αὑτοῦ
3239 5121 3318 5182 εἰς
3346 5119 3512 5191 μέσον
3545 5119 3643 5188 τῆς

404 5200 628 5267 πόλεως,
657 5205 749 5257 καὶ
780 5208 1049 5279 κηρύξατε
1080 5213 1171 5265 τοῦ
1209 5213 1409 5284 μηδένα
1437 5212 1783 5282 ἐντυγχάνειν
1817 5212 1970 5264 κατ’(

2073 5211 2142 5275 r3,
2176 5212 2303 5282 περὶ
2332 5211 2554 5281 μηδενὸς
2586 5212 2926 5282 πράγματος.
2970 5208 3068 5263 Ubi
3089 5210 3163 5261 sic
3185 5209 3338 5262 habet
3377 5207 3639 5279 Vulgata:

403 5286 468 5341 Et
499 5290 782 5346 collocavit
812 5311 936 5349 eum
974 5313 1064 5352 rex
1107 5300 1294 5355 sedere
1313 5315 1518 5355 secum.
1552 5299 1802 5368 Dixitque
1829 5300 2163 5368 principibus
2191 5301 2306 5355 suis
2332 5314 2347 5353 :
2371 5299 2524 5354 Exite
2547 5315 2670 5354 cum
2706 5316 2771 5355 eo
2801 5301 2855 5354 in
2887 5301 3122 5355 medium
3147 5299 3404 5364 civitatis,
3427 5309 3481 5353 et
3505 5315 3642 5369 prte-

400 5380 595 5450 dicate,
623 5396 682 5442 ut
715 5404 875 5444 nemo
907 5391 1165 5448 adversus
1191 5409 1315 5448 eum
1344 5394 1644 5463 interpellet
1671 5394 1736 5447 de
1762 5394 1870 5447 ullo
1906 5394 2144 5463 negotio.
2183 5392 2313 5460 Vox,
2338 5393 2703 5463 ἐντυγχάνειν.
2726 5394 2908 5448 eadem
2953 5393 3208 5446 sententia
3231 5394 3305 5446 ibi
3333 5409 3470 5462 scepe
3495 5409 3636 5462 repe-

403 5474 550 5530 titur.
583 5477 822 5534 Similem
851 5499 1004 5537 usum
1030 5487 1188 5552 vocis,
1211 5487 1448 5555 ἐντυχία,
1479 5485 1766 5539 observavit
1792 5485 1871 5538 vir
1901 5486 2052 5538 erud.
2089 5485 2327 5539 Valesius
2352 5487 2407 5539 in
2439 5487 2577 5539 notis
2605 5487 2674 5539 ad
2697 5485 3003 5540 Theodoreti
3037 5483 3331 5539 Historiam
3349 5485 3482 5539 eccl.
3508 5500 3561 5554 p.
3585 5483 3634 5539 5.

402 5561 501 5618 Ila!
526 5579 645 5621 sunt
676 5571 840 5641 igitur
868 5576 1122 5644 supplices
1149 5577 1423 5646 petitiones
1449 5575 1599 5629 Lucii
1639 5587 1688 5630 et
1717 5577 2039 5630 Arianorum
2079 5579 2326 5633 adversus
2353 5578 2706 5633 Athanasium
2751 5581 2842 5649 qui
2873 5589 2983 5633 tum
3013 5580 3305 5632 Antiochia:
3345 5580 3555 5642 aderat,
3583 5578 3635 5631 in

400 5655 650 5727 cujusque
671 5661 841 5716 locum
860 5667 1153 5737 episcopum
1181 5669 1345 5722 alium
1369 5668 1674 5737 postulant;
1707 5665 1929 5720 Lucium
1952 5668 2154 5724 scilicet
2185 5671 2420 5724 ordinari
2453 5671 2820 5741 peroptabant,
2857 5687 3006 5741 quem
3042 5657 3302 5739 Georgius
3330 5671 3636 5739 pseudoepi-

398 5758 584 5812 scopas
624 5749 1012 5812 Alexandrinus
1051 5765 1402 5831 presbyterum
1427 5766 1794 5820 constituerat.
1843 5763 2034 5820 Palam
2062 5767 2197 5821 enim
2235 5767 2369 5821 illud
2413 5775 2488 5822 est
2518 5783 2581 5822 ex
2604 5767 2670 5821 iis
2697 5783 2814 5835 qua:
2849 5766 2944 5820 sub
2974 5767 3128 5836 finem
3163 5765 3333 5819 tertia:
3365 5747 3630 5834 petitionis
