3966 6226
420 345 522 401 815

982 338 1061 394 'S.
1101 335 1470 395 'ATHANASII
1510 335 1657 392 OPP.
1699 335 1879 394 PARS
1916 334 1956 391 1.
2004 362 2066 376 —-
2103 331 2473 392 HISTORICA
2508 334 2595 389 ET
2627 334 3043 400 ‘DOGMATICA.

3516 337 3624 392 8M

421 462 618 517 :Iiolica
667 466 917 514 auctores
969 456 1208 513 fuerunt.
1255 455 1467 513 Nemini
1513 463 1696 512 tamen
1739 455 1962 512 obscura

2071 471 2190 508 σει·
2220 456 2378 509 αἴτιοι
2409 453 2464 506 δὲ
2496 454 2778 523 γεγόνασιν
2808 453 3068 525 αἱρέσεως
3092 451 3187 506 καὶ
3211 453 3526 524 σχισμάτων
3545 456 3614 524 τῇ

420 569 540 608 esse
573 559 766 622 potest,
799 562 923 605 vera
966 559 1020 603 et
1045 549 1149 620 ‘pia
1181 549 1234 603 in
1262 548 1548 603 Dominum
1575 547 1820 613 hdes,-ut
1847 561 1968 618 qua

376 715 380 720 _
419 663 482 700 cx
503 644 700 699 divinis
718 642 1013 712 Scripturis
1037 641 1223 696 haberi
1242 650 1293 696 et
1324 641 1620 696 internosci
1655 650 1836 711 queat.
1860 639 1970 694 Hac

420 738 563 792 enim
591 733 1003 799 initiatisancti,
1036 741 1301 804 martyres
1330 739 1453 786 sunt
1485 731 1680 798 effecti,
1710 731 1804 803 qui
1845 731 1966 802 qui-

424 829 543 883 dem
575 826 790 882 soluti-a
815 839 1061 896 corpore,
1096 839 1237 878 nunc
1266 831 1396 879 sunt
1425 824 1479 878 in
1504 823 1734 880 Domino
1759 843 1772 879 :
1800 839 1972 894 eaque

427 917 1000 974 inviolataemansisset
1048 914 1427 984 semper,'nisi
1469 915 1835 984 quorumdam
1864 915 1971 969 ba-

401 1009 716 1064 .reticorum
756 1006 958 1061 malitia
1007 1005 1178 1076 ipsam
1227 1004 1532 1060 adulterare
1571 1013 1848 1062 tentasset.
1885 1004 1972 1060 Si-

423 1099 639 1170 quidem
669 1095 832 1151 Arius
857 1095 1072 1166 quidam
1098 1101 1152 1148 et
1174 1093 1292 1164 ejus
1313 1102 1607 1148 seetatores
1629 1093 1786 1148 fidem
1822 1093 1969 1146 illam

424 1189 600 1243 conati
642 1195 771 1241 sunt
817 1199 1195 1252 corrumpere,
1227 1183 1667 1254 impietatemqne
1714 1183 1971 1238 adversus

421 1293 554 1333 eam»
573 1277 846 1342 inducere,
872 1290 993 1330 cum
1012 1273 1229 1329 scilicet
1258 1274 1438 1329 dicere
1458 1274 1576 1329 ausi
1613 1282 1740 1329 sunt
1772 1273 1968 1327 Filium

418 1369 514 1424 Dei
529 1383 592 1423 ex
610 1367 800 1433 nihilo,
819 1380 1039 1436 remque
1051 1375 1285 1421 creatam
1298 1365 1458 1436 623
1476 1374 1527 1420 ct
1545 1364 1758 1432 factam,
1775 1380 1839 1420 ac
1851 1381 1971 1418 mu-

419 1461 636 1516 tabilem
669 1475 811 1514 esse.
839 1456 1159 1528 Cuiusmodi
1181 1457 1521 1512 sermonibus
1549 1455 1751 1512 multos
1784 1458 1969 1525 utique

417 1553 760 1622 deceperunt,
781 1559 840 1604 nt
861 1551 1022 1605 etiam
1056 1549 1094 1602 ii
1119 1547 1214 1618 qui
1241 1548 1444 1618 aliquid
1474 1544 1596 1603 esse
1621 1547 1966 1614 videbantur,

418 1643 472 1697 in
499 1643 713 1697 illorum
761 1640 963 1696 inducti
1006 1640 1115 1694 sint
1155 1638 1519 1709 impietatem;
1567 1639 1818 1709 quamvis
1845 1653 1963 1693 eam

397 1735 590 1790 sancti
617 1731 801 1786 Patres
826 1731 997 1787 nostri
1033 1731 1088 1785 in
1112 1729 1344 1793 Nicana,
1382 1739 1441 1784 ut
1472 1729 1729 1792 diximus,
1757 1729 1966 1801 synodo

2071 546 2328 618 καθολικῇ
2389 545 2700 617 Ἐκκλησία.
2744 545 2808 598 Ἡ
2843 545 2942 617 μὲν
2987 545 3096 617 γὰρ
3141 545 3253 617 (79)
3289 544 3491 616 ἀληθὴς
3523 545 3618 599 καὶ

2067 638 2292 710 εὐσεϐὴς
2325 639 2404 702 είς
2444 638 2533 691 τὸν
2575 637 2775 708 Κύριον
2822 638 3002 700 πίστις
3060 636 3266 708 φανερά
3303 638 3438 690 πᾶσι
3458 635 3618 690 καθιο

2068 747 2286 802 στηκεν,
2329 731 2393 783 ἐκ
2433 728 2538 782 τῶν
2571 728 2730 782 θείων
2782 728 3012 799 Γραφῶν
3035 727 3407 800 γινωσκομένη
3435 743 3495 781 τε
3523 729 3615 779 καὶ

2067 818 2565 892 ἀναγινωσκομένη.
2604 821 2690 874 Ἐν
2709 819 2879 893 ταύτῃ
2901 819 3012 892 γὰρ
3029 819 3124 873 καὶ
3149 820 3199 872 οἱ
3225 819 3367 887 ἅγιοι
3396 819 3614 872 τελειω-

2069 913 2249 978 θέντες
2289 912 2671 984 ὲμαρτύρησαν
2693 951 2708 975 ,
2749 913 2842 964 καὶ
2881 910 2976 966 νῦν
3005 909 3364 974 ἀναλύσαντὲς
3394 911 3528 963 εἰσιν
3559 912 3619 962 ἐν

2069 1003 2287 1072 Κυρίῳ·
2318 1001 2412 1054 καὶ
2449 1001 2660 1072 ἔμεινεν
2690 1000 2756 1054 ἂν
2803 1003 2836 1072 ὴ
2870 1001 3051 1065 πίστις
3081 1001 3318 1072 ἀϐλαϐὴς
3361 1000 3450 1054 διά
3480 1017 3616 1054 παν-ι

2068 1091 2158 1154 τὸς
2185 1090 2315 1162 (80),
2345 1093 2394 1143 εί
2424 1091 2498 1163 μὴ
2539 1093 2767 1162 πονηρία
2805 1091 2961 1145 τινῶν
2993 1091 3282 1165 αἱρετικῶν
3313 1094 3617 1163 παραποιῆ-

2071 1199 2161 1235 σαι
2207 1181 2411 1253 ταύτην
2454 1181 2764 1253 ἐτόλμησεν.
2802 1183 3014 1254 ¹Ἄρειος
3043 1183 3151 1254 γάρ
3187 1200 3270 1245 τις
3301 1183 3392 1236 καὶ
3430 1185 3480 1236 oi
3521 1183 3618 1236 σὺν

2069 1273 2216 1344 αὐτῷ
2247 1272 2552 1343 διαφθεῖραι
2597 1271 2827 1343 ταύτην,
2875 1273 2967 1324 καὶ
3002 1271 3253 1324 ἀσέϐειαν
3296 1274 3416 1326 κατ’
3449 1273 3617 1342 αὐτῆς

2068 1362 2450 1430 ἐπεισαγαγεῖν
2483 1361 2838 1432 ἐπεχείρησαν
2857 1399 2872 1424 ,
2913 1360 3208 1430 φάσκοντες
3234 1359 3295 1426 ἐξ
3319 1361 3418 1415 οὐκ
3450 1360 3618 1414 ὄντων

2070 1442 2388 1524 καῖ’κτίσμα
2414 1452 2508 1506 καὶ
2528 1452 2736 1524 ποίημα
2753 1453 2844 1506 καὶ
2860 1451 3090 1524 τρεπτὸν
3106 1447 3244 1506 εἶναι
3257 1453 3350 1506 τὸν
3373 1451 3501 1505 Υἱὸν
3525 1451 3618 1504 τοῦ

2067 1546 2221 1600 Θεοῦ.
2251 1545 2485 1608 Πολλοὺς
2514 1545 2572 1598 δὲ
2599 1543 2806 1609 τούτοις
2836 1543 3119 1614 ἠπάτησαν
3148 1545 3260 1606 τοῖς
3283 1541 3460 1611 λόγοις
3484 1542 3617 1614 (81),

2068 1637 2208 1690 ὥστε
2233 1637 2330 1691 καὶ
2353 1636 2478 1698 τοὺς
2508 1634 2794 1699 δοκοῦντας
2820 1627 2957 1688 εἷναί
2987 1651 3042 1687 τι
3080 1634 3484 1704 συναπαχθῆναι
3507 1632 3618 1703 (82)

2068 1727 2245 1783 αὐτῶν
2268 1729 2333 1798 τῇ
2369 1725 2686 1797 βλασφημίᾳ
2704 1743 2719 1757 ’
2746 1726 2922 1781 καίτοι
2951 1725 3248 1795 φθάσαντες
3271 1725 3370 1795 μὲν
3396 1725 3446 1777 οἱ
3473 1723 3617 1792 ἀγιοι

392 1851 394 1856 ι
415 1824 742 1895 congregati,
767 1822 1103 1877 anathemate
1120 1821 1501 1892 pcrcusserint,
1523 1820 1792 1890 simulque
1807 1820 1962 1876 ﬁdem

2068 1818 2303 1890 Πατέρες
2338 1817 2493 1890 ἡμῶν
2532 1816 2907 1882 συνελθόντες,
2946 1817 3023 1882 ὡς
3067 1816 3433 1889 προείπομεν,
3477 1817 3619 1869 κατά

415 1912 697 1968 catholica
709 1910 962 1967 Ecclesia
995 1910 1194 1979 scripto
1225 1909 1334 1964 sint
1360 1908 1618 1977 confessi,
1643 1918 1704 1963 ut
1727 1908 1818 1963 illa
1843 1909 1964 1964 ubi-

347 2024 370 2034 ·
394 2018 522 2074 ιιυε
559 2002 916 2074 promulgata,
951 2003 1170 2055 haeresis
1205 2000 1272 2054 ab
1307 2000 1574 2056 haereticis
1599 2014 1828 2055 accensa
1863 2015 1962 2054 ex-

416 2094 800 2162 stingueretur.
820 2090 897 2145 Ea
929 2090 1090 2160 igitur
1119 2088 1413 2146 sincere~ac
1428 2089 1545 2146 sine
1567 2089 1693 2144 dolo
1725 2103 1822 2159 per
1847 2103 1965 2143 om-

398 2199 538 2238 nem
571 2181 866 2237 Eeelesiam
915 2180 1095 2250 agnita
1141 2187 1195 2233 et
1249 2179 1557 2250 pervulgata
1602 2177 1724 2235 fuit.
1763 2177 1964 2235 Verum

399 2289 540 2329 ‘cum
579 2273 833 2327 Arianam
865 2271 1094 2328 haresin
1139 2270 1358 2341 quidam
1407 2285 1554 2325 nunc
1602 2285 1864 2326 renovare
1910 2270 1962 2324 in

413 2365 599 2419 animo
629 2363 904 2427 habentes,
939 2360 1097 2416 ﬁdem
1137 2361 1305 2426 hanc,
1337 2374 1500 2430 quam
1543 2359 1731 2416 Patres
1774 2357 1965 2414 Nicaa

400 2454 648 2511 confessi
700 2464 843 2516 sunt,
881 2453 999 2507 ausi
1026 2453 1135 2507 sint
1162 2451 1408 2521 rejicere,
1442 2465 1672 2521 eamque
1717 2451 1965 2506 conﬁteri

401 2545 672 2601 rsimulent
696 2558 819 2598 cum
845 2556 1029 2597 revera
1044 2550 1266 2612 negent,
1289 2542 1486 2611 quippe
1507 2541 1601 2612 qui
1627 2555 1811 2596 vocem
1837 2557 1966 2597 con-

417 2635 786 2693 substantialis
805 2673 819 2700 ,
865 2649 1028 2703 prave
1059 2633 1505 2702 interpretentur,
1539 2633 1810 2703 impieque
1841 2649 1967 2704 pro-

415 2731 593 2786 ferant
625 2730 680 2783 in
710 2727 971 2797 Spiritum
1013 2735 1280 2792 sanctum,
1311 2741 1472 2795 quem
1516 2725 1771 2782 nimirum
1816 2727 1968 2782 aiunt

419 2833 532 2872 rem
562 2824 800 2871 creatam
826 2830 950 2870 esse
977 2823 1028 2867 et
1057 2829 1152 2883 per
1171 2812 1365 2868 Filium
1393 2812 1590 2869 factam
1617 2832 1631 2869 :
1662 2831 1762 2870 nos
1787 2831 1970 2871 neces-

416 2910 561 2963 sario
606 2906 995 2977 perpendentes
1036 2906 1315 2972 damnum,
1366 2906 1508 2976 quod
1556 2907 1768 2977 populis
1813 2907 1967 2964 aﬂert

417 2997 725 3068 luujusmodi
770 2995 1040 3065 impietas,
1087 2997 1243 3050 tidem
1283 3011 1446 3065 quam
1493 2996 1683 3052 Nicaa
1731 2996 1964 3054 confessi

402 3094 564 3152 sunt,
591 3094 697 3140 tua
721 3086 962 3156 religioni
988 3086 1198 3140 tradere
1224 3085 1428 3155 absque
1459 3102 1610 3142 mora
1633 3087 1963 3153 curavimus,

2062 1912 2159 1982 τὴν
2191 1912 2248 1964 tv
2290 1911 2492 1982 Νικαίᾳ
2525 1909 2762 1974 σύνοδον,
2807 1908 3201 1979 ἀνεθεμάτισαν
3225 1923 3238 1938 ·
3268 1907 3368 1980 τὴν
3411 1907 3469 1960 δὲ
3517 1907 3616 1978 τῆς

2062 2001 2357 2072 καθολικῆς
2417 1999 2740 2072 Ἔκκλησίας
2786 1999 2966 2054 πίστιν
3015 1999 3368 2072 ὡμολόγησαν
3417 1997 3618 2068 ἐγγρά-

2063 2109 2197 2162 φως,
2242 2092 2413 2156 ὥστε,
2452 2090 2656 2162 ταύτης
2698 2090 2969 2162 πανταχοῦ
3011 2090 3448 2162 κηρυττομένης,
3483 2089 3615 2142 ἀπο-

2064 2182 2354 2252 σϐεσθῆναι
2377 2183 2474 2253 τὴν
2501 2181 2830 2251 ἀναφθεῖσαν
2855 2180 3064 2250 αἵρεσιν
3097 2180 3248 2250 παρά
3271 2180 3380 2233 τῶν
3409 2181 3614 2250 αἱρετι-

2063 2273 2192 2328 κῶν.
2221 2271 2329 2328 Ἦν
2372 2272 2470 2345 μὲν
2497 2268 2589 2327 οὖν
2617 2272 2752 2343 αῦτη
2799 2269 3067 2342 πανταχοῦ
3112 2273 3250 2326 κατά
3286 2273 3464 2326 πᾶσαν
3499 2273 3617 2325 Ἐκ-

2063 2364 2287 2436 κλησίαν
2321 2363 2519 2427 ἀδόλως
2559 2363 2934 2435 γινωσκομένη
2972 2379 3032 2416 τε
3063 2363 3156 2416 καὶ
3193 2364 3569 2436 κηρυττομένη
3600 2381 3614 2394 ·

2063 2457 2176 2512 ἀλλ’
2209 2456 2392 2528 ἐπειδὴ
2416 2457 2511 2511 νῦν
2543 2456 2675 2530 (85),
2697 2457 2797 2528 τὴν
2839 2455 3116 2528 Ἀρειανην
3148 2457 3356 2528 αἵρεσιν
3384 2457 3622 2511 ἀνανεῶ-

2065 2561 2155 2596 σαι
2184 2543 2492 2615 βουλόμενοί
2520 2562 2684 2608 τινες,
2699 2543 2902 2616 ταύτην
2933 2544 3032 2615 μὲν
3047 2545 3145 2617 τὴν
3177 2547 3233 2600 ὲν
3249 2546 3298 2599 Ν
3304 2546 3454 2618 ικαία
3470 2547 3622 2618 παρὰ

2063 2636 2169 2689 τῶν
2201 2635 2457 2705 Πατέρων
2483 2636 2902 2708 ὁμολογηθεῖσαν
2939 2635 3120 2691 πίστιν
3151 2637 3454 2710 ἐτόλμησαν
3494 2637 3618 2692 ἀθε-

2063 2728 2246 2799 τῆσαι,
2282 2728 2376 2782 καὶ
2412 2729 2829 2800 σχηματίζονται
2865 2729 2962 2799 μὲν
2981 2729 3258 2801 ὁμολογεῖν
3281 2730 3471 2803 αὐτὴν,
3503 2734 3619 2793 ταῖς

2063 2818 2120 2872 δὲ
2151 2817 2424 2889 ἀληθείαις
2454 2819 2741 2891 ἀρνοῦνται
2761 2860 2777 2883 ,
2815 2820 3316 2892 παρερμηνεύοντες
3343 2820 3405 2874 τὸ
3433 2820 3621 2891 όμοού-

2068 2926 2201 2974 σιον,
2240 2909 2332 2962 καὶ
2359 2909 2509 2963 αὐτοὶ
2541 2908 2650 2982 (84)
2701 2908 3143 2980 βλασφημοῦντες
3168 2911 3247 2974 είς
3286 2909 3346 2963 τὸ
3402 2909 3622 2980 Πνεῦμα

2064 2999 2127 3052 τὸ
2157 3001 2344 3069 ἀγιον,
2379 3001 2435 3053 tv
2466 2999 2544 3071 τῷ
2577 3000 2804 3069 φάσκειν
2849 3001 3043 3063 αὐτοὺς
3089 3001 3292 3072 κτίσμα
3341 2996 3480 3056 εἶναι
3529 3001 3622 3054 αὑ*

2065 3091 2126 3145 τὸ
2157 3090 2286 3163 (85),
2319 3092 2409 3146 καὶ
2445 3091 2654 3162 ποίημα
2678 3091 2763 3146 διὰ
2794 3092 2886 3146 τοῦ
2909 3093 3037 3145 Υίοῦ
3069 3091 3396 3162 γεγενῆσθαι
3415 3107 3428 3121 ⁸
3461 3094 3619 3161 ἀναγ-

404 3184 476 3230 ιιιι
517 3175 721 3231 scilicet
759 3190 866 3230 non
912 3177 1119 3246 ignoret
1159 3183 1250 3231 tua
1278 3177 1470 3246 pietas,
1502 3193 1622 3249 qua
1660 3179 1811 3234 omni
1836 3195 1958 3233 cum

2068 3147 2259 3247 καίως,
2273 3147 2285 3157 ι
2306 3147 2677 3252 θεωρήσαντες
2711 3181 2810 3252 τὴν
2835 3182 2936 3252 τῆς
2970 3185 3035 3236 ὲκ
3077 3147 3331 3253 τοίαύτης
3375 3147 3616 3252 βλασφη-

413 3266 690 3338 diligentia
721 3269 918 3336 scripta
948 3275 1093 3334 sunt,
1119 3277 1489 3339 quantumque
1519 3279 1700 3325 errent
1725 3270 1820 3341 qui
1853 3270 1959 3325 alia

405 3368 606 3428 praeter
632 3359 833 3414 hancce
855 3358 1010 3413 ﬁdem
1036 3358 1251 3415 docent.

2069 3271 2195 3342 μίας
2223 3271 2422 3343 βλάϐην
2447 3271 2732 3342 γινομένην
2760 3271 2867 3344 (86)
2896 3272 3035 3327 κατὰ
3069 3272 3174 3326 τῶν
3213 3271 3378 3340 λαῶν,
3407 3270 3622 3324 ἐπιδοῦ-

2066 3381 2150 3415 ναι
2197 3365 2265 3434 τῇ
2299 3366 2366 3434 σῇ
2421 3361 2675 3431 εὐλαϐείᾳ
2707 3361 2806 3432 τὴν
2848 3363 2905 3416 tv
2956 3363 3159 3434 Νικαίᾳ
3200 3361 3622 3433 ὁμολογηθεῖσαν

405 3452 594 3506 ’πίστιν
641 3451 1067 3520 ἐσπουδάσαμεν,
1115 3451 1200 3503 ἴνα
1252 3449 1363 3520 γνῷ
1409 3467 1500 3504 σου
1546 3453 1580 3523 ἡ
1632 3450 1906 3515 θεοσέϐεια
1966 3451 2002 3506 ἃ.
2065 3453 2201 3523 μετὰ
2252 3454 2430 3526 πάσης
2483 3455 2768 3527 ἀκριϐείας
2812 3453 2925 3526 (87)
2949 3453 3295 3525 λγέγραπται,
3350 3453 3444 3506 καὶ
3496 3453 3616 3507 ὅσον

410 3544 720 3599 πλανῶνται
744 3545 793 3596 oi
821 3545 969 3616 παρὰ
995 3544 1196 3616 ταύτην
1226 3544 1581 3610 διδάσκοντες.

480 3642 535 3696 2.
573 3641 720 3695 Scito
748 3639 922 3706 enim,
963 3641 1368 3710 religiosissime
1398 3642 1642 3712 Auguste
1665 3682 1682 3708 ,
1719 3643 1834 3698 hac
1891 3643 1959 3696 ab

405 3732 562 3788 (miti
589 3746 705 3786 avo
731 3746 851 3786 esse
897 3732 1184 3800 praedicata
1215 3773 1231 3798 ,
1276 3732 1523 3803 hancque
1575 3733 1750 3804 ipsam
1801 3733 1960 3800 ﬁdem

395 3821 620 3888 .Patres,
646 3823 738 3894 qni
772 3822 964 3878 Nicaa
992 3833 1378 3891 convenerunt,
1429 3823 1710 3881 confessos
1761 3823 1950 3888 fuisse,

411 3930 640 3986 eamque
678 3915 933 3985 suffragio
967 3929 1070 3970 suo
1102 3916 1455 3984 comprobare
1485 3916 1764 3972 universas
1798 3917 1964 3971 totius

412 4009 561 4064 orbis
604 4007 895 4074 Ecclesias,
930 4021 1120 4075 nempe
1159 4005 1449 4076 Hispania,
1485 4005 1794 4072 Britannia,
1838 4006 1964 4062 Gal-

411 4099 521 4164 lia,
550 4098 718 4153 totius
742 4096 926 4164 Italia,
965 4095 1264 4162 Dalmatia,
1307 4096 1504 4159 Dacia,
1544 4097 1749 4169 Mysia,
1781 4096 1964 4153 Mace-

410 4190 608 4255 donia,
655 4188 983 4258 Graeciaque
1027 4197 1080 4243 et
1115 4187 1314 4243 Africa
1360 4190 1649 4255 universa,
1703 4203 1804 4244 nec
1853 4203 1960 4242 non

411 4279 696 4344 Sardinia,
724 4279 906 4351 Cypri,
935 4279 1128 4343 Creta,
1160 4278 1509 4350 Pamphylia,
1558 4278 1760 4350 Lycia,
1809 4278 1961 4335 Isau-

2126 3643 2181 3696 2.
2208 3641 2448 3695 Γὶνωσκε
2480 3650 2609 3714 γαρ,
2635 3640 3008 3710 θεοφιλέστατε
3035 3637 3426 3706 Ασγουστε,ὂτι
3451 3638 3619 3691 ταῦτα

2063 3737 2161 3807 μὲν
2211 3734 2270 3801 ἐξ
2303 3733 2496 3797 αἰῶνός
2527 3735 2641 3787 ἐστι
2687 3731 3083 3803 κηρυττόμενα,
3118 3731 3321 3800 ταύτην
3365 3731 3423 3784 δὲ
3468 3733 3516 3784 oi
3562 3733 3621 3783 tv

2058 3825 2262 3898 Νικαίᾳ
2297 3824 2636 3888 συνελθόντες
2668 3821 3018 3894 ὡμολόγησαν
3047 3822 3317 3895 Πατέρες,
3349 3822 3444 3876 καὶ
3483 3821 3617 3874 ταύ-

2058 3937 2127 3994 τῃ
2179 3919 2289 3992 (88)
2326 3917 2603 3990 σύμψηφοι
2653 3917 2978 3988 τυγχάνουσι
3031 3917 3202 3970 πᾶσαι
3246 3915 3301 3968 αἱ
3344 3913 3615 3986 πανταχοῦ

2060 4012 2200 4066 κατά
2225 4010 2387 4064 τόπον
2410 4009 2742 4080 Ἐκκλησίαι,
2765 4007 2822 4062 αῖ
2851 4025 2911 4061 τε
2943 4007 3082 4062 κατά
3102 4006 3200 4078 τὴν
3227 4005 3463 4060 Σπανίαν
3482 4005 3615 4078 (89),

2060 4102 2156 4158 καὶ
2201 4101 2498 4173 Βρετανίαν
2520 4139 2536 4164 ,
2564 4101 2658 4154 καὶ
2690 4097 2947 4166 Γαλλίας,
2979 4099 3072 4152 καὶ
3115 4099 3214 4169 τῆς
3258 4097 3480 4160 Ἰταλίας
3509 4097 3615 4151 πάθ

2062 4211 2179 4264 σης,
2215 4194 2309 4247 καὶ
2336 4192 2665 4264 Δαλματίας,
2695 4192 2896 4255 Δακίας
2926 4208 2987 4244 τε
3044 4190 3138 4244 καὶ
3171 4189 3403 4256 Μυσίας,
3434 4189 3617 4243 Μακε-

2059 4282 2250 4346 δονίας,
2269 4282 2363 4342 καὶ
2387 4281 2567 4352 πάσης
2597 4281 2696 4352 τῆς
2731 4280 2997 4346 Ἑλλάδος,
3023 4279 3118 4334 καὶ
3141 4278 3281 4334 κατά
3305 4279 3404 4350 τὴν
3440 4278 3621 4350 ’Δφρι-

481 4446 596 4529 (Ἱθ)
634 4447 746 4529 Ιξᾲρ
771 4447 1758 4529 abestapud.:1‘heodoretum.Ibidem
1795 4449 1955 4529 idem,

2134 4456 2242 4527 (84)
2284 4454 2576 4521 Theodor.,
2603 4451 2766 4511 οὗτοι.

407 4517 503 4583 εἰς’
526 4517 615 4571 τὸν
659 4517 859 4589 Κύριον
881 4518 1055 4589 -ήμῷν
1089 4518 1292 4589 Ἰησοῦν
1317 4520 1546 4588 Χριστὸν
1579 4518 1776 4589 πίστις.
1817 4519 1957 4574 Idem

407 4598 554 4659 ante,
583 4585 781 4659 txgriinr
810 4585 1243 4659 Geimvf‘pacpiby,
1275 4585 1422 4659 addit
1452 4588 1778 4659 particulam
1809 4589 1919 4644 καί.

406 4657 923 4783 ἀϐἓῖιὲήέΐιιεούθτη
955 4656 1136 4729 ἔμεινε
1184 4657 1240 4712 δὲ
1285 4658 1371 4712 ἀεὶ
1399 4660 1434 4728 ἡ
1463 4658 1643 4723 πίστις
1668 4659 1958 4723 διαπαντὸς

511 4745 668 4792 αοης.

477 4729 932 4870 (ἕδήῗιιεοάρτ.,
954 4795 1186 4870 Πολλοὺς
1226 4796 1283 4870 δὲ
1325 4798 1382 4851 ὲν
1412 4795 1620 4870 τούτοις
1645 4798 1955 4870 ἠπάτησαν,

404 4865 697 4931 ὥστε,ὀισ.
732 4867 864 4921 Ibid.
901 4867 1118 4936 Regius,
1155 4865 1398 4932 τούτους,
1425 4865 1702 4923 mendose.

479 4937 592 5007 (82)
633 4936 724 5007 Si_c
753 4936 1026 4992 Theodor.
1061 4937 1131 4991 At
1170 4937 1524 5006 manuscripti
1551 4946 1602 4992 et
1629 4937 1759 4992 edit.
1789 4937 1956 4992 Com-

405 5003 615 5074 me'linL,
648 5003 738 5060 οῦν
765 5007 1090 5078 ἀπαχθῆναι,
1113 5021 1320 5078 errore,
1357 5016 1416 5060 ut
1448 5003 1959 5078 videturLlibrario-

404 5091 550 5140 rum,
579 5079 673 5146 qui
709 5093 738 5130 ο
767 5091 864 5146 pro
883 5075 930 5128 ⁷σ
961 5075 1098 5131 forte
1123 5076 1458 5146 scripserint.
1489 5076 1623 5132 Ibid.
1661 5075 1954 5142 Theodor.,

402 5146 582 5201 αὐτῶν
599 5145 672 5218 τῇ
700 5145 998 5218 δυσφημίᾳ,
1026 5146 1120 5218 καὶ
1145 5145 1446 5218 φθάσαντες
1478 5147 1598 5217 μέν,
1627 5156 1732 5218 etc.
1761 5147 1957 5218 Regius

403 5232 619 5287 quoque
661 5215 981 5287 partietilam
1035 5216 1134 5287 μέν
1162 5215 1341 5287 addit,
1371 5215 1534 5287 quain
1590 5217 1680 5270 alii
1731 5226 1785 5272 et
1827 5215 1956 5271 editi

403 5285 680 5358 omittunt.
718 5285 989 5358 Theodor.
1018 5285 1167 5358 mox,
1189 5286 1262 5358 ὡς
1294 5286 1644 5358 προείπομεν,
1672 5288 1730 5339 ὲν
1757 5289 1822 5358 τῇ
1857 5303 1956 5358 κά-

399 5355 471 5427 τά
495 5356 728 5410 Νικαίαν
759 5355 1076 5427 συνόδῳτὴν
1112 5357 1207 5427 μὲν
1245 5355 1755 5427 Ἀρειανὴναῖρεσιν
1779 5355 1960 5410 ἀνεθε-

403 5426 814 5498 μάτισανηξὺῖᾱ.
846 5425 1066 5497 Regius,
1101 5425 1568 5498 ῲς-προείπαμεν.

475 5496 587 5579 (83)
624 5495 738 5579 Νῦν
787 5495 947 5579 deest
981 5495 1459 5579 apud'The‘odor.‘
1486 5495 1657 5579 Paulo
1705 5502 1826 5566 post
1846 5510 1956 5579 'pro

401 5563 624 5636 ταύτην,
675 5563 970 5636 Theodor.,
1006 5563 1215 5636 ξαὺτήν,
1273 5565 1473 5636 Regius
1521 5563 1722 5632 codex,
1761 5563 1953 5636 ταύτῃ.

405 5630 528 5687 Mox
559 5622 860 5707 Theodor..
886 5622 1274 5707 τετολμήκασιν
1320 5622 1597 5707 ἀθετῆσαι.
1627 5675 1641 5707 .
1671 5622 1865 5707 (τινες
1898 5622 1956 5687 δὲ

406 5700 824 5772 σχηματίζονται
841 5700 1117 5774 ὁμολογεῖν
1130 5707 1316 5776 αὐτήν.
1335 5700 1492 5773 1ὺίι1.,
1512 5706 1680 5776 αὐτήν
1695 5703 1950 5776 om._Reg.

2129 4548 2242 4633 (85)
2278 4547 2418 4601 Αὑτό
2445 4548 2595 4603 abest
2629 4563 2659 4603 a
2683 4547 2913 4613 Theod.,
2949 4548 3042 4619 qni
3073 4563 3216 4612 mox,
3255 4545 3343 4600 διὰ
3365 4545 3460 4601 τοῦ
3486 4543 3616 4600 Υξοῦ

2057 4633 2552 4776 γςῖἔέἶςίΐιιοοάον.
2603 4715 2658 4761 et
2705 4705 2926 4776 Regius,
2971 4705 3283 4776 γινομένην.
3323 4703 3515 4776 Cateri
3563 4713 3616 4757 et

2057 4774 2561 4900 gditi,'7evopévnv.
2613 4777 2736 4832 Mox
2787 4774 3181 4842 TheodOretus,
3219 4774 3298 4845 τῇ
3350 4777 3417 4846 σῇ
3465 4774 3620 4828 εὐσε-

2095 4863 2120 4900 ε
2149 4864 2203 4900 α.
3180 4885 3185 4890 .

2095 4863 2203 4917 εια.
3180 4885 3185 4890 .

2126 4937 2572 5010 (87)λΤιιοοᾶοιζ.,
2607 4937 2724 5010 μεθ’
2754 4940 2886 5010 ὅστις
2929 4937 3231 5010 ἀκριϐείας.
3279 4935 3424 5010 idem
3465 4951 3620 5010 mox,

2056 5009 2104 5061 οἱ
2132 5007 2446 5081 παράύτὴν
2465 5007 2826 5081 διδάσκοντες.
2841 5007 3221 5081 'I‘dpseqnens
3253 5007 3406 5061 abest
3435 5008 3504 5060 ab
3526 5021 3618 5060 en-

2056 5083 2176 5200 dim
2204 5076 2300 5148 qui
2331 5076 2458 5134 item
2490 5095 2637 5144 mox,
2661 5079 2744 5132 ὃτι
2763 5079 2902 5148 αὕτη
2926 5076 3024 5149 μὲν
3047 5077 3104 5144 ἐξ
3125 5076 3319 5140 αἰῶνος
3349 5092 3618 5146 κηρυττο-

2061 5165 2099 5219 P-
2131 5166 2219 5220 νηο
2943 5217 2946 5220 λ

2102 5165 2158 5201 εν
2204 5187 2219 5202 ο

2061 5165 2099 5219 μ
2130 5166 2256 5310 (:3),
2283 5239 2373 5296 Sic
2403 5239 2534 5310 Reg.
2564 5247 2619 5295 et
2640 5239 2844 5295 Theod.
2868 5217 3057 5310 Galeri
3081 5252 3212 5310 vero
3235 5245 3290 5294 et
3309 5235 3464 5304 editi,
3487 5234 3620 5291 ταύ-

2053 5308 2172 5382 της.
2208 5308 2330 5368 Mox
2366 5308 2642 5381 πανταχοῦ
2676 5311 2826 5366 deest
2852 5310 2907 5364 in
2939 5308 3126 5365 Theod

2125 5424 2238 5496 (89)
2279 5424 2445 5481 Basil.
2465 5424 2703 5496 Felckm.
2726 5426 2778 5490 7,
2813 5442 2915 5496 ms.
2940 5435 2994 5482 et
3018 5424 3448 5496 cdit.Commel.,
3475 5422 3616 5496 ὥστε

2054 5491 2327 5568 κατά-’τὴν
2365 5495 2624 5568 Σπανίαν.
2659 5497 2792 5552 ibid.
2818 5495 3116 5568 Theodon,
3142 5495 3492 5568 Βρεττανίαν,
3518 5491 3618 5568 Δκαὶ

2052 5562 2300 5638 Γαλλίας,
2330 5567 2424 5619 καὶ
2450 5567 2506 5618 αἱ
2537 5569 2635 5638 τῆς
2667 5567 2894 5630 Ἰταλίας
2923 5565 3124 5638 πάσης,
3147 5562 3614 5638 καὶμκαμπανίαςν

2053 5634 2362 5706 Δαλματίας
2392 5652 2452 5688 τε
2485 5633 2887 5700 καῖ’Μυσίας...
2920 5637 3013 5691 καὶ
3039 5633 3093 5689 αἱ
3123 5633 3264 5689 κατὰ
3295 5633 3394 5706 τὴν
3428 5634 3615 5703 Ἀφρι-

2054 5705 2156 5776 κὴν
2182 5705 2372 5762 πᾶσαι.
2404 5715 2510 5762 etc.
