3966 6226
356 350 460 407 817

1515 348 1845 407 EPISTOLA
1880 349 1971 404 AD
2006 349 2372 408 JOVIANUM.

3457 362 3562 419 8l8

359 471 459 539 κὴν
485 470 685 535 πᾶσαν,
728 468 819 523 καὶ
848 468 1164 542 Σαρδανίαν,
1210 469 1302 524 καὶ
1334 468 1558 542 Κύπρον
1583 510 1598 535 ,
1626 469 1721 525 καὶ
1763 468 1913 540 Κρήο

2018 468 2128 534 riae,
2163 469 2399 542 Λεπρεῖ,
2435 466 2616 539 Libya
2643 509 2657 533 ,
2687 467 2885 535 Ponti,
2926 470 3278 542 Cappadocia
3300 516 3313 539 ,
3359 475 3563 533 vicinas

358 578 477 632 την,
506 561 830 631 Παμφυλίαν
856 579 935 625 τε,
974 562 1067 616 καὶ
1093 562 1322 629 Λυκίαν,
1348 562 1441 617 καὶ⁵
1481 562 1749 633 Ἰσαυρίαν
1777 562 1910 631 (90),

360 654 453 709 καὶ
488 654 546 707 al
602 652 723 706 κατ’
755 654 1026 721 Δίγυπτον
1060 653 1153 706 καὶ
1201 652 1298 717 τὰς
1346 651 1548 715 Λιϐύας
1581 653 1671 708 καὶ
1717 652 1915 705 Πόντον

360 744 450 797 καὶ
502 744 917 808 Καππαδοκίαν,
964 745 1058 798 καὶ
1095 745 1148 797 ai
1183 743 1409 814 πλησίον
1456 743 1613 813 ἡμῶν
1655 742 1783 813 (91),
1822 742 1916 796 καὶ

358 839 413 889 αἱ
444 834 582 890 κατά
608 835 871 899 ἀνατολὰς
908 836 1241 906 Ἐκκλησίαι,
1270 835 1442 906 παρὲξ
1472 834 1665 903 ὀλίγων
1697 834 1806 887 τῶν
1845 832 1916 887 τά

372 924 577 993 Ἀρείου
620 923 979 995 φρονούντων.
1022 923 1302 977 Ἀπάντων
1348 923 1456 995 γὰρ
1503 922 1609 975 τῶν
1663 940 1917 994 προειρη-

360 1013 535 1082 μένων
565 1012 660 1066 καὶ
692 1011 858 1084 πείρᾳ
884 1011 1199 1085 ἐγνώκαμεν
1223 1013 1319 1084 τὴν
1345 1011 1588 1083 γνώμην,
1612 1013 1707 1065 καὶ
1733 1012 1913 1083 γράμ-

361 1122 503 1174 ματα
546 1103 760 1175 ἔχομεν.
810 1104 920 1157 Καὶ
962 1099 1109 1168 οἶδας
1135 1145 1151 1168 ,
1201 1098 1247 1158 ὧ
1278 1103 1652 1173 θεοφιλέστατε
1714 1102 1917 1171 Αὐγου-

357 1211 452 1247 στε
486 1194 617 1264 (92),
659 1196 763 1259 ὅτι,
806 1194 907 1248 κᾶν
932 1193 1103 1262 ὀλίγοι
1130 1196 1272 1258 τινὲς
1304 1194 1621 1262 άντιλέγωσι
1650 1194 1823 1267 ταύτῃ
1846 1196 1912 1264 τῇ

356 1288 555 1349 πίστει,
593 1287 654 1340 οὐ
683 1286 932 1341 δύνανται
969 1287 1249 1358 πρόκριμα
1288 1290 1479 1351 ποιεῖν,
1508 1286 1687 1356 πάσης
1709 1286 1808 1355 τῆς
1836 1287 1914 1338 οἰ-

356 1378 625 1450 κουμένης
658 1378 757 1449 τὴν
787 1377 1146 1450 ἀποστολικὴν
1180 1378 1359 1431 πίστιν
1390 1375 1715 1448 κρατούσης.
1744 1375 1916 1428 Ἑκεί-

356 1486 433 1521 νοι
465 1467 595 1539 γὰρ,
625 1468 803 1539 πολλῴ
832 1469 1007 1540 χρόνῳ
1038 1468 1321 1539 βλαϐέντες
1352 1469 1461 1522 ἀπὸ
1495 1468 1593 1538 τῆς
1638 1467 1917 1538 ’Δρειανῆς

356 1560 637 1629 αἱρέσεως,
672 1559 1096 1632 φιλονεικότερον
1127 1560 1472 1613 ἀνθίστανται
1512 1557 1607 1611 νῦν
1650 1560 1716 1628 τῇ
1758 1557 1915 1610 εὐσε-

356 1651 494 1723 ϐείᾳ.
514 1654 620 1706 Καὶ
640 1653 777 1724 ὑπὲρ
794 1652 885 1706 τοῦ
914 1652 1197 1722 γινώσκειν
1224 1652 1321 1723 τὴν
1346 1650 1454 1723 (93)
1488 1651 1585 1722 σὴν
1617 1649 1912 1713 εὐσέϐειαν,

357 1744 532 1797 καίτοι
582 1742 973 1813 γινώσκουσαν,
1028 1744 1177 1814 ὅμως
1247 1741 1655 1812 ὲσπουδάσαμεν
1705 1741 1805 1811 τὴν
1856 1742 1914 1793 έν

2014 575 2229 631 quoque
2256 559 2413 614 nobis
2444 574 2545 614 nec
2588 574 2697 613 non
2737 558 2971 615 Orientis
3024 561 3292 619 Ecclesias
3316 605 3331 629 ,
3381 569 3587 635 paucis.

2013 648 2255 718 exceptis
2283 647 2376 718 qui
2415 647 2529 702 Arii
2576 648 2805 704 haeresin
2860 659 3181 720 sequuntur.
3241 654 3373 720 Quae
3418 658 3585 715 enim»

2018 740 2091 796 sit
2113 739 2357 793 omnium
2387 739 2602 794 illarum
2624 738 2985 796 Ecclesiarum
3017 746 3304 812 sententia,
3322 756 3376 802 et
3404 764 3563 818 expe-

2016 830 2211 885 rientia
2249 830 2523 896 novimus,
2568 840 2623 887 et
2662 846 2848 886 earum
2896 830 3426 893 habemuslitteras.
3458 838 3565 894 Nec

2014 937 2142 978 vero
2166 931 2216 977 te
2240 922 2397 993 fugit,
2433 923 2679 993 piissime
2707 924 2970 995 Auguste,
2994 928 3208 983 tametsi
3242 932 3399 999 pauci
3440 934 3563 1003 qui-

1980 1010 2139 1097 dam
2176 1010 2301 1066 huic
2358 1012 2479 1066 fidei
2536 1013 2915 1079 adversantur,
2962 1018 3332 1088 praeiudiclum
3384 1031 3562 1078 tamen

2016 1100 2192 1157 facere
2238 1117 2347 1157 non
2395 1118 2598 1173 posse,
2649 1108 2848 1176 quippe
2896 1122 3019 1161 cum
3073 1109 3221 1164 orbis
3274 1112 3562 1169 universus

2015 1193 2358 1262 apostolicam
2392 1195 2551 1251 fidem
2600 1197 2847 1253 retineat.
2883 1197 2962 1253 Illi
3018 1201 3162 1255 enim
3214 1202 3415 1258 Ariana
3454 1204 3565 1259 ha:-

2015 1284 2123 1340 resi
2156 1286 2344 1355 perdiu
2368 1287 2481 1349 jam
2528 1286 2734 1354 infecti,
2785 1305 2926 1345 verae
2969 1292 3154 1361 pietati
3200 1293 3360 1350 hodie
3403 1298 3566 1366 perti-

2016 1374 2206 1430 nacius
2230 1374 2605 1432 adversantur.
2650 1377 2916 1444 Quocirca
2948 1391 3009 1435 ut
3049 1398 3110 1437 ea
3142 1383 3210 1438 de
3254 1400 3314 1440 re
3363 1388 3565 1442 certior

2016 1466 2189 1535 possit
2218 1481 2340 1522 esse
2370 1476 2460 1522 tua
2493 1468 2684 1537 pietas,
2718 1470 2843 1526 licet
2872 1472 2922 1526 ei
2954 1473 3177 1529 minime
3198 1474 3380 1541 lateat,
3404 1477 3563 1532 fidem

2015 1574 2177 1628 quam
2211 1558 2454 1630 episcopi
2489 1559 2680 1616 Nicaeae
2702 1562 2938 1619 confessi
2977 1574 3138 1631 sunt,
3171 1568 3438 1637 subjicere
3466 1585 3565 1625 no-

2015 1648 2100 1704 bis
2132 1650 2314 1706 studio
2362 1650 2484 1706 fuit.
2532 1649 2717 1721 Itaque
2761 1654 2895 1710 ﬁdes
2935 1672 3096 1726 quam
3146 1656 3331 1717 Patres
3375 1659 3565 1717 Nicaea:

2017 1740 2254 1797 confessi
2284 1750 2432 1810 sunt,
2464 1742 2578 1797 hac
2603 1752 2717 1797 est-

357 1834 555 1907 Νικαίᾳ
589 1836 768 1888 πίστιν
816 1834 1232 1906 ὁμολογηθεῖσαν
1285 1834 1389 1888 ὐπὸ
1433 1832 1541 1887 τῶν
1584 1830 1891 1885 ἐπισκόπων
1924 1828 2200 1896 ὑποτάξαι.
2238 1832 2393 1886 Ἐστι
2431 1832 2528 1902 μὲν
2582 1828 2673 1887 οῦν
2718 1835 2751 1904 ἡ
2794 1835 2943 1908 παρὰ
2976 1838 3084 1892 τῶν
3138 1839 3391 1913 Πατέρων
3442 1844 3570 1913 όμο-

355 1930 641 2002 λογηθεῖσα
663 1931 842 1994 πίστις
871 1932 929 1984 ὲν
960 1930 1162 2001 Νικαίᾳ
1191 1930 1349 2000 αὐτη*

424 2024 475 2077 5.
526 2022 856 2093 Πιστεύομεν
899 2025 978 2088 είς
1023 2024 1117 2077 ἕνα
1148 2023 1312 2090 Θεὸν,
1346 2023 1564 2095 Πατέρα
1611 2020 1914 2092 παντοκράο

2084 2016 2137 2070 5.
2171 2013 2562 2070 Credimus'in
2611 2032 2777 2070 unum
2819 2015 3008 2083 Deum,
3063 2018 3274 2075 Patrem
3321 2022 3568 2091 omnipo-

354 2131 507 2187 τορα,
537 2114 754 2167 πάντων
787 2114 996 2186 όρατῶν
1029 2132 1088 2168 τε
1118 2115 1211 2168 καὶ
1238 2114 1483 2186 ἀοράτων
1523 2113 1749 2184 ποιητήν
1770 2130 1783 2143 ν
1824 2113 1918 2165 καὶ

354 2207 435 2270 τίς
466 2207 555 2259 τὸν
584 2205 695 2278 (94)
723 2205 820 2259 ἕνα
866 2205 1069 2276 Κύριον
1104 2204 1309 2275 Ἰησοῦν
1352 2204 1604 2276 Χριστὸν,
1654 2204 1745 2257 τὸν
1790 2203 1916 2256 Υίὸν

354 2296 449 2350 τοῦ
475 2296 633 2363 Θεοῦ,
669 2296 994 2367 γεννηθέντα
1025 2299 1089 2350 ὲκ
1116 2296 1207 2350 τοῦ
1230 2296 1441 2367 Πατρὸς
1477 2296 1918 2367 μονογενῆ,τουτ-

356 2385 503 2439 ἐστιν
564 2387 629 2439 ὲκ
657 2386 758 2457 τῆς
781 2388 969 2450 οὐσίας
997 2386 1091 2439 τοῦ
1114 2388 1348 2458 Πατρὸς,
1370 2386 1500 2440 Θεὸν
1531 2389 1594 2440 ὲκ
1625 2385 1780 2451 Θεοῦ,
1804 2385 1919 2455 φῶς

357 2478 419 2528 ἐκ
458 2472 655 2546 φωτὸς,
691 2477 822 2531 Θεὸν
854 2478 1103 2547 ἀληθινὸν
1146 2480 1211 2531 ἐκ
1246 2477 1380 2531 Θεοῦ
1420 2476 1694 2549 ἀληθινοῦ,
1730 2494 1919 2546 γεννη-

356 2568 538 2631 θέντα,
583 2569 643 2621 οὐ
688 2569 999 2638 ποιηθέντα,
1028 2570 1308 2640 όμοούσιον
1334 2570 1412 2640 τῷ
1437 2571 1631 2642 Πατρὶ,
1666 2569 1730 2621 δι’
1757 2564 1817 2624 οὐ
1852 2568 1918 2622 τὰ

360 2659 537 2712 πάντα
565 2659 800 2727 ἐγένετο.
830 2661 898 2713 τά
943 2677 1001 2712 τε
1025 2662 1082 2713 ὲν
1110 2660 1188 2731 τῷ
1213 2660 1423 2733 οὐρανῷ
1468 2661 1562 2714 καὶ
1599 2661 1669 2713 τὰ
1703 2662 1794 2714 ἐπὶ
1822 2661 1919 2731 τῆς

358 2751 459 2821 γῆς
480 2768 495 2782 ⁹
528 2752 618 2805 τὸν
643 2752 710 2804 δι’
745 2753 893 2822 ἡμᾶς
922 2754 1049 2816 τοὺς
1076 2753 1394 2825 ἀνθρώπους
1423 2754 1516 2807 καὶ
1546 2752 1636 2807 διὰ
1665 2752 1763 2824 τὴν
1785 2754 1921 2823 ἡμε-

360 2840 523 2912 τέραν
554 2842 828 2912 σωτηρίαν
868 2844 1213 2909 κατελθόντα,
1249 2846 1344 2898 καὶ
1393 2845 1503 2917 (95)
1546 2844 1918 2916 σαρκωθέντα,

360 2932 871 3005 ένανθρωπήσαντα,
905 2935 1161 3000 παθόντα,
1194 2937 1289 2989 καὶ
1326 2936 1632 2990 ἀναστάντα
1664 2938 1730 3007 τῇ
1762 2936 1920 3008 τρίτῃ

360 3028 558 3099 ἡμέρᾳ,
598 3028 695 3082 καὶ
722 3029 1013 3082 ἀνελθόντα
1039 3030 1119 3092 είς
1152 3029 1279 3093 τοὺς
1310 3028 1591 3100 οὐρανοὺς,
1630 3028 1918 3101 ἐρχόμενον

360 3119 540 3187 κρῖναι
574 3116 779 3181 ζῶντας
820 3118 913 3172 καὶ
946 3118 1198 3189 νεκρούςο
1229 3118 1322 3172 καὶ
1359 3120 1439 3182 είς
1474 3119 1533 3172 τὸ
1560 3119 1783 3190 Πνεῦμα
1809 3119 1917 3190 (96)

358 3206 419 3259 τὸ
451 3208 623 3276 ἆγιον.
660 3208 799 3271 Τοὺς
830 3209 886 3263 δὲ
917 3208 1169 3278 λέγοντας
1189 3249 1203 3274 ,
1237 3206 1345 3263 Ἦν
1390 3228 1539 3273 ποτε,
1579 3211 1667 3264 ὅτε
1698 3213 1797 3264 οὐκ
1829 3206 1917 3282 ἦν,

358 3297 474 3361 καὶ,
499 3299 636 3371 Πρὶν
665 3299 974 3372 γενηθῆναι,
1014 3302 1113 3355 οὐκ
1145 3297 1233 3372 ἦν,
1274 3302 1367 3355 καὶ
1392 3304 1473 3356 ὅτι
1513 3302 1601 3368 Ἐξ
1629 3304 1727 3357 οὐκ
1754 3304 1920 3357 ὄντων

358 3390 593 3456 ἐγένετο,
636 3390 669 3461 ἢ
710 3389 769 3456 ἐξ
795 3392 985 3464 ἑτέρας
1016 3394 1363 3458 ὑποστάσεως
1394 3394 1427 3463 ἢ
1471 3396 1658 3458 οὐσίας
1688 3394 1921 3464 φάσκον-

359 3496 457 3542 τας
503 3476 661 3545 εἶναι,
710 3481 743 3552 ἢ
798 3484 1033 3549 κτιστὸν,
1063 3485 1096 3555 ἢ
1130 3484 1394 3555 τρεπτὸν,
1427 3484 1460 3556 ἦ
1495 3484 1780 3539 ἀλλοιωτὸν
1828 3484 1919 3539 τὸν

360 3568 486 3623 Υίὸν
516 3570 612 3624 τοῦ
648 3572 803 3636 Θεοῦ,
828 3574 1047 3638 τούτους
1076 3575 1455 3646 ἀναθεματίζει
1480 3577 1513 3646 ή
1549 3575 1805 3647 καθολικὴ
1826 3577 1919 3629 καὶ

359 3662 683 3735 ἀποστολικὴ
718 3665 1007 3736 Ἐκκλησία
1034 3665 1165 3737 (97).

428 3752 479 3806 4.
507 3753 692 3826 Ταύτῃ
726 3758 791 3827 τῇ
829 3757 1029 3823 πίστει,
1071 3756 1364 3826 Αὐγουστε,
1396 3757 1601 3820 πάντας
1642 3758 1918 3827 ἐπιμένειν

357 3843 670 3913 ἀναγκαῖον,
700 3846 773 3910 ὡς
806 3846 925 3918 θείᾳ
965 3848 1057 3901 καὶ
1094 3849 1441 3921 άποστολικῇ,
1482 3850 1574 3901 καὶ
1604 3848 1804 3919 μηδένα
1832 3866 1919 3919 με-

357 3938 597 3991 τακινεῖν
624 3936 791 4008 αὐτὴν
823 3938 1222 4009 πιθανολογίαις
1243 3941 1337 3993 καὶ
1375 3940 1750 4011 λογομαχίαις,
1782 3941 1919 4012 ὅπερ

359 4029 717 4100 πεποιήκασιν
738 4029 787 4082 oi
831 4032 1231 4102 ’Δρειομανῖται
1257 4030 1388 4103 (98),
1424 4031 1484 4096 ἐξ
1504 4034 1603 4085 οὐκ
1636 4032 1804 4086 ὄντων
1826 4034 1919 4087 τὸν

363 4120 486 4173 Υίὸν
517 4120 612 4174 τοῦ
646 4121 779 4175 Θεοῦ
808 4122 1071 4193 λέγοντες,
1099 4124 1194 4178 καὶ
1220 4124 1301 4177 ὅτι
1329 4121 1398 4196 ἦν
1431 4143 1559 4178 ποτε
1591 4126 1679 4179 ὅτε
1709 4126 1808 4179 οὐκ
1828 4122 1916 4197 ἦν,

359 4212 451 4263 καὶ
474 4212 708 4275 κτιστὸς,
737 4213 830 4267 καὶ
851 4214 1090 4284 ποιητὸς,
1118 4216 1209 4269 καὶ
1232 4216 1459 4288 τρεπτός
1480 4218 1615 4270 ἐστι.
1646 4218 1742 4271 Διά
1763 4216 1919 4270 τοῦτο

358 4310 486 4374 γάρ,
517 4303 661 4358 καθά
715 4305 1084 4376 προείπομεν,
1131 4308 1224 4361 καὶ
1271 4309 1305 4377 ή
1354 4308 1413 4360 ὲν
1451 4308 1656 4380 Νικαίᾳ
1702 4309 1919 4373 σύνοδος

358 4394 715 4466 ἁνεθεμάτισε
746 4396 843 4467 τὴν
871 4396 1125 4468 τοιαύτην
1166 4398 1392 4470 αἵρεσιν,
1434 4398 1532 4471 τὴν
1561 4399 1617 4453 δὲ
1657 4400 1757 4470 τῆς
1796 4400 1921 4472 ἀλη-

359 4488 511 4550 θείας
537 4487 719 4540 πίστιν
742 4486 1108 4558 ὡμολόγησεν.
1134 4488 1208 4541 υύ
1235 4488 1339 4561 γὰρ
1356 4489 1541 4552 ἁπλῶς
1563 4490 1746 4561 ὅμοιον
1769 4493 1919 4563 εἰρή-

358 4596 486 4633 κασι
506 4576 597 4631 τὸν
611 4577 737 4631 Υίὸν
756 4576 835 4649 τῷ
850 4577 1045 4649 Πατρὶ,
1062 4577 1148 4631 ἵνα
1166 4578 1238 4648 μὴ
1259 4577 1443 4642 ἁπλῶς
1456 4578 1639 4649 ὅμοιος
1661 4578 1918 4650 Θεῷ,ἀλλ’

433 4753 545 4827 (90)
586 4751 807 4827 Regius.
835 4752 1127 4827 Παμφυλία
1152 4773 1211 4809 τε
1235 4755 1327 4808 κα).
1347 4755 1519 4827 Λυκία
1536 4755 1631 4809 καὶ
1661 4756 1915 4827 Ἰσαυρία.

363 4823 495 4879 Ibid.
533 4835 655 4894 post
695 4823 985 4895 Ἰσαυρίίαν,
1021 4823 1319 4892 Theodor.,
1353 4825 1447 4878 καὶ
1476 4828 1531 4880 al
1565 4825 1706 4879 κατά
1742 4823 1919 4883 πᾶσαν

364 4894 637 4962 Αἴγυπτον
665 4895 758 4947 καὶ
786 4894 1011 4963 Λιϐύην.

437 4964 556 5036 (91)
588 4963 891 5036 Τιιροᾱοτη
914 4962 1010 5036 κα),
1034 4963 1103 5017 τὰ
1134 4963 1359 5036 πλησίον
1394 4962 1729 5036 μέρηιῐόεηι
1761 4966 1918 5028 ibid..

366 5036 456 5106 καὶ
504 5034 562 5088 αί
604 5034 745 5106 κατά
783 5033 1044 5106 ἀνατολάς
1068 5033 1406 5106 Ἐκκλησίαιζ
1441 5033 1792 5106 Regiusms.,
1830 5038 1922 5091 καὶ

367 5104 465 5175 τὴν
506 5104 647 5175 κατὰ
669 5104 769 5175 τὴν
791 5104 1054 5175 ἀνατολὴν
1091 5103 1433 5175 Ἐκκλησίαν.
1466 5103 1667 5175 βὼῐθῄ
1690 5114 1744 5160 et
1769 5107 1922 5175 editi,

369 5174 458 5247 κα).
491 5173 591 5237 τάς
619 5173 761 5247 κατά
791 5173 1053 5246 ἀνατολὴν
1087 5173 1426 5246 Ἐκκλησίας.
1464 5173 1591 5229 Mox
1628 5173 1922 5247 Theodon,

370 5244 603 5315 Πάντων
616 5243 751 5315 γάρ,
783 5254 886 5299 etc.

439 5311 664 5383 (92)Sic
697 5311 972 5369 inanuscr.
996 5322 1052 5370 et
1077 5314 1206 5371 edit.
1231 5314 1519 5369 CommeL.
1552 5313 1782 5381 Theod.,
1813 5316 1926 5371 Kal.
1986 5316 1997 5326 ⁴

371 5383 608 5453 οἴδαμεν,
632 5382 1006 5456 θεοφιλέστατε
1030 5383 1324 5456 Αὐγουστε,
1354 5384 1605 5456 etc..M9r
1625 5385 1787 5456 idem,
1802 5387 1927 5456 πρό-

374 5470 548 5536 ἔτρεμε
570 5454 741 5536 “es?”
771 5454 925 5536 πάεση
945 5454 1351 5536 mmmam:
1378 5454 1563 5536 Πολλίῑ)
1590 5454 1699 5536 γάρ
1729 5454 1925 5536 mea.

2019 2108 2244 2166 tentem,
2276 2100 2522 2155 omnium
2554 2101 2853 2158 visibilium
2879 2113 2934 2160 et
2966 2106 3320 2162 invisibilium
3351 2108 3568 2163 euecto-

2018 2204 2132 2243 rem
2165 2207 2179 2243 :
2208 2196 2263 2243 et
2295 2188 2351 2242 in
2383 2204 2551 2244 unum
2593 2189 2885 2247 Dominum
2913 2192 3099 2250 Jesum
3141 2194 3440 2260 Christum,
3478 2194 3570 2249 Fi-
3602 2200 3605 2205 ’

2017 2279 2150 2335 lium
2181 2278 2279 2336 Dei
2310 2280 2549 2350 genitum
2579 2296 2645 2337 ex
2675 2280 2835 2338 Patre
2874 2282 3231 2355 unigenitum,
3270 2284 3320 2339 id
3381 2294 3463 2340 est
3502 2302 3569 2341 ex

2019 2368 2322 2424 substantia
2347 2367 2543 2433 Patris,
2580 2369 2749 2425 Deum
2781 2386 2846 2426 ex
2880 2371 3010 2438 Deo,
3039 2373 3221 2428 lumen
3247 2388 3313 2427 ex
3342 2373 3568 2441 lumine,

2021 2457 2191 2514 Deum
2222 2474 2409 2516 verum
2436 2476 2504 2516 ex
2536 2459 2647 2517 Deo
2677 2476 2826 2527 vero,
2870 2463 3108 2533 genitum
3141 2504 3155 2528 ,
3191 2479 3297 2517 non
3342 2463 3568 2529 factum,

2018 2550 2536 2607 consubstantialem
2591 2551 2776 2620 Patri,
2824 2568 2921 2623 per
2975 2568 3136 2621 quem
3194 2554 3374 2608 omnia
3429 2555 3569 2610 facta

2020 2650 2166 2711 sunt,
2195 2644 2310 2698 sive
2333 2659 2454 2713 qua:
2482 2643 2537 2698 in
2567 2644 2725 2711 ccelo,
2746 2645 2859 2700 sive
2889 2660 3010 2715 quae
3039 2645 3094 2699 in
3125 2654 3266 2699 terra
3283 2654 3445 2713 sunt;
3471 2646 3583 2715 qui

2019 2744 2240 2804 propter
2262 2749 2363 2789 nos
2391 2734 2640 2791 homines
2662 2746 2716 2790 et
2743 2743 2963 2805 propter
2990 2734 3155 2807 625.
3187 2745 3435 2809 nostram
3476 2753 3568 2792 sa-

2022 2826 2186 2880 lutem
2211 2825 2529 2891 descendit,
2571 2834 2625 2881 et
2657 2826 2970 2882 incarnatus
2997 2834 3112 2891 est,
3139 2835 3191 2882 et
3209 2827 3371 2882 homo
3396 2826 3569 2883 factus

2021 2922 2126 2980 est,
2170 2929 2364 2984 passus
2393 2923 2497 2979 est,
2521 2923 2576 2969 et
2598 2915 2897 2970 resurrexit
2916 2915 3073 2969 tertia
3099 2914 3207 2979 die,
3248 2924 3303 2969 et
3329 2918 3573 2972 ascendit

2023 3006 2077 3059 in
2122 3004 2311 3069 ccelos,
2354 3019 2419 3060 ac
2439 3012 2701 3060 venturus
2732 3012 2815 3060 est
2844 3005 2910 3059 ad
2941 3004 3289 3074 iudicandum
3322 3006 3474 3062 vivos
3519 3014 3575 3062 et

2021 3106 2287 3152 mortuos.
2327 3095 2394 3151 Et
2414 3096 2469 3151 in
2502 3096 2766 3167 Spiritum
2800 3106 3069 3152 sanctum.
3098 3095 3221 3151 Illos
3247 3106 3425 3152 autem
3473 3098 3565 3168 qui

2022 3186 2233 3250 dicunt,
2284 3184 2409 3242 Fuit
2455 3185 2748 3255 aliquando
2771 3201 2894 3241 cum
2928 3202 3036 3243 non
3067 3195 3231 3251 esset,
3277 3196 3350 3254 et,
3380 3187 3573 3243 Prius-

2033 3292 2197 3347 quam
2238 3278 2390 3332 fieret
2410 3292 2520 3333 non
2553 3285 2693 3341 erat,
2729 3285 2804 3343 et,
2835 3277 2913 3330 Ex
2947 3276 3117 3331 nihilo
3157 3276 3332 3333 factus
3359 3286 3462 3345 est,
3490 3278 3575 3333 vel

1948 3357 1990 3413 C
2025 3367 2119 3435 qui
2165 3382 2231 3421 ex
2277 3366 2381 3421 alia
2436 3366 2720 3437 hypostasi
2781 3375 2876 3421 aut
2922 3368 3225 3422 substantia
3270 3384 3391 3424 esse
3420 3408 3435 3435 ,
3486 3369 3574 3425 vel

2023 3462 2270 3510 creatum
2300 3470 2420 3511 esse
2460 3466 2556 3510 aut
2583 3457 2781 3511 mutari
2813 3466 2908 3512 aut
2947 3460 3188 3514 converti
3218 3475 3375 3528 posse
3419 3461 3575 3516 aiunt

2018 3542 2215 3598 Filium
2261 3544 2377 3613 Dei,
2429 3546 2775 3601 anathemate
2805 3546 2928 3602 ferit
2968 3548 3232 3604 catholica
3271 3558 3326 3604 et
3353 3559 3571 3619 aposto-

2019 3638 2123 3691 lica
2151 3636 2413 3692 Ecclesia.

2088 3747 2142 3801 4.
2174 3748 2233 3800 ln
2259 3747 2361 3802 hac
2388 3746 2518 3814 (ide,
2554 3746 2826 3819 Auguste;
2840 3756 3099 3820 tanquam
3130 3749 3311 3806 divina
3344 3761 3399 3806 et
3437 3766 3567 3821 apo-

2018 3843 2230 3907 stolica,
2276 3858 2465 3897 omnes
2519 3858 2740 3898 necesse
2785 3850 2867 3899 est
2912 3859 3249 3913 permanere,
3294 3859 3394 3901 nec
3426 3845 3569 3900 ullus

2018 3950 2138 3989 eam
2173 3934 2464 3990 subtilibus
2514 3933 2858 3991 sermonibus
2896 3943 2952 3991 et
2996 3935 3435 3991 contentionibus
3467 3936 3570 3990 im-

2020 4037 2232 4083 mutare
2257 4027 2435 4094 debet,
2470 4028 2546 4082 uti
2581 4027 2757 4082 fecere
2793 4026 2998 4091 Ariani,
3027 4026 3119 4097 qui
3149 4025 3347 4083 Filium
3376 4027 3469 4083 Dei
3501 4043 3569 4084 ex

2022 4118 2190 4173 nihilo
2222 4132 2343 4173 esse
2370 4117 2544 4183 aiunt,
2576 4116 2853 4186 fuisseque
2886 4116 3174 4185 aliquando
3203 4132 3326 4173 cum
3354 4133 3464 4174 non
3490 4134 3572 4174 es.

2020 4220 2125 4275 set,
2149 4220 2505 4281 creatumque
2534 4220 2588 4264 et
2629 4208 2834 4264 factum
2865 4224 2929 4265 ac
2958 4208 3272 4264 mutabilem
3301 4225 3441 4267 esse.
3480 4210 3571 4266 Si-

2020 4302 2238 4372 quidem
2277 4301 2500 4368 idcirco,
2548 4302 2627 4356 uti
2674 4316 2837 4370 supra
2871 4300 3323 4368 commonuimus,
3356 4300 3591 4359 Nicena.

2021 4394 2263 4464 synodus
2315 4392 2629 4462 hujusmodi
2687 4392 2921 4447 hmresin
2981 4392 3324 4448 anathemate
3379 4394 3575 4449 multa-
3690 4394 3695 4401 ’

2021 4485 2115 4553 vit,
2141 4494 2197 4542 et
2245 4484 2403 4541 fidem
2442 4484 2686 4539 veritatis
2719 4484 2969 4539 confessa
3001 4493 3104 4540 est.
3150 4483 3262 4540 Nec
3291 4485 3433 4540 enim
3482 4486 3571 4540 Fi-

2019 4579 2151 4633 lium
2205 4576 2351 4632 Patri
2390 4592 2514 4633 esse
2567 4576 3445 4644 similemtantummododixere,
3501 4595 3569 4634 ne

2023 4760 2168 4823 nius,
2197 4768 2358 4845 atque
2386 4758 2459 4813 ita
2483 4758 2779 4845 legendum.
2797 4772 2917 4845 esse
2941 4765 3083 4845 patet
3114 4756 3451 4845 exnsequenti
3479 4769 3573 4845 vo-

2023 4846 2105 4893 ce,
2134 4824 2716 4911 γινώὶςκουσανδᾳᾳοηι
2766 4824 2967 4883 habent
3005 4843 3134 4882 mss.
3161 4824 3296 4896 Reg.
3319 4841 3381 4880 ac
3407 4824 3569 4879 Basil.
3598 4880 3601 4881 ν

2024 4916 2145 4975 cum
2176 4898 2445 4975 Theodor.
2479 4898 2661 4975 Edttto
2678 4906 2854 4953 autem
2885 4897 3109 4975 Comm._
3125 4911 3246 4975 cum
3281 4895 3515 4975 Felckm.
3543 4894 3573 4945 7

2023 4970 2186 5025 habet
2223 4968 2603 5037 γινώσκουσιν.
2634 4970 2905 5034 Attamen,
2940 4968 3037 5037 σήν
3078 4965 3229 5037 deest
3257 4976 3309 5037 et
3341 4966 3395 5018 in
3437 4980 3568 5037 mss.

2024 5048 2079 5095 et
2114 5040 2168 5093 in
2196 5034 2375 5094 editis.
2408 5038 2577 5094 Paulo
2606 5048 2729 5108 post
2768 5037 2874 5091 τῶν
2917 5034 3044 5108 ante
3089 5034 3397 5108 ἐπισκόπων
3424 5034 3569 5108 deest

2024 5110 2078 5163 in
2108 5108 2295 5166 Regio.
2332 5103 2622 5166 Theodori
2642 5108 2803 5163 habet
2836 5107 2940 5160 ὐπὸ
2960 5105 3285 5160 τριακοσίων
3321 5103 3454 5157 δέκα
3482 5104 3571 5156 καὶ

2022 5178 2167 5232 όκτὼ
2196 5178 2527 5233 ἐπισκόπων.

2093 5249 2182 5317 (94
2212 5249 2348 5320 δΤόν
2376 5250 2528 5304 abest
2554 5264 2583 5303 a
2609 5246 2685 5301 Re
2723 5246 2775 5299 io
2801 5256 2855 5301 et
2883 5244 3152 5300 Theudor.

2096 5248 2208 5383 (95)
2248 5318 2357 5383 Καί
2385 5320 2541 5373 deest
2564 5318 2617 5371 in
2642 5264 2910 5372 Tﬁeodor.
3060 5382 3080 5383 ν,

2096 5316 2236 5388 (95)*
2248 5318 2357 5388 Καί
2385 5320 2541 5373 deest
2564 5318 2617 5371 in
2642 5316 2910 5388 Thegdor.

2097 5375 2206 5458 (96)
2246 5375 2540 5458 Theodor.,
2570 5384 2733 5458 algeo
2758 5384 2910 5458 ἆγιον
2942 5382 3183 5458 Πνεῦμα.

2102 5450 2231 5533 (97)⁸
2253 5450 2547 5533 Theodon,
2576 5458 2609 5525 ἡ
2631 5454 2771 5533 ἀγία
2799 5450 2895 5507 καὶ
2930 5450 3188 5533 ξαθολςικὴ
3222 5450 3344 5533 καί,
3364 5459 3597 5533 θιαηεινι

378 5510 711 5596 intermediis
740 5510 1212 5596 omissis."Regius
1242 5510 1380 5596 ibid.
1400 5510 1919 5596 βοείπᾶσῆξξέἀᾶἱί

2032 5510 2177 5593 mori,
2196 5510 2914 5596 ’θεοξρίλέστατεἈῦ’γουστε.
2945 5510 3105 5579 Deest
3135 5510 3191 5576 in
3230 5510 3417 5578 eodem
3453 5510 3580 5577 πάνκ

375 5593 472 5716 ιἶῆς
492 5593 574 5716 )aéb
606 5591 729 5646 aliis
740 5601 813 5715 ‘9;
811 5594 996 5717 bzdiéis
1027 5591 1471 5716 (amissumldém
1492 5591 1786 5663 Theodor.,
1820 5611 1923 5667 pro

411 5679 491 5715 ντι
512 5702 521 5714 ι
552 5678 711 5717 γωσι.
956 5682 1035 5717 ντι
1100 5681 1273 5717 γουσι.

411 5678 899 5731 v1u.e1mcc,_nanet
920 5678 1273 5731 αντιλεγουσι.

442 5729 675 5803 (95)“Ει
706 5729 971 5789 Theodor.
1009 5729 1399 5792 stiv‘addimus.
1435 5743 1494 5791 ut
1520 5743 1573 5791 et
1594 5735 1751 5792 vertit
1776 5733 1917 5792 Nam

2029 5615 2209 5737 ταῗόε)
2251 5665 2414 5734 Idem,
2434 5666 2569 5735 ὅπερ
2600 5661 2860 5739 ἐποίησαν
2891 5666 2948 5734 ἐξ
2975 5661 3146 5736 ἀρχῆς
3170 5662 3243 5726 οἱ»
3268 5669 3374 5718 etc.
