3966 6226
381 381 486 440 819

949 379 1008 435 S.
1050 376 1421 435 ATHANASII
1462 375 1611 432 OPP.
1654 373 1835 429 PARS
1868 372 1908 429 Ι.
1950 404 2019 416 -
2056 372 2427 430 HISTORICA
2464 373 2553 429 ET
2590 373 3007 430 DOGMA'I‘ICA.

3509 375 3615 432 820

381 504 633 562 videlicet
681 501 877 559 similis
923 501 1188 558 duntaxat
1220 499 1332 555 Deo
1371 505 1656 570 putaretur
1690 516 1703 553 :
1749 497 1840 552 sed
1882 506 1938 550 ut

2048 496 2106 549 ἐκ
2124 494 2258 548 Θεοῦ
2270 495 2399 559 Θεὸς
2416 494 2665 567 ἀληθινὸς
2686 494 3023 565 πιστεύηται’
3042 491 3154 547 ἀλλ’
3167 491 3446 563 όμοούσιος
3458 491 3614 565 ἐγρα-

379 613 542 654 verus
573 611 640 652 ex
694 594 806 651 Deo
860 594 1003 652 Deus
1036 609 1164 651 esse
1207 593 1557 657 crederetur,
1610 590 1947 659 scripserunt

378 688 900 746 consubstantialem
942 701 1084 753 esse,
1118 687 1266 758 quod
1315 685 1531 756 quidem
1561 683 1778 754 proprie
1814 698 1945 739 con-

377 782 527 838 venit
554 796 815 853 germano
840 789 894 835 et
924 795 1054 835 vero
1076 778 1213 834 Filio
1234 778 1346 832 veri
1376 786 1429 832 et
1453 776 1716 833 tiaturalis
1743 774 1941 830 Patris.

378 872 568 945 Neque
620 873 785 935 etiam
841 870 1103 942 Spiritum
1151 879 1399 927 sanctum
1441 884 1470 923 a
1508 867 1665 923 Patre
1712 875 1765 921 et
1806 866 1945 922 Filio

377 963 714 1034 disjunxere,
741 963 838 1019 sed
861 962 1016 1019 illum
1046 961 1229 1032 potius
1277 976 1385 1017 una
1429 975 1554 1015 cum
1590 959 1748 1015 Patre
1770 968 1824 1014 et
1856 958 1947 1014 Fi-

379 1059 454 1112 Iio
482 1056 891 1128 gloriﬁcavere,
946 1054 1003 1111 in
1051 1070 1161 1113 una
1218 1062 1422 1111 sanctae
1453 1052 1739 1108 Trinitatis
1790 1051 1894 1107 lide
1924 1090 1941 1115 ,

377 1149 504 1219 quia
548 1163 740 1219 nempe
788 1163 896 1202 una
932 1147 1099 1202 estin
1134 1145 1332 1203 szecula
1366 1143 1631 1199 Trinitate
1659 1142 1937 1199 divinitas.

377 1260 576 1319 Petilio
610 1262 679 1315 ad
725 1260 1013 1315 Jovianum
1049 1260 1420 1328 imperatorem
1460 1256 1757 1328 Antiochia:
1798 1256 1943 1328 facta

451 1350 484 1386 a
519 1331 702 1393 Lucio,
739 1331 1054 1390 Berniciano
1080 1369 1094 1391 ,
1126 1326 1178 1385 et
1210 1329 1331 1383 aliis
1358 1326 1670 1398 quibusdam
1724 1326 1942 1381 Ariani:

447 1412 633 1459 contra
660 1402 1009 1457 Athanasium
1042 1400 1342 1470 episcopum
1373 1397 1729 1453 Alexandriam

386 1582 568 1642 Prima
594 1588 782 1656 petitio
819 1604 980 1660 quam
1014 1586 1293 1660 fecerunt,
1324 1589 1648 1660 imperatore
1691 1587 1743 1660 in
1795 1601 1944 1642 cam-

576 1674 706 1729 pum
732 1659 1083 1729 concedente,
1108 1659 1168 1716 in
1192 1670 1349 1732 porta
1382 1659 1732 1716 Romanensi.
1787 1734 1796 1742 .

461 1774 736 1847 Rogamus
783 1777 1076 1847 potentiam
1125 1783 1308 1841 tuam,
1348 1774 1634 1845 imperium
1685 1782 1838 1829 tuum
1889 1780 1945 1828 et

2045 587 2170 656 ψαν,
2203 588 2339 659 ὅπερ
2374 585 2503 639 ἴδιον
2542 581 2610 658 ἦν
2644 585 2864 656 γνησίου
2898 582 3004 656 (99)
3040 583 3134 638 καὶ
3178 582 3429 656 ἀληθινοῦ
3456 583 3609 647 Υίοῦ,

2046 678 2297 749 ἀληθινοῦ
2336 679 2428 731 καὶ
2472 677 2629 747 φύσει
2675 676 2768 730 τοῦ
2808 676 3042 748 Πατρός.
3099 675 3237 729 Ἀλλ’
3279 676 3401 729 οὑδέ
3433 674 3611 745 ἀπηλ-

2045 771 2341 841 λοτρίωσαν
2371 768 2432 822 τὸ
2464 767 2689 837 Πνεῦμα
2724 766 2785 820 τὸ
2817 766 2968 835 ἆγιον
2999 765 3108 818 ἀπὸ
3142 763 3237 819 τοῦ
3274 763 3489 836 Πατρὸς
3521 764 3613 817 καὶ

2045 863 2138 916 τοῦ
2169 861 2323 926 Υίοῦ,
2370 862 2504 916 ἀλλά
2553 861 2750 932 μᾶλλον
2786 858 3137 924 συνεδόξασαν
3170 858 3301 913 αὐτὸ
3328 857 3407 929 τῷ
3439 857 3613 928 Πατρὶ

2046 957 2140 1009 καὶ
2163 954 2240 1025 τῷ
2264 953 2377 1026 Υίῷ
2398 955 2455 1009 ἐν
2488 955 2554 1026 τῇ
2587 955 2684 1025 μιᾷ
2714 952 2814 1023 τῆς
2843 952 2999 1021 ἁγίας
3035 952 3264 1024 Τριάδος
3292 951 3495 1020 πίστει,
3524 950 3611 1005 διὰ

2044 1047 2105 1101 τὸ
2133 1047 2226 1101 καὶ
2252 1045 2380 1119 μίαν
2408 1041 2545 1100 εῖναι
2588 1048 2645 1099 ἐν
2675 1048 2740 1117 τῇ
2776 1044 2906 1117 ἁγίᾳ
2934 1045 3121 1116 Τριάδι
3156 1043 3402 1114 θεότητα.
3554 1044 3565 1055 ’

2062 1272 2367 1354 Ἐντυχίαη
2393 1272 2687 1342 γενομένη
2735 1270 2810 1396 (Ι)
2863 1271 2933 1325 ἐν
2982 1267 3301 1338 Ἀντιοχείᾳ
3351 1266 3615 1349 Ἰιεϐιανφ

2111 1343 2381 1396 βασιλει.
2422 1342 2581 1396 παρὰ
2618 1348 2778 1396 Λουκ
2806 1359 2877 1395 ου
2917 1340 3016 1395 καὶ
3055 1344 3475 1396 Βερνικιανου,
3516 1335 3614 1391 καὶ

2111 1335 2381 1408 βασίξλεῖ,
2401 1335 2581 1410 ’παρὰ
2618 1335 2877 1397 Λουκίου
2917 1340 3016 1395 καὶ
3055 1335 3441 1410 Βερῶικιιανοῦ
3459 1376 3475 1399 ,

2114 1412 2330 1480 ἐτέρων
2369 1407 2561 1467 ντινῶν
2627 1410 2934 1481 Ἁρειανῶν
2963 1450 2979 1475 ,
3051 1411 3201 1465 κατὰ
3262 1407 3612 1464 Ἀθανασίου

2111 1481 2447 1538 ἐπισκόπου
2493 1481 2967 1551 Ἀλεξανδρείας.

2043 1593 2250 1667 Πρῴτη
2276 1595 2516 1667 ἐντυχία,
2538 1594 2604 1667 ἢν
2636 1596 2978 1667 ἐποιήσαντο,
3001 1592 3373 1667 ἀπερχομένου
3396 1586 3492 1667 τοῦ
3518 1583 3614 1662 βα.-⁸

2115 1661 2307 1730 σιλέὼς
2337 1661 2666 1737 εἰς’κάμπον
2692 1667 2749 1719 ἐν
2887 1661 3237 1737 Ῥωμανὴσῖίᾲ
3259 1662 3403 1737 πύλῃ

2078 1762 2083 1767 ’
2115 1780 2358 1851 Δεόμεθά
2384 1798 2478 1834 σου
2506 1781 2601 1835 τοῦ
2638 1781 2891 1854 κράτους,
2935 1780 3032 1834 καὶ
3068 1779 3163 1833 τοῦ
3194 1777 3462 1850 βασιλείου
3497 1793 3611 1845 σου,

393 1869 649 1939 pietatem
680 1878 852 1937 tuam,
899 1877 961 1924 ut
990 1884 1091 1925 nos
1142 1868 1351 1923 audias.
1411 1869 1710 1937 Imperator
1762 1865 1938 1920 dixit:

2048 1871 2138 1924 καὶ
2170 1870 2271 1941 τῆς
2303 1871 2583 1936 εὐσεϐείας
2622 1853 2750 1939 σου,
2794 1872 3024 1927 ἄκουσον
3055 1870 3233 1943 ήμῶν.
3276 1870 3335 1924 'O
3367 1868 3616 1938 βασιλεὺς

372 1962 608 2029 Quinam
669 1962 844 2029 estis,
893 1970 949 2017 et
1006 1960 1193 2018 unde?
1234 1959 1652 2030 Responderunt
1704 1958 1938 2015 Ariani:

372 2052 695 2121 Christiani,
734 2052 972 2109 domine.
1012 2052 1311 2123 Imperator
1350 2052 1486 2109 dixit
1519 2071 1533 2107 :
1577 2050 1734 2107 Unde
1776 2060 1832 2107 et
1873 2066 1939 2106 ex

371 2161 481 2216 qua
524 2144 784 2201 civitate?
833 2143 1022 2199 Ariani
1074 2145 1368 2201 dixerunt:
1414 2143 1494 2200 Ex
1549 2142 1938 2198 Alexandrina.

373 2239 677 2307 Imperator
730 2235 911 2291 dixit:
965 2233 1105 2302 Quid
1161 2234 1380 2290 vultis?
1417 2234 1607 2288 Ariani
1640 2234 1937 2288 dixerunt:

376 2326 652 2399 Rogamus
683 2327 985 2398 potentiam
1045 2335 1194 2383 tuam
1242 2335 1297 2382 et
1346 2326 1636 2396 imperium
1693 2334 1846 2380 tuum
1881 2333 1940 2378 ut

371 2419 469 2476 des
501 2419 660 2475 nobis
691 2419 1027 2489 episcopum.
1055 2417 1355 2489 Imperator
1381 2418 1521 2473 dixit
1555 2436 1569 2473 :
1600 2416 1749 2474 Jussi
1781 2420 1931 2489 prio-

370 2527 486 2570 rem
527 2527 689 2582 quem
736 2511 1002 2569 habuistis
1037 2510 1398 2566 Athanasium
1434 2510 1488 2563 in
1526 2510 1723 2566 throno
1771 2510 1939 2565 collo-

370 2602 505 2663 cari.
535 2602 726 2658 Ariani
771 2602 1027 2658 dixerunt
1056 2621 1068 2657 :
1108 2602 1385 2673 Rogamus
1422 2602 1720 2671 potentiam
1755 2610 1928 2668 tuam,

365 2696 480 2767 jam
519 2695 706 2752 multis
743 2696 903 2751 annis
936 2694 1093 2751 exsul
1122 2702 1177 2749 et
1200 2702 1491 2749 accusatus
1524 2703 1628 2750 est.
1656 2694 1809 2750 Miles
1839 2695 1936 2749 de-

368 2796 593 2859 repente
639 2796 946 2843 commotus
990 2786 1270 2856 respondit
1308 2805 1322 2839 :
1361 2783 1600 2841 Obsecro
1646 2784 1936 2854 imperium

367 2887 549 2946 tuum,
578 2889 641 2933 ut
688 2878 804 2948 ipse
851 2878 1100 2948 inquiras
1128 2876 1372 2946 'quinam
1429 2884 1485 2930 et
1530 2875 1674 2931 unde
1706 2876 1836 2930 sint.
1868 2873 1937 2928 Ili

371 2970 517 3025 enim
554 2978 682 3025 sunt
716 2968 942 3038 objecta:
986 2967 1234 3037 reliquiae
1267 2967 1626 3036 Cappadociae
1648 3008 1664 3034 ,
1716 2966 1934 3023 residua.

370 3058 605 3130 improbi
648 3058 794 3113 illius
832 3056 1085 3128 Georgii,
1131 3057 1227 3127 qui
1270 3056 1542 3112 civitatem
1585 3065 1640 3112 et
1668 3058 1933 3114 mundum

368 3151 643 3206 desertum
675 3148 974 3204 reddidere.
1002 3147 1098 3203 His
1138 3147 1339 3213 auditis
1388 3148 1683 3219 imperator
1732 3164 1932 3221 equum

370 3239 676 3302 calcaribus
704 3238 1017 3303 concitavit,
1051 3247 1104 3294 et
1125 3238 1257 3294 abiit
1289 3239 1343 3294 in
1373 3255 1649 3311 campum.

736 3430 977 3490 Secunda
1011 3433 1193 3503 petitio
1223 3435 1566 3490 Arianorum.

439 3522 833 3581 Accusationes
892 3534 947 3580 et
1005 3526 1353 3596 probationes
1406 3527 1672 3583 habemus
1748 3537 1940 3583 contra

368 3617 754 3687 Athanasium,
801 3619 896 3689 qui
935 3628 1062 3675 ante
1109 3619 1291 3675 decem
1329 3629 1384 3676 et
1427 3619 1619 3690 viginti
1653 3635 1828 3677 annos
1870 3622 1941 3675 ab

371 3719 586 3768 aeternae
608 3710 885 3766 memoriae
906 3710 1268 3768 Constantino
1293 3721 1347 3766 et
1366 3710 1687 3771 Constantio
1710 3713 1765 3766 in
1796 3712 1941 3768 exsi-

374 3803 507 3858 lium
543 3803 734 3873 pulsus
760 3811 844 3860 est
873 3820 888 3862 :
928 3802 996 3857 Et
1016 3803 1121 3859 sub
1155 3803 1258 3860 deo
1288 3803 1665 3868 dilectissimo,
1698 3804 1940 3873 philoso-

373 3895 514 3966 phiae
546 3894 953 3952 studiosissimo
985 3935 1000 3959 ,
1051 3905 1107 3952 et
1160 3896 1477 3952 beatissimo
1532 3894 1749 3951 Juliano
1808 3896 1938 3951 item

372 3986 663 4045 exsulavit.
698 3986 995 4057 Imperator
1023 3987 1162 4042 dixit
1192 4004 1206 4040 :
1234 3986 1354 4042 Jam
1395 3987 1771 4057 praeterierunt
1815 4002 1939 4057 quae

374 4086 502 4133 ante
551 4078 854 4145 decimum,
888 4077 1209 4133 vicesimum
1252 4087 1307 4133 et
1350 4077 1688 4132 tricesimum
1734 4092 1937 4133 annum

370 4170 635 4229 institutae
664 4178 794 4225 sunt
818 4170 1216 4225 accusationes.
1250 4167 1329 4225 Ne
1378 4170 1514 4223 mihi
1544 4169 1612 4225 de
1634 4169 1938 4225 Athanasio

371 4261 569 4320 dicatis
597 4279 612 4315 :
649 4264 767 4317 scio
796 4262 942 4318 enim
974 4263 1330 4333 quamobrem
1361 4271 1656 4319 accusatus
1687 4272 1741 4318 et
1765 4278 1938 4333 quare

373 4352 711 4428 proscriptus
738 4354 828 4409 sit.

684 4443 846 4515 625
869 4443 1048 4502 Tertia
1067 4445 1249 4514 petitio
1278 4447 1620 4501 Arianorum.

2043 1957 2195 2019 εἶπεν
2215 1978 2228 1992 ·
2261 1963 2418 2028 Τίνες
2446 1964 2590 2032 ἐστὲ,
2619 1964 2715 2020 καὶ
2736 1964 2898 2019 πόθεν
2924 1982 2939 2031 ;
2966 1965 3029 2019 Oi
3057 1962 3323 2035 Ἀρειανοὶ
3349 1957 3501 2017 εἷπον
3515 1959 3611 2034 (5)’

2041 2053 2234 2126 Κύριε,
2272 2056 2610 2125 Χριστιανοί.
2650 2057 2709 2111 '0
2740 2056 2994 2128 βασιλεὺς
3028 2050 3149 2108 εἷπε
3177 2070 3192 2086 ·
3227 2052 3399 2107 Πόθεν
3430 2052 3525 2107 καὶ
3550 2053 3615 2107 ἐκ

2041 2147 2199 2210 ποίας
2231 2146 2472 2214 πόλεως;
2520 2151 2582 2202 Oi
2632 2148 2897 2220 ’Δρειανοὶ
2942 2145 3097 2202 εἶπον
3125 2164 3137 2179 ·
3187 2143 3609 2218 Ἀλεξανδρείας.

2051 2238 2109 2291 'O
2145 2238 2397 2309 βασιλεὺς
2422 2234 2541 2292 εἷπε
2568 2257 2582 2271 ο
2611 2241 2676 2293 Τί
2707 2239 2961 2310 βούλεσθε
2992 2239 3065 2311 (4)
3097 2256 3111 2304 ;
3137 2236 3203 2293 Οἱ
3239 2238 3508 2310 Ἀρειανοὶ
3537 2234 3613 2290 εἷς

2040 2348 2172 2384 πον·
2215 2332 2459 2404 Δεόμεθά
2493 2350 2587 2386 σου
2635 2331 2728 2386 τοῦ
2776 2333 3013 2403 κράτους
3056 2332 3151 2387 καὶ
3196 2328 3289 2385 τοῦ
3342 2329 3611 2401 βασιλείου

2041 2440 2156 2491 σου,
2183 2424 2476 2477 ἐπίσκοπον
2512 2425 2643 2497 ἡμῖν
2679 2424 2786 2488 δός.
2836 2425 2894 2478 'O
2936 2423 3186 2495 βασιλεὺς
3225 2419 3416 2477 εἶπεν·
3465 2420 3613 2478 Ἐκέ-

2039 2520 2203 2573 λευσα
2237 2518 2329 2572 τὸν
2358 2519 2641 2591 πρότερον,
2674 2519 2842 2589 ὅνπερ
2875 2516 3047 2587 είχετε
3071 2515 3133 2569 τὸ
3171 2515 3434 2587 πρότερον
3463 2513 3612 2567 Ἀθα-

2038 2611 2240 2669 νάσιον.
2284 2608 2608 2673 καθέζεσθαι
2656 2612 2713 2663 ἐν
2766 2609 2844 2679 τῷ
2878 2608 3073 2680 θρόνῳ.
3124 2608 3187 2660 Oi
3224 2606 3489 2678 Ἀρειανοὶ
3537 2600 3608 2657 εἶ-

2038 2722 2137 2758 πον
2171 2704 2245 2776 (5)
2268 2720 2281 2735 ·
2308 2703 2552 2776 Δεόμεθά
2575 2720 2668 2757 σου
2715 2700 2807 2755 τοῦ
2835 2699 3070 2773 κράτους
3094 2714 3106 2728 ·
3138 2699 3233 2753 καὶ
3261 2698 3318 2751 ἐν
3342 2694 3612 2768 ἐξορισμῷ

2040 2796 2134 2850 καὶ
2169 2798 2227 2850 ἐν
2255 2795 2559 2867 κατηγορίᾳ
2587 2794 2733 2847 ἐστὶν
2766 2792 2859 2863 ἐτη
2897 2791 3087 2846 πολλά.
3137 2789 3483 2862 Στρατιώτης
3529 2787 3612 2854 ἐξ-

2040 2884 2236 2954 αίφνης
2266 2882 2515 2953 ζηλώσας
2546 2882 2880 2952 ἀπεκρίνατο
2901 2896 2915 2911 ·
2954 2879 3155 2951 Δέομαί
3208 2896 3299 2932 σου
3330 2876 3423 2932 τοῦ
3456 2879 3607 2949 βασιο

2038 2973 2203 3037 λείου,
2236 2973 2397 3037 αὐτὸς
2435 2971 2709 3038 ἐξέτασον,
2742 2970 2887 3039 τίνες
2936 2969 3073 3032 εἰσὶ,
3108 2968 3202 3022 καὶ
3234 2966 3416 3021 πόθεν.
3453 2961 3611 3021 Οὗτοι

2037 3066 2146 3135 γάρ
2173 3067 2278 3119 είσι
2310 3065 2380 3121 τὰ
2408 3064 2635 3135 λείψανα
2669 3064 2763 3117 καὶ
2799 3065 2833 3136 ή
2868 3059 3150 3133 παραϐολή
3178 3062 3279 3131 τῆς
3312 3058 3607 3113 Καππαδο-

2038 3158 2181 3221 κίας,
2199 3156 2267 3210 τὰ
2291 3156 2555 3211 ὑπόλοιπα
2571 3153 2661 3209 τοῦ
2679 3152 2892 3207 ἀνοσίου
2908 3151 3117 3206 ἐκείνου
3140 3151 3433 3223 Γεωργίου,
3450 3151 3499 3203 oi
3513 3148 3610 3221 τήν

2043 3248 2194 3307 πόλιν
2211 3248 2402 3302 καὶτὸν
2418 3245 2619 3317 κόσμον
2635 3245 3035 3318 ἐρημώσαντες.
3054 3243 3312 3308 Ἀκούσας
3322 3246 3350 3297 ό
3361 3241 3609 3313 βασιλεὺς

2041 3342 2325 3414 ἐπτέρνισε
2358 3341 2449 3395 τὸν
2496 3342 2680 3408 ἵππον,
2723 3340 2817 3393 καὶ
2858 3340 3098 3410 ἀτὴλθεν
3134 3339 3212 3403 είς
3242 3339 3333 3393 τδν
3371 3339 3603 3411 κάμπον.

2251 3432 2503 3501 Δευτέρα
2524 3432 2774 3501 ἑντυχία
2811 3431 2885 3501 (6)
2921 3430 3042 3486 τῶν
3076 3430 3400 3500 Ἁρειανῶν.

2111 3525 2460 3596 Κατηγορίας
2488 3524 2584 3577 καὶ
2626 3523 2927 3587 ἀποδείξεις
2970 3523 3163 3594 ἔχομεν
3207 3522 3349 3578 κατά
3386 3522 3609 3579 Ἀθανασ

2043 3624 2180 3688 σίου,
2209 3622 2357 3685 ὅστις
2387 3622 2493 3693 πρὸ
2524 3620 2657 3674 δέκα
2691 3622 2785 3674 καὶ
2817 3621 3019 3673 εἴκοσιν
3050 3620 3186 3673 ἐτῶν
3210 3618 3482 3690 ἐχωρίσθη
3503 3617 3609 3675 ἀπὸ

2040 3711 2149 3771 τῶν
2178 3711 2521 3783 ἀειμνήστων
2547 3708 2958 3767 Κωνσταντίνου
2981 3709 3073 3763 καὶ
3094 3708 3494 3774 Κωνσταντίου,
3518 3708 3608 3762 καὶ

2040 3803 2134 3857 ἐπὶ⁴
2175 3801 2269 3857 τοῦ
2319 3800 2728 3869 Θεοφιλεστάτου
2759 3801 2855 3857 καὶ
2907 3800 2985 3872 (7)
3037 3800 3476 3870 φιλοσοφωτάτου
3519 3801 3609 3854 καὶ

2044 3893 2459 3965 μακαριωτάτου
2509 3891 2792 3945 ’Ῑουλιανοῦ
2821 3891 2945 3962 ἔσχε
2977 3893 3076 3962 τὴν
3105 3891 3360 3963 ἐξόρισιν.
3413 3893 3471 3946 'O
3518 3892 3609 3963 βα-

2043 3986 2223 4050 σιλεὺς
2255 3980 2407 4039 εἶπεν
2433 4002 2446 4015 ·
2476 3985 2543 4037 Ai
2578 3984 2683 4056 πρὸ
2708 3985 2838 4038 δέκα
2867 3985 2961 4038 καὶ
2988 3985 3059 4049 κ’,
3101 3987 3196 4039 καὶ
3223 3985 3266 4039 λ’
3296 3985 3433 4041 ἐτῶν
3480 4002 3609 4041 κατ-

2042 4076 2263 4147 ηγορίαι
2295 4077 2395 4146 ήδη
2428 4074 2706 4147 παρῆλθον
2726 4075 2912 4147 ’Ἐμοὶ
2948 4077 3022 4149 μὴ
3059 4075 3247 4145 λέγετε
3280 4078 3409 4151 περὶ
3450 4078 3606 4133 Ἀθα-

2039 4170 2225 4224 νασίου
2248 4187 2262 4200 ·
2297 4165 2412 4224 οἶδα
2463 4167 2572 4240 γὰρ
2603 4167 2691 4222 διὰ
2738 4168 2790 4222 τί
2823 4168 3194 4241 κατηγορήθη,
3234 4170 3329 4224 mi.
3364 4170 3485 4234 πῶς
3516 4168 3601 4234 ἐξ·

2040 4259 2268 4332 ωρίσθη.

2350 4462 2515 4530 Τρίτῃ
2557 4461 2804 4531 ἐντυχία
2833 4461 2951 4517 τῶν
2979 4461 3307 4532 Ἀρειανῶν.

444 4537 511 4593 Ει
542 4553 688 4593 nunc
732 4538 928 4593 iterum
961 4538 1225 4606 quasdam
1267 4537 1402 4594 alias
1433 4539 1811 4609 accusationes
1837 4541 1936 4595 ha-

2111 4552 2221 4606 Καὶ
2267 4551 2362 4606 νῦν
2412 4552 2575 4606 πάλιν
2626 4552 3199 4625 κατηγορίαςζέχομεν
3249 4552 3414 4618 ἄλλας
3459 4552 3609 4618 τινὰς

370 4629 564 4685 bemus
589 4638 779 4683 contra
800 4628 1178 4684 Athanasium.
1213 4630 1513 4698 Imperator
1538 4629 1710 4685 dixit:
1733 4628 1851 4687 Non
1871 4647 1939 4688 ex

374 4721 605 4776 tumultu
629 4728 684 4776 et
714 4719 1062 4789 loquacitate,
1092 4720 1236 4791 quod
1269 4720 1479 4789 justum
1509 4730 1594 4777 est
1617 4725 1936 4793 apparebit:

377 4812 471 4867 sed
515 4810 696 4882 eligite
736 4810 876 4865 duos
914 4824 981 4864 ex
1022 4810 1198 4874 vobis,
1231 4819 1286 4865 et
1327 4825 1393 4865 ex
1419 4811 1576 4880 plebe
1599 4812 1737 4869 duos
1776 4814 1934 4872 alios.

374 4900 593 4971 Nequeo
620 4901 765 4956 enim
788 4900 853 4956 ad
881 4900 1126 4970 singulos
1169 4910 1410 4956 vestrum
1438 4904 1785 4973 respondere.
1835 4906 1938 4972 Qui

368 5007 436 5047 et
460 4992 611 5063 plebe
649 4999 806 5047 erant
841 4990 1133 5047 dixerunt:
1160 4990 1227 5047 Hi
1254 4999 1383 5047 sunt
1421 4992 1666 5062 reliquias
1703 4994 1937 5065 improbi

368 5084 607 5156 Georgii,
633 5083 728 5153 qui
758 5081 1093 5153 provinciam
1118 5091 1362 5138 nostram
1394 5083 1776 5152 devastarunt;
1807 5095 1862 5141 ct
1882 5087 1938 5143 in

368 5177 681 5237 civitatibus
706 5176 915 5237 nullum
947 5174 1244 5249 permisere
1271 5174 1642 5230 consiliarium
1669 5176 1933 5234 habitare.

440 5374 551 5444 (99)
594 5374 761 5442 Idem,
778 5375 916 5431 ἀλλὰ
940 5375 1034 5431 καὶ
1057 5374 1339 5447 ὁμοούσιον
1365 5373 1629 5446 ἔγραψαν,
1650 5376 1785 5448 ὅπερ
1807 5377 1935 5433 ἴδιόν

368 5444 485 5503 ἔστι
516 5447 762 5516 γνησίου,
797 5456 901 5501 etc.

441 5515 520 5588 (ἒ)
564 5515 784 5588 Bésius.
816 5519 1095 5588 γινομένη-

443 5583 524 5656 (ἓ)
564 5583 776 5656 _Scripta
801 5583 952 5656 anno
980 5583 1103 5645 563.

443 5652 524 5722 (3)
564 5652 784 5723 Regius,
812 5652 994 5715 εἶπαν.

2042 4643 2184 4698 κατά
2240 4643 2577 4698 Ἀθανασίου.
2620 4645 2679 4698 'O
2725 4644 2975 4715 βασιλεὺς
3003 4642 3189 4699 εἶπεν·
3241 4645 3356 4699 Οὐκ
3403 4646 3471 4700 ἐκ
3509 4645 3607 4715 τῆς

2042 4732 2365 4804 πολυοχλίας
2395 4733 2490 4788 καὶ
2522 4736 2588 4787 ἐκ
2629 4733 2739 4787 τῶν
2779 4733 3262 4807 πολυφωνημάτων
3307 4735 3380 4791 τά
3423 4736 3607 4790 δίκαια

2042 4823 2368 4894 φανήσει-αι’
2399 4820 2514 4875 ἀλλ’
2556 4822 2590 4893 ἢ
2634 4821 2926 4888 ἐκλέξασθε
2954 4823 3049 4877 δύο
3072 4822 3134 4889 ἐξ
3165 4825 3393 4890 ἐαυτῶν,
3423 4826 3518 4879 καὶ
3543 4827 3608 4880 ἐκ

2039 4913 2149 4965 τῶν
2175 4910 2268 4964 τοῦ
2304 4910 2540 4983 πλήθους
2567 4911 2785 4983 ἐτέρους
2813 4911 2924 4966 δύο.
2960 4914 3035 4967 οὐ
3066 4913 3177 4986 γὰρ
3208 4913 3440 4987 δύναμαι
3471 4915 3608 4989 πρὸς

2039 5005 2134 5059 ἕνα
2165 5004 2393 5058 ἕκαστον
2420 5003 2572 5075 ὑμῶν
2609 5004 3019 5073 ἀποφαίνεσθαι.
3051 5006 3115 5060 Οἱ
3144 5009 3210 5061 ἐκ
3238 5006 3332 5061 τοῦ
3373 5008 3606 5080 πλήθους

2040 5092 2201 5150 εἶπαν
2224 5113 2238 5127 ’
2294 5089 2453 5150 Οὗτοί
2497 5098 2604 5149 εἱσι
2653 5096 2722 5150 τὰ
2751 5096 2976 5167 λείψανα
3015 5097 3091 5168 (8)
3122 5097 3233 5151 ἀπὸ
3271 5096 3366 5151 τοῦ
3394 5098 3605 5151 ἀνοσίου

2037 5187 2308 5260 Γεωργίου
2334 5185 2427 5242 τοῦ
2458 5186 2844 5259 ἐρημώσαντος
2870 5188 2969 5260 τήν
3006 5187 3275 5262 ἐπαρχίαν
3305 5187 3482 5260 ἡμῶν,
3514 5188 3606 5243 καὶ

2230 5382 2453 5465 Regius,
2478 5379 2659 5465 εῐπαν,

2109 5453 2189 5526 (6)
2231 5453 2433 5526 Regius
2461 5455 2635 5526 prima
2664 5470 2850 5526 manu,
2881 5457 3149 5526 ἐντυχεία.

2036 5523 2337 5664 Ηθῧζιςαι
2364 5523 2514 5581 deest
2555 5526 2611 5580 in
2641 5525 2803 5582 editis
2826 5536 2882 5582 et
2908 5528 2964 5582 in
2990 5523 3180 5595 Basil.,
3206 5526 3300 5583 sed
3329 5525 3528 5613 legitur
3550 5523 3602 5578 in

2102 5664 2181 5738 _(_8)
2221 5663 2402 5738 Editio
2452 5666 2635 5738 Baisil._
2670 5674 2732 5738 et;
2772 5666 2973 5738 Regius
3016 5668 3190 5738 prima
3239 5682 3425 5738 manu,
3452 5665 3505 5718 oi
3535 5663 3601 5718 τὰ

442 5723 521 5790 (4)
560 5723 762 5808 Regius
786 5723 1163 5808 c_0dex_:_.Eirr's_'
1183 5729 1258 5808 Τί
1273 5729 1559 5808 βούλεσθες
1589 5734 1638 5808 οἱ
1670 5732 1932 5808 ᾎρειανοὶ

2048 5723 2280 5803 λείψανα,
2312 5736 2406 5793 sed
2434 5737 2485 5792 oi
2522 5737 2578 5792 in
2604 5736 2774 5808 Regio
2803 5723 3082 5808 abi-usuin,
3116 5754 3148 5795 a
3180 5736 3340 5795 nobis
3389 5723 3598 5807 expun—

373 5787 551 5852 ιῖτὲαν.
582 5787 747 5865 Editi,
777 5789 916 5852 εἷπε·
945 5798 1010 5852 Τί
1041 5787 1327 5872 βούλεσθέ,
1372 5787 1631 5879 Ἀρειανοὶ
1655 5787 1824 5861 εἶπον.

2034 5814 2179 5862 ctum
2207 5814 2307 5864 εει.
