3966 6226
1538 315 1890 378 ΕΡΙΞΤΟιΛ’
1915 322 2007 377 AD
2041 321 2384 378 JOV’IANUM
2402 363 2407 374 ..

3503 327 3606 381 829.

382 438 440 490 ὲν
462 435 582 498 ταῖς
609 433 796 488 πόλεσι
834 435 1122 510 βουλευτὴν
1159 437 1233 509 μὴ
1265 437 1339 510 (9)
1395 439 1653 504 ἐάσαντες
1698 441 1934 511 οἰκῆσαι.

2042 440 2225 496 Ariani
2259 441 2512 496 dixerunt
2542 459 2557 495 :
2597 440 2872 508 Rogamus
2917 451 2988 506 te,
3013 457 3390 513 quemcunque
3422 444 3607 498 volue-

382 528 443 580 θι
483 528 746 600 Ἀρυανοει
774 523 931 583 εἶπαν
960 545 974 558 ο
1015 528 1260 600 Δεόμεθά
1293 547 1408 597 σου,
1441 530 1494 583 εῐ
1533 548 1654 585 τινα
1692 531 1757 585 ἂν
1786 532 1943 602 θέλῃς

380 620 545 690 χωρὶς
585 618 919 672 Ἀθανασίου.
972 619 1030 672 '0
1075 620 1325 690 βασιλεὺς
1366 616 1549 672 εἶπεν·
1587 617 1751 673 Εἶπον
1795 621 1942 690 ύμῖν,

379 712 460 764 ὃτι
489 709 559 764 τὰ
586 712 714 782 περὶ
759 710 1072 764 ’Δθανασίου
1101 712 1200 781 1ἤδη
1226 709 1498 781 διοίκησιν
1530 711 1654 781 έσχε
1693 727 1706 742 ·
1732 710 1825 764 καὶ
1850 711 1942 782 ὀρ-

379 804 585 871 γισθεὶς
614 799 768 856 εἷπε·
804 803 932 873 Φέρι
986 802 1110 874 φέρι
1154 801 1288 871 (I0).
1334 803 1397 855 Οί
1441 803 1706 873 Ἀρειανοὶ
1744 799 1900 855 εἶπαν
1926 820 1938 834 ·

379 892 619 964 Δεόμεθά
646 911 759 958 σου,
791 892 885 946 ἐὰν
920 891 1142 964 πέμψῃς
1183 892 1515 957 Ἀθανάσιον,
1561 892 1876 962 λυμαίνεται
1908 893 1940 962 ή

380 984 531 1048 πόλις
561 984 718 1056 ἡμῶν
741 1025 756 1049 ,
790 983 884 1038 καὶ
923 984 1094 1046 οὐδεὶς
1137 983 1284 1054 αὐτῷ
1318 984 1652 1055 συνέρχεται.
1700 984 1756 1036 Ὀ
1788 983 1938 1052 βασι-

377 1078 498 1142 λεὺς
555 1073 672 1131 εἷπε
693 1094 706 1108 ·
738 1077 930 1131 Καίτοι
961 1075 1461 1147 περιεργασάμενος
1499 1075 1690 1144 ἔγνων,
1724 1076 1804 1128 ὅτι
1843 1093 1942 1128 καο

373 1171 481 1234 λῶς
512 1172 716 1241 φρονεῖ,
747 1169 839 1221 καὶ
872 1166 1151 1240 ὁρθόδοξός
1175 1169 1311 1230 έστι,
1343 1169 1436 1220 καὶ
1466 1167 1643 1230 καλῶς
1678 1166 1936 1220 διδάσκει.

371 1260 438 1312 υί
479 1259 744 1326 Ἀρειανο1⁵
793 1253 943 1311 εἷπον
993 1256 1101 1327 (II)
1138 1272 1152 1286 θ
1196 1255 1286 1326 Τῷ
1333 1256 1431 1327 μὲν
1487 1257 1713 1326 στόματι
1761 1257 1940 1320 καλῶς

374 1349 690 1420 φθέγγεται,
720 1351 784 1421 τῇ
828 1349 886 1402 δὲ
930 1347 1074 1418 ψυχῇ
1106 1347 1294 1411 δολίως
1339 1350 1542 1419 φρονεῖ.
1596 1348 1655 1400 '0
1690 1347 1939 1418 βασιλεὺς

374 1439 496 1496 εἷπε
523 1459 538 1472 ·
570 1441 741 1495 Τοῦτο
769 1441 998 1512 ἀρκετόν
1023 1443 1189 1504 ἐστιν,
1223 1441 1303 1492 ὅτι
1336 1440 1494 1510 ὑμεῖς
1520 1439 1936 1510 ἐμαρτυρήσατε

372 1534 500 1604 περὶ
523 1530 708 1596 αὐτοῦ,
726 1533 808 1585 ὅτι
836 1531 1015 1596 καλῶς
1045 1531 1334 1600 φθέγγεται
1357 1532 1450 1584 καὶ
1473 1531 1653 1596 καλῶς
1675 1533 1934 1588 διδάσκει.

373 1625 433 1678 EI
478 1625 536 1678 δὲ
568 1627 636 1695 τῇ
673 1621 890 1694 γλώσσῃ
932 1622 1111 1686 καλῶς
1151 1623 1390 1676 διδάσκει
1422 1625 1515 1676 καὶ
1547 1623 1712 1692 λέγει,
1759 1627 1822 1695 τῇ
1878 1623 1935 1676 δὲ

368 1717 509 1788 ψυχῇ
547 1716 730 1780 κακῶς
766 1718 970 1787 φρονεῖ,
1009 1714 1144 1786 πρὸς
1175 1715 1265 1768 τὸν
1295 1716 1426 1768 Θεὸν
1457 1716 1588 1786 ἔχει.
1627 1714 1933 1788 ’Ἄνθρωποι

369 1810 473 1880 γάρ
503 1808 654 1873 ὄντες
694 1808 784 1862 τὸν
832 1807 986 1876 λόγον
1039 1807 1308 1878 ἀκούομεν
1335 1823 1348 1836 ⁸
1402 1808 1472 1861 τὰ
1514 1808 1570 1860 δὲ
1618 1807 1876 1880 ὲγκάρδια
1907 1810 1935 1862 ό
1967 1793 2007 1848 Β

369 1899 496 1964 Θεὸς
525 1895 680 1952 οἶδεν.
702 1901 764 1953 Οἱ
803 1899 1066 1970 Ἀρειανοὶ
1092 1895 1243 1951 εἶπον
1269 1916 1282 1928 ·
1320 1899 1589 1952 Κέλευσον
1620 1899 1767 1969 ἡμᾶς
1807 1917 1932 1952 συν-

368 1989 614 2060 άγεσθαι.
657 1990 717 2043 Ὅ
771 1989 1026 2059 βασιλεὺς
1069 1985 1188 2041 εἷπε
1217 2004 1231 2018 ·
1276 1988 1372 2052 Τίς
1402 1989 1509 2060 γάρ
1531 1989 1724 2043 κωλύει
1755 1990 1930 2060 ύμᾶς;

366 2082 427 2134 Οἱ
481 2081 750 2153 ’Δρειανοὶ
793 2077 945 2134 εἷπον
973 2096 986 2110 ·
1038 2080 1282 2151 Δεόμεθά
1327 2098 1418 2134 σου
1445 2122 1459 2146 ,
1494 2081 1813 2152 αἱρεσιώτας
1840 2083 1934 2136 καὶ

363 2172 726 2244 δογματιστάς
764 2175 914 2242 ἡμᾶς
957 2172 1306 2242 ἀπαγγέλλει.
1351 2173 1408 2226 '0
1459 2157 1708 2242 βασιλεὺς
1739 2169 1889 2227 εἶπεν
1915 2189 1930 2204 ⁸

366 2262 566 2335 Ἔργον
589 2263 752 2316 αὑτοῦ
789 2265 902 2316 ὲστι
923 2302 938 2327 ,
984 2264 1078 2317 καὶ
1109 2263 1216 2317 τῶν
1250 2263 1430 2328 καλῶς
1463 2264 1836 2318 διδασκόντων.
1872 2266 1932 2319 Οἱ

375 2354 644 2427 Ἀρειανοὶ
675 2350 825 2408 εἷπον
849 2374 863 2386 θ
904 2355 1148 2427 Δεόμεθά
1177 2374 1271 2408 σου
1312 2355 1407 2408 τοῦ
1441 2357 1674 2427 κράτους
1699 2375 1712 2387 ο
1746 2357 1935 2411 τοῦτον

365 2446 628 2518 βαστάσαι
675 2448 736 2501 ού
779 2447 1074 2518 δυνάμεθα,
1119 2449 1213 2501 καὶ
1245 2447 1315 2500 τά
1349 2448 1552 2518 τεμένη
1591 2448 1698 2500 τῶν
1739 2448 1935 2518 ἐκκλη-

363 2537 492 2592 σιῶν
517 2541 798 2611 περιῆρεν.
840 2540 899 2592 '0
933 2539 1182 2609 βασιλεὺς
1210 2535 1361 2592 εἶπεν
1388 2540 1533 2611 (12)"
1568 2540 1774 2593 Οὐκοῦν
1816 2540 1933 2593 ἓνε-

363 2647 455 2684 κεν
478 2632 776 2702 χρημάτων
805 2630 994 2702 ἤλθετε
1029 2624 1152 2698 ὧδε,
1180 2631 1273 2684 καὶ
1306 2632 1405 2701 ούχ
1435 2631 1620 2683 ἕνεκεν
1654 2631 1888 2694 πίστεως
1916 2648 1930 2696 ;

361 2721 470 2775 Καὶ
496 2721 658 2774 πάλιν
689 2717 842 2774 εἶπεν
879 2738 892 2749 ·
943 2721 1264 2785 Ἀπέλθετε,
1313 2721 1407 2773 καὶ
1447 2719 1776 2791 εἰρηνεύετε.
1812 2722 1933 2772 Ἔτι

360 2812 617 2884 προσθεὶς
644 2808 764 2865 εἷπε
809 2813 945 2884 πρὸς
977 2813 1104 2876 τοὺς
1137 2812 1448 2884 Ἀρειανούς
1470 2829 1483 2843 °
1535 2812 1819 2866 Ἀπέλθετε
1855 2813 1933 2875 είς

359 2905 458 2975 τὴν
507 2904 822 2975 ἐκκλησίαν,
857 2903 1041 2975 αὔριον
1087 2904 1304 2970 σύναξις
1332 2905 1458 2975 ὑμῖν
1486 2905 1600 2956 ἐστι
1621 2945 1633 2958 .
1666 2905 1772 2956 Καὶ
1796 2902 1935 2974 μετά

359 2995 457 3066 τὴν
489 2996 768 3062 ἀπόλυσιν,
811 2997 947 3049 εἰσὶν
998 2990 1101 3050 ὧδε
1152 2997 1461 3059 ἐπίσκοποι,
1508 2997 1600 3050 καὶ
1636 2996 1934 3065 Νεμεσῖνος

360 3077 463 3139 ὧδέ
488 3087 634 3140 ἐστιν
657 3103 670 3117 ·
702 3087 929 3150 ἕκαστος
971 3087 1148 3158 ὑμῶν,
1193 3085 1375 3150 καθὼς
1400 3086 1662 3152 πιστεύει,
1688 3087 1933 3157 ὑπογρὰ-

2046 533 2144 596 ris,
2172 542 2365 603 praeter
2394 533 2768 587 Athanasium.
2804 532 3100 602 Imperator
3139 535 3212 588 ait
3243 554 3254 589 :
3287 534 3402 589 Dixi
3428 536 3603 600 vobis,

2045 641 2164 694 quae
2186 625 2539 680 Athanasium
2576 632 2820 693 spectant
2847 624 2958 693 jam
2991 626 3286 680 constituta
3307 641 3427 681 esse
3455 645 3468 681 :
3498 627 3606 680 ira-

2045 722 2240 783 tusque
2283 714 2394 768 ait:
2431 712 2573 780 Feri,
2618 713 2738 768 feri.
2787 713 2973 767 Ariani
2999 713 3292 767 dixerunt:
3327 713 3604 785 Rogamus

2043 815 2113 869 te,
2145 806 2190 860 si
2224 806 2406 861 mittas
2445 805 2824 869 Athanasium,
2851 805 2991 874 perit
3019 805 3211 860 civitas
3249 814 3455 868 nostra,
3480 807 3602 860 nul-

2042 896 2234 964 Iusque
2264 912 2384 950 cum
2409 911 2472 949 eo
2503 904 2802 950 conventus
2827 879 2954 963 agit.
2985 894 3278 964 Imperator
3308 895 3443 948 dixit
3467 913 3480 949 :
3507 896 3602 948 At-

2042 989 2134 1057 qui
2155 987 2437 1057 diligenter
2465 987 2772 1041 sciscitatus
2810 986 2932 1041 novi
2968 1002 3091 1041 eum
3117 997 3263 1041 recte
3294 987 3514 1053 sentire,
3548 999 3601 1044 et

2041 1078 2400 1132 orthodoxum
2433 1092 2570 1142 esse,
2601 1086 2762 1147 atque
2801 1086 2946 1132 recte
2979 1077 3194 1132 docere.
3227 1077 3413 1132 Ariani
3447 1076 3600 1132 dixe-

2039 1179 2168 1225 runt
2187 1189 2199 1225 :
2217 1167 2320 1224 Ore
2339 1169 2553 1239 quidem
2575 1178 2718 1223 recte
2733 1169 2992 1238 loquitur,
3011 1169 3191 1223 animo
3213 1178 3392 1224 autem
3412 1169 3603 1224 dolose

2039 1263 2219 1318 sentit.
2252 1262 2541 1328 Imperator
2571 1262 2705 1316 dixit
2731 1279 2743 1315 :
2777 1260 2919 1315 Satis
2951 1261 3052 1315 hoc
3088 1270 3191 1324 est,
3223 1261 3368 1330 quod
3407 1276 3504 1316 vos
3532 1262 3601 1315 de

2039 1354 2130 1408 illo
2160 1354 2428 1409 testiﬁcati
2452 1354 2603 1420 estis,
2626 1369 2748 1410 eum
2777 1361 2922 1408 recte
2943 1352 3091 1421 loqui
3121 1367 3184 1406 ac
3201 1351 3418 1408 docere.
3440 1352 3597 1418 Quod

2037 1446 2082 1500 si
2125 1445 2307 1516 lingua
2349 1446 2567 1516 quidem
2620 1453 2765 1500 recte
2807 1445 2965 1498 docet
3013 1444 3383 1512 loquiturque,
3413 1444 3597 1498 animo

2037 1546 2215 1590 autem
2254 1552 2418 1606 prave
2458 1537 2643 1600 sentit,
2687 1551 2774 1590 res
2798 1535 2872 1589 illi
2909 1550 3031 1591 eum
3065 1533 3176 1590 Deo
3205 1544 3319 1590 est:
3350 1533 3597 1588 homines

2035 1627 2176 1680 enim
2213 1642 2334 1682 eum
2369 1626 2560 1693 simus,
2584 1641 2889 1680 sermonem
2923 1626 3211 1680 audimus:
3242 1640 3363 1694 qua:
3384 1640 3511 1679 vero
3540 1626 3593 1678 in

2037 1718 2195 1773 corde
2226 1717 2411 1784 latent,
2442 1717 2592 1773 novit
2616 1717 2777 1773 Deus.
2802 1718 2989 1772 Ariani
3015 1719 3301 1772 dixerunt:
3331 1715 3470 1774 Juhe
3496 1734 3597 1773 nos

2034 1817 2331 1865 conventus
2356 1825 2532 1880 agere.
2571 1809 2868 1880 Imperator
2889 1809 3026 1864 dixit
3059 1828 3071 1864 :
3102 1810 3236 1876 Quis
3275 1826 3374 1866 vos
3414 1811 3598 1880 prohi-

2033 1897 2166 1952 bet?
2211 1897 2396 1951 Ariani
2435 1898 2690 1952 dixerunt
2726 1918 2738 1952 :
2769 1900 3040 1969 Rogamus
3095 1908 3166 1964 te,
3209 1901 3493 1956 lueretieos
3545 1911 3599 1956 et

2033 1987 2387 2060 dogmatistas
2416 2005 2516 2044 nos
2543 1989 2802 2045 declarat.
2823 1991 3120 2060 Imperator
3142 1991 3307 2046 dixit:
3345 1990 3455 2047 Iloc
3479 1992 3599 2062 ejus

2033 2082 2266 2136 oﬁicium
2291 2074 2393 2146 est,
2427 2092 2588 2152 atque
2621 2098 2810 2138 eorum
2841 2083 2934 2152 qui
2970 2092 3113 2138 recte
3156 2084 3370 2138 docent.
3411 2082 3597 2138 Ariani

2032 2171 2288 2227 dixerunt
2321 2190 2334 2226 :
2368 2171 2733 2228 Obsecramus
2758 2173 3042 2241 imperium
3073 2180 3249 2240 tuum,
3281 2173 3424 2228 hunc
3460 2171 3601 2227 ferre

2033 2278 2139 2317 non
2175 2277 2485 2332 possumus,
2505 2273 2556 2318 et
2582 2279 2739 2335 agros
2769 2262 3128 2318 Ecclesiarum
3155 2263 3396 2319 abstulit.
3428 2262 3600 2333 Impe-

2035 2364 2184 2408 rator
2203 2353 2338 2407 dixit
2365 2373 2379 2408 :
2409 2351 2768 2408 Pccuniarum
2796 2353 2960 2424 igitur
2998 2354 3169 2425 gratia
3205 2354 3311 2409 huc
3336 2354 3601 2418 accessis-

2035 2445 2124 2510 tis,
2153 2453 2208 2499 et
2238 2459 2345 2498 non
2374 2444 2495 2500 ﬁdei
2539 2461 2702 2500 causa
2727 2446 2750 2499 ?
2791 2443 3137 2515 Rursumque
3162 2446 3237 2499 ait
3261 2464 3275 2501 :
3305 2445 3598 2510 Discedite,

2031 2544 2087 2590 et
2112 2535 2396 2604 quiescite.
2426 2535 2690 2591 Praeterea
2728 2537 2796 2591 ad
2822 2537 3050 2591 Arianos
3073 2537 3208 2591 dixit
3245 2556 3257 2590 :
3296 2536 3371 2591 Ite
3415 2537 3480 2592 ad
3511 2551 3600 2592 ec-

2034 2626 2276 2689 clesiam,
2310 2641 2431 2680 cras
2469 2635 2768 2681 conventus
2811 2625 2964 2680 vobis
3006 2634 3125 2691 est;
3155 2634 3209 2680 et
3256 2635 3380 2696 post
3411 2625 3602 2680 dimis-

2013 2720 2239 2775 sionem
2257 2717 2455 2772 adsunt
2475 2718 2564 2773 hic
2585 2718 2822 2788 episcopi
2845 2735 2858 2782 ;
2881 2716 3202 2772 Nemesinus
3225 2717 3351 2772 item
3376 2717 3464 2772 hic
3485 2727 3598 2772 est:

2034 2809 2412 2880 unusquisque
2450 2819 2714 2876 vestrum,
2750 2809 3047 2864 secundum
3103 2808 3157 2862 id
3208 2809 3354 2878 quod
3405 2809 3599 2874 credit,

2033 2901 2358 2954 subscribet.
2386 2900 2717 2958 Athanasius
2746 2901 2909 2954 etiam
2941 2900 3030 2954 hic
3047 2909 3149 2954 est.
3181 2899 3282 2966 Qui
3310 2899 3433 2954 ﬁdei
3479 2915 3601 2953 ver-

2034 2993 2163 3048 bum
2183 2992 2390 3066 .neseit,
2422 2992 2594 3047 discat
2617 2992 2685 3046 ab
2705 2991 3027 3045 Athanasio.
3055 2989 3278 3046 Habetis
3300 2991 3598 3046 crastinum

2034 3092 2088 3141 et
2114 3083 2488 3154 perendinum.
2517 3081 2774 3152 Egredior
2800 3082 2944 3136 enim
2976 3081 3030 3135 in
3061 3098 3334 3151 campum.

357 3179 470 3250 ψει.
505 3179 616 3233 Καὶ
657 3180 970 3242 Ἀθανάσιος
998 3173 1099 3232 ὧδέ
1133 3179 1279 3232 ἐστιν
1303 3196 1317 3208 ·
1348 3182 1376 3232 6
1427 3179 1501 3250 μὴ
1532 3179 1685 3242 εἰδὼς
1717 3179 1808 3232 τὸν
1844 3180 1941 3250 τῆς
1988 3177 2222 3240 πίστεως
2268 3175 2444 3244 λόγον,
2495 3174 2642 3246 μάθῃ
2690 3173 2841 3246 παρὰ
2891 3175 3226 3229 Ἀθανασίου.
3261 3175 3450 3246 Ἔχετε
3505 3169 3604 3243 τὴν

359 3271 548 3345 αὖριον
569 3273 662 3326 καὶ
675 3274 773 3345 τὴν
811 3273 1092 3345 ἐπαύριον.
1111 3273 1375 3327 Ἐκῦαίνω
1407 3273 1513 3345 γὰρ
1540 3273 1650 3342 ἐγὼ
1680 3276 1760 3338 εἰς
1801 3274 2041 3345 κάμπον.

433 3369 544 3424 Καί
581 3387 665 3433 τις
694 3370 1047 3440 σχολαστικὸς
1077 3368 1184 3424 τῶν
1212 3370 1447 3423 κυνικῶν
1477 3371 1694 3440 ἐνέτυχε
1728 3371 1805 3442 τῷ
1835 3370 1932 3440 βα-

2105 3368 2332 3436 Quidam
2385 3367 2547 3423 etiam
2589 3367 2946 3423 scholasticus
2971 3382 3034 3421 ex
3063 3367 3280 3439 Cynicis
3312 3365 3602 3436 imperato-

361 3461 518 3514 σιλεῖ.
547 3461 748 3532 Δέομαι
790 3462 882 3516 τοῦ
933 3460 1197 3533 βασιλείου
1245 3480 1360 3526 σου,
1392 3463 1660 3534 προφάσει
1706 3463 1932 3516 Ἀθανα-

361 3551 480 3606 σίου
507 3552 806 3606 ἐπισκόπου
834 3554 862 3606 ό
893 3552 1178 3616 καθολικὸς
1206 3551 1302 3616 τὰς
1334 3553 1510 3616 οἰκίας
1543 3570 1644 3624 μου
1674 3549 1826 3625 ἦρεν.
1875 3554 1932 3607 'O

363 3642 618 3714 βασιλεὺς
643 3637 827 3696 εἶπεν⁸
864 3644 926 3696 Ei
964 3645 992 3697 6
1027 3642 1310 3706 καθολικὸς
1341 3642 1440 3707 τὰς
1466 3644 1643 3709 οἰκίας
1677 3662 1768 3697 σου
1806 3640 1929 3716 ἦρε,

359 3735 416 3789 τί
445 3734 624 3788 κοινὸν
661 3734 959 3806 Ἀθανασίῳ
977 3753 992 3803 ;

435 3827 656 3898 Ἔτερός
695 3844 779 3892 τις
810 3827 1161 3898 σχολαστικὸς
1197 3827 1450 3892 Παταλᾶς
1491 3823 1612 3881 εἷπε
1637 3846 1650 3859 ο
1681 3831 1932 3898 Κατηγο-

361 3915 488 3988 ρίαν
519 3917 628 3987 ἔχω
667 3918 810 3972 κατά
844 3919 1185 3973 Ἀθανασίου.
1226 3919 1284 3972 '0
1333 3919 1583 3990 βασιλεὺς
1628 3914 1781 3972 εἷπε·
1825 3920 1935 3972 Καὶ

365 4006 431 4059 σὺ
453 4006 506 4058 τί
535 4007 713 4060 κοινὸν
747 4008 892 4079 ἔχεις
925 4010 1062 4082 πρὸς
1088 4011 1470 4081 Χριστιανοὺς,
1507 4010 1705 4080 Ἕλλην
1743 4009 1817 4063 ῶν
1844 4027 1866 4077 ;

432 4097 589 4161 Τινὲς
631 4097 687 4152 δὲ
727 4099 821 4153 τοῦ
870 4100 1106 4172 πλήθους
1146 4101 1256 4154 τῶν
1319 4101 1635 4171 Ἀντιοχέων
1673 4101 1934 4172 κατέσχον

361 4187 590 4242 Λούκιον
614 4228 630 4255 ,
687 4191 781 4244 καὶ
829 4195 1209 4264 προσήνεγκαν
1263 4191 1341 4263 τῷ
1387 4191 1596 4262 βασιλεί
1645 4193 1890 4262 λέγοντες
1913 4207 1929 4224 ⁶

363 4278 603 4350 Δεόμεθα
629 4280 726 4334 τοῦ
762 4281 996 4352 κράτους
1031 4301 1123 4336 σου
1162 4283 1258 4336 καὶ
1285 4283 1378 4336 τοῦ
1411 4283 1682 4354 βασιλείου
1714 4301 1830 4353 σου,
1857 4285 1934 4338 ἴδε

361 4370 483 4424 τίνα
511 4371 780 4443 ἠθέλησαν
803 4374 1026 4444 ποιῆσαι
1052 4375 1370 4430 ἐπίσκοπον.

375 4485 581 4556 Ἑτέρα
607 4487 857 4560 ἐντυχία
889 4489 999 4560 (1⁸5)
1031 4489 1181 4560 πρὸς
1213 4491 1292 4556 τῷ
1327 4490 1557 4545 πυλῶνι
1595 4491 1703 4546 τοῦ
1742 4493 1935 4545 παλα-

661 4559 794 4613 τίου
835 4559 1122 4630 γενομένη
1156 4561 1316 4630 παρὰ
1347 4562 1624 4616 Λουκίου.

431 4647 632 4719 Δέομαί
667 4667 760 4703 σου
803 4651 898 4704 τοῦ
947 4651 1216 4723 κράτους,
1251 4651 1483 4706 ἄκουσόν
1517 4670 1635 4723 μου.
1683 4653 1744 4705 '0
1783 4651 1936 4722 βασι-

2035 3475 2148 3514 rem
2177 3459 2409 3529 rogavit.
2456 3457 2610 3528 Rogo
2639 3457 2929 3528 imperium
2971 3467 3144 3521 tuum,
3184 3455 3605 3524 Athanasiiepi-

2033 3552 2181 3621 sc0pi
2212 3567 2376 3606 causa
2411 3550 2708 3604 catholicus
2731 3550 2863 3603 mihi
2891 3550 3032 3605 aedes
3064 3549 3278 3618 eripuit.
3308 3548 3603 3617 Imperator

2033 3644 2170 3698 dixit
2197 3662 2211 3698 :
2247 3642 2302 3697 Si
2335 3643 2635 3698 catholicus
2664 3652 2784 3698 tuas
2814 3643 2956 3698 aedes
2983 3641 3203 3711 eripuit,
3233 3640 3363 3711 quid
3398 3641 3502 3695 hoc
3533 3641 3600 3695 ad

2033 3734 2423 3790 Athanasium?

2103 3825 2255 3880 Alius
2283 3824 2500 3895 quidam
2548 3821 2760 3880 Patalas
2808 3823 3165 3880 scholasticus
3215 3823 3351 3878 dixit
3383 3841 3396 3876 :
3427 3823 3602 3878 Accu-

2035 3918 2299 3974 sationem
2324 3917 2496 3972 habeo
2509 3927 2696 3972 contra
2715 3915 3093 3971 Athanasium.
3114 3919 3409 3984 Imperator
3424 3916 3561 3970 dixit
3582 3933 3594 3968 :

2035 4011 2240 4080 Ecquid
2273 4011 2366 4065 tibi
2389 4025 2510 4064 cum
2538 4008 2888 4070 Christianis,
2910 4021 3033 4062 cum
3069 4007 3145 4062 sis
3181 4006 3436 4077 gentilis?

2105 4101 2335 4168 Quidam
2373 4111 2550 4156 autem
2597 4115 2629 4155 e
2671 4100 2826 4169 plebe
2871 4097 3331 4152 Antiochenorum
3372 4096 3596 4152 Lucium

2035 4195 2562 4265 comprehenderunt
2598 4201 2653 4248 et
2697 4191 3016 4262 imperatori
3049 4191 3378 4254 obtulerunt,
3409 4191 3598 4247 dicen-

2037 4293 2152 4343 tes:
2181 4284 2458 4355 Rogamus
2487 4283 2786 4354 potentiam
2822 4290 2975 4336 tuam
3010 4291 3065 4336 et
3098 4282 3391 4351 imperium
3419 4289 3596 4349 tuum,

2035 4377 2158 4432 vide
2182 4392 2344 4446 quem
2378 4376 2670 4431 voluerunt
2693 4374 3006 4445 episcopum
3033 4375 3385 4430 constituere.

2142 4489 2265 4544 Alia
2294 4490 2474 4560 petitio
2507 4489 2576 4543 ad
2603 4489 2801 4543 atrium
2827 4487 3018 4553 ualatii
3061 4505 3091 4541 a
3116 4486 3281 4544 Lucio
3311 4487 3476 4557 facta.

2108 4661 2342 4719 Obsecro
2365 4665 2658 4734 potentiam
2687 4673 2856 4729 tuam,
2877 4663 3003 4719 audi
3023 4678 3128 4718 me.
3152 4663 3450 4733 Imperator
3471 4663 3599 4718 sub-

360 4738 488 4803 λεὺς
512 4740 838 4827 ὲστάθηυκαὶ
869 4737 990 4795 εἶπε
1010 4759 1023 4773 ·
1060 4744 1150 4796 Σοὶ
1181 4743 1291 4813 (14)
1327 4743 1474 4814 αύτῷ
1509 4744 1723 4814 Λουκίῳ
1746 4743 1892 4812 λέγω
1914 4785 1930 4809 ,

2042 4758 2172 4811 stitit
2207 4766 2261 4810 et
2305 4726 2383 4811 ait
2417 4772 2431 4808 :
2465 4755 2583 4811 Tibi
2627 4756 2729 4827 ipsi
2765 4726 2936 4810 Lucio
2978 4756 3099 4810 dico
3131 4773 3143 4810 :
3180 4726 3458 4824 quomodo
3493 4754 3598 4807 huc

366 4831 484 4894 πῶς
514 4827 677 4902 ἦλθες
703 4825 827 4896 ὧδε,
869 4831 998 4887 πλοῖ
1024 4834 1056 4904 ἦ
1089 4833 1263 4905 πεζής
1304 4835 1415 4905 (15)
1442 4852 1456 4900 ;
1506 4837 1732 4901 Λούκιος
1761 4833 1882 4889 εἷπε
1915 4855 1929 4868 ο

362 4923 565 4996 Δεόμαί
583 4941 700 4992 σου,
732 4924 876 4982 πλοῖ.
923 4926 984 4982 Ὀ
1015 4925 1266 4997 βασιλεὺς
1305 4923 1426 4981 εἷπε
1446 4945 1459 4958 ι
1491 4928 1634 5000 Πρὸς
1663 4929 1720 4981 σὲ
1749 4928 1931 5000 κλέγω,

435 5161 512 5236 (9)_
549 5161 629 5219 Ita
662 5162 883 5236 Regius.
927 5163 1069 5219 Editi
1100 5172 1154 5219 et
1185 5164 1374 5231 BasiI.,
1401 5164 1520 5236 μέν.
1552 5163 1711 5228 Ibid.,
1733 5164 1936 5218 ἐάσανι

366 5249 476 5297 τες,
499 5234 786 5304 [agendum
817 5236 977 5300 forte,
1001 5236 1284 5299 ὲάσαντος.

463 5303 811 5376 IOIRegius,
843 5322 990 5376 φερι,
1018 5321 1166 5376 φερι,
1203 5307 1408 5374 absque
1435 5315 1682 5360 accentu.

464 5369 553 5445 ﬂ)
592 5369 794 5456 Regius
815 5369 1010 5456 rcodex,
1031 5369 1224 5440 εἶπαν,
1255 5369 1410 5429 ρι’ἰιο
1437 5389 1649 5445 semper
1673 5373 1737 5429 ad
1768 5373 1931 5429 ﬁnem

365 5440 560 5512 usque.
595 5440 758 5507 Editi,
787 5440 961 5499 εἷπον.

368 5578 410 5595 ﬁ
437 5512 550 5595 (.1?)
587 5512 732 5595 Haec:
749 5513 808 5567 '0
843 5509 1307 5595 βασιλεὺςηεῖπεν,
1327 5513 1534 5595 ρθειιιὶι
1557 5511 1932 5595 ιη.Βιὶς.ΛΜοκ

368 5578 592 5654 Regius,
635 5578 858 5654 ἧλθετεξ
884 5584 1058 5638 Editio
1099 5578 1365 5654 Gommel.
1394 5592 1448 5636 et
1494 5581 1684 5654 Basil.,
1710 5578 1926 5654 ἤλθατε.

367 5650 510 5723 Edit.
538 5650 752 5723 Paris”,
770 5651 982 5723 ἦλθετο,
1010 5651 1464 5723 mendose._Mox
1487 5650 1741 5723 xal‘ante’
1771 5652 1931 5707 πάλιν

366 5721 518 5779 deest
543 5723 600 5780 in
630 5719 812 5789 editis,
833 5723 928 5780 sed
949 5723 1248 5794 habetur-in
1280 5721 1410 5794 Reg.
1430 5720 1564 5780 Ibid.
1585 5719 1743 5794 Reg.,
1761 5723 1930 5778 ἁπέλ-

2037 4848 2256 4911 venisti,
2293 4847 2415 4901 navi
2450 4863 2517 4901 ne
2553 4862 2619 4900 an
2653 4847 2852 4916 pedes?
2886 4845 3086 4900 Lucius
3118 4844 3254 4897 dixit
3290 4861 3303 4898 :
3338 4841 3488 4911 Rogo
3523 4849 3596 4907 te,

2036 4939 2181 4995 navi.
2213 4938 2510 5010 Imperator
2538 4940 2616 4994 ait
2641 4957 2653 4992 :
2687 4937 2830 4993 Deus
2860 4937 3044 4991 mundi
3072 4943 3126 4990 et
3157 4943 3396 4989 cometes
3418 4932 3521 4998 sol,
3547 4942 3598 4985 et

2035 5166 2184 5221 θατε.
2220 5165 2389 5221 Paulo
2441 5164 2765 5236 postidem,
2797 5163 2883 5225 δὸς
2924 5158 3045 5230 (sic)
3078 5159 3204 5219 τοὺς
3249 5151 3554 5225 Ἀρειανούς
3579 5168 3591 5180 ⁸

2034 5236 2323 5290 ἀπέλθατε.
3031 5296 3048 5302 _
3060 5295 3078 5302 _
3184 5293 3222 5302 __
3347 5292 3385 5302 ﬁ
3457 5292 3466 5302 _

2107 5308 2217 5376 (15)
2258 5305 2681 5377 Βεείυελοολὰθχ,
2715 5303 2982 5377 ἐντυχεια.
3031 5295 3150 5377 Mox
3184 5291 3510 5377 RegIO‘Rasil.
3542 5301 3596 5377 et

2035 5357 2214 5431 editio,
2244 5357 2693 5434 commeliniana',
2747 5357 2897 5438 παβᾶ
2927 5365 3219 5438 ίᾼουκίου.Δ
3242 5357 3420 5416 Ellitio
3466 5376 3595 5438 gero

2034 5429 2231 5509 Raris"
2262 5429 2691 5526 napa_Aodxtov,
2722 5429 2882 5492 male.
2925 5437 3048 5490 llaec
3089 5433 3276 5489 confer
3308 5448 3431 5487 cum
3465 5429 3591 5485 Soz.

2037 5517 2133 5571 lib.
2169 5531 2241 5582 γι,
2276 5513 2394 5582 cap.
2429 5513 2478 5565 5.

2108 5585 2220 5660 (Ié)
2258 5577 3111 5660 βειέιιε.εοάειερ,ρύ,ι>ετνετξητ·
3395 5637 3515 5660 ..ηε

2106 5637 2217 5752 ς’ίηόᾖ
2258 5637 2564 5718 ItaRegius.
2586 5637 2761 5703 Editio
2779 5637 3068 5710 Com-mel”
3101 5640 3243 5705 πεζί.
3269 5640 3365 5696 Ed.
3395 5637 3597 5702 Paris.,

2036 5741 2195 5794 πεςῃ.
