3966 6226
339 287 513 384 Ἶςεδ

978 322 1035 380 s.
1075 299 1447 383 ﬁ'i'iANAs'i-t
1483 301 1633 380 app.
1665 321 1844 378 rans
1885 321 1925 376 ι.
1966 350 2036 362 -
2072 306 2439 381 HlSTORlCA
2477 324 2564 381 ET
2600 325 3017 386 DOGM-ATICA.

3525 332 3629 392 824

405 441 618 496 lunaiis
638 441 772 512 ipsis
790 449 1110 503 succenseat
1130 442 1224 512 qui
1255 450 1432 496 tecum
1461 443 1810 512 navigarunt,
1823 438 1968 510 quod

2082 441 2286 507 liobnte,
2321 445 2350 498 ὁ
2381 445 2514 510 Θεὸς
2543 445 2634 500 τοῦ
2667 447 2894 519 κόσμου,
2939 449 3032 504 καὶ
3065 449 3311 522 κομήτης
3337 449 3450 523 (16)
3481 452 3630 524 ἥλιος

406 549 516 588 non
556 543 609 588 te
635 533 687 588 in
703 533 870 604 626
891 549 1040 590 mare
1069 532 1381 603 abjecerunt
1404 551 1426 591 :-
1449 543 1504 588 et
1534 532 1689 587 navis
1715 532 1805 586 illa
1830 547 1973 586 nun-

405 639 569 695 quam
618 625 674 678 in
723 634 999 694 posterum
1045 625 1303 687 secundis
1343 625 1556 682 fruatur
1600 623 1778 679 ventis
1817 638 1832 678 :
1871 636 1973 680 nec

403 731 530 772 cum
573 716 776 788 jactata
810 716 1074 773 :lluctibus
1120 717 1260 785 erit,
1307 733 1434 774 cum
1471 713 1853 788 navigantibus
1903 713 1972 768 ad

405 818 625 881 portum
655 807 913 879 appellat.

476 983 556 1039 Ac
583 997 682 1053 per
707 981 970 1042 Euaoium
1005 982 1354 1053 postularunt
1382 997 1417 1043 a.
1437 980 1700 1038 Probatio.
1717 991 1771 1038 et
1785 982 1972 1051 sociis,

407 1073 503 1145 qui
539 1073 757 1130 Eusebii
797 1081 852 1129 et
878 1072 1162 1135 Bardionis
1197 1088 1541 1130 successores
1579 1083 1754 1138 erant,
1797 1088 1973 1128 eunu-

408 1167 554 1230 chis,
571 1174 633 1221 ut
650 1166 1180 1222 commendationem
1205 1167 1470 1228 haberent
1499 1165 1741 1222 inﬁdeles
1763 1165 1973 1221 Ariani.

408 1259 491 1316 Re
529 1259 783 1332 cognita,
826 1261 1118 1330 imperator
1164 1261 1443 1317 eunuchos
1489 1259 1770 1314 tormentis
1807 1258 1979 1330 appli-z

410 1366 542 1408 cans
569 1351 708 1407 dixit
731 1371 749 1414 :_
771 1351 895 1408 Haec
924 1352 1160 1422 patiatur
1181 1353 1439 1424 quisquis
1461 1351 1688 1407 voluerit
1710 1351 1976 1416 Christiaq

2072 538 2165 596 καὶ
2198 538 2413 610 σελήνη,
2432 539 2709 612 ὀργισθείη
2743 537 2925 606 αὐτοῖς
2955 541 3183 608 ἐκείνοις
3217 545 3330 607 τοῖς
3365 544 3630 614 ἐμπλέου-

2073 647 2157 683 σιν
2184 630 2299 700 ἃμα
2326 649 2427 696 σοι,
2459 633 2540 686 ὅτι
2573 633 2673 686 οὐκ
2712 634 2943 707 Eppude
2974 651 3031 688 σε
3059 637 3141 699 εἰς
3177 635 3275 707 τὴν
3315 636 3586 692 θάλασσαν
3611 655 3629 671 ο

2072 723 2168 777 καὶ
2194 724 2226 794 ἡ
2251 721 2382 788 ναῦς
2408 723 2467 784 δὲ
2503 725 2684 795 ὲκεενη
2722 725 2796 797 μὴ
2835 725 2961 798 ῐσχῃ
2982 727 3062 790 εἰς
3086 726 3177 781 τὸν
3206 727 3421 781 ἅπαντα
3446 728 3634 800 χρόνον

2073 815 2370 887 εὺδρόμους
2399 815 2584 882 πνοὰς,
2621 818 2758 888 μήτε
2801 816 3167 889 χειμαζομένη
3207 819 3344 888 μετὰ
3380 819 3489 874 τῶν
3532 823 3632 892 ἑμ-

2073 907 2341 968 πλεόντων
2369 907 2584 979 λιμένος
2617 908 2727 981 (17)
2759 908 2930 980 τύχοι.

2145 993 2362 1057 Καιδϋ
2396 1001 2637 1067 Εὑζωϊου
2685 1001 2922 1072 ἠξίωσαν
2966 1004 3093 1068 τοὺς
3143 1004 3272 1075 περὶ
3316 1002 3633 1075 Προεάτιον,

2074 1094 2202 1160 τοὺς
2233 1094 2507 1164 διαδόχους
2536 1094 2796 1148 Εὐσεϐιου
2824 1095 2918 1148 καὶ
2953 1086 3286 1167 Βαρδίωνος,
3305 1095 3431 1157 τοὺς
3457 1094 3637 1147 εὐνού-

2077 1204 2226 1258 χους,
2253 1185 2332 1250 ὡς
2373 1186 2459 1240 ἵνα
2490 1186 2798 1249 συστάσεως
2835 1184 3068 1256 τύχωσιν
3097 1185 3148 1239 oi
3173 1184 3389 1239 ἄπιστοι
3428 1185 3637 1257 Ἀρεια-

2079 1277 2179 1334 νοί.
2213 1276 2326 1330 Καὶ
2365 1277 2529 1346 γνοὺς
2557 1275 2717 1330 τοῦτο
2747 1275 3019 1346 βασιλεὺς,
3067 1275 3161 1329 καὶ
3202 1277 3329 1340 τοὺς
3355 1275 3636 1347 εὐνούχους

2081 1369 2378 1440 βασανίσας
2404 1408 2420 1433 ,
2463 1364 2648 1422 εἶπεν·
2698 1369 2767 1422 Et
2796 1385 2882 1432 τις
2923 1369 3163 1439 ἐντυχεῖν
3209 1367 3454 1438 βούλεται
3499 1367 3637 1420 κατὰ

411 1459 513 1501 nos
546 1443 778 1501 deferre.
812 1445 880 1504 Et
909 1447 988 1503 sic
1008 1445 1215 1504 dimisit
1242 1461 1336 1502 eos
1376 1446 1693 1505 imperator.

2082 1461 2448 1534 Χριστιανῶν,
2501 1461 2726 1516 τοιαῦτα
2776 1459 2958 1518 πάθοι.
2993 1461 3104 1515 Καὶ
3148 1459 3318 1524 οὕτως
3361 1459 3569 1536 ἀφῆκεν
3609 1461 3638 1514 ὁ

2079 1553 2348 1630 βασιλεύς.

483 1773 595 1843 (l6)
636 1771 731 1826 Sic
761 1772 894 1842 Reg.
923 1771 1089 1826 Basil.
1120 1783 1196 1843 et,
1217 1771 1384 1827 editio
1401 1771 1635 1843 _Comm.
1667 1769 1810 1843 Edit.
1843 1785 1971 1843 vero

483 1773 595 1843 (l6)
636 1771 731 1826 Sic
761 1772 894 1842 Reg.
923 1771 1089 1826 Basil.
1120 1783 1174 1827 et
1217 1771 1384 1827 editio
1423 1771 1635 1826 Comm.
1667 1769 1810 1824 Edit.
1843 1785 1971 1824 vero

408 1845 582 1900 Paris.
630 1843 790 1911 male,
819 1845 1118 1915 κοσμήτ-ης.
1161 1842 1360 1898 ibidem
1396 1839 1618 1912 Regius,
1651 1841 1816 1912 μήνη.
1866 1839 1973 1894 Alii

2082 1782 2286 1834 omnes,
2316 1765 2536 1836 σελήνη.

2150 1835 2264 1908 (i7)
2300 1834 2505 1906 Regius
2533 1861 2536 1881 ι

2150 1832 2280 1908 (i7)
2300 1832 2511 1906 Regius
2533 1833 2722 1900 codex,
2749 1832 2910 1904 τύχῃ.

1023 2025 3612 2059 W

1067 2203 1192 2294 IN
1279 2196 1801 2292 ANTONII
1879 2193 2258 2290 VITAM
2337 2191 2958 2289 MONITUM.

2006 2414 2066 2436 Ἣ

477 2583 520 2638 l.
545 2579 764 2637 Antonii
805 2575 1004 2638 Vitam,
1029 2573 1282 2629 eximium
1305 2569 1592 2628 Athanasii
1610 2584 1762 2638 opus,
1796 2567 1938 2622 haud
1967 2566 2061 2620 diu
2090 2576 2207 2636 post
2236 2562 2452 2618 Ioviani
2470 2572 2704 2630 tempora
2727 2557 2924 2613 editam
2947 2553 3248 2626 opinamur,
3274 2571 3412 2609 anno
3435 2554 3642 2609 circiter

403 2674 533 2740 565,
557 2688 658 2743 quo
682 2669 867 2725 sedata
891 2665 1270 2736 persecutione,
1300 2663 1525 2717 invictus
1553 2660 1679 2729 fidei
1710 2660 1974 2729 defensor,
1996 2659 2051 2712 in
2079 2673 2206 2728 pace
2235 2655 2444 2710 demum
2467 2648 2808 2708 Alexandria:
2833 2651 3162 2743 morabatur.
3195 2648 3514 2743 Rogantibus
3542 2665 3640 2743 att-

407 2779 508 2826 tem
543 2740 911 2819 transmarinis
938 2754 1230 2817 monachis,
1266 2763 1338 2816 et,
1363 2763 1420 2804 ut
1446 2766 1560 2804 uere
1586 2749 1795 2821 quidem
1818 2749 2044 2812 videtur,
2083 2745 2526 2807 Occidentalibus,
2555 2758 2673 2798 eam
2700 2741 3032 2812 conscripsit,
3061 2749 3118 2795 ut
3153 2750 3376 2796 testatur
3407 2741 3517 2811 ipse
3546 2740 3639 2795 sub

404 2861 644 2918 initium.
679 2856 860 2927 Neque
880 2868 1037 2924 porro
1060 2849 1378 2906 assentimur
1406 2847 1473 2900 iis
1501 2845 1612 2915 qui,
1643 2843 1805 2913 quod,
1835 2842 1973 2914 Πρὸς

2082 2843 2136 2904 ῦς
2168 2842 2227 2894 ὲν
2257 2841 2324 2912 τῇ
2364 2837 2490 2911 ξένῃ
2521 2835 2804 2910 μοναχούς,
2837 2845 3180 2907 nuncupetur,
3209 2837 3426 2891 missam
3455 2844 3642 2906 putant

407 2953 478 3008 ad
510 2926 792 3011 monachos
825 2942 1133 2998 monasterii
1161 2936 1457 3009 cujusdam,
1484 2935 1568 2990 cui
1601 2950 1790 2989 nomen
1835 2933 1980 2988 Xene
2011 2932 2198 3002 fuerit,
2236 2939 2329 2985 aut
2358 2929 2588 3000 regionis
2616 2927 2728 2998 ejus
2755 2929 2980 2982 nominis
3007 2928 3152 2982 circa
3177 2926 3395 2983 Scethen
3427 2942 3446 2983 :
3486 2943 3641 2998 quam

413 3061 514 3117 quo
551 3051 704 3114 pacto
731 3035 1145 3094 transmarinam
1175 3030 1471 3086 existiment
1501 3028 1784 3085 nescimus.
1816 3025 1960 3080 Nam
1993 3043 2054 3082 eo
2078 3041 2294 3096 prorsus
2331 3022 2486 3077 modo
2524 3022 2608 3075 hic
2639 3021 3039 3092 intelligendum
3068 3021 3274 3077 videtur
3304 3022 3364 3075 ὲν
3390 3017 3516 3094 ξένῃ
3543 3035 3642 3090 quo

411 3112 596 3212 supra,
624 3156 679 3209 ρ,
701 3136 790 3203 99,
836 3132 974 3206 μετὰ
994 3131 1092 3202 τὴν
1117 3129 1210 3182 ἐπὶ
1240 3129 1416 3197 ξένης,
1447 3125 1566 3179 ἀντὶ
1593 3125 1692 3196 τῆς
1717 3123 1941 3190 οἰκείας,

2109 3120 2429 3196 πορῤοτάτω
2469 3118 2770 3192 διατριϐήν.
2801 3117 2934 3176 Post
2971 3117 3157 3182 vitam,
3194 3115 3414 3180 scilicet,
3457 3112 3644 3166 relicta

409 3207 691 3305 patria,iin
720 3237 980 3284 extranea
1003 3224 1226 3294 regione
1263 3221 1349 3294 (in
1376 3219 1572 3292 Gallia)
1594 3234 1816 3290 peregre
1856 3227 1973 3274 acta

2106 3216 2176 3271 Et
2211 3234 2265 3288 p.
2293 3216 2416 3284 156,
2443 3217 2552 3270 Καὶ
2585 3215 2693 3287 γὰρ
2725 3215 2823 3286 τῆς
2854 3217 2947 3269 ἐπὶ
2980 3214 3138 3285 ξένης
3178 3212 3342 3267 αὑτοῦ
3369 3207 3645 3305 διατριὸῇς

408 3297 568 3403 ύμεϊς
597 3297 924 3399 νπαραμυθία
941 3323 1221 3392 γεγόνατε.
1262 3317 1374 3373 Vos
1400 3317 1544 3374 enim
1576 3317 1654 3372 illi
1690 3317 1743 3371 in
1776 3325 1973 3379 extr-ani

2082 3315 2281 3388 'egione
2310 3313 2401 3384 (in
2431 3313 2605 3384 Italia)
2640 3307 3002 3368 commoranti
3040 3301 3400 3362 consolationi
3439 3297 3643 3399 fuistis.

405 3392 577 3494 A‘tque
604 3436 667 3475 ea:
683 3392 772 3472 his
807 3417 1035 3487 fortasse
1059 3412 1188 3466 locis
1214 3410 1476 3481 suspicari
1505 3407 1681 3474 liceat,
1704 3409 1911 3462 nomine
1936 3406 2115 3477 ξένης,
2141 3405 2370 3459 indicari
2395 3419 2765 3472 nonnunquam
2785 3400 2996 3470 proprie
3018 3392 3366 3451 occidentales
3389 3392 3643 3459 regiones,

408 3486 522 3574 tum
547 3522 685 3588 quod
711 3511 895 3588 procul
923 3517 1137 3565 remotae
1158 3517 1208 3562 et
1233 3505 1608 3560 transmarina:
1631 3513 1820 3567 essent,
1850 3511 1960 3558 tum
1987 3503 2147 3558 etiam
2180 3500 2319 3570 quod
2347 3500 2553 3554 diversa
2575 3498 2646 3553 ibi
2671 3498 2853 3570 lingua
2877 3495 3147 3550 obtineret.
3171 3491 3322 3588 Certe
3343 3491 3400 3543 in
3424 3486 3645 3588 Italiam

407 3577 589 3670 om}:
623 3577 992 3665 transmissum
1013 3603 1264 3674 Oportuit,
1289 3617 1405 3656 cum
1438 3599 1512 3654 ibi
1541 3614 1656 3653 eam
1682 3597 1940 3668 Euagrius
1957 3595 2144 3650 Latine
2178 3593 2535 3658 transtulerit,
2573 3601 2631 3646 ut
2660 3592 2804 3662 infra
2836 3589 3060 3644 dicimus
3083 3603 3102 3641 :
3129 3601 3220 3640 nec
3248 3583 3442 3637 mirum
3469 3577 3646 3633 Graece

403 3711 660 3778 scriptam
701 3705 845 3759 mitti
882 3702 953 3756 ad
993 3698 1234 3762 Latinos,
1282 3695 1372 3749 ubi
1425 3695 1493 3748 iis
1534 3693 1850 3763 temporibus
1897 3691 2074 3746 Graece
2108 3689 2467 3761 intelligebant
2507 3688 2743 3758 plurimi.
2783 3685 2936 3742 Certe
2965 3679 3328 3778 Occidentales
3356 3674 3649 3778 intelligere

405 3766 616 3863 omnino
645 3798 851 3853 videtur
882 3791 1229 3853 Athanasius,
1258 3803 1376 3842 cum
1405 3786 1710 3856 gratulatur
1742 3783 1805 3840 de
1843 3781 2219 3853 propagatione
2253 3780 2691 3839 monasteriorum
2721 3787 2772 3832 et
2806 3778 3183 3830 monachorum
3216 3788 3236 3826 :
3270 3770 3381 3825 Καὶ
3417 3767 3525 3838 γὰρ
3556 3766 3648 3819 καὶ

407 3893 539 3966 παρ’
563 3893 690 3962 ὑμῖν
721 3889 905 3949 λοιπὸν
933 3886 1286 3960 μοναστήρια,
1323 3883 1418 3937 καὶ
1443 3882 1504 3936 τὸ
1533 3881 1640 3935 τῶν
1669 3879 1916 3952 μοναχῶν
1939 3878 1973 3932 ὅι

2082 3895 2113 3941 α
2151 3875 2508 3930 πολιτεύεται.
2538 3872 2675 3928 Nam
2720 3873 2860 3943 apud
2890 3886 2989 3927 vos
3027 3883 3245 3958 quoque
3283 3867 3394 3937 jam
3427 3865 3648 3919 demum

407 3955 537 4043 sunt
569 3955 1014 4048 monasteria,‘et
1053 3955 1448 4032 monachorum
1492 3986 1690 4027 nomen
1737 3969 2063 4025 celebratur.
2095 3967 2249 4033 Quod
2293 3969 2381 4021 vix
2417 3967 2485 4021 ad
2516 3965 2700 4036 Syros,
2734 3963 2954 4029 Cilicas,
2976 3955 3068 4018 'vel
3105 3955 3240 4016 alios
3265 3958 3647 4014 transmarinos

405 4097 569 4136 auum
592 4076 956 4136 Occidentales
990 4073 1191 4130 dictum
1215 4070 1482 4125 credatur.
1515 4065 1772 4127 Nostram
1809 4075 1982 4119 tamen
2024 4064 2380 4133 coniecturam
2409 4062 2681 4132 prudentis
2715 4059 2923 4115 lectoris
2950 4053 3153 4126 judicio
3174 4050 3547 4121 permittimus.

479 4171 546 4226 ll.
578 4170 707 4225 Htec
738 4165 916 4226 Greece
943 4168 1174 4237 primum
1221 4164 1436 4234 vulgata
1483 4162 1584 4233 fuit
1630 4177 1772 4217 anno.
1811 4160 1971 4224 16H,
2006 4169 2226 4214 curante
2256 4157 2454 4212 Davide
2503 4154 2822 4220 Hmschelio,
2849 4155 3178 4222 Augustano,
3200 4146 3289 4218 qui
3313 4159 3430 4197 eam
3458 4139 3647 4237 Latine

409 4264 639 4320 reddidit
660 4270 710 4316 et
735 4263 874 4316 notis
899 4232 1210 4323 illustravit,
1241 4232 1377 4310 unde
1414 4232 1530 4311 eam
1557 4254 1787 4313 mutuati
1815 4261 1937 4306 sunt
1961 4251 2289 4306 Parisienses
2317 4251 2560 4304 editores.
2587 4248 2651 4302 At
2679 4263 2797 4301 cum
2827 4245 3028 4302 codices
3055 4242 3241 4323 quibus
3267 4248 3342 4292 est
3371 4249 3498 4290 usus
3527 4232 3649 4287 Hse-

411 4359 638 4422 schelius
671 4357 876 4419 mendis.
901 4358 1026 4426 pene
1052 4354 1274 4424 inﬁnitis
1300 4352 1544 4421 respersi,
1571 4360 1620 4405 et
1643 4365 2014 4420 nonnunquam
2039 4347 2213 4401 mutili
2243 4347 2464 4417 fuerint,
2486 4343 2846 4413 imperfectam
2875 4342 3085 4396 omnino
3111 4321 3272 4394 Edidit
3295 4352 3312 4389 :
3337 4335 3426 4406 qui
3450 4332 3649 4387 siEua»

409 4455 516 4526 grii
545 4454 832 4509 versionem
863 4449 1230 4514 consuluisset,
1259 4446 1428 4501 multa
1458 4445 1577 4501 loca
1608 4445 1881 4498 restituere
1911 4443 2187 4512 potuisset,
2212 4439 2385 4494 multa
2416 4453 2755 4508 perpurgare.
2791 4434 2965 4491 Licuit
3000 4443 3136 4486 certe
3162 4429 3309 4484 nobis
3341 4442 3433 4526 per
3460 4439 3649 4526 manu-

409 4520 727 4617 scriptorum
752 4543 958 4615 cupiam
982 4553 1031 4598 et
1062 4543 1446 4614 praestantiam,
1474 4540 1830 4596 emaculatum
1871 4539 2100 4610 uulgare.
2145 4537 2311 4605 Atque
2349 4534 2566 4605 Evagrii
2588 4534 2873 4588 versionem
2910 4546 3019 4584 una
3058 4525 3350 4582 cudendam
3377 4520 3646 4575 duximus.

410 4659 530 4714 qua:
559 4642 758 4696 scilicet
781 4649 958 4712 utpote
987 4640 1185 4696 Gracis
1209 4640 1493 4698 Athanasii
1522 4648 1676 4694 (etate
1713 4654 1928 4709 suppar,
1967 4634 2239 4706 permagni
2273 4642 2350 4687 est
2395 4632 2464 4686 ad
2509 4631 2695 4685 Grazca
2727 4621 3080 4680 restaurando
3119 4617 3498 4685 asserendaque
3541 4627 3652 4714 mo-

412 4712 596 4790 menti.
620 4734 756 4789 Eam
785 4734 964 4788 itidem
993 4750 1113 4787 cum
1145 4733 1626 4803 manuscriptorum
1651 4732 1932 4801 etquidem
1956 4729 2462 4802 antiquissimorum,
2486 4737 2597 4780 tum
2619 4731 2848 4778 veterum
2871 4719 3133 4775 editorum
3153 4732 3245 4785 ope
3265 4714 3390 4784 ﬁdei
3410 4712 3649 4783 pristina:

351 4842 357 4857 '
414 4829 690 4883 restituere
721 4825 898 4881 conati
925 4841 1128 4878 sumus.
1164 4822 1329 4877 Edita
1348 4823 1446 4876 illa
1477 4823 1582 4892 fuit
1623 4824 1720 4876 sub
1749 4824 1879 4894 ipsis
1914 4821 2271 4892 typographiw
2314 4816 2647 4873 incunabulis
2681 4831 2714 4868 a
2742 4809 3066 4874 Mombritio,
3097 4824 3158 4861 ac
3193 4806 3379 4860 deinde
3412 4803 3650 4857 omnibus

352 4968 360 4980 ,
411 4935 539 4990 pene
568 4918 708 4972 cusis
747 4915 875 4971 Vitae
914 4923 1226 4973 sanctorum
1255 4913 1652 4969 collectionibus
1694 4915 1916 4980 inserta,
1944 4913 2245 4977 accuratius
2282 4911 2494 4970 demum
2527 4924 2562 4961 a
2599 4902 2889 4970 Rosweido,
2917 4910 2967 4956 et
2994 4907 3173 4972 postea
3202 4914 3236 4951 a
3263 4895 3525 4950 Bollando
3557 4911 3655 4964 pu-

415 5013 934 5164 bl‘lcl‘ifzﬁehautem
969 5119 1276 5176 germanum
1312 5101 1596 5156 Athanasii
1635 5101 1800 5170 fetum
1831 5099 1980 5156 nul-la
2018 5106 2095 5155 est
2126 5095 2405 5161 dubitandi
2441 5109 2624 5159 causa,
2647 5106 2737 5144 nec
2759 5096 2890 5144 esset
2921 5085 3060 5157 quod
3082 5084 3136 5137 in
3160 5099 3220 5136 eo
3243 5078 3514 5151 probando
3537 5075 3654 5176 diu-

415 5204 519 5256 tius
544 5173 1097 5261 immoraremur,inisi
1125 5201 1450 5248 novatorunv
1467 5191 1740 5245 conatibus
1770 5188 2127 5243 obsistendum
2157 5187 2313 5256 foret,
2349 5184 2439 5254 qui
2474 5183 2530 5236 id
2565 5180 2902 5243 contendunt,
2933 5178 2987 5230 id
3020 5184 3280 5247 pugnant,
3302 5185 3359 5228 ut
3397 5190 3528 5243 Opus
3561 5173 3654 5224 hac
3761 5237 3764 5240 ἢ

411 5299 678 5370 egregium
705 5294 996 5350 Athanasio
1017 5290 1316 5360 abjudicent
1342 5303 1360 5342 :
1386 5288 1495 5344 imo
1524 5288 1579 5340 in
1604 5287 1716 5356 ejus
1762 5293 2030 5338 auctorem
2053 5281 2234 5354 gravia
2261 5280 2533 5351 proferunt
2559 5276 2861 5339 maledicta,
2889 5269 3147 5370 insulsum
3169 5267 3369 5370 scilicet
3394 5264 3655 5317 hominem

413 5361 679 5456 abeuntes,
713 5388 936 5458 insignis
965 5384 1246 5446 mendacii,
1282 5382 1508 5453 insignis
1562 5379 1722 5433 scorti
1756 5387 2044 5430 auctorem.
2071 5373 2362 5438 Nimirum,
2381 5371 2595 5440 [acilius
2614 5368 2778 5422 multo
2809 5366 2940 5436 ipsis
2962 5372 3044 5458 est
3075 5361 3338 5458 conuiciis.
3356 5371 3655 5429 oppugnare

415 5496 575 5547 quam
597 5450 939 5549 argumentis.
967 5474 1175 5529 Futilia
1200 5450 1418 5546 prorsus
1444 5481 1564 5527 sunt
1593 5486 1708 5540 quae
1730 5468 1980 5522 hactenus
2014 5467 2276 5520 immisere
2302 5463 2428 5529 tela,
2463 5477 2525 5514 ac
2555 5461 2675 5521 licet
2705 5457 2917 5549 jamdiu
2949 5455 3141 5524 fracta,
3166 5450 3376 5549 jam-diu
3401 5458 3654 5548 quassata

420 5539 637 5643 iuerint,
661 5539 774 5625 non
797 5577 1000 5625 cessant
1037 5570 1093 5624 in
1122 5539 1232 5624 dies
1263 5587 1324 5626 ea
1353 5572 1468 5639 ipsa
1493 5579 1842 5636 contorquere.
1879 5561 2009 5627 Quae
2029 5560 2199 5625 denuo
2221 5553 2474 5626 depellere
2495 5567 2598 5611 non
2619 5548 2836 5621 pigebit,
2859 5561 2976 5608 cum
3004 5552 3232 5601 veterum
3259 5539 3488 5594 Patrum
3510 5539 3653 5592 testi-

418 5665 600 5726 monia
635 5664 991 5718 attulerimus.

442 5758 542 5818 si.
572 5756 738 5820 Atque
765 5766 822 5809 ut
847 5756 1054 5810 initium
1101 5759 1163 5810 ab
1206 5756 1325 5832 ipso
1349 5757 1666 5828 Athanasio
1686 5756 1932 5821 ducatur,
1963 5772 1973 5807 ι

2082 5756 2296 5806 sanctus
2331 5746 2516 5801 doctor
2537 5741 2701 5812 infra,
2720 5739 2808 5792 ὅτε
2851 5734 2908 5791 δὲ
2935 5734 3220 5806 ἀπεδήμει,
3252 5731 3345 5785 καὶ
3379 5726 3652 5801 προεπέμ-
