3966 6226
2776 311 2806 326 πο

359 347 464 405 325
1418 340 1579 398 VlTA
1621 342 1678 398 S.
1718 342 2017 399 ANTONII.
2041 375 2111 384 —
2135 343 2474 403 MONITUM.
3468 354 3572 411 826

361 480 530 537 πομεν
553 460 736 527 αὐτὸν,
758 461 831 525 ὡς
860 458 1171 529 ἐφθάσαμεν
1200 458 1278 523 είς
1298 458 1396 531 τὴν
1411 459 1605 531 πύλην,
1636 460 1857 513 δπισθέν
1884 478 1964 525 τις
1986 462 2114 516 ὲὸὀα
2142 464 2297 535 γυνή’
2320 482 2338 515 ‹
2360 465 2577 531 Μεῖνον,
2594 463 2845 535 ἄνθρωπε
2866 465 2960 519 τοῦ
2978 465 3132 534 Θεοῦ,
3152 468 3184 539 ἡ
3203 467 3444 542 θυγάτηρ
3472 489 3574 543 μου

357 557 543 621 δεινῶς
568 556 671 610 ὑπὸ
701 554 793 609 τοῦ
824 554 1073 622 δαίμονος
1102 554 1394 625 ἐνοχλεῖται
1419 570 1433 584 '
1472 558 1673 625 μεῖνον,
1722 556 2039 625 παρακαλῶ,
2068 558 2142 629 μὴ
2178 557 2331 627 κάγὼ
2358 559 2682 615 κινδυνεύσω
2721 560 3009 632 τρέχουσα.
3041 585 3062 616 ν
3109 558 3241 619 Εἶτα
3279 566 3516 630 ἀκούσας
3547 571 3576 621 ὁ

358 648 556 721 γέρων,
592 647 682 700 καὶ
711 644 960 711 ἀξιωθεὶς
984 644 1113 717 παρ’
1140 645 1315 716 ἡμῶν,
1349 645 1516 699 θέλων
1543 645 1772 718 ἔμεινεν,
1809 658 1909 704 etc.

2006 665 2074 703 Im
2098 658 2277 705 autem
2306 650 2607 708 discederet
2641 652 3007 724 (Alexandria)
3040 671 3245 726 nosque
3292 659 3441 713 illum
3474 662 3572 715 ho-

358 744 511 798 noris
532 756 696 798 causa
725 740 1132 805 comitaremur,
1166 740 1256 794 ubi
1280 739 1346 793 ad
1373 750 1586 810 portam
1621 743 1989 811 pervenimus,
2025 754 2169 799 retro
2210 745 2404 800 mulier
2449 745 2720 803 clamabat
2750 765 2763 800 :
2800 766 2818 800 ι
2850 746 3085 814 Maneto,
3130 748 3291 805 homo
3317 751 3431 821 Dei,
3467 753 3572 808 ﬁlia

356 849 479 888 mea
506 832 740 903 graviter
763 847 794 885 a
815 830 1057 885 daemone
1085 842 1347 884 vexatur:
1374 839 1609 893 maneto,
1646 845 1849 900 quaeso,
1880 847 1947 887 ne
1971 832 2099 885 mihi
2126 848 2338 903 quoque
2353 834 2587 888 currenti
2611 834 2681 889 sit
2709 837 3025 905 periculum.
3062 858 3081 891 ι
3123 838 3260 893 Tum
3296 842 3382 897 his
3408 860 3574 899 senex

357 928 579 991 auditis,
614 927 877 996 nobisque
914 924 1231 994 rogantibus
1262 924 1434 979 libens
1454 924 1716 981 substitit.
1750 923 1848 981 Ubi
1876 925 2091 995 planum
2128 937 2204 982 est
2237 928 2408 996 ipsum
2436 927 2779 984 Athanasium
2820 931 2976 999 hujus
3010 932 3145 988 Vita:
3182 936 3487 997 scriptorem
3513 938 3575 991 de

357 1036 411 1073 se
442 1018 605 1089 loqui.
641 1015 820 1087 Neque
851 1032 966 1070 vero
994 1024 1071 1070 est
1098 1014 1235 1085 quod
1258 1015 1488 1080 dicatur,
1511 1014 1679 1068 alium
1704 1032 1813 1070 esse
1845 1016 1935 1085 qui
1962 1016 2149 1085 fraude
2178 1018 2431 1088 quadam,
2453 1019 2730 1074 Athanasii
2750 1038 3024 1091 personam
3042 1040 3150 1092 pra:
3176 1043 3229 1080 se
3249 1027 3405 1096 ferat.
3433 1027 3574 1082 Nunt

358 1110 467 1164 haec
498 1111 618 1179 ipsa
644 1107 798 1163 verba
824 1106 876 1159 in
908 1104 1122 1175 Evagrii
1150 1105 1380 1158 versione
1412 1104 1767 1173 reperiuntur,
1791 1120 1909 1175 qua:
1936 1104 2015 1158 vel
2040 1105 2150 1173 ipso
2175 1107 2457 1159 Athanasii
2488 1116 2734 1176 tempore,
2765 1115 2841 1168 vel
2864 1132 2964 1171 non
2994 1120 3173 1173 multis
3192 1130 3307 1189 post
3332 1121 3444 1191 ejus
3464 1123 3576 1176 abi-

359 1217 471 1261 tum
502 1206 654 1259 annis
684 1203 995 1257 concinnata
1017 1201 1139 1270 fuit.
1171 1198 1352 1271 Neque
1378 1216 1497 1254 vero
1529 1209 1655 1269 puto
1684 1215 1907 1254 ausuros
1940 1209 2234 1261 novatores.
2261 1201 2580 1266 quantalibet
2611 1220 2740 1258 cura
2761 1205 2883 1261 huic
2913 1210 3056 1277 operi
3078 1211 3286 1276 νοθείας
3314 1216 3577 1268 maculam

355 1313 623 1368 aspergere
651 1304 919 1360 conentur,
942 1294 1112 1347 dicere
1142 1292 1269 1360 ipsis
1295 1291 1578 1345 Athanasii
1603 1291 1935 1358 temporibus,
1964 1291 2043 1345 vel
2064 1292 2204 1345 haud
2231 1293 2321 1346 diu
2348 1302 2463 1362 post
2483 1294 2595 1363 ejus
2616 1297 2831 1364 obitum,
2853 1300 3047 1368 falsum
3072 1303 3413 1357 Athanasium
3446 1303 3579 1359 Vitta

356 1390 572 1443 Antonii
608 1390 916 1459 scriptorem
937 1394 1175 1441 exortum
1202 1397 1351 1446 esse;
1380 1382 1528 1450 cujus
1558 1398 1707 1451 opus,
1735 1380 1910 1435 Vitam
1942 1400 1974 1437 a
2005 1400 2121 1438 vero
2140 1386 2431 1438 Athanasio
2457 1388 2706 1455 scriptam
2737 1389 2815 1443 ita
2845 1390 3161 1454 obscurarit.
3187 1405 3240 1447 ut
3265 1396 3463 1449 nemine
3487 1396 3579 1449 ob-

355 1483 570 1537 sistente
595 1483 705 1537 haec
733 1481 968 1535 admissa
993 1479 1061 1532 sit
1088 1476 1153 1529 ab
1178 1474 1436 1539 omnibus,
1460 1475 1827 1530 Athanasiana
1855 1492 1972 1530 vero
1995 1476 2226 1548 neglecta
2249 1478 2391 1532 haud
2416 1480 2506 1532 diu
2541 1491 2718 1549 postea
2740 1484 3020 1540 interierit.

425 1574 480 1627 2.
512 1572 792 1643 Gregorius
825 1571 1223 1637 Nazianzenus,
1256 1580 1393 1624 orat.
1421 1570 1512 1635 2i,
1539 1570 1679 1624 haud
1704 1570 1852 1641 longe
1883 1570 1946 1623 ab
1978 1572 1991 1624 i

2010 1572 2130 1625 uitio
2165 1587 2185 1627 .'
2211 1574 2393 1627 Πάντα
2429 1573 2609 1643 μέντοι
2636 1576 2702 1629 τὰ
2736 1578 2943 1632 ἐκείνου
2979 1580 3091 1651 (τοῦ
3108 1578 3445 1651 Ἀθανασίου)
3487 1579 3576 1632 λέ-

357 1687 473 1738 γειν
498 1687 558 1723 τε
582 1670 677 1724 καὶ
709 1670 1026 1740 θαυμάζειν,
1056 1668 1387 1740 μακρότερον
1415 1667 1480 1721 ἂν
1508 1666 1591 1737 εἴη
1617 1668 1801 1738 τυχὸν,
1823 1666 1856 1739 ἢ
1886 1668 2026 1722 κατὰ
2044 1668 2142 1740 τὴν
2169 1669 2446 1741 παροῦσαν
2472 1671 2644 1742 ὁρμὴν
2667 1672 2759 1725 τοῦ
2784 1673 2962 1741 λόγου,
2988 1672 3083 1727 καὶ⁴
3105 1673 3345 1743 ἱστορίας
3396 1672 3576 1743 ἔργον,

357 1760 455 1814 οὐκ
485 1761 760 1832 εὐφημίας
777 1778 790 1791 ·
822 1761 857 1815 ἃ
883 1764 975 1817 καὶ
1002 1764 1106 1835 ἰδίᾳ
1137 1762 1467 1834 παραδοῦναι
1495 1764 1679 1833 γραφῇ
1712 1762 1983 1834 παίδευμα
2011 1781 2071 1816 τε
2109 1765 2201 1818 καὶ
2226 1765 2441 1836 ἥδυσμα
2461 1769 2572 1830 τοῖς
2596 1769 2676 1831 εἰς
2703 1766 2827 1821 ὕστε
2838 1786 2925 1840 ρον
2958 1770 3121 1840 εὐχῆς
3146 1770 3302 1840 ἔργον
3328 1769 3450 1839 ἐμοὶ
3474 1767 3579 1821 ὥσ-

358 1872 462 1927 περ
487 1855 546 1909 ὃν
570 1858 772 1922 ἐκεῖνος
787 1857 1066 1912 Ἀντωνίου
1100 1857 1191 1911 τοῦ
1217 1858 1358 1911 θείου
1377 1858 1522 1922 ,βίον
1565 1858 1885 1929 συνέγραψε,
1910 1858 2002 1911 τοῦ
2038 1860 2320 1930 μοναδικοῦ
2366 1860 2480 1930 βίου
2510 1861 2825 1931 νομοθεσίαν
2865 1864 2923 1916 ὲν
2955 1864 3228 1935 πλάσματι
3259 1862 3574 1933 διηγήσεως.

357 1950 534 2020 Atque
563 1961 732 2008 totam
766 1952 986 2023 quidem
1030 1952 1357 2028 (Athanasii)
1390 1952 1556 2009 vitam
1593 1968 1846 2009 sermone
1879 1961 1933 2009 et
1967 1954 2328 2011 admiratione
2366 1959 2620 2028 prosequi
2660 1958 2877 2028 longius
2920 1957 3153 2013 fortasse
3197 1956 3381 2020 fuerit,
3412 1968 3575 2023 quam

358 2040 621 2096 orationis
648 2042 877 2113 hujusce
905 2042 1213 2103 institutum
1245 2048 1382 2104 ferat
1406 2068 1420 2115 ;
1453 2056 1616 2117 atque
1646 2049 1891 2104 historia:
1918 2066 2056 2120 opus
2079 2050 2261 2119 fuerit,
2290 2068 2397 2107 non
2427 2054 2657 2109 encomii
2688 2073 2699 2107 :
2735 2070 2895 2124 quam
2918 2057 3080 2127 627
3107 2056 3292 2118 etiam,
3317 2058 3377 2106 ut
3400 2060 3579 2119 poste-

361 2131 437 2187 ris
465 2133 795 2195 documento
819 2148 979 2212 atque
1004 2142 1355 2198 oblectationi
1384 2142 1646 2209 futuram,
1672 2144 1890 2213 proprio
1919 2146 2123 2214 scripto
2149 2146 2408 2202 mandare
2433 2162 2557 2203 cum
2592 2148 2783 2218 primis
2806 2157 3046 2220 optarem
3073 2162 3088 2200 :
3123 2137 3578 2213 quemadmodum

360 2223 474 2315 ipse
502 2226 630 2282 dicti
652 2230 872 2287 Antonii
915 2233 1087 2289 Vitam
1110 2239 1454 2310 conscripsit,
1479 2250 1533 2295 et
1556 2242 1678 2295 vitae
1706 2243 2020 2298 monasticae
2056 2245 2199 2314 leges
2230 2245 2559 2300 narrationis
2584 2247 2762 2315 specie
2793 2246 3035 2302 tradidit.
3065 2244 3241 2299 Vitam
3283 2240 3450 2310 igitur
3470 2234 3580 2289 An-

357 2314 490 2369 tonii
523 2318 734 2389 scripsit
765 2323 1109 2395 Athanasius,
1140 2346 1256 2401 quae
1285 2333 1404 2387 vita:
1436 2335 1742 2389 monastica:
1767 2350 1953 2389 norma
1984 2346 2129 2390 erat:
2155 2336 2291 2405 quod
2316 2337 2436 2389 huic
2465 2314 2697 2406 apprime
2718 2339 2970 2393 convenit.

428 2412 482 2467 5.
515 2413 886 2489 Hieronymus,
909 2422 983 2478 De
1009 2426 1368 2496 scriptoribus
1402 2429 1809 2497 ecclesiasticis,
1835 2447 1954 2501 cap.
1981 2432 2120 2486 125:
2150 2431 2410 2500 Evagrius
2436 2432 2737 2487 Antiochia:
2775 2433 3083 2502 episcOpus,
3108 2426 3250 2482 acris
3276 2438 3340 2479 ac
3368 2422 3580 2477 ferven-

357 2508 429 2563 tis
457 2508 681 2579 ingenii,
716 2528 837 2570 cum
864 2518 1042 2574 adhuc
1066 2528 1209 2585 esset
1235 2524 1536 2594 presbyter,
1561 2524 1901 2579 diversarum
1935 2526 2264 2596 bypoteseon
2298 2534 2560 2581 tractatus
2602 2526 2734 2581 mihi
2777 2522 2927 2596 legit,
2961 2535 3097 2589 quos
3130 2516 3359 2571 IleCdum
3393 2513 3578 2569 edidit-

370 2599 543 2654 Vitam
571 2619 787 2676 quoque
818 2609 954 2665 beati
985 2614 1200 2667 Antonii
1220 2613 1287 2670 de
1314 2616 1501 2673 Graeco
1520 2617 1803 2672 Athanasii
1837 2618 1892 2672 in
1919 2634 2226 2674 sermonem
2249 2628 2495 2675 nostrum
2525 2621 2820 2676 transtulit.
2852 2619 3026 2688 Hujus
3051 2615 3265 2684 Evagrii
3294 2611 3458 2667 versio
3478 2624 3580 2661 ste—

357 2691 571 2760 pissime
616 2713 741 2752 cusa
777 2700 901 2768 fuit.
941 2702 1276 2776 Habeturque
1310 2706 1529 2776 Evagrii
1556 2711 1764 2763 nomine
1791 2710 1845 2763 in
1882 2710 2147 2765 codicibus
2188 2711 2447 2766 omnibus.
2482 2711 2703 2783 Ipseque
2736 2712 3086 2781 Hieronymus
3126 2706 3398 2778 prologum
3444 2701 3579 2770 ejus,

360 2786 522 2839 tacito
553 2786 768 2861 Evagrii
795 2796 1021 2864 nomine,
1048 2801 1284 2880 epistola:
1319 2802 1388 2865 ad
1428 2801 1832 2858 Pammachium
1860 2806 2107 2859 inseruit.
2137 2805 2271 2860 Cum
2301 2815 2476 2859 autem
2504 2806 2761 2878 Evagrius
2791 2809 2845 2862 in
2884 2807 3148 2863 codicibus
3179 2801 3433 2869 editisque
3463 2813 3583 2867 pre-

357 2880 532 2950 sbyter
560 2885 791 2957 dicatur,
816 2907 1018 2947 necesse
1044 2903 1122 2949 est
1147 2897 1283 2950 hanc
1313 2899 1579 2968 scripserit
1622 2910 1899 2971 antequam
1923 2911 2189 2955 crearetur
2227 2904 2517 2971 episcopus,
2551 2904 2606 2956 id
2645 2914 2721 2958 est
2752 2915 2874 2958 aute
2898 2915 3093 2956 annum
3119 2896 3259 2958 568;
3288 2908 3411 2946 nam
3441 2906 3581 2943 anno

356 2976 459 3034 368
494 2981 549 3034 in
571 2984 929 3055 episcOpatum
956 2990 1334 3045 Antiochenam
1358 3003 1628 3063 promotus
1651 2994 1775 3064 fuit.
1810 2994 1962 3060 Quod
1991 2997 2039 3049 si
2068 2994 2430 3061 Innocentius,
2472 2997 2540 3049 ad
2565 3013 2715 3068 quem
2740 2997 3010 3066 prologum
3046 3006 3199 3046 suum
3225 2992 3508 3054 nuncupat,
3536 2983 3582 3036 is

356 3075 467 3144 ipse
493 3079 562 3131 sit
587 3081 676 3148 qui
704 3098 839 3136 anno
865 3086 1078 3140 circiter
1097 3086 1202 3141 369
1231 3086 1380 3156 obiit,
1410 3090 1549 3159 quod
1586 3106 1701 3144 vere
1733 3090 1905 3144 simile
1933 3091 2080 3144 nobis
2118 3092 2345 3156 videtur,
2373 3090 2575 3161 aliquot
2596 3101 2717 3146 ante
2738 3092 2936 3145 obitum
2972 3084 3252 3141 Athanasii
3279 3079 3431 3135 annis
3473 3076 3583 3128 haec

356 3168 719 3239 interpretatio
745 3175 937 3232 Latina
965 3178 1028 3233 ab
1058 3179 1284 3252 Evagrio
1316 3184 1460 3238 edita
1492 3184 1675 3254 fuerit.
1713 3185 2063 3252 Quamobrem
2111 3202 2229 3241 cum
2276 3188 2353 3242 vel
2399 3190 2595 3243 vivente
2623 3187 2933 3252 Athanasio,
2965 3184 3043 3239 vel
3085 3179 3325 3252 pauculis
3362 3176 3426 3229 ab
3468 3175 3580 3243 ejus

356 3274 523 3318 morte
545 3270 697 3323 annis
721 3287 873 3325 suam
902 3279 1186 3332 versionem
1216 3280 1539 3334 concinnarit
1567 3278 1847 3351 Euagrius,
1876 3280 1992 3349 ipsa
2019 3296 2143 3335 sane
2170 3281 2283 3336 luce
2309 3282 2538 3337 lucidius
2563 3283 2747 3351 fuerit,
2770 3290 2826 3333 ut
2846 3294 3148 3351 germanam
3170 3274 3412 3328 habemus
3446 3268 3579 3323 Eva-

355 3355 457 3423 grii
482 3361 767 3416 versionem
788 3382 851 3418 ea:
872 3367 1054 3423 Grteco
1082 3372 1367 3429 Athanasii
1394 3376 1728 3446 adornatam,
1756 3380 1835 3432 ita
1871 3378 2059 3432 habere
2092 3380 2263 3449 ipsam
2298 3380 2580 3434 Athanasii
2612 3379 2871 3440 Graecam,
2900 3393 3014 3449 qua:
3047 3375 3168 3428 huic
3209 3374 3286 3426 ita
3322 3367 3580 3432 convenit,

355 3455 413 3541 ut
442 3465 506 3502 ne
526 3452 897 3521 interpolatum
921 3462 1131 3526 quidem
1162 3466 1468 3522 utramlibet
1495 3471 1757 3539 suspicari
1784 3471 1959 3527 liceat.
1993 3473 2132 3527 Huic
2161 3481 2465 3541 argumento
2497 3488 2600 3541 qua
2633 3472 2836 3524 ratione
2870 3480 3135 3522 occurrere
3171 3462 3371 3530 possint
3404 3467 3581 3511 neote-

357 3539 473 3606 rici,
502 3542 790 3616 intelligere
818 3555 1086 3621 nequimus
1108 3574 1126 3611 :
1156 3560 1258 3615 nisi
1283 3562 1419 3629 forte
1458 3560 1640 3617 dicant
1685 3562 1923 3618 Grtvcum

2016 3566 2239 3635 (silicum
2278 3581 2398 3619 cum
2442 3563 2633 3618 Latino
2670 3562 3016 3624 conspirasse,
3048 3568 3137 3612 aut
3178 3555 3367 3609 saltem
3403 3550 3582 3605 eodem

356 3637 534 3691 animo
567 3640 624 3693 id
658 3642 913 3709 facinoris
942 3650 1257 3720 admisisse;
1286 3666 1344 3709 ut
1374 3657 1465 3711 ille
1492 3660 1700 3714 nomine
1726 3660 2011 3715 Athanasii
2039 3662 2095 3715 in
2130 3660 2342 3717 Oriente
2375 3661 2551 3715 Vitam
2595 3660 2816 3713 Antonii
2860 3655 3219 3713 conscriberet,
3253 3647 3336 3699 hic
3383 3644 3436 3697 in
3480 3640 3582 3695 0c-

357 3732 558 3788 cidente
595 3734 814 3809 Evagrii
839 3746 1046 3799 nomine
1073 3748 1184 3817 ejus
1224 3754 1513 3806 versionem
1549 3754 1873 3810 adontaret:
1904 3755 2091 3825 quibus
2124 3758 2200 3810 ita
2227 3773 2309 3809 res
2332 3770 2397 3809 ea:
2423 3765 2540 3809 voto
2563 3756 2795 3820 cesserit,
2828 3766 2885 3807 ut
2922 3749 3075 3819 falsis
3107 3745 3315 3814 scriptis
3350 3756 3468 3837 vera
3492 3737 3581 3799 obs,-

357 3831 577 3923 rue_rinf,
606 3844 655 3888 et
678 3836 1049 3898 oblitterarint.
1088 3843 1217 3900 [hec
1241 3851 1577 3918 quantumvis
1606 3850 1838 3906 absurda
1870 3853 2113 3922 fortassis
2138 3852 2490 3923 usurpabant,
2519 3853 2608 3921 qui
2653 3850 2818 3904 multo
2848 3848 3090 3917 futiliora
3121 3843 3368 3911 obiecere.

427 3920 482 3977 4.
515 3921 707 3978 Eodem
738 3928 827 3982 ille
851 3930 1007 3996 libro,
1030 3950 1146 4002 cap.
1172 3935 1274 3990 87:
1302 3934 1516 4006 Fertur,
1545 3941 1644 4007 ait,
1684 3920 1966 3996 Athanasii
2009 3920 2505 4007 historia,'Antonii
2532 3920 2787 3995 monachi
2823 3938 2995 3994 Vitam
3026 3936 3329 3992 continens.
3364 3926 3431 3982 Et
3459 3942 3576 3994 cap.

356 4011 425 4068 88
443 4032 456 4068 :
475 4013 744 4076 Antonius
769 4026 1090 4093 monachus,
1114 4028 1271 4100 cujus
1298 4030 1473 4086 Vitam
1496 4033 1828 4090 Athanasius
1848 4035 2231 4091 Alexandrinae
2263 4037 2413 4093 urbis
2445 4036 2755 4107 episcopus,
2790 4033 2987 4105 insigni
3014 4029 3290 4088 volumine
3320 4039 3593 4099 prosecu-.

358 4110 445 4159 {US
471 4116 574 4162 εει.

429 4202 481 4257 5.
510 4202 698 4260 Sancti
723 4206 973 4279 Ephremi
1010 4215 1233 4286 insignis
1261 4228 1436 4275 exstat
1461 4221 1631 4288 locus,
1656 4224 1711 4276 in
1751 4224 1909 4291 illud,
1945 4226 2175 4281 Attende
2216 4226 2313 4280 tibi
2346 4225 2445 4295 ipsi
2474 4243 2487 4280 :
2520 4241 2670 4295 quem
2719 4224 3101 4295 longiusculum
3128 4222 3249 4276 licet
3273 4221 3372 4275 huc
3393 4219 3597 4289 referre.

356 4296 524 4349 visum
549 4309 646 4353 est.
679 4300 998 4371 Cujusmpdi
1032 4316 1255 4366 sanctus
1280 4312 1550 4369 Antonius
1578 4315 1807 4382 exstitit,
1833 4317 2293 4386 quemadmodum
2316 4324 2371 4371 et
2395 4325 2619 4371 sanctus
2644 4315 2976 4369 Athanasius
3009 4313 3297 4383 episcopus
3334 4307 3583 4365 meminit

361 4392 420 4481 in
464 4391 591 4448 Vita
618 4411 781 4466 quam
808 4401 875 4455 de
904 4404 1358 4474 eo‘conscripsit.
1394 4405 1529 4462 Nam
1558 4410 1727 4464 multa
1772 4411 2177 4476 exercitatione,
2206 4426 2379 4481 eaque
2422 4410 2726 4464 incitatiore
2755 4424 2819 4463 ac
2861 4406 3262 4462 vehementiore
3302 4415 3386 4460 est
3428 4417 3578 4457 usus.

355 4479 643 4551 Jejunahat
663 4490 806 4544 enim
842 4507 1075 4563 semper,
1102 4492 1583 4567 indumentumque
1610 4498 1848 4569 gerebat,
1881 4500 2106 4556 interius
2135 4479 2351 4570 quidem
2383 4499 2643 4562 cilicium,
2691 4497 2930 4552 exterius
2970 4505 3147 4552 autem
3168 4494 3471 4567 pelliceum,
3499 4492 3580 4547 id-

358 4588 465 4643 que
495 4579 559 4631 ad
586 4589 811 4636 mortem
841 4599 1014 4654 usque
1047 4588 1323 4655 servavit;
1354 4588 1428 4642 ita
1458 4601 1518 4644 ut
1544 4606 1717 4660 neque
1757 4606 1958 4662 corpus
2010 4594 2250 4647 sordium
2292 4608 2458 4649 causa
2492 4594 2648 4663 aquis
2696 4596 2958 4661 ablueret,
2981 4610 3155 4665 neque
3195 4594 3408 4664 penitus
3448 4606 3578 4646 suos

358 4672 521 4740 pedes
551 4673 778 4741 lavaret,
805 4693 979 4749 neque
1008 4681 1129 4736 illos
1162 4697 1402 4753 unquam
1432 4684 1679 4751 omnino,
1713 4685 1793 4739 vel
1837 4701 1982 4755 aqua
2027 4686 2278 4757 tingeret,
2312 4687 2419 4743 nisi
2473 4689 2798 4744 necessitate
2834 4700 3077 4761 cogente.
3117 4688 3219 4743 Sed
3252 4680 3426 4756 neque
3458 4686 3584 4753 quis

358 4781 483 4821 eum
515 4769 849 4828 denudatum
898 4792 1138 4847 unquam
1164 4779 1465 4849 conspexit,
1490 4796 1591 4835 nec
1613 4798 1837 4851 prorsus
1858 4784 2080 4838 Antonii
2104 4785 2485 4854 corpusculum
2511 4786 2740 4852 nudum,
2764 4792 3119 4857 praeterquam
3144 4795 3267 4837 cum
3290 4787 3411 4848 post
3436 4791 3579 4831 m0r~

357 4870 464 4916 tem
510 4866 853 4934 sepeliretur,
885 4870 1141 4941 cuiquam
1178 4874 1372 4943 patuit.
1415 4873 1716 4945 Rursusque
1758 4877 1832 4930 ait
1855 4894 1873 4929 :
1903 4876 2018 4933 Etsi
2054 4878 2157 4933 ista
2195 4878 2263 4932 ad
2300 4879 2445 4936 illius
2476 4879 2727 4935 virtutem
2761 4896 2962 4951 parva,
2995 4896 3060 4933 ex
3092 4877 3158 4931 iis
3194 4885 3372 4931 tamen
3400 4871 3581 4943 qualis

357 4961 449 5016 Dei
475 4977 666 5020 servus
698 4965 861 5021 fuerit
883 4969 1175 5037 Antonius,
1203 4972 1553 5028 considerare
1581 4982 1636 5029 et
1656 4974 1927 5030 aestimare
1958 4976 2113 5042 licet;
2143 4975 2345 5045 quippe
2366 4976 2459 5046 qui
2487 4991 2517 5030 a
2541 4976 2826 5045 juventute
2849 4975 2915 5029 ad
2939 4980 3141 5029 tantam
3170 4984 3343 5039 usque
3367 4974 3579 5025 aetatem

359 5057 621 5127 aequalem
656 5075 869 5129 semper
896 5065 1149 5120 servabat
1177 5066 1232 5121 in
1258 5069 1652 5125 exercitatione
1676 5058 2013 5127 alacritatem
2039 5090 2054 5128 :
2079 5080 2134 5127 et
2162 5086 2340 5141 neque
2367 5081 2647 5127 senectute
2693 5071 2921 5134 fractus,
2938 5065 3359 5126 .delicatiorihus
3391 5061 3581 5116 uteba-.

361 5158 449 5203 tur
478 5151 646 5219 cibis;
678 5168 855 5223 neque
875 5164 1094 5226 propter
1120 5157 1450 5215 debilitatem
1481 5164 1727 5232 corporis
1760 5166 2083 5220 immutahat
2114 5166 2199 5221 sui
2231 5165 2531 5220 indumenti
2560 5164 2828 5219 habitum.
2857 5161 2969 5215 Aut
2998 5160 3044 5215 si
3071 5158 3210 5213 forte
3251 5156 3413 5227 pedes
3437 5168 3582 5222 aqua

360 5248 609 5320 tingeret,
636 5260 690 5306 et
714 5261 892 5309 tamen
931 5255 985 5308 in
1018 5258 1271 5314 omnibus
1309 5260 1511 5316 illaesus
1562 5264 1949 5332 permanebat:
1984 5281 2108 5320 nam
2160 5266 2321 5321 etiam
2354 5267 2545 5321 oculos
2577 5264 2773 5319 illaesos
2817 5263 3165 5328 integrosque
3190 5251 3461 5350 servabat,
3490 5264 3579 5347 re-

358 5352 549 5414 cteque
575 5356 883 5403 cernentes.
914 5348 979 5403 Et
1008 5364 1075 5403 ne
1098 5348 1311 5417 singula
1342 5360 1754 5418 consectemur;
1788 5352 1998 5409 cunctis
2031 5355 2124 5423 qui
2153 5355 2290 5409 cibis
2322 5353 2508 5418 variis,
2526 5361 2590 5406 et
2613 5351 2842 5406 lavacris
2871 5346 3209 5414 diversisque
3240 5346 3583 5396 vestimentis

357 5444 598 5501 utuntur,
629 5439 744 5506 ipse
776 5442 946 5496 multo
977 5438 1238 5494 illustrior
1258 5440 1569 5509 apparebat,
1596 5457 1659 5495 ac
1686 5442 1884 5497 clarior
1908 5453 1961 5499 et
1987 5445 2052 5499 ad
2081 5444 2450 5500 fortitudinem
2486 5441 2734 5502 dacrior.
2762 5440 2889 5503 Hcce
2916 5437 2972 5493 S.
2999 5434 3249 5505 Ephremi
3286 5429 3585 5487 Athanasio

356 5526 574 5593 a'qualis
601 5530 754 5581 verba
779 5545 838 5582 eo
862 5533 1135 5586 retulimus
1153 5549 1217 5586 ea:
1246 5533 1464 5603 integro,
1485 5535 1623 5605 quod
1651 5536 1755 5590 sint
1784 5538 1918 5593 Vita:
1930 5538 2151 5594 Antonii
2175 5537 2570 5599 Athanasiantc,
2594 5542 2652 5586 ut
2671 5535 2792 5602 jam
2822 5539 3105 5601 comparet,
3128 5527 3292 5582 veluti
3338 5537 3579 5592 compenq.

356 5616 539 5681 dium;
572 5631 627 5671 ut
663 5636 815 5673 nemo
845 5638 1002 5677 sanus
1037 5640 1139 5678 non
1165 5626 1335 5678 videat
1358 5625 1519 5693 fuisse
1544 5626 1637 5681 illa
1660 5644 1723 5681 ea:
1748 5629 1812 5683 iis
1844 5645 2110 5699 expressa.
2155 5628 2306 5694 Quod
2346 5629 2486 5680 enim
2521 5624 2675 5677 habet
2713 5624 2942 5694 Ephrem
2988 5624 3052 5678 de
3079 5622 3215 5676 victu
3252 5618 3313 5674 S.
3339 5617 3581 5687 Antonii,

356 5714 419 5771 de
443 5716 679 5785 corporis
706 5715 941 5788 neglectu
970 5728 1018 5773 et
1051 5722 1435 5787 maceratione;
1467 5723 1547 5777 hic
1574 5725 1747 5787 omnia
1782 5726 2057 5793 habentur,
2088 5734 2136 5780 et
2163 5740 2278 5801 quae
2308 5723 2460 5781 initio
2492 5720 2797 5791 attulimus,
2827 5721 3012 5779 iisdem
3044 5717 3208 5777 verbis
3240 5733 3384 5782 num.
3417 5715 3513 5780 47,
3586 5756 3593 5779 λ
