3966 6226
413 363 528 422 est
978 347 1447 421 SfATHANASlI
1489 365 1635 421 opp.
1683 365 1862 420 rans
1901 368 1941 420 ι.

2085 363 2453 420 HISTORICA
2491 363 2578 418 ET
2622 361 3022 420 DOGMATICA
3541 362 3641 416 828

494 479 546 537 ϐ.
587 478 1007 551 Chrysostomus,
1033 480 1254 534 homilia
1283 480 1315 536 8
1345 481 1398 535 in
1423 481 1639 548 Matth.,
1675 482 1767 534 sub
1793 482 1983 550 ﬁnem:
2015 482 2053 533 E

2101 480 2157 533 δέ
2179 498 2260 543 τις
2284 479 2534 533 οὐδέποτε
2565 478 2734 548 ἐπέϐη
2755 477 2862 531 τῶν
2886 475 3097 547 σκηνῶν
3126 475 3368 540 ἐκείνων,
3401 473 3645 528 ἐννοείτω

416 573 514 627 τὸν
546 571 702 644 μέχρι
727 570 820 625 νῦν
854 573 910 623 ὲν
937 573 1046 635 τοῖς
1071 571 1322 625 ἁπάντων
1348 572 1606 642 στόμασιν
1638 571 1784 636 ὄντα,
1813 572 1870 623 ὃν
1909 571 2043 641 μετὰ
2063 571 2186 632 τοὺς
2204 570 2529 632 ἀποστόλους
2555 572 2586 639 ἡ
2611 569 2884 637 Αἴγυπτος
2903 570 3118 639 ἡνεγκε,
3143 567 3234 620 τὸν
3258 567 3520 637 μακάριον
3557 568 3646 620 καὶ

429 670 604 743 μέγαν
618 669 926 738 Ἀντώνιονξ·
956 669 1050 722 καὶ
1074 665 1386 736 λογιζέσθω,
1413 667 1493 719 ὃτι
1524 666 1614 718 καὶ
1641 657 1793 730 οὗτος
1826 667 1883 718 ἐν
1912 665 2094 738 ἐκείνῃ
2121 668 2186 736 τῇ
2220 664 2370 735 χώρᾳ
2396 665 2634 732 γέγονεν,
2649 665 2707 716 ἐν
2807 663 2900 714 καὶ
2927 660 3123 732 Φαραώ
3147 678 3161 692 ⁸
3188 661 3300 715 ἀλλ’
3325 662 3471 730 ὅμως
3501 662 3647 716 οὐδὲν

423 761 764 835 παρεϐλάὸη,
798 760 934 814 ἀλλὰ
956 760 1052 814 καὶ
1073 758 1222 820 θείας
1248 758 1422 828 ὅψεως
1451 755 1760 827 κατηξιώθη
1787 773 1798 786 ·
1825 757 1917 809 κα)⁵
1938 755 2176 808 τοιοῦτον
2206 754 2513 821 ἐπεδείξατο
2539 753 2671 824 βίον,
2700 747 2808 806 οἷον
2835 754 2883 806 οἱ
2908 752 2999 805 τοῦ
3030 753 3263 823 Χριστοῦ
3290 751 3440 822 νόμοι
3460 753 3650 823 ζητοῦ-

423 871 528 908 σιν.
558 855 666 908 Καὶ
701 853 858 906 τοῦτο
896 851 1103 906 εἴσεταί
1128 869 1212 914 τις
1249 853 1386 923 μετὰ
1417 851 1722 923 ἀκριϐείας,
1746 849 1978 919 ἐντυχὼν
2001 849 2076 919 τῷ
2112 848 2300 918 βιϐλίῳ
2327 848 2402 918 τῷ
2445 847 2540 919 τὴν
2580 848 2818 922 ἱστορίαν
2849 847 3024 917 ἔχοντι
3047 847 3144 918 τῆς
3170 847 3373 902 ἐκείνου
3402 848 3564 918 ζωῆς,
3591 851 3646 902 ἐν

421 941 467 1014 ᾧ
499 947 590 999 καὶ
622 945 818 1017 πολλὴν
839 945 1027 1015 ὄψεται
1058 943 1155 1016 τὴν
1189 946 1542 1016 προφητείαν,
1578 946 1670 998 καὶ
1703 945 1810 1016 γὰρ
1846 945 1971 1014 περὶ

2073 961 2114 996 ›ν
2140 943 2430 1014 τὰἈρείου
2461 942 2776 998 νοσούντων.
2837 941 2892 996 Si
2938 941 3062 1009 quis
3110 955 3236 996 vero
3276 942 3513 996 nondum
3554 943 3639 999 illa

419 1037 557 1093 adiit
608 1038 975 1103 tabernacula,
1035 1036 1082 1090 is
1132 1036 1307 1090 virum
1357 1037 1553 1106 cogitet
1597 1036 1690 1106 qui
1749 1036 2006 1089 hactenus
2053 1033 2104 1087 in
2143 1033 2386 1087 omnium
2435 1048 2529 1088 ore
2570 1042 2836 1098 versatur,
2869 1049 3030 1103 quem
3063 1045 3186 1105 post
3217 1037 3490 1107 apostolos
3521 1037 3645 1091 tulit

422 1133 709 1206 Egyptus,
744 1134 959 1188 beatum
995 1133 1203 1188 scilicet
1229 1141 1283 1187 et
1311 1147 1566 1204 magnum
1591 1131 1885 1185 Antonium
1912 1150 1924 1184 :
1960 1130 2375 1200 memineritque
2398 1130 2452 1184 in
2477 1129 2662 1184 eadem
2694 1130 2843 1184 illum
2880 1145 2984 1200 qua
3012 1130 3220 1187 Pharao
3244 1134 3460 1204 regione
3480 1131 3647 1188 exsti—

411 1228 582 1294 1isse;
606 1227 843 1296 nihilque
875 1234 1051 1279 tamen
1077 1224 1206 1280 hinc
1239 1226 1442 1294 accepit
1480 1223 1807 1288 detrimenti,
1841 1223 1949 1276 imo
1981 1222 2162 1276 divina
2204 1221 2434 1276 donatus
2480 1231 2562 1275 est
2584 1220 2810 1275 visione.
2849 1221 3024 1290 Atque
3051 1223 3156 1277 tale
3196 1223 3317 1278 vitae
3345 1239 3512 1294 genus
3555 1240 3646 1278 co-

419 1321 524 1376 luit
552 1307 771 1391 qualem.
794 1320 1073 1390 postulant
1104 1317 1302 1372 Christi
1340 1316 1502 1385 leges.
1547 1312 1756 1382 Cuique
1788 1319 1968 1367 autem
2001 1311 2054 1366 id
2091 1318 2341 1367 accurate
2377 1310 2614 1366 ediscere
2655 1310 2710 1364 in
2740 1323 2986 1379 promptu
3038 1321 3138 1380 est,
3168 1312 3392 1381 legendo
3442 1315 3646 1370 scilicet

417 1415 624 1471 “librum
674 1417 728 1470 in
777 1430 886 1486 quo
929 1415 1052 1470 vita:
1096 1413 1238 1468 illius
1269 1410 1494 1466 historia
1523 1409 1847 1464 continetur.
1899 1407 2064 1461 Multa
2111 1407 2308 1477 quippe
2340 1407 2656 1476 prophetico
2685 1406 2817 1460 vidit
2846 1404 3061 1475 spiritu,
3105 1405 3156 1456 in
3189 1404 3386 1472 quibus
3423 1420 3486 1459 ea
3522 1415 3647 1460 sunt

428 1523 552 1578 quae
570 1508 637 1562 de
668 1506 901 1571 Arianis,
935 1515 1038 1560 etc.
1063 1505 1192 1569 Qua:
1221 1502 1391 1571 fusius
1416 1501 1487 1553 ibi
1508 1499 1596 1552 ille
1625 1499 1954 1569 prosequitur
1977 1513 1995 1550 .'
2024 1499 2199 1568 aitque
2225 1497 2429 1550 nullum
2456 1514 2686 1568 unquam
2712 1497 2976 1551 exstitisse
3008 1495 3147 1564 apud
3176 1494 3443 1549 hwreticos
3465 1495 3649 1562 hujus-

415 1598 563 1651 modi
599 1598 787 1652 virum.
821 1597 984 1662 Quem
1010 1604 1182 1649 autent
1209 1594 1293 1646 hic
1322 1600 1574 1645 memorat
1605 1590 1822 1654 librum,
1854 1606 1964 1644 esse
1991 1589 2272 1643 Athanasii
2299 1605 2400 1642 non
2431 1599 2511 1643 est
2536 1588 2791 1651 dubium;
2818 1606 2939 1643 nam
2965 1591 3199 1661 fatentur
3227 1593 3460 1658 sectarii,
3489 1595 3647 1646 etiam

415 1685 736 1740 Damasceni
770 1695 992 1757 tempore
1018 1684 1279 1740 exstitisse
1304 1697 1478 1736 verum
1506 1681 1784 1734 Athanasii
1823 1681 1898 1735 De
1927 1680 2145 1734 Antonii
2169 1678 2288 1734 Vita
2322 1679 2534 1746 librum,
2560 1696 2652 1733 nec
2683 1680 2763 1733 vel
2791 1681 2929 1749 ipsos
2956 1681 3080 1752 puto
3109 1683 3360 1748 dicturos,
3386 1683 3502 1753 jam
3543 1685 3648 1752 fal-

411 1780 630 1848 siﬁcum
658 1779 824 1833 alium
848 1780 1114 1842 edidisse;
1140 1777 1231 1848 qui
1257 1777 1396 1830 enim
1431 1785 1540 1830 tam
1571 1775 1777 1830 modico
1807 1783 1924 1845 post
1949 1775 2299 1828 Athanasium
2333 1783 2560 1843 tempore
2587 1775 2681 1828 hoc
2713 1777 2920 1844 facinus
2951 1791 3221 1845 aggressus
3240 1775 3329 1830 ille
3355 1778 3444 1844 sit,
3480 1777 3558 1830 ita
3588 1787 3645 1831 ut

427 1885 556 1937 opus
583 1871 695 1938 ejus
727 1872 882 1923 etiam
903 1887 1117 1940 magnos
1146 1872 1629 1942 eruditissimosque
1654 1873 1789 1926 viros
1811 1913 1824 1939 ,
1853 1872 2123 1940 ipsumque
2155 1869 2581 1940 Chrysostomum
2626 1871 2680 1923 in
2717 1886 2944 1924 errorem
2985 1870 3274 1925 deduceret.
3312 1870 3481 1925 Porro
3522 1872 3647 1925 visio

412 1963 519 2017 illa
566 1963 630 2017 de
672 1965 886 2017 Arianis
931 1981 1088 2034 quant
1135 1975 1410 2033 memorat,
1452 1966 1546 2019 hoc
1570 1967 1627 2018 in
1659 1982 1808 2035 opere
1843 1972 2112 2030 narratur,
2149 1979 2266 2016 cum
2309 1964 2432 2017 aliis
2462 1980 2577 2033 qua:
2602 1963 2663 2017 de
2692 1965 2988 2033 prophetico
3016 1967 3230 2021 Antonii
3267 1968 3454 2037 spiritu
3499 1967 3647 2021 habet

406 2055 821 2126 Chrysostomus
838 2073 858 2121 ;
888 2074 1004 2127 quae
1033 2067 1206 2113 tamen
1231 2061 1522 2116 adversarii
1551 2061 1606 2113 in
1632 2061 1923 2114 Athanasio
1954 2074 2104 2128 opere
2132 2074 2234 2111 non
2261 2060 2571 2112 admittunt.

489 2147 540 2200 7.
567 2146 809 2215 Ruﬁnus,
844 2148 882 2201 l.
918 2166 934 2202 ι
982 2149 1118 2205 Hist.
1170 2155 1303 2209 eccl.
1334 2169 1450 2222 cap.
1477 2153 1509 2208 8
1543 2172 1554 2207 :
1589 2152 1665 2208 De
1699 2153 1994 2208 virtutibus
2025 2153 2268 2217 Antonii,
2315 2152 2412 2216 ait,
2440 2161 2600 2222 atque
2642 2153 2910 2209 institutis
2936 2167 2990 2212 et
3024 2157 3312 2214 sobrietate
3337 2159 3555 2223 mentis,
3589 2166 3648 2212 ut

407 2241 476 2295 in
526 2242 815 2297 solitudine
855 2243 1017 2297 vitam
1059 2245 1278 2314 degens,
1330 2259 1463 2298 usus
1509 2243 1853 2298 solummodo
1893 2242 1964 2297 sit
1994 2243 2272 2298 consortio
2309 2241 2630 2306 bestiarum,
2665 2252 2720 2296 et
2745 2243 2812 2297 de
2838 2243 3174 2304 daemonibus
3218 2249 3438 2304 crebros
3483 2263 3646 2319 agens

406 2335 748 2405 triumphos,
781 2337 1047 2406 placuerit
1076 2337 1186 2392 Deo
1231 2353 1393 2406 supra
1444 2346 1671 2392 cunctos
1713 2338 2002 2402 mortales,
2033 2346 2198 2407 utque
2218 2337 2574 2392 institutionis
2606 2353 2717 2392 suae
2745 2341 2997 2408 praeclara
3037 2356 3212 2412 usque
3242 2344 3297 2395 in
3324 2340 3643 2394 hodiernum

417 2425 562 2480 diem
605 2429 890 2484 monachis
931 2430 1175 2499 exempla
1210 2429 1509 2498 reliquerit,
1549 2429 1817 2484 volentem
1855 2445 1942 2484 me
1969 2429 2148 2498 aliqua
2180 2445 2472 2500 exponere,
2505 2431 2594 2484 ille
2621 2431 2835 2486 libellus
2857 2435 3109 2502 exclusit,
3135 2435 3228 2505 qui
3255 2436 3323 2489 ab
3347 2433 3644 2487 Athanasio

410 2523 678 2592 scriptus,
715 2525 878 2578 etiam
911 2523 1105 2580 Latino
1137 2539 1388 2580 sermone
1417 2525 1595 2579 editus
1624 2535 1727 2579 est.
1758 2524 1888 2590 Quis
1921 2539 2024 2578 non
2069 2524 2204 2580 videt
2231 2541 2518 2582 memorare
2550 2525 2799 2595 Ruﬁnum
2832 2525 3007 2582 Vitam
3050 2542 3206 2603 quam
3238 2542 3372 2579 nunc
3399 2523 3645 2578 habemus

403 2629 534 2668 cum
561 2614 755 2669 Latina
778 2615 991 2686 Evagrii
1018 2617 1285 2670 versione?

487 2711 542 2765 8.
584 2712 931 2782 Augustinus,
964 2712 1210 2768 Confess.
1243 2713 1332 2766 lib.
1355 2727 1475 2778 vm,
1511 2728 1623 2781 cap.
1665 2713 1750 2779 15,
1778 2712 2038 2782 prwclara
2061 2713 2215 2768 habet
2247 2713 2308 2768 de
2339 2715 2592 2779 Antonio,
2619 2715 2860 2786 longiora
2891 2723 3068 2769 autem
3097 2729 3253 2783 quant
3283 2712 3448 2784 628
3479 2721 3537 2765 ut
3560 2731 3642 2768 mc

405 2807 745 2875 offerantur:
776 2825 945 2877 pauca
983 2822 1378 2876 ,excerpamus:
1415 2807 1778 2877 Stupebamus
1821 2816 2022 2871 autem,
2071 2809 2168 2871 ait,
2198 2809 2478 2864 audientes
2511 2817 2617 2863 tam
2649 2810 2852 2864 recenti
2902 2808 3196 2873 memoria,
3233 2823 3397 2877 prope
3441 2808 3644 2862 nostris

409 2901 749 2970 temporibus
775 2901 1125 2956 testatissima
1157 2900 1425 2953 mirabilia
1458 2908 1547 2954 tua
1582 2900 1634 2953 in
1671 2899 1774 2954 ﬁde
1798 2908 1943 2955 recta
1980 2909 2036 2955 et
2072 2902 2336 2956 catholica
2384 2903 2644 2958 Ecclesia.
2687 2901 2886 2959 Omnes
2923 2904 3276 2966 mirabamur,
3306 2912 3358 2958 et
3381 2919 3481 2958 nos
3517 2905 3644 2974 quia

409 2999 526 3045 tam
549 3005 740 3061 magna
769 2999 926 3045 erant
948 3000 1001 3045 et
1034 2993 1121 3046 ille
1151 2995 1536 3066 (Pontilianus)
1568 2996 1695 3066 quia
1725 2996 1963 3051 inaudita
1999 2997 2154 3053 nobis
2181 3007 2354 3061 erant,
2391 3007 2493 3053 etc.
2528 2997 2598 3051 Et
2624 3016 2739 3067 cap.
2775 2998 2874 3054 l9:
2904 2999 3144 3069 Surgunt
3172 2999 3371 3053 indocti
3406 2999 3490 3068 (de
3537 3000 3645 3052 An-

415 3081 561 3134 tonio
592 3081 824 3152 loquens)
863 3091 916 3136 et
943 3085 1138 3139 ccelum
1167 3088 1406 3157 rapiunt,
1431 3095 1484 3140 et
1505 3101 1605 3141 nos
1635 3101 1760 3141 cum
1805 3087 2066 3142 doctrinis
2107 3088 2307 3142 nostris
2344 3089 2460 3143 sine
2487 3090 2669 3154 corde,
2700 3104 2824 3144 ecce
2864 3089 2954 3143 ubi
2991 3090 3290 3144 volutamur
3319 3090 3372 3143 in
3397 3103 3561 3144 carne
3592 3094 3644 3142 et

408 3172 696 3241 sanguine.
722 3173 850 3238 Qua:
876 3174 946 3228 ibi
981 3175 1094 3228 vide
1119 3174 1253 3230 lectu
1273 3193 1397 3230 sane
1424 3177 1756 3246 dignissima.
1794 3175 1862 3229 Et
1897 3193 2012 3244 cap.
2041 3177 2112 3230 28
2140 3193 2153 3230 :
2186 3176 2478 3231 Audieram
2521 3178 2666 3231 enim
2704 3176 2771 3230 de
2793 3175 3047 3245 Antonio,
3074 3179 3212 3248 quod
3244 3194 3308 3232 ex
3338 3177 3643 3244 evangelica

411 3259 645 3317 lectione
670 3264 758 3317 cui
779 3262 916 3319 forte
942 3273 1344 3333 supervenerat,
1371 3264 1678 3318 admonitus
1706 3263 1886 3330 fuerit,
1917 3271 2175 3332 tanquam
2209 3264 2312 3318 sibi
2343 3265 2612 3320 diceretur
2632 3307 2647 3332 ,
2686 3265 2831 3334 quod
2860 3266 3135 3336 legebatur
3163 3285 3174 3321 :
3217 3287 3234 3318 ι
3276 3267 3438 3332 Vade,
3474 3266 3643 3321 vende

415 3358 599 3412 omnia
627 3374 748 3428 quae
776 3361 963 3429 habes,
988 3370 1042 3416 et
1067 3363 1130 3416 da
1161 3361 1510 3431 pauperibus,
1546 3369 1600 3417 et
1629 3360 1853 3416 habebis
1887 3361 2204 3414 thesaurum
2238 3359 2292 3414 in
2319 3361 2491 3427 etelis,
2515 3371 2567 3415 et
2599 3361 2743 3423 veni,
2772 3376 2996 3431 sequere
3019 3376 3126 3429 me,
3157 3379 3176 3412 ι
3219 3370 3272 3416 ct
3307 3361 3400 3415 tali
3423 3360 3642 3415 oraculo

408 3448 698 3532 confestim
726 3453 791 3507 ad
821 3461 872 3508 te
901 3469 1020 3510 esse
1049 3470 1387 3511 conversum.
1420 3456 1550 3521 Qua:
1579 3456 1842 3524 ipsissima
1870 3465 1992 3509 sunt
2024 3472 2139 3526 qua:
2160 3466 2447 3510 narrantur
2478 3474 2622 3511 nunt.
2650 3456 2702 3511 2.

485 3541 538 3597 9.
564 3540 713 3596 Idem
739 3545 1058 3615 Augustinus
1083 3548 1136 3599 in
1164 3546 1376 3616 prologo
1406 3546 1480 3601 De
1503 3546 1747 3601 doctrina
1771 3546 2116 3600 Christiana:
2144 3545 2540 3610 Recordentur,
2567 3549 2663 3614 ait,
2688 3562 2745 3602 se
2771 3556 2948 3602 tamen
2974 3562 3068 3616 per
3091 3548 3336 3603 homines
3365 3547 3639 3612 didicisse,

416 3635 504 3690 vel
534 3635 764 3701 litteras,
791 3655 891 3694 nec
923 3649 1205 3710 propterea
1245 3641 1347 3696 sibi
1382 3642 1450 3695 ab
1472 3641 1708 3695 Antonio
1742 3649 1931 3696 sancto
1956 3649 2009 3696 et
2031 3639 2268 3709 perfecto
2296 3641 2412 3695 viro
2443 3641 2696 3712 [Egyptio
2725 3640 2991 3696 monacho
3025 3639 3271 3693 insultari
3308 3638 3523 3705 debere,
3551 3638 3640 3708 qui

408 3726 533 3782 sine
563 3729 669 3783 ulla
701 3731 923 3786 scientia
962 3733 1263 3789 litterarum
1297 3735 1605 3805 Scripturas
1632 3736 1866 3797 divinas,
1898 3743 1951 3789 et
1982 3736 2292 3790 memoriter
2331 3736 2600 3792 audiendo
2650 3737 2907 3800 tenuisse,
2941 3742 2995 3788 et
3022 3733 3314 3803 prudenter
3354 3734 3640 3804 cogitando

414 3816 747 3873 intellexisse
783 3822 1128 3889 praedicatur.
1163 3825 1240 3878 De
1265 3841 1364 3894 quo
1395 3824 1677 3894 Augustini
1710 3824 1822 3878 loco
1850 3825 2070 3891 inferius
2095 3825 2324 3894 agimus.

489 3913 575 3966 10.
602 3914 884 3983 Paulinus,
901 3906 1113 3988 prologo
1136 3921 1203 3973 ad
1227 3918 1402 3972 Vitam
1428 3919 1882 3974 sanctiAmbrosii
1908 3937 1921 3973 :
1950 3917 2213 3985 Hortaris,
2241 3921 2339 3986 ait,
2364 3920 2682 3976 venerabilis
2703 3921 2862 3978 Pater
2895 3923 3212 3994 Augustine,
3241 3935 3300 3979 ut
3333 3924 3472 3980 sicut
3497 3925 3636 3981 beati

412 4008 537 4074 viri,
563 4008 895 4066 Athanasius
916 4015 1200 4085 episcopus
1220 4024 1271 4070 et
1298 4014 1658 4086 Hieronymus
1685 4015 1986 4084 presbyter,
2015 4014 2153 4084 stylo
2184 4015 2459 4085 prosecuti
2484 4026 2612 4072 sunt
2646 4015 2820 4071 Vitam
2845 4028 3152 4074 sanctorum
3176 4017 3326 4074 Pauli
3353 4027 3406 4074 et
3419 4019 3636 4074 Antonii

412 4101 471 4150 in
507 4111 691 4153 eremo
723 4101 1048 4168 positorum.

482 4219 569 4274 11.
599 4217 884 4278 Palladius
921 4225 977 4278 in
1009 4224 1246 4281 Historia
1272 4225 1558 4291 Lausiaca,
1598 4243 1642 4280 c.
1669 4226 1722 4293 8,
1754 4227 1817 4280 de
1843 4226 2048 4281 Ammut

2073 4244 2099 4281 e
2129 4244 2148 4282 :
2172 4227 2371 4281 Τούτου
2409 4226 2593 4298 θαῦμα
2628 4228 2924 4300 διηγήσατο
2955 4230 2984 4282 6
3023 4229 3288 4302 μακάριος
3328 4230 3634 4294 Ἀθανάσιος

408 4312 774 4380 ὸὲπίσκοπος,
809 4319 1024 4390 γράψας
1055 4322 1134 4384 εἰς
1166 4321 1254 4374 τὸν
1283 4323 1409 4393 περὶ
1446 4321 1729 4375 Ἀντωνίου
1767 4321 1896 4392 βίον,
1926 4322 2027 4387 ὅτι,
2070 4321 2438 4394 παρέρχεσθαι
2470 4338 2601 4375 ποτε
2656 4322 2865 4392 μέλλων
2905 4324 2995 4377 τὸν
3033 4323 3206 4377 Λύκον
3249 4324 3491 4394 ποταμὸν
3524 4325 3637 4393 ἅμα

410 4407 668 4482 Θεοδώρῳ
702 4413 912 4486 μαθητῇ
937 4416 1120 4484 αὐτοῦ,
1154 4418 1429 4471 εὐλαϐεῖτο
1455 4417 1843 4482 ἀποδύσασθαι,
1869 4419 1955 4470 ἵνα
1992 4419 2065 4488 μὴ
2089 4418 2292 4488 γυμνὸν
2321 4417 2513 4472 ἑαυτὸν
2543 4417 2627 4489 ἴδῃ
2645 4417 2774 4471 ποτέ
2790 4436 2803 4449 ο
2835 4420 2928 4472 καὶ
2954 4423 3012 4471 ὲν
3049 4418 3124 4490 τῷ
3150 4419 3426 4490 διαπορεῖν
3451 4419 3630 4484 αὐτὸν,

410 4501 493 4564 εἰς
514 4503 575 4556 τὸ
603 4505 772 4576 πέραν
800 4509 993 4581 εὑρέθη
1030 4511 1122 4564 τοῦ
1161 4512 1423 4583 ποταμοῦ,
1457 4512 1532 4575 ὡς
1568 4514 1624 4564 ὲν
1653 4512 1908 4565 ἐκστάσει
1941 4514 2185 4583 περάσας
2217 4512 2341 4583 δίχα
2364 4513 2631 4586 πορθμοῦ,
2667 4514 2772 4567 ὑπὸ
2805 4515 3050 4583 ἀγγέλων
3105 4515 3466 4587 μετενεχθείς.
3502 4514 3631 4569 Ben

411 4596 607 4652 miram
640 4600 706 4656 de
743 4600 836 4656 illo
879 4606 1119 4660 narravit
1146 4605 1475 4662 Athanasius
1521 4608 1830 4676 episcopus,
1871 4606 2049 4660 Vitam
2087 4607 2435 4663 conscribens
2480 4607 2720 4675 Antonii,
2755 4609 2898 4678 quod
2937 4625 3059 4664 cum
3116 4611 3445 4666 transiturus
3494 4619 3637 4664 esset

413 4691 619 4765 Lycum
643 4695 864 4753 ﬂuvium
887 4715 1009 4755 cum
1030 4701 1312 4757 Theodoro
1334 4703 1602 4772 discipulo
1631 4719 1751 4768 suo,
1774 4713 2162 4772 verereturque
2197 4703 2520 4758 vestimenta
2552 4719 2769 4770 exuere,
2788 4719 2855 4759 ne
2873 4718 2993 4760 sese
3025 4703 3229 4758 nudum
3262 4701 3631 4772 conspiceret:

408 4804 533 4846 cum
555 4797 750 4851 anxius
789 4807 952 4860 esset,
983 4812 1102 4852 sese
1146 4807 1296 4853 trans
1316 4798 1534 4852 ﬂuvium
1568 4801 1853 4866 reperisse,
1889 4798 2045 4869 quasi
2071 4800 2127 4853 in
2159 4798 2362 4855 exstasi
2397 4798 2601 4869 absque
2625 4798 2824 4870 scapha
2865 4799 3187 4869 traiecisset,
3232 4797 3529 4852 translatus
3566 4795 3634 4850 ab

406 4881 632 4950 angelis.
659 4882 830 4948 Quam
859 4884 1136 4939 historiam
1164 4885 1320 4939 habes
1349 4888 1401 4939 in
1431 4887 1525 4939 hoc
1554 4903 1726 4956 opere.

478 4996 564 5052 12.
606 4998 870 5064 Socrates,
897 5002 1029 5055 libro
1055 5017 1092 5068 ι,
1121 5019 1236 5072 cap.
1265 5003 1327 5056 2|
1363 5021 1376 5056 :
1406 5003 1614 5067 Ὀποῖος
1644 5003 1700 5056 δὲ
1727 4998 1795 5074 ἦν
1831 5005 1921 5056 ἐπὶ
1953 5003 2044 5057 τῶι

2085 5003 2263 5059 αὐτῶν
2291 5007 2496 5077 χρόνων
2522 5007 2614 5060 καὶ
2649 5008 2676 5059 6
2700 5006 2927 5078 μοναχὸς
2959 5003 3240 5068 Ἀντώνιος
3261 5003 3317 5055 ἒν
3341 5004 3408 5074 τῇ
3439 5001 3629 5074 ἐρήμῳ

403 5091 506 5162 τῆς
537 5093 834 5162 Αἰγύπτου,
855 5094 930 5159 ὡς
960 5096 1207 5166 φανερῶς
1235 5098 1347 5160 τοῖς
1367 5097 1612 5167 δαίμοσιν
1642 5099 2000 5153 ἀντεπάλαιεν
2019 5139 2033 5164 ,
2075 5099 2412 5169 ὲφευρίσκων
2452 5117 2510 5152 τε
2553 5100 2738 5164 ἁπλῶς
2785 5100 2884 5163 τὰς
2909 5099 3102 5170 τέχνας
3140 5095 3319 5151 αὐτῶν
3371 5094 3464 5148 καὶ
3506 5095 3631 5157 τοὺς

405 5184 622 5251 ἄθλους,
655 5187 750 5240 καὶ
769 5187 917 5252 ὅπως
941 5189 1109 5241 πολλὰ
1139 5190 1311 5243 ἐποίει
1353 5191 1639 5262 τεράστια,
1681 5193 1933 5264 περιττὸν
1962 5193 2139 5261 λέγειν
2159 5195 2321 5264 ’ἡμᾶς
2341 5211 2355 5224 ο
2383 5194 2583 5262 ἔφθασε
2623 5195 2729 5267 γὰρ
2787 5195 3100 5257 Ἀθανάσιος
3134 5195 3164 5246 6
3227 5188 3632 5261 Ἀλεξανδρείας

407 5274 720 5342 ἐπίσκοπος,
752 5279 1063 5349 μονύϐιϐλον
1087 5283 1167 5345 εἰς
1188 5269 1472 5336 τὸνάύτοῦ
1509 5282 1622 5352 βίον
1653 5284 1965 5354 ἐκθέμενος.

2062 5286 2186 5340 ralis
2217 5287 2270 5340 in
2296 5287 2586 5342 solitudine
2614 5287 2831 5358 tEgypti
2872 5287 3035 5342 fuerit
3074 5286 3264 5341 iisdem
3292 5284 3628 5354 temporibus

406 5369 676 5428 Antonius
706 5376 1030 5440 monachus,
1067 5377 1160 5446 qui
1188 5393 1311 5432 cum
1343 5370 1682 5433 daemonibus
1713 5380 1891 5447 palam
1917 5380 2215 5445 dimicavit,
2257 5391 2408 5436 astus
2432 5397 2621 5436 eorum
2657 5392 2820 5452 atque
2850 5381 3078 5436 insidias
3108 5394 3297 5434 omnes
3322 5376 3628 5446 deprehen-

409 5463 575 5529 dens;
615 5474 672 5521 et
699 5475 760 5521 ut
789 5468 956 5523 multa
985 5469 1231 5539 prodigia
1273 5486 1338 5526 ac
1377 5463 1640 5526 miﬁcula
1671 5471 1938 5539 ediderit,
1988 5473 2322 5543 superﬂuum
2378 5475 2512 5528 mihi
2541 5475 2753 5529 videtur
2791 5487 3238 5531 commemorare.
3289 5471 3628 5525 Athanasius

407 5555 606 5625 quippe
639 5557 979 5616 Alexandriae
997 5561 1287 5631 episcopus
1315 5563 1522 5632 jamdiu
1552 5564 1754 5618 librum
1791 5580 1958 5617 unum
2004 5565 2069 5618 de
2094 5566 2200 5618 vita
2235 5565 2383 5620 illius
2416 5565 2760 5636 conscripsit.
2799 5565 2946 5619 Idem
3003 5563 3066 5618 de
3112 5564 3368 5616 Ammune
3412 5560 3628 5630 loquens

408 5642 680 5709 monacho,
710 5645 810 5712 ait,
835 5647 1037 5700 Τούτου
1066 5647 1159 5700 τοῦ
1198 5649 1439 5718 Ἀμμοῦν
1475 5649 1570 5720 τὴν
1613 5649 1789 5720 ψυχὴν
1840 5650 1975 5721 μετὰ
2015 5644 2241 5706 θάνατον
2289 5653 2808 5727 ἀναλαμϐανομένην
2839 5655 2942 5708 ὑπὸ
2979 5654 3223 5723 ἀγγέλων
3255 5652 3284 5704 6
3314 5651 3436 5706 κατ’
3467 5649 3630 5702 αὑτὸν

410 5729 608 5803 βιώσας
641 5733 916 5801 Ἀντώνιος
945 5738 1218 5809 ἐθεάσατο,
1253 5739 1326 5802 ὥς
1355 5744 1592 5815 φησιν-ὲν
1619 5743 1694 5812 τῷ
1724 5743 1840 5808 Βίῳ
1885 5742 2050 5797 αὑτοῦ
2082 5745 2109 5796 6
2135 5744 2231 5816 τῆς
2273 5745 2673 5818 Ἀλεξανδρείας
2724 5749 3017 5811 ἐπίσκοπος
3067 5745 3395 5808 ’Λθανάσιοςκ
3459 5741 3631 5813 "llius
