3966 6226
319 335 426 396 89.9
1379 339 1543 397 VITA
1582 340 1639 396 S.
1681 342 1986 398 ANTONII.
2028 373 2098 383 —
2138 341 2452 398 MONITUM
3439 354 3546 409 850

317 457 602 514 Ammunis
631 456 877 514 animam
901 468 1023 528 post
1053 470 1260 514 omtum
1296 459 1364 515 ab
1396 461 1599 531 angelis
1627 461 1826 527 etl‘erri,
1852 462 2138 530 Antonius,
2170 463 2264 534 qui
2315 463 2503 519 iisdem
2529 461 2744 518 vivebat
2784 465 3161 536 temporibus,’
3192 469 3366 540 vidit;
3407 470 3546 528 sicut

317 554 372 609 in
394 553 514 624 ejus
558 553 675 607 lita
703 563 887 609 narrat
916 553 1245 612 Athanasius
1289 555 1691 613 Alexandrinus
1725 559 2033 630 episcopus.

389 665 704 724 Sozomenus
739 667 872 722 libro
901 684 938 734 ι,
967 648 1082 739 cap.
1114 670 1200 736 l5,
1245 669 1381 726 Vita:
1406 672 1624 728 Antonii
1660 675 2020 742 compendium
2045 677 2269 730 adornat
2299 694 2362 730 ea:
2420 680 2513 731 hoc
2570 678 2714 731 haud
2747 677 2905 733 dubie
2938 680 3073 736 libro
3110 694 3427 754 excerptum,
3460 687 3549 746 ubi

317 774 419 811 non
457 759 609 810 modo
634 773 736 822 res,
764 758 851 810 sed
877 759 1035 811 etiam
1067 760 1282 829 integrae
1319 765 1588 818 sententia:
1631 763 1751 817 hinc
1796 767 2193 834 depromuntur,
2227 777 2284 820 ut
2322 768 2536 838 quisque
2571 768 2741 822 videat
2765 785 2784 822 :
2823 771 2963 840 quod
2995 781 3170 826 autem
3203 776 3442 844 quasdam
3475 777 3548 832 ibi

313 857 629 902 enarrantur
650 863 768 918 qua:
787 864 1043 918 nusquam
1065 860 1362 918 comparent
1394 853 1534 922 apud
1552 853 1924 922 Athanasium,
1951 856 2077 926 quid
2109 857 2321 925 mirum,
2350 875 2468 911 cum
2498 867 2742 922 testatur,
2771 860 2882 928 ipse
2901 878 2956 914 se
2985 862 3257 916 minimam
3283 873 3544 935 gestorum

317 938 532 992 Antonii
581 947 785 1008 partem
830 951 1173 993 narraturum
1200 955 1220 993 :
1253 941 1589 1014 horteturque
1635 945 1917 1001 monachos
1971 955 2029 1000 ut
2082 949 2416 1002 sciscitentur
2438 966 2472 1003 a
2499 951 2702 1017 multis,
2737 968 2799 1005 ac
2841 962 2979 1005 certo
3005 953 3173 1006 sciant
3198 970 3252 1008 se
3283 971 3544 1026 nunquam

315 1031 494 1085 omnia
520 1029 664 1084 illius
697 1029 1036 1084 memoranda
1066 1038 1211 1099 gesta
1241 1031 1517 1087 audituros
1541 1035 1567 1087 ἲ

383 1153 472 1209 14.
509 1154 705 1208 Auctor
733 1149 869 1206 Vitae
891 1152 1063 1206 sancti
1112 1150 1394 1207 Pachomii
1425 1153 1518 1208 sub
1540 1155 1752 1209 initium
1777 1170 1796 1207 :
1842 1157 1948 1210 Τοῦ

1985 1156 2094 1229 γὰρ
2139 1158 2582 1228 ἀσκητικωτάτου
2634 1159 2727 1212 καὶ
2773 1159 2986 1230 ἀληθῶς
3032 1161 3284 1232 ἐναρέτου
3333 1162 3543 1234 Ιιατρὺς

314 1247 468 1319 ἡμῶν
512 1246 792 1301 Ἀντωνίου
821 1241 1056 1308 τοιοῦτος
1082 1239 1149 1314 ἦν
1174 1247 1202 1298 ὁ
1231 1245 1364 1316 βίος,
1405 1248 1481 1312 ὡς
1503 1248 1530 1300 ὁ
1551 1249 1643 1302 τοῦ
1676 1250 1910 1320 μεγάλου
1958 1251 2158 1316 Ἡλίου,
2195 1253 2289 1306 καὶ
2330 1254 2650 1320 Ἐλισσαίου,
2689 1256 2780 1308 καὶ
2815 1257 3061 1310 Ἰωάννου
3094 1258 3186 1312 τοῦ
3216 1259 3542 1323 Βαπτιστοῢ,

313 1337 494 1403 καθὼς
524 1338 616 1392 ml.
644 1337 934 1408 ἐγγράφως
959 1337 1227 1406 μαρτυρεῖ
1255 1339 1384 1408 περὶ
1417 1338 1580 1392 αὑτοῦ
1611 1341 1749 1410 μετὰ
1777 1341 1874 1412 τὴν
1900 1341 2152 1413 τελευτὴν
2187 1344 2214 1395 ὁ
2251 1340 2550 1411 ἁγιώτατος
2599 1345 3025 1416 ἀρχιεπίσκοπος
3070 1349 3403 1413 Ἀθανάσιος,
3450 1351 3545 1403 καὶ

310 1430 407 1500 τὴν
438 1429 608 1500 αὐτὴν
635 1426 905 1498 διαγωγὴν
930 1424 1064 1496 ὁμοῦ
1089 1424 1331 1496 δηλώσας
1353 1427 1446 1481 τοῦ
1481 1428 1636 1496 ἁγίου
1667 1430 1880 1501 Πατρὸς
1903 1430 2124 1502 Ἀμοῦν,
2151 1432 2606 1503 ἀρχιμονάζοντος
2635 1435 2692 1487 ἐν
2724 1436 2801 1506 τῷ
2833 1439 2946 1512 ὄρει
2976 1442 3080 1511 τῆς
3125 1443 3172 1496 Ν
3181 1443 3356 1514 ιτρίας
3389 1443 3542 1497 ἀδελ-

312 1521 447 1590 φῶν,
476 1522 569 1575 καὶ
601 1521 696 1575 σὺν
729 1520 876 1592 αὑτῷ
902 1520 1197 1593 Θεοδώρου.
1230 1521 1482 1578 Praeclari
1509 1524 1708 1579 etenim
1735 1536 1878 1581 ascet

1975 1536 2027 1581 et
2055 1543 2183 1583 vere
2209 1528 2503 1584 virtutibus
2532 1529 2717 1584 eximii
2739 1531 2916 1590 Patris
2943 1538 3116 1592 nostri
3147 1538 3390 1603 Antonii,
3421 1537 3541 1594 talis

315 1615 417 1672 vita
433 1614 538 1670 fuit
561 1615 738 1685 qualis
751 1615 932 1685 magni
948 1615 1094 1701 Elige,
1113 1616 1600 1675 ElisaeietJoannis
1630 1619 1901 1691 Baptistae,
1927 1622 2064 1676 utin
2096 1623 2214 1692 ejus
2242 1621 2508 1694 Vita‘post
2525 1633 2751 1680 mortem
2771 1627 2942 1697 ipsius
2959 1632 3157 1701 scripta
3175 1641 3398 1687 testatur
3412 1648 3542 1687 san-
3570 1676 3573 1677 ν

311 1710 584 1767 ctissimus
609 1692 1049 1781 archiepiscopus
1059 1711 1385 1769 Athanasius
1408 1731 1422 1767 :
1443 1713 1534 1770 ubi
1557 1714 1622 1771 de
1645 1716 1752 1771 vita
1777 1716 1904 1772 item
1927 1716 2212 1773 Ammunis
2235 1719 2344 1790 agit
2369 1721 2755 1776 monachorum
2781 1722 3020 1793 praefecti
3051 1724 3106 1779 in
3131 1731 3315 1779 monte
3335 1723 3538 1782 Nitriae.

315 1813 417 1856 nec
442 1815 550 1856 non
576 1799 643 1856 de
668 1799 974 1858 Theodoro.

382 1914 468 1970 15.
495 1913 725 1972 Joannes
774 1914 1150 1986 Damascenus,
1185 1930 1321 1978 orat.
1386 1924 1408 1979 Ι
1457 1921 1532 1980 De
1580 1923 1904 1998 imaginibus
1944 1946 1957 1982 :
1995 1924 2482 1995 Quemadmodum,
2533 1930 2633 1994 ait,
2677 1932 2882 1989 scimus
2930 1933 3149 1990 beatum
3182 1934 3539 1990 Athanasium

311 2015 626 2094 sanctorum
679 2009 935 2080 reliquias
976 2029 1086 2070 non
1132 2002 1185 2072 in
1217 2019 1370 2075 urnis
1401 2021 1767 2087 collocandas,
1803 2022 1894 2078 sed
1928 2023 2080 2077 humi
2119 2024 2449 2090 condendas,
2472 2039 2537 2079 eo
2571 2026 2798 2081 consilio
2826 2028 3124 2094 censuisse,
3151 2038 3209 2084 ut
3243 2028 3539 2084 absurdum

313 2093 689 2187 Egyptiorum
705 2113 925 2187 _moretn
956 2101 1260 2174 abrogaret,
1295 2106 1387 2176 qui
1419 2115 1666 2162 mortuos
1703 2122 1834 2164 suos
1871 2125 1978 2164 non
2005 2110 2107 2165 sub
2147 2120 2288 2166 terra
2328 2113 2652 2179 condebant,
2678 2117 2771 2171 sed
2817 2117 2872 2171 in
2901 2093 3118 2173 lectulis
3137 2125 3192 2172 et
3223 2117 3541 2187 scimpodiis

308 2183 665 2239 collocabant.
691 2183 762 2240 Et
788 2187 842 2240 in
880 2186 1114 2245 Historia
1160 2191 1427 2248 Barlaami
1468 2204 1524 2250 et
1569 2194 1874 2266 Josapbati,
1908 2214 1956 2252 c.
1993 2199 2102 2254 57:
2137 2200 2214 2255 Ac
2248 2202 2478 2272 denique
2510 2203 2778 2272 ingentem
2809 2206 2862 2260 in
2899 2207 3068 2276 ipsius
3097 2207 3303 2274 animo,
3348 2183 3540 2276 quem-

307 2274 602 2329 admodum
632 2274 867 2344 quodam
900 2278 1020 2333 loco
1057 2281 1124 2337 de
1149 2299 1344 2355 magno
1367 2287 1602 2342 Antonio
1625 2288 1895 2357 proditum
1926 2298 2027 2357 est,
2057 2291 2445 2361 cogitationum
2472 2295 2750 2364 pulverem
2772 2274 3170 2354 commovebat.
3205 2274 3536 2353 Prior—locus

305 2368 497 2441 legitur
532 2370 626 2424 sub
652 2371 828 2441 ﬁnem.
856 2372 1002 2428 Alter
1031 2375 1160 2445 ipsis
1191 2379 1357 2433 verbis
1397 2396 1540 2435 num.
1577 2381 1632 2435 5.

377 2484 466 2540 IV.
491 2485 660 2540 Plura
689 2487 913 2556 proferri
942 2501 1147 2559 possent
1177 2492 1405 2549 Patrum
1449 2496 1588 2562 loca,
1624 2499 1714 2552 sed
1753 2499 2033 2572 plusquam
2063 2501 2197 2555 satis
2230 2500 2341 2556 haec
2375 2511 2519 2558 sunt.
2565 2502 2908 2572 Ecquodnam
2940 2505 3225 2560 Athanasii
3263 2521 3392 2574 opus
3418 2519 3540 2574 ger-

308 2594 520 2631 manum
552 2577 731 2646 fuerit,
761 2580 807 2632 si
830 2582 1066 2649 spurium
1101 2586 1243 2638 istud
1275 2589 1592 2643 concedatur
1613 2607 1632 2644 :
1666 2592 1816 2658 cujus
1847 2593 2137 2646 auctoritas
2170 2601 2245 2646 tot
2289 2591 2539 2660 Patrum,
2579 2604 2631 2650 et
2678 2597 2888 2666 quidem
2934 2597 3220 2651 multorum
3248 2596 3541 2650 Athanasio

307 2669 589 2738 aequalium
621 2671 914 2724 testimonio
943 2671 1192 2740 ﬁrmatur
1216 2677 1241 2728 .9
1268 2676 1336 2730 Et
1365 2679 1502 2748 quod
1529 2696 1730 2734 omnem
1756 2682 2017 2736 dimoveat
2044 2683 2392 2751 suspicionem
2419 2684 2566 2740 adest
2600 2685 2816 2757 Evagrii
2848 2687 3037 2748 versio,
3062 2702 3222 2757 quam
3249 2685 3330 2739 vel
3353 2700 3540 2754 super-

306 2765 447 2827 stite,
472 2763 550 2817 vel
577 2762 718 2842 hqud
749 2763 842 2816 diu
868 2772 1071 2818 mortuo
1097 2766 1409 2834 Athanasio,
1441 2779 1646 2824 constat
1673 2789 1782 2826 esse
1811 2775 2085 2843 scriptam.
2123 2775 2563 2831 Adversariorum
2584 2780 2910 2848 argumentis
2940 2778 3096 2849 plane
3131 2777 3408 2832 levissimis
3423 2775 3542 2846 jant

311 2867 675 2906 occurramus.

385 2944 540 2997 Aiunt
569 2959 679 2996 esse
719 2950 1062 2996 commentum
1107 2941 1296 3016 insulsi
1336 2943 1559 2998 hominis
1599 2947 1689 3014 qui
1716 2947 1916 3017 insigne
1948 2947 2297 3015 mendacium,
2330 2950 2532 3022 insigne
2577 2962 2814 3007 scortum
2840 2955 3062 3009 ediderit
3090 2971 3108 3010 :
3140 2954 3209 3008 ad
3235 2969 3352 3022 qua:
3380 2959 3430 3006 et
3466 2967 3542 3006 st-

304 3038 455 3094 milia
479 3036 697 3093 Sculteti
721 3046 872 3107 atque
902 3034 1370 3114 Rivetimaledicta
1399 3039 1494 3092 hoc
1521 3056 1682 3093 unum
1710 3057 2033 3111 reponemus.
2059 3041 2234 3114 Longe
2255 3045 2412 3099 aliter
2448 3047 2673 3101 sensisse
2699 3063 2874 3104 omnes
2899 3053 2989 3120 qui
3016 3051 3081 3105 ab
3110 3049 3390 3104 Athanasii
3414 3056 3544 3102 tem-

307 3152 432 3209 pore
458 3136 704 3192 exstitere
733 3135 942 3199 Patres,
974 3144 1129 3206 atque
1153 3153 1215 3190 ea
1243 3137 1326 3190 hic
1354 3137 1456 3208 legi
1480 3138 1802 3194 Christiana:
1821 3149 1873 3195 et
1904 3144 2207 3198 monasticaz
2237 3144 2356 3199 vita:
2387 3145 2703 3202 documenta
2722 3186 2738 3214 ,
2766 3163 2885 3218 quae
2919 3145 3148 3217 prudens
3182 3141 3540 3205 Christianus,

305 3229 501 3286 nedum
541 3235 864 3297 aspernetur,
901 3235 958 3279 ut
985 3223 1243 3295 prteclara
1277 3225 1397 3278 vita:
1424 3225 1756 3283 instituenda
1778 3240 2036 3300 prtecepta
2059 3233 2303 3301 amplecti
2328 3233 2530 3290 debeat.

373 3323 497 3380 Non
518 3323 697 3378 haberi
722 3323 845 3376 item
877 3322 1058 3375 dicunt
1089 3322 1395 3375 monasticae
1422 3321 1541 3375 vita:
1573 3322 1731 3393 leges,
1766 3341 1897 3395 quas
1931 3324 2304 3382 Nazianzenus
2327 3329 2510 3383 scribit
2538 3330 2893 3386 Athanasium
2926 3328 3021 3383 sub
3045 3327 3368 3382 narrationis
3401 3339 3542 3394 prm-

307 3427 452 3474 tactu
473 3415 696 3472 voluisse
722 3413 1074 3484 promulgare.
1117 3411 1220 3465 Sed
1251 3410 1624 3466 Nazianzenus
1667 3414 1781 3468 loco
1826 3416 2063 3484 superius
2104 3433 2137 3470 a
2170 3416 2319 3472 nobis
2351 3419 2519 3474 allato
2554 3421 2610 3474 id
2647 3421 2820 3475 solum
2857 3421 3056 3486 innuit,
3095 3419 3320 3475 Antonii
3361 3416 3543 3474 Vitam

308 3514 374 3567 ab
407 3511 698 3566 Athanasio
743 3508 996 3576 scriptam
1037 3503 1340 3558 monasticae
1390 3503 1511 3557 vita:
1541 3521 1780 3559 normam
1807 3522 1935 3572 esse,
1961 3509 2098 3577 quod
2145 3525 2272 3564 sane
2315 3511 2434 3565 huic
2481 3512 2672 3581 optime
2724 3514 2996 3569 convenire
3032 3513 3168 3567 nulli
3201 3529 3304 3568 non
3333 3509 3543 3580 conspi-

307 3620 464 3660 cuum
497 3609 595 3658 est.

377 3694 614 3750 Narrant
638 3692 800 3747 etiam
832 3689 944 3754 alii,
977 3689 1053 3742 ait
1078 3687 1310 3752 Rivetus,
1335 3689 1628 3744 Antonium
1657 3698 1993 3746 causndtcum
2041 3693 2213 3750 fuisse
2260 3705 2314 3750 et
2363 3698 2518 3753 valde
2561 3699 2801 3755 doctum.
2833 3711 2903 3756 At
2948 3700 3350 3757 commentitius
3378 3697 3546 3770 629

307 3797 499 3844 auctor
524 3787 626 3840 iste
656 3783 787 3838 dicit
813 3797 936 3837 eum
965 3781 1244 3835 indoctum
1276 3778 1446 3834 fuisse
1477 3788 1532 3834 et
1570 3779 1873 3835 litterarum
1899 3783 2233 3853 imperitum.
2265 3786 2322 3840 Id
2357 3787 2573 3857 quidem
2618 3805 2808 3845 verum
2856 3798 2940 3846 est
2971 3789 3262 3860 Augustini
3301 3797 3545 3857 tempora

304 3883 568 3953 jactatum
596 3876 782 3931 fuisse.
807 3872 1102 3928 Antonium
1130 3871 1282 3925 illum
1308 3871 1426 3926 sine
1455 3870 1564 3924 ulla
1591 3871 1816 3925 scientia
1853 3871 2152 3928 litterarum
2203 3874 2514 3944 Scripturas
2543 3877 2756 3934 divinas
2810 3889 2864 3934 et
2917 3878 3231 3934 memoriter
3273 3876 3548 3932 audiendo

310 3969 552 4026 tenuisse
574 3976 629 4022 et
657 3964 947 4036 prudenter
978 3960 1263 4032 cogitando
1294 3959 1644 4014 intellexisse.
1673 3958 1862 4015 Simile
1886 3962 2053 4017 etiam
2081 3964 2210 4034 quid
2249 3968 2596 4036 praedicatum
2625 3969 2793 4025 fuisse
2813 3970 2879 4025 de
2915 3985 3072 4026 servo
3104 3969 3336 4024 barbaro
3378 3966 3544 4021 Chri-

311 4064 487 4119 stiano
511 4079 527 4128 ;
555 4059 648 4116 sed
674 4064 937 4129 quantum
967 4055 1053 4112 his
1083 4054 1489 4110 narrationibus
1527 4054 1651 4108 fidei
1699 4055 1950 4110 tribuerit
1985 4057 2342 4130 Augustinus,
2374 4075 2440 4116 ex
2471 4077 2536 4118 eo
2571 4055 2716 4133 patet
2763 4066 2909 4133 quod
2948 4063 3167 4134 subjicit
3189 4062 3264 4117 De
3299 4062 3546 4115 doctrina

310 4158 636 4221 Christiana,
672 4155 709 4209 Ι.
732 4171 771 4221 t,
799 4154 853 4207 in
882 4153 1105 4223 prologo
1133 4170 1146 4206 :
1183 4169 1201 4201 ι
1228 4151 1298 4205 At
1346 4150 1392 4206 si
1442 4150 1559 4205 haec
1601 4150 1821 4220 quidem
1871 4149 2008 4207 falsa
2035 4153 2354 4220 arbitretur,
2385 4171 2492 4211 non
2535 4173 2636 4227 ago
2663 4155 2997 4228 pugnaciter.
3026 4174 3045 4206 ι
3077 4152 3233 4218 Quod
3265 4165 3396 4205 sane
3433 4166 3544 4206 non

308 4256 537 4311 dixisset
558 4253 604 4308 si
625 4249 979 4305 Athanasium
998 4247 1119 4317 ejus
1153 4245 1482 4300 narrationis
1506 4261 1618 4300 non
1643 4245 1926 4300 habuisset
1950 4256 2252 4304 auctorem.
2284 4248 2408 4304 Hatc
2428 4249 2662 4318 Rivetus,
2683 4268 2841 4322 quam
2870 4251 3005 4304 bona
3026 4249 3148 4319 ﬁde,
3177 4248 3298 4301 hinc
3319 4244 3540 4300 ediscas-

312 4353 604 4422 Postquam
649 4348 712 4403 de
733 4346 962 4401 Antonio
1000 4361 1116 4415 qua:
1151 4357 1311 4412 supra
1339 4341 1617 4396 attulimus
1660 4350 1711 4395 et
1752 4352 1902 4396 notat
1935 4343 2018 4396 hic
2051 4343 2281 4412 liivetus,
2311 4347 2550 4400 narravit
2585 4347 2937 4417 Augustinus,
2980 4346 3159 4401 subdit
3187 4363 3200 4399 :
3225 4343 3334 4399 Aut
3363 4343 3431 4398 ab
3452 4341 3548 4397 illo

312 4462 468 4504 servo
493 4442 726 4499 barbaro
756 4438 1087 4503 Christiano,
1120 4436 1188 4491 de
1224 4450 1334 4506 quo
1364 4451 1395 4490 a
1431 4435 1770 4506 gravissimis
1805 4435 2018 4506 ﬁdeque
2052 4437 2389 4508 dignissimis
2431 4439 2565 4495 viris
2606 4455 2779 4510 nuper
2820 4438 3168 4508 accepimus:
3200 4434 3295 4506 qui
3338 4435 3547 4490 litteras

312 4550 528 4608 quoque
555 4535 701 4604 ipsas
741 4530 890 4586 nullo
919 4529 1145 4584 docente
1189 4525 1429 4592 homine,
1459 4533 1563 4580 etc.
1596 4525 1670 4578 Et
1700 4535 1817 4596 post
1844 4526 1978 4580 hanc
2009 4527 2287 4584 historiam
2328 4529 2538 4599 subjicit
2564 4544 2582 4582 :
2611 4531 2681 4584 At
2711 4529 2757 4584 si
2784 4530 2899 4587 haec
2930 4529 3200 4602 quispiam
3235 4526 3370 4582 falsa
3399 4525 3545 4582 urbi-

313 4640 507 4697 iretur,
536 4645 644 4685 non
677 4642 779 4699 ago
808 4625 1139 4697 pugnaciter.
1173 4623 1305 4678 Cum
1330 4623 1460 4676 dicit
1489 4639 1541 4676 se
1575 4621 1709 4676 hanc
1739 4634 2054 4692 postremam
2083 4625 2361 4680 historiam
2397 4641 2429 4680 a
2460 4627 2788 4697 gravissimis
2838 4627 3038 4696 ﬁdeque
3065 4622 3390 4694 dignissimis
3420 4620 3545 4673 virts

316 4725 598 4796 accepisse,
628 4732 794 4777 totum
825 4719 992 4775 Riveti
1013 4716 1195 4772 evertit
1229 4713 1600 4779 ratiocinium;
1624 4716 1760 4784 quod
1783 4731 1902 4770 cum
1933 4716 2091 4786 probe
2113 4717 2394 4773 adverterit
2415 4718 2655 4787 Iitvetus,
2680 4721 2779 4774 illa
2801 4718 2954 4774 verba
2979 4717 3169 4772 callide
3187 4712 3543 4786 printer-misit.

318 4821 462 4876 Nam
493 4820 563 4886 si,
597 4828 653 4872 ut
687 4830 956 4887 perperam
981 4818 1178 4883 pugnat
1207 4809 1441 4873 Rivetus,
1466 4808 1582 4862 ideo
1607 4811 1684 4863 ait
1711 4811 2040 4882 Augustinus
2063 4828 2083 4866 :
2111 4814 2181 4867 At
2212 4815 2258 4869 si
2297 4815 2588 4886 quisquam
2627 4814 2766 4871 falsa
2811 4815 3130 4881 arbitretur,
3167 4826 3271 4865 non
3307 4823 3408 4878 ago
3439 4821 3546 4875 pu-

314 4921 578 4991 gnaciter,
615 4915 753 4988 quod
791 4928 979 4984 parum
1025 4908 1147 4978 ﬁdei
1175 4907 1258 4960 his
1302 4906 1697 4961 narrationibus
1742 4907 2014 4974 tribueret,
2047 4910 2180 4963 nihil
2214 4920 2466 4980 repugnat
2503 4910 2882 4966 Athanasiance
2911 4905 3145 4960 historia:
3177 4917 3279 4955 non
3307 4897 3548 4952 habuisse

314 5013 496 5085 ﬁdem,
530 5013 619 5083 qui
647 5011 772 5065 item
805 5003 1037 5060 historia:
1063 5023 1095 5059 a
1124 5003 1452 5075 gravissimis
1481 5002 1686 5072 ﬁdeque
1713 5004 2038 5073 dignissimis
2067 5007 2194 5060 viris
2230 5008 2446 5062 traditis
2468 5024 2659 5076 parum
2693 5006 2818 5076 ﬁdei
2840 5001 3107 5058 tribuerit.
3129 4997 3231 5052 Sed
3255 5009 3432 5048 revera
3454 5007 3549 5046 nec

315 5105 607 5159 Athanasio
635 5117 726 5155 nec
754 5099 876 5153 aliis
901 5098 1008 5151 illis
1041 5095 1144 5166 ﬁde
1168 5093 1489 5163 dignissimis
1523 5092 1649 5145 viris
1676 5093 1831 5160 ﬁdem
1863 5103 1921 5147 ut
1946 5094 2158 5164 deroget
2199 5095 2523 5165 Augustinus
2550 5094 2649 5148 illa
2689 5095 2817 5147 dicit
2850 5108 2868 5145 :
2902 5091 3014 5154 sed,
3046 5096 3102 5141 ut
3137 5091 3298 5155 patet,
3329 5090 3547 5135 conten-

319 5197 474 5251 tionis
494 5194 726 5250 vitandw
751 5191 949 5246 studio.
975 5188 1222 5259 Alioquin
1243 5203 1336 5241 cur
1360 5186 1464 5255 ﬁde
1493 5185 1832 5256 dignissimos
1856 5194 2108 5249 vocasset,
2135 5201 2205 5238 an
2227 5196 2285 5239 ut
2314 5194 2496 5254 postea
2525 5201 2580 5238 se
2605 5199 2785 5238 eorum
2819 5181 2978 5235 dictis
3005 5192 3194 5248 parum
3221 5174 3344 5245 ﬁdei
3361 5172 3548 5226 habere

319 5286 730 5358 testiﬁcaretur?
758 5284 826 5338 At
863 5298 978 5337 vero
1009 5298 1110 5335 non
1140 5281 1233 5332 hoc
1265 5277 1435 5332 solunt
1473 5277 1525 5330 in
1559 5277 1673 5330 loco
1699 5275 1753 5328 id
1777 5275 2101 5345 Augustinus
2128 5276 2202 5329 ait
2226 5292 2244 5338 ;
2270 5277 2359 5330 sed
2427 5277 2586 5331 etiam
2629 5272 3044 5328 Confessionum
3082 5268 3177 5322 lib.
3215 5281 3336 5332 vnt,
3365 5281 3411 5319 c.
3455 5263 3546 5330 19,

318 5383 407 5437 ubi
433 5382 497 5436 de
515 5379 744 5434 Antonio
767 5378 980 5447 loquens
1007 5376 1081 5428 ait
1106 5390 1123 5427 :
1148 5373 1392 5441 Surgunt
1421 5370 1648 5434 indocti,
1679 5378 1810 5435 etc.,
1843 5387 1959 5439 quae
1988 5369 2104 5425 vide
2127 5372 2389 5440 superius.

391 5473 542 5540 Quod
588 5490 708 5527 vero
758 5472 909 5525 aiunt
937 5467 1295 5538 Hospinianus
1333 5465 1528 5535 aliique
1570 5465 1857 5519 Antonium
1896 5467 2224 5520 causidicum
2245 5466 2408 5534 fuisse
2445 5472 2494 5519 et
2516 5461 2665 5516 valde
2694 5463 2941 5520 doctum:
2965 5462 3081 5524 hoc.
3110 5468 3168 5514 ut
3193 5457 3415 5514 advertit
3437 5455 3548 5510 Ro.

319 5568 565 5633 sweidus,
599 5583 665 5622 ea:
697 5565 867 5621 Suida
900 5564 1200 5633 expiscatus
1235 5561 1324 5614 ille
1350 5570 1448 5614 est.
1483 5558 1563 5613 Ad
1608 5561 1782 5628 ipsum
1825 5558 2081 5625 Suidam,
2115 5561 2383 5615 brevitatis
2417 5573 2596 5621 causa,
2628 5556 2870 5612 lectorem
2911 5556 3225 5612 remittimus
3259 5565 3278 5604 :
3305 5551 3378 5604 ibi
3407 5549 3548 5602 enim

319 5661 557 5730 protinus
588 5658 760 5729 quivis
788 5658 1062 5726 perspiciet
1087 5666 1286 5711 ouanta
1325 5658 1393 5710 sit
1433 5658 1569 5712 inter
1595 5657 1884 5713 Antonium
1925 5657 2078 5712 illum
2107 5666 2157 5712 et
2182 5667 2417 5710 nostrum
2461 5651 2836 5719 discrepantia.
2886 5648 3084 5703 Mirum
3113 5658 3237 5698 sane
3273 5648 3547 5710 postquam

323 5748 642 5820 Hospiniani
667 5757 1015 5805 commentum
1037 5749 1291 5806 detectum
1313 5749 1509 5821 fuerat,
1529 5750 1591 5806 ab
1617 5750 1858 5808 omnibus
1880 5761 2052 5806 tamen
2083 5751 2171 5820 qui
2193 5747 2334 5803 illius
2359 5745 2503 5815 [uere
2523 5741 2795 5797 sententia!
2819 5744 3127 5809 usurpatum
3145 5742 3322 5805 postea
3347 5744 3507 5803 fuisse
3525 5741 3548 5788 ξ
