3966 6226
423 374 520 430 851
1033 374 1090 432 S.
1134 375 1505 434 ATHANASII
1543 379 1694 435 OPP.
1735 379 1918 437 PARS
1951 381 1990 436 Ι.
2031 413 2100 422 -
2141 381 2502 440 HISTORICA
2544 385 2630 440 ET
2671 386 3088 446 DOGMATICA.
3549 399 3649 453 832

424 507 544 586 cum
567 494 795 586 maxime
824 495 1085 564 falsorum
1112 496 1326 549 deorum
1360 497 1532 556 cultor
1560 497 1766 566 feratur
1791 499 1846 552 in
1877 497 2045 554 Suida
2071 500 2350 555 Antonius.
2385 501 2510 568 Sed,
2527 505 2626 559 etsi
2649 503 2981 560 Christianus
3008 517 3162 578 esset,
3183 527 3249 563 an
3274 511 3447 567 liceret
3473 532 3647 586 quem-

425 580 502 636 vis
537 582 742 638 obvium
767 589 1078 656 Antonium,
1107 593 1266 646 istum
1301 609 1412 646 esse
1438 593 1738 662 afﬁrmare!

504 672 654 744 Piget
697 693 826 731 sane
871 682 1019 736 tricis
1051 683 1355 754 hujusmodi
1401 695 1600 756 tempus
1639 698 1821 756 terere,
1862 699 2018 760 utque
2057 692 2196 746 brevi
2225 693 2632 762 complectamur
2655 695 2880 752 dicimus
2922 700 3090 753 multa
3121 699 3384 760 levissima
3414 720 3446 756 a
3474 703 3650 759 Riveto

426 765 607 865 objici,
640 778 698 821 ut
721 771 859 839 quod
894 777 969 829 ait
995 777 1058 830 de
1087 795 1330 848 responso
1357 782 1426 834 ad
1447 780 1780 850 philosophos
1801 782 2088 836 Antonium
2113 783 2589 859 irridentes,digno
2620 805 2745 843 sane
2773 794 2949 862 magni
2974 792 3226 859 Antonii;
3252 796 3410 865 quod,
3441 805 3499 849 ut
3523 798 3648 851 ridis

428 862 605 917 culum
629 865 892 936 exhibeat,
923 871 1198 928 detruncat
1227 873 1459 942 Rivetus,
1487 877 1566 929 uti
1591 877 1776 947 cuique
1804 877 1976 932 videre
2000 877 2141 935 licet.

505 954 665 1048 Aliud
691 958 845 1028 affert
873 962 1013 1017 idem
1047 965 1108 1020 de
1140 965 1326 1034 pallio,
1353 966 1492 1037 quod
1537 967 1794 1022 Antonius
1819 969 1876 1023 in
1906 971 2154 1024 extremis
2187 987 2346 1040 agens
2381 973 2693 1039 Athanasio,
2718 992 2750 1028 a
2773 991 2874 1047 quo
2904 989 3176 1048 acceperat
3207 979 3371 1035 dedit.
3407 981 3549 1036 Nam
3595 995 3648 1038 ut

429 1044 539 1145 vult
564 1043 791 1148 Rivetus,
822 1067 939 1148 cum
966 1056 1190 1124 pallium
1222 1062 1286 1116 ab
1313 1063 1608 1118 Athanasio
1631 1064 1734 1118 sibi
1761 1063 1946 1118 datum
1990 1083 2086 1136 pro
2119 1067 2280 1122 Pauli
2313 1086 2528 1141 corpore
2568 1043 2830 1126 humando
2859 1043 3157 1139 tradiderit,
3185 1093 3286 1130 non
3325 1081 3493 1148 potuit
3522 1079 3651 1132 illud

429 1134 603 1234 ipsum
641 1139 934 1234 Athanasio
955 1150 1246 1207 restituere.
1284 1154 1437 1219 Quod
1463 1171 1622 1226 quam
1659 1154 1814 1223 futile
1855 1156 1924 1208 sit
1970 1134 2028 1210 ut
2067 1159 2267 1227 videas,
2306 1134 2433 1216 nota
2465 1163 2752 1217 Antonium
2774 1165 3065 1234 quindecim
3096 1134 3217 1221 ante
3241 1134 3459 1223 mortem
3492 1187 3651 1225 annos

429 1225 606 1282 Paulo
639 1232 865 1379 pafllium
889 1241 1133 1297 attulisse
1154 1241 1218 1296 ab
1248 1225 1543 1299 Athanasio
1571 1243 1673 1299 sibi
1701 1245 1906 1300 datum.
1945 1246 2085 1313 Quid
2109 1225 2284 1305 autem
2309 1260 2446 1306 vetat
2482 1262 2541 1308 ut
2569 1263 2685 1324 post
2713 1225 2823 1311 haec
2853 1257 3001 1312 aliud
3033 1259 3098 1312 ab
3123 1260 3412 1315 Athanasio
3434 1261 3653 1331 pallium

429 1334 687 1379 acceperit

429 1334 687 1390 acceperit

497 1412 586 1520 Ait
614 1425 790 1520 autem
817 1421 1163 1520 ibidemnihil
1191 1424 1274 1520 hic
1300 1425 1483 1520 haberi
1509 1428 1572 1483 de
1599 1428 1776 1486 Paulo
1805 1433 2017 1503 quicum
2041 1432 2302 1488 Antonius
2318 1434 2612 1490 collocutus
2626 1443 2705 1489 est
2727 1451 2748 1491 :
2771 1437 2910 1506 quod
2932 1457 3195 1513 nunquam
3226 1453 3378 1514 putat
3404 1445 3467 1498 ab
3491 1447 3656 1501 Αιιια.

429 1513 581 1609 nasia
612 1513 960 1609 omittendum
990 1519 1174 1588 fuisse.
1212 1518 1317 1574 Sed
1340 1537 1458 1576 cum
1484 1522 1861 1596 Hieronymus,
1892 1529 1982 1598 qui
2005 1528 2138 1582 hanc
2160 1539 2345 1583 narrat
2369 1530 2666 1594 historiam,
2683 1530 2827 1584 dicat
2843 1531 2994 1587 illam
3014 1552 3066 1589 se
3083 1537 3304 1592 scribere
3319 1539 3442 1609 quia
3463 1539 3657 1595 omissa

430 1595 590 1702 fuerit
615 1639 631 1666 ,
672 1601 738 1702 ab
771 1604 1065 1664 Athanasio
1105 1623 1242 1669 certe
1271 1617 1376 1681 fuit
1415 1621 1634 1686 omissa,
1667 1622 1817 1692 cujus
1855 1595 1998 1677 haud
2029 1623 2186 1678 dubie
2213 1627 2414 1694 scripta
2444 1624 2641 1695 legerat
2675 1621 3043 1696 Hieronymus.
3083 1628 3150 1682 Et
3184 1595 3383 1702 alioqui
3424 1632 3659 1686 Athana-

427 1692 558 1760 sius,
585 1705 644 1800 ut
686 1697 889 1800 dictum
925 1714 1026 1800 est.
1053 1724 1106 1762 se
1141 1718 1365 1766 testatur
1406 1715 1679 1771 minimam
1727 1726 1929 1787 partem
1973 1718 2190 1773 Antonii
2211 1692 2476 1787 gestorum
2496 1692 2766 1773 narrasse.
2803 1692 2954 1785 Quod
2981 1724 3111 1776 satis
3139 1725 3209 1776 sit
3235 1692 3315 1778 ad.
3341 1728 3517 1780 omnia
3551 1727 3659 1779 alia

428 1799 494 1886 ex
515 1791 724 1844 omissis
751 1795 937 1860 petita,
963 1795 1270 1867 depellenda
1304 1814 1635 1873 argumenta.
1670 1804 1903 1860 Exstant
1926 1822 2052 1862 sane
2081 1808 2343 1877 permulta
2375 1807 2484 1861 alia
2508 1807 2724 1862 Antonii
2755 1808 2915 1861 vitam
2966 1817 3277 1881 spectantia,
3304 1831 3420 1886 quae
3445 1817 3527 1870 hic
3558 1817 3661 1870 mi-

429 1884 569 1939 nime
598 1886 864 1958 leguntur,
895 1909 1110 1964 quicque
1142 1894 1440 1954 Bollandus
1474 1915 1539 1954 ex
1567 1902 1729 1955 variis
1760 1901 1982 1955 collecta
2005 1903 2372 1971 scriptoribus,
2397 1902 2465 1956 ad
2490 1902 2684 1956 calcem
2704 1901 2838 1957 Vitae
2868 1901 3091 1957 Antonii
3123 1884 3386 1974 apposuit.

501 1983 655 2050 Quod
684 2002 958 2056 corporeos
982 1989 1147 2059 faciat
1180 1989 1440 2046 daemones
1470 1993 1754 2059 Antonius,
1784 2001 1843 2046 ut
1874 1991 1986 2046 vult
2024 1991 2258 2060 Rivetus,
2289 1994 2503 2047 minime
2527 2002 2731 2048 constat
2757 2010 2775 2048 :
2810 1993 2887 2047 ait
2917 1993 3084 2047 solum
3116 1994 3205 2048 ille
3231 1995 3492 2050 daemones
3535 1997 3662 2050 levi-

430 2083 525 2137 bus
549 2084 628 2138 uti
661 2085 986 2154 corporibus.
1028 2084 1257 2140 Etiamsi
1282 2102 1553 2156 corporeos
1589 2086 1807 2152 faceret,
1831 2086 1957 2157 quid
1989 2087 2112 2140 hinc
2136 2087 2421 2157 colligatur
2437 2088 2462 2141 .’
2481 2087 2636 2142 multi
2659 2103 2880 2159 namque
2910 2085 3098 2140 Patres
3127 2095 3246 2139 ante
3265 2085 3538 2153 definitam
3557 2103 3663 2141 rem

428 2191 506 2252 ita
535 2181 820 2236 tradidere.
855 2181 923 2236 Et
954 2181 1152 2253 alioqui
1181 2199 1250 2237 an
1278 2181 1325 2236 si
1354 2198 1457 2252 qua
1485 2181 1540 2235 in
1568 2179 1822 2237 Patribus
1851 2181 1915 2237 de
1942 2182 2187 2237 doctrina
2209 2183 2488 2253 difficultas
2509 2191 2770 2252 occurrat,
2793 2183 2976 2238 statim
2995 2180 3206 2246 νοθείας
3230 2183 3499 2253 suspicio?
3523 2182 3660 2249 Quot

426 2285 636 2330 exstant
671 2277 842 2335 talia?

503 2365 600 2420 Res
623 2384 727 2422 non
751 2380 828 2424 est
859 2370 1084 2440 difﬁcilis
1109 2385 1375 2423 remanere
1405 2369 1460 2422 in
1490 2376 1635 2423 statu
1661 2368 1974 2423 innocentia:
2002 2384 2106 2439 qua
2138 2367 2335 2422 conditi
2359 2385 2564 2436 sumus,
2598 2377 2656 2423 ut
2682 2369 2758 2423 ait
2784 2371 3062 2438 Antonius,
3097 2375 3223 2429 dum
3258 2376 3400 2429 adsit
3421 2375 3518 2431 Dei
3546 2393 3666 2446 gra-

430 2458 528 2524 tia,
557 2474 714 2528 quam
741 2476 1010 2530 perperam
1048 2459 1255 2513 Rivetus
1289 2457 1402 2513 vult
1429 2457 1638 2512 excludi
1671 2456 1735 2511 ab
1769 2457 2035 2511 Antonio:
2064 2474 2182 2510 cum
2224 2473 2288 2512 ne
2313 2457 2523 2512 verbum
2553 2459 2762 2530 quidem
2794 2459 3049 2528 ejusmodi
3085 2481 3305 2535 usquam
3336 2467 3391 2519 in
3415 2467 3512 2520 hoc
3535 2467 3665 2520 libro

427 2564 750 2626 compareat.
803 2557 1051 2622 Quinimo
1097 2571 1233 2625 saepe
1277 2572 1340 2608 ac
1375 2553 1723 2624 liquidissime
1779 2553 1958 2606 innuit
1997 2551 2284 2616 Antonius,
2327 2554 2503 2606 omnia
2545 2553 2693 2607 nobis
2729 2551 2884 2622 bona,
2924 2555 3219 2613 daemonum
3254 2557 3481 2628 lapsum,
3504 2561 3666 2614 victo-

429 2655 570 2708 riam
594 2654 656 2708 de
691 2655 1068 2707 tentationibus
1097 2660 1421 2720 reportatum
1444 2665 1471 2703 e
1497 2647 1722 2702 Domino
1749 2647 2040 2716 provenire.

506 2745 722 2800 Demum
753 2748 828 2800 ait
858 2745 1068 2800 Rivetus
1095 2760 1113 2798 :
1147 2743 1322 2800 Verus
1346 2744 1702 2809 Athanasius,
1734 2743 1787 2797 in
1818 2742 2062 2813 Epistola
2093 2743 2161 2796 ad
2189 2742 2482 2807 solitarios,
2517 2752 2725 2808 narrat,
2763 2742 2926 2798 Blacii
2964 2744 3143 2801 femur
3175 2747 3568 2816 proﬁciscentis
3602 2748 3672 2803 ad

428 2843 659 2913 primam
704 2844 1065 2907 mansionem,
1089 2857 1289 2911 equum
1313 2840 1402 2895 cui
1432 2839 1700 2895 insidebat
1735 2838 2043 2894 cervicibus
2077 2838 2314 2902 retortis,
2353 2837 2424 2892 ita
2453 2836 2832 2903 momordisse,
2877 2848 3038 2906 atque
3069 2853 3135 2893 ex
3169 2837 3334 2894 dorso
3377 2855 3668 2895 excussum

428 2934 580 2988 humi
605 2933 860 2997 aﬂixisse.
879 2943 939 2989 ut
966 2936 1109 2990 intra
1136 2937 1376 2991 triduum
1406 2934 1716 3005 proximum
1743 2933 1986 3004 perierit.
2016 2933 2219 2988 Auctor
2252 2946 2381 2987 vero
2411 2929 2542 2986 Vita:
2561 2932 2775 2986 Antonii
2802 2947 3001 3002 equum
3030 2946 3139 2999 quo
3163 2931 3446 2988 Nestorius
3469 2949 3672 3002 praeses

382 3095 387 3100 _
428 3021 727 3077 vehebatur
759 3037 946 3078 morsu
982 3025 1262 3093 repentino
1291 3023 1530 3079 Blacium
1561 3023 1872 3079 decussisse
1901 3022 1954 3077 in
1987 3033 2209 3087 terram,
2234 3037 2297 3077 ac
2322 3021 2400 3077 sic
2431 3022 2486 3075 in
2517 3037 2641 3077 eum
2674 3021 2974 3076 inhiantem
3008 3021 3212 3078 femora
3246 3022 3365 3092 ejus
3399 3024 3670 3079 lacerasse

429 3121 485 3168 et
516 3115 838 3180 corrosisse,
869 3125 930 3170 ut
955 3117 1138 3172 statim
1177 3117 1380 3173 relatus
1409 3119 1463 3173 in
1503 3117 1776 3173 civitatem
1810 3127 1932 3187 post
1972 3115 2214 3171 triduum
2248 3124 2497 3172 mortuus
2537 3117 2626 3171 sit.
2662 3114 2788 3172 Haec
2833 3116 3063 3170 varietas
3089 3131 3275 3169 verum
3312 3115 3670 3170 Athanasium

431 3222 462 3260 a
491 3207 679 3263 tictitio
716 3208 991 3264 evidenter
1037 3211 1341 3282 distinguit.
1369 3211 1501 3268 Leve
1525 3213 1700 3279 illud;
1728 3230 1849 3267 nam
1879 3214 2051 3283 primo
2080 3230 2242 3283 equus
2271 3213 2361 3284 qui
2402 3212 2684 3266 Balacium
2726 3212 2862 3267 male
2896 3213 3114 3280 accepit,
3146 3210 3420 3279 utrobique
3464 3210 3674 3264 Balacii

431 3297 650 3363 dicitur,
681 3299 883 3352 scilicet
913 3317 1076 3371 supra
1105 3319 1225 3374 pag.
1254 3303 1360 3357 278
1397 3314 1447 3358 et
1476 3305 1622 3374 infra
1645 3305 1702 3358 in
1727 3304 1824 3358 hoc
1855 3320 2023 3374 opere.
2057 3303 2312 3373 Superius
2348 3313 2524 3357 autem
2548 3304 2762 3374 legitur,
2790 3305 3145 3375 ἐπιστραφεὶς
3177 3306 3204 3356 ὁ
3229 3304 3416 3367 ἵππος,
3447 3317 3674 3357 conver-

435 3405 532 3446 sus
568 3408 762 3462 equus,
801 3394 927 3464 quin
956 3393 1191 3457 dicatur,
1229 3391 1454 3460 fueritne
1487 3391 1578 3447 ille
1605 3409 1766 3463 equus
1797 3408 1897 3462 quo
1926 3390 2188 3448 insidebat
2233 3392 2521 3458 Balacius,
2553 3410 2620 3446 an
2655 3392 2796 3447 alius
2823 3395 2912 3464 qui
2939 3396 3062 3449 item
3091 3411 3215 3448 suus
3239 3403 3391 3448 esset.
3429 3391 3496 3447 Ut
3522 3393 3675 3445 detur

435 3495 610 3541 tamen
637 3504 748 3544 esse
775 3490 1007 3560 aliquam
1027 3488 1457 3557 discrepantiam,
1483 3489 1682 3558 quoties
1712 3487 1770 3556 ﬁt
1802 3494 1860 3540 ut
1899 3485 2148 3540 historias
2175 3503 2304 3557 quas
2325 3487 2524 3540 dudum
2561 3487 2913 3552 narravimus,
2939 3489 3238 3540 accuratius
3269 3495 3445 3554 postea
3470 3485 3673 3538 edisca-

436 3595 573 3634 mus.
603 3576 663 3634 Si
688 3580 784 3634 hoc
814 3592 1178 3652 argumentum
1199 3582 1457 3652 aliquanti
1488 3581 1642 3650 pretii
1673 3587 1826 3646 esset,
1860 3577 2156 3649 Epistolam
2179 3579 2247 3633 ad
2280 3579 2578 3635 monachos
2612 3581 2784 3650 potius
2825 3587 3014 3649 peteret
3043 3593 3201 3648 quam
3224 3575 3402 3631 Vitam
3427 3575 3672 3631 Antonii.

438 3672 585 3727 Nam
613 3676 966 3730 certissimum
992 3675 1114 3732 licet
1152 3679 1220 3731 sit
1259 3677 1486 3746 priorem
1507 3675 1788 3730 Athanasii
1824 3690 1955 3742 esse,
1985 3691 2311 3745 nequaquam
2359 3674 2456 3729 illa
2489 3684 2563 3728 tot
2596 3685 2824 3730 veterum
2859 3674 3195 3739 testimoniis,
3236 3681 3310 3726 tot
3353 3672 3672 3742 argumentis

435 3773 647 3826 nititur.
686 3771 798 3826 Nec
825 3772 1034 3844 defuere
1075 3775 1174 3828 viri
1212 3770 1458 3824 doctrina
1500 3771 1788 3840 conspicui,
1821 3771 1910 3841 qui
1955 3769 2197 3839 putarint
2242 3785 2346 3822 non
2375 3769 2440 3823 ab
2472 3770 2582 3838 ipso
2621 3770 2936 3834 Athanasio,
2965 3773 3054 3826 sed
3081 3770 3194 3839 ejus
3217 3769 3374 3838 jussu
3405 3767 3468 3822 ab
3500 3768 3678 3836 aliquo

437 3867 688 3937 scriptam
721 3867 874 3922 illam
904 3868 1068 3937 fuisse
1090 3883 1108 3920 :
1141 3866 1267 3937 quia
1309 3865 1510 3919 scilicet
1557 3881 1822 3935 nunquam
1848 3873 2038 3935 putant
2073 3865 2128 3917 in
2169 3864 2342 3933 prima
2373 3880 2598 3934 persona
2629 3864 2891 3935 singulari
2929 3864 3156 3918 locutum
3194 3862 3267 3916 ibi
3302 3861 3671 3924 Athanasium,

437 3959 576 4031 quod
607 3969 783 4016 tamen
808 3962 981 4017 minus
1014 3977 1191 4016 verum
1216 3970 1314 4016 est.
1343 3958 1484 4013 Nam
1515 3959 1795 4030 aliquoties
1831 3960 1885 4013 in
1907 3975 2129 4028 persona
2152 3959 2435 4013 Athanasii
2464 3959 2700 4030 loquitur
2725 3959 2940 4016 ibidem.
2979 3957 3090 4012 Nec
3119 3957 3393 4012 minimum
3431 3956 3578 4010 dubii
3599 3964 3673 4010 est

440 4072 554 4110 esse
586 4057 754 4127 ipsius
778 4056 1082 4123 Athanasii,
1107 4057 1198 4130 qui
1240 4056 1401 4111 etiam
1438 4071 1492 4110 se
1523 4063 1750 4109 testatur
1783 4055 1838 4107 in
1865 4053 2106 4125 Epistula
2143 4053 2210 4108 ad
2243 4053 2614 4124 Serapionem,
2637 4053 2896 4123 ejusmodi
2926 4051 3127 4106 litteras
3159 4049 3228 4102 ad
3266 4047 3544 4101 monachos
3579 4048 3676 4102 mi-

439 4165 592 4205 31886.

519 4259 579 4316 ν.
613 4260 856 4333 Scriptor
881 4280 1129 4335 nuperus,
1153 4260 1511 4332 superioribus
1536 4260 1706 4314 denuo
1734 4259 1914 4313 allatis
1946 4259 2295 4330 argumentis,
2332 4274 2522 4312 novum
2548 4259 2644 4313 hoc
2672 4258 2891 4328 profert,
2916 4257 3184 4314 Socratem
3209 4256 3406 4313 scilicet
3435 4264 3483 4310 et
3514 4253 3675 4310 Saso-

439 4371 653 4418 menum
681 4356 873 4424 dicere,
897 4359 1033 4429 quod
1074 4358 1300 4414 historia
1329 4358 1534 4426 feratur
1572 4357 1636 4410 de
1668 4357 1920 4410 Ammone
1949 4357 2004 4409 in
2035 4355 2221 4410 caelum
2245 4355 2406 4420 elato,
2435 4355 2562 4425 quin
2589 4365 2874 4410 memorent
2899 4372 3014 4410 eam
3040 4356 3104 4409 ab
3132 4355 3421 4409 Athanasio
3445 4356 3673 4420 narrari,

439 4451 582 4512 unde
613 4454 850 4522 sequitur
878 4453 1014 4508 hanc
1036 4455 1258 4508 Antonii
1293 4451 1469 4508 Vitam
1494 4454 1549 4507 in
1576 4469 1680 4523 qua
1707 4461 1964 4506 narratur
1993 4452 2102 4507 haec
2127 4451 2375 4519 historia,
2397 4469 2513 4506 eam
2538 4468 2642 4506 non
2663 4469 2772 4506 esse
2803 4468 2920 4522 quis
2949 4451 3014 4504 ab
3049 4448 3338 4502 Athanasio
3365 4448 3560 4516 scripta
3578 4456 3672 4500 est.

447 4543 578 4602 llwc
603 4561 760 4612 quam
788 4555 1156 4614 consequenter
1176 4547 1417 4616 judicent
1447 4545 1666 4612 eruditi,
1699 4546 1789 4600 sed
1812 4547 2096 4599 oscitanter
2121 4544 2406 4597 admodum
2436 4545 2663 4614 scriptor
2685 4545 2784 4599 iste
2807 4545 2903 4610 ait,
2933 4559 3034 4596 non
3060 4541 3230 4595 dicere
3263 4539 3534 4594 Socratem
3564 4555 3675 4592 eam

442 4639 618 4707 ipsam
667 4640 846 4695 haberi
896 4641 1035 4709 apud
1080 4642 1454 4696 Athanasium.
1491 4637 1632 4692 Nam
1659 4648 1776 4709 post
1814 4638 2040 4693 allatam
2080 4653 2196 4691 eam
2231 4637 2510 4691 historiam
2549 4638 2675 4690 ait:
2705 4633 3169 4703 Quemadmodum
3214 4632 3272 4686 in
3318 4629 3438 4685 Vita
3465 4631 3677 4684 Antonii

446 4729 508 4789 S.
543 4730 869 4786 Athanasius
893 4730 1334 4800 archiepiSCOpus
1355 4729 1772 4794 Alexandrinus,
1800 4738 1931 4794 etc.;
1957 4727 2121 4799 630
2141 4735 2261 4781 ante
2283 4725 2558 4781 Socratem
2582 4743 2701 4782 vero
2727 4726 3012 4780 Palladius
3039 4725 3269 4796 idipsum
3293 4738 3357 4777 ea:
3385 4721 3675 4776 Athanasio

448 4827 626 4893 refert.
667 4825 950 4898 Utriusque
977 4826 1150 4881 locum
1182 4827 1299 4882 vide
1329 4843 1513 4896 supra.

529 4949 609 5005 Vl.
645 4950 824 5004 Restat
847 4959 906 5004 ut
931 4967 1094 5004 unum
1122 4951 1341 5005 levemus
1365 4948 1710 5018 quorumdam
1741 4947 2066 5016 scrupulum,
2091 4945 2184 5016 qui
2215 4961 2353 5014 (egre
2383 4955 2457 4998 tot
2497 4945 2643 5011 visis,
2670 4953 2746 4999 tot
2771 4943 3047 5014 prodigiis,
3080 4950 3153 4996 tot
3181 4941 3475 4995 daemonum
3508 4937 3677 5006 phan-

451 5046 604 5101 tasiis
631 5055 682 5100 et
717 5046 990 5114 portentis,
1027 5053 1152 5115 quot
1186 5043 1240 5095 in
1267 5042 1366 5096 hac
1406 5039 1526 5095 Vita
1546 5040 1809 5111 leguntur,
1843 5040 2031 5093 habent
2063 5039 2242 5108 ﬁdem.
2275 5037 2377 5093 Sed
2407 5039 2505 5091 hac
2535 5038 2588 5091 in
2627 5053 2681 5090 re
2717 5037 2821 5090 tria
2857 5052 2974 5089 cum
2996 5035 3181 5105 primis
3211 5031 3489 5101 cogitanda
3514 5039 3678 5084 sunt:

450 5140 506 5191 1ο
532 5138 798 5209 Quidquid
825 5140 895 5192 sit
922 5143 984 5192 de
1006 5137 1131 5191 visis
1162 5135 1272 5190 illis
1301 5144 1350 5188 et
1379 5135 1673 5188 daemonum
1701 5133 2022 5204 phantasiis,
2060 5148 2128 5184 an
2172 5147 2293 5185 vera
2329 5130 2530 5184 scilicet
2569 5130 2699 5195 sint,
2738 5142 2936 5192 necne;
2961 5141 3026 5181 ex
3069 5123 3446 5195 Chrysostomi,
3478 5120 3677 5190 Rufini,

453 5231 738 5301 Augustini
771 5239 820 5284 et
854 5229 1094 5287 Socratis
1141 5226 1453 5281 testimoniis
1485 5224 1724 5293 superius
1771 5223 1977 5290 allatis,
2005 5233 2327 5291 compertum
2373 5231 2470 5288 est,
2503 5237 2582 5275 res
2606 5219 2865 5289 ejusmodi
2903 5216 3096 5271 multas
3131 5215 3185 5268 in
3211 5213 3333 5269 Vita
3358 5212 3582 5267 Antonii
3617 5209 3680 5264 ab

453 5323 752 5386 Athanasio
785 5323 984 5392 scripta
1011 5322 1179 5391 fuisse
1207 5321 1512 5387 recensitos,
1533 5335 1694 5390 quare
1730 5317 1928 5372 nullius
1961 5317 2015 5371 id
2042 5317 2289 5370 momenti
2315 5325 2390 5370 est
2415 5315 2483 5368 ad
2518 5332 2633 5368 eam
2669 5312 2962 5368 Athanasio
2997 5307 3428 5379 abjudicandam.
3455 5305 3514 5359 2°
3542 5304 3680 5359 Licet

456 5429 560 5471 non
580 5423 767 5468 temere
796 5413 980 5482 cuique
1005 5411 1117 5465 visa
1138 5421 1187 5465 et
1215 5411 1514 5465 daemonum
1543 5418 1745 5476 spectra
1777 5405 2006 5475 loquenti
2033 5404 2343 5458 credendum
2380 5404 2471 5468 sit,
2496 5419 2615 5456 cum
2649 5401 2878 5454 maxime
2904 5400 3059 5454 multi
3089 5398 3282 5469 fabulis
3308 5396 3570 5466 ejusmodi
3603 5411 3678 5448 re-

457 5511 726 5568 Censendis
751 5512 1034 5580 gaudeant,
1059 5506 1390 5562 temerarium
1412 5518 1624 5574 prorsus
1651 5501 1782 5571 foret
1808 5500 1919 5554 sine
1939 5499 2142 5553 delectu
2165 5501 2340 5552 omnia
2366 5497 2662 5567 explodere,
2683 5512 2799 5549 cum
2825 5495 3152 5565 potissimum
3173 5492 3430 5564 ejusmodi
3453 5491 3679 5561 plurima

459 5607 515 5661 in
546 5604 830 5677 Evangelia
857 5605 1110 5676 legamus,
1135 5604 1426 5657 daemonum
1449 5599 1648 5653 scilicet
1673 5596 1897 5668 legiones
1927 5595 2140 5648 unicum
2171 5591 2457 5664 aliquando
2482 5593 2762 5657 hominem,
2793 5590 3078 5660 aliquando
3105 5603 3383 5659 porcorum
3407 5585 3529 5638 bina
3569 5584 3675 5637 mil-

460 5696 538 5750 lia
565 5699 888 5767 invadentes,
908 5697 1274 5767 diabolumque
1298 5697 1562 5750 videamus
1587 5696 1653 5747 ad
1669 5693 1850 5746 .lesum
1867 5687 2192 5744 accedentem
2223 5689 2396 5757 forma
2423 5687 2501 5759 (ut
2528 5695 2714 5756 putant
2741 5686 2848 5755 fere
2875 5681 3074 5753 omnes)
3097 5684 3326 5736 humana
3359 5695 3377 5732 :
3405 5696 3524 5733 cum
3549 5693 3683 5748 pra:-

463 5789 722 5850 tmntiarit
762 5791 886 5843 item
917 5787 1169 5843 Dominus
1199 5788 1309 5855 fore
1349 5797 1406 5840 ut
1450 5787 1540 5859 qui
1562 5784 1824 5840 crederent
1859 5783 1912 5836 in
1963 5795 2100 5846 eum,
2133 5780 2188 5836 in
2219 5781 2424 5835 nomine
2449 5780 2560 5846 eius
2587 5777 2845 5832 daemonia
2892 5775 3156 5844 dicerent,
3185 5771 3393 5842 aliaque
3421 5769 3683 5840 prodigia,
