3966 6226
393 309 491 365 857
1695 302 1854 358 VITA
1894 303 1949 357 s.
1997 299 2295 357 ANTONII.
3505 301 3624 362 κω

932 492 934 494 τ
967 419 1362 476 ιιΡοοιΜιοΝ.
1432 489 1462 499 _
1673 414 1682 423 ‘
1975 425 2024 482 Α

1673 414 1682 423 ’
1975 425 2024 482 Α
2615 413 3032 471 PROGIMIUM.
3063 465 3070 479 ,

469 513 699 585 Ἀγαθὴν
714 513 942 584 ἅμιλλαν
958 513 1042 565 ἐνε
1050 513 1313 584 στήσασθε
1332 513 1465 584 πρὸς
1481 513 1606 577 τοὺς
1618 514 1675 566 ἐν
1688 504 1946 582 Αἰγύπτῳ

2118 511 2275 581 631
2307 509 2508 563 Bonum
2544 521 2656 562 :um
2680 507 2948 580 Egyptiis
2971 511 3253 567 monachis
3274 512 3470 570 iniistis
3490 527 3612 571 cer-

392 607 685 676 μοναχοὺς,
737 605 854 675 ήτοι
886 602 1290 675 παρισωθῆναι,
1336 602 1370 674 ἢ
1404 605 1495 657 καὶ
1519 603 1948 676 ὑπερϐάλλεσθαι

2057 609 2254 666 tamen,
2273 615 2394 656 cum
2415 615 2508 655 eos
2531 600 2743 656 virtutis
2758 601 3160 666 exercitatione,
3185 604 3267 657 vel
3289 619 3502 674 aequare
3525 605 3615 662 vel

386 695 608 760 τούτους
646 693 997 766 προελόμενοι
1032 696 1099 765 τῇ
1127 697 1244 747 κατ’
1273 696 1473 767 ἀρετὴν
1511 694 1664 766 ὑμῶν
1695 695 1943 766 ἀσκήσει.

2053 691 2214 746 etiam
2238 704 2493 760 superare
2509 691 2883 746 constituistis.
2907 688 3040 744 Nam
3060 693 3200 760 apud
3217 708 3314 749 vos
3333 696 3492 750 etiam
3515 697 3607 752 de-

385 788 492 840 Καὶ
521 787 632 858 γὰρ
663 787 759 840 καὶ
806 788 936 857 παρ’
967 788 1094 857 ὑμῖν
1125 788 1201 856 (2)
1231 786 1416 841 λοιπὸν
1455 788 1822 858 μοναστήρια,
1853 786 1947 841 καὶ

2053 795 2200 834 mum
2219 788 2346 836 sunt
2362 779 2704 846 monasteria,
2713 780 2823 848 jam
2845 778 3231 834 monachorum
3254 796 3447 836 nomen
3469 783 3606 840 cele—

381 878 440 931 τὸ
465 877 572 930 τῶν
599 876 846 948 μοναχῶν
873 877 1047 948 ὄνομα
1068 878 1426 936 πολιτεύεται.
1484 879 1696 950 Ταύτην
1733 879 1827 950 μὲν
1855 874 1946 934 οὗν

2052 871 2257 926 bratur.
2288 869 2402 926 Hoc
2429 871 2610 941 itaque
2634 871 2968 941 propositum
2996 870 3120 940 jure
3143 871 3266 941 quis
3286 871 3612 940 laudaverit,

382 970 479 1040 τὴν
513 970 768 1042 πρόθεσιν
799 969 1020 1034 δικαίως
1043 971 1108 1024 ἄν
1130 989 1214 1035 τις
1245 972 1546 1026 ἐπαινέσειε
1566 1011 1580 1036 ,
1607 972 1698 1024 καὶ
1719 972 1945 1042 εὐχομέ-
2053 962 2313 1031 vobisque
2349 962 2695 1030 precantibus
2715 1002 2730 1028 ,
2761 961 2941 1030 ipsum
2985 960 3127 1016 Deus
3166 962 3423 1032 perﬁcere
3453 965 3602 1020 velit.

381 1079 485 1114 νων
524 1061 675 1131 ὑμῶν
707 1060 805 1130 (5),
834 1062 863 1114 ό
894 1059 1024 1123 Θεὸς
1050 1061 1382 1115 τελειώσειεν
1400 1079 1413 1093 ·
1443 1060 1628 1132 ἐπειδὴ
1653 1061 1710 1114 δὲ
1734 1062 1947 1133 ἀπῃτή-

2050 1051 2186 1108 Gum
2220 1063 2398 1109 autem
2427 1055 2493 1108 de
2516 1055 2636 1109 vita:
2669 1053 2922 1108 instituto
2949 1054 3125 1109 sancti
3155 1055 3374 1109 Antonii
3405 1071 3491 1112 me
3515 1072 3604 1114 ro-

385 1169 508 1206 σατε
535 1155 629 1206 καὶ
656 1154 781 1224 παρ’
808 1150 941 1223 ἐμοῦ
974 1154 1098 1224 περὶ
1122 1154 1222 1224 τῆς
1251 1154 1523 1217 πολιτείας
1548 1153 1642 1206 τοῦ
1673 1155 1943 1225 μακαρίου

2051 1149 2325 1217 gaveritis,
2387 1151 2666 1220 cupientes
2695 1149 2937 1204 ediscere
2979 1165 3216 1220 quanam
3259 1151 3470 1207 ratione
3502 1153 3609 1208 hoc

395 1240 698 1304 Ἀντωνίου,
719 1239 905 1310 μαθεῖν
926 1239 1168 1305 θέλοντες
1187 1243 1333 1306 ὅπως
1358 1259 1416 1294 τε
1437 1242 1635 1313 ἦρξατο
1652 1241 1753 1312 τῆς
1777 1243 1946 1312 ἀσκή-

2049 1238 2450 1293 exercitationis
2481 1256 2650 1308 genus
2687 1255 2976 1310 aggressus
3001 1242 3089 1295 ille
3117 1241 3223 1307 sit,
3279 1242 3403 1311 quis
3448 1251 3611 1297 antea

384 1340 520 1388 σεως
543 1363 558 1388 ,
597 1326 690 1378 καὶ
721 1326 804 1389 τίς
832 1322 898 1396 ἦν
931 1327 1036 1398 πρὸ
1061 1329 1294 1398 ταύτης,
1340 1331 1435 1382 κα)⁸
1466 1333 1648 1383 όποῖον
1694 1329 1817 1400 ἔσχε
1849 1329 1942 1383 τοῦ

2050 1330 2333 1394 exstiterit,
2369 1332 2491 1400 quis
2518 1331 2681 1386 fuerit
2709 1332 2833 1387 vitae
2861 1332 2980 1402 ejus
3002 1333 3179 1388 exitus
3201 1371 3217 1397 ,
3261 1348 3457 1387 verane
3497 1335 3613 1389 sint

384 1414 499 1485 βίου
530 1415 590 1468 τὸ
625 1416 796 1480 τέλος,
831 1419 925 1469 καὶ
957 1420 1004 1470 εί
1038 1418 1113 1488 (4)
1145 1420 1317 1490 ἀληθῆ
1346 1423 1412 1474 τὰ
1447 1422 1573 1492 περὶ
1601 1420 1762 1474 αὐτοῦ
1795 1422 1943 1490 λεγό-

2049 1438 2169 1492 qua:
2201 1423 2266 1478 de
2302 1423 2393 1476 illo
2437 1423 2693 1477 dicuntur
2717 1465 2732 1489 ,
2787 1433 2845 1478 ut
2889 1424 2955 1478 ad
2989 1439 3112 1479 eum
3153 1423 3472 1479 imitandum
3503 1439 3601 1480 vos

383 1506 520 1576 μενά
554 1509 700 1559 ἐστιν
719 1547 734 1574 ,
766 1507 849 1560 ἵνα
881 1509 974 1560 καὶ
1008 1510 1142 1580 πρὸς
1169 1510 1258 1563 τὸν
1285 1511 1491 1564 ἐκείνου
1523 1511 1682 1582 ζῆλον
1717 1514 1942 1577 ἑαυτοὺς

2049 1515 2370 1582 conferatis;
2393 1516 2560 1572 multa
2586 1532 2709 1572 cum
2733 1517 3012 1572 alacritate
3041 1518 3353 1571 mandatum
3385 1518 3601 1587 suscepi

380 1597 620 1670 ἀγάγητε
641 1616 653 1629 ·
691 1599 826 1670 μετὰ
860 1601 1058 1672 πολλῆς
1090 1601 1394 1672 προθυμίας
1427 1603 1693 1675 ἐδεξάμην
1725 1605 1785 1657 τὸ
1813 1607 1939 1676 παρ’

2048 1610 2305 1656 vestrum.
2365 1601 2615 1672 Magnum
2647 1605 2844 1674 quippe
2878 1603 3011 1657 mihi
3041 1604 3252 1658 lucrum
3281 1605 3364 1660 vel
3391 1620 3458 1660 ex
3487 1607 3604 1661 sola

383 1689 534 1760 ὑμῶν
566 1691 863 1761 ἐπίταγμα.
928 1693 1109 1763 Κάμοὶ
1143 1692 1250 1764 γάρ
1282 1694 1423 1764 μέγα
1460 1695 1650 1766 κέδρος
1677 1695 1942 1764 ὠφελείας

2047 1691 2265 1746 Antonii
2289 1691 2548 1746 memoria
2582 1692 2816 1747 obvenit.
2848 1691 2982 1746 Novi
3013 1701 3157 1747 certe
3185 1692 3424 1749 futurum
3453 1709 3595 1760 esse,

380 1782 495 1832 ἐστὶ
523 1782 617 1833 καὶ
654 1781 716 1834 τὸ
759 1783 917 1852 μόνον
961 1784 1242 1836 Ἀντωνίου
1284 1786 1657 1856 μνημονεύειν.
1704 1782 1834 1840 Οἶδα
1861 1788 1938 1850 δὲ,

2049 1793 2107 1837 ut
2136 1798 2267 1847 vos,
2319 1793 2607 1854 postquam
2645 1784 2731 1840 his
2777 1784 2977 1838 auditis
3028 1785 3300 1839 hominem
3350 1785 3602 1842 admirati

375 1872 456 1924 ὅτι
484 1875 576 1925 καὶ
599 1874 752 1943 ὑμεῖς
775 1873 1122 1941 ἀκούσαντες,
1156 1875 1294 1946 μετὰ
1317 1875 1407 1928 τοῦ
1438 1875 1712 1948 θαυμάσαι
1738 1878 1826 1931 τὸν
1849 1879 1940 1932 ἄν·

2046 1874 2258 1929 fueritis
2280 1915 2293 1939 ,
2327 1876 2445 1944 ejus
2485 1876 2816 1945 propositum
2848 1875 3045 1930 imitari
3087 1877 3399 1946 peroptetis.
3462 1877 3602 1946 Apta

383 1962 615 2033 θρωπον,
645 1963 898 2034 θελήσετε
925 1966 1018 2019 καὶ
1040 1965 1278 2035 ζηλῶσαι
1299 1967 1399 2037 τὴν
1422 1967 1628 2021 ἐκείνου
1653 1968 1906 2040 πρόθεσιν
1923 1987 1936 2000 °

2047 1963 2245 2034 quippe
2275 1961 2446 2017 forma
2483 1965 2549 2018 ad
2582 1963 3024 2019 exercitationem
3059 1966 3341 2020 monachis
3373 1976 3456 2022 est
3485 1966 3600 2022 An-

381 2050 496 2104 ἔστι
535 2053 642 2124 γὰρ
686 2057 936 2123 μοναχοῖς
966 2056 1144 2118 ἱκανὸς
1171 2057 1456 2128 χαρακτήρ
1482 2057 1618 2128 πρὸς
1655 2058 1884 2129 ἄσκησιν
1914 2063 1942 2112 ό

2046 2053 2179 2107 ῑοηίἱ
2218 2054 2345 2108 vita.
2406 2052 2482 2108 Ne
2513 2054 2677 2124 igitur
2707 2055 3055 2112 narrantibus
3084 2056 3150 2111 de
3176 2055 3412 2112 Antonio
3442 2059 3605 2113 tidem

390 2143 672 2196 Ἀντωνίου
709 2143 838 2214 βίος.
866 2140 959 2208 Οἷς
991 2145 1089 2216 μὲν
1117 2147 1192 2216 (5)
1217 2143 1308 2200 οὖν
1333 2148 1600 2216 ἠκούσατε
1627 2149 1751 2220 περὶ
1776 2149 1938 2203 αὑτοῦ

2046 2145 2316 2213 derogate,
2372 2145 2480 2200 imo
2529 2161 2697 2215 pauca
2751 2162 2848 2202 vos
2890 2147 3108 2202 audisse
3137 2147 3603 2204 existimatezvix

375 2230 524 2304 παρᾶ
553 2233 660 2286 τῶν
693 2235 1155 2303 ἀπαγγειλάντων,
1189 2237 1262 2307 μή
1287 2238 1619 2310 ἀπιστήσητε
1637 2278 1652 2301 ,
1700 2239 1854 2308 ὀλίγα
1881 2240 1937 2293 δέ

2044 2236 2188 2290 enim
2219 2235 2292 2290 illi
2315 2245 2540 2306 potuere
2575 2246 2652 2292 tot
2675 2247 2960 2308 tantasque
2989 2254 3076 2294 res
3101 2240 3254 2296 vobis
3273 2242 3601 2297 renuntiare.

376 2323 573 2396 μᾶλλον
605 2325 896 2398 ἀκηκοέναι
926 2327 1053 2396 παρ’
1080 2328 1256 2381 αὐτῶν
1283 2329 1531 2400 νομίζετε
1551 2345 1564 2359 ⁸
1594 2329 1810 2393 πάντως
1831 2331 1938 2402 γὰρ

2044 2325 2252 2381 Etenim
2287 2342 2386 2397 ego
2409 2369 2424 2394 ,
2443 2328 2603 2398 632
2631 2330 2944 2399 rogantibus
2964 2330 3140 2396 vobis,
3186 2342 3607 2402 quantacunque

375 2418 616 2473 κάκεῖνοι
663 2419 817 2487 μόγις
843 2419 916 2488 (6)
946 2420 1180 2474 τοσαῦτα
1203 2421 1544 2492 διηγήσαντο.
1581 2423 1728 2476 Ἐπεὶ
1761 2421 1934 2491 κάγὼ,

2043 2433 2138 2486 per
2157 2419 2437 2489 epistolam
2461 2421 2677 2486 misero,
2705 2421 2920 2477 nonnisi
2947 2437 3118 2492 pauca
3148 2424 3300 2478 vobis
3331 2439 3396 2478 ex
3436 2424 3603 2495 gestis

373 2502 707 2570 προτραπεὶς
734 2506 860 2575 παρ’
877 2503 1053 2573 ὑμῶν,
1089 2505 1187 2556 ὅσα
1213 2502 1278 2556 ἂν
1303 2504 1388 2559 διὰ
1414 2504 1513 2573 τῆς
1532 2505 1818 2577 ἐπιστολῆς
1844 2523 1938 2577 σηο

2044 2511 2188 2566 illius
2230 2512 2534 2577 enarrabo;
2581 2529 2748 2582 quare
2795 2529 2862 2568 ne
2899 2513 3161 2570 desinatis
3192 2514 3441 2570 homines
3472 2515 3607 2571 hinc'

375 2594 546 2664 μανῶ,
571 2594 724 2662 ὀλίγα
743 2596 850 2647 τῶν
873 2596 1080 2648 ἐκείνου
1106 2597 1478 2668 μνημονεύσας
1499 2599 1812 2652 ἐπιστείλων
1843 2601 1936 2654 καὶ

2043 2600 2110 2652 ad
2136 2615 2232 2654 vos
2257 2601 2567 2670 navigantes
2590 2601 2914 2671 percontari.
2959 2601 3208 2658 Fortasse
3237 2604 3382 2658 enim
3411 2605 3599 2674 singu-

372 2685 528 2755 ὑμεῖς
577 2687 633 2738 δὲ
685 2685 758 2758 μὴ
804 2687 1082 2758 παύσησθε
1116 2689 1239 2752 τοὺς
1273 2689 1480 2742 ἐνθένδε
1515 2689 1772 2753 πλέοντας
1802 2693 1938 2764 ἐρω-

2045 2691 2114 2745 lis
2143 2707 2262 2761 qum
2299 2704 2422 2747 nota
2449 2693 2550 2748 sibi
2585 2702 2712 2748 sunt
2741 2695 3135 2758 indicantibus,
3163 2696 3247 2749 vix
3275 2712 3375 2764 pro
3405 2697 3599 2752 merito

372 2779 491 2847 τᾷν.
530 2779 689 2841 Ἴσως
720 2777 828 2849 γὰρ
853 2818 866 2840 ,
902 2780 1129 2832 ἑκάστου
1163 2779 1408 2848 λέγοντος
1437 2782 1570 2852 ὅπερ
1604 2777 1709 2835 οἶδε
1729 2823 1742 2846 ,
1780 2784 1938 2852 μόγις

2045 2781 2191 2836 illius
2229 2782 2387 2852 digna
2419 2781 2580 2837 fuerit
2609 2785 2866 2838 narratio.
2924 2784 3136 2841 Litteris
3179 2787 3358 2856 itaque
3401 2787 3597 2843 vestris

370 2867 604 2933 ἐπαξίως
633 2871 665 2938 ή
700 2870 826 2939 περὶ
857 2869 1060 2921 ἐκείνου
1094 2869 1315 2939 γένηται
1347 2870 1617 2940 διήγησις.
1690 2870 1934 2924 Ἐϐουλό-

2041 2872 2294 2942 acceptis,
2328 2874 2570 2928 volebam
2601 2875 2864 2943 quosdam
2890 2877 3185 2931 monachos
3207 2892 3501 2941 accersere,
3528 2892 3593 2931 ex

373 2976 477 3032 μην
504 2959 611 3031 γὰρ
635 2956 753 3030 οὖν,
791 2961 1078 3032 δεξάμενος
1107 2961 1260 3034 ὑμῶν
1292 2962 1388 3035 τὴν
1418 2962 1703 3034 ἐπιστολήν
1725 3003 1738 3026 ,
1771 2980 1933 3034 μετασ

2042 2965 2108 3018 iis
2153 2965 2385 3019 maxime
2433 2967 2525 3036 qui
2572 2965 2905 3038 irequentius
2952 2967 3102 3022 illum
3133 2967 3480 3023 adibantzu-t
3527 2969 3600 3023 ab

1700 3120 1955 3176 ιιίΕῐῖΞΙΟ
1994 3121 2293 3178 EVAGRII.

1317 3262 1377 3318 S.
1431 3263 1711 3318 Athanasii
1759 3263 1984 3333 episcopi
2010 3263 2359 3319 Alexandrini
2383 3265 2648 3334 prwfatio.

444 3415 771 3472 Athanasius
804 3414 1092 3486 episcopus
1129 3415 1193 3470 ad
1219 3415 1532 3485 peregrinos
1560 3414 1775 3471 fratres.

440 3511 718 3581 Optimum
742 3551 758 3575 ,
789 3509 984 3565 fratres
1009 3550 1024 3573 ,
1060 3510 1258 3581 iniistis
1285 3521 1554 3581 certamen
1582 3517 1724 3581 ,77aut
1751 3522 1963 3578 aequare
1995 3505 2210 3581 Egypti
2250 3509 2548 3581 monachos
2575 3511 2676 3581 (7),
2706 3518 2800 3565 aut
2823 3525 3084 3581 superare
3113 3511 3348 3567 nitentes
3375 3513 3595 3569 virtutis

371 3578 644 3636 instantia.
680 3579 889 3635 Etenim
919 3581 1060 3650 apud
1082 3595 1176 3634 vos
1193 3580 1304 3647 jam
1330 3580 1557 3648 plurima
1590 3578 1663 3649 (8)
1695 3587 1834 3650 sunt
1853 3578 2228 3650 monasteria:
2265 3578 2652 3634 monachorum
2685 3578 2906 3650 quoque
2931 3597 3125 3635 nomen
3147 3590 3229 3637 est
3256 3582 3462 3637 celebre
3493 3599 3505 3632 ε
3540 3594 3594 3638 et

376 3652 513 3704 hanc
549 3653 879 3704 voluntatem
928 3647 1160 3704 vestram
1189 3647 1343 3719 juste
1377 3647 1608 3717 quisque
1645 3647 1930 3719 mirabitur
1962 3648 2397 3719 :_orantibusque
2441 3650 2592 3704 vobis
2623 3647 2864 3718 optatum
2916 3650 3058 3705 Deus
3087 3652 3286 3704 tribuet
3317 3651 3590 3706 elfectum.

371 3719 637 3786 Quoniam
667 3721 830 3789 igitur
865 3720 1116 3788 exegistis
1141 3735 1170 3773 a
1192 3717 1300 3772 ‘me
1323 3757 1338 3780 ,
1371 3720 1606 3789 urvobis
1635 3717 1926 3772 scriberem
1965 3717 2032 3772 de
2074 3719 2490 3789 conversatione
2524 3717 2669 3773 beati
2692 3721 2952 3785 Antonii,
3001 3721 3306 3774 volentibus
3355 3721 3588 3787 discere,

370 3787 822 3858 quemadmodum
850 3787 1072 3858 coeperit
1096 3829 1110 3851 ,
1146 3789 1304 3858 quive
1330 3789 1404 3857 (9)
1432 3787 1594 3842 fuerit
1624 3798 1746 3840 ante
1771 3796 2014 3858 sanctum
2047 3787 2400 3858 propositum,
2422 3789 2634 3857 qualem
2661 3789 2821 3844 etiam
2853 3791 3101 3844 habuerit
3127 3790 3413 3844 terminum
3445 3791 3588 3852 vitm,

368 3857 482 3914 etsi
516 3875 640 3914 vera
668 3860 775 3914 sint
808 3876 890 3925 ea,
915 3857 1034 3930 (pne
1061 3859 1126 3912 de
1154 3857 1270 3930 ipso
1300 3858 1439 3911 fama
1463 3858 1733 3930 dispersit,
1760 3865 1817 3930 ut
1847 3857 1912 3930 ad
1936 3858 2053 3930 ejus
2074 3857 2482 3930 aemulationem
2518 3867 2678 3930 atque
2702 3861 3008 3930 exemplum
3036 3875 3133 3914 vos
3167 3859 3450 3913 instituere
3471 3860 3585 3929 (l0)

371 3930 592 3999 possitis
637 3947 650 3983 :
695 3945 888 3998 magna
923 3926 1044 3984 cum
1083 3926 1265 3999 betitia
1303 3927 1515 3999 suscepi
1542 3936 1733 3999 vestra:
1761 3926 2040 3980 charitatis
2071 3928 2380 3999 imperium.
2429 3926 2636 3999 Etenim
2669 3928 2800 3982 mihi
2847 3926 3034 3998 ingens
3068 3931 3278 3999 lucrum
3305 3937 3387 3982 est
3427 3926 3592 3998 atque

374 3997 577 4054 utilitas
605 3999 708 4053 hoc
735 3997 931 4068 ipsum,
961 3998 1102 4068 quod
1131 3998 1385 4052 recordor
1399 3997 1616 4068 Antonii
1642 4015 1656 4051 :
1679 4009 1732 4050 et
1753 4011 1850 4051 vos
1865 4012 1994 4068 cum
2023 3997 2382 4068 admiratione
2400 3998 2709 4068 audientes.
2737 3999 2851 4052 scio
2872 3997 2993 4068 ejus
3019 3998 3355 4068 propositum
3386 3997 3592 4067 cupere

369 4070 621 4140 sectari:
662 4065 898 4139 perfecta
929 4065 1195 4140 siquidem
1239 4078 1322 4140 est
1365 4067 1430 4121 ad
1458 4067 1708 4140 virtutem
1737 4068 1821 4120 via
1848 4065 1991 4140 (ll)1
2012 4066 2304 4140 Antonium
2333 4067 2618 4140 scirequis
2648 4068 2830 4122 fuerit.
2863 4065 3003 4140 Ergo
3022 4065 3091 4123 'ut
3123 4065 3586 4140 breViter7dicam,

367 4146 422 4191 et
447 4135 719 4200 omnibus,
744 4154 865 4208 qua:
891 4140 957 4193 de
981 4135 1046 4192 co
1074 4137 1420 4192 referentium
1465 4135 2042 4208 sern'io7jactavit7ii2),
2068 4135 2302 4199 credite,
2339 4145 2394 4190 et
2417 4135 2639 4191 minima
2669 4152 2766 4191 vos
2796 4135 3104 4193 existimate
3136 4137 3248 4208 (15)
3272 4137 3494 4192 audisse
3522 4142 3591 4193 de

367 4210 655 4264 maximis:
685 4206 811 4278 quia
839 4224 947 4263 non
979 4207 1226 4277 ambigo,
1258 4221 1356 4261 nec
1382 4221 1475 4262 eos
1521 4206 1703 4260 omnia
1745 4206 1986 4276 potuisse
2019 4220 2347 4276 cognoscere
2368 4245 2383 4272 ,
2412 4221 2536 4260 cum
2569 4217 2624 4262 et
2665 4223 2766 4277 ego
2796 4220 3019 4278 rogatus
3047 4224 3077 4262 a
3124 4206 3277 4263 vobis
3297 4247 3312 4273 ,
3349 4217 3588 4278 quanta-

437 4372 512 4441 (2)
555 4369 646 4425 Sic
680 4369 880 4441 Regius
915 4369 1021 4441 l_et
1045 4367 1234 4441 Jesuit.
1268 4365 1419 4441 Εῤίιὶ
1438 4375 1493 4441 e_t_
1521 4367 1764 4441 alii,_ydzp
1793 4369 1921 4439 παρ’
1951 4373 1992 4428 C
2096 4366 2171 4441 (7)
2214 4365 2305 4423 Sic
2326 4382 2533 4441 omnes
2565 4365 2938 4435 manuscripti.
2972 4363 3143 4431 Editi,
3177 4369 3379 4436 aequari
3417 4367 3591 4440 Αἶρε)-

367 4437 892 4511 ρμῖνμοηιίεεοίκαί.
916 4438 1039 4494 Mox
1074 4439 1271 4511 Regius
1296 4437 1350 4511 2,
1381 4437 1533 4492 Colb.
1560 4439 1614 4504 2,
1644 4437 1832 4508 δνομα,
1865 4437 1923 4492 ut

916 4438 1039 4494 Mox
1074 4439 1271 4511 Regius
1296 4437 1350 4511 2,
1381 4437 1533 4492 Colb.
1560 4439 1614 4504 2,
1644 4437 1832 4508 δνομα,
1865 4437 1923 4492 ut
2029 4437 2415 4506 pti‘monachis.

365 4508 806 4590 Efagrius.
833 4508 1433 4590 ﬁliietediti7,_cxﬁpa.
1533 4575 1571 4590 η
1646 4577 1660 4590 7
1736 4577 1769 4590 Α

2095 4521 2174 4590 (8)
2196 4521 2376 4575 Germ.
2408 4521 2442 4574 2
2468 4531 2520 4575 et
2535 4521 2800 4590 Gemmet.
2827 4520 2882 4582 2,
2904 4519 3079 4590 plura.
3113 4517 3252 4573 Intra
3281 4519 3583 4588 Maximin.,

435 4530 491 4581 ςιι
527 4530 632 4563 ινδ
673 4530 806 4565 rtus.
840 4530 944 4562 ﬂlll
972 4530 1024 4564 ει
1053 4530 1201 4570 θυιιι,
1232 4530 1433 4577 σχημα.

435 4581 513 4662 (ξ)
551 4530 793 4662 αοεῗςεο
823 4578 1157 4662 amatura.
1179 4579 1318 4662 idea
1356 4592 1479 4662 οιξηι
1507 4575 1790 4662 es???»
1829 4595 1926 4657 μα-

2095 4530 2174 4590 (δ)
2196 4530 2376 4575 Germ.
2408 4530 2442 4574 2
2468 4531 2520 4575 et
2535 4530 2800 4576 Gemmet.
2827 4530 2882 4582 2,
2904 4530 3079 4588 plura.
3113 4530 3252 4573 Intra
3283 4530 3573 4577 maximo“

2025 4591 2394 4662 orantibusque
2417 4591 2582 4662 nobis.
2611 4591 2730 4644 Mox
2751 4589 3019 4662 Gemmet.
3038 4589 3091 4653 2,
3118 4591 3300 4643 tribuit
3323 4593 3573 4659 e/fectum.

365 4646 578 4728 καρίου.
612 4649 765 4728 _Ed_iti
814 4646 874 4702 et
908 4648 1020 4714 alii,
1067 4649 1243 4716 ἁγίου.
1275 4646 1426 4728 Quod
1470 4647 1542 4728 ait
1593 4647 1924 4728 Athanasius

1793 4649 1924 4701 ιδίυε
2026 4660 2149 4714 Mox
2179 4646 2329 4714 Golb'.
2365 4671 2417 4715 et
2453 4660 2719 4715 Gemmet.
2746 4661 2800 4726 2,
2837 4646 3089 4728 exigitis;
3349 4646 3359 4670 "

367 4715 528 4802 paulo
550 4719 796 4781 inferius,
830 4733 890 4773 se
915 4729 1260 4772 narraturum
1283 4717 1478 4796 qualis.
1499 4715 1661 4797 fuerit
1686 4717 1808 4770 vita:
1833 4732 1925 4770 ex-

367 4786 1924 4882 ιξυῖΑξξξεξιξῑί.ι¹ίξιξξὲξξς,εοηηειιιξιιξιιξειξὶειξξςεέξξιέξιηξς

2095 4752 2170 4821 (9)
2209 4752 2503 4807 Colbertin.
2531 4760 2586 4806 et
2616 4715 2799 4805 Germ:
2823 4751 2878 4814 2,
2916 4715 3123 4816 éuisve.
3162 4749 3306 4804 Infra
3335 4749 3488 4803 Colb.
3531 4759 3585 4803 et

2027 4821 2210 4876 Germ.
2239 4823 2294 4882 2.
2330 4831 2378 4875 et
2401 4823 2448 4875 si
2479 4839 2598 4876 vera
2625 4832 2768 4876 sunt.

367 4861 528 4923 sium,
564 4860 773 4912 vivente
799 4855 1052 4920 A'ntonio,
1084 4857 1203 4926 ejus
1241 4857 1626 4923 conscripsisse
1649 4857 1832 4910 vitam.
1858 4855 1924 4909 Et
1955 4885 1964 4894 -
2028 4855 2210 4926 υἷ’,τξς
2245 4855 2840 4926 ζζ-ῗζῗῘ-ῘῘΪΪξᾝξζψ
2901 4903 2934 4926 ο
3003 4901 3140 4926 ,ΑΛ
3172 4900 3301 4926 mm
3386 4909 3429 4926 ﬂ
3453 4900 3583 4926 ___.,__.

1085 4900 1924 4996 B‘a"r}ai's'h'|}'iii{éiﬁf__'"""'"'
2030 4905 2658 4996 7_7(71“0)771_\io§7itt787trtt797re,
2685 4902 2866 4959 Germ.
2901 4903 2954 4956 2.
3003 4901 3144 4956 lnl‘ra
3172 4900 3347 4965 Colb.,
3381 4909 3430 4954 et
3453 4900 3582 4953 mihi

437 4974 512 5069 (Ii
531 4974 760 5069 uegit;
781 4974 840 5069 [ξ
851 4974 1173 5051 Εοὶιῐῖἷὶζί
1187 4974 1406 5069 Rimini,
1429 4974 1743 5069 ἐξίᾌίίίρι
1771 4995 1920 5069 editi,

1624 4994 1657 5046 εί
1689 5003 1743 5048 ει
1771 4995 1920 5060 editi,
2021 4975 2159 5069 enim
2181 4991 2304 5069 cum
2339 4974 2618 5069 Eollahndo.
2811 5058 2822 5069 7
2892 5058 2902 5067 7
3028 5048 3035 5053 _
3169 5054 3181 5066 7

365 5073 420 5142 η.
443 5056 598 5136 ‘Quou
629 5056 706 5122 {in
740 5056 901 5132 infra,
931 5069 1112 5137 Κάμοὶ
1140 5067 1247 5139 γὰρ
1270 5056 1414 5137 μέγα
1439 5063 1626 5134 κέρδος
1655 5056 1922 5132 ὠφελείας

365 5141 480 5193 ἐστὶ
513 5138 606 5190 καὶ
656 5137 718 5189 τὸ
770 5138 926 5196 μόνον
961 5138 1239 5190 Ἀντωνίου
1275 5135 1650 5196 μνημονεύειν,
1681 5136 1922 5190 imitatus

1721 5056 1922 5132 ρελείας
2093 5056 2202 5196 (ll)
2241 5058 2421 5120 Colb.,
2460 5057 2554 5111 Est
2583 5060 2722 5112 ratio
2754 5058 2822 5113 ad
2855 5058 3107 5109 virtutum
3132 5056 3287 5106 viam.

1722 5136 1922 5190 nitatus
2064 5195 2071 5196 7
2120 5129 2202 5196 l2)
2241 5129 2391 5181 Colb.
2423 5138 2476 5183 ct
2504 5129 2765 5182 Gemmet.
2792 5127 2842 5186 l,
2872 5126 3070 5196 quwAde
3090 5139 3147 5176 eo
3179 5123 3287 5196 refe

365 5123 490 5193 ἓστῗ
513 5138 606 5190 καὶ
656 5137 719 5208 τό
770 5123 926 5208 μόνον
961 5123 1239 5208 Ἀντωνίου
1270 5123 1650 5208 μνημονεύειν,
1681 5123 1922 5190 inritatus

2031 5123 2202 5208 777(12)
2241 5129 2391 5208 Colb.
2423 5138 2476 5208 et
2504 5129 2765 5207 Gemmet.
2792 5127 2842 5186 l,
2872 5126 3070 5208 quiade
3090 5139 3147 5176 eo
3179 5123 3579 5208 ζείξναιιίξιῃιιί

365 5191 572 5264 videtur
591 5224 657 5262 ex
683 5191 1038 5272 Xenophonte
1069 5207 1160 5260 lib.
1196 5221 1250 5259 tv
1275 5191 1809 5274 ”Αὲὶομνημοὶέυμ.
1863 5221 1917 5272 p.

2023 5191 2308 5274 (Gemmet.
2331 5199 2382 5263 1,
2401 5199 2660 5274 et)7serm7o
2689 5191 2932 5264 jactavit.
2951 5193 3226 5274 Gemmet.
3259 5191 3294 5243 2
3319 5201 3373 5246 et
3394 5191 3575 5246 Germ.

367 5279 487 5343 790,
521 5279 641 5331 ἐπεὶ
669 5279 761 5331 καὶ
785 5267 852 5330 τὸ*
877 5277 1084 5329 ἐκείνου
1119 5267 1919 5347 (Σωκράτους)-μεμνῆσθαιμῂ

1611 5267 1831 5347 ινῆςςθσιιΔ
2022 5267 2076 5331 2,
2099 5283 2215 5336 quw
2236 5268 2298 5320 de
2319 5283 2376 5320 eo
2401 5267 2725 5336 referendum
2753 5267 3177 5347 sermojactavit.

364 5340 648 5420 παρόντος,
666 5349 749 5420 0ύῄ
784 5347 955 5420 μικρά
999 5340 1196 5420 ὠφελεί
1225 5340 1349 5420 τοὺς
1379 5340 1632 5420 easeas;
1676 5340 1738 5420 τε
1775 5340 1921 5413 αὐτῷ

2093 5350 2203 5418 (15)
2243 5350 2418 5410 Colb.,
2462 5351 2667 5402 minora
2692 5362 2788 5420 Δυοε
2814 5345 3089 5420 (usurpate.
3121 5340 3386 5420 Germ.72,
3417 5341 3577 5420 mini-

367 5411 618 5473 συνεῖναι.
636 5411 755 5471 Cui
785 5411 927 5471 haud
954 5411 1180 5471 multum
1213 5415 1458 5470 absimilc
1492 5415 1653 5469 habet
1681 5413 1835 5468 Plato
1865 5411 1919 5468 In
2023 5411 2111 5472 ma
2137 5411 2327 5472 credite
2345 5436 2422 5470 me
2445 5420 2652 5470 audisse
2667 5417 2728 5468 de
2747 5415 3009 5467 maximis.
3029 5413 3289 5467 Gemmet.
3314 5411 3368 5473 2,
3388 5411 3580 5464 credite

366 5489 648 5553 Phaedone,
678 5503 732 5556 ι).
766 5486 853 5539 58.
942 5555 957 5556 7
1002 5555 1029 5556 77
1111 5555 1117 5556 7
1171 5553 1217 5556 __
1304 5555 1311 5556 7
1412 5547 1440 5556 _
1521 5551 1541 5556 _
1593 5551 1609 5556 _
1704 5552 1729 5556 _
1771 5553 1802 5556 __
1870 5553 1887 5556 _
2020 5498 2069 5543 et
2098 5491 2317 5540 minima
2342 5489 2568 5540 audisse.
2605 5474 2958 5556 lnt‘ra'Germ.
2999 5483 3054 5547 2,
3080 5491 3328 5556 excultus
3353 5497 3384 5532 a
3409 5480 3575 5556 gobis.

436 5561 510 5630 (5)
540 5547 753 5630 Regi-us
782 5556 818 5609 2
847 5563 900 5609 et
921 5555 1073 5612 Colb.
1109 5553 1176 5622 3,
1197 5554 1233 5609 ἃ
1262 5555 1359 5625 μὲν
1383 5547 1494 5607 οὖν.
1521 5551 1666 5607 Infra
1692 5552 1842 5608 Colb.
1863 5553 1916 5619 2,
2020 5559 2172 5630 Colb.
2199 5557 2513 5630 Gemmet.}
2544 5563 2598 5630 et
2629 5553 2682 5621 2,
2714 5555 3041 5630 exhortatus.
3079 5551 3196 5630 Mox
3211 5548 3580 5630 Germ.‘2,7per

367 5621 661 5695 ἀπὶστῆτεῖ
751 5667 755 5670 -
1150 5621 1153 5622 ⁷
1191 5694 1209 5695 77
1264 5621 1275 5625 ⁷
1330 5692 1376 5695 __
1473 5693 1482 5695 _
1508 5692 1519 5695 _
1658 5694 1665 5695 7
1851 5693 1858 5695 7
2019 5626 2287 5695 epistolas.
2315 5625 2440 5695 Mox
2463 5623 2767 5695 Colb.,non
2789 5622 3082 5695 (aqualibus
3102 5621 3198 5674 sim
3222 5621 3416 5673 meritis
3441 5621 3576 5687 ejus.

708 5667 755 5748 2.
773 5695 861 5751 hic
880 5704 932 5752 et
953 5696 1111 5761 infra,
1133 5694 1304 5766 μόλις.
1330 5692 1451 5748 Mox
1472 5692 1635 5758 idem,
1652 5694 1750 5748 ὅσα
1764 5695 1808 5748 δ’
1829 5693 1913 5749 ἄν.
1974 5764 1992 5776 7
2019 5663 2021 5674 Α

2019 5647 2287 5695 eptswtas.
2316 5647 2440 5677 mox
2463 5647 2639 5687 UUlU.,
2668 5647 2767 5675 mm
2789 5647 3077 5690 thuutwua
3102 5647 3106 5671 ε

1540 5694 1750 5758 amnica
1764 5695 1808 5748 δ’
1829 5693 1913 5749 ἄν.
1974 5764 1992 5776 7
2021 5695 2180 5765 lbid.,
2213 5696 2323 5763 ejus
2351 5694 2503 5748 deest
2534 5694 2587 5748 in
2620 5693 2885 5748 Gemmet.
2921 5693 2945 5745 1
2977 5701 3028 5746 et
3054 5691 3106 5743 2.
