3966 6226
339 313 434 370 8U

1671 307 1826 364 VITA
1871 308 1930 362 S.
1965 299 2270 362 IANTONII.

3467 299 3575 361 842

339 427 678 504 Χριστιανῶν
710 425 886 482 αὐτῶν
913 425 1100 490 ὅντων,
1129 425 1526 499 Χριστιανικώς
1555 425 1792 496 ἀνήγετο
1813 424 1905 476 καὶ

2016 421 2155 476 tibus
2183 420 2471 484 oriundus,
2499 419 2936 474 Christianorum
2966 429 3020 475 et
3053 420 3168 492 ipse
3197 436 3348 476 ntere
3373 422 3574 476 educa-

339 519 520 584 αὗτός.
563 520 671 574 Καὶ
702 519 909 574 παιδίον
939 519 1037 588 μὲν
1074 517 1150 570 ὣν
1170 558 1185 582 ,
1216 518 1471 589 ἐτρέφετο
1501 516 1652 586 παρὰ
1678 519 1789 578 τοῖς
1816 532 1907 583 γο-

337 609 506 674 νεῦσι,
539 608 699 663 πλέον
719 608 898 662 αὐτῶν
927 611 1018 662 καὶ
1045 610 1137 662 τοῦ
1165 609 1313 662 οἴκου
1342 608 1509 680 μηδὲν
1537 607 1722 680 ἕτερον
1739 607 1904 674 γινώ-

340 719 482 756 σκων
501 719 514 732 ·
563 701 748 772 ἐπειδὴ
769 701 824 754 δὲ
848 702 936 755 καὶ
971 701 1207 774 αὐξήσας
1229 701 1444 770 ἐγένετο
1467 704 1611 764 παῖς,
1648 703 1742 754 καὶ
1771 718 1905 770 προ-

339 795 534 848 ἐκοπτε
550 795 614 865 τῇ
635 792 836 864 ἡλικίᾳ,
855 793 1156 864 γράμματα
1184 793 1280 864 μὲν
1311 792 1498 863 μαθεῖν
1509 793 1608 844 οὐκ
1629 792 1903 861 ἠνέσχετο,

341 883 660 954 βουλόμενος
688 883 840 946 ἐκτὸς
857 879 994 936 εἶναι
1017 885 1109 938 καὶ
1131 883 1230 954 τῆς
1257 883 1390 954 πρὸς
1405 884 1530 946 τοὺς
1559 883 1751 946 παῖδας
1779 899 1904 934 συν-

339 974 525 1046 ηθείας
544 989 558 1004 ·
577 975 672 1044 τὴν
694 975 748 1028 δὲ
771 973 1059 1044 ἐπιθυμίαν
1079 975 1258 1028 πᾶσαν
1278 971 1410 1044 εἱχε,
1430 973 1570 1028 κατὰ
1590 972 1650 1026 τὸ
1664 989 1906 1043 γεγραμ-

340 1065 497 1136 μένον
527 1065 654 1134 περὶ
685 1064 775 1118 τοῦ
820 1063 1012 1118 Ἰακὼὸ
1045 1064 1155 1136 (24)
1181 1103 1195 1130 ,
1224 1064 1298 1128 ὡς
1333 1065 1606 1128 ἄπλαστος
1647 1067 1814 1118 οἰκεῖν
1847 1067 1904 1116 ὲν

337 1157 400 1227 τῇ
448 1155 592 1227 οἰκίᾳ
625 1155 808 1209 αὐτοῦ.
870 1156 1138 1228 Συνήγετο
1174 1156 1356 1228 μέντοι
1406 1156 1542 1226 μετὰ
1571 1157 1676 1210 τῶν
1705 1155 1904 1224 γονέων

335 1247 394 1299 ὲν
436 1246 514 1316 τῷ
553 1245 834 1318 Κυριακῷ·
873 1247 962 1300 κα).
998 1247 1121 1300 οὔτε
1149 1249 1224 1311 ὡς
1257 1251 1384 1311 παῖς
1414 1247 1749 1319 ἐρρᾳθύμει,
1782 1246 1902 1300 οὔτε

335 1335 408 1400 ὼς
441 1341 505 1406 τῇ
537 1336 720 1408 ἡλικίᾳ
754 1337 1074 1407 προκόπτων
1103 1338 1456 1409 κατεφρόνει*
1488 1337 1625 1390 ἀλλὰ
1663 1339 1757 1391 καὶ
1791 1341 1906 1400 τοῖς

335 1422 584 1492 γονεῦσιν
628 1423 992 1488 ῦπετάσσετο,
1031 1425 1123 1478 καὶ
1154 1428 1264 1488 τοῖς
1296 1425 1684 1496 ἀναγνώσμασι
1736 1443 1904 1498 προσ-ι

337 1515 496 1584 έχων,
524 1514 620 1586 τὴν
652 1513 710 1579 ἐξ
734 1515 908 1588 ab:th
933 1517 1195 1585 ὠφέλειαν
1223 1519 1278 1569 ὲν
1307 1517 1415 1586 (25)
1444 1516 1618 1588 ἑαυτῴ
1648 1517 1900 1587 διετήρει.

336 1605 473 1658 Οῦτε
498 1607 554 1660 δὲ
581 1607 742 1660 πάλιν
767 1583 992 1671 ὡς’παῖς
1015 1610 1072 1660 ἐν
1098 1609 1292 1680 μετρίᾳ
1319 1609 1600 1680 περιουσίᾳ
1623 1611 1906 1680 τυγχάνων

336 1699 566 1770 ἠνώχλει
597 1703 708 1765 τοῖς
740 1701 954 1770 γονεῦσι
989 1701 1238 1773 ποικίλης
1276 1701 1370 1754 καὶ
1399 1700 1719 1765 πολυτελοῦς
1744 1703 1906 1756 ἕνεκα

2013 522 2099 570 tus
2131 522 2234 568 est.
2292 515 2369 568 Ae
2403 513 2580 570 intratis
2619 513 2797 568 adhuc
2825 527 2951 565 cum
2989 522 3164 579 esset,
3199 515 3272 570 ita
3305 514 3448 585 apud
3482 531 3572 585 pa-

2011 618 2188 662 rentes
2223 607 2587 671 nutriebatur,
2617 613 2676 660 ut
2703 615 2896 674 praeter
2917 603 3038 658 illos
3059 613 3114 659 et
3141 605 3364 660 domum
3391 615 3576 662 nosset

2011 698 2166 754 nihil.
2213 697 2406 754 Postea
2433 714 2558 753 vero
2589 714 2750 766 quam
2780 697 3074 752 crescendo
3105 712 3237 767 puer
3261 695 3437 752 factus
3469 705 3572 759 est,

2011 801 2173 862 atque
2214 801 2373 848 aetate
2425 794 2730 860 processit,
2769 791 2964 847 litteris
3011 791 3220 846 institui
3259 794 3476 856 renuit,
3517 801 3574 846 ut

2011 899 2300 954 puerorum
2331 885 2666 940 consortium
2701 893 2863 953 atque
2892 882 3338 939 consuetudinem
3367 883 3575 937 devita-

2013 981 2126 1040 ret;
2164 981 2446 1044 totumque
2476 973 2636 1045 633
2664 973 2988 1028 desiderium
3021 973 3074 1026 in
3101 987 3166 1026 co
3198 973 3431 1042 positum
3475 973 3576 1026 Ita-

2011 1064 2194 1129 bcbat,
2233 1073 2290 1120 ut
2323 1065 2586 1134 scriptum
2619 1074 2703 1120 cst
2732 1066 2797 1121 de
2821 1063 3045 1130 Jacobo,
3079 1073 3136 1117 ut
3167 1063 3394 1133 simplex
3425 1063 3572 1118 domi

2013 1157 2390 1210 remaneret“.
2419 1155 2555 1210 Cum
2581 1157 2893 1227 parentibus
2917 1171 3042 1210 vero
3065 1155 3116 1208 iu
3137 1153 3418 1210 Dominico
3441 1169 3541 1207 con
3558 1181 3576 1192 -

2013 1247 2262 1302 rentibus
2292 1248 2478 1302 aderat
2503 1266 2516 1302 :
2548 1264 2724 1318 neque
2751 1263 2875 1302 cum
2905 1263 3040 1317 puer
3071 1257 3214 1302 esset
3235 1247 3350 1301 otio
3369 1245 3578 1300 dililue-

2009 1338 2134 1402 bat,
2167 1353 2343 1408 neque
2388 1348 2488 1392 tcta
2515 1353 2546 1392 e
2570 1353 2888 1408 progressus
2918 1347 3256 1406 contemptor
3278 1345 3428 1402 erat;
3467 1337 3578 1390 ium

2011 1443 2136 1482 vero
2157 1427 2473 1496 pereuntibus
2495 1435 2612 1480 erat
2633 1429 2956 1496 obsequens,
2981 1435 3035 1480 et
3061 1426 3381 1480 lectionibus
3405 1435 3568 1479 atten-

2010 1527 2120 1584 tus,
2143 1533 2330 1572 earum
2373 1518 2426 1572 in
2458 1533 2518 1574 se
2547 1516 2783 1573 fructum
2821 1519 3196 1573 conservabat.
3240 1515 3427 1586 Neque
3455 1533 3548 1570 rur

2009 1625 2130 1664 sum
2159 1611 2284 1664 licet
2313 1611 2366 1663 in
2403 1621 2489 1665 sat
2527 1609 2714 1681 pingui
2745 1609 2959 1665 fortuna
2983 1649 3001 1675 ,
3055 1626 3222 1680 puer,
3259 1609 3578 1678 parentibus

2010 1701 2142 1755 lauti
2173 1713 2335 1772 atque
2366 1701 2496 1755 varii
2525 1703 2630 1758 cibi
2664 1719 2828 1758 causa
2854 1744 2868 1769 ,
2897 1712 3016 1758 erat
3046 1705 3386 1772 importunus
3411 1743 3428 1767 ,
3477 1719 3579 1756 uec

336 1791 540 1860 epecpﬁ;
559 1829 574 1853 ,
605 1791 728 1844 οῦτε
759 1795 856 1856 τὰς
883 1794 946 1845 ἐκ
971 1792 1171 1864 ταύτης
1191 1793 1383 1864 ἡδονὰς
1407 1791 1584 1863 ἐζήτει
1601 1809 1614 1824 ·
1650 1789 1828 1864 μόνοις
1853 1794 1908 1847 δὲ

2016 1793 2121 1846 ullo
2151 1793 2312 1847 modo
2331 1791 2606 1870 ejusmodi
2636 1794 2892 1862 voluptati
2917 1793 3130 1849 deditus
3155 1811 3170 1848 :
3195 1792 3292 1848 sed
3339 1792 3578 1848 inventis

336 1869 416 1938 οἷς
441 1876 702 1948 ηὕρισκεν
730 1879 974 1949 ἠρκεῖτο,
1003 1882 1096 1934 καὶ
1129 1880 1286 1934 πλέον
1309 1881 1459 1934 οὐδὲν
1483 1881 1683 1952 ἐζήτει.

405 1968 458 2022 2.
504 1969 658 2023 Μετὰ
686 1969 742 2022 δὲ
769 1969 859 2024 τὸν
889 1971 1115 2025 θάνατον
1150 1971 1256 2025 τῶν
1285 1973 1486 2040 γονέων
1506 2012 1520 2036 ,
1552 1971 1715 2036 αὐτὸς
1749 1973 1910 2042 μόνος

336 2059 660 2132 κατελείφθη
693 2060 830 2130 μετὰ
863 2063 990 2131 μιᾶς
1021 2062 1365 2135 βραχυτάτης
1407 2063 1641 2134 ἀδελφῆς
1667 2079 1680 2093 ·
1712 2064 1806 2118 κα)¹
1841 2059 1908 2135 ἦν

337 2149 472 2204 ἐτῶν
498 2153 662 2219 ἐγγὺς
685 2151 814 2206 δέκα
840 2153 931 2206 καὶ
951 2153 1114 2221 ὀκτὼ,
1142 2154 1174 2225 ἢ
1209 2155 1300 2208 καὶ
1329 2153 1500 2207 εἴκοσι
1521 2152 1780 2224 γεγονὼς,
1814 2156 1912 2208 αὺ-

334 2243 425 2308 τός
455 2260 514 2296 τε
546 2244 642 2313 τῆς
668 2244 841 2307 οἰκίας
866 2245 960 2298 καὶ
987 2247 1085 2317 τῆς
1113 2245 1346 2316 ἀδελφῆς
1375 2245 1708 2318 ἐφρόντιζεν.
1745 2244 1909 2299 Οὔπω

333 2337 392 2391 δὲ
429 2337 596 2408 μῆνες
637 2335 695 2400 ἒξ
729 2336 1005 2408 παρῆλθον
1033 2337 1127 2392 τοῦ
1167 2337 1396 2390 θανάτου
1427 2338 1536 2390 τῶν
1575 2337 1778 2406 γονέων
1809 2337 1908 2390 αὺ-

333 2426 430 2481 τοῦ
463 2425 605 2496 (26),
654 2427 746 2479 καὶ
779 2425 918 2480 κατὰ
950 2427 1010 2482 τὺ
1061 2429 1249 2492 εἰωθὸς
1283 2429 1682 2500 προερχόμενος
1727 2429 1806 2492 είς
1847 2429 1908 2481 τὸ

334 2519 633 2592 κυριακὸν,
669 2521 762 2572 καὶ
793 2519 1040 2588 συνάγων
1070 2520 1260 2576 ἑαυτοῦ
1294 2520 1392 2592 τὴν
1423 2521 1658 2575 διάνοιαν
1681 2560 1696 2584 ,
1731 2521 1907 2590 ἐλογί-

335 2606 828 2684 ξετο.περιπατῶν,
859 2611 976 2676 πῶς
1008 2613 1058 2666 οί
1093 2613 1189 2682 μὲν
1224 2611 1509 2666 ἀπόστολοι
1537 2612 1714 2666 πάντα
1743 2629 1908 2665 κατα-

335 2701 582 2768 λιπόντες
611 2703 978 2775 ἠκολούθησαν
1005 2703 1080 2774 τῷ
1108 2705 1351 2776 Σωτῆρι·
1386 2706 1435 2758 οἱ
1467 2705 1525 2758 δὲ
1552 2707 1608 2758 ὲν
1627 2709 1745 2770 ταῖς
1761 2707 1909 2777 Πρά-

335 2795 452 2862 ξεσι
491 2797 794 2860 πωλοῦντες
820 2798 888 2850 τὰ
909 2796 1115 2851 ἑαυτῶν
1141 2797 1335 2868 ἔφερον
1387 2799 1478 2852 καὶ
1521 2799 1728 2852 ἐτίθουν
1761 2801 1907 2871 παρὰ

335 2889 462 2952 τοὺς
489 2889 654 2953 πόδας
680 2889 787 2942 τῶν
810 2889 1140 2952 ἀποστόλων,
1181 2891 1262 2954 είς
1293 2891 1524 2944 διάδοσιν
1561 2891 1666 2945 τῶν
1715 2893 1905 2964 χρείαν

2011 1893 2320 1952 contentus,
2351 1886 2488 1940 nihil
2523 1887 2661 1940 ultra
2688 1885 3018 1956 requirebat.

2082 1977 2136 2030 2.
2163 1975 2294 2032 Post
2335 1989 2616 2048 parentum
2645 1986 2826 2032 autem
2859 1977 3063 2032 obitum
3085 2017 3102 2043 ,
3130 1976 3279 2033 solus
3302 1991 3426 2032 eum
3460 1978 3577 2032 sola

2015 2083 2204 2124 sorore
2232 2068 2520 2124 admodum
2545 2085 2708 2139 parva
2735 2070 2973 2134 relictus,
3007 2085 3130 2124 cum
3160 2069 3346 2124 decem
3373 2078 3428 2124 et
3451 2079 3576 2123 octo

2009 2160 2093 2216 vel
2125 2160 2310 2230 viginti
2343 2176 2610 2216 annorum
2637 2173 2801 2224 esset.
2831 2161 3027 2216 domus
3056 2162 3370 2229 sororisque
3387 2176 3577 2215 curam

2007 2250 2195 2319 gessit.
2258 2249 2364 2304 Sex
2392 2259 2571 2304 autem
2605 2249 2846 2304 nondum
2881 2251 3087 2304 exactis
3117 2249 3396 2304 mensibus
3418 2265 3449 2304 a
3481 2265 3579 2320 ρο-

2010 2346 2223 2392 rentum
2257 2339 2402 2393 exitu
2427 2379 2443 2406 ,
2472 2355 2594 2394 cum
2630 2339 2696 2394 de
2735 2355 2886 2394 more
2913 2340 2982 2394 ad
3009 2338 3350 2396 Dominiculn
3385 2355 3578 2410 proce-

2009 2429 2192 2495 deret,
2238 2439 2400 2498 atque
2436 2445 2620 2485 secum
2663 2431 2849 2485 animo
2877 2431 3175 2502 cogitaret,
3217 2446 3326 2500 qua
3367 2430 3580 2488 ratione

2009 2522 2239 2591 apostoli
2271 2522 2476 2577 relictis
2503 2523 2760 2578 omnibus
2791 2524 2962 2578 secuti
3001 2533 3128 2577 sunt
3149 2523 3484 2578 Salvatoretn
3513 2523 3576 2589 ἐ,

2008 2621 2062 2665 ct
2089 2611 2182 2681 qui
2221 2612 2272 2665 in
2304 2613 2530 2666 Artibus
2560 2613 2931 2682 apostolorum
2957 2655 2972 2678 ,
3009 2616 3244 2671 venditis
3275 2615 3579 2685 possessio-

2008 2703 2169 2758 nibus
2191 2745 2206 2768 ,
2241 2705 2408 2773 pretia
2459 2705 2754 2759 aﬂ‘erehaut
2778 2706 2844 2759 ad
2877 2706 3040 2776 pedes
3069 2707 3440 2776 apostolorum
3463 2749 3481 2774 ,
3519 2719 3579 2764 ut

2008 2793 2192 2861 egenis
2221 2791 2678 2847 distribuerentur
2697 2796 2739 2825 "
2772 2813 2786 2848 :
2819 2811 2916 2849 nec
2939 2811 3046 2850 non
3073 2811 3318 2864 quaenam
3349 2808 3579 2866 quanta-

2005 2896 2114 2950 que
2138 2881 2258 2937 istis
2281 2896 2402 2952 spes
2425 2883 2478 2936 in
2502 2883 2654 2938 cmlis
2677 2884 2912 2953 reposita
2936 2885 3039 2951 sit;
3071 2885 3186 2940 haec
3207 2901 3392 2940 secum
3415 2902 3580 2956 repu-

336 2977 568 3048 ἑχόντων
591 3017 608 3043 ,
643 2977 726 3041 τίς
753 2995 810 3032 τε
835 2978 928 3031 καὶ
964 2979 1102 3050 πόση
1136 2978 1344 3042 τούτοις
1383 2979 1538 3044 ἐλπὶς
1577 2981 1636 3034 ὲν
1664 2981 1908 3051 οὐρανοῖς

2016 2985 2134 3027 tans
2155 3015 2170 3040 ,
2204 2973 2256 3027 iu
2299 2973 2583 3028 ecclesiam
2631 2974 2928 3044 ingreditur
2949 3013 2963 3037 ,
2999 2974 3332 3044 contigitque
3369 2983 3429 3030 ut
3461 2984 3576 3032 qu:

335 3071 643 3125 ἀπόκειται.
693 3070 876 3124 Ταῦτα
898 3071 960 3142 δὴ
984 3071 1398 3143 ἐνθυμούμενος,
1427 3073 1672 3144 εἰσῆλθεν
1702 3076 1782 3138 εἰς
1813 3075 1912 3145 τὴν

339 3161 660 3234 ἐκκλησίαν,
733 3163 828 3216 καὶ
854 3161 1050 3234 συνέϐη
1081 3163 1204 3218 τότε
1243 3165 1304 3218 τὸ
1345 3165 1670 3234 Εὑαγγέλιον
1720 3166 1912 3234 ἀναγι-

335 3251 659 3316 νώσκεσθαι,
689 3252 783 3306 καὶ
811 3252 1008 3324 ἤκουσε
1031 3253 1125 3306 τοῦ
1157 3253 1359 3326 Κυρίου
1375 3253 1622 3322 λέγοντος
1647 3254 1722 3326 τῷ
1747 3254 1909 3307 πλου-

337 3345 471 3415 σίῳ·
507 3347 579 3400 Ei
629 3344 822 3410 θέλεις
871 3343 1102 3411 τέλειος
1126 3340 1310 3410 εἶναι,
1353 3345 1565 3415 ὕπαγε,
1623 3345 1912 3413 πώλησον

333 3435 533 3488 πάντα
560 3435 633 3488 τὰ
664 3434 1016 3504 ὑπάρχοντά
1040 3452 1139 3489 σοι
1174 3435 1319 3505 (27),
1355 3437 1452 3490 καὶ
1490 3437 1596 3503 δὸς
1632 3439 1907 3508 πτωχοῖς,

334 3521 436 3576 καὶ
457 3521 635 3590 δεῦρο
659 3522 973 3576 ἀκολούθει
993 3539 1091 3590 μοι
1118 3563 1132 3584 ,
1176 3523 1274 3576 καὶ
1313 3522 1464 3588 ἕξεις
1510 3524 1815 3592 onerat-per
1842 3526 1910 3578 ἐν

333 3613 634 3682 οὐρανοῖς.
683 3613 742 3666 ὐ
773 3613 828 3666 δὲ
869 3612 1169 3678 Ἀντώνιος,
1215 3613 1403 3684 ὥσπερ
1446 3613 1629 3668 θεόθεν
1662 3615 1911 3688 ἐσχηκὼς

329 3705 430 3778 τὴν
455 3703 565 3758 τῶν
597 3703 766 3773 ἁγίων
801 3705 1044 3776 μνήμην,
1074 3707 1167 3759 καὶ
1201 3706 1276 3769 ὡς
1315 3705 1381 3758 δι’
1429 3705 1592 3759 αὑτὸν
1617 3709 1906 3776 γενομένου

2013 3063 2360 3134 Evangelium
2385 3065 2670 3134 legeretur,
2704 3075 2758 3120 et
2783 3066 2988 3120 audivit
3010 3064 3300 3121 Dominum
3328 3067 3478 3121 diviti
3503 3069 3580 3122 illi

2013 3157 2217 3210 dixisse
2249 3175 2263 3210 :
2299 3155 2358 3212 Si
2387 3157 2462 3210 eis
2492 3157 2750 3227 perfectus
2776 3173 2922 3222 esse,
2978 3157 3103 3210 rade
3123 3197 3140 3223 ,
3195 3157 3352 3212 vende
3401 3162 3580 3212 omnia

2013 3264 2130 3318 qua:
2161 3249 2316 3302 habes
2337 3290 2351 3314 ,
2383 3259 2431 3303 et
2468 3249 2537 3302 da
2566 3249 2904 3320 pauperibus,
2953 3259 3002 3303 et
3027 3251 3138 3304 veni
3161 3289 3178 3316 ,
3215 3267 3423 3320 sequere
3453 3267 3531 3304 me
3557 3270 3578 3306 .'

2011 3351 2060 3394 et
2111 3340 2321 3395 habebis
2374 3341 2679 3396 thesaurum
2708 3343 2762 3395 in
2793 3341 2934 3395 ralis
2968 3343 3032 3398 ".
3091 3343 3362 3398 Antonius
3415 3357 3579 3412 porro

2014 3431 2174 3500 quasi
2213 3431 2473 3485 divinitus
2514 3431 2759 3486 immissa
2797 3431 2900 3486 sibi
2936 3441 3080 3486 esset
3116 3440 3426 3487 sanctorum
3461 3449 3578 3487 me-

2013 3523 2216 3592 moria,
2251 3535 2304 3579 et
2333 3525 2486 3595 quasi
2519 3525 2602 3580 sui
2635 3541 2800 3581 causa
2830 3527 2966 3582 lecta
2997 3527 3086 3580 illa
3114 3526 3364 3593 fuissent,
3385 3542 3576 3598 egres—

2013 3631 2108 3671 sus
2145 3618 2547 3687 quamprimum
2581 3633 2644 3672 ex
2679 3616 2961 3672 Dominico
2983 3661 2996 3685 ,
3031 3633 3168 3687 quas
3200 3633 3230 3672 a
3279 3617 3576 3687 majoribus

2011 3707 2204 3762 habuit
2237 3709 2612 3777 possessiones
2643 3711 2819 3778 (erant
2848 3719 3026 3763 autem
3058 3709 3130 3763 illi
3157 3723 3334 3764 arurze
3363 3718 3575 3764 trecen-

1695 3821 1937 3876 VERSIO
1974 3813 2274 3877 EVAGRII.

331 3943 416 4007 est
447 3933 514 3988 de
541 3933 727 4007 Jacob,
757 3935 1363 3990 iimocenterhabitabat
1392 3935 1537 4007 domi
1564 3955 1575 3990 :
1601 3935 1666 3989 ad
1691 3936 1972 3990 ecclesiam
2003 3953 2222 4007 quoque
2262 3954 2381 3992 cum
2417 3938 2729 4006 parentibus
2777 3953 2918 4007 stepe
2957 3937 3285 3992 conveniens
3305 3977 3320 4000 ,
3359 3951 3460 3991 nec
3491 3935 3575 3991 in-

333 4005 548 4078 fantum
576 4006 848 4070 lascivias,
869 4023 966 4062 nec
997 4023 1284 4078 puerorum
1318 4006 1696 4078 negligentiam
1740 4007 1854 4078 (28)
1890 4005 2200 4063 sectabatur
2229 4027 2240 4062 :
2276 4009 2368 4062 sed
2402 4005 2608 4062 tantum
2649 4025 2711 4063 ea
2742 4005 2867 4078 quae
2891 4009 3207 4078 legebantur
3233 4008 3570 4078 auscultans,

335 4075 626 4128 utilitatem
659 4087 1046 4147 pra-ceptoruut
1077 4079 1197 4130 vitae
1223 4076 1560 4147 institutione
1589 4075 1868 4136 servabat;
1901 4094 2007 4130 non
2043 4079 2179 4142 suis,
2222 4086 2282 4132 ut
2315 4077 2453 4133 solet
2487 4079 2576 4132 illa
2599 4089 2732 4133 aetas
2755 4075 2774 4143 ζ
2795 4094 2891 4147 pro
2909 4075 3073 4132 variis
3095 4088 3148 4132 et
3168 4077 3410 4132 delicatis
3435 4077 3572 4132 ciliis

334 4161 580 4266 uanpam
629 4146 785 4267 tlaedio
829 4147 968 4226 fuit;
1001 4161 1110 4226 non
1149 4162 1288 4201 escae
1323 4145 1588 4202 mollioris
1629 4147 1998 4202 blandimenta
2038 4157 2280 4204 sectatus
2321 4157 2438 4216 est,
2485 4149 2568 4203 his
2603 4145 2931 4218 solum—quan
2957 4150 3226 4203 dabantur
3251 4155 3568 4211 contentus,

334 4229 386 4266 nl
413 4231 450 4266 ιι
509 4229 632 4267 :unn
657 4229 740 4267 IIIS
772 4225 1072 4267 reuulsum.

330 4215 474 4266 nihil
509 4215 740 4283 :uuplius
772 4215 1072 4283 requisivit.

401 4233 474 4266 un
509 4233 592 4266 :un
638 4233 740 4268 nus
772 4233 842 4268 ret
870 4233 919 4268 ιιι
959 4233 1072 4270 ινιι.

401 4285 460 4338 2.
499 4233 632 4338 Fosi:
667 4233 892 4338 IliOl‘leilll
926 4233 1108 4340 :utem
1135 4295 1421 4354 parentum
1443 4328 1457 4350 ,
1489 4300 1757 4340 annorum
1789 4285 2004 4339 circiter
2030 4283 2215 4339 decem
2253 4294 2306 4339 et
2350 4293 2472 4340 octo
2507 4301 2601 4340 scu
2633 4286 2816 4354 viginti
2838 4327 2853 4346 ,
2893 4300 3017 4340 cum
3062 4301 3249 4340 sorore
3277 4285 3570 4342 admodum

327 4354 562 4424 parvula
593 4355 902 4418 derelictus,
923 4365 978 4409 et
998 4356 1191 4410 domus
1218 4365 1272 4409 et
1293 4357 1497 4411 sororis
1526 4357 1806 4412 honestam
1835 4357 1946 4424 (2‘))
1971 4371 2158 4410 curam
2187 4357 2407 4424 gerebat
2433 4374 2445 4408 :
2474 4357 2699 4408 necdum
2740 4372 2868 4410 vero
2909 4371 3002 4410 sex
3029 4354 3295 4410 ﬂuxerant
3335 4373 3572 4420 tuenses,

327 4423 539 4496 quibus
571 4424 638 4496 ad
669 4425 953 4496 ecclesiam
974 4463 990 4489 ,
1020 4434 1078 4478 ut
1115 4427 1325 4496 solebat
1350 4441 1642 4480 accurrens
1665 4467 1680 4490 ,
1712 4423 2105 4496 recordabatur
2143 4423 2416 4496 quoume
2458 4439 2510 4479 et
2543 4427 2772 4496 apostoli
2793 4465 2810 4486 ,
2858 4425 3112 4481 omnibus
3141 4427 3366 4496 spretis,
3403 4429 3572 4482 secuti

325 4491 570 4564 inissent
607 4491 938 4564 Salvatorem
968 4512 983 4548 :
1009 4503 1062 4548 et
1095 4495 1246 4549 multi
1270 4534 1284 4556 .
1319 4495 1370 4549 in
1401 4496 1626 4550 Actibus
1649 4497 2015 4564 apostolorum
2037 4537 2050 4556 ,
2085 4491 2434 4550 facultatibus
2463 4491 2863 4558 suis'veuditis,
2895 4497 3064 4564 pretia
3091 4491 3352 4564 ad'pcdes
3381 4511 3570 4551 eorum

323 4562 654 4635 detulissent
677 4563 956 4635 egentibus
983 4567 1279 4633 partienda,
1309 4582 1492 4634 quaeve
1519 4573 1610 4620 aut
1635 4562 1836 4635 quanta
1862 4582 1984 4634 spes
2015 4565 2202 4620 iisdem
2231 4567 2461 4634 reposita
2486 4579 2628 4620 esset
2657 4567 2709 4619 in
2732 4562 2908 4620 caelis.
2927 4563 3075 4618 Talia
3116 4562 3298 4620 secum
3330 4567 3571 4624 volvens.

325 4631 562 4704 intravit
582 4632 636 4685 in
667 4631 950 4688 ecclesiam
973 4631 1108 4704 (50),
1136 4643 1190 4688 et
1218 4631 1414 4689 accidit
1443 4647 1500 4689 ut
1520 4631 2024 4704 tunc—Evangeliqu
2045 4631 2327 4704 legeretur,
2353 4637 2404 4690 in
2435 4653 2544 4704 quo
2569 4635 2832 4690 Dominus
2863 4635 2995 4688 dicit
3021 4637 3086 4688 ad
3113 4635 3330 4690 divitem
3363 4655 3376 4689 :
3405 4636 3466 4690 Si
3501 4636 3572 4688 vis

319 4703 598 4775 perfectus
635 4719 743 4775 esse
761 4741 776 4764 ,
809 4703 937 4775 vade
955 4742 974 4775 ι
997 4713 1045 4756 et
1067 4703 1228 4757 vende
1254 4705 1431 4758 omnia
1467 4715 1556 4758 tua
1581 4703 1899 4775 quacunque
1920 4708 2076 4758 habes
2095 4703 2116 4766 ζ
2135 4715 2186 4758 et
2215 4708 2286 4758 tia
2307 4703 2644 4775 pauperibus,
2673 4716 2722 4759 et
2751 4704 2888 4766 aeui,
2920 4721 3130 4775 sequere
3161 4721 3261 4761 me.
3293 4715 3341 4758 et
3362 4705 3572 4758 habebis

323 4771 640 4824 thesaurum
667 4774 721 4825 in
749 4773 912 4827 caelis.
943 4771 1062 4840 Quo
1091 4775 1313 4838 audito,
1345 4776 1502 4844 quasi
1541 4771 2140 4845 di'vinitus'hujusmodi
2173 4771 2651 4830 aute‘me'moriam
2679 4771 3045 4844 concepisset,
3079 4787 3133 4829 et
3159 4775 3321 4829 veluti
3354 4785 3574 4844 propter

399 4890 446 4920 ²²
485 4887 622 4942 Gen.
659 4903 784 4954 xxv,
807 4888 896 4942 27.
974 4889 1018 4920 ⁸³
1055 4885 1243 4942 Matth.
1276 4903 1350 4954 tv,
1379 4885 1468 4940 20.
1511 4886 1555 4918 ’δ
1592 4885 1712 4942 Act.
1742 4905 1811 4950 Iv,
1843 4887 1932 4944 55.

396 4983 532 5054 (24)
561 4980 690 5054 Post
719 4984 1123 5054 γεγραμμένον,
1153 4983 1284 5054 editi
1308 4992 1362 5036 et
1393 4983 1612 5052 quidam
1639 4999 1770 5054 mss.
1803 4999 1903 5036 πε-
1930 4989 1974 5043 D

319 5055 379 5124 ρ).
407 5051 547 5124 τοῦ
583 5051 1024 5124 ’ίακὼϐίιίεϋειιμ
1055 5055 1148 5109 sed
1185 5053 1298 5124 lucc
1327 5051 1524 5108 desunt
1551 5054 1604 5106 in
1639 5051 1808 5124 Regio
1835 5055 1899 5122 2,

315 5121 486 5178 Coll).
519 5122 576 5176 2.
605 5121 729 5176 Mox
755 5123 910 5176 Colb.
941 5123 994 5184 2,
1021 5121 1232 5177 ἑαυτοῦ.

397 5192 520 5264 ('25)
564 5193 842 5264 _’Ev_tleest
881 5194 934 5246 iu
971 5193 1104 5264 Reg.
1141 5197 1164 5264 1
1199 5201 1254 5248 et
1283 5193 1338 5246 2.

395 5259 520 5332 (25)
562 5261 619 5316 In
647 5261 780 5331 Reg.
813 5263 848 5315 2
875 5271 930 5316 et
955 5259 1107 5318 Coll).
1135 5263 1172 5316 2
1220 5261 1386 5316 αὑτοῦ
1428 5263 1526 5332 dce
1557 5270 1596 5314 t.
1634 5259 1756 5314 Mox
1783 5274 1904 5314 om-

319 5331 424 5388 nes
462 5335 586 5404 fere
605 5333 981 5404 manuscript},
1001 5333 1427 5404 ιῖιιροερχιηιενοςἶ
1445 5331 1610 5404 Editi,
1631 5331 1904 5404 παρερχό-

321 5420 537 5474 μενοςη
573 5401 704 5474 Ibid.
741 5401 900 5474 colli.
924 5402 980 5468 2,
1015 5401 1507 5474 συναγαγὼνηΜυι
1555 5401 1757 5472 Regius
1788 5403 1824 5453 2
1851 5411 1904 5456 et

317 5471 492 5544 Coll):
509 5471 718 5544 2.]τερὶ
734 5472 946 5544 πάντων
979 5489 1077 5543 pro
1105 5471 1442 5544 περιπατῶν.

397 5543 523 5612 (27)
563 5538 770 5611 Regius
801 5538 1006 5611 primus
1039 5551 1094 5596 et
1137 5538 1412 5605 Yatican.,
1449 5538 1726 5612 σουἈΜνοχ
1778 5539 1904 5610 qui—

315 5613 453 5668 datu
493 5609 631 5668 tnss.
652 5609 1002 5675 curn—editis,
1027 5613 1086 5664 ὲν
1117 5615 1230 5675 τοῖς
1255 5612 1522 5675 οὐρανοῖς.
1561 5609 1664 5666 Sed
1703 5609 1906 5664 articu-

319 5627 453 5668 nam
493 5627 631 5668 mss.
667 5627 792 5665 ουιιι
824 5627 1002 5675 cuius,
1027 5627 1086 5664 εν
1117 5627 1230 5675 τοῖς
1255 5627 1314 5666 ου
1392 5627 1522 5675 νοις.
1561 5627 1664 5666 aeu
1703 5627 1904 5664 aI'lIClI-

319 5683 567 5760 μισ-τοῖς
605 5684 763 5760 deest
791 5680 843 5760 in
877 5680 1006 5749 Heg.
1039 5685 1094 5746 i,
1126 5685 1182 5747 2,
1220 5692 1274 5737 et
1299 5627 1454 5738 ἔδυ.
1481 5681 1538 5749 2,
1579 5695 1680 5737 nec
1710 5681 1904 5750 legitur

319 5754 380 5814 in
413 5751 615 5810 Graeco
639 5751 934 5817 Scriptura:
963 5761 1128 5806 textu.

623 5848 898 5904 mmet.
943 5843 1059 5903 Gn.
1105 5845 1334 5910 XXVI.
3187 5835 3262 5897 Ἦ

2011 4889 2054 4920 ¹⁸
2093 4887 2281 4944 Matth.
2312 4903 2426 4956 six,
2456 4888 2546 4942 2i.

2075 4985 2189 5054 (28)
2227 4985 2408 5049 Colb.,
2440 4985 2806 5055 negligentias.
2839 4981 2982 5038 Infra
3007 4980 3222 5055 ﬂetum.
3255 4979 3309 5055 2,
3336 4995 3437 5032 non
3464 4995 3574 5055 suis

2001 5047 2110 5108 otio
2131 5047 2256 5108 laeta
2295 5047 2403 5109 illa
2423 5047 2725 5108 arta-sihlox
2761 5063 2877 5124 post
2912 5053 3067 5108 taedio
3103 5052 3226 5120 fuit,
3257 5047 3466 5104 Gemm.
3517 5051 3572 5116 5,

2003 5143 2104 5178 non
2131 5126 2302 5178 vestiti
2327 5127 2584 5178 attollioris
2617 5125 2972 5177 blandimenta
3008 5134 3233 5174 sectatus
3257 5131 3356 5174 est.

2073 5197 2184 5266 (29)
2208 5196 2403 5266 βου...
2423 5196 2556 5249 satis
2589 5197 2879 5266 honestam.
2901 5193 3043 5245 Idem
3075 5207 3220 5254 mox,
3242 5189 3568 5266 eﬂluxerum.

2005 5259 2138 5320 Ibid.
2165 5259 2406 5320 'Gemm.
2443 5266 2495 5328 I,
2529 5264 2716 5333 quibus
2750 5273 2866 5330 post
2887 5269 3129 5333 _mortem
3179 5271 3477 5333 parentum,
3502 5259 3573 5312 ad

2001 5335 2296 5396 ecclesiam.
2336 5345 2441 5389 etc.
2469 5327 2568 5388 Cui
2623 5327 2822 5386 acciuit
2870 5331 3090 5386 Graecus
3135 5327 3338 5383 textus.
3371 5327 3572 5382 Ibidem

2005 5405 2184 5466 Colb.,
2217 5421 2514 5458 occurrens.
2543 5401 2710 5456 Paulo
2741 5401 2881 5456 infra
2915 5401 3068 5462 editi,
3099 5409 3148 5452 et
3185 5398 3340 5452 multi
3360 5408 3418 5452 ut
3443 5399 3576 5468 legi-

2014 5483 2100 5526 tur
2129 5477 2185 5528 iu
2211 5475 2378 5534 Actis,
2413 5487 2548 5526 mss.
2587 5486 2797 5528 omnes.
2829 5471 2981 5524 multi
3009 5472 3064 5521 in
3089 5469 3326 5523 Actibus.

2083 5545 2194 5616 (50)
2227 5543 2327 5616 _Sic
2351 5541 2501 5616 (ιρις).
2522 5541 2744 5616 _Gemm.
2781 5541 2816 5592 2
2847 5551 2902 5594 et
2931 5541 2983 5593 5.
3016 5540 3122 5616 Alii
3149 5549 3205 5594 et
3235 5538 3576 5616 editi,_intra-

2010 5607 2100 5668 vit‘
2129 5607 2421 5666 eéclesiani.
2453 5609 2599 5666 Infra
2627 5624 2818 5664 omnes
2839 5627 2996 5676 mss.,
3035 5613 3366 5676 thesaurum,
3390 5609 3446 5662 iis
3473 5624 3575 5662 ca:-

2009 5685 2096 5738 lis.
2123 5683 2285 5750 Editi,
2321 5681 2376 5734 in
2405 5679 2554 5734 emta.
