3966 6226
446 359 583 417 "847

1076 359 1131 416 S.
1174 358 1546 416 ATHANASII
1581 358 1730 413 OPP.
1772 356 1953 413 PARS
1982 356 2024 410 ἰ.
2063 383 2136 397 -
2168 352 2543 410 HISTOBICA
2579 350 2666 405 ET
2717 349 3135 406 DOGllATICA.

3604 345 3711 404 818

475 478 906 544 ditatus"fuerat,
950 478 1067 533 haec
1111 478 1339 550 exsequi
1379 484 1631 544 conatus,
1682 477 1834 531 illum
1863 476 2037 547 primo

2145 492 2272 528 τειν·
2296 475 2388 529 καὶ
2415 475 2474 527 τ’)
2503 474 2600 545 μὲν
2658 470 2874 543 πρῶτον
2925 468 3212 536 ἐπείραζεν
3241 466 3402 520 αὐτὸν
3454 464 3562 519 ἀπὸ
3611 466 3709 535 τῆς

476 589 545 630 ex
575 573 944 629 asceticavita
972 572 1241 627 deducere
1272 572 1518 635 tentavit,
1554 569 1830 625 submissa
1868 568 2043 623 facul-

477 672 652 721 tatum
700 665 985 727 memoria,
1031 664 1238 720 sororis
1276 662 1664 727 sollicitudine,
1703 662 1919 732 generis
1955 661 2040 715 sui

477 757 894 821 consuetudine,
946 756 1304 811 neeuniarum
1359 763 1415 810 et
1458 754 1645 823 gloriae
1687 752 1987 823 cupiditate
2023 793 2039 819 ,

477 848 613 904 varii
644 849 861 904 et’lauti
893 847 1002 903 cibi
1044 848 1339 917 voluptate,
1374 862 1475 901 nec
1502 861 1611 901 non
1644 846 1811 901 variis
1843 844 2041 899 remis-

478 941 642 996 sioris
677 940 801 995 vitae
849 938 1256 1004 blandimentis,
1287 948 1451 1008 atque
1483 939 1704 992 demum
1753 937 2044 1006 asperitate

471 1032 712 1096 virtutis,
746 1049 869 1103 qua:
896 1032 1031 1087 tanti
1058 1031 1261 1087 laboris
1305 1039 1452 1086 esset
1490 1048 1503 1083 :
1546 1028 1876 1098 sulijiciebat
1909 1028 2037 1082 item

473 1125 723 1196 corporis
748 1124 1140 1188 inﬁrmitatem,
1167 1122 1430 1190 temporis
1453 1121 1889 1175 diuturnitatem.
1920 1117 2041 1173 Uno

476 1218 646 1273 verbo
674 1217 944 1287 ingentem
979 1217 1036 1269 in
1060 1223 1240 1269 mente
1269 1214 1442 1284 ipsius
1466 1212 1723 1267 excitavit
1748 1212 2041 1283 cogitatio-

472 1327 609 1367 num
652 1310 951 1381 pulverem,
983 1318 1044 1365 ut
1081 1324 1113 1364 a
1156 1317 1307 1363 recto
1342 1314 1600 1363 avocaret
1632 1306 1901 1360 instituto.
1944 1303 2043 1360 Ve-

474 1418 596 1458 rum
633 1417 694 1459 se
732 1402 1087 1456 inﬁrmiorem
1135 1399 1485 1469 conspicatus
1537 1397 1794 1452 inimicus
1820 1438 1835 1463 ,
1874 1411 2039 1467 quam

472 1503 537 1552 ut
581 1494 801 1550 Antonii
848 1494 1190 1564 propositum
1238 1499 1543 1558 everteret;
1595 1490 1706 1545 imo
1740 1505 1872 1546 vero
1920 1505 2043 1545 sese

472 1586 625 1642 illius
658 1586 967 1642 constantia
987 1584 1286 1646 devictum,
1322 1591 1377 1638 et
1408 1597 1605 1653 magna
1657 1583 1761 1637 title
1812 1583 2042 1637 subver-

474 1686 812 1747 sum,-atque
855 1677 1139 1732 cadentem
1179 1675 1417 1731 assiduis
1474 1673 1697 1728 Antonii
1748 1674 2039 1743 precibus;

469 1776 590 1823 tum
623 1765 863 1822 conﬁsus
884 1765 951 1819 iis
983 1780 1104 1835 quae
1127 1764 1185 1817 in
1216 1762 1464 1817 umbilico
1491 1762 1687 1816 ventris
1718 1762 1800 1815 sui
1840 1771 1963 1816 sunt
1997 1762 2040 1793 ¹⁹

2142 567 2426 637 ἀσκήσεως
2455 566 2809 632 καταγαγεῖν,
2844 561 3160 617 ὑποϐἀλλων
3206 560 3422 629 μνήμην
3446 556 3553 609 τῶν
3575 573 3707 627 κτη-

2146 657 2352 729 μάτων,
2385 657 2483 725 τῆς
2513 655 2744 725 ἀδελφῆς
2775 654 2871 723 τὴν
2903 649 3250 724 κηδεμονίαν,
3275 648 3370 703 τοῦ
3398 650 3584 720 γένους
3611 650 3709 719 τὴν

2141 750 2477 820 οίκειότητα,
2532 746 2913 817 φιλαργυρίαν,
2966 741 3295 813 φιλοδοξίαν,
3352 741 3557 813 τροφῆς
3598 740 3708 810 (50)

2143 840 2244 911 τὴν
2303 839 2550 908 ποικίλην
2610 837 2819 909 ἡδονὴν,
2875 836 2969 889 καὶ
3013 838 3112 899 τὰς
3163 834 3329 897 ἄλλας
3374 835 3584 897 ἀνέσεις
3616 831 3710 886 τοῦ

2149 932 2284 1002 βίον,
2321 930 2415 984 καὶ
2443 930 2594 993 τέλος
2624 928 2684 982 τὸ
2710 927 2882 999 τραχὺ
2926 927 3025 999 τῆς
3076 925 3298 997 ἀρετῆς,
3335 926 3427 978 καὶ
3449 924 3712 1003 ὡςπολὺς

2144 1024 2314 1094 αὐτῆς
2341 1024 2488 1077 ἐστιν
2518 1024 2545 1075 6
2564 1021 2742 1083 πόνος·
2777 1020 2869 1072 τοῦ
2899 1036 2959 1071 τε
2991 1018 3237 1089 σώματος
3280 1018 3380 1088 τὴν
3432 1016 3711 1070 ἀσθένειαν

2149 1114 2449 1179 ὑπετίθετο,
2485 1115 2579 1168 καὶ
2626 1112 2719 1167 τοῦ
2743 1111 2932 1183 χρόνου
2977 1110 3039 1163 τὸ
3093 1110 3284 1179 μῆκος.
3320 1109 3429 1162 Καὶ
3455 1107 3588 1173 ὅλως
3613 1125 3711 1162 πο-

2146 1205 2241 1257 λὺν
2262 1206 2480 1276 ἤγειρεν
2511 1203 2660 1274 αὺτῷ
2711 1201 2983 1273 κονιορτὸν
3006 1198 3278 1269 λογισμῶν
3302 1199 3360 1250 ὲν
3391 1200 3456 1268 τῇ
3483 1196 3710 1270 διανοίᾳ,

2142 1296 2311 1349 θέλων
2345 1296 2509 1349 αὑτὸν
2562 1292 3056 1364 ἀποσχοινίσαιτῆς
3108 1289 3276 1362 ὀρθῆς
3320 1289 3708 1361 προαιρέσεως.

2155 1388 2239 1453 Ὠς
2266 1387 2323 1441 δὲ
2351 1385 2490 1442 εἶδεν
2540 1387 2730 1440 ἑαυτὸν
2762 1389 2791 1439 6
2842 1384 3033 1456 ἐχθρὸς
3058 1382 3387 1436 ἀσθενοῦντα
3431 1380 3567 1452 πρὸς
3611 1381 3711 1450 τὴν

2140 1480 2232 1532 τοῦ
2270 1478 2548 1533 Ἀντωνίου
2578 1477 2858 1550 πρόθεσιν,
2891 1478 2985 1530 καὶ
3020 1476 3218 1547 μᾶλλον
3249 1475 3442 1530 ἑαυτὸν
3478 1474 3589 1544 (51)
3610 1492 3711 1528 κα-

2140 1571 2569 1642 ταπαλαιόμενον
2625 1570 2729 1623 ὑπὸ
2778 1571 2876 1641 τῆς
2929 1569 3137 1622 ἐκείνου
3194 1569 3568 1640 στερρότητος,
3620 1567 3713 1620 καὶ

2140 1663 2578 1736 ἀνατρεπόμενον
2604 1665 2671 1733 τῇ
2704 1660 2870 1733 πολλῇ
2912 1660 3113 1723 πίστει,
3156 1659 3251 1712 καὶ
3302 1659 3567 1713 πίπτοντα
3590 1661 3711 1722 ταῖς

2146 1756 2420 1826 συνεχέσιν
2460 1756 2743 1809 Ἀντωνίου
2777 1755 3120 1827 προσευχαῖςο
3160 1752 3280 1805 τότε
3341 1752 3405 1822 δὴ
3455 1755 3568 1814 τοῖς
3616 1751 3709 1804 ἐπ’

475 1856 643 1911 armis
678 1856 855 1925 iisque
886 1854 1150 1925 gloriatus
1177 1870 1190 1906 :
1222 1867 1344 1923 quae
1379 1851 1588 1922 priores
1631 1859 1761 1906 sunt
1798 1851 1918 1921 ejus
1946 1852 2037 1906 ad-

2145 1847 2416 1917 ὀμφαλοῦ
2483 1847 2744 1918 γαστρὸς
2806 1846 2992 1909 ὅπλοις
3050 1844 3264 1897 ἑαυτοῦ
3311 1843 3562 1916 θαρρῶν,
3615 1843 3711 1897 καὶ

472 1945 1096 2003 νοτευειαϐοιεεοθηιεε
1148 1942 1382 2006 insidiae,
1434 1941 1690 2012 juvenem
1742 1941 1989 1997 adoritur
2021 1983 2038 2010 ,

475 2040 640 2113 636
664 2046 826 2094 noctu
858 2036 1294 2108 perturbationes
1324 2035 1591 2099 excitans,
1630 2032 1863 2088 interdiu
1911 2050 2040 2090 vero

475 2134 548 2186 ita
576 2131 861 2197 infestans,
911 2136 972 2183 ut
1019 2129 1113 2199 qui
1160 2141 1285 2182 eum
1338 2134 1643 2193 cernerent,
1685 2125 2037 2181 commissam

464 2226 617 2288 inter
644 2233 939 2293 utrumque
987 2235 1224 2291 pugnam
1267 2220 1631 2274 adverterent.
1680 2216 1771 2273 Ille
1800 2233 2040 2288 namque

462 2315 737 2370 obscenas
781 2311 1139 2383 cogitationes
1180 2309 1538 2378 subjiciebat;
1587 2307 1676 2362 hic
1713 2322 1808 2363 eas
1859 2308 2037 2377 preci-

463 2405 574 2461 bus
623 2402 848 2474 fugabat
883 2421 898 2458 :
950 2402 1204 2457 titillabat
1247 2401 1371 2466 ille,
1409 2400 1499 2455 hic
1531 2414 1629 2455 ceu
1664 2399 1994 2455 erubescens
2022 2440 2036 2467 ,

464 2479 597 2564 fide,
634 2496 909 2566 precibus,
937 2494 1164 2565 jejuiiiis
1199 2509 1400 2562 corpus
1434 2491 1761 2547 muniebat:
1804 2492 2040 2547 sustine-

470 2588 567 2644 bat
586 2588 753 2642 miser
781 2585 1033 2641 diabolus
1067 2584 1150 2639 vel
1194 2584 1442 2639 mulieris
1488 2582 1721 2638 formam
1759 2592 1921 2638 noctu
1958 2583 2040 2636 in—

470 2682 679 2746 duere,
700 2678 1022 2748 feminaeque
1050 2685 1235 2748 gestus
1270 2675 1497 2740 imitari,
1528 2675 1827 2730 Antonium
1858 2684 1916 2729 ut
1939 2674 2038 2728 de-

470 2774 804 2843 eiperet;at
835 2768 1236 2825 ille~Cliristum
1267 2769 1537 2840 cogitans,
1594 2783 1660 2822 ac
1709 2776 1931 2837 propter
1976 2767 2040 2820 il-

404 2872 407 2883 '
471 2865 584 2921 lum
616 2864 955 2920 nobilitatem
998 2861 1552 2932 spiritualitatemque
1609 2859 1805 2913 animae
1850 2872 2037 2914 secum

470 2968 754 3030 reputans,
797 2956 1089 3012 carbonem
1122 2954 1267 3008 illius
1311 2951 1541 3006 fallaciae
1585 2950 1859 3006 restinxit.
1896 2948 2040 3004 Rur-

472 3065 595 3106 sum
639 3047 960 3118 suggerebat
1014 3045 1270 3099 inimicus
1312 3043 1608 3112 voluptatis
1656 3042 1978 3098 suavitatem
2019 3060 2034 3109 ;

473 3140 566 3195 ille
594 3137 859 3193 iracundo
887 3150 952 3189 ac
993 3134 1242 3188 mmrenti
1283 3132 1498 3196 similis,
1542 3131 1684 3202 ignis
1729 3134 2036 3187 commina-

468 3231 675 3287 tionem
705 3236 866 3299 atque
896 3226 1096 3282 vermis
1126 3224 1425 3280 crueiatum
1470 3223 1744 3291 cogitabat
1777 3243 1791 3279 :
1835 3224 2035 3294 quibus

471 3320 575 3391 ipsi
601 3319 866 3390 oppositis
904 3319 1020 3372 inec
1070 3315 1379 3385 praeteribat
1419 3314 1644 3371 illaesus.
1676 3314 1811 3382 Quae
1849 3316 2035 3370 omnia

469 3410 666 3481 pudori
701 3421 862 3465 erant
899 3406 1232 3463 adversario.
1273 3403 1409 3459 Nam
1451 3405 1544 3475 qui
1580 3406 1806 3475 putabat
1830 3420 1890 3461 se
1919 3404 2032 3461 Deo

470 3502 703 3558 similem
729 3517 852 3557 esse
880 3515 1058 3571 posse,
1093 3499 1162 3553 ab
1204 3497 1547 3553 adolescente
1582 3497 1698 3567 jam
1731 3497 2035 3552 deludeba-

465 3603 601 3651 tur:
635 3605 690 3650 et
715 3593 809 3666 qui
837 3594 1098 3649 adversus
1135 3605 1356 3646 carnem
1382 3598 1437 3644 et
1472 3588 1796 3660 sanguinem
1835 3590 2037 3661 gloria-

2143 1938 2492 2011 καυχώμενος
2524 1939 2617 1992 ἐπὶ
2647 1937 2853 2004 τούτοις
2886 1937 3097 2010 (ταῦτα
3124 1936 3232 2010 γάρ
3268 1938 3414 1991 ἐστιν
3444 1934 3608 1993 αὐτοῦ
3639 1935 3710 1989 τα

2143 2030 2331 2102 πρῶτα
2351 2030 2488 2085 κατὰ
2505 2028 2612 2084 τῶν
2632 2031 2910 2101 νεωτέρων
2931 2029 3162 2100 ἐνέδρα),
3189 2029 3545 2101 προσέρχεται
3569 2025 3709 2084 κατὰ

2139 2122 2233 2175 τοῦ
2260 2122 2545 2193 νεωτέρου,
2575 2122 2766 2185 νυκτὸς
2816 2122 2911 2192 μὲν
2938 2121 3098 2174 αὑτὸν
3131 2120 3394 2192 θορυϐῶν,
3424 2120 3545 2191 μεθ’
3573 2122 3709 2192 ἠμέ-

2145 2232 2242 2286 ραν
2263 2215 2318 2269 δὲ
2344 2215 2518 2279 οὕτως
2547 2215 2798 2285 ἐνοχλῶν,
2829 2215 2904 2277 ὡς
2952 2214 3045 2267 καὶ
3086 2215 3211 2277 τοὺς
3258 2213 3494 2285 ὁρῶντας
3523 2213 3705 2268 αἰσθέ-

2143 2307 2267 2361 σθαι
2298 2307 2395 2378 τὴν
2424 2307 2710 2377 γινομένην
2752 2305 3073 2377 ἀμφοτέρων
3132 2303 3327 2375 πάλην.
3374 2304 3431 2357 '0
3472 2304 3568 2374 μὲν
3600 2301 3707 2377 γὰρ

2142 2399 2407 2453 ὑπέϐαλλε
2436 2400 2726 2470 λογισμοὺς
2763 2398 3059 2470 ῥυπαροὺς,
3096 2399 3124 2450 6
3155 2396 3212 2450 δὲ
3242 2398 3359 2460 ταῖς
3391 2397 3576 2467 εὐχαῖς
3612 2398 3706 2450 ἀν-

2142 2491 2334 2563 έτρεπε
2361 2491 2600 2555 τούτουςο
2631 2490 2724 2544 καὶ
2754 2492 2781 2544 ὁ
2808 2490 2905 2561 μὲν
2925 2487 3300 2560 ἐγαργάλιξεν,
3322 2489 3351 2540 6
3380 2488 3458 2553 δὲ,
3483 2488 3559 2551 ὠς
3586 2490 3706 2560 ἐρυ-

2142 2581 2297 2656 θριᾷν
2320 2581 2511 2648 δοκῶν,
2546 2584 2612 2652 τῇ
2641 2582 2820 2635 πίστει
2849 2583 2942 2635 καὶ
2994 2582 3112 2644 ταῖς
3141 2581 3324 2650 εὐχαῖς
3358 2580 3450 2632 καὶ
3472 2578 3584 2651 (52)
3610 2597 3704 2651 vr,-

2144 2673 2344 2737 στείαις
2368 2673 2595 2744 ἐτείχιζε
2626 2674 2688 2726 τὸ
2720 2673 2897 2743 σῶμα·
2925 2673 3017 2726 καὶ
3041 2673 3070 2724 ὁ
3103 2672 3199 2742 μὲν
3229 2670 3472 2735 διάϐολος
3499 2672 3703 2742 ὑπέμε-

2142 2782 2231 2820 νεν
2259 2767 2287 2818 6
2311 2765 2491 2829 ἄθλιος
2523 2764 2615 2819 καὶ
2638 2764 2712 2827 ὡς
2732 2763 2865 2834 γυνὴ
2892 2760 3318 2833 σχηματίζεσθαι
3366 2760 3579 2823 νυκτὸς,
3617 2760 3707 2813 καὶ

2141 2856 2322 2909 πάντα
2366 2856 2567 2927 τρόπον
2626 2853 2927 2924 μιμεῖσθαι,
2960 2851 3117 2923 μόνον
3163 2850 3248 2904 ἵνα
3301 2850 3390 2903 τὸν
3427 2850 3706 2903 Ἀντώνιον

2141 2947 2418 3018 ἀπατήσῃ·
2446 2948 2474 2999 6
2494 2945 2550 2998 δὲ
2583 2945 2672 2998 τὸν
2721 2942 2952 3015 Χριστὸν
3001 2942 3420 3012 ἐνθυμούμενος,
3470 2942 3583 2994 καῖ’
3609 2941 3705 3012 τὴν

2140 3038 2208 3092 δι’
2242 3038 2402 3093 αὐτὸν
2427 3039 2722 3107 εὐγένειαν,
2748 3037 2841 3091 καὶ
2869 3037 2929 3090 τὸ
2973 3037 3156 3107 νοερὸν
3195 3036 3293 3107 τῆς
3341 3035 3522 3107 ψυχῆς
3566 3035 3706 3105 λογι-

2143 3132 2385 3203 ζόμενος,
2413 3131 2744 3185 ἅπεσϐέννυε
2772 3131 2862 3185 τὸν
2887 3129 3131 3202 ἄνθρακα
3187 3129 3286 3200 τῆς
3334 3129 3541 3182 ἐκείνου
3570 3129 3705 3184 πλά-

2141 3242 2257 3296 νης.
2285 3223 2537 3279 Πάλιντε
2582 3224 2611 3277 6
2663 3224 2758 3296 μὲν
2803 3222 2991 3294 ἐχθρὸς
3021 3221 3287 3277 ὑπέϐαλλε
3337 3222 3397 3276 τὸ
3444 3222 3586 3275 λεῖον
3609 3223 3705 3291 τῆς

2139 3319 2353 3390 ἡδονῆς
2385 3320 2413 3373 6
2449 3318 2526 3384 δὲ,
2560 3318 2893 3388 ὀργιζομένῳ
2921 3318 3015 3370 καὶ
3036 3316 3356 3387 λυπουμένῳ
3381 3315 3590 3378 ὲοικὼς,
3610 3315 3705 3385 τὴν

2140 3411 2366 3484 ἀπειλὴν
2390 3410 2484 3465 τοῦ
2507 3411 2674 3482 πυρὸς
2699 3411 2794 3464 καὶ
2822 3409 2913 3463 τοῦ
2950 3408 3230 3479 σκώληκος
3274 3408 3369 3461 τὸν
3411 3409 3572 3461 πόνον
3617 3410 3705 3461 ὲν-

2139 3502 2407 3574 εθυμεῖτο·
2433 3505 2526 3557 καὶ
2547 3502 2835 3566 ἀντιτιθεὶς
2858 3500 3045 3567 ταῦτα,
3063 3500 3291 3554 διέϐαινε
3316 3500 3523 3554 τούτων
3547 3499 3705 3553 ἀϐλα-

2139 3592 2259 3664 ϐής.
2278 3588 2387 3646 Ἧν
2414 3593 2471 3646 δὲ
2490 3592 2661 3647 ταῦτα
2686 3591 2863 3645 πάντα
2884 3590 3019 3662 πρὸς
3044 3590 3304 3661 αἰσχύνην
3333 3590 3591 3661 γινόμενα
3612 3588 3703 3644 τοῦ

1803 3702 2053 3760 VERSIO
2090 3705 2392 3761 EVAGRII.

466 3799 650 3874 primo
677 3797 897 3883 quidem
925 3807 1160 3880 tentans,
1186 3795 1578 3883 _si.quo‘modo
1603 3802 1803 3883 posset
1834 3796 2150 3883 abarrepto
2174 3815 2297 3854 eum
2332 3799 2582 3853 instituto
2608 3798 2912 3883 detrahere,
2945 3798 3274 3883 imminebat
3301 3798 3349 3883 ei
3385 3793 3703 3878 memoriam

471 3867 906 3942 possessionum,
937 3869 1146 3942 sororis
1168 3867 1564 3942 defensionem,
1597 3867 1811 3942 generis
1831 3867 2204 3942 nobilitatem,
2260 3885 2501 3923 amorem
2558 3884 2779 3942 rerum,
2807 3870 3007 3942 ﬂuxam
3042 3869 3222 3925 saeculi
3246 3867 3531 3942 _gloriam,
3568 3879 3705 3942 esca:

467 3935 676 3997 variam
704 3940 1135 4004 delectationem,
1164 3947 1220 3993 et
1243 3938 1450 4007 reliqua
1477 3935 1965 4008 vitzeremissioris
1989 3938 2356 3993 blandimenta
2380 3956 2394 4005 ;
2431 3948 2708 4008 posti-emo
2736 3941 2951 3995 virtutis
2976 3941 3207 3994 arduum
3238 3938 3423 4003 ﬁnem,
3454 3945 3509 3991 et
3529 3935 3705 3989 niaxi-

467 4027 620 4066 mum
645 4010 995 4081 perveniendi
1018 4009 1279 4081 laborem,
1311 4005 1410 4081 nec
1430 4020 1540 4081 non
1568 4013 1620 4060 et
1644 4005 1890 4081 corporis
1942 4006 2288 4081 fragilitatem
2319 4005 2660 4080 suggerebat,
2691 4018 2745 4063 et
2776 4011 2950 4064 uitatis
2982 4010 3153 4078 spatia
3183 4008 3444 4081 prolirai
3480 4019 3705 4075 prorsus
3797 4035 3814 4053 ς

469 4074 766 4135 maximam
801 4080 849 4134 ei
878 4079 1272 4149 cogitationum
1301 4075 1937 4149 caligiiienisuseitabat,
1977 4074 2161 4134 volens
2193 4094 2318 4133 eum
2347 4074 2577 4134 a'ieeto
2633 4080 2912 4148 proposito
2951 4074 3208 4134 revocare
3234 4077 3369 4149 (55).
3404 4074 3703 4145 Postquam

469 4162 647 4205 autem
677 4149 927 4204 diabolus
952 4144 1297 4203 orationibus
1323 4147 1442 4216 ejus
1471 4146 1538 4199 ad
1574 4144 1767 4217 Deum,
1794 4159 1890 4214 per
1920 4149 2196 4217 passionis
2221 4149 2379 4203 [idem
2416 4164 2474 4203 se
2508 4144 2772 4203 intellexit
2795 4150 2943 4215 elidi,
2970 4144 3567 4217 consuetaadversum
3586 4158 3706 4217 om-

468 4235 567 4274 nes
591 4221 962 4274 adolescentes
989 4233 1140 4289 arma
1163 4214 1452 4289 arripiens,
1480 4214 1763 4270 nocturnis
1789 4214 2282 4289 euni'inquietabat
2307 4219 2596 4289 illecebris.
2633 4218 2731 4289 (Et
2770 4221 3007 4289 primum
3040 4220 3291 4275 noctibus
3328 4214 3702 4289 infestaumul-

470 4290 700 4360 titudine
719 4297 774 4344 et
808 4288 1055 4360 horribili
1077 4297 1221 4360 metu
1247 4284 1459 4360 sonitus
1481 4300 1605 4360 eum
1653 4284 1928 4360 exagitare
1948 4284 2292 4360 conabatur.)
2327 4287 2428 4360 Per
2452 4289 2595 4360 dies
2616 4284 2788 4343 etiam
2831 4300 2939 4343 tam
2984 4291 3188 4359 apertis
3223 4289 3285 4360 in
3309 4302 3433 4341 eum
3469 4285 3601 4360 telis
3625 4286 3703 4360 ir-

468 4359 693 4439 ruebat,
718 4368 775 4412 ut
796 4359 976 4439 nullus
1001 4358 1299 4439 ambigeret
1329 4356 1461 4426 quin
1496 4354 1779 4439 Antonius
1807 4364 1993 4439 contra
2020 4354 2295 4439 diabolum
2326 4358 2662 4439 dimicaret:
2692 4375 2818 4413 nam
2859 4369 2914 4413 et
2948 4354 3038 4414 ille
3069 4358 3428 4439 cogitationes
3455 4354 3704 4439 sordidas

468 4428 1035 4484 conabaturinserere
1068 4446 1081 4481 :
1111 4424 1173 4481 et'
1197 4427 1284 4481 hic
1312 4424 1404 4481 eas
1436 4434 1593 4480 oratu
1625 4425 1981 4486 submovebat
2015 4429 2237 4483 assiduo
2271 4446 2283 4482 :
2332 4429 2423 4483 ille
2452 4429 2706 4483 titillabat
2738 4445 2934 4485 sensus
2980 4424 3214 4484 naturali
3250 4428 3435 4482 carnis
3461 4424 3658 4480 ardore
3685 4438 3702 4478 :

467 4498 559 4553 liic
591 4498 716 4562 fide,
750 4507 805 4553 et
832 4497 1055 4567 jejuniis
1087 4496 1435 4568 (54)rcorpus
1469 4509 1629 4568 omne
1656 4495 1892 4568 vallabat
1921 4514 1933 4549 :
1964 4496 2053 4551 ille
2075 4514 2170 4567 per
2200 4506 2389 4568 noctes
2414 4500 2466 4552 in
2490 4499 2732 4568 pulchra:
2782 4499 3027 4554 mulieris
3059 4500 3394 4554 vestiebatur
3425 4506 3701 4568 ornatum,

466 4568 616 4624 nulla
646 4565 1189 4648 oiiiitteiisiigmenta
1211 4567 1496 4648 lasciviae“:
1529 4565 1618 4648 hic
1643 4635 1653 4648 Ι
1678 4566 1899 4646 ultrices
1943 4565 2233 4648 gelie'nnre.
2257 4565 2528 4648 ﬂammas,
2592 4577 2647 4622 et
2667 4570 2924 4648 dolorem
2958 4572 3225 4623 vermium
3267 4567 3587 4648 recordans,
3618 4565 3702 4645 in-

463 4651 628 4709 gestae
649 4639 752 4693 sibi
786 4633 1002 4709 libidini
1023 4638 1327 4709 opponebat
1362 4653 1376 4688 :
1437 4636 1548 4709 ille_
1575 4634 1850 4709 lubricum
1882 4633 2287 4709 adolescentiae
2331 4639 2453 4699 iter,
2508 4647 2562 4693 et
2614 4639 2682 4692 ad
2744 4639 2960 4693 ruinam
3017 4640 3176 4694 facile
3204 4635 3585 4709 proponebat:
3615 4633 3701 4688 liic

464 4704 667 4763 {eterna
698 4709 865 4763 futuri
890 4704 1081 4778 judicii
1098 4704 1372 4778 tormenta
1400 4704 1775 4778 considerans,
1798 4713 1853 4759 et
1881 4705 2106 4778 illiesam
2132 4711 2328 4761 anima:
2358 4709 2650 4777 puritatem
2687 4725 2781 4775 per
2811 4718 3145 4764 tentamenta
3169 4704 3441 4762 servabat.
3472 4706 3583 4759 Ista
3610 4720 3705 4778 au-

467 4786 575 4848 tem
594 4778 777 4832 omnia
814 4773 1282 4848 ad'confusionem
1312 4775 1512 4848 diaboli
1544 4774 1744 4828 liebaiit
1783 4791 1798 4829 :
1844 4776 1937 4848 qui
1968 4777 2117 4831 enim
2164 4773 2398 4833 similem
2428 4795 2487 4832 se
2522 4783 2628 4833 Deo
2662 4773 2777 4832 tieri
2834 4794 2995 4848 posse
3043 4778 3412 4839 existimabat,
3461 4789 3609 4848 nunc
3635 4773 3702 4828 ab

462 4847 811 4919 adolescente
835 4847 1262 4919 utgmiserrimus
1294 4845 1650 4900 deludebatur
1681 4861 1694 4897 :
1727 4853 1781 4899 et
1809 4847 1902 4914 qui
1928 4856 2388 4919 _contra__carneni
2443 4858 2509 4919 et
2546 4845 2868 4917 sanguinein
2905 4864 3102 4919 magna
3156 4864 3297 4919 cuni
3338 4846 3703 4919 exsultatione

463 4917 819 4988 gloriabatur,
860 4917 930 4972 ab
957 4917 1175 4971 homine
1208 4930 1427 4971 carnem
1452 4923 1697 4984 gestante
1725 4916 2085 4984 superabatur
2113 4916 2248 4987 (55).
2282 4917 2592 4987 Adjuvabat
2620 4914 2766 4973 enim
2822 4914 3042 4974 servum
3071 4934 3234 4974 suum
3267 4915 3556 4979 Dominus,
3607 4914 3699 4985 qui

541 5031 583 5064 ι’
617 5030 721 5087 Job
755 5046 846 5097 ιι,
882 5031 970 5086 li.

506 5146 669 5270 ..(5οὢ
687 5146 767 5202 lta
806 5145 939 5217 Reg.
962 5146 1000 5200 2
1022 5157 1074 5227 et
1100 5146 1254 5228 ᾳυιι).
1276 5146 1330 5199 2.
1361 5143 1498 5199 Editi
1517 5160 1644 5199 vero
1671 5153 1725 5199 et
1758 5144 1872 5226 alii,
1905 5157 2035 5227 τρυ-
2069 5146 2111 5200 D
2137 5143 2336 5226 desunt
2364 5144 2419 5226 in
2454 5145 2710 5202 omnibus
2744 5162 2878 5202 mss.
2903 5143 3075 5202 Paulo
3099 5160 3240 5216 post,
3274 5146 3701 5227 diabolundeest

506 5235 591 5270 τις.
675 5233 744 5270 οι
781 5228 1133 5270 manuscrioti
1156 5231 1375 5270 omnes.
1425 5215 1660 5270 ἀνέσεις.
1705 5214 1837 5269 editi
1883 5213 2029 5267 αινέ-
2138 5230 2191 5268 in
2232 5217 2488 5270 omnibus
2518 5231 2651 5270 mss.
2681 5215 2823 5270 Infra
2847 5233 2968 5270 uua:
2995 5218 3327 5270 clauduntur
3362 5220 3579 5270 uncinis
3605 5216 3700 5270 de-

462 5213 591 5289 φῆς.
621 5213 744 5272 Mox
781 5213 1133 5286 maiiuscripti
1156 5231 1375 5280 omnes,
1425 5215 1660 5279 ἀνέσεις,
1705 5214 1837 5269 editi
1883 5213 2029 5267 αἰνέ-

2145 5216 2191 5268 in
2232 5217 2488 5289 omnibus
2510 5231 2651 5289 (mss.
2681 5215 2823 5271 Infra
2847 5233 2968 5287 qua:
2995 5213 3327 5273 clauduntur
3362 5217 3579 5272 uncinis
3605 5216 3700 5272 de-

465 5304 581 5353 σεις
602 5289 762 5341 male.

536 5358 650 5430 (5i)
689 5357 763 5411 Ita
793 5354 925 5430 Reg.
952 5357 989 5411 2
1014 5367 1067 5413 et
1096 5357 1249 5413 Colb.
1283 5358 1342 5411 2.
1374 5355 1517 5411 Editi
1547 5370 1679 5410 vero
1710 5361 1766 5409 et
1791 5352 1887 5407 alii
1916 5367 2028 5407 non

463 5425 667 5483 habent
697 5425 910 5481 ἑαυτόν.

537 5498 667 5570 (5‘2)~
689 5497 831 5570 Haec,
850 5498 1042 5570 εὐχαῖς
1062 5496 1180 5562 καί,
1197 5497 1395 5552 desunt
1421 5495 1474 5550 in
1492 5493 1648 5570 C_olb.
1672 5492 1730 5555 2.
1754 5506 1865 5570 _i_iec
1888 5491 2032 5570 lecta

461 5563 592 5622 sunt
621 5563 690 5622 ab
716 5563 966 5637 Evagrii}.
999 5566 1278 5633 Habentur
1322 5575 1502 5637 autem
1536 5566 1590 5618 in
1620 5564 1876 5619 omnibus
1905 5563 2030 5637 aliis

463 5651 588 5692 cum
609 5639 767 5691 editis
787 5633 899 5691 tum
926 5636 1325 5705 manuscriptis.
1352 5635 1475 5689 Mox
1496 5649 1688 5689 omnes
1712 5649 1872 5696 inss.,
1922 5633 2029 5705 ὑπς

464 5706 673 5776 ἔμενεν.
700 5707 863 5763 Editi.
888 5695 1215 5776 ὑπέμεινενξ
1246 5705 1378 5759 Ibid.
1407 5720 1597 5759 omnes
1623 5719 1780 5769 mss.,
1815 5695 2031 5774 σχημαί

464 5774 732 5844 τίζεσθαι.
759 5775 922 5837 Editi,
951 5774 1052 5842 σχη
1061 5774 1362 5844 ματίζεται.
1512 5793 1519 5797 ·

540 5842 651 5911 (55)
693 5842 835 5907 Haec,
870 5845 1039 5896 volens
1061 5842 1178 5895 eum
1221 5861 1253 5895 a
1281 5852 1417 5896 recto
1450 5845 1715 5913 proposito
1766 5857 2025 5908 revocare,

2135 5295 2263 5339 sunt
2291 5285 2343 5339 in
2375 5286 2630 5341 omnibus
2661 5302 2794 5342 mss.

2208 5355 2323 5424 (54)
2376 5353 2580 5425 Vigiliis
2611 5366 2659 5409 et
2675 5357 2898 5425 jejuniis
2922 5356 3072 5412 editi.
3107 5355 3212 5411 Sed
3240 5356 3433 5425 uigiliis
3462 5356 3614 5411 deest
3644 5354 3697 5408 in

2137 5428 2393 5479 omnibus
2418 5424 2550 5480 mss.
2584 5424 2684 5482 nec
2716 5429 2947 5481 habetur
2976 5429 3030 5481 in
3057 5427 3265 5483 Graeco.
3294 5424 3444 5480 infra
3481 5424 3693 5480 Gemm.

2137 5496 2163 5548 1
2201 5505 2256 5550 et
2279 5496 2335 5558 2,
2360 5497 2553 5565 uermis
2601 5497 2656 5550 iii
2704 5498 2967 5565 singulari
2995 5513 3118 5552 cuni
3144 5496 3353 5551 Graeco.
3384 5495 3551 5557 Editi,
3584 5510 3697 5565 ver.

2137 5567 2322 5618 mium.
2354 5564 2475 5619 Mox
2507 5580 2697 5621 omnes
2729 5564 2886 5627 mss"
2917 5569 3226 5636 cogitationi
3254 5567 3538 5619 libidinum
3563 5564 3698 5633 obji-

2134 5637 2325 5688 ciebat.
2359 5636 2517 5705 inditi,
2545 5637 2759 5705 ingest
2780 5637 2880 5689 sibi
2900 5637 3111 5689 libidini
3137 5637 3443 5705 opponebat.

2205 5706 2314 5773 (55)
2357 5704 2448 5759 Sic
2478 5702 2668 5759 omnes
2700 5723 2829 5759 inss.
2859 5708 3000 5760 la'diti
3028 5702 3177 5767 vero,
3203 5702 3469 5771 serviebat,
3511 5704 3576 5758 ab
3607 5702 3699 5756 Ito-

2104 5792 2109 5797 ‘
2134 5776 2271 5828 mi.:e
2293 5778 2381 5844 qui
2412 5791 2621 5830 carnem
2644 5777 2885 5843 portabat
2916 5777 3074 5830 elisus
3104 5788 3199 5830 est.
