3966 6226
463 314 557 372 861

1789 315 1944 370 νιτΑ
1988 316 2044 372 S.
2083 315 2381 372 ANTONIL

3571 323 3676 381 εθε

462 411 554 465 λλυ
581 418 820 479 γέγονεν.
855 411 966 464 Ούκ
992 409 1297 480 ἑμποδίσεις
1324 413 1381 465 ὲν
1420 409 1592 482 τούτῳ
1619 428 1717 481 μου
1750 411 1846 482 τὴν
1887 429 2012 491 προ-

2116 412 2257 466 bole.
2299 410 2412 466 Hoc
2451 419 2625 466 tecum
2667 421 2754 466 eat
2786 413 2836 466 in
2868 416 3210 480 perditionem
3241 419 3305 474 “.
3342 420 3465 475 Haec
3506 420 3677 472 Anto-

462 503 677 569 6υμίαν,
703 502 932 556 διὰδολε.
958 502 1126 556 Τοῦτο
1153 502 1261 574 γὰρ
1291 505 1386 557 σὺν
1415 503 1496 556 σοὶ
1523 503 1608 574 εἴη
1642 503 1717 574 (5)
1772 506 1858 569 εις
1909 503 2020 556 ἀπ-

459 595 692 647 ώλειαν.
728 593 837 646 Καὶ
873 592 1030 646 τοῦτο
1057 593 1150 647 τοῦ
1192 594 1472 648 Ἀντωνίου
1488 595 1753 664 λέγοντος,
1777 594 2018 661 ἐξέλιπεν

461 685 686 749 ἐκεῖνος,
713 685 843 737 ὡσεὶ
871 682 1076 748 καπνὸς
1107 685 1216 738 ἀπὸ
1246 682 1536 756 προσώπου
1569 685 1760 756 πυρός.

534 774 616 828 ιε.
648 771 778 828 Εἶτα
811 775 970 829 πάλιν
997 776 1098 830 ούκ
1148 776 1226 828 ἔτι
1270 777 1566 846 φαντασίαν
1591 817 1606 840 ,
1660 776 1911 847 ἀληθινὸν
1963 775 2018 828 δὶ

462 866 657 938 χρυσον
679 868 1003 938 ἐρριμμένον
1031 869 1088 920 ἐν
1131 871 1250 930 ταῖς
1277 869 1414 932 ὁδοῖς
1446 867 1686 939 ἑώρακεν
1715 866 2020 938 ἀπερχόμε-

461 972 566 1019 νος.
601 955 722 1009 Εἴτε
761 958 818 1009 δὲ
845 957 937 1010 τοῦ
982 957 1172 1028 ἐχθροῦ
1212 959 1501 1024 δείξαντος.
1533 958 1642 1011 εἴτε
1670 957 1816 1020 τινὸς
1848 952 2020 1029 κρείτ·

457 1063 607 1109 τονος
635 1047 913 1118 δυνάμεως
945 1047 1322 1120 γυμναζούσης
1352 1051 1442 1103 τὸν
1470 1048 1701 1119 ἀθλητὴν
1725 1087 1739 1110 ,
1778 1050 1870 1101 καὶ
1905 1049 2014 1100 δει-

462 1134 722 1206 κνυούσης
750 1137 827 1207 τῷ
857 1138 1104 1209 διαϐόλῳ,
1143 1139 1223 1192 ὅτι
1255 1141 1388 1211 μηδὲ
1422 1140 1527 1192 τῶν
1565 1139 1776 1209 ἀληθῶς
1801 1137 2014 1208 φροντί-

461 1224 541 1288 ζει
579 1229 874 1298 χρημάτων
897 1244 910 1258 ·
947 1227 1068 1282 οὔτε
1112 1231 1272 1293 αὐτὸς
1299 1231 1657 1301 ἀπήγγειλεν,
1695 1227 1818 1282 οὔτε
1860 1228 2017 1298 ἡμεῖς

461 1315 721 1386 ἔγνωμεν,
768 1320 906 1388 πλὴν
936 1320 1017 1374 ὃτι
1066 1323 1263 1392 χρυσὸς
1307 1317 1373 1390 ἦν
1413 1323 1440 1373 ὁ
1488 1321 1824 1390 φαινόμενος.
1871 1319 1926 1371 Ὀ
1961 1317 2018 1370 δὲ

473 1405 752 1472 Ἀντώνιος
794 1410 855 1462 τὸ
906 1410 1004 1480 μὲν
1051 1411 1251 1482 πλῆθος
1294 1411 1631 1480 ἐθαύμασεν,
1681 1411 1755 1474 ὡς
1799 1409 1858 1464 δὲ
1906 1408 2017 1480 πῦρ

457 1499 720 1572 ὑπερϐάς,
753 1500 923 1565 οὕτως
958 1500 1119 1555 αὑτὸν
1149 1502 1228 1572 (6)
1259 1503 1532 1573 παρῆλθεν
1571 1503 1645 1566 ώς
1679 1503 1810 1574 μηδὲ
1847 1519 2014 1573 στρα-

458 1591 658 1660 φῆναιο
699 1591 833 1645 ἀλλὰ
878 1595 970 1646 καὶ
1012 1594 1195 1665 δρόμῳ
1234 1593 1527 1647 σπουδάσαι
1559 1594 1829 1657 τοσοῦτον,
1877 1593 2015 1672 ὥστε

458 1681 659 1751 κρύψαι
695 1683 788 1736 καὶ
817 1683 998 1736 λαϐεῖν
1035 1685 1125 1738 τὸν
1158 1686 1341 1740 τόπον.
1387 1687 1598 1740 Μᾶλλον
1635 1680 1728 1741 οὗν
1760 1687 1852 1740 καὶ
1883 1687 2021 1757 μᾶλ-

454 1769 545 1824 λον
592 1773 858 1838 ἐπιτείνας
899 1775 993 1845 τὴν
1047 1777 1324 1847 πρόθεσιν,
1371 1774 1626 1849 ὥρμησεν
1665 1781 1744 1842 εἰς
1778 1779 1836 1832 τὸ
1868 1779 2010 1850 ὅρος.

457 1862 565 1916 Καὶ
593 1863 938 1937 παρεμϐολὴν
963 1865 1184 1936 ἔρημον,
1225 1868 1316 1920 καὶ
1348 1868 1434 1920 διὰ
1463 1865 1553 1920 τὸν
1590 1867 1776 1939 χρόνον
1813 1868 2015 1938 μεστὴν

454 1955 700 2026 ἑρπετῶν
727 1956 899 2028 εύρὼν
924 1959 1002 2019 εἰς
1032 1957 1089 2010 τὸ
1117 1958 1286 2030 πέραν
1324 1957 1415 2010 τοῦ
1448 1957 1714 2026 ποταμοῦ,
1745 1957 1857 2011 ἐκεῖ
1888 1975 2016 2028 μετ-

459 2047 651 2118 έθηκεν
684 2049 904 2112 ἑαυτὸν,
953 2051 1044 2102 καὶ
1120 2049 1334 2121 ᾤκησεν
1380 2052 1436 2103 ἐν
1486 2050 1641 2120 αὐτῇ.
1683 2049 1760 2101 Τὰ
1797 2047 1892 2120 μὲν
1923 2043 2014 2102 οὖν

455 2139 677 2208 ἑρπετὰ,
717 2139 903 2211 ὥσπερ
928 2142 1070 2195 τινὸς
1095 2140 1398 2204 διώκοντος,
1428 2142 1586 2205 εὐθὺς
1626 2139 1974 2210 ἀνεχώρησαν
1999 2157 2012 2171 ο

452 2231 613 2294 αὐτὸς
640 2230 718 2292 δὲ,
745 2229 840 2302 τὴν
873 2229 1074 2284 εἴσοδον
1098 2231 1432 2302 ἀναφράξας,
1467 2233 1558 2283 καὶ
1581 2231 1777 2302 ἄρτους
1803 2232 1882 2292 εἰς
1915 2229 2014 2299 μῆ-

455 2339 548 2384 νας
597 2321 658 2386 ἒξ
696 2323 1024 2393 ἀποθέμενος
1087 2323 1334 2393 (ποιοῦσι
1361 2325 1416 2376 δὲ
1459 2324 1613 2377 τοῦτο
1647 2323 1888 2391 Θηϐαῖοι,
1921 2321 2014 2374 καὶ

457 2414 711 2477 πολλάκις
735 2415 952 2484 μένουσι
977 2415 1068 2468 καὶ
1105 2417 1222 2469 ὅλον
1260 2415 1498 2469 ἐνιαυτὸν
1535 2414 1847 2481 ἀϐλαϐεῖς),
1877 2413 2014 2483 ἔχων

455 2505 600 2558 ἔνδον
630 2505 791 2576 ὕδωρ,
839 2510 1026 2578 ὥσπερ
1056 2506 1113 2559 ἑν
1148 2507 1366 2579 eadem;
1413 2506 1866 2576 ἐγκαταδυὸμενος
1921 2505 1997 2574 (7)

453 2596 614 2666 μόνος
636 2596 824 2666 ἔμενεν
861 2597 1026 2661 ἔνδον,
1071 2599 1204 2668 μήτε
1249 2599 1406 2662 αὐτὸς
1449 2597 1649 2669 προῖὼν
1678 2637 1693 2660 ,
1736 2598 1867 2668 μήτε
1892 2597 2012 2649 τινὰ

452 2687 560 2739 τῶν
589 2687 894 2758 ἐρχομένων
921 2688 1151 2758 βλέπων.
1183 2691 1350 2752 Αὐτὸς
1381 2690 1477 2759 μὲν
1507 2686 1598 2743 οὖν
1629 2689 1790 2742 πολύν
1823 2689 2011 2760 χρόνον

450 2778 590 2832 οὕτω
623 2779 854 2848 συνῆψεν
875 2780 1208 2851 ἀσκούμενος
1230 2798 1244 2812 ο
1272 2783 1392 2834 κατ’
1423 2783 1663 2834 ἐνιαυτὸν
1688 2782 1845 2851 μόνον
1873 2782 2012 2835 ἄνω-

453 2863 541 2916 θεν
569 2864 676 2917 ἀπὸ
706 2865 802 2917 τοῦ
849 2865 1092 2937 δώματος
1134 2867 1381 2937 δεύτερον
1415 2869 1700 2940 δεχόμενος
1738 2870 1861 2932 τοὺς
1909 2871 2010 2941 ἀρ-

448 2969 580 3016 τους

526 3044 607 3099 13.
652 3046 714 3098 Οἱ
742 3046 799 3098 δὲ
835 3045 970 3119 πρὸς
1020 3047 1179 3101 αὐτὸν
1229 3047 1506 3120 ἐρχόμενοι
1549 3048 1654 3102 τῶν
1687 3050 2004 3122 γνωρίμων,
2035 3081 2074 3136 C

452 3137 573 3189 επεὶ
613 3136 689 3208 μὴ
721 3138 1014 3210 συνεχώρει
1041 3138 1262 3203 τούτους
1295 3141 1578 3208 εἰσελθεῖν,
1613 3141 1716 3209 ἔξω
1750 3143 2006 3206 πολλάκις

445 3225 659 3298 ἡμέρας
703 3229 795 3280 καὶ
824 3228 1022 3291 νύκτας
1053 3229 1349 3294 ποιοῦντες,
1376 3231 1567 3302 ἤκουον
1599 3232 1674 3298 ὡς
1710 3233 1878 3304 ὄχλων
1921 3235 2007 3286 ἓν·

449 3313 536 3368 δον
563 3314 950 3388 θορυϐούντων,
979 3319 1354 3394 κτυπούντων,
1395 3322 1576 3391 φωνὰς
1620 3325 1884 3392 ἀφιέντων
1929 3325 2010 3378 οἰ-

449 3405 638 3476 κτρὰς,
683 3408 776 3460 καὶ
821 3409 1149 3479 κραζόντωνο
1190 3412 1423 3466 ’Λπόστα
1452 3413 1560 3467 τῶν
1600 3416 1881 3488 ἡμετέρων
1907 3435 1920 3448 ·
1957 3416 2010 3469 τι

452 3500 530 3549 σοὶ
561 3499 655 3552 καὶ
677 3499 752 3569 (8)
791 3503 856 3571 τῇ
885 3501 1104 3574 ὲρὴμῳς
1139 3503 1196 3556 οὐ
1244 3504 1427 3575 φέρεις
1464 3507 1622 3576 ἡμῶν
1649 3506 1745 3577 τὴν
1788 3507 2010 3560 ἐπιϐου-

445 3585 568 3660 λήν.
601 3591 710 3663 Τὴν
743 3592 839 3662 μὲν
866 3589 958 3647 οὖν
982 3593 1154 3666 ἀρχὴν
1183 3590 1322 3649 εἷναί
1347 3615 1499 3661 τινας
1527 3599 1623 3652 σὺν
1653 3597 1799 3670 αὐτῷ
1843 3618 2011 3671 μαχο-

454 3681 643 3750 μένους
675 3682 1013 3756 ἀνθρώπους,
1044 3688 1137 3740 καὶ
1163 3688 1382 3751 τούτους
1417 3689 1503 3742 διὰ
1559 3687 1842 3759 κλιμάκων
1885 3691 2001 3743 εἰσ-

445 3771 758 3842 εληλυθέναι
783 3774 917 3846 πρὸς
948 3776 1109 3830 αὑτὸν
1141 3777 1384 3847 ἐνόμιζον
1411 3780 1458 3832 οἱ
1491 3777 1688 3844 ἔξωθεν
1707 3794 1721 3808 ·
1749 3777 1824 3840 ώς
1843 3779 1900 3832 δὲ
1923 3778 2011 3832 διὰ

443 3880 592 3929 ⁴τινος
619 3865 920 3936 τρυμαλιᾶς
943 3867 1378 3938 παρακόψαντες,
1403 3869 1589 3921 οὐδένα
1615 3869 1860 3930 ἔϐλεπον,
1889 3870 2006 3922 τότε

2121 503 2213 556 uio
2249 503 2494 568 dicente,
2540 505 2758 558 evanuit
2802 505 3021 571 discus,
3059 510 3212 578 quasi
3250 510 3433 566 fumus
3467 526 3496 564 a
3541 513 3674 565 facie

2120 609 2259 663 ignis

2193 791 2278 844 12.
2313 789 2658 864 Rursumque
2699 809 2821 849 cum
2868 797 3301 866 progrederetur,
3330 815 3434 852 non
3479 815 3670 852 vanam

2118 881 2376 951 speciem,
2405 883 2498 937 scd
2549 900 2734 938 verum
2775 900 2966 941 aurum
3003 887 3055 940 in
3090 888 3174 940 via
3208 889 3500 956 projectum
3540 905 3672 944 eon-

2120 973 2294 1040 spexit
2318 993 2330 1026 :
2363 973 2684 1028 inimicusne
2707 984 2884 1030 autem
2915 976 3192 1031 exhiberet
3218 977 3366 1042 illud,
3395 993 3461 1031 an
3488 979 3670 1048 aliqua

2119 1064 2291 1118 virtus
2327 1066 2592 1132 superior,
2623 1082 2744 1134 qua:
2766 1068 3019 1122 athletam
3047 1080 3338 1134 exerceret,
3371 1069 3531 1140 642
3553 1071 3673 1126 dia-

2123 1151 2356 1221 boloque
2393 1154 2743 1223 signiﬁcaret,
2785 1171 2908 1210 eum
2954 1173 3021 1210 ne
3061 1174 3216 1213 veras
3254 1159 3470 1228 quidem
3515 1168 3674 1228 peCu-

2120 1243 2238 1297 nias
2267 1259 2488 1310 curare;
2528 1245 2578 1299 id
2617 1261 2748 1300 sane
2782 1262 2879 1302 nec
2913 1247 3170 1303 indicavit
3204 1249 3338 1318 ipse,
3385 1264 3486 1303 nec
3513 1250 3669 1304 nobis

2119 1345 2452 1404 compertum
2488 1349 2569 1390 est
2600 1357 2616 1393 :
2646 1346 2859 1393 constat
2884 1341 3221 1395 solummodo
3269 1358 3449 1396 verum
3497 1341 3671 1396 fuisse

2119 1440 2310 1478 aurum
2347 1426 2490 1495 quod
2523 1428 2789 1496 apparuit.
2819 1428 3044 1498 Copiam
3084 1431 3257 1484 solum
3297 1432 3524 1484 miratus
3553 1433 3668 1484 An-

2120 1515 2320 1577 tonius,
2348 1525 2602 1584 tanquam
2627 1518 2798 1586 ignem
2818 1521 3241 1589 prosiliit,atqne
3289 1521 3367 1576 sic
3393 1530 3669 1589 pertrans-

2117 1606 2236 1670 iiit,
2295 1615 2354 1661 ut
2401 1623 2467 1660 ne
2503 1609 2716 1676 quidem
2754 1610 2957 1664 vultum
2995 1621 3328 1666 converteret
3359 1632 3372 1664 :
3406 1613 3516 1664 imo
3545 1627 3668 1666 cur-

2119 1710 2236 1749 sum
2271 1696 2341 1750 ita
2372 1697 2686 1760 concitavit,
2716 1709 2774 1752 ut
2802 1710 2953 1755 extra
2983 1712 3332 1771 conspectum
3362 1714 3508 1758 esset
3534 1704 3669 1757 late-

2118 1796 2302 1855 retque
2339 1787 2442 1840 sibi
2474 1788 2646 1842 locus.
2685 1789 2853 1858 Magis
2908 1791 3069 1860 igitur
3103 1794 3384 1862 magisque
3417 1795 3666 1862 proposi-

2117 1887 2229 1930 tum
2266 1877 2486 1933 ﬁrmans
2524 1894 2681 1933 suum
2718 1920 2732 1944 ,
2777 1882 2841 1934 ad
2885 1891 3120 1937 montem
3168 1898 3226 1937 se
3272 1886 3539 1949 contulit,
3576 1885 3667 1939 ubi

2116 1969 2394 2023 castellum
2423 1978 2571 2024 trans
2612 1969 2808 2024 ﬁumen
2840 1972 3038 2039 reperit
3069 1973 3253 2026 tandiu
3281 1974 3575 2034 desertum,
3610 1982 3670 2028 ut

2113 2067 2256 2112 esset
2301 2059 2518 2126 plenum
2567 2061 2903 2129 reptilibus:
2957 2077 3191 2131 cumque
3239 2070 3666 2126 transmcasset,

2115 2148 2184 2202 ibi
2221 2147 2496 2202 habitavit.
2542 2147 2768 2218 Replilia
2819 2167 2979 2214 vero,
3031 2153 3188 2220 quasi
3240 2154 3473 2221 quodam
3524 2154 3668 2208 inse—

2113 2250 2328 2309 quente,
2376 2240 2555 2294 subito
2600 2255 2960 2296 recesserunt.
2992 2241 3087 2297 Ille
3117 2245 3366 2298 obturan
3396 2245 3666 2314 ingressu,

2113 2333 2451 2401 panibusque
2482 2333 2548 2387 ad
2596 2351 2689 2388 sex
2727 2351 2940 2390 menses
2971 2336 3080 2390 illic
3109 2336 3359 2406 repositis
3398 2335 3521 2407 (qui
3551 2351 3669 2394 mos

2112 2429 2195 2475 est
2229 2417 2607 2486 Thebaeorum,
2631 2422 2935 2494 durantque
2966 2438 3131 2494 panes
3156 2439 3252 2495 per
3281 2425 3546 2496 integrum
3571 2444 3670 2481 an-

2114 2527 2244 2565 num
2277 2512 2620 2583 incorrupti),
2648 2529 2788 2586 aqua
2827 2531 2955 2571 vero
2989 2517 3134 2572 intus
3164 2528 3397 2587 reperta,
3431 2520 3586 2589 quasi
3614 2520 3669 2574 in

2112 2603 2269 2675 adyta
2314 2605 2680 2671 descendens,
2735 2607 2809 2660 ibi
2858 2608 3008 2663 solus
3054 2609 3486 2663 commorabatur
3514 2651 3529 2673 ,
3568 2625 3668 2665 nec

2112 2693 2236 2747 inde
2268 2709 2520 2763 egressus
2566 2712 2846 2766 unquam,
2882 2713 2981 2752 nec
3025 2695 3428 2752 adventantium
3475 2704 3656 2766 quem-

2111 2779 2256 2847 piam
2288 2779 2498 2834 videns.
2536 2781 2802 2837 Diuturno
2861 2783 3043 2852 itaque
3092 2794 3329 2856 tempore
3375 2787 3475 2841 hoc
3517 2804 3670 2842 asce-

2113 2868 2228 2923 tica:
2269 2871 2393 2923 vitae
2434 2887 2605 2940 genus
2654 2874 2860 2928 coluit:
2892 2875 2975 2931 bis
3020 2877 3194 2930 solum
3232 2879 3524 2945 quotannis
3571 2893 3667 2947 per

2110 2975 2419 3029 supremam
2455 2961 2649 3020 domus
2675 2975 2880 3034 partem
2909 2978 3130 3037 accepto
3160 2985 3313 3037 pane.

2180 3051 2265 3105 15.
2295 3051 2612 3110 Familiares
2663 3065 2839 3110 autem
2891 3074 2954 3114 eo
2990 3059 3328 3121 accedentes,
3384 3074 3505 3112 eum
3557 3074 3666 3116 nor:

2110 3139 2311 3195 sineret
2334 3141 2562 3212 ingredi,
2589 3154 2737 3198 extra
2777 3145 2996 3199 domum
3031 3152 3216 3200 noctes
3255 3161 3490 3214 persrcpe
3517 3145 3660 3198 dies-

2111 3244 2216 3298 que
2247 3230 2546 3300 transigere
2596 3233 2790 3297 coacti,
2827 3234 3119 3288 audiebant
3157 3235 3313 3302 quasi
3360 3235 3547 3287 turbas
3580 3243 3669 3286 tu-

2110 3319 2395 3386 multuari,
2435 3323 2717 3391 strepitum
2764 3325 2922 3378 edere
2951 3365 2966 3392 ,
3004 3340 3165 3379 voces
3193 3325 3436 3378 emittere
3465 3324 3668 3378 lameno

2114 3409 2329 3472 labiles,
2357 3409 2628 3466 clamare:
2658 3411 2700 3464 E
2748 3413 2951 3467 nostris
2988 3413 3178 3467 recede
3226 3413 3443 3466 sedibus
3481 3430 3495 3465 :
3535 3411 3666 3480 quid

2113 3501 2210 3555 tibi
2250 3517 2374 3556 cum
2408 3502 2628 3556 eremo?
2670 3513 2890 3560 nostras
2914 3520 3190 3572 nunquam
3231 3503 3372 3558 feres
3414 3503 3662 3557 insidias.

2111 3591 2180 3646 Et
2211 3592 2369 3646 initio
2393 3591 2611 3662 quidem
2639 3593 2731 3662 qui
2761 3594 2976 3648 stabant
3007 3595 3170 3658 foris,
3209 3595 3469 3662 putabant
3497 3592 3669 3646 homi-

2115 3697 2209 3737 ncs
2232 3682 2378 3737 intus
2395 3698 2515 3737 esse
2537 3683 2627 3752 qui
2656 3699 2778 3737 cum
2806 3685 2896 3739 illo
2925 3693 3317 3748 concertarent,
3347 3699 3410 3738 ac
3431 3698 3525 3752 per
3547 3697 3667 3736 sca-

2112 3774 2191 3828 las
2234 3774 2378 3830 intro
2411 3775 2857 3840 tlescendisscnt;
2897 3786 3242 3846 posteaquam
3287 3791 3414 3829 vero
3460 3789 3554 3842 per
3583 3772 3667 3828 fo-

2112 3882 2298 3920 ramen
2332 3867 2789 3936 introspexerunt,
2819 3879 2932 3921 tum
2959 3867 3076 3922 viso
3101 3866 3336 3932 nemine,
3355 3864 3666 3918 intellexere

1776 3980 2023 4036 \‘ERSIO
2063 3981 2358 4036 EVAGRll.

523 4071 614 4126 12.
645 4069 850 4144 Dehinc
893 4088 1003 4128 non
1041 4082 1263 4144 utante
1297 4073 1634 4141 phantasiam
1692 4072 1791 4144 (9),
1835 4073 1928 4144 sed
1967 4073 2252 4144 ingentem
2288 4073 2405 4126 auri
2446 4088 2684 4128 massam
2708 4074 2974 4144 iacentem
3027 4073 3078 4128 in
3130 4071 3660 4144 itinereconspexit.

453 4140 652 4195 Verum
688 4142 832 4212 hanc
861 4152 1044 4198 utrum
1077 4140 1325 4198 diabolus
1363 4140 1718 4205 simulaverit,
1749 4140 1821 4197 an
1857 4141 1922 4196 ad
1950 4140 2245 4194 Antonium
2273 4140 2760 4212 comprobandum,
2792 4143 2917 4212 quia
2949 4159 3048 4199 nec
3075 4145 3216 4198 veris
3239 4143 3431 4212 opibus
3458 4140 3667 4212 inesca-

452 4221 625 4282 retur,
649 4211 822 4267 virtus
850 4213 1088 4268 caelestis
1116 4214 1432 4274 ostenderit,
1466 4213 1788 4282 ignoratur:
1828 4213 1930 4265 hoc
1961 4217 2185 4282 tantum
2212 4210 2563 4282 agnovimus,
2607 4215 2734 4282 quia
2768 4210 2911 4282 quod
2955 4213 3130 4266 visum
3179 4210 3291 4278 est,
3315 4227 3503 4266 aurum
3540 4210 3660 4268 fuit.

452 4283 522 4335 At
567 4281 654 4334 ille
697 4283 1120 4351 magnitudinem
1161 4283 1460 4337 admiratus
1504 4281 1770 4336 radiantis
1817 4281 2041 4345 metalli,
2074 4281 2263 4352 rapido
2290 4298 2471 4338 cursu.
2508 4281 2673 4352 quasi
2700 4281 3200 4352 qubddamrvitarct
3233 4282 3564 4343 incendium,
3595 4282 3662 4334 ad

449 4360 687 4422 montem
719 4349 893 4420 usque
925 4352 1180 4422 perrexit,
1213 4354 1394 4422 ibique
1426 4352 1645 4406 ﬂumine
1673 4352 2045 4413 transvadato,
2077 4349 2280 4422 invenit
2311 4349 2594 4405 castellum
2629 4349 2900 4406 desertum
2948 4351 3164 4420 plenum
3191 4353 3210 4420 (
3232 4353 3302 4405 ob
3354 4361 3566 4422 tempus
3609 4359 3664 4422 et

447 4419 837 4499 solitudinem)
869 4419 1256 4499 venenatorum
1289 4419 1625 4499 animalium.
1658 4422 1709 4476 in
1740 4437 1849 4490 quo
1878 4436 1943 4499 se
1981 4420 2318 4476 constituens
2347 4437 2520 4476 novus
2551 4425 2748 4499 hospes
2775 4419 3044 4499 habitavit
3077 4442 3088 4476 :
3119 4419 3416 4499 _statimque
3593 4420 3660 4473 ad

450 4491 570 4561 ejus
597 4489 884 4546 adventum
917 4491 1106 4561 ingens
1147 4493 1302 4546 turba
1348 4496 1700 4560 serpentium,
1736 4489 1891 4559 quasi
1927 4499 2324 4557 persecutorem
2365 4507 2546 4558 passa,
2580 4489 2834 4561 profugit.
2869 4491 2939 4546 At
2968 4491 3055 4544 ille
3081 4489 3371 4561 obstructo
3394 4489 3663 4561 lapidibus

451 4559 700 4630 introitu,
732 4576 898 4628 panes
923 4559 1188 4616 mensium
1213 4577 1326 4626 sex,
1359 4573 1418 4615 ut
1442 4559 1698 4615 Thebaeis
1730 4575 1848 4614 mos
1873 4568 1974 4622 est,
2001 4574 2202 4630 secum
2235 4562 2535 4616 recondens
2579 4559 2595 4630 (

2621 4559 2759 4615 nam
2787 4561 2977 4615 crebro
3007 4576 3100 4630 per
3133 4577 3332 4614 annum
3364 4559 3660 4630 incorrupti

451 4629 650 4685 durare
673 4631 901 4702 solent),
937 4645 1036 4686 nec
1064 4647 1171 4702 non
1208 4641 1260 4702 et
1283 4633 1537 4701 exiguum
1570 4632 1774 4686 habens
1815 4628 2275 4702 aquaesolitarius
2304 4628 2628 4698 perdurahat
2663 4631 2709 4701 (l
2731 4632 2778 4701 l)
2808 4648 2822 4686 :
2869 4628 3136 4698 nusquam
3178 4631 3300 4702 inde
3343 4629 3661 4702 procedens,

455 4713 733 4771 nunquam
762 4697 994 4766 aliquem
1033 4701 1354 4770 suscipiens,
1378 4697 1446 4754 'in
1486 4710 1694 4754 tantum
1734 4710 1793 4754 ut
1823 4697 1944 4752 cum
1977 4699 2062 4753 bis
2083 4698 2135 4752 in
2167 4697 2319 4753 anno
2341 4715 2436 4770 per
2467 4697 2928 4771 tectum'de'super
2942 4697 3108 4770 panes
3136 4699 3428 4767 acciperet,
3451 4697 3659 4751 nullum

455 4785 581 4840 cum
611 4769 978 4840 deferentibus
1009 4771 1227 4824 haberet
1256 4771 1581 4840 alloquium.

525 4839 614 4894 15.
641 4838 823 4894 Multis
841 4840 1014 4912 igitur
1039 4841 1254 4912 videndi
1276 4832 1402 4894 enni
1433 4837 1701 4912 desiderio
1743 4848 1798 4893 et
1831 4836 2011 4912 studio
2039 4836 2370 4912 requirendi,
2403 4839 2776 4912 anterslittm
2823 4839 2949 4912 ejus
2973 4835 3434 4912 pernoctantibus,
3481 4832 3666 4912 audite;

456 4906 741 4983 luantur_ut
767 4901 911 4983 vulgvi
939 4924 1098 4964 voces
1121 4908 1382 4983 adversus
1406 4909 1722 4983 Antonium,
1759 4901 2132 4983 tumultusque
2153 4907 2446 4983 dicentium
2483 4925 2498 4962 :
2531 4907 2670 4973 Quid
2693 4917 2747 4983 te
2781 4901 2987 4983 nostris
3035 4907 3235 4983 ingeris
3260 4901 3667 4983 “habitaculisf

455 4977 585 5046 quid
612 4977 708 5034 tibi
737 4985 791 5032 et
815 4972 1072 5034 dtiserto?
1099 4979 1327 5034 abscede
1357 4995 1387 5034 a
1421 4979 1617 5034 ﬁnibus
1639 4979 1851 5044 alienis,
1881 4992 1984 5030 non
2015 4972 2169 5046 potes
2194 4976 2406 5048 (12-15)
2440 4972 2652 5034 nostras
2693 4977 2916 5032 insidias
2947 4972 3238 5031 sustinere.
3260 4972 3325 5027 Et
3347 4975 3518 5042 primo
3543 4972 3666 5038 qui-

527 5073 570 5105 “
600 5071 720 5128 Act.
745 5075 862 5136 viti,
888 5071 976 5130 20.

525 5165 602 5234 (5)
628 5165 721 5224 Sic
752 5165 1060 5238 lit-5,1,8,
1088 5178 1143 5224 et
1166 5168 1403 5224 Colbert.
1439 5169 1506 5236 2,
1532 5166 1586 5222 δ.
1611 5164 1670 5220 1η
1705 5164 1888 5241 editis,
1922 5162 2008 5238 εἴη
2049 5165 2094 5221 a

458 5236 623 5293 (least.

527 5306 602 5377 (ﬁ)
631 5307 867 5377 Coipert.
896 5313 952 5370 ut,
984 5307 1136 5362 αὐτό.
1167 5306 1308 5360 Infra
1341 5306 1472 5377 Reg.
1507 5306 1565 5374 2,
1601 5317 1655 5377 et
1681 5305 1915 5362 Colbert.
1944 5305 2002 5369 2,

464 5373 799 5448 μᾶλλον-οὗν.
832 5377 973 5448 Editi
1004 5387 1058 5433 et
1087 5377 1200 5440 alii,
1232 5373 1446 5448 μᾶλλον’
1460 5373 1558 5448 μὲν
1583 5373 1694 5432 οὖν.

531 5445 610 5516 (7)
643 5444 738 5502 Sic.
771 5446 972 5516 Regius
1014 5444 1244 5516 primus
1271 5457 1326 5500 et
1367 5444 1664 5502 Col'bertin.
1717 5446 2010 5509 secundus,

465 5522 622 5587 atque
649 5516 720 5570 ita
747 5515 1024 5587 legendum
1059 5515 1270 5570 videtur
1300 5530 1366 5570 ex
1414 5517 1660 5587 Evagrio.
1697 5516 1799 5571 Alii
1831 5524 2009 5570 autem

467 5585 677 5664 codices
708 5585 832 5640 cum
852 5585 1026 5664 editis
1061 5593 1186 5656 post
1215 5585 1672 5658 ὲτκαταδυόμενος
1710 5587 1926 5652 habent,
1953 5587 2010 5637 ἐν

461 5653 544 5721 τῷ
561 5653 928 5776 ξιοναστηρίῳ.
1065 5653 1083 5656 ’

542 5738 553 5780 t
597 5724 614 5792 )
646 5721 740 5780 Sic
768 5738 898 5780 mss.
935 5724 1074 5783 Editi
1103 5738 1250 5792 vero,
1283 5726 1400 5780 xiv.

2192 5164 2271 5236 (9)
2307 5163 2398 5238 Sjc
2444 5181 2636 5238 omnes
2682 5181 2816 5221 mss.
2865 5163 3118 5238 Bolland.
3152 5176 3308 5224 vero,
3349 5163 3400 5213 in
3440 5158 3668 5238 phanto-

2112 5230 2298 5293 amitte.
2327 5234 2494 5290 Paulo
2520 5252 2642 5307 pos:
2676 5250 2866 5289 omnes
2913 5249 3071 5297 mss.,
3102 5237 3198 5286 hoc
3239 5242 3478 5296 tantum,
3513 5230 3664 5294 editi,

2111 5310 2204 5362 hoc
2235 5316 2426 5359 tanien.

2207 5375 2293 5440 10)
2328 5374 2419 5428 Sic
2446 5387 2636 5426 omnes
2661 5387 2794 5426 mss.
2825 5369 2966 5425 Editi
2986 5385 3145 5440 vero,
3185 5369 3388 5423 statim.

2211 5438 2291 5512 11)
2316 5443 2500 5512 Graeca
2538 5441 2624 5494 hic
2662 5441 2874 5494 variant
2897 5448 2948 5493 et
2977 5438 3182 5493 fusiora
3214 5445 3360 5493 sunt.

2177 5506 2392 5582 (li-15)
2425 5510 2514 5564 Sic
2547 5523 2748 5582 omnes
2774 5525 2935 5582 At_nss.,
2958 5522 3186 5582 quarunt
3209 5517 3398 5582 tamen
3439 5506 3660 5578 quidam

2106 5575 2324 5644 habent,
2352 5575 2453 5632 non
2467 5580 2680 5646 poteris.
2709 5577 2868 5644 Editi,
2889 5575 3145 5646 noripotes
3168 5577 3250 5630 hic
3280 5575 3535 5645 habitare,
3560 5591 3664 5632 non

2110 5661 2316 5706 nostras
2341 5647 2584 5713 insidias,
2606 5655 2710 5703 etc.
