3966 6226
1745 306 1906 363 ινιτιι
1950 309 2007 364 s.
2043 263 2340 364 surculi.

3541 291 3647 362 asc

401 435 532 483 στος
561 419 714 491 ὑμῶν
735 419 1062 489 λογιζέσθω,
1098 421 1206 476 καῖ’
1227 421 1448 478 δύναται
1485 427 1846 495 καταφρονεῖν
1873 424 1979 480 τῶν

2096 426 2156 478 rit
2183 423 2458 478 daemones
2487 429 2858 476 contemnere.
2920 420 3072 489 Quod
3107 424 3151 478 si
3187 422 3376 478 iisdem
3415 421 3492 477 illi
3525 439 3648 478 cor-

399 512 690 583 δαιμόνων.
749 512 812 566 Εἰ
849 514 947 582 μὲν
973 509 1068 567 οὖν
1098 513 1358 579 τοιούτοις
1389 515 1634 586 σώμασιν
1664 512 1801 587 ἦσαν
1835 518 1978 570 ἐνδε-

403 605 607 670 θέντες,
629 603 819 676 ῶσπερ
839 607 1002 676 ἐσμὲν
1024 607 1204 676 ἡμεῖς,
1233 606 1456 662 δυνατὸν
1479 603 1548 680 ἦν
1573 610 1756 670 αὐτοῖς
1777 609 1974 678 λέγειν,

399 699 485 751 ὅτι
518 699 938 768 Κρυπομένους
979 681 1079 768 μὲν
1105 699 1231 763 τοὺς
1264 699 1579 770 ἀνθρώπους
1611 701 1707 771 οὐχ
1740 701 1982 774 εὑρίσκο-

405 805 530 860 μεν,
559 789 808 860 εὑρόντες
827 789 901 841 δὲ·
911 788 1009 858 βλὰ
1019 807 1235 860 πτομεν.
1272 791 1608 862 Ἢδυνάμεθα
1630 793 1686 844 δὲ
1713 793 1804 846 καὶ
1824 795 1980 863 ἡμεῖς

407 883 770 952 κρυπτόμενοι
799 881 1080 936 λανθάνειν
1107 884 1324 950 αὐτοὺς,
1359 884 1626 948 κλείοντες
1651 887 1769 938 κατ’
1801 886 1979 940 αὐτῶν

409 972 598 1044 θύρας.
625 973 688 1025 Εἰ
715 973 770 1026 δὲ
795 975 894 1026 οὐκ
913 975 1050 1026 εἰσὶν
1075 974 1267 1040 οὕτως,
1299 975 1432 1029 ἀλλὰ
1451 977 1848 1048 κεκλεισμένων
1873 977 1979 1031 τῶν

407 1061 588 1132 θυρῶν
611 1061 871 1115 εἰσελθεῖν
900 1061 1172 1126 δύνανται,
1213 1064 1306 1117 καὶ
1329 1067 1386 1118 ἐν
1418 1065 1495 1135 τῷ
1519 1068 1680 1119 παντὶ
1703 1067 1820 1137 ἀέρι
1854 1085 1984 1135 τυγ-

407 1151 658 1220 χάνουσιν
687 1149 836 1204 αὐτοί
863 1167 922 1204 τε
951 1151 1041 1204 καὶ
1069 1153 1096 1204 ὁ
1121 1152 1323 1206 τούτων
1351 1153 1561 1226 πρῶτος
1579 1155 1818 1217 διάϐολος
1841 1174 1852 1185 ·
1877 1157 1982 1209 εισι

409 1241 464 1294 δὲ
493 1243 803 1308 κακοθελεῖς
835 1245 927 1298 καὶ
959 1245 1096 1315 πρὸς
1127 1245 1184 1298 τὸ
1224 1244 1478 1314 βλάπτειν
1505 1247 1730 1318 ἕτοιμοι,
1765 1249 1877 1306 καὶ,
1907 1249 1982 1311 ὡς

409 1327 562 1386 εἶπεν
594 1336 622 1388 ὁ
659 1335 868 1406 Σωτὴρ,
906 1335 966 1400 ἐξ
991 1338 1162 1408 ἀρχῆς
1183 1337 1620 1408 ἀνθρωποκτόνος
1642 1341 1788 1392 ἐστὶν
1817 1341 1844 1391 ὁ
1883 1341 1982 1410 τῆς

408 1423 606 1488 κακίας
625 1425 808 1498 πατὴρ
834 1427 1106 1491 διάϐολος·
1135 1427 1314 1498 ζῶμεν
1343 1429 1398 1482 δὲ
1421 1428 1514 1481 νῦν
1537 1433 1699 1501 ἡμεῖς
1728 1433 1821 1484 καὶ
1849 1431 1984 1502 μᾶλ-

412 1515 501 1568 λον
528 1515 646 1569 κατ’
682 1515 848 1570 αύτοῦ
883 1516 1302 1588 πολιτευόμεθα·
1338 1519 1486 1588 δῆλοί
1515 1521 1622 1572 εἱσι
1663 1521 1771 1590 (89)
1821 1522 1982 1593 μηδὲν

415 1608 706 1679 ἰσχύοντες.
739 1607 876 1662 Ούτε
905 1610 1014 1682 γὰρ
1039 1612 1202 1676 τόπος
1223 1613 1418 1676 αὐτους
1441 1615 1519 1676 είς
1539 1614 1599 1666 τὸ
1619 1614 1984 1668 ἐπιϐουλεύειν

413 1701 648 1764 κωλύει,
679 1700 801 1754 οὔτε
831 1701 1016 1770 φίλους
1042 1702 1188 1772 ἡμᾶς
1223 1701 1419 1771 ὁρῶσιν
1457 1702 1662 1756 ἑαυτῶν
1688 1745 1702 1764 ,
1741 1705 1828 1756 ἵνα
1867 1703 1982 1772 φεί-

413 1807 630 1856 σωνται,
650 1792 769 1846 οὔτε
795 1793 1079 1863 φιλάγαθοί
1106 1797 1259 1858 εἰσιν,
1287 1795 1372 1846 ἵνα
1391 1795 1790 1861 διορθώσωνται
1811 1814 1823 1826 ·
1849 1797 1986 1850 ἀλλὰ

415 1885 504 1938 καὶ
538 1885 736 1954 μᾶλλόν
765 1886 869 1938 εἱσι
897 1886 1155 1956 πονηροί·
1185 1886 1276 1938 καὶ
1309 1886 1459 1938 οὐδὲν
1487 1886 1666 1948 αὐτοῖς
1687 1887 1803 1939 ἐστι
1833 1904 1986 1959 περι-

415 1973 745 2028 σπούδαστον
761 1975 868 2042 (90)
883 1975 955 2038 ὡς
967 1975 1026 2028 τὸ
1039 1975 1290 2046 βλάπτειν
1305 1977 1428 2028 τοὺς
1440 1977 1566 2043 φιλα
1577 1979 1756 2047 ρέτους
1771 1979 1862 2030 καὶ
1879 1977 1988 2031 θεο-

415 2064 720 2130 σεὸοῦντας.
751 2067 849 2120 Διὰ
873 2067 928 2120 δὲ
962 2067 1021 2120 τὸ
1055 2067 1220 2137 μηδὲν
1249 2066 1502 2120 δύνασθαι
1527 2073 1718 2131 ποιεῖν,
1749 2069 1834 2123 διὰ
1865 2070 1988 2123 τοῦ-

411 2175 472 2212 το
509 2158 657 2211 οὐδὲν
691 2158 933 2212 ποιοῦσιν
954 2198 968 2222 ,
1010 2158 1041 2229 ἢ
1083 2159 1239 2229 μόνον
1273 2159 1581 2213 ἀπειλοῦσιν
1603 2177 1616 2190 ·
1645 2163 1694 2213 εί
1717 2164 1824 2232 γὰρ
1857 2161 1986 2232 ἡδύ-

413 2275 590 2322 ναντο,
619 2261 718 2312 οὐκ
743 2258 808 2312 ἂν
835 2259 1077 2330 ἔμελλον,
1103 2258 1214 2312 ἀλλ’
1244 2257 1404 2320 εὐθὺς
1432 2257 1692 2326 ἐνήργουν
1717 2254 1778 2305 τὸ
1799 2253 1984 2321 κακὸν,

415 2350 637 2419 ἑτοίμην
675 2350 888 2418 ἔχοντες
911 2352 992 2413 εἰς
1027 2347 1184 2402 τοῦτο
1213 2349 1312 2418 τὴν
1341 2347 1678 2419 προαίρεσιν,
1715 2345 1808 2399 καὶ
1836 2345 1990 2415 μάλιο

418 2458 517 2494 στα
548 2441 670 2495 καθ’
699 2440 874 2512 ἡμῶν.
925 2441 1056 2495 Ἰδοὺ
1089 2441 1218 2510 γοῦν
1243 2441 1337 2494 νῦν
1367 2439 1706 2502 συνελθόντες
1739 2439 1858 2491 κατ’
1893 2439 1989 2490 αύ-

415 2533 524 2586 τῶν
553 2531 842 2604 λαλοῦμεν,
878 2535 970 2586 καὶ
999 2534 1194 2601 ἴσασιν,
1234 2535 1334 2598 ὅτι,
1367 2533 1781 2602 προκοπτόντων
1809 2533 1840 2600 ἡ
1851 2530 1986 2600 μῶν,

417 2623 732 2678 ἀσθενοῦσιν
765 2624 938 2678 αὐτοί.
991 2625 1053 2678 Εἰ
1086 2625 1264 2680 τοίνυν
1295 2621 1437 2695 εἶχον
1477 2625 1721 2688 ἐξουσίαν
1744 2664 1758 2688 ,
1805 2621 1992 2676 οὐδένα

419 2714 486 2770 ἂν
533 2717 688 2786 ἡμῶν
735 2717 841 2770 τῶν
881 2717 1216 2788 Χριστιανῶν
1259 2717 1475 2785 ἀφῆκαν
1523 2715 1654 2786 ζῇν·
1717 2714 1990 2785 βδέλυγμα

419 2807 527 2878 γὰρ
561 2809 864 2881 ἁμαρτωλῷ
894 2809 1187 2864 θεοσέϐεια.
1256 2809 1468 2879 Ἐπειδὴ
1515 2809 1570 2861 δέ
1613 2808 1763 2861 οὐδὲν
1805 2807 1991 2860 δύναν-

417 2914 506 2952 ται
537 2898 684 2968 (91),
737 2899 824 2952 διὰ
866 2900 1022 2952 τοῦτο
1060 2899 1259 2970 μᾶλλον
1311 2899 1533 2962 ἑαυτοὺς
1559 2897 1950 2969 τιτρώσκουσιν
1973 2913 1988 2927 ·

413 2991 496 3042 ὅτι
534 2991 699 3062 μηδὲν
737 2992 990 3048 δύνανται
1035 2995 1205 3046 ποιεῖν
1246 2985 1322 3045 ὧν
1361 2990 1692 3044 ἀπειλοῦσιν.
1763 2991 1994 3043 Ἔπειτα

418 3081 634 3132 κάκεῖνο
667 3080 975 3148 λογίζεσθαι
1015 3083 1152 3152 χρὴ,
1203 3082 1338 3152 πρὸς
1367 3081 1426 3134 τὸ
1453 3081 1526 3152 μὴ
1561 3080 1842 3150 φοϐεῖσθαι
1871 3079 1992 3132 τού-

417 3189 539 3234 τους
557 3189 569 3203 ·
602 3174 650 3224 εί
683 3171 742 3224 τὸ
773 3173 990 3225 δυνατὸν
1019 3173 1263 3244 ὑπῆρχεν
1285 3172 1466 3236 αὐτοῖς
1485 3211 1500 3234 ,
1537 3173 1638 3226 οὐκ
1665 3172 1729 3225 ἂν
1759 3173 1992 3242 ἤρχοντο

395 3264 747 3336 ,μετ”ὅχλου,
773 3265 894 3318 ούδέ
928 3267 1226 3334 φαντασίας
1254 3266 1469 3320 ἐποίουν
1488 3305 1502 3327 ,
1551 3264 1671 3316 οὐδὲ
1715 3281 1992 3334 μετασχη-

419 3356 766 3428 ματιζόμενοι
797 3358 1113 3428 ἐμεθόδευον
1139 3377 1151 3387 ’
1183 3357 1296 3410 ἀλλ’
1319 3358 1479 3428 ἢρκει
1509 3357 1602 3410 κα)⁸
1633 3357 1790 3427 μόνον
1821 3356 1993 3410 ἐλθεῖν

417 3448 544 3510 ἕνα,
580 3449 674 3501 καὶ
703 3449 926 3518 ποιῆσαι
965 3449 1122 3503 τοῦτο
1151 3449 1284 3518 ὅπερ
1323 3447 1540 3502 δύναται
1581 3448 1675 3502 καὶ
1712 3446 1991 3517 βούλεταιο

423 3543 513 3594 διαὶ
541 3543 774 3612 μάλιστα
806 3544 888 3596 ὅτι
932 3545 1040 3607 πᾶς
1085 3545 1112 3597 ὁ
1155 3544 1253 3614 τὴν
1295 3543 1540 3608 ἐξουσίαν
1587 3540 1725 3611 ἔχων
1764 3541 1824 3594 οὐ
1859 3538 1996 3609 μετὰ

421 3634 724 3702 φαντασίας
747 3635 975 3705 ἀναιρεῖ,
1005 3634 1126 3688 οὐδὲ
1155 3637 1266 3696 τοῖς
1289 3634 1464 3704 ὄχλοις
1496 3631 1736 3702 ἐκφοϐεῖ,
1767 3631 1878 3684 ἀλλ’
1910 3631 2000 3683 εὐ-

421 3725 516 3790 θὺς
547 3727 622 3791 ὡς
655 3727 898 3798 βούλεται
936 3727 1046 3799 (92)
1088 3730 1153 3798 τῇ
1191 3725 1408 3797 ἐξουσίᾳ
1440 3727 1799 3796 καταχρᾶται.
1859 3723 1998 3776 Ἀλλ’

2079 514 2306 586 poribus
2339 513 2530 585 illigati
2573 522 2758 568 essent
2804 513 3004 584 quibus
3051 529 3152 570 nos
3199 530 3425 583 sumus,
3471 513 3654 571 dicere

2079 622 2210 663 sane
2244 615 2468 677 possent
2517 623 2530 660 :
2577 605 2834 660 Latentes
2871 607 3118 662 homines
3159 621 3268 661 non
3307 606 3652 671 invenimus,

2079 716 2218 770 quos
2261 701 2309 754 si
2347 699 2720 755 inveniremus
2749 698 3071 754 laederemus
3109 699 3319 768 utique.
3359 698 3657 755 Possemus

2080 793 2208 847 item
2260 807 2360 848 nos
2405 791 2774 855 occultantes,
2809 791 3044 846 occlusis
3085 790 3270 858 januis
3315 791 3482 847 latere
3527 791 3653 846 illis.

2083 883 2190 938 Sed
2223 900 2345 938 cum
2389 899 2548 938 secus
2579 898 2638 938 se
2668 899 2755 937 res
2790 882 3017 945 habeat,
3067 897 3192 936 nam
3243 881 3448 937 clausis
3491 882 3655 938 etiam

2079 973 2265 1040 januis
2309 975 2518 1056 ingredi
2565 983 2830 1044 possunt,
2874 975 2926 1027 in
2953 983 3178 1056 totoque
3221 989 3343 1028 aere
3370 982 3659 1029 versantur

2082 1075 2191 1121 tam
2227 1067 2304 1121 illi
2349 1049 2512 1136 quam
2569 1049 3054 1136 princeps'eorum
3103 1067 3392 1131 diabolus,
3425 1077 3661 1136 suntque

2083 1157 2159 1212 illi
2192 1157 2258 1212 ad
2293 1158 2494 1212 malum
2531 1157 2902 1228 damnumque
2949 1157 3294 1212 inferendum
3330 1157 3538 1227 parati,
3575 1169 3660 1220 et,

2086 1257 2144 1302 ut
2184 1247 2259 1302 ait
2303 1245 2630 1315 Salvator“,
2676 1249 2745 1302 ab
2785 1249 2942 1303 initio
2995 1248 3270 1302 homicida
3321 1257 3404 1302 est
3443 1249 3664 1304 malitia:

2083 1347 2236 1408 pater
2259 1338 2508 1394 diabolus
2527 1379 2542 1405 ,
2571 1357 2780 1410 nosque
2802 1341 2916 1410 jam
2943 1341 3200 1404 vivimus,
3229 1341 3340 1396 imo
3372 1341 3663 1395 adversum

2085 1427 2208 1483 illos
2249 1429 2413 1483 vitam
2459 1430 2801 1485 instituimus
2854 1440 3132 1496 nostram;
3177 1432 3352 1500 palam
3410 1442 3496 1486 est
3541 1431 3664 1487 illos

2085 1522 2218 1576 nihil
2265 1523 2463 1576 virium
2511 1525 2731 1579 habere.
2777 1522 2894 1578 Non
2931 1525 3074 1578 enim
3105 1527 3258 1580 locus
3299 1540 3488 1580 eorum
3531 1527 3666 1582 insi-

2083 1613 2190 1669 diis
2231 1614 2413 1668 obstat
2463 1631 2476 1667 :
2530 1629 2708 1684 neque
2747 1631 2847 1670 nos
2897 1615 3002 1669 sibi
3053 1617 3259 1671 amicos
3294 1625 3556 1680 cernunt,
3607 1626 3664 1671 ut

2085 1715 2312 1776 parcant
2347 1706 2530 1772 nobis,
2561 1722 2662 1762 nec
2695 1709 2836 1776 aequi
2869 1707 3110 1777 bonique
3140 1717 3391 1763 amantes
3419 1716 3568 1770 sunt,
3606 1717 3667 1763 ut

2091 1798 2401 1868 corrigam;
2449 1798 2562 1854 imo
2611 1800 2790 1868 potius
2824 1799 3046 1870 maligni
3096 1809 3255 1867 sunt,
3301 1799 3546 1870 nihilque
3591 1800 3667 1854 ita

2091 1900 2326 1955 curant,
2384 1900 2442 1945 ut
2487 1891 2704 1947 virtutis
2751 1891 3077 1962 pietatisque
3126 1892 3400 1949 studiosos
3449 1891 3662 1947 laedere.

2091 1983 2216 2038 ldeo
2259 1993 2438 2038 autem
2485 1983 2624 2038 nihil
2672 1983 2882 2039 faciunt
2929 1983 3074 2053 quod
3122 1984 3256 2037 nihil
3303 1983 3514 2052 possint
3558 1982 3666 2038 nisi

2093 2076 2438 2142 comminari,
2465 2077 2604 2132 nihil
2637 2076 2952 2132 cunctaturi
2983 2077 3028 2132 si
3057 2085 3306 2147 possent,
3337 2075 3432 2131 sed
3481 2075 3664 2131 statim

2095 2164 2296 2218 malum
2349 2163 2644 2232 inferrent,
2681 2165 2828 2234 quod
2873 2176 3179 2234 promptam
3228 2165 3419 2220 hacin
3467 2179 3526 2219 re
3571 2165 3671 2217 ha-

2094 2256 2258 2312 beant
2307 2258 2673 2324 voluntatem,
2717 2269 2909 2314 eonlra
2955 2273 3056 2312 nos
3107 2257 3475 2328 pOtissimum.
3531 2255 3670 2312 Ecce

2089 2349 2204 2419 jam
2249 2351 2560 2422 congregati
2591 2359 2778 2405 contra
2817 2351 2968 2419 ipsos
3009 2351 3318 2420 loquimur,
3361 2357 3670 2418 noruntque

2095 2457 2156 2498 se
2187 2458 2474 2513 progressu
2510 2453 2695 2498 nostro
2719 2441 3008 2496 debilitari.
3035 2441 3215 2509 Certe,
3243 2443 3289 2496 si
3339 2449 3662 2510 potestatem

2097 2535 2359 2590 haberent
2384 2574 2399 2598 ,
2450 2535 2724 2590 neminem
2757 2533 2920 2605 653
2953 2541 3200 2588 nostrum
3229 2531 3666 2590 Christianorum

2097 2628 2279 2682 vivere
2321 2627 2684 2682 concederent
2725 2643 2736 2678 :
2781 2642 2908 2680 nam
2947 2626 3250 2682 exsecratio
3283 2625 3554 2696 peccatori
3589 2635 3675 2680 est

2097 2719 2273 2788 pictas
2299 2733 2426 2787 erga
2457 2716 2629 2772 Deum
2650 2718 2718 2770 ⁸³.
2743 2717 2878 2772 Cum
2914 2717 3047 2772 nihil
3083 2717 3290 2788 possint
3318 2725 3521 2783 autem,
3553 2730 3675 2772 sese

2097 2810 2408 2876 vulnerant,
2438 2809 2581 2878 quod
2613 2809 2748 2863 nihil
2775 2809 3047 2864 minarum
3078 2824 3301 2863 suarum
3325 2807 3552 2877 exsequi
3579 2824 3676 2861 va—

2099 2902 2265 2955 leant.
2301 2900 2435 2955 lllud
2482 2909 2746 2970 praeterea
2781 2900 3130 2970 cogitandum
3185 2910 3245 2956 ut
3295 2900 3417 2956 illos
3449 2899 3676 2954 minime

2099 2990 2518 3046 reformidemus
2549 3007 2564 3043 :
2598 2989 2644 3044 si
2672 2997 2916 3059 potestas
2949 2989 3054 3044 sibi
3087 2998 3251 3054 esset,
3283 3005 3394 3044 non
3426 3003 3550 3043 eum
3585 2997 3674 3042 tu-

2101 3081 2299 3146 multu,
2331 3097 2438 3135 non
2469 3095 2594 3136 cum
2621 3080 2929 3150 phantasiis
2962 3081 3299 3144 accederent,
3331 3095 3438 3135 non
3469 3088 3676 3134 mutata

2097 3171 2271 3227 forma
2317 3171 2546 3226 insidias
2595 3180 2894 3242 pararent:
2928 3171 3020 3226 se'd
3064 3171 3199 3227 satis
3231 3171 3374 3227 foret
3419 3169 3678 3227 accedere

2099 3279 2304 3332 unum,
2351 3265 2444 3334 qui
2489 3264 2634 3334 quod
2681 3273 2868 3333 posset
2901 3273 3066 3333 atque
3097 3265 3295 3330 vellet,
3343 3263 3674 3319 conﬁceret:

2097 3372 2223 3413 cum
2261 3357 2498 3423 maxime
2542 3357 2794 3427 quisquis
2823 3365 3148 3426 potestatem
3177 3357 3375 3424 habet,
3408 3373 3519 3412 non
3554 3372 3678 3412 cum

2099 3465 2240 3503 vana
2270 3464 2538 3518 apparens
2586 3450 2767 3517 specie
2801 3448 3049 3513 occidat,
3095 3463 3272 3519 neque
3303 3448 3538 3502 tumultu
3573 3455 3680 3501 ter-

2099 3540 2346 3606 refaciat,
2379 3541 2472 3596 sed
2503 3541 2753 3610 protinus
2799 3541 3062 3596 arbitratu
3096 3556 3197 3596 suo
3245 3541 3464 3612 propria
3495 3549 3680 3595 utatur

2104 3643 2390 3704 potestate.
2429 3634 2534 3690 Sed
2569 3635 2844 3690 daemones
2877 3635 3016 3690 nihil
3049 3651 3174 3690 cum
3221 3635 3468 3700 valeant,
3520 3635 3681 3704 quasi

2107 3728 2162 3779 in
2198 3741 2360 3781 scena
2395 3726 2612 3794 ludunt,
2667 3727 2954 3786 immutata
2984 3727 3180 3790 forma,
3212 3733 3521 3795 terrentque
3551 3739 3680 3794 pue-

1725 3865 1984 3922 VERSIO
2023 3865 2325 3922 EVAGRII.

422 3989 602 4048 ruisse
637 4005 696 4044 se
728 3989 928 4060 videat,
969 3989 1022 4042 in
1068 3988 1364 4058 perniciem
1395 3986 2049 4060 grassauiLliumanam,
2071 4002 2172 4060 nec
2211 3996 2392 4042 tamen
2445 3995 2622 4060 potest
2669 3986 3033 4060 tirnitimipeo
3061 3995 3252 4060 pectus
3285 3984 3679 4060 cogitationum

414 4069 476 4116 et
511 4069 830 4114 ezeterarum
870 4054 1124 4114 fraudum
1154 4069 1268 4113 arte
1302 4054 1631 4128 pervertere.
1663 4055 1798 4110 Nam
1841 4058 1964 4112 luce
2003 4058 2207 4112 clarius
2233 4065 2318 4112 est
2348 4054 2608 4127 quoniam
2642 4054 3164 4128 adversariinos‘tri,
3193 4054 3678 4128 cuminecihuma-

423 4145 494 4185 na
534 4146 698 4185 carne
732 4130 840 4184 sint
869 4131 1027 4199 septi,
1057 4138 1122 4199 ut
1145 4127 1360 4184 causari
1387 4129 1603 4183 valeant
1627 4128 1836 4199 ideirco
1868 4143 1968 4182 nos
1994 4143 2022 4180 a
2045 4143 2115 4199 se
2139 4143 2245 4199 non
2280 4143 2441 4196 posse
2467 4129 2738 4196 superari,
2767 4129 2896 4196 quia
2927 4127 3114 4182 clauso
3143 4127 3286 4180 ostio
3317 4127 3542 4179 introire
3571 4140 3681 4178 non

423 4201 646 4255 valeant
675 4218 688 4252 :
725 4209 778 4254 et
805 4197 991 4253 revera
1022 4202 1066 4254 si
1103 4197 1337 4254 fuissent
1366 4199 1472 4254 hoc
1503 4198 1678 4268 fragili
1711 4213 1951 4268 corpore
1971 4197 2230 4267 colligati,
2262 4199 2514 4252 ohserato
2543 4199 2790 4260 introitu,
2829 4199 3020 4252 iisdem
3055 4205 3635 4268 negaretur_accessus
3665 4213 3678 4250 :

421 4285 552 4324 cum
589 4279 793 4332 autem,
823 4277 882 4322 ut
909 4269 1169 4330 diximus,
1205 4271 1310 4324 hoc
1349 4265 1734 4339 impedimento
1765 4265 1874 4322 sint
1903 4267 2082 4331 liberi,
2108 4265 2172 4322 et
2217 4268 2496 4322 obstructa
2523 4277 2836 4339 penetrant,
2867 4277 3028 4335 atque
3065 4267 3118 4319 in
3163 4265 3562 4339 omnilieenter
3587 4280 3683 4339 vu-

424 4339 582 4396 litent
607 4355 765 4404 aere;
801 4339 1146 4394 manifestum
1175 4348 1259 4393 est
1295 4340 1364 4394 ob
1404 4335 1806 4393 e—nervationem
1841 4353 2029 4391 eorum
2061 4353 2380 4406 permanere
2411 4335 2612 4406 corpus
2640 4337 2897 4392 Ecclesiae
2923 4339 3173 4391 illaesum.
3205 4335 3446 4404 Denique
3470 4335 3682 4406 satelli-

424 4420 512 4466 tes
545 4410 696 4480 impii
730 4425 853 4464 cum
896 4409 1142 4480 principe
1182 4424 1284 4464 suo
1315 4410 1553 4480 diabolo,
1587 4423 1750 4480 quem
1790 4405 2128 4480 Salvatorgin
2169 4406 2462 4480 Evangelio
2503 4405 2828 4480 homicidam
2861 4417 2916 4462 et
2945 4417 3152 4480 patrem
3187 4407 3406 4460 malitiae
3435 4405 3503 4459 ab
3527 4405 3684 4459 initio

427 4480 600 4534 fuisse
623 4478 834 4543 lirmat,
885 4479 1042 4548 [nobis
1075 4479 1368 4545 adversum
1421 4495 1478 4534 se
1511 4479 1724 4534 fortiter
1771 4478 2182 4540 dimicantibus,
2210 4478 2364 4533 nullo
2395 4479 2556 4533 modo
2585 4479 2902 4540 cessissent,
2949 4479 2994 4548 si
3043 4485 3285 4548 potestas
3331 4490 3520 4548 eorum
3552 4489 3684 4548 non

425 4549 628 4606 fuisset
656 4550 856 4603 ablata.
889 4547 1046 4614 Nam,
1075 4551 1120 4606 si
1152 4551 1408 4612 mentior,
1436 4565 1534 4604 cur
1561 4550 1718 4604 nobis
1749 4548 1980 4602 Satanas
2011 4550 2209 4616 parcis,
2242 4549 2334 4615 qui
2381 4550 2585 4618 ubique
2621 4548 2925 4603 discurris?
2951 4545 3062 4602 Cur
3100 4547 3208 4618 qui
3232 4547 3382 4618 nullo
3411 4545 3682 4600 clauderis

429 4621 574 4684 loco,
607 4621 896 4674 adversum
933 4628 984 4672 te
1021 4621 1160 4675 bene
1200 4620 1496 4674 viventium
1530 4628 1584 4674 et
1618 4619 2014 4687 disputantium
2046 4635 2150 4672 non
2199 4629 2352 4688 potes
2395 4616 2722 4673 labefactare
2751 4617 3150 4674 constantiam?
3182 4617 3286 4670 Sed
3304 4616 3548 4688 fortasse
3577 4629 3680 4688 nos

427 4691 631 4759 diligis.
673 4705 814 4760 quos
861 4689 1109 4758 quotidie
1159 4690 1380 4760 σοιιανίε
1427 4685 1811 4760 obruerefaut
1846 4689 2106 4760 credibile
2147 4685 2232 4743 est
2275 4699 2327 4742 te
2367 4692 2501 4744 esse'
2531 4690 2796 4744 bonitatis
2827 4689 3172 4760 magistrum,
3207 4685 3476 4760 et.favere
3507 4685 3681 4760 magis

426 4755 670 4842 optimis,
689 4755 894 4842 :quam—
923 4759 1162 4814 nocere?
1193 4759 1260 4812 Et
1290 4761 1434 4842 quid.
1453 4768 1560 4813 tam
1593 4757 1942 4842 charumtibi
1981 4774 2104 4813 esse
2135 4768 2332 4838 potest,
2365 4775 2533 4842 quam
2559 4760 2774 4840 laedere,
2821 4755 3058 4840 inanime
3092 4773 3207 4822 eos,
3233 4755 3682 4842 quintius-scele-

427 4823 582 4905 ribus
605 4823 838 4905 viriliter
865 4837 1192 4905 repugnant,
1230 4823 1534 4905 secundum
1570 4827 1715 4905 quod
1743 4829 2008 4905 scriptum
2038 4823 2163 4905 est-7:
2197 4823 2325 4905 quia
2356 4823 2692 4905 abominatio
2741 4840 2823 4905 est
2857 4831 3029 4905 pietas
3052 4823 3375 4905 peccaturi?
3403 4823 3539 4904 Quis
3568 4833 3680 4905 tam

426 4899 724 4955 fecundum
755 4902 820 4955 ad
853 4897 1116 4953 malitiam
1151 4900 1393 4968 possidet
1421 4897 1647 4968 peetuS?
1677 4899 1802 4966 quis
1831 4908 1938 4952 tam
1974 4900 2264 4953 meditatas
2289 4901 2510 4968 implere
2543 4909 2774 4954 conatur
2804 4897 3072 4954 insidias?
3113 4897 3316 4951 scimus
3344 4905 3394 4948 te
3421 4897 3681 4968 impuris-

423 4971 629 5025 simum
665 4971 897 5025 cadaver
934 4987 957 5040 ε
987 4964 1194 5025 scimus
1214 4970 1368 5040 iquia
1409 4964 1614 5024 idcirco
1645 4964 1881 5040 vivimus
1914 4969 2235 5040 Christiani,
2267 4978 2319 5022 et
2368 4964 2558 5024 contra
2588 4978 2640 5040 te
2666 4970 2826 5024 nobis
2852 4977 2936 5022 est
2967 4981 3156 5022 secura
3187 4965 3524 5040 congressio,
3551 4964 3680 5032 quia

423 5041 826 5114 infirmatuses
865 5055 893 5092 a
931 5039 1179 5093 Domino.
1213 5033 1338 5094 Ideo
1373 5040 1440 5092 de
1469 5038 1919 5114 tuis_con_foderis
1952 5039 2182 5114 iaculis,
2209 5033 2339 5114 quia
2382 5039 2780 5094 minitationem
2813 5049 2958 5092 tuam
2993 5053 3098 5089 non
3131 5033 3679 5114 sequiturneﬂ'ectnus‘;

424 5111 574 5178 quod
610 5111 656 5164 si
691 5110 960 5174 fallimur,
996 5125 1096 5165 cur
1140 5125 1264 5164 cum
1304 5119 1512 5164 terrore
1558 5109 1836 5174 simulato,
1869 5103 1970 5162 cur
2005 5103 2381 5179 magnitudine
2427 5125 2716 5180 corporum
2751 5117 2995 5162 nostram
3033 5105 3346 5175 aggrederis
3373 5103 3580 5159 ﬁdem?
3625 5103 3684 5158 Si

495 5229 539 5260 "
567 5228 728 5286 Joan.
759 5243 881 5294 vm,
910 5229 1002 5284 44.
1087 5227 1131 5260 ⁸³
1159 5227 1326 5282 Eceli.
1361 5246 1396 5292 ι,
1429 5229 1517 5280 32.

495 5367 608 5438 (89)
638 5366 840 5437 Regius
885 5367 1165 5438 secundus,
1199 5375 1252 5418 et
1283 5364 1522 5418 Colbert.
1558 5363 1625 5426 2,
1665 5362 1825 5416 δειλοί
1875 5365 1999 5416 εἰσι.
2035 5376 2085 5435 D

425 5433 481 5490 In
508 5433 703 5494 iisdem
721 5433 874 5491 infra
904 5436 1110 5489 ἑαυτῶν
1139 5437 1308 5490 deest.
1679 5502 1682 5504 τ

496 5509 608 5576 (90)
640 5505 733 5561 Sic
759 5507 958 5576 Regius
993 5507 1224 5574 primus,
1254 5503 1550 5576 secundus,
1575 5512 1628 5558 et
1653 5503 2001 5576 Colliertiuus

2184 5363 2296 5434 (9i)
2322 5363 2413 5418 Sic
2430 5363 2630 5434 Regius
2651 5357 2922 5434 secundus
2942 5367 2996 5409 et
3016 5353 3364 5408 Colbertinus
3385 5351 3682 5409 secundas.

2109 5427 2250 5488 Editi
2277 5427 2412 5488 ’νει-ο
2441 5427 2634 5492 οιὶιιιί,
2669 5429 2728 5480 οὐ
2763 5427 3003 5478 δύναται.

2183 5503 2294 5573 (9‘2)
2321 5490 2630 5558 Colbcrtin.
2659 5499 2949 5573 secundus,
2977 5491 3178 5573 £6015.ng
3202 5491 3230 5542 ὃ
3261 5491 3528 5573 βούλεται.
3561 5490 3688 5548 Mn:

427 5571 703 5631 secundus
727 5593 742 5641 ',
767 5581 822 5630 in
842 5571 1010 5646 editis
1033 5573 1498 5646 περισπούδαστον
1524 5576 1696 5646 deest.
1715 5571 1855 5646 Infra
1878 5573 2002 5646 Cul-

422 5647 676 5774 gcrtinus
711 5645 1002 5710 secundus,
1049 5643 1147 5704 οὐκ
1188 5645 1256 5700 ἂν
1304 5643 1547 5715 ἔμελλον,
1581 5645 1674 5700 sed
1706 5644 1768 5698 ἄν
1798 5645 1848 5697 in
1879 5643 2000 5698 aliis

459 5726 592 5774 θεει.

2113 5562 2244 5642 Reg.
2277 5562 2330 5635 2,
2361 5587 2520 5642 quem
2566 5569 2866 5642 sequimur.
2908 5562 3492 5642 naeaxpacgtzﬁditi,
3511 5579 3687 5642 κατ-ιι

2111 5629 2332 5714 χρῆται;
2363 5629 2562 5709 Regius
2598 5629 2826 5707 primus,
2863 5629 3148 5704 κέχρηται.
3181 5629 3485 5688 Colbertin.
3509 5633 3564 5696 2,
3597 5649 3689 5687 κα-

2114 5713 2480 5782 τακέχρηται.)
