3966 6226
344 304 450 361 887

912 306 970 362 s.
1011 305 1386 362 namss"
1423 305 1574 364 ove.
1616 268 1802 363 pius
1838 313 1881 363 ι.
1922 337 1991 348 -
2029 302 2417 362 ltlSTOBlCA
2454 303 2543 358 ET
2585 298 3008 357 nocumca:

3482 286 3586 352 888

343 435 438 475 ros
470 419 791 477 tumultibus
820 428 983 493 atque
1021 422 1186 478 larvis
1232 424 1348 480 suis
1376 444 1389 479 :
1423 423 1567 479 unde
1594 439 1727 479 sane
1751 423 1913 493 quasi

2028 424 2063 476 >ἰ
2089 416 2360 492 δαίμονες,
2399 419 2562 490 μηδὲν
2590 418 2895 488 δυνάμενοι,
2928 411 3209 478 παίζουσιν
3229 410 3304 475 ὡς
3334 408 3428 463 ἐπὶ
3456 424 3588 481 σκη-
3638 465 3642 473 ,

344 508 601 563 imbecilli
652 512 1038 566 contemnendi
1088 523 1237 567 sunt.
1278 511 1452 569 Verus
1497 521 1645 567 certe
1698 512 1922 582 angelus

342 607 532 654 contra
557 598 812 671 Assyrios
847 601 1051 657 missus
1081 619 1113 658 a
1143 602 1399 667 Domino,
1428 619 1538 659 non
1566 603 1920 667 tumultibus,

341 705 455 744 non
509 699 734 746 externo
768 704 1054 762 apparatu,
1109 710 1216 750 non
1261 695 1523 763 strepitu,
1576 708 1685 748 non
1728 692 1921 764 plausu

344 793 481 848 Opus
529 782 750 849 habuit;
796 784 889 838 sed
945 787 1126 854 quiete
1169 794 1432 855 potestate
1483 801 1655 849 usus,
1705 794 1922 840 centum

344 873 617 943 Ortoginta
669 875 913 945 quinque
958 877 1126 930 millia
1176 886 1398 946 repente
1445 877 1645 933 occidit
1691 875 1757 930 “.
1817 875 1921 942 Qui

344 972 525 1018 autem
572 965 736 1020 nullis
762 975 891 1021 sunt
917 967 1126 1022 viribus
1149 1007 1163 1030 ,
1196 976 1256 1021 ut
1285 967 1563 1023 daemones
1607 966 1698 1022 isti
1722 1007 1736 1029 ,
1768 966 1921 1022 vanis

343 1055 533 1109 saltem
566 1059 851 1125 speciebus
882 1069 1184 1128 perterrerc
1215 1069 1504 1114 conantur.

2027 514 2125 584 γῆς
2142 554 2156 577 ,
2186 512 2534 575 ἀλλάττοντες
2561 510 2658 574 τὰς
2684 509 2915 581 μορφὰς,
2949 506 3042 560 καὶ
3062 508 3187 569 τοὺς
3208 505 3401 567 παῖδας
3430 504 3591 573 ἐκφο-

2029 603 2279 666 ϐοῦντες,
2324 605 2389 673 τῇ
2422 601 2527 655 τῶν
2556 600 2731 671 ὄχλων
2756 597 3027 670 φαντασίᾳ
3053 597 3150 650 καὶ
3191 599 3303 659 τοῖς
3334 611 3594 667 σχηματι-

2032 696 2186 764 σμοῖς
2206 710 2218 723 '
2245 693 2302 760 ἐξ
2324 686 2397 746 ὧν
2429 692 2626 764 μᾶλλον
2652 689 3079 761 καταφρονητέοι
3100 690 3176 753 ὡς
3196 688 3440 750 ἀσθενεῖς
3457 685 3595 755 ὀφεί-

2029 787 2209 841 λουσιν
2243 783 2401 842 εἶναι.
2449 786 2506 839 Ὀ
2533 784 2659 856 γοῦν
2684 783 2930 856 ἀληθινὸς
2974 780 3200 851 ἄγγελος
3219 820 3233 845 ,
3277 777 3595 841 ἀποσταλεὶς

2030 877 2183 948 παρὰ
2225 875 2318 929 τοῦ
2362 874 2564 947 Κυρίου
2598 872 2739 927 κατὰ
2778 872 2886 925 τῶν
2939 870 3265 941 Ἀσσυρίων,
3300 870 3363 923 οὑ
3411 868 3596 939 χρείαν

2028 969 2186 1039 ἔσχεν
2230 968 2401 1038 ὄχλων
2422 1007 2437 1032 ,
2466 970 2528 1020 οὐ
2555 964 2852 1037 φαντασίας
2881 964 2980 1035 τῆς
3008 963 3203 1029 ἔξωθεν
3224 1003 3237 1025 ,
3264 963 3324 1015 οὐ
3355 961 3594 1024 κτύπων,

2026 1060 2086 1112 οὐ
2116 1059 2325 1130 κρότων
2347 1075 2360 1088 ο
2384 1058 2496 1112 ἀλλ’
2522 1056 2703 1129 ἡρέμα
2721 1059 2787 1127 τῇ
2809 1055 3024 1125 ἐξουσίᾳ
3044 1054 3326 1126 ἐκέχρητο,
3350 1053 3443 1107 καὶ
3468 1054 3599 1107 ἀνεῖ-

340 1143 433 1196 λεν
463 1146 621 1211 εὐθὺς
647 1148 838 1203 ἑκατὸν
881 1151 1207 1223 ὀγδοήκοντα
1240 1154 1401 1207 πέντε
1440 1154 1703 1224 χιλιάδας.
1769 1156 1832 1207 υἱ
1866 1154 1923 1206 δὲ
1975 1152 2140 1223 μηδὲν
2184 1152 2471 1206 δυνάμενοι
2516 1152 2797 1223 δαίμονες,
2850 1146 2950 1203 οἷοί
2989 1151 3123 1202 εἰσιν
3148 1141 3315 1214 οὗτοι,
3352 1148 3455 1201 κᾶν
3483 1150 3599 1210 ταῖς

343 1239 662 1306 φαντασίαις
696 1241 946 1309 ἐκφοϐεῖν
986 1241 1334 1315 πειράζουσιν
1358 1244 1491 1314 (95).

414 1333 501 1385 '29.
535 1333 686 1399 Quod
718 1336 762 1388 si
792 1334 911 1389 Johi
942 1336 1230 1390 historiam
1255 1337 1503 1406 cogitans
1542 1336 1665 1405 quis
1702 1336 1916 1406 objece-

345 1426 409 1477 rLt
436 1465 450 1489 ,
485 1423 597 1478 Cur
625 1426 874 1481 diabolus
904 1428 1167 1501 adversus
1204 1428 1368 1483 istum
1411 1443 1669 1499 egressus
1689 1465 1704 1491 ,
1734 1429 1916 1482 omnia

341 1517 541 1584 potuit,
569 1516 854 1573 facultates
889 1520 1115 1579 ademit.
1157 1519 1359 1575 liberos
1410 1518 1701 1583 interfecit,
1734 1519 1919 1573 ulcere

342 1609 496 1663 illum
521 1612 757 1690 pessimo
786 1615 1056 1683 percussit
1080 1614 1163 1667 “?
1206 1624 1465 1685 agnoscat
1495 1614 1618 1681 ille,
1658 1630 1766 1669 non
1797 1629 1918 1668 eam

343 1702 513 1758 fuisse
540 1704 741 1759 diaboli
766 1706 898 1771 vim,
932 1707 1025 1762 sed
1061 1707 1174 1772 Dci,
1206 1707 1297 1775 qui
1326 1706 1524 1761 Johum
1563 1707 1666 1776 ipsi
1711 1715 1916 1761 tentan-

341 1792 469 1846 dum
499 1796 765 1850 tradidit:
814 1798 1072 1851 nimirum
1117 1798 1246 1867 quia
1289 1797 1423 1851 nihil
1471 1806 1710 1866 poterat,
1745 1797 1919 1867 petiit,

342 1892 395 1937 et
426 1893 645 1953 accepta
676 1884 933 1941 facultate
956 1887 1188 1955 idipsum
1216 1888 1344 1957 egit.
1373 1886 1560 1956 Atque
1589 1887 1718 1942 hinc
1742 1888 1911 1941 maxi-

342 1987 428 2025 me
457 1976 891 2031 contemnendus
939 1986 1020 2031 est
1079 1977 1374 2039 inimicus,
1425 1977 1574 2047 quod
1607 1993 1923 2047 quanquam

344 2066 524 2133 vellet,
555 2085 621 2123 ne
646 2070 912 2125 adversus
950 2083 1117 2124 unum
1140 2070 1360 2141 quidem
1390 2070 1602 2140 justum
1647 2071 1925 2127 hominem

340 2158 643 2229 quidquam
669 2160 870 2215 virium
904 2161 1095 2217 habuit
1127 2182 1140 2217 :
1188 2163 1236 2219 si
1280 2163 1567 2218 habuisset
1604 2164 1751 2218 enim
1776 2201 1791 2226 ,
1823 2177 1923 2218 ne-

342 2264 619 2319 quaquam
664 2251 932 2320 petiisset.
977 2251 1117 2308 Cum
1149 2262 1333 2309 autem
1371 2268 1482 2308 non
1513 2252 1681 2308 semel
1710 2251 1805 2307 sed
1840 2251 1925 2308 bis

344 2342 581 2413 petierit,
612 2344 919 2402 imbecillus
944 2362 1079 2404 sane
1108 2355 1164 2403 et
1203 2346 1478 2417 impotens
1516 2346 1783 2418 arguitur.
1816 2344 1927 2401 Nec

343 2435 546 2490 mirum
570 2437 617 2492 si
642 2437 781 2493 nihil
806 2447 998 2495 contra
1024 2438 1129 2496 Job
1157 2441 1363 2509 potuit,
1396 2455 1522 2495 cum
1562 2455 1631 2495 ne
1656 2439 1926 2510 iumentis

342 2526 562 2595 quidem
591 2527 711 2598 ejus
733 2567 749 2593 ,
811 2528 917 2585 nisi
949 2531 1285 2587 concedente
1316 2530 1445 2594 Deo,
1500 2531 1797 2600 perniciem
1836 2530 1923 2585 in-

343 2615 486 2672 ferre
513 2621 754 2687 potuerit
785 2638 799 2675 :
830 2621 922 2676 sed
944 2637 1013 2678 ne
1039 2623 1303 2680 adversus
1338 2639 1534 2694 porcos
1562 2623 1781 2694 quidem
1820 2624 1923 2678 ali-

341 2725 505 2779 quam
532 2712 637 2766 vim
677 2712 840 2769 habet
872 2731 885 2766 :
921 2714 1196 2786 Rogabant
1248 2717 1416 2782 enim,
1448 2725 1509 2772 ut
1553 2717 1609 2772 in
1636 2715 1924 2787 Evangelio

342 2804 604 2874 scriptum
630 2819 733 2871 est,
763 2806 1049 2863 Dominum
1077 2809 1308 2865 dicentes
1344 2825 1363 2863 :
1387 2808 1555 2883 654
1591 2809 1716 2866 Siue
1752 2827 1845 2866 nos
1867 2813 1925 2865 in

340 2912 523 2963 porcos
553 2898 699 2951 abire
726 2898 792 2951 ⁸⁸.
825 2898 980 2965 Quod
1001 2901 1047 2955 si
1079 2916 1147 2956 nc
1168 2901 1435 2958 adversus
1465 2918 1665 2972 porcos
1698 2904 1920 2973 quidem

344 2985 545 3039 habent
583 2995 929 3056 potestatem,
967 2990 1139 3044 multo
1161 2990 1346 3047 minus
1377 2992 1431 3045 in
1464 2992 1716 3048 homines
1749 2994 1818 3047 ad
1844 2992 1922 3049 si-

342 3077 704 3133 militudinem
740 3079 832 3134 Dei
859 3079 1031 3136 factos
1060 3081 1347 3151 imperium
1384 3083 1654 3139 obtinent.

413 3171 504 3225 50.
539 3170 710 3225 Deum
760 3173 944 3243 itaque
998 3175 1175 3230 solum
1225 3176 1417 3231 timere
1470 3179 1772 3232 convenit:
1820 3178 1921 3232 hos

342 3278 472 3316 vero
510 3265 788 3334 despicere
813 3277 867 3321 et
900 3268 1051 3321 nullo
1097 3268 1263 3322 modo
1301 3268 1622 3323 formidare.
1672 3270 1778 3324 Sed
1810 3284 1921 3338 quo

342 3358 519 3427 magis
547 3358 623 3412 illi
652 3359 765 3415 haec
794 3371 982 3429 agunt,
1005 3377 1071 3415 eo
1094 3362 1374 3417 ardentius
1399 3379 1497 3417 nos
1524 3364 1773 3417 asceticm
1800 3363 1922 3417 vita;

344 3463 566 3519 operam
592 3451 804 3506 demus.
835 3452 1087 3521 Magnum
1123 3454 1323 3524 quippe
1370 3464 1563 3510 contra
1600 3455 1722 3510 illos
1754 3456 1917 3509 telum

2093 1332 2181 1388 29.
2224 1331 2347 1385 Ἐὰν
2380 1330 2436 1383 δέ
2466 1347 2549 1393 τις
2578 1330 2645 1383 τὰ
2675 1329 2769 1382 τοῦ
2809 1329 2927 1382 Ἰὼϐ
2958 1330 3236 1398 λογίσηται
3256 1368 3271 1391 ,
3317 1326 3411 1379 καὶ
3433 1326 3596 1400 εἴπῃ,

2024 1424 2125 1477 Διά
2150 1423 2201 1476 τί
2236 1417 2327 1475 οὖν
2362 1418 2589 1485 ἐξελθὼν
2622 1421 2651 1472 6
2682 1417 2923 1480 διάϐολος
2957 1418 3132 1472 πάντα
3164 1418 3283 1471 κατ’
3310 1418 3473 1471 αὐτοῦ
3504 1436 3601 1471 πε-

2027 1517 2225 1586 ποίηκε
2251 1532 2266 1579 ;
2291 1514 2384 1567 καὶ
2417 1511 2524 1567 τῶν
2557 1512 2653 1582 μὲν
2679 1511 3029 1582 ὑπαρχόντων
3055 1509 3217 1562 αὑτὸν
3247 1509 3498 1579 ἐψίλωσε,
3531 1510 3603 1563 τὰ

2027 1611 2082 1664 δὲ
2107 1609 2271 1663 τέκνα
2294 1605 2500 1668 ἀνεῖλε,
2541 1605 2635 1658 καὶ
2664 1605 2869 1656 ἐκεῖνον
2900 1602 3121 1656 ἔπαισεν
3157 1602 3301 1656 ’ἐλκει
3340 1601 3599 1673 πονηρῷ;

2028 1700 2347 1772 γινωσκέτω
2396 1698 2555 1752 πάλιν
2588 1698 2617 1749 6
2659 1693 2898 1759 τοιοῦτος
2919 1735 2933 1760 ,
2967 1694 3042 1759 ὡς
3073 1695 3172 1749 οὐκ
3202 1690 3270 1767 ἦν
3302 1697 3331 1748 ὁ
3358 1694 3603 1758 διάϐολος

1955 1760 1995 1814 Β
2087 1793 2286 1863 ἰσχύων
2307 1831 2322 1855 ,
2353 1789 2468 1845 ἀλλ’
2497 1792 2525 1843 ὁ
2561 1788 2692 1852 Θεὸς
2719 1790 2748 1842 ὁ
2786 1786 3110 1859 παραδιδοὺς
3140 1760 3252 1858 (94)
3290 1785 3427 1857 αὐτῷ
3464 1787 3602 1859 πρὸς

2025 1889 2219 1957 πεῖραν
2246 1884 2337 1937 τὸν
2383 1882 2533 1936 ’ῐώϐσ
2576 1881 2767 1952 ἀμέλει
2819 1881 2985 1953 μηδὲν
3025 1880 3320 1952 δυνάμενος
3353 1880 3602 1948 ποιῆσαι,

2026 1975 2197 2046 ᾔτησε
2234 1973 2327 2027 καὶ
2355 1970 2535 2026 λαϐὼν
2582 1970 2899 2041 πεποίηκεν.
2956 1969 3121 2023 Ὥστε
3165 1969 3257 2022 καὶ
3305 1969 3371 2021 ὲκ
3411 1969 3605 2021 τούτου

2030 2065 2228 2138 μᾶλλον
2259 2064 2668 2133 καταγνωστέος
2697 2062 2842 2116 ἐστὶν
2866 2065 2894 2117 ὁ
2921 2061 3142 2133 ἐχθρὸς,
3164 2063 3247 2115 ὅτι
3267 2101 3281 2126 ,
3314 2062 3489 2116 καίτοι
3514 2060 3607 2115 θέ-

2024 2160 2152 2223 λων,
2172 2157 2296 2212 οὐδὲ
2322 2156 2441 2210 καθ’
2464 2157 2582 2219 ἐνὸς
2612 2155 2827 2227 ἴσχυσεν
2849 2152 3135 2227 ἀνθρώπου
3157 2156 3366 2209 δικαίου
3382 2172 3396 2185 ο
3424 2157 3475 2209 εἰ
3494 2155 3606 2227 γὰρ

2026 2253 2273 2322 ἴσχυσεν,
2307 2250 2406 2303 οὐκ
2432 2248 2498 2302 ἂν
2526 2248 2756 2319 ᾔτησεν·
2785 2248 3014 2319 αἰτήσας
3044 2246 3103 2300 δὲ
3132 2247 3229 2317 οὐχ
3261 2245 3439 2313 ἅπαξ,
3467 2246 3606 2300 ἀλλὰ

2024 2347 2120 2401 καὶ
2143 2343 2413 2417 δεύτερον,
2444 2341 2692 2410 φαίνεται
2725 2340 2955 2410 ἀσθενὴς
2979 2341 3074 2394 καὶ
3101 2340 3267 2412 μηδὲν
3284 2340 3600 2411 δυνάμενος.

2024 2440 2133 2494 Καὶ
2152 2438 2212 2492 οὐ
2235 2434 2547 2504 θαυμαστὸν
2572 2435 2622 2487 εἰ
2644 2433 2785 2488 κατὰ
2807 2431 2903 2486 τοῦ
2940 2431 3058 2486 Ἰὼϐ
3077 2433 3177 2487 οὐκ
3200 2428 3437 2504 ἴσχυσεν,
3468 2432 3603 2487 ὅπου

2023 2549 2087 2601 γε
2111 2531 2230 2585 οὐδὲ
2258 2529 2399 2584 κατὰ
2421 2527 2532 2582 τῶν
2561 2526 2773 2599 κτηνῶν
2798 2526 2961 2580 αὐτοῦ
2990 2527 3200 2595 ὲγίνετο
3223 2526 3443 2599 ὄλεθρος
3466 2526 3601 2598 (95),

2024 2626 2073 2678 εξ
2104 2624 2178 2696 μὴ
2215 2622 2576 2695 συγχωρήσας
2600 2616 2668 2691 ἦν
2697 2622 2725 2674 6
2756 2620 2886 2684 Θεός
2907 2637 2920 2650 ·
2953 2619 3068 2674 ἀλλ’
3086 2621 3207 2675 οὐδὲ
3240 2621 3381 2675 κατὰ
3404 2621 3605 2692 χοίρων

2027 2716 2140 2787 ἔχει
2164 2715 2262 2787 τὴν
2284 2713 2531 2779 ἐξουσίαν
2550 2730 2563 2744 ·
2588 2712 2979 2783 Παρεκὰλουν
2998 2713 3127 2785 γὰρ,
3147 2712 3223 2778 ὡς
3244 2715 3302 2768 ὲν
3329 2712 3406 2784 τῷ
3429 2714 3603 2783 Εὐαγ-

2023 2809 2187 2877 γελίῳ
2204 2808 2532 2877 γέγραπται,
2551 2806 2658 2860 τὸν
2669 2806 2906 2875 Κύριον,
2921 2805 3222 2877 λέγοντά-ς’
3256 2808 3604 2876 Ἐπίτρεψον

2021 2899 2168 2969 ἡμῖν
2193 2899 2481 2954 ἀπελθεῖν
2508 2902 2596 2965 εἰς
2638 2898 2781 2965 τοὺς
2826 2899 3086 2968 χοίρους.
3122 2900 3184 2953 Εἰ
3223 2900 3281 2953 δὲ
3320 2899 3455 2972 μηδὲ
3492 2900 3603 2969 χοί-

2028 3008 2134 3059 ρων
2177 2989 2286 3062 (96)
2317 2990 2529 3060 ἔχουσιν
2561 2990 2809 3056 ἐξουσίαν
2832 3030 2847 3054 ,
2897 2990 3077 3061 πολλῷ
3112 2990 3309 3061 μᾶλλον
3343 2991 3454 3045 τῶν
3481 2995 3602 3047 κατ’

1952 3105 1995 3163 C
2030 3084 2217 3137 εἰκόνα
2246 3082 2377 3135 Θεοῦ
2396 3083 2779 3154 γεγενημένων
2806 3082 3107 3155 ἀνθρώπων
3135 3085 3233 3137 οὐκ
3265 3084 3467 3154 ἔχουσι.

2097 3177 2186 3231 50.
2221 3175 2324 3228 Τὸν
2348 3176 2482 3230 Θεὸν
2510 3177 2618 3248 ἄρα
2659 3176 2817 3247 μόνον
2852 3177 3130 3247 φοϐεῖσθαι
3164 3178 3276 3231 δεῖ·
3305 3179 3511 3233 τούτων
3544 3178 3600 3231 δὲ

2028 3272 2387 3341 καταφρονεῖν
2406 3310 2421 3333 ,
2460 3272 2552 3323 καὶ
2586 3270 2708 3340 μηδ’
2738 3269 2873 3332 ὅλως
2903 3271 3099 3334 αὐτοὺς
3126 3271 3377 3326 δεδιέναι.
3442 3270 3601 3324 Ἀλλὰ

2029 3364 2121 3415 καὶ
2156 3362 2355 3432 μᾶλλον
2393 3364 2515 3416 ὅσον
2548 3363 2720 3417 ταῦτα
2745 3364 2988 3418 ποιοῦσιν
3008 3408 3021 3427 ,
3061 3362 3419 3433 ἐπιτείνωμεν
3445 3365 3603 3434 ἡμεῖς

2026 3452 2125 3523 τὴν
2156 3452 2387 3523 ἄσκησιν
2436 3454 2554 3505 κατ’
2602 3452 2781 3505 αὐτῶν
2809 3453 2942 3523 (97).
2978 3454 3136 3522 Μέγα
3165 3452 3272 3525 γὰρ
3305 3450 3465 3506 ὅπλον
3488 3452 3601 3505 ἐστὶ

1658 3594 1900 3649 VERSIO
1941 3592 2237 3648 EVAGllll.

346 3715 683 3787 voluntatem
718 3718 970 3785 sequitur
1010 3717 1366 3787 possibilitas,
1400 3727 1608 3771 tantum
1652 3717 1745 3771 tibi
1776 3717 1911 3771 velle
1937 3717 2207 3772 sulliciat:
2260 3716 2307 3772 is
2354 3716 2499 3787 enim
2554 3716 2806 3787 potentiae
2860 3731 2979 3787 mos
3025 3724 3147 3787 est,
3195 3731 3305 3787 non
3343 3725 3595 3787 extranea

349 3784 574 3841 fallacia:
609 3784 922 3856 adjurncnta
952 3784 1295 3857 conquirere,
1339 3789 1434 3843 sed
1481 3805 1580 3843 sua
1609 3788 1808 3841 virtute
1859 3788 2085 3856 implere
2121 3787 2266 3856 quod
2315 3786 2517 3855 cupiat.
2558 3784 2635 3841 ’At
2671 3802 2816 3840 nunc
2857 3786 2983 3840 dum
3013 3786 3273 3857 theatrali
3299 3786 3597 3857 mutatione

348 3854 860 3924 fm'marum,‘quasi
895 3854 1089 3912 rudeni
1116 3857 1399 3911 infantiam
1429 3858 1645 3912 scenica
1675 3858 1866 3912 niteris
1900 3854 2253 3912 simulatione
2287 3858 2563 3921 deludere,
2604 3858 2901 3912 exhaustas
2925 3857 3067 3911 vires
3100 3854 3443 3911 manifestius
3474 3871 3597 3924 pro-

344 3928 463 3982 bas.
499 3924 883 3999 Nunquidnam
916 3943 1079 3983 verus
1123 3929 1211 3983 ille
1248 3928 1473 3997 angelus
1511 3937 1700 3983 contra
1732 3927 1991 3999 Assyrios
2023 3927 2227 3983 missus
2271 3943 2301 3981 a
2346 3926 2597 3989 Domino,
2643 3940 2738 3981 aut
2778 3927 3101 3997 populorum
3139 3927 3288 3999 eguit
3321 3927 3596 3999 societate.

345 4008 441 4051 aut
470 3996 685 4052 sonitus
715 3998 988 4067 quaesivit,
1022 3996 1394 4067 aut.plausus,
1422 4007 1476 4052 et
1510 4014 1618 4053 non
1662 3996 1855 4066 potius
1887 4001 2110 4052 tacitam
2142 4012 2404 4054 exercens
2432 3996 3024 4065 potestatem,’centum
3050 3997 3330 4067 octoginta
3357 3997 3598 4067 quinque

346 4068 515 4140 millia
554 4065 816 4131 hostium,
847 4084 1098 4123 sermone
1130 4065 1389 4140 velocius,
1415 4068 1568 4140 juxta
1593 4065 1836 4137 iubentis
1868 4069 2083 4123 Domini
2115 4069 2412 4140 prostravit
2442 4068 2773 4138 imperium?
2805 4083 2901 4123 vos
2927 4083 3057 4138 ergo
3081 4065 3205 4122 cum
3234 4066 3452 4137 fragiles
3479 4065 3597 4121 sitis

343 4138 574 4208 viribus,
610 4148 900 4208 perpetuus
928 4154 1026 4193 vos
1053 4139 1408 4208 consequitur
1435 4139 1711 4193 interitus.

413 4208 504 4279 29.
546 4207 616 4259 At
644 4207 788 4261 dicet
837 4209 1082 4279 aliquis:
1114 4206 1514 4263 Cur'diabolus
1553 4208 1858 4279 egrediens.
1895 4208 2040 4264 beati
2079 4207 2184 4264 Job
2228 4222 2447 4263 omnem
2481 4207 2534 4261 in
2581 4207 2797 4262 ruinam
2829 4206 3043 4277 impulit
3068 4207 3453 4279 domumtcur
3480 4222 3597 4275 ejus

342 4276 536 4349 opibus
572 4279 784 4349 penitus
817 4276 1121 4349 dissipatis,
1148 4279 1416 4348 parietum
1446 4276 1671 4349 quoque
1717 4276 2075 4349 fundamenta
2107 4280 2451 4343 subvertens,
2481 4293 2649 4349 unum
2693 4276 2999 4332 numerasse
3027 4276 3232 4349 sobolis
3260 4279 3601 4349 coacervavit

343 4347 697 4418 sepulcrum?
727 4363 827 4402 cur
852 4347 1031 4415 ipsum
1059 4349 1125 4403 ad
1151 4347 1596 4404 extremum'diri
1623 4348 1868 4404 vulneris
1898 4350 2140 4404 novitate
2169 4349 2481 4418 percussit?
2518 4348 2619 4414 Qui
2649 4349 2751 4403 hoc
2790 4349 3035 4417 opponit,
3065 4347 3252 4403 audiat
3279 4363 3309 4402 e
3334 4347 3549 4418 diverso
3581 4364 3593 4398 :

344 4431 450 4489 non
483 4417 758 4489 diabolum
787 4419 1029 4489 potuisse
1054 4419 1176 4484 hoc,
1209 4421 1302 4475 sed
1336 4419 1651 4479 Dominum.
1684 4435 1714 4473 a
1740 4434 1850 4489 quo
1886 4430 2127 4488 potestas
2151 4417 2438 4476 adversum
2477 4434 2578 4473 nos
2602 4418 2893 4489 dupliciter
2921 4418 3099 4480 datur,
3132 4418 3216 4473 vel
3246 4418 3313 4471 ad
3340 4417 3594 4488 gloriam,

342 4487 388 4559 si
420 4486 740 4559 probamur,
780 4487 864 4559 vel
886 4489 953 4543 ad
984 4505 1224 4559 prunam,
1260 4489 1305 4544 si
1333 4490 1710 4559 delinquimus
1733 4486 1911 4558 {quin
1938 4490 2122 4559 potius
2148 4505 2213 4544 ex
2245 4489 2349 4545 hoc
2398 4486 2815 4559 animadvertat,
2848 4504 2917 4544 ne
2960 4498 3150 4543 contra
3181 4486 3363 4542 unum
3378 4488 3596 4557 quidem

343 4557 622 4630 hominem
652 4557 927 4613 diabolum
957 4557 1260 4628 quidquam
1289 4557 1557 4628 potuisse,
1584 4561 1632 4614 si
1664 4574 1775 4630 non
1801 4557 2134 4629 potestatem
2171 4561 2472 4630 accepisset
2510 4574 2542 4614 a
2586 4558 2840 4624 Domino,
2876 4559 3058 4615 nullus
3106 4559 3258 4630 enim
3295 4559 3458 4630 quod
3485 4573 3598 4612 sua:

341 4627 577 4700 ditionis
616 4637 700 4682 est
732 4630 814 4683 'ab
857 4627 1338 4699 alio’deprecntuiu
1375 4630 1481 4684 Sed
1517 4630 1649 4700 quid
1691 4627 2100 4700 Job—memoro,
2146 4627 2316 4699 quem'
2351 4647 2453 4685 nec
2499 4631 2814 4700 expetitum"
2842 4630 3021 4699 potuit
3064 4629 3327 4700 vincere?
3368 4628 3463 4683 sed
3500 4645 3597 4683 nec

340 4707 531 4771 contra
546 4696 807 4771 jumenta
835 4700 1050 4768 quidem
1067 4696 1217 4771 'ejus,
1257 4715 1355 4754 nec
1380 4696 1580 4755 contra
1600 4716 1726 4755 sues
1754 4699 1867 4770 (98)
1898 4700 1955 4754 in
1980 4696 2295 4771 Evangelio,
2323 4702 2444 4756 sine
2472 4696 2740 4771 concessu
2788 4696 2882 4754 Dei
2925 4700 3203 4770 proprium
3232 4699 3401 4771 robur
3442 4713 3599 4753 exer-

338 4768 472 4831 cuit,
515 4767 659 4823 sicut
701 4767 964 4841 sci'iptutn
993 4780 1077 4825 est
1110 4767 1134 4823 ἧς
1176 4770 1452 4841 Daemones
1492 4781 1669 4824 autem
1706 4767 1961 4841 rogabant
1991 4767 2389 4835 eumfdicentes
2413 4788 2430 4826 :
2457 4770 2517 4825 Si
2550 4770 2696 4841 ejicis
2723 4787 2817 4824 nos
2846 4771 2988 4835 hinc,
3020 4767 3165 4823 initte
3195 4784 3286 4823 nos
3310 4769 3363 4823 in
3394 4785 3597 4839 gregem

336 4855 637 4912 porcorum.
684 4838 970 4903 Quomodo
1000 4840 1309 4912 igitur,iqui
1339 4855 1631 4910 porcorum
1672 4838 1934 4912 expetunt
1961 4850 2184 4906 mortes,
2218 4843 2508 4912 imaginem
2545 4840 2639 4896 Dei
2675 4841 2972 4907 hominem,
2999 4850 3052 4895 et
3084 4850 3191 4895 tam
3218 4841 3444 4894 charum
3472 4838 3598 4895 conv

337 4909 497 4980 ditori
528 4910 753 4980 animal,
783 4925 885 4965 suo
912 4909 1170 4965 valebunt
1191 4909 1316 4980 jtire
1341 4909 1700 4979 pervertere?

410 4979 500 5033 '50.
543 4977 757 5050 Magna,
811 4977 1486 5047 dilectissimi,adversus
1529 4981 1805 5035 dazmones
1849 4997 2000 5036 arma
2045 4990 2193 5044 sunt,
2229 4982 2339 5036 vita
2391 4983 2603 5037 sincera
2654 4992 2707 5039 et
2751 4985 3069 5037 intemerata
3111 4980 3177 5035 ad
3226 4978 3393 5034 Deum
3441 4980 3591 5035 lides.

1073 5124 1117 5155 ⁸⁵
1143 5122 1247 5178 Joh
1274 5140 1312 5189 ι,
1346 5122 1547 5187 lii-9.9.;
1588 5121 1795 5195 ",5-1-7.
1874 5125 1918 5154 ⁶⁶
1956 5124 2143 5178 Matth.
2174 5140 2288 5193 vut,
2324 5125 2413 5181 51.

404 5235 878 5319 (εἰῇ-δὶοῖίθείυε
913 5241 1187 5319 secundus
1218 5251 1271 5294 ct
1321 5241 1620 5295 Colbertiu.
1657 5242 1711 5294 2.
1747 5240 1911 5303 Editi,

2028 5244 2164 5319 κατὰ
2191 5244 2410 5319 χοίρων.
2441 5242 2605 5312 Infra,
2630 5255 2753 5319 post
2774 5244 3093 5319 ἀνθρώπων,
3127 5246 3215 5319 alii
3247 5247 3464 5319 codices
3495 5248 3589 5301 ha-

332 5310 589 5388 ὲκφρϐεῖχ
613 5309 770 5388 μονον
798 5312 1167 5380 πειράζουσιν.
1236 5380 1267 5388 ﬂ
1312 5381 1323 5388 _
1454 5380 1465 5388 _
1555 5364 1560 5370 ,

2028 5315 2168 5388 bent,
2192 5309 2310 5388 ρὐ
2351 5315 2569 5388 ξχουσιᾲ,
2593 5309 2704 5388 alii
2747 5309 3086 5388 cum'ed‘itis,
3124 5318 3184 5370 οὐ
3225 5317 3585 5388 κυριεύσουσι.

406 5379 517 5463 (94)
550 5376 760 5463 Regius”
794 5376 1068 5463 secundus
1135 5390 1190 5462 et
1228 5380 1576 5463 Colbertintts
1618 5382 1910 5463 secundus,

2028 5376 2164 5463 infra
2196 5383 2329 5463 Beg.
2355 5376 2414 5452 ἕξ
2434 5397 2487 5443 et
2515 5376 2751 5442 Colbert.
2788 5388 2841 5452 2,
2880 5386 3003 5458 μηθ’
3038 5376 3172 5451 ὅλως
3194 5376 3392 5453 αὐτοὺς
3424 5403 3590 5460 προσ-

407 5121 452 5155 ⁶⁵
487 5119 556 5176 lV
594 5120 726 5193 Reg.
761 5138 874 5189 xix,
904 5124 993 5178 55.

335 5448 649 5520 παραδούς.
673 5449 817 5520 infra
838 5450 1066 5520 Allegius
1102 5453 1311 5519 primus
1351 5461 1404 5505 et
1443 5451 1790 5507 Colbertinus
1827 5469 1913 5505 se-

2028 5448 2311 5509 ποιεῖσθαῇ

334 5518 566 5595 candus,
599 5518 695 5595 καὶ
720 5518 901 5595 λαϐὼν
924 5518 1268 5595 ιτξεττοίὴκενζ
1282 5520 1478 5595 [legitis
1493 5524 1792 5595 secundus,
1819 5525 1912 5577 καὶ

2038 5594 2045 5595 ί
2092 5526 2205 5595 (97)
2238 5525 2329 5581 Sic
2360 5542 2551 5582 onmes
2596 5527 2764 5582 ferme
2806 5544 2937 5582 mss.
2974 5529 3029 5580 lu
3067 5527 3224 5583 editis
3262 5530 3383 5582 κατ’
3412 5528 3588 5582 αὐτῶν

535 5586 721 5662 λοιπὴν
750 5585 1166 5662 καὶᾲπεποίηκεε.
1231 5585 1393 5655 Ειιίιῖ,
1423 5593 1515 5662 καί
1543 5592 1751 5646 ἔλαϐεν.
1779 5585 1788 5589 ’

2028 5585 2188 5650 deest.

406 5655 517 5731 (ίίξ)
544 5657 801 5731 ’ρλεθρος
832 5660 983 5731 «Ιιιρει
1006 5655 1073 5713 ιη’
1091 5659 1255 5731 Ιὶρδυο
1289 5663 1323 5713 '2
1349 5674 1401 5715 ct
1425 5661 1663 5716 (lolbert.
1688 5664 1742 5717 Ξ.

485 5667 517 5743 εἰ
544 5667 801 5743 ’ρῆεθνρος
832 5667 983 5743 “Const
1006 5677 1057 5713 III
1091 5667 1255 5731 licgto
1289 5667 1323 5713 '2
1349 5667 1663 5743 etcolbert.
1688 5667 1742 5743 ετξ.
2093 5668 2202 5737 (98)
2233 5667 2412 5738 Aliqui
2447 5667 2659 5723 codices
2689 5679 2871 5722 contra
2904 5685 3018 5722 om
3045 5686 3189 5723 sum.

407 5726 521 5795 {96)
558 5724 650 5781 Sic
692 5724 883 5783 otnncs
928 5730 1096 5785 ferme
1138 5724 1514 5803 llivdllUbCl‘ipll.
1569 5733 1707 5789 liditi
1760 5751 1906 5801 vero,
