3966 6226
373 319 503 382 .389

1712 311 1874 389 'vrrA
1916 337 1973 392 s.
2015 336 2316 396 ANTONII.

3507 343 3630 402 {90

401 440 514 491 κατ’
542 439 719 492 αὐτῶν
753 441 864 511 βίος
889 443 1062 515 ὀρθὸς,
1089 446 1181 498 καὶ
1216 448 1248 518 ἡ
1285 449 1418 520 πρὸς
1452 449 1583 502 Θεὸν
1613 451 1814 516 πίστις.
1860 454 1951 506 Φο-

2063 467 2147 511 est
2179 457 2346 526 proba
2379 456 2510 522 vita,
2545 468 2598 513 et
2623 459 2756 516 ﬁdes
2789 460 2840 514 in
2886 461 3076 517 Deum.
3114 463 3329 519 Timent
3367 479 3498 520 sane
3550 465 3629 518 illi

400 529 614 582 ϐοῦνται
659 527 780 598 τοῖν
813 533 918 586 τῶν
950 535 1202 606 ἀσκητῶν
1231 538 1326 608 τὴν
1351 541 1600 610 νηστείαν
1622 582 1636 604 ,
1666 543 1762 612 τὴν
1791 545 1959 616 ἀγρυ-

399 622 577 686 πνίαν,
606 621 704 685 τὰς
731 624 914 694 εὐχὰς,
946 626 1006 678 τὸ
1027 629 1220 698 πρᾶον,
1243 629 1304 681 τὸ
1322 631 1540 701 ἥσυχον,
1574 633 1634 684 τὸ
1657 632 1960 706 ἀφιλάργυ-

400 727 510 781 ρον,
533 711 590 764 τὸ
609 713 938 778 ἀκενόδοξον,
959 717 1056 788 τὴν
1075 721 1590 792 ταπεινοφροσύνην,
1615 723 1675 776 τὸ
1697 723 1964 792 φιλόπτω-

399 819 509 873 χον,
549 803 646 867 τὰς
672 805 1058 877 ἐλεημοσύνας,
1081 811 1142 864 τὸ
1173 811 1438 884 ἀόργητον
1459 855 1474 878 ,
1497 816 1591 868 καὶ
1619 818 1961 888 προηγουμέ-

396 910 500 956 νως
521 894 620 966 τὴν
652 897 731 960 είς
749 897 838 952 τὸν
863 901 1095 969 Χριστὸν
1114 903 1410 960 εὐσέϐειαν.
1436 905 1533 958 Διά
1559 906 1716 958 τοῦτο
1740 907 1847 980 γὰρ
1869 909 1961 962 καὶ

396 986 570 1039 πάντα
585 987 846 1054 ποιοῦσιν,
865 989 950 1044 ἵνα
973 991 1046 1063 μὴ
1063 992 1224 1062 ἔχωσι
1241 995 1367 1058 τοὺς
1386 997 1832 1063 καταπατοῦντας
1849 999 1958 1070 (99)

393 1079 608 1142 αὐτούς.
661 1081 836 1134 Ἴσασι
885 1082 994 1153 γὰρ
1036 1085 1133 1154 τὴν
1162 1089 1282 1140 κατ’
1321 1089 1497 1144 αὐτῶν
1531 1090 1772 1144 δοθεῖσαν
1803 1093 1960 1164 χάριν

392 1173 502 1231 τοῖς
545 1175 753 1234 πιστοῖς
801 1173 951 1244 παρὰ
999 1175 1094 1227 τοῦ
1137 1177 1385 1250 Σωτῆρος
1409 1220 1424 1244 ,
1476 1181 1722 1248 λέγοντος
1757 1182 1954 1236 αὑτοῦ·

403 1259 546 1312 Ἰδοὺ
597 1261 824 1316 δέδωκα
875 1265 1017 1333 ὑμῖν
1061 1265 1349 1329 ἐξουσίαν
1381 1270 1459 1339 (Ι)
1501 1272 1712 1324 πατεῖν
1761 1271 1958 1325 ἐπάνω

390 1349 582 1418 ὄφεων
601 1353 698 1405 καὶ
729 1358 1052 1423 σκορπίων,
1086 1359 1181 1412 καὶ
1209 1360 1306 1412 ἐπὶ
1338 1359 1544 1414 πᾶσαν
1569 1364 1682 1432 τὴν
1704 1365 1960 1433 δύναμιν

386 1443 492 1495 τοῦ
527 1443 763 1512 ἐχθροῦ.

455 1535 542 1588 51.
581 1538 676 1588 Ἂν
723 1538 899 1590 τοίνυν
933 1541 1026 1592 καὶ
1074 1541 1354 1611 προλέγειν
1395 1546 1825 1618 ὑποκρίνωνται,
1883 1549 1956 1620 μὴ

385 1628 783 1696 προσποιείσοω
803 1647 903 1692 τις.
940 1632 1202 1696 Πολλάκις
1228 1635 1334 1707 γὰρ
1367 1637 1470 1708 πρὸ
1497 1638 1719 1708 ἡμερῶν
1742 1639 1955 1708 λέγουσι

385 1719 506 1779 τοὺς
529 1717 646 1786 μεθ’
667 1720 874 1792 ἡμέρας
896 1723 1246 1788 ἀπαντῶντας
1268 1726 1528 1795 ἀδελφούς
1548 1744 1560 1756 ·
1589 1730 1682 1782 καὶ
1705 1729 1952 1802 ἔρχονται

385 1808 482 1876 μὲν
509 1809 726 1862 ἐκεῖνοι.
749 1811 967 1864 Ποιοῦσι
988 1814 1042 1866 δὲ
1071 1815 1226 1868 τοῦτο
1255 1808 1421 1876 οὗτοι,
1445 1818 1506 1869 ού
1534 1819 1820 1890 κηδόμενοι
1846 1823 1951 1876 τῶν
1985 1795 2025 1848 Β

381 1895 704 1962 ἀκουόντων,
724 1899 836 1952 ἀλλ’
855 1901 938 1953 ἵνα
957 1903 1225 1957 πιστεύειν
1251 1907 1432 1970 αὐτοῖς
1449 1909 1706 1962 πείσωσιν
1723 1911 1918 1975 αὐτοὺς
1934 1955 1948 1978 ,

380 1987 474 2038 καὶ
519 1987 639 2040 τότε
693 1988 878 2042 λοιπὸν
921 1991 1262 2063 ὑποχειρίους
1294 1994 1538 2064 ἔχοντες,
1579 1996 1945 2050 ἀπολέσωσιν·

377 2077 498 2132 ὅθεν
528 2079 589 2132 ού
617 2080 698 2133 δεῖ
718 2083 1002 2154 προσέχειν
1030 2086 1232 2150 αὐτοῖς,
1268 2086 1404 2142 ἀλλὰ
1424 2089 1516 2141 καὶ
1545 2088 1799 2158 λέγοντας
1822 2093 1950 2144 ἁνα-

375 2169 598 2239 τρέπειν
623 2173 760 2244 χρὴ,⁹
782 2175 862 2226 ὅτι
897 2175 969 2246 μὴ
997 2177 1186 2246 χρείαν
1214 2177 1412 2248 ἔχομεν
1439 2181 1601 2252 ἡμεῖς
1633 2182 1855 2236 τούτων.
1885 2183 1950 2238 Τί

375 2260 486 2332 γὰρ
539 2263 880 2334 Θαυμαστὸν,
929 2269 977 2319 εὶ
1031 2267 1374 2342 λεπτοτέροις
1420 2272 1690 2344 χρώμενοι
1737 2273 1948 2346 σώμασι

377 2353 575 2424 μᾶλλον
603 2357 710 2410 τῶν
740 2359 1036 2429 ἀνθρώπων
1057 2404 1071 2428 ,
1107 2362 1200 2415 mi.
1240 2364 1365 2428 τοὺς
1389 2365 1726 2438 ἀρξαμένους
1747 2369 1949 2424 ὁδεύειν

372 2444 704 2515 ἑωρακότες,
737 2449 1178 2520 προλαμϐάνουσι
1218 2453 1294 2524 τῷ
1325 2455 1507 2527 δρόμῳ
1550 2459 1642 2510 καὶ
1674 2459 1948 2528 ἀπαγγέλ-

371 2535 562 2604 λουσι;
603 2541 759 2594 τοῦτο
799 2543 892 2596 καὶ
937 2543 1087 2615 ἵππῳ
1131 2563 1212 2610 τις
1234 2547 1638 2620 ὲπικαθήμενος
1673 2553 1946 2623 προλέγει,

369 2631 767 2703 προλαμϐάνων
797 2636 891 2690 τοῦ
915 2637 1190 2702 όδεύοντος
1213 2639 1286 2710 (2)
1315 2643 1426 2705 τοῖς
1453 2643 1608 2697 ποσίν
1629 2661 1642 2673 ·
1677 2645 1815 2698 ὥστε
1841 2645 1948 2698 οὐδ’

367 2721 432 2776 ἑν
467 2723 641 2796 τούτῳ
671 2727 774 2798 χρὴ
807 2727 1108 2800 Θαυμάζειν
1135 2731 1351 2796 αὐτούς.
1389 2734 1554 2788 Οὐδὲν
1584 2735 1692 2808 γὰρ
1729 2735 1836 2790 τῶν
1873 2736 1948 2808 μὴ

367 2814 675 2883 γενομένων
705 2818 1168 2888 προγινώσκουσιν
1188 2837 1202 2851 ο
1235 2821 1371 2875 ἀλλά
1403 2824 1562 2892 μόνος
1589 2827 1617 2878 ὁ
1643 2825 1772 2889 Θεός
1803 2829 1948 2880 ἐστιν

367 2909 399 2958 ὀ
432 2907 604 2962 πάντα
636 2910 916 2978 γινώσκων
959 2915 1090 2986 πρὶν
1132 2916 1401 2984 γενέσεως
1441 2917 1639 2972 αὐτῶν.
1699 2913 1857 2973 Οὗτοι
1891 2921 1948 2974 δὲ

365 2996 406 3052 ἃ
429 2997 730 3070 βλέπουσιν,
753 3004 827 3068 ὡς
845 3004 1088 3070 κλέπται,
1120 3008 1502 3079 προτρέχοντες
1527 3008 1942 3078 ἀπαγγέλλουσι.

2063 557 2372 602 ascetarum
2399 549 2626 619 jejunis,
2659 551 2889 622 vigilias,
2922 555 3221 621 orationes,
3256 557 3629 612 mansuetudi-

2063 653 2208 704 nem,
2243 641 2712 709 tranquillitatem,
2738 646 2984 714 pecuniae
3007 655 3063 700 et
3079 647 3259 702 inanis
3283 651 3470 720 gloriae
3495 664 3626 705 con-

2062 738 2346 800 temptum,
2377 732 2758 802 humilitatem,
2782 751 3080 806 pauperum
3104 753 3367 803 amorem,
3393 741 3626 796 eleemo-

2061 835 2244 890 synas,
2301 822 2599 889 lenitatem,
2650 835 2702 880 et
2745 843 2856 896 pm
2912 831 3120 885 caeteris
3191 831 3442 900 pietatem
3494 847 3623 902 erga

2060 912 2360 970 Christum.
2391 915 2571 982 Quare
2593 919 2728 973 nihil
2763 937 2870 974 non
2899 931 3086 991 agunt,
3121 933 3182 976 ut
3207 937 3370 978 nemo
3397 923 3625 978 exsistat

2059 1006 2152 1074 qui
2196 1022 2254 1062 se
2291 1011 2592 1064 conculcet.
2649 1009 2861 1066 Norunt
2911 1014 3058 1068 enim
3101 1015 3334 1084 gratiam
3377 1013 3625 1068 ﬁdelibus

2059 1094 2344 1151 adversum
2373 1113 2431 1153 se
2463 1100 2646 1154 datam
2677 1115 2705 1154 a
2745 1100 3026 1158 Salvatore
3055 1104 3150 1172 qui
3179 1102 3254 1156 ait
3281 1120 3294 1156 :
3333 1100 3468 1154 Ecce
3505 1101 3625 1156 dedi

2059 1186 2201 1239 vobis
2229 1197 2542 1256 potestatem
2565 1192 2806 1245 calcandi
2841 1210 3006 1262 supra
3038 1202 3298 1262 serpentes
3322 1201 3370 1246 et
3393 1191 3626 1261 scorpio-

2059 1293 2170 1344 nes,
2204 1289 2252 1332 et
2289 1297 2445 1349 super
2472 1299 2676 1336 omnem
2697 1291 2941 1339 virtutem
2969 1286 3171 1339 inimici
3202 1285 3266 1341 ⁸⁷.

2126 1544 2216 1597 51.
2261 1541 2317 1596 Si
2345 1542 2528 1611 itaque
2559 1558 2618 1598 se
2651 1543 2830 1598 futura
2859 1543 3148 1614 praedicere
3168 1543 3620 1608 simulent,nemo

2057 1635 2318 1689 attendat.
2352 1633 2507 1703 Saepe
2541 1633 2686 1687 enim
2717 1633 2928 1704 aliquot
2969 1643 3096 1688 ante
3130 1632 3322 1688 diebus
3361 1639 3620 1686 venturos

2057 1727 2251 1782 fratres
2285 1726 2672 1796 praenuntiant,
2695 1735 2747 1781 et
2779 1727 3005 1782 veniunt
3033 1726 3107 1780 illi
3133 1741 3338 1780 revera.
3376 1723 3489 1780 Hoc
3525 1739 3622 1779 au-

2053 1827 2159 1876 i-em
2195 1828 2384 1888 agunt,
2403 1834 2510 1874 non
2529 1820 2708 1888 aliqua
2737 1835 2795 1875 se
2817 1820 3152 1874 audientium
3177 1819 3388 1874 ratione
3415 1817 3619 1879 habita,

2052 1911 2150 1966 sed
2177 1925 2287 1979 quo
2316 1909 2581 1964 suadeant
2605 1909 2714 1964 illis
2740 1920 2800 1964 ut
2827 1909 2987 1963 ﬁdem
3017 1909 3254 1964 habeant
3283 1909 3386 1963 sibi
3420 1923 3433 1958 :
3457 1915 3620 1977 atque

2051 2003 2269 2058 demum
2327 2017 2422 2057 eos
2456 2017 2570 2056 suae
2609 2001 2767 2070 quasi
2811 2001 3094 2070 potestatis
3131 1999 3306 2056 factos
3351 2001 3614 2070 perdant:

2051 2095 2196 2149 unde
2227 2109 2296 2149 ne
2337 2093 2647 2148 attendatur
2685 2091 2829 2162 ipsis
2849 2133 2864 2158 ,
2899 2092 3010 2146 imo
3043 2093 3326 2162 loquentes
3358 2090 3619 2159 abjician-

2053 2197 2160 2253 tur,
2187 2186 2313 2256 quia
2348 2183 2486 2240 nihil
2532 2185 2640 2240 illis
2671 2199 2916 2255 egemus.
2962 2182 3105 2250 Quid
3138 2184 3340 2238 mirum
3367 2183 3536 2250 enim,
3568 2180 3618 2237 si

2050 2279 2348 2334 levioribus
2373 2293 2540 2347 quam
2581 2277 2830 2352 homines
2859 2276 2944 2331 usi
2975 2276 3319 2346 corporibus,
3360 2290 3486 2330 cum
3532 2274 3616 2330 vi-

2049 2370 2228 2426 derint
2275 2369 2490 2438 aliquos
2532 2369 2676 2424 viam
2707 2353 3006 2438 ingressos,
3048 2385 3210 2425 cursu
3251 2375 3615 2434 antevertant,

2051 2469 2214 2530 atque
2236 2460 2596 2515 renuntient?
2638 2475 2704 2516 eo
2741 2462 2940 2530 quippe
2985 2462 3148 2516 modo
3179 2476 3348 2530 eques
3380 2461 3615 2531 peditem

2047 2560 2368 2622 praevertere
2399 2553 2574 2621 possit
2603 2569 2615 2603 :
2651 2567 2820 2622 quare
2845 2553 2950 2608 hac
2981 2553 3038 2608 in
3069 2569 3128 2608 re
3157 2569 3265 2608 non
3291 2563 3419 2608 sunt
3443 2552 3618 2606 admi—

2049 2643 2262 2700 ratione
2291 2643 2461 2714 digni.
2493 2643 2639 2700 Nihil
2670 2645 2816 2700 enim
2841 2655 3038 2700 norunt
3067 2646 3210 2715 quod
3237 2645 3479 2700 nondum
3517 2660 3616 2699 ex-

2049 2745 2190 2792 stet:
2217 2737 2478 2808 solusque
2505 2735 2650 2792 Deus
2679 2737 2829 2796 novit
2863 2738 3046 2793 omnia
3077 2745 3364 2806 antequam
3393 2735 3525 2790 ﬁant
3548 2729 3614 2790 ⁸⁸.

2048 2829 2130 2884 Illi
2159 2845 2290 2886 vero
2317 2833 2363 2886 si
2387 2846 2494 2900 qua
2525 2829 2778 2894 viderint,
2810 2831 2966 2901 quasi
2995 2829 3144 2885 fures
3163 2829 3434 2884 concitato
3450 2843 3615 2882 cursu

2049 2919 2310 2976 referunt.
2337 2921 2510 2987 Quam
2549 2921 2858 2990 multisjam
2885 2939 3006 2992 qua:
3032 2923 3171 2977 inter
3207 2937 3308 2976 nos
3331 2929 3614 2992 geruntur,

2047 3012 2192 3082 quod
2245 3011 2452 3066 scilicet
2499 3013 2948 3076 convenerimus,
2999 3021 3053 3067 et
3083 3021 3275 3066 mutuo
3325 3012 3616 3080 loquamur

369 3093 563 3156 Πόσσις
589 3095 681 3146 νῦν
705 3095 771 3148 τὰ
801 3097 978 3167 ἡμῶν,
1003 3099 1097 3151 καὶ
1127 3099 1210 3151 ὅτι
1241 3101 1592 3171 συνήλθομεν,
1617 3103 1712 3154 καὶ
1731 3101 1946 3173 ὁμιλοῦ-

2054 3107 2334 3162 adversum
2399 3106 2558 3172 illos,
2611 3105 2958 3170 renuntiant,
3011 3114 3305 3176 antequam
3363 3112 3614 3158 nostrum

367 3201 468 3254 μεν
491 3188 607 3238 κατ’
623 3187 800 3240 αὐτῶν
825 3189 1168 3260 σημαίνουσι,
1185 3191 1310 3262 πρὶν
1337 3195 1464 3263 παρ’
1487 3193 1646 3263 ἡμῶν
1670 3213 1753 3256 τις
1777 3195 1941 3248 ἀπελ-

365 3273 476 3328 θὼν
517 3277 850 3350 ἁπαγγείλῃέ
891 3279 1058 3334 Τοῦτο
1085 3283 1141 3336 δὲ
1169 3283 1263 3336 καὶ
1298 3286 1426 3347 παῖς
1457 3301 1539 3346 τις
1570 3285 1642 3355 (5)
1676 3286 1938 3357 ταχυδρό-

367 3385 467 3437 μος
500 3371 718 3440 ποιῆσαι
742 3371 982 3437 δύναται,
1023 3375 1308 3446 προλαϐὼν
1330 3377 1419 3430 τὸν
1447 3377 1798 3450 βραδύναντα.
1873 3382 1937 3434 Ὃ

361 3458 420 3510 δὲ
450 3460 590 3529 λέγω
609 3502 622 3526 ,
648 3465 885 3518 τοιοῦτόν
918 3468 1084 3520 ἐστιν.
1125 3469 1224 3521 "Av
1249 3485 1333 3532 τις
1360 3468 1590 3540 ἄρξηται
1620 3477 1937 3542 περιπατεῖν

359 3553 470 3607 ἀπὸ
497 3556 594 3626 τῆς
609 3557 940 3628 Θηϐαΐδος,ἣ
965 3559 1071 3612 ἀπό
1097 3576 1240 3624 τινος
1265 3560 1431 3631 ἄλλης
1463 3561 1663 3634 χώρας,
1687 3565 1815 3634 πρὶν
1840 3566 1936 3635 μὲν

361 3647 594 3718 ἄρξηται
627 3653 964 3721 περιπατεῖν,
999 3653 1097 3704 οὐκ
1129 3653 1303 3706 ἴσασιν
1333 3656 1378 3706 εἰ
1409 3657 1770 3726 περιπατήσει
1793 3671 1804 3684 ·
1843 3673 1940 3708 πε-

361 3742 692 3814 ριπατοῦντα
705 3743 761 3796 δὲ
783 3745 966 3798 τοῦτον
977 3747 1682 3818 ἑωρακότες,προτρέχουσι,
1699 3751 1792 3801 καὶ
1813 3751 1942 3821 πρὶν

361 3833 524 3886 αὐτὸν
549 3833 742 3898 ἐλθεῖν,
767 3837 1196 3904 ἀπαγγέλλουσι·
1223 3839 1316 3892 καὶ
1339 3837 1480 3890 οὕτω
1507 3839 1786 3910 συμϐαίνει
1813 3839 1940 3892 τού-

2045 3199 2316 3269 quispiam
2345 3197 2628 3253 discedens
2651 3199 2763 3253 haec
2789 3199 3036 3252 enarret!
3081 3197 3236 3264 Quod
3274 3211 3404 3252 sane
3431 3195 3615 3265 quivis

2045 3291 2238 3360 pernix
2269 3306 2403 3359 puer
2447 3299 2707 3359 praestare
2739 3291 2903 3354 valet,
2955 3298 3115 3359 atque
3167 3287 3610 3344 cunctabundum

2043 3391 2384 3453 praevertere.
2415 3381 2570 3448 Quod
2590 3391 2772 3437 autem
2811 3383 2932 3438 dico
2963 3383 3042 3438 sic
3085 3381 3515 3450 intelligendum.
3552 3375 3610 3431 Si

2043 3477 2167 3544 quis
2202 3491 2270 3529 ex
2307 3473 2603 3538 Thebaide,
2635 3484 2728 3529 aut
2763 3489 2830 3528 ex
2853 3475 3088 3543 quadarn
3129 3473 3234 3528 alia
3269 3472 3490 3543 regione
3512 3471 3614 3526 iter

2046 3565 2368 3635 ingreditur,
2401 3573 2692 3634 antequam
2715 3565 3115 3634 proﬁciscatur,
3145 3561 3307 3634 655
3335 3561 3612 3632 proiectu-

2047 3671 2213 3711 rusne
2246 3657 2315 3711 sit
2360 3657 2609 3726 ignorant
2642 3675 2655 3709 :
2703 3656 3073 3710 ambulantem
3099 3671 3222 3710 cum
3258 3655 3442 3708 vident
3474 3667 3614 3722 pra:-

2047 3757 2314 3812 currunt,
2369 3747 2598 3816 ejusque
2641 3745 2930 3800 adventum
2989 3745 3400 3814 praenuntiant:
3449 3753 3612 3812 atque

2047 3839 2236 3910 paucis
2276 3837 2400 3893 inde
2431 3838 2624 3894 diebus
2659 3837 2952 3892 adventant
2987 3837 3086 3890 illi.
3115 3835 3394 3906 Contingit
3429 3843 3609 3890 tamen

1669 4013 1924 4068 VERSIO
1963 4012 2267 4068 EVAGRII.

359 4163 580 4240 Credite
613 4181 834 4238 experto
862 4170 937 4240 (4)
985 4185 998 4220 :
1044 4167 1668 4240 pertimescit_Satanas
1716 4177 1864 4222 recte
1905 4167 2204 4240 viventium
2233 4166 2793 4240 vigilias,_oratione_s,
2835 4165 3063 4240 jejunis,
3111 4167 3604 4240 mansuetudinem,

359 4236 729 4311 voluntariam
761 4236 1156 4311 paupertatem,
1187 4253 1341 4292 vanae
1367 4237 1982 4311 gloriaeiicontemptum,
2007 4237 2388 4311 humilitatem,
2416 4237 2866 4311 misericordiam,
2898 4237 2993 4311 irae
3017 4236 3377 4311 dominatum,
3404 4245 3454 4289 et
3480 4251 3610 4305 prae-

359 4308 521 4382 cipue
553 4305 910 4382 purum'erga
939 4309 1217 4382 Christum
1252 4305 1493 4382 amorem
1522 4307 1598 4378 (5)
1625 4308 1775 4362 novit
1805 4309 2112 4382 teterrimns
2143 4308 2385 4370 coluber,
2419 4321 2484 4360 ex
2517 4318 2785 4375 pramepto
2827 4305 3040 4382 Domini
3083 4306 3184 4360 sub
3221 4305 3494 4374 iustorum
3549 4321 3608 4360 se

354 4376 962 4452 jacere’vestigiisfqui
1003 4380 1082 4433 ait
1109 4397 1124 4432 :
1153 4377 1288 4432 Ecce
1321 4378 1442 4432 dedi
1473 4376 1616 4432 vobis
1643 4387 1957 4448 potestatem
1995 4378 2204 4431 calcare
2237 4393 2392 4447 super
2415 4387 2675 4445 serpentes
2711 4385 2760 4430 et
2795 4377 3113 4444 scorpiones,
3141 4385 3188 4430 et
3229 4392 3382 4446 super
3407 4393 3610 4430 omnem

361 4453 614 4502 virtutem
648 4453 868 4506 inimici.

431 4519 519 4572 51.
561 4519 620 4574 Si
675 4527 856 4576 autem
888 4529 943 4576 et
969 4519 1360 4576 divinationem
1405 4533 1465 4574 se
1507 4517 1708 4574 habere
1746 4518 2089 4583 simulantes,
2123 4523 2387 4571 venturos
2432 4513 2629 4570 fratres
2663 4515 3057 4581 nuntiaverint,
3087 4523 3140 4570 et
3169 4513 3440 4570 adfuerint
3470 4531 3608 4584 quos

358 4591 548 4661 venire
587 4593 972 4661 pradixerant,
997 4606 1100 4646 nec
1129 4591 1210 4644 sic
1239 4589 1372 4644 lides
1403 4597 1486 4644 est
1511 4589 1908 4661 commodanda
1945 4587 2298 4661 mendacibus
2327 4603 2340 4639 :
2375 4586 2688 4661 9b_id_enir_n
2719 4602 3046 4661 praecessere
3074 4587 3608 4661 venientesLut_cre-

357 4659 563 4732 dulitas
588 4655 695 4716 sibi
725 4673 1013 4732 pararetur
1043 4675 1110 4732 ex
1143 4661 1356 4725 nuntio,
1397 4668 1449 4713 et
1483 4667 1672 4728 postea
1705 4659 1983 4732 aditusegt
2019 4658 2340 4732 credulitate
2371 4656 2615 4709 fallaciae.
2647 4657 2928 4732 Verumin
2971 4657 3076 4711 hoc
3114 4656 3320 4732 nullum
3349 4655 3611 4710 Christia-

357 4745 432 4783 Im
471 4731 634 4786 debet
679 4726 800 4788 esse
849 4731 1195 4794 miraculum,
1237 4745 1360 4783 cum
1413 4726 1520 4782 noh
1559 4739 1765 4782 tantum
1816 4730 1908 4799 qui
1957 4729 2172 4782 levitate
2205 4736 2417 4781 naturae
2451 4741 2548 4796 per
2591 4735 2784 4799 cuneta
2812 4728 3128 4799 discurrunt
3157 4726 3368 4799 valeant
3408 4739 3608 4799 praeve—

355 4799 476 4854 nire
517 4805 827 4872 gradientes
852 4845 866 4868 ,
918 4803 1010 4856 sed
1053 4801 1301 4854 homines
1349 4815 1569 4872 quoque
1612 4793 1876 4872 equorum
1921 4800 2206 4872 velocitate
2238 4793 2513 4872 praevecii,
2565 4797 2817 4872 nuntiant
2861 4797 3162 4872 adiuturos.
3195 4793 3312 4848 Non
3345 4797 3486 4846 enim
3520 4809 3604 4872 ea,

356 4886 480 4938 quae
519 4865 764 4928 nondum
800 4865 915 4927 ﬁeri
963 4881 1139 4940 empta
1189 4877 1319 4924 sunt
1353 4865 1594 4923 referunt
1623 4907 1638 4932 ,
1661 4865 1801 4938 'quia
1838 4869 1980 4924 Deus
2027 4870 2176 4923 solus
2208 4865 2465 4940 conscius
2486 4875 2572 4940 est
2603 4865 2908 4940 futurorum
2937 4885 2950 4921 :
2991 4866 3081 4940 sed
3119 4879 3350 4933 quorum
3386 4866 3606 4931 conspi-

357 4935 512 4994 ciunt
553 4943 605 4996 in
650 4955 776 4999 actu
817 4935 1065 5008 initium,
1089 4956 1276 4996 eorum
1323 4941 1426 4994 sibi
1462 4935 1720 5007 tanquam
1759 4940 1905 4992 fures
1945 4940 2083 5008 apud
2118 4940 2335 5008 ignaros
2371 4938 2650 4991 vindicant
2681 4937 2980 4991 notionem.
3017 4935 3151 4988 Nam
3179 4943 3439 5008 quantos
3463 4947 3606 5008 nunc

357 5011 562 5080 putatis
591 5015 685 5082 qui
727 5016 942 5083 possint
989 5003 1274 5067 velocitate
1303 5010 1498 5083 puerili
1535 5003 1698 5083 istum
1739 5003 2296 5083 emtumnostrdsque
2323 5016 2509 5083 contra
2543 5023 2602 5061 se
2635 5022 2935 5083 sermones,
2966 5015 3089 5059 ante
3119 5003 3605 5083 relatum-alicujUs

358 5071 450 5135 hic
495 5071 678 5152 posi'ti,
715 5071 875 5154 longe
918 5083 1264 5138 manentibus
1305 5071 1587 5134 indicare?
1619 5071 1730 5134 Hoc
1759 5079 1904 5144 quod
1931 5081 2052 5135 dico
2079 5071 2233 5134 vobis
2258 5079 2604 5148 perspicuum
2633 5079 2746 5131 tieri
2773 5085 2946 5147 potest
2989 5075 3270 5143 exemplis.
3317 5071 3374 5126 Si
3407 5073 3532 5142 quis
3573 5089 3606 5128 ει

431 5198 472 5230 ⁸⁷
507 5199 642 5254 Luc.
681 5217 738 5266 ι,
769 5201 855 5256 i9.
935 5200 980 5232 ⁸⁸
1015 5201 1150 5256 Dan.
1180 5216 1300 5267 XIII,
1331 5199 1417 5254 42.

428 5314 536 5382 (99)
571 5313 700 5384 Reg.
729 5315 784 5380 2,
812 5315 1152 5378 ἀπατῶντας.
1184 5315 1481 5370 Colliertin.
1520 5314 1576 5376 2,
1607 5313 1928 5378 πατοῦντας.

2054 5313 2328 5376 ίδεύοντος.
2368 5381 2396 5384 ζ
2484 5381 2493 5384 _
2791 5377 2804 5384 _
3028 5373 3060 5384 ,η
3103 5373 3135 5384 ..
3224 5372 3254 5384 _.

427 5373 794 5456 (lfSicheg'.
838 5386 873 5438 εὶ
903 5396 957 5442 et
993 5373 1243 5456 Coibert.
1277 5385 1331 5436 2.
1375 5386 1432 5456 in
1489 5373 1647 5440 editis
1686 5373 1933 5456 ἐξουσίαν
1966 5373 1999 5378 ⁷
2111 5387 2187 5454 (5)
2238 5373 2330 5438 sic
2367 5381 2566 5456 Regius
2602 5377 2876 5456 secundus
2915 5373 3316 5456 etutiolbertin.
3348 5373 3412 5456 ξ,
3445 5383 3608 5442 atque

355 5443 527 5528 deest.
559 5455 702 5509 lnl'ra
735 5443 894 5522 mss"
927 5456 1031 5528 πρὸ
1066 5455 1307 5528 ἡμερῶν,
1340 5455 1430 5509 ubi
1461 5457 1611 5522 editi,
1643 5443 1748 5526 πρὸ]
1777 5455 1932 5526 ἡμῶν

2061 5443 2334 5528 ιιιἸέςῇςεο
2365 5443 2576 5504 νίόέιυῐ·
2601 5447 2880 5528 lﬁvagrius.
2915 5445 3054 5528 Editi
3079 5455 3132 5497 et
3160 5443 3270 5508 alii,
3306 5445 3417 5528 πᾷς
3446 5459 3568 5528 τιςτ¹
3591 5513 3602 5524 ο

357 5525 576 5579 habent.
882 5513 893 5522 ’
971 5513 984 5528 ’
1088 5513 1120 5528 ”
1180 5513 1191 5526 ’
1295 5513 1305 5520 ⁷
1597 5513 1610 5522 ’
1688 5513 1700 5526 ’
1797 5513 1828 5526 ”
2111 5513 2313 5592 (.ι)“’8ί(;
2343 5513 3044 5586 ηιοιιιιδοτίριίῖΒοηιιιιάυδ
3071 5529 3221 5576 vero,
3254 5513 3448 5568 credite
3473 5513 3602 5566 mihi

427 5595 500 5660 (‘2)
534 5595 900 5666 iColbertinus
941 5595 1238 5666 secundus,
1292 5595 1466 5666 τούτῳ
1513 5597 1617 5666 καὶ,
1656 5596 1807 5665 ἵππῳ
1847 5613 1932 5657 τις

2054 5605 2264 5666 ἀνίη-ις).
2967 5656 2978 5666 ο
3027 5654 3058 5666 __

355 5650 762 5736 ἐπικαθήμενος
799 5665 1076 5735 προοδεύει
1121 5650 1552 5736 τούὸᾷεύονέος.
1600 5650 1799 5736 Regius
1845 5650 1930 5736 se;

2102 5650 2183 5732 ’ὧι
2217 5663 2290 5715 lla
2327 5673 2514 5712 omnes
2543 5671 2680 5724 pene
2709 5654 3088 5736 [ιιιιηιιερςικῑριίἶ
3115 5650 3407 5708 Bnllandus
3449 5668 3598 5718 νεῖον

354 5727 591 5798 candus,
602 5727 778 5787 ’τοῦτο
807 5727 900 5788 καὶ
933 5736 1082 5805 ί’ππῳ
1114 5752 1196 5798 τις
1219 5727 1525 5804 καθήμενος
1559 5727 1804 5806 προλὲγει
1837 5735 1928 5789 τοῦ

2054 5748 2082 5788 γι
2117 5727 2376 5803 pravi-ipim
2405 5744 2592 5788 purum
2623 5743 2711 5777 cor
2743 5743 2864 5795 erga
2892 5727 3088 5782 Clu-isti
3119 5738 3368 5777 amorem.
