3966 6226
403 327 511 385 891

981 327 1041 383 5.
1081 323 1450 381 ATIIANASH
1488 324 1638 381 OPP.
1679 324 1861 380 PARS
1900 323 1939 380 1.
1980 358 2048 367 --
2089 326 2458 383 lllSTOBlCA
2496 326 2583 381 ΕΤ
2623 326 3039 383 DOCMATICA.

3533 326 3634 385 8%

411 445 731 514 plerumque
776 449 838 499 ut
897 440 1158 514 profectis
1212 443 1403 513 pedem
1449 440 1812 498 referentibus
1868 442 1973 513 ipsi

2090 463 2200 509 τους
2231 446 2348 517 μεθ’
2380 446 2590 518 ἡμέρας
2625 445 2813 499 ἐλθεῖν.
2874 446 3137 511 Πολλάκις
3180 414 3237 501 δὲ
3268 447 3375 501 τῶν
3408 465 3639 529 περιπα-

414 534 768 589 mentiantur.

480 624 571 680 52.
613 623 811 678 Eodem
850 624 1009 678 modo
1042 623 1109 679 de
1156 623 1304 678 ﬂuvii
1363 625 1522 694 aquis
1575 640 1973 694 nonnunquam

411 716 661 772 ciiutiunt
690 731 703 766 :
730 730 851 770 cum
883 715 1118 770 viderint
1158 715 1305 770 enim
1337 717 1539 771 multas
1570 714 1742 771 fuisse
1769 716 1979 785 pluvias

412 808 469 861 iu
502 807 749 877 partibus
762 805 1074 876 IEtbiopize,
1094 806 1449 878 videntesque
1467 807 1595 862 hinc
1625 807 1860 862 futuram
1885 822 1979 863 ex-

415 892 764 949 undationem
797 893 1057 960 ﬂuminis,
1089 895 1409 965 priusquam
1440 911 1583 967 aqua
1608 897 1891 966 perveniat
1922 897 1976 950 in

416 982 706 1056 1Egyptum
736 1028 751 1052 ,
780 994 1173 1056 praecurrentes
1222 987 1272 1040 id
1337 989 1665 1043 annuntiant
1719 989 1785 1042 °’.
1824 988 1979 1055 Quod

401 1077 580 1133 aetiam
632 1078 879 1135 homines
922 1095 1148 1134 narrare
1177 1088 1422 1148 possent,
1479 1080 1525 1134 si
1569 1089 1776 1134 tantum
1816 1096 1979 1135 cursu

416 1169 679 1235 valerent,
702 1178 966 1240 quantum
999 1170 1125 1239 ipsi.
1158 1168 1314 1237 Quod
1350 1172 1395 1224 si
1426 1170 1645 1225 Davidis
1672 1172 1982 1242 speculator

418 1261 472 1314 in
499 1261 701 1315 editum
733 1263 1105 1317 conscendens
1130 1262 1332 1326 locum,
1360 1263 1665 1318 venientem
1708 1264 1980 1318 hominem

419 1351 633 1408 facilius
653 1353 808 1418 vidit,
846 1369 1009 1423 quam
1042 1354 1135 1424 qui
1168 1353 1308 1408 infra
1345 1364 1567 1409 steterat
1603 1373 1618 1410 :
1658 1364 1712 1409 et
1750 1355 1839 1410 ille
1869 1355 1983 1425 ipse

417 1437 512 1505 qui
537 1440 907 1507 praecucurrit,
935 1448 1060 1494 ante
1085 1440 1221 1495 alios
1243 1443 1595 1507 renuntiavit,
1627 1458 1732 1498 non
1764 1445 1981 1513 quidem

405 1542 484 1581 .ea
515 1542 636 1597 quae
658 1530 896 1584 nondum
918 1532 1291 1604 contigissent,
1319 1534 1411 1588 sed
1432 1543 1579 1600 gesta
1612 1548 1733 1603 qua:
1758 1534 1981 1604 jamjam

421 1615 477 1670 in
507 1616 594 1672 via
618 1627 772 1673 erant
795 1627 854 1673 ut
888 1621 1313 1686 nuntiarentur;
1348 1621 1786 1690 eodem‘prorsus
1822 1625 1983 1679 modo

418 1706 520 1774 illi,
554 1710 700 1765 hunc
733 1710 1069 1769 ineuntaliis
1088 1716 1452 1771 annuntiandi
1494 1716 1771 1780 laborem,
1807 1717 1982 1771 solum

2076 539 2307 591 τούντων
2340 538 2782 609 ὑποστρεψάντων
2801 580 2816 602 ,
2848 539 3139 608 ἐψεύσαντο
3166 539 3336 593 αὐτοί.

2144 630 2232 684 '52.
2265 628 2424 684 Οὕτω
2460 631 2553 685 καὶ⁵
2581 632 2707 702 περὶ
2739 630 2831 684 τοῦ
2865 632 3126 702 ποταμίου
3165 631 3353 697 ὓδατος
3384 632 3530 686 ἔστιν
3552 634 3639 688 ἴτε

2081 721 2412 792 φλυαροῦσιν
2433 738 2447 750 '
2478 722 2782 793 ἑωρακότες
2804 721 2912 794 γὰρ
2947 721 3170 786 πολλοὺς
3209 723 3394 786 ὑετοὺς
3423 724 3641 793 γινομέ-

2078 826 2199 872 νους
2228 811 2287 862 ἐν
2317 812 2428 873 τοῖς
2448 809 2546 882 τῆς
2580 810 2863 875 Αἰθιοπίας
2896 813 3104 884 μέρεσι,
3127 813 3219 866 καὶ
3239 812 3455 877 εἰδότες,
3480 814 3555 877 ὡς
3583 814 3642 879 ἐξ

2081 904 2304 958 ἐκείνων
2329 905 2362 975 ἡ
2391 900 2495 973 πλη
2507 904 2694 976 μμύρα
2722 904 2815 958 τοῦ
2844 906 3088 977 ποταμοῦ
3119 907 3363 975 γίνεται,
3401 909 3528 978 πρὶν
3564 907 3641 960 ἐλ-

2081 996 2192 1049 θεῖν
2212 997 2290 1059 είς
2315 996 2412 1067 τὴν
2436 996 2568 1065 Αίγυ
2578 1013 2708 1049 πτον
2730 997 2787 1050 τὸ
2809 996 2969 1068 ὕδωρ,
3001 998 3385 1069 προτρέχοντες
3404 997 3636 1067 λέγουσι.

2080 1087 2249 1141 Τοῦτο
2264 1087 2307 1141 δ’
2328 1087 2393 1142 ἂν
2424 1088 2516 1142 καὶ
2542 1089 2591 1141 οἱ
2620 1088 2891 1160 ἄνθρωποι
2925 1091 3204 1162 εἰρήκασιν
3230 1130 3245 1153 ,
3293 1092 3340 1145 εί
3394 1091 3643 1145 τοσοῦτον

2081 1180 2343 1251 ἠδύναντο
2370 1180 2617 1251 δραμεῖν,
2653 1183 2777 1235 ὅσον
2804 1183 3018 1235 ἐκεῖνοι.
3042 1184 3151 1236 Καὶ
3182 1182 3369 1255 ὥσπερ
3394 1186 3423 1237 ὁ
3446 1183 3645 1247 σκοπὸς

2082 1270 2174 1325 τοῦ
2207 1272 2390 1337 Δαόὶδ,
2416 1272 2774 1343 ἀνερχόμενος
2803 1274 2882 1337 είς
2908 1273 3131 1345 ὑψηλὸν,
3156 1273 3354 1345 μᾶλλον
3375 1274 3469 1328 τού
3495 1275 3646 1327 κάτω

2086 1361 2337 1432 μένοντος
2388 1364 2690 1434 προὲὅλεπε
2727 1364 2817 1418 τὸν
2850 1365 3176 1436 ἐρχόμενον’
3207 1369 3299 1421 καὶ
3342 1368 3502 1430 αὐτὸς
3526 1367 3580 1421 δὲ
3617 1371 3647 1421 ό

2083 1453 2398 1525 προτρέχων
2422 1454 2573 1523 ἔλεγε
2600 1456 2706 1526 πρὸ
2739 1456 2846 1510 τῶν
2874 1458 3065 1522 ἄλλων,
3084 1459 3143 1512 οὐ
3160 1458 3227 1511 τὰ
3254 1458 3327 1530 μὴ
3360 1459 3644 1529 γενόμενα,

2083 1543 2218 1597 ἀλλά
2250 1544 2318 1598 τὰ
2350 1544 2452 1614 ἤδη
2479 1543 2730 1598 ὀδεύοντα
2759 1546 2853 1599 καὶ
2874 1546 3160 1617 γινόμενα’
3202 1544 3343 1599 οὕτω
3379 1546 3473 1600 καὶ
3502 1538 3645 1600 οὗτοι

2085 1635 2313 1705 κάμνειν
2336 1634 2615 1704 αἱροῦνται
2645 1636 2720 1706 (6)
2746 1678 2761 1700 ,
2813 1638 2907 1689 mi.
2935 1638 3287 1709 σημαίνουσιν
3313 1637 3491 1702 ἄλλοις
3514 1679 3529 1701 ,
3561 1637 3646 1690 ἵνα

2090 1725 2247 1795 μόνον
2302 1724 2613 1778 ἀπατῶσιν·
2661 1726 2727 1779 ἂν
2764 1726 2947 1797 μέντοι
2997 1730 3030 1797 ή
3073 1727 3304 1799 Πρόνοια
3340 1728 3539 1798 μεταξύ
3597 1745 3647 1782 τι

419 1808 481 1856 ιιι
513 1800 761 1872 decipere
785 1807 993 1873 possint
1025 1805 1156 1860 :sed
1187 1805 1232 1860 si
1277 1805 1484 1860 interea
1508 1805 1850 1861 Providentia
1878 1808 1984 1861 alia

2090 1814 2437 1887 βουλεύσηται
2458 1817 2583 1887 περὶ
2600 1815 2707 1869 τῶν
2729 1816 2934 1870 ὑδάτων
2954 1817 2986 1887 ἢ
3004 1816 3112 1870 τῶν
3132 1816 3421 1870 ὁδευόντων
3454 1817 3648 1886 (ἔξεστι

410 1893 633 1949 ratione
663 1894 936 1965 disponat,
969 1904 1026 1949 ut
1049 1895 1280 1953 facultas
1299 1896 1404 1967 ipsi
1429 1905 1532 1964 est,
1558 1898 1625 1953 de
1654 1897 1811 1968 aquis
1841 1907 1894 1952 et
1918 1898 1985 1953 de

423 1982 744 2049 viatoribus,
777 1993 889 2038 tum
917 1984 1126 2040 mentiti
1168 1985 1284 2051 illi,
1316 1994 1371 2041 et
1407 1988 1502 2057 qui
1545 1988 1705 2042 ﬁdem
1749 1987 1987 2043 habuere

414 2072 631 2143 decepti
660 2084 804 2129 sunt.
1328 2108 1331 2109 ν
1651 2064 1655 2068 ’

488 2166 577 2221 53.
616 2167 693 2221 lta
714 2177 902 2222 exorta
935 2170 1061 2222 olim
1084 2177 1213 2224 sunt
1236 2168 1527 2224 Gentilium
1549 2170 1796 2235 oracula,
1823 2178 1877 2224 et
1910 2170 1985 2225 ita

415 2256 497 2313 illi
541 2259 670 2313 olim
709 2275 739 2314 a
778 2260 1118 2316 daemonibus
1158 2261 1368 2331 decepti
1414 2270 1543 2318 sunt
1579 2278 1592 2314 ι
1635 2264 1729 2318 sed
1774 2261 1985 2319 fallacia

407 2349 626 2409 .invenit
653 2351 835 2406 ﬁnem.
872 2350 1031 2407 Venit
1057 2354 1201 2407 enim
1240 2352 1542 2418 Dominus,
1588 2355 1682 2424 qui
1710 2354 1986 2411 daemones

418 2456 545 2496 cum
573 2440 785 2496 vafritie
806 2442 895 2496 illa
924 2458 1021 2497 sua
1051 2443 1117 2498 de
1140 2442 1320 2498 medio
1343 2443 1587 2499 sustulit.
1620 2442 1764 2498 Nihil
1788 2446 1987 2515 quippe

423 2532 501 2587 illi
549 2549 579 2587 a
614 2533 811 2603 seipsis
851 2543 1092 2590 norunt:
1143 2535 1236 2590 sed
1276 2536 1431 2606 quasi
1493 2535 1662 2603 fures,
1697 2552 1817 2606 qua:
1845 2537 1986 2607 apud

407 2624 558 2679 alios
577 2633 826 2689 cernunt,
853 2626 968 2681 hzec
993 2627 1289 2696 loquuntur
1316 2642 1329 2678 :
1367 2629 1655 2697 potiusque
1685 2629 1988 2699 conjectare

409 2718 634 2774 dicendi
682 2724 1047 2789 sunt,’quam
1096 2719 1408 2789 praevidere.
1445 2719 1649 2786 Quare,
1697 2720 1987 2791 siquando

422 2824 547 2864 vere
579 2810 794 2873 dicant,
838 2825 908 2865 ne
936 2818 1065 2865 tunc
1094 2811 1313 2880 quidem
1357 2812 1626 2880 quispiam
1667 2812 1984 2867 admiretur.

414 2901 635 2957 Etenim
666 2901 767 2970 ipsi
791 2900 986 2955 medici
1015 2902 1109 2971 qui
1133 2901 1451 2957 morborum
1486 2903 1644 2972 periti
1678 2912 1826 2969 sunt,
1860 2919 1985 2959 cum

420 2993 476 3046 iu
499 2992 728 3047 diversis
754 2993 1003 3047 eumdem
1031 2993 1269 3048 viderint
1296 2993 1569 3060 morbum,
1592 2995 1824 3064 quadam
1852 3010 1987 3050 con-

2086 1906 2370 1978 γάραύτῇ)
2392 1948 2405 1972 ,
2439 1906 2733 1977 ἐψεύσαντο
2765 1908 2812 1961 οἱ
2834 1907 3106 1979 δαίμονες.
3150 1909 3243 1963 καὶ
3292 1908 3647 1980 ἠπατήθησαν

2085 2002 2136 2053 οἱ
2176 2001 2611 2074 προσεσχηκότες
2636 2001 2837 2064 αὐτοῖς.

2157 2177 2246 2233 53.
2282 2175 2437 2231 Οὕτω
2467 2177 2699 2246 συνέστη
2729 2176 2795 2230 τὰ
2823 2176 2931 2230 τῶν
2973 2175 3237 2248 Ἐλλήνων
3268 2179 3515 2246 μαντεῖα,
3559 2177 3651 2229 καὶ

2084 2269 2257 2334 οὕτως
2288 2268 2666 2340 ἐπλανήθησαν
2693 2269 2841 2340 παρὰ
2867 2268 2941 2341 (7)
2964 2269 3072 2322 τῶν
3104 2269 3370 2340 δαιμόνων
3401 2269 3461 2321 τὸ
3494 2268 3647 2340 πρίν·

2085 2363 2218 2416 ἀλλά
2247 2363 2340 2416 καὶ
2367 2360 2507 2414 οὕτω
2536 2361 2810 2415 πέπαυται
2842 2359 3081 2431 λοιπὸνή
3112 2360 3308 2432 πλάνη.
3336 2356 3508 2413 Ἶῐλθε
3546 2359 3651 2431 γὰρ

2085 2454 2113 2506 ὁ
2139 2450 2341 2523 Κύριος
2374 2454 2402 2505 ό
2438 2452 2534 2505 σὺν
2561 2452 2697 2523 αὐτῇ
2731 2455 2796 2523 τῇ
2832 2452 3135 2524 πανουργίᾳ
3165 2451 3343 2505 αὐτῶν
3395 2452 3489 2505 καὶ
3530 2452 3653 2512 τοὺς

2084 2536 2339 2607 δαίμονας
2390 2541 2760 2610 καταργήσας.
2804 2539 2967 2592 Οὐδὲν
3019 2541 3125 2611 γὰρ
3158 2538 3509 2608 γινώσκουσιν
3561 2539 3652 2609 ἀφ’

2088 2628 2293 2682 ἑαυτῶν
2312 2647 2326 2661 ο
2355 2629 2467 2682 ἀλλ’
2494 2630 2568 2694 ὼς
2597 2630 2846 2694 κλέπται,
2864 2629 2899 2683 ἃ
2925 2631 3053 2703 παρ’
3076 2631 3253 2695 ἄλλοις
3276 2630 3466 2702 ὁρῶσι,
3483 2630 3653 2685 ταῦτα

2086 2721 2425 2775 διαϐάλλουσι
2460 2720 2533 2793 (8)
2559 2739 2572 2752 ⁸
2597 2724 2691 2775 καὶ
2725 2722 2925 2793 μᾶλλον
2963 2724 3251 2795 στοχασταί
3280 2725 3419 2778 εἰσιν
3461 2724 3494 2793 ἢ
3527 2741 3657 2797 προ-

2086 2807 2344 2876 γνῶσται.
2377 2809 2486 2873 Διὸ,
2517 2808 2618 2863 κᾶν
2651 2809 2822 2882 ἀληθῆ
2854 2828 2984 2865 ποτε
3016 2809 3238 2865 τοιαῦτα
3271 2811 3490 2881 λέγωσι,
3534 2811 3653 2883 μηδ’

2087 2899 2261 2965 οὕτως
2295 2901 2490 2965 αὐτοὺς
2541 2900 2867 2973 θαυμαζέτω
2905 2921 3008 2967 τις.
3060 2904 3170 2956 Καὶ
3202 2903 3308 2975 γὰρ
3355 2903 3449 2957 καὶ
3485 2903 3657 2975 ἰατροί⁵

2090 2993 2284 3060 πεῖραν
2311 2988 2524 3061 ἔχοντες
2549 2992 2658 3046 τῶν
2690 2993 3032 3065 νοσημάτων,
3061 2994 3278 3048 ἐπειδὰν
3310 2995 3657 3067 θεωρήσωσιν

411 3082 713 3137 ~suetudine
749 3082 972 3136 morbos
1006 3097 1248 3152 persaepe
1286 3081 1500 3138 futuros
1540 3086 1747 3139 dicunt.
1783 3085 1984 3140 Guber-

2090 3083 2149 3135 ἐν
2170 3082 2348 3147 ἄλλοις
2361 3085 2459 3154 τὴν
2484 3085 2651 3157 αὐτὴν
2670 3085 2844 3151 νόσον,
2866 3085 3124 3149 πολλάκις
3148 3086 3531 3158 στοχαζόμενοι.
3552 3084 3658 3139 ἀπὸ

416 3179 644 3225 natures
702 3170 854 3237 item,
889 3179 1051 3241 atque
1080 3171 1367 3241 agricolae,
1404 3186 1472 3226 ex
1511 3183 1732 3228 assueto
1776 3175 1991 3244 conspi-

418 3261 601 3318 ciendi
633 3262 777 3316 aeris
816 3277 940 3328 usu,
976 3269 1071 3316 aut
1098 3271 1470 3331 tempestatem
1519 3272 1612 3318 aut
1642 3264 1988 3319 serenitatem

416 3348 566 3406 aeris
612 3347 951 3419 praedicunt:
991 3363 1091 3405 nec
1116 3350 1406 3420 quisquam
1450 3351 1652 3407 dixerit
1683 3368 1777 3408 eos
1804 3353 1993 3409 divino

414 3442 661 3511 quodam
713 3439 894 3495 afﬂatu
947 3440 1074 3496 talia
1125 3441 1362 3511 prtefari,
1416 3443 1511 3498 sed
1539 3444 1908 3514 experimento
1938 3454 1992 3499 et

416 3550 547 3590 usu.
589 3533 668 3589 Ne
702 3533 826 3604 quis
866 3548 997 3605 ergo
1039 3532 1269 3589 miretur
1316 3534 1362 3590 si
1397 3533 1536 3591 forte
1586 3537 1860 3593 dmmoues
1892 3538 1992 3592 ali—

414 3625 645 3695 quando
673 3624 789 3679 hazc
827 3624 944 3694 ipsa
977 3623 1291 3692 cOnjectura
1320 3624 1468 3679 ducti
1495 3624 1825 3696 loquantur:
1859 3641 1992 3681 neve

419 3719 494 3773 iis
514 3717 768 3772 adhibeat
790 3715 1052 3770 animum.
1078 3714 1209 3782 Qua:
1230 3715 1578 3771 audientibus
1606 3717 1810 3772 utilitas
1841 3719 1885 3772 si
1919 3718 1989 3773 ab

2092 3173 2193 3242 τῆς
2225 3173 2513 3246 συνηθείας
2548 3176 2896 3247 προλέγουσι.
2943 3177 3052 3230 Καὶ
3097 3176 3425 3248 κυϐερνῆται
3467 3176 3525 3230 δὲ
3567 3177 3660 3229 καὶ

2092 3266 2327 3336 γεωργοὶ
2348 3266 2528 3331 πάλιν,
2569 3267 2675 3321 ἀπὸ
2698 3268 2796 3341 τῆς
2827 3267 3111 3338 συνηθείας
3136 3267 3419 3338 βλέποντες
3444 3267 3543 3338 τὴν
3566 3266 3659 3321 τοῦ

2094 3354 2255 3424 ἀέρος
2297 3355 2649 3422 κατάστασιν,
2683 3357 3086 3428 προλέγουσινῆ
3134 3357 3440 3428 χειμῶναῆ
3488 3356 3661 3411 εὖδιον

2095 3446 2231 3517 ἀέρα
2265 3446 2480 3501 ἔσεσθαι
2501 3465 2514 3478 ·
2531 3448 2625 3502 καὶ
2651 3449 2713 3502 οὐ
2736 3447 2825 3502 διὰ
2850 3448 3007 3501 τοῦτο
3037 3449 3100 3501 ἐκ
3128 3447 3275 3511 θείας
3292 3446 3659 3518 ἐπιπνοίας(9)

2096 3539 2294 3602 αὐτοὺς
2317 3539 2380 3594 ἄν
2402 3556 2485 3602 τις
2517 3541 2660 3594 εἴποι
2696 3540 3004 3611 προλέγειν,
3039 3539 3152 3593 ἀλλ’
3186 3539 3293 3593 ἀπὸ
3338 3539 3438 3611 τῆς
3465 3539 3662 3611 πείρας

2098 3630 2192 3683 καὶ
2229 3629 2330 3700 τῆς
2368 3630 2674 3703 συνηθείας.
2700 3630 2860 3684 Ὅθεν
2892 3633 2941 3684 εἰ
2968 3632 3062 3685 καὶ
3098 3634 3146 3685 oi.
3162 3632 3413 3702 δαίμονες
3437 3632 3507 3686 τὰ
3527 3631 3664 3686 αὐτά

2096 3737 2225 3773 ποτε
2251 3721 2630 3791 στοχαζόμενοι
2654 3720 2890 3789 λέγουσι,
2926 3720 3005 3792 μὴ
3039 3721 3125 3774 διά
3168 3720 3324 3773 τοῦτό
3352 3738 3436 3785 τις
3470 3722 3663 3783 αὐτοὺς

418 3810 587 3883 656
624 3810 733 3865 illis
755 3809 963 3880 aliquot
982 3817 1109 3864 ante
1144 3808 1336 3865 diebus
1352 3808 1605 3865 ediscant
1647 3807 1869 3863 futura?
1898 3818 1984 3864 aut

2095 3811 2445 3882 θαυμαζέτω,
2477 3813 2613 3885 μηδὲ
2646 3812 2958 3884 προσεχέτω
2985 3812 3212 3877 τούτοις.
3236 3812 3303 3864 Τί
3337 3812 3449 3885 γάρ
3471 3813 3664 3884 χρήσι-

1761 3902 2016 3959 VERSIO
2053 3904 2358 3962 EVAGRII.

437 3998 699 4073 n‘ltcbaide
730 4004 824 4051 aut
849 3994 1080 4073 alicujus
1105 3994 1345 4067 regionis
1368 3994 1567 4065 oppido
1592 3995 2118 4073 coeperit‘proficisci
2148 4006 2203 4051 et
2226 3998 2374 4053 hunc
2395 3997 2507 4068 jam
2533 3997 2806 4054 daemones
2837 3997 2950 4073 (10)
2974 3997 3208 4053 viderint
3231 3998 3286 4052 in
3312 3996 3508 4051 itinere
3548 4011 3665 4052 am-

420 4070 722 4134 bulantem,
749 4066 1068 4137 pernicitate
1091 4065 1389 4137 memorata
1415 4074 1642 4137 possunt
1668 4065 1962 4137 praedicere
1988 4067 2315 4124 venientem.

494 4138 584 4193 52.
617 4133 715 4193 lta'
747 4133 802 4191 et
853 4137 920 4207 de
966 4134 1072 4207 Nili
1127 4133 1484 4207 inundatione
1536 4133 1790 4207 solemni,
1821 4151 1967 4190 acum
2001 4137 2200 4193 multas
2242 4139 2297 4192 in
2339 4136 2617 4207 Ethiopia
2646 4137 2881 4192 viderint
2907 4137 3117 4206 pluvias
3139 4177 3154 4202 ,
3185 4152 3216 4192 e
3249 4136 3451 4207 quibus
3473 4134 3666 4191 ﬂuvius

420 4207 813 4269 intumescens,
844 4206 985 4279 ultra
1013 4206 1225 4279 alveum
1253 4204 1822 4279 effluerecousuevit,
1857 4220 2250 4279 praecurrentes
2266 4207 2343 4279 ad
2379 4204 2692 4279 Egyptum,
2728 4204 2979 4279 nuntia—nt
3004 4208 3180 4263 amnis
3202 4204 3537 4279 adventum;
3564 4207 3668 4279 hoc

419 4287 607 4334 autem
638 4287 693 4331 et
719 4277 987 4339 homines,
1020 4274 1078 4346 si
1101 4275 1208 4330 illis
1232 4275 1527 4346 celeritatis
1555 4284 1702 4346 esset
1728 4282 1894 4329 tanta
1922 4285 2139 4341 natura,
2170 4278 2330 4332 facile
2363 4274 2677 4332 nuntiarent
2702 4296 2715 4332 :
2742 4287 2802 4332 ut
2832 4278 2975 4331 enim
3004 4279 3310 4346 speculator
3330 4277 3472 4331 beati
3499 4278 3666 4331 David

423 4349 491 4403 ad
521 4348 782 4402 verticem
817 4346 925 4416 loci
955 4344 1201 4401 celsioris
1239 4345 1574 4416 ascendens,
1604 4344 1755 4416 prior
1793 4360 1959 4414 quam
1991 4346 2043 4400 hi
2076 4348 2168 4416 qui
2205 4348 2259 4400 in
2290 4356 2431 4402 terra
2458 4354 2649 4414 erant,
2692 4344 3360 4416 prospiciens—venientes,
3382 4362 3489 4400 non
3519 4360 3671 4415 quae-

423 4419 547 4473 dam
578 4417 789 4488 incerta
813 4414 880 4488 de
910 4414 1125 4481 futuris,
1143 4416 1234 4488 sed
1252 4414 1331 4488 _de
1364 4414 1449 4469 his
1478 4414 1786 4488 quivenire
1808 4414 2109 4479 coeperant;
2140 4418 2424 4472 nuntiabat
2448 4436 2462 4472 :
2483 4418 2567 4488 sic
2592 4430 2646 4471 et
2664 4414 2797 4488 aerii
2824 4414 3096 4472 daemones
3117 4417 3234 4488 (11)
3263 4431 3393 4471 cura
3417 4414 3668 4488 pervigili

423 4488 610 4542 omnia
641 4486 1087 4557 considerantes,
1116 4484 1305 4554 rapido
1336 4483 1510 4557 cursu
1538 4485 1641 4557 sibi
1679 4483 1913 4557 invicem
1942 4488 2231 4557 nuntiant:
2259 4489 2352 4543 sed
2394 4487 2442 4542 si
2475 4485 2616 4541 forte
2659 4487 2980 4557 contigerit,
3015 4497 3075 4541 ut
3114 4483 3368 4540 Dei'nutu
3397 4483 3465 4557 ad
3505 4483 3666 4557 finirm

420 4567 605 4628 coepta
639 4572 745 4611 non
781 4556 1002 4628 veniant
1026 4571 1041 4609 :
1067 4555 1169 4608 hoc
1211 4563 1295 4608 est
1323 4554 1368 4608 si
1399 4555 1693 4628 aut‘viator
1719 4568 1750 4605 e
1776 4555 1953 4608 media
1992 4556 2327 4628 regrediatur
2367 4558 2456 4612 via
2477 4596 2494 4621 ,
2528 4567 2622 4611 aut
2653 4554 2930 4628 suspensae
2958 4557 3195 4612 nubibus
3222 4571 3378 4626 aqua:
3403 4556 3472 4610 ad
3498 4556 3665 4610 alium

421 4624 550 4684 caeli
581 4629 867 4681 cardinem
889 4625 1226 4695 deferantur,
1246 4632 1375 4678 tunc
1396 4624 1781 4695 decipientium
1810 4639 1916 4678 una
1933 4624 2434 4691 cum'credentibus
2461 4642 2615 4682 error
2643 4624 2900 4695 aperitur.

493 4698 584 4754 55.
610 4695 735 4752 Haec
757 4694 1073 4765 gentilitatis
1089 4693 1238 4766 fuere
1262 4693 1551 4766 principia,
1584 4693 2131 4766 hispraesagatorum
2150 4696 2262 4766 (12)
2279 4697 2418 4757 dolis
2439 4699 2578 4766 apud
2603 4693 2822 4752 delubra
2851 4696 3154 4751 daemonum
3178 4694 3453 4765 quondam
3479 4694 3668 4750 crede-

422 4768 622 4824 bantur
641 4762 884 4830 oracula;
902 4768 1034 4834 quae
1050 4762 1281 4818 adventu
1300 4762 1513 4818 Domini
1533 4762 1853 4834 nostri’Jesu
1876 4762 2078 4819 Christi
2101 4762 2303 4822 indicto
2330 4768 2431 4823 sibi
2450 4762 2685 4829 silentio,
2702 4767 3110 4829 obmutuerunt,
3131 4762 3368 4834 suosque
3390 4765 3670 4834 perdidere

418 4840 686 4908 captivos.
736 4835 870 4908 Quis
892 4833 934 4908 ,ξ
956 4850 1127 4908 rogo,
1157 4844 1251 4908 aut
1296 4835 1565 4888 medicum
1614 4848 1681 4888 ex
1709 4833 2092 4908 observatione
2120 4837 2452 4904 morborum,
2480 4853 2603 4892 cum
2625 4836 2830 4908 animae
2862 4838 3143 4908 aestuantis
3167 4833 3441 4908 incendia
3467 4834 3579 4905 (15)
3603 4836 3670 4889 de

424 4904 685 4963 venarum
718 4907 874 4976 pulsu
923 4904 1026 4959 levi
1064 4904 1664 4976 digitorumiscrutatur
1691 4910 1891 4976 attactu
1916 4943 1930 4964 ,
1957 4904 2194 4963 divinam
2235 4908 2532 4962 arbitratur
2552 4907 2751 4961 habere
2772 4906 3062 4960 notitiam?
3088 4906 3213 4975 quis
3246 4904 3668 4976 gubernatorem

425 4972 785 5048 navigationis
805 4990 918 5048 suae
937 4976 1080 5029 viam
1112 4972 1401 5048 interemi
1430 4973 1609 5048 sidera
1633 4972 1997 5048 requirentem
2022 4976 2322 5048 majestatis
2345 4978 2550 5032 honore
2578 4976 2910 5030 veneratur?
2931 4977 3056 5047 quis
3087 4972 3380 5048 agricolam
3403 4974 3473 5029 de
3502 4974 3669 5048 aridis

423 5042 628 5106 testaiis
660 5046 967 5103 fervoribus
987 5083 1003 5109 ,
1036 5054 1133 5100 aut
1163 5045 1231 5100 de
1263 5044 1483 5099 hiemali
1526 5058 1791 5115 aquarum
1834 5042 2085 5115 largitate
2109 5042 2215 5101 'vel
2262 5047 2465 5119 frigore
2505 5048 2872 5118 disputantem
2896 5086 2913 5114 ,
2950 5042 3070 5101 'nou
3110 5042 3295 5116 potius
3330 5044 3668 5113 experientia

499 5144 545 5176 “
572 5143 615 5197 ll
650 5141 780 5212 Reg.
816 5156 971 5205 xvnl,
1005 5140 1102 5194 21.

499 5239 577 5311 (6)
607 5237 929 5312 l§ic“_o_mnes
959 5251 1290 5312 _pene__mss.
1334 5234 1513 5312 Edjti,
1560 5235 1832 5312 ἐροῦνται.
1879 5237 1984 5293 M01

2119 5310 2127 5312 _
2180 5238 2416 5312 (lO)VSic
2453 5238 2807 5311 manuscripti
2844 5252 3054 5292 omnes.
3099 5234 3395 5291 Bollaudus
3425 5250 3593 5301 vero,
3621 5244 3671 5289 et

426 5306 579 5366 Coit).
610 5308 666 5372 9.,
696 5306 906 5370 ἄλλοις.
942 5307 1089 5377 Alii,
1113 5306 1381 5377 ἀλλήλοις.
1404 5306 1526 5360 Mox
1552 5306 1773 5376 quidam
1803 5324 1967 5364 manu

2108 5306 2245 5365 hunc
2273 5306 2557 5365 immanes.

427 5380 635 5449 scripti,
665 5377 964 5432 ἀπατῶσιν.
991 5376 1097 5449 Alii
1126 5373 1250 5449 cuni
1277 5377 1456 5440 editis,
1489 5373 1821 5431 ἀπατῶνται.

2181 5381 2291 5449 (11)
2324 5379 2400 5435 lla
2434 5379 2808 5448 manuscripti.
2836 5376 3149 5449 Bolland‘us,
3171 5375 3247 5449 εἰς
3269 5382 3319 5449 et
3351 5373 3638 5449 (temones.

501 5444 577 5521 (7)
605 5450 663 5523 _ln
683 5448 861 5523 editis
886 5447 1259 5523 ιςξςίξιηιιιιιχοὶΔ
1289 5456 1413 5523 ante
1436 5449 1611 5523 παρα,
1628 5449 1726 5523 sed
1744 5453 1908 5523 deest
1944 5449 1999 5503 in
2180 5444 2289 5523 (12)
2314 5451 2589 5523 DesmarL,
2614 5444 3011 5523 prtésqgiorum.
3032 5444 3330 5511 Rosweid.,
3357 5445 3676 5515 praecogita-

428 5516 567 5590 Be'g.
596 5520 648 5590 l_,
679 5518 798 5590 ‘2_et
822 5516 1059 5590 Colbert.
1089 5518 1146 5590 ᾖ.
1171 5516 1710 5590 ξιιξτο-ἱάοιηξούδὲν
1736 5519 1862 5590 ἄρα.
2104 5516 2242 5583 runt,
2272 5516 2367 5576 alii
2397 5537 2520 5576 cum
2553 5516 2820 5583 Bollandi,
2852 5528 3287 5590 prazsagetorum.

501 5583 578 5660 (ξ.)
610 5586 810 5660 Regius
836 5586 1064 5660 primus,
1091 5585 1433 5660 summa,
1617 5658 1626 5660 _
1748 5583 1788 5660 AI

2175 5592 2285 5656 (15)
2316 5591 2405 5645 Sic
2431 5606 2620 5651 omnes
2648 5605 2780 5660 pene
2824 5583 3201 5655 manuscripti.
3230 5583 3549 5651 Bollandus,
3585 5583 3670 5638 ft:-

432 5656 580 5777 Edtfl)
624 5655 716 5709 Sic
758 5656 956 5723 Regius
996 5657 1267 5713 secundus
1304 5666 1360 5711 et
1395 5658 1689 5714 Colbertin.
1740 5658 1794 5723 2,
1831 5670 1996 5716 reete.
2101 5664 2360 5714 erudiam.

518 5733 575 5777 ιιι
609 5738 752 5777 vero.
780 5723 1051 5777 προνοίας.

430 5723 575 5789 ‘Ed‘iti
609 5738 752 5789 vero,
780 5723 1051 5803 προνοίας.
