3966 6226
450 336 558 399 895

1022 338 1083 395 S.
1124 332 1498 391 ATHANASII
1539 332 1691 389 OPP.
1734 328 1912 384 PARS
1951 326 1993 381 l.
2036 358 2105 367 --
2139 319 2512 379 IIISTORICA
2551 319 2637 375 ET
2682 315 3102 375 DOGMATICA.

3598 315 3701 368 896

450 479 574 521 rum
608 461 807 533 quippe
837 459 979 516 visio
1026 474 1138 514 non
1177 456 1642 529 perturbationem
1694 452 1867 509 all‘ert.
1905 448 2027 504 Non

2138 443 2287 499 νατόν
2304 445 2419 498 ἐστι
2438 438 2753 510 διαγνῶναι,
2776 437 2867 492 τοῦ
2881 436 3015 493 Θεοῦ
3043 434 3275 499 διδόντος
3299 432 3491 497 οὕτως.
3510 432 3575 486 Ἥ
3600 434 3700 503 μὲν

450 556 721 612 contendet
761 554 899 609 enim
940 566 1101 623 neque
1138 551 1593 621 clamabit,neque
1630 549 1810 603 audiet
1836 547 2027 618 aliquis

450 664 622 705 vocem
653 647 767 717 ejus
812 647 857 677 "
896 664 909 700 :
946 645 1041 701 sed
1076 645 1151 699 ita
1181 643 1412 714 placide,
1444 641 1518 697 ita
1545 640 1741 697 leniter
1767 642 1828 697 lit
1871 641 2027 707 illud,

347 740 353 745 ’
451 751 512 798 ut
555 740 838 811 gaudium,
880 739 1173 796 exsultatio
1207 747 1260 794 et
1295 738 1480 793 laetitia
1525 738 1654 793 hinc
1697 736 1892 791 anima;
1932 752 2029 791 ex-

449 834 663 890 oriatur
691 822 859 888 :‘cum
910 831 1018 886 illis
1043 830 1244 900 quippe
1270 829 1435 901 657
1479 828 1741 883 Dominus
1779 836 1864 883 est
1892 866 1907 892 ,
1935 826 2030 897 qui

453 933 704 978 nostrum
754 921 1015 993 gaudium
1070 930 1174 985 est,
1236 919 1442 989 Deique
1511 918 1687 973 Patris
1742 918 2025 988 potentia:

451 1015 682 1086 ejusque
713 1015 1073 1086 cogitationes
1101 1013 1510 1084 imperturbata:
1529 1020 1585 1068 et
1606 1012 1915 1083 tranquillae
1942 1027 2030 1067 re-

455 1113 711 1171 manent;
744 1106 817 1161 ita
847 1114 909 1161 ut
931 1105 1240 1160 illuminata
1264 1104 1404 1176 ipsa,
1428 1120 1524 1174 per
1543 1104 1777 1174 seipsam
1807 1119 1903 1159 eos
1935 1103 2029 1174 qui

454 1205 717 1267 apparent
744 1197 1160 1266 contempletur.
1188 1194 1325 1251 Tum
1358 1195 1667 1250 divinorum
1701 1203 1861 1265 atque
1883 1193 2031 1249 futu-

454 1302 642 1343 rorum
667 1289 935 1344 bonorum
972 1289 1303 1345 desiderium
1339 1297 1573 1358 occupat
1605 1289 1779 1358 ipsam
1802 1327 1817 1352 ,
1845 1288 2032 1343 vellet-

451 1396 559 1452 que
584 1394 812 1452 prorsus
846 1380 914 1436 iis
940 1380 1193 1453 adjungi,
1242 1389 1303 1436 ut
1348 1396 1471 1436 cum
1503 1379 1610 1436 illis
1640 1379 1831 1435 abiret.
1874 1378 2032 1447 Quod

454 1477 500 1530 si
531 1475 776 1546 quidam,
814 1483 1002 1545 utpote
1041 1475 1311 1541 homines,
1340 1472 1610 1529 bonorum
1638 1473 1902 1530 visionem
1935 1489 2032 1529 ex-

461 1565 745 1620 timuerint
783 1585 794 1620 :
829 1565 881 1620 hi
933 1577 1137 1621 metum
1190 1566 1296 1621 illis
1353 1565 1644 1622 dilectione
1694 1581 1793 1622 sua
1846 1567 2031 1623 statim

451 1657 733 1724 adimunt;
783 1667 842 1713 ut
880 1657 1159 1714 Zacharias
1192 1657 1407 1713 Gabriel
1434 1659 1544 1730 egit
1573 1658 1650 1723 ⁷³,
1681 1666 1736 1715 et
1785 1659 2030 1714 mulieri-

2128 538 2237 609 γὰρ
2266 536 2375 589 τῶν
2400 533 2572 603 ἁγίων
2604 531 2841 587 όπτασία
2868 532 2970 584 οὐκ
2997 529 3113 583 ἐστι
3140 526 3543 597 τεταραγμένη.
3575 527 3698 578 Οὐκ

2128 630 2316 698 ἐρίσει
2337 626 2471 697 γὰρ,
2499 625 2637 680 οὔτε
2662 621 3009 693 κραυγάσει,
3036 618 3179 673 οὐδὲ
3198 618 3449 672 ἀκούσει
3474 633 3564 681 τις
3591 613 3701 683 τῆς

2130 720 2336 792 φωνῆς
2357 717 2576 774 αὐτῶν.
2600 716 2847 787 Ἠσύχως
2863 715 2919 768 δὲ
2944 714 3037 768 καὶ
3058 712 3247 784 πράως
3272 710 3479 779 γίνεται
3501 706 3697 769 οὕτως,

2129 813 2204 877 ῶς
2237 811 2397 874 εὐθὺς
2423 808 2598 880 χαράν
2632 808 2727 861 καὶ
2768 803 3083 874 ἀγαλλίασιν
3124 801 3220 856 καὶ
3265 800 3464 873 θάρσος
3491 797 3702 867 ἐγγίνε-

2134 910 2256 960 σθαι
2310 907 2374 975 τῇ
2420 903 2603 974 ψυχῇ·
2635 901 2750 954 ἐστι
2794 898 2903 968 γάρ
2939 897 3055 969 μετ’
3088 893 3267 949 αὐτῶν
3305 895 3333 948 6
3377 892 3601 963 Κύριος,
3646 892 3706 954 ὃς

2131 999 2277 1051 ἐστιν
2304 999 2336 1068 ἡ
2347 995 2464 1067 μῶν
2490 995 2588 1065 μὲν
2606 992 2770 1065 χαρά,
2796 990 2892 1045 τοῦ
2919 989 2977 1043 δέ
3003 987 3137 1042 Θεοῦ
3153 984 3365 1058 Πατρὸς
3388 986 3423 1056 ἡ
3454 982 3702 1054 δύναμις*

2130 1092 2185 1144 οἵ
2212 1106 2270 1144 τε
2296 1087 2547 1159 λογισμοὶ
2591 1086 2763 1156 αὐτῆς
2797 1084 3063 1154 ἀτάραχοι
3080 1081 3175 1136 καὶ
3203 1078 3504 1150 ἀκύμαντοι
3529 1075 3708 1146 διαμέο

2131 1197 2333 1236 νουσινο
2385 1179 2526 1233 ὥστε
2556 1175 2834 1248 καταυγζο
2847 1176 3017 1248 μένην
3050 1171 3218 1244 αὐτὴν
3246 1172 3338 1224 ὑπ’
3370 1168 3537 1240 αὐτῆς
3569 1164 3703 1237 (21),

2129 1272 2256 1335 τοὺς
2280 1268 2638 1340 φαινομένους
2667 1267 2912 1338 θεωρεῖν.
2941 1264 3051 1317 Καὶ
3073 1261 3181 1335 γάρ
3207 1259 3370 1325 πόθος
3399 1259 3506 1311 τῶν
3545 1255 3708 1309 θείων

2133 1364 2227 1418 καὶ
2271 1361 2379 1416 τῶν
2417 1359 2718 1431 μελλόντων
2750 1358 2888 1428 αὐτῇ
2915 1353 3316 1426 ἐπεισέρχεται,
3345 1351 3440 1404 καὶ
3489 1348 3709 1419 θελήσει

2133 1456 2349 1518 πάντως
2382 1452 2716 1523 συναφθῆναι
2743 1450 2973 1513 τούτοις,
3000 1449 3049 1501 εἰ
3072 1448 3349 1518 ἀπήρχετο
3375 1445 3488 1514 μετ’
3507 1441 3706 1496 αὐτῶν.

2144 1548 2269 1601 Ἐὰν
2291 1546 2347 1600 δὲ
2391 1544 2508 1611 καὶ,
2543 1544 2619 1609 ῶς
2646 1543 2941 1613 ἀνθρωττοι,
2986 1538 3130 1603 τινές
3165 1535 3441 1608 φοϐηθῶσι
3468 1535 3566 1607 τὴν
3600 1534 3711 1587 τῶν

2133 1639 2312 1693 καλῶν
2336 1638 2623 1701 ὀπτασίαν,
2652 1633 2977 1707 ἀφαιροῦσιν
3006 1632 3055 1686 οἱ
3074 1630 3387 1702 φαινόμενοι
3417 1628 3507 1682 τὸν
3547 1627 3711 1697 φόϐον

454 1748 557 1803 bus
589 1749 680 1818 qui
713 1721 766 1804 in
796 1749 984 1805 divino
1030 1751 1281 1819 sepulcro
1310 1721 1563 1822 apparvuit
1595 1721 1822 1823 angelus
1868 1751 1949 1818 ⁷⁸,
1979 1761 2033 1807 et

2138 1735 2267 1804 παρ’
2299 1732 2440 1787 αύτά
2464 1734 2530 1802 τῇ
2564 1731 2753 1800 ἀγάπῃ
2772 1745 2785 1759 ·
2809 1728 2885 1791 ὡς
2917 1726 3139 1796 ἐποίησε
3172 1722 3411 1795 Γαϐριὴλ
3433 1721 3510 1792 τῷ
3537 1723 3712 1790 Ζαχα-

452 1840 549 1910 qui
606 1814 920 1910 pastoribus
964 1841 1021 1897 in
1085 1814 1399 1916 Evangelii)-
1437 1845 1514 1899 ait
1548 1863 1561 1899 :
1597 1814 1699 1898 New
1742 1814 2028 1898 timete".

2138 1825 2245 1898 ρίᾳ,
2282 1826 2377 1879 καὶ
2401 1825 2430 1876 6
2453 1822 2641 1893 φανεὶς
2668 1820 2895 1891 ἄγγελος
2928 1821 2985 1873 ἐν
3018 1816 3097 1888 τῷ
3140 1815 3269 1887 θείῳ
3305 1814 3570 1916 μνημείιίί
3592 1817 3712 1869 ταῖς

453 1932 641 2005 Timor
692 1932 838 1987 enim
892 1949 1086 1988 eorum
1118 1950 1227 1989 non
1283 1950 1349 1990 ex
1406 1935 1575 1990 animi
1612 1944 1757 1990 metu
1782 1974 1797 1999 ,
1836 1934 1928 1991 sed
1965 1949 2033 1990 ex

453 2029 740 2098 praesentis
765 2029 1161 2097 prazstantioris
1185 2038 1393 2084 naturae
1414 2030 1725 2097 cognitione
1748 2037 1901 2085 ortus
1927 2038 2028 2084 est.

452 2118 604 2176 Talis
631 2123 812 2191 itaque
842 2131 927 2177 est
960 2129 1276 2178 sanctorum
1305 2122 1465 2178 visio.

524 2367 614 2424 56.
667 2365 931 2423 Malorum
965 2382 1096 2424 vero
1133 2368 1390 2425 incursus
1450 2378 1506 2425 et
1551 2368 1860 2441 phantasia,
1909 2383 2035 2425 cum

452 2460 713 2521 tumultu.
748 2461 999 2532 strepitu,
1035 2476 1173 2517 sono
1207 2469 1260 2515 ct
1297 2462 1535 2518 clamore
1560 2462 1778 2517 obvenit
1812 2477 1829 2516 :
1857 2462 2036 2532 qualis

449 2552 684 2624 exempli
714 2568 881 2609 causa
904 2552 1070 2609 fuerit
1114 2552 1459 2608 illiberalium
1499 2552 1925 2609 adolescentium
1956 2553 2038 2609 vel

454 2642 728 2699 latronum
781 2645 1065 2701 tumultus.
1124 2642 1278 2700 Unde
1323 2644 1570 2701 exoritur
1630 2643 1800 2699 animi
1844 2658 2034 2715 pavor,

452 2736 695 2790 turbatio
723 2744 779 2791 et
811 2735 1064 2793 confusio
1098 2736 1515 2808 cogitationum,
1548 2736 1793 2803 tristitia,
1828 2746 2039 2793 asceta-

457 2844 575 2885 rum
607 2829 815 2894 odium,
845 2829 1081 2897 incuria,
1111 2845 1315 2885 mteror
1347 2829 1536 2896 animi,
1568 2838 1925 2900 cognatorum
1954 2846 2039 2887 re-

452 2922 722 2985 cordatio,
752 2920 985 2978 formido
1014 2922 1227 2986 mortis,
1253 2937 1317 2978 ac
1340 2921 1560 2978 demum
1597 2923 2037 2994 concupiscentia

454 3016 722 3069 malarum
774 3029 997 3075 rerum,
1049 3014 1267 3069 animus
1323 3015 1390 3069 ad
1442 3016 1697 3071 virtutem
1753 3016 2036 3083 remissus,

459 3104 750 3159 inordinati
786 3120 988 3160 mores.
1028 3104 1163 3160 Cum
1222 3106 1406 3175 itaque
1435 3106 1762 3175 quibusdam
1803 3122 2039 3177 conspe-

452 3196 581 3264 ctis,
609 3197 805 3251 timore
832 3196 1220 3267 corripiemini,
1277 3196 1323 3252 si
1368 3197 1549 3253 statim
1612 3198 1778 3254 timor
1816 3197 2031 3255 aufera-
2064 3177 2106 3235 θ

453 3301 565 3355 tur,
605 3299 659 3345 et
687 3289 806 3360 ejus
835 3290 956 3346 loco
984 3304 1110 3346 mox
1167 3302 1533 3362 consequatur
1573 3293 1840 3349 ineffabile
1896 3311 2033 3366 gau--

456 3382 627 3446 dium,
651 3383 926 3446 alacritas,
961 3383 1178 3451 liducia,
1233 3384 1401 3439 animi
1431 3387 1717 3452 rccrcatio,
1753 3387 2035 3457 cogitatio-

457 3489 588 3528 num
644 3476 1044 3546 tranquillitas,
1097 3485 1153 3531 et
1202 3491 1543 3546 quaecunque
1607 3478 1713 3533 alia
1783 3480 2034 3551 superius

454 3567 599 3622 dicta
626 3578 770 3634 sunt,
797 3568 966 3624 robur
997 3570 1163 3625 animi
1195 3573 1320 3627 item
1344 3581 1398 3627 et
1432 3571 1524 3627 Dei
1575 3588 1753 3637 amor,
1778 3573 2036 3630 confidite

454 3665 512 3713 ct
539 3666 690 3715 orate
719 3678 733 3714 :
762 3660 1019 3729 gaudium
1044 3664 1187 3717 enim
1225 3672 1277 3717 ct
1307 3664 1396 3718 ille
1434 3664 1629 3719 animm
1665 3675 1839 3722 status
1894 3681 2034 3735 pra:-

458 3749 631 3806 scntis
656 3751 998 3808 sanctitatem
1030 3752 1251 3808 indicat.
1306 3752 1398 3808 Sic
1446 3753 1719 3809 Abraham
1744 3754 2036 3811 Dominum

2132 1917 2367 1988 γυναιξὶ,
2399 1917 2494 1971 καὶ
2525 1918 2553 1969 ὁ
2585 1914 2696 1986 (22)
2735 1915 2847 1976 τοῖς
2878 1909 3098 1981 ποιμέσι
3129 1908 3302 1977 λέγων
3330 1909 3387 1960 ἐν
3420 1905 3499 1977 τῷ
3532 1904 3711 1974 Εὐαγ-

2134 2010 2298 2079 γελίῳ
2318 2026 2333 2040 ο
2360 2012 2419 2062 Μ
2425 2007 2456 2076 ὴ
2487 2005 2784 2077 φοϐεῖσθε.
2818 2004 2976 2057 Ἔστι
3004 2001 3113 2073 γὰρ
3139 2002 3168 2054 6
3199 2000 3362 2069 φόϐος
3395 1999 3618 2053 ἐκείνων
3652 1999 3712 2051 οὐ

2134 2099 2276 2154 κατά
2306 2098 2508 2154 δειλίαν
2551 2095 2731 2167 ψυχῆς
2756 2137 2772 2162 ,
2804 2093 2939 2148 ἀλλὰ
2976 2091 3096 2146 κατ’
3131 2091 3426 2159 ἐπίγνωσιν
3462 2089 3561 2160 τῆς
3606 2087 3713 2140 τῶν

2136 2191 2458 2265 κρειττόνων
2485 2189 2807 2263 παρουσίας.
2832 2184 3067 2257 Τοιαύτη
3099 2185 3196 2256 μὲν
3234 2179 3326 2236 οὖν
3360 2182 3523 2254 ἡτῶν
3550 2182 3713 2251 ἀγίων

2136 2284 2393 2341 ὁπτασία.
2710 2284 2715 2289 ’

2206 2376 2295 2432 56.
2346 2377 2411 2430 Ἡ
2438 2375 2496 2430 δὲ
2543 2374 2651 2429 τῶν
2703 2370 2923 2444 φαύλων
2981 2369 3247 2443 ὲπιδρομὴ
3304 2367 3398 2421 καὶ
3448 2366 3715 2436 φαντασία

2136 2468 2539 2543 τεταραγμένη,
2576 2466 2714 2538 μετά
2740 2464 2947 2519 κτύπου
3007 2465 3101 2519 καὶ
3133 2463 3266 2534 ἥχου
3306 2461 3402 2514 καὶ
3446 2457 3709 2528 κραυγῆς·

2137 2562 2223 2617 οἶα
2269 2562 2334 2617 ἂν
2374 2562 2586 2631 γένοιτο
2638 2557 2917 2631 νεωτέρων
2972 2555 3313 2612 ἀπαιδεύτων
3364 2553 3459 2607 καὶ
3504 2550 3715 2623 λῃστῶν

2139 2656 2370 2726 κίνησις.
2432 2652 2520 2720 Ἐξ
2551 2644 2625 2705 ὧν
2676 2650 2837 2715 εὐθὺς
2874 2650 2987 2721 (‘25)
3034 2650 3243 2719 γίνεται
3295 2645 3464 2700 δειλία
3520 2643 3712 2714 ψυχῆς.

2137 2746 2372 2817 τάραχος
2407 2742 2502 2797 καὶ
2531 2741 2726 2810 ἀταξία
2745 2738 3041 2811 λογισμῶν,
3071 2740 3359 2811 κατήφεια,
3401 2739 3557 2808 μῖσος
3584 2733 3716 2805 πρὸς

2138 2838 2264 2901 τοὺς
2293 2834 2561 2906 ἀσκητάς,
2609 2832 2830 2905 ἀκηδία,
2884 2832 3052 2903 λύπη,
3093 2831 3280 2903 μνήμη
3324 2828 3439 2883 ’τῶν
3480 2824 3714 2886 οἰκείων,

2140 2930 2233 2985 καί
2265 2929 2427 2999 φόϐος
2454 2928 2704 2981 θανάτου·
2749 2927 2842 2979 καὶ
2871 2925 3056 2979 λοιπὸν
3084 2922 3348 2993 ἐπιθυμία
3380 2919 3585 2982 κακῶν,
3612 2918 3719 2971 ὀλι-

2139 3004 2316 3094 γωρία
2353 3022 2491 3093 πρὸς
2537 3020 2636 3091 τὴν
2685 3018 2906 3091 ἀρετὴν,
2951 3016 3167 3071 καὶτοῦ
3220 3016 3383 3088 ἤθους
3412 3016 3720 3068 ἀκαταστα-

2142 3115 2252 3167 σία.
2285 3115 2451 3167 Ὅταν
2478 3111 2657 3165 τοίνυν
2705 3109 3082 3184 θεωρήσαντες
3110 3126 3233 3162 τινα
3275 3106 3387 3177 (24)
3421 3104 3715 3176 φοϐηθῆτε,

2141 3206 2236 3261 ἐὰν
2269 3207 2365 3278 μὲν
2393 3206 2555 3269 εὐθὺς
2609 3206 2638 3256 ὁ
2690 3203 2853 3273 φόϐος
2902 3201 3194 3275 ἀφαιρεθῇ,
3229 3201 3323 3253 κα).
3367 3198 3482 3253 ἀντ’
3512 3197 3717 3250 ἐκείνου

2141 3299 2366 3370 γένηται
2393 3298 2537 3371 χαρὰ
2570 3297 2952 3367 ἀνεκλάλητος,
2974 3296 3068 3350 καὶ
3096 3294 3348 3365 εὐθυμία,
3370 3292 3466 3347 καὶ
3499 3290 3715 3362 θάρσος,

2141 3393 2235 3446 καὶ
2258 3392 2574 3464 ἀνάκτησις,
2604 3390 2700 3445 καὶ
2747 3389 2855 3444 τῶν
2898 3388 3174 3460 λογισμῶν
3220 3382 3507 3458 ἀταραξία,
3538 3382 3629 3435 καὶ
3653 3381 3717 3434 τά

2142 3484 2277 3540 ἀλλα
2331 3485 2431 3539 ὅσα
2485 3487 2766 3557 προεῖπον,
2820 3482 3010 3554 ἀνδρία
3055 3499 3112 3536 τε
3148 3481 3241 3534 καὶ
3284 3479 3471 3548 ἀγάπη
3511 3477 3593 3539 εἰς
3633 3473 3717 3526 τὸν

2142 3581 2297 3646 Θεὸν,
2329 3579 2581 3651 θαρσεῖτε
2607 3578 2702 3632 καὶ
2733 3575 2957 3648 εὔχεσθε
2983 3592 2996 3607 ·
3031 3578 3064 3647 ἡ
3099 3575 3205 3648 γάρ
3249 3571 3395 3646 χαρὰ
3441 3571 3534 3624 καὶ
3565 3572 3600 3640 ἡ
3626 3586 3720 3622 κα-

2142 3673 2403 3734 τάστασις
2434 3672 2533 3742 τῆς
2560 3670 2740 3741 ψυχῆς
2768 3670 3005 3724 δείκνυσι
3030 3667 3123 3721 τοῦ
3154 3667 3415 3742 παρόντος
3453 3664 3552 3734 τὴν
3578 3661 3722 3730 ἁγιό-

2143 3782 2300 3834 τητα.
2335 3740 2521 3827 Οὕτως
2555 3740 2807 3834 Ἀϐραὰμ
2840 3760 2963 3816 ίδὼν
2985 3761 3076 3815 τὸν
3103 3758 3307 3832 Κύριον
3335 3740 3718 3828 η’γαλλιάσατο·

1803 3933 2057 3993 VERSIO
2087 3938 2391 3995 EVAGRII.

460 4090 1173 4164 verumutacite‘lcniterque
1198 4102 1572 4163 properantes,
1601 4092 1859 4163 gaudium
1886 4134 1902 4160 ,
1927 4094 2346 4150 exsultationem
2373 4136 2389 4162 ,
2433 4094 2689 4151 ﬁduciam
2730 4093 3043 4164 pectoribus
3081 4090 3378 4164 infundunt
3406 4109 3419 4144 :
3454 4089 3721 4164 siquidem

461 4176 586 4217 cum
605 4161 722 4234 illis
744 4171 828 4234 est
854 4160 1140 4227 Dominus,
1171 4160 1265 4233 qui
1297 4160 1383 4219 est
1411 4165 1535 4219 fons
1558 4160 1789 4234 et'origo
1818 4165 2036 4219 laetitiae.
2059 4164 2216 4222 Tunc
2257 4160 2412 4221 mens
2440 4176 2625 4221 nostra
2666 4160 2771 4220 nu'n
2805 4164 3021 4218 turbida
3040 4204 3058 4229 ,
3101 4163 3197 4234 sed
3225 4163 3360 4216 lenis
3395 4171 3461 4234 et
3491 4160 3723 4229 placida,

461 4230 780 4305 angelorum
817 4232 938 4305 luce
983 4230 1228 4305 radiatn'r
1262 4254 1273 4288 :
1307 4242 1437 4290 tunc
1473 4235 1656 4290 anima
1712 4230 2021 4290 ctelestium
2074 4238 2423 4305 praemiorum
2473 4237 2733 4291 aviditate
2787 4235 3061 4305 ﬂagrans,
3102 4232 3363 4305 effracto,
3417 4232 3471 4305 si
3518 4238 3723 4305 posset,

464 4301 689 4377 l_i_umani
713 4304 960 4377 corporis
986 4304 1285 4377 domicilio,
1308 4314 1362 4359 ct
1390 4306 1649 4361 membris
1672 4317 1971 4360 exonerata
2001 4301 2348 4371 mortalibus,
2371 4322 2494 4361 cum
2525 4307 2608 4362 his
2630 4321 2769 4377 quos
2791 4301 2956 4377 videt,
2987 4304 3138 4377 abire
3168 4303 3388 4377 festinat
3410 4304 3477 4356 ad
3501 4302 3725 4377 coelum.

465 4368 689 4446 Horum
716 4368 863 4427 tanta
902 4374 1210 4443 benignitas
1258 4383 1343 4430 est
1367 4417 1381 4441 ,
1418 4385 1477 4430 ut
1527 4377 1572 4430 si
1606 4377 1732 4446 quis
1757 4392 1855 4444 pro
1885 4376 2199 4433 conditione
2233 4368 2542 4443 fragilitatis
2576 4368 2830 4432 hu'mana‘.
2883 4376 3022 4429 miro
3068 4374 3234 4429 fuerit
3274 4370 3728 4446 eorum_fulgore

464 4442 807 4510 perterritus,
843 4441 1059 4515 omnem
1093 4447 1355 4515 continuo
1384 4461 1449 4500 ex
1479 4441 1643 4501 corde
1669 4441 1921 4501 auferant
1945 4458 2175 4503 metum.
2222 4447 2298 4502 Ita
2321 4441 2538 4502 Gabriel
2573 4464 2697 4502 cum
2736 4446 3014 4501 Zachariae
3047 4446 3363 4515 loqueretur
3392 4444 3446 4497 in
3480 4441 3725 4515 Templo,

461 4519 519 4567 et
561 4515 880 4591 angelicum
902 4514 1154 4591 divinum
1183 4514 1421 4591 Virginis
1448 4527 1662 4591 partum
1691 4518 2004 4587 pastoribus
2033 4518 2381 4591 nuntiarent,
2408 4528 2463 4572 et
2491 4519 2584 4591 qui
2618 4517 2886 4591 Dominici
2911 4512 3157 4591 corporis
3186 4515 3418 4585 agebant
3442 4512 3726 4577 excubias,

463 4583 675 4665 securis
716 4583 1011 4639 videntium
1044 4601 1104 4640 se
1134 4587 1407 4641 mentibus
1429 4583 1799 4651 ostendentes,
1828 4604 1896 4665 n_e
1926 4596 2250 4665 metuerent,
2283 4583 2643 4659 imperabant.
2672 4587 2845 4644 Metus
2872 4583 3026 4642 enini
3045 4602 3152 4641 non
3187 4583 3404 4641 tantum
3435 4599 3503 4640 ex
3528 4599 3729 4654 pavore

464 4659 959 4729 ani_uii,_qua_ntum
992 4672 1056 4712 ex
1093 4672 1412 4729 magnarum
1453 4674 1636 4712 rerum
1675 4673 1816 4728 saepe
1851 4659 2116 4713 incutitur
2147 4669 2391 4729 aspectu.

536 4722 630 4778 56.
664 4722 1036 4801 Pessimorum
1065 4722 1211 4781 vero'
1238 4726 1419 4801 vultus
1442 4736 1647 4791 truces,
1680 4722 2155 4801 sonitusghorridi,
2185 4722 2395 4801 sordidi
2434 4729 2729 4801 cogitatus,
2763 4728 2991 4799 plausus
3018 4735 3313 4801 motusque
3354 4725 3733 4801 indisciplina-

468 4803 648 4875 togum
675 4796 1224 4875 l2_5)_adolescentum
1254 4798 1338 4852 vel
1374 4798 1647 4875 latronum
1683 4818 1698 4854 :
1748 4816 1779 4855 e
1826 4800 2032 4875 quibus
2083 4800 2368 4856 confestim
2408 4796 2570 4856 timor
2599 4796 2831 4875 animat,
2889 4799 3142 4856 sensibus
3204 4805 3394 4875 torpor
3416 4797 3729 4875 incutitur:

467 4864 656 4937 odium
681 4864 1143 4933 Christianorum,
1177 4869 1571 4926 monachorum
1601 4886 1806 4926 mceror
1833 4864 1887 4925 et
1912 4869 2154 4936 taedium,
2193 4886 2419 4927 suorum
2474 4864 3016 4936 recordatio,‘metus
3054 4868 3271 4934 mortis,
3293 4864 3507 4937 _cupido
3531 4864 3728 4936 nequi-

468 4935 593 5011 tiae,
625 4938 897 5011 lassitudo
924 4940 1161 5005 virtutis,
1193 4939 1374 4995 cordis
1395 4940 1686 4996 hebetatio.
1744 4940 1801 4995 Si
1843 4942 2007 5007 igitur
2047 4935 2169 5011 post
2214 4942 2490 5008 timorem,
2540 4942 2755 4997 horrori
2789 4935 3054 5010 concepto
3083 4938 3193 5009 (26)
3235 4935 3573 5011 successerit
3598 4935 3732 5006 gau-

468 5007 645 5081 dium,
672 5019 727 5081 et
751 5011 815 5081 ad
846 5009 1011 5064 Deum
1045 5011 1242 5066 titlucia
1267 5020 1431 5081 atque
1453 5012 1742 5066 ineﬂ‘abilis
1770 5007 2274 5076 charitasfvenisse
2301 5007 2539 5067 sciamus
2569 5013 2830 5066 auxilium
2856 5028 2872 5075 ς
2905 5007 3036 5081 quia
3072 5007 3339 5065 securitas
3374 5008 3575 5081 anima:
3601 5022 3734 5077 pra:-

469 5077 642 5134 sentis
675 5078 975 5149 Majestatis
1017 5081 1278 5137 indicium
1324 5077 1423 5137 est.
1460 5084 1551 5138 Sic
1573 5099 1809 5153 namque
1839 5091 1893 5137 et
1917 5082 2190 5137 Abraham
2223 5083 2530 5153 patriarcha
2554 5083 2743 5138 videns
2776 5077 2968 5150 Deum,
3001 5081 3223 5153 gavisus
3254 5087 3339 5135 est
3365 5098 3380 5134 :
3409 5089 3467 5134 et
3492 5078 3733 5135 Joannes

539 5246 583 5278 "
608 5244 713 5300 Isa.
749 5262 882 5311 xm,
910 5246 966 5303 ‘2.
1043 5246 1240 5304 "Luc.
1282 5265 1321 5313 ι,
1367 5249 1454 5303 l5.
1557 5248 1604 5280 ""
1634 5247 1824 5303 Matth.
1858 5265 2030 5303 xxvm

2138 5291 2141 5304 .
2217 5250 2264 5280 ’⁸
2304 5246 2437 5303 Luc.
2494 5263 2554 5309 ιι,
2615 5247 2703 5301 10.

2082 5396 2125 5450 Ι)

508 5426 658 5508 ~(21)
716 5422 922 5496 Regius
970 5429 1247 5484 secundus
1300 5438 1354 5484 et
1410 5429 1711 5485 Colbcrtin.
1744 5430 1798 5496 ἓ,
1824 5430 1891 5483 δι’
1920 5431 2033 5483 ἐαυ·

2228 5432 2341 5508 (ξιξ)
2368 5431 2443 5508 l_ta
2470 5430 2678 5508 _Beg._2
2710 5439 2764 5486 et
2797 5430 3036 5508 Colbcrt.
3083 5428 3138 5508 Ξῖ
3181 5426 3499 5508 Editivcro,
3526 5424 3699 5501 τινάς,

703 5567 755 5573 _-
808 5493 856 5573 '_
943 5568 954 5573 _
1257 5571 1268 5573 _
1468 5569 1493 5573 _
1557 5572 1566 5573 ί
1678 5570 1687 5573 Α
1862 5571 1873 5573 _
1994 5571 2025 5573 __
2232 5493 2346 5573 (‘25)
2378 5493 3457 5573 lndiscipliuatorumideestinomnibus
3485 5511 3630 5564 quos
3663 5493 3736 5546 vi-

550 5567 674 5643 (2_i)_
700 5567 792 5623 Sic
822 5568 1029 5639 Regius
1067 5571 1342 5628 secundus
1370 5579 1424 5625 et
1454 5569 1750 5626 Colbertin.
1778 5571 1832 5626 9.
1858 5571 1914 5626 lu
1944 5571 2059 5626 edi-
2161 5566 2346 5628 dimus
2378 5589 2535 5636 mss.,
2566 5566 2657 5626 sed
2680 5572 2874 5643 legitur
2899 5572 2953 5624 in
2981 5570 3215 5643 editiset
3237 5569 3289 5643 in
3311 5566 3524 5621 Gneco.

478 5636 814 5713 ῖίδίρ-δεῖθθί·
913 5636 931 5639 ἡ
1233 5710 1246 5713 _
1942 5711 1983 5713 ,Α
2018 5712 2021 5713 ν
2234 5644 2346 5713 (26)
2384 5644 2476 5698 Sic
2499 5645 2608 5696 duo
2640 5636 3019 5710 maﬁuscripti.
3051 5639 3176 5705 Alii,
3227 5638 3446 5693 horrare
3468 5641 3735 5704 concepto.

557 5709 670 5783 (25)
702 5710 1014 5783 ltaRegius
1044 5710 1320 5766 secundus
1370 5724 1423 5765 rt
1477 5714 1777 5770 Colbcrtin.
1809 5715 1865 5779 “3,
1904 5711 2061 5775 εὐθύς
2163 5709 2567 5781 Εὸἱιί,Ἰιοννονε
2595 5724 2918 5783 conceptum.

486 5774 636 5833 deest
660 5780 714 5834 in
743 5774 983 5837 cditisvet
1012 5784 1064 5836 in
1096 5782 1421 5850 quibusdam
1448 5800 1574 5839 mss.
