3966 6226
389 331 488 388 9ἱ>1

1735 329 1892 383 VITA
1926 330 1983 384 ὃ.
2027 325 2328 383 ΛΝΤΟΝΙΙ.

3521 330 3629 388 90'!

391 443 632 506 ἐλθόντες
662 445 935 515 ἐκρότουν,
972 445 1269 517 ἐσύριττον,
1315 447 1607 518 ὠρχοῦντο.
1651 447 1738 511 Ὠς
1770 447 1826 500 δὲ
1857 448 1954 518 ηὐ-

2064 446 2306 516 strepitu,
2331 443 2512 507 sibilo,
2541 451 2595 498 et
2625 441 3045 508 saltationibus;
3086 453 3148 498 ut
3177 460 3304 499 vero
3333 460 3489 501 orare
3519 460 3626 509 me,

390 537 585 608 κόμην,
621 537 714 591 καὶ
748 538 1040 608 ἀνεκείμην
1085 539 1301 608 ψάλλων
1353 539 1468 592 κατ’
1501 539 1752 608 ἐμαυτόνο
1797 538 1955 602 εὐθὺς

389 628 622 698 ἤρξαντο
649 629 864 700 θρηνεῖν
893 631 985 682 καὶ
1019 631 1244 693 κλαίειν,
1291 631 1478 702 ὥσπερ
1512 631 1951 701 ἐξατονήσαντες⁶

390 716 500 784 ἐγὼ
545 718 600 771 δὲ
653 717 899 782 ἐδόξαζον
939 720 1030 772 τὸν
1083 720 1286 790 Κύριον
1349 721 1480 790 (42),
1530 722 1619 773 τὸν
1665 721 1955 774 καθελόντα

387 810 483 862 καὶ
534 810 1106 880 παραδειγματίσαντα
1159 811 1256 882 τὴν
1287 811 1488 882 τόλμαν
1520 813 1610 864 καὶ
1642 811 1738 882 τὴν
1763 813 1955 880 μανίαν

387 901 587 956 αὐτῶν.

461 993 546 1046 ιο.
593 993 792 1067 Ἐφάνη
815 993 941 1045 ποτέ
964 992 1170 1064 δαίμων
1196 994 1396 1064 ὑψηλὸς
1441 995 1558 1048 λίαν
1588 995 1724 1066 μετὰ
1753 1013 1954 1064 φαντα-

388 1103 527 1150 σίας,
553 1085 645 1139 κα).
673 1087 1000 1156 τετόλμηκεν
1051 1088 1244 1142 εἰπεῖν·
1313 1088 1453 1156 Ἐγώ
1515 1092 1628 1159 ειμι
1662 1092 1694 1160 ή
1728 1089 1954 1161 δύναμις

383 1177 479 1229 τοῦ
511 1175 666 1230 Θεοῦ·
702 1178 818 1240 καὶ,
862 1177 1002 1246 Ἐγώ
1047 1179 1160 1248 εἰμι
1203 1179 1236 1249 ἡ
1283 1178 1526 1250 πρόνοιαο
1577 1179 1630 1232 τί
1675 1196 1754 1232 σοι
1783 1179 1956 1243 Θέλεις

385 1270 695 1342 χαρίσωμαι
725 1270 877 1339 (45);
935 1269 1074 1338 Ἐγὼ
1118 1270 1174 1323 δὲ
1218 1271 1338 1324 τότε
1402 1271 1600 1342 μᾶλλον
1647 1271 1954 1344 ἐνεφύσησα

386 1362 504 1415 κατ’
525 1362 711 1424 αὑτοῦ,
733 1364 824 1415 τὸν
849 1363 1080 1434 Χριστὸν
1111 1363 1399 1459 ὀνομάσας,
1457 1363 1550 1416 καὶ
1579 1362 1742 1432 τύψαι
1769 1361 1954 1415 τοῦτον

386 1455 736 1526 ἐπεχείρησα’
789 1455 883 1508 καὶ
933 1455 1086 1520 ἔδοξα
1112 1454 1423 1523 τετυφέναι,
1461 1457 1556 1509 καὶ
1612 1454 1772 1520 εὐθὺς
1797 1456 1824 1508 ὁ
1854 1473 1953 1527 τη-

386 1547 627 1610 λικοῦτος
654 1547 750 1599 σὺν
777 1548 911 1599 πᾶσι
966 1548 1079 1608 τοῖς
1121 1545 1313 1600 ἑαυτοῦ
1338 1546 1555 1616 δαίμοσι
1594 1546 1863 1618 ἠφανίσθη
1898 1550 1955 1600 ἐν

383 1639 461 1708 τῷ
495 1639 717 1709 ὀνόματι
739 1638 832 1691 τοῦ
853 1637 1111 1710 Χριστοῦ.
1133 1632 1302 1692 Ἦλθέ
1331 1655 1458 1691 ποτε
1475 1638 1586 1709 (44)
1604 1637 1954 1709 νηστεύοντός

387 1747 510 1799 μου,
544 1731 634 1782 καὶ
657 1731 732 1793 ὡς
764 1731 992 1801 μοναχὸς
1012 1731 1040 1781 ὁ
1058 1729 1249 1794 δόλιος,
1276 1729 1413 1798 ἔχων
1432 1731 1610 1802 ἄρτων
1633 1731 1948 1801 φαντασίαν·

2063 545 2224 606 atque
2243 535 2656 590 decumbentem
2685 534 2828 604 apud
2856 535 3122 604 meipsum
3153 537 3384 604 psallere
3405 551 3630 604 conspe-

2062 637 2278 693 xerunt,
2320 641 2532 696 coepere
2579 625 2761 682 statim
2809 626 3094 680 lamentari
3139 641 3201 680 ac
3229 626 3355 682 flere
3385 629 3540 698 quasi
3569 643 3629 682 se

2061 719 2204 774 vires
2235 718 2560 774 defecissent
2595 735 2609 771 :
2646 731 2746 786 ego
2776 731 2906 771 vero
2928 716 3157 786 gloriam
3183 715 3412 772 Domino
3440 719 3622 782 retuli,

2061 816 2153 885 qui
2183 815 2466 870 audaciam
2512 815 2862 884 furoremque
2913 813 3132 867 illorum
3180 815 3519 880 retunderet,
3545 825 3626 870 at—

2060 923 2165 977 que
2201 908 2526 962 traduceret.

2130 997 2218 1052 40.
2245 998 2550 1067 Aliquando
2597 997 2730 1052 mihi
2774 997 3065 1053 admodum
3123 997 3372 1052 excelsus
3413 994 3626 1053 daemon

2061 1105 2183 1144 cum
2208 1090 2490 1159 phantasia
2515 1089 2686 1152 visus,
2743 1087 2925 1144 dicere
2956 1103 3125 1143 ausus
3177 1097 3299 1143 est:
3344 1086 3456 1156 Ego
3503 1103 3626 1142 sum

2062 1180 2234 1234 virtus
2276 1179 2401 1245 Dei;
2451 1195 2550 1250 ego
2596 1194 2716 1234 sum
2775 1178 3165 1249 providentia:
3227 1177 3354 1246 quid
3395 1178 3491 1233 tibi
3543 1179 3628 1232 vis

2061 1270 2305 1325 beneficii
2333 1271 2649 1326 conferam?
2671 1271 2742 1325 At
2770 1285 2872 1342 ego
2895 1280 3007 1324 tum
3052 1270 3226 1341 magis
3275 1271 3330 1325 in
3362 1270 3512 1324 illum
3541 1271 3628 1325 ἰη-

2061 1362 2289 1428 sufﬂavi,
2318 1363 2528 1432 prolato
2577 1362 2781 1417 Christi
2836 1362 3079 1428 nomine,
3127 1368 3291 1430 atque
3339 1361 3629 1416 verberare

2061 1439 2298 1510 conatus.
2319 1471 2466 1520 sum,
2498 1471 2563 1510 ac
2592 1455 2766 1524 reipsa
2787 1455 3105 1509 verberasse
3129 1454 3304 1508 visum
3334 1454 3469 1508 mihi
3498 1462 3582 1509 est
3607 1471 3623 1508 :

2061 1549 2350 1618 statimque
2394 1547 2484 1601 ille
2513 1557 2716 1614 tantus,
2777 1562 2902 1602 cum
2937 1547 3192 1618 omnibus
3221 1549 3336 1602 suis
3366 1545 3628 1601 daemoni-

2061 1636 2181 1701 bus,
2216 1635 2268 1688 in
2303 1636 2524 1690 nomine
2581 1635 2783 1692 Christi
2813 1638 3052 1692 evanuit.
3113 1633 3275 1691 Venit
3327 1636 3626 1706 aliquando

2061 1742 2146 1780 me
2168 1725 2467 1795 jejunante,
2492 1726 2743 1780 monachi
2787 1727 3020 1796 speciem
3067 1727 3275 1781 habens
3303 1745 3317 1780 :
3347 1741 3625 1796 panesque

385 1823 478 1874 καὶ
511 1821 861 1876 συνεϐούλευε
889 1822 1080 1892 λέγων·
1115 1823 1281 1892 Φάγε.
1322 1823 1416 1875 καὶ
1457 1822 1660 1876 παῦσαι
1689 1822 1797 1876 τῶν
1827 1822 1942 1874 πολ-

2064 1827 2116 1872 υι
2141 1818 2419 1872 videbatur
2440 1826 2648 1883 tenens,
2677 1818 2939 1872 suadebat
2966 1818 3152 1873 dicens
3180 1837 3192 1870 :
3219 1817 3475 1880 Comede,
3505 1828 3628 1872 tan-

383 1913 491 1966 λῶν
513 1914 706 1967 πόνων·
733 1913 826 1968 ἄνθ
835 1931 1014 1984 ρωπος
1034 1911 1086 1968 εἴ
1105 1904 1198 1968 καὶ
1223 1916 1306 1979 σὺ,
1333 1915 1426 1968 καὶ
1451 1913 1664 1984 μέλλεις
1687 1914 1949 1968 ἀσθενεῖν.

394 2004 535 2073 Ἐγὼ
567 2005 644 2066 δὲ,
669 2007 866 2075 νοήσας
897 2005 1058 2057 αὐτοῦ
1100 2005 1199 2076 τὴν
1237 2004 1514 2075 μεθοδείαν
1545 2004 1678 2075 (45),
1722 2005 1954 2075 ἀνέστην
1985 2064 1999 2078 ο

384 2093 659 2160 εὔξασθαι.
705 2096 968 2157 Κάκεῖνος
1001 2094 1100 2148 οὐκ
1136 2095 1392 2165 ἤνεγκεν·
1428 2094 1640 2158 ἐξέλιπε
1681 2094 1788 2166 γάρ
1809 2133 1824 2156 ,
1862 2096 1956 2146 καὶ

382 2185 470 2238 διὰ
501 2187 598 2254 τῆς
625 2183 792 2256 θύρας
826 2183 899 2247 ὼς
930 2185 1136 2248 καπνὸς
1166 2183 1518 2255 ἐξερχόμενος
1550 2185 1741 2254 ἐφάνη.
1780 2185 1956 2238 Ποσά-

382 2291 471 2338 κις
503 2277 560 2327 ἐν
584 2277 648 2346 τῇ
681 2276 869 2346 ἐρήμῳ
901 2276 1199 2343 φαντασίαν
1227 2275 1394 2339 ἔδειξε
1418 2275 1640 2348 χρυσοῦ,
1684 2277 1769 2329 ἵνα
1800 2277 1954 2347 μόνον

383 2363 630 2434 ἅψωμαι,
657 2365 748 2416 καὶ
787 2364 996 2434 suam
1022 2364 1132 2433 ἐγὼ
1171 2365 1228 2418 δὲ
1281 2364 1614 2435 κατέψαλλον
1643 2365 1828 2428 αὑτοῦ,
1860 2367 1956 2419 κά-

384 2459 559 2518 κεῖνος
592 2457 834 2526 ἐτήκετο.
868 2457 1133 2520 Πολλάκις
1159 2457 1386 2510 ἔκοπτόν
1429 2475 1493 2528 με
1526 2457 1779 2528 πληγαῖς,
1803 2459 1956 2527 κάγὼ

385 2546 589 2612 ἔλεγον*
625 2547 790 2599 Ούδέν
815 2564 881 2618 με
909 2547 1128 2617 χωρίσει
1156 2547 1264 2601 ἀπὸ
1291 2551 1388 2618 τῆς
1437 2549 1656 2620 ἀγάπης
1708 2549 1802 2602 τοῦ
1825 2551 1958 2621 Χρι-

386 2637 529 2691 στοῦ-
561 2641 652 2690 καὶ
681 2639 877 2708 μᾶλλον
912 2640 1064 2693 αὐτοὶ
1112 2640 1248 2710 μετὰ
1291 2639 1461 2694 ταῦτα
1505 2641 1837 2694 κατέκοπτον
1865 2643 1958 2694 ἀλ-

383 2728 597 2799 λήλους.
631 2731 744 2782 Ούκ
766 2729 876 2797 ἐγὼ
896 2731 952 2782 δὲ
985 2732 1016 2802 ἧ
1026 2750 1131 2802 μην
1159 2732 1188 2784 ὁ
1209 2731 1398 2787 παύων
1426 2732 1666 2794 ἐκείνους
1705 2733 1798 2784 καὶ
1823 2749 1956 2784 κατ-

383 2819 590 2889 αργῶνο
624 2818 736 2871 ἀλλ’
769 2820 796 2871 ὁ
827 2819 1028 2890 Κύριος
1071 2817 1160 2892 ἦν,
1200 2823 1228 2875 ὁ
1269 2821 1461 2890 λέγων·
1508 2821 1823 2890 Ἐθεώρουν
1851 2823 1957 2876 τὸν

384 2911 662 2965 Σατανᾶν
682 2913 762 2978 ὡς
794 2913 1114 2980 ἀστραπὴν
1146 2915 1215 2968 ἐκ
1248 2915 1354 2968 τοῦ
1387 2915 1648 2982 adparat")
1670 2916 1951 2968 πεσόντα.

397 3002 537 3071 Ἐγὼ
557 3002 633 3066 δὲ,
668 3006 854 3068 τέκνα,
896 3006 1246 3076 μνημονεύων
1271 3007 1363 3059 τοῦ
1389 3006 1740 3060 ἀποστολικοῦ
1767 3007 1953 3078 ῥητοῦ,

390 3095 834 3165 μετεσχημάτισα
873 3097 1044 3150 ταῦτα
1095 3100 1174 3162 είς
1219 3098 1472 3169 ἐμαυτὸν,
1511 3099 1597 3150 ἵνα
1647 3098 1850 3169 μάθητε
1881 3098 1954 3168 μὴ

2059 1919 2344 1978 torumque
2371 1908 2619 1962 laborum
2660 1908 2818 1962 finem
2871 1907 3035 1963 facito
3063 1928 3078 1962 :
3118 1924 3241 1962 nam
3272 1909 3436 1979 660
3461 1909 3630 1962 homo

2057 2011 2111 2054 tu
2145 2015 2364 2069 quoque
2390 2014 2472 2062 es.
2507 1999 2919 2071 periculumque
2970 2015 3039 2055 ne
3078 2013 3325 2069 aagmtes.
3352 1999 3626 2055 Intellecta

2055 2109 2154 2161 ego
2185 2091 2330 2146 illius
2357 2090 2586 2157 vafritie,
2611 2092 2822 2146 surrexi
2882 2101 3136 2147 oraturus
3164 2109 3179 2145 :
3213 2091 3358 2161 quod
3393 2092 3483 2146 ille
3514 2107 3623 2145 non

2058 2183 2202 2247 tulit,
2228 2183 2452 2237 evanuit
2490 2185 2658 2246 enim,
2715 2198 2778 2238 ac
2827 2197 2926 2254 per
2970 2183 3193 2251 januam
3227 2184 3384 2253 quasi
3441 2182 3624 2238 fumus

2055 2275 2237 2344 egredi
2273 2275 2424 2329 visus
2451 2283 2552 2328 est.
2584 2273 2809 2340 Quoties
2857 2273 2978 2328 auri
3013 2274 3254 2342 speciem
3303 2274 3356 2328 in
3409 2273 3626 2328 deserto

2057 2366 2273 2436 objecit,
2295 2375 2354 2420 ut
2387 2366 2465 2420 vel
2502 2365 2678 2420 solum
2705 2375 2980 2437 tangerem
3035 2374 3198 2435 atque
3258 2366 3622 2435 respicerem!

2057 2473 2157 2527 ego
2187 2473 2314 2512 vero
2345 2458 2628 2512 adversum
2661 2458 2979 2526 psallebam,
2998 2467 3051 2511 et
3067 2458 3484 2512 coutabescebat
3511 2458 3622 2511 ille.

2055 2549 2382 2619 Plerumque
2413 2565 2500 2603 me
2525 2549 2698 2620 plagis
2727 2549 3102 2611 conciderunt,
3149 2560 3203 2603 et
3237 2549 3444 2602 aiebam
3482 2567 3495 2602 :
3527 2547 3623 2602 Ni-

2056 2641 2132 2695 hil
2159 2657 2242 2696 me
2277 2641 2550 2710 separabit
2585 2657 2613 2695 a
2639 2641 2900 2695 charitate
2922 2639 3122 2695 Christi
3145 2639 3191 2671 “
3226 2659 3238 2694 :
3280 2650 3504 2708 tumque
3544 2641 3624 2695 illi

2057 2748 2174 2788 sese
2203 2743 2394 2787 mutuo
2434 2732 2734 2787 caedebant.
2760 2730 2872 2786 Nec
2892 2747 3040 2786 eram
3077 2746 3178 2800 ego
3198 2731 3289 2800 qui
3323 2730 3442 2785 illos
3469 2746 3623 2785 com-

2057 2841 2331 2894 pescerem
2389 2835 2552 2894 atque
2607 2839 2883 2889 arcerem;
2917 2825 3011 2878 sed
3064 2821 3328 2877 Dominus
3355 2832 3490 2884 erat,
3530 2823 3626 2890 qui

2057 2917 2178 2971 ait:
2235 2915 2482 2970 Videbam
2523 2914 2782 2970 Satanam
2821 2917 2978 2986 quasi
3016 2915 3199 2986 fulgur
3237 2916 3300 2970 de
3356 2915 3480 2968 caelo
3531 2932 3627 2969 ca—

2056 3009 2258 3062 dentem
2303 3009 2369 3061 ".
2432 3007 2542 3076 Ego
2567 3023 2715 3073 vero,
2756 3007 2925 3072 ﬁlioli,
2984 3009 3193 3062 memor
3225 3007 3503 3076 apostolici
3538 3007 3624 3060 di-

2058 3100 2127 3154 cti
2157 3101 2227 3166 ⁸⁶,
2258 3100 2372 3154 haec
2397 3099 2449 3152 in
2485 3115 2570 3152 me
2598 3099 2867 3164 lran~tuli,
2895 3106 2952 3152 ut
2984 3099 3239 3152 cdiscatis
3292 3113 3400 3152 non
3443 3098 3627 3152 animo

383 3189 642 3240 ἐκκακεῖν
673 3190 730 3240 ἐν
758 3190 822 3258 τῇ
850 3189 1100 3258 ἀσκήσει.
1127 3190 1259 3261 μηδέ
1287 3189 1566 3258 φοϐεῖσθαι
1589 3190 1682 3242 τοῦ
1708 3189 1950 3242 διαϐόλου

2064 3189 2287 3243 deﬁcere
2316 3189 2369 3242 in
2397 3188 2628 3243 ascetica
2663 3189 2794 3253 vita,
2817 3204 2992 3258 neque
3017 3189 3219 3243 diaboli
3255 3190 3482 3259 ejusque
3512 3190 3626 3244 da:-

385 3279 481 3330 xa‘.
503 3277 608 3330 τῶν
627 3277 894 3347 δαιμόνων
922 3278 1084 3331 αὑτοῦ
1124 3281 1218 3343 τάς
1247 3281 1562 3349 φαντασίας.

2058 3295 2279 3334 monum
2308 3279 2626 3349 phantasias
2651 3278 3023 3334 reformidare.

1709 3373 1961 3430 VERSlO
2000 3373 2306 3430 EVAGRII.

384 3469 586 3544 cordia
623 3468 825 3544 Christi
871 3471 1214 3544 fugabantur.
1256 3471 1504 3544 Quodam
1551 3481 1758 3544 autem
1812 3481 2055 3544 tempore
2121 3488 2244 3544 cum
2283 3471 2520 3544 ingenti
2546 3471 2667 3526 luce
2709 3470 3343 3544 venientestdixerunt
3374 3489 3411 3544 :_
3455 3469 3627 3544 Veni-

389 3539 780 3612 uus.‘Antoni,
811 3555 1056 3596 nosuum
1099 3543 1193 3595 tibi
1250 3543 1490 3612 praebere
1542 3541 1832 3612 fulgorem.
1868 3539 1938 3595 Et
1975 3557 2076 3612 ego
2124 3542 2327 3596 clausis
2362 3539 2603 3612 Voculis,_
2629 3542 2755 3610 quia
2809 3541 2986 3598 lucem
3036 3540 3237 3594 diaboli
3291 3541 3630 3610 dedignabat-

386 3610 652 3679 aspicere,
705 3612 926 3664 orabam
949 3649 964 3673 ,
997 3621 1052 3665 et
1083 3612 1226 3666 dicto
1252 3609 1425 3667 'citiLs
1471 3609 1762 3681 impiorum
1823 3609 2031 3666 lumen'
2059 3613 2524 3681 exstinguebatur.
2583 3609 2713 3666 Post
2761 3627 2974 3666 menses
3011 3619 3196 3665 autem
3243 3609 3469 3677 paucos.
3499 3626 3626 3664 cum

387 3694 573 3750 coram
617 3695 703 3733 me
751 3682 1060 3750 psallerent,
1096 3691 1150 3734 et
1204 3683 1270 3736 de
1301 3681 1604 3750 Scripturis
1655 3683 1876 3736 sibimet
1923 3684 2423 3737 sermocinarentur
2463 3701 2476 3736 :
2521 3691 2916 3750 egortanquam
2960 3681 3154 3733 surdus
3190 3695 3293 3732 non
3317 3681 3622 3750 audiebam.

387 3747 814 3822 Commoverunt
874 3751 1162 3820 aliquando
1223 3747 1613 3805 monasterium
1670 3767 1848 3805 meum
1886 3791 1900 3815 ,
1961 3759 2015 3806 et
2061 3767 2161 3822 ego
2210 3761 2391 3806 mente
2425 3747 2690 3806 immobili
2737 3747 3026 3804 Dominum
3080 3750 3451 3822 deprecabar:
3473 3747 3626 3822 saepe

389 3819 682 3942 strelpiiulss,
728 3835 869 3889 saepe
937 3817 1271 3887 saltationes,
1335 3836 1478 3891 saepe
1521 3817 2123 3898 sibilos.ingesserunt',
2165 3830 2220 3876 et
2259 3836 2346 3876 me
2374 3822 2658 3890 psallente,
2705 3835 2872 3876 sonus
2907 3835 3096 3874 eorum
3149 3817 3208 3873 in
3233 3833 3394 3874 voces
3419 3817 3626 3873 flebiles

389 3904 482 3942 ver
509 3903 539 3942 e
578 3904 606 3942 a
637 3905 719 3942 ur.

389 3897 719 3943 vertebatur.

460 3957 906 4032 i0._Creditisne,
940 3958 1112 4032 filioli,
1137 3959 1283 4028 quod
1308 3959 1556 4014 dicturus
1579 3977 1702 4019 sum
1729 3961 1922 4016 vobis?
1948 3961 2088 4032 vidi
2141 3962 2436 4032 aliquando
2488 3961 2765 4016 diabolum
2827 3959 3099 4032 excelsum
3139 3973 3392 4032 corpore,
3421 3957 3515 4032 qui
3567 3972 3626 4032 se

393 4027 485 4081 Dei
518 4028 767 4082 virtutem
795 4039 848 4083 et
879 4025 1270 4099 providentiam
1302 4045 1470 4084 ausus
1493 4039 1578 4084 est
1601 4032 1803 4094 dicere,
1831 4039 1886 4084 et
1910 4031 1986 4085 ait
2011 4033 2078 4085 ad
2107 4048 2190 4086 me
2215 4025 2397 4098 {Quid
2424 4033 2506 4087 vis
2531 4041 2590 4085 ut
2619 4046 2649 4084 a
2699 4045 2785 4099 me
2831 4030 2926 4083 tibi
2959 4029 3210 4096 donetur,
3239 4025 3501 4082 'Antoni?
3540 4025 3627 4099 AA:

391 4113 493 4168 ego
519 4099 859 4170 spulaculum
881 4097 1182 4170 maximum
1215 4100 1326 4170 (46)
1355 4101 1409 4153 in
1438 4116 1500 4154 os
1525 4101 1644 4169 ejus
1676 4101 2052 4170 ingeminans,
2103 4097 2295 4156 totum,
2330 4117 2417 4156 me
2465 4101 2518 4155 in
2573 4116 2696 4170 eum
2725 4098 2929 4154 Christi
2967 4099 3189 4170 nomine
3223 4107 3490 4170 armatus,
3536 4097 3623 4150 iu-

393 4168 535 4238 gessi
565 4186 578 4220 :
611 4177 664 4222 et
685 4170 864 4222 statim
899 4169 986 4222 ille
1013 4168 1270 4238 procerus
1297 4181 1515 4238 aspectu
1559 4168 1708 4223 inter
1740 4168 1954 4227 inedias
2007 4187 2202 4226 manus
2232 4172 2513 4226 exsolevit.
2575 4169 2847 4238 Jejunanti
2899 4172 3061 4222 etiam
3101 4168 3234 4222 mihi
3265 4168 3416 4221 visus
3444 4175 3528 4221 est
3568 4177 3629 4220 ut

395 4239 806 4308 monachusLet
843 4253 1008 4306 panes
1036 4239 1289 4302 offerens,
1342 4240 1428 4293 his
1481 4240 1826 4294 sermonibus
1873 4241 2136 4296 suadebat
2196 4252 2257 4296 ut
2292 4257 2559 4308 vescerer,
2612 4249 2667 4293 et
2727 4239 2854 4293 huic
2879 4239 3082 4308 aliquid
3139 4239 3471 4306 indulgerem
3507 4251 3629 4292 cor-

393 4308 621 4380 pusculo
654 4326 666 4360 :
710 4307 776 4380 Et
818 4319 896 4373 tu,
926 4308 1119 4380 inquit,
1151 4309 1318 4380 homo
1345 4317 1510 4380 es,_et
1562 4310 1800 4363 humana
1833 4310 2124 4380 fragilitate
2166 4307 2580 4366 circumdaris:
2636 4309 2788 4363 labor
2828 4307 3102 4378 paululum
3134 4309 3506 4377 conquiescat.
3550 4320 3628 4380 ine

392 4375 658 4447 Ecgritudo
681 4379 954 4447 subrepat.
989 4375 1134 4451 Illico
1161 4379 1390 4451 luridum
1428 4378 1628 4451 faciem
1653 4375 2170 4451 serpentis'agnovi,
2206 4391 2260 4436 et
2289 4397 2412 4436 cum
2443 4381 2508 4434 ad
2534 4387 2792 4451 consueta
2823 4375 3024 4451 Christi
3055 4375 3394 4451 munimenta
3435 4375 3628 4430 confu-

392 4463 599 4512 gerem,
633 4457 886 4520 tanquam
912 4463 1006 4520 per
1028 4449 1320 4520 fenestram
1350 4447 1534 4504 fumus
1565 4447 1856 4516 laberetur,
1888 4447 2126 4505 evanuit.
2151 4452 2284 4504 Auri
2317 4466 2534 4520 quoque
2560 4449 2865 4518 decipulam
2891 4450 3021 4503 mihi
3053 4449 3104 4502 in
3130 4451 3349 4503 deserto
3372 4447 3629 4520 frequen-

392 4531 474 4572 ter
497 4519 722 4571 tetendit
752 4535 766 4571 :
802 4519 946 4587 quod
987 4519 1109 4573 ideo
1140 4517 1418 4582 offerebat,
1454 4528 1633 4573 utaut
1681 4521 1796 4576 visu
1862 4522 2096 4576 irretiret
2151 4537 2258 4584 me,
2312 4517 2406 4575 aut
2448 4517 2601 4574 tactu
2643 4517 3088 4574 cummacularet.
3119 4519 3256 4572 Cum
3312 4518 3622 4585 vapularem

391 4597 574 4661 autem
605 4593 620 4655 (
646 4603 769 4661 nam
793 4603 934 4661 saepe
959 4604 1044 4661 me
1071 4604 1101 4641 a
1128 4589 1464 4661 daemonibus
1520 4589 1631 4661 (47)
1693 4606 1803 4661 non
1858 4591 2068 4661 denego
2120 4590 2496 4661 verberatum)
2539 4591 2799 4644 canebam
2845 4606 2859 4642 :
2898 4587 3088 4661 Nul|u_s
3135 4604 3252 4661 me
3285 4587 3557 4661 separabit
3594 4599 3626 4636 a

392 4657 661 4736 charitate
692 4655 894 4736 Christi
925 4658 1026 4736 :a'd
1047 4658 1211 4736 cujus
1241 4657 1391 4711 vocis
1426 4655 1706 4736 audiiu’m,‘
1728 4660 1783 4713 in
1813 4675 1872 4714 se
1901 4655 2132 4736 invicem
2185 4655 2522 4736 deferentes,
2578 4677 2681 4720 non
2718 4661 3009 4736 meo,___se_d_
3041 4656 3256 4711 Domini
3281 4655 3626 4736 .liugabantur

393 4728 646 4798 imperio,
678 4729 771 4797 qui
801 4728 920 4782 ait:
960 4725 1367 4798 VidiSatanam
1421 4729 1575 4797 quasi
1623 4728 1806 4797 fulgur
1860 4731 2130 4784 cadentem
2180 4731 2243 4782 de
2275 4731 2423 4784 coelo.
2481 4729 2604 4784 Haec
2649 4743 2797 4798 ergo,
2859 4728 3036 4792 filioli,
3088 4725 3377 4798 apostolici
3417 4737 3627 4798 memor

390 4793 631 4921 ﬁio'qulii,
679 4793 734 4851 in
788 4813 876 4852 me
922 4797 1328 4862 transformavi,
1397 4793 1454 4849 ut
1511 4793 1847 4866 propositum
1907 4809 2144 4855 vestrum
2196 4817 2296 4854 nec
2349 4803 2659 4855 daemonum
2712 4793 2910 4864 terror,
2972 4812 3072 4852 nec
3123 4793 3311 4866 aliqua
3364 4793 3628 4847 lassitudo

429 4877 729 4921 moveret.

429 4877 729 4923 iseolverct.

461 4957 694 5012 “Rom.
727 4973 846 5022 vin,
878 4959 968 5013 55.
1043 4957 1089 4990 ⁸⁸
1128 4956 1262 5012 Luc.
1291 4973 1344 5023 x,
1383 4957 1478 5013 l8.
1547 4957 1596 4988 ⁸⁸
1631 4956 1651 5009 ι
1701 4958 1828 5012 Cor.
1869 4977 1941 5026 tv,
1978 4960 2032 5015 6.

468 5052 579 5129 με)
611 5052 703 5129 Sic
729 5068 919 5129 omnes
939 5068 1077 5129 mss.
1136 5052 1276 5129 Editi
1309 5067 1458 5129 vero,
1493 5052 1584 5106 τὸν
1614 5052 1764 5129 Θεόν.
1808 5054 1950 5129 Infra

2064 5055 2199 5129 Editi
2233 5073 2360 5129 vero
2383 5058 2584 5129 etgalii,
2612 5059 2901 5129 τυπτῆσαι.

397 5116 983 5198 ροᾴιέφάνη-ἰιι-εόίιίε
1010 5131 1064 5178 et
1111 5116 1598 5198 qui_busda_iu:i'nsst
1654 5123 1854 5198 legitur
1875 5124 1952 5189 δέ,
1984 5116 2016 5119 ’
2134 5127 2247 5198 (44)
2314 5127 2405 5183 Sic
2442 5116 2644 5198 Regius
2696 5116 2974 5183 secundus
3034 5131 3087 5176 et
3145 5118 3444 5176 Colbertin.
3479 5116 3534 5173 Ω.
3564 5118 3624 5171 In

395 5191 676 5268 Scd_dce§t
697 5191 764 5246 ’in
799 5192 968 5262 Regio
1009 5191 1248 5268 secundo
1279 5201 1333 5245 et
1363 5191 1745 5268 Colbertin.};
1778 5263 1789 5268 Α
2063 5191 2304 5254 εόίιίεέι
2327 5199 2448 5252 aliis
2467 5191 2745 5268 Sé'legitur
2774 5205 2898 5250 ante
2925 5209 3074 5268 ποτε,

465 5261 579 5330 (45)
623 5260 824 5339 omnes
877 5258 1250 5339 manuscripti,
1286 5261 1814 5339 xaplcwjut._Edit_i.
1846 5281 1958 5334 χει-

2136 5269 2249 5339 (45)
2279 5268 2352 5322 Ita
2377 5258 3044 5339 Colbertinusisecundus,
3068 5275 3229 5330 quem
3257 5258 3408 5328 sequi
3448 5258 3624 5339 visum

396 5331 683 5406 piceith
711 5331 910 5406 Ibidem
961 5331 1574 5406 manuscriptn’oinnes,
1617 5331 1958 5406 ἐνεφύσησα,

2066 5331 2166 5392 est.
2197 5331 2301 5392 A'lii
2327 5349 2381 5391 et
2411 5338 2562 5400 editi,
2596 5335 2832 5406 μέθοδον.
2861 5333 3008 5406 Lion
3043 5346 3235 5406 omnes
3275 5331 3626 5406 manuscripti

397 5399 601 5472 praeter,
646 5399 777 5472 Reg.
832 5403 889 5464 2,
945 5402 1039 5472 qui
1093 5401 1282 5472 habet,
1325 5399 1958 5472 momenmschenus

395 5469 526 5542 item
592 5469 753 5541 legit,
797 5469 1152 5542 ἐνεφύσῃσαη
1187 5469 1437 5542 Editores
1490 5469 1832 5528 Parisienses
1877 5477 1961 5526 ἐν-

394 5541 602 5593 ἑπτυσα
633 5539 950 5608 posuerunt,
977 5539 1266 5595 Haaschelii
1302 5540 1689 5605 conjecturam,
1729 5553 1786 5596 ut
1813 5545 1961 5597 vide-

396 5620 506 5691 tur,
547 5625 727 5692 quam
747 5611 1138 5692 adimarginein
1171 5609 1286 5692 ipse
1314 5619 1546 5692 notarat,
1582 5614 1962 5692 .nullaunanu-

397 5679 582 5751 scripti
609 5680 929 5751 auctoritate
945 5681 1115 5733 secuti
1139 5688 1284 5751 sunt,
1305 5679 1446 5751 quod
1462 5680 1666 5751 sepius
1681 5683 1804 5736 alzbi
1831 5699 1958 5751 prae-

397 5747 737 5806 stitereJlox
767 5747 1265 5822 Regiussecundus
1291 5758 1343 5802 et
1380 5747 1674 5804 Colbertin.
1697 5751 1752 5818 2,
1771 5747 1957 5818 τύψαι.

2065 5418 2118 5462 ει
2144 5409 2436 5479 ΙΙωείξΙιεΙ..
2486 5399 2677 5475 ἐφάνη.
2720 5404 2858 5479 Edit.
2889 5402 3086 5479 Paris,
3121 5399 3413 5470 ἠφανίσθη.
3501 5467 3512 5479 _

2138 5479 2248 5548 (4ο)
2280 5476 2510 5541 Quidam
2569 5477 2946 5548 manuscripti,
2992 5481 3144 5541 sputa
3192 5481 3315 5523 tunc
3369 5476 3622 5522 maxima.

2061 5545 2184 5608 Alii,
2216 5545 2369 5616 sputa
2391 5561 2548 5614 quam
2589 5545 2834 5616 maxime.

2136 5605 2255 5687 (47)
2291 5616 2382 5668 Sic
2403 5605 2766 5680 'manuscriptt
2795 5628 2932 5681 pene
2957 5605 3445 5687 omnes-Dolionii.
3483 5620 3627 5658 con-

2067 5679 2348 5741 ntarul'arct
2376 5699 2392 5735 :
2419 5698 2554 5751 serpe
2577 5679 2778 5751 quoque
2796 5679 2880 5736 ine
2902 5699 2934 5736 α
2957 5679 3298 5737 (temonibus.
