3966 6226
419 307 512 365 9H

984 305 1042 359 S.
1086 303 1458 364 ATHANASII
1496 305 1646 361 OPP.
1689 301 1868 359 PARS
1905 302 1945 358 l.

2092 289 2460 356 1115τοΒῖοΑ
2499 288 2588 352 ET
2628 293 3045 352 DOGMATICA.

3541 287 3646 354 9η

420 424 624 480 minem
656 420 1048 477 monachorum
1092 421 1146 475 in
1179 421 1372 490 judicii
1415 422 1536 477 loco
1579 421 1864 489 interesse,
1897 422 1967 477 re?

2091 418 2150 472 '0
2183 417 2312 487 γοῦν
2332 415 2610 485 δικαστὴς,
2643 414 2855 484 βλέπων
2889 413 3051 469 αὑτοῦ
3079 429 3138 465 τε
3167 411 3395 467 καὶτῶν
3421 413 3518 468 σὺν
3547 416 3646 469 αύ-

419 518 475 572 in
508 515 640 573 urbe
672 529 895 584 prorsus
927 515 1154 569 versari.
1187 512 1324 568 Tum
1357 515 1478 571 aliis
1517 516 1773 570 omnibus
1800 515 1978 569 visum

415 619 500 664 est
549 608 640 662 illo
687 607 774 662 die
823 621 944 662 sese
994 607 1271 661 occultare
1300 604 1503 677 τεθῇ
1532 607 1767 660 Antonio
1797 613 1978 659 autem

407 708 623 755 tantum
678 697 853 766 jussio
900 712 1045 752 curae
1094 696 1215 761 fuit,
1252 705 1312 750 ut
1355 698 1466 751 loto
1513 697 1800 768 ependyte,
1831 697 1978 750 inse-

408 798 611 860 quente
643 789 730 843 die
776 788 830 841 in
875 787 1023 842 edito
1068 787 1190 841 loco
1223 787 1557 856 conspicuus
1590 795 1778 850 staret,
1816 796 1978 857 atque

410 879 665 948 praefecto
702 894 825 933 sese
853 878 1060 931 nitidus
1087 877 1392 932 exhiberet.
1427 874 1694 932 Omnibus
1725 892 1838 931 rem
1875 876 1978 930 mi-

407 969 680 1035 rantibus,
709 969 938 1037 ipsoque
979 967 1166 1036 judice
1217 967 1269 1020 id
1318 967 1693 1036 perspiciente,
1740 975 1794 1021 et
1849 981 1974 1022 cum

411 1056 644 1113 militum
692 1073 918 1112 suorum
965 1066 1142 1110 turma
1183 1064 1561 1125 praetereunte,
1598 1057 1745 1111 stetit
1775 1056 1864 1110 ille
1893 1057 1974 1109 in-

405 1150 696 1218 trepidus,
752 1157 813 1202 ut
869 1156 1112 1202 nostram
1165 1145 1607 1202 Christianorum
1662 1148 1976 1202 ostenderet

409 1242 576 1296 animi
605 1241 938 1295 alacritatem
974 1256 986 1293 :
1025 1254 1173 1306 nam,
1208 1239 1284 1294 uti
1323 1238 1573 1308 superius
1603 1238 1734 1301 dixi,
1765 1249 1972 1310 marty-

405 1335 472 1389 rii
503 1334 772 1389 desiderio
798 1331 1077 1402 ﬂagrabat.
1107 1330 1294 1401 Itaque
1327 1332 1578 1386 mmrenti
1609 1330 1805 1385 similis
1831 1339 1969 1395 erat,

405 1425 551 1494 quod
582 1423 902 1493 martyrium
934 1421 1150 1490 assequi
1183 1435 1291 1474 non
1322 1429 1506 1490 posset
1543 1437 1556 1474 :
1587 1419 1850 1476 Dominus
1873 1436 1973 1475 au-

405 1530 513 1574 tem
540 1519 718 1572 virum
750 1517 1110 1572 conservabat
1145 1517 1210 1571 ad
1241 1524 1487 1572 nostram
1538 1523 1971 1583 caeterorumque

406 1611 726 1673 utilitatem,
786 1619 844 1664 ut
903 1610 1154 1663 asceticae
1202 1608 1343 1670 vitae,
1378 1622 1540 1677 quam
1575 1622 1640 1661 ex
1673 1605 1969 1676 Seripturis

403 1705 519 1773 ipse
551 1704 837 1770 didicerat,
868 1703 1151 1772 permultis
1179 1701 1439 1772 magister
1475 1699 1635 1756 foret.
1678 1698 1968 1753 Enimvero

2078 510 2156 582 τῷ
2200 509 2259 562 τὸ
2290 508 2513 577 ἄφοϐον,
2545 507 2638 560 καὶ
2685 506 2784 577 τὴν
2832 507 2913 568 είς
2956 503 3111 557 τοῦτο
3155 504 3406 577 σπουδὴν.
3435 507 3647 577 παρήγ-

2079 601 2224 670 γειλε
2261 601 2463 672 μηδένα
2497 598 2606 652 τῶν
2639 597 2890 669 μοναχῶν
2917 599 2974 650 ὲν
3000 595 3078 667 τῷ
3099 595 3434 667 δικαστηρίῳ
3464 596 3647 666 φαίνε-

2080 693 2222 758 σθαι,
2256 692 2388 764 μηδέ
2419 691 2554 753 ὅλως
2597 691 2653 742 ἐν
2699 691 2766 759 τῇ
2815 687 2967 740 πόλει
2999 686 3312 758 διατρίϐειν.
3337 689 3400 740 0t
3427 687 3526 758 μὲν
3554 686 3645 742 οὖν

2076 786 2224 842 ἄλλοι
2249 785 2446 848 πάντες
2475 783 2657 850 ἔδοξαν
2687 779 3019 853 κρύπτεσθαι
3047 779 3144 851 τὴν
3172 777 3382 852 ἡμέραν
3408 781 3639 851 ἐκείνην·

2074 882 2104 933 ὁ
2130 876 2187 931 εδ
2228 877 2508 940 Ἀντώνιος
2537 875 2786 928 τοσοῦτον
2813 873 3143 942 ἐφρόντισεν,
3172 868 3312 924 ὥστε
3331 872 3424 926 καὶ
3448 871 3645 942 μᾶλλον

2075 969 2270 1024 πλῦναι
2311 971 2400 1021 τὸν
2449 955 2760 1036 ἐπενδύτην,
2796 966 2890 1018 καὶ
2933 967 3001 1034 τῇ
3048 950 3181 1032 ’ἑξῆς
3232 962 3538 1035 ἔμπροσθεν
3560 965 3643 1033 ἐφ’

2075 1059 2279 1133 ὑψηλοῦ
2324 1060 2533 1129 στῆναι,
2561 1059 2656 1111 καὶ
2693 1055 2976 1128 φαίνεσθαι
3003 1055 3080 1125 τῷ
3104 1055 3328 1126 ἡγεμόνι
3371 1054 3641 1124 λαμπρόν.

2074 1153 2300 1208 Πάντων
2324 1147 2414 1204 οὖν
2441 1151 2535 1202 ἐπὶ
2558 1147 2732 1219 τούτῳ
2769 1144 3180 1218 θαυμαζόντων,
3201 1145 3294 1198 καὶ
3319 1143 3411 1198 τού
3440 1145 3641 1216 ἡγεμόο

2071 1261 2161 1307 νος
2187 1242 2440 1314 ὁρῶντος,
2470 1241 2565 1294 καὶ
2594 1240 2730 1310 μετὰ
2768 1237 2868 1308 τῆς
2899 1237 3106 1303 τάξεως
3135 1234 3299 1290 αὑτοῦ
3340 1235 3642 1289 διαϐαίνον-

2069 1350 2182 1398 τος,
2206 1332 2366 1394 αὐτὸς
2396 1329 2639 1402 ἀτρέμας
2669 1328 2932 1398 εἱστήκει,
2961 1326 3172 1389 δεικνὺς
3199 1323 3357 1396 ἡμῶν
3383 1325 3492 1378 τῶν
3508 1326 3642 1396 Χρυ-

2073 1421 2299 1475 στιανῶν
2325 1420 2424 1492 τὴν
2455 1418 2760 1492 προθυμίαν
2779 1435 2792 1448 ·
2829 1417 3025 1489 ηὔχετο
3056 1417 3164 1487 γὰρ
3197 1417 3291 1472 πάι
3319 1405 3479 1480 αύτδς
3509 1434 3641 1489 μαρ-

2068 1515 2325 1586 τυρῆσαι,
2361 1514 2501 1567 καθά
2544 1515 2819 1585 προεῖπον.
2854 1513 3023 1576 Αὐτὸς
3069 1513 3167 1582 μὲν
3196 1509 3288 1566 οὗν
3319 1513 3641 1584 λυπουμένῳ

2069 1603 2249 1676 ἐῴκει,
2275 1605 2356 1658 ὅτι
2403 1605 2477 1676 μὴ
2522 1603 2974 1676 μεμαρτύρηκεν
3006 1605 3034 1657 δ
3067 1603 3123 1660 δέ
3153 1603 3354 1675 Κύριος
3377 1601 3446 1675 ἦν
3477 1604 3637 1657 αὑτὸν

2069 1696 2350 1764 φυλάττων
2371 1697 2450 1758 εἰς
2470 1695 2568 1767 τὴν
2596 1695 2752 1766 ἡμῶν
2775 1697 2870 1750 καὶ
2898 1695 2995 1767 τὴν
3021 1695 3222 1766 ἐτέρων
3240 1694 3522 1763 ὠφέλειαν,
3549 1695 3639 1750 ἵνα

402 1795 889 1864 multi,perspccto
937 1795 1056 1862 ejus
1093 1795 1216 1848 vitae.
1258 1793 1530 1855 instituto,
1555 1791 1759 1844 imitari
1807 1791 1960 1845 illum

2073 1784 2160 1841 καὶ
2188 1789 2247 1841 ἐν
2275 1790 2340 1859 τῇ
2369 1788 2620 1858 ἀσκήσει,
2649 1787 2716 1858 ἢν
2740 1789 2804 1841 ἐκ
2835 1786 2943 1842 τῶν
2969 1785 3198 1858 Γραφῶν
3245 1786 3406 1850 αὐτὸς
3451 1787 3636 1857 μεμά-

401 1887 676 1940 studuere.
728 1884 1150 1939 Confessoribus
1200 1883 1382 1952 itaque
1426 1897 1643 1936 rursum
1695 1881 1762 1936 de
1814 1895 1967 1936 more

399 1977 766 2040 ministrabat,
790 1983 844 2028 et
873 1975 1028 2044 quasi
1059 1974 1271 2028 vinctus
1294 1987 1417 2027 cum
1452 1972 1559 2026 illis
1587 1971 1804 2037 fuisset,
1833 1973 1968 2026 assi-

398 2071 570 2122 duum
597 2067 709 2120 illis
731 2064 1033 2119 ciliciorum
1064 2079 1288 2119 sacrum
1322 2062 1672 2135 impendebat
1699 2063 1962 2118 laborem.

467 2319 560 2380 L7.
599 2323 897 2395 Postquam
925 2333 1107 2380 autem
1133 2325 1374 2381 cessavit
1411 2325 1739 2397 persecutio,
1763 2326 1962 2381 beatae.

395 2431 503 2485 que
546 2417 824 2471 memoria:
865 2417 1158 2487 cpiscopus
1196 2416 1393 2473 Petrus
1428 2418 1692 2488 martyrio
1739 2416 1964 2472 atl‘ectus

391 2519 502 2574 est,
534 2510 809 2580 profectus
854 2519 942 2566 est
983 2511 1275 2577 Antonius,
1307 2522 1470 2582 atque
1517 2511 1714 2568 iterum
1743 2513 1967 2569 secessit

388 2602 450 2656 in
483 2602 893 2665 monasterium,
930 2601 1022 2656 ubi
1053 2603 1403 2658 conscientia:
1431 2619 1544 2659 suae
1569 2604 1751 2659 studio
1779 2604 1964 2674 quoti-

393 2691 484 2749 die
520 2703 729 2765 martyr
757 2701 894 2759 erat,
928 2703 1092 2764 atque
1131 2695 1255 2748 ﬁdei
1307 2696 1695 2752 certaminibus
1740 2697 1965 2752 dimica—

391 2784 506 2840 bat.
537 2783 842 2839 Asceticam
874 2784 1020 2838 enim
1071 2784 1239 2838 vitam
1288 2783 1585 2840 ferventius
1631 2785 1787 2851 iniit;
1817 2786 1963 2856 jeju-

391 2877 557 2930 nabat
580 2875 782 2946 quippe
807 2875 1074 2946 quotidie,
1093 2875 1419 2932 vestimento
1449 2892 1583 2932 usus
1605 2877 1821 2932 interno
1843 2879 1966 2948 qui-

389 2971 514 3025 dem
545 2969 786 3032 cilicino,
811 2979 1035 3024 externo
1071 2983 1196 3023 vero
1229 2969 1475 3038 pellieeo,
1507 2970 1652 3040 quod
1683 2969 1754 3025 ad
1790 2987 1964 3042 usque

2064 1877 2222 1950 θηκε,
2253 1877 2466 1942 πολλοῖς
2495 1878 2812 1942 διδάσκαλος
2838 1877 3087 1948 γένηται.
3120 1877 3226 1931 Καὶ
3257 1877 3367 1950 γάρ
3411 1878 3507 1930 καὶ
3537 1877 3637 1948 μόο

2064 1985 2154 2037 νον
2188 1968 2474 2039 βλέποντες
2504 1968 2668 2022 αὑτοῦ
2705 1969 2804 2038 τὴν
2837 1969 3080 2037 ἀγωγὴν,
3107 1967 3290 2022 πολλοὶ
3334 1967 3436 2037 τῆς
3485 1966 3640 2021 πολι-

2063 2059 2212 2124 τείας
2249 2059 2414 2114 αύτοῦ
2453 2059 2846 2124 ἐσπουδάζοντο
2883 2059 3122 2130 ζηλωταὶ
3147 2059 3418 2129 γενέσθαι.
3469 2058 3639 2113 Πάλιν

2062 2149 2155 2208 οὖν
2188 2153 2450 2224 ὑπηρέτει
2479 2153 2590 2224 (7|)
2631 2152 2872 2224 συνήθως
2909 2155 3020 2215 τοῖς
3033 2151 3408 2224 ὁμολογηταίς,
3438 2151 3533 2205 καὶ
3558 2151 3638 2216 ὡς

2065 2245 2442 2316 συνδεδεμένος
2466 2242 2667 2308 αὐτοῖς,
2687 2236 2756 2315 ἦν
2787 2243 2991 2297 κοπιῶν
3013 2245 3074 2298 ἐν
3095 2247 3214 2308 ταῖς
3239 2243 3580 2317 ὑπηρεσίαις.

2133 2335 2225 2392 47.
2279 2334 2494 2408 Ἐπειδὴ
2539 2334 2595 2388 δὲ
2641 2334 2826 2388 λοιπὸν
2867 2335 2895 2388 δ
2922 2335 3158 2406 διωγμὸς
3210 2334 3504 2400 ἐπαύσατο,
3540 2335 3637 2388 καὶ

2069 2424 2493 2501 μεμαρτύρηκεν
2517 2428 2546 2480 ὁ
2583 2427 2890 2499 μακαρίτης
2923 2427 3220 2492 ἐπίσκοπος
3259 2427 3487 2499 Πέτρος,
3530 2429 3636 2481 ἀπ-

2064 2522 2324 2592 εδήμησε,
2343 2521 2438 2574 καὶ
2471 2519 2631 2574 πάλιν
2661 2521 2740 2583 είς
2765 2519 2826 2572 τὸ
2857 2520 3090 2590 μοναστή
3101 2536 3211 2588 ριον
3234 2517 3517 2589 ἀνεχώρει,
3542 2517 3638 2574 καὶ⁸

2061 2607 2130 2684 ἦν
2170 2613 2286 2665 ἐκεῖ
2331 2611 2451 2665 καθ’
2479 2611 2691 2683 ἡμέραν
2743 2611 3032 2684 μαρτυρῶν
3066 2613 3133 2682 τῇ
3184 2611 3504 2681 συνειδήσει,
3537 2611 3634 2664 καὶ

2063 2702 2457 2774 ἀγωνιζόμενος
2483 2706 2594 2766 τοῖς
2625 2705 2723 2774 τῆς
2753 2703 2988 2766 πίστεως
3029 2702 3232 2761 ἄθλοις.
3263 2702 3373 2756 Καὶ
3401 2702 3510 2774 γάρ
3539 2702 3636 2756 καὶ

2062 2795 2294 2865 ἀσκήσει
2325 2794 2491 2866 πολλῇ
2534 2795 2628 2848 καὶ
2662 2795 3029 2868 συντονωτέρᾳ
3056 2795 3324 2867 ἐκέχρητο
3342 2811 3356 2825 ⁸
3379 2795 3633 2866 ἐνήστευε

2063 2885 2172 2956 γάρ
2191 2885 2296 2946 ἀεὶ.
2330 2885 2390 2940 τδ
2418 2885 2476 2939 δὲ
2512 2885 2714 2957 ἔνδυμα
2749 2882 2894 2957 εἶχεν
2923 2887 3069 2940 ἔνδον
3099 2888 3198 2957 μὲν
3229 2887 3467 2960 τρίχινον
3498 2886 3633 2957 (72),

2063 2978 2248 3032 ἐπάνω
2279 2978 2336 3032 δὲ
2366 2979 2706 3052 δερμάτινον,
2741 2979 2768 3032 ὃ
2797 2981 2891 3034 καὶ
2917 2980 3020 3045 ἕως
3047 2980 3302 3052 τελευτῆς
3331 2982 3628 3053 τετήρηκε,

392 3069 624 3114 mortem
659 3060 928 3114 servavit:
960 3074 1136 3129 neque
1157 3074 1355 3124 corpus
1382 3061 1450 3115 ad
1476 3060 1824 3131 deponendas
1846 3078 1963 3118 sor-

2073 3071 2205 3142 μήτε
2239 3087 2397 3142 σωμα
2438 3070 2524 3125 διὰ
2566 3071 2732 3144 ῥύπον
2765 3071 2914 3126 ὕδατι
2939 3071 3154 3137 λούσας,
3189 3073 3314 3144 μήθ’
3344 3073 3481 3137 ὅλως
3506 3076 3634 3138 τοὺς

391 3149 488 3204 des
537 3164 676 3220 aqua
733 3149 883 3216 lavit,
917 3165 1095 3220 neque
1141 3150 1305 3221 pedes
1359 3167 1601 3222 unquam
1652 3153 1845 3220 abluit,
1877 3154 1962 3210 vel

2073 3133 2236 3226 ὲτόδας
2266 3133 2602 3235 diastema
2627 3163 2730 3218 κᾶν
2762 3163 2945 3228 ἁπλῶς
2975 3165 3056 3228 εἰς
3083 3133 3224 3235 seu}.
3249 3133 3443 3229 αὐτοὺς
3459 3133 3634 3237 χωριξ

391 3240 571 3294 solum
605 3239 658 3293 in
684 3254 880 3310 aquam
907 3241 1014 3296 nisi
1045 3241 1354 3311 postulante
1389 3242 1712 3298 necessitate
1742 3244 1960 3300 demer-

393 3330 464 3384 sit
490 3347 504 3384 :
528 3345 628 3383 nec
653 3345 892 3400 unquam
916 3340 1142 3386 exutum
1171 3333 1323 3386 illum
1353 3334 1637 3404 conspexit
1661 3337 1956 3406 quispiam,

392 3421 473 3476 vel
508 3420 770 3476 nudatum
805 3437 1006 3493 corpus
1041 3423 1301 3492 Antonii,
1333 3425 1442 3480 nisi
1472 3440 1598 3480 cunt
1645 3435 1769 3497 post
1809 3443 1960 3484 mor-

391 3523 498 3569 tem
533 3530 689 3569 suam
714 3518 965 3584 sepultus
991 3525 1095 3571 est.

464 3605 552 3661 48.
592 3606 730 3661 Cum
777 3607 1054 3662 secederet
1103 3608 1288 3678 igitur,
1347 3625 1642 3682 secumque
1685 3612 1964 3669 statuisset

391 3697 706 3767 aliquandiu
733 3712 832 3753 nec
864 3699 1068 3754 isthinc
1094 3700 1298 3770 egredi,
1329 3715 1430 3755 nec
1469 3703 1612 3771 apud
1654 3717 1716 3758 se
1768 3718 1963 3773 quem-

391 3789 534 3858 piam
571 3789 876 3856 admittere,
910 3789 1268 3846 Martinianus
1291 3793 1512 3862 quidam
1539 3794 1776 3850 militum
1815 3811 1958 3866 prae-

394 3880 603 3950 positus
627 3882 890 3937 accedens
922 3881 1226 3938 molestiam
1254 3882 1489 3940 Antonio
1537 3887 1760 3955 creavit,
1790 3887 1956 3942 tiliam

2067 3251 2310 3325 ἀνάγκης
2357 3253 2722 3326 ἀνασχόμενος
2770 3255 3025 3327 ἐμϐαλεῖν
3043 3273 3056 3286 °
3103 3255 3217 3310 ἀλλ’
3253 3256 3375 3310 οὐδὲ
3417 3273 3633 3327 γυμνωε-

2067 3343 2226 3399 θέντα
2253 3360 2340 3407 τις
2371 3344 2532 3398 αὑτὸν
2558 3342 2802 3416 ἑώρακεν
2820 3387 2834 3411 ,
2861 3345 2982 3399 ούδέ
3016 3345 3150 3409 ὅλως
3173 3345 3233 3400 τὸ
3266 3345 3426 3417 σῶμά
3451 3363 3534 3410 τις
3559 3342 3635 3399 εἶε-

2064 3433 2122 3486 δε
2163 3431 2446 3488 Ἀντωνίου
2475 3431 2700 3506 γυμνὸν,
2721 3436 2770 3489 εἰ
2798 3434 2871 3507 μὴ
2891 3436 2978 3489 ὅτε
3009 3434 3328 3505 τελευτήσας
3349 3435 3631 3491 ἐθάπτετο.

2139 3609 2226 3666 ιε.
2282 3609 2902 3684 Ἀναχωροῦντι’τοίνυν
2947 3608 3117 3682 αύτῷ,
3171 3609 3266 3663 καὶ
3314 3609 3632 3682 προθεμένῳ

2068 3699 2290 3774 ποιῆσαι
2317 3701 2526 3773 χρόνον,
2564 3700 2702 3754 ὥστε
2734 3702 2869 3774 μήτε
2897 3702 3058 3756 αὐτὸν
3090 3703 3354 3772 προϊέναι,
3389 3705 3525 3774 μήτε
3555 3720 3632 3756 ττι

2066 3795 2134 3849 νὰ
2159 3795 2432 3862 δέξασθαι,
2463 3794 2826 3866 Μαρτινιανὸς
2854 3795 2964 3865 (75)
3008 3811 3090 3858 τις
3138 3795 3319 3866 ἄρχων
3367 3811 3628 3865 στρατιωο

2061 3887 2192 3954 τῶν,
2218 3887 2407 3955 ἐλθὼν,
2441 3887 2646 3958 ἐγίνετο
2672 3887 2740 3942 δι’
2769 3887 2925 3959 δχλου
2953 3887 3031 3959 τῷ
3064 3885 3355 3958 ’Δντωνίῳο
3383 3881 3495 3957 εἶχε
3519 3885 3627 3958 γὰρ

1700 4043 1956 4100 VERSIO
1991 4042 2296 4104 EVAGRII.

391 4173 508 4233 cem
540 4158 946 4233 exhortabatur,
979 4175 1060 4233 ne_
1073 4169 1280 4233 terrore
1306 4159 1594 4231 impiorum
1622 4161 1856 4227 subacti,
1892 4161 2178 4216 Dominum
2207 4171 2484 4233 negarent.
2520 4160 2750 4231 Jamque
2788 4160 3360 4233 sententia‘coronatos
3393 4151 3506 4233 (Ῡέ)
3529 4175 3627 4233 ex-

393 4231 622 4303 sultans,
655 4230 810 4303 quasi
857 4230 972 4300 ipse
1014 4229 1250 4303 vicisset,
1288 4229 1462 4300 usq—ue
1494 4233 1578 4303 ad
1605 4233 1785 4303 locum
1832 4233 2007 4287 felicis
2055 4229 2337 4303 sanguinis
2366 4229 2815 4303 prosequebatur.
2844 4231 3208 4303 Quamobrem
3246 4229 3624 4303 motusgjttdex

391 4299 1030 4378 Antoniisocioruntque
1057 4299 1176 4368 ejus
1202 4299 1504 4357 constantia
1538 4301 1674 4424 (75),
1702 4303 1956 4372 praecepit
1983 4299 2190 4356 nullum
2222 4299 2435 4371 penitus
2468 4299 2860 4357 monachorum
2891 4311 2985 4355 aut
3014 4302 3302 4357 observare
3334 4301 3622 4370 judicium,

392 4377 487 4420 aut
517 4383 572 4420 tn
596 4377 811 4422 cmtate
837 4369 1060 4423 versari.
1091 4369 1157 4422 Et
1199 4372 1406 4424 caeteris
1437 4372 1550 4424 nuit
1570 4388 1654 4424 em
1684 4374 1937 4424 omnibus
1966 4373 2021 4424 in
2051 4373 2139 4424 illa
2171 4373 2258 4424 die
2285 4373 2485 4424 nlacuit
2511 4371 2807 4424 abscondi:
2856 4372 3126 4424 Antonius
3170 4380 3349 4424 autem
3398 4370 3622 4424 impavi-

392 4377 487 4441 aut
517 4367 572 4420 in
596 4368 811 4441 civitate
837 4369 1060 4423 versari.
1090 4367 1163 4441 Et
1199 4372 1406 4441 caeteris
1437 4367 1654 4441 quidem
1684 4367 1937 4428 omnibus
1966 4373 2021 4426 in
2051 4373 2139 4426 illa
2171 4367 2258 4426 die
2285 4373 2485 4441 placuit
2511 4371 2807 4438 abscondi;

2856 4372 3126 4426 Antonius
3170 4380 3349 4425 autem
3398 4370 3629 4426 impavi-

390 4438 525 4514 dus,
549 4438 788 4514 neglecto
817 4439 1199 4514 persecutoris
1250 4438 1492 4514 imperio,
1529 4443 1660 4514 lavit
1701 4443 2000 4514 ependyten
2049 4458 2228 4497 suum.
2276 4438 2340 4514 Et
2388 4442 2493 4496 alia
2539 4442 2626 4496 die
2667 4450 2818 4514 stans
2853 4441 2908 4495 in
2934 4441 3179 4514 quodam
3196 4441 3456 4496 eminenti
3481 4438 3622 4514 loco,

393 4509 642 4582 candenti
672 4509 995 4582 praecinctus
1025 4519 1192 4574 veste,
1224 4511 1600 4578 procedentem
1645 4509 1892 4580 jud’icem'
1933 4527 2034 4566 suo
2083 4512 2408 4582 provocabat
2463 4520 2708 4579 aspectu,
2737 4509 2973 4582 flagrante
3002 4510 3295 4581 cupiditate
3327 4511 3616 4582 martyrii:

391 4577 815 4647 ostendebatque
861 4579 1020 4650 nobis
1069 4577 1492 4648 contemptorem
1535 4577 1816 4650 pinnarum
1866 4592 1919 4637 et
1968 4577 2179 4645 mortis,
2214 4583 2266 4635 in
2307 4577 2654 4645 Christi-anis,
2685 4577 2926 4635 animum
2958 4577 3541 4650 perseverare‘debere.
3571 4581 3622 4635 in

393 4657 626 4722 tantum,
659 4658 718 4702 ut
742 4648 1189 4722 contristaretur,
1219 4647 1344 4722 quia
1381 4647 1578 4704 volenti
1611 4653 1716 4720 pati
1755 4668 1848 4720 pro
1876 4653 2094 4722 nomine
2120 4650 2323 4706 Christi
2359 4650 2496 4721 (76),
2527 4651 2846 4722 martyrium
2867 4647 2998 4722 Anon
3024 4651 3275 4722 dabatur.-
3301 4647 3412 4704 Sed
3433 4649 3624 4722 Domi-

389 4733 494 4772 nus
521 4718 613 4789 qui
645 4733 744 4771 suo
775 4718 919 4788 gregi
951 4719 1173 4789 parabat
1200 4720 1542 4789 magistrum,
1573 4718 1808 4776 set'vavit
1840 4721 2160 4785 Antonium,
2189 4731 2251 4775 ut
2273 4718 2579 4776 institutum

2624 4719 2822 4791 (sicuti
2858 4719 3035 4776 factus
3062 4730 3145 4775 est
3164 4719 3203 4791 )_
3229 4721 3620 4774 monachorum

387 4803 498 4860 non
534 4788 707 4841 solum
739 4787 982 4840 oratione
1009 4788 1150 4860 ejus.
1181 4790 1275 4860 sed
1297 4787 1355 4842 et
1389 4792 1769 4859 conspectibus
1801 4792 2122 4856 ﬁrmaretur,
2152 4806 2428 4860 nunquam
2457 4787 2643 4846 tamen
2667 4805 2698 4845 a
2726 4799 3038 4845 sanctorum
3071 4787 3446 4860 confessor-um
3471 4791 3627 4844 vesti-

389 4858 490 4932 giis
518 4867 797 4925 separatus
821 4867 924 4921 est,
943 4859 1073 4927 quin
1109 4859 1270 4913 anxia
1297 4862 1439 4913 circa
1467 4858 1562 4915 eos
1591 4876 1722 4916 cura
1746 4873 1800 4916 et
1824 4861 2106 4916 charizatis
2129 4858 2358 4916 vinculis
2378 4863 2682 4932 colligatus,
2703 4861 2876 4931 magis
2902 4875 3176 4916 carcerem
3206 4859 3514 4930 patiebatur
3533 4875 3620 4916 ex-

389 4929 592 4982 elusus.

460 4997 546 5050 47.
588 4997 893 5071 Postquam
916 5009 1096 5052 autem
1127 4997 1519 5067 persecutionis
1551 5000 1710 5054 turbo
1739 4999 2056 5063 deﬂuxerat,
2081 5009 2136 5056 et
2171 5000 2230 5054 Β.
2259 5001 2516 5071 episcopo
2545 4999 2706 5055 Petro
2727 4999 2944 5071 iamrob
2973 4999 3216 5070 martyrii
3261 4997 3494 5071 gloriam
3527 5011 3621 5055 co-

387 5078 603 5141 renato,
629 5069 698 5120 ad
746 5069 1030 5141 pristinum
1084 5071 1471 5141 monasterium
1528 5086 1829 5138 regressus,
1860 5072 2239 5138 quotidianum
2292 5068 2414 5125 tldei
2448 5068 2522 5125 'ac
2569 5070 2916 5125 conscientia:
2939 5068 3258 5141 martyrium
3291 5068 3621 5141 merebatur,

387 5138 692 5192 acrioribus
739 5153 796 5190 se
841 5138 1065 5206 jejunils
1119 5139 1425 5207 vigiliisque
1472 5141 1784 5206 conticiens,
1839 5142 2164 5194 vestimento
2213 5141 2430 5194 cilicino
2463 5141 2812 5202 intrinsecus,
2839 5141 3070 5208 desuper

3096 5140 3322 5210 pelliceo
3349 5140 3619 5204 utebatur,

390 5224 665 5280 Lunquam
694 5209 1131 5280 corpuslavans,
1179 5211 1718 5280 nunquampedibus
1771 5212 1958 5264 sordes
1993 5211 2239 5272 abluens,
2274 5211 2377 5264 nisi
2416 5226 2539 5264 cum
2570 5225 2664 5278 per
2691 5225 2888 5278 aquam
2919 5211 3031 5280 (77)
3062 5209 3295 5268 transite
3323 5212 3618 5266 necessitas

388 5279 744 5346 compulisset
771 5294 785 5330 :
817 5278 998 5331 nullus
1025 5280 1257 5347 denique
1281 5278 1501 5332 Antonii
1535 5295 1730 5348 corpus
1768 5281 1995 5342 nudum,
2027 5289 2319 5350 antequam
2346 5291 2670 5347 moreretur,
2703 5278 2940 5349 unquam
2981 5278 3133 5334 vidit.

457 5413 572 5486 (Et)
610 5414 765 5486 ροιδ.
792 5416 848 5482 2,
878 5415 1182 5486 ἠκολούθει.

461 5483 572 5558 (7:2)
611 5484 744 5558 Tre_s
778 5483 1160 5558 rman'uscripti,
1200 5487 1436 5558 τρίχινον
1466 5497 1630 5544 recte.
1665 5486 1800 5542 Tres
1828 5485 1942 5550 alii,

390 5555 657 5627 τρύχινον.
691 5555 859 5627 Etliti,
883 5555 1173 5627 τρυχίνιον.

463 5623 574 5700 (Ξᾷ)
616 5626 816 5700 ίξβςίιιςι
838 5626 893 5690 2,
921 5623 1250 5700 Μαρτιᾶνος.
1287 5629 1442 5682 (ἶοΙι).
1476 5628 1532 5686 ‘2.
1560 5630 1854 5700 Μαρτῖνος.

459 5693 572 5762 ιη)
615 5693 704 5746 Sic
731 5693 1080 5764 manuscripti
1105 5700 1347 5766 quidam.
1367 5700 1632 5767 Bollatuh,
1650 5693 1947 5753 coronatos.

2129 5416 2241 5485 (75)
2282 5416 2358 5472 lta
2415 5432 2605 5474 omnes
2655 5418 3029 5487 manuscripti.
3063 5417 3306 5471 Bulland.
3339 5415 3508 5486 lvero,
3557 5414 3615 5469 ab

2059 5488 2272 5540 Antonii
2295 5489 2654 5557 sociorumque
2676 5488 2789 5556 ejus
2815 5490 3184 5541 constantiam.

2127 5557 2236 5627 (7d)
2279 5559 2353 5611 Ita
2391 5556 2740 5626 manuscripti
2773 5573 2906 5627 pene
2936 5571 3146 5615 onmes.
3181 5556 3426 5610 Bottand.
3471 5570 3616 5618 vero,

2056 5644 2149 5689 pro
2182 5626 2274 5680 Dei
2306 5628 2534 5680 nuntius.

2131 5695 2242 5768 (77)
2284 5697 2372 5752 Sic
2407 5697 2783 5769 manuscripti.
2819 5693 3058 5755 Bolland.
3085 5712 3236 5763 vero,
3270 5713 3363 5766 per
3400 5711 3593 5768 aqum.
