3966 6226
412 378 525 433 925

1046 376 1103 433 S.
1141 374 1507 431 ATHANASll
1547 374 1696 430 OPP.
1740 373 1919 430 PARS
1958 376 1998 431 1.
2039 406 2107 417 --
2147 373 2513 430 lllSTORlCA
2553 373 2638 428 ΕΤ
2674 371 3084 428 DOCMATICA.

3544 372 3663 431 ω

415 501 558 555 diam
591 499 787 563 solum,
816 496 905 550 sed
938 513 1037 552 uec
1070 514 1232 568 super
1269 500 1413 554 aliud
1443 500 1670 568 quodvis
1697 509 1974 568 peccatum

2101 500 2172 552 μπὶ
2208 499 2351 569 μόνῳ
2381 497 2761 570 παροργισμῷ,
2791 495 2923 549 ἁλλὰ
2967 495 3098 565 μηδὲ
3127 494 3218 546 ἐπὶ
3245 492 3377 565 ἄλλῃ
3411 495 3646 566 ἁμαρτίᾳ

419 601 665 645 rostrum
719 590 799 643 sol
851 591 1082 644 occidat.
1117 589 1219 644 Par
1251 591 1449 661 quippe
1481 601 1564 644 est
1605 599 1658 644 et
1695 591 1916 644 omnino
1953 607 1984 645 e

415 695 476 734 re
507 687 711 744 nostra,
740 693 841 732 nec
870 677 1037 732 solem
1074 678 1143 730 ob
1177 678 1426 732 diurnam
1466 676 1748 742 malitiam,
1775 692 1873 730 nec
1897 676 1982 729 lu-

418 785 543 823 nam
572 769 644 823 ob
673 777 998 822 nocturnum
1032 776 1332 836 peccatum,
1367 767 1450 820 vel
1489 766 1684 819 malam
1712 765 1987 836 cogitatio-

421 875 572 923 nem,
615 874 714 913 nos
746 857 1130 913 condemnare.
1162 856 1233 911 Ut
1271 858 1432 927 igitur
1467 859 1519 914 in
1552 868 1665 912 tuto
1698 859 1768 914 sit
1805 859 1988 929 probi-

421 962 504 1008 Ias
554 960 764 1018 nostra,
799 967 977 1020 operae
1024 951 1254 1021 pretium
1304 950 1468 1005 fuerit
1511 951 1714 1005 dictum
1747 951 1987 1020 Apostoli

420 1043 732 1098 auscultare
776 1052 938 1112 atque
983 1040 1291 1107 custodire;
1321 1041 1414 1094 'ait
1462 1041 1606 1094 enim
1646 1059 1658 1094 :
1700 1040 1799 1098 Vos
1849 1040 1988 1109 ipso:

421 1136 735 1202 dijudicate,
765 1147 816 1188 et
847 1151 930 1189 vos
956 1136 1097 1203 ipso:
1118 1133 1415 1203 probate“.
1439 1131 1694 1198 Quotidie
1724 1133 1905 1204 itaque
1926 1132 1992 1187 tle

421 1224 635 1280 diurnis
659 1226 1054 1294 nocturnisque
1075 1225 1285 1280 actibus
1308 1224 1572 1280 rationem
1598 1224 1828 1295 quisque
1848 1223 1989 1294 apud

423 1333 484 1371 se
518 1317 664 1370 ineat
694 1334 708 1371 :
738 1325 791 1370 et
827 1317 871 1371 si
907 1315 1227 1386 peccaverit,
1259 1315 1502 1382 desinat;
1550 1315 1593 1371 si
1649 1330 1756 1370 non
1802 1331 1993 1386 pecea-

423 1409 581 1472 verit,
607 1423 672 1461 ne
701 1409 983 1477 glorietur,
1033 1407 1124 1462 sed
1158 1407 1212 1460 in
1242 1407 1384 1460 bono
1414 1415 1742 1476 perseveret,
1774 1422 1873 1462 nec
1897 1423 1994 1461 ne-

425 1497 684 1566 gligenter
705 1505 849 1566 agat,
881 1511 1012 1551 neve
1034 1496 1343 1566 proximum
1375 1494 1616 1559 damnet,
1647 1495 1730 1550 vel
1754 1495 1993 1563 seipsum

421 1587 628 1656 justum
675 1585 951 1656 przedicet,
983 1595 1041 1639 ut
1094 1585 1170 1640 ait
1216 1585 1406 1640 beatus
1453 1585 1730 1654 apostolus
1773 1583 1996 1648 Paulus,

427 1677 602 1733 donec
643 1677 852 1731 venerit
881 1677 1161 1740 Dominus,
1190 1676 1281 1746 qui
1315 1675 1630 1730 abscondita
1663 1676 1994 1730 scrutatur".

431 1769 582 1840 Saepe
631 1769 828 1824 etenim
863 1770 1059 1824 accidit
1089 1777 1146 1823 ut
1190 1768 1349 1824 nobis
1382 1768 1586 1822 lateant
1612 1784 1732 1838 qnze
1763 1769 1997 1836 agimus.

2085 591 2238 660 ἡμῶν
2255 591 2282 642 ὁ
2309 589 2457 674 ἥλιος
2487 587 2710 661 ὲπιδύνῃ
2729 605 2742 617 ·
2773 587 2934 640 καλὸν
2955 587 3062 655 γὰρ
3091 585 3184 637 καὶ
3210 585 3522 652 ἀναγκαῖον,
3557 589 3648 656 pq.

2083 697 2142 734 τε
2164 680 2252 733 τὸν
2275 680 2426 750 ἥλιον
2450 681 2576 752 περὶ
2605 679 2869 750 ἡμερινῆς
2899 677 3113 738 κακίας,
3141 677 3273 746 μήτε
3297 674 3394 745 τὴν
3417 674 3647 754 σελήνην

2086 776 2213 846 περὶ
2245 775 2561 845 νυκτερινῆς
2592 771 2882 842 ἁμαρτίας,
2908 771 2940 840 ἢ
2976 769 3111 831 ὅλως
3144 767 3513 837 ἐνθυμήσεως,
3556 784 3652 818 κα-

2085 863 2441 932 ταγινώσκειν
2473 866 2505 934 ή
2516 863 2650 934 μῶν.
2675 863 2769 915 Ἵν’
2793 857 2884 914 οὖν
2913 859 3069 912 τοῦτο
3099 861 3230 929 ἡμῖν
3260 857 3648 927 περισώζηται.

2089 956 2249 1009 καλὸν
2309 955 2535 1009 ἁκοῦσαι
2559 954 2634 1022 (⁸5)
2652 952 2744 1006 τοῦ
2776 951 3094 1004 Ἀποστόλου
3119 951 3212 1004 καὶ
3239 949 3463 1018 φυλάξαι
3483 967 3495 979 ·
3523 950 3651 1019 φησὶ

2088 1047 2228 1118 γάρ·
2271 1045 2550 1111 Ἑαυτοὺς
2589 1044 2954 1112 ἀνακρίνετε,
2997 1043 3093 1096 καὶ
3135 1041 3386 1106 ἑαυτοὺς
3419 1040 3654 1108 δοκιμά-

2091 1141 2230 1202 ζετε.
2262 1141 2398 1194 Καθ’
2428 1139 2639 1212 ἡμέραν
2664 1137 2842 1192 τοίνυν
2867 1137 2974 1191 τῶν
3007 1134 3282 1208 ήμερινῶν
3310 1135 3402 1189 καὶ
3429 1136 3538 1188 τῶν
3567 1153 3656 1187 νυ-

2092 1230 2350 1304 κτερινῶν
2406 1229 2656 1302 πράξεων
2703 1229 2793 1282 τὸν
2835 1228 2990 1297 λόγον
3043 1227 3271 1290 ἕκαστος
3320 1227 3448 1298 παρ’
3479 1225 3656 1295 ἐαυτῷ

2093 1325 2415 1396 λαμϐανέτω
2435 1341 2448 1354 ³
2479 1326 2594 1386 καὶ,
2623 1326 2670 1376 ει
2709 1323 2806 1394 μὲν
2839 1323 3076 1393 ἥμαρτε,
3111 1318 3392 1374 παυέσθω’
3419 1320 3468 1371 ει
3493 1317 3552 1370 δὲ
3585 1316 3657 1388 μὴ

2093 1417 2326 1488 ἥμαρτε,
2375 1414 2448 1486 μὴ
2498 1413 2788 1485 καυχάσθω
2813 1430 2825 1443 ·
2863 1412 2977 1467 ἁλλ’
3004 1410 3305 1480 ἑπιμενέτω
3353 1409 3430 1481 τῷ
3487 1408 3656 1478 καλῷ,

2096 1507 2190 1566 καὶ
2243 1507 2316 1577 μὴ
2372 1505 2661 1575 ἀμελείτω,
2698 1505 2830 1576 μηδὲ
2875 1503 3249 1576 κατακρινέτω
3284 1503 3374 1556 τὸν
3410 1501 3658 1573 πλησίον,

2100 1595 2232 1667 μηδὲ
2255 1594 2542 1649 δικαιούτω
2569 1596 2778 1658 ἑαυτὸν,
2803 1594 2876 1657 ὡς
2907 1593 3056 1648 εἶπεν
3086 1597 3114 1648 ὁ
3139 1595 3403 1665 μακάριος
3436 1594 3664 1646 ἀπόστο-

2095 1685 2186 1749 λος
2214 1685 2444 1748 Παῦλος,
2467 1685 2570 1750 ἕως
2596 1685 2660 1739 ἂν
2687 1685 2813 1756 ἔλθῃ
2838 1687 2866 1738 ὁ
2890 1685 3112 1758 Κύριος,
3142 1685 3170 1736 ὁ
3189 1685 3256 1739 τά
3279 1684 3495 1756 κρυπτὰ
3518 1687 3666 1755 ἐρευο

2099 1776 2224 1829 νῶν.
2257 1776 2523 1839 Πολλάκις
2555 1776 2661 1848 γὰρ
2713 1778 2806 1830 καὶ
2853 1777 3098 1840 ἑαυτοὺς,
3135 1776 3190 1828 ὲν
3222 1770 3300 1839 οἷς
3329 1775 3662 1845 πράττομεν,

428 1879 551 1932 qua
583 1877 683 1917 nos
708 1862 922 1932 quidem
952 1861 1284 1930 ignoramus,
1302 1858 1394 1914 sed
1418 1857 1680 1913 Dominus
1707 1859 1853 1913 novit
1876 1873 1994 1912 om-

2101 1868 2430 1939 λανθάνομεν
2450 1885 2462 1897 ο
2495 1841 2586 1920 καλ
2615 1841 2776 1938 ήμείς
2808 1869 2903 1938 μὲν
2930 1869 3029 1920 οὐκ
3053 1867 3290 1938 οἴδαμεν,
3321 1867 3350 1920 ο
3375 1841 3435 1918 δὲ
3460 1841 3664 1937 Κύριος

431 1958 541 2010 nia.
565 1953 779 2010 Judicio
826 1954 989 2025 igitur
1019 1954 1096 2008 illi
1130 1952 1416 2025 permisso,
1449 1951 1516 2006 de
1565 1951 1794 2006 aliorum
1840 1949 1996 2004 malis

430 2054 626 2100 mutuo
651 2045 955 2105 doleamus,
979 2052 1033 2097 et
1053 2043 1185 2096 alter
1214 2041 1442 2096 alterius
1467 2055 1630 2094 onera
1660 2042 1995 2112 portemus',

432 2136 796 2207 nosmetipsos
829 2135 1221 2204 dijudicemus;
1253 2133 1298 2189 si
1325 2133 1450 2203 quid
1480 2132 1639 2198 desit,
1669 2133 1719 2186 id
1751 2131 2000 2202 supplere

434 2229 692 2282 nitamur.
724 2227 805 2282 Ad
839 2225 1074 2282 cavenda
1104 2236 1282 2280 autem
1307 2233 1524 2294 peccata
1555 2222 1610 2277 id
1641 2223 1996 2277 observetur:

430 2317 608 2388 Opera
643 2319 878 2388 quisque
910 2327 1158 2372 nostrum
1195 2332 1314 2378 sua,
1350 2324 1404 2369 et
1430 2323 1613 2369 motus
1655 2313 1843 2380 animi,
1881 2321 2001 2367 tan-

434 2426 598 2479 quam
626 2411 746 2465 aliis
783 2409 1154 2474 nuntiaturus,
1183 2417 1333 2462 notet
1356 2406 1775 2474 conscribatque
1799 2423 1812 2459 :
1840 2414 2002 2472 atque

432 2502 690 2558 confidite
718 2501 961 2556 futurum
992 2516 1133 2563 esse,
1162 2509 1242 2565 ιιι,
1281 2514 1404 2554 cum
1439 2513 1540 2552 nos
1570 2497 1769 2568 pudeat
1791 2495 1858 2549 ab
1880 2493 2001 2548 aliis

431 2595 709 2666 cognosci,
743 2593 1001 2664 peccandi
1048 2607 1294 2662 prorsus,
1333 2591 1443 2645 imo
1473 2587 1603 2660 quid
1651 2603 1874 2657 pravum
1905 2601 2002 2641 co»

439 2683 666 2756 gitandi,
695 2685 856 2739 finem
888 2683 1170 2739 faciamus.
1202 2682 1336 2749 Quis
1379 2691 1465 2736 est
1513 2680 1656 2736 enim
1705 2681 1821 2749 qui,
1871 2679 2001 2733 dum

439 2784 645 2845 peccat,
671 2775 841 2830 videri
866 2775 1030 2830 velit?
1059 2783 1152 2830 aut
1182 2773 1303 2844 quis
1331 2781 1455 2843 post
1491 2780 1771 2841 peccatum
1797 2770 2001 2825 admis-

437 2883 560 2922 sum
602 2881 710 2922 non
754 2868 1012 2921 mentitur
1040 2866 1242 2921 latendi
1281 2865 1492 2920 causa?
1543 2862 1696 2918 Sicut
1737 2863 1918 2931 itaque
1949 2863 2002 2915 in

439 2957 671 3014 aliorum
703 2965 996 3027 conspectu
1021 2972 1297 3026 nunquam
1325 2955 1726 3021 scortabimur;
1753 2953 2003 3024 670ita

441 3048 490 3103 si
534 3047 907 3117 cogitationes,
939 3057 999 3100 ut
1035 3046 1155 3101 aliis
1186 3044 1507 3110 nuntiaturi,
1557 3044 1962 3113 perscribamus
1985 3083 2002 3110 ,

444 3137 600 3192 nobis
627 3136 805 3206 potius
834 3137 902 3191 ab
934 3137 1185 3190 obscenis
1218 3134 1640 3206 cogitationibus
1673 3133 2003 3198 cavebimus,
2033 3179 2074 3234 Ο

443 3228 516 3282 ub
541 3227 811 3282 revelandi
846 3227 1128 3296 pudorem.
1159 3225 1386 3280 Perinde
1417 3224 1597 3293 itaque
1641 3224 1799 3278 nobis
1853 3223 2002 3292 ejus—

446 3319 593 3374 modi
621 3319 844 3389 scriptio
879 3319 952 3374 sit
1003 3329 1166 3389 atque
1191 3327 1498 3374 ascetarum
1528 3317 1668 3372 oculi
1697 3355 1713 3381 ,
1749 3324 1809 3370 ut
1854 3331 2006 3389 aeque

443 3411 796 3482 scriptionem
828 3427 891 3466 ac
925 3410 1156 3464 aliorum
1203 3417 1552 3478 conspectum
1599 3407 2002 3473 erubescentes,

446 3518 610 3574 prava
665 3517 733 3557 ne
777 3502 1078 3574 cOgitemus
1111 3501 1350 3571 quidem.
1389 3498 1513 3556 llaec
1555 3499 1601 3554 sl
1644 3499 1802 3553 nobis
1837 3497 2009 3552 forma

2100 1959 2506 2029 καταλαμϐάνει
2554 1960 2749 2013 πάντα.
2781 1957 2938 2028 Αὑτῷ
2986 1954 3078 2012 οὖν
3122 1957 3182 2010 τὸ
3211 1960 3382 2029 κρῖμα
3410 1956 3664 2019 διδόντες,

2098 2052 2345 2123 ἀλλήλοις
2380 2050 2823 2122 συμπάσχωμεν,
2855 2051 2949 2103 καὶ
2978 2050 3218 2121 ἀλλήλων
3265 2047 3363 2120 μὲν
3411 2048 3482 2101 τὰ
3525 2047 3665 2119 βάρη

2103 2141 2476 2214 βαστάζωμεν,
2501 2142 2724 2204 ἑαυτοὺς
2741 2140 2797 2193 δὲ
2813 2141 3210 2213 ἁνακρίνωμεν,
3232 2140 3324 2193 καὶ
3351 2139 3386 2197 ἃ
3412 2137 3670 2212 ὑστεροῦ-

2103 2251 2222 2306 μεν,
2249 2232 2594 2302 ἀναπληροῦν
2643 2231 3239 2304 σπουδάζωμεν.Ἒσ-τω
3284 2231 3340 2284 δὲ
3388 2230 3483 2284 καὶ
3529 2229 3670 2302 αὕτη

2102 2325 2236 2396 πρὸς
2281 2325 2577 2394 ἀσφάλειαν
2623 2324 2718 2378 τοῦ
2763 2323 2838 2396 μὴ
2884 2324 3218 2396 ἁμαρτάνειν
3250 2324 3666 2394 παρατήρησιςο

2101 2417 2373 2481 Ἕκαστος
2396 2416 2494 2480 τὰς
2513 2417 2738 2487 πράξεις
2762 2416 2854 2470 καὶ
2870 2415 2936 2468 τὰ
2958 2416 3233 2486 κινήματα
3256 2415 3353 2484 τῆς
3373 2413 3573 2482 ψυχῆς,
3597 2413 3670 2474 ὠς

2105 2509 2383 2581 μέλλοντες
2433 2509 2680 2580 ἀλλήλοις
2725 2509 3085 2578 ἀπαγγέλλειν
3109 2547 3122 2571 ,
3171 2505 3521 2578 σημειώμεθα
3579 2502 3673 2558 καὶ

2102 2601 2399 2674 γράφωμεν
2420 2617 2432 2630 ·
2468 2600 2562 2654 καὶ
2608 2600 2878 2671 θαρρεῖτε,
2911 2599 3013 2662 ὅτι,
3046 2599 3260 2660 πάντως
3294 2593 3671 2664 αἰσχυνόμενοι

2103 2691 2427 2761 γνωσθῆναι,
2452 2689 2769 2760 παυσόμεθα
2801 2687 2896 2742 τοῦ
2927 2685 3278 2758 ἁμαρτάνειν,
3299 2683 3394 2738 καὶ
3420 2681 3556 2744 ὅλως
3576 2676 3672 2734 τοῦ

2104 2781 2448 2852 ἐνθυμεῖσθαί
2477 2799 2529 2834 τι
2558 2780 2779 2850 φαῦλον.
2812 2779 2906 2842 Τίς
2933 2777 3041 2848 γάρ
3063 2776 3138 2848 (4)
3172 2773 3496 2846 ἁμαρτάνων
3529 2769 3674 2824 θέλει

2107 2873 2495 2945 βλέπεσθαι;ἢ
2545 2874 2626 2936 τίς
2680 2872 3020 2944 ἁμαρτήσας,
3053 2870 3115 2922 οὐ
3159 2866 3355 2940 μᾶλλον
3399 2863 3673 2935 ψεύδεται,

2103 2965 2383 3019 λανθάνειν
2412 2964 2608 3029 θέλων;
2637 2965 2843 3035 Ὥσπερ
2865 2959 2956 3015 οὖν
2979 2961 3261 3032 βλέποντες
3280 2956 3558 3028 ἀλλήλους,
3576 2954 3676 3007 οὐκ

2106 3054 2171 3108 ἂν
2205 3052 2632 3125 πορνεύσαιμεν,
2661 3051 2853 3115 οὕτως,
2887 3051 2980 3104 ἐὰν
3017 3051 3092 3113 ῶς
3116 3047 3541 3117 ἀπαγγέλλοντες
3584 3044 3675 3097 ἁλ-

2105 3142 2286 3213 λήλοις
2315 3143 2442 3204 τοὺς
2469 3141 2760 3211 λογισμοὺς
2787 3142 3106 3211 γράφωμεν,
3144 3136 3340 3208 μᾶλλον
3365 3135 3676 3206 τηρήσομεν

2107 3233 2330 3295 ἑαυτοὺς
2363 3231 2469 3284 ἀπὸ
2511 3229 2782 3301 λογισμῶν
2828 3230 3105 3300 ῥυπαρῶν,
3135 3227 3505 3298 αἰσχυνόμενοι
3536 3240 3676 3291 γνω-

2111 3323 2321 3394 σθῆναι.
2356 3323 2534 3375 Ἔστω
2555 3318 2647 3374 οὖν
2691 3324 2822 3392 ἡμῖν
2867 3322 2926 3374 τὸ
2971 3321 3201 3392 γράμμα
3241 3319 3360 3373 ἀντὶ
3387 3315 3678 3387 ὀφθαλμῶν

2111 3414 2218 3465 τῶν
2263 3413 2642 3484 συνασκητῶψ
2698 3412 2804 3477 ἶνα,
2836 3412 3190 3484 ὲρυθριῶντες
3225 3411 3450 3482 γράφειν
3498 3408 3576 3470 ὡς
3619 3406 3679 3458 τὸ

2116 3504 2424 3576 βλέπεσθαι,
2468 3505 2592 3577 μήθ’
2613 3505 2748 3568 ὅλως
2787 3505 3174 3576 ἐνθυμηθῶμεν
3204 3503 3269 3557 τὰ
3295 3502 3474 3572 φαῦλα
3496 3519 3507 3531 ·
3539 3499 3681 3554 οὕτω

1762 3608 2013 3665 VERSIO
2053 3611 2354 3671 EVAGRII.

449 3721 612 3776 quam
644 3715 951 3762 nostrorum
985 3715 1078 3760 aut
1111 3705 1163 3777 in
1203 3705 1528 3777 nocteluna,
1559 3713 1653 3762 aut
1683 3702 1736 3756 in
1763 3703 1850 3757 die
1866 3703 1944 3777 sol
1973 3706 2126 3760 testis
2149 3707 2460 3760 abscederet
2484 3707 2648 3777 (5—6).
2671 3707 2817 3760 lllius
2831 3721 3048 3776 quoque
3076 3705 3403 3777 admonebat
3430 3703 3680 3777 praecepti

451 3773 722 3851 memores
749 3793 891 3840 esse,
921 3792 1028 3851 quo
1057 3776 1255 3851 dicitur
1295 3794 1307 3832 :
1345 3774 1645 3851 Dijudicate
1673 3775 2099 3851 vestitetipsos,_et
2127 3777 2360 3844 probate,
2407 3787 2462 3851 ut
2493 3773 2772 3851 'ratiOnem
2806 3773 2912 3851 dici
2943 3773 3222 3844 noctisque
3253 3775 3532 3851 facientes,
3557 3773 3600 3826 si
3627 3774 3678 3825 in

453 3863 513 3901 se
543 3846 796 3900 delictum
831 3843 1326 3914 deprehendissent,
1364 3843 1583 3914 peccare
1615 3843 1956 3914 desisterent.
2000 3844 2093 3898 Sin
2121 3843 2300 3902 autem
2331 3847 2511 3901 nullus
2541 3861 2696 3900 error
2733 3847 3050 3914 decepisset.
3077 3843 3482 3914 perseverantes
3511 3843 3680 3914 insta-

456 3925 578 3971 rent
615 3917 793 3984 potius
819 3911 1072 3984 inc'azptu,
1105 3931 1264 3984 quam
1295 3911 1600 3983 arrogantia
1634 3913 1825 3985 tumidi
1870 3923 1963 3985 aut
1992 3915 2129 3970 alios
2157 3925 2583 3980 contemnerent,
2611 3925 2701 3970 aut
2730 3916 2830 3971 sibi
2861 3911 3122 3985 justitiam
3150 3915 3504 3985 vindicarent,
3529 3911 3681 3985 juxta

459 3982 754 4052 supradicti
784 3982 1019 4039 doctoris
1052 3982 1322 4054 eloquium
1353 3982 1582 4054 dicentis
1613 4001 1626 4036 :
1660 3982 1840 4037 Nolite
1853 3984 2095 4051 judicare
2119 3999 2238 4040 ante
2273 3997 2471 4053 tempus
2497 4001 2516 4049 ;
2543 3988 2715 4054 magis
2751 3982 2947 4040 debere
2971 4001 3064 4039 eos
3093 3983 3316 4054 Christi,
3345 3983 3432 4036 cui
3463 3983 3681 4054 solioc-

441 4051 604 4110 culta
633 4065 834 4124 patent,
871 4051 1402 4125 reservare'judicio.
1432 4053 1627 4125 Multas
1661 4068 1801 4125 esse,
1831 4063 1888 4106 ut
1919 4057 2179 4124 scriptum
2209 4065 2313 4119 est,
2340 4051 2476 4118 vias,
2512 4051 2916 4125 quae—videntur
2950 4054 3261 4109 hominibus
3281 4051 3590 4125 instansed
3625 4053 3684 4104 ll-

463 4141 559 4179 nrs
584 4121 766 4195 earum
796 4126 861 4179 ad
891 4121 1215 4193 profundum
1247 4125 1517 4195 respicere
1542 4122 1738 4195 inferni
1764 4141 1776 4176 :
1800 4138 1942 4191 saepe
1966 4121 2146 4179 nostra
2176 4141 2281 4179 non
2312 4141 2470 4195 posse
2500 4121 2601 4181 nos
2637 4126 2932 4195 intelligere
2961 4134 3200 4195 peccata,
3226 4121 3367 4192 sacpe
3401 4122 3512 4175 falli
3537 4121 3684 4195 igno-

465 4196 677 4272 ratione
711 4194 783 4272 (7)
815 4192 1086 4272 gestorum
1121 4214 1132 4248 :
1158 4195 1314 4272 _aliud
1337 4192 1461 4247 esse
1491 4193 1804 4272 Deicuncta
1834 4196 2106 4272 cernentis
2125 4192 2426 4272 indiciam,
2445 4197 2688 4272 qui.no_n
2733 4192 3126 4264 ex'superlicie
3157 4208 3468 4261 corporum.
3498 4192 3590 4245 sed
3619 4205 3682 4244 ex

466 4264 726 4318 mentium
756 4265 1237 4334 judicat_arcanis;
1271 4279 1483 4332 aequum
1518 4271 1698 4318 autem
1728 4278 1852 4334 esse
1881 4277 1981 4319 nos
2013 4265 2171 4319 nobis
2199 4264 2525 4334 compati,’et
2555 4264 2779 4319 invicem
2805 4279 2969 4319 Onera
2995 4273 3178 4334 nostra
3202 4273 3416 4334 portare
3443 4279 3468 4334 τί
3488 4269 3547 4314 ιιι
3567 4275 3687 4314 εοιι·

465 4348 622 4387 cesso
674 4331 1244 4404 examineSalvatori,
1276 4331 1524 4404 proprias
1557 4332 1919 4404 conscientias
1947 4336 2306 4404 nosmetipsos
2323 4331 2637 4404 'judicantes
2669 4335 3024 4388 intueremur.
3074 4331 3290 4404 Necnon
3335 4331 3551 4404 dicebat
3577 4345 3686 4404 nra-

467 4418 625 4474 gnam
655 4418 774 4474 esse
800 4405 867 4456 ad
897 4403 1147 4474 virtutem
1180 4399 1344 4474 viain,
1455 4403 1650 4472 singuli
1682 4401 1765 4474 vel
1792 4403 2143 4458 observarent
2172 4399 2302 4474 quid
2333 4399 2559 4473 agerent
2584 4403 2682 4474 (8),
2718 4405 2797 4458 vel
2827 4405 3108 4474 universas
3132 4403 3390 4457 mentium
3417 4399 3688 4470 c0gitatio-

467 4487 564 4525 nes
588 4471 843 4527 fratribus
865 4472 1146 4528 referrent.
1179 4472 1294 4528 Non
1327 4473 1469 4527 enim
1500 4471 1658 4542 pesse
1681 4472 1912 4540 aliquem
1947 4471 2338 4541 peccarequm
2375 4471 2647 4528 relaturus
2677 4483 2820 4529 esset
2847 4472 2911 4527 ad
2939 4474 3106 4527 alium
3129 4486 3457 4542 qurecnnque
3482 4483 3690 4539 peccas-

469 4551 581 4603 set;
615 4552 668 4596 et
694 4543 879 4614 subire
906 4543 1164 4612 pudorem
1196 4544 1248 4596 in
1279 4540 1552 4611 publicum
1585 4542 1758 4614 turpia
1796 4540 2122 4614 proferendi.
2157 4543 2398 4614 Denique
2425 4545 2629 4597 nullum
2659 4552 2990 4612 peccantem,
3019 4540 3333 4614 corarinralio
3353 4540 3552 4593 audere
3573 4551 3690 4614 pec-

469 4627 595 4665 care
624 4630 638 4666 :
673 4612 882 4666 etiamsi
907 4608 1116 4680 peccet,
1156 4608 1331 4665 tamen
1363 4621 1550 4666 testem
1579 4608 1749 4665 vitare
1781 4608 2005 4680 peccati,
2039 4613 2252 4667 mentiri
2295 4608 2466 4682 magis
2505 4627 2559 4667 et
2590 4608 2807 4682 negare,
2843 4623 2896 4682 et
2941 4624 3093 4667 vetus
3121 4613 3374 4665 delictum
3407 4623 3549 4682 novo
3572 4608 3692 4682 inli-

469 4683 648 4735 ciandi
679 4697 874 4753 augere
904 4677 1119 4736 delicto.
1154 4683 1322 4751 Igitur
1352 4682 1507 4750 quasi
1552 4683 1653 4736 sub
1678 4677 1872 4753 oculis,
1904 4683 2100 4748 aiebat,
2130 4685 2330 4738 nostris
2369 4677 2422 4738 εἰ
2459 4677 2696 4753 cogitatu
2739 4681 3124 4737 confundimur
3153 4692 3208 4735 et
3234 4691 3380 4753 actu,
3416 4681 3460 4732 si
3508 4677 3688 4753 omnia

471 4748 773 4820 [elerenda
797 4750 1095 4814 faciamus;
1142 4748 1310 4806 multo
1356 4748 1533 4805 autem
1567 4752 1760 4820 magis,
1789 4752 1834 4806 si
1871 4763 2086 4820 peccita
2122 4763 2302 4807 nostra
2339 4748 2564 4808 fideliter
2594 4754 2960 4808 describenlcs
2985 4753 3292 4820 digeramus
3330 4751 3383 4802 in
3425 4748 3686 4820 ordinem.

471 4818 625 4875 Tune
657 4837 784 4875 vero
814 4822 1094 4875 annotatio
1129 4821 1448 4875 delictorum
1500 4818 1727 4892 fratrum
1761 4818 2024 4876 vide—bitur
2057 4824 2220 4880 oculi.
2255 4824 2311 4878 Si
2344 4824 2651 4878 timebimus
2694 4823 2899 4892 peccati
2946 4818 3099 4876 ceras
3141 4821 3410 4884 conscias,
3441 4818 3544 4886 ipsi
3599 4831 3690 4892 nos

470 4902 698 4956 arguent
729 4892 930 4959 apices,
955 4902 1007 4946 et
1035 4897 1310 4962 quomodo
1335 4890 1711 4962 meretricibus
1739 4892 1978 4962 membra
2008 4893 2318 4957 miseentes,
2344 4887 2752 4949 confunduntur
2783 4893 2849 4946 ad
2884 4892 3224 4962 praesentiam
3248 4900 3564 4962 cancrorum
3581 4902 3598 4962 _;
3616 4887 3688 4962 _ita

470 4970 525 5014 et
555 4977 654 5016 nos
682 4956 1406 5036 erubescentus'ad‘litteras.
1441 4959 1563 5014 llaec
1590 4976 1835 5036 agamus,
1871 4961 1972 5015 hac
2005 4964 2221 5018 virtutis
2245 4956 2554 5036 gradiatnur
2581 4965 2667 5017 via
2709 4962 2808 5032 (θ),
2863 4956 2918 5017 et
2949 4975 3176 5030 corpora
3211 4959 3484 5014 mentibus
3509 4956 3691 5024 subju-

469 5040 680 5100 gantes,
713 5031 1042 5099 perniciosas
1065 5031 1262 5085 diaboli
1295 5047 1374 5085 co.
1401 5042 1639 5084 teramus
1670 5031 1912 5084 insidias.

545 5142 589 5174 δ’
626 5139 671 5195 ll
697 5141 822 5196 Cor.
853 5157 974 5208 xm,
1011 5141 1064 5195 5.
1145 5143 1160 5172 ³
1201 5139 1222 5193 l
1254 5141 1376 5195 Cor.
1414 5156 1484 5206 tv,
1523 5140 1590 5204 5;
1634 5137 1792 5194 Ilom.
1828 5156 1885 5205 ιι,
1918 5141 2003 5194 16.

2101 5150 2102 5168 ‘
2140 5142 2315 5199 Galat.
2343 5161 2414 5210 vi,
2447 5145 2501 5198 2.

546 5257 622 5323 (5)
665 5255 740 5310 Ita
773 5255 972 5325 Regius
1001 5257 1051 5320 1,
1077 5256 1133 5316 2.
1162 5255 1319 5310 Coll).
1358 5256 1393 5308 2
1434 5267 1486 5308 et
1535 5253 1702 5309 Savil.
1733 5253 1869 5325 Editi
1907 5271 2035 5310 vero

473 5338 523 5382 et
563 5327 788 5397 alii,'lv‘_
805 5324 899 5382 οὖν
935 5329 992 5379 ἐν
1017 5325 1193 5397 τούτῳ
1217 5329 1348 5397 ἡμῖν
1375 5327 1434 5379 τὸ
1460 5325 1624 5378 καλὸν
1643 5324 2034 5395 περισώζήται,

477 5397 642 5451 καλὸν
667 5395 914 5449 ἀκοῦσαι.

549 5467 626 5536 (ι)
671 5467 760 5536 Sic
806 5481 997 5520 omnes
1049 5464 1628 5536 manuscripti.7Editi,
1657 5464 1722 5517 Ti
1749 5463 2037 5536 vitello:

479 5531 682 5604 Regius
710 5535 766 5597 2,
795 5536 950 5590 Collt.
985 5536 1019 5605 5
1043 5545 1096 5588 et
1130 5531 1668 5605 8ιιι’ἱΙ.,”βλέπεσθαι,
1697 5531 1862 5589 reetc.
1894 5534 2042 5596 Editi,

481 5615 537 5657 ct
569 5606 680 5665 alii,
750 5604 1098 5673 βλάπτεσθαι.

555 5674 697 5740 (5-6)
717 5673 1174 5744 Sientanuscripti
1196 5691 1405 5730 omnes.
1424 5675 1563 5730 Editi
1581 5688 1726 5738 vero,
1754 5683 1904 5728 testes
1920 5674 2037 5744 abis-

489 5753 742 5797 uaercnt.
780 5742 896 5800 Mox
932 5742 1501 5821 aliqui‘mauuscripti,
1552 5745 1796 5814 pra'ccpti
1831 5761 1929 5818 quo
1957 5743 2039 5799 di-

2142 5260 2306 5384 cituJ.
2336 5260 2483 5382 ξς.ύίιί
2535 5273 2684 5324 vero,
2716 5257 2962 5328 prwcepti
3001 5271 3249 5311 meritam
3281 5270 3412 5316 esse,
3445 5252 3584 5322 quod
3623 5251 3698 5303 di-

2142 5341 2210 5384 cit
2281 5347 2307 5384 ε
2352 5347 2441 5384 m.

2141 5341 2210 5384 cu
2244 5341 2307 5385 de
2336 5341 2441 5386 It“.

2151 5491 2161 5502 .
2214 5421 2292 5492 (7)
2318 5418 2424 5501 'Sic
2470 5418 2827 5490 manuscripti
2857 5417 3076 5489 quidam
3119 5416 3342 5487 optime.
3376 5411 3519 5468 Editi
3554 5425 3694 5471 vero,

2145 5507 2199 5544 ιιι
2227 5503 2448 5546 ratione.
2536 5501 2538 5504 ’

2216 5581 2292 5653 (8)
2334 5581 2424 5637 Sic
2456 5581 2834 5652 manuscripti.
2871 5578 3010 5635 Editi
3043 5592 3192 5645 vero,
3224 5576 3349 5646 quid
3373 5589 3624 5644 gererem.

2215 5675 2289 5744 (9)
2343 5673 2418 5728 Ita
2471 5670 3036 5744 manuscriptigEditi
3085 5678 3286 5744 autem,
3332 5665 3392 5721 Si
3422 5665 3531 5719 lurc-
3575 5675 3693 5730 agu-

2145 5741 2280 5812 mus,
2318 5744 2452 5802 hanc
2489 5746 2698 5800 virtutis
2727 5741 3033 5816 giradiamur
3065 5741 3198 5796 riam
