3992 6230
441 312 547 372 9ιὸ

1036 311 1093 367 S.
1131 309 1507 368 ATHANASII
1547 313 1699 370 OPP.
1741 313 1927 368 PARS
1963 312 2004 368 Ι.
2046 343 2117 355 -
2151 313 2522 373 HISTORICA
2565 316 2652 374 ET
2688 315 3108 373 DOGMATICA.

3571 314 3673 374 944

439 439 539 497 tot,
564 428 754 501 paucis
781 428 901 485 istis
929 428 1144 493 diebus,
1160 431 1460 488 Christiani
1487 429 1663 486 eﬂ'ecti
1697 438 1847 495 sunt,
1871 439 2006 502 quot

2114 447 2229 484 νασι
2270 432 2588 504 Χριστιανοὶ
2630 436 2689 487 ἐν
2727 436 2845 497 ταῖς
2889 432 3098 501 ὀλίγαις
3137 429 3373 502 ἡμέραις
3416 429 3681 497 ἐκείναις.

435 521 575 576 alias
598 534 694 590 per
724 533 929 574 annum
961 519 1065 575 visi
1092 518 1321 577 afuerint.
1354 521 1564 577 Exinde
1591 535 1716 576 cum
1752 521 2007 576 nonnulli

392 650 400 680 ι
439 614 541 669 rati
573 628 698 669 eum
739 622 888 669 tanta
921 614 1272 671 multitudine
1301 616 1540 680 turbari,
1589 615 1658 670 ab
1689 615 1781 670 illo
1816 629 2010 670 omnes

436 705 716 776 ahigerent
742 722 758 760 :
786 704 922 761 nihil
953 706 1047 761 ille
1075 706 1328 762 turbatus
1362 707 1474 773 ait,
1506 722 1852 777 nequaquam
1883 706 2009 776 plu-

438 812 529 853 res
558 797 681 853 illos
729 814 853 855 esse
899 798 1002 864 iis,
1048 799 1373 870 quibuscum
1424 801 1478 856 in
1523 808 1705 856 monte
1745 809 2012 872 pugnaret

388 926 401 960 ε
437 889 799 947 daemonibus.

510 979 597 1033 7|.
650 978 789 1034 Cum
837 980 1277 1052 proﬁcisceretur
1323 988 1545 1045 autem,
1592 980 1857 1049 illumque
1906 992 2009 1034 nos

440 1071 665 1127 honoris
707 1086 875 1127 causa
921 1072 1346 1136 comitaremur;
1392 1080 1451 1126 ut
1481 1071 1548 1126 ad
1579 1080 1788 1141 portam
1814 1085 2008 1141 perve-

438 1162 646 1226 nimus,
683 1169 828 1217 retro
857 1162 1055 1218 mulier
1076 1162 1352 1217 clamabat
1382 1179 1395 1215 :
1426 1159 1665 1227 Maneto,
1687 1160 1855 1215 homo
1888 1158 2007 1223 Dei,

438 1254 549 1310 ﬁlia
602 1269 724 1309 mea
767 1254 1002 1324 graviter
1047 1270 1078 1308 a
1120 1254 1365 1308 daemone
1413 1261 1642 1307 vexatur
1702 1269 1718 1306 :
1771 1259 2007 1317 maneto,

436 1360 645 1416 qtiteso,
670 1361 737 1401 ne
761 1345 893 1400 mihi
913 1360 1133 1416 quoque
1152 1344 1392 1399 currenti
1418 1344 1488 1398 sit
1517 1342 1843 1414 periculum.
1869 1340 2009 1396 Tum

437 1438 526 1493 bis
556 1452 721 1492 senex
751 1437 973 1502 auditis,
1006 1436 1277 1507 nobisque
1302 1435 1643 1507 rogantibus,
1668 1435 1844 1489 libens
1873 1432 2008 1489 sub-

441 1528 599 1583 stitit.
631 1526 704 1583 Ut
741 1529 1197 1599 apprOpinquavit
1243 1528 1456 1594 mulier,
1508 1526 1685 1597 puella
1734 1526 1887 1580 humi
1925 1526 2011 1595 ja-

438 1629 582 1675 ctala
605 1628 728 1675 est:
758 1620 998 1675 Antonio
1030 1630 1212 1675 autem
1238 1627 1514 1690 precante,
1542 1628 1707 1686 atque
1729 1616 2009 1671 Christum

436 1712 787 1778 nominante,
821 1712 1031 1781 puella,
1082 1726 1303 1781 egresso
1349 1710 1563 1780 impuro
1606 1707 1838 1778 spiritu;
1874 1723 2007 1763 sana

2107 521 2263 585 ὅσους
2304 520 2371 576 ἄν
2411 539 2499 586 τις
2538 518 2680 578 εἶδεν
2722 522 2952 595 ἐνιαυτῷ
2993 523 3107 595 (50)
3139 521 3485 593 γενομένους.
3522 518 3683 585 Εἶτα,

2105 610 2267 665 τινῶν
2299 611 2626 683 νομιζόντων
2657 613 2723 667 ἐκ
2768 612 2877 668 τῶν
2904 613 3076 685 ὄχλων
3104 614 3268 668 αὐτὸν
3296 612 3683 684 ταράττεσθαι,

2107 703 2204 758 καὶ
2230 702 2319 756 διὰ
2338 704 2499 758 τοῦτο
2524 705 2946 778 ἀποτρεπόντων
2971 706 3066 758 ἀπ’
3088 703 3253 759 αὐτοῦ
3276 705 3507 772 πάντας,
3529 706 3685 770 αὐτὸς

2106 793 2169 847 οὐ
2217 795 2614 866 ταραττόμενος
2662 796 2851 865 ἔλεγε,
2897 797 2973 868 μὴ
3024 795 3245 860 πλείους
3286 792 3425 850 εἶναι
3470 797 3686 862 τούτους

2106 885 2331 941 ἐκείνων
2351 926 2368 950 ,
2403 887 2518 958 μεθ’
2543 880 2618 941 ὧν
2650 889 2707 942 ἐν
2731 887 2810 959 τῷ
2836 887 2950 959 ὄρει
2984 886 3285 959 παλαίομεν
3316 888 3604 959 δαιμόνων.

2180 976 2268 1029 71.
2297 975 2427 1029 Ὅτε
2470 976 2529 1029 δὲ
2575 977 2878 1048 ἀπεδήμει,
2909 978 3003 1031 καὶ
3047 978 3474 1051 προεπέμπομεν
3504 977 3684 1044 αὐτὸν,

2105 1064 2181 1128 ὡς
2214 1064 2529 1137 ἐφθάσαμεν
2554 1068 2633 1130 είς
2663 1065 2761 1137 τὴν
2789 1066 2988 1136 πύλην,
3012 1065 3236 1120 ὄπισθέν
3257 1084 3342 1130 τις
3369 1066 3497 1120 ἐϐόα
3525 1069 3681 1138 γυνή’

2106 1159 2303 1212 Μεῖνον
2323 1199 2337 1224 ,
2383 1157 2635 1229 ἄνθρωπε
2667 1157 2764 1211 τοῦ
2796 1158 2967 1226 Θεοῦ,
3008 1160 3043 1230 ἡ
3075 1159 3321 1232 θυγάτηρ
3359 1176 3459 1230 μου
3499 1159 3684 1222 δεινῶς

2109 1252 2215 1305 ὑπὸ
2233 1251 2484 1322 δαίμονος
2510 1250 2803 1321 ἐνοχλεῖται
2819 1268 2832 1280 ·
2856 1254 3057 1321 μεῖνον,
3088 1249 3411 1321 παρακαλῶ,
3432 1248 3510 1321 μὴ
3530 1250 3686 1319 κάγὼ

2107 1342 2434 1395 κινδυνεύσω
2462 1342 2752 1414 τρέχουσα.
2791 1342 3054 1405 Ἀκούσας
3091 1343 3118 1394 ὀ
3149 1342 3360 1413 γέρων,
3395 1343 3490 1395 καὶ
3519 1340 3685 1407 ἀξιω-

2109 1434 2219 1498 θεὶς
2254 1435 2383 1506 παρ’
2414 1434 2573 1505 ἡμῶν
2598 1476 2615 1501 ,
2667 1434 2836 1487 θέλων
2879 1434 3113 1505 ἔμεινεν.
3164 1434 3252 1497 Ὠς
3295 1433 3354 1486 δὲ
3392 1434 3620 1504 ἧγγισεν
3654 1436 3688 1503 ἡ

2106 1529 2244 1601 γυνὴ
2265 1570 2276 1591 ,
2307 1530 2345 1599 ἠ
2376 1529 2475 1600 μὲν
2514 1532 2645 1592 παῖς
2677 1527 2903 1600 ἔρριπτο
2933 1527 3105 1599 χαμαί
3126 1544 3141 1557 ο
3180 1526 3278 1581 τοῦ
3307 1528 3367 1581 δὲ
3402 1528 3688 1582 Ἀντωνίου

2108 1619 2572 1693 προσευξαμένου,
2591 1620 2685 1673 καὶ
2704 1620 2795 1673 τὸν
2813 1619 3043 1690 Χριστὸν
3069 1619 3455 1690 ὀνομάσαντος,
3476 1619 3690 1690 ἠγέρθη

2109 1715 2143 1784 ή
2173 1715 2299 1776 παῖς
2328 1713 2505 1784 ὑγιὴς,
2534 1712 2840 1779 ἐξελθόντος
2868 1714 2962 1768 τοῦ
2988 1712 3297 1784 ἀκαθάρτου
3321 1710 3596 1782 δαίμονος.
3614 1713 3689 1765 Ἦ

435 1804 695 1859 surrexit.
726 1802 864 1857 Tum
894 1811 1069 1858 mater
1093 1803 1202 1858 Deo
1228 1802 1504 1857 benedixit
1531 1818 1545 1854 :
1575 1803 1871 1871 cunctique
1893 1818 2008 1873 gra-

2114 1820 2167 1857 τε
2202 1805 2383 1875 μήτηρ
2407 1804 2618 1873 εὐλόγει
2645 1804 2733 1858 τὸν
2757 1805 2889 1859 Θεὸν
2908 1846 2926 1870 ,
2951 1806 3043 1859 καὶ
3068 1805 3269 1868 πάντες
3303 1805 3688 1875 ηὐχαρίστουν.

435 1893 1141 1965 tiasegere.Gaudebatque
1170 1894 1285 1959 ille,
1311 1893 1441 1948 dum
1469 1893 1525 1947 in
1557 1903 1821 1959 montem,
1851 1895 2011 1964 quasi

435 1986 492 2041 in
526 1985 800 2056 propriam
831 1985 933 2040 sibi
959 1985 1202 2048 domum,
1233 1985 1574 2055 remigraret.

457 2111 464 2119 -
503 2078 596 2133 72.
635 2077 931 2133 Prudentia
979 2086 1097 2132 erat
1142 2078 1405 2147 singulari
1438 2091 1453 2130 :
1485 2076 1743 2148 quodque
1775 2078 2010 2144 mirum,

436 2169 656 2226 tametsi
689 2169 900 2224 litteras
941 2183 1049 2222 non
1085 2168 1369 2234 didicerat,
1400 2169 1510 2224 acri
1540 2178 1720 2224 tamen
1749 2178 1802 2223 et
1828 2168 2010 2237 sagaci

433 2273 554 2320 erat
601 2262 844 2332 ingenio.
894 2259 1205 2331 Aliquando
1253 2259 1320 2312 ad
1362 2275 1487 2314 eum
1558 2274 1839 2314 accessere
1901 2259 2012 2314 duo

433 2352 609 2410 Graeci
644 2349 994 2423 philosophi,
1024 2350 1127 2403 rati
1164 2364 1224 2404 se
1260 2349 1480 2404 Antonii
1513 2364 1675 2419 posse
1704 2349 2007 2420 periculum

434 2444 658 2500 facere:
700 2443 798 2513 qui
844 2452 958 2496 tum
1005 2451 1124 2496 erat
1169 2442 1224 2495 in
1271 2442 1540 2496 exteriore
1591 2452 1796 2496 monte.
1845 2440 2012 2512 679

434 2534 758 2608 Agnitisque
807 2548 873 2587 ex
916 2531 1070 2586 vultu
1104 2532 1271 2596 viris,
1309 2530 1527 2601 illisque
1557 2546 1874 2595 occurrens,
1915 2546 2011 2600 per

437 2630 792 2698 interpretem
826 2626 941 2680 ait:
975 2617 1113 2691 Quid
1147 2628 1357 2678 tantum
1388 2619 1709 2689 suscepistis
1743 2618 2007 2683 laborem,

435 2739 470 2775 o
500 2718 812 2790 phiIOSOphi
838 2759 855 2785 ,
905 2727 963 2771 ut
1005 2716 1231 2771 stultum
1274 2712 1553 2768 hominem
1603 2710 2010 2767 conveniretis?

436 2810 912 2881 Respondentibus
961 2808 1104 2872 illis,
1157 2819 1504 2876 nequaquam
1550 2803 1776 2859 stultum
1828 2802 2007 2872 ipsum

434 2916 555 2957 csse
575 2943 589 2967 ,
639 2900 735 2955 sed
778 2913 1040 2969 perquam
1069 2897 1394 2967 prudentem
1416 2933 1431 2959 ,
1465 2893 1602 2948 dixit
1631 2911 1645 2947 :
1676 2892 1733 2947 Si
1781 2894 2005 2949 stultum

437 2989 654 3045 adiistis
680 2989 980 3053 hominem,
1009 2986 1142 3039 illud
1176 2994 1323 3041 certe
1348 2983 1497 3037 inani
1532 2982 1721 3038 labore
1753 2999 1766 3034 :
1802 2984 1887 3037 sin
1921 2999 2008 3039 me

436 3082 758 3151 prudentem
810 3075 1187 3141 arbitramini,
1237 3071 1370 3127 mihi
1403 3081 1576 3126 estote
1611 3071 1849 3139 similes,
1882 3087 2005 3126 cuin

435 3188 557 3242 quae
602 3171 745 3225 bona
794 3179 924 3224 sunt
968 3166 1169 3221 imitari
1223 3179 1318 3235 par
1353 3164 1443 3218 sit.
1492 3160 1628 3216 Nam
1674 3163 1719 3217 si
1762 3178 1862 3233 ego
1912 3178 2009 3219 vos

437 3264 694 3320 adiissein
716 3303 732 3329 ,
758 3275 858 3317 vos
888 3260 1203 3316 imitaturus
1233 3272 1381 3312 eram
1411 3271 1425 3308 :
1460 3271 1584 3311 cum
1611 3264 1791 3310 autem
1827 3255 1894 3310 ad
1924 3272 2009 3311 me

434 3372 536 3412 vos
563 3354 942 3419 accesseritis,
978 3353 1084 3408 mei
1121 3350 1327 3408 similes
1360 3348 1670 3405 eﬂieiamini
1701 3367 1714 3403 :
1742 3346 2010 3404 Christia-

435 3465 542 3505 nus
592 3449 791 3520 quippe
839 3462 984 3503 sum.
1042 3442 1310 3500 Admirati
1355 3443 1433 3497 illi
1481 3442 1834 3498 abscessere:
1879 3457 2004 3496 nam

2114 1895 2224 1948 Καὶ
2246 1894 2409 1957 αὐτὸς
2437 1894 2494 1947 δὲ
2533 1894 2749 1966 ἔχαιρεν
2774 1896 3092 1967 ἀποδημῶν,
3120 1893 3196 1958 ib;
3228 1895 3310 1958 είς
3337 1894 3429 1948 τὸν
3452 1893 3583 1946 [διον
3611 1888 3692 1947 οἷ-

2111 2002 2227 2048 κον,
2253 1987 2331 2048 είς
2358 1984 2420 2038 τὸ
2447 1985 2593 2057 ὅρος.

2182 2076 2268 2130 72.
2312 2077 2422 2129 Καὶ
2465 2077 2725 2149 φρόνιμος
2765 2077 2822 2131 δὲ
2851 2070 2919 2147 ἦν
2949 2075 3069 2130 λίαν
3087 2094 3105 2107 °
3139 2075 3241 2130 καὶ
3266 2077 3328 2131 τὸ
3354 2075 3689 2149 θαυμαστὴν,

2111 2168 2193 2221 ὅτι
2212 2207 2227 2231 ,
2266 2168 2569 2239 γράμματα
2600 2170 2675 2242 μὴ
2706 2168 2892 2241 μαθὼν
2916 2210 2931 2235 ,
2969 2168 3223 2240 ἀγχίνους
3247 2164 3315 2241 ἦν
3344 2169 3437 2223 καὶ
3472 2168 3692 2232 συνετὸς

2110 2257 2414 2330 ἄνθρωπος.
2446 2260 2584 2313 Ποτὲ
2612 2260 2741 2329 γοῦν
2790 2260 3066 2331 φιλόσοφοι
3097 2259 3191 2312 δύο
3227 2255 3389 2328 ἦλθον
3418 2258 3554 2330 πρὸς
3586 2258 3691 2310 αὖ·

2109 2353 2200 2406 τὸν
2243 2352 2501 2424 Ἕλληνες
2527 2395 2542 2421 ,
2590 2351 2903 2424 νομίζοντες
2947 2351 3208 2406 δύνασθαι
3258 2350 3351 2405 τὸν
3409 2349 3691 2403 Ἀντώνιον

2111 2445 2370 2515 πειρᾶσαι
2390 2457 2404 2472 ⁸
2437 2439 2507 2515 ἦν
2537 2436 2594 2496 δὲ
2621 2445 2678 2497 ἐν
2703 2444 2782 2515 τῷ
2816 2444 2931 2515 ὄρει
2960 2443 3038 2515 τῷ
3068 2442 3173 2507 ἔξω
3191 2459 3205 2473 °
3233 2443 3262 2495 ὁ
3289 2441 3345 2494 δέ
3369 2441 3479 2511 (51)
3506 2442 3571 2492 ἐκ
3590 2438 3689 2492 τοῦ

2111 2534 2401 2606 προσώπου
2431 2536 2609 2601 συνεὶς
2639 2537 2766 2600 τοὺς
2797 2535 3136 2608 ἀνθρώπους,
3167 2532 3397 2601 ἐξελθὼν
3426 2533 3564 2605 πρὸς
3594 2534 3691 2585 αὐ-

2108 2625 2269 2687 τοὺς,
2308 2624 2413 2694 ἔφη
2452 2624 2519 2678 δι’
2563 2626 2877 2697 ἑρμηνέως·
2914 2624 2979 2679 Τί
3016 2624 3267 2678 τοσοῦτον
3311 2623 3607 2694 ἐσκύλητε,
3638 2612 3688 2675 ὦ

2109 2714 2409 2785 φιλόσοφοι,
2439 2715 2575 2788 πρὸς
2603 2717 2783 2787 μωρὸν
2813 2715 2909 2770 ἄνθ
2920 2733 3135 2788 ρωπον;
3162 2715 3284 2770 Τῶν
3311 2715 3368 2768 δὲ
3395 2714 3687 2777 εἰπόντων,

2114 2808 2190 2878 μὴ
2222 2803 2361 2861 εἶναι
2397 2808 2578 2880 μωρὸν
2606 2808 2788 2875 αὐτὸν,
2820 2808 2955 2862 άλλὰ
2984 2809 3077 2861 καὶ
3104 2808 3248 2879 μάλα
3271 2807 3557 2879 φρόνιμον,
3580 2805 3687 2876 ἔφη

2111 2897 2247 2968 πρὸς
2292 2898 2488 2963 αὐτούς
2508 2916 2523 2931 ο
2551 2900 2614 2953 El
2642 2899 2742 2972 μὲν
2779 2900 2914 2969 πρὸς
2943 2900 3124 2972 μωρὸν
3161 2898 3352 2969 ἤλθετε
3371 2937 3388 2963 ,
3432 2895 3686 2969 περιττὸς

2111 2987 2264 3059 ὑμῶν
2292 2990 2321 3042 ό
2353 2988 2598 3060 κάματος
2617 3004 2631 3018 ⁸
2664 2992 2712 3042 εί
2749 2989 2805 3042 δὲ
2840 2988 3088 3060 νομίζετέ
3119 3006 3187 3060 με
3217 2988 3479 3060 φρόνιμον
3508 2984 3683 3051 εἶναι,

2110 3079 2327 3148 γίνεσθε
2353 3080 2428 3144 ὡς
2455 3080 2565 3149 ἐγώ
2585 3098 2599 3111 ο
2627 3080 2709 3134 δεῖ
2736 3080 2844 3152 γάρ
2870 3082 2940 3134 τά
2977 3080 3118 3135 καλὰ
3145 3079 3448 3152 μιμεῖσθαι.
3484 3079 3592 3133 Καὶ
3632 3079 3687 3131 εἰ

2114 3169 2212 3241 μὲν
2242 3168 2351 3239 ἐγὼ
2376 3171 2511 3243 πρὸς
2534 3173 2678 3243 ὑμᾶς
2702 3173 2972 3244 ἠρχόμην,
3017 3172 3376 3243 ἐμιμησάμην
3405 3172 3471 3225 ἂν
3503 3171 3680 3241 ὑμᾶς’

2112 3261 2161 3313 εί
2191 3260 2249 3314 δὲ
2277 3261 2435 3331 ὑμεῖς
2474 3262 2609 3332 πρὸς
2654 3263 2788 3332 ἐμὲ,
2827 3261 3039 3331 γίνεσθε
3071 3262 3147 3325 ὡς
3188 3261 3330 3332 ἐγώο
3358 3260 3683 3335 Χριστιανὸς

2112 3352 2224 3424 γάρ
2267 3355 2402 3423 εἰμι.
2452 3354 2516 3405 Oi
2565 3352 2621 3406 δὲ
2668 3353 3034 3424 θαυμάζοντες
3079 3354 3387 3426 ἀνεχώρουν
3457 3353 3682 3407 ἔϐλεπον

2113 3443 2223 3514 γὰρ
2246 3447 2340 3497 καὶ
2363 3445 2621 3516 δαίμονας
2652 3444 3021 3515 φοϐουμένους
3045 3447 3137 3501 τὸν
3171 3445 3470 3501 Ἀντώνιον.

438 3550 634 3615 praeter
673 3539 790 3596 haec
821 3538 1070 3593 viderant
1101 3536 1376 3591 dazmones
1418 3533 1715 3589 Antonium
1761 3530 2134 3589 reformidare.

1790 3718 2035 3775 VERSIO
2072 3719 2373 3776 EVAGRII.

438 3918 739 3976 credentes.
790 3914 935 3982 Quot
963 3923 1093 3970 tunc
1117 3913 1384 3969 diabolica
1414 3913 1697 3967 obsidione
1735 3921 1791 3967 et
1831 3911 2000 3967 variis
2046 3911 2453 3969 inﬁrmitatibus
2500 3913 2749 3969 liberati?
2779 3912 2925 3980 Quot
2968 3910 3278 3969 simulacris
3323 3920 3510 3983 erepta
3557 3925 3683 3972 sunt

438 3988 648 4060 spolia?
674 3986 1062 4060 Quantietiam
1092 3987 1161 4040 ab
1191 4000 1379 4039 errore
1398 3984 1687 4060 gentilium
1721 3982 1961 4060 retracti,
1997 3993 2186 4060 nostro
2212 3983 2387 4052 juncti
2415 3992 2543 4039 sunt
2569 3984 2757 4060 gregi?
2786 3985 2930 4060 tanti
2953 3994 3120 4050 certe,
3152 3992 3211 4037 ut
3241 3982 3541 4060 paucorum
3565 3984 3681 4038 die-

436 4052 558 4114 rum
590 4052 765 4128 spatio
784 4073 848 4112 ex
882 4052 1559 4128 idolorumsuperstitione
1586 4054 1873 4128 conversio
1905 4067 2123 4128 omnem
2146 4058 2258 4120 [per
2283 4070 2487 4128 annum
2521 4052 2857 4128 credentium
2883 4055 3122 4109 vinceret
3153 4053 3390 4128 turbam.
3413 4052 3681 4128 frater-ea

433 4145 561 4184 cum
595 4122 889 4183 irruentem
915 4122 1314 4180 multitudinem
1349 4125 1576 4178 comites
1611 4123 1952 4192 repellerent,
1983 4122 2318 4193 aestimantes
2347 4123 2508 4178 taedio
2537 4124 2619 4193 illi
2644 4133 2970 4178 conventum
3013 4124 3196 4193 populi
3245 4122 3381 4186 fore,
3410 4125 3503 4177 ille
3533 4134 3682 4177 trait-

433 4200 604 4269 quillo
633 4201 817 4253 animo
845 4198 1060 4269 dicebat
1090 4214 1103 4249 :
1134 4193 1388 4264 Nunquid
1412 4194 1501 4247 hic
1527 4204 1701 4248 coetus
1721 4194 2042 4269 daemonum
2072 4192 2247 4261 major
2273 4201 2357 4269 est
2415 4192 2627 4249 turbis?
2656 4194 2900 4264 nunquid
2925 4192 3345 4263 obsequentium
3389 4194 3682 4250 multitudo

433 4263 850 4323 colluctatorum
884 4268 938 4319 in
963 4274 1147 4322 monte
1182 4263 1496 4319 nostrorum
1532 4263 1765 4319 catervis
1799 4272 1881 4316 est
1908 4263 2294 4317 numerosior?

510 4338 596 4390 71.
636 4338 847 4412 Accidit
870 4337 1033 4412 etiam
1083 4344 1142 4390 ut
1169 4349 1294 4412 cum
1321 4350 1442 4412 eum
1472 4334 1785 4412 redeuntem
1822 4333 1968 4412 circa
1999 4342 2209 4412 portam
2240 4348 2715 4412 prosequeremur,
2749 4349 2777 4388 a
2815 4342 2966 4401 tergo
2993 4331 3236 4412 quaedam
3266 4331 3461 4388 mulier
3489 4333 3684 4387 clami-

431 4417 592 4471 taret,
625 4409 850 4462 dicens:
885 4405 1170 4475 Exspecta,
1200 4407 1370 4475 homo
1396 4403 1489 4458 Dei
1507 4445 1531 4475 ,Α
1544 4403 1660 4475 tilia
1691 4418 1808 4475 mea
1840 4402 2186 4475 atrocissime
2207 4413 2434 4456 vexatur
2464 4403 2734 4475 daemonio
2768 4421 2781 4457 :
2812 4402 3375 4475 exspecta,gobsccro,
3407 4414 3683 4473 exspecta,

430 4495 503 4535 ne
546 4487 603 4532 et
643 4492 743 4547 ego
788 4471 1012 4547 currens
1049 4474 1162 4547 (52)
1196 4473 1483 4528 inteream.
1517 4473 1632 4547 Hoc
1664 4473 1873 4533 audito,
1910 4471 2176 4547 mirabilis
2219 4487 2384 4547 senex
2419 4488 2450 4526 a
2478 4473 2634 4527 nobis
2663 4471 2998 4547 admonitus,
3029 4473 3218 4547 volens
3250 4482 3431 4547 tamen
3462 4471 3523 4527 et
3549 4475 3682 4547 ipee,

430 4541 715 4619 paululum
746 4546 1005 4619 substitit.
1038 4541 1309 4619 Cumque
1330 4545 1799 4619 appropinquante
1842 4542 2089 4619 muliere,
2127 4543 2304 4610 puella
2328 4542 2537 4613 iaceret
2566 4544 2788 4619 explosa
2808 4583 2828 4619 ,
2849 4545 3024 4619 oravit
3053 4544 3251 4619 tacitus
3283 4541 3685 4619 l)_omi_nu_m‘l‘e-

430 4612 554 4676 sum
587 4634 601 4670 :
636 4628 691 4673 et
716 4617 782 4671 ad
810 4612 1241 4684 nominationem
1262 4612 1595 4684 ejusi’statim
1626 4613 1865 4684 spiritus
1885 4612 2531 4684 in‘ipurus‘egressusest
2563 4628 2576 4663 :
2610 4613 2787 4682 puella
2817 4614 3132 4679 incolumis,
3163 4613 3397 4681 populus
3422 4612 3684 4684 inlaudi-

430 4691 539 4745 bus
561 4687 677 4749 Dei.
708 4701 883 4741 mater
908 4685 962 4739 in
991 4684 1189 4755 gaudio
1221 4681 1344 4739 fuit.
1376 4683 1496 4753 Ipse
1523 4681 1702 4755 autem
1732 4682 2046 4755 laztabatiir,
2070 4681 2198 4755 quia
2225 4683 2293 4755 ad
2322 4681 2683 4755 desideratam
2715 4684 3066 4755 solitudinem
3096 4685 3373 4755 remeabat
3405 4682 3541 4755 (5'5).

504 4758 591 4813 72.
633 4757 763 4812 Erat
788 4767 967 4812 autem
996 4751 1156 4808 valde
1181 4751 1419 4822 sapiens,
1453 4764 1506 4808 et
1533 4756 1634 4807 hoc
1663 4754 1717 4805 in
1746 4768 1805 4806 se
1836 4751 2365 4822 mirabilehabebal,
2409 4754 2537 4822 quia
2571 4768 2697 4807 eum
2731 4753 2940 4808 litteras
2965 4768 3072 4807 non
3098 4752 3400 4816 didicisset,
3432 4751 3683 4821 ingenio-

430 4831 684 4888 sissimus
713 4837 768 4882 et
801 4821 1259 4896 prudentissimus
1288 4836 1427 4879 erat.
1470 4822 1778 4896 Aliquando
1826 4823 2025 4896 etenim
2057 4821 2368 4896 philosophi
2417 4821 2527 4877 duo
2561 4823 2788 4896 gentiles
2818 4832 3087 4878 venerunt
3115 4823 3183 4896 ad
3226 4838 3349 4896 eum
3381 4861 3398 4887 ,
3430 4832 3684 4896 putantes

429 4898 731 4955 Antonium
755 4891 816 4953 se
843 4911 1003 4967 posse
1027 4894 1278 4967 decipere
1304 4912 1319 4950 :
1351 4903 1469 4948 erat
1488 4891 1615 4967 vero
1644 4893 1696 4945 in
1730 4891 1988 4967 exterieri
2016 4902 2218 4967 monte.
2246 4891 2395 4959 Quos
2420 4907 2544 4967 cum
2570 4891 2819 4967 vidisset,
2847 4907 3094 4967 paganos
3113 4893 3377 4967 intellexit
3400 4907 3464 4945 ex
3489 4892 3640 4967 vultu
3667 4908 3680 4944 :

428 4978 487 5026 et
516 4968 814 5041 procedens
834 4961 912 5041 ad
941 4961 1194 5041 eos,_per_
1217 4965 1566 5041 interpretem
1598 4964 1675 5018 ita
1705 4962 1872 5032 coepit
1916 4961 2067 5041 loqui
2097 4976 2111 5013 :
2143 4962 2324 5041 Quare
2347 4971 2456 5016 tam
2489 4963 2650 5041 longe
2694 4964 2785 5041 _ad_
2819 4965 3047 5041 stultum
3084 4963 3683 5041 lioniitiem__sapientes

430 5057 491 5096 se
513 5032 715 5096 vexare
761 5032 1229 5092 voluerunti'lllis
1285 5032 1590 5090 dicentibus
1630 5046 1741 5087 non
1785 5047 1907 5087 esse
1938 5033 2092 5085 illum
2127 5033 2376 5096 stultum,
2434 5033 2528 5087 sed
2562 5043 2616 5086 et
2654 5034 2883 5086 nimium
2911 5033 3249 5102 sapientem,
3282 5032 3568 5101 vigilanter
3603 5047 3684 5084 re-

429 5110 689 5181 spondit:
722 5107 878 5181 Si_ad
911 5107 1136 5181 stultum
1167 5102 1761 5181 venistis,_superi_lu_u_s‘
1775 5112 1860 5158 est
1888 5102 2042 5181 labor
2075 5112 2254 5181 vester
2287 5120 2301 5158 :
2336 5103 2380 5181 si
2415 5112 2598 5181 autem
2641 5104 2846 5181 putatis
2879 5103 3301 5181 mesapientem
3337 5117 3480 5181 esse,
3512 5110 3568 5156 et
3595 5116 3683 5155 sa-

429 5169 691 5252 pientiam
722 5179 926 5252 habere
952 5177 1156 5232 bonum
1187 5184 1308 5252 est,
1342 5169 1631 5252 imitamini
1653 5171 1768 5243 (54)
1793 5173 1939 5252 quod
1988 5172 2254 5252 probatis,
2284 5173 2412 5243 quia
2446 5173 2589 5252 bona
2615 5169 2871 5228 convenit
2901 5169 3123 5252 imitari.
3159 5169 3215 5225 Si
3249 5186 3349 5241 ego
3369 5173 3446 5252 ad
3477 5187 3573 5252 gos
3598 5186 3685 5251 ve-

431 5242 659 5318 nissem,
696 5264 795 5304 vos
837 5248 1118 5313 imitarer;
1149 5244 1246 5318 sed
1285 5247 1412 5316 quia
1443 5259 1539 5299 vos
1566 5243 1635 5318 ad
1664 5242 1751 5297 me
1778 5243 1936 5313 quasi
1964 5242 2031 5296 ad
2057 5242 2632 5318 sapientemvenistis,
2676 5252 2874 5303 estote,
2899 5243 3044 5318 sicut
3062 5257 3171 5318 ego
3201 5257 3345 5306 sum,
3364 5242 3682 5296 Christiani.

428 5312 829 5380 Absecsserunt
861 5312 1192 5388 philosophi,
1224 5312 1523 5385 utrumque
1546 5312 1830 5381 mirantes,
1856 5322 1910 5368 et
1935 5326 2165 5369 acumen
2194 5314 2419 5384 ingenii,
2445 5324 2500 5369 et
2523 5314 2835 5369 daemonum
2858 5313 3231 5382 expulsiones.

504 5480 620 5551 (ὅθ)
657 5476 793 5551 {res
821 5491 980 5551 m_ss.,
1006 5480 1065 5533 ἐν
1096 5475 1349 5551 ἐνιαυτῷ.

515 5542 631 5621 (51)
662 5548 766 5621 _Sic
791 5542 1013 5621 quidem
1048 5564 1178 5605 mss.
1214 5542 1355 5603 Editi
1384 5560 1533 5612 vero,
1571 5543 1648 5609 ὼς
1679 5542 1759 5621 δέ.

508 5614 623 5691 (ΒΞ)
652 5614 905 5691 ’μετῄει
936 5619 1080 5675 Editi
1107 5633 1237 5691 vere
1257 5656 1274 5682 ,
1306 5632 1554 5691 corruens
1578 5656 1594 5682 ,
1625 5614 1809 5691 minus
1838 5622 2005 5691 recte.

509 5682 622 5755 (63')
660 5688 804 5742 Editi
839 5702 964 5743 cum
988 5690 1172 5744 Germ.
1204 5689 1231 5741 1
1252 5726 1268 5751 ,
1310 5688 1462 5750 solo,
1492 5684 1807 5755 repedabat,
1839 5682 2003 5755 Gem-

436 5770 568 5813 met.
605 5754 659 5825 l,
687 5766 742 5813 et
773 5758 959 5813 Germ.
992 5759 1060 5827 2,
1090 5760 1374 5814 remeabat.
1405 5754 1673 5824 Deserat,
1706 5754 1999 5810 reverteba-

2115 5482 2225 5527 tur.
2254 5471 2447 5540 Colb.,
2496 5471 2753 5526 radiabat.
2782 5468 2955 5525 Paulo
2978 5478 3101 5540 post
3127 5484 3263 5525 mss.
3295 5467 3551 5538 quidam,
3586 5477 3682 5516 non

2113 5543 2418 5608 didicisset,
2450 5541 2739 5595 immobilis
2770 5542 2927 5595 homo
2952 5550 3003 5594 et
3034 5547 3340 5592 mansuetus
3371 5546 3509 5591 erat.

2185 5614 2294 5686 (54)
2331 5603 2414 5686 ita
2437 5611 2593 5686 multi
2628 5609 3182 5686 manuscripti._Editi
3202 5624 3367 5686 _veru,
3395 5620 3445 5662 et
3476 5603 3679 5660 sacieta-

2113 5680 2245 5739 tiam
2277 5680 2487 5750 habere,
2515 5683 2706 5737 bonum
2733 5692 2809 5738 est
2838 5690 2896 5735 ut
2914 5680 3235 5735 imitemini.
