3992 6230
363 356 472 416 915

431 481 521 535 75.
549 481 756 536 Ἀλλων
786 482 843 537 δὲ
873 483 1033 538 πάλιν
1059 485 1312 540 τοιούτων
1345 485 1772 557 ἀπαντησάντων
1799 485 1932 557 πρὸς
1963 489 2004 545 Α

359 571 525 626 αὐτὸν
552 575 610 626 ἐν
633 573 712 644 τῷ
736 575 850 644 δρει
876 575 954 646 τῷ
983 575 1088 641 ἔξω
1107 618 1120 640 ,
1159 578 1250 630 καὶ¹
1276 577 1600 647 νομιζόντων
1631 574 1931 648 χλευάζειν,

1673 358 1826 416 VITA
1873 359 1929 416 S.
1965 359 2263 416 ANTONII.

3492 371 3598 427 ωδ

2114 487 2192 539 15.
2235 485 2371 540 Aliis
2417 501 2635 542 rursum
2690 487 2776 543 his
2822 487 3094 545 similibus
3135 503 3194 544 se
3240 488 3295 543 in
3341 487 3596 544 exteriori

2038 587 2222 634 monte
2255 579 2600 646 adeuntibus,
2641 579 2928 644 illudendi,
2956 590 3015 635 ut
3058 582 3377 650 sperabant,
3409 597 3603 654 causa,

359 664 443 716 ὄ·.ι
485 664 557 734 μὴ
609 665 893 737 μεμάθηκε
927 667 1260 738 γράμματα,
1302 669 1449 737 λέγει
1493 669 1629 740 πρὸς
1674 668 1868 730 αὐτοὺς
1905 670 1922 720 ί

2036 671 2178 740 quod
2229 670 2530 724 litterarum
2559 678 2704 724 esset
2739 670 3048 741 imperitus,
3100 671 3452 741 interrogavit
3500 686 3597 726 eos

371 753 680 819 Ἀντώνιος·
731 757 920 827 Ὑμεῖς
963 757 1020 810 δέ
1069 758 1121 810 τί
1167 759 1389 826 λέγετε;
1432 759 1496 811 Τί
1526 758 1738 827 πρῶτόν
1778 759 1929 818 ἐστι,

355 844 484 910 νοῦς
527 845 560 916 ἢ
605 846 940 918 γράμματα;
985 849 1079 900 καὶ
1110 849 1162 901 τί
1186 849 1340 912 ’τίνος
1381 848 1583 915 αἴτιον,
1615 850 1645 901 6
1671 847 1793 912 νοῦς
1824 848 1931 900 τῶν

355 936 731 1006 γραμμάτων,
776 937 809 1009 ἢ
842 937 910 991 τά
943 939 1244 1010 γράμματα
1284 940 1377 992 τοῦ
1424 939 1552 1004 νοῦ;
1590 939 1710 994 Τῶν
1751 941 1808 993 δὲ
1856 941 1932 992 εί-

355 1027 564 1080 πόντων
593 1027 805 1100 πρῶτον
834 1025 972 1082 εἶναι
1005 1030 1092 1082 τὸν
1120 1031 1246 1084 νοῦν
1264 1075 1277 1097 ,
1329 1032 1424 1084 καὶ
1447 1031 1556 1085 τῶν
1587 1032 1929 1102 γραμμάτων

352 1119 615 1191 εὑρέτην
645 1120 745 1192 ἔφη
778 1123 809 1174 6
849 1122 1163 1187 Ἀντώνιος·
1196 1118 1266 1194 Ὦ
1297 1123 1473 1177 τοίνυν
1520 1125 1548 1176 6
1596 1121 1720 1186 νοῦς
1753 1123 1928 1190 ὑγιαί-

352 1228 468 1274 νει,
502 1210 674 1282 τούτῳ
703 1212 817 1280 (55)
847 1213 946 1266 οὐκ
988 1214 1259 1282 ἀναγκαῖα
1292 1214 1359 1266 τά
1392 1214 1711 1284 γράμματα.
1758 1213 1927 1266 Τοῦτο

351 1302 597 1366 καὶτοὺς
626 1305 895 1374 παρόντας
928 1307 1022 1359 καὶ
1062 1306 1256 1368 αὐτοὺς
1297 1303 1610 1376 ἐξέπληξεν.
1661 1304 1925 1375 Ἀπῆλθον

348 1386 444 1444 οὖν
480 1391 882 1464 θαυμάζοντες,
929 1396 1010 1448 ὅτι
1052 1396 1318 1466 τοσαύτην
1366 1396 1594 1450 ἔϐλεπον
1638 1397 1696 1449 ἐν
1742 1395 1924 1469 ἰδιώτῃ

351 1481 595 1537 σύνεσιν·
637 1487 731 1538 καὶ
759 1484 868 1556 γὰρ
899 1487 997 1556 οὐχ
1026 1486 1101 1549 ὡς
1127 1488 1183 1539 ἐν
1213 1487 1330 1558 ὄρει
1357 1488 1606 1557 τραφεὶς.
1641 1487 1801 1539 κάκεῖ
1831 1487 1924 1556 γέ·-

352 1591 460 1644 ρων
483 1574 792 1646 γενόμενος,
817 1576 1008 1646 ἄγριον
1032 1572 1144 1647 εἶχε
1171 1576 1230 1630 τὺ
1252 1573 1383 1648 ἦθος
1400 1593 1413 1606 ·
1435 1576 1568 1630 ἀλλὰ
1595 1577 1689 1630 καὶ
1712 1577 1923 1648 χαρίεις

345 1662 416 1734 ἦν
441 1666 534 1718 καὶ
568 1665 863 1731 πολιτικός.
907 1667 1010 1721 Τδν
1039 1669 1095 1721 δέ
1144 1668 1298 1736 λόγον
1330 1665 1476 1738 εἶχεν
1504 1669 1804 1740 ἠρτυμένον
1843 1667 1922 1738 τῷ

347 1754 476 1825 θείῳ
504 1755 696 1808 alme“
719 1756 861 1810 ὥστε
899 1757 1100 1828 μηδένα
1129 1757 1365 1828 φθονεῖν,
1398 1759 1608 1830 χαίρειν
1640 1759 1696 1812 δὲ
1724 1759 1922 1830 μᾶλλον

344 1847 432 1899 ἐπ’
462 1847 611 1918 αὐτῷ
643 1848 848 1912 πάντας
880 1850 1004 1912 τοὺς
1034 1851 1361 1922 ἐρχομένους
1391 1851 1526 1924 πρὸς
1551 1851 1732 1906 αὐτόν.

413 1939 500 1992 74.
555 1939 767 2010 Ἀμέλει
799 1942 933 2011 μετὰ
960 1941 1134 1995 ταῦτα
1167 1943 1281 2013 (56)
1317 1943 1480 1997 πάλιν
1505 1944 1765 1998 ἐλθόντων
1805 1945 1920 1997 ἐτέ-

346 2044 455 2098 ρων
481 2028 673 2082 τινῶνο
717 2025 854 2100 ἦσαν
884 2030 941 2082 δὲ
973 2023 1119 2084 οὗτοι
1144 2031 1253 2085 τῶν
1282 2032 1412 2102 παρ’
1443 2031 1669 2103 Ἕλλησι
1699 2033 1918 2086 δοκούν-

340 2135 450 2171 των
479 2114 617 2172 εἷναι
641 2121 819 2190 σοφῶν
843 2137 857 2151 ·
889 2122 982 2174 καὶ
1006 2121 1377 2177 ἀπαιτούντων
1406 2123 1569 2176 αὑτὸν
1606 2124 1762 2192 λόγον
1792 2125 1920 2196 περὶ

339 2211 442 2280 τῆς
485 2209 608 2263 καθ’
639 2207 788 2282 ἡμᾶς
821 2212 880 2264 ἐν
923 2212 1143 2284 Χριστῷ
1181 2212 1448 2274 πίστεως·
1498 2213 1918 2284 ἐπιχειρούντων

338 2301 398 2354 δὲ
450 2301 854 2370 συλλογίζεσθαι
902 2302 1031 2373 περὶ
1075 2302 1170 2356 τοῦ
1228 2301 1584 2375 κηρύγματος
1628 2303 1724 2356 τοῦ
1771 2303 1915 2357 θείου

338 2390 597 2461 σταυροῦ,
628 2391 720 2443 καὶ
754 2390 1087 2461 βουλομένων
1117 2391 1397 2462 χλευάζειν
1417 2408 1433 2424 ο
1467 2392 1646 2461 ὀλίγον
1675 2390 1916 2462 ἐπισχὼν

334 2486 367 2537 6
407 2482 720 2546 Ἀντώνιος,
755 2483 849 2535 καὶ
893 2481 1106 2554 πρῶτον
1152 2483 1426 2554 οἰκτείρας
1471 2484 1670 2548 αὐτοὺς
1711 2485 1803 2536 ἐπὶ
1847 2486 1912 2554 τῇ

336 2571 612 2643 ἀγνωσία,
646 2571 798 2640 ἔλεγε
829 2571 895 2624 δι’
938 2572 1218 2642 ἑρμηνέως
1236 2613 1250 2636 ,
1284 2571 1376 2627 τοῦ
1405 2572 1583 2636 καλῶς
1609 2573 1676 2626 τά
1703 2573 1912 2626 ἐκείνου

333 2646 782 2734 διερμηνεύοντος
801 2677 815 2694 ο
847 2661 912 2715 Τί
937 2661 1155 2715 κάλλιόν
1181 2664 1318 2726 ἐστι,
1345 2663 1576 2735 σταυρὸν
1607 2664 1910 2736 ὁμολογεῖν,

335 2752 370 2823 ἢ
408 2754 651 2824 μοιχείας
687 2754 782 2807 καὶ
827 2753 1214 2825 παιδοφθορίας
1259 2757 1595 2826 προσάπτειν
1636 2759 1750 2820 τοῖς
1781 2759 1910 2825 παρ’

335 2846 468 2914 ὑμῖν
495 2844 807 2915 λεγομένοις
835 2843 974 2908 θεοῖς
997 2862 1012 2910 ;
1034 2845 1107 2898 Τὸ
1139 2845 1239 2916 μὲν
1268 2847 1378 2918 γὰρ
1409 2849 1540 2919 παρ’
1569 2846 1726 2919 ἡμῶν
1753 2847 1910 2916 λεγό·

337 2951 503 3004 μενον
533 2934 752 3006 ἀνδρίας
795 2934 914 2988 ἐστὶ⁵
949 2936 1267 3007 τεκμήριον,
1313 2937 1407 2990 καὶ
1454 2939 1912 3009 καταφρονήσεως

335 3025 564 3079 θανάτου
602 3023 888 3095 γνώρισμα
909 3039 921 3055 ο
969 3023 1037 3078 τὰ
1085 3025 1142 3078 δὲ
1183 3025 1422 3098 ὑμέτερα
1463 3026 1747 3095 ἀσελγείας
1795 3029 1912 3082 ἐστὶ

334 3112 505 3184 πάθη.
539 3114 767 3166 Ἔπειτα
795 3113 847 3166 τί
877 3112 1086 3184 βέλτιόν
1111 3115 1248 3179 ἐστι,
1276 3115 1477 3184 λέγειν,
1499 3118 1579 3170 ὅτι
1605 3118 1633 3170 ὁ
1657 3116 1752 3170 τοῦ
1774 3117 1908 3172 Θεοῦ
1936 3151 1982 3214 C

331 3207 507 3274 Λόγος
530 3207 630 3259 οὐκ
661 3207 872 3278 ἐτράπη
893 3223 907 3237 ·
930 3207 1044 3260 ἀλλ’
1073 3209 1102 3260 6
1125 3207 1286 3271 αὐτὸς
1308 3206 1403 3274 ὣν,
1429 3210 1524 3263 ἐπὶ
1547 3210 1790 3282 σωτηρίᾳ
1815 3212 1910 3265 καὶ

331 3297 623 3370 εὐεργεσίᾳ
657 3297 766 3351 τῶν
792 3297 1094 3370 ἀνθρώπων
1130 3300 1387 3371 ἀνείληφε
1434 3300 1592 3372 σῶμα
1636 3302 1911 3374 ἀνθρώπι-

329 3408 444 3455 νον,
481 3391 564 3444 ἵνα
583 3431 598 3456 ,
630 3393 696 3462 τῇ
728 3391 1042 3464 ἀνθρωπίνῃ
1067 3392 1279 3461 γενέσει
1309 3394 1644 3464 κοινωνήσας
1664 3434 1678 3457 ,
1709 3395 1908 3467 ποιήσῃ

328 3483 460 3545 τοὺς
477 3480 796 3553 ἀνθρώπους
822 3482 1144 3552 κοινωνῆσαι
1166 3482 1314 3546 θείας
1339 3483 1433 3537 καὶ
1458 3485 1648 3555 νοερᾶς
1671 3483 1905 3553 φύσεως

330 3572 368 3643 ἢ
392 3575 450 3627 ἐν
482 3573 694 3643 ἀλόγοις
721 3572 999 3646 ἐξομοιοῦν
1021 3574 1080 3629 τὸ
1101 3575 1277 3642 Θεῖον,
1307 3576 1400 3629 καὶ
1426 3575 1514 3629 διά
1545 3574 1703 3629 τοῦτο
1729 3574 1908 3629 σέὸειν

2033 761 2301 816 Antonius
2326 766 2349 812 ε’
2384 760 2522 827 Quid
2572 775 2667 816 vos
2704 761 2924 817 dicitis?
2971 761 3238 828 Quidnam
3294 763 3442 831 prius
3487 773 3594 824 est.

2032 867 2187 906 mens
2213 868 2279 906 an
2315 852 2524 916 litterae,
2565 861 2618 907 et
2643 853 2770 921 quid
2801 853 2997 906 horum
3035 852 3258 907 alterius
3281 868 3446 908 causa
3477 864 3594 916 est,

2033 956 2257 995 mensne
2307 941 2604 995 litterarum
2632 982 2647 1008 ,
2707 957 2776 995 an
2822 942 3013 996 littera:
3055 943 3252 996 mentis
3293 940 3449 1012 (57)?
3492 942 3596 1008 Qui

2031 1045 2154 1086 cum
2187 1038 2420 1085 mentem
2451 1031 2696 1086 dicerent
2721 1030 2953 1101 priorem
2987 1040 3041 1087 et
3073 1033 3372 1088 litterarum
3402 1033 3594 1086 inven-

2030 1122 2254 1187 tricem,
2299 1123 2377 1176 ait
2423 1122 2738 1178 Antonius:
2773 1123 2872 1177 Cui
2924 1138 3054 1193 ergo
3092 1139 3224 1179 sana
3272 1138 3428 1177 mens
3473 1129 3607 1188 est,.

2029 1211 2156 1264 huic
2198 1226 2306 1265 non
2334 1213 2657 1266 necessariae
2686 1212 2895 1267 litterae.
2934 1210 3054 1278 Quo
3087 1227 3338 1266 sermone
3365 1221 3472 1266 tam
3499 1213 3609 1281 quia

2028 1300 2252 1355 aderant
2291 1301 2418 1364 alii,
2463 1317 2626 1371 quam
2658 1302 2769 1369 isti,
2827 1301 3170 1372 Obstupuere.
3202 1303 3596 1358 Abscesserunt

2026 1391 2188 1462 igitur
2221 1392 2296 1446 illi
2325 1392 2506 1448 mirati
2537 1401 2740 1447 tantam
2790 1393 2843 1448 in
2893 1393 3060 1448 idiota
3117 1395 3335 1450 homine
3378 1394 3599 1466 sapien-.

2025 1483 2198 1536 tiam:
2231 1482 2357 1538 licet
2407 1484 2550 1538 enim
2599 1485 2652 1540 in
2697 1494 2884 1541 monte
2928 1488 3236 1552 enutritus,
3283 1487 3357 1542 ibi
3401 1502 3592 1543 conse-

2024 1573 2254 1636 nuisset.
2293 1589 2638 1645 nequaquam
2672 1577 2902 1645 agrestis
2925 1586 3045 1632 erat
3078 1577 3344 1642 moribus,
3372 1578 3465 1633 sed
3493 1593 3582 1633 eoo

2023 1661 2128 1717 mis
2177 1661 2547 1732 urbanusque.
2605 1663 2906 1736 Divinoque
2958 1667 3071 1722 sale
3119 1667 3371 1722 conditus
3413 1683 3591 1724 sermo

2023 1752 2168 1808 illius
2200 1752 2338 1820 fuit;
2377 1754 2451 1808 ita
2485 1763 2544 1808 ut
2575 1771 2736 1810 nemo
2767 1756 3033 1812 invideret
3061 1757 3187 1828 ipsi,
3219 1758 3316 1814 sed
3343 1759 3591 1815 laetaren-

1951 1819 1994 1873 Β
2025 1853 2112 1898 tur
2140 1819 2329 1914 potius
2351 1846 2594 1902 universi
2626 1848 2720 1916 qui
2752 1848 2818 1903 ad
2851 1863 2978 1904 eum
3010 1819 3350 1905 accederent.

2090 1936 2177 1991 74.
2208 1937 2499 1992 Enimvero
2527 1940 2912 1995 accedentibus
2941 1940 3139 1994 iterum
3164 1941 3492 2011 quibusdam
3519 1958 3588 1999 ex

2019 2027 2088 2083 iis
2109 2028 2203 2096 qui
2232 2030 2374 2098 apud
2394 2028 2611 2084 Graecos
2629 2030 2902 2099 sapientes
2919 2030 3188 2093 videntur,
3213 2031 3589 2102 rationemque

2018 2121 2431 2190 reposcentibus
2462 2121 2528 2177 de
2559 2121 2663 2175 (ide
2702 2131 2886 2176 nostra
2923 2122 2978 2176 in
3021 2121 3324 2186 Christum,
3367 2124 3588 2177 nitenti-

2017 2212 2228 2282 busque
2277 2220 2469 2283 argute
2511 2213 2578 2267 de
2608 2213 2805 2268 divina:
2836 2215 3018 2268 crucis
3053 2213 3434 2283 prazdicatione
3459 2255 3474 2278 ,
3508 2217 3585 2269 ri-

2015 2303 2176 2359 dendi
2219 2319 2412 2368 causa,
2458 2304 2772 2375 disputare;
2819 2305 3097 2375 paululum
3130 2305 3372 2360 moratus
3416 2305 3587 2360 Anto-

2016 2398 2163 2463 nius,
2202 2398 2530 2467 illorumque
2559 2397 2922 2468 ignorantiam
2955 2397 3108 2466 prius
3141 2398 3457 2463 miseratus,
3491 2413 3588 2466 per

2015 2488 2405 2559 peritissimum
2458 2488 2807 2559 interpretem
2861 2489 2976 2545 haec
3025 2490 3240 2544 locutus
3290 2497 3393 2543 est.
3443 2487 3585 2555 Quid

2014 2579 2372 2650 praestabilius
2403 2589 2506 2643 est,
2537 2594 2827 2635 erucemne
2856 2580 3100 2635 conﬁteri
3127 2619 3142 2644 ,
3192 2593 3260 2633 an
3295 2578 3581 2642 adulteria,

2013 2678 2510 2740 praeposteramque
2565 2669 2843 2725 libidinem
2881 2671 2988 2726 diis
3029 2672 3110 2740 (ut
3150 2669 3380 2741 vocatis)
3419 2670 3584 2724 ascri-

2012 2761 2180 2815 bere?
2217 2759 2373 2827 Quod
2421 2776 2524 2816 nos
2570 2760 2866 2830 loquimur,
2912 2760 3248 2816 fortitudinis
3291 2770 3376 2814 est
3420 2775 3584 2831 argu-

2014 2859 2256 2906 mentum
2286 2892 2302 2919 ,
2333 2861 2652 2920 certumque
2676 2860 3002 2922 contemptae
3048 2852 3242 2908 mortis
3268 2852 3529 2907 indicium
3563 2868 3578 2904 :

2011 2949 2191 2996 vestra
2244 2949 2458 3007 autem,
2500 2949 2628 2995 sunt
2670 2941 2908 2996 lasciviae
2956 2941 3154 2996 morbi.
3200 2940 3404 2996 Deinde
3449 2941 3580 3011 quid

2015 3039 2232 3102 praestat
2261 3049 2276 3084 :
2306 3031 2472 3101 680
2494 3030 2803 3086 Verbumne
2829 3030 2923 3086 Dei
2956 3031 3137 3086 dicere
3172 3045 3278 3085 non
3308 3042 3579 3087 mutatum

2012 3137 2166 3186 esse;
2197 3121 2289 3175 sed
2326 3121 2465 3176 idem
2500 3122 2676 3192 ipsum
2703 3121 2997 3187 exsistens,
3031 3137 3131 3193 pro
3157 3124 3330 3178 salute
3357 3131 3412 3178 et
3435 3123 3580 3180 bono

2016 3210 2296 3266 hominum
2330 3226 2530 3281 corpus
2573 3212 2938 3280 assumpsisse
2983 3212 3282 3268 humanum
3309 3255 3324 3278 ,
3371 3221 3433 3268 ut
3479 3213 3584 3268 hu-

2014 3317 2188 3357 manae
2219 3302 2490 3373 particeps
2516 3303 2764 3374 originis,
2818 3303 3014 3358 divinae
3043 3304 3296 3359 homines
3320 3321 3384 3360 ac
3414 3305 3581 3375 spiri-

2014 3393 2177 3449 tualis
2213 3402 2418 3448 natura:
2460 3393 2754 3462 participes
2785 3393 3068 3458 redderet;
3096 3409 3164 3448 au
3188 3394 3434 3449 divinum
3467 3392 3582 3448 Nu-

2014 3500 2139 3539 men
2174 3485 2347 3540 brutis
2377 3484 2747 3539 animantibus
2791 3484 3097 3540 assimilare
3123 3525 3138 3551 ,
3189 3500 3253 3539 ac
3296 3494 3578 3555 propterea

2013 3575 2416 3645 quadrupedes,
2443 3585 2744 3647 serpentes,
2772 3578 3167 3648 hominumque
3192 3578 3456 3649 imagines
3487 3590 3583 3632 eo-

1667 3727 1923 3784 VERSIO
1961 3727 2267 3785 EVAGRll.

408 3887 511 3972 ⁸73.Δ
538 3887 690 3972 Alios
716 3905 935 3972 quoque
963 3891 1214 3972 similiter
1239 3892 1427 3972 mundi
1455 3890 1788 3972 sapientes,_
1808 3890 1901 3972 qui
1929 3905 2052 3972 e_u_m
2103 3889 2335 3972 irridere
2369 3889 2692 3972 cupiebant,
2720 3890 2846 3972 quia
2874 3892 3103 3972 litteras
3145 3891 3448 3972 ignoraret,
3481 3894 3576 3972 tali

330 3957 1029 4043 disputationecolligavit,
1055 3962 1250 4043 dicens
1279 3985 1291 4043 ξ
1323 3957 1665 4043 Respondete
1695 3957 2005 4043 mihi,__quid
2037 3957 2457 4043 prius,._sensus‘
2478 3976 2544 4040 an
2583 3957 2812 4014 litterae?
2835 3962 3046 4043 etquid
3075 3957 3236 4043 cujus
3255 3957 3578 4043 exordium?

332 4044 532 4102 sensus
557 4044 622 4083 ex
650 4030 1176 4102 litteris,aulitterae
1209 4030 1460 4086 oriuntur
1490 4047 1556 4086 ex
1586 4031 1791 4102 sensu?
1830 4030 1941 4102 illis
1967 4031 2361 4102 asserentihus.
2399 4031 2525 4100 quia
2556 4044 2755 4102 sensus
2780 4030 2949 4102 esset'
2971 4030 3162 4086 auctor
3191 4042 3353 4102 atque
3386 4035 3578 4089 inven-

331 4108 418 4172 tor
449 4097 776 4172 litterarum,
813 4102 929 4155 ait:
968 4101 1134 4172 Igitur
1166 4102 1328 4172 sicui
1357 4117 1552 4157 sensus
1584 4101 1874 4172 incolumis
1903 4110 1987 4155 est
2011 4140 2031 4172 ,ν
2079 4100 2168 4154 hic
2211 4097 2562 4172 litteras—non
2586 4101 2857 4172 requirit.
2890 4099 3024 4168 Quis
3070 4097 3415 4172 praesentium
3453 4114 3577 4172 post

333 4168 480 4221 hanc
502 4171 938 4225 colluctationem
987 4168 1093 4226 non
1126 4171 1685 4241 exclamaverit,_cum
1717 4171 2099 4240 obstupuerint
2133 4179 2188 4224 et
2217 4171 2332 4241 ipsi
2349 4171 2444 4241 qui
2472 4170 2596 4223 victi
2631 4179 2781 4241 sunt,
2829 4180 3032 4225 tantam
3065 4168 3117 4225 in
3146 4171 3395 4241 imperito
3430 4168 3573 4228 litte-

334 4251 520 4311 r_a_r_um
557 4241 903 4308 sagacitatem
934 4241 1101 4294 animi
1136 4242 1505 4296 admirantes?
1533 4239 1719 4310 Neque
1745 4239 2027 4311 enim’,_ut
2057 4241 2110 4294 in
2141 4240 2432 4295 solitudine
2467 4248 2519 4311 et
2541 4240 2829 4311 montibus
2863 4251 3133 4305 versatus,
3159 4239 3319 4311 atque
3353 4259 3572 4299 omnem

333 4306 536 4385 ibidem
565 4306 788 4380 exigens
811 4311 980 4385 vitam
997 4351 1012 4375 ,
1061 4314 1290 4385 agrestis
1317 4320 1370 4366 et
1399 4311 1604 4385 rigidus
1630 4306 1769 4385 erat,
1815 4310 1912 4385 sed
1937 4309 2210 4385 iucundus
2227 4318 2399 4385 atque
2433 4308 2682 4366 aﬂhhilis.
2721 4307 3057 4385 Sermonem,
3089 4306 3387 4385 secundum
3431 4317 3574 4385 Apo-

332 4377 839 4452 stillipraaceptum,
873 4381 1059 4452 divino
1087 4377 1363 4436 conditum
1399 4377 1513 4436 sale
1540 4380 1868 4452 proferebat,
1899 4377 2064 4452 itaut
2079 4379 2293 4452 invidia
2312 4377 2549 4446 pareret,
2575 4388 2626 4433 et
2651 4394 2836 4452 amore
2866 4382 3109 4435 omnium
3143 4383 3428 4452 potiretur.

407 4446 500 4520 74.
524 4446 679 4502 Inter
699 4446 845 4520 haec,
877 4450 1034 4518 Quasi
1067 4466 1256 4520 parum
1304 4459 1452 4506 esset
1494 4446 1581 4506 bis
1620 4451 1972 4520 gentilitatem
2015 4449 2184 4504 fuisse
2213 4459 2521 4518 superatam
2551 4486 2565 4506 ,
2615 4458 2669 4502 et
2714 4449 2872 4504 tertio
2893 4446 3163 4506 veneruni
3189 4453 3286 4504 viri
3331 4454 3397 4506 ad
3444 4470 3570 4508 eum

331 4517 517 4572 omnis
535 4519 826 4593 saecularis
854 4517 1154 4593 prudentiae
1180 4521 1323 4593 nube
1352 4521 1560 4593 czecati,
1587 4517 1749 4593 atque
1781 4521 2046 4593 universis
2062 4517 2670 4593 philoso’phiaamsmdiis
2696 4519 2918 4593 artium,
2948 4537 3170 4576 suorum
3203 4522 3313 4593 (58)
3343 4524 3573 4578 aestima-

333 4597 491 4663 tione
517 4587 868 4663 (loctissimif
888 4588 950 4642 lli
983 4587 1123 4663 cum}
1149 4591 1522 4663 rationemab
1551 4607 1615 4646 eo
1637 4587 2096 4663 exigerentﬁdei,
2123 4587 2384 4663 quamin
2411 4587 2630 4663 Christo
2660 4588 2947 4663 habemuS,
2971 4600 3024 4645 et
3051 4587 3350 4646 niterentur
3378 4604 3570 4663 arguta

332 4655 734 4724 sopbismatum
769 4659 1192 4732 interrogatione
1235 4661 1303 4714 de
1331 4661 1514 4715 divina
1542 4655 1861 4732 eruce'eum
1888 4655 2156 4732 illudere;
2194 4657 2558 4732 in_sile_ntium
2603 4659 2884 4732 paululum
2917 4676 3049 4715 voce
3083 4677 3417 4730 compressa,
3442 4655 3571 4732 “pri-

332 4739 486 4800 mum
531 4743 719 4800 eorum
771 4729 1068 4784 miseratus
1088 4745 1329 4786 errorem
1361 4739 1442 4785 est
1470 4751 1483 4784 :
1520 4730 1723 4786 deinde.
1745 4746 1841 4800 per
1885 4730 2231 4800 interpretem
2257 4728 2412 4800 ,7q_ui_
2441 4728 2560 4796 ejus
2585 4728 2749 4783 verba
2779 4728 3290 4800 diligentissimein
3321 4728 3568 4785 Graecum

333 4795 545 4867 solebat
573 4799 875 4866 exprimere
903 4801 1338 4864 sermonem,,ita
1380 4816 1608 4854 exorsus
1639 4795 1959 4862 esu—dicens
1986 4795 2175 4864 {Quid
2204 4795 2484 4866 pulchrius
2511 4807 2596 4852 est
2615 4840 2631 4865 ,
2664 4799 2860 4867 quidve
2890 4795 3189 4865 honestius,
3220 4816 3435 4854 crucem
3471 4817 3566 4856 co-

335 4865 468 4930 lere,
486 4865 888 4938 _an_adulteria,
936 4871 1284 4938 parricidium
1311 4911 1326 4933 ,
1361 4871 1443 4922 vel
1475 4871 1738 4924 incestum
1775 4870 1861 4923 his
1895 4871 2185 4938 assignare
2205 4865 2385 4938 quos
2413 4867 2632 4938 colitis:
2667 4865 2792 4923 cum
2836 4870 2888 4922 in
2920 4872 3091 4924 altero
3118 4872 3188 4923 sit
3221 4880 3567 4937 contemptus

333 4935 552 5008 mortis,
578 4935 790 5006 insigne
821 4935 1117 5007 virtutum;
1147 4940 1202 4993 in
1227 4940 1396 4995 altero
1424 4941 1596 5007 turpis
1626 4939 1834 5008 religio,
1868 4935 2220 4994 obscenitatis
2239 4935 2547 5006 magistra?
2577 4936 2714 5004 Quid
2747 4939 2941 4993 melius
2972 4949 3055 4994 est
3079 4939 3277 5003 dicere,
3301 4935 3453 5006 quod
3471 4939 3570 4996 Dei

335 5001 574 5077 Verbum
610 5001 833 5062 manens
863 5017 922 5062 ut
951 5001 1190 5072 erat,'ob
1216 5011 1446 5066 salutem
1477 5001 2046 5064 nostram'hu’manum
2080 5023 2278 5077 corpus
2301 5001 2689 5076 assumpserit,
2721 5018 2781 5062 ut
2806 5009 3063 5063 societate
3095 5001 3438 5062 mortalitatis
3468 5023 3568 5064 nos

330 5073 588 5148 eveheret
615 5077 680 5130 ad
711 5077 1364 5148 cmlutn,.participesque
1395 5088 1603 5133 natura:
1627 5078 1864 5133 caelestis
1891 5078 2124 5134 eﬂi’ceret
2154 5073 2266 5130 :‘an
2292 5117 2306 5140 ,
2337 5087 2400 5148 ut
2427 5073 2529 5144 ipsi
2552 5078 2795 5148 asseritis
2816 5118 2831 5141 ,
2850 5078 3062 5148 divinae
3088 5080 3284 5132 mentis
3309 5078 3566 5132 haustum

332 5143 401 5219 ad
434 5152 656 5219 terrena
677 5143 998 5219 veneranda
1018 5143 1332 5219 submittere
1373 5148 1521 5219 (59),
1548 5158 1632 5219 iet
1665 5148 1933 5219 pecudum
1967 5157 2128 5219 atque
2157 5143 2497 5219 serpentium
2542 5145 2735 5219 {armis
2761 5147 2996 5219 cce_l_es_te_
3025 5148 3524 5219 nomenincludere
3545 5148 3571 5200 ?

333 5213 456 5277 Quo
483 5227 578 5284 ore
599 5213 1034 5272 Christianorum
1061 5213 1433 5274 credulitatem
1458 5213 1942 5281 audetis—irridere,
1972 5213 2277 5270 dicentium
2299 5215 2573 5270 Christum
2605 5215 2801 5269 Filium
2830 5215 2924 5269 Dei
2953 5215 3071 5270 sine
3099 5216 3183 5270 sui
3214 5217 3562 5284 detrimento,

331 5293 386 5336 et
417 5283 651 5352 cepisse
690 5285 983 5356 esse-quod
1014 5301 1120 5341 non
1149 5295 1296 5353 erat,
1327 5297 1383 5341 et
1427 5287 1700 5342 mansisse
1729 5287 1877 5357 quod
1910 5285 2088 5340 fuerat
2116 5301 2130 5338 :
2161 5301 2286 5341 cum
2336 5285 2437 5354 ipsi
2475 5284 2716 5338 animam
2747 5285 2813 5339 de
2841 5285 3156 5340 caelestibus
3195 5283 3562 5354 detrahentes,

405 5444 522 5518 (55)
561 5444 639 5518 ita
667 5461 801 5500 mss.
829 5446 888 5501 in
915 5448 1074 5502 editis
1096 5447 1268 5518 τούτῳ
1285 5450 1456 5505 deest;

2001 5449 2149 5517 prior
2173 5449 2351 5501 anima
2379 5463 2537 5517 quam
2568 5447 2770 5509 littera,
2793 5453 2842 5499 et
2862 5446 3010 5514 prior
3039 5461 3206 5500 sermo
3228 5463 3386 5518 quam
3408 5445 3563 5511 liber,

404 5515 518 5586 (56)
560 5515 650 5586 S_ic
687 5517 1151 5586 manuscripti...ln
1181 5515 1343 5574 editis
1389 5518 1616 5572 habetur
1649 5517 1745 5572 καί
1771 5527 1896 5573 ante
1998 5515 2048 5572 et
2081 5518 2228 5585 prior
2254 5515 2433 5572 sensus
2461 5531 2619 5586 quant
2651 5519 2840 5584 stylus.

335 5584 473 5657 μετά
501 5584 703 5657 ταῦτα,
725 5584 849 5640 Mox
878 5584 1077 5657 ἐτέρων
1105 5588 1264 5642 deest'
1288 5589 1343 5642 in
1378 5588 1537 5643 editis
1558 5627 1572 5652 ,
1599 5588 1695 5644 sed
1727 5587 1906 5643 habe-'

332 5657 424 5706 tur
449 5654 503 5706 in
537 5655 795 5708 omnibus
822 5671 955 5711 mss.

406 5723 517 5792 (57)
554 5724 782 5780 Tertull.
815 5724 890 5780 De
917 5725 1214 5781 testimonio
1248 5743 1462 5794 ammte,
1494 5742 1610 5799 cap.
1645 5727 1678 5784 5
1702 5744 1715 5780 :
1739 5727 1889 5784 Certe

2069 5586 2182 5726 figi

2224 5586 2314 5640 Sic
2344 5583 2894 5652 manuscripti’recte.
2948 5583 3086 5652 Editt
3121 5598 3280 5646 vero,
3317 5599 3558 5639 suarum.

2237 5655 2311 5709 Ita
2354 5655 2710 5722 nianuscripti
2748 5667 2958 5709 omnes.
3005 5652 3147 5709 Editi
3199 5668 3358 5719 vero,
3403 5662 3564 5724 caput

1995 5730 2313 5781 submittere.
