3992 6230
409 326 514 380 9327

1633 397 1640 406 _
1721 333 1880 388 \‘lTA
1924 335 1979 390 s.
2025 336 2320 392 amisti.

3537 347 3642 402 958

407 445 436 494 ὁ
463 441 694 512 Χριστὸς
726 440 886 514 μόνος
910 443 1114 516 ἀληθὴς
1161 449 1256 500 καὶ
1291 448 1503 513 αἰώνιός
1553 453 1668 502 ἐστι
1705 451 1971 522 βασιλεύς.

2088 473 2206 511 rium
2236 473 2358 512 esse
2387 459 2789 526 imperatorem.
2819 459 3062 529 Rogabat
3095 471 3152 514 ut
3181 462 3505 518 humanitati
3530 474 3647 518 stu-

407 530 824 602 ψιλανθρίῢπους
855 550 913 586 τε
947 534 1142 599 αὐτοὺς
1175 530 1312 590 εἶναι
1347 539 1518 607 ἠξίου,
1559 543 1652 594 καὶ
1680 543 1980 612 φροντίζειν

406 623 504 678 τοῦ
529 623 736 677 δικαίου
762 623 980 679 καὶτῶν
1003 627 1250 698 πτωχῶν.
1269 630 1523 685 Κάκεῖνοι
1546 633 1820 704 δεχόμενοι
1843 634 1982 704 ἔχαι-

413 731 524 782 ρον.
554 713 710 766 Οὕτω
754 715 906 786 παρὰ
935 719 1098 770 πᾶσιν
1140 715 1209 789 ἦν
1265 721 1603 793 προσφιλὴς,
1655 725 1748 778 καὶ
1785 725 1981 788 πάντες

411 805 556 874 ἔχειν
585 805 744 858 αὑτὸν
770 805 953 876 ἠξίουν
976 809 1208 880 πατέρα.

481 895 570 950 82.
597 895 845 961 Τοιοῦτος
873 899 936 970 δὴ
971 894 1062 953 οὖν
1081 901 1507 972 γινωσκόμενος,
1535 905 1630 958 καὶ
1673 905 1814 960 οὕτω
1845 908 1982 978 πρὸς

407 987 537 1050 τοὺς
561 989 914 1053 ἀπαντῶντας
957 991 1382 1064 ἀποκρινόμενος
1404 1033 1419 1057 ,
1459 995 1764 1068 ὑπέστρεφε
1820 997 1980 1052 πάλιν

410 1080 491 1162 εἰς
512 1081 572 1132 τὸ
601 1080 747 1134 ἔνδον
782 1081 926 1152 ὅρος.
973 1084 1080 1136 Καὶ
1108 1084 1206 1154 τῆς
1255 1085 1354 1156 μὲν
1395 1088 1658 1159 συνήθους
1699 1089 1980 1162 ἀσκήσεως

409 1157 586 1240 εῖέετο
603 1187 616 1202 ο
646 1170 904 1236 πολλάκις
931 1173 986 1226 δὲ
1022 1174 1157 1244 μετά
1180 1173 1288 1227 τῶν
1310 1177 1706 1248 εἰσερχομένων
1725 1181 1857 1249 πρὸς
1882 1180 1980 1234 αύ-

407 1259 502 1314 τδν
537 1261 916 1334 καθεζόμενος,
957 1265 1051 1318 καὶ
1078 1266 1414 1338 περιπατῶν,
1447 1269 1747 1338 ἀπηνεοῦτο
1767 1310 1783 1334 ,
1817 1271 1893 1334 ὼς
1923 1273 1980 1324 ὲν

407 1353 488 1425 τῷ
513 1355 706 1426 Δανιὴλ
722 1355 1050 1427 γέγραπται.
1075 1359 1184 1411 Καὶ
1214 1359 1375 1422 αὐτὸς
1411 1361 1508 1430 μὲν
1545 1361 1661 1432 μεθ’
1677 1361 1824 1433 ὥρας
1847 1363 2008 1434 ὠμί-,

409 1445 492 1499 λει
523 1445 592 1499 τὰ
621 1445 884 1500 ἀκόλουθα
921 1449 1032 1510 τοῖς
1060 1447 1307 1502 συνοῦσιν
1343 1451 1592 1520 ἀδελφοῖς
1616 1451 1766 1522 αύτῷ
1790 1470 1802 1482 ·
1840 1455 1888 1506 οἱ
1922 1455 1979 1506 δὲ

411 1536 661 1600 συνόντες
701 1537 993 1608 ῂσθάνοντό
1012 1557 1132 1592 τινα
1180 1539 1412 1608 θεωρίαν
1429 1541 1592 1596 αὐτὸν
1613 1542 1850 1613 βλέπειν.
1874 1547 1982 1598 Καὶ

407 1625 521 1698 γὰρ
549 1628 642 1680 καὶ
662 1629 728 1681 τὰ
743 1629 800 1680 ὲν
827 1629 1085 1700 Αἰγύπτῳ
1104 1631 1360 1702 γινόμενα
1393 1634 1668 1698 πολλάκις,
1697 1637 1754 1689 ἐν
1773 1636 1848 1708 τῷ
1868 1637 1980 1709 δρει

407 1719 692 1790 τυγχάνων
717 1720 909 1774 ἕϐλεπε
945 1721 1051 1790 (31)
1086 1723 1178 1776 καὶ
1209 1723 1504 1794 διηγήσατο
1547 1727 1858 1797 Σαραπίωνι
1903 1730 1981 1800 τῷ

2078 549 2287 610 derent,
2331 563 2394 602 ac
2427 563 2614 602 curam
2649 548 2876 616 justitia:
2919 565 3324 622 pauperemque
3375 563 3642 622 gererent;

2079 639 2287 708 Quibus
2319 641 2393 694 illi
2439 642 2695 710 acceptis,
2727 641 3069 696 laetabantur.
3099 643 3189 698 Sic
3227 656 3482 714 acceptus
3519 661 3636 704 om-

2080 731 2238 786 nibus
2286 733 2592 801 cbarusque
2643 731 2777 798 fuit,
2813 747 3047 801 eumque
3077 749 3268 790 omnes
3303 749 3508 806 patrem
3537 739 3641 795 sibi

2077 836 2199 876 esse
2227 822 2508 890 rogabant.

2149 913 2237 967 δὲ.
2273 913 2348 968 lta
2381 925 2544 970 notus
2581 930 2704 970 cum
2746 922 2914 978 esset,
2954 933 3018 972 ac
3075 932 3199 973 cum
3235 933 3294 974 se
3325 919 3646 974 adeuntibus

2079 1005 2154 1059 ita
2189 1005 2574 1074 respondisset,
2601 1006 2669 1060 ad
2716 1006 3029 1062 interiorem
3070 1023 3262 1064 rursus
3303 1019 3540 1066 montem
3585 1027 3646 1066 se

2079 1096 2347 1150 contulit:
2387 1105 2549 1167 atque
2599 1111 2697 1165 pro
2739 1113 2892 1154 more
2931 1099 3220 1154 asceticam
3259 1101 3426 1156 coluit
3459 1104 3644 1158 vitam.

2082 1184 2232 1254 Stepe
2253 1202 2374 1240 cum
2393 1189 2604 1242 sederet
2625 1205 2731 1243 una
2751 1205 2874 1244 cum
2903 1191 2972 1245 iis
2997 1190 3090 1260 qui
3114 1192 3464 1258 advenerant,
3493 1194 3649 1248 item-

2079 1293 2185 1345 que
2223 1292 2346 1331 cum
2391 1278 2780 1342 deambularet,
2845 1282 3286 1348 obmutescebat,
3317 1283 3394 1337 uti
3445 1285 3512 1339 de
3545 1284 3642 1339 Da-

2081 1367 2218 1420 niele
2243 1368 2500 1438 scriptum
2525 1377 2608 1424 est
2633 1371 2696 1422 ⁸⁷.
2735 1370 3039 1442 Elapsaque
3073 1373 3226 1437 liora,
3259 1389 3384 1428 cum
3409 1389 3648 1444 praesen—

2081 1460 2228 1514 tibus
2279 1458 2536 1515 fratribus
2576 1474 2974 1532 consequenter
2995 1465 3266 1536 colloquia
3297 1465 3644 1521 resumebat:

2081 1551 2493 1619 sentiebantque
2525 1552 2626 1615 illi,
2668 1553 2850 1623 aliqua
2887 1556 3038 1610 illum
3067 1556 3282 1612 visione
3317 1569 3644 1628 occupatum

2081 1655 2222 1693 esse.
2255 1638 2579 1709 Plerumque
2624 1641 2768 1694 enim
2819 1644 2872 1696 in
2903 1645 3068 1714 685
3099 1655 3278 1700 monte
3321 1660 3446 1700 cum
3481 1656 3646 1711 esset,

2085 1747 2205 1798 quae
2233 1733 2285 1785 in
2319 1731 2551 1803 Aigypto
2579 1733 2770 1788 fierent
2798 1734 3032 1802 videbat,
3065 1747 3116 1790 et
3145 1735 3428 1807 Sarapioni
3459 1753 3650 1792 narra-

411 1811 717 1881 ὲπισκόπῳ,
767 1811 914 1864 ἔνδον
957 1812 1069 1866 ὄντι
1129 1815 1224 1866 καὶ
1272 1813 1520 1884 βλέποντι
1567 1817 1660 1870 τὸν
1700 1817 1980 1872 Ἀντώνιον

2089 1823 2177 1876 bat
2207 1823 2500 1892 episcopo:
2533 1823 2626 1892 qui
2663 1839 2784 1878 cum
2815 1825 3049 1892 adesset,
3075 1827 3369 1882 Antonium
3397 1829 3652 1884 cernebat

409 1903 780 1974 ἀσχοληθέντα
809 1907 874 1976 τῇ
911 1906 1166 1976 ὀπτασίᾳ.
1195 1907 1332 1959 Ποτὲ
1354 1906 1484 1976 γοῦν
1505 1909 1868 1981 καθεζόμενος
1889 1913 1984 1966 καὶ

409 1995 795 2066 ἐργαζόμενος,
823 1995 1010 2068 ὥσπερ
1039 1998 1096 2050 ἐν
1127 1997 1379 2052 ἐκστάσει
1413 1999 1600 2068 γέγονε
1621 2042 1636 2064 ,
1671 2002 1766 2056 καὶ
1817 2003 1985 2066 πολὺς

405 2083 480 2154 ἦν
503 2089 557 2140 έν
585 2089 650 2157 τῇ
681 2085 882 2158 θεωρίᾳ
914 2087 1205 2151 στενάζων.
1227 2086 1360 2142 Εἶτα
1399 2089 1516 2160 μεθ’
1538 2089 1686 2160 ὥραν
1725 2093 1984 2163 στραφεὶς

408 2177 550 2248 πρὸς
575 2179 702 2242 τοὺς
729 2179 1005 2242 συνόντας,
1039 2179 1309 2244 ἐστέναξε,
1336 2181 1430 2234 καὶ
1461 2181 1718 2253 ἔντρομος
1760 2184 1984 2254 γενόμε-

409 2286 524 2331 νος,
555 2268 774 2340 ηὔχετο,
809 2272 904 2322 καὶ
941 2272 1208 2342 κάμπτων
1240 2273 1306 2325 τὰ
1339 2273 1559 2342 γόνατα,
1609 2274 1856 2344 διέμενεν
1890 2277 1983 2330 ἐπὶ

409 2357 572 2412 πολύ.
612 2359 721 2411 Καὶ
748 2359 986 2424 ἀναστὰς
1009 2359 1222 2412 ἔκλαιεν
1253 2361 1280 2412 ό
1309 2361 1504 2432 γέρων.
1547 2363 1840 2433 Ἐντρομοι
1875 2365 1985 2418 τοί-

405 2467 504 2503 νυν
533 2451 810 2521 γενόμενοι
853 2453 900 2504 οἱ
952 2451 1201 2514 συνόντες
1225 2493 1240 2516 ,
1295 2454 1386 2506 καὶ
1439 2453 1580 2506 πάνυ
1629 2454 1979 2526 φοϐηθέντες,

405 2541 596 2608 ἠξίουν
627 2541 816 2612 μαθεῖν
847 2543 981 2612 παρ’
1005 2541 1168 2595 αὐτοῦ
1192 2560 1205 2572 ·
1233 2545 1327 2597 καὶ
1350 2546 1484 2599 πολὺ
1524 2545 1827 2618 διώχλησαν
1879 2547 1984 2612 ἕως

411 2630 655 2700 βιασθεὶς
685 2632 834 2702 εἴπῃ.
885 2631 941 2684 ’0
995 2631 1051 2685 δὲ
1094 2633 1188 2686 καὶ
1235 2633 1374 2686 οὕτω
1417 2635 1558 2705 μέγα
1603 2636 1890 2702 στενάξας⁶
1915 2634 1985 2690 Ὦ

406 2722 606 2786 τέκνα,
635 2721 862 2792 βέλτιον,
891 2722 1094 2791 ἔλεγεν,
1127 2725 1436 2790 ἀποθανεῖν,
1468 2727 1574 2796 πρὸ
1604 2729 1695 2782 τοῦ
1734 2729 1984 2798 γενέσθαι

405 2815 482 2868 τὰ
514 2814 612 2885 τῆς
647 2815 898 2886 θεωρίας.
925 2815 1044 2867 Τῶν
1077 2817 1132 2868 δὲ
1173 2817 1331 2870 πάλιν
1356 2817 1670 2900 ἀξιούντων,
1707 2819 1983 2892 δακρύσας

409 2905 594 2974 ἐλεγει
631 2905 827 2958 Μέλλει
854 2905 952 2977 τὴν
998 2906 1324 2976 Ἐκκλησίαν
1354 2909 1490 2980 ὀργὴ
1523 2909 1980 2983 καταλαμϐάνειν,

405 2997 503 3054 ,ει-κ
539 2996 719 3066 μέλλει
756 2996 1145 3068 παραδίδοσθαι
1191 2997 1497 3070 ἀνθρώποις
1536 3001 1740 3072 ὁμοίοις
1769 3003 1984 3071 ἀλόγοις

409 3089 684 3158 κτήνεσιν.
715 3083 867 3141 Εἶδον
894 3087 1001 3159 γὰρ
1023 3088 1121 3160 τὴν
1147 3087 1422 3161 τράπεζαν
1446 3091 1538 3145 τοῦ
1559 3093 1858 3164 Κνυριακοῦ,
1890 3095 1984 3148 καὶ

409 3179 539 3250 περὶ
564 3179 731 3248 αὐτὴν
763 3179 1001 3242 ἑστῶτας
1017 3179 1272 3250 ἡμιόνους
1297 3181 1480 3252 κύκλῳ
1511 3183 1870 3254 πανταχόθεν,
1891 3187 1983 3237 καὶ

409 3269 762 3334 λακτίζοντας
811 3269 879 3324 τὰ
927 3270 1072 3323 ἔνδον
1125 3270 1236 3342 (82)
1268 3273 1459 3338 οὓτως,
1508 3272 1584 3337 ὡς
1627 3273 1692 3328 ἂν
1736 3275 1985 3341 ἀτάκτως

2085 1913 2278 1966 visioni
2327 1923 2673 1983 occupatum.
2715 1915 3024 1986 Aliquando
3065 1919 3234 1986 igitur
3279 1935 3402 1974 cum
3453 1917 3650 1976 sedens

2084 2014 2418 2072 operaretur,
2446 2007 2601 2075 quasi
2635 2017 2786 2062 extra
2813 2023 2870 2062 se
2897 2019 3086 2078 raptus
3109 2019 3211 2072 est,
3236 2011 3573 2081 multumque
3593 2009 3652 2068 in

2085 2095 2541 2164 contemplatione
2611 2097 2954 2167 ingemebat,
3013 2108 3178 2168 atque
3229 2102 3654 2157 contremiscens

2086 2187 2430 2254 precabatur,
2464 2187 2725 2257 ﬂexisque
2755 2190 3005 2259 genibus,
3043 2191 3116 2244 ita
3146 2191 3238 2246 diu
3271 2201 3514 2246 moratus
3543 2202 3650 2246 est.

2087 2273 2431 2345 Surgcusqne
2455 2292 2616 2332 senex
2645 2277 2828 2334 ﬂebat.
2854 2278 2990 2334 Tum
3025 2281 3324 2336 tremefacti
3349 2297 3538 2336 omnes
3559 2282 3650 2350 qui

2085 2369 2328 2429 aderant,
2353 2377 2404 2422 et
2429 2369 2720 2423 admodum
2748 2371 3038 2439 perterriti,
3073 2374 3202 2442 quid
3235 2373 3366 2428 illud
3391 2382 3535 2428 esset
3550 2374 3656 2429 sci-

2085 2457 2460 2524 scitabantur,
2507 2459 2850 2529 multumque
2893 2463 3176 2532 urgebant,
3220 2463 3394 2518 donec
3434 2473 3656 2520 coactus

2085 2565 2197 2602 rem
2233 2550 2468 2618 aperiret
2504 2567 2627 2604 cum
2663 2557 2876 2622 magnis
2907 2554 3219 2623 gemitibus.
3261 2552 3306 2607 Ο
3341 2555 3458 2619 filii,
3481 2555 3653 2622 aiens,

2083 2649 2362 2708 praestaret
2387 2656 2518 2694 sane
2563 2644 2724 2709 mori,
2752 2645 2935 2712 potius
2979 2661 3142 2713 quam
3183 2661 3305 2714 qua!
3347 2661 3376 2699 a
3419 2661 3505 2700 me
3539 2646 3654 2701 visa

2085 2741 2212 2784 sunt
2245 2731 2450 2784 tierent.
2491 2730 2827 2802 Rogantibus
2868 2735 3062 2789 iterum
3111 2735 3240 2802 illis,
3263 2736 3656 2808 collacrymans

2085 2817 2258 2872 dixit:
2289 2816 2582 2874 Ecclesiam
2627 2821 2705 2875 ira
2737 2822 2920 2876 divina
2959 2823 3214 2878 invasura
3249 2832 3353 2890 est,
3386 2825 3657 2878 tradetur-

2084 2925 2189 2978 que
2218 2910 2306 2962 illa
2339 2911 2650 2966 hominibus
2686 2913 2776 2982 qui
2805 2913 3066 2982 jumentis
3097 2915 3478 2985 insipientibus
3499 2914 3657 2968 simi-

2085 2999 2163 3054 les
2183 3010 2361 3054 erunt.
2389 2997 2508 3054 Vidi
2540 3002 2741 3072 quippe
2787 3018 3030 3058 mensam
3063 3003 3330 3059 Dominici
3359 3004 3521 3096 muns
3552 3018 3656 3058 uu-

2085 3093 2244 3161 dique
2280 3093 2722 3158 circumsessam,
2755 3098 2846 3164 qui
2887 3095 3006 3163 ejus
3041 3095 3294 3151 interiora
3319 3097 3388 3150 ita
3415 3093 3658 3152 calcibus

2089 3185 2360 3254 petebant,
2389 3185 2546 3254 quasi
2579 3185 2806 3242 confuse
2833 3187 3256 3242 subsultantium
3277 3188 3654 3259 jumentorum

2090 3276 2401 3332 calcitratus
2444 3277 2650 3333 tierent.
2693 3277 2949 3334 Sentistis
2986 3278 3144 3350 plane
3171 3290 3436 3351 quantum
3471 3277 3654 3351 suspi-

1737 3383 1988 3440 VERSIO
2023 3383 2327 3441 EVAGRII.

414 3505 614 3574 Regem
649 3505 890 3579 omni_um
921 3503 1243 3559 surculorum
1265 3502 1450 3579 Iesum
1479 3505 1758 3579 Christum
1787 3507 2032 3579 epistolis
2062 3515 2308 3579 teSIatus
2327 3515 2426 3579 est.
2462 3505 2558 3579 llis
2581 3507 2854 3579 principes
2884 3508 3149 3579 susceptis
3183 3507 3655 3563 vehementissime

415 3573 985 3648 lzetabanturaSancta
1017 3588 1234 3648 quoque
1258 3576 1398 3648 apud
1432 3585 1660 3648 cunctos
1690 3573 1909 3630 Antonii
1934 3575 2199 3648 flagrabat
2223 3577 2427 3648 opinio,
2459 3578 2531 3631 ita
2564 3573 2623 3632 ut
2649 3573 2774 3646 ejus
2795 3593 2852 3631 se
2887 3573 3328 3648 ﬁlios-cuperent
3360 3579 3651 3632 nominari.

417 3645 606 3710 Magna
638 3643 836 3698 etenim
868 3657 992 3698 cum
1023 3643 1437 3698 advenientibus
1458 3644 1768 3705 affabilitas,
1797 3643 2041 3700 omnium
2076 3647 2130 3700 in
2160 3660 2218 3700 se
2248 3643 2485 3700 studium
2518 3643 2878 3702 converterat.

488 3715 576 3769 82.
610 3713 902 3782 Postquam
935 3729 1066 3783 ergo
1096 3713 1321 3784 gentiles
1353 3715 1641 3784 confutati,
1673 3729 1826 3784 reges
1861 3716 2146 3777 admoniti.
2175 3715 2369 3769 fratres
2397 3717 2465 3770 ab
2494 3731 2560 3770 eo
2597 3725 2726 3771 sunt
2751 3715 3120 3770 consolatione
3163 3716 3416 3780 relevati;
3465 3715 3530 3768 ad
3570 3716 3655 3769 iu-

418 3786 673 3855 tt-riorem
709 3793 967 3855 montem,
993 3782 1044 3837 et
1066 3782 1138 3855 ad
1169 3783 1400 3855 rigorem
1439 3783 1657 3855 solitum
1695 3782 1974 3852 regressus
2003 3795 2087 3840 est
2124 3807 2134 3840 :
2211 3785 2392 3854 ibique
2432 3801 2573 3855 stepe
2615 3802 2736 3840 eum
2773 3786 3169 3839 introeuntibus
3197 3785 3548 3840 deambulans
3571 3785 3654 3840 vel

421 3854 688 3918 residens,
720 3854 991 3925 stupebat,
1033 3851 1282 3925 sicuti__in
1319 3852 1541 3925 Daniele
1575 3851 1838 3925 scripturn
1871 3863 1952 3908 est
1987 3873 2000 3909 :
2052 3864 2104 3909 et
2137 3851 2434 3925 interjeetis
2463 3851 2722 3908 horarum
2761 3855 2969 3925 spatiis,
3015 3857 3396 3924 consequentia
3427 3869 3653 3925 respon-

421 3925 604 3986 debat,
635 3933 694 3978 ut
733 3923 1120 3990 intelligeretur
1155 3921 1337 3990 aliqua
1374 3921 1720 3993 revelationis
1755 3925 1956 3978 vidisse
1983 3935 2210 3979 secreta.
2247 3921 2380 3977 Nam
2428 3933 2480 3976 et
2523 3925 2574 3977 in
2614 3921 3052 3992 monte'riosittrs,
3091 3939 3152 3978 ea
3179 3921 3300 3993 quae
3338 3925 3390 3976 in
3423 3921 3654 3993 Egypto

419 3995 581 4062 longe
605 3994 958 4060 gerebantur,
989 3993 1306 4062 prmvidens,
1338 3992 1594 4062 episcopo
1626 3991 1908 4055 Seranioui
1953 3995 2024 4047 ibi
2053 3995 2350 4048 conSIituto
2387 3997 2644 4046 narravit.
2699 3991 3086 4048 Lamentabilis
3136 3991 3386 4062 sequitur
3409 3991 3576 4057 visio,
3601 4004 3658 4048 et

417 4061 568 4116 (ιηιιιὶ
607 4063 966 4132 lacrymarum
993 4061 1139 4116 fonte
1165 4061 1483 4131 plangeuda.
1515 4061 1654 4115 Cum
1686 4061 1828 4116 enim
1864 4062 2127 4117 fratribus
2157 4064 2300 4118 eirea
2341 4078 2400 4116 se
2432 4063 2744 4116 sedentibus
2771 4073 3105 4130 operaretur,
3137 4061 3339 4117 intente.
3365 4061 3480 4115 fixit
3523 4079 3656 4116 ocu-

417 4135 502 4188 los
547 4134 600 4186 in
641 4133 836 4187 coelum
881 4147 1100 4202 gemens
1168 4139 1330 4202 atque
1353 4132 1657 4202 suspirans,
1685 4141 1738 4185 et
1771 4143 1892 4202 post
1927 4133 2262 4200 aliquantum
2310 4133 2540 4200 spatium
2575 4133 2918 4187 res-elationis
2955 4133 3237 4202 increptre,
3267 4133 3436 4187 nimio
3468 4133 3656 4186 dolore

417 4203 786 4256 εοιιινοιιιιιίιε
823 4211 888 4272 Let
935 4201 1116 4272 statim
1171 4201 1291 4254 fixis
1326 4201 1552 4272 genibus
1598 4210 1722 4256 ante
1757 4201 1848 4256 Dei
1885 4205 2090 4256 vultum
2121 4203 2438 4272 provolutus
2460 4203 2656 4264 oravit,
2685 4213 2742 4257 ut
2780 4203 3064 4258 clementia
3096 4219 3192 4256 sua
3220 4201 3459 4256 futurum
3494 4218 3652 4254 aver—

415 4283 558 4326 teret
583 4274 780 4326 scelus.
815 4269 1126 4342 Succedunt
1175 4269 1408 4342 orationi
1445 4272 1716 4342 lacrymaa,
1751 4281 1928 4326 metus
1965 4269 2152 4342 ingens
2189 4273 2723 4342 invaditprzeseutes
2752 4289 2765 4325 :
2822 4273 3108 4326 obsecrant
3149 4282 3206 4342 ut
3237 4281 3395 4326 tautae
3431 4271 3653 4326 calami-

419 4344 550 4396 tatis
601 4349 897 4411 exponeret
938 4339 1244 4395 visionem:
1287 4339 1852 4412 singultus'occupant
1896 4339 2104 4406 vocem,
2159 4343 2344 4412 lingua
2395 4340 2608 4394 fletibus
2659 4342 3002 4412 prmpeditur,
3038 4351 3089 4396 et
3143 4341 3197 4395 in
3245 4342 3421 4412 medio
3451 4351 3652 4396 conatu

415 4426 601 4467 sermo
628 4409 825 4480 gemitu
860 4412 1290 4478 interrumpitur.
1313 4409 1427 4480 μνία
1465 4411 1678 4465 tandem
1705 4409 1824 4465 eum
1854 4409 2511 4466 vociferatione'luctuosa
2541 4413 2616 4464 ait
2651 4430 2664 4464 :
2701 4411 2892 4465 Melius
2915 4420 3050 4467 erat.
3077 4429 3109 4465 ο
3139 4411 3307 4475 filioli,
3336 4411 3654 4480 impendens

419 4478 692 4550 piaculum
723 4482 825 4534 cita
853 4489 1028 4534 morte
1052 4481 1272 4553 lucrari.
1307 4478 1688 4553 Sicincipiens
1714 4497 1928 4553 rursum
1963 4483 2215 4553 lacrymis
2241 4483 2580 4553 vincittu-,_et
2603 4481 2742 4553 inter
2763 4497 2910 4553 εῖδει-ει
2942 4482 3176 4553 suspiria
3207 4478 3427 4553 tandem
3449 4480 3652 4550 pectori

417 4549 776 4606 commodatis
809 4565 1015 4620 vocet-3:
1073 4549 1347 4618 Magnum,
1405 4551 1601 4620 inquit,
1632 4551 1900 4620 quoddam
1949 4563 2003 4606 et
2032 4549 2304 4606 universis
2345 4551 2579 4620 saeculis
2612 4551 2916 4604 inauditum
2959 4549 3202 4604 imutiuet
3231 4549 3380 4620 nefas
3405 4567 3420 4617 ;
3450 4549 3649 4619 magno

419 4621 557 4675 fides
582 4621 848 4674 catholica
890 4619 1103 4673 turbine
1137 4619 1500 4680 subvertetur’,
1534 4629 1588 4674 et
1631 4619 1878 4676 homines
1919 4621 2178 4688 jumeulis
2221 4622 2426 4675 similes
2459 4619 2659 4674 Christi
2717 4629 2901 4674 sancta
2940 4621 3213 4688 diripient.
3248 4619 3366 4673 Vidi
3401 4623 3542 4673 enim
3573 4620 3652 4672 al-

419 4701 538 4745 tare
573 4689 782 4744 Domini
821 4691 1090 4742 mulorum
1119 4689 1516 4743 circumdatum
1553 4691 1918 4770 l_l.ttt|.liltlt_l‘ill€‘_,
1951 4692 2044 4760 qui
2071 4692 2276 4746 crebris
2311 4690 2542 4770 calcium
2575 4689 2783 4770 ictibus
2807 4691 3375 4770 omniadissipabunt.
3414 4689 3652 4770 [largest

418 4775 591 4814 causa
638 4761 934 4838 genuitttum
980 4773 1260 4838 meorum,
1300 4775 1438 4828 quos
1472 4759 1724 4838 audistis.
1748 4761 1842 4838 __Et
1883 4759 2021 4816 facta
2073 4768 2157 4816 est
2225 4777 2343 4838 vox_
2374 4760 2589 4814 Domini
2636 4759 2823 4814 dicens
2858 4778 2884 4838 _:
2923 4759 3650 4838 ‘Abomina-hituealtarium

417 4845 602 4884 meum
633 4829 768 4897 (85).
797 4829 911 4908 _Nec
939 4844 1116 4908 ωσι-ει,
1147 4829 1412 4908 visionem
1444 4832 1689 4896 sequitur
1710 4830 1967 4908 euectus:
2001 4846 2126 4884 nam
2169 4839 2295 4908 post
2313 4831 2451 4884 duos
2477 4845 2649 4884 annos
2679 4845 2820 4884 saeva
2843 4831 3169 4908 Arianorum
3203 4828 3396 4908 irrupit
3421 4828 3648 4908 insania.

420 4899 578 4954 Tunc
617 4899 972 4954 ecclesiarum
1007 4899 1493 4969 fueruntrapinaa;
1537 4909 1664 4952 tunc
1711 4899 2016 4954 divinorum
2055 4899 2336 4954 temeratio
2371 4916 2650 4964 vasorum,
2691 4910 2820 4954 tunc
2855 4901 3077 4969 pollutis
3101 4899 3442 4953 ethnicorum
3477 4899 3652 4950 mani-

419 4971 524 5024 bus
557 4985 712 5024 sacra
741 4971 944 5038 polluta
963 4975 1092 5022 sunt
1117 4967 1420 5022 ministeria
1452 4969 1598 5040 (84);
1631 4979 1759 5024 tunc
1794 4985 2128 5042 paganorum
2161 4971 2415 5041 opificum
2447 4971 2699 5040 praesidia
2731 4967 2990 5025 adversus
3024 4969 3299 5023 Christum
3333 4975 3648 5035 comparata

493 5069 536 5098 "
553 5063 690 5120 Dan.
722 5081 796 5132 ιν,
826 5065 914 5120 16.

491 5159 510 5226 ζ
517 5157 606 5227 81)
637 5157 728 5210 Sic
749 5157 904 5211 Colh.
928 5159 984 5220 9.,
1013 5173 1172 5228 quem
1199 5157 1497 5228 sequimur:
1515 5156 1656 5210 Editi
1676 5171 1825 5221 vero,
1853 5175 1986 5228 τυγ-

418 5225 607 5298 χάνων
639 5229 734 5280 καὶ
767 5229 976 5296 βλέπων
993 5225 1223 5298 ,ίιιιὶῐιμε
1250 5225 1434 5298 recte.
1456 5225 1640 5298 Paulo
1662 5235 1782 5298 post
1807 5225 1960 5298 sequi

421 5295 547 5352 inur
579 5295 704 5367 Reg.
740 5295 796 5358 2,
832 5297 1104 5352 Colb.2et
1137 5297 1304 5367 Savil.
1335 5295 1392 5367 lu
1420 5297 1544 5352 aliis
1567 5307 1619 5352 et
1645 5295 1982 5367 editisbaac,

420 5371 517 5420 καὶ
539 5364 920 5438 ἐργαζόμενος.
942 5368 1155 5420 desunt.
1173 5364 1316 5419 Infra
1343 5366 1394 5419 in
1418 5367 1598 5430 editis,
1621 5378 1747 5438 ante
1768 5365 1984 5438 ηὔχετο,

423 5437 698 5508 legebatur
723 5437 980 5501 ἀναστάς,
1017 5451 1192 5508 quam
1219 5450 1430 5500 vocem,
1465 5441 1606 5506 quod
1636 5437 1772 5494 desit
1795 5437 1849 5498 in
1875 5439 1988 5496 plu-

425 5507 580 5562 rimis
606 5523 764 5568 mss.,
795 5507 1177 5576 expunxintus.

498 5574 1283 5644 (8‘2)Omnes’manuscripti,
1327 5575 1449 5630 τοὺς
1497 5574 1678 5628 ἔνδον..
1723 5575 1886 5642 Editi,
1918 5575 1986 5630 τὰ

426 5646 672 5708 ἔνδον,οι
715 5647 786 5699 ita
843 5643 1185 5713 legitEvagr.

495 5717 608 5784 (85)
633 5715 726 5769 Sic
753 5729 942 5768 omnes
972 5729 1104 5784 pene
1123 5729 1254 5768 mss.
1283 5723 1334 5767 ct
1355 5714 1478 5769 editi
1503 5724 1621 5769 ante
1645 5713 1984 5783 Bollanuum,

2085 5159 2809 5231 qui_babetaltaremeum._
2885 5223 2916 5231 _
3024 5221 3077 5231 __
3145 5221 3160 5231 ι
3280 5220 3313 5231 η
3365 5221 3394 5231 Α,

2153 5229 2268 5300 (84)
2287 5229 2564 5300 _Desmar..
2593 5225 2860 5300 mysteria.
2864 5221 3111 5300 Quaabic
3127 5221 3194 5300 de
3209 5220 3430 5300 pollutis
3452 5229 3654 5300 myste-

2089 5291 2186 5353 riis
2220 5291 2424 5353 addidit
2459 5291 2744 5364 Evagri'us,
2771 5296 2821 5346 in
2856 5294 3064 5347 Graecis
3091 5292 3310 5353 absunt,
3339 5291 3432 5344 sed
3461 5291 3650 5358 legun-

2087 5379 2175 5424 tur
2193 5385 2379 5432 supra.
2411 5383 2530 5436 pag.
2564 5364 2850 5430 il8.Quod
2883 5364 3127 5436 sequitur
3159 5369 3360 5436 autem,
3396 5375 3520 5436 eum
3564 5375 3653 5414 as-

2087 5429 2376 5506 sumptione
2399 5429 2701 5506 painterum
2772 5432 2908 5501 quod
2925 5431 3242 5506 idolol‘alriw
3267 5429 3654 5506 αρνιμ-Λιποθυ-

2085 5499 2261 5561 άνὶαἰη
2283 5499 2483 5574 insigne
2506 5514 2602 5567 est,
2639 5505 2690 5556 in
2715 5499 2902 5574 Graeco
2934 5517 3057 5574 non_
3083 5500 3305 5568 legitur,
3336 5499 3656 5574 videturque

2092 5568 2466 5648 explicationis
2503 5573 2985 5648 causaAadditum._
3009 5569 3086 5648 .Et
3119 5582 3250 5648 sane
3270 5568 3538 5648 quiddam
3571 5569 3640 5648 si-

2093 5637 2220 5700 mile
2249 5645 2462 5716 legitur,
2489 5640 2702 5716 pag._9_0
2725 5639 3022 5716 supra,_ub_i
3056 5639 3121 5716 de
3154 5637 3416 5716 strobilis,
3449 5653 3543 5694 seu
3566 5641 3650 5708 pi-

2095 5717 2209 5770 neis
2243 5709 2470 5768 nucibus
2492 5709 2812 5767 Sac-rideatis
2848 5711 2956 5780 agit
2982 5709 3336 5762 Athanasius.
