3992 6230
370 324 478 380 959

954 323 1014 382 S.
1054 323 1425 380 ATIIANASII
1472 325 1623 382 OPP.
1664 324 1844 380 PARS
1879 325 1919 380 1.
1958 351 2018 363 -
2061 322 2429 380 lllSTORlCA
2468 322 2556 377 ET
2595 321 3010 378 DOGMATICA.

3499 324 3606 381 960

372 439 484 492 rari
513 457 525 492 :
557 437 733 492 audivi
761 437 960 507 quippe
985 454 1171 494 vocem
1197 440 1466 494 dicentem
1499 458 1511 493 :
1544 439 1727 494 Altare
1756 455 1935 494 meum

2051 437 2389 511 σκιρτῶντων
2412 437 2622 508 κτηνῶν
2663 436 2874 505 γένοιτο
2899 434 3257 507 λακτίσματα.
3294 437 3514 503 Πάντως
3544 439 3606 494 δὲ

371 532 664 600 po'luetur.
700 528 824 584 Haec
866 545 1031 585 senex
1064 532 1197 586 vidit
1225 553 1241 588 :
1269 544 1321 588 et
1351 543 1471 604 post
1500 533 1777 587 biennium
1807 549 1940 588 con-

373 623 489 692 tigit
521 638 582 676 ea
622 637 744 691 qua:
788 639 956 692 nuper
997 623 1099 678 fuit
1126 623 1454 679 Arianorum
1490 623 1742 695 irruptio,
1766 627 1942 680 eccle-

373 717 686 785 siarumque
718 716 948 785 direptio
986 735 998 770 :
1037 733 1159 771 cum
1195 716 1394 788 (sacra)
1443 733 1569 771 vasa
1611 719 1662 772 vi
1697 718 1940 788 abrepta,

371 808 607 863 ethnicis
643 809 972 877 asportanda
1005 811 1276 864 tradidere
1308 828 1321 864 :
1356 825 1466 880 quo
1499 819 1741 880 tempore
1767 827 1830 866 ex
1860 811 1947 864 ol-

375 901 551 954 ticizas
571 901 824 954 ethnicos
851 901 965 956 suis
1005 901 1267 956 interesse
1298 903 1596 973 synaxibus
1630 911 1940 973 coegerunt,

374 993 547 1060 iisque
573 993 950 1060 praseutibus,
982 1009 1104 1064 qua
1136 995 1295 1048 libuit
1327 995 1380 1048 iu
1418 1010 1572 1050 sacra
1601 1010 1786 1048 mensa
1823 1011 1945 1064 per-

372 1091 675 1151 petrarunt.
713 1082 849 1136 Tum
880 1085 1132 1139 novimus
1163 1099 1374 1149 omnes,
1402 1085 1671 1139 mulorum
1704 1085 1946 1139 calcitra-

373 1183 463 1227 tus
495 1187 559 1226 ea
581 1173 817 1227 Antonio
842 1176 1257 1242 przenuntiasse,
1287 1189 1409 1244 quae
1439 1174 1549 1242 jam
1571 1174 1759 1227 Ariani
1789 1173 1942 1243 quasi

372 1264 531 1318 bruta
551 1264 792 1332 jumenta
819 1273 1146 1334 perpetrant.
1171 1264 1299 1319 Post
1337 1264 1601 1318 visionem
1635 1272 1812 1318 autem
1850 1278 1945 1318 eos

373 1357 466 1424 qui
501 1371 683 1411 secum
716 1365 871 1411 erant
917 1356 1234 1411 consolatus
1265 1365 1366 1410 est.
1404 1354 1481 1410 Ne
1524 1355 1705 1410 animo
1759 1353 1946 1409 conci-

372 1446 539 1512 datis,
570 1446 743 1511 aiens,
772 1445 904 1512 lilii;
941 1455 1000 1500 ut
1038 1447 1184 1500 enim
1230 1453 1400 1502 iratus
1445 1455 1528 1500 est
1556 1445 1838 1509 Dominus,
1868 1444 1946 1500 sic

373 1539 554 1592 denuo
586 1537 850 1592 medelam
883 1538 1182 1601 adhibebit,
1208 1549 1263 1592 et
1289 1539 1398 1592 cito
1425 1538 1720 1607 pristinum
1758 1535 1945 1591 Eccle-

375 1627 454 1683 sia
479 1638 730 1682 ornatum
759 1629 1123 1699 recuperabit,
1156 1628 1489 1698 fulgebitque
1512 1628 1578 1682 de
1611 1643 1759 1681 more
1785 1645 1798 1680 :
1829 1627 1948 1695 pul-

375 1734 470 1773 sos
495 1721 705 1774 restitui
730 1722 989 1783 cernetis,
1007 1720 1340 1791 impietatem
1359 1720 1423 1774 ad
1451 1719 1674 1773 latibula
1693 1720 1945 1773 secedere

375 1825 494 1875 sua,
523 1812 777 1882 piamque
801 1812 962 1866 ﬁdem
992 1813 1162 1866 libere
1193 1811 1602 1881 oniniuosss
1626 1825 1688 1864 ac
1723 1809 1948 1863 ﬁdenter

373 1918 536 1968 agerc
565 1905 766 1973 ubique
791 1923 804 1960 :
839 1905 1015 1959 solum
1043 1919 1110 1958 ne
1139 1918 1263 1958 cum
1289 1903 1507 1957 Arianis
1539 1917 1635 1956 vos
1670 1901 1945 1970 polluatis.

373 1991 726 2064 Nequaquam
775 1996 918 2048 enim
969 1995 1344 2066 apostolorum
1393 2001 1477 2048 est
1527 1991 1797 2062 ejusmodi
1853 1991 1950 2045 do-

335 2113 343 2122 -
373 2085 548 2138 ctrina
571 2125 585 2150 ,
631 2088 726 2141 sed
761 2087 1091 2153 daemonum,
1127 2087 1406 2157 patrisque
1440 2087 1682 2156 ipsorum
1725 2084 1950 2148 diaboli,

373 2179 664 2246 potiusque
706 2178 793 2231 illa
834 2187 988 2233 ortus
1047 2189 1210 2248 atque
1257 2177 1490 2232 rationis
1528 2191 1722 2247 expers
1761 2183 1863 2239 est,
1899 2184 1947 2229 et

375 2285 482 2322 tum
511 2284 655 2323 sana!
687 2268 905 2335 mentis,
941 2277 1001 2324 ut
1037 2269 1170 2323 muli
1204 2270 1414 2323 ratione
1441 2277 1707 2324 carentes.

2044 530 2292 602 ᾔσθεσθε,
2326 529 2478 602 φησὶ,
2509 529 2624 594 πῶς
2669 529 2987 593 ἐστέναζονο
3036 530 3242 601 ἥκουσα
3279 530 3385 602 γὰρ
3425 533 3605 604 φωνῆς

2041 622 2304 694 λεγούσης
2319 640 2332 653 ·
2352 621 2771 693 Βδελυχθήσεται
2787 620 2847 674 τὸ
2870 621 3248 694 θυσιαστήριόν
3271 639 3391 692 μου.
3421 624 3606 682 Ταῦτα

2043 711 2180 768 εἷέν
2210 717 2238 768 ό
2258 714 2433 786 γέρων
2457 731 2472 744 ·
2509 714 2600 767 καὶ
2635 713 2772 785 μετά
2799 712 2890 766 δύο
2923 714 3014 785 ἔτη
3047 714 3264 784 γέγονεν
3298 718 3331 787 ἡ
3373 715 3466 770 νῦν
3512 718 3608 786 ἑφ-

2043 807 2160 869 οδος
2217 806 2324 858 τῶν
2377 804 2689 877 Ἀρειανῷν,
2745 807 2838 859 καὶ
2877 807 2909 877 ἡ
2965 807 3185 877 ἁρπαγὴ
3243 808 3349 861 τῶν
3411 809 3608 881 ἐκκλη-

2047 897 2176 950 σιῶν
2215 895 2349 966 (85),
2385 897 2470 949 ὅτε
2497 896 2592 950 καῖ
2617 895 2686 949 τὰ
2718 896 2883 967 σκεύή
2921 896 3056 966 μετά
3094 896 3212 966 βίας
3243 898 3605 969 ἁρπάσαντες,

2043 991 2111 1044 δι’
2145 989 2370 1043 ἐθνικῶν
2407 988 2622 1041 ἐποίουν
2654 987 3014 1059 βαστάζεσθαι
3033 1007 3046 1020 ’
3069 990 3158 1042 ὅτε
3188 992 3282 1044 καὶ
3305 991 3432 1054 τοὺς
3460 992 3606 1044 ἐθνι-

2045 1083 2174 1146 κοὺς
2202 1082 2309 1135 ἀπὸ
2346 1082 2453 1135 τῶν
2484 1081 2856 1152 ἐργαστηρίων
2885 1081 2995 1153 (86)
3044 1081 3351 1151 ἠνάγκαζον
3386 1085 3610 1151 συνάγε-

2048 1174 2170 1227 σθαι
2208 1176 2324 1245 μετ’
2349 1173 2523 1228 αὐτῶν
2544 1192 2557 1205 ο
2585 1175 2677 1226 κα).
2709 1173 2991 1245 παρόντων
3017 1173 3192 1227 αὐτῶν
3223 1174 3488 1245 ἔπραττον
3517 1175 3617 1229 ἐπὶ

2044 1264 2144 1334 τῆς
2164 1263 2438 1334 τραπέζης
2477 1262 2551 1326 ὡς
2572 1263 2782 1334 ἤθελον.
2814 1263 2945 1315 Τότε
2975 1264 3170 1326 πάντες
3191 1266 3350 1336 ἡμεῖς
3372 1265 3614 1334 ἐπέγνω-

2050 1367 2168 1423 μεν,
2229 1352 2310 1404 ὅτι
2346 1352 2414 1405 τὰ
2459 1352 2799 1424 λακτίσματα
2834 1353 2942 1406 τῶν
2982 1354 3220 1424 ἡμιόνων
3262 1355 3434 1408 ταῦτα
3481 1374 3613 1426 προ-

2047 1445 2248 1515 εμήνυε
2305 1444 2382 1514 τῷ
2420 1445 2707 1517 Ἀντωνίῳ,
2758 1445 2793 1499 ἃ
2822 1446 2915 1500 νῦν
2973 1449 3020 1499 οἱ
3083 1448 3346 1519 Ἀρειανοὶ
3401 1449 3610 1518 ἀλόγως

2050 1536 2378 1608 πράττουσιν
2408 1536 2483 1600 ὡς
2536 1535 2607 1590 τὰ
2635 1537 2832 1609 κτήνη.
2873 1537 2958 1602 Ὠς
3002 1537 3056 1590 δὲ
3110 1538 3312 1609 ταύτην
3358 1535 3464 1592 εἶδε
3512 1541 3612 1611 τὴν

2049 1627 2300 1699 θεωρίαν.
2325 1630 2452 1692 τοὺς
2485 1629 2739 1693 συνόντας
2761 1630 3118 1700 παρεκάλεσε,
3145 1629 3343 1699 λέγων·
3369 1631 3460 1703 Μὴ
3484 1632 3613 1684 ἀθυ-

2052 1723 2222 1790 μεῖτε,
2252 1719 2416 1773 τέκνα
2436 1735 2449 1748 ·
2482 1719 2669 1792 ὥσπερ
2714 1719 2821 1794 γὰρ
2853 1721 3096 1793 ὠργίσθη
3141 1723 3169 1774 ό
3202 1721 3424 1793 Κύριος,
3473 1722 3615 1776 οὕτω

2049 1811 2210 1864 πάλιν
2255 1811 2484 1866 ἰάσεται.
2521 1813 2630 1865 Kal.
2681 1813 2842 1866 πάλιν
2893 1814 3104 1883 ταχέως
3159 1812 3492 1884 ἀπολήψεται
3522 1813 3616 1866 τὸν

2046 1903 2246 1973 ἑαυτῆς
2271 1902 2475 1974 κόσμον
2498 1905 2530 1974 ἡ
2567 1903 2882 1973 Ἐκκλησία,
2901 1905 2994 1958 καὶ
3021 1904 3263 1975 συνήθως
3286 1905 3608 1976 ἀναλάμψεισ

2047 1994 2141 2048 καὶ
2164 1992 2359 2062 ὄψεσθε
2400 1994 2525 2058 τοὺς
2551 1994 2875 2064 διωχθέντας
2914 1993 3480 2067 ἁποκαθισταμένους,
3521 1996 3614 2050 καὶ

2045 2085 2144 2156 τὴν
2175 2085 2272 2155 μὲν
2301 2086 2555 2140 ἀσέϐειαν
2582 2087 2741 2140 πάλιν
2770 2090 2848 2152 εἰς
2869 2090 2994 2151 τοὺς
3022 2088 3184 2153 ἰδίους
3220 2088 3457 2158 φωλεοὺς
3487 2092 3615 2143 ἀνα-

2045 2176 2364 2247 χωροῦσαν,
2417 2178 2514 2249 τὴν
2561 2179 2617 2232 δὲ
2653 2179 2850 2250 εὐσεϐῆ
2892 2181 3072 2235 πίστιν
3099 2180 3614 2254 παρρησιαζομένην

2049 2267 2184 2336 μετά
2207 2269 2387 2339 πάσης
2419 2269 2724 2342 ἐλευθερίας
2753 2271 3024 2341 πανταχοῦ
3045 2286 3058 2299 ⁸
3095 2272 3251 2342 μόνον
3279 2273 3354 2345 μὴ
3391 2273 3626 2343 μιάνητε

375 2363 601 2428 ἑαυτοὺς
632 2363 770 2434 μετὰ
793 2364 902 2419 τῶν
929 2364 1240 2436 Ἀρειανῶν,
1269 2364 1379 2416 Οὐκ
1410 2363 1524 2415 ἐστι
1571 2363 1679 2433 γὰρ
1721 2361 1827 2414 τῶν
1867 2361 2179 2414 ἀποστόλων
2234 2361 2371 2434 αὕτη
2429 2366 2462 2434 ἡ
2517 2364 2850 2431 διδασκαλία,
2882 2365 3017 2418 ἀλλὰ
3047 2365 3153 2417 τῶν
3185 2366 3451 2437 δαιμόνων
3473 2406 3487 2430 ,
3522 2371 3628 2424 καὶ,

373 2456 467 2509 τοῦ
498 2457 701 2527 πατρὸς
723 2455 899 2510 αὐτῶν
928 2455 1022 2510 τοῦ
1043 2455 1286 2510 διαϐόλου
1309 2473 1321 2484 ·
1365 2455 1457 2507 καὶ
1481 2453 1678 2525 μᾶλλον
1728 2449 1938 2519 ἄγονος,
1979 2452 2071 2504 κα)¹
2101 2452 2312 2522 ἄλογος,
2368 2455 2461 2507 καὶ
2488 2454 2724 2518 διανοίας
2785 2456 2929 2509 ἐστὶν
2961 2456 3062 2508 οὐκ
3091 2456 3251 2527 ὀρθῆς
3273 2497 3287 2523 ,
3323 2456 3397 2520 ὡς
3427 2459 3459 2527 ἡ
3508 2456 3615 2509 τῶν

373 2549 614 2617 ἡμιόνων
646 2549 858 2618 ἀλογία.

447 2639 535 2695 85.
569 2638 844 2695 Hactenus
869 2640 1087 2694 Antonii
1115 2650 1284 2710 gesta.
1316 2639 1432 2693 Non
1456 2639 1608 2694 decet
1632 2645 1812 2692 autem
1843 2650 1946 2690 nos

373 2730 534 2785 ﬁdem
569 2731 827 2796 derogare
860 2740 941 2786 tot
969 2733 1242 2800 tantisque
1277 2733 1344 2785 ab
1383 2746 1492 2785 uno
1527 2730 1747 2784 homine
1785 2727 1947 2782 editis

374 2823 674 2877 miraculis.
708 2823 833 2878 “:CC
862 2823 1006 2876 enim
1051 2823 1350 2877 Salvatoris
1396 2832 1480 2876 est
1511 2820 1827 2892 promissio,
1853 2817 1948 2889 qui

376 2915 456 2968 ait
484 2935 497 2970 :
526 2914 590 2968 Si
630 2915 916 2969 habueritis
963 2914 1121 2985 [idem
1156 2925 1212 2969 ut
1242 2931 1464 2984 granum
1505 2913 1727 2982 sinapis,
1758 2911 1944 2964 dicetis
1973 2939 2016 2996 α

378 3005 503 3058 huic
539 3006 701 3058 monti
731 3021 750 3058 :
789 3004 927 3058 llinc
965 3007 1305 3076 transmigra,
1334 3013 1381 3058 et
1424 3000 1862 3072 transmigrabit;
1892 3007 1942 3052 et

375 3095 510 3149 nihil
535 3095 851 3165 impossibile
865 3097 967 3150 erit
990 3096 1130 3149 vobis
1147 3097 1209 3150 ⁸⁸.
1239 3095 1301 3149 Et
1317 3110 1534 3149 rursum
1561 3108 1579 3146 :
1607 3095 1952 3156 Amen,aman

376 3188 499 3240 dico
533 3188 694 3253 vobis,
726 3189 772 3240 si
801 3188 926 3258 quid
955 3188 1210 3258 petieritis
1249 3187 1465 3240 Patrem
1495 3187 1550 3239 in
1579 3184 1788 3239 nomine
1817 3197 1952 3247 meo,

2125 2635 2215 2688 85.
2249 2633 2484 2688 Τοιαῦτα
2510 2635 2608 2706 μὲν
2633 2633 2700 2688 τά
2733 2634 2823 2688 τοῦ
2853 2635 3160 2688 Ἀντωνίου.
3199 2636 3272 2688 Οὐ
3297 2637 3377 2688 δεῖ
3393 2635 3448 2687 δὲ
3473 2636 3614 2706 ἡμᾶς

2052 2726 2319 2791 ἀπιστεῖν,
2353 2729 2402 2780 εἰ
2430 2727 2496 2780 δι’
2529 2726 2814 2798 ἀνθρώπου
2846 2727 3082 2782 τοσαῦτα
3110 2727 3302 2797 γέγονε
3343 2725 3628 2797 θαύματα..

2053 2815 2160 2869 Τοῦ
2187 2815 2294 2888 γὰρ
2321 2817 2570 2889 Σωτῆρός
2608 2818 2753 2870 ἐστιν
2786 2817 3116 2886 ἐπαγγελία,
3158 2817 3430 2885 λέγοντος·
3479 2815 3618 2868 Ἐὰν

2052 2907 2230 2976 ἔχητε
2267 2909 2477 2960 πίστιν
2503 2908 2582 2973 ὡς
2602 2908 2821 2961 κόκκον
2847 2906 3146 2973 σινάπεως
3173 2906 3302 2978 (87),
3331 2904 3513 2974 ἐρεῖτε
3540 2903 3616 2968 τῷ

2049 2997 2171 3067 ὄρει
2191 2999 2378 3064 τούτῳ
2394 3014 2408 3029 ⁸
2429 2997 2720 3066 Μετάϐηθι
2748 2998 3050 3063 ἐντεῦθεν,
3084 2999 3181 3052 καὶ
3201 2995 3611 3067 μεταϐήσεταιο

2053 3092 2150 3144 καὶ
2183 3091 2364 3145 οὐδὲν
2397 3089 2761 3156 ἀδυνατήσει
2805 3089 2967 3159 ὑμῖν.
3016 3089 3127 3142 Kal.
3153 3087 3344 3142 πάλιν·
3412 3085 3613 3156 Ἀμὴν,

2054 3185 2217 3256 ἀμὴν
2245 3184 2400 3255 λέγω
2429 3183 2590 3254 ὑμῖν,
2619 3182 2730 3237 ἐάν
2748 3199 2803 3237 τι
2823 3181 3108 3248 αἰτήσητε
3131 3181 3238 3234 τὸν
3261 3178 3493 3248 Πατέρα
3509 3177 3634 3248 (88).

375 3278 524 3333 dabit
540 3279 698 3334 vobis.
716 3279 905 3346 Petite,
919 3289 966 3334 et
983 3280 1316 3350 accipietis".
1332 3277 1450 3348 Ipse
1464 3279 1661 3349 quippe
1673 3273 1948 3343 discipulis

2052 3277 2122 3330 ἐν
2151 3273 2230 3340 τῷ
2258 3274 2505 3344 ὀνόματί
2541 3292 2689 3344 μου,
2718 3271 2895 3327 δώσει
2915 3271 3074 3341 ὑμῖν.
3095 3271 3338 3335 Αἰτεῖτε,
3372 3269 3471 3323 καὶ
3508 3267 3616 3335 λή-

377 3369 743 3439 omuibusque
766 3370 816 3422 in
847 3385 906 3424 se
926 3369 1272 3424 credentibus
1296 3369 1371 3423 ait
1395 3387 1408 3422 :
1440 3368 1693 3436 Inﬁrmos
1725 3379 1906 3424 curate
1933 3385 1954 3424 :

379 3461 642 3515 (temones
659 3461 835 3530 ejicite
859 3477 877 3514 :
906 3461 1072 3530 gratis
1099 3460 1398 3531 accepistis,
1425 3462 1592 3530 gratis
1607 3461 1730 3515 date
1744 3462 1811 3516 '°.

2055 3371 2266 3437 ψεσθε.
2299 3366 2410 3420 Καὶ
2442 3365 2605 3427 αὑτός
2631 3366 2778 3418 ἐστιν
2803 3366 2831 3417 ό
2859 3366 2969 3428 τοῖς
3007 3363 3272 3434 μαθηταῖς
3300 3361 3495 3431 λέγων,
3529 3361 3635 3414 καὶ-

2057 3459 2190 3514 πᾶσι
2219 3460 2330 3522 τοῖς
2369 3457 2712 3512 πιστεύουσιν
2737 3459 2816 3521 εἰς
2847 3456 3006 3510 αὐτόν
3027 3472 3041 3486 ·
3085 3454 3506 3520 Ἀσθενοῦντας
3530 3456 3621 3508 θε.

374 3554 563 3622 ραπεύ
572 3571 665 3609 ετε
683 3570 697 3584 ·
727 3553 1016 3624 δαίμονας
1035 3553 1358 3610 ἐκϐάλλετε
1379 3572 1392 3584 ·
1417 3552 1644 3624 δωρεὰν
1679 3553 1942 3622 ἐλάϐετε,
1984 3554 2210 3623 δωρεὰν
2237 3552 2393 3609 δότε.

1710 3771 1964 3828 VERSlO
2003 3771 2304 3828 EVAGRII.

382 4014 508 4056 cum
550 3997 924 4067 assumptione
957 3996 1301 4065 palmarum:
1353 3996 1496 4067 quod
1534 3995 1862 4067 idololatria}
1915 3996 2058 4067 apud
2105 3993 2488 4067 Alexandriam
2536 3992 2880 4067 insignecst.
2936 3992 3345 4067 Ad_ecclesiar_n
3398 4005 3618 4061 pergere

385 4062 854 4138 compellebantur
885 4062 1206 4139 Christiani,
1244 4076 1302 4121 ut
1324 4062 1649 4121 Arianorum
1684 4065 1865 4136 populi
1902 4062 2271 4139 crederentur.
2311 4063 2700 4139 Proh_seelu_s-!
2735 4062 2928 4139 ilorret
2959 4063 3175 4139 animus
3210 4063 3624 4139 replicare_qute

386 4131 536 4208 gesta
571 4147 741 4208 sunt:
775 4138 1044 4207 virginum
1101 4131 1826 4208 matronarumquecrept—us
1877 4136 2052 4208 pudor
2086 4153 2100 4189 :
2134 4134 2361 4208 sanguis
2386 4134 2597 4208 ovium__
2619 4132 2822 4188 Christi
2854 4133 2907 4188 in
2925 4133 3154 4208 _§_h_r_ist_i
3178 4131 3622 4208 _te_rnpio_eﬂ:usus

385 4202 694 4263 veneranda
735 4202 996 4274 respérsit
1027 4208 1217 4262 altaria
1249 4226 1263 4261 :
1321 4202 1827 4276 baptisterium'pro
1861 4202 2136 4276 voluntate
2178 4202 2462 4276 gentilium
2491 4203 2756 4276 pollutum
2789 4211 2891 4276 est.
2925 4203 3071 4257 Nihil
3106 4202 3276 4258 defuit
3301 4203 3498 4276 visinui
3530 4218 3619 4257 ve-

388 4280 588 4342 ritatis,
619 4287 678 4332 ut
701 4273 1028 4332 monstravit
1075 4277 1320 4343 ell‘eetus,
1354 4273 1498 4346 quod
1544 4273 1945 4346 calcitrantinm
1996 4273 2746 4346 mulorumindisciplinatio,
2795 4273 3120 4346 Arianorum
3165 4281 3309 4346 esset
3349 4273 3618 4346 impietas.

390 4349 494 4402 Sed
524 4340 681 4402 istam
721 4347 993 4402 tristitiam
1019 4340 1410 4417 consequentis
1445 4345 1792 4401 revelatiouis
1820 4345 2422 4417 prosperitatesolatus
2445 4340 2546 4410 est,
2577 4353 2629 4398 et
2659 4345 2737 4397 ait
2769 4360 2784 4397 :
2815 4340 3222 4417 Nolite,_(ilioli_,
3259 4343 3478 4397 maerori
3517 4357 3614 4417 vos

391 4421 606 4488 penitus
631 4418 760 4471 dare
788 4435 801 4471 :
839 4428 899 4472 ut
927 4418 1074 4493 enim
1102 4411 1272 4493 iratus
1304 4426 1388 4471 est
1429 4411 1836 4493 D_om.i_n.us,__sic'
1874 4411 2092 4493 rursum
2115 4415 2501 4493 _miserebitu_r,
2542 4426 2596 4468 et
2635 4428 2814 4493 suum
2837 4413 2950 4493 cito
2973 4412 3244 4493 .Ec‘clesia
3283 4411 3626 4493 recuperabi:

389 4482 642 4543 ornatum
680 4506 694 4542 :
732 4503 937 4557 eosque
985 4489 1078 4557 qui
1105 4488 1156 4540 in
1211 4482 1680 4557 persecutionibits
1725 4485 2129 4557 lidemDomini
2184 4485 2538 4557 servaverint,
2572 4482 2733 4539 solito
2765 4483 3036 4557 videbitis
3061 4482 3619 4557 fulgore_relucentes.

393 4558 753 4613 Revertentur
804 4552 869 4612 ad
906 4552 1089 4613 foveas
1137 4552 1266 4612 suas
1310 4569 1610 4627 serpentes,
1661 4567 1716 4612 et
1747 4556 1940 4625 religio
1987 4556 2214 4627 longius
2237 4555 2666 4624 prepagabitur:
2711 4562 2920 4627 tantum
2951 4552 3152 4627 videte,
3172 4552 3408 4627 nelidei
3427 4561 3622 4627 vestra:

391 4630 674 4684 sinceritas
720 4629 921 4682 Ariaua
968 4627 1087 4682 labe
1115 4623 1418 4698 sordescat:
1467 4623 1603 4683 Non
1634 4623 2028 4698 apostolorum,
2047 4623 2156 4698 sed
2186 4623 2492 4678 daemonum
2527 4633 2580 4678 et
2607 4624 2776 4693 patris
2807 4638 2994 4698 eorum
3019 4623 3214 4678 diaboli
3244 4623 3348 4678 ista
3377 4623 3624 4677 doctrina

397 4709 487 4754 est
514 4719 526 4754 :
558 4703 628 4768 ob
655 4699 707 4753 id
732 4715 826 4768 per
853 4697 1220 4768 insipientiam
1241 4697 1635 4768 jumentorum,
1668 4693 1864 4752 similis
1893 4695 2380 4768 pecudum_eorum
2410 4709 2700 4768 expressus
2737 4701 2820 4768 esi
2848 4693 3082 4768 animus.

461 4770 548 4824 85.
583 4767 698 4822 Huc
732 4761 904 4836 usque
934 4761 1366 4823 AntoniusfSed
1398 4783 1499 4824 nos
1533 4769 1755 4823 minime
1779 4761 2031 4822 convenit
2075 4765 2333 4827 dillidere,
2364 4761 2717 4836 tam—grande,
2746 4762 3070 4836 miraculum
3098 4778 3195 4833 per
3223 4761 3500 4836 hominem
3529 4775 3624 4836 po-

389 4840 560 4894 tuisse
588 4832 858 4909 portendi.
888 4837 1186 4909 Saly:atoris
1211 4839 1355 4892 enim
1384 4839 1673 4908 promissio
1696 4846 1778 4893 est
1805 4838 1906 4892 ista
1945 4836 2064 4909 (8_9)_
2086 4836 2324 4909 dicentis
2346 4853 2380 4909 ;_
2399 4833 2458 4889 Si
2489 4832 2791 4909 habueritis
2833 4833 3000 4909 ﬁdem
3039 4832 3114 4886 ut"
3127 4847 3347 4909 granum
3377 4832 3575 4909 sinapis
3606 4868 3622 4894 ,

389 4901 777 4964 dicetis-monti
800 4909 921 4962 huic
947 4925 966 4964 :
985 4907 1234 4978 Transfer
1263 4919 1336 4978 ge,
1372 4901 1421 4963 et
1449 4912 1816 4977 transferetur,
1848 4916 1896 4962 et
1930 4901 2064 4978 nihil
2090 4904 2408 4978 impossibile
2423 4906 2527 4978 erit
2544 4901 2684 4957 vobis
2713 4922 2731 4958 :
2761 4901 3028 4978 e_ti_tel_‘un]
3063 4920 3076 4956 :
3109 4901 3294 4978 Amen,
3317 4901 3621 4978 amen_dic_o

390 4981 553 5044 vobis,
585 4996 736 5033 omne
767 4979 906 5049 quod
951 4970 1209 5046 petierit-is
1253 4970 1470 5033 Patrem
1503 4979 1559 5031 in
1585 4970 1798 5049 nomine
1842 4993 1977 5049 meo,
2007 4970 2171 5049 dabit
2209 4975 2370 5029 vobis.
2411 4973 2583 5028 Petite
2610 4983 2659 5027 et
2687 4973 2978 5049 accipietis.
3010 4972 3290 5049 l__psc_enim
3319 4970 3626 5049 suis__disci-

391 5040 619 5119 pulis'et
646 5040 901 5121 universo
940 5040 1276 5121 credentium
1306 5049 1478 5121 gregi,
1514 5063 1658 5101 nunc
1676 5047 2072 5121 subiectionem
2103 5045 2434 5112 daemonum,
2469 5059 2615 5099 nunc
2642 5040 2912 5098 variarum
2952 5040 3327 5098 inllrmitatum
3367 5040 3626 5112 pollicens

389 5118 748 5186 Curationem,
772 5119 949 5173 aiebat
978 5137 991 5174 :
1026 5118 1207 5174 Gratis
1233 5118 1523 5188 accepistis,
1545 5120 1708 5188 gratis
1735 5119 1874 5173 date.

481 5350 522 5382 ³⁸
548 5348 740 5403 Matth.
773 5363 906 5412 xvu,
941 5346 1026 5400 l9.
1108 5346 1149 5378 "
1187 5342 1384 5400 Joanu.
1416 5359 1528 5414 xvt,
1558 5343 1650 5412 25,
1677 5341 1768 5398 24.
1844 5342 1890 5375 ³⁸
1928 5341 2116 5397 Matth.
2151 5360 2204 5407 χ,
2227 5343 2277 5399 8-

469 5565 582 5633 (85)
617 5565 743 5621 l-la‘c
776 5576 923 5634 gesta
955 5573 1085 5620 sunt
1116 5579 1261 5620 anno
1295 5564 1418 5619 5M.
1447 5562 1582 5634 Vide
1625 5577 1790 5634 supra
1828 5561 1952 5615 Evi-

395 5635 589 5691 otilmn
621 5636 943 5704 encyclicum
971 5636 1038 5689 ad
1072 5637 1361 5704 episcopos.
1400 5651 1449 5703 p.
1485 5633 1576 5688 87.

470 5705 583 5773 (8b)
617 5703 959 5760 Uulbet'tiuus
993 5703 1286 5768 secundus,
1317 5706 1484 5768 solus,
1519 5703 1806 5774 ἐργασιῶν.

2138 5566 2252 5630 (87)
2282 5567 2371 5623 Sic
2395 5566 2610 5637 plurimi
2648 5583 2778 5622 mss.
2814 5566 2913 5620 Alii
2945 5581 3068 5620 cum
3106 5564 3282 5637 editis,
3325 5561 3622 5637 συνάττεως.

2138 5637 2250 5706 (88)
2278 5634 2506 5706 Quidam
2531 5653 2686 5703 mss.,
2709 5637 2926 5708 Πατέρα
2957 5654 3075 5707 μου.
3107 5635 3161 5708 lu
3189 5635 3311 5689 aliis
3338 5634 3636 5704 poudcest.

2141 5709 2252 5778 (89)
2287 5711 2375 5766 Sic
2409 5712 2782 5768 manuscrioti.
2817 5707 2979 5766 Editi.
3007 5718 3081 5760 est
3112 5707 3209 5759 ita.
