3992 6230
394 283 492 338 961

1703 279 1866 335 ῊΤᾹ
1907 282 1963 335 S.
2008 281 2293 335 ANTONII

3525 287 3631 343 96!

466 391 556 448 84.
590 393 665 446 Ού
692 388 1036 465 προστάττων
1056 393 1169 465 (90)
1201 392 1330 463 γοῦν
1346 386 1671 465 ἐθεράπευεν
1693 396 1722 447 6
1760 395 1952 447 Ἀντώ-

2124 394 2342 450 84.Νοη
2356 394 2515 464 jussu
2539 404 2722 467 itaque
2735 397 2959 454 sanabat
2974 400 3267 469 Antonius,
3282 403 3374 459 sed
3398 403 3630 459 orando.

395 502 529 551 νιος,
573 484 685 539 ἀλλ’
716 484 1005 555 εὐχόμενος
1036 485 1130 537 καὶ
1166 483 1256 537 τὸν
1286 484 1515 555 Χριστὸν
1538 485 1816 555 ὀνομάζων
1835 502 1849 514 ο
1882 486 1958 549 ὡς

394 578 532 633 πᾶσι
560 576 789 647 φανερὸν
817 575 1068 645 γενέσθαι
1091 615 1107 639 ,
1137 577 1219 630 ὅτι
1248 577 1348 629 οὐκ
1391 572 1459 647 ἦν
1486 577 1647 640 αὐτὸς
1692 580 1720 631 6
1768 577 1956 645 ποιῶν,

394 578 532 633 πᾶσι
560 576 789 739 φανιξδν
817 576 1068 645 γενέσθαι
1091 615 1107 639 ,
1137 577 1219 630 ὅτι
1248 577 1348 629 οὐκ
1391 576 1459 647 ἦν
1486 577 1647 640 αὐτὸς
1692 580 1720 631 6
1768 577 1956 645 ποιῶν,

392 668 511 722 ἀλλ’
547 670 576 721 6
609 670 690 721 Ku
735 684 812 729 ιος
836 708 852 733 ,
896 666 961 719 δι’
1022 668 1303 721 Ἀντωνίου
1358 667 1956 740 φιλανθρωπευόμενος,

392 760 490 813 καὶ⁵
516 758 830 830 θεραπεύων
864 760 990 821 τοὺς
1024 759 1348 829 πάσχοντας.
1391 759 1670 812 Ἀντωνίου
1713 759 1768 812 δὲ
1801 760 1959 831 μόνον

391 855 428 922 ὴ
460 851 594 921 εὐχὴ
623 850 716 903 καὶ
734 852 767 920 ἡ
796 850 1045 921 ἄσκησις,
1079 845 1148 920 ἦς
1178 850 1365 903 ἕνεκεν
1389 852 1446 904 ὲν
1475 851 1552 922 τῷ
1580 851 1694 923 ὄρει
1724 852 1961 923 καθήμε-

391 961 505 1006 νος,
554 942 735 1013 ἔχαιρε
768 942 870 1011 μὲν
910 944 976 1011 τῇ
1003 941 1111 994 τῶν
1147 941 1305 993 θείων
1357 941 1593 1012 θεωρίᾳ,
1626 942 1875 996 ἐλυπεῖτο
1900 943 1959 996 δὲ

389 1034 761 1104 διοχλούμενος
798 1034 902 1086 ὑπὸ
925 1031 1129 1085 πολλῶν
1174 1032 1267 1086 καὶ
1300 1033 1587 1104 ἑλκόμενος
1621 1035 1699 1098 εἰς
1729 1035 1789 1086 τὸ
1835 1034 1960 1105 ὅρος

390 1127 454 1177 τὸ
484 1126 606 1190 ἔξω.
639 1125 749 1179 Καὶ
773 1124 881 1198 γὰρ
910 1126 1004 1178 καὶ
1031 1125 1277 1178 δικασταὶ
1305 1126 1504 1188 πάντες
1523 1124 1707 1195 ⁴ἠξίουν
1731 1125 1840 1179 ἀπὸ
1864 1125 1957 1178 τοῦ

390 1215 551 1285 ὅρους
579 1215 740 1267 αὐτὸν
773 1214 1149 1286 κατέρχεσθαι,
1173 1214 1294 1267 ἐπεὶ
1321 1214 1400 1285 μὴ
1423 1214 1643 1268 δυνατὸν
1668 1211 1735 1286 ἦν
1765 1218 1957 1280 αὐτοὺς

391 1304 653 1357 εἰσελθεῖν
699 1306 845 1367 ἐκεῖ,
876 1304 963 1357 διὰ
994 1307 1118 1369 τοὺς
1156 1305 1577 1371 ἀκολουθοῦντας
1606 1307 1713 1360 τῶν
1739 1308 1957 1372 δικαζο-

394 1396 591 1466 μένων.
635 1396 847 1462 Ἠξίουν
877 1396 932 1449 δὲ
978 1397 1156 1466 ὅμως,
1193 1397 1278 1449 ἵνα
1302 1396 1426 1469 ἔλθῃ
1463 1399 1555 1451 καὶ
1595 1399 1752 1468 μόνον
1795 1400 1957 1455 αὑτὸν

394 1490 577 1543 ἴδωσιν
596 1505 609 1517 ·
631 1489 792 1551 αὐτὸς
826 1488 925 1559 μὲν
952 1484 1043 1541 οὖν
1077 1487 1394 1557 ὲξετρὲπετο
1418 1492 1511 1543 καὶ
1546 1494 1840 1564 παρῃτεῖτο
1860 1491 1957 1556 τὰς

390 1579 527 1650 πρὸς
553 1578 772 1641 τούτους
807 1579 957 1642 ὁδούς
974 1596 988 1609 ⁸
1014 1580 1062 1631 οἱ
1088 1579 1146 1633 δὲ
1175 1580 1461 1650 ἐπέμενον,
1494 1581 1587 1634 καὶ
1612 1582 1809 1652 μᾶλλον
1830 1584 1955 1648 τοὺς

384 1670 721 1733 ὑπευθύνους
753 1669 911 1733 ὄντας
928 1670 1033 1723 ὑπὸ
1059 1670 1395 1741 στρατιώτας
1426 1672 1809 1743 προσέπεμπον
1829 1690 1843 1704 ·
1871 1675 1955 1727 ἵνα

2063 486 2445 559 Christumque
2491 491 2862 558 nominando;
2905 493 2974 547 ita
3023 504 3081 548 ut
3107 497 3283 565 palam
3335 506 3483 551 esset
3521 510 3630 549 non

2064 577 2237 647 ipsum
2258 594 2319 633 ea
2340 579 2519 643 cdere,
2539 581 2630 634 sed
2647 579 3182 646 Dominum,Antonii
3199 587 3520 652 ministerio,
3540 587 3636 642 be-

2064 670 2253 727 nelicia
2287 680 2341 724 et
2367 672 2699 727 curationem
2744 675 3074 743 patientibus
3124 678 3430 748 impertire;
3465 681 3537 734 ita
3573 686 3634 735 ut

2062 763 2281 817 Antonii
2311 772 2457 818 esset
2483 765 2660 819 oratio
2694 774 2905 821 tantum
2940 776 2996 821 et
3036 770 3268 824 ascetica
3300 770 3441 838 vita,
3471 771 3632 841 cujus

2061 866 2164 923 ope
2192 869 2315 908 cum
2360 855 2416 910 in
2451 866 2634 910 monte
2675 858 2906 924 sederet,
2938 860 3245 916 divinarum
3287 878 3467 917 rerum
3494 878 3629 918 eon-

2063 944 2413 1012 templatione
2461 945 2729 1014 gaudebat
2763 969 2776 1001 :
2820 949 2913 1001 sed
2947 949 3162 1003 dolebat
3212 966 3335 1005 cum
3372 965 3402 1005 a
3444 952 3631 1006 multis

2062 1042 2369 1102 vexaretur,
2401 1044 2563 1106 atque
2592 1037 2663 1091 ad
2686 1038 3007 1093 exteriorem
3039 1041 3446 1109 pet-traheretur
3475 1057 3632 1095 mon-

2062 1134 2192 1180 tem.
2233 1124 2451 1182 Judices
2499 1144 2736 1198 namque
2783 1146 2974 1186 omnes
3022 1134 3285 1203 rogabant
3319 1134 3470 1187 illum
3512 1144 3569 1189 ut
3598 1149 3631 1190 ο

2061 1225 2245 1270 monte
2264 1218 2632 1284 descenderet,
2657 1220 2804 1290 quod
2828 1237 3173 1293 nequaquam
3190 1224 3293 1279 sibi
3322 1225 3528 1288 liceret,
3555 1224 3628 1279 ob

2063 1320 2184 1360 reos
2219 1306 2312 1376 qui
2356 1321 2541 1361 secum
2579 1318 2739 1363 erant
2778 1317 2832 1363 et
2855 1312 3245 1380 sequebantur,
3287 1314 3353 1368 ad
3388 1322 3629 1368 montem

2060 1397 2288 1466 ingredi.
2330 1396 2678 1454 Postulabant
2720 1408 2902 1456 tamen
2948 1412 3009 1457 ut
3054 1404 3357 1469 accederet,
3396 1405 3631 1476 ejusque

2062 1489 2236 1541 solum
2271 1500 2497 1559 aspectu
2538 1489 2871 1560 fruerentur,
2904 1510 3066 1564 quam
3106 1511 3222 1551 rem
3259 1513 3383 1553 cum
3413 1511 3630 1553 aversa-

2060 1588 2209 1633 retur
2237 1580 2344 1646 ille,
2375 1581 2648 1637 abnuebat
2673 1586 2877 1653 egredi.
2914 1586 3242 1655 lnstareilli,
3277 1604 3342 1643 ac
3359 1589 3463 1644 sub
3487 1590 3631 1643 mili-

2060 1675 2173 1720 tum
2228 1668 2475 1725 custodia
2521 1686 2644 1727 reos
2695 1674 2761 1728 ad
2817 1674 2969 1729 illum
3018 1679 3265 1745 mittere,
3305 1686 3366 1732 ut
3409 1678 3628 1734 illorum

382 1761 493 1815 κᾶν
523 1762 611 1816 διὰ
640 1762 735 1832 τὴν
764 1762 987 1815 ἐκείνων
1016 1762 1285 1831 πρόφασιν
1305 1762 1558 1834 κατέλθῃ.
1602 1764 1832 1834 Πάσχων
1862 1762 1952 1819 οὖν

2058 1759 2246 1813 saltem
2271 1776 2436 1816 causa
2456 1762 2825 1821 descenderet.
2849 1765 3183 1825 Necessitate
3199 1770 3362 1839 igitur
3381 1779 3627 1837 coactus,

380 1855 652 1924 ἀνάγκην,
680 1854 774 1907 καὶ
797 1853 937 1924 ὁρῶν
960 1854 1155 1917 αὐτοὺς
1184 1853 1539 1925 ὀδυρομένους
1562 1894 1577 1919 ,
1628 1856 1826 1927 ἤρχετο
1855 1857 1953 1927 μὲν

375 1947 469 2007 εἰς
486 1944 547 1997 τὸ
564 1944 689 2014 ὅρος
714 1943 775 1996 τὸ
807 1943 910 2008 ἔξω
925 1960 938 1973 ο
964 1943 1064 1996 οὐκ
1093 1942 1371 2014 ἀνωφελὴς
1392 1943 1446 1996 δὲ
1464 1944 1623 1997 πάλιν
1644 1940 1711 2015 ἦν
1740 1946 1769 1997 6
1791 1945 1953 1999 σκυλ-

382 2038 492 2107 ;μὸς
517 2035 680 2089 αὑτοῦ
700 2054 713 2067 ·
742 2036 955 2099 πολλοῖς
994 2036 1090 2105 μὲν
1128 2035 1236 2107 γὰρ
1263 2036 1346 2098 είς
1373 2034 1557 2107 ὄνησιν
1590 2037 1816 2104 ἐγίνετο,
1856 2038 1953 2091 καὶ

376 2127 467 2189 εἰς
488 2124 851 2196 εὐεργεσίανή
877 2124 1061 2194 ἄφιξις
1078 2124 1260 2179 αὐτοῦ.
1299 2125 1437 2188 Τοὺς
1460 2125 1514 2178 δὲ
1536 2126 1793 2191 δικαστὰς
1811 2128 1953 2196 ὠφέ-

376 2218 489 2282 λει,
517 2215 896 2288 συ,μὸουλεύων
926 2217 1139 2271 πάντων
1188 2216 1386 2287 μᾶλλον
1426 2219 1739 2289 προκρίνειν
1776 2220 1837 2273 τὸ
1873 2220 1953 2273 δί-

377 2327 539 2365 καιον
558 2326 571 2339 ·
607 2310 701 2363 καὶ
720 2308 998 2377 φοεετσθαι
1030 2308 1119 2361 τὸν
1143 2308 1295 2372 Θεὸν,
1332 2308 1428 2361 καὶ
1456 2309 1686 2376 εἰδέναι,
1717 2311 1798 2364 ὅτι
1850 2312 1950 2383 οἴῳ

378 2402 611 2474 κρίματι
641 2402 904 2473 κρίνουσι,
931 2400 1304 2472 κριθήσονται.
1337 2401 1483 2473 Πλὴν
1508 2401 1607 2473 τὴν
1634 2403 1691 2455 ἐν
1728 2401 1808 2475 τῷ
1832 2403 1948 2475 ὄρει

378 2494 664 2566 διατριϐὴν
699 2495 912 2549 πάντων
943 2492 1141 2563 μᾶλλον
1164 2491 1374 2561 ⁴ἠγάπα.

454 2587 542 2640 85.
578 2586 714 2639 Ποτὲ
761 2581 853 2638 οὖν
915 2584 1037 2655 βίαν
1079 2583 1332 2655 τοιαύτην
1388 2582 1573 2636 παθὼν
1623 2584 1775 2655 παρὰ
1836 2584 1949 2638 τῶν

378 2677 571 2747 χρείαν
624 2678 874 2747 ἐχόντων,
931 2677 1024 2730 καὶ
1073 2675 1165 2729 τοῦ
1215 2675 1581 2746 στρατηλάτου
1615 2675 1704 2729 διὰ
1737 2675 1946 2731 πολλῶν

375 2768 706 2834 ἀξιώσαντος
747 2768 909 2822 αὑτὸν
960 2767 1273 2821 κατελθεῖν’
1311 2766 1499 2830 ἐλθὼν,
1545 2767 1642 2821 καὶ
1682 2768 1947 2839 ὁμιλήσας

374 2860 555 2927 ὀλίγα,
583 2859 648 2912 τὰ
687 2861 765 2922 είς
788 2859 1058 2930 σωτηρίαν
1086 2859 1373 2928 φθάνοντα,
1406 2859 1502 2912 καὶ
1531 2858 1659 2932 περὶ
1689 2858 1804 2930 (91)
1836 2859 1946 2913 τῶν

371 2950 663 3020 δεομένων,
700 2950 977 3019 ἠπείγετο.
1029 2949 1133 3003 Τοῦ
1166 2950 1221 3002 δὲ
1270 2949 1557 3021 λεγομένου
1601 2949 1788 3014 δουκδς
1826 2948 1945 3016 ἀξι-

369 3042 564 3106 οῦντος
596 3042 756 3095 αὑτὸν
784 3040 1136 3112 ὲμϐραδύνειν
1155 3082 1170 3107 ,
1200 3041 1350 3109 ἔλεγε
1378 3041 1453 3112 μὴ
1487 3039 1742 3095 δύνασθαι
1768 3040 1948 3113 χρονί-

376 3135 495 3198 ζειν
528 3135 645 3204 μετ’
676 3132 871 3197 αὐτῶν,
896 3111 999 3186 καὶ
1033 3111 1449 3204 παραδείγματι
1476 3132 1714 3202 χαρίεντι
1760 3111 1946 3187 τοῦτον
1973 3111 2015 3169 c

371 3224 562 3279 ἔπειθε
611 3224 815 3292 λέγων’
848 3224 1057 3295 Ὥσπερ
1094 3224 1143 3276 οἱ
1197 3224 1375 3294 ἰχθύες
1421 3224 1823 3295 ἐγχρονίζοντες
1876 3228 1943 3296 τῇ

374 3316 519 3388 ξηρᾷ
548 3320 617 3388 γῇ
648 3316 995 3379 τελευτῶσιν,
1030 3315 1199 3378 οὕτως
1237 3318 1285 3368 οἱ
1325 3317 1547 3386 μοναχοὶ
1592 3315 1944 3386 βραδύνοντες

376 3405 501 3477 μεθ’
530 3405 702 3476 ὑμῶν,
726 3406 819 3458 καὶ
846 3407 974 3475 παρ’
1012 3405 1138 3475 ὑμῖν
1176 3405 1602 3477 ἑκδιατρίὸοντες
1639 3404 1940 3459 ἐκλύονται.

371 3501 469 3551 Δεῖ
496 3495 609 3561 οὖν,
636 3497 824 3569 ὥσπερ
866 3498 956 3550 τὸν
1008 3497 1159 3567 ἰχθὺν
1204 3497 1284 3559 εἰς
1326 3497 1423 3566 τὴν
1448 3496 1740 3560 θάλασσαν,
1772 3495 1944 3560 οὕτως

370 3592 523 3663 ἡμᾶς
553 3591 633 3654 είς
656 3590 718 3643 τὸ
744 3588 867 3660 ὅρος
889 3586 1201 3658 ἐπείγεσθαι
1219 3603 1233 3617 ο
1263 3588 1469 3658 μήποτε
1490 3585 1936 3657 ἐμϐραδύνοντες,

2060 1849 2290 1920 illosque
2326 1867 2554 1908 cernens
2595 1855 3064 1928 eollacrymantes,
3096 1860 3149 1912 in
3195 1861 3520 1915 exteriorem
3569 1875 3629 1915 se

2056 1942 2288 1998 contulit
2324 1953 2566 2000 montem
2594 1964 2606 2000 :
2636 1963 2760 2017 qua:
2794 1949 2941 2005 illius
2995 1949 3314 2022 defatigatio
3348 1952 3494 2007 haud
3531 1953 3622 2006 in-

2056 2033 2208 2088 utilis
2235 2035 2337 2090 fuit
2362 2055 2377 2091 :
2412 2038 2599 2094 multis
2619 2039 2761 2093 enim
2796 2042 3080 2096 commoda
3100 2083 3117 2109 ,
3146 2043 3332 2099 multis
3360 2043 3627 2098 beneficia

2057 2128 2287 2182 contulit
2322 2129 2585 2187 adventus
2621 2134 2761 2202 ejus.
2800 2130 3195 2203 Judicibusque
3237 2133 3372 2204 ipsis
3410 2136 3625 2189 emolu-

2057 2227 2238 2273 mento
2253 2230 2367 2273 erat
2383 2238 2395 2274 :
2412 2236 2552 2290 quos
2581 2223 2904 2278 hortabatur
2928 2233 2987 2277 ut
3011 2223 3104 2292 jus
3120 2230 3174 2278 et
3192 2239 3409 2293 aequum
3443 2225 3625 2279 omni-

2056 2310 2160 2363 bus
2184 2306 2537 2376 anteferrent,
2591 2313 2760 2368 Deum
2812 2315 3083 2379 timerent,
3136 2326 3488 2386 nossemque,
3516 2331 3628 2386 quo

2049 2399 2256 2469 judicio
2275 2401 2812 2471 judicarent,eodem
2844 2420 2963 2460 sese
2997 2406 3402 2475 judicandos“.
3432 2407 3627 2464 Nullus

2053 2492 2102 2547 ei
2134 2494 2286 2548 locus
2310 2510 2464 2565 aeque
2489 2496 2690 2552 charus
2714 2496 2817 2552 fuit
2843 2508 3005 2567 atque
3029 2514 3188 2553 mons
3214 2499 3322 2553 ille.

2120 2583 2284 2653 687
2316 2584 2405 2641 85.
2430 2584 2569 2641 Cum
2598 2588 2887 2657 aliquando
2910 2588 2982 2657 ita
3023 2588 3075 2642 vi
3106 2590 3419 2659 compulsus
3459 2590 3529 2644 ab
3556 2590 3625 2645 iis

2050 2674 2251 2744 quibus
2273 2691 2337 2730 ex
2364 2692 2466 2731 usu
2496 2678 2548 2732 id
2576 2687 2714 2744 erat,
2745 2680 2989 2750 duceque
3008 2691 3232 2751 rogante
3256 2681 3431 2751 ipsum
3452 2684 3623 2740 utde-

2051 2765 2350 2831 scenderet,
2394 2768 2652 2835 venisset,
2694 2772 2881 2839 paucis
2919 2788 3045 2827 eum
3106 2774 3375 2830 allocutus
3420 2777 3621 2842 verbis,

2049 2871 2171 2926 qua:
2192 2866 2306 2911 tum
2334 2858 2560 2913 salutem
2586 2860 2727 2929 ejus,
2754 2870 2866 2915 tum
2899 2877 2995 2917 eos
3014 2864 3108 2932 qui
3132 2879 3233 2918 sua
3261 2878 3364 2934 ope
3390 2865 3623 2933 egebant

2051 2956 2376 3017 spectarent,
2397 2950 2606 3019 regredi
2633 2950 2939 3007 festinabat.
2965 2952 3111 3009 Duce
3136 2970 3289 3023 vero,
3322 2964 3380 3010 ut
3403 2966 3621 3022 vocant,

2051 3046 2277 3107 rogante
2301 3053 2509 3094 moram
2548 3051 2608 3095 ut
2636 3040 2843 3097 faceret
2867 3085 2883 3111 ,
2906 3059 2966 3100 se
2985 3045 3190 3102 diutius
3213 3062 3336 3101 cum
3367 3047 3474 3102 illis
3500 3063 3622 3103 mo-

2049 3129 2161 3184 rari
2191 3146 2297 3185 non
2336 3147 2496 3201 posse
2534 3136 2833 3204 respondit,
2861 3136 3146 3209 lepidoque
3174 3140 3226 3193 id
3266 3140 3343 3193 illi
3371 3142 3622 3214 exemplo

2050 3222 2336 3291 persuasit.
2391 3222 2544 3278 Sicut
2591 3226 2790 3294 pisces,
2821 3228 2915 3294 ait,
2949 3229 3004 3283 in
3039 3229 3190 3283 arida
3233 3238 3374 3285 terra
3421 3231 3621 3286 immo-

2050 3313 2222 3367 rando
2248 3314 2585 3381 moriuntur;
2615 3317 2694 3372 sic
2722 3320 2975 3374 monachi
3007 3320 3286 3377 vobiscum
3318 3331 3617 3387 morantes.

2048 3405 2298 3475 apudque
2319 3420 2414 3462 vos
2432 3407 2637 3462 diutius
2660 3419 2957 3477 versantes,
2980 3424 3340 3467 enervantur:
3370 3423 3429 3468 ut
3459 3413 3620 3483 igitur

2047 3495 2291 3565 piscibus
2327 3497 2395 3550 ad
2427 3512 2596 3564 mare,
2625 3498 2707 3553 sic
2739 3499 2897 3555 nobis
2925 3501 2991 3555 ad
3042 3510 3278 3556 montem
3316 3515 3617 3571 properan-

2046 3585 2199 3651 dum,
2255 3601 2326 3641 ne
2349 3597 2689 3656 cunctantes,
2716 3603 2905 3644 eorum
2947 3606 3069 3660 quae
3086 3590 3248 3646 'intus
3271 3601 3399 3647 sunt
3422 3590 3617 3647 oblivi-

1706 3746 1960 3804 VERSIO
1997 3748 2299 3805 EVAGRII.

444 3909 532 3963 8L
560 3906 813 3977 Nunquid
847 3922 958 3962 sum
984 3906 1203 3961 virtutis
1232 3905 1461 3977 imperio
1484 3904 1708 3977 curabat
1737 3901 2048 3977 Antonius?
2076 3902 2320 3973 nunquid
2352 3919 2466 3958 sua:
2494 3903 2872 3977 possibilitatis
2903 3904 3269 3977 arbitrabatur
3294 3921 3421 3977 esse
3461 3909 3610 3976 quod

368 3977 609 4033 free-rat?
634 3973 1125 4043 Orationibus,non
1158 3973 1674 4045 prazceptis,d:emon
1692 3974 2059 4045 estmorbique
2086 3982 2391 4045 cesserunt,
2429 3984 2481 4028 et
2501 3973 2574 4028 ’ad
2600 3973 2802 4028 Christi
2827 3974 3038 4029 Domini
3077 3976 3245 4029 nostri
3284 3973 3611 4034 nominatio-

370 4066 496 4101 nem
520 4064 734 4118 semper
762 4049 1013 4101 universa
1038 4043 1273 4115 perlecta
1296 4043 1442 4099 sunt.
1462 4045 1632 4118 Nemo
1658 4044 1962 4118 sapientum
1980 4043 2273 4118 sanitatum
2299 4044 2709 4098 admirationem
2734 4045 2967 4118 ascribat
2984 4046 3239 4118 Antonio,
3266 4049 3358 4118 sed
3375 4047 3605 4104 Domino

365 4117 519 4179 Jcsu,
552 4112 654 4187 qui'
678 4119 890 4172 solitam
927 4112 1053 4186 erga
1086 4126 1360 4187 creaturas
1391 4131 1517 4170 suas
1548 4114 1813 4187 exhibens
1844 4112 2295 4187 benevolentiam,
2326 4129 2467 4187 nunc
2505 4129 2722 4187 quoque
2750 4130 2844 4182 per
2870 4115 3101 4187 electum
3146 4114 3411 4187 famulum
3446 4133 3607 4173 suum

367 4183 708 4257 indulgenter
753 4183 1013 4243 excreuit.
1077 4186 1347 4257 Antonius
1404 4194 1613 4257 tantum
1648 4184 1875 4257 orabat,
1925 4190 1979 4237 et
2026 4183 2095 4237 ob
2155 4184 2293 4257 vine
2314 4184 2442 4257 ejus
2467 4184 2687 4257 merita,
2708 4193 2902 4257 cuncta
2949 4183 3212 4257 Dominus
3252 4186 3602 4257 largiebatur.

366 4253 759 4326 Swpevautem,
788 4268 842 4311 et
871 4266 1058 4311 contra
1096 4256 1446 4326 voluntatem,
1474 4255 1540 4308 ad
1562 4254 1880 4326 exteriorem
1930 4262 2168 4326 montem
2206 4268 2236 4306 a
2271 4253 2531 4326 fratribus
2562 4253 2976 4326 perducebatur.
3018 4253 3080 4326 Et
3116 4270 3238 4309 cum
3268 4253 3481 4323 judices
3511 4259 3605 4325 qui

364 4330 433 4381 ad
463 4322 689 4382 interius
728 4327 1107 4381 archisterium
1145 4325 1276 4395 (92),
1310 4332 1530 4395 propter
1559 4324 1902 4391 asperitatem
1938 4322 2187 4395 itineris,
2223 4332 2275 4376 et
2310 4323 2723 4395 obsequentium
2758 4324 3181 4395 multitudinem,
3226 4322 3280 4377 et
3323 4322 3604 4382 horridam

363 4398 713 4452 solitudinem
740 4398 818 4451 ire
849 4412 955 4450 non
993 4392 1262 4464 poterant,
1301 4392 1546 4463 precario
1573 4402 1878 4473 quaarerent
1910 4401 1967 4445 ut
1996 4394 2115 4472 ejus
2158 4392 2466 4445 fruerentur
2499 4394 2827 4461 aspectibus,
2879 4410 2978 4473 nec
3013 4394 3305 4472 impetrare
3358 4407 3602 4473 possent,

363 4470 493 4536 quia
523 4467 904 4522 molestissime
945 4462 1150 4546 ferebat
1201 4462 1535 4546 vexationem
1571 4462 1959 4546 discursuutn;
2003 4462 2154 4546 ipsos.
2180 4472 2478 4546 catenatos.
2512 4478 2651 4533 quos
2683 4474 2777 4517 aut
2808 4463 3075 4546 noxietas,
3115 4473 3208 4516 aut
3230 4468 3603 4546 vigor-“publi-

362 4532 463 4591 cus
492 4540 911 4601 constrinxerat,
948 4537 1014 4590 ad
1037 4551 1159 4590 eum
1189 4535 1551 4597 destinabant,
1580 4534 1812 4587 scientes
1850 4532 1984 4586 tales
2013 4533 2081 4585 ab
2126 4533 2363 4612 Antonio
2398 4549 2504 4585 non
2532 4532 2711 4601 posse
2756 4533 3030 4612 contemni
3062 4551 3074 4586 :
3111 4532 3343 4612 quorum
3384 4532 3602 4612 ﬂetibus

361 4618 653 4675 superatus
681 4607 1091 4677 pertrahebatur
1133 4604 1198 4677 ad
1234 4606 1552 4658 exteriorem
1586 4614 1845 4677 montem,
1888 4616 2190 4677 agnoscens
2226 4603 2466 4677 laborem
2518 4619 2677 4677 suum
2715 4603 2899 4677 utilem
2941 4603 3157 4677 miseris
3195 4606 3355 4677 l'ore_:
3383 4607 3601 4677 suade-

360 4672 565 4746 batque
585 4672 882 4754 judicibus,
915 4677 1007 4746 qui
1036 4690 1160 4728 eum
1187 4675 1562 4754 invitaret-ant,
1592 4682 1648 4754 ut
1676 4674 1727 4725 in
1752 4672 2022 4754 sententia
2058 4672 2400 4754 proferenda,
2431 4672 2960 4754 etpdlioetogratize,
3008 4673 3257 4754 timorem
3301 4672 3395 4751 Dei
3426 4683 3601 4754 laute.

358 4739 623 4816 ponéretit
650 4766 663 4806 :
693 4764 792 4801 nec
826 4739 1073 4816 ignorare
1099 4761 1192 4799 eos
1226 4745 1439 4816 debere,
1479 4743 1621 4811 quod
1657 4744 1917 4816 scriptum
1943 4751 2027 4816 est
2045 4739 2074 4816 _E
2111 4739 2429 4816 Qttocttnque
2481 4742 2688 4816 judicio
2725 4739 3119 4809 judicaveritis,
3154 4743 3208 4794 in
3242 4758 3301 4794 eo
3333 4742 3599 4810 judicabi-

358 4811 449 4870 tur
478 4825 541 4869 de
568 4819 727 4871 vobis.
761 4811 1010 4871 Attamen
1046 4817 1185 4869 inter
1210 4815 1413 4868 medios
1447 4826 1725 4866 sermones
1757 4813 1935 4866 chara:
1957 4812 2057 4865 sibi
2090 4811 2398 4865 solitudinis
2428 4814 2835 4866 recordabatur.

431 4886 518 4942 85.
554 4886 687 4943 Post
710 4896 953 4942 coactam
982 4887 1162 4954 itaque
1190 4884 1553 4953 prmscntiam,
1583 4898 1745 4951 quam
1771 4881 1926 4935 ducis
1953 4895 2165 4961 preces,
2197 4890 2269 4943 et,
2297 4882 2437 4948 quod
2468 4883 2650 4961 verius
2682 4892 2781 4961 est,
2827 4881 3147 4961 miserorun'i
3199 4878 3373 4953 ﬂetus.
3400 4888 3594 4961 extort-

356 4968 526 5020 Serat,
592 4969 710 5027 post
745 4957 1004 5029 salutaria
1035 4950 1257 5029 ritoiiita,
1284 4962 1406 5023 post
1440 4950 1655 5007 reorum
1671 4952 2227 5029 commendationem,
2258 4952 2619 5019 quorumdam
2660 4954 2823 5029 etiam
2846 4952 3269 5029 absolutionem,
3295 4950 3592 5029 postulanti

355 5028 506 5091 duci,
535 5020 608 5081 ut.
628 5029 788 5097 paulo
816 5028 1017 5095 largius
1046 5026 1216 5079 eidem
1243 5020 1395 5076 suam
1434 5022 1775 5097 praesentiam
1802 5021 2121 5097 indulgeret,
2153 5021 2228 5073 ait
2257 5062 2271 5086 ,
2310 5037 2414 5097 non
2453 5037 2611 5089 pisse
2638 5038 2694 5075 se
2724 5020 3155 5097 diutiusibidem
3191 5020 3413 5097 morari,
3438 5028 3593 5087 grato

532 5068 1017 5168 EQe'i'Eﬁt'Sfﬁb‘Zl'J,"
1420 5068 1654 5162 {baqua
1692 5090 1917 5145 extracti
1943 5068 2065 5169 ti:th
2172 5068 2343 5169 arenti
2378 5068 2517 5169 tet-fta
2540 5100 2899 5169 morerentur,
2931 5088 3101 5169 itahct
3141 5068 3591 5169 monachosﬁcum

355 5158 709 5222 saeuiat-ibus
748 5158 1084 5222 retardantes
1129 5158 1381 5218 humatus
1412 5158 1594 5237 statim
1628 5162 1824 5237 resolvi
1854 5158 2523 5237 confabulationibus._(_)b
2673 5176 2822 5228 ergo,
2871 5158 3066 5237 inquit,
3108 5158 3477 5237 conventu-unt
3508 5158 3594 5235 pi-

354 5252 476 5291 sces
503 5240 569 5293 ad
598 5252 769 5302 mare,
801 5239 875 5292 ita
898 5252 999 5291 nos
1034 5236 1100 5290 ad
1130 5245 1367 5289 tnontem
1403 5232 1663 5287 festinare
1689 5230 1825 5301 (93),
1849 5243 1940 5298 ue,
1972 5231 2312 5285 tardantibus
2350 5229 2527 5292 nobis,
2558 5224 2761 5297 aliqua'
2778 5224 3045 5297 propositi
3086 5224 3342 5279 succedat
3367 5225 3613 5315 oblivio.‘

423 5402 467 5432 "
498 5400 688 5456 llatth.
721 5413 820 5463 vrt,
859 5398 912 5453 3.

2096 5559 2209 5630 (92)
2238 5556 2369 5630 Lege
2398 5549 2742 5630 asceterium:

419 5562 1061 5701 έὲθτῖρῗέξσᾟῗῶῗ⁵⁰⁹⁵⁹¹⁵’
1086 5561 1286 5619 mw“
1313 5578 1476 5633 qm
1504 5561 1656 5630 ad“
1695 5563 1789 5632 q‘”
1817 5561 1914 5616 ’³³⁸
2096 5561 2212 5701 ἓξὲξ
2238 5561 2758 5689 ἒῖὲθηῗέἷῗιέἓὲΐίζὶῗί.
2796 5614 2960 5682 Editi,
2984 5612 3377 5686 festinemus."

346 5634 477 5695 bent
500 5634 841 5708 προστατῶν.

418 5703 730 5779 (91)Ἐιιίιὶ,
751 5704 920 5774 παρά,
944 5704 996 5758 in
1025 5719 1270 5760 manusc.
1287 5704 1537 5760 omnibus
1554 5704 1748 5775 legitur
1770 5720 1833 5756 πε
1845 5703 1917 5776 pl.
