3992 6230
333 303 440 359 965

1643 295 1804 350 Yl’l‘A
1846 293 1902 347 S.
1944 292 2246 351 ANTONII.

3445 305 3550 359 980

331 411 574 484 νομίζειν
599 411 672 483 μὴ
701 411 913 474 ἄλλους,
941 409 1051 463 ἀλλ’
1093 409 1253 464 αὑτὸν
1290 403 1427 460 εἶναι
1463 407 1552 459 τὸν
1592 405 1884 474 πάσχοντα.

1996 420 2098 459 non
2127 406 2281 469 alios,
2317 408 2410 461 sed
2444 409 2618 478 ipsum
2652 409 2842 465 laesum
2885 413 3070 470 fuisse.
3105 415 3178 470 ita
3221 433 3440 473 rursum
3483 423 3550 473 ad

333 504 491 558 Οὕτω
515 502 571 557 δὲ
607 502 768 554 πάλιν
804 502 940 574 πρὸς
979 500 1242 570 ὠφέλειαν
1286 501 1448 552 πᾶσιν
1480 493 1546 568 ἦν
1585 496 1784 558 ἱκανὸς,
1819 495 1894 556 ὡς

332 593 561 656 πολλοὺς
589 592 1064 664 στρατευομένους,
1096 591 1188 642 καὶ
1228 589 1335 642 τῶν
1385 588 1454 640 τὰ
1501 585 1669 639 πολλὰ
1702 601 1897 653 κεκτη-

336 677 532 749 μένων,
586 677 932 733 ἀποτίθεσθαι
981 677 1048 730 τὰ
1091 676 1182 729 τοῦ
1226 675 1339 746 βίου
1386 674 1556 746 βάρη,
1592 675 1685 727 καὶ
1714 672 1896 725 λοιπὸν

332 767 577 836 γίνεσθαι
609 767 894 839 μοναχούς.
931 767 1037 820 Καὶ
1071 767 1205 830 ὅλως
1238 765 1424 838 ὥσπερ
1475 764 1653 836 ἰατρὸς
1699 759 1766 834 ἦν
1812 762 1895 815 δο-

333 859 447 923 θεὶς
481 862 630 930 παρὰ
667 860 760 912 τοῦ
793 857 926 912 Θεοῦ
955 861 1019 929 τῇ
1048 857 1326 928 Αἰγύπτῳ.
1360 857 1455 920 Τίς
1489 855 1596 926 γὰρ
1625 852 1896 923 λυπούμε-

333 969 424 1014 νος
455 952 688 1022 ἀπήντα,
725 953 818 1004 καὶ
843 953 938 1021 οὐχ
970 951 1272 1020 ὑπέστρεφε
1303 949 1544 1021 χαίρων;
1587 948 1668 1011 τίς
1700 948 1896 1018 ἤρχετο

333 1037 548 1109 θρηνῶν
572 1038 657 1092 διὰ
684 1041 809 1103 τοὺς
838 1039 1000 1092 αὐτοῦ
1038 1037 1386 1108 τεθνηκότας,
1419 1038 1512 1090 καὶ
1553 1037 1652 1090 οὐκ
1695 1035 1896 1098 εὐθέως

330 1130 615 1184 ἀπετίθετο
653 1131 712 1184 τὸ
758 1131 981 1195 πένθος;
1029 1130 1112 1194 τίς
1158 1128 1504 1202 ὀργιζόμενος
1535 1129 1751 1200 ἧρχετο,
1803 1128 1895 1180 καὶ

330 1221 433 1273 οὐκ
483 1222 563 1284 εὶς
620 1219 800 1289 φιλίαν
849 1220 1240 1292 μετεϐάλλετο;
1295 1222 1378 1284 τίς
1437 1220 1604 1291 πένης
1655 1220 1891 1292 ἀκηδιῶν

331 1313 569 1382 ἀπήντα,
605 1313 696 1364 καὶ
744 1311 952 1365 ἀκούων
994 1311 1154 1364 αὑτοῦ
1209 1311 1301 1363 καὶ
1331 1310 1565 1364 ’Βλέπων
1609 1311 1804 1374 αὑτὸν,
1835 1310 1893 1362 οὐ

333 1403 653 1475 κατεφρόνει
697 1402 791 1455 τοῦ
847 1402 1096 1467 πλούτου,
1125 1403 1218 1455 καὶ
1259 1401 1625 1473 παρεμυθεῖτο
1663 1401 1761 1472 τὴν
1807 1418 1897 1453 πε-

330 1494 484 1560 νίαν;
514 1493 599 1557 τίς
637 1493 884 1564 μοναχὸς,
921 1492 1283 1565 ὀλιγωρήσας,
1321 1495 1416 1548 καὶ
1445 1492 1611 1547 ἐλθὼν
1644 1493 1720 1563 (1)
1761 1492 1894 1564 πρὸς

331 1586 516 1649 αὐτὸν,
538 1585 598 1638 οὺ
637 1585 833 1656 μᾶλλον
871 1585 1214 1658 ἰσχυρότερος
1243 1587 1496 1656 ἐγένετο;
1525 1586 1608 1650 τίς
1633 1585 1894 1656 νεώτερος

331 1675 500 1729 ἐλθὼν
552 1677 631 1740 είς
678 1677 738 1729 τὸ
783 1676 926 1746 δρος,
981 1677 1074 1730 καὶ
1126 1675 1406 1749 θεωρήσας
1446 1678 1747 1742 Ἀντώνιον,
1796 1679 1894 1732 οὑκ

330 1767 532 1831 εὐθέως
576 1743 848 1839 ἐξηρνεῖτο
890 1766 989 1830 τὰς
1045 1743 1412 1838 ἡδονὰς-(καὶ
1459 1768 1647 1838 ἠγάπα
1686 1785 1894 1840 σωφρο-
1925 1743 1966 1798 Β

331 1857 533 1928 otium;
562 1857 643 1921 τίς
671 1859 867 1930 ἤρχετο
885 1859 1018 1928 πρὸς
1049 1858 1210 1912 αὑτὸν
1236 1857 1340 1911 ὑπὸ
1365 1859 1608 1929 δαίμονος
1643 1858 1896 1930 πειραζό-

331 1965 513 2020 μενος,
543 1950 635 2002 καὶ
661 1951 758 2004 οὐκ
803 1951 1135 2017 ἁνεπαύετος
1180 1952 1264 2016 τίς
1302 1952 1359 2005 δὲ
1394 1953 1452 2004 ἐν
1504 1950 1780 2022 λογισμοῖς
1813 1953 1895 2005 ἐν·

326 2040 652 2111 οχλοὺμενος
683 2041 899 2113 ἤρχετο,
923 2043 1016 2096 καὶ
1048 2042 1146 2096 οὐκ
1174 2041 1434 2114 ἐγαλήνία
1453 2045 1519 2114 τῇ
1554 2041 1797 2113 διανοίας

402 2129 488 2183 88.
515 2131 625 2183 Καὶ
655 2130 762 2202 γὰρ
793 2132 886 2184 καὶ
918 2133 1074 2185 τοῦτο
1102 2128 1169 2203 ἦν
1199 2133 1340 2204 μέγα
1365 2132 1464 2203 τῆς
1489 2134 1776 2204 ἀσκήσεως
1797 2132 1890 2187 τοῦ

340 2221 648 2285 Ἀντωνίου,
678 2223 782 2286 ὅτι,
813 2222 954 2277 καθὰ
980 2227 1259 2294 προεῖπον,
1292 2224 1534 2295 χάρισμα
1570 2224 1893 2296 διακρίσεως

328 2313 654 2383 πνευμάτων
681 2313 838 2384 ἔχων,
869 2314 1234 2384 ἐπεγίνωσκεν
1265 2314 1442 2369 αὐτῶν
1483 2315 1550 2368 τὰ
1585 2316 1857 2387 κινήματα
1875 2333 1890 2348 ·

328 2403 426 2457 καὶ
455 2403 590 2474 πρὸς
621 2405 648 2457 ὅ
685 2421 768 2468 τις
792 2405 968 2459 αὐτῶν
997 2399 1110 2476 εἶχε
1151 2405 1250 2478 τὴν
1292 2406 1528 2478 σπουδὴν
1557 2407 1651 2460 καὶ
1682 2407 1780 2478 τὴν
1807 2407 1895 2480 ὁρ-

331 2493 462 2566 μὴν,
482 2495 638 2548 τοῦτο
665 2497 764 2550 οὐκ
791 2497 994 2566 ἠγνόει.
1022 2497 1132 2552 Καὶ
1157 2498 1218 2551 οὐ
1243 2497 1399 2569 μόνον
1430 2497 1586 2562 αὐτὸς
1614 2497 1714 2551 οὐκ
1734 2499 1891 2552 ἐπαί-

328 2585 456 2648 ζετο
499 2588 626 2656 παρ’
659 2587 872 2652 αὐτῶν,
897 2588 1042 2657 jam
1091 2589 1186 2642 καὶ
1226 2589 1352 2652 τοὺς
1394 2588 1805 2660 ἐνοχλουμένους
1833 2592 1892 2644 ἐν

327 2675 608 2747 λογισμοῖς
634 2678 966 2748 παρακαλῶν
989 2678 1067 2747 (2)
1102 2679 1367 2743 ἐδίδασκε,
1401 2679 1516 2744 πῶς
1551 2680 1618 2736 ἂν
1651 2680 1893 2736 δύναιντο

327 2767 430 2830 τὰς
453 2768 676 2822 ἐκείνων
708 2769 996 2834 ἐπιϐουλὰς
1029 2771 1352 2843 ἀνατρέπειν
1373 2787 1387 2801 ο
1416 2772 1766 2844 διηγούμενος
1787 2773 1892 2830 τῶν

329 2858 694 2928 ἐνεργούντων
744 2859 843 2924 τὰς
894 2860 1174 2926 ἀσθενείας
1229 2862 1322 2914 καὶ
1375 2863 1473 2925 τὰς
1533 2864 1888 2935 πανουργίας.

331 2949 606 3014 Ἕκαστος
649 2950 802 3020 γοῦν,
854 2949 1041 3024 ὥσπερ
1085 2952 1369 3022 ἐπαλιφείς
1415 2953 1488 3023 (5)
1523 2955 1650 3026 παρ’
1703 2954 1891 3020 αὐτοῦ,

329 3045 642 3115 κατήρχετο
680 3042 1038 3114 καταθαρῤῶν
1061 3043 1168 3097 τῶν
1200 3044 1483 3115 νοημάτων
1518 3045 1613 3098 τοῦ
1639 3046 1890 3101 διαϐόλου

327 3135 426 3187 καλ⁵
459 3134 567 3187 τῶν
608 3133 874 3204 δαιμόνων
913 3134 1099 3190 αὑτοῦ.
1141 3135 1309 3188 Πόσαι
1339 3134 1394 3188 δέ
1445 3135 1537 3189 καὶ
1574 3137 1888 3208 μνηστῆρας

328 3225 550 3298 ἔχουσαι
583 3224 855 3296 παρθένοι,
880 3225 973 3279 καὶ
1012 3227 1168 3297 μόνον
1210 3227 1316 3280 ἀπὸ
1343 3227 1436 3280 τοῦ
1464 3227 1636 3300 πέραν
1683 3228 1886 3284 ἰδοῦσαι

327 3318 422 3372 τὸν
457 3315 758 3382 Ἀντώνιον,
791 3317 1009 3387 ἔμειναν
1049 3316 1125 3387 τῷ
1157 3317 1378 3388 Χριστῷ
1428 3319 1717 3390 παρθένοις
1747 3321 1885 3392 Ἤρ·-

329 3425 484 3480 χοντο
512 3407 568 3460 δέ
598 3409 690 3460 καὶ
730 3407 838 3461 ἀπὸ
864 3407 972 3461 τῶν
1011 3407 1114 3472 ἔξω
1151 3408 1329 3480 μερῶν
1373 3409 1510 3482 πρὸς
1553 3411 1735 3464 αὐτόν.
1777 3411 1886 3464 Καὶ

1993 498 2234 551 omnium
2272 500 2551 554 utilitatem
2574 511 2734 557 natus
2766 515 2900 569 erat,
2927 515 2984 559 ut
3016 509 3167 561 multi
3197 511 3552 576 milites,alii~

1993 606 2099 662 que
2121 591 2475 659 plurimarum
2509 595 2658 662 potiti
2692 598 3116 664 possessionum,
3151 601 3407 669 depositis
3432 603 3554 659 vitae

1997 682 2158 750 hujus
2185 683 2462 747 oneribus,
2495 687 2679 740 ﬁerent
2706 689 2978 743 monachi.
3012 691 3231 744 Demum
3254 694 3406 761 quasi
3443 710 3554 749 me-

1994 772 2148 828 dicus
2183 773 2412 846 Egypto
2437 794 2466 832 a
2492 777 2602 832 Deo
2639 779 2795 834 datus
2823 790 2958 834 erat.
2992 780 3125 848 Quis
3158 785 3300 838 enim
3330 796 3556 841 maestus

1996 866 2146 920 illutn
2179 870 2330 930 adiit,
2359 871 2489 939 quin
2519 871 2759 940 gaudens
2792 875 3118 928 recesserit?
3160 876 3281 944 quis
3327 879 3556 933 accessit

1995 969 2239 1015 mortuos
2261 960 2450 1031 lugens
2473 978 2623 1029 suos,
2642 965 2965 1034 quin'statim
2993 968 3193 1021 luctqu
3213 971 3557 1036 deposuerit?

1995 1053 2117 1121 quis
2147 1053 2313 1110 iratos
2351 1055 2587 1121 advenit,
2617 1073 2716 1112 nec
2747 1057 2799 1110 in
2826 1059 3121 1113 amicitiam
3161 1061 3412 1115 redactus
3437 1061 3560 1115 est?

1993 1144 2118 1212 quis
2154 1159 2358 1213 pauper
2387 1145 2454 1199 ad
2483 1147 2631 1201 illum
2661 1149 2896 1203 demisso
2921 1150 3103 1204 animo
3133 1153 3380 1215 accessit,
3411 1152 3560 1206 andi-

1996 1242 2158 1303 toque
2195 1249 2257 1288 ac
2282 1236 2396 1289 viso
2426 1235 2536 1299 illo,
2573 1236 2790 1291 divitias
2831 1255 2938 1292 non
2985 1242 3330 1310 contempsit,
3360 1250 3414 1296 et
3449 1258 3557 1297 non

1993 1325 2060 1381 de
2093 1335 2406 1396 paupertate
2430 1343 2528 1382 sua
2551 1330 2974 1384 coiisolationem
3005 1332 3261 1387 admisit?
3291 1334 3416 1403 quis
3440 1349 3560 1388 mo-

1994 1417 2202 1470 nachus
2264 1418 2544 1472 remissior
2598 1419 2748 1473 illum
2793 1423 3143 1490 conveniens,
3201 1440 3306 1478 non
3368 1425 3560 1480 fortior

1995 1517 2178 1577 postea
2213 1509 2346 1563 fuit?
2377 1509 2500 1579 quis
2523 1511 2834 1566 adolescens
2882 1513 2935 1566 in
2969 1525 3207 1569 montem
3257 1515 3556 1585 profectus,

1995 1599 2218 1669 visoque
2265 1601 2542 1666 Antonio,
2600 1620 2707 1658 non
2751 1605 3025 1676 abnegaus
3065 1606 3211 1660 illico
3249 1609 3560 1676 voluptates

1996 1695 2403 1763 temperantiam
2431 1706 2514 1752 est.
2554 1699 2879 1765 amplexus?
2904 1699 3027 1768 quis
3050 1715 3078 1752 a
3108 1701 3351 1756 daemone
3387 1711 3562 1758 tenta-

2003 1795 2088 1840 tus
2113 1788 2289 1855 ipsum
2320 1789 2471 1855 adiit,
2501 1790 2634 1859 quin
2678 1789 2938 1846 liberatus
2981 1793 3085 1847 sit?
3115 1794 3237 1863 qais
3272 1794 3560 1862 cegitatio-

2002 1876 2160 1931 uibus
2175 1888 2399 1933 vexatus
2421 1881 2710 1944 accedens,
2728 1897 2835 1935 non
2855 1883 3145 1952 tranquillo
3171 1884 3317 1938 stetit
3337 1885 3562 1938 animo?

2068 2121 2157 2180 88.
2185 2123 2395 2178 Etenim
2430 2124 2558 2180 illud
2584 2125 2859 2196 singulare
2884 2135 3000 2180 erat
3029 2125 3082 2178 in
3113 2125 3332 2179 Antonii
3365 2127 3561 2192 ascesi,

1997 2216 2142 2288 quod
2175 2227 2415 2287 accepta,
2451 2227 2511 2273 ut
2539 2234 2704 2288 supra
2735 2219 2868 2284 dixi,
2901 2219 3188 2288 spirituum
3221 2219 3563 2273 discretionis

2000 2309 2192 2379 gratia,
2227 2324 2414 2363 eorum
2441 2309 2622 2363 statim
2652 2320 2968 2380 agnosceret
2991 2321 3191 2378 motus,
3221 2324 3274 2366 et
3297 2312 3565 2381 cujusque

1997 2399 2236 2455 studium
2291 2399 2650 2470 aﬂ‘ectumque
2694 2418 2801 2456 non
2837 2403 3148 2471 ignoraret:
3183 2419 3356 2471 neque
3385 2402 3563 2457 solum

1999 2510 2107 2549 non
2142 2493 2211 2549 ab
2232 2494 2336 2549 illis
2361 2494 2716 2565 deciperetur,
2742 2497 2850 2550 imo
2883 2511 2980 2550 eos
3020 2497 3112 2567 qui
3142 2497 3563 2568 cogitationibus

2000 2585 2199 2640 turbati
2241 2595 2433 2652 erant,
2483 2586 2702 2641 monitis
2748 2588 2864 2642 suis
2906 2587 3180 2651 edoceret,
3207 2604 3314 2658 qua
3351 2589 3564 2644 ratione

1999 2684 2222 2744 possent
2248 2672 2473 2728 insidias
2501 2674 2808 2728 daemonum
2851 2674 3188 2743 subvertere,
3217 2687 3435 2732 narrata
3469 2693 3565 2732 eo-

1999 2782 2119 2820 rum
2161 2765 2547 2831 imbecillitate,
2577 2765 2922 2837 vafritieque.
2960 2767 3170 2837 Singuli
3227 2770 3410 2838 itaque
3446 2780 3566 2824 tan-

1999 2873 2163 2929 quam
2187 2857 2392 2911 inuncti
2440 2858 2507 2911 ab
2535 2857 2648 2922 illo,
2683 2873 2779 2912 seu
2820 2860 2885 2912 ad
2925 2873 3156 2930 pugnam
3197 2861 3438 2923 excitati.
3467 2863 3565 2916 dc-

2000 2947 2348 3010 scendebant,
2384 2957 2660 3017 assumpta
2699 2949 2962 3003 adversus
2990 2950 3188 3004 diaboli
3229 2952 3569 3007 daemonum-

1947 3094 1962 3114 ,
1999 3055 2104 3111 que
2133 3038 2251 3108 ejus
2278 3038 2628 3108 cogitationes
2657 3039 2872 3094 llducia.
2912 3038 3056 3108 Quot
3093 3041 3204 3111 jam
3247 3058 3444 3112 procos
3471 3045 3569 3098 ha-

2005 3129 2195 3185 bentes
2223 3130 2477 3200 virgines,
2508 3139 2713 3185 tantum
2746 3132 2984 3186 Antonio
3015 3134 3228 3188 eminus
3253 3148 3565 3200 consoecto,

2003 3221 2207 3278 Christi
2236 3224 2472 3293 virgines
2500 3223 2789 3278 mansere?
2813 3224 3109 3280 Veniebant
3136 3227 3297 3280 etiam
3321 3228 3388 3282 ad
3415 3229 3568 3283 illum
3629 3258 3639 3263 -

2005 3317 2247 3386 quidam,
2286 3317 2355 3371 ab
2393 3315 2594 3370 exteris
2634 3316 2968 3386 regionibus,
3015 3319 3106 3386 qui
3146 3329 3395 3388 percepta
3442 3336 3566 3375 cum

2006 3413 2126 3468 aliis
2147 3411 2400 3466 omnibus
2419 3410 2666 3476 utilitate,
2682 3409 2902 3463 domum
2919 3410 3184 3470 redibant.
3201 3412 3356 3480 quasi
3372 3430 3400 3464 a
3415 3423 3570 3482 patre

330 3499 486 3552 αὐτοὶ
514 3499 650 3570 μετὰ
678 3499 892 3552 πάντων
913 3499 1010 3571 τὴν
1029 3499 1290 3570 ὠφέλειαν
1313 3501 1604 3571 ἐσχηκότες
1626 3503 1890 3576 ὑπέστρε-

1996 3521 2096 3564 suo
2116 3502 2352 3560 deducti.
2379 3501 2544 3574 689
2574 3499 2716 3556 Sane
2755 3501 2847 3555 illo
2876 3500 3151 3567 defuncto,
3191 3519 3380 3558 onmes
3406 3504 3566 3574 quasi

331 3607 452 3659 φον,
492 3591 568 3654 ὡς
598 3591 752 3663 παρὰ
796 3591 999 3662 πατρὸς
1043 3591 1488 3664 προπεμπόμενοι
1529 3591 1626 3663 (4).
1679 3595 1891 3664 Ἀμέλει

1996 3609 2150 3670 patre
2178 3596 2318 3661 orbi,
2352 3596 2464 3651 sola
2486 3595 2605 3665 ejus
2628 3595 2892 3648 memoria
2916 3609 3036 3649 sese
3072 3595 3444 3662 consolantur,
3479 3611 3566 3651 re»

329 3679 684 3750 κοιμηθέντος
721 3680 906 3742 αὐτοῦ,
952 3680 1171 3744 πάντες,
1221 3680 1296 3745 ὡς
1345 3681 1568 3752 ὀρφανοὶ
1615 3683 1894 3754 γενόμενοι

1997 3690 2161 3743 tentis
2203 3687 2386 3741 animo
2421 3686 2538 3756 ejus
2585 3683 3046 3740 admonitionibus
3073 3683 3563 3753 bortamentisque.

329 3773 558 3843 πατρὸς,
593 3774 728 3846 μόνῃ
747 3775 814 3844 τῇ
859 3774 1064 3827 ἐκείνου
1104 3776 1289 3846 μνήμῃ
1319 3775 1725 3846 παρακαλοῦσιν
1765 3779 2007 3846 ἑαυτοὺς,
2043 3784 2362 3855 κατέχοντες
2395 3782 2508 3851 ἅμα
2530 3781 2626 3842 τὰς
2654 3779 2932 3842 νουθεσίας
2969 3778 3064 3832 καὶ
3095 3777 3193 3841 τὰς
3217 3780 3566 3849 παραινέσεις

328 3867 514 3924 αὑτοῦ.

1674 4028 1913 4085 VERSIO
1953 4028 2255 4085 EVAGRII.

329 4185 479 4256 senis
509 4183 684 4256 oratio
714 4204 728 4238 :
761 4186 911 4240 multi
947 4186 1155 4256 magnis
1193 4186 1394 4242 divitiis
1422 4195 1473 4241 et
1511 4186 1689 4241 altiori
1732 4188 1899 4256 gradu
1937 4188 2150 4242 militia-
2197 4185 2474 4246 derelicto.
2509 4187 2866 4256 ejus-lizerere
2902 4185 3202 4256 curriculis
3247 4184 3560 4256 cupiebant.

333 4227 394 4306 itit
431 4255 722 4330 utiutinita
760 4257 902 4330 brevi
935 4227 1184 4330 sermone
1219 4227 1694 4330 corripijeliendam,
1732 4227 1943 4330 bonum
1987 4258 2223 4330 [Egypto
2270 4227 2556 4311 medicdtnJ
2591 4257 2858 4330 Christus
2898 4255 3214 4330 indulserat.
3265 4227 3402 4330 Quis
3455 4273 3563 4311 non
3630 4285 3634 4289 λ

329 4324 608 4396 tristitiam
639 4325 779 4392 apud
803 4327 1094 4379 Antonium
1127 4324 1354 4381 ululavit
1391 4328 1442 4379 in
1488 4326 1786 4395 gaudium?
1837 4331 1960 4396 quis
1997 4324 2112 4381 non
2135 4324 2268 4380 iram
2328 4329 2486 4381 vertit
2519 4329 2570 4380 in
2624 4325 2861 4396 pacem?
2891 4326 3016 4396 quis
3063 4326 3310 4380 orbitatis
3358 4327 3563 4380 luctum

330 4409 439 4467 non
468 4394 533 4445 ad
553 4393 682 4467 ejus
711 4397 1371 4467 temperavitaspectum?
1407 4393 1527 4465 quis
1562 4413 1666 4448 non
1702 4393 1937 4450 nudavere
1969 4398 2326 4467 paupertatis.
2368 4414 2477 4466 quo
2513 4393 2872 4467 premebatur,
2904 4395 3136 4461 abjecto,
3189 4397 3371 4451 statim
3399 4407 3453 4450 et
3481 4396 3566 4450 di-

329 4464 500 4516 vitum
535 4463 778 4531 despexit
815 4463 1214 4535 opolentias,iet
1250 4467 1300 4518 iu
1335 4463 1436 4519 sua
1462 4467 1674 4519 laetatus
1701 4475 1783 4519 est
1817 4463 2169 4535 paupertate?
2200 4468 2322 4534 quis
2367 4463 2485 4534 post
2513 4463 2884 4520 lassitudinem
2935 4467 3238 4520 monachus
3291 4483 3397 4520 non
3442 4467 3566 4533 ejus

330 4542 609 4600 vegetatus
642 4543 723 4587 est
757 4534 1158 4587 hortamentis?
1194 4537 1316 4602 quis
1347 4537 1683 4597 adolescens,
1723 4537 1898 4590 mtatis
1928 4534 2019 4603 7(5)
2067 4551 2366 4591 succensus
2399 4537 2706 4599 ardoribus,
2741 4551 2848 4588 non
2871 4551 2936 4588 ex
2969 4535 3088 4603 ejus
3134 4536 3414 4589 admonitu
3466 4552 3566 4603 pu-

328 4603 530 4655 dit-itize
561 4611 771 4655 amator
798 4603 942 4656 fuit?
975 4605 1349 4676 quisrvexatus
1397 4620 1427 4657 a
1471 4605 1686 4657 diabolo
1735 4606 1852 4658 sine
1885 4607 2091 4660 medela
2128 4605 2322 4660 rediit?
2355 4607 2480 4676 quis
2516 4605 2722 4660 inimici
2772 4604 3192 4675 cogitationibus
3241 4606 3562 4666 distractus,

329 4688 461 4733 non,
487 4687 627 4743 crgca
655 4682 976 4743 tempestate
1005 4675 1200 4743 sopita.
1237 4689 1428 4728 sereno
1451 4689 1727 4740 regressus
1760 4683 1841 4728 est
1873 4676 2094 4730 animo?

399 4744 489 4795 88.
526 4738 740 4812 sciebat
771 4738 915 4795 enim
949 4738 1308 4812 quo'quisque
1343 4738 1607 4796 laboraret
1640 4745 2004 4810 incommodo,
2045 4755 2097 4799 et
2122 4761 2186 4800 ex
2218 4746 2340 4798 vitm
2389 4744 2598 4798 meritis
2635 4743 3018 4797 discretionem
3064 4743 3351 4810 spirituum
3390 4758 3564 4812 agno-

326 4826 508 4874 scens,
531 4810 818 4865 adhibebat
844 4810 1153 4876 verborum,
1188 4823 1346 4880 prout
1393 4821 1547 4866 erant
1587 4813 1831 4877 vulnera,
1865 4817 2168 4869 sanitatem.
2224 4812 2374 4869 Unde
2401 4813 2647 4869 circ-ctum
2695 4823 2797 4875 est,
2836 4823 2891 4866 ut
2926 4821 3046 4882 post
3083 4813 3202 4879 ejus
3232 4810 3559 4882 doctrinam,

324 4897 518 4936 onmes
543 4881 741 4933 diaboli
773 4883 1136 4952 pauderentur
1166 4883 1395 4952 insidim;
1428 4882 1610 4935 multa:
1637 4897 1853 4950 quoque
1885 4886 2222 4952 desiionsata!
2256 4888 2466 4952 puellae,
2519 4885 2584 4936 ad
2635 4884 2754 4952 ejus
2787 4881 3132 4952 conspectum
3168 4882 3243 4952 ab
3275 4881 3390 4949 ipso
3425 4897 3562 4949 pene

324 4952 567 5029 thalanm
602 4952 933 5029 recedentes,
964 4952 1016 5005 in
1056 4951 1307 5004 Ecclesia:
1340 4952 1529 5029 matris
1558 4953 1761 5029 gremio
1779 4951 2171 5029 consederunt.
2205 4951 2342 5020 Quid
2383 4953 2571 5029 plura?
2605 4951 2794 5007 Totius
2839 4953 2986 5029 orbis
3036 4951 3278 5029 homines
3329 4952 3395 5004 ad
3435 4964 3560 5029 eum

325 5020 693 5082 conﬂuebant,
731 5029 786 5073 et.
825 5021 1200 5074 universarum
1229 5024 1467 5088 gentium
1506 5021 1738 5073 varietas
1779 5021 2254 5078 bellicosissimqu
2280 5020 2467 5078 contra
2502 5024 2776 5075 daemones
2810 5023 2984 5073 virum
3013 5021 3330 5088 conspicere
3361 5020 3562 5088 gestie-

324 5089 489 5166 bant._
516 5089 703 5166 Nullus
735 5090 1039 5166 se_frustra
1068 5092 1194 5166 illuc
1230 5087 1445 5166 venisse
1479 5100 1810 5166 conquestus
1847 5101 1958 5155 est;
1989 5095 2246 5166 omnibus
2279 5094 2612 5166 delectabile
2645 5087 3136 5166 atquejucu‘udum
3172 5087 3377 5166 laboris
3411 5103 3562 5166 eum-

325 5160 586 5212 merciutn
610 5158 738 5232 fuit.
787 5158 1053 5232 Fatigﬁatio
1094 5160 1236 5232 enim
1274 5161 1482 5214 itineris
1524 5160 1949 5232 emolumentum
1985 5163 2167 5215 viatici
2210 5166 2542 5232 repet-tabat,
2573 5163 2714 5232 sicut
2749 5158 3109 5232 reiuprobavit
3139 5159 3382 5232 ell‘eetus.
3423 5158 3559 5210 Nam

323 5241 446 5298 post
484 5230 870 5283 resolutionem
903 5231 1042 5300 ejus,
1074 5229 1230 5298 quasi
1261 5230 1541 5284 communi
1573 5229 1791 5282 vulnere
1820 5231 2070 5286 orbitatis
2093 5228 2339 5301 excepto,
2369 5233 2642 5302 proprium
2674 5229 2870 5296 singuli
2898 5236 3175 5295 parentem
3212 5228 3487 5280 luxerunt.

374 5385 474 5473 '(l)
525 5384 616 5441 Sic
656 5385 878 5455 quidam
922 5386 1301 5454 manuscripti.
1338 5383 1482 5437 Ε.Ιὶιὶ
1529 5398 1685 5448 vero,
1720 5382 1889 5435 ἀπελ-

321 5457 470 5592 om("2.)
501 5524 654 5595 Colb.
682 5525 744 5587 2,
781 5524 908 5595 παρ’
926 5525 1168 5595 ἐκείνων.

397 5597 472 5665 (3)
507 5593 598 5649 Sic
620 5609 816 5665 omnes
849 5592 979 5665 mss.
1008 5592 1261 5665 Editi_,dx;
1278 5592 1406 5665 παρ’
1425 5593 1729 5665 ἐπαλιφείς.
1753 5593 1890 5661 Qui-

319 5661 820 5720 dam'mss.habent
848 5661 1210 5729 ἐπαλειφθείς,
1241 5664 1330 5718 alii
1360 5661 1695 5730 ἒπαλειφεξς..

2072 5387 2248 5457 (ἄμμι
2285 5389 2501 5456 quidam
2548 5384 2922 5457 manuscripti.
2969 5383 3111 5437 Edili
3157 5395 3214 5457 et
3264 5384 3378 5457 alii,
3412 5403 3560 5457 πεμτο

1999 5454 2246 5529 πόμενοι.
2295 5454 2523 5529 Inferius
2550 5454 2904 5523 manuscripti
2947 5469 3157 5521 omnes,
3189 5456 3264 5520 ὼς
3311 5454 3561 5526 ὀρφανοί.

1999 5526 2162 5590 Εὼιί,
2183 5531 2242 5598 ᾼοὶ
2274 5526 2515 5598 δ’ριρανοί.

2070 5598 2144 5668 (-5)
2175 5596 2264 5651 Sic
2293 5591 2661 5664 t'nanuscripti.
2697 5591 2752 5646 In
2784 5591 2963 5658 editis,
2997 5593 3171 5647 celatis
3201 5593 3376 5657 deest,
