3992 6230
454 395 558 450 967
1074 387 1133 442 s.
1153 369 1545 440 'A'rnamsn
1589 382 1741 446 opp.
1788 379 1969 437 rans

2119 411 2149 421 -
2184 367 2553 436 l-n'sromm
2600 378 2688 433 ET
2728 377 3152 434 DOGMATICA.
3579 382 3706 439 963'

515 505 607 560 89.
639 502 827 570 Qualis
854 516 1017 572 porro
1039 501 1152 572 ipsi
1180 504 1360 556 exitus
1406 499 1532 554 vitae
1569 495 1750 564 fuerit,
1798 512 2012 567 :cquum

2190 493 2279 551 89.
2321 489 2446 549 Οἶον
2490 495 2546 548 δὲ
2575 495 2669 548 καὶ
2707 493 2767 548 τὸ
2794 493 2946 558 τέλος
2978 493 3130 565 αὐτῷ
3164 494 3259 547 τοῦ
3299 493 3416 564 βίου
3443 495 3687 564 γέγονεν,

447 607 532 651 est
568 611 656 651 me
692 611 948 651 enarrare
973 635 988 659 ,
1029 608 1258 664 vasque,
1301 602 1360 646 ut
1391 590 1705 663 peroptatis,
1733 591 2012 654 ediscere;

2122 587 2270 652 ἄξιον
2305 589 2449 660 κάμὲ
2479 588 2868 659 μνημονεῦσαι,
2892 589 2987 641 καὶ
3014 589 3158 658 ὑμᾶς
3186 589 3416 642 ἀκοῦσαι
3461 589 3690 641 ποθοῦν-

447 703 574 743 cum
617 687 856 742 maxime
886 702 950 742 ea
993 687 1158 742 etiam
1189 686 1244 740 in
1285 701 1344 740 re
1370 685 1520 739 illum
1571 684 1768 738 imitari
1800 698 1895 753 par
1923 680 2012 736 sit.

2119 695 2252 742 ταςο
2299 679 2394 733 καὶ
2433 678 2592 731 τοῦτο
2643 679 2752 750 γὰρ
2795 678 2962 732 αὑτοῦ
2991 678 3229 750 ζηλωτὸν
3269 679 3480 749 γέγονε.
3531 680 3692 734 Κατά

445 781 582 834 Cum
612 778 680 833 de
713 793 862 832 more
883 779 1178 833 monachos
1205 776 1266 830 in
1297 776 1565 830 exteriore
1594 784 1777 830 monte
1819 776 2012 841 degen-

2119 769 2181 822 τὸ
2217 769 2404 833 είωθός
2449 769 2818 822 ἐπεσκέπτετο
2867 771 2994 833 τοὺς
3038 771 3304 841 μοναχους
3357 773 3482 834 τοὺς
3520 773 3576 824 ὲν
3610 768 3692 840 τῷ

448 881 530 926 tes
577 871 866 934 inviseret,
907 879 961 924 et
1007 885 1037 923 a
1069 867 1421 924 Providentia
1469 866 1653 921 divina
1711 865 1778 920 de
1833 863 2012 918 futura

2119 858 2235 930 δρει
2271 859 2350 930 τῷ
2375 858 2500 924 ἔξω,
2526 861 2620 914 καὶ
2646 859 2975 932 προσμαθὼν
2998 861 3075 929 (6)
3109 861 3260 933 παρά
3292 862 3391 933 τῆς
3423 861 3688 933 Προνοίας

447 971 620 1016 morte
654 960 1004 1032 praemonitus
1053 960 1265 1026 fuisset,
1320 958 1579 1014 fratribus
1634 958 1748 1013 haec
1801 957 2012 1012 locutus

2121 952 2250 1025 περὶ
2279 952 2379 1023 τῆς
2411 952 2604 1007 ἑαυτοῦ
2630 951 2906 1023 τελευτῆς,
2930 952 3108 1006 ἐλάλει
3151 956 3264 1017 τοῖς
3305 951 3554 1022 ἀδελφοῖς
3595 952 3687 1005 λέ-

443 1061 558 1109 est:
583 1052 700 1108 Jam
724 1062 998 1124 postremo
1018 1068 1115 1108 vos
1145 1051 1397 1114 invisam,
1417 1050 1728 1120 mirumque
1751 1049 1796 1104 si
1819 1049 2012 1104 iterum

2119 1057 2233 1110 γων
2255 1057 2266 1069 ⁸
2299 1041 2516 1112 Ταύτην
2548 1041 2702 1112 ὑμῶν
2741 1041 2841 1112 τὴν
2885 1041 3172 1111 ἐπίσκεψιν
3223 1041 3455 1114 ὑστέραν
3504 1041 3688 1096 ποιοῦ-

445 1146 500 1200 in
534 1149 636 1202 hac
671 1147 784 1202 vita
808 1155 998 1202 mutuo
1027 1145 1274 1200 fruamur
1293 1154 1549 1215 aspectu:
1578 1151 1788 1212 tempus
1815 1142 2012 1213 quippe

2123 1149 2239 1204 μαι,
2271 1133 2364 1186 καὶ
2387 1132 2671 1204 θαυμάζω,
2695 1133 2742 1186 εί
2778 1132 2936 1186 πάλιν
2962 1133 3185 1196 ἑαυτοὺς
3211 1134 3268 1186 ὲν
3288 1133 3365 1204 τῷ
3391 1133 3492 1204 βίῳ
3511 1132 3688 1205 τούτῳ

445 1250 505 1294 ιιι
545 1242 672 1296 hinc
721 1241 1123 1310 transmigrem,
1160 1255 1283 1294 cum
1327 1238 1500 1294 ferme
1545 1238 1794 1309 quintum
1848 1251 2012 1306 supra

2119 1223 2488 1294 θεωρήσομεν.
2535 1223 2739 1294 Καιρὸς
2789 1225 2905 1278 ἐστι
2955 1225 3098 1296 κάμὲ
3146 1223 3331 1278 λοιπὸν
3382 1225 3687 1279 ἀναλῦσαιο

443 1333 801 1387 centesimum
847 1347 1046 1386 annum
1097 1345 1274 1400 agam.
1321 1328 1415 1384 His
1446 1328 1525 1383 illi
1571 1327 1793 1393 auditis,
1833 1326 2012 1396 lacry-

2119 1316 2234 1385 εἰμὶ
2265 1317 2374 1388 γὰρ
2404 1317 2570 1385 ἐγγὺς
2594 1315 2732 1370 ὲτῶν
2765 1317 2927 1372 πέντε
2970 1319 3064 1371 καὶ⁵
3093 1319 3306 1374 έκατόν.
3347 1321 3409 1374 Οἱ
3443 1320 3542 1392 μὲν
3593 1316 3691 1377 οὖν

445 1424 601 1490 mari,
645 1438 830 1478 senem
855 1421 1125 1492 amplecti.
1142 1437 1205 1476 ac
1229 1419 1558 1476 deosculari.
1586 1417 1679 1473 Ille
1705 1433 1832 1472 ver-0
1853 1416 2011 1487 quasi

2119 1406 2465 1475 ἀκούσαντες,
2495 1409 2727 1476 ἔκλαιον,
2763 1411 2855 1464 καὶ
2898 1410 3357 1483 περιεπτύσσοντο
3422 1414 3518 1466 καὶ
3557 1431 3692 1469 κατ-

443 1516 512 1569 ab
532 1523 787 1569 extranea
822 1514 876 1567 in
907 1513 1179 1583 propriam
1207 1529 1266 1568 se
1292 1511 1578 1566 conferens
1612 1509 1824 1573 urbem,
1852 1510 2012 1564 lzetns

442 1605 877 1676 colloquebatur,
910 1605 1293 1674 monebatque,
1325 1617 1392 1657 ne
1412 1605 1467 1658 in
1491 1601 1789 1656 [aberando
1817 1617 2011 1671 segnes

441 1702 644 1762 essent,
699 1709 875 1764 neque
913 1694 968 1748 in
1024 1692 1134 1748 vita
1183 1691 1414 1746 ascetica
1463 1690 1647 1746 animo
1678 1690 2007 1745 deficerent:

441 1787 536 1842 sed
564 1787 638 1841 ita
676 1785 922 1840 viverent
953 1801 1018 1840 ac
1047 1784 1094 1838 si
1124 1782 1367 1854 quotidie
1396 1781 1645 1837 morituri
1686 1790 1890 1836 essent.
1918 1781 2011 1836 Αι-

2120 1497 2338 1566 εφίλουν
2381 1499 2470 1552 τὸν
2524 1499 2792 1571 γέρονταο
2833 1503 2861 1554 ὀ
2904 1501 2981 1563 δὲ,
3023 1500 3098 1564 ὡς
3145 1501 3252 1554 ἀπὸ
3305 1503 3586 1574 ἀλλοτρίας
3608 1505 3690 1570 εἰς

2115 1591 2257 1645 ίδίαν
2285 1593 2534 1664 ἀπαίρων
2561 1595 2732 1657 πόλιν,
2770 1595 2975 1667 χαίρων
3001 1594 3268 1664 διελέγετο
3296 1611 3309 1626 ·
3346 1597 3440 1650 καὶ
3477 1598 3689 1670 παρήγ-

2117 1682 2305 1750 γελλεν
2355 1685 2537 1749 αὐτοῖς
2576 1686 2649 1758 μὴ
2689 1686 2973 1757 ὀλιγωρεῖν
3022 1687 3080 1739 ὲν
3111 1689 3224 1750 τοῖς
3262 1687 3445 1752 πόνοις
3475 1729 3492 1753 ,
3549 1689 3687 1760 μηδὲ

2117 1771 2372 1825 ὲκκακεῖν
2417 1775 2474 1826 ἐν
2504 1774 2580 1844 (7)
2611 1776 2677 1845 τῇ
2710 1775 2972 1845 ἀσκήσει·
3024 1774 3140 1828 ἀλλ’
3187 1775 3266 1841 ᾡς
3315 1775 3438 1829 καθ’
3473 1777 3688 1849 ἡμέραν

439 1892 570 1946 que,
599 1875 682 1932 uti
709 1877 821 1946 jam
839 1877 1071 1940 dixerat,
1103 1875 1341 1928 animam
1367 1873 1705 1929 custodirent
1727 1873 1795 1926 ab
1821 1873 2012 1928 obsce-

2119 1865 2557 1936 ἀποθνήσκοντας
2587 1865 2685 1936 ζῇν
2711 1880 2726 1896 ο
2749 1866 2843 1919 καὶ
2877 1866 3019 1919 καθά
3065 1869 3326 1937 προεῖπον
3365 1867 3688 1932 σπουδάζειν

439 1967 528 2022 nis
549 1965 992 2036 cogitationibus,
1048 1976 1378 2035 sanctosque
1404 1962 1795 2016 aemularentur
1822 1961 1968 2018 viros
1995 1980 2014 2017 τ

439 2074 541 2114 nec
566 2059 634 2112 ad
672 2057 985 2112 Meletianos
1008 2056 1390 2112 schismaticos
1411 2058 1752 2118 accederent,
1779 2069 2014 2125 quorum

441 2149 747 2220 improbum
793 2148 1193 2219 profanumque
1233 2147 1571 2218 propositum
1620 2154 1880 2201 nossent:
1919 2161 2017 2201 nec

438 2240 605 2294 ullam
632 2238 893 2293 haberent
916 2253 1040 2293 cum
1057 2238 1274 2293 Arianis
1296 2237 1758 2304 communionem,
1779 2252 2014 2308 quorum

439 2329 691 2400 impietas
723 2329 925 2384 nemini
969 2345 1079 2384 non
1105 2330 1383 2401 explorata
1411 2338 1574 2385 esset.
1602 2329 1826 2386 Etiamsi
1862 2330 2014 2386 vide-

436 2422 581 2485 ritis,
617 2421 715 2484 ait,
756 2421 887 2490 ipsis
911 2420 1123 2492 judices
1169 2421 1528 2491 patrocinari,
1563 2437 1629 2476 ne
1676 2421 1796 2476 ideo
1824 2422 2014 2478 turbe-

438 2515 612 2582 mini;
667 2516 904 2571 cessabit
957 2517 1102 2570 enim
1130 2557 1146 2583 ,
1190 2525 1354 2586 atque
1408 2515 1658 2577 mortalis
1703 2515 2015 2587 modiciqne

443 2604 703 2673 temporis
747 2613 831 2658 est
873 2604 1194 2674 imaginaria
1231 2603 1552 2674 'bujusmodi
1586 2612 1845 2674 potestas.
1907 2605 2014 2660 Vos

444 2695 626 2763 itaque
670 2711 838 2766 puros
868 2697 937 2751 ab
969 2697 1076 2752 illis
1115 2695 1406 2760 custodite,
1440 2705 1761 2768 servateque
1789 2697 2012 2753 Patrum

440 2788 808 2855 traditionem,
839 2799 894 2844 et
919 2805 1042 2844 cum
1065 2788 1257 2859 primis
1285 2788 1431 2858 piam
1460 2787 1617 2844 fidem
1641 2789 1696 2842 in
1722 2788 2013 2843 Dominum

436 2891 685 2936 nostrum
711 2879 896 2936 Jesum
917 2879 1226 2944 Christum,
1256 2894 1421 2948 quam
1452 2894 1519 2934 ex
1550 2877 1849 2950 Scripturis
1874 2880 2014 2934 didi-

437 2974 613 3038 cistis,
653 2982 708 3028 et
745 2989 907 3045 quam
939 2972 1096 3029 vobis
1124 2987 1224 3042 ego
1251 2971 1574 3043 plerumque
1602 2971 1655 3026 in
1689 2972 2011 3027 memoriam

439 3081 711 3120 I'CVOL'aVI.

2117 1957 2214 2030 τὴν
2241 1957 2416 2029 ψυχὴν
2459 1956 2745 2026 φυλάττειν
2786 1957 2896 2012 ἀπὸ
2931 1957 3189 2030 ῥυπαρῶν
3237 1959 3517 2030 λογισμῶν
3541 1977 3558 1991 ο
3591 1960 3689 2016 καὶ

2114 2048 2204 2101 τὸν
2229 2046 2388 2118 ζῆλον
2423 2046 2566 2116 ἔχειν
2619 2047 2757 2117 πρὸς
2801 2049 2928 2112 τοὺς
2977 2049 3187 2116 ἁγίους,
3237 2049 3311 2120 μὴ
3355 2049 3598 2119 ἐγγίζειν
3630 2051 3688 2106 δὲ

2115 2138 2463 2202 Μελετιανοῖς
2502 2137 2579 2209 (8)
2619 2140 2732 2202 τοῖς
2768 2144 3146 2210 σχισματικοῖς
3170 2157 3182 2170 ·
3224 2141 3403 2194 οἴδατε
3433 2141 3542 2214 γὰρ
3582 2142 3686 2197 αὒ-

2113 2229 2221 2283 τῶν
2241 2229 2338 2300 τὴν
2367 2229 2609 2301 πονηρὰν
2639 2230 2733 2283 καὶ
2760 2229 2985 2301 βέϐηλον
3015 2233 3331 2303 προαίρεσιν
3349 2249 3363 2262 ·
3403 2233 3538 2304 μηδὲ
3566 2251 3686 2287 κοι-

2113 2321 2309 2376 νωνίαν
2361 2321 2504 2392 ἔχειν
2547 2321 2670 2376 τινὰ
2714 2323 2850 2393 πρὸς
2896 2323 3023 2386 τοὺς
3058 2324 3366 2393 Ἀρειανοῦς
3391 2341 3404 2353 ·
3446 2325 3684 2399 καὶγὰρ

2114 2412 2266 2482 καὶὴ
2301 2410 2503 2464 τούτων
2545 2411 2770 2464 ἀσέϐεια
2819 2413 2984 2466 πᾶσιν
3024 2412 3247 2484 ἐκδηλός
3275 2415 3410 2467 ἐστι.
3443 2414 3585 2486 Μηδ*
3617 2415 3687 2470 ἀν

2115 2503 2427 2576 θεωρήσητε
2460 2505 2889 2574 προϊσταμένους
2925 2503 3103 2557 αὐτῶν
3130 2505 3254 2568 τοὺς
3293 2506 3572 2572 δικαστὰς,
3597 2525 3689 2562 τα-

2116 2597 2374 2668 ράττεσθε
2400 2616 2412 2628 ·
2441 2596 2704 2650 παύσεται
2730 2596 2858 2666 γὰρ,
2883 2597 2974 2648 καὶ
2999 2595 3167 2667 θνητὴ
3195 2597 3289 2651 καὶ
3330 2599 3466 2670 πρὸς
3504 2600 3684 2670 ὀλίγον

2113 2689 2259 2742 ἐστὶν
2312 2689 2490 2742 αὐτῶν
2540 2691 2572 2760 ή
2618 2689 2908 2758 φαντασία.
2976 2689 3269 2762 Καθαροὺς
3319 2686 3412 2744 οὖν
3459 2693 3683 2758 ἑαυτοὺς

2118 2780 2315 2852 μᾶλλον
2344 2781 2451 2833 ἀπὸ
2482 2778 2686 2832 τούτων
2735 2779 3051 2848 φυλάττετε,
3094 2781 3187 2834 καί
3220 2785 3435 2852 τηρεῖτε
3481 2785 3582 2856 τήν
3624 2803 3683 2838 τε

2115 2871 2221 2925 τῶν
2252 2872 2511 2943 Πατέρων
2537 2871 2854 2941 παράδοσιν,
2882 2871 2974 2923 καὶ
3015 2874 3440 2944 προηγουμένως
3477 2876 3576 2947 τὴν
3606 2878 3685 2941 εἰς

2112 2963 2204 3017 τὸν
2225 2962 2425 3034 Κύριον
2455 2962 2610 3032 ἡμῶν
2641 2960 2847 3030 Ἰησοῦν
2872 2961 3105 3033 Χριστὸν
3147 2963 3344 3035 εὐσεϐῆ
3386 2965 3590 3028 πίστιν,
3617 2967 3685 3037 ἢν

2115 3057 2179 3110 ὲκ
2202 3056 2310 3110 τῶν
2331 3055 2564 3128 Γραφῶν
2595 3054 2693 3126 μὲν
2735 3055 3111 3127 μεμαθήκατε,
3144 3059 3276 3128 παρ’
3304 3057 3439 3128 ἐμοῦ
3469 3058 3528 3113 δὲ
3555 3059 3684 3113 πολ-

2113 3151 2268 3216 λάκις
2296 3153 2398 3204 ὐπε
2406 3151 2697 3224 μνήσθητε.

508 3241 597 3296 90.
641 3239 924 3295 Fratribus
973 3248 1153 3294 autem
1199 3238 1309 3294 vim
1349 3240 1455 3310 ipsi
1505 3230 1906 3307 inferentibus;
1947 3252 2008 3297 ut

2183 3210 2269 3300 90-.
2308 3210 2427 3296 Τῶν
2537 3210 2781 3311 ἀδελφῶν
2806 3241 3140 3313 βιαζομένων
3167 3245 3345 3313 μεῖναι
3373 3242 3536 3296 αὐτὸν
3556 3244 3684 3315 παρ’

438 3333 550 3392 illic
589 3341 915 3397 remaneret,
947 3332 1219 3403 vitamque
1249 3333 1424 3388 obiret
1451 3351 1466 3401 ;
1507 3333 1700 3388 abnuit
1728 3334 1816 3388 ille
1836 3373 1850 3397 ,
1882 3349 2007 3388 cum

440 3427 510 3481 ob
535 3425 668 3480 alias
695 3425 895 3480 multas
921 3439 1139 3491 causas,
1166 3434 1224 3478 ut
1261 3425 1348 3480 vel
1385 3427 1584 3482 tacitus
1609 3429 1724 3497 ipse
1756 3425 2008 3482 subindi-

435 3517 615 3582 cabat,
645 3526 757 3571 tum
786 3518 905 3572 ideo
932 3517 1186 3580 maxime,
1218 3518 1361 3586 quod
1389 3517 1629 3590 Egyptii
1652 3519 1860 3574 soleant
1890 3519 2012 3589 pio-

437 3626 559 3664 rum
607 3610 888 3664 hominum
939 3609 1320 3665 defunctorum
1370 3625 1621 3680 corpora,
1663 3611 2010 3680 maximeque

435 3709 750 3756 sanctorum
786 3711 1110 3772 martyrum,
1159 3701 1412 3758 funerarc
1457 3701 1674 3772 quidem
1723 3710 1778 3757 et
1827 3702 2008 3758 linteis

2116 3336 2318 3399 αὐτοῖς,
2350 3335 2509 3389 κάκεῖ
2545 3334 2918 3406 τελειωθῆναι,
2961 3335 3061 3387 οὐκ
3102 3335 3360 3405 ἠνέσχετο
3397 3335 3486 3389 διὰ
3517 3335 3682 3389 πολλὰ

2120 3429 2238 3499 μὲν,
2264 3428 2339 3490 ὡς
2362 3426 2522 3489 αὐτὸς
2557 3425 2651 3478 καὶ
2677 3424 2896 3478 σιωπῶν
2923 3425 3191 3495 ἐνέφαινε,
3219 3426 3314 3478 καὶ
3338 3424 3426 3479 διὰ
3445 3424 3605 3478 τοῦτο
3624 3423 3682 3478 δὲ

2121 3519 2351 3592 μάλιστα
2370 3534 2383 3547 ’
2408 3518 2457 3569 οἱ
2479 3517 2762 3585 Αἰγύπτιοι
2783 3515 2850 3568 τὰ
2868 3515 2976 3568 τῶν
2995 3514 3365 3569 τελευτώντων
3385 3515 3684 3568 σπουδαίων

2120 3610 2366 3681 σώματα,
2392 3609 2486 3662 καὶ
2514 3609 2746 3680 μάλιστα
2785 3607 2892 3662 τῶν
2920 3609 3090 3676 ἁγίων
3124 3607 3439 3680 μαρτύρων,
3472 3606 3683 3677 φιλοῦσι

2118 3705 2215 3776 μὲν
2259 3704 2482 3758 θάπτειν
2517 3704 2612 3756 καὶ
2649 3703 3012 3775 περιελίσσειν
3057 3703 3282 3768 ὀθονίοις
3307 3702 3402 3762 (9"
3444 3702 3520 3757 ut
3561 3701 3686 3775 κρύ-

1767 3819 2017 3878 VERSIO
2053 3821 2355 3878 ΕγΑοιιιι.

507 3930 596 3985 89.
631 3930 765 3996 Quis
791 3943 971 3989 autem
1002 3933 1126 3987 finis
1169 3932 1293 3987 vitae
1329 3931 1449 4002 ejus
1492 3930 1672 3997 fuerit,
1693 3931 1924 4002 dignum
1954 3935 2057 3988 'est
2082 3941 2136 3989 et
2182 3947 2270 3987 me
2298 3947 2752 4002 commemorare,
2785 3941 2840 3988 et
2864 3947 2963 3987 vos
2989 3947 3112 3988 cum
3137 3931 3408 3988 desiderio
3447 3933 3637 3990 audire
3659 3951 3679 3992 ε

435 4003 564 4070 quia
597 4011 651 4055 et
685 4004 863 4059 hocin
892 4020 958 4058 eo
987 4003 1248 4058 imitabile
1278 4000 1490 4058 cunctis
1533 4002 1652 4056 fuit.
1685 4000 1846 4055 Juxta
1887 4003 2337 4058 consuetudinem
2371 4004 2437 4056 ad
2472 4001 2729 4057 visendos
2761 4002 2959 4058 fratres
2986 4003 3080 4071 qui
3122 4003 3174 4055 in
3201 4002 3458 4057 exteriori
3489 4017 3671 4060 monte

435 4081 611 4143 erant,
644 4074 810 4143 venit,
845 4074 1030 4143 ibique
1074 4089 1105 4127 a
1136 4074 1319 4128 divina
1342 4072 1674 4142 providentia
1704 4072 1771 4126 de
1797 4087 1905 4143 sua,
1931 4083 2104 4128 morte
2125 4073 2471 4138 condiscens,
2507 4073 2580 4126 ita
2607 4088 2838 4128 exorsus
2864 4082 2948 4126 est
2976 4070 3014 4126 :7
3041 4070 3322 4134 Ultimam,
3371 4074 3548 4139 filioli,
3583 4089 3676 4141 pa-

437 4142 538 4195 tris
561 4141 741 4196 audite
766 4141 1085 4198 sententiam
1114 4161 1129 4198 :
1159 4159 1267 4198 non
1301 4141 1446 4197 enim
1477 4143 1734 4207 arbitror,
1765 4142 1911 4212 quod
1957 4143 2012 4198 in
2041 4143 2145 4199 hoc
2171 4144 2368 4198 SIBCIIIO
2416 4144 2612 4196 iterum
2662 4158 2762 4196 nos
2816 4143 2986 4198 visuri
3023 4143 3215 4196 simus.
3252 4144 3411 4212 Cogit
3440 4145 3680 4199 conditio

440 4221 668 4274 natum,
704 4223 762 4268 ut
791 4222 908 4282 post
942 4215 1314 4268 centenarium
1372 4227 1682 4274 numerum,
1730 4228 1891 4334 quem
1941 4214 2101 4268 annis
2158 4214 2401 4283 quinque
2452 4213 2853 4282 supergredior,
2883 4212 2998 4281 jam
3031 4214 3292 4267 resolvar.
3329 4215 3405 4268 ita
3442 4213 3677 4280 locutus,

440 4280 769 4334 audientium
802 4291 1016 4334 pectora
1049 4283 1430 4334 contristavit:
1469 4282 1699 4334 gemitus
1767 4298 2107 4334 acrvmaenue
2140 4283 2285 4334 dicta
2343 4283 2631 4334 mmrentia
2677 4292 2987 4334 consecutae
3031 4291 3182 4334 sunt.
3219 4283 3677 4334 Amniexahantur

436 4280 769 4361 audientium
791 4280 1016 4364 pectora
1038 4283 1430 4364 Oeontristavit:
1469 4282 1699 4364 gemitus
1748 4280 2285 4364 lacrymequendicta
2312 4280 2640 4364 'mmreirtia'
2677 4280 2987 4364 consecutae
3031 4291 3182 4364 sunt.
3219 4283 3680 4364 Amplexabantur

435 4365 562 4422 eum
590 4351 848 4422 universi,
895 4353 1052 4420 quasi
1090 4353 1203 4422 jam
1238 4354 1304 4406 de
1337 4351 1534 4407 saeculo
1568 4367 1929 4406 recessurum.
1971 4351 2042 4406 At
2083 4353 2195 4418 ille,
2223 4363 2480 4422 tanquam
2509 4353 2682 4406 aliena
2714 4352 2992 4422 deserens,
3025 4354 3092 4406 ad
3135 4351 3412 4422 propriam
3451 4354 3677 4422 patriam

435 4421 1028 4494 proﬁcisceretur-(10),
1061 4421 1252 4492 magna
1299 4439 1420 4477 eum
1454 4421 2037 4494 laetitiahprzecipiebat,
2077 4421 2353 4494 desidiam
2389 4422 2640 4494 instituto
2675 4421 3020 4494 nonAdebere
3067 4421 3400 4494 subrepere;
3431 4421 3525 4477 sed
3562 4433 3680 4478 tan-

435 4505 599 4561 quam
634 4493 873 4560 quotidie
909 4491 1224 4560 morituros,
1259 4501 1319 4546 ut
1353 4501 1479 4546 ante
1515 4491 1856 4561 przedixerat,
1903 4508 1932 4546 a
1964 4493 2200 4547 sordidis
2242 4493 2672 4560 cOgitationibus
2721 4491 2960 4545 animam
3021 4492 3335 4558 custodire,
3366 4502 3420 4546 et
3461 4508 3678 4548 onmem

436 4559 832 4633 aemulatiqnem
871 4563 937 4616 ad
967 4572 1186 4617 sanctos
1211 4559 1464 4633 quosque
1489 4559 1801 4633 convertere
1836 4579 1848 4615 :
1886 4563 1952 4616 ad
1976 4561 2289 4616 Meletianos
2316 4559 2427 4631 (Η)
2454 4577 2584 4615 vero
2618 4562 2998 4633 schismaticos
3027 4577 3096 4615 ne
3124 4577 3290 4631 prope
3317 4562 3538 4633 quidem
3587 4579 3676 4617 ac-

436 4629 650 4700 cedere.
689 4629 850 4686 Scitis
882 4633 1049 4697 enim,
1079 4629 1274 4696 aiebat,
1298 4629 1485 4688 eorum
1519 4632 1796 4700 antiquam
1823 4633 2228 4700 perversitatem
2267 4650 2280 4685 :
2309 4629 2484 4700 neque
2526 4646 2651 4685 cum
2698 4632 2917 4685 Arianis
2948 4629 3675 4700 cominur'none'jungamini,

436 4698 565 4766 quia
599 4701 846 4770 impietas
883 4718 1070 4756 eorum
1113 4703 1223 4770 jam
1258 4702 1513 4757 omnibus
1543 4698 1834 4756 manifesta
1850 4713 1949 4757 cst.
1985 4701 2080 4757 His
2109 4704 2272 4756 etiam
2324 4698 2456 4755 illud
2502 4702 2752 4766 addebat,
2786 4702 2996 4755 nullum
3026 4703 3222 4756 debere
3245 4698 3620 4756 Christianum
3658 4743 3670 4764 .

437 4783 561 4842 cum
591 4771 769 4825 smculi
803 4773 994 4826 viderit
1036 4782 1328 4841 potestates
1361 4788 1458 4842 pro
1481 4772 1804 4825 Arianorum
1841 4783 1894 4825 et
1945 4771 2353 4826 Meletianorum
2397 4787 2637 4840 pugnare
2663 4771 2903 4842 nequitia
2930 4810 2945 4834 ,
2981 4788 3011 4826 a
3049 4771 3251 4826 Christi
3289 4773 3540 4825 territum
3569 4771 3676 4827 dis-

435 4839 628 4911 cedere
675 4843 898 4896 veritate
935 4860 947 4895 :
1012 4839 1322 4896 mortalium
1366 4839 1522 4896 illam
1562 4857 1682 4895 esse
1726 4842 2122 4903 defensionem,
2174 4857 2274 4895 nec
2302 4839 2409 4895 diu,
2447 4842 2692 4894 fallacem
2741 4839 3061 4911 permanere
3113 4857 3274 4911 posse
3307 4843 3670 4910 phantasiam.

437 4906 794 4980 Quapropter,
825 4913 1022 4972 aiebat.
1059 4913 1410 4966 custodienda
1440 4921 1522 4965 est
1549 4911 1633 4979 pia
1663 4911 1796 4964 fides
1831 4912 1883 4964 in
1915 4913 2155 4976 Christo,
2180 4919 2234 4964 et
2253 4912 2474 4965 Patrum
2527 4906 2778 4981 religiosa
2811 4911 3049 4977 traditio,
3091 4906 3254 4980 quain
3282 4906 3337 4965 εἰ
3363 4912 3670 4981 Scriptura-

436 4993 566 5052 rum
587 4981 814 5052 legione
846 4993 900 5036 et
925 4983 1115 5036 crebro
1140 4998 1272 5036 mea:
1306 4983 1587 5052 parvitatis
1615 4982 1887 5034 didicistis
1915 4982 2221 5036 admonitu.

506 5048 813 5120 970.7Finito
850 5067 1116 5117 sermone,
1157 5048 1350 5106 fratres
1382 5067 1504 5106 eum
1537 5053 2010 5105 Vehementissime
2048 5052 2417 5115 retardabant,
2453 5051 2692 5120 glorioso
2726 5051 2895 5120 patris
2923 5051 3203 5120 cupientes
3244 5051 3481 5120 termino
3509 5052 3669 5107 dece-

436 5119 566 5173 rari.
601 5119 704 5192 Sed
740 5123 937 5177 multas
968 5123 1037 5177 ob
1061 5137 1276 5187 causas,
1305 5138 1442 5192 quas
1487 5131 1540 5174 et
1570 5121 1784 5192 silentio
1825 5123 2253 5187 demonstrabat,
2288 5118 2559 5190 przecipue
2585 5118 2765 5192 tamen
2798 5122 2868 5175 ob
2891 5118 3273 5190 praisumptam
3301 5118 3520 5191 Egypti
3547 5137 3669 5176 con-

436 5191 772 5245 suetudinem
803 5193 1149 5246 contradixit.
1181 5192 1295 5247 Mos
1321 5192 1520 5246 etenim
1546 5191 1813 5261 [Egyptiis
1842 5202 1946 5251 est,
1981 5193 2242 5244 nobilium
2271 5201 2325 5244 et
2349 5195 2617 5260 praecipue
2644 5191 2930 5244 beatorum
2961 5199 3257 5260 martyrum
3300 5205 3532 5260 corpora
3571 5192 3642 5244 lin

436 5261 670 5314 teamine
689 5262 905 5332 quidem
927 5263 1232 5329 obvolvere,
1271 5273 1325 5317 et
1361 5263 1599 5317 studium
1643 5261 1820 5315 funeri
1854 5261 2075 5315 solitum
2113 5277 2222 5317 non
2255 5277 2451 5330 negare
2480 5277 2495 5326 ;
2530 5270 2676 5315 terra
2707 5276 2830 5316 vero
2855 5276 2964 5314 non
2988 5261 3348 5327 abscondere,
3378 5261 3476 5316 sed
3507 5277 3668 5330 super

506 5380 580 5450 (6)
606 5382 692 5453 Ita
715 5382 937 5453 quidam
974 5383 1349 5453 manuscripti.
1385 5381 1526 5436 Editi
1551 5421 1566 5445 ,
1603 5378 1808 5453 μαθών.
1836 5380 1990 5453 infra

434 5459 555 5528 post
587 5451 852 5528 ἀδελφοῖς,
883 5452 1034 5508 deest
1068 5451 1342 5528 λέγωνῚιι
1386 5454 1546 5508 editis
1571 5470 1584 5505 :
1607 5451 1726 5506 sed
1761 5451 1991 5506 habetur
2090 5451 2226 5528 σοις,

434 5522 490 5571 in
525 5522 850 5593 quibusdam
886 5522 1289 5593 manuscriptis.

506 5589 581 5661 (7)
613 5590 704 5645 Sic
727 5595 1078 5661 manuscripti
1112 5589 1321 5649 omnes.
1353 5595 1412 5646 In
1437 5593 1596 5648 editis
1628 5595 1684 5645 έν
1708 5592 1880 5647 deest.

505 5658 580 5727 (8)
622 5661 965 5715 Colbertinus
993 5658 1261 5720 secundus
1300 5664 1660 5727 Μελιτιανοῖς.
1695 5661 1838 5716 Infra
1869 5678 1988 5716 κοι-

2157 5381 2235 5452 (9)
2287 5379 2379 5435 Sic
2415 5394 2608 5436 omnes
2663 5380 3041 5451 manuscripti.
3089 5379 3234 5435 Editi
3272 5394 3448 5449 vere,
3487 5378 3656 5434 ὀθονί-

2162 5520 2272 5590 (ΙΟ)
2299 5521 2376 5574 Ita
2423 5519 2645 5590 quidam
2690 5520 3049 5590 manuscripti
3085 5531 3249 5576 recte.
3297 5519 3461 5588 Editi,
3492 5517 3661 5589 prof-:-

2088 5601 2291 5647 cturus.

2158 5661 2269 5731 (ll)
2309 5657 2662 5731 Manuscripti
2698 5660 2919 5730 quidam
2953 5661 3188 5724 habent,
3231 5660 3531 5715 Militiam»
3557 5699 3575 5726 ,
3601 5665 3654 5718 et

435 5729 627 5779 νωνίαν
657 5731 840 5784 deerat
879 5731 931 5783 in
973 5735 1131 5798 editis
1212 5737 1306 5791 sed
1355 5735 1584 5790 habetur
1621 5736 1677 5790 in
1723 5733 1987 5803 omnibus
2087 5729 2257 5798 infra,
2293 5729 2679 5786 Militianorum
2697 5729 2730 5798 ,5
2746 5733 2861 5802 alii,
2894 5731 3309 5787 Miletianomm.

438 5811 571 5862 pene
600 5802 870 5855 mauuscri
877 5803 1004 5870 ptis.
