3992 6230
399 306 502 352 9b")
1700 296 1860 348 V'I'I'A
1902 297 1960 346 S.
2004 295 2304 348 ΑΝιύΜι.
3515 299 3623 354 9ῖο

397 427 550 466 πτειν
576 410 630 463 δὲ
663 411 766 463 ὑπὸ
804 410 926 480 γῆν,
959 409 1071 463 ἀλλ’
1104 410 1198 462 ἐπὶ
1228 408 1566 480 σκιμποδὶων
1603 408 1832 472 τιθέναι,
1873 409 1967 461 καὶ

2070 407 2364 472 involvere,
2406 421 2506 460 nec
2555 415 2733 461 tamen
2785 405 2887 460 sub
2929 415 3126 462 terram
3174 409 3489 477 occultare;
3541 413 3635 466 sed

395 504 682 573 φυλάττειν
716 502 862 556 ἔνδον
892 504 1021 572 παρ’
1069 504 1310 565 ἑαυτοῖς·
1346 501 1654 572 νομίζοντες
1694 504 1752 553 ὲν
1790 499 1965 569 τούτῳ

2073 499 2282 554 lectulis
2312 513 2698 568 superponere,
2725 498 2890 569 690
2913 508 2966 552 et
3002 499 3146 567 apud
3185 515 3305 556 sese
3344 500 3489 556 intus
3521 517 3636 556 ser-

393 597 557 667 τνμᾷν
590 596 715 658 τοὺς
756 593 1108 658 ἀπελθόντας.
1167 594 1224 647 'U
1266 595 1323 646 δὲ
1385 592 1667 656 Ἀντώνιος
1707 591 1965 655 πολλάκις

2072 606 2236 645 vare:
2274 591 2376 644 rati
2430 590 2483 644 id
2528 591 2641 644 vita
2688 589 2890 644 functis
2925 605 3048 644 esse
3099 591 3311 647 honori.
3363 593 3634 648 Antonius

393 690 523 759 περὶ
541 687 732 740 τούτου
762 688 855 741 καὶ
889 687 1216 749 ἐπισκόπους
1247 686 1399 755 ἠξίου
1422 685 1820 757 παραγγέλλειν
1853 690 1965 751 τοῖς

2069 690 2250 736 autem
2292 683 2614 751 plerumque
2659 692 2876 752 rogarat
2919 685 3226 752 episcopos,
3278 695 3336 736 ut
3376 699 3439 738 ea
3482 684 3550 740 de
3574 700 3635 740 re

392 775 541 838 λαοῖς
562 792 575 805 ο
597 775 797 845 ὁμοίως
840 775 894 827 δὲ
927 776 1022 829 καὶ
1050 775 1272 836 λαῖκοὺς
1301 776 1578 848 ὲνέτρεπε,
1611 778 1703 829 καὶ
1726 777 1968 845 γυναιξὶν

2067 773 2299 842 populos
2337 781 2625 827 monerent
2653 789 2666 826 :
2703 773 3061 843 similiterque
3095 773 3264 829 laicos
3289 777 3492 844 pudore
3521 775 3635 830 alii-

392 867 719 938 ἐπέπληττε,
757 867 951 935 λέγων,
993 868 1131 938 μήτε
1176 868 1426 938 νόμιμον,
1477 871 1613 940 μήτε
1646 869 1782 933 ὅλως
1824 871 1968 924 ὅσιον

2069 865 2262 928 ciebat,
2304 865 2668 935 mulieresque
2720 865 3073 935 objurgabat,
3129 866 3280 921 aiens
3328 882 3427 920 nec
3457 867 3635 938 legiti-

392 957 530 1012 εἷναι
559 961 732 1014 τοῦτο.
760 963 867 1013 Καὶ
890 960 998 1032 γὰρ
1024 961 1090 1014 τὰ
1116 961 1222 1014 τῶν
1259 962 1612 1032 πατριαρχῶν
1644 964 1739 1016 καὶ
1763 963 1832 1018 τά
1860 965 1968 1017 τῶν

2067 971 2215 1009 mum
2249 971 2347 1010 nec
2375 966 2625 1011 sanctum
2658 956 2789 1010 illud
2822 972 2962 1011 esse.
3009 955 3145 1009 Nam
3202 956 3632 1026 patriarcharum

392 1051 689 1122 προφητῶν
720 1050 947 1121 σώματα
979 1051 1140 1122 μέχρι
1171 1051 1266 1104 νῦν
1295 1051 1526 1116 σώζεται
1557 1055 1634 1117 εἰς
1685 1055 1962 1124 μνήματα·

2066 1055 2120 1100 et
2163 1046 2551 1122 prophetarum
2597 1063 2824 1118 corpora
2870 1048 3132 1104 hactenus
3179 1049 3232 1103 in
3271 1051 3637 1104 monumentis

391 1145 488 1197 καὶ
517 1144 647 1196 αὐτὸ
675 1143 730 1196 δὲ
758 1143 818 1196 τὸ
842 1143 934 1196 τοῦ
967 1143 1171 1215 Κυρίου
1197 1144 1357 1215 σῶμα
1379 1147 1459 1208 εἰς
1490 1149 1750 1218 μνημεῖον
1773 1147 1928 1218 ἐτέθη
1947 1187 1964 1211 ,

2067 1147 2360 1192 servantur
2387 1156 2399 1192 :
2427 1139 2715 1209 ipsumque
2744 1138 2961 1194 Domini
2996 1155 3194 1209 corpus
3227 1141 3279 1194 in
3313 1154 3638 1194 monumen-

390 1230 538 1295 λίθος
567 1249 624 1284 τε
667 1231 938 1296 ἐπιτεθεὶς
983 1231 1218 1305 ἔκρυψεν
1255 1234 1419 1298 αὐτὸ,
1467 1235 1572 1298 ἕως
1611 1235 1810 1306 ἀνέστη
1858 1253 1966 1308 τρι-

2075 1237 2130 1283 ιο
2168 1227 2273 1283 fuit
2325 1231 2630 1298 depositum
2657 1233 2724 1298 η,
2777 1233 3174 1302 impositusque
3218 1233 3320 1302 ipsi
3352 1233 3488 1302 lapis
3526 1247 3636 1302 quo

390 1323 614 1394 ήμερον.
647 1325 755 1378 Καὶ
800 1324 972 1377 ταῦτα
999 1324 1202 1393 λέγων,
1232 1326 1468 1380 ἐδείκνυε
1511 1331 1848 1400 παρανομεῖν
1875 1329 1966 1380 τὸν

2065 1321 2375 1391 operiretur
2397 1323 2462 1389 ",
2511 1323 2684 1377 donec
2738 1324 2895 1377 tertia
2937 1323 3026 1377 die
3063 1332 3389 1394 resurgeret.
3434 1319 3637 1392 Hisque

393 1413 534 1481 μετά
561 1414 788 1468 θάνατον
821 1415 894 1486 μὴ
936 1414 1246 1486 κρύπτοντα
1278 1415 1346 1469 τά
1385 1415 1614 1488 σώματα
1650 1417 1757 1470 τῶν
1792 1417 1968 1470 τελευ-

2066 1414 2246 1468 verbis
2275 1414 2687 1470 demonstrabat
2741 1417 3085 1486 praevaricari
3129 1433 3276 1484 eum,
3304 1418 3397 1488 qui
3442 1419 3637 1473 deluu-

389 1503 631 1574 τώντων,
667 1506 768 1560 κᾶν
802 1509 934 1576 ἆγια
961 1507 1226 1580 τυγχάνῃ.
1271 1507 1335 1561 Τί
1387 1509 1495 1580 γὰρ
1539 1509 1779 1580 μεῖζονῆ
1807 1508 1965 1578 ἁγιώ-

2066 1513 2279 1560 ctorum
2321 1519 2549 1576 corpora
2577 1521 2683 1560 non
2735 1507 3116 1573 absconderet,
3159 1511 3411 1578 quamvis
3447 1519 3635 1564 sancta

388 1614 548 1668 τερον
586 1597 678 1650 τοῦ
709 1599 988 1668 Κυριακοῦ
1021 1597 1304 1670 σώματος;
1342 1599 1532 1652 Πολλοὶ
1559 1597 1674 1663 οὖν,
1711 1599 1964 1652 ἀκούσαν-

2066 1606 2267 1652 essent.
2300 1597 2439 1663 Quid
2479 1598 2660 1668 majus
2707 1600 2852 1653 enim
2886 1609 2940 1654 et
2985 1601 3227 1656 sanctius
3260 1615 3489 1670 corpore
3523 1599 3637 1655 Do-

388 1707 504 1754 τες,
537 1691 777 1762 ἔκρυψαν
819 1693 924 1745 ὑπὸ
954 1694 1056 1763 γῆν
1099 1692 1303 1758 λοιπὸν,
1342 1694 1436 1747 καὶ
1479 1693 1843 1766 ηὐχαρίστουν
1887 1693 1964 1765 τῷ

2068 1687 2317 1742 minico?
2345 1687 2553 1754 Quibus
2583 1689 2802 1753 auditis,
2851 1691 3004 1744 multi
3034 1692 3289 1761 deinceps
3342 1691 3445 1746 sub
3489 1700 3635 1747 terra

388 1780 601 1852 Κυρίῳ,
627 1781 807 1845 καλῶς
844 1782 1205 1852 διδαχθέντες.

2064 1779 2441 1843 occultarunt,
2492 1790 2546 1834 et
2579 1780 2811 1836 Domino
2859 1797 3016 1852 egere
3062 1785 3283 1852 gratias,
3327 1784 3472 1852 quod
3521 1794 3635 1838 tam

2067 1870 2234 1938 probe
2263 1871 2440 1926 edocti
2472 1881 2676 1927 essent.

468 1959 555 2013 9|.
598 1960 770 2023 Αύτδς
791 1960 868 2023 δὲ,
899 1959 1056 2013 τοῦτο
1082 1960 1384 2030 γινώσκων,
1411 1962 1504 2014 καὶ
1530 1961 1860 2034 φοϐούμενος
1889 1963 1964 2034 μὴ

2135 1965 2222 2020 91.
2258 1965 2350 2020 Ille
2383 1983 2512 2021 vero
2553 1968 2930 2038 hujuscemodi
2965 1969 3379 2023 consuetudinis
3408 1985 3632 2037 gnarus,

394 2049 496 2104 καὶ
533 2050 594 2102 τὸ
634 2051 799 2103 αὐτοῦ
833 2052 1130 2122 ποιήσωσιν
1172 2051 1343 2116 οὕτως
1376 2053 1555 2123 σῶμα,
1587 2055 1807 2124 ἣπειξεν
1848 2057 1966 2109 ἐαυ-

2065 2063 2427 2128 metuensque
2473 2073 2540 2112 ne
2591 2075 2692 2114 suo
2739 2059 2956 2128 corpori
3007 2060 3239 2127 idipsum
3291 2069 3632 2130 praestarent,

385 2141 501 2206 τὸν,
549 2141 948 2213 συνταξάμενος
987 2147 1100 2207 τοῖς
1146 2145 1202 2195 ὲν
1256 2143 1331 2214 τῷ
1377 2145 1480 2208 ἔξω
1523 2146 1639 2214 δρει
1671 2149 1959 2216 μοναχοῖς·

2065 2149 2315 2204 salutatis
2361 2150 2646 2204 monachis
2681 2151 2773 2220 qui
2808 2151 2861 2204 in
2914 2152 3184 2206 exteriore
3227 2161 3382 2207 erant
3428 2163 3632 2214 monte,

385 2231 484 2282 καὶ
509 2228 761 2282 εἰσελθὼν
789 2233 868 2292 εἰς
888 2234 949 2282 τὸ
977 2230 1120 2282 ἔνδον
1149 2231 1272 2301 ὅρος
1303 2231 1435 2301 (l2),
1469 2231 1596 2284 ἔνθα
1641 2234 1735 2284 καὶ
1782 2231 1961 2302 μένειν

2066 2239 2454 2310 ingressusque
2502 2243 2555 2294 in
2613 2241 2925 2296 interiorem
2977 2253 3236 2307 montem,
3275 2243 3366 2296 ubi
3418 2259 3638 2298 manere

384 2319 590 2383 εἰώθει,
624 2321 761 2389 μετά
801 2323 976 2392 μῆνας
1029 2321 1241 2389 ὀλίγους
1285 2321 1545 2393 ἐνόσησε·
1590 2323 1683 2374 καὶ
1729 2322 1960 2386 καλέσας

2065 2332 2258 2386 solitus
2277 2341 2418 2397 erat,
2446 2343 2568 2402 post
2592 2348 2808 2388 menses
2829 2349 3031 2403 paucos
3055 2335 3108 2387 in
3138 2335 3386 2388 morbum
3412 2335 3632 2388 incidit:

385 2415 512 2477 τοὺς
541 2413 792 2476 συνόντας
824 2412 969 2482 αύτῴ
1008 2413 1138 2482 (δύο
1170 2412 1225 2464 δὲ
1252 2407 1409 2483 ἦσαν,
1461 2413 1654 2476 οἵτινες
1686 2413 1779 2466 καὶ
1820 2412 1961 2484 ἔμει-

2062 2422 2380 2490 vocatisque
2427 2423 2492 2477 iis
2540 2422 2631 2492 qui
2683 2438 2867 2476 secum
2917 2433 3070 2476 erant
3109 2424 3357 2493 (duobus
3407 2425 3633 2488 scilicet,

385 2522 485 2558 ναν
517 2505 683 2568 ἔνδον,
713 2505 842 2558 δέκα
863 2508 955 2558 καὶ
989 2506 1148 2558 πέντε
1188 2505 1282 2575 ἔτη
1317 2504 1682 2574 ἀσκούμενοι,
1723 2505 1816 2556 καὶ
1860 2505 1961 2557 ὑπ-

2063 2513 2156 2583 qui
2197 2514 2344 2569 intus
2381 2525 2776 2580 remanserant,
2806 2530 2902 2585 per
2940 2515 3253 2586 quindecim
3283 2532 3458 2571 annos
3484 2533 3637 2572 asce-

385 2594 710 2665 ηρετοῦντες
735 2594 883 2664 αὐτῷ
909 2594 996 2647 διὰ
1022 2595 1082 2646 τὸ
1122 2594 1342 2665 γῆρας),
1378 2592 1528 2662 ἔλεγε
1563 2594 1696 2666 πρὸς
1721 2593 1915 2658 αὐτούς
1943 2608 1956 2622 °

2136 2621 2224 2659 am
2256 2615 2496 2674 agentes,
2529 2617 2692 2677 atque
2720 2607 2789 2661 ob
2831 2616 3164 2662 senectutem
3210 2609 3287 2662 illi
3320 2611 3636 2665 ministran-
3706 2663 3712 2668 .

398 2683 543 2752 Ἐγὼ
575 2685 692 2752 μὲν,
717 2685 792 2748 ὡς
827 2685 1154 2758 γέγραπται,
1184 2683 1280 2754 τὴν
1309 2684 1425 2736 ὁδὸν
1453 2685 1560 2736 τῶν
1593 2685 1844 2756 πατέρων
1871 2702 1964 2738 πο-

2063 2696 2188 2763 tes),
2214 2697 2289 2750 ait
2315 2697 2422 2752 illis
2451 2716 2464 2751 :
2493 2697 2780 2768 Equidem,
2806 2705 2865 2751 ut
2893 2697 3152 2767 scriptum
3180 2708 3263 2753 est
3287 2701 3354 2763 “,
3386 2701 3529 2754 viam
3553 2700 3637 2755 in-

385 2773 620 2843 ρεύομαι
641 2789 654 2801 ⁸
698 2772 808 2844 ὁρῶ
840 2774 947 2844 γάρ
986 2773 1224 2844 ἐμαυτὸν
1256 2773 1588 2844 καλούμενον
1611 2775 1715 2828 ὑπὸ
1737 2776 1830 2828 τοῦ
1855 2777 1961 2828 Κυ-

2063 2785 2279 2854 gredior
2320 2785 2540 2840 Patrum
2567 2806 2582 2854 ;
2614 2788 2772 2842 video
2800 2789 2944 2843 enim
2981 2805 3010 2842 a
3045 2790 3271 2843 Domino
3300 2805 3385 2843 me
3422 2790 3629 2846 vocari.

385 2865 542 2936 ρίουο
579 2865 736 2935 ὑμεῖς
765 2865 822 2917 δὲ
855 2867 1051 2936 νήφετε
1075 2909 1090 2931 ,
1128 2866 1222 2918 καὶ
1266 2866 1364 2936 τὴν
1415 2865 1761 2938 πολυχρόνιον
1807 2867 1960 2938 ὑμῶν

2063 2874 2172 2932 Vos
2212 2889 2394 2933 autem
2445 2880 2685 2949 vigilate,
2742 2896 2806 2935 ac
2860 2880 3186 2934 dilutissima:
3233 2881 3637 2938 exercitationis

385 2955 619 3025 ἄσκησιν
654 2955 728 3027 μὴ
757 2957 1084 3027 ἀπολέσητε·
1127 2957 1238 3009 ἀλλ’
1266 2957 1340 3020 ὡς
1378 2957 1473 3011 νῦν
1513 2959 1686 3029 ἀρχὴν
1722 2958 1956 3030 ἔχοντες,

2062 2980 2256 3024 vestrm
2298 2969 2536 3025 fructum
2572 2989 2639 3026 ne
2686 2973 2996 3042 perditote:
3049 2974 3142 3028 sed
3175 2974 3331 3042 quasi
3375 2974 3485 3042 jam
3516 2975 3637 3043 ejus

386 3049 727 3103 σπουδάσατε
766 3052 952 3120 τηρεῖν
997 3051 1095 3122 τὴν
1143 3049 1449 3120 προθυμίαν
1494 3049 1720 3104 ἑαυτῶν.
1768 3051 1957 3106 Οἴδατε

2062 3063 2278 3118 initium
2318 3065 2613 3134 poneretis,
2656 3075 2843 3120 curate
2870 3077 3106 3121 vestram
3159 3066 3392 3121 retinere
3442 3067 3637 3121 alacri-

385 3144 513 3206 τοὺς
558 3142 1001 3207 ἐπιϐουλεύοντας
1047 3143 1344 3214 δαίμονας,
1397 3143 1574 3197 οἴδατε
1616 3144 1732 3208 πῶς
1779 3145 1960 3218 ἄγριοι

2067 3159 2255 3206 tatem.
2290 3151 2473 3209 Nostis
2499 3155 2844 3211 insidiatores
2875 3153 3171 3219 damones,
3198 3172 3360 3224 quam
3392 3156 3500 3210 sint
3523 3164 3638 3209 tru-

387 3233 490 3304 μὲν
515 3233 674 3300 εἰσὶν,
703 3234 947 3298 ἀσθενεῖς
973 3236 1030 3288 δὲ
1068 3238 1132 3306 τῇ
1173 3235 1418 3306 δυνάμει.
1451 3236 1542 3307 Μὴ
1567 3232 1657 3289 οὖν
1691 3237 1961 3308 φοϐηθῆτε

2066 3261 2156 3299 ces
2192 3245 2435 3315 quidem,
2461 3248 2554 3301 sed
2588 3249 2796 3303 viribus
2830 3248 3110 3302 imbecilli.
3141 3246 3220 3302 Ne
3242 3248 3422 3318 itaque
3455 3249 3639 3302 timete

386 3326 604 3392 αὐτοὺς,
636 3325 772 3380 ἀλλά
805 3327 1001 3396 μᾶλλον
1025 3327 1114 3380 τὸν
1140 3328 1373 3400 Χριστὸν
1405 3329 1492 3381 ἀεὶ
1525 3328 1842 3389 ἀναπνέετε,
1867 3329 1962 3381 καὶ

2065 3322 2226 3390 illos:
2263 3337 2356 3391 sed
2395 3321 2671 3392 Christum
2704 3355 2919 3409 semper
2950 3341 3234 3410 respirate,
3283 3341 3494 3410 ipsique
3521 3355 3640 3395 cre-

387 3418 560 3489 εούτῳ
591 3419 902 3472 πιστεύετε·
950 3421 1040 3473 καὶ
1071 3421 1145 3484 ὡς
1175 3420 1294 3472 καθ’
1335 3421 1549 3492 ἡμέραν
1582 3420 1961 3492 ἀποθνήσκον-

2065 3427 2213 3481 dite:
2246 3442 2309 3481 ac
2359 3429 2506 3482 velut
2538 3431 2782 3498 quotidie
2833 3433 3082 3486 morituri
3123 3433 3328 3486 vivite:
3375 3432 3639 3500 vobisque

395 3527 480 3573 τες
508 3507 740 3582 ζήσατε,
776 3511 1132 3582 προσέχοντες
1157 3513 1387 3576 ἑαυτοῖς,
1416 3512 1508 3566 καὶ
1534 3511 1964 3583 μνημονεύοντες

2067 3519 2200 3588 ipsis
2250 3522 2551 3588 attendite,
2609 3538 2878 3578 memores
2930 3539 3174 3579 mearum
3221 3539 3358 3594 quas
3407 3525 3638 3582 audistis

387 3597 463 3658 ὧν
491 3605 760 3674 ἠκούσατε
790 3607 917 3676 παρ’
957 3605 1092 3675 ἐμοῦ
1133 3605 1529 3676 παραινέσεων.
1568 3605 1678 3658 Καὶ
1724 3606 1960 3677 μηδεμία

2093 3614 2515 3679 inscriptionum.
2568 3612 2723 3667 Nulla
2753 3615 2909 3670 vobis
2941 3615 3014 3670 sit
3059 3617 3481 3671 communicatio
3511 3632 3636 3671 cum
3667 3618 3669 3621 ’

388 3695 530 3748 ἔστω
558 3696 686 3767 ὑμῖν
731 3697 985 3751 κοινωνία
1028 3696 1165 3768 πρὸς
1209 3698 1336 3759 τοὺς
1386 3699 1795 3768 σχισματικοὺς,
1832 3699 1958 3768 μήθ’

2067 3703 2454 3770 schismaticis,
2499 3715 2595 3759 aut
2643 3722 2871 3774 prorsus
2921 3723 3046 3762 cum
3077 3709 3344 3764 haereticis
3395 3710 3633 3765 Ariauis.

388 3787 524 3851 ὅλως
572 3788 707 3860 πρὸς
737 3792 864 3854 τοὺς
893 3792 1202 3861 αἱρετικοὺς
1247 3789 1574 3858 Ἀρειανούς.
1629 3789 1819 3842 Οἴδατε
1848 3791 1956 3861 γὰρ

2066 3790 2250 3846 Nostis
2298 3793 2442 3846 enim
2499 3796 2593 3863 qui
2629 3795 2750 3849 illos
2797 3809 2898 3864 ego
2946 3794 3284 3851 confutarem
3312 3839 3326 3864 ,
3361 3797 3432 3852 ob
3477 3813 3635 3853 suam

1698 3946 1951 4004 VERSIO
1991 3949 2300 4006 EVAGRII.

391 4101 620 4177 lectulos
637 4105 782 4160 domi
814 4109 988 4177 posita
1016 4121 1314 4163 reservare.
1347 4106 1502 4162 Hunc
1529 4109 1789 4162 honorem
1816 4107 2224 4177 quiescentibus
2255 4108 2427 4170 reddi,
2469 4109 2780 4163 inveteratae
2808 4106 3219 4164 consuetudinis
3271 4107 3484 4162 vanitas
3523 4115 3634 4161 tra-

388 4173 548 4228 didit.
580 4172 774 4248 Dehoc
808 4172 1078 4232 Antonius
1104 4192 1245 4246 Saepe
1280 4187 1334 4232 et
1361 4179 1646 4247 episcopos
1679 4172 2000 4248 deprecatus
2047 4187 2150 4238 est.
2180 4188 2238 4232 ut
2269 4179 2498 4248 populos
2534 4180 2900 4234 ecclesiastica
2947 4177 3351 4248 contestatione
3391 4178 3636 4248 corrige-

388 4253 549 4306 rent;
577 4253 629 4298 et
655 4247 820 4301 laicos
848 4249 990 4304 viros
1018 4264 1082 4302 ac
1103 4245 1356 4303 mulieres
1388 4245 1613 4316 rigidius
1646 4245 1766 4316 ipse
1796 4250 2071 4309 convenit,
2101 4245 2291 4303 dicens
2316 4245 2472 4304 {Nec
2507 4249 2804 4312 legitimum
2853 4249 2954 4302 hoc
2997 4261 3140 4313 esse,
3193 4261 3293 4300 nec
3327 4245 3436 4301 Deo
3462 4245 3630 4316 placi-

389 4323 542 4394 tum;
571 4316 768 4394 quippe
800 4318 1392 4394 cumpatriarcharum
1417 4331 1468 4371 et
1490 4319 1880 4394 prophetarum
1905 4319 2177 4386 sepulcra,
2205 4334 2326 4394 quae
2370 4321 2436 4394 ad
2469 4335 2566 4394 nos
2609 4335 2782 4394 usque
2822 4319 3134 4394 perdurant,
3180 4317 3294 4394 haec
3328 4316 3632 4394 factacou-

389 4385 689 4458 vincerent.
734 4385 998 4443 Dominici
1034 4403 1249 4457 quoque
1290 4385 1534 4458 corporis
1566 4385 1870 4458 eiemplum
1925 4385 2177 4458 oportere
2224 4385 2429 4442 intueri
2477 4385 2723 4456 jubebat,
2771 4385 2914 4457 quod
2969 4387 3033 4458 in,
3064 4385 3314 4458 sepulcro
3369 4390 3631 4456 positum,

390 4455 588 4526 la_pide,
617 4470 789 4526 usque
821 4459 886 4511 ad
923 4455 1336 4512 resurrectionis
1366 4455 1508 4512 diem
1545 4455 1787 4521 tertium,
1831 4455 2079 4512 clausum
2129 4457 2310 4513 luerit.
2359 4455 2533 4526 Atque
2578 4459 2663 4514 his
2719 4455 2896 4512 modis
2947 4457 3135 4510 vitium
3169 4457 3316 4510 circa
3347 4455 3634 4512 defunctos

390 4523 634 4598 gEgypti,
668 4523 879 4582 etiamsi
928 4539 1114 4586 sancta
1138 4538 1316 4581 essent
1342 4544 1592 4597 corpora,
1625 4529 1972 4598 coarguebat,
2007 4527 2195 4583 dicens
2225 4547 2236 4581 :
2268 4528 2408 4593 Quid
2445 4523 2620 4595 majus
2647 4538 2741 4582 aut
2764 4529 3278 4598 sanctius__corpore
3315 4537 3494 4595 potest
3514 4544 3636 4582 esse

391 4593 697 4668 Dominico,
727 4600 869 4668 quod
892 4603 1045 4665 juxta
1077 4593 1522 4652 consuetudinem
1550 4593 1790 4668 gentium
1823 4609 2144 4652 eazterarum
2192 4599 2358 4652 humo
2393 4593 2669 4653 conditum
2701 4597 2824 4653 est?
2854 4598 2965 4666 (l5)
3001 4593 3331 4668 Haec—justi
3351 4598 3636 4668 persuasio

391 4664 688 4788 multorum
714 4664 937 4722 insitum
973 4669 1152 4723 evellit
1178 4682 1438 4730 errorem,
1476 4678 1530 4722 et
1553 4664 1810 4738 repositis
1841 4670 1897 4723 in
1917 4678 2060 4722 terra
2089 4668 2465 4732 cadaveribus,
2492 4668 2722 4724 Domino
2744 4664 2953 4739 gratias
2988 4682 3088 4736 pro
3126 4666 3270 4720 bono
3316 4664 3636 4736 magisterio

391 4744 507 4788 retu
533 4745 711 4788 erunt-

389 4744 712 4796 retulerunt,

461 4804 559 4877 91.Δ
583 4805 824 4862 Metuens
851 4824 980 4877 ergo
1007 4808 1452 4862 consuetudinem
1487 4807 1876 4877 supradictam,
1932 4823 2000 4860 ne
2047 4807 2238 4861 eodem
2276 4807 2438 4861 etiam
2482 4808 2627 4863 circa
2678 4823 2737 4863 se
2790 4807 3101 4865 laberentur
3132 4825 3341 4872 errore,
3385 4805 3634 4862 celeriter

390 4874 697 4933 valedieens
747 4874 1050 4942 monachis,
1103 4881 1192 4948 qui
1227 4874 1620 4942 conﬂuxerant,
1673 4879 1738 4931 ad
1773 4879 2010 4932 amicum
2031 4878 2264 4931 “virtutis
2299 4878 2669 4932 habitaculum
2705 4878 2998 4947 repedavit.
3036 4881 3166 4936 Post
3207 4893 3421 4934 menses
3448 4883 3630 4928 autem

391 4959 623 5017 paucos,
656 4963 780 5002 cum
813 4950 1086 5004 mediocre
1119 4949 1230 5017 (l4)
1267 4950 1670 5002 incommodum
1710 4948 1902 5001 senilia
1936 4949 2180 5002 membra
2216 4948 2507 5010 turbasset,
2531 4950 2738 5001 vocatis
2766 4948 2831 5000 ad
2861 4963 2918 5001 se
2944 4949 3158 5003 duobus
3183 4948 3474 5017 fratribus,
3495 4957 3635 5013 quos

393 5015 594 5069 ibidem
629 5028 754 5071 ante
782 5020 1088 5088 quindecim
1127 5015 1298 5072 annos
1330 5019 1543 5072 modico
1575 5018 1860 5072 intervallo
1894 5019 2172 5085 sejunctos
2201 5019 2516 5088 instituebat
2543 5019 2677 5088 (15),
2708 5018 2910 5088 quique
2935 5022 3098 5072 etiam
3137 5021 3186 5073 ei
3219 5019 3330 5087 jam
3363 5015 3489 5088 seni
3521 5027 3636 5068 cae-

389 5096 584 5167 perant
609 5084 939 5167 ministrare,
970 5090 1088 5143 ait:
1127 5088 1253 5167 _Ego
1292 5089 1534 5167 quidem,
1587 5089 1787 5167 ﬁlioli,‘
1817 5084 2118 5167 secundum
2142 5089 2386 5167 eloquia
2423 5084 2849 5167 Scripturar'um',
2885 5085 3111 5167 Patrum
3170 5084 3388 5158 gradior
3442 5084 3631 5167 viam}

388 5156 502 5224 jam
534 5159 678 5211 enim
705 5156 971 5214 Dominus
1007 5175 1093 5215 me
1126 5156 1336 5224 invitat,
1360 5159 1472 5228 jam
1505 5159 1664 5228 cupio
1703 5159 1885 5212 videre
1947 5159 2212 5214 cmlestia.
2247 5157 2354 5212 Sed
2389 5174 2508 5220 vos,
2541 5156 2574 5214 ὸ
2613 5159 2823 5212 viscera
2856 5172 3014 5228 mea,
3047 5156 3336 5220 admoneo,
3387 5170 3456 5228 ne
3503 5156 3638 5207 tanti

392 5229 656 5300 temporis
688 5229 928 5300 laborem
967 5240 1186 5300 repente
1219 5225 1477 5300 perdatjs.
1514 5225 1683 5283 Hodie
1721 5243 1814 5282 vos
1854 5229 2168 5298 religiosum
2200 5230 2440 5300 studium
2471 5229 2768 5300 arripuisse
2789 5227 3147 5300 arbitramini“,
3175 5236 3230 5282 et
3255 5225 3413 5300 quasi
3447 5231 3639 5290 emptae

393 5299 660 5354 voluntati
715 5297 978 5354 fortitudo
1019 5297 1350 5355 succrescat.
1403 5297 1593 5353 Varias
1642 5297 2174 5354 daemonum’uostis
2223 5299 2496 5353 insidias:
2547 5297 2978 5366 vidistiseorum
3006 5307 3061 5351 et
3089 5299 3322 5366 impetus
3345 5298 3560 5366 feroces
3585 5301 3639 5366 et

389 5372 540 5425 vires
560 5370 917 5427 eﬂeininatas.
949 5369 1135 5426 Jesum
1167 5369 1460 5439 suspirate,
1495 5377 1551 5423 et
1583 5369 1964 5423 credulitatem
1996 5369 2238 5424 nominis
2286 5370 2408 5439 ejus
2445 5368 2638 5424 vestris
2690 5365 2838 5436 tigite
2875 5363 3182 5433 mentibus;
3202 5381 3256 5423 et
3285 5384 3315 5422 a
3350 5376 3498 5421 certa
3532 5363 3638 5418 ﬁde

462 5483 510 5514 ”
544 5479 704 5537 Joan.
739 5497 855 5548 xxx,
887 5482 976 5536 Al.
1045 5483 1091 5515 ’³
1117 5480 1308 5538 Matth.
1345 5497 1520 5549 xxv",
1548 5480 1640 5538 60.
1716 5481 1761 5513 “
1791 5479 1957 5537 Iosue
1991 5497 2150 5549 χχιιι,
2178 5481 2268 5540 M.

488 5599 578 5673 ἲὲ)
603 5598 680 5673 Ii?
705 5597 929 5670 (ἰυίδδῐη
962 5597 1334 5673 m_an_05c_ript_i.
1378 5585 1545 5660 Editi,
1575 5594 1802 5673 ἔνδοθεν.
2298 5594 2381 5673 _l_ta
2407 5592 2785 5672 manuscripti.
2819 5592 2876 5648 ln
2914 5592 3094 5673 editis,
3122 5609 3225 5648 non
3252 5593 3530 5673 mediocre.

488 5599 578 5669 13)
603 5598 680 5654 lta
705 5598 929 5670 quidam
962 5598 1334 5668 manuscripti.
1378 5598 1545 5660 Editi,
1575 5598 1802 5649 ἔνδοθεν.
2149 5598 2265 5666 (lt)
2305 5598 2381 5649 ita
2407 5598 2785 5672 manuscripti.
2819 5598 2876 5648 ln
2914 5598 3094 5674 editis,
3122 5609 3225 5648 non
3252 5598 3530 5675 mediocre.

463 5598 582 5741 $15)
617 5669 710 5725 Sic
750 5669 1126 5739 manuscripti.
1163 5667 1303 5722 Editi
1335 5683 1486 5733 vero,
1537 5667 1805 5720 conditum
1856 5683 1964 5723 esse
2077 5735 2114 5742 _
2138 5666 2257 5742 (t5)
2297 5665 2707 5742 Maximalpars
2750 5675 3268 5731 manuscriptorum,
3303 5661 3637 5720 instituebat.

393 5735 608 5796 scimus.
1032 5735 1047 5739 —
2073 5735 2216 5791 Editi
2249 5749 2396 5801 vero,
2424 5735 2741 5788 instituerat.

717 5834 991 5896 Pnaoc.
1048 5835 1165 5896 Gn.
1244 5830 1481 5910 XXVI.
3255 5825 3329 5878 31
