3992 6230
420 276 520 330 971

985 275 1044 328 S.
1086 274 1461 328 ATHANASII
1499 275 1651 330 UPP.
1694 272 1874 330 PARS
1912 275 1952 329 l.
1995 305 2063 316 —
2102 274 2473 332 HISTORICA
2510 276 2598 331 ET
2642 276 3061 334 DOGMATICA.

3563 281 3663 336 972

416 388 638 444 Christo
670 387 1042 442 adversariam
1075 399 1238 458 atque
1262 405 1292 443 τι
1332 406 1456 445 vera
1480 391 1726 446 doctrina
1759 392 1986 446 alienam

2097 394 2214 457 πῶς
2246 393 2404 462 κάγὼ
2440 393 2664 458 τούτους
2696 392 3068 464 ἐξετρεπόμην
3107 392 3197 447 διὰ
3229 394 3327 465 τὴν
3374 397 3665 466 χριστομά-

418 478 692 537 heresim.
731 477 781 531 Id
815 487 1025 543 curate,
1050 479 1184 533 utin
1205 479 1365 551 691
1397 482 1588 550 primis
1614 497 1712 536 vos
1743 481 1996 547 Domino,

416 568 619 625 dehinc
661 568 868 624 sanctis
910 568 1258 639 adjungatis:
1306 580 1364 625 ut
1394 581 1515 640 post
1548 581 1778 627 mortem
1816 589 1912 629 vos
1943 574 1997 628 in

416 674 619 718 aeterna
671 662 1058 729 tabernacula,
1103 664 1262 733 quasi
1322 664 1530 720 amicos
1570 674 1839 737 notosque
1894 667 1997 721 sibi

416 754 701 824 recipiant.
724 752 848 811 Haec
864 755 1135 826 cogitetis,
1155 755 1270 811 haec
1297 756 1575 811 sentiatis:
1596 767 1651 812 et
1683 758 1729 814 si
1752 774 1858 828 qua
1891 759 1996 814 mei

416 846 573 902 vobis
589 861 718 901 cura
745 846 844 916 sit,
882 855 939 902 et
976 847 1083 902 mei
1107 856 1363 916 tanquam
1396 848 1569 917 patris
1608 849 1994 918 recordamini,

414 952 617 1009 corpus
645 953 827 992 meum
865 937 919 992 in
949 938 1242 1009 JEgyptum
1277 938 1562 995 transferri
1592 957 1660 995 ne
1688 942 1994 1011 patiamini,

415 1048 485 1088 ne
514 1032 570 1089 in
600 1032 855 1088 domibus
901 1031 1216 1101 deponant:
1260 1032 1364 1087 hac
1391 1033 1592 1103 quippe
1630 1033 1697 1088 de
1744 1040 1910 1088 eausa
1939 1033 1996 1088 in

414 1134 655 1181 mntem
684 1139 773 1180 me
795 1126 1025 1184 contuli,
1058 1133 1222 1194 atque
1252 1124 1359 1180 huc
1385 1126 1609 1181 recessi.
1637 1123 1799 1182 Scitis
1820 1141 1995 1197 quan-

412 1228 658 1275 tum’eos
687 1234 902 1289 semper
926 1218 1213 1289 objurgavi
1240 1218 1335 1289 qui
1367 1218 1482 1274 hac
1519 1228 1762 1290 agerent,
1792 1234 1995 1290 praece-

414 1311 580 1382 pique
611 1319 673 1365 ut
699 1310 819 1381 ejus
840 1310 1256 1366 consuetudinis
1290 1309 1452 1365 ﬁnem
1504 1309 1764 1366 facerent.
1814 1310 1992 1366 Meum

414 1403 600 1472 itaque
651 1416 856 1470 corpus
895 1401 1138 1466 liumate,
1188 1410 1442 1470 terraque
1471 1401 1779 1472 contegite:
1812 1417 1993 1458 meus-

412 1509 522 1563 que
551 1493 853 1548 hic~sermo
884 1493 1027 1563 apud
1071 1508 1167 1546 vos
1192 1493 1554 1559 custodiatur,
1586 1503 1646 1547 ut
1678 1507 1861 1558 nemo,
1892 1508 1993 1548 vo—

412 1586 499 1644 bis
534 1571 799 1655 exceptis,
852 1585 1032 1640 locum
1077 1584 1234 1640 sciat.
1268 1583 1380 1656 Ego
1410 1584 1609 1654 quippe
1655 1586 1708 1639 in
1747 1601 1992 1640 resurre-

2101 502 2193 557 χον
2226 484 2405 539 αὐτῶν
2453 485 2546 538 καὶ
2597 485 2901 556 ἑτερόδοξον
2944 486 3175 556 αἰρεσιν.
3235 486 3577 540 Σπουδάσατε
3612 489 3665 542 δὲ

2103 577 2303 648 μᾶλλον
2337 578 2432 631 καὶ
2471 577 2627 648 ὑμεῖς
2656 578 2744 630 ἀεὶ
2792 576 3084 630 συνάπτειν
3117 578 3363 642 ἑαυτοὺς,
3395 595 3665 650 προηγου-

2102 666 2280 736 μένως
2321 665 2420 738 μὲν
2462 665 2541 737 τῷ
2573 664 2782 737 Κυρίῳ,
2816 665 3007 719 ἔπειτα
3057 667 3115 719 δὲ
3146 671 3259 731 τοῖς
3312 668 3524 737 ἁγίοιςο
3585 671 3667 725 ἵνα

2102 757 2237 828 μετὰ
2267 757 2498 812 θάνατον
2523 758 2666 827 ὑμᾶς
2691 758 2772 820 εἰς
2797 756 2897 820 τὰς
2922 758 3176 823 αἰωνίους
3213 748 3439 830 σκηνὰς,
3469 761 3544 825 ὡς
3578 764 3664 832 φί-

2097 848 2223 911 λους
2255 850 2350 903 καὶ
2380 849 2712 921 γνωρίμους,
2740 847 2998 912 δέξωνται
3031 851 3126 905 καὶ
3154 852 3329 906 αὐτοί.
3361 854 3547 909 Ταῦτα
3585 855 3667 909 λο-

2098 939 2337 1009 γίζεσθε,
2367 940 2542 994 ταῦτα
2588 944 2835 1013 φρονεῖτε
2872 957 2889 973 ο
2943 942 3038 997 καὶ
3089 945 3139 996 εί
3178 943 3329 1014 μέλει
3371 946 3499 1016 ὑμῖν
3543 950 3667 1018 περὶ

2097 1033 2253 1106 ἐμοῦ,
2281 1034 2377 1088 καὶ
2410 1034 2774 1107 μνημονεύετε
2805 1035 2883 1099 ὡς
2922 1036 3053 1107 περὶ
3094 1035 3334 1108 πατρὸς,
3376 1038 3452 1110 μὴ
3483 1040 3668 1109 ἀφεῖτε

2093 1144 2247 1192 τινας
2273 1126 2334 1181 τὸ
2362 1125 2523 1198 σῶμά
2567 1144 2669 1199 μου
2701 1127 2886 1181 λαϐεῖν
2920 1129 3001 1191 εἰς
3031 1126 3327 1197 Αἴγυπτον,
3377 1131 3577 1201 μήπως
3610 1134 3667 1186 ὲν

2093 1222 2208 1284 τοῖς
2247 1220 2418 1284 οἴκοις
2450 1219 2761 1274 ἁπόθωνται
2786 1236 2801 1250 ·
2829 1219 3020 1274 τούτου
3067 1219 3176 1289 γὰρ
3218 1220 3383 1292 χάριν
3424 1220 3667 1292 εἰσῆλθον

2095 1313 2175 1376 είς
2198 1311 2260 1365 τὸ
2289 1310 2436 1385 ὅρος,
2475 1312 2570 1365 καὶ
2595 1306 2757 1383 ἦλθον
2787 1305 2909 1366 ὦδε.
2946 1310 3141 1366 Οἴδατε
3175 1311 3232 1365 δὲ
3282 1313 3379 1367 καὶ
3431 1312 3551 1377 πῶς
3583 1314 3667 1367 ἀεὶ

2094 1401 2382 1475 ὲνέτρεπον
2414 1404 2541 1468 τοὺς
2583 1405 2742 1458 τοῦτο
2782 1404 3101 1468 ποιοῦντας,
3154 1405 3247 1458 καὶ
3293 1405 3667 1477 παρήγγελλον

2094 1495 2407 1549 παύσασθαι
2453 1496 2554 1567 τῆς
2587 1497 2841 1569 τοιαύτης
2883 1496 3185 1568 συνηθείας.
3228 1497 3446 1566 Θάψατε
3477 1494 3573 1552 οὖν
3609 1498 3667 1552 τὸ

2093 1588 2359 1660 ἡμέτερον
2389 1591 2567 1660 ὑμεῖς,
2597 1591 2691 1644 καὶ⁹
2723 1590 2827 1643 ὑπὸ
2850 1590 2953 1662 γῆν
2979 1588 3222 1662 κρύψατε
3250 1605 3264 1619 ’
3302 1591 3397 1645 καὶ
3436 1590 3582 1645 ἔστω
3609 1591 3669 1645 τὸ

410 1676 591 1755 ctione
620 1684 961 1731 mortuorum
998 1675 1375 1745 incorruptum
1427 1675 1604 1745 ipsum
1633 1691 1663 1730 a
1712 1673 1986 1732 Salvatore

2095 1682 2222 1755 παρ’
2259 1678 2393 1754 ἐμοῦ
2430 1682 2579 1753 ῥῆμα
2609 1681 3010 1753 φυλαττόμενον
3042 1682 3171 1754 παρ’
3197 1682 3345 1753 ὑμῖν,
3382 1681 3523 1736 ὥστε
3566 1699 3668 1754 μη-

411 1750 734 1836 recepturus
761 1782 905 1821 sum.
952 1765 1069 1821 Mea
1100 1744 1326 1820 dividite
1352 1766 1701 1828 vestimenta,
1744 1765 1983 1821 Athana-

2095 1744 2218 1828 δέν-α
2232 1744 2465 1844 γινώσκε
2536 1744 2821 1837 τὺνῐτόπον,
2842 1744 2982 1846 πλὴν
3399 1774 3542 1843 Ἐγὼ

410 1858 607 1927 sicque
633 1857 892 1928 episcopo
935 1856 1189 1931 mel’otem
1240 1856 1366 1911 date
1416 1871 1605 1922 unam,
1651 1857 1986 1927 palliumque

2095 1867 2149 1918 ὲν
2179 1868 2246 1937 τῇ
2277 1866 2568 1919 ἀναστάσει
2593 1864 2701 1919 τῶν
2741 1864 2952 1938 νεκρῶν
2991 1864 3339 1937 ἀπολήψομαι
3366 1866 3522 1935 παρὰ
3573 1863 3665 1918 τοῦ

407 1966 520 2020 quo
547 1950 896 2017 olivolvebar,
932 1950 1080 2022 quod
1108 1964 1309 2004 novum
1334 1949 1411 2003 ab
1442 1948 1562 2019 ipso
1595 1965 1719 2004 cum
1757 1965 1985 2019 accepe—

407 2040 672 2109 rim,.iam
703 2040 963 2096 detritum
1008 2041 1153 2110 apud
1193 2056 1284 2096 me
1310 2050 1434 2096 est:
1468 2041 1693 2095 alteram
1730 2040 1981 2096 melotean

409 2130 701 2202 Serapioni
755 2131 951 2187 tradite
984 2132 1288 2202 episcopo:
1326 2147 1423 2188 vos
1471 2132 1665 2186 habete
1707 2133 1982 2187 cilicinum

406 2223 981 2291 indumentum-Quod
1014 2225 1284 2295 reliquum
1312 2233 1417 2293 est,
1448 2226 1671 2285 salvete,
1702 2223 1801 2279 lilii
1829 2244 1842 2280 :
1871 2226 1986 2279 An-

406 2316 595 2371 tonius
625 2316 826 2387 quippe
857 2317 984 2371 binc
1013 2317 1232 2387 migrat,
1261 2333 1360 2373 nec
1381 2319 1521 2372 ultra
1546 2318 1829 2373 vobiscum
1860 2320 1984 2374 erit.

2092 1958 2344 2030 Σωτῆρος
2373 1957 2646 2030 ἄφθαρτον
2679 1957 2828 2011 αὐτό.
2862 1956 3076 2010 Διέλετε
3100 1956 3156 2010 δέ
3180 1973 3281 2027 μου
3321 1956 3391 2010 τὰ
3426 1956 3665 2027 ἐνδύμα-

2087 2066 2155 2102 τα
2177 2064 2192 2079 ⁸
2234 2052 2330 2104 καὶ
2367 2050 2665 2121 Ἀθανασίῳ
2697 2050 2794 2120 μὲν
2817 2048 2895 2120 τῷ
2928 2049 3210 2120 ἐπισκόπῳ
3251 2048 3370 2103 δότε
3395 2048 3494 2118 τὴν
3538 2048 3666 2119 μίαν

2094 2140 2367 2212 μηλωτὴν,
2398 2141 2492 2194 καὶ
2519 2141 2548 2194 ὃ
2574 2139 3068 2212 ὑπεστρωννυόμην
3108 2139 3350 2208 ἱμάτιον,
3396 2139 3532 2210 ὅπερ
3566 2139 3665 2191 αὐέ-

2089 2233 2181 2295 τὸς
2215 2232 2313 2303 μέν
2345 2250 2436 2303 μοι
2462 2232 2646 2286 καινὸν
2674 2232 2894 2295 δέδωκε,
2922 2234 3053 2304 παρ’
3083 2231 3205 2301 ἐμοὶ
3246 2230 3304 2283 δὲ
3348 2230 3665 2284 πεπαλαίω-

2094 2340 2217 2377 ταιο
2270 2326 2364 2378 καὶ
2392 2324 2790 2396 Σαραπίωνιδὲ
2837 2322 2948 2395 (16}
2990 2322 3070 2393 τῷ
3112 2322 3395 2390 ὲπισκόπῳ
3421 2321 3540 2375 δότε
3566 2321 3665 2388 τὴν

404 2405 602 2475 ἑτέραν
628 2405 911 2478 μηλωτήν·
933 2405 1029 2458 καὶ
1055 2406 1214 2477 ὑμεῖς
1237 2406 1388 2478 ἔχετε
1408 2407 1468 2460 τὸ
1487 2407 1726 2479 τρίχινον
1751 2407 1972 2480 ἔνδυμα.
2012 2412 2125 2465 Καὶ
2186 2414 2370 2469 λοιπὸν
2414 2414 2671 2480 σώζεσθε,
2699 2415 2896 2468 τέκνα·
2937 2415 2967 2467 ό
2998 2412 3107 2484 γὰρ
3150 2412 3434 2476 Ἀντώνιος
3493 2428 3664 2484 μεταο

404 2495 601 2561 ϐαίνει,
633 2495 727 2549 καὶ
752 2496 854 2549 οὐκ
882 2494 962 2549 ἔτι
991 2495 1107 2568 μεθ’
1135 2497 1287 2569 ὑμῶν
1312 2499 1450 2553 ἐστι.

475 2590 569 2645 92.
599 2586 698 2644 His
725 2588 816 2644 ille
843 2589 1030 2656 dictis,
1053 2598 1340 2660 postquam
1366 2590 1545 2661 ipsum
1572 2589 1804 2648 osculati
1819 2601 1979 2656 sunt,

401 2681 599 2739 erectis
638 2681 886 2752 pedibus,
927 2698 993 2738 ac
1023 2681 1183 2753 quasi
1211 2683 1424 2739 amicos
1466 2700 1526 2739 se
1554 2687 1817 2742 adeuntes
1845 2701 1981 2741 con-

403 2773 731 2844 templatus,
767 2789 1069 2844 eorumque
1110 2789 1278 2830 causa
1326 2777 1516 2843 laetus,
1556 2791 1683 2830 nam
1722 2776 1851 2831 dum
1882 2775 1978 2831 de-

401 2867 682 2921 cumberet
715 2866 871 2921 hilari
906 2876 1024 2921 erat
1051 2868 1229 2931 vultu,
1257 2867 1574 2937 eXSpiravit,
1620 2878 1675 2923 et
1698 2870 1980 2939 appositus

402 2965 487 3014 est
515 2959 583 3012 ad
628 2969 811 3027 patres
848 2973 999 3014 suos.
1041 2956 1143 3022 Illi,
1198 2958 1659 3028 quemadmodum
1695 2958 1982 3014 mandarat

402 3049 560 3118 ipsis,
597 3048 818 3104 condito
846 3060 900 3105 et
929 3049 1173 3105 involuto
1199 3065 1451 3120 corpore,
1475 3050 1607 3104 illud
1638 3058 1776 3105 terra
1794 3061 1981 3106 conte-

2157 2590 2245 2646 92.
2278 2588 2462 2642 Ταῦτα
2490 2586 2680 2650 εἰπὼν,
2733 2588 2829 2641 καὶ
2875 2586 3278 2656 ἀσπασαμένων
3301 2586 3526 2642 ἐκείνων
3564 2589 3665 2642 αὐ·-

2084 2686 2197 2749 τδν,
2227 2683 2426 2756 ἐξάρας
2454 2683 2579 2746 τοὺς
2603 2682 2788 2745 πόδας,
2820 2680 2915 2734 καὶ
2939 2679 3127 2748 ὥσπερ
3153 2678 3338 2749 φίλους
3363 2681 3505 2749 ὁρῶν
3534 2683 3663 2744 τοὺς

2087 2774 2342 2838 ἐλθόντας
2383 2774 2471 2826 ἐπ’
2501 2772 2683 2829 αὐτὸν.
2711 2772 2806 2825 καὶ
2829 2771 2898 2825 δι’
2932 2771 3127 2833 αὐτοὺς
3173 2770 3475 2842 περιχαρὴς
3505 2771 3664 2840 γενό-

2090 2882 2268 2937 μενος,
2299 2864 2550 2934 ἐφαίνετο
2570 2861 2677 2935 γὰρ
2703 2863 3058 2933 ἀνακείμενος
3076 2861 3242 2933 ἱλαρῷ
3260 2862 3338 2933 τῷ
3358 2861 3661 2934 προσώπῳ,

2085 2951 2319 3022 ἐξέλιπε,
2354 2957 2448 3010 καὶ
2491 2953 2793 3027 προσετέθη
2826 2954 2963 3025 πρὸς
2994 2954 3118 3017 τοὺς
3162 2953 3423 3026 πατέρας.
3452 2954 3663 3009 Κάκεῖ-

2084 3065 2165 3102 νοι
2196 3049 2400 3111 λοιπὸν,
2446 3047 2587 3102 καθὰ
2614 3046 2841 3101 δέδωκεν
2878 3047 3058 3110 αὐτοῖς
3091 3046 3343 3113 ἐντολὰς,
3389 3047 3664 3118 θάψαντες

404 3156 532 3203 xere
554 3180 569 3207 ,
596 3156 866 3212 nemoque
900 3142 1166 3198 hactenus
1191 3142 1344 3197 novit
1390 3142 1612 3197 ubinam
1647 3142 1834 3207 lateat,
1875 3143 1982 3199 illis

2095 3141 2179 3193 καὶ
2220 3139 2537 3206 εἱλίξαντες,
2582 3138 2822 3211 ἔκρυψαν
2866 3139 2970 3193 ὑπὸ
3017 3137 3120 3208 γῆν
3169 3139 3333 3193 αὒτοῦ
3365 3140 3425 3193 τὺ
3473 3141 3662 3211 σῶμα,

400 3232 618 3288 duobus
646 3233 906 3304 exceptis.
937 3232 1043 3301 Qui
1077 3241 1259 3288 autem
1292 3248 1548 3303 accepere
1579 3233 1720 3288 beati
1759 3233 1979 3289 Antonii

400 3333 693 3396 utramque
747 3325 1022 3391 melotem,
1072 3333 1128 3381 et
1172 3325 1429 3380 detritum
1479 3325 1548 3379 ab
1593 3339 1659 3380 eo
1714 3325 1934 3393 pallium
1962 3367 1977 3391 ,

2086 3230 2180 3284 καὶ
2230 3230 2405 3293 οὐδεὶς
2444 3226 2550 3283 οἶδε
2584 3232 2751 3295 τέως,
2785 3229 2887 3283 ποῦ
2918 3230 3241 3302 κέκρυπται,
3295 3231 3435 3302 πλὴν
3480 3233 3665 3302 μόνων

2083 3318 2262 3373 αὐτῶν
2290 3321 2399 3373 τῶν
2431 3319 2541 3375 δύο.
2593 3321 2704 3374 Καὶ
2727 3319 2837 3374 τῶν
2877 3321 3147 3374 λαϐόντων
3178 3321 3233 3374 δὲ
3274 3321 3506 3384 ἕκαστος
3547 3321 3662 3381 (17)

398 3418 560 3488 quasi
586 3433 673 3474 res
703 3418 887 3492 magni
918 3417 1079 3490 pretii
1108 3416 1272 3473 ambo
1304 3416 1396 3471 illa
1428 3416 1775 3481 custodiunt,
1817 3424 1980 3486 atque

2095 3412 2182 3482 τὴν
2214 3412 2466 3484 μηλωτὴν
2483 3412 2576 3467 τοῦ
2605 3412 2878 3486 μακαρίου
2912 3414 3219 3478 Ἀντωνίου,
3246 3414 3341 3468 καὶ
3364 3414 3423 3467 τὸ
3442 3430 3662 3485 recpit»

1725 3632 1974 3688 VERSIO
2013 3631 2316 3687 EVAGRII.

397 3836 640 3907 universi
690 3836 967 3892 daemones
1024 3835 1381 3907 fugabuntur.
1416 3834 1743 3907 Mementote
1771 3835 1933 3907 etiam
1985 3833 2421 3907 admonitionum
2454 3848 2709 3907 mearum
2748 3840 2803 3886 et
2849 3832 3071 3907 incertae
3120 3831 3453 3907 conditionis
3484 3832 3662 3886 vitam

397 3905 640 3973 quotidie
677 3906 970 3976 ancipitem
1005 3901 1334 3972 retractate,
1381 3914 1436 3961 et
1486 3906 1706 3960 caeleste
1761 3904 1917 3976 vobis
1968 3907 2247 3976 praemium
2286 3905 2404 3976 sine
2437 3903 2785 3976 cunctamine
2824 3902 3110 3976 tribuetur.
3133 3901 3661 3976 _Sehismatic_orum

395 3971 615 4045 quoque
648 3985 702 4029 et
734 3971 1112 4031 haereticorum
1143 3971 1351 4031 venena
1385 3977 1552 4030 vitate
1580 3993 1593 4029 :
1633 3974 1927 4043 meumque
1962 3971 2108 4028 circa
2138 3988 2234 4028 eos
2267 3975 2465 4045 odium
2494 3973 2801 4045 sectamini,
2844 3973 2987 4045 quia
3017 3971 3221 4026 Christi
3252 3981 3383 4025 sunt
3415 3971 3657 4026 inimici.

396 3994 411 4027 ι
438 3992 615 4045 uoque
648 3992 702 4029 et
734 3992 1112 4031 naereucorum
1143 3992 1351 4031 venena
1385 3992 1552 4030 vuate
1580 3993 1593 4029 :
1633 3992 1927 4043 meumque
1962 3992 2108 4028 etrca
2138 3992 2234 4028 eos
2267 3992 2453 4027 Otllum
2494 3992 2801 4036 sectamini,
2844 3992 2969 4039 quia
3017 3992 3221 4026 ωιηειι
3252 3992 3383 4025 sum
3415 3992 3657 4026 llllﬂllCl.

396 3992 567 4099 écitis
614 4045 739 4114 ipsi,
782 4047 928 4115 quod
982 4047 1164 4100 nullus
1203 4046 1338 4100 mihi
1378 4061 1479 4100 nec
1505 4044 1763 4113 pacificus
1796 4045 2014 4112 quidem
2049 4059 2230 4115 sermo
2258 4059 2380 4098 cum
2421 4043 2501 4097 eis
2527 4042 2818 4115 aliquando
2852 4042 3034 4115 fuerit,
3061 4052 3288 4115 propter:
3304 4056 3527 4115 pravam
3558 4057 3662 4095 eo-

397 4130 517 4167 rum
552 4108 905 4177 voluntatem,
932 4125 986 4171 et
1015 4117 1263 4185 pertinax
1296 4126 1487 4171 contra
1508 4108 2053 4185 "Christum-bellum.
2086 4112 2142 4167 In
2174 4115 2276 4169 hoc
2302 4122 2482 4167 autem
2507 4108 2678 4181 magis
2709 4121 2884 4185 estote
2906 4108 3233 4177 solliciti,_ut
3254 4108 3473 4185 Domini
3508 4126 3659 4180 prae-

395 4195 550 4255 cepta
584 4186 832 4255 servetis,
865 4198 922 4240 ut
951 4181 1073 4255 post
1093 4195 1325 4240 mortem
1352 4195 1589 4240 vestram
1618 4183 1790 4239 sancti
1814 4185 2038 4253 quique,
2069 4185 2228 4254 quasi
2260 4185 2467 4255 amicos
2497 4192 2755 4255 etenotos,
2794 4184 2862 4255 ine
2887 4192 3093 4236 aeterna
3132 4197 3232 4236 vos
3277 4181 3543 4255 recipiant
3572 4190 3661 4235 la-

398 4254 709 4324 bet-uacula.
748 4253 872 4309 Haec
896 4251 1151 4324 cogitate,
1174 4256 1287 4310 haec
1320 4257 1515 4324 sapite,
1557 4255 1673 4309 haec
1703 4251 1969 4324 reteiite}
2003 4262 2056 4307 et
2088 4251 2134 4306 si
2166 4270 2273 4323 qua
2303 4254 2409 4307 mei
2445 4253 2601 4324 vobis
2625 4268 2776 4314 cura,
2819 4251 2865 4324 si
2905 4267 3015 4322 qua
3052 4256 3220 4320 patris
3246 4252 3512 4324 memoria
3544 4261 3659 4315 est,

394 4322 440 4376 si
469 4324 600 4376 mihi
626 4324 888 4378 vicarium
916 4320 1245 4394 repraestatis
1273 4320 1548 4390 affectum,
1579 4325 1762 4379 nullus
1792 4325 1856 4378 ad
1883 4320 2355 4394 Egyptum'meas
2379 4320 2614 4391 perferat
2639 4320 3020 4394 reliquias,'ne
3039 4337 3187 4394 vano
3206 4336 3417 4394 corpus
3438 4321 3659 4394 honore

395 4401 667 4465 servetur,
694 4408 763 4448 ne
787 4391 1098 4465 vitupeiati,
1130 4404 1188 4448 ut
1223 4395 1415 4465 nostis,
1443 4410 1474 4449 a
1502 4409 1587 4449 me
1617 4394 1773 4459 ritus,
1802 4391 1975 4449 etiam
1994 4391 2266 4465 'circaﬂme
2288 4402 2573 4465 serventur
2605 4391 2918 4465 obsequia:
2958 4392 3308 4465 hujusuenim
3344 4392 3419 4446 rei
3472 4391 3660 4461 gratia

394 4463 632 4536 maxime
652 4464 765 4536 huc
787 4460 922 4536 sum'
946 4480 1250 4536 regressus.
1278 4464 1391 4520 Vos
1416 4465 1581 4535 igitur
1612 4465 1779 4518 humo
1811 4466 1997 4536 tegite,
2025 4479 2120 4518 vos
2162 4460 2577 4536 Patrisoperite
2601 4460 3256 4536 corpusculum,_et_illud
3302 4460 3521 4536 quoque
3547 4475 3661 4536 “se—

394 4534 664 4603 nis_vestri
696 4534 968 4589 custodite
999 4525 1314 4588 mandatum
1341 4553 1355 4589 :
1384 4525 1636 4588 ut'nemo
1676 4525 2144 4603 praeter-“vestram
2176 4525 2523 4603 dilectionem
2559 4525 2738 4588 locum
2782 4525 3114 4603 tumuli'fnei
3149 4525 3379 4587 noverit.
3413 4525 3660 4603 ϐοειίίᾱο

391 4602 447 4656 in
481 4600 732 4669 Domino,
766 4607 896 4673 quia
935 4607 1249 4658 necessario
1270 4599 1692 4659 resurrectionis
1726 4614 1968 4672 tempore
2016 4603 2120 4657 hoc
2172 4601 2559 4673 corpusculum
2604 4601 2989 4673 resurget(18)
3029 4603 3429 4673 incorruptum.
3462 4599 3661 4673 Vasti--

393 4682 703 4726 mentorum
730 4670 910 4727 autem
941 4686 1186 4728 meorum
1217 4675 1290 4729 sit
1317 4675 1421 4729 ista
1447 4673 1676 4728 divisio:
1714 4670 1962 4728 melotem
1998 4680 2050 4726 et
2080 4670 2303 4741 pallium
2332 4672 2540 4733 tritum,
2569 4673 2658 4726 cui
2690 4670 3025 4740 superjacro,
3058 4670 3359 4725 Athanasio
3387 4672 3662 4741 episcopo
3734 4722 3737 4723 ν

391 4743 536 4813 date,
562 4745 707 4812 quod
740 4743 874 4797 mihi
907 4758 1108 4797 novum
1140 4745 1256 4812 ipse
1291 4743 1558 4799 detulerat
1587 4761 1604 4796 :
1634 4742 1899 4813 Serapion
1941 4743 2233 4811 episcopus
2274 4742 2436 4795 aliam
2472 4744 2704 4812 accipiat
2754 4742 3003 4796 melotem
3034 4759 3050 4813 ς
3085 4755 3183 4795 vos
3226 4742 3500 4794 cilicinnm
3554 4742 3659 4813 ha-

394 4811 570 4935 behote
586 4811 1003 4883 vestimentum,
1030 4821 1086 4868 et
1107 4811 1303 4882 valete,
1333 4814 1543 4871 viscera
1574 4829 1692 4868 mea
1725 4831 1738 4868 :
1772 4811 2044 4869 Antonius
2063 4816 2212 4866 enim
2243 4814 2468 4883 migrat,
2504 4820 2560 4868 et
2596 4811 2713 4882 jam
2758 4828 2867 4867 non
2898 4812 3002 4866 erit
3031 4811 3085 4865 in
3136 4813 3390 4880 praesenti
3444 4812 3661 4867 saeculo

394 4895 456 4935 νο
498 4897 689 4935 tscum.

390 4895 689 4938 VODISCllm.

459 4951 551 5007 9‘2.
588 4950 762 5006 Verba
789 4952 1024 5020 (inierat,
1052 4963 1104 5008 et
1128 4953 1503 5010 oseulantibus
1541 4969 1600 5008 se
1655 4952 1962 5022 discipulis,
2015 4952 2317 5008 extendens
2349 4952 2629 5022 paululum
2687 4951 2874 5022 pedes,
2914 4961 3143 5022 mortem
3191 4950 3346 5005 laetus
3377 4950 3603 5019 aspexit
3641 4969 3657 5005 :

391 5023 463 5075 ita
503 5030 563 5076 ut
592 5038 658 5096 ex
684 5023 956 5078 hilaritate
986 5025 1167 5096 vultus
1187 5024 1327 5096 ejus.
1357 5025 1674 5096 angelorum
1713 5020 2050 5096 sanctorum,
2083 5025 2177 5096 qui
2225 5023 2294 5079 ad
2344 5020 2717 5096 perferendam
2737 5091 2748 5096 _
2770 5021 3008 5096 animam
3054 5021 3175 5096 ejus
3204 5021 3609 5096 descenderant
3640 5061 3660 5082 ,

387 5093 695 5161 praesentia
717 5105 1056 5148 nosceretur.
1089 5088 1473 5161 Hos'intuens',
1512 5102 1773 5162 tanquam
1805 5092 2015 5148 amicos
2059 5088 2287 5155 videret,
2330 5088 2568 5147 animam
2593 5091 2974 5162 exhalavit.et
3008 5088 3224 5144 additus
3276 5099 3361 5145 est
3385 5088 3659 5162 Patribus

385 5159 691 5235 secundum
721 5162 970 5235 ordinem
995 5163 1426 5235 Scripturarum.
1460 5159 1850 5235 ‘Servaverunt
1903 5163 2162 5235 mandata
2208 5162 2502 5232 discipuli,
2554 5162 2855 5235 involutum
2887 5159 2989 5235 (__ut
3033 5160 3403 5235 praeceperat)
3442 5175 3661 5235 cet-pus

386 5231 559 5286 humo
584 5234 889 5301 aperientes
917 5250 932 5287 :
968 5244 1024 5288 et
1055 5228 1217 5288 nemo
1240 5234 1457 5289 interim
1491 5247 1665 5302 usque
1691 5233 1757 5286 ad
1806 5234 1945 5286 hanc
1988 5232 2153 5297 diem,
2186 5228 2379 5301 prater
2412 5248 2527 5293 eos.
2562 5232 2652 5285 ubi
2686 5233 2756 5302 sit
2783 5228 3062 5286 conditum
3098 5228 3230 5298 (i9),
3269 5231 3439 5284 novit.
3474 5228 3659 5302 Lega-

383 5303 564 5357 tarius
591 5298 782 5356 autem
814 5302 1036 5358 Antonii
1067 5303 1505 5375 benedicti,‘qui
1550 5298 1735 5360 tritum
1764 5302 1989 5372 pallium
2023 5318 2148 5359 cum
2186 5298 2392 5357 'tnelote
2435 5303 2664 5372 imperio
2705 5301 2824 5371 ejus
2870 5310 3142 5354 meruerat
3182 5302 3451 5368 accipere,
3479 5298 3657 5355 Anto-

2064 5513 2245 5569 λαὸὼν
2273 5513 2331 5567 δὲ
2357 5512 2610 5576 ἕκαστος.

2137 5583 2247 5655 (18)
2280 5583 2484 5655 Omnes
2515 5581 2894 5655 manuscripti,
2934 5580 3154 5655 resiliat.

2136 5651 2183 5726 (l
2195 5651 2250 5724 9)
2279 5654 2635 5722 Manuscripti
2663 5653 2906 5724 quidam,
2937 5651 3198 5705 conditus.

458 5508 573 5581 (16)
600 5512 678 5564 Ita
705 5526 838 5581 mss.
865 5527 1004 5581 pene
1022 5528 1237 5568 omnes.
1266 5512 1323 5567 In
1361 5514 1523 5570 editis
1564 5514 1624 5568 δέ
1661 5515 1832 5571 deest.
1864 5515 1957 5570 ln-

380 5574 593 5655 lt-a'ag,
614 5574 896 5655 i‘tptSXtvoJ,
931 5583 1022 5655 alii
1057 5582 1280 5655 τρύχιον
1314 5582 1536 5655 habent.

462 5648 574 5714 (17)
611 5648 703 5704 Sic
729 5648 1106 5722 tnanuscripti
1145 5648 1358 5711 omnes.
1404 5652 1568 5723 Editi,
1604 5655 1694 5710 δύο
1739 5653 1954 5721 ἱκετῶν,
