3992 6230
428 385 492 438 97
501 384 533 436 Si

992 383 1049 436 S.
1089 378 1456 435 ATHANASII
1496 381 1645 437 OPP.
1690 381 1868 436 PARS
1902 380 1942 435 1.
1985 410 2053 420 —-
2092 379 2464 435 HISTORICA
2505 379 2593 433 ET
2632 380 3056 436 DOGMATICA.

3551 382 3646 437 976

427 515 649 556 suasum
679 500 914 553 habeant
940 499 1223 553 Dominum
1271 511 1324 555 et
1372 499 1709 554 Salvatorem
1743 506 1980 552 nostrum

2095 494 2206 565 βίος
2248 491 2406 559 εἶναι,
2445 497 2536 549 καὶ
2579 495 2893 559 πεισθῶσιν,
2930 499 3009 550 ὅτι
3034 499 3062 549 ὁ
3095 496 3298 568 Κύριος
3339 497 3430 548 καὶ
3472 497 3652 570 Σωτὴρ

426 591 612 646 Jesum
659 589 958 654 Christum,
1013 608 1106 646 eos
1152 593 1246 663 qui
1293 593 1394 646 sibi
1427 591 1654 660 gloriam
1709 587 1993 644 tribuerint

427 679 601 752 gloria
633 680 962 735 donaturum
988 698 1002 734 :
1032 695 1234 750 eosque
1265 681 1356 750 qui
1392 679 1460 735 ad
1497 682 1656 734 linem
1685 693 1858 747 usque
1887 675 1991 746 ipsi

427 771 690 835 serviunt,
727 787 837 825 non
868 771 1041 826 solum
1077 771 1129 823 in
1178 785 1402 840 regnum
1437 769 1698 824 caelorum
1733 767 1994 821 deductu-

428 879 574 929 rum,
599 862 694 918 sed
733 862 820 918 hic
847 878 1061 933 quoque
1089 862 1302 916 tametsi
1334 862 1555 926 lateant,
1608 871 1994 926 secessumque

427 964 739 1024 properent,
791 955 988 1019 claros,
1039 954 1406 1023 celebresque,
1449 967 1572 1006 cum
1623 949 1838 1004 virtutis
1870 961 1994 1018 pro—

425 1048 576 1116 priae,
609 1057 722 1102 tum
755 1048 943 1102 aliena:
979 1046 1228 1100 utilitatis
1261 1045 1435 1115 gratia
1461 1045 1799 1099 eﬂecturum.
1837 1038 1992 1107 Quod

424 1138 470 1192 si
500 1155 568 1194 ex
598 1154 700 1193 usu
731 1139 784 1192 id
814 1154 937 1192 esse
969 1137 1160 1206 pOSsil,
1213 1137 1345 1206 ipsis
1377 1137 1610 1190 ethnicis
1643 1136 1858 1204 legitotc
1887 1153 1898 1186 :
1935 1142 1994 1186 ut

425 1231 528 1286 hoc
548 1232 736 1287 saltem
763 1231 923 1286 modo
951 1238 1179 1285 noscant
1207 1229 1499 1283 Dominum
1525 1238 1771 1284 nostrum
1805 1226 1992 1281 Jesum

421 1323 721 1387 Christum,
753 1338 862 1376 non
914 1323 1076 1376 modo
1110 1321 1278 1376 Deum
1331 1321 1536 1392 Deique
1583 1321 1780 1375 Filium
1828 1336 1990 1389 esse;

422 1414 533 1468 imo
567 1414 910 1470 Christianos
943 1414 1038 1484 qui
1068 1414 1247 1484 ipsum
1271 1413 1480 1479 colunt,
1513 1413 1708 1482 pieque
1740 1412 1793 1466 in
1837 1412 1992 1467 illum

421 1504 666 1572 credunt,
726 1507 1023 1571 daemones,
1053 1521 1191 1575 quos
1232 1504 1404 1561 Graeci
1449 1513 1641 1573 putant
1669 1518 1793 1560 esse
1837 1503 1990 1569 deos,

421 1613 532 1651 non
584 1607 794 1653 tantum
847 1597 978 1654 deos
1008 1613 1116 1653 non
1149 1613 1272 1654 esse
1323 1613 1617 1670 coarguere
1640 1637 1656 1664 ,
1691 1597 1785 1652 sed
1827 1598 1991 1653 etiam

420 1689 631 1744 calcare
655 1699 816 1760 atque
840 1691 1056 1761 pellere,
1075 1690 1229 1760 quasi
1257 1691 1573 1759 deceptores
1602 1689 1992 1760 hominumque

418 1791 786 1851 corruptores,
838 1784 893 1838 in
946 1781 1167 1836 Christo
1210 1781 1341 1836 Iesu
1389 1781 1620 1836 Domino
1665 1790 1872 1847 nostro,
1901 1780 1989 1834 cui

418 1857 590 1944 gloria
623 1875 677 1928 in
699 1874 895 1930 saecula
928 1874 1274 1929 saeculorum.
1305 1876 1497 1927 Amen.

2093 586 2248 656 ἡμῶν
2289 586 2494 656 Ἰησοῦς
2524 587 2754 657 Χριστὸς
2790 589 2914 651 τοὺς
2947 588 3262 652 δοξάζοντας
3317 588 3476 642 αὑτὸν
3513 588 3654 654 δοξά-

2094 674 2197 742 ζει,
2221 676 2314 730 καὶ
2341 676 2465 740 τοὺς
2483 677 2828 741 δουλεύοντας
2862 678 3009 748 αὐτῷ
3041 678 3201 750 μέχρι
3245 679 3430 742 τέλους
3458 679 3517 731 οὐ
3566 681 3654 750 μό.

2091 784 2179 822 νον
2211 769 2290 831 εἰς
2318 768 2416 839 τὴν
2446 768 2723 839 βασιλείαν
2768 769 2889 838 ἄγει
2936 769 3044 825 τῶν
3088 770 3330 841 οὐρανῶν
3354 811 3368 834 ,
3401 771 3535 824 ἀλλὰ
3567 774 3655 826 καὶ

2093 859 2321 915 ἐνταῦθα
2350 862 2772 932 κρυπτομένους,
2804 863 2896 915 καὶ
2918 861 3310 926 σπουδάζοντας
3338 863 3650 934 ἀναχωρεῖν,

2093 954 2358 1024 φανεροὺς
2388 952 2479 1006 καὶ
2511 953 2825 1024 διαϐοήτους
2877 955 2964 1008 διά
2996 973 3055 1008 τε
3101 955 3198 1025 τὴν
3242 954 3440 1026 ἀρετὴν
3485 956 3654 1009 αὐτῶν

2094 1044 2187 1097 καὶ
2215 1043 2312 1115 τὴν
2352 1043 2460 1097 τῶν
2498 1044 2670 1098 ἄλλων
2719 1044 2985 1112 ὠφέλειαν
3036 1045 3310 1114 πανταχοῦ
3345 1048 3508 1100 ποιεῖ.
3539 1046 3655 1099 Ἐὰν

2092 1135 2150 1188 δὲ
2182 1138 2338 1207 χρεία
2381 1137 2602 1208 γένηται
2626 1176 2642 1201 ,
2692 1137 2787 1190 καὶ
2815 1139 2925 1200 τοῖς
2965 1137 3196 1199 ἐθνικοῑς
3223 1137 3500 1205 ἀνάγνωτε
3521 1155 3535 1168 ·
3575 1139 3656 1191 ἵνα

2093 1226 2196 1282 κᾶν
2239 1229 2412 1293 οὕτως
2464 1230 2781 1300 ἐπιγνῶσιν,
2821 1231 2902 1283 ὅτι
2950 1231 2978 1283 ό
3027 1229 3230 1302 Κύριος
3260 1230 3416 1300 ἡμῶν
3457 1230 3656 1302 Ἰησοῦς

2093 1320 2324 1391 Χριστὸς
2355 1322 2413 1374 οὐ
2449 1321 2605 1392 μόνον
2637 1323 2754 1374 ἐστὶ
2783 1321 2916 1384 Θεὸς
2950 1323 3043 1374 καὶ
3069 1321 3161 1375 τοῦ
3190 1320 3324 1374 Θεοῦ
3351 1321 3511 1385 Υἱός·
3547 1322 3655 1375 ἀλλ’

2092 1412 2173 1466 ὅτι
2201 1415 2293 1466 καὶ
2318 1415 2367 1466 οἱ
2398 1413 2572 1486 τούτῳ
2596 1413 2835 1484 γνησίως
2864 1413 3236 1477 λατρεύοντες,
3270 1414 3362 1467 καὶ
3391 1413 3657 1467 πιστεύον-

2091 1521 2184 1570 τες
2217 1507 2296 1570 εἰς
2328 1507 2490 1561 αὐτὸν
2530 1505 2789 1571 εὐσεϐῶς,
2833 1506 2959 1570 τοὺς
2994 1505 3273 1576 δαίμονας,
3307 1504 3398 1569 οὓς
3427 1505 3580 1558 αὐτοὶ
3611 1505 3657 1558 oi

2094 1598 2353 1671 Ἕλληνες
2377 1599 2690 1672 νομίζουσιν
2719 1595 2854 1653 εἶναι
2896 1599 3072 1664 θεοὺς,
3095 1599 3314 1663 τούτους
3338 1601 3386 1653 οἱ
3410 1601 3659 1670 Χριστια-

2091 1693 2173 1746 νοὶ
2204 1692 2533 1762 ἐλέγχουσιν,
2587 1692 2648 1745 οὑ
2702 1692 2861 1762 μόνον
2906 1691 2980 1762 μὴ
3017 1687 3154 1745 εἶναι
3196 1691 3371 1755 θεοὺς,
3405 1691 3538 1744 ἀλλὰ
3571 1693 3660 1744 καὶ

2093 1783 2323 1838 πατοῦσι
2347 1783 2442 1837 καὶ
2470 1781 2774 1845 διώκουσιν,
2805 1779 2880 1844 ὡς
2908 1781 3143 1845 πλάνους
3167 1781 3262 1835 καὶ
3290 1782 3525 1852 φθορέας
3555 1781 3658 1834 τῶν

2023 1846 2064 1905 Β
2102 1874 2405 1947 ἀνθρώπων
2449 1873 2837 1947 τυγχάνοντας,
2871 1873 2929 1924 ἐν
2958 1873 3178 1944 Χριστῷ
3227 1846 3409 1946 Ἰησοῦ.
3437 1873 3514 1945 τῷ
3546 1875 3658 1928 Κυ-

420 1967 521 2037 ρίῳ
545 1966 723 2038 ἡμῶν,
754 1959 798 2033 ᾧ
831 1967 864 2036 ἡ
895 1965 1018 2031 δόξα
1064 1967 1141 2028 εἰς
1177 1965 1303 2028 τοὺς
1351 1964 1552 2028 αἰῶνας
1583 1965 1691 2020 τῶν
1740 1965 1967 2021 αἰώνων.
2017 1967 2212 2039 Ἀμήν.

1749 2166 2006 2224 VERSIU
2044 2166 2346 2224 EVAGRll.

416 2320 719 2398 stianorum
746 2325 1242 2398 etmonachorum,
1273 2327 1470 2392 sciant,
1495 2323 1641 2390 quod
1659 2321 1929 2398 _Salvator
1960 2332 2148 2398 noster
2191 2319 2355 2398 J_e_sus_
2379 2322 2632 2398 Christus
2658 2325 3023 2398 gloriﬁcantes
3056 2342 3114 2382 se
3142 2328 3430 2398 gloriﬁcat,
3457 2337 3512 2383 et
3538 2345 3647 2384 ser-

415 2391 688 2467 }‘ientibys
719 2393 958 2467 sibimet,
993 2411 1099 2450 non
1134 2404 1343 2467 tantum
1379 2411 1541 2467 regna
1572 2393 1978 2467 cmlorum,‘sed
2003 2394 2182 2467 _etiam
2215 2393 2302 2467 hic
2345 2396 2410 2467 in_
2454 2395 2608 2467 ipsis?
2631 2391 2898 2451 montium
2934 2391 3171 2453 secretis
3193 2400 3360 2453 latere
3392 2391 3661 2467 cupienti-

414 2461 519 2516 bus
545 2501 560 2526 ,
614 2462 772 2539 famae
798 2464 988 2539 tribuit
1017 2466 1348 2520 nobilitatem
1382 2485 1416 2539 :A
1440 2461 1646 2539 scilicet
1678 2472 1742 2539 _ut
1779 2473 1833 2518 et
1863 2463 2254 2539 ipsilruantur
2287 2464 2448 2520 laude
2477 2461 2820 2539 meritorum,
2847 2477 2900 2521 et
2925 2469 3105 2539 caeteri
3128 2484 3316 2539 eorum
3350 2461 3657 2539 provocen-

413 2540 506 2606 ειη⁸
535 2534 815 2606 exemplis.
845 2532 903 2588 Si
932 2545 1112 2589 autem
1150 2537 1520 2592 necessarium
1546 2534 1738 2606 fuerit,
1769 2544 1822 2590 et
1853 2532 2108 2606 gentibus
2137 2534 2318 2603 legite,
2347 2545 2408 2589 ut
2435 2537 2517 2590 vel
2543 2537 2623 2591 sic
2653 2548 2952 2606 agnoscant
2994 2538 3124 2603 quia
3170 2532 3432 2595 Domitius
3472 2551 3658 2594 noster

408 2601 848 2660 Jesus.Christus
893 2621 1002 2660 non
1027 2607 1204 2660 solum
1235 2617 1318 2662 est
1350 2607 1512 2672 Deus,
1540 2605 1632 2660 Dei
1675 2601 1877 2667 Filius,
1902 2605 1996 2659 sed
2043 2601 2214 2659 etiani
2250 2606 2338 2660 his
2379 2605 2474 2674 qui
2499 2621 2623 2660 eum
2651 2601 2879 2662 sollicite
2913 2601 3119 2674 colunt,
3156 2619 3210 2665 et
3235 2611 3288 2663 in
3322 2625 3446 2664 eum
3479 2609 3658 2663 ﬁdeli-

405 2674 780 2749 seccredunt,
821 2677 963 2730 hanc
995 2677 1166 2749 dedit“
1190 2687 1512 2746 potestatem
1537 2717 1550 2743 ,
1587 2686 1645 2730 ut
1680 2677 1955 2749 daemones
1979 2716 1994 2740 ,
2043 2690 2183 2749 quos
2236 2675 2315 2749 illi
2358 2676 2490 2749 deos
2529 2678 3060 2749 esserrarbitrantur,
3115 2681 3444 2736 conculcent
3495 2689 3660 2749 atque

413 2744 688 2814 dejiciant,
724 2747 1042 2816 deceptores
1075 2744 1282 2804 scilicet
1313 2749 1615 2812 hominum,
1641 2756 1694 2801 et
1731 2747 1898 2801 totius
1938 2745 2318 2815 corruptionis
2339 2747 2578 2803 artiﬁces
2609 2747 2749 2818 (‘25).

1287 3059 1699 3124 EPILOGUS
1749 3059 2108 3124 EVAGRII
2149 3058 2760 3124 INTERPRETIS.

477 3231 639 3304 693
670 3230 854 3299 Itaque
879 3229 1198 3300 prudentes,
1227 3227 1323 3298 qui
1371 3227 1549 3299 legere
1579 3226 1850 3281 voluerint
1893 3226 2037 3280 hanc
2078 3226 2428 3295 scripturam,
2461 3224 2832 3292 obsecramus,
2877 3232 2938 3280 ut
2973 3224 3100 3281 dent
3142 3227 3378 3296 veniam,
3405 3229 3452 3285 si
3484 3229 3658 3285 Graeci

409 3326 680 3381 sermonis
727 3325 834 3378 vim
883 3324 1190 3394 exprimere
1236 3339 1347 3378 non
1395 3322 1695 3393 potuimus,
1743 3320 2136 3377 transferentes
2176 3335 2302 3376 eum
2344 3321 2401 3375 iu
2441 3319 2690 3376 Latinam
2734 3322 2996 3392 linguam,
3032 3322 3156 3379 licet
3187 3332 3378 3380 contra
3409 3337 3659 3381 nostrum

409 3422 746 3494 propositum
779 3421 894 3476 haec
917 3417 1227 3474 fecerimus.
1258 3417 1364 3474 Sed
1391 3433 1500 3472 non
1537 3417 1694 3489 quasi
1727 3417 2033 3472 invidentes
2060 3415 2380 3472 nolebamus
2422 3414 2622 3484 facere,
2662 3415 2757 3471 sed
2785 3413 3109 3472 sufﬁcienter
3135 3418 3369 3474 scientes
3400 3430 3659 3489 quantam

408 3513 780 3568 inlirmitatem
819 3513 1052 3569 sustinet
1083 3510 1303 3567 Grrecus
1333 3526 1512 3568 sermo
1551 3510 1847 3566 translatus
1878 3511 1936 3565 in
1962 3508 2330 3573 Latinitatem,
2372 3517 2555 3564 tamen
2589 3509 2884 3564 maluimus
2917 3508 3162 3565 Graecum
3207 3527 3512 3567 sermonem
3559 3514 3662 3567 hoc

409 3606 698 3670 sustinere,
737 3619 901 3675 quam
947 3602 1192 3658 fraudem
1241 3604 1352 3673 pati
1396 3618 1491 3659 eos
1527 3603 1665 3658 lucri
1707 3601 1908 3666 deitici,
1943 3601 2038 3672 qui
2072 3601 2566 3672 quomodocunque
2605 3601 3019 3671 interpretatum
3066 3601 3313 3658 Graecum
3347 3620 3660 3660 sermonem

406 3701 586 3770 legere
609 3699 842 3769 possint.
881 3697 1024 3754 Deus
1055 3708 1235 3753 autem
1265 3699 1627 3768 omnipotens,
1653 3697 1750 3769 qui
1779 3704 1931 3751 tanto
1962 3695 2080 3751 viro
2125 3703 2448 3765 cooperatus
2482 3705 2564 3750 est
2597 3694 2666 3749 ad
2702 3693 2951 3750 facienda
2994 3695 3142 3761 talia,
3174 3705 3230 3751 et
3268 3695 3425 3754 nobis
3463 3712 3664 3768 coope-

406 3805 556 3851 retur
584 3796 652 3851 ad
683 3794 1005 3850 imitandum
1036 3795 1214 3864 ipsum
1245 3794 1330 3848 vel
1361 3809 1426 3848 ex
1463 3803 1636 3862 parte,
1672 3802 1731 3848 ut
1767 3792 1823 3846 in
1859 3791 2116 3846 omnibus
2152 3789 2481 3846 clarificetur
2506 3804 2699 3844 nomen
2725 3789 2845 3860 ejus
2876 3804 2970 3858 per
3000 3792 3338 3860 magistrum,
3377 3799 3432 3848 et
3466 3794 3660 3848 hei-ta-

407 3899 600 3956 torem,
626 3895 680 3943 et
713 3887 1149 3957 Redemptorcm,
1176 3895 1230 3941 et
1266 3884 1601 3940 Salvatorem
1630 3892 1882 3940 nostrum
1920 3881 2110 3938 Jesum
2145 3881 2435 3936 Dominum
2467 3896 2591 3936 cum
2634 3879 2839 3952 Spiritu
2870 3893 3078 3947 sancto,
3112 3883 3199 3938 cui
3234 3892 3319 3938 est
3349 3884 3575 3940 claritas
3609 3893 3663 3940 et

405 3995 662 4057 perpetua
697 3994 934 4055 potestas
959 3986 1015 4039 in
1051 3984 1248 4041 saecula
1279 3985 1624 4040 saeculorum.

486 4193 728 4256 Placuit
765 4193 1159 4274 subjungere
1190 4192 1322 4255 duo
1359 4193 1634 4256 Socratis
1668 4192 1806 4255 loca
1847 4193 2044 4335 (£1353
2165 4215 2254 4271 ιν,
2301 4216 2356 4260 c.
2391 4199 2470 4258 23
2502 4203 2564 4259 et
2593 4195 2722 4276 25),
2754 4215 2899 4278 qua;
2930 4199 2997 4260 in
3035 4199 3339 4262 omnibus
3382 4199 3581 4262 editis

1911 4291 1945 4335 a
2035 4292 2071 4334 n
2109 4291 2206 4335 ur.

1911 4291 2206 4336 aDBIlllll'.

476 4399 554 4454 Ad
579 4397 787 4470 justum
819 4397 1116 4453 Antonium
1149 4399 1370 4468 quidam
1399 4398 1521 4469 ejus
1558 4400 1818 4471 temporis
1850 4402 1973 4472 phi-

2147 4401 2237 4471 Τῷ
2261 4401 2453 4472 δικαίῳ
2482 4402 2748 4472 Ἀντωνίῳ
2776 4401 3046 4474 προσῆλθε
3068 4418 3151 4465 τις
3179 4402 3287 4456 τῶν
3314 4402 3512 4471 σοφῶν,
3541 4404 3660 4464 καὶ,

403 4487 663 4562 Iosephus
691 4489 952 4545 accedens
981 4507 996 4544 :
1026 4489 1330 4557 Quomodo,
1362 4491 1560 4561 inquit,
1597 4493 1776 4560 Pater,
1809 4494 1974 4549 vitam

402 4599 564 4652 agere
601 4581 776 4652 potes,
813 4581 1076 4636 librorum
1124 4582 1317 4638 solatio
1351 4583 1684 4640 destitutus?
1729 4585 1901 4653 Meus,
1940 4601 1975 4641 0

401 4671 742 4741 philosophe,
782 4670 940 4737 liber,
992 4671 1167 4740 inquit
1195 4671 1500 4738 Antonius,
1544 4683 1627 4729 est
1661 4685 1856 4729 natura
1885 4691 1975 4731 re-

401 4779 523 4817 rum
557 4781 572 4817 :
604 4763 848 4833 mihique
881 4763 1007 4818 licet
1038 4762 1252 4833 quoties
1278 4764 1524 4830 voluero,
1568 4780 1848 4823 sermones
1878 4767 1974 4823 Dei

399 4853 600 4923 legere.

470 4943 625 5000 Hunc
668 4943 956 5016 Didymum
1003 4944 1201 5000 dicitur
1230 4945 1500 5001 Antonius
1541 4946 1654 5018 jam
1697 4949 1827 5003 olim
1855 4947 1967 5003 Va-

397 5036 558 5091 lentis
591 5045 832 5106 tempore
862 5037 1150 5104 allocutus,
1185 5051 1311 5092 cum
1340 5037 1670 5094 Arianorum
1697 5055 1865 5096 causa
1898 5057 1965 5095 ex

394 5144 580 5183 eremo
607 5114 985 5184 Alexandriam
1009 5129 1289 5184 descendit
1314 5146 1327 5180 :
1353 5139 1516 5200 atque
1542 5130 1642 5184 viri
1671 5120 1978 5200 prudentiae

396 5231 598 5284 gnarus
637 5217 841 5273 dixisse
871 5218 946 5272 illi
976 5237 989 5272 :
1022 5217 1187 5283 Nihil,
1219 5234 1253 5274 ο
1295 5219 1540 5290 Didyme,
1565 5223 1854 5276 conturbet
1877 5217 1968 5292 jaJ

394 5319 546 5361 ctura
594 5308 957 5377 corporalium
995 5310 1278 5364 oculorum
1319 5329 1332 5364 :
1367 5310 1635 5379 ejusmodi
1677 5294 1823 5365 enim
1874 5313 1967 5368 de-

394 5399 620 5454 stitutus
667 5415 728 5455 es
760 5402 954 5456 oculis.
987 5402 1186 5471 quibus
1217 5416 1421 5456 muscae
1463 5387 1518 5458 et
1547 5403 1750 5457 culices
1785 5404 1966 5459 videre

467 5585 580 5654 (25)
613 5587 854 5641 Desmar.
893 5590 1084 5651 codex,
1127 5585 1230 5640 700
1270 5588 1485 5655 circiter
1517 5602 1808 5655 annorum,
1841 5587 1955 5644 hac

395 5657 590 5725 habet:
625 5655 799 5725 Igitur
843 5663 1024 5724 beatus
1062 5658 1322 5710 Antonius
1355 5667 1498 5710 sexto
1525 5659 1723 5718 decimo
1752 5654 1955 5711 Kalen-

394 5729 488 5811 d‘as
525 5723 569 5775 F
572 5723 815 5808 cbr'uarii.
831 5729 1042 5811 recessit
1071 5746 1101 5780 ιι
1138 5728 1350 5811 statutio,
1378 5739 1424 5781 et
1451 5729 1579 5811 viset
1613 5743 1818 5811 semper“
1833 5743 1952 5780 cum

395 5794 503 5847 Deo
529 5807 774 5863 regnante
799 5798 851 5848 in
883 5797 1078 5850 swcula
1110 5797 1448 5854 sa’culorum.
1491 5799 1674 5850 Amen.
1703 5794 1961 5867 Epilogus

2078 4491 2204 4555 Πῶς
2229 4492 2603 4563 διακαρτερεῖς
2622 4532 2637 4556 ,
2671 4489 2853 4560 εἶπεν,
2880 4486 2924 4545 ὦ
2955 4491 3128 4564 πάτερ
3147 4535 3161 4558 ,
3194 4493 3294 4563 τῆς
3334 4495 3397 4546 ἐκ
3428 4492 3540 4545 τῶν
3578 4493 3659 4562 βι-

2077 4582 2240 4635 ϐλίων
2289 4580 2638 4652 παραμυθίας
2687 4581 3084 4653 ἐστερημένος;
3133 4582 3206 4635 Τὸ
3233 4573 3382 4652 ’ἐμὸν
3431 4582 3660 4652 βιϐλίον,

2075 4675 2179 4744 ἔφη
2211 4676 2240 4727 ό
2271 4672 2572 4738 Ἀντώνιος,
2594 4667 2639 4726 ὦ
2666 4673 2942 4744 φιλόσοφε,
2965 4675 2998 4743 ἡ
3033 4673 3189 4742 φύσις
3220 4672 3328 4726 τῶν
3357 4673 3664 4742 γεγονότων

2075 4767 2212 4820 ἐστι·
2251 4766 2343 4820 καὶ
2375 4767 2657 4838 πάρεστιν,
2689 4767 2777 4820 ὅτε
2796 4765 3073 4836 βούλομαι,
3092 4768 3218 4828 τοὺς
3239 4764 3428 4834 λόγους
3461 4766 3662 4832 ἀναγι-

2077 4859 2308 4914 νώσκειν
2335 4859 2462 4922 τοὺς
2486 4858 2580 4912 τοῦ
2614 4857 2769 4911 Θεοῦ.

2144 4949 2254 5021 (24)
2296 4949 2482 5020 Τούτῳ
2525 4948 2740 5017 λέγεται
2780 4949 2874 5002 καὶ
2927 4945 3205 5001 Ἀντώνιον
3246 4946 3345 5018 ήδη
3391 4947 3663 5018 πρότερον

2072 5041 2216 5096 κατὰ
2240 5041 2333 5096 τὸν
2360 5041 2657 5104 Οὐάλεντος
2687 5040 2909 5111 χρόνον,
2939 5040 3027 5092 ὅτε
3059 5039 3149 5092 διὰ
3176 5039 3302 5101 τοὺς
3343 5039 3663 5108 Ἀρειανοὺς

2070 5135 2129 5187 ἐν
2147 5136 2213 5204 τῇ
2248 5131 2618 5204 Ἀλεξανδρείᾳ
2646 5134 2711 5185 ἐκ
2737 5134 2838 5203 τῆς
2863 5133 3067 5204 ἐρήμου
3094 5130 3380 5202 κατῆλθεν,
3411 5133 3663 5204 ἐντυχεῖν

2069 5225 2148 5297 τῷ
2171 5225 2404 5296 Διδύμῳ,
2431 5227 2526 5278 καὶ
2556 5224 2790 5296 μαθόντα
2821 5224 2918 5294 τὴν
2947 5226 3041 5277 τοῦ
3084 5223 3273 5294 ἀνδρὸς
3304 5226 3542 5287 σύνεσιν,
3583 5224 3662 5275 εἱ-

2071 5320 2194 5371 πεῖν
2231 5317 2368 5388 πρὸς
2397 5318 2558 5370 αὐτόν
2577 5334 2590 5347 ·
2619 5317 2799 5386 Μηδὲν
2818 5357 2833 5382 ,
2861 5311 2907 5371 ὦ
2935 5317 3150 5386 Δίδυμε,
3179 5317 3489 5387 ταραττέτω
3523 5332 3589 5368 σε
3625 5318 3660 5386 ἡ

2073 5406 2181 5459 τῶν
2227 5405 2500 5478 αἰσθητῶν
2544 5406 2835 5479 ὀφθαλμῶν
2876 5406 3144 5479 ἀποϐολήο
3185 5408 3411 5460 τοιοῦτοι
3441 5406 3555 5479 γάρ
3599 5422 3659 5458 σε

2060 5592 2278 5661 Evagrii
2307 5596 2534 5651 habetur
2559 5597 2611 5649 in
2643 5597 2760 5648 solo
2789 5594 2972 5648 Germ.
3000 5592 3052 5661 2.

2134 5656 2246 5732 (24)
2283 5664 2407 5720 Haec
2450 5666 2617 5719 refert
2648 5656 3026 5733 llieronymus'
3054 5663 3118 5715 ad
3173 5662 3531 5733 Castrutiurn.
3585 5691 3648 5703 --

2058 5733 2183 5790 Mox
2216 5738 2330 5806 lege
2362 5738 2441 5800 εἰς
2473 5737 2568 5807 τὴν
2605 5731 3028 5806 Ἀλεξάνδρειαν.
3055 5733 3215 5788 Ευιτ.
3243 5731 3479 5788 Ρηιοι..
