3992 6230
438 394 543 448 979

1050 388 1107 446 S.
1150 388 1519 446 ATUANASII
1559 389 1712 447 OPP.
1753 389 1932 446 PARS
1969 389 2008 443 Ι.
2045 417 2112 429 -—
2147 385 2513 443 HISTORICA
2554 385 2640 439 ET
2682 384 3106 442 DOGMATICA.

3574 381 3672 439 980

438 504 679 577 consilio
708 505 991 576 impiorum
1014 505 1099 559 "‘3
1131 504 1286 573 Quod
1319 505 1366 563 si
1400 506 1595 563 beatus
1622 515 1707 563 est
1731 506 1825 577 qui
1858 507 1997 562 timet

2123 503 2259 557 Ἀλλ’
2300 506 2348 558 εἰ
2397 504 2661 577 μακάριός
2694 504 2841 557 ἐστιν
2885 504 2914 557 ό
2954 500 3282 574 φοϐούμενος
3325 499 3415 555 τὸν
3454 497 3671 574 Κύριονο

439 597 755 661 Dominum,
790 613 935 654 nunc
975 608 1122 653 certe
1166 598 1392 654 fidenter
1432 601 1648 654 beatum
1689 598 1843 654 illum
1870 597 2011 653 dici-

439 703 583 754 mus,
610 705 734 744 cum
765 690 972 759 absque
1009 690 1120 746 ulla
1166 690 1503 746 dubitatione
1530 690 1789 755 sciamus,
1820 689 2011 761 appul—

438 797 561 837 sum
605 782 758 836 illum
808 782 967 852 quasi
1012 783 1082 838 ad
1124 792 1376 853 portum,
1419 782 1527 853 jam
1576 783 1725 839 curis
1758 784 2013 839 omnibus

437 888 608 927 vacua
647 872 755 928 frui
793 873 926 928 vita.
966 872 1182 930 Utinam
1231 872 1429 944 cuique
1474 881 1723 929 nostrum
1775 874 2010 944 idipsum

436 963 784 1034 contigisset!
840 964 1049 1020 utinam
1085 964 1336 1035 quisquis
1387 965 1578 1031 currit,
1627 973 1736 1020 tam
1784 963 2013 1021 feliciter

437 1056 693 1112 advenire
726 1057 928 1128 possit!
978 1058 1185 1112 utinam
1231 1057 1482 1128 quisquis
1532 1059 1768 1129 navigat,
1817 1074 2008 1114 navem

438 1149 609 1216 possit
640 1165 797 1204 suam
824 1148 890 1203 ad
920 1150 1270 1221 tranquillum
1301 1153 1549 1208 eumdem
1580 1161 1796 1221 portum
1827 1152 2012 1222 appel-

439 1238 583 1303 lere.
627 1251 685 1296 ut
721 1242 1008 1312 quiescens
1046 1258 1171 1297 cum
1210 1242 1465 1299 Patribus
1509 1244 1694 1299 dicat:
1734 1241 1840 1297 Hic
1860 1242 2010 1297 habi-

439 1331 842 1403 tabo,quoniam
866 1334 997 1406 elegi
1020 1350 1135 1390 eam
1152 1334 1228 1387 '7!
1251 1333 1632 1401 Quamobrem,
1648 1336 1828 1390 dilecti
1857 1344 2011 1405 opta-

436 1421 744 1492 tissimique
781 1423 996 1491 fratres,
1030 1440 1099 1479 ne
1128 1424 1251 1480 ﬂete
1292 1423 1636 1480 Theodorum
1673 1445 1686 1481 :
1714 1441 1822 1480 non
1856 1440 2009 1480 mor-

441 1520 566 1569 tuus
591 1514 789 1585 quippe
829 1524 934 1580 est,
969 1516 1063 1572 sed
1091 1516 1313 1571 dormit.
1340 1513 1417 1573 Ne
1461 1517 1587 1587 quis
1614 1518 1760 1573 illius
1801 1532 2010 1572 memor

438 1602 785 1676 lacrymetur,
833 1606 928 1663 sed
975 1607 1094 1678 ejus
1139 1608 1380 1663 imitetur
1420 1609 1608 1664 vitam.
1654 1607 2006 1681 Nequaquam

438 1694 729 1764 lugendum
777 1695 1053 1751 hominem
1102 1696 1197 1766 qui
1250 1696 1316 1753 ad
1367 1698 1546 1752 locum
1598 1698 1778 1754 luctus
1827 1700 2007 1756 omnis

432 1790 706 1851 expertem
740 1783 1014 1853 profectus
1041 1794 1144 1846 est.
1175 1784 1300 1842 Haec
1336 1787 1494 1842 vobis
1520 1802 1628 1842 una
1654 1787 1867 1858 scripsi,
1907 1790 2003 1845 sed

432 1873 531 1927 tibi
577 1875 943 1943 potissimum,
981 1878 1176 1934 dilecte
1224 1888 1278 1934 et
1322 1879 1658 1950 optatissime
1699 1879 1906 1945 Orsisi,
1942 1891 2003 1938 ut

430 1980 554 2022 cum
583 1967 695 2037 jam
746 1968 835 2023 ille
867 1969 1123 2037 dormiat,
1166 1972 1475 2027 universam
1510 1982 1566 2027 tu
1606 1988 1793 2028 curam
1827 1975 2003 2029 susci-

430 2055 571 2127 pias.
619 2056 873 2130 illiusque
903 2061 1073 2116 vicem
1114 2063 1257 2133 apud
1292 2063 1483 2119 fratres
1512 2064 1784 2135 suppleas.
1814 2063 2001 2120 Enim-

428 2162 558 2203 vero
591 2150 719 2206 dum
752 2164 1060 2221 superesset
1089 2155 1223 2225 ipse,
1251 2157 1414 2211 ambo
1440 2158 1599 2225 quasi
1625 2174 1768 2214 unus
1796 2158 1998 2214 eratis:

427 2239 710 2310 alteroque
740 2244 1118 2313 proticiscente
1152 2246 1354 2317 aliquo,
1385 2248 1674 2303 amborum
1704 2256 1882 2305 tamen
1917 2249 2002 2305 of—

427 2332 612 2387 ficium
643 2333 966 2405 implebatur
991 2352 1006 2388 :
1036 2336 1250 2393 duobus
1282 2338 1412 2392 item
1444 2340 1822 2408 praesentibus,
1846 2340 2004 2411 quasi

430 2432 573 2477 unus
599 2422 859 2487 fuissetis,
891 2424 1103 2482 dilectis
1137 2427 1288 2483 utilia
1331 2427 1719 2498 loquebamini.
1761 2429 1873 2485 Hac
1904 2445 2006 2502 age

428 2513 659 2579 ratione,
704 2524 865 2585 atque
909 2517 983 2572 ita
1033 2527 1085 2572 te
1126 2533 1317 2588 gerens
1342 2519 1600 2584 rescribe,
1633 2521 1899 2593 nobisque
1924 2522 2003 2578 si-

426 2603 644 2674 gnifica,
677 2622 799 2676 quae
841 2616 988 2663 tuam
1038 2608 1378 2682 fratrumque
1428 2621 1676 2683 spectant
1715 2614 2004 2679 incolumi-

426 2701 612 2750 tatem.
643 2694 845 2753 Omnes
890 2706 1072 2754 autem
1120 2715 1228 2756 una
1246 2741 1262 2768 ,
1289 2716 1444 2772 rogo,
1470 2704 1786 2773 precamini,
1813 2714 1875 2761 ut
1903 2722 2000 2778 pa-

426 2796 545 2836 cem
577 2784 752 2855 magis
784 2786 1067 2858 magisque
1115 2786 1379 2846 Dominus
1421 2789 1680 2849 Ecclesiis
1711 2793 1995 2865 largiatur.

425 2873 607 2932 Licuit
627 2878 771 2932 enim
803 2879 965 2933 etiam
992 2894 1165 2949 nuper
1194 2881 1351 2937 nobis
1379 2881 1588 2939 Pascha
1617 2884 2000 2943 Pentecosten-

422 2981 531 3037 que
561 2981 686 3022 cum
734 2968 918 3023 lzetitia
957 2969 1270 3026 celebrare:
1311 2987 1375 3028 ac
1414 2989 1760 3045 summopere
1787 2976 1855 3031 de
1884 2976 1994 3033 Do-

425 3058 559 3113 mini
609 3059 885 3117 beneticiis
930 3061 1248 3131 gaudemus.
1289 3063 1414 3121 Hmc
1464 3065 1785 3136 scripsimus
1817 3069 1991 3125 vobis.

2111 596 2206 651 νῦν
2230 596 2337 669 γὰρ
2372 597 2692 669 μακαρίζειν
2736 595 3172 668 τεθαρῤήκαμεν,
3214 595 3425 667 ἔχοντες
3466 595 3671 669 ἀσφαλῆ

2109 691 2202 742 τὸν
2233 688 2409 758 λόγον,
2453 689 2555 753 ὅτι,
2595 689 2936 760 καταντήσας
2963 688 3149 761 ὥσπερ
3187 689 3266 752 είς
3306 687 3518 759 λιμένα,
3545 689 3675 759 ἀμέ-

2112 797 2301 853 ριμνον
2344 780 2456 852 βίον
2487 780 2615 852 ἔχει.
2657 781 2778 834 Εἴθε
2828 782 2918 835 καὶ
2951 784 3034 850 ἐφ’
3064 781 3293 834 ἑκάστου
3335 780 3490 851 ἡμῶν
3523 781 3673 834 τοῦτο

2111 871 2369 941 ἔφθανενί
2411 872 2522 925 εἴθε
2553 873 2759 944 τρέχων
2798 873 3027 936 ἕκαστος
3053 871 3225 936 οὕτως
3256 874 3668 942 καταντήσειενί

2109 963 2221 1016 εἴθε
2244 963 2419 1016 πλέων
2434 964 2660 1028 ἕκαστος
2680 966 2962 1036 προσορμή
2971 981 3081 1017 σειε
3104 963 3235 1035 (24⁵)
3251 962 3314 1016 τὸ
3330 963 3458 1017 ἴδιον
3476 964 3674 1033 σκάφος

2112 1052 2248 1124 πρὸς
2285 1052 2376 1106 τὸν
2405 1053 2732 1124 ἀχείμαστον
2763 1055 2879 1106 ἐκεῖ
2908 1052 3120 1124 λιμένα,
3156 1053 3242 1106 ἵνα
3274 1051 3412 1121 μετὰ
3441 1050 3549 1104 τῶν
3574 1067 3676 1104 πα-

2109 1143 2284 1214 τέρων
2335 1145 2745 1216 ἀναπαυόμενος
2782 1145 2911 1216 λέγῃ
2937 1161 2950 1174 ⁸
2991 1138 3129 1198 ’Ὧδε
3174 1143 3539 1211 κατοικήσω,
3590 1144 3673 1198 ὅτι

2108 1236 2333 1306 ᾑρέθην
2359 1237 2584 1305 αὐτήν]
2613 1237 2840 1301 Οὐκοῦν,
2883 1237 3156 1309 ἀγαπητοὶ
3184 1237 3276 1290 καὶ
3318 1237 3676 1292 ποθεινότατοι

2108 1327 2358 1396 ἀδελφοὶ,
2405 1327 2480 1398 μὴ
2529 1327 2742 1380 κλαίετε
2788 1326 3078 1399 Θεόδωρον·
3124 1326 3184 1379 ού
3235 1325 3344 1398 γὰρ
3389 1326 3676 1393 ἀπέθανεν,

2108 1416 2245 1477 ἀλλά
2279 1416 2547 1471 καθεύδει.
2586 1418 2676 1488 Μὴ
2704 1416 2983 1489 δακρυέτω
3011 1435 3094 1481 τις
3124 1417 3472 1488 μνημονεύων
3495 1417 3676 1484 αὐτοῦ,

2108 1506 2244 1561 ἀλλά
2291 1507 2534 1579 ξηλούτω
2573 1508 2664 1561 τὸν
2709 1507 2821 1577 βίον
2868 1507 3050 1561 αὑτοῦ.
3099 1510 3174 1562 Οὐ
3206 1508 3300 1577 ιδεῖ
3337 1509 3441 1582 γάρ
3475 1509 3569 1562 ἐπὶ
3602 1511 3678 1582 τῷ

2108 1597 2395 1653 ἀπελθόντι
2440 1600 2520 1662 είς
2560 1598 2653 1652 τὸν
2696 1599 2897 1653 ἄλυπον
2937 1599 3099 1653 τόπον
3142 1600 3447 1655 λυπεῖσθαι.
3494 1601 3680 1655 Ταῦτα

2106 1689 2162 1743 δὲ
2194 1693 2343 1761 κοινῇ
2383 1692 2509 1762 ὑμῖν
2543 1693 2755 1765 γράφω·
2780 1692 3069 1763 ἐξαιρέτως
3105 1691 3160 1745 δὲ
3202 1693 3316 1758 σοὶ,
3357 1690 3402 1745 ὦ
3430 1693 3679 1763 ἀγαπητὲ

2108 1782 2202 1835 καὶ
2236 1783 2580 1838 ποθεινότατε
2619 1782 2853 1855 Ὠρσίσιε
2875 1824 2890 1847 ,
2919 1785 3003 1838 ἴνα
3023 1824 3038 1849 ,
3070 1784 3422 1856 κοιμηθέντος
3448 1784 3677 1848 ἐκείνου,

2107 1876 2170 1929 σὺ
2201 1880 2300 1949 τὴν
2332 1877 2460 1947 ὃλην
2485 1876 2739 1948 φροντίδα
2778 1875 3029 1947 ἀναδέξῃ·
3060 1876 3152 1930 καὶ
3189 1876 3345 1945 γενοῦ
3374 1878 3487 1931 ἀντ’
3514 1877 3677 1931 αὐτοῦ

2102 1969 2220 2030 τοῖς
2250 1965 2515 2034 ἀδελφοῖς.
2546 1965 2654 2019 Καὶ
2677 1965 2786 2037 γὰρ
2815 1966 3091 2037 περιόντος
3116 1965 3346 2032 ἐκείνου,
3379 1967 3679 2038 ἀμφότεροι

2103 2057 2180 2120 ὡς
2227 2052 2307 2121 εἷς
2339 2057 2680 2127 ἐτυγχάνετε·
2736 2057 2829 2109 καὶ
2877 2057 2994 2120 ἐνὸς
3037 2057 3473 2128 ἀποδημοῦντος,
3506 2058 3679 2131 ἐπλη-

2107 2147 2261 2220 ροῦτο
2288 2151 2322 2221 ἠ
2356 2148 2463 2201 τῶν
2490 2147 2581 2200 δύο
2607 2146 2783 2218 χρεία,
2811 2149 2904 2201 καὶ
2929 2147 3036 2202 τῶν
3062 2148 3154 2201 δύο
3180 2148 3460 2220 παρόντων
3490 2148 3569 2213 ὡς
3600 2145 3680 2213 εἷς

2105 2240 2368 2310 ὲγίνεσθε,
2399 2243 2509 2305 τοῖς
2540 2241 2842 2311 ἀγαπητοῖς
2873 2239 2941 2293 τά
2964 2239 3099 2311 πρὸς
3128 2240 3392 2310 ὠφέλειαν
3424 2239 3678 2312 ὁμιλοῦν-

2104 2350 2214 2397 τες.
2232 2330 2415 2395 Οὕτως
2432 2329 2526 2386 οὖν
2542 2332 2769 2403 πρᾶττε,
2803 2330 2945 2384 οὕτω
2962 2331 3315 2402 ποιῶνγράφε
3332 2333 3426 2386 καὶ
3444 2333 3678 2403 σήμαινε

2106 2427 2236 2497 ἡμῖν
2274 2425 2402 2496 περὶ
2443 2425 2545 2494 τῆς
2572 2423 2799 2478 σεαυτοῦ
2845 2423 3066 2493 καὶτῆς
3113 2425 3466 2497 ἀδελφότητος
3496 2442 3678 2498 σωτηο

2107 2517 2248 2589 ρίας.
2269 2517 2377 2571 Καὶ
2404 2515 2624 2588 εὔχεσθε
2643 2517 2821 2586 (ειη),
2842 2517 3163 2587 παρακαλῶ,
3182 2520 3332 2589 κοινῇ
3350 2517 3573 2586 πάντες,
3591 2520 3677 2573 ’ἱνα

2104 2610 2197 2663 ἐπὶ
2226 2607 2384 2662 πλέον
2422 2609 2645 2679 εἰρήνην
2676 2607 2949 2680 βραϐεύσῃ
2975 2610 3095 2671 ταῖς
3132 2608 3478 2679 Ἐκκλησίαις
3508 2610 3539 2661 ὁ
3563 2608 3679 2663 Κύ-

2106 2719 2238 2774 ριος.
2269 2703 2379 2756 Καὶ⁵
2407 2699 2515 2773 γὰρ
2549 2701 2642 2753 καὶ
2668 2700 2763 2753 νῦν
2797 2700 2915 2771 μετ’
2946 2699 3207 2770 εὐθυμίας
3242 2701 3582 2773 ἑορτάσαμεν
3616 2701 3678 2755 τό

2100 2813 2160 2848 τε
2210 2797 2403 2867 Πάσχα
2441 2795 2535 2848 καὶ
2575 2794 2673 2866 τὴν
2722 2793 3131 2865 Πεντηκοστὴν,
3170 2795 3264 2847 καὶ
3311 2794 3678 2867 εύφραίνομεν

2101 2889 2193 2941 ἐπὶ
2223 2891 2341 2951 ταῖς
2368 2887 2461 2941 τοῦ
2490 2886 2695 2957 Κυρίου
2735 2885 3093 2958 εὐεργεσίαις.
3143 2885 3491 2957 Ἐγράψαμεν
3520 2887 3676 2957 ὑμῖν.

2100 2979 2540 3052 Προσαγορεύετε
2563 2979 2769 3041 πάντας
2795 2980 2922 3043 τοὺς
2946 2977 3311 3049 φοϐουμένους
3332 2978 3425 3032 τὸν
3448 2977 3675 3050 Κύριον.

2099 3071 2602 3144 Προσαγορεύουσιν
2635 3072 2778 3142 ὑμᾶς
2808 3073 2858 3124 οί
2892 3073 2990 3124 σὺν
3020 3070 3160 3141 ἐμοί.
3205 3069 3506 3143 Ἐρρὧσθαι
3529 3071 3679 3140 ὑμᾶς

425 3148 668 3221 Salutate
698 3166 889 3208 omnes
914 3154 1008 3223 qui
1038 3155 1230 3211 timent
1267 3156 1574 3214 Dominum.
1598 3158 1727 3227 Vos,
1750 3160 1842 3240 qui
1878 3178 1994 3219 me-

2103 3166 2155 3218 ὲν
2172 3163 2361 3238 Κυρίῳ
2376 3162 2498 3235 εὕχο
2504 3180 2624 3235 μαι,
2641 3164 2914 3235 ἀγαπητοὶ
2927 3164 3021 3217 καὶ
3048 3162 3415 3217 ποθεινότατοι
3429 3162 3675 3232 ἀδελφεοί.

421 3256 548 3300 eum
590 3255 719 3303 sunt
748 3249 1005 3305 salutant.
1040 3248 1229 3305 Valere
1259 3265 1354 3305 vos
1386 3249 1439 3305 in
1483 3249 1714 3307 Domino
1755 3266 1974 3326 exopto,
2007 3257 2187 3314 dilecti
2218 3269 2271 3315 et
2291 3257 2616 3329 optatissimi
2650 3255 2868 3312 fratres.
3096 3258 3105 3267 '

1007 3381 1363 3442 NARRATIO
1401 3386 1767 3445 ATHANASII
1800 3391 1900 3445 AD
1932 3391 2303 3451 AMMONIUM
2341 3390 2727 3448 EPISCOPUM
2765 3390 2854 3447 ΕΤ
2891 3390 3094 3447 ALIOS

1499 3498 1566 3537 DE
1606 3498 1740 3539 FUGA
1780 3499 1877 3540 SUA
1914 3503 2010 3543 SUB
2046 3504 2265 3545 JULIANO
2301 3503 2578 3557 AUGUSTO,

420 3564 685 3638 Escerpta
711 3584 776 3624 ea:
802 3572 1084 3641 appendice
1113 3572 1183 3628 ad
1209 3575 1341 3631 Acta
1367 3574 1690 3633 Sanctorum
1717 3586 1856 3633 (omo
1881 3577 1985 3635 III
2005 3584 2196 3639 mensis
2220 3583 2375 3648 Maii,
2405 3599 2459 3652 ρ.
2488 3581 2549 3636 7i
2577 3600 2590 3636 :
2625 3581 2786 3652 digna
2808 3596 2934 3636 sane
2962 3595 3080 3651 qua:
3101 3579 3186 3633 hic
3209 3586 3506 3649 apponatur
3530 3578 3674 3650 (25).

485 3662 754 3720 Caeterum
786 3667 912 3737 quia
947 3668 1137 3725 beatus
1166 3686 1303 3742 papa
1345 3671 1695 3740 Athanasius,
1728 3691 1835 3742 me,
1869 3690 1991 3732 om-

416 3754 568 3810 nium
617 3757 866 3825 minimo,
908 3760 1142 3831 aliisque
1191 3762 1447 3820 Ecclesiae
1468 3765 1848 3825 Alexandrinae
1878 3770 1993 3826 cle-

416 3845 547 3903 ricis
588 3850 971 3917 praesentibus,
1008 3852 1179 3909 beata:
1208 3856 1487 3911 memoria:
1527 3858 1646 3912 viro
1674 3860 1993 3926 Ammonio,

414 3936 509 4006 qui
553 3935 657 3992 fuit
681 3938 972 4012 episcopus
1006 3940 1322 4010 Elearchize,
1352 3955 1407 4000 et
1431 3943 1685 4001 Hermoni
1718 3948 1993 4005 Bumasti-

414 4040 631 4094 eorum,
686 4029 742 4083 in
789 4029 985 4103 Magna
1033 4031 1274 4089 Ecclesia
1326 4035 1393 4090 de
1446 4034 1733 4094 Theodoro
1786 4041 1991 4111 aliquid

413 4120 723 4188 enarravit,
776 4125 922 4194 quod
970 4133 1119 4180 tuam
1168 4127 1425 4183 existimo
1483 4131 1823 4187 sanctitatem
1874 4145 1990 4189 tum

414 4219 736 4281 praesentem
770 4215 1043 4271 audivisse
1081 4236 1094 4271 :
1131 4232 1310 4288 operae
1355 4221 1583 4290 pretium
1629 4221 1781 4287 duxi,
1810 4233 1891 4291 ut,
1922 4225 1992 4281 ad

414 4303 780 4358 renovandam
815 4313 919 4360 tuae
946 4307 1130 4376 pietati
1157 4324 1344 4364 eorum
1385 4313 1727 4381 memoriam,
1755 4330 1817 4369 ea
1862 4331 1994 4371 con-

2176 3678 2392 3750 Ὲπειδὴ
2430 3677 2490 3731 δὲ
2518 3676 2731 3747 φθάσας
2751 3675 2781 3727 ό
2810 3674 3075 3746 μακάριος
3108 3673 3294 3736 πάπας
3331 3671 3677 3737 Ἀθανάσιος,

2093 3768 2374 3844 παρούσης
2402 3768 2503 3838 τῆς
2537 3768 2676 3840 ἐμῆς
2698 3764 3051 3838 βραχύτητος,
3077 3763 3168 3818 καὶ
3194 3763 3366 3817 ἄλλων
3392 3762 3677 3835 κληρικῶν

2091 3862 2194 3932 τῆς
2231 3857 2620 3930 Ἀλεξανδρέων
2654 3854 2996 3928 Ἐκκλησίας,
3022 3858 3081 3909 ὲν
3106 3857 3171 3926 τῇ
3201 3854 3411 3929 μεγάλῃ
3442 3853 3679 3925 Ἐκκλη-

2094 3953 2213 4027 σία,
2263 3950 2341 4022 τῷ
2387 3949 2640 4021 μακαρίῳ
2680 3950 2746 4019 τῇ
2798 3948 2984 4021 μνήμῃ
3048 3947 3341 4019 Ἀμμωνίῳ
3386 3947 3678 4017 ὲπισκόπφ

2092 4043 2368 4116 γενομένῳ
2398 4043 2496 4113 τῆς
2537 4039 2878 4111 Ἐλαιαρχίας
2904 4040 3018 4111 (26)
3036 4083 3051 4106 ,
3081 4039 3174 4093 καὶ
3194 4040 3441 4111 Ἕρμωνι
3465 4039 3545 4110 τῷ
3572 4039 3676 4109 τῆς

2094 4132 2506 4206 Βουμαστικῶν,
2532 4129 2651 4189 εἶπέ
2693 4148 2747 4184 τι
2778 4131 2907 4204 περλ⁸
2925 4124 3220 4204 Θεοδώρου·
3251 4129 3456 4201 νομίζω
3485 4130 3542 4184 δὲ
3575 4130 3679 4184 καὶ

2093 4227 2194 4297 τὴν
2222 4225 2320 4298 σὴν
2351 4226 2612 4295 άγιότητα
2648 4222 2925 4295 παροῦσαν
2967 4222 3086 4275 τότε
3127 4222 3450 4291 ἀκηκοέναιο
3497 4222 3677 4291 ἀναγ-

2094 4322 2247 4372 καῖον
2297 4318 2436 4389 πρὸς
2479 4317 2783 4387 ὑπόμνησιν
2826 4315 2925 4386 τῆς
2962 4314 3061 4385 σῆς
3105 4313 3386 4377 εὐλαϐείας
3425 4312 3464 4368 ἃ
3512 4309 3678 4367 εἶπεν

413 4390 648 4446 scribam
691 4409 813 4464 qua:
846 4395 1060 4451 locutus
1093 4407 1195 4452 est.
1227 4397 1364 4454 Cum
1409 4402 1691 4457 memorati
1747 4405 1986 4476 episcopi

2103 4411 2305 4483 γράφω.
2332 4409 2455 4463 Τῶν
2493 4405 2965 4479 μνημονευθέντων
3008 4405 3316 4459 ἐπισκόπων
3357 4404 3677 4475 θαυμαζόν-

413 4482 629 4537 beatum
682 4485 1009 4540 mirarentur
1053 4484 1347 4545 Antonium
1387 4491 1544 4563 (nam
1590 4508 1733 4564 serpe
1764 4511 1887 4551 cum
1916 4512 1983 4553 eo

412 4575 606 4646 agebat
629 4578 920 4649 Antonius)
952 4578 1071 4634 illos
1096 4594 1232 4650 papa
1259 4581 1591 4639 Athanasius
1615 4585 1694 4640 sic
1718 4587 1985 4646 allocutus

408 4676 494 4724 est
534 4687 550 4723 :

483 4756 605 4813 Vidi
642 4759 808 4814 etiam
854 4762 1190 4831 temporibus
1214 4764 1383 4827 fhisce
1426 4782 1654 4838 magnos
1682 4770 1776 4826 Dei
1807 4772 1985 4829 homi-

409 4864 530 4913 nes,
567 4849 910 4907 Theodorum
944 4852 1465 4912 Tabennesiotarum
1498 4859 1661 4932 695
1688 4865 1983 4920 monacbo~

408 4956 531 4996 rum
594 4943 934 5013 praefectum,
984 4944 1312 5018 Patremque
1379 4954 1770 5010 monachorum
1835 4959 1981 5013 circa

407 5031 725 5102 Antinoum,
755 5037 844 5091 cui
879 5052 1076 5093 nomen
1122 5039 1290 5096 abbas
1312 5040 1560 5110 Pammo,
1590 5046 1685 5115 qui
1717 5047 1862 5102 haud
1905 5048 1980 5103 ita

407 5125 612 5194 pridem
639 5126 999 5184 obdormiere.
1021 5129 1159 5185 Cum
1192 5135 1337 5187 enim
1374 5151 1461 5191 me
1492 5137 1584 5191 illo
1613 5146 1853 5208 tempore
1881 5139 1980 5195 Ju-

407 5214 586 5270 lianus
634 5228 1074 5288 persequeretur,
1124 5232 1607 5297 exspectaremque
1654 5244 1743 5284 me
1774 5230 1843 5286 ab
1884 5230 1979 5286 illo

407 5304 838 5363 interﬁciendum
868 5308 1006 5378 fore,
1038 5314 1183 5382 quod
1230 5318 1473 5384 germani
1503 5321 1815 5376 nuntiarant
1842 5323 1980 5378 ami-

406 5392 457 5446 ei
485 5413 498 5448 :
522 5398 634 5453 duo
657 5403 946 5458 memorati
972 5404 1336 5476 virifquadam
1366 5409 1454 5466 die
1479 5411 1548 5466 ad
1574 5428 1658 5468 me
1681 5411 1977 5470 Antinoum

491 5534 538 5566 "
565 5533 708 5594 Psal.
739 5555 780 5605 ι,
819 5539 869 5594 Ι.
943 5541 990 5574 ’⁷
1017 5539 1163 5599 Psal.
1189 5558 1373 5609 cxxxr,
1396 5544 1485 5604 Η.

417 5640 427 5654 ’
475 5648 827 5727 orte,
860 5657 1263 5727 προσορμίσειε.
1289 5658 1473 5716 Enn.-

476 5718 1157 5805 tzf:‘)n\r'ulg,,.sbxee'6at.
1187 5738 1247 5783 ut
1277 5745 1504 5805 saepsit
1542 5748 1643 5805 pro
1666 5752 1713 5789 ε.
1742 5736 1897 5794 Ευιτ.

477 5784 589 5855 (25)
619 5784 980 5848 Ριοηιῖιιιὶιιιξὶ
1009 5784 1371 5864 ρυειάηιιυιῑῖ
1396 5784 1520 5858 365.

2088 4520 2196 4557 των
2237 4502 2329 4555 τὸν
2378 4500 2645 4573 μακάριον
2704 4496 2980 4551 Ἀντώνιον
3032 4498 3311 4569 (πολλάκις
3362 4499 3472 4570 γὰρ
3518 4495 3678 4567 αὐτῷ

2103 4591 2385 4656 Ἀντώνιος
2431 4592 2704 4662 συντυχὼν
2732 4586 2845 4663 ἦν),
2874 4593 2903 4644 ὁ
2944 4590 3130 4654 πάπας
3178 4588 3490 4653 ’Δθανάσιος
3528 4590 3677 4660 πρὸς

2087 4685 2284 4749 αὐτοὺς
2313 4684 2437 4755 ἔφη·

2161 4769 2316 4828 Εἶδον
2344 4774 2439 4828 καὶ
2483 4776 2542 4829 ἐν
2570 4777 2682 4839 τοῖς
2711 4776 2926 4847 καιροῖς
2963 4774 3175 4839 τούτοις
3219 4774 3535 4847 ἀνθρώπους
3572 4772 3675 4829 τοῦ

2088 4864 2223 4919 Θεοῦ
2276 4866 2564 4937 μεγάλους,
2600 4866 2873 4938 Θεόδωρον
2919 4867 3011 4921 τὸν
3048 4868 3375 4939 ἡγιασμένον
3419 4867 3527 4939 (27)
3556 4868 3679 4921 τῶν

2088 4955 2463 5029 Ταϐεννησίων
2498 4958 2765 5029 μοναχῶν,
2794 4960 2887 5013 καὶ
2912 4959 3041 5030 περὶ
3069 4959 3168 5031 τὴν
3201 4959 3466 5013 Ἀντινόου
3497 4976 3675 5030 μονα-

2084 5047 2195 5120 χῶν
2245 5049 2482 5121 Πατέρα,
2530 5050 2674 5104 ἀὸδᾶ
2703 5051 2949 5124 Πάμμων
2986 5049 3242 5122 τοῦνομα,
3276 5052 3325 5105 οἳ
3355 5050 3456 5121 πρὸ
3483 5050 3675 5118 ὀλίγου

2086 5141 2459 5213 κεκοίμηνται.
2499 5143 2586 5207 Ὠς
2614 5142 2722 5214 γάρ
2762 5143 2909 5215 ήμην
2936 5143 3315 5215 διωχθεὶςμύπὺ
3351 5142 3674 5209 ἰουλιανοῦ,

2086 5234 2181 5288 καὶ
2210 5233 2522 5308 προσδοκῶν
2552 5235 2901 5307 ἀναιρεθῆναι
2931 5236 3025 5290 ἀπ’
3059 5235 3221 5291 αὑτοῦ
3249 5235 3527 5308 (δεδήλωτο
3556 5235 3678 5307 γάρ

2088 5345 2178 5398 μοι
2206 5326 2366 5382 τοῦτο
2385 5328 2491 5382 ὑπὸ
2518 5329 2757 5401 γνησίων
2783 5328 2951 5399 φίλων
2978 5325 3184 5402 ἦλθον),
3213 5329 3264 5382 oi
3292 5328 3383 5382 δύο
3403 5322 3547 5382 οῦτοι
3585 5328 3676 5392 είς

2083 5420 2184 5495 τὴν
2228 5420 2495 5479 Ἀντινόου
2517 5420 2653 5494 πρὸς
2691 5422 2758 5494 μὲ
2791 5424 2848 5475 ὲν
2880 5423 2980 5493 μιᾷ
3008 5423 3207 5495 ἡμέρᾳ.
3232 5421 3341 5475 Καὶ
3373 5418 3678 5492 βουλευσάὸ

2291 5670 2647 5742 ⁸Ἐλεαρχίας,
2678 5668 2801 5724 vide
2827 5685 2995 5742 supra
3025 5685 3077 5739 p.
3109 5670 3233 5726 619.

2152 5739 2267 5813 (27)
2290 5738 2599 5811 Legendum
2633 5742 2842 5796 videtur-
2865 5738 3183 5811 ἡγούμενον.
