3992 6230
472 273 571 344 981

1140 284 1228 339 DE
1265 283 1783 344 lNCARNATIONE
1820 285 1910 342 ΕΤ
1961 287 2592 348 (ΖΟΝΤΒΑΛΒΙΑΝΟΞ.
2623 323 2697 336 —
2727 292 3085 356 MONITUM.‘

3614 295 3716 352 989

473 415 633 468 μενος
679 401 941 472 κρυϐῆναι
993 406 1139 475 παρὰ
1173 406 1450 479 Θεοδώρῳ,
1479 409 1684 480 ἐπέϐην
1726 408 1803 480 τῷ
1831 411 2039 464 ἐκείνου

2141 427 2422 469 venerunt.
2452 414 2590 470 Tum
2623 432 2744 486 ego,
2775 426 2991 486 sumpto
3017 418 3247 475 consilio
3279 427 3340 475 ut
3369 418 3512 491 apud
3542 417 3716 498 Theo-

471 488 640 560 πλοίῳ
683 491 943 544 πάντοθεν
987 495 1418 567 κεκαλυμμένῳ,
1460 498 1874 569 προπέμποντος
1900 501 2046 570 ἡμᾶς

470 580 564 634 καὶ
609 582 753 636 ἀϐϐᾶ
800 585 1125 654 Πάμμωνος.
1157 589 1264 640 Kal.
1302 587 1396 641 τοῦ
1438 589 1641 659 ἀνέμου
1671 591 2043 662 ἀνεπιτηδείου

468 671 792 742 γενομένου,
832 674 940 743 ἐγὼ
976 677 1072 746 μὲν
1106 678 1352 746 ἀγωνιῶν
1388 683 1452 750 τῇ
1500 681 1697 754 καρδίᾳ.
1737 683 2044 754 προσηυχό-

471 780 578 834 μην
602 780 616 793 °
667 767 715 817 οἱ
759 765 814 819 δὲ
866 769 1003 837 μετά
1043 768 1315 841 Θεοδώρου
1353 769 1693 842 μονάζοντες,
1743 774 2046 840 ἐξελθόντες

469 855 760 926 παρεῖλκον
804 858 864 910 τὸ
909 859 1110 914 πλοῖον.
1139 862 1245 914 Καὶ
1284 863 1426 916 ά66ἄ
1455 864 1705 936 Πάμμων
1729 867 2046 935 ἀγωνιῶντα

471 965 538 1017 με
579 948 1068 1021 παραμυθούμενος
1116 951 1298 1023 ἔλεγεν
1341 953 1471 1024 (28)·
1516 957 1808 1011 Πίστευσον
1841 976 1930 1028 μοι
1961 959 2046 1012 λέ-

466 1058 638 1108 γοντι,
674 1042 772 1112 οὐχ
814 1042 984 1106 οὕτως
1021 1045 1129 1114 ἔχω
1173 1049 1490 1102 πεποιθυῖαν
1542 1049 1640 1120 τὴν
1681 1051 1904 1123 καρδίαν
1942 1069 2043 1122 μου

467 1132 526 1183 ἐν
568 1132 744 1206 καιρῷ
777 1135 1017 1214 εἰρήνης,
1061 1137 1137 1200 ὡς
1167 1138 1225 1191 ὲν
1267 1141 1378 1202 τοῖς
1410 1139 1501 1193 τοῦ
1535 1141 1772 1212 διωγμοῦ
1812 1146 2042 1211 καιροῖς.

467 1223 795 1296 Τεθάῤῥηκα
825 1227 953 1299 γὰρ,
1000 1230 1081 1282 ὅτι
1123 1230 1262 1302 ὑπὲρ
1294 1233 1526 1303 Χριστοῦ
1565 1234 1808 1304 πάσχων,
1843 1237 1938 1289 καὶ
1966 1235 2044 1307 τῷ

467 1313 606 1368 ὲλέει
635 1317 798 1377 αὐτοῦ
824 1317 1245 1392 δυναμούμενος,
1275 1327 1379 1379 κᾶν
1409 1326 1702 1398 ἀναιρεθῶ,
1731 1327 1812 1380 ἔτι
1845 1326 2044 1398 μᾶλλον

464 1407 706 1478 εὑρίσκω
755 1413 883 1482 παρ’
939 1413 1086 1484 αὑτῷ
1143 1415 1310 1480 ἔλεος.
1358 1419 1469 1472 Καὶ
1521 1419 1600 1472 ἔτι
1647 1437 1747 1491 μου
1797 1421 2045 1489 λέγοντος

464 1497 961 1575 ταῦτα,ΙΘεόδωρος
1002 1507 1314 1572 ὲνατενίσας
1344 1509 1487 1582 ἀὸϐᾷ
1509 1511 1780 1582 Πάμμωνι
1809 1511 2043 1582 ἐμειδία-

464 1607 548 1644 σε’
581 1593 674 1650 καὶ
702 1594 886 1665 σχεδὸν
917 1597 1240 1666 γελάσαντος
1272 1602 1416 1656 άϐϐἄ
1446 1605 1772 1674 Πάμμωνος,
1805 1603 1914 1672 ἐγὼ
1945 1605 2042 1675 μὲν

465 1683 602 1752 πρὸς
634 1684 830 1750 αὐτοὺς
858 1685 1012 1758 ἔφην’
1043 1692 1193 1743 Διατί
1223 1692 1541 1760 ὲγελάσατε,
1576 1693 1752 1747 ταῦτά
1794 1711 1891 1765 μου
1956 1693 2043 1748 λέ-

2146 508 2339 564 derum
2368 511 2611 578 laterem,
2645 512 2764 581 ejus
2797 512 3100 566 naviculam
3138 514 3377 585 undique
3407 523 3717 584 ceepertam

2147 603 2458 666 conscendi,
2495 605 2687 660 abbate
2715 604 3011 659 Pammene
3041 619 3142 661 nos
3177 606 3401 664 honoris
3429 622 3596 663 causa
3627 622 3717 661 ce-

2146 695 2394 750 mitante.
2426 693 2600 752 Vento
2635 707 2818 758 autem
2854 700 3037 760 minus
3063 713 3324 769 prospero
3359 699 3540 768 ﬂante,
3567 699 3718 770 equi-

2146 786 2268 841 dem
2299 788 2462 843 cerde
2495 789 2692 852 anxius
2736 791 3028 859 precabar;
3063 791 3156 860 qui
3201 806 3332 850 vero
3377 808 3500 851 cum
3545 789 3718 846 Thea-

2146 878 2280 934 dore
2307 887 2463 934 erant
2501 881 2787 947 monachi,
2815 882 3042 959 egressi,
3074 883 3380 944 naviculam
3412 883 3717 943 trahebant.

2146 969 2393 1042 Cumque
2424 973 2592 1029 abbas
2633 973 2877 1038 Pammo,
2923 985 3244 1039 maerentem
3291 990 3379 1029 me
3408 976 3718 1030 consolare-

2145 1071 2256 1130 tur,
2308 1066 2611 1136 respondi:
2657 1066 2828 1121 Crede
2862 1065 3147 1126 allirmanti
3200 1067 3358 1132 mihi,
3408 1076 3718 1129 nontanta

2145 1163 2386 1225 tempore
2417 1158 2566 1226 pacis
2595 1159 2745 1214 cordi
2780 1174 2902 1214 meo
2938 1159 3131 1213 ﬁducia
3163 1161 3322 1224 inest,
3353 1169 3721 1229 quantaltem-

2145 1262 2276 1316 pere
2308 1249 2718 1317 persecutionis.
2753 1249 2979 1304 Centide
3006 1251 3223 1319 quippe,
3251 1264 3339 1304 me
3368 1264 3466 1318 pro
3498 1247 3720 1302 Christo

2144 1337 2469 1408 patientem,
2528 1347 2690 1410 atque
2741 1341 2874 1410 ejus.
2925 1341 3296 1396 misericordia
3362 1340 3719 1405 reboratum,

2143 1430 2358 1486 etiamsi
2403 1433 2642 1499 occidar,
2675 1435 2848 1488 multo
2878 1433 3143 1504 majorem
3189 1433 3619 1488 misericordiam
3650 1432 3720 1485 ab

2143 1537 2210 1577 ce
2255 1533 2699 1581 consecuturum.
2747 1525 2875 1581 Haec
2917 1526 3082 1581 verba
3132 1526 3363 1582 necdum
3412 1525 3720 1594 compleve-

2142 1628 2281 1679 ram,
2333 1629 2455 1668 com
2492 1613 2810 1671 Theodorus
2849 1617 3101 1672 abbatem
3153 1616 3504 1671 Pammenem
3550 1614 3720 1668 intui-

2143 1709 2253 1768 tus,
2281 1705 2508 1760 subrisit
2536 1722 2549 1759 :
2580 1716 2634 1762 et
2665 1723 2789 1762 cum
2822 1723 2958 1776 pene
2984 1709 3248 1764 arrideret
3271 1708 3441 1763 abbas
3469 1706 3716 1770 Pammo,

465 1791 690 1842 γοντος;
731 1773 839 1850 ἆρα
888 1780 1088 1845 δειλίας
1138 1799 1238 1852 μου
1292 1785 1627 1854 κατέγνωτες
1679 1785 1952 1858 Θεόδωρος
1983 1787 2039 1841 δὲ

2143 1792 2306 1860 Quid,
2342 1796 2597 1867 inquam,
2642 1813 2731 1854 me
2767 1769 2874 1855 ἰδία
2914 1801 3222 1871 loquentem
3258 1800 3446 1855 ridetis
3475 1817 3488 1854 :
3523 1815 3592 1854 an
3629 1815 3719 1854 me

463 1869 600 1940 πρὸς
628 1869 771 1924 esca
792 1872 1076 1944 Πάμμωνα
1104 1873 1228 1946 ἔφη·
1257 1876 1391 1931 Εἰπὲ
1424 1877 1570 1949 αὐτῷ
1599 1877 1688 1932 διά
1723 1879 1774 1932 τί
1803 1878 2042 1950 ὲμειδιά-

463 1978 654 2038 σαμεν.
703 1963 812 2016 Καὶ
866 1964 1010 2019 ὰδόᾶ
1059 1966 1366 2037 Πάμμωνος
1408 1969 1689 2037 εἰπόντος,
1746 1970 1817 2023 Σὺ
1866 1972 2040 2026 εἰπεῖν

462 2054 717 2122 ὀφείλεις,
743 2055 1015 2127 Θεόδωρος
1041 2059 1163 2128 ἔφη·
1194 2059 1377 2134 Ταύτῃ
1402 2063 1467 2132 τῇ
1491 2060 1610 2134 ὥρᾳ
1634 2061 1872 2137 ἀνῃρέθη
1913 2065 2041 2116 ἰου-

461 2144 641 2209 λιανδς
691 2147 748 2200 ὲν
790 2147 1048 2219 Περσίδι·
1100 2152 1420 2223 προειρήκει
1472 2151 1582 2225 γὰρ
1631 2151 1762 2222 περὶ
1803 2153 1969 2207 αὑτοῦ
2010 2154 2040 2207 ὁ

460 2237 594 2300 Θεὸς
647 2236 839 2302 οὕτως·
899 2240 952 2293 '0
1005 2239 1074 2294 δὲ
1114 2243 1514 2312 κατοιόμενος,
1557 2244 2035 2314 καταφρονητὴς,

459 2327 615 2397 ἀνὴρ
646 2330 880 2392 ἀλαζὼν
911 2331 1090 2386 οὐδὲν
1126 2335 1197 2388 οὐ
1220 2333 1306 2404 μὴ
1338 2333 1600 2403 “sparsi.
1647 2335 2038 2408 Ἀναστήσεται

457 2420 517 2472 δὲ
562 2419 815 2490 βασιλεὺς
857 2423 1199 2495 Χριστιανὸς,
1245 2425 1391 2488 ὅστις
1417 2424 1668 2497 λαμπρὸς
1703 2427 1821 2496 μὲν,
1857 2427 2033 2496 ὀλιγό·

458 2513 575 2578 ὄιος
621 2514 678 2567 δὲ
721 2514 895 2572 ἔσται.
948 2515 1041 2570 Διὸ
1093 2517 1190 2570 οὐκ
1230 2516 1464 2587 ὀφείλεις
1514 2517 1605 2570 ἐπὶ
1651 2516 1750 2589 τὴν
1798 2518 2038 2589 Θηϐαΐδα

461 2607 818 2679 σκυλλόμενος
848 2609 1120 2678 ἀπελθεῖν,
1159 2609 1274 2664 ἀλλ’
1320 2613 1399 2675 είς
1428 2610 1518 2664 τὸν
1551 2611 1846 2682 κομιτάτον
1879 2611 2036 2683 λελη-

457 2696 627 2761 θότως
657 2699 927 2768 γενέσθαι·
979 2699 1239 2774 συντεύξῃ
1270 2701 1380 2772 γὰρ
1422 2699 1570 2771 αὐτῷ
1617 2701 1737 2755 καθ’
1762 2703 1910 2768 ὁδὸν,
1943 2705 2037 2758 καὶ

455 2789 698 2860 γνησίως
743 2791 1056 2862 ὑποδεχθεὶς
1092 2794 1220 2865 παρ’
1268 2791 1431 2846 αὑτοῦ
1451 2835 1466 2857 ,
1499 2792 1787 2864 ἐπανήξεις
1827 2795 1907 2857 εις
1937 2795 2038 2865 τὴν

471 2882 814 2953 Ἐκκλησίαν.
847 2883 958 2938 Καὶ
986 2882 1158 2948 οὕτως
1187 2885 1391 2950 ἐκεῖνος
1417 2885 1602 2956 τάχιον
1633 2885 1739 2940 ὑπὸ
1776 2885 1870 2939 τοῦ
1899 2885 2034 2940 Θεοῦ

457 2974 919 3046 προληφθήσεται.
962 2975 1074 3028 Καὶ
1112 2976 1332 3045 γέγονεν
1374 2975 1566 3042 οὕτως.
1597 2977 1760 3032 Ὅθεν
1796 2976 2036 3031 πιστεύω

457 3066 687 3130 πολλοὺς
726 3066 1150 3138 εὐαρεστοῦντας
1197 3067 1275 3139 τῷ
1312 3067 1430 3141 Θεῷ
1467 3068 1526 3125 ὲν
1557 3072 1674 3133 τοῖς·
1715 3068 2034 3140 μονάζουσιν

460 3158 695 3228 μάλιστα
727 3162 1081 3232 κρύπτεσθαιο
1108 3162 1346 3217 κάκεῖνοι
1366 3163 1475 3235 γάρ
1499 3162 1850 3226 λανθάνοντες
1869 3158 2029 3234 ἦσαν,

455 3249 645 3323 ῶσπερ
678 3253 771 3306 καὶ
799 3255 826 3306 ὁ
856 3253 1123 3326 μακάριος
1153 3253 1371 3324 Ἀμοῦν,
1397 3255 1492 3308 καὶ
1522 3255 1551 3308 ὁ
1574 3253 1728 3324 ἅγιος
1759 3254 2031 3327 Θεόδωρος

457 3344 517 3395 ὲν
545 3343 624 3413 τῷ
647 3343 885 3415 δρειιτῆς
912 3345 1172 3417 Νιτρίας,
1192 3348 1285 3400 καὶ
1313 3348 1341 3400 ὁ
1366 3345 1549 3411 δοῦλος
1585 3347 1677 3400 τοῦ
1722 3346 1858 3415 Θεοῦ
1887 3348 1915 3400 ὁ
1945 3346 2032 3400 εὑ-

456 3435 755 3513 γηρόκιατρς
793 3437 1086 3515 Πάμμωνο.

532 3569 578 3603 *⁸
609 3567 881 3639 Habacuc,
913 3589 972 3640 ιι,
1009 3573 1060 3628 5.

2142 1887 2443 1944 timiditatis
2477 1890 2744 1960 arguitis?
2777 1893 2916 1948 Tum
2965 1894 3032 1947 ad
3081 1891 3435 1947 Pammenem
3466 1891 3718 1946 Theode-

2142 1993 2236 2033 rus
2275 1996 2288 2033 :
2323 1977 2421 2035 Dic
2450 1980 2547 2047 illi,
2584 1982 2677 2048 ait,
2711 1998 2831 2054 quae
2867 1984 2939 2039 sit
2972 1983 3131 2038 nobis
3159 1999 3325 2038 causa
3354 1983 3582 2038 ridendi.
3612 1981 3718 2038 Re-

2138 2080 2371 2138 penente
2418 2071 2716 2129 Pammene
2774 2075 2968 2130 abbate
3007 2093 3021 2130 :
3065 2073 3241 2129 Tuum
3297 2073 3431 2129 illud
3488 2083 3600 2139 est,
3641 2076 3721 2128 ait

2140 2157 2456 2218 Theodorus
2481 2181 2494 2216 :
2524 2161 2637 2218 Hac
2677 2164 2792 2234 ipsa
2833 2165 2968 2220 hera
2996 2165 3050 2220 in
3083 2163 3304 2220 Perside
3344 2161 3596 2218 Julianus
3621 2179 3718 2217 oc—

2139 2251 2289 2310 cisus
2317 2264 2420 2320 est,
2447 2265 2511 2312 ut
2534 2256 2602 2312 de
2635 2257 2729 2312 illo
2745 2257 3068 2328 praedixerat
3097 2257 3239 2314 Deus
3266 2274 3280 2311 :
3317 2260 3588 2327 Arrogans
3613 2258 3718 2326 uir,

2139 2358 2463 2418 contemptor
2508 2359 2560 2403 et
2607 2351 2862 2420 superbus
2925 2350 3057 2404 nihil
3119 2351 3351 2420 perﬁciet
3401 2351 3468 2404 ".
3520 2347 3720 2420 Surget

2139 2447 2321 2494 autem
2357 2439 2703 2499 Christianus
2747 2444 3073 2514 imperator,
3107 2443 3202 2513 qui
3244 2443 3540 2512 praeclarus
3587 2443 3713 2512 qui-

2138 2530 2282 2599 dem,
2332 2533 2426 2588 sed
2474 2534 2741 2591 brevioris
2771 2536 2897 2590 vitae
2943 2534 3160 2590 futurus
3197 2544 3300 2591 est.
3332 2535 3513 2602 Quare
3558 2550 3625 2588 ne
3660 2535 3715 2588 in

2140 2620 2470 2680 Thebaidem
2502 2628 2787 2690 ascendas,
2822 2642 2921 2682 nec
2949 2627 3253 2698 del‘atigere
3281 2645 3295 2681 :
3337 2627 3430 2683 sed
3459 2628 3512 2681 in
3539 2627 3715 2682 cemi-

2138 2722 2310 2770 tatum
2358 2719 2499 2774 clam
2547 2728 2597 2774 te
2645 2719 2851 2786 confer,
2899 2736 3060 2791 quem
3115 2723 3169 2774 in
3215 2721 3407 2775 itinere
3448 2718 3716 2784 eﬂendes,

2139 2817 2302 2878 atque
2342 2809 2412 2864 ab
2461 2811 2552 2865 illo
2584 2812 2992 2881 perhumaniter
3017 2823 3296 2882 exceptus,
3328 2813 3383 2866 in
3417 2809 3715 2866 Ecclesiam

2139 2899 2478 2971 remigrabis.
2511 2901 2688 2972 Atque
2711 2901 2800 2957 ille
2817 2901 2980 2957 citius
3008 2918 3039 2957 a
3070 2901 3181 2957 Dee
3207 2919 3270 2957 ex
3309 2902 3411 2957 hac
3437 2901 3717 2956 auleretur

2137 2989 2266 3045 vita.
2298 2989 2453 3058 Quod
2481 2993 2553 3046 ita
2581 2993 2829 3064 contigit.
2857 2990 3222 3060 Quamobrem
3255 2996 3488 3050 arbitror
3520 3008 3716 3064 quam-

2061 3133 2105 3191 c
2138 3082 2401 3152 plurimos
2431 3083 2487 3137 in
2521 3084 2923 3139 monachorum
2953 3085 3192 3140 maxime
3229 3086 3460 3142 coetibus
3491 3085 3741 3140 latuisse.

2139 3173 2252 3230 Dee
2286 3176 2697 3246 acceptissimes
2736 3177 3005 3244 homines,
3043 3179 3352 3247 cuiusmodi
3393 3177 3496 3234 fuit
3522 3179 3716 3236 beatus

2137 3263 2338 3331 Amun,
2389 3275 2444 3320 et
2489 3274 2711 3322 sanctus
2746 3265 3066 3324 Theodorus
3103 3268 3159 3322 in
3209 3277 3393 3323 monte
3429 3266 3634 3331 Nitriae,
3662 3276 3732 3330 et,

2139 3368 2327 3410 servus
2353 3354 2446 3410 Dei
2477 3355 2758 3428 felicisque
2783 3359 3078 3414 senectutis
3101 3357 3346 3414 Pamme.

1095 3881 1174 3943 IN
1188 3951 1200 3962 ι
1230 3882 1534 3944 LIBRUM
1595 3881 2039 3944 ATHANASII
2112 3882 2597 3957 SEQUENTEM
2655 3880 3144 3945 ADMONIT‘IO.

534 4220 571 4277 l:
605 4220 777 4286 Quam
810 4222 952 4275 varie
997 4222 1050 4275 in
1081 4221 1451 4289 manuscriptis
1482 4229 1840 4292 nuncupatum
1885 4219 2046 4290 fuerit
2092 4221 2189 4273 hoc
2235 4221 2568 4290 opusculum,
2602 4222 2659 4274 in
2687 4229 2834 4288 ,ηοω
2889 4220 3110 4289 inferius
3159 4222 3332 4291 posita
3377 4237 3583 4276 cernere
3609 4235 3711 4278 at.

463 4314 784 4376 Parisiensis
823 4324 1001 4370 autem
1031 4315 1214 4382 editio,
1254 4325 1303 4370 et
1337 4315 1538 4370 codices
1585 4315 1848 4381 nonnulli,
1880 4324 1996 4386 post
2037 4339 2039 4350 ι

2141 4317 2213 4380 iu,
2239 4316 2334 4370 καὶ
2366 4316 2510 4370 κατά
2557 4314 2872 4387 Ἀρειανῶν,
2899 4315 3008 4370 haec
3046 4316 3326 4386 adjiciunt,
3361 4317 3456 4370 καὶ
3501 4317 3717 4388 Ἀπολι-

459 4409 677 4480 ναρίου,
707 4410 798 4464 sed
845 4425 1138 4479 perperam,
1177 4419 1236 4464 ut
1282 4426 1347 4465 ex
1374 4413 1586 4480 eptimis
1619 4411 1885 4473 codicibus
1915 4413 2252 4482 perspicuum
2288 4422 2387 4475 est,
2431 4422 2573 4476 et,ut
2595 4412 2712 4481 jam
2749 4411 2951 4480 pridem
2985 4411 3250 4467 advertere
3282 4414 3383 4467 viri
3419 4414 3714 4468 eruditione

459 4501 802 4558 celeberrimi.
857 4503 1014 4557 Nihil
1061 4505 1249 4575 quippe
1298 4505 1547 4559 adversus
1584 4505 1977 4574 Apollinarium
2025 4507 2108 4559 hic
2158 4509 2355 4576 agitur,
2384 4507 2476 4560 sed
2511 4507 2786 4561 Anomceos
2803 4515 2864 4560 et
2905 4505 3414 4563 Pneumatomachos
3448 4521 3736 4580 oppugnat.

458 4593 786 4648 Athanasius
815 4611 834 4650 :
862 4610 1022 4666 quare
1058 4611 1124 4652 ex.
1153 4595 1380 4652 editione
1411 4604 1591 4650 nostra
1621 4595 1675 4652 id
1703 4611 1996 4666 expungere
2019 4596 2186 4650 uisum
2215 4606 2314 4648 est.

531 4687 600 4741 ll.
629 4686 787 4742 Hunc
827 4704 985 4757 porro
1022 4687 1212 4742 librum
1256 4687 1550 4742 Athanasio
1583 4687 1891 4756 abjudicant
1940 4689 2045 4743 viri
2085 4699 2263 4742 nostra
2309 4705 2416 4744 ιευο
2445 4689 2759 4754 doctissimi,
2800 4691 3050 4760 aiuntque
3080 4706 3339 4760 nusquam
3366 4689 3714 4743 Athanasium

461 4793 567 4837 tres
607 4784 911 4852 hypostases
943 4799 1280 4848 memorasse,
1312 4797 1536 4852 quarum
1565 4790 1736 4835 tamen
1781 4783 1879 4836 hoc
1917 4784 1972 4836 in
2002 4782 2138 4837 libro
2191 4785 2384 4837 mentio
2415 4784 2660 4846 habetur,
2693 4799 2834 4836 num.
2874 4783 2961 4838 10.
2995 4781 3112 4836 Imo
3145 4791 3332 4853 putant
3361 4782 3521 4835 iidem
3549 4781 3714 4850 Apol-

459 4877 653 4932 linario
682 4877 1051 4938 haresiarchw-
1077 4877 1174 4930 hoc
1211 4892 1338 4944 opus
1369 4892 1480 4930 esse
1506 4877 1895 4941 ascribendum,
1933 4876 2039 4947 lege

2141 4894 2307 4942 imque
2338 4879 2392 4931 in
2429 4877 2612 4942 titulo,
2639 4876 2747 4941 Τοῦ
2784 4876 3181 4947 Ἀπολιναριίου,
3212 4891 3335 4937 non,
3369 4872 3528 4926 Κατά
3556 4875 3716 4926 Ἀπο-

457 4968 720 5040 λιναρίου,
751 4980 808 5021 ut
837 4969 891 5022 in
916 4970 1064 5039 prius
1095 4968 1251 5022 editis
1279 4967 1488 5038 legitur,
1522 4983 1679 5040 quam
1707 4969 2018 5022 sententiam
2053 4969 2134 5021 his
2175 4985 2408 5022 asserere
2441 4969 2683 5031 nituntur
2710 4969 3031 5044 argumentis
3057 4947 3156 5020 :L-l°
3179 4964 3331 5030 Quod
3360 4981 3483 5018 caro
3515 4965 3713 5020 Christi

458 5061 544 5114 hic
590 5063 790 5130 passim
823 5079 918 5131 pro
951 5062 1063 5132 ejus
1103 5063 1434 5116 humanitate
1483 5072 1784 5130 usurpetur,
1817 5063 1896 5114 ita
1925 5072 1984 5116 ut
2014 5064 2248 5117 humana
2292 5081 2435 5118 mens
2480 5065 2563 5124 sic,
2597 5063 3093 5125 excludivideatur,
3121 5076 3280 5131 quam
3306 5061 3474 5113 inesse
3501 5059 3713 5114 Christo

459 5151 679 5222 negabat
709 5151 1196 5221 Apollinarius;2°
1229 5151 1382 5225 Quod
1411 5167 1510 5205 vox
1545 5152 1882 5223 σαρκοφόρος
1914 5153 2311 5222 Apollinaristis
2345 5153 2792 5223 familiarissima,
2826 5153 2921 5204 hoc
2955 5152 3012 5204 in
3040 5167 3191 5220 opere
3219 5168 3317 5204 usu
3342 5153 3532 5204 vernat.

529 5241 616 5300 Ill.
648 5243 824 5309 Quam.
845 5243 1198 5314 leuia,_quam
1227 5243 1376 5298 nulla
1401 5246 1510 5302 hwc
1545 5244 1684 5312 sint,
1719 5245 1878 5314 facile
1906 5255 2376 5311 commonstratur.
2406 5245 2591 5299 Primo
2625 5245 2763 5298 enim
2789 5245 3095 5314 hypostases
3135 5243 3274 5314 quod
3317 5255 3538 5313 spectat,
3571 5246 3712 5299 haud

455 5340 617 5393 semel
655 5340 766 5395 illa:
794 5340 934 5410 apud
963 5341 1316 5398 Athanasium
1367 5350 1688 5410 comparent.
1733 5340 1825 5396 Sic
1854 5358 1908 5410 p.
1959 5342 2027 5396 86

2161 5353 2394 5408 quatuor
2435 5342 2756 5396 animalibus
2800 5342 2879 5393 ait
2909 5358 2928 5396 :
2954 5342 3063 5404 Τὰς
3093 5343 3242 5413 τρεῖς
3276 5342 3603 5409 ὑποστάσεις
3628 5361 3713 5398 τε·

455 5433 610 5497 λείας
635 5434 917 5488 δεικνύντα
950 5435 1118 5488 ἐστίν.
1151 5433 1286 5489 Tres
1310 5435 1631 5512 liypestases
1657 5434 1929 5504 perfectas
1962 5435 2039 5492 dei

2141 5446 2243 5492 ant.
2277 5436 2344 5489 In
2373 5432 2726 5504 Expositione
2761 5443 2938 5487 autem
2969 5434 3111 5501 ﬁdei,
3145 5450 3246 5487 non
3271 5451 3382 5490 esse
3418 5437 3496 5490 ait
3532 5436 3584 5489 in
3609 5435 3712 5488 Deo
3819 5453 3823 5463 ι

459 5537 564 5580 tres
600 5529 904 5595 hypestases
941 5528 1078 5580 inter
1121 5543 1174 5579 se
1218 5527 1434 5593 divisas,
1473 5527 2011 5600 διαμεμερισμένας,
2041 5538 2091 5583 et
2126 5530 2182 5583 in
2221 5539 2358 5582 temo
2409 5525 2788 5579 Alexandrina:
2835 5525 3053 5592 synodi,
3099 5525 3208 5580 han:
3251 5524 3494 5595 loquendi
3541 5528 3732 5593 ratio,
3805 5573 3810 5578 .

531 5705 641 5775 (28)
672 5704 843 5777 Lege,
883 5702 1403 5775 παραμυθουμένου,
1455 5702 1653 5772 ἔλεγον.
1709 5705 1805 5762 Hic
1855 5706 2036 5762 deﬁcit

2141 5712 2249 5760 tlus
2278 5702 2511 5758 Graecus.
