3992 6230
456 361 559 416 93-5
1055 358 1112 414 s.
1160 358 1536 415 ATHANASII
1569 360 1717 416 opp.
1759 363 1941 418 psus
1978 363 2018 416 ι.
2063 395 2130 404 _
2167 364 2536 422 HISTORICA
2580 368 2668 425 ET
2712 362 3135 432 DOGMATICA.
3582 380 3676 438 93s

453 478 602 546 τρεῖς
636 477 976 541 ὑποστάσεις,
1010 495 1142 532 sana
1172 489 1222 532 et
1258 481 1553 536 orthodoxa
1586 483 1910 539 declaratur.
1943 484 2120 550 Quare
2151 501 2214 542 ex
2245 490 2547 544 memoratis
2574 491 2669 546 hoc
2695 494 2750 546 in
2773 511 2922 564 opere
2960 495 3344 566 hypostasibus,
3382 511 3448 549 ne
3472 499 3677 552 minima

452 570 661 638 quidem
698 570 908 636 νοθείας
935 573 1183 642 suspicio.

521 658 611 713 IV.
645 661 850 716 Minore
886 665 1056 718 adhuc
1090 669 1295 736 negotio
1326 671 1555 722 solvetur
1579 670 1719 740 quod
1747 671 1976 739 afferunt
2007 671 2076 725 ad
2101 673 2238 726 hunc
2278 674 2473 729 librum
2503 653 2832 745 Apollinario
2864 681 3249 745 ascribendum,
3277 696 3456 750 nempe
3480 696 3678 733 carnem

456 752 656 807 Christi
700 756 986 824 stt-pissime
1027 773 1121 826 pro
1171 758 1501 813 humanitate
1545 761 1657 830 ejus
1695 762 1780 814 hic
1826 763 2097 831 usurpari.
2141 761 2284 827 Quid
2311 767 2449 818 enim
2481 767 2801 838 frequentius
2848 771 3106 839 ejusmodi
3129 749 3465 840 synecdoche,
3497 780 3600 823 tum
3629 771 3678 824 in

458 843 769 913 Scripturis,
807 859 918 900 tum
947 849 1086 915 apud
1120 848 1327 912 Patres,
1355 860 1403 902 et
1436 852 1604 918 ipsum
1637 869 1839 922 quoque
1867 853 2256 910 Athanasium?
2295 855 2637 927 Nequaquam
2667 877 2794 932 opus
2820 872 2894 932 est
2927 871 2983 913 ut
3012 863 3066 914 in
3096 862 3344 930 exemplis
3374 863 3678 932 apponendis

451 945 809 1007 immorentur,
839 945 892 996 in
932 962 985 998 re
1027 961 1153 998 sane
1177 946 1534 1015 apertissima.
1571 947 1724 1013 Quod
1757 949 1826 1000 ad
1865 965 2037 1002 vocem
2069 952 2403 1023 σαρκοφόρος
2435 955 2653 1017 attinet,
2685 923 2914 1024 fatemur
2943 973 3005 1009 ea
3033 974 3152 1009 usos
3184 957 3346 1026 fuisse
3375 956 3679 1025 Apollinari-

451 1051 582 1097 stas.
614 1049 668 1090 ut
697 1049 922 1092 testatur
948 1039 1229 1111 Gregorius
1264 1040 1661 1106 Nazianzenus,
1694 1054 1832 1097 orat.
1869 1043 1958 1112 54,
1985 1061 2038 1114 ρ.
2075 1045 2199 1110 748,
2235 1064 2325 1100 nec
2359 1049 2478 1102 inde
2525 1059 2699 1102 tamen
2733 1051 3010 1118 conﬁcitur
3034 1067 3148 1104 eam
3177 1050 3254 1103 vel
3282 1058 3575 1117 suspectam
3611 1048 3679 1100 vel

448 1129 765 1196 prohibitam
799 1131 1107 1200 fuisse:illa
1133 1134 1317 1203 quippe
1342 1143 1466 1186 sunt
1503 1136 1586 1188 usi
1616 1133 1718 1189 SS.
1758 1135 1939 1188 Patres
1969 1151 1987 1186 .'
2017 1133 2262 1206 Ignatius
2298 1137 2467 1209 Epist.
2493 1139 2559 1193 ad
2593 1139 2921 1210 Smyrnzeos,
2953 1159 2996 1193 c.
3021 1141 3083 1204 5;
3113 1142 3202 1193 ubi
3233 1143 3309 1193 ait
3334 1139 3679 1208 blasphemare

449 1225 538 1291 qui
575 1223 849 1276 Dominum
882 1241 981 1277 non
1014 1225 1248 1293 fatentur
1284 1227 1617 1297 σαρκοφόρον
1638 1244 1651 1257 ·
1685 1226 1922 1280 Clemens
1955 1227 2022 1280 Al

2102 1267 2108 1280 .
2141 1227 2341 1282 Strom.
2373 1246 2426 1294 ν,
2455 1247 2505 1298 p.
2530 1230 2652 1293 562,
2679 1230 3008 1301 σαρκοφόρος
3036 1230 3322 1300 γενόμενος
3355 1231 3382 1282 ὁ
3419 1228 3607 1296 Λόγος,
3635 1237 3678 1281 et

450 1316 731 1388 Psedagog.
767 1335 848 1383 ιιι,
884 1336 936 1387 p.
965 1319 1090 1385 215,
1125 1322 1531 1393 σαρκοφορῆσαι
1562 1321 1651 1374 τὸν
1681 1321 1869 1390 Λόγον.
1894 1320 2026 1390 IIesg

2108 1323 2188 1375 ius
2217 1325 2360 1386 item,
2392 1324 2468 1376 vel
2500 1325 2545 1377 si
2575 1307 2691 1394 quis
2722 1325 2878 1387 alius,
2917 1323 2989 1376 De
3027 1324 3130 1377 ﬁne
3159 1321 3364 1388 mundi,
3391 1322 3452 1374 de
3482 1321 3679 1374 Christo

450 1409 682 1478 loquens,
734 1410 1070 1482 σαρκοφόρον
1113 1422 1400 1478 nuncupat,
1432 1423 1491 1466 ut
1532 1423 1582 1467 et
1608 1412 1988 1466 Constantinus
2017 1412 2095 1468 Μ.
2136 1415 2192 1467 iu
2226 1413 2376 1470 Orat.
2408 1416 2488 1468 Ad
2521 1432 2734 1469 sacrum
2767 1425 2986 1478 emtum,
3015 1431 3079 1470 ex
3115 1397 3336 1483 Sibylla.
3372 1412 3539 1484 696
3575 1410 3682 1465 lmo

450 1505 558 1569 ipse
593 1503 916 1556 Athanasius
942 1504 1062 1559 licet
1087 1521 1206 1559 voce
1236 1507 1576 1579 σαρκοφόρος
1602 1507 1739 1560 alias
1766 1523 1866 1559 non
1901 1508 1970 1560 sit
2006 1522 2026 1560 ι

2104 1523 2156 1572 ηε,
2185 1507 2604 1577 frequentissime
2637 1519 2810 1560 tamen
2842 1508 2916 1560 ait
2948 1508 3214 1561 Christum
3242 1505 3416 1575 σάρκα
3445 1502 3680 1574 φορέσαι,

448 1601 586 1666 quod
632 1600 768 1652 idem
810 1600 970 1669 ferme
1022 1612 1194 1666 sonat,
1233 1603 1371 1656 idem
1418 1619 1632 1672 prorsus
1667 1603 1932 1671 signiﬁcat
1966 1617 1985 1654 :
2013 1604 2090 1655 sic
2136 1620 2296 1672 supra
2326 1605 2380 1657 in
2417 1601 2538 1656 Vita
2587 1604 2830 1670 Antonii,
2878 1618 3022 1656 num.
3055 1602 3108 1665 5,
3139 1611 3185 1655 et
3222 1601 3351 1654 alibi
3382 1599 3680 1668 swpissime.

451 1688 549 1744 llis
587 1691 743 1753 adde,
778 1691 1047 1747 Christum
1075 1695 1182 1747 dici
1215 1694 1271 1748 in
1300 1694 1397 1747 hoc
1432 1693 1704 1762 opusculo,
1742 1711 1884 1748 num.
1924 1693 1978 1758 8,
2013 1695 2288 1750 hominem
2323 1694 2546 1756 τέλειον,
2579 1695 2634 1748 id
2672 1707 2747 1749 est
2779 1694 3093 1765 perfectum,
3117 1691 3252 1762 quod
3280 1691 3344 1744 ab
3373 1689 3682 1760 Apollinarii

448 1788 706 1840 sententia
739 1799 993 1858 quantum
1017 1788 1317 1856 abhorreat,
1359 1806 1507 1844 nemo
1535 1791 1722 1844 nescit.
1766 1788 1902 1844 Item
1935 1807 2082 1846 num.
2117 1791 2174 1844 ll
2215 1791 2416 1844 dicitur
2445 1789 2716 1845 Christum
2746 1791 2800 1843 in
2827 1791 3066 1843 omnibus
3096 1787 3242 1841 nobis
3271 1784 3496 1837 similem
3531 1783 3684 1852 fuisse

447 1893 658 1950 excepto
687 1893 920 1950 peccato,
943 1895 993 1938 et
1023 1885 1152 1939 alibi
1187 1885 1322 1939 duas
1350 1885 1405 1938 in
1440 1884 1651 1939 Christo
1689 1902 1800 1938 esse
1834 1886 2150 1950 voluntates,
2178 1885 2412 1940 divinam
2443 1883 2641 1938 scilicet
2668 1895 2717 1938 et
2741 1884 3048 1948 humanam,
3078 1898 3192 1952 quce
3222 1879 3510 1934 admodum
3542 1892 3684 1946 repu-

449 1991 610 2047 gnant
638 1980 1142 2047 Apollinaristarum
1169 1981 1377 2036 haeresi.

521 2074 582 2128 ν.
630 2075 895 2128 Prceterea
931 2075 1215 2129 Athanasii
1260 2092 1369 2130 esse
1399 2077 1772 2146 comprobatur
1801 2077 1886 2130 hic
1915 2077 2047 2130 liber
2078 2076 2388 2130 Theodoreti
2417 2087 2465 2130 et
2493 2075 2692 2130 Gelasii
2728 2075 3060 2136 testimoniis,
3088 2074 3178 2144 qui
3222 2071 3363 2124 haud
3393 2068 3553 2123 semel
3577 2070 3683 2121 loco

448 2171 569 2221 hinc
593 2180 836 2238 excerpta
861 2173 1068 2225 nomine
1102 2174 1270 2226 citant
1298 2172 1602 2238 Athanasii,
1635 2183 1693 2227 ut
1715 2174 1827 2228 suis
1853 2173 1984 2227 locis
2015 2173 2354 2228 adnotamus.
2386 2172 2454 2226 Et
2485 2173 2601 2227 licet
2628 2173 2682 2226 in
2715 2181 2863 2226 tanta
2903 2173 3133 2224 locorum
3160 2167 3472 2237 Scriptum,
3496 2174 3684 2236 quanta

448 2267 531 2318 hic
562 2269 881 2336 congeritur,
927 2268 1094 2332 silva,
1140 2271 1230 2324 vis
1259 2269 1543 2324 Athanasii
1578 2269 1747 2340 stylus
1793 2269 2080 2324 internosci
2119 2281 2305 2339 queat,
2345 2278 2577 2324 attamen
2621 2271 2667 2322 si
2710 2269 2827 2339 quis
2872 2267 3006 2320 hunc
3054 2262 3247 2318 librum
3294 2261 3529 2332 conferat
3574 2275 3684 2314 cum

448 2361 620 2431 Epist.
660 2364 682 2415 1
721 2373 772 2416 et
811 2364 845 2418 5
885 2365 951 2418 ad
983 2363 1361 2434 Serapionem,
1399 2375 1604 2420 tantum
1638 2365 1774 2419 inter
1812 2365 1905 2419 hos
1943 2374 2204 2418 tractatus
2256 2364 2603 2435 deprehendet
2650 2364 2990 2433 an‘initatem,
3038 2370 3095 2414 ut
3139 2359 3376 2413 eamdem
3417 2355 3683 2426 utrobique

448 2456 728 2510 Athanasii
767 2474 981 2512 manum
1021 2459 1168 2513 nullo
1210 2462 1418 2531 negotio
1449 2469 1722 2532 agnoscat.

520 2548 606 2603 Vl.
650 2549 819 2606 Porro
863 2554 984 2608 licet
1026 2557 1302 2610 Anomaeos
1344 2559 1677 2626 potissimum
1732 2558 1818 2611 hic
1873 2557 2155 2612 adoriatur
2206 2557 2430 2611 invictus
2477 2555 2632 2610 Verbi
2685 2554 2950 2624 defensor,
2993 2552 3264 2607 occasione
3307 2561 3481 2604 tamen
3529 2545 3684 2600 multa

445 2655 732 2711 pertractat
756 2647 882 2716 fidei
919 2648 1168 2719 dogmata
1213 2667 1232 2704 :
1273 2652 1523 2705 nimirum
1559 2653 1623 2705 de
1665 2649 1899 2721 Spiritus
1939 2654 2111 2705 sancti
2163 2649 2356 2704 deitate
2380 2689 2395 2711 ,
2436 2650 2500 2703 de
2539 2649 2650 2718 ejus
2697 2664 2810 2700 cum
2873 2646 3038 2700 Patre
3077 2658 3124 2700 et
3170 2643 3311 2697 Filio
3365 2640 3680 2712 wqualitate,

445 2738 509 2792 de
545 2742 872 2808 processione
913 2744 1148 2813 ejusdem
1201 2760 1266 2798 ex
1328 2743 1490 2799 Patre
1526 2754 1576 2798 et
1635 2744 1811 2810 Filio,
1857 2762 1976 2798 cum
2017 2748 2127 2810 ait,
2167 2743 2364 2798 Filium
2397 2745 2450 2798 in
2486 2743 2647 2797 Patre
2685 2741 2886 2796 fontem
2932 2755 3054 2795 esse
3099 2737 3332 2809 Spiritus
3371 2735 3584 2798 sancti;
3627 2733 3683 2785 de

449 2829 840 2897 lncarnatione,
882 2831 1138 2889 Passione
1181 2845 1231 2889 et
1276 2833 1715 2898 Resurrectione;
1778 2837 1842 2891 de
1878 2838 2096 2892 veritate
2136 2837 2369 2906 corporis
2403 2834 2601 2890 Christi
2642 2835 2697 2886 in
2745 2832 3124 2897 Eucharistia,
3166 2847 3287 2886 cum
3333 2831 3558 2899 afﬁrmat
3595 2845 3683 2882 nos

447 2941 658 2978 carnem
703 2924 917 2978 Domini
955 2943 1178 2990 sumere,
1229 2943 1346 2997 qua:
1387 2942 1452 2980 ea:
1495 2925 1699 2989 Spiritu
1744 2917 2055 2998 ‘t'iviﬁcante
2115 2937 2364 2991 concepta
2416 2935 2531 2991 est;
2577 2934 2626 2978 et
2673 2923 2784 2977 alia
2823 2923 3107 2993 permulta,
3145 2937 3263 2993 quae
3306 2921 3520 2974 lectoris
3562 2918 3682 2971 dili-

448 3017 635 3085 gentiae
678 3018 999 3071 observanda
1045 3016 1412 3087 relinquimus.

521 3107 629 3163 γιι.
681 3110 943 3164 Caeterum
985 3111 1355 3165 Anomcearum
1398 3113 1714 3184 temporibus
1751 3113 1950 3166 editum
1993 3113 2090 3166 hoc
2131 3112 2442 3181 opusculum
2495 3111 2658 3182 fuisse
2701 3113 3048 3167 arbitrantur.
3093 3109 3170 3164 De
3209 3123 3346 3162 anno
3385 3106 3523 3160 nihil
3575 3119 3683 3157 cer-

452 3212 603 3266 tum;
639 3205 906 3256 commode
947 3214 1124 3257 tamen
1164 3213 1280 3273 post
1325 3221 1521 3258 annum
1559 3205 1665 3261 565
1708 3207 1886 3274 reponi
1931 3222 2084 3275 posse
2125 3205 2411 3269 credimus,
2463 3221 2566 3274 quo
2617 3205 2962 3274 grassabatur
3003 3204 3214 3258 hceresis
3253 3202 3370 3256 illa.

449 3545 750 3662 ΤΟΥ
827 3547 1026 3662 ΕΝ
1081 3545 1601 3663 ΑΓΙΟΙΣ
1658 3546 2270 3662 ΠΑΤΡΟΣ
2327 3548 2776 3664 ΗΜΩΝ
2816 3542 3686 3662 ΑΘΑΝΑΣΙΟΥ

1486 3769 2061 3824 ΑΡΧΙΕΠΙΣΚΟΠΟΥ
2101 3767 2654 3833 ΑΛΕΞΑΝΔΡΕῙΑΣ,

579 3924 761 3977 ΠΕΡΙ
799 3925 938 3979 ΤΗΣ
991 3925 1391 3981 ΕΝΣΔΡΚΟΥ
1431 3927 1895 3981 ΕΠΙΦΑΝΕῙΔΣ
1950 3928 2096 3980 ΤΟΥ
2123 3928 2323 3980 ΘΕΟΥ
2371 3926 2630 3992 ΛΟΓΟΥ,
2659 3927 2789 3980 ΚΑΙ
2818 3927 2999 3979 ΚΑΤΑ
3023 3919 3550 3992 ΑΡΕΙΛΝΩΝζῖθ).

1344 4258 1464 4372 S.
1552 4261 1681 4372 P.
1774 4261 1914 4372 N.
2009 4256 2797 4384 ATHANASII

1544 4479 2071 4537 ARCHIEPISCOPI
2107 4484 2145 4535 A
2157 4479 2286 4535 LEX
2297 4479 2596 4546 ANDRUE,

892 4631 1010 4729 DE
1067 4631 1712 4698 INCARNATIONE
1778 4636 1922 4696 DE!
1985 4634 2428 4700 VERBI.ET
2479 4633 2809 4698 CONTRA
2865 4631 3245 4694 AR-IANOS.

524 4953 576 5007 1.
611 4951 717 5020 Qui
744 4949 895 5006 vafre
935 4960 990 5006 et
1034 4966 1286 5022 perverse
1334 4954 1548 5009 divinas
1595 4955 2022 5026 interpretantur
2049 4963 2096 5018 Α

2196 4957 2245 5012 1.
2264 4960 2325 5012 Οἱ
2339 4955 2678 5025 κακοτέχνοις
2693 4953 2790 5016 τὰς
2807 4952 2954 5016 θείας
2970 4951 3190 5024 Γραφὰς
3204 4950 3518 5020 βουλόμενοι
3533 4951 3685 5011 νοεῖν,

452 5041 784 5115 Scripturas,
815 5042 978 5100 verba
1009 5060 1130 5116 quae
1155 5046 1222 5101 de
1247 5044 1369 5100 Filii
1395 5044 1490 5101 Dei
1515 5047 1695 5116 inopia
1721 5048 2018 5102 secundum

2127 5049 2195 5103 τὰ
2228 5049 2541 5122 ἀνθρώπινα
2575 5047 2685 5116 (50)
2732 5048 2950 5118 ῥήματα
2993 5044 3092 5114 τῆς
3142 5044 3410 5114 πτωχείας
3439 5044 3534 5096 τοῦ
3568 5041 3687 5095 Υἱοῦ

521 5243 894 5326 (ἓθλβει-ξρια.
915 5255 1038 5326 post
1068 5261 1269 5326 annum
1305 5245 1550 5326 Eg_64.ﬂlta
1586 5248 2020 5326 leg_itur__titulus

2123 5248 2218 5326 σξᾳῦ
2269 5245 2632 5326 μονογενοῦς,-
2653 5245 2825 5326 Λόγοι)
2889 5245 3202 5326 ὲνρθρωτςή
3214 5262 3345 5326 σξως
3400 5246 3530 5326 θεαὶ-
3558 5245 3689 5322 κατα

448 5312 503 5388 i_n
530 5313 719 5388 Basil.,
754 5312 934 5388 Felek.
961 5315 994 5368 5
1025 5317 1159 5388 et},
1185 5318 1400 5388 eticdit.
1434 5312 1696 5370 (ἶοηιιιιιῗΙ.
1724 5316 1865 5388 Ειιίι.
1891 5334 2020 5373 vero

2137 5312 2563 5388 Ἀποὶὲλιναρίου.
2601 5312 2935 5385 Seguerian.,
2964 5312 3068 5369 Τοῦ
3111 5312 3272 5369 αὐέοῦ
3313 5317 3442 5384 περὶ
3467 5315 3569 5384 τῆς
3603 5313 3687 5388 τρῦ

447 5382 630 5466 Paris:
669 5394 791 5466 post
851 5384 1137 5466 ’ᾼρξιαεέῖιν
1194 5387 1373 5466 addit.
1445 5389 1539 5440 καὶ
1590 5387 2015 5466 ξΛπίολλιναρίτξυ.

2203 5456 2300 5466 .-Μ
2339 5454 2392 5466 m
2426 5382 2438 5388 ⁷
2677 5382 2695 5385 “
3124 5455 3163 5466 ἢ
3199 5456 3212 5466 _
3247 5454 3262 5466 .
3344 5382 3688 5466 ’μονογενοῦς

450 5402 621 5439 rans.
669 5402 791 5452 pos;
857 5402 1137 5466 ’Δρειανων
1194 5402 1373 5444 anon.
1445 5402 1539 5440 και
1595 5402 2015 5459 ’Λπολλιναριοω

448 5451 1002 5530 Ih_eodorc_t.us_,_d|al.
1046 5455 1100 5518 ὅ,
1127 5465 1286 5530 v_oca_t
1312 5457 1476 5530 τρμον
1516 5457 1651 5530 πρὸς
1687 5457 2012 5530 Ἀρεεανούς,

2172 5454 2429 5530 _(50)_Sic
2469 5471 2660 5530 omnes
2705 5472 2864 5530 mss”
2890 5454 3302 5530 prmtenFt-Irk.

449 5521 688 5598 [“elcltm.
721 5524 778 5584 2,
810 5525 1034 5598 Ἕτερος
1061 5521 1892 5598 ,τοῦ-αὐτοῦ’κατά’Ἂρενιάνῶη
1925 5529 2018 5581 καὶ

2121 5521 2494 5598 editis'habet,
2516 5521 3041 5598 ᾁντικεεμεγαίΙιιῐιίξι
3073 5526 3230 5598 iidem
3255 5521 3476 5598 omnes,
3494 5526 3688 5598 συᾳτῆ·

449 5591 560 5671 ὂσρι
588 5593 809 5676 ἐπαντξι
825 5593 893 5674 Ea
990 5595 1154 5676 psiop.
1173 5595 1480 5676 Anglican“
1506 5591 1763 5676 Περῖτῆς
1793 5615 2015 5676 μᾳνοχε-

2126 5615 2235 5649 σαι.
2258 5591 3141 5676 Felcit‘tn.'3,_etcdit_i_,eus—rigat.
3177 5596 3292 5648 Mnx
3326 5595 3377 5676 in
3407 5591 3682 5676 omnibus,

446 5662 570 5723 νοῦς
607 5663 702 5713 τοῦ
731 5662 866 5715 Θεοῦ
898 5662 1071 5732 Λόγου
1105 5662 1598 5736 ὲνειινθρωττ¹ειέως,⁷
1621 5662 1763 5721 καθὰ
1794 5662 1864 5720 ’Ἄ
1907 5662 2015 5720 εἷου

448 5731 540 5780 καὶ
586 5729 1006 5791 ’Λπολλιναρίοω
1041 5733 1258 5790 Gobler.
1303 5745 1358 5788 et
1391 5685 1627 5791 Eelckm.
1663 5738 1725 5791 1.
1755 5686 1903 5791 [leaf
1919 5739 2018 5791 τῆς

2123 5675 2351 5746 excepto
2381 5665 2562 5722 Felck.
2588 5667 2622 5720 5
2649 5674 2700 5719 et
2727 5665 2910 5732 editis,
2957 5662 3051 5718 τοῦ
3094 5668 3244 5722 deest
3273 5673 3397 5719 ante
3427 5663 3686 5736 Χριστια-

2121 5753 2332 5791 νισιιου.

526 5749 540 5780 ι
601 5749 1006 5800 λποΑΑιναριου.
1041 5749 1258 5790 uomer.
1303 5749 1358 5788 et
1393 5749 1627 5791 retckm.
1663 5749 1686 5790 1
1710 5777 1725 5801 ,
1756 5749 1890 5810 Περὶ
1919 5749 2018 5808 της

755 5749 1006 5800 Αιναριου.
1041 5749 1258 5790 1300101³.
1303 5749 1358 5788 ει
1393 5749 1627 5791 ΓΘΙΟΚΙΠ.
1663 5749 1686 5790 1
1710 5777 1725 5801 ,
1756 5749 1890 5810 Περὶ
1919 5749 2018 5808 της
2121 5753 2331 5808 νισμου.
