3992 6230
275 329 385 386 9η

1165 333 1252 387 DE
1295 331 1812 388 INCARXATIONE
1852 331 1938 384 ET
1978 327 2260 385 CONTRA
2300 327 2632 382 ABIANOS.

3414 325 3522 380 998

278 446 377 499 καὶ
419 448 476 498 ὲν
507 445 810 515 ὁμοιώματι
849 445 1139 518 ἀνθρώπου
1170 448 1428 517 γεγονὼς,
1483 449 1678 503 ἔδωκεν
1723 452 1859 521 ἡμῖν

1982 446 2322 501 nilitudinem
2367 444 2611 499 hominis
2656 441 2854 504 factus,
2903 441 3050 495 dedit
3081 441 3235 496 nobis
3279 457 3344 496 ex
3399 441 3528 493 suhv

279 537 348 590 ὲκ
373 537 470 608 τῆς
497 536 682 599 οὐσίας
711 535 804 590 τοό
846 538 1082 609 Πατρὸς,
1113 540 1368 611 ἀπαρχὴν
1415 542 1568 608 ἁγίου
1601 542 1855 612 Ilva-Spa—

278 644 402 692 τοςο
439 629 525 681 ἵνα
543 626 826 698 γενώμεθα
846 629 896 682 οἱ
934 630 1131 694 πάντες
1157 633 1236 694 εἰς
1276 633 1423 695 υἱοὺς
1469 633 1601 684 Θεοῦ
1627 634 1762 702 (74),
1803 635 1859 684 ὲν

279 716 589 789 ὁμοιώματι
618 717 709 771 τοῦ
737 718 866 771 Υἱοῦ
903 719 1002 773 τοῦ
1035 721 1189 774 Θεοῦ.
1222 724 1394 787 Αὐτὸς
1420 722 1513 777 οὖν
1543 727 1572 776 6
1609 723 1860 794 ἀληθινὸς

277 810 379 864 καὶ
406 811 563 879 φύσει
595 811 722 873 Υἱὸς
753 810 846 864 τοῦ
875 810 1010 864 Θεοῦ
1057 815 1183 878 τοὺς
1231 815 1438 880 πάντας
1480 818 1628 888 ἡμᾶς
1672 819 1859 887 φορεῖ,

281 901 372 954 ἵνα
396 902 444 953 oi
474 901 675 964 πάντες
703 901 794 953 τὸν
823 902 918 954 ἕνα
947 903 1268 975 φορέσωμεν
1298 904 1452 958 Θεόν.

355 993 410 1048 9.
457 993 675 1056 Ἀσεόὲς
707 988 800 1046 οὖν
833 996 948 1046 ἐστι
987 997 1204 1048 κτιστὸν
1244 997 1277 1067 ἢ
1318 997 1537 1067 ποιητὸν
1582 996 1762 1065 λέγειν
1803 997 1865 1048 τὸ

280 1084 510 1156 Πνεῦμα
530 1085 624 1138 τοῦ
661 1085 795 1139 Θεοῦ
817 1102 829 1116 ·
866 1087 1025 1140 ὁπότε
1055 1089 1205 1142 πᾶσα
1233 1090 1424 1161 Γραφὴ
1452 1089 1661 1143 Παλαιὰ
1683 1108 1743 1142 τε
1770 1091 1864 1142 καὶ

279 1175 460 1248 Καινὴ
491 1176 624 1246 (75),
653 1177 789 1248 μετά
823 1178 1036 1250 Πατρὸς
1078 1181 1172 1233 καὶ
1213 1181 1344 1234 Υἱοῦ
1382 1181 1510 1234 αὐτὸ
1546 1183 1868 1253 συναριθμεῖ

281 1269 380 1322 καὶ
407 1268 655 1335 δοξάζει·
691 1270 824 1323 διότι
859 1271 958 1342 τῆς
980 1272 1149 1342 αὐτῆς
1179 1273 1288 1342 (76)
1318 1274 1570 1345 θεότητός
1607 1277 1745 1337 ἐστι,
1773 1277 1866 1328 καὶ

280 1363 383 1430 τῆς
417 1362 585 1432 αὐτῆς
637 1361 918 1426 ἐξουσίας
951 1363 1130 1428 καθὼς
1160 1367 1324 1430 αὐτὸς
1368 1369 1396 1420 6
1435 1368 1638 1438 Κύριος
1681 1367 1863 1436 λέγει·

292 1450 361 1504 '0
383 1452 683 1504 πιστεύων
711 1454 799 1516 εὶς
823 1450 947 1521 ἐμὲ,
974 1455 1224 1523 ποταμοὶ
1263 1457 1330 1508 ἐκ
1360 1454 1468 1523 τῆς
1497 1457 1726 1522 κοιλίας
1759 1460 1866 1510 αὺ-

282 1541 392 1596 τοῦ
412 1543 750 1610 ῥεύσουσιν
774 1542 990 1609 ὕδατος
1016 1542 1246 1610 ζῶντος.
1277 1546 1456 1600 Τοῦτο
1486 1546 1554 1598 δὲ
1581 1544 1710 1600 εἷπε
1735 1547 1868 1616 περὶ

283 1633 394 1687 τοῦ
414 1633 776 1701 Πνεὺματος,
807 1630 877 1688 οὗ
908 1635 1165 1702 ἔμελλον
1187 1637 1515 1704 λαμϐάνειν
1548 1642 1602 1691 οὶ
1626 1641 1869 1693 πιστεύ-

283 1736 461 1789 οντες
490 1727 576 1790 εὶς
598 1727 784 1777 αὐτόν
814 1741 828 1755 ·
863 1725 937 1789 ὡς
967 1727 1060 1779 καὶ
1093 1729 1150 1779 ἐν
1174 1729 1252 1798 τῷ
1289 1730 1442 1800 Ἰωὴλ
1475 1731 1538 1783 ὲκ
1578 1730 1866 1803 προσώπου

1964 540 2162 595 stantia
2189 537 2368 592 Patris
2423 535 2691 605 primitias
2719 535 2957 602 Spiritus
2995 537 3164 588 sancti
3191 575 3207 598 ,
3244 545 3304 587 ut
3331 533 3532 588 eliicia-

1963 647 2086 685 mur
2113 646 2302 683 omnes
2334 627 2427 683 Dei
2461 627 2578 693 ﬁlii,
2647 627 2701 680 in
2743 626 3096 680 similitudine
3144 625 3263 680 Filii
3317 625 3431 679 Dei.
3481 623 3532 679 Is

1963 725 2148 792 itaque
2198 737 2401 786 verus,
2443 728 2497 774 et
2556 727 2755 773 natura
2806 717 2978 770 Filius
3031 717 3145 778 Dei,
3187 732 3380 773 omnes
3430 729 3534 771 nos

1963 823 2157 884 gestat,
2185 820 2244 867 ut
2267 826 2454 866 omnes
2493 825 2662 864 unum
2691 808 2932 863 feramus
2963 806 3158 862 Deum.

2034 995 2088 1050 9.
2132 992 2360 1063 lmpium
2403 991 2567 1060 igitur
2612 997 2697 1044 est
2753 995 3016 1049 creatum,
3060 993 3155 1039 aut
3193 984 3394 1039 factum
3443 985 3532 1038 di-

1967 1103 2089 1141 cere
2141 1085 2403 1155 Spiritum
2439 1083 2562 1148 Dei,‘
2612 1080 2706 1136 ubi
2749 1080 2926 1136 omnis
2962 1078 3242 1147 Scriptura
3285 1076 3450 1132 Vetus
3480 1086 3536 1130 et

1967 1178 2135 1241 Nova,
2162 1193 2286 1233 cum
2321 1175 2480 1230 Patre
2503 1184 2558 1228 et
2590 1173 2728 1228 Filio
2756 1173 2931 1242 ipsum
2971 1179 3295 1225 annumerat
3321 1179 3375 1224 et
3417 1170 3536 1238 glo-

1967 1272 2168 1334 riﬁcat,
2205 1270 2332 1339 quia
2357 1267 2602 1338 ejusdem
2630 1275 2714 1320 est
2756 1265 2994 1327 deitatis,
3023 1264 3377 1331 ejusdemque
3430 1277 3533 1331 po-

1970 1365 2150 1417 tentiae
2181 1376 2245 1416 ac
2268 1360 2621 1415 subsmntize:
2667 1368 2725 1412 ut
2763 1358 2878 1427 ipse
2916 1355 3178 1412 Dominus
3225 1354 3392 1408 dicit:
3432 1353 3541 1419 Qui

1969 1455 2134 1508 credit
2185 1454 2240 1505 in
2290 1468 2390 1513 me,
2440 1451 2665 1519 ﬂumina
2708 1448 2771 1502 de
2809 1463 2982 1502 ventre
3004 1447 3118 1516 ejus
3150 1447 3314 1514 ﬂuent
3389 1462 3540 1517 aqua:

1969 1563 2115 1602 the.
2172 1545 2287 1599 Hoc
2331 1553 2507 1597 autem
2543 1544 2681 1596 dixit
2735 1541 2890 1611 701
2933 1541 2994 1592 de
3022 1539 3226 1608 Spiritu
3259 1555 3408 1608 quem
3451 1555 3543 1591 ac-

1971 1639 2171 1708 cepturi
2208 1645 2359 1690 erant
2389 1635 2655 1688 credentes
2692 1635 2745 1686 in
2776 1649 2894 1686 eum
2925 1632 2973 1664 ⁷⁸
3001 1651 3012 1684 :
3044 1644 3103 1684 ut
3131 1639 3185 1684 et
3215 1630 3267 1684 iu
3294 1629 3443 1684 Joclc
3464 1646 3532 1684 ex

1972 1745 2206 1800 persona
2254 1727 2434 1781 Patris
2473 1727 2578 1780 ait:
2620 1724 2909 1794 Eﬁundam
2949 1723 3011 1776 de
3045 1722 3250 1791 Spiritu
3290 1737 3403 1774 meo
3431 1737 3541 1792 su-

283 1813 382 1868 τοῦ
403 1815 614 1886 Πατρός
639 1815 786 1884 λέγει
807 1834 819 1846 ·
867 1818 1078 1886 Ἐκχεῶ
1101 1819 1219 1871 ἀπὸ
1250 1820 1355 1872 τοῦ
1383 1823 1727 1890 Πνεύματός
1747 1841 1866 1891 μου

1982 1839 2058 1875 κιο
2085 1837 2292 1875 onmem
2343 1835 2576 1884 carnem,
2619 1827 2668 1871 et
2707 1814 3087 1886 prophetabunt
3136 1815 3236 1882 lilii
3276 1814 3459 1878 vestri,
3489 1821 3541 1865 et

282 1906 388 1960 ἐπὶ
416 1905 623 1960 πᾶσαν
666 1905 864 1974 σάρκα
885 1948 898 1969 ,
957 1908 1053 1960 καὶ
1105 1912 1634 1977 προφητεύσουσιν
1668 1916 1721 1965 οἱ
1749 1913 1865 1966 υἱοὶ

286 1996 458 2067 ὑμῶν
502 1996 601 2050 καὶ
633 1999 693 2050 αἱ
726 1998 1044 2067 θυγατέρες
1070 1999 1254 2067 ὑμῶν.
1293 2002 1404 2054 Καὶ
1439 2002 1526 2056 διὰ
1569 2003 1724 2056 τοῦτο
1755 2005 1866 2074 (77)

286 2089 510 2159 ἐμφυσᾷ
544 2089 675 2141 αὐτὸ
703 2091 780 2152 εἰς
807 2089 867 2142 τὸ
896 2089 1183 2160 πρόσωπον
1210 2093 1315 2144 τῶν
1338 2095 1648 2149 ἀποστόλων
1673 2096 1865 2164 λέγων’

288 2180 515 2236 Λάϐετε
561 2181 807 2250 Πνεῦμα
857 2182 1063 2252 ἅγιονι
1117 2184 1202 2237 ἵνα
1235 2186 1514 2256 μάθωμεν,
1550 2189 1631 2241 ὅτι
1684 2192 1748 2241 ἐκ
1775 2189 1868 2241 τοῦ

287 2271 660 2343 πληρώματος
683 2273 782 2342 τῆς
809 2273 1060 2344 θεότητός
1089 2279 1203 2328 ἐστι
1239 2277 1300 2329 τὸ
1338 2277 1612 2348 διδόμενον
1648 2280 1872 2351 Πνεῦμα

285 2365 406 2426 τοῖς
459 2363 744 2434 μαθηταῖς.
794 2363 890 2416 Ἐν
939 2364 1171 2434 Χριστῷ
1223 2366 1360 2436 γὰρ,
1390 2369 1542 2437 φησι,
1593 2371 1870 2437 κατοικεῖ,

289 2453 572 2508 τουτέστιν
603 2456 661 2506 ὲν
696 2457 762 2524 τῇ
803 2456 965 2525 σαρκὶ
998 2456 1184 2520 αὑτοῦ,
1205 2457 1328 2510 πᾶν
1356 2458 1418 2509 τὸ
1449 2459 1738 2529 πλήρωμα
1768 2460 1874 2529 τῆς

291 2545 575 2614 θεότητος
603 2545 714 2617 (78)
741 2544 1116 2614 σωματικῶςο
1145 2547 1326 2612 καθὼς
1364 2550 1457 2602 καὶ
1503 2551 1531 2602 6
1567 2551 1875 2622 Βαπτιστὴς

305 2638 563 2708 Ἰωάννης
591 2638 770 2707 λέγει·
810 2639 998 2709 Ἡμεῖς
1026 2639 1247 2708 πάντες
1267 2643 1334 2696 ἐκ
1360 2642 1465 2696 τοῦ
1488 2644 1876 2713 πληρώματος

292 2730 484 2788 αὐτοῦ
527 2730 841 2800 ἐλάϐομεν.
885 2732 1192 2804 Σωματικῷ
1247 2736 1354 2807 γὰρ
1392 2737 1552 2800 εῖδει,
1602 2737 1877 2789 τουτέστιν

291 2821 374 2884 ὡς
401 2819 720 2893 περιστερὰ,
745 2820 900 2892 ὤφθη
931 2819 994 2873 τὸ
1015 2822 1238 2892 Πνεῦμα
1263 2824 1323 2877 τὸ
1351 2825 1526 2893 ἅγιον,
1549 2827 1875 2880 καταϐαῖνον

297 2909 393 2963 καὶ
422 2910 580 2980 μένον
603 2909 687 2962 ἐπ’
715 2909 894 2963 αὐτόν.
940 2910 1027 2962 Ἐν
1062 2911 1193 2980 ἡμῖν
1237 2913 1334 2982 μὲν
1362 2913 1470 2985 γὰρ
1511 2915 1620 2984 (79)
1654 2916 1876 2986 ἀπαρχὴ

296 3002 395 3054 καὶ
421 3001 677 3074 ἁρῤαὸὼν
706 3001 958 3074 θεότητος
982 3006 1244 3067 κατοικεῖ,
1267 3006 1323 3057 ἐν
1353 3006 1572 3076 Χριστῷ
1595 3007 1651 3059 δὲ
1679 3009 1785 3061 πᾶν
1819 3008 1879 3059 τὸ

296 3093 574 3163 πλήρωμα
605 3092 704 3162 τῆς
751 3091 1021 3162 θεότητος.
1054 3093 1164 3145 Καὶ
1196 3095 1267 3164 μή
1297 3112 1382 3157 τις
1409 3097 1623 3168 νομίσῃ,
1659 3098 1740 3150 ὃτι
1803 3097 1876 3168 μὴ

297 3183 439 3254 ἔχων
459 3184 591 3237 αὑτὸ
611 3183 914 3254 ὲλάμὸανεν
933 3200 948 3215 ο
977 3185 1139 3248 αὐτὸς
1177 3184 1284 3254 γὰρ
1307 3187 1436 3239 αὐτὸ
1475 3187 1678 3241 ἄνωθεν
1706 3188 1876 3259 ἕπεμ-
1903 3181 1914 3204 ⁸

298 3295 422 3338 πεν,
457 3277 533 3339 ὡς
559 3275 726 3339 θεός
757 3277 850 3330 καὶ
879 3276 1039 3340 αὐτὸς
1063 3277 1194 3330 αὐτὸ
1237 3278 1387 3330 κάτω
1438 3278 1755 3348 ὑπεδέχετο,
1803 3279 1879 3343 ὡς

298 3369 606 3439 ἄνθρωπος.
661 3368 753 3432 Ἐξ
783 3368 948 3421 αὐτοῦ
974 3363 1067 3420 οὖν
1119 3371 1199 3431 εἰς
1239 3369 1401 3422 αὐτὸν
1429 3371 1640 3440 κατῄει,
1668 3373 1731 3423 ὲκ
1779 3371 1880 3440 τῆς

302 3458 553 3529 θεότητος
582 3457 745 3511 αὐτοῦ
789 3446 868 3521 ἑξς
906 3457 1004 3526 τὴν
1032 3458 1426 3530 ἀνθρωπότητα
1472 3460 1658 3514 αὐτοῦ.
1695 3461 1804 3515 Καὶ
1851 3463 1880 3514 6

302 3550 407 3621 μὲν
463 3550 687 3614 Ἡσαΐας
740 3551 806 3602 ὲκ
837 3547 1129 3622 προσώπου
1173 3549 1266 3602 τοῦ
1296 3551 1506 3620 Πατρὸς
1546 3552 1644 3623 βοᾷ
1668 3552 1872 3621 λέγων’

305 3642 472 3694 Οὕτω
523 3641 686 3712 λέγει
739 3643 956 3710 Κύριος
996 3641 1106 3710 (80)
1142 3645 1174 3694 ό
1213 3643 1356 3706 Θεός
1387 3659 1522 3706 σου,
1559 3646 1593 3696 ό
1619 3643 1880 3711 ποιήσας

300 3747 380 3784 σε
409 3731 507 3784 καὶ
541 3731 784 3798 πλάσας
814 3748 888 3785 σε
910 3731 977 3784 ἐκ
1005 3731 1235 3796 κοιλίας
1254 3748 1268 3761 ο
1300 3735 1358 3784 Μ
1365 3731 1398 3798 ἡ
1425 3731 1644 3801 φοϐοῦ,
1674 3737 1707 3787 ὁ
1741 3734 1882 3800 παῖς

297 3839 422 3892 μου
463 3821 682 3889 Ἰακὼϐ,
747 3823 905 3876 καὶὸ
931 3821 1314 3892 ἠγαπημένος
1358 3823 1596 3893 Ἰσραὴλ
1621 3867 1637 3892 ,
1679 3826 1752 3880 ὃν
1789 3827 1886 3892 ἐε-

308 3911 635 3981 ελεξᾶμην
656 3912 743 3966 ὅτι
755 3912 868 3982 ἐγὼ
881 3912 1052 3966 δώσω
1070 3912 1224 3981 ὕδωρ
1239 3913 1307 3966 ἐν
1322 3913 1483 3982 δίψει
1498 3915 1620 3982 τοῖς
1636 3933 1882 3985 πορευο-

292 4003 511 4073 μένοις
532 4004 603 4057 ἐν
631 4003 898 4072 ἀνύδρῳ·
935 4004 1202 4071 ἐπιθήσω
1233 4003 1298 4057 τὸ
1335 4005 1577 4075 Πνεῦμά
1609 4026 1729 4077 μου
1781 4009 1880 4062 ἐπὶ

303 4093 375 4146 τὸ
403 4090 640 4162 σπέρμα
663 4106 801 4157 σου,
833 4092 931 4146 καὶ
958 4092 1066 4157 τὰς
1093 4091 1373 4160 εὐλογίας
1397 4109 1516 4160 μου
1548 4093 1646 4147 ἐπὶ
1684 4094 1757 4150 τὰ
1786 4093 1881 4149 τέ-

307 4200 427 4237 acra
451 4197 569 4237 σου
601 4184 735 4256 (81).
771 4185 857 4237 Ἐν
874 4183 950 4257 τῷ
978 4183 1293 4256 Εὑαγγελίῳ
1319 4183 1376 4237 δὲ
1406 4185 1433 4236 ὁ
1465 4183 1590 4248 Υἱὸς
1614 4185 1883 4255 ἐπαγγέλ-

1971 1913 2098 1981 ﬁlia:
2151 1922 2335 1966 vestrte
2366 1911 2435 1964 ".
2501 1909 2567 1963 Et
2616 1918 2901 1979 propterea
2944 1905 3238 1961 insuﬂlavit
3278 1905 3452 1973 ipsum
3487 1903 3542 1957 in

1973 2005 2164 2060 faciem
2191 2003 2568 2074 apostolorum
2600 2002 2819 2056 dicens:
2851 2000 3082 2068 Accipite
3111 1997 3373 2065 Spiritum
3412 2012 3544 2048 sart-

1972 2108 2114 2152 ctum
2147 2097 2228 2150 '°:
2265 2105 2324 2150 ut
2350 2096 2649 2157 discamus,
2683 2092 2942 2162 Spiritum
2983 2092 3079 2161 qui
3123 2090 3405 2158 discipulis
3444 2091 3543 2143 da-

1976 2198 2083 2250 tur,
2119 2204 2183 2241 ex
2213 2185 2549 2255 plenitudine
2597 2183 2817 2238 deitatis
2848 2197 2988 2237 esse.
3037 2179 3106 2233 In
3135 2179 3344 2233 Christo
3381 2178 3544 2237 enim,

1975 2281 2170 2350 inquit,
2216 2277 2501 2343 inhabitat,
2571 2278 2674 2330 hoc
2728 2284 2812 2329 est
2851 2274 2905 2327 in
2954 2287 3119 2327 carne
3156 2273 3274 2341 ejus
3307 2309 3322 2333 ,
3377 2270 3546 2322 omnis

1973 2371 2242 2440 plenitudo
2304 2367 2602 2422 divinitatis
2655 2366 3002 2435 corporaliter
3040 2363 3129 2428 ⁸¹;
3184 2372 3244 2415 ut
3289 2363 3418 2414 item
3475 2359 3550 2413 ait

1974 2462 2211 2518 Joannes
2244 2460 2481 2525 Baptista
2520 2478 2533 2512 :
2571 2457 2683 2510 Nos
2716 2473 2894 2510 omnes
2945 2455 3009 2508 de
3062 2452 3391 2524 plenitudine
3433 2450 3547 2520 ejus

1977 2553 2269 2620 accepimus
2304 2551 2371 2602 θ’.
2405 2547 2686 2618 Corporali
2713 2547 2856 2601 enim
2887 2545 3087 2616 specie,
3126 2544 3229 2598 hoc
3261 2551 3364 2604 est,
3389 2543 3549 2611 quasi

1977 2642 2255 2703 columba,
2288 2642 2440 2696 visus
2490 2648 2573 2694 est
2621 2638 2860 2708 Spiritus
2913 2649 3137 2692 sanctus
3181 2633 3549 2698 descendere,

1979 2744 2034 2788 et
2066 2747 2287 2786 manere
2310 2747 2474 2800 super
2505 2746 2651 2784 eum.
2687 2728 2743 2782 lu
2775 2729 2931 2782 nobis
2967 2728 3165 2797 quippe
3209 2725 3462 2796 primitiae
3494 2735 3552 2780 et

1979 2824 2140 2878 arrlta
2174 2823 2396 2878 deitalis
2428 2821 2754 2882 inhabitant,
2801 2821 2854 2871 in
2885 2817 3103 2873 Christo
3153 2828 3334 2872 autem
3371 2817 3552 2871 omnis

1981 2912 2258 2983 plenitudo
2287 2911 2608 2966 divinitatis.
2641 2908 2704 2962 Et
2735 2924 2802 2962 ne
2830 2909 2955 2978 quis
2991 2909 3216 2977 putarit,
3251 2923 3374 2961 eum
3420 2921 3548 2960 cum

1981 3009 2134 3078 prius
2156 3024 2262 3062 non
2292 3007 2537 3071 haberet,
2573 3005 2751 3075 ipsum
2777 3005 3053 3073 accepisse
3081 3021 3094 3054 :
3128 3019 3250 3058 eum
3279 3003 3369 3057 ille
3389 3003 3552 3058 desu-

1932 3165 1947 3182 ~
1985 3116 2078 3170 per
2102 3100 2367 3162 mittebat,
2403 3107 2588 3166 utpote
2639 3096 2801 3162 Deus,
2844 3106 2900 3150 et
2931 3098 3044 3164 ipse
3077 3095 3216 3150 infra
3254 3097 3404 3150 illum
3429 3111 3546 3167 Iac-

1981 3193 2235 3260 cipiebat,
2269 3199 2328 3245 ut
2356 3191 2544 3246 homo.
2586 3189 2663 3242 Ex
2690 3190 2808 3258 ipso
2833 3189 3000 3258 igitur
3029 3190 3080 3242 in
3117 3194 3293 3256 ipsum
3320 3189 3548 3245 descen-

1982 3281 2082 3342 (Iit,
2125 3281 2383 3334 nimirum
2421 3295 2488 3333 ex
2519 3280 2800 3335 divinitate
2840 3279 2959 3348 ejus
2996 3279 3048 3332 in
3087 3279 3207 3348 ejus
3247 3279 3554 3333 humanita-

1985 3380 2110 3424 tem.
2165 3368 2230 3424 Et
2284 3370 2451 3424 Isaias
2509 3369 2726 3438 quidem
2759 3384 2825 3423 ex
2879 3383 3110 3437 persona
3155 3368 3328 3422 Patris
3357 3368 3560 3422 clamat

1985 3462 2071 3515 his
2099 3461 2323 3516 verbis:
2363 3457 2452 3514 Sic
2506 3459 2637 3512 dicit
2685 3459 2944 3511 Dominus
2987 3457 3126 3511 Deus
3168 3469 3311 3521 tuus,
3355 3457 3557 3526 faciens

1983 3563 2035 3607 et
2057 3554 2291 3623 formans
2322 3560 2368 3604 te
2397 3549 2460 3603 ab
2490 3560 2635 3603 utero
2663 3566 2681 3602 :
2715 3547 2842 3602 Noli
2875 3550 3076 3615 timere,
3110 3564 3240 3616 puer
3269 3548 3342 3600 nti
3366 3545 3557 3608 Iacob,

1991 3654 2040 3698 et
2069 3643 2256 3696 dilecte
2314 3640 2505 3705 Israel,
2545 3657 2697 3710 quem
2733 3641 2900 3710 elegi;
2934 3637 3070 3691 dabo
3103 3640 3242 3692 enim
3274 3653 3465 3708 aquam
3502 3639 3560 3690 in

1991 3733 2082 3786 siti
2137 3731 2248 3785 illis
2287 3732 2376 3801 qui
2427 3730 2702 3784 ambulant
2748 3731 2802 3783 in
2855 3731 3110 3799 inaquoso
3146 3743 3166 3781 :
3206 3738 3254 3782 et
3293 3729 3560 3797 imponam

1994 3823 2254 3892 Spiritum
2287 3837 2457 3875 meum
2488 3837 2644 3890 super
2695 3836 2868 3875 semen
2921 3829 3090 3885 tuum,
3138 3829 3189 3873 et
3242 3819 3560 3872 benedictio-

1993 3929 2111 3967 nem
2141 3930 2310 3967 meam
2344 3927 2497 3980 super
2528 3913 2720 3966 liberos
2749 3920 2865 3964 tuos
2903 3911 2972 3964 ⁸³.
3029 3910 3084 3964 In
3140 3909 3431 3980 Evangelia
3463 3925 3562 3965 auo

1989 4013 2096 4058 tem
2122 4003 2293 4059 Filius
2325 4004 2610 4073 pollicetur
2642 4019 2703 4058 se
2737 4002 2993 4057 daturum
3038 4018 3236 4072 aquam
3273 4002 3342 4056 iis
3374 4003 3468 4072 qui
3504 4003 3560 4056 in

1987 4098 2076 4153 siti
2130 4097 2443 4158 ambulant,
2495 4096 2622 4149 dum
2678 4094 3035 4149 Samaritana:
3091 4096 3165 4148 ita
3225 4095 3292 4149 de
3354 4093 3560 4162 Spiritu

1989 4196 2180 4243 sancto
2219 4187 2499 4256 loquitur:
2533 4184 2592 4240 Si
2639 4187 2800 4241 scires
2847 4185 3042 4238 donum
3081 4183 3199 4251 Dei,
3246 4194 3297 4239 et
3336 4185 3453 4255 quis
3481 4195 3562 4241 est

380 4391 432 4430 ⁷⁸
454 4387 612 4446 Joan.
649 4408 745 4459 vn,
774 4392 862 4458 .38,
899 4391 988 4446 59.
1041 4393 1085 4425 "
1110 4390 1247 4446 Joel.
1284 4407 1340 4458 ιι,
1370 4390 1459 4446 28.
1535 4390 1754 4447 "Joan.
1781 4409 1875 4461 xx,

1982 4434 1989 4449 .
2062 4395 2106 4426 ⁸¹
2130 4394 2339 4450 Coloss.
2362 4409 2420 4460 ll,
2445 4393 2497 4448 9.
2573 4393 2619 4424 ⁸⁸
2645 4391 2802 4448 .lnan.
2845 4407 2884 4457 ι,
2909 4391 2998 4445 16.
3072 4391 3119 4422 ⁸³
3146 4390 3250 4444 lsa.
3272 4389 3560 4456 xur,2,3.

385 4526 498 4606 (74)
528 4527 604 4581 Ita
634 4526 881 4606 Seguer_.,
916 4547 1074 4606 quem
1101 4531 1568 4606 sequimurLAl‘ii,
1594 4527 1698 4606 sit;
1731 4533 1875 4606 Υἱός,

1992 4551 2144 4606 guer.
2177 4535 2388 4605 Anglic.
2419 4532 2636 4606 Gobler.
2670 4541 2724 4606 et
2745 4531 2903 4606 AFelc.
2938 4531 3416 4606 1,λὸ-βαπτιστῄς,
3463 4529 3564 4606 alii

311 4597 500 4672 minus
529 4597 1032 4672 recte,_utvidetur._
1055 4597 1220 4667 lul'ra,
1244 4611 1365 4671 post
1387 4602 1658 4672 ἀληθινός,
1679 4606 1731 4658 in
1753 4597 1886 4660 solis

311 4665 792 4742 Seguer._Goliler.
834 4681 889 4742 et
948 4669 1092 4742 Felc.
1129 4665 1506 4742 41,:ltabetttr,
1559 4675 1652 4726 καὶ
1701 4673 1880 4742 φύσει.

307 4735 481 4809 Infra,
520 4737 609 4809 τῂν
631 4738 726 4791 ἕνα
752 4739 944 4805 legitur
975 4741 1028 4794 in
1061 4740 1178 4809 solo
1215 4739 1530 4809 Segueriau.

391 4806 502 4878 (75)
538 4806 759 4878 Seguer.
786 4809 1003 4864 Gobler.
1030 4819 1085 4865 et
1110 4808 1252 4863 Felc.
1291 4806 1340 4875 ἰ,
1371 4811 1466 4863 καὶ
1502 4812 1636 4865 Νέα.

391 4875 505 4956 (79')
528 4875 1047 4956 Sic'Basi_l._Angli_c._
1068 4889 1122 4934 et
1147 4879 1371 4956 Seguer.
1404 4879 1542 4956 Editi
1569 4893 1621 4934 et
1637 4882 1757 4956 alii,
1784 4883 1886 4956 τῆς

311 4947 660 5028 αὑτοζιλμω
687 4949 849 5028 G__obl._
874 4947 941 5004 et'
959 4949 1102 5028 Fel_c.
1164 4947 1244 5028 μ’
1271 4950 1515 5028 ὲξομσιας
1567 4953 1658 5004 καὶ
1677 4947 1882 5028 οὐσίας.

314 5016 376 5070 ιη
412 5017 571 5072 editis
595 5028 650 5073 et
677 5021 798 5076 aliis
836 5021 969 5082 haec,
1013 5020 1259 5085 ἐξουσίας
1287 5016 1400 5086 καί,
1427 5023 1641 5076 desunt.
1675 5020 1831 5086 lbid.,
1859 5025 1887 5074 ό

316 5086 698 5162 Ιςύριος-ιξοθει
723 5090 778 5144 in
811 5091 934 5162 seg.
962 5091 1089 5146 Post
1115 5092 1250 5162 περὶ
1269 5089 1364 5146 τοῦ
1399 5090 1734 5161 Πνεύματος,
1766 5093 1889 5161 qui-

316 5157 690 5230 darladdunt
726 5157 992 5230 qqci,alii
1017 5157 1294 5215 omittunt.

393 5232 411 5295 t_
419 5225 507 5295 77)
529 5226 677 5293 Haec,
697 5225 807 5284 Kal.
829 5231 918 5284 διὰ
941 5231 1119 5295 τοῦτο,
1173 5241 1301 5296 etc.,
1337 5233 1602 5288 habentur
1635 5241 1782 5285 torno
1803 5229 1892 5284 Vll

318 5297 704 5371 Conciliorum,
733 5317 785 5371 p.
816 5302 940 5366 916,
968 5310 1301 5369 voeaturque
1333 5302 1493 5356 isthic
1533 5304 1635 5356 hoc
1651 5317 1889 5370 opuscu-

319 5369 460 5440 lum,
494 5366 682 5424 Oratio
722 5366 786 5425 de
817 5372 1154 5440 apparitione
1184 5366 1477 5436 Dominilin
1509 5366 1706 5434 carne,
1760 5386 1886 5426 nam

317 5435 516 5511 Latine
539 5449 752 5511 tantum
781 5435 961 5496 exstat
991 5441 1061 5511 ibi
1095 5441 1263 5511 locus.
1291 5435 1490 5495 Ibidem
1517 5441 1766 5511 Seguer.,
1795 5443 1889 5511 ὲμ-

317 5509 716 5596 egeamus;
748 5509 1184 5596 Κύριοςςιιῃσοςιβ
1237 5513 1334 5572 εἰς.
1391 5509 1645 5596 Anglici,‘
1670 5509 1888 5596 ἐμφυσᾷ

319 5578 489 5652 αὐτὸς
521 5582 551 5632 6
571 5581 805 5652 _K6pto;
826 5578 924 5643 εἰς.
954 5578 1095 5634 Infra
1128 5579 1348 5650 Seguer.
1387 5578 1554 5646 solus,
1586 5578 1888 5652 πληρώμαέ-

314 5648 597 5722 τοςαὺτοῦ
621 5648 720 5718 τῆς
743 5651 1009 5722 θεότητος.
1206 5648 1235 5722 ί
1299 5719 1309 5722 _
1463 5674 1472 5722 ξ

394 5718 506 5790 (78)
533 5719 761 5790 Seguur.
795 5718 915 5790 post
944 5722 1192 5793 θεότητος
1225 5719 1385 5774 habet
1419 5719 1604 5774 αὑτοῦ.
1637 5718 1759 5778 M01
1793 5719 1890 5780 Se.-

1993 4600 2047 4660 ét
2067 4606 2219 4668 editi,
2245 4600 2637 4674 εὖαγγελιστής
2658 4619 2673 4634 ο
2696 4603 2757 4674 id
2790 4613 2941 4674 certe
2956 4603 3039 4674 ait
3067 4600 3302 4674 Joannes
3327 4600 3562 4674 B_ap_tista

1991 4677 2133 4744 apud
2162 4669 2424 4730 Joannem
2457 4669 2874 4744 Evangelistam.
2924 4671 3044 4726 Mox
3081 4672 3303 4737 Segucr.
3343 4669 3560 4723 Gobler.

1992 4743 2047 4800 et
2077 4745 2218 4800 Felc.
2259 4747 2311 4808 l,
2341 4745 2441 4799 soli
2467 4744 2665 4798 habent
2689 4743 2888 4805 πάντες
2911 4751 3030 4810 post
3052 4744 3227 4810 ὑμεῖς.

2070 4816 2181 4888 (79)
2209 4816 2323 4888 Γὰρ
2355 4815 2506 4888 deest
2537 4815 2590 4867 in
2620 4811 2764 4888 Felc.
2798 4812 3048 4888 _5._l‘nfra
3086 4811 3357 4888 ’ῥεξέμεν-η
3401 4821 3560 4888 quem

1995 4876 2304 4955 sequimur,
2335 4885 2411 4955 μὴ
2445 4883 2582 4955 ἔχων
2616 4883 2776 4955 αὑτό,
2797 4883 2936 4955 Editi
2969 4891 3024 4934 et
3051 4881 3163 4955 alii,
3187 4876 3268 4955 ’μῂ
3299 4878 3436 4955 ἔχων
3467 4876 3563 4929 αὑ-

1993 4947 2103 5020 τάξ.
2138 4947 2307 5010 Paulo
2335 4947 2709 5023 'po'st'Seguer.
2740 4953 3046 5023 Goblerset
3069 4947 3207 5003 Felc.
3239 4947 3287 5023 l_,
3317 4947 3562 5023 ἔπεμπεν

1996 5015 2161 5091 recte;
2180 5015 2510 5085 aliiet'editi,
2527 5015 2795 5094 ἐπεμψεν.
2809 5021 2933 5094 Mox
2953 5020 3176 5094 Seguer.
3196 5018 3368 5094 solus,
3391 5015 3560 5076 κάτω,

1997 5087 2863 5182 51W“1'99.§¢q"_l"".i'3_A“E’
2918 5087 3402 5182 astricta-312:2
3441 5095 3564 5182 esse

1998 5156 2222 5236 Seguer.
2253 5156 2493 5236 Goblerf
2517 5174 2571 5216 et
2619 5163 2758 5236 Felc.
2823 5161 2874 5226 1,
2933 5162 3012 5222 εις
3062 5157 3152 5209 τὸν
3207 5156 3402 5213 αὐτόν*
3455 5157 3564 5209 duo

1994 5231 2254 5305 postremi
2279 5235 2500 5305 ibidem,
2542 5231 2757 5305 κατειη.
2863 5297 2884 5305 _
3142 5296 3220 5305 ___
3389 5281 3393 5285 .

2067 5307 2178 5378 (80)
2237 5305 2312 5360 Ita
2369 5303 2592 5378 Seguer.
2647 5296 2833 5378 sol'us._
2863 5297 2922 5352 In
2976 5296 3343 5378 aliisAKtipto;
3392 5296 3563 5378 deest.

1995 5364 2472 5431 lnl'ra'articulus'
2502 5376 2531 5425 6
2568 5381 2691 5425 ante
2731 5372 2880 5432 παῖς,
2928 5378 2982 5422 et
3034 5376 3159 5421 ante
3211 5364 3567 5434 ἧγαπημένος

1995 5449 2147 5504 deest
2167 5449 2222 5500 in
2260 5442 2584 5514 quibusdam
2617 5455 2748 5514 mss.
2783 5437 2907 5493 Mox
2940 5437 3189 5514 Seguer.,
3213 5437 3273 5514 όν
3303 5435 3432 5514 ὲχῴ.

2067 5518 2176 5589 (81)
2209 5503 2396 5589 Bafsit.,
2430 5513 2550 5589 _én:l
2589 5509 2656 5562 τὰ
2681 5508 2858 5589 τέκνα.
2882 5525 2996 5589 gon",
3018 5503 3119 5559 'xat
3168 5503 3568 5589 τὰςιῇεὺξκργξας

1997 5575 2100 5660 μοὶ)
2131 5575 2225 5660 ἐπ).
2245 5585 2306 5660 τὸ
2339 5575 2560 5653 σπέρμα
2610 5596 2726 5632 σου.
2784 5578 2918 5634 Ibid.
2964 5579 3210 5647 Segucr.,
3263 5577 3348 5628 Ἐν
3374 5575 3428 5628 δὲ
3453 5576 3568 5632 τοῖς

1993 5655 2361 5726 Εὑαγγελίοις.
