  <div class='ocr_page' id='page_1' title='image "/cluster/home/n/w/nwhite01/storage/ocr_20150623/26/mdp.39015019958456/519.png"; bbox 0 0 3992 6230; ppageno 0'>
   <div class='ocr_carea' id='block_1_1' title="bbox 422 320 562 379">
    <p class='ocr_par' dir='ltr' id='par_1_1' title="bbox 422 320 562 379">
     <span class='ocr_line' id='line_1_1' title="bbox 422 320 562 379; baseline -0.007 0"><span class='ocrx_word' id='word_1_1' title='bbox 422 320 562 379; x_wconf 76' lang='grc'>-1003</span> 
     </span>
    </p>
   </div>
   <div class='ocr_carea' id='block_1_2' title="bbox 992 312 3042 383">
    <p class='ocr_par' dir='ltr' id='par_1_2' title="bbox 992 312 3042 383">
     <span class='ocr_line' id='line_1_2' title="bbox 992 312 3042 383; baseline 0.001 -9"><span class='ocrx_word' id='word_1_2' title='bbox 992 321 1048 374; x_wconf 92' lang='lat' dir='ltr'><strong>S.</strong></span> <span class='ocrx_word' id='word_1_3' title='bbox 1091 320 1460 383; x_wconf 77' lang='lat' dir='ltr'><strong>ATHANASII</strong></span> <span class='ocrx_word' id='word_1_4' title='bbox 1498 319 1646 374; x_wconf 89' lang='lat' dir='ltr'><strong>OPP.</strong></span> <span class='ocrx_word' id='word_1_5' title='bbox 1686 319 1864 374; x_wconf 80' lang='lat' dir='ltr'><strong>PARS</strong></span> <span class='ocrx_word' id='word_1_6' title='bbox 1903 321 1941 373; x_wconf 85' lang='lat'><strong>!.</strong></span> <span class='ocrx_word' id='word_1_7' title='bbox 1983 349 2053 360; x_wconf 91' lang='grc'><strong><em>--</em></strong></span> <span class='ocrx_word' id='word_1_8' title='bbox 2090 312 2456 375; x_wconf 80' lang='lat' dir='ltr'><strong>HISTORICA</strong></span> <span class='ocrx_word' id='word_1_9' title='bbox 2498 320 2584 374; x_wconf 87' lang='lat' dir='ltr'><strong>ET</strong></span> <span class='ocrx_word' id='word_1_10' title='bbox 2626 320 3042 378; x_wconf 79' lang='lat' dir='ltr'><strong>DOGMATICA.</strong></span> 
     </span>
    </p>
   </div>
   <div class='ocr_carea' id='block_1_3' title="bbox 3514 315 3647 371">
    <p class='ocr_par' dir='ltr' id='par_1_3' title="bbox 3514 315 3647 371">
     <span class='ocr_line' id='line_1_3' title="bbox 3514 315 3647 371; baseline 0 -1"><span class='ocrx_word' id='word_1_11' title='bbox 3514 315 3647 371; x_wconf 65' lang='grc'>1004</span> 
     </span>
    </p>
   </div>
   <div class='ocr_carea' id='block_1_4' title="bbox 433 431 1967 510">
    <p class='ocr_par' dir='ltr' id='par_1_4' title="bbox 433 437 1967 510">
     <span class='ocr_line' id='line_1_4' title="bbox 433 437 1967 510; baseline -0.003 -14"><span class='ocrx_word' id='word_1_12' title='bbox 433 456 544 497; x_wconf 63' lang='lat' dir='ltr'><strong>tura</strong></span> <span class='ocrx_word' id='word_1_13' title='bbox 568 454 664 494; x_wconf 92' lang='lat' dir='ltr'><strong>sua</strong></span> <span class='ocrx_word' id='word_1_14' title='bbox 693 437 889 492; x_wconf 89' lang='lat' dir='ltr'><strong>Filium</strong></span> <span class='ocrx_word' id='word_1_15' title='bbox 923 438 1034 502; x_wconf 88' lang='lat' dir='ltr'><strong>Dei,</strong></span> <span class='ocrx_word' id='word_1_16' title='bbox 1063 439 1157 493; x_wconf 89' lang='lat' dir='ltr'><strong>sed</strong></span> <span class='ocrx_word' id='word_1_17' title='bbox 1186 455 1379 510; x_wconf 90' lang='lat' dir='ltr'><strong>corpus</strong></span> <span class='ocrx_word' id='word_1_18' title='bbox 1409 439 1526 493; x_wconf 81' lang='lat' dir='ltr'><strong>Filii</strong></span> <span class='ocrx_word' id='word_1_19' title='bbox 1560 438 1673 492; x_wconf 83' lang='lat' dir='ltr'><strong>Dei.</strong></span> <span class='ocrx_word' id='word_1_20' title='bbox 1702 438 1839 492; x_wconf 89' lang='lat' dir='ltr'><strong>Cum</strong></span> <span class='ocrx_word' id='word_1_21' title='bbox 1874 439 1967 492; x_wconf 90' lang='lat' dir='ltr'><strong>ita-</strong></span> 
     </span>
    </p>
   </div>
   <div class='ocr_carea' id='block_1_5' title="bbox 2069 431 3646 510">
    <p class='ocr_par' dir='ltr' id='par_1_5' title="bbox 2077 431 3646 510">
     <span class='ocr_line' id='line_1_5' title="bbox 2077 431 3646 510; baseline -0.004 -18"><span class='ocrx_word' id='word_1_22' title='bbox 2077 437 2168 492; x_wconf 91' lang='grc' dir='ltr'><strong>τοῦ</strong></span> <span class='ocrx_word' id='word_1_23' title='bbox 2194 437 2320 491; x_wconf 79' lang='grc' dir='ltr'>Υίοῦ</span> <span class='ocrx_word' id='word_1_24' title='bbox 2352 439 2535 493; x_wconf 85' lang='grc' dir='ltr'>αὐτοῦ.</span> <span class='ocrx_word' id='word_1_25' title='bbox 2579 441 2686 494; x_wconf 74' lang='grc' dir='ltr'><strong>Καὶ</strong></span> <span class='ocrx_word' id='word_1_26' title='bbox 2717 441 2776 492; x_wconf 86' lang='grc' dir='ltr'>οὐ</span> <span class='ocrx_word' id='word_1_27' title='bbox 2809 440 3039 510; x_wconf 86' lang='grc' dir='ltr'>λέγομεν</span> <span class='ocrx_word' id='word_1_28' title='bbox 3064 438 3124 491; x_wconf 87' lang='grc' dir='ltr'>τὸ</span> <span class='ocrx_word' id='word_1_29' title='bbox 3173 436 3330 506; x_wconf 88' lang='grc' dir='ltr'>σῶμα</span> <span class='ocrx_word' id='word_1_30' title='bbox 3356 431 3495 488; x_wconf 78' lang='grc' dir='ltr'>εἶναι</span> <span class='ocrx_word' id='word_1_31' title='bbox 3520 435 3646 487; x_wconf 83' lang='grc' dir='ltr'>Υἱὸν</span> 
     </span>
    </p>
   </div>
   <div class='ocr_carea' id='block_1_6' title="bbox 430 528 1982 602">
    <p class='ocr_par' dir='ltr' id='par_1_6' title="bbox 430 528 1982 602">
     <span class='ocr_line' id='line_1_6' title="bbox 430 528 1982 602; baseline -0.003 -16"><span class='ocrx_word' id='word_1_32' title='bbox 430 547 528 602; x_wconf 71' lang='lat' dir='ltr'><strong>que</strong></span> <span class='ocrx_word' id='word_1_33' title='bbox 554 545 754 599; x_wconf 89' lang='lat' dir='ltr'><strong>corpus</strong></span> <span class='ocrx_word' id='word_1_34' title='bbox 782 529 1071 590; x_wconf 79' lang='lat' dir='ltr'><strong>excitatur,</strong></span> <span class='ocrx_word' id='word_1_35' title='bbox 1102 528 1273 585; x_wconf 89' lang='lat' dir='ltr'><strong>Filius</strong></span> <span class='ocrx_word' id='word_1_36' title='bbox 1303 528 1621 598; x_wconf 91' lang='lat' dir='ltr'><strong>intelligitur</strong></span> <span class='ocrx_word' id='word_1_37' title='bbox 1664 528 1893 583; x_wconf 76' lang='lat' dir='ltr'><strong>excitari</strong></span> <span class='ocrx_word' id='word_1_38' title='bbox 1915 545 1982 584; x_wconf 83' lang='lat' dir='ltr'><strong>ex</strong></span> 
     </span>
    </p>
   </div>
   <div class='ocr_carea' id='block_1_7' title="bbox 429 620 1981 690">
    <p class='ocr_par' dir='ltr' id='par_1_7' title="bbox 429 620 1981 690">
     <span class='ocr_line' id='line_1_7' title="bbox 429 620 1981 690; baseline -0.001 -13"><span class='ocrx_word' id='word_1_39' title='bbox 429 622 673 677; x_wconf 77' lang='lat' dir='ltr'><strong>mortuis.</strong></span> <span class='ocrx_word' id='word_1_40' title='bbox 705 621 936 690; x_wconf 89' lang='lat' dir='ltr'><strong>Ideoque</strong></span> <span class='ocrx_word' id='word_1_41' title='bbox 969 620 1203 677; x_wconf 89' lang='lat' dir='ltr'><strong>dicimus</strong></span> <span class='ocrx_word' id='word_1_42' title='bbox 1245 621 1398 676; x_wconf 90' lang='lat' dir='ltr'><strong>illum</strong></span> <span class='ocrx_word' id='word_1_43' title='bbox 1433 621 1730 676; x_wconf 89' lang='lat' dir='ltr'><strong>secundum</strong></span> <span class='ocrx_word' id='word_1_44' title='bbox 1763 636 1981 677; x_wconf 83' lang='lat' dir='ltr'><strong>carnem</strong></span> 
     </span>
    </p>
   </div>
   <div class='ocr_carea' id='block_1_8' title="bbox 428 712 1976 782">
    <p class='ocr_par' dir='ltr' id='par_1_8' title="bbox 428 712 1976 782">
     <span class='ocr_line' id='line_1_8' title="bbox 428 712 1976 782; baseline -0.002 -15"><span class='ocrx_word' id='word_1_45' title='bbox 428 723 717 780; x_wconf 89' lang='lat' dir='ltr'><strong>mortuum,</strong></span> <span class='ocrx_word' id='word_1_46' title='bbox 752 712 1044 782; x_wconf 89' lang='lat' dir='ltr'><strong>sepultum,</strong></span> <span class='ocrx_word' id='word_1_47' title='bbox 1068 721 1123 768; x_wconf 90' lang='lat' dir='ltr'><strong>et</strong></span> <span class='ocrx_word' id='word_1_48' title='bbox 1149 713 1441 768; x_wconf 82' lang='lat' dir='ltr'><strong>excitatum</strong></span> <span class='ocrx_word' id='word_1_49' title='bbox 1469 712 1642 770; x_wconf 89' lang='lat' dir='ltr'><strong>fuisse</strong></span> <span class='ocrx_word' id='word_1_50' title='bbox 1664 729 1692 768; x_wconf 90' lang='lat' dir='ltr'><strong>a</strong></span> <span class='ocrx_word' id='word_1_51' title='bbox 1714 715 1976 770; x_wconf 80' lang='lat' dir='ltr'><strong>mortuis:</strong></span> 
     </span>
    </p>
   </div>
   <div class='ocr_carea' id='block_1_9' title="bbox 427 803 1984 873">
    <p class='ocr_par' dir='ltr' id='par_1_9' title="bbox 427 803 1984 873">
     <span class='ocr_line' id='line_1_9' title="bbox 427 803 1984 873; baseline 0 -13"><span class='ocrx_word' id='word_1_52' title='bbox 427 805 718 860; x_wconf 84' lang='lat' dir='ltr'><strong>secundum</strong></span> <span class='ocrx_word' id='word_1_53' title='bbox 753 803 1003 873; x_wconf 78' lang='lat' dir='ltr'><strong>spiritum</strong></span> <span class='ocrx_word' id='word_1_54' title='bbox 1033 811 1212 858; x_wconf 90' lang='lat' dir='ltr'><strong>autem</strong></span> <span class='ocrx_word' id='word_1_55' title='bbox 1256 804 1312 858; x_wconf 91' lang='lat' dir='ltr'><strong>in</strong></span> <span class='ocrx_word' id='word_1_56' title='bbox 1366 804 1614 871; x_wconf 76' lang='lat' dir='ltr'><strong>cmlo,-et</strong></span> <span class='ocrx_word' id='word_1_57' title='bbox 1643 805 1698 859; x_wconf 92' lang='lat' dir='ltr'><strong>in</strong></span> <span class='ocrx_word' id='word_1_58' title='bbox 1731 814 1896 872; x_wconf 89' lang='lat' dir='ltr'><strong>terra,</strong></span> <span class='ocrx_word' id='word_1_59' title='bbox 1930 814 1984 860; x_wconf 90' lang='lat' dir='ltr'><strong>et</strong></span> 
     </span>
    </p>
   </div>
   <div class='ocr_carea' id='block_1_10' title="bbox 426 891 1983 965">
    <p class='ocr_par' dir='ltr' id='par_1_10' title="bbox 426 891 1983 965">
     <span class='ocr_line' id='line_1_10' title="bbox 426 891 1983 965; baseline 0.003 -19"><span class='ocrx_word' id='word_1_60' title='bbox 426 893 622 964; x_wconf 89' lang='lat' dir='ltr'><strong>ubique</strong></span> <span class='ocrx_word' id='word_1_61' title='bbox 651 901 779 947; x_wconf 88' lang='lat' dir='ltr'><strong>tunc</strong></span> <span class='ocrx_word' id='word_1_62' title='bbox 811 891 1000 948; x_wconf 86' lang='lat' dir='ltr'><strong>fuisse.</strong></span> <span class='ocrx_word' id='word_1_63' title='bbox 1029 891 1480 963; x_wconf 85' lang='lat' dir='ltr'><strong>Quandoquidem</strong></span> <span class='ocrx_word' id='word_1_64' title='bbox 1502 894 1666 965; x_wconf 79' lang='lat' dir='ltr'><strong>igitur</strong></span> <span class='ocrx_word' id='word_1_65' title='bbox 1691 910 1814 950; x_wconf 90' lang='lat' dir='ltr'><strong>cum</strong></span> <span class='ocrx_word' id='word_1_66' title='bbox 1837 905 1983 951; x_wconf 84' lang='lat' dir='ltr'><strong>esset</strong></span> 
     </span>
    </p>
   </div>
   <div class='ocr_carea' id='block_1_11' title="bbox 426 971 1979 1056">
    <p class='ocr_par' dir='ltr' id='par_1_11' title="bbox 426 971 1979 1056">
     <span class='ocr_line' id='line_1_11' title="bbox 426 971 1979 1056; baseline 0.001 -16"><span class='ocrx_word' id='word_1_67' title='bbox 426 987 592 1052; x_wconf 88' lang='lat' dir='ltr'><strong>dives,</strong></span> <span class='ocrx_word' id='word_1_68' title='bbox 621 984 779 1056; x_wconf 82' lang='lat'><strong>703</strong></span> <span class='ocrx_word' id='word_1_69' title='bbox 811 985 863 1040; x_wconf 93' lang='lat' dir='ltr'><strong>id</strong></span> <span class='ocrx_word' id='word_1_70' title='bbox 900 993 1001 1049; x_wconf 89' lang='lat' dir='ltr'><strong>est,</strong></span> <span class='ocrx_word' id='word_1_71' title='bbox 1032 984 1204 1051; x_wconf 89' lang='lat' dir='ltr'><strong>Deus,</strong></span> <span class='ocrx_word' id='word_1_72' title='bbox 1248 983 1430 1040; x_wconf 79' lang='lat' dir='ltr'><strong>factus</strong></span> <span class='ocrx_word' id='word_1_73' title='bbox 1472 971 1556 1040; x_wconf 80' lang='lat' dir='ltr'><strong>est</strong></span> <span class='ocrx_word' id='word_1_74' title='bbox 1580 986 1756 1056; x_wconf 90' lang='lat' dir='ltr'><strong>inops,</strong></span> <span class='ocrx_word' id='word_1_75' title='bbox 1787 987 1841 1042; x_wconf 93' lang='lat' dir='ltr'><strong>id</strong></span> <span class='ocrx_word' id='word_1_76' title='bbox 1875 995 1979 1054; x_wconf 86' lang='lat' dir='ltr'><strong>est,</strong></span> 
     </span>
    </p>
   </div>
   <div class='ocr_carea' id='block_1_12' title="bbox 425 1077 1979 1146">
    <p class='ocr_par' dir='ltr' id='par_1_12' title="bbox 425 1077 1979 1146">
     <span class='ocr_line' id='line_1_12' title="bbox 425 1077 1979 1146; baseline 0.001 -16"><span class='ocrx_word' id='word_1_77' title='bbox 425 1079 587 1132; x_wconf 93' lang='lat' dir='ltr'><strong>homo</strong></span> <span class='ocrx_word' id='word_1_78' title='bbox 609 1116 625 1140; x_wconf 93' lang='lat'><strong>,</strong></span> <span class='ocrx_word' id='word_1_79' title='bbox 651 1087 725 1142; x_wconf 89' lang='lat' dir='ltr'><strong>et,</strong></span> <span class='ocrx_word' id='word_1_80' title='bbox 760 1084 984 1146; x_wconf 81' lang='lat' dir='ltr'><strong>excepto</strong></span> <span class='ocrx_word' id='word_1_81' title='bbox 1002 1086 1245 1146; x_wconf 89' lang='lat' dir='ltr'><strong>peccato,</strong></span> <span class='ocrx_word' id='word_1_82' title='bbox 1277 1077 1330 1131; x_wconf 89' lang='lat' dir='ltr'><strong>in</strong></span> <span class='ocrx_word' id='word_1_83' title='bbox 1352 1077 1608 1132; x_wconf 92' lang='lat' dir='ltr'><strong>omnibus</strong></span> <span class='ocrx_word' id='word_1_84' title='bbox 1669 1077 1865 1133; x_wconf 87' lang='lat' dir='ltr'><strong>similis</strong></span> <span class='ocrx_word' id='word_1_85' title='bbox 1896 1077 1979 1132; x_wconf 81' lang='lat' dir='ltr'><strong>fa-</strong></span> 
     </span>
    </p>
   </div>
   <div class='ocr_carea' id='block_1_13' title="bbox 425 1169 1981 1239">
    <p class='ocr_par' dir='ltr' id='par_1_13' title="bbox 425 1169 1981 1239">
     <span class='ocr_line' id='line_1_13' title="bbox 425 1169 1981 1239; baseline 0.001 -16"><span class='ocrx_word' id='word_1_86' title='bbox 425 1179 545 1226; x_wconf 86' lang='lat' dir='ltr'><strong>ctus</strong></span> <span class='ocrx_word' id='word_1_87' title='bbox 577 1177 662 1224; x_wconf 89' lang='lat' dir='ltr'><strong>est</strong></span> <span class='ocrx_word' id='word_1_88' title='bbox 683 1169 840 1225; x_wconf 88' lang='lat' dir='ltr'><strong>nobis</strong></span> <span class='ocrx_word' id='word_1_89' title='bbox 865 1185 880 1221; x_wconf 89' lang='lat'>:</span> <span class='ocrx_word' id='word_1_90' title='bbox 918 1169 1203 1238; x_wconf 6' lang='lat' dir='ltr'><strong>idcircogut</strong></span> <span class='ocrx_word' id='word_1_91' title='bbox 1227 1169 1389 1224; x_wconf 90' lang='lat' dir='ltr'><strong>homo</strong></span> <span class='ocrx_word' id='word_1_92' title='bbox 1411 1169 1608 1239; x_wconf 89' lang='lat' dir='ltr'><strong>accipit</strong></span> <span class='ocrx_word' id='word_1_93' title='bbox 1637 1170 1826 1237; x_wconf 89' lang='lat' dir='ltr'><strong>vitam,</strong></span> <span class='ocrx_word' id='word_1_94' title='bbox 1855 1170 1981 1225; x_wconf 90' lang='lat' dir='ltr'><strong>licet</strong></span> 
     </span>
    </p>
   </div>
   <div class='ocr_carea' id='block_1_14' title="bbox 423 1261 1980 1332">
    <p class='ocr_par' dir='ltr' id='par_1_14' title="bbox 423 1261 1980 1332">
     <span class='ocr_line' id='line_1_14' title="bbox 423 1261 1980 1332; baseline 0.001 -17"><span class='ocrx_word' id='word_1_95' title='bbox 423 1263 586 1316; x_wconf 86' lang='lat' dir='ltr'><strong>vitam</strong></span> <span class='ocrx_word' id='word_1_96' title='bbox 618 1261 832 1327; x_wconf 88' lang='lat' dir='ltr'><strong>habeat,</strong></span> <span class='ocrx_word' id='word_1_97' title='bbox 852 1261 1050 1332; x_wconf 89' lang='lat' dir='ltr'><strong>quippe</strong></span> <span class='ocrx_word' id='word_1_98' title='bbox 1078 1261 1193 1332; x_wconf 90' lang='lat' dir='ltr'><strong>ipse</strong></span> <span class='ocrx_word' id='word_1_99' title='bbox 1213 1270 1296 1316; x_wconf 85' lang='lat' dir='ltr'><strong>est</strong></span> <span class='ocrx_word' id='word_1_100' title='bbox 1326 1261 1456 1328; x_wconf 91' lang='lat' dir='ltr'><strong>vita,</strong></span> <span class='ocrx_word' id='word_1_101' title='bbox 1489 1261 1635 1316; x_wconf 83' lang='lat' dir='ltr'><strong>illam</strong></span> <span class='ocrx_word' id='word_1_102' title='bbox 1659 1270 1836 1316; x_wconf 90' lang='lat' dir='ltr'><strong>tamen</strong></span> <span class='ocrx_word' id='word_1_103' title='bbox 1855 1277 1980 1332; x_wconf 89' lang='lat' dir='ltr'><strong>pro-</strong></span> 
     </span>
    </p>
   </div>
   <div class='ocr_carea' id='block_1_15' title="bbox 421 1352 1979 1424">
    <p class='ocr_par' dir='ltr' id='par_1_15' title="bbox 421 1352 1979 1424">
     <span class='ocr_line' id='line_1_15' title="bbox 421 1352 1979 1424; baseline -0.001 -16"><span class='ocrx_word' id='word_1_104' title='bbox 421 1362 538 1422; x_wconf 87' lang='lat' dir='ltr'><strong>pter</strong></span> <span class='ocrx_word' id='word_1_105' title='bbox 560 1369 660 1409; x_wconf 92' lang='lat' dir='ltr'><strong>nos</strong></span> <span class='ocrx_word' id='word_1_106' title='bbox 680 1354 872 1424; x_wconf 88' lang='lat' dir='ltr'><strong>accipit</strong></span> <span class='ocrx_word' id='word_1_107' title='bbox 898 1371 911 1407; x_wconf 91' lang='lat'>:</span> <span class='ocrx_word' id='word_1_108' title='bbox 941 1368 1004 1408; x_wconf 91' lang='lat' dir='ltr'><strong>ac</strong></span> <span class='ocrx_word' id='word_1_109' title='bbox 1028 1362 1213 1422; x_wconf 88' lang='lat' dir='ltr'><strong>utp0te</strong></span> <span class='ocrx_word' id='word_1_110' title='bbox 1231 1353 1394 1407; x_wconf 90' lang='lat' dir='ltr'><strong>homo</strong></span> <span class='ocrx_word' id='word_1_111' title='bbox 1419 1352 1734 1423; x_wconf 88' lang='lat' dir='ltr'><strong>proﬁciebat</strong></span> <span class='ocrx_word' id='word_1_112' title='bbox 1764 1353 1979 1423; x_wconf 86' lang='lat' dir='ltr'><strong>sapien-</strong></span> 
     </span>
    </p>
   </div>
   <div class='ocr_carea' id='block_1_16' title="bbox 421 1443 1973 1516">
    <p class='ocr_par' dir='ltr' id='par_1_16' title="bbox 421 1443 1973 1516">
     <span class='ocr_line' id='line_1_16' title="bbox 421 1443 1973 1516; baseline -0.001 -17"><span class='ocrx_word' id='word_1_113' title='bbox 421 1445 494 1500; x_wconf 88' lang='lat' dir='ltr'><strong>tia</strong></span> <span class='ocrx_word' id='word_1_114' title='bbox 516 1454 570 1500; x_wconf 89' lang='lat' dir='ltr'><strong>et</strong></span> <span class='ocrx_word' id='word_1_115' title='bbox 605 1455 778 1506; x_wconf 84' lang='lat' dir='ltr'><strong>aetate,</strong></span> <span class='ocrx_word' id='word_1_116' title='bbox 802 1445 894 1516; x_wconf 87' lang='lat' dir='ltr'><strong>qui</strong></span> <span class='ocrx_word' id='word_1_117' title='bbox 915 1451 1032 1500; x_wconf 88' lang='lat' dir='ltr'><strong>erat</strong></span> <span class='ocrx_word' id='word_1_118' title='bbox 1059 1453 1255 1500; x_wconf 77' lang='lat' dir='ltr'><strong>aeterna</strong></span> <span class='ocrx_word' id='word_1_119' title='bbox 1281 1443 1375 1500; x_wconf 90' lang='lat' dir='ltr'><strong>Dei</strong></span> <span class='ocrx_word' id='word_1_120' title='bbox 1408 1445 1582 1500; x_wconf 90' lang='lat' dir='ltr'><strong>virtus</strong></span> <span class='ocrx_word' id='word_1_121' title='bbox 1604 1453 1658 1500; x_wconf 90' lang='lat' dir='ltr'><strong>et</strong></span> <span class='ocrx_word' id='word_1_122' title='bbox 1690 1443 1973 1514; x_wconf 82' lang='lat' dir='ltr'><strong>sapientia.</strong></span> 
     </span>
    </p>
   </div>
   <div class='ocr_carea' id='block_1_17' title="bbox 422 1535 1975 1606">
    <p class='ocr_par' dir='ltr' id='par_1_17' title="bbox 422 1535 1975 1606">
     <span class='ocr_line' id='line_1_17' title="bbox 422 1535 1975 1606; baseline -0.001 -15"><span class='ocrx_word' id='word_1_123' title='bbox 422 1535 489 1591; x_wconf 91' lang='lat' dir='ltr'><strong>Ut</strong></span> <span class='ocrx_word' id='word_1_124' title='bbox 516 1537 680 1592; x_wconf 88' lang='lat' dir='ltr'><strong>homo</strong></span> <span class='ocrx_word' id='word_1_125' title='bbox 707 1538 867 1592; x_wconf 89' lang='lat' dir='ltr'><strong>etiam</strong></span> <span class='ocrx_word' id='word_1_126' title='bbox 890 1537 1258 1592; x_wconf 88' lang='lat' dir='ltr'><strong>sanctiﬁcatur</strong></span> <span class='ocrx_word' id='word_1_127' title='bbox 1281 1537 1374 1606; x_wconf 90' lang='lat' dir='ltr'><strong>qui</strong></span> <span class='ocrx_word' id='word_1_128' title='bbox 1396 1547 1617 1594; x_wconf 86' lang='lat' dir='ltr'><strong>sanctus</strong></span> <span class='ocrx_word' id='word_1_129' title='bbox 1660 1545 1762 1604; x_wconf 87' lang='lat' dir='ltr'><strong>est,</strong></span> <span class='ocrx_word' id='word_1_130' title='bbox 1803 1545 1858 1591; x_wconf 90' lang='lat' dir='ltr'><strong>et</strong></span> <span class='ocrx_word' id='word_1_131' title='bbox 1883 1537 1975 1606; x_wconf 92' lang='lat' dir='ltr'><strong>qui</strong></span> 
     </span>
    </p>
   </div>
   <div class='ocr_carea' id='block_1_18' title="bbox 416 1628 1975 1700">
    <p class='ocr_par' dir='ltr' id='par_1_18' title="bbox 416 1628 1975 1700">
     <span class='ocr_line' id='line_1_18' title="bbox 416 1628 1975 1700; baseline -0.002 -15"><span class='ocrx_word' id='word_1_132' title='bbox 416 1630 846 1686; x_wconf 89' lang='lat' dir='ltr'><strong>sanctiﬁcatione</strong></span> <span class='ocrx_word' id='word_1_133' title='bbox 882 1645 992 1686; x_wconf 88' lang='lat' dir='ltr'><strong>non</strong></span> <span class='ocrx_word' id='word_1_134' title='bbox 1023 1638 1143 1700; x_wconf 82' lang='lat' dir='ltr'><strong>eget</strong></span> <span class='ocrx_word' id='word_1_135' title='bbox 1177 1649 1190 1683; x_wconf 89' lang='lat'><strong>:</strong></span> <span class='ocrx_word' id='word_1_136' title='bbox 1227 1645 1351 1684; x_wconf 87' lang='lat' dir='ltr'><strong>nam</strong></span> <span class='ocrx_word' id='word_1_137' title='bbox 1384 1646 1478 1700; x_wconf 85' lang='lat' dir='ltr'><strong>pro</strong></span> <span class='ocrx_word' id='word_1_138' title='bbox 1507 1630 1613 1695; x_wconf 82' lang='lat' dir='ltr'><strong>eis,</strong></span> <span class='ocrx_word' id='word_1_139' title='bbox 1645 1628 1858 1699; x_wconf 84' lang='lat' dir='ltr'><strong>inquit,</strong></span> <span class='ocrx_word' id='word_1_140' title='bbox 1884 1645 1975 1700; x_wconf 76' lang='lat' dir='ltr'><strong>ego</strong></span> 
     </span>
    </p>
   </div>
   <div class='ocr_carea' id='block_1_19' title="bbox 415 1721 1969 1791">
    <p class='ocr_par' dir='ltr' id='par_1_19' title="bbox 415 1721 1969 1791">
     <span class='ocr_line' id='line_1_19' title="bbox 415 1721 1969 1791; baseline -0.001 -15"><span class='ocrx_word' id='word_1_141' title='bbox 415 1724 685 1791; x_wconf 79' lang='lat' dir='ltr'><strong>sancti/ica</strong></span> <span class='ocrx_word' id='word_1_142' title='bbox 717 1724 989 1788; x_wconf 78' lang='lat' dir='ltr'><strong>meipsum,</strong></span> <span class='ocrx_word' id='word_1_143' title='bbox 1020 1732 1078 1776; x_wconf 84' lang='lat' dir='ltr'><strong>ut</strong></span> <span class='ocrx_word' id='word_1_144' title='bbox 1101 1722 1205 1776; x_wconf 78' lang='lat' dir='ltr'><strong>sint</strong></span> <span class='ocrx_word' id='word_1_145' title='bbox 1244 1730 1294 1776; x_wconf 83' lang='lat' dir='ltr'><strong>et</strong></span> <span class='ocrx_word' id='word_1_146' title='bbox 1323 1723 1425 1790; x_wconf 81' lang='lat' dir='ltr'><strong>ipsi</strong></span> <span class='ocrx_word' id='word_1_147' title='bbox 1454 1721 1774 1790; x_wconf 77' lang='lat' dir='ltr'><strong>sanctiﬁcati</strong></span> <span class='ocrx_word' id='word_1_148' title='bbox 1800 1721 1853 1774; x_wconf 83' lang='lat' dir='ltr'><strong>in</strong></span> <span class='ocrx_word' id='word_1_149' title='bbox 1882 1737 1969 1774; x_wconf 82' lang='lat' dir='ltr'><strong>ue-</strong></span> 
     </span>
    </p>
   </div>
   <div class='ocr_carea' id='block_1_20' title="bbox 2085 526 3643 601">
    <p class='ocr_par' dir='ltr' id='par_1_20' title="bbox 2085 526 3643 601">
     <span class='ocr_line' id='line_1_20' title="bbox 2085 526 3643 601; baseline 0.001 -20"><span class='ocrx_word' id='word_1_150' title='bbox 2085 530 2243 596; x_wconf 87' lang='grc' dir='ltr'>φύσει</span> <span class='ocrx_word' id='word_1_151' title='bbox 2275 528 2387 598; x_wconf 67' lang='grc' dir='ltr'>,τοῦ</span> <span class='ocrx_word' id='word_1_152' title='bbox 2436 530 2591 596; x_wconf 82' lang='grc' dir='ltr'><strong>Θεοῦ,</strong></span> <span class='ocrx_word' id='word_1_153' title='bbox 2625 529 2759 583; x_wconf 86' lang='grc' dir='ltr'>ἀλλὰ</span> <span class='ocrx_word' id='word_1_154' title='bbox 2781 530 2841 584; x_wconf 77' lang='grc' dir='ltr'>τὸ</span> <span class='ocrx_word' id='word_1_155' title='bbox 2872 532 3029 601; x_wconf 86' lang='grc' dir='ltr'>σῶμα</span> <span class='ocrx_word' id='word_1_156' title='bbox 3055 528 3148 583; x_wconf 90' lang='grc' dir='ltr'><strong>τοῦ</strong></span> <span class='ocrx_word' id='word_1_157' title='bbox 3200 527 3330 581; x_wconf 88' lang='grc' dir='ltr'>Υἰοῦ</span> <span class='ocrx_word' id='word_1_158' title='bbox 3363 527 3456 580; x_wconf 89' lang='grc' dir='ltr'><strong>τοῦ</strong></span> <span class='ocrx_word' id='word_1_159' title='bbox 3487 526 3643 583; x_wconf 95' lang='grc' dir='ltr'>Θεοῦ.</span> 
     </span>
    </p>
   </div>
   <div class='ocr_carea' id='block_1_21' title="bbox 2084 615 3647 692">
    <p class='ocr_par' dir='ltr' id='par_1_21' title="bbox 2084 615 3647 692">
     <span class='ocr_line' id='line_1_21' title="bbox 2084 615 3647 692; baseline -0.001 -19"><span class='ocrx_word' id='word_1_160' title='bbox 2084 619 2190 673; x_wconf 89' lang='grc' dir='ltr'><strong>Τοῦ</strong></span> <span class='ocrx_word' id='word_1_161' title='bbox 2220 615 2312 674; x_wconf 82' lang='grc' dir='ltr'><strong>οὖν</strong></span> <span class='ocrx_word' id='word_1_162' title='bbox 2339 620 2586 692; x_wconf 90' lang='grc' dir='ltr'>σώματος</span> <span class='ocrx_word' id='word_1_163' title='bbox 2601 623 2965 692; x_wconf 76' lang='grc' dir='ltr'><strong>ἐγειρομένου,</strong></span> <span class='ocrx_word' id='word_1_164' title='bbox 2991 623 3019 674; x_wconf 92' lang='lat'><strong>6</strong></span> <span class='ocrx_word' id='word_1_165' title='bbox 3044 621 3172 684; x_wconf 76' lang='grc' dir='ltr'>Υἱὸς</span> <span class='ocrx_word' id='word_1_166' title='bbox 3189 622 3386 674; x_wconf 81' lang='grc' dir='ltr'>νοεῖται</span> <span class='ocrx_word' id='word_1_167' title='bbox 3416 621 3647 689; x_wconf 80' lang='grc' dir='ltr'>ἐγηγερ-</span> 
     </span>
    </p>
   </div>
   <div class='ocr_carea' id='block_1_22' title="bbox 2083 709 3639 783">
    <p class='ocr_par' dir='ltr' id='par_1_22' title="bbox 2083 709 3639 783">
     <span class='ocr_line' id='line_1_22' title="bbox 2083 709 3639 783; baseline -0.001 -19"><span class='ocrx_word' id='word_1_168' title='bbox 2083 711 2241 781; x_wconf 83' lang='grc' dir='ltr'>μένος</span> <span class='ocrx_word' id='word_1_169' title='bbox 2269 711 2344 783; x_wconf 82' lang='grc'>(1)</span> <span class='ocrx_word' id='word_1_170' title='bbox 2371 713 2434 764; x_wconf 73' lang='grc' dir='ltr'>ἐκ</span> <span class='ocrx_word' id='word_1_171' title='bbox 2460 711 2688 782; x_wconf 83' lang='grc' dir='ltr'>νεκρῶν.</span> <span class='ocrx_word' id='word_1_172' title='bbox 2712 711 2810 764; x_wconf 91' lang='grc' dir='ltr'><strong>Διὰ</strong></span> <span class='ocrx_word' id='word_1_173' title='bbox 2831 709 2988 764; x_wconf 91' lang='grc' dir='ltr'>τοῦτο</span> <span class='ocrx_word' id='word_1_174' title='bbox 3015 710 3155 764; x_wconf 81' lang='grc' dir='ltr'>κατὰ</span> <span class='ocrx_word' id='word_1_175' title='bbox 3183 710 3360 783; x_wconf 80' lang='grc' dir='ltr'>σάρκα</span> <span class='ocrx_word' id='word_1_176' title='bbox 3388 709 3639 780; x_wconf 82' lang='grc' dir='ltr'>λέγομεν,</span> 
     </span>
    </p>
   </div>
   <div class='ocr_carea' id='block_1_23' title="bbox 2081 796 3636 870">
    <p class='ocr_par' dir='ltr' id='par_1_23' title="bbox 2081 796 3636 870">
     <span class='ocr_line' id='line_1_23' title="bbox 2081 796 3636 870; baseline -0.004 -17"><span class='ocrx_word' id='word_1_177' title='bbox 2081 798 2274 853; x_wconf 84' lang='grc' dir='ltr'>ὃτι’κα“ι</span> <span class='ocrx_word' id='word_1_178' title='bbox 2295 801 2555 864; x_wconf 84' lang='grc' dir='ltr'>ἀπέθανε,</span> <span class='ocrx_word' id='word_1_179' title='bbox 2584 800 2677 852; x_wconf 78' lang='lat' dir='ltr'><strong>ml</strong></span> <span class='ocrx_word' id='word_1_180' title='bbox 2705 801 2899 870; x_wconf 74' lang='grc' dir='ltr'>ἐτάφη,</span> <span class='ocrx_word' id='word_1_181' title='bbox 2935 799 3030 852; x_wconf 74' lang='grc' dir='ltr'><strong>καὶ</strong></span> <span class='ocrx_word' id='word_1_182' title='bbox 3069 797 3278 868; x_wconf 76' lang='grc' dir='ltr'>ἠγέρθη</span> <span class='ocrx_word' id='word_1_183' title='bbox 3307 798 3372 849; x_wconf 73' lang='grc' dir='ltr'>ἐκ</span> <span class='ocrx_word' id='word_1_184' title='bbox 3397 796 3604 866; x_wconf 84' lang='grc' dir='ltr'>νεκρῶν</span> <span class='ocrx_word' id='word_1_185' title='bbox 3623 813 3636 825; x_wconf 87' lang='grc'><strong>·</strong></span> 
     </span>
    </p>
   </div>
   <div class='ocr_carea' id='block_1_24' title="bbox 2081 884 3642 963">
    <p class='ocr_par' dir='ltr' id='par_1_24' title="bbox 2081 884 3642 963">
     <span class='ocr_line' id='line_1_24' title="bbox 2081 884 3642 963; baseline -0.004 -17"><span class='ocrx_word' id='word_1_186' title='bbox 2081 892 2221 947; x_wconf 84' lang='grc' dir='ltr'>κατὰ</span> <span class='ocrx_word' id='word_1_187' title='bbox 2239 893 2295 946; x_wconf 84' lang='grc' dir='ltr'><strong>δὲ</strong></span> <span class='ocrx_word' id='word_1_188' title='bbox 2318 893 2377 946; x_wconf 88' lang='grc' dir='ltr'><strong>τὸ</strong></span> <span class='ocrx_word' id='word_1_189' title='bbox 2401 890 2623 963; x_wconf 89' lang='grc' dir='ltr'>πνεῦμα</span> <span class='ocrx_word' id='word_1_190' title='bbox 2655 892 2748 946; x_wconf 69' lang='grc' dir='ltr'>καὶ</span> <span class='ocrx_word' id='word_1_191' title='bbox 2772 893 2829 945; x_wconf 84' lang='grc' dir='ltr'>ὲν</span> <span class='ocrx_word' id='word_1_192' title='bbox 2853 890 3066 963; x_wconf 80' lang='grc' dir='ltr'>οὐρανῷ</span> <span class='ocrx_word' id='word_1_193' title='bbox 3099 890 3190 944; x_wconf 80' lang='lat' dir='ltr'><strong>ml.</strong></span> <span class='ocrx_word' id='word_1_194' title='bbox 3213 890 3304 943; x_wconf 75' lang='grc' dir='ltr'>ἐπὶ</span> <span class='ocrx_word' id='word_1_195' title='bbox 3334 888 3435 960; x_wconf 85' lang='grc' dir='ltr'>γῆς</span> <span class='ocrx_word' id='word_1_196' title='bbox 3454 884 3523 959; x_wconf 85' lang='grc' dir='ltr'>ἦν</span> <span class='ocrx_word' id='word_1_197' title='bbox 3549 889 3642 941; x_wconf 79' lang='grc' dir='ltr'>καὶ</span> 
     </span>
    </p>
   </div>
   <div class='ocr_carea' id='block_1_25' title="bbox 2081 978 3638 1055">
    <p class='ocr_par' dir='ltr' id='par_1_25' title="bbox 2081 978 3638 1055">
     <span class='ocr_line' id='line_1_25' title="bbox 2081 978 3638 1055; baseline -0.004 -17"><span class='ocrx_word' id='word_1_198' title='bbox 2081 982 2374 1054; x_wconf 84' lang='grc' dir='ltr'>πανταχοῦ.</span> <span class='ocrx_word' id='word_1_199' title='bbox 2418 983 2570 1036; x_wconf 75' lang='grc' dir='ltr'>Ἐπεὶ</span> <span class='ocrx_word' id='word_1_200' title='bbox 2599 978 2689 1036; x_wconf 70' lang='grc' dir='ltr'><strong>οὖν</strong></span> <span class='ocrx_word' id='word_1_201' title='bbox 2714 983 2975 1055; x_wconf 85' lang='grc' dir='ltr'>πρότερον</span> <span class='ocrx_word' id='word_1_202' title='bbox 2999 982 3252 1045; x_wconf 81' lang='grc' dir='ltr'>πλούσιος</span> <span class='ocrx_word' id='word_1_203' title='bbox 3271 981 3366 1044; x_wconf 84' lang='grc' dir='ltr'><strong>ὢν,</strong></span> <span class='ocrx_word' id='word_1_204' title='bbox 3397 979 3638 1033; x_wconf 72' lang='grc' dir='ltr'>τουτέστι</span> 
     </span>
    </p>
   </div>
   <div class='ocr_carea' id='block_1_26' title="bbox 2080 1067 3633 1146">
    <p class='ocr_par' dir='ltr' id='par_1_26' title="bbox 2080 1067 3633 1146">
     <span class='ocr_line' id='line_1_26' title="bbox 2080 1067 3633 1146; baseline -0.005 -18"><span class='ocrx_word' id='word_1_205' title='bbox 2080 1075 2212 1138; x_wconf 85' lang='grc' dir='ltr'>Θεός</span> <span class='ocrx_word' id='word_1_206' title='bbox 2231 1091 2245 1105; x_wconf 92' lang='grc'><strong>·</strong></span> <span class='ocrx_word' id='word_1_207' title='bbox 2282 1074 2504 1146; x_wconf 79' lang='grc' dir='ltr'>ὕστερον</span> <span class='ocrx_word' id='word_1_208' title='bbox 2523 1074 2580 1127; x_wconf 85' lang='grc' dir='ltr'><strong>δὲ</strong></span> <span class='ocrx_word' id='word_1_209' title='bbox 2611 1073 2824 1143; x_wconf 84' lang='grc' dir='ltr'>πτωχὸς</span> <span class='ocrx_word' id='word_1_210' title='bbox 2852 1072 3042 1141; x_wconf 87' lang='grc' dir='ltr'>γέγονε</span> <span class='ocrx_word' id='word_1_211' title='bbox 3062 1110 3076 1136; x_wconf 94' lang='grc'><strong>,</strong></span> <span class='ocrx_word' id='word_1_212' title='bbox 3108 1070 3382 1124; x_wconf 78' lang='grc' dir='ltr'><strong>τουτέστιν</strong></span> <span class='ocrx_word' id='word_1_213' title='bbox 3427 1067 3633 1139; x_wconf 79' lang='grc' dir='ltr'>ἄνθρω-</span> 
     </span>
    </p>
   </div>
   <div class='ocr_carea' id='block_1_27' title="bbox 2079 1158 3636 1237">
    <p class='ocr_par' dir='ltr' id='par_1_27' title="bbox 2079 1158 3636 1237">
     <span class='ocr_line' id='line_1_27' title="bbox 2079 1158 3636 1237; baseline -0.006 -19"><span class='ocrx_word' id='word_1_214' title='bbox 2079 1183 2199 1232; x_wconf 87' lang='grc' dir='ltr'>πος,</span> <span class='ocrx_word' id='word_1_215' title='bbox 2223 1165 2318 1218; x_wconf 70' lang='grc' dir='ltr'><strong>κα)¹</strong></span> <span class='ocrx_word' id='word_1_216' title='bbox 2345 1164 2424 1237; x_wconf 76' lang='grc'><strong>(2)</strong></span> <span class='ocrx_word' id='word_1_217' title='bbox 2455 1162 2707 1235; x_wconf 82' lang='grc' dir='ltr'><strong>ὡμοιώθη</strong></span> <span class='ocrx_word' id='word_1_218' title='bbox 2741 1163 2872 1233; x_wconf 84' lang='grc' dir='ltr'>ἡμῖν</span> <span class='ocrx_word' id='word_1_219' title='bbox 2895 1159 3038 1215; x_wconf 84' lang='grc' dir='ltr'>κατὰ</span> <span class='ocrx_word' id='word_1_220' title='bbox 3063 1159 3242 1214; x_wconf 84' lang='grc' dir='ltr'>πάντα</span> <span class='ocrx_word' id='word_1_221' title='bbox 3261 1158 3429 1230; x_wconf 75' lang='grc' dir='ltr'>χωρὶς</span> <span class='ocrx_word' id='word_1_222' title='bbox 3458 1158 3636 1228; x_wconf 83' lang='grc' dir='ltr'>ἁμαρ-</span> 
     </span>
    </p>
   </div>
   <div class='ocr_carea' id='block_1_28' title="bbox 2076 1247 3637 1326">
    <p class='ocr_par' dir='ltr' id='par_1_28' title="bbox 2076 1247 3637 1326">
     <span class='ocr_line' id='line_1_28' title="bbox 2076 1247 3637 1326; baseline -0.006 -16"><span class='ocrx_word' id='word_1_223' title='bbox 2076 1255 2195 1321; x_wconf 88' lang='grc' dir='ltr'>τίας</span> <span class='ocrx_word' id='word_1_224' title='bbox 2213 1274 2227 1287; x_wconf 87' lang='grc'><strong>·</strong></span> <span class='ocrx_word' id='word_1_225' title='bbox 2269 1257 2364 1311; x_wconf 80' lang='grc' dir='ltr'>καὶ</span> <span class='ocrx_word' id='word_1_226' title='bbox 2392 1255 2482 1310; x_wconf 86' lang='grc' dir='ltr'><strong>διὰ</strong></span> <span class='ocrx_word' id='word_1_227' title='bbox 2501 1254 2659 1310; x_wconf 88' lang='grc' dir='ltr'>τοῦτο</span> <span class='ocrx_word' id='word_1_228' title='bbox 2679 1254 2754 1318; x_wconf 84' lang='grc' dir='ltr'>ὡς</span> <span class='ocrx_word' id='word_1_229' title='bbox 2784 1252 3070 1326; x_wconf 76' lang='grc' dir='ltr'>ἅνθρωπος</span> <span class='ocrx_word' id='word_1_230' title='bbox 3109 1249 3376 1322; x_wconf 80' lang='grc' dir='ltr'>λαμὸάνει</span> <span class='ocrx_word' id='word_1_231' title='bbox 3415 1247 3578 1318; x_wconf 81' lang='grc' dir='ltr'>ζωὴν,</span> <span class='ocrx_word' id='word_1_232' title='bbox 3608 1250 3637 1301; x_wconf 98' lang='lat'><strong>6</strong></span> 
     </span>
    </p>
   </div>
   <div class='ocr_carea' id='block_1_29' title="bbox 2077 1339 3633 1420">
    <p class='ocr_par' dir='ltr' id='par_1_29' title="bbox 2077 1339 3633 1420">
     <span class='ocr_line' id='line_1_29' title="bbox 2077 1339 3633 1420; baseline -0.006 -19"><span class='ocrx_word' id='word_1_233' title='bbox 2077 1347 2212 1420; x_wconf 74' lang='grc' dir='ltr'>ἔχων</span> <span class='ocrx_word' id='word_1_234' title='bbox 2238 1347 2401 1418; x_wconf 81' lang='grc' dir='ltr'>ζωὴν,</span> <span class='ocrx_word' id='word_1_235' title='bbox 2429 1347 2589 1410; x_wconf 82' lang='grc' dir='ltr'>αὐτὸς</span> <span class='ocrx_word' id='word_1_236' title='bbox 2627 1346 2736 1417; x_wconf 93' lang='grc' dir='ltr'><strong>γάρ</strong></span> <span class='ocrx_word' id='word_1_237' title='bbox 2773 1347 2918 1398; x_wconf 78' lang='grc' dir='ltr'>ἐστιν</span> <span class='ocrx_word' id='word_1_238' title='bbox 2945 1345 2979 1415; x_wconf 80' lang='grc' dir='ltr'><strong>ή</strong></span> <span class='ocrx_word' id='word_1_239' title='bbox 3009 1343 3120 1414; x_wconf 73' lang='grc' dir='ltr'><strong>ζσωή</strong></span> <span class='ocrx_word' id='word_1_240' title='bbox 3139 1361 3153 1374; x_wconf 75' lang='grc' dir='ltr'><strong>ο</strong></span> <span class='ocrx_word' id='word_1_241' title='bbox 3182 1340 3449 1413; x_wconf 76' lang='grc' dir='ltr'>λαμϐάνει</span> <span class='ocrx_word' id='word_1_242' title='bbox 3476 1341 3535 1394; x_wconf 78' lang='grc' dir='ltr'><strong>δὲ</strong></span> <span class='ocrx_word' id='word_1_243' title='bbox 3568 1339 3633 1392; x_wconf 85' lang='grc' dir='ltr'><strong>δι’</strong></span> 
     </span>
    </p>
   </div>
   <div class='ocr_carea' id='block_1_30' title="bbox 2076 1430 3636 1513">
    <p class='ocr_par' dir='ltr' id='par_1_30' title="bbox 2076 1430 3636 1513">
     <span class='ocr_line' id='line_1_30' title="bbox 2076 1430 3636 1513; baseline -0.006 -20"><span class='ocrx_word' id='word_1_244' title='bbox 2076 1441 2240 1513; x_wconf 82' lang='grc' dir='ltr'>ἡμᾶς,</span> <span class='ocrx_word' id='word_1_245' title='bbox 2263 1441 2354 1492; x_wconf 88' lang='lat' dir='ltr'><strong>ml.</strong></span> <span class='ocrx_word' id='word_1_246' title='bbox 2373 1437 2458 1502; x_wconf 60' lang='lat' dir='ltr'><strong>ib;</strong></span> <span class='ocrx_word' id='word_1_247' title='bbox 2476 1439 2757 1510; x_wconf 85' lang='grc' dir='ltr'>ἄνθρωπος</span> <span class='ocrx_word' id='word_1_248' title='bbox 2789 1435 3098 1508; x_wconf 84' lang='grc' dir='ltr'>προέκοπτε</span> <span class='ocrx_word' id='word_1_249' title='bbox 3141 1433 3303 1504; x_wconf 66' lang='grc' dir='ltr'><strong>σοφίᾳ⁴</strong></span> <span class='ocrx_word' id='word_1_250' title='bbox 3328 1432 3425 1486; x_wconf 72' lang='grc' dir='ltr'><strong>καὶ</strong></span> <span class='ocrx_word' id='word_1_251' title='bbox 3452 1430 3636 1503; x_wconf 80' lang='grc' dir='ltr'>ἡλικίᾳ.</span> 
     </span>
    </p>
   </div>
   <div class='ocr_carea' id='block_1_31' title="bbox 2076 1522 3635 1602">
    <p class='ocr_par' dir='ltr' id='par_1_31' title="bbox 2076 1522 3635 1602">
     <span class='ocr_line' id='line_1_31' title="bbox 2076 1522 3635 1602; baseline -0.005 -18"><span class='ocrx_word' id='word_1_252' title='bbox 2076 1533 2110 1602; x_wconf 78' lang='grc' dir='ltr'>ἡ</span> <span class='ocrx_word' id='word_1_253' title='bbox 2149 1531 2315 1594; x_wconf 75' lang='grc' dir='ltr'>ἀΐδιος</span> <span class='ocrx_word' id='word_1_254' title='bbox 2347 1529 2439 1583; x_wconf 91' lang='grc' dir='ltr'><strong>τοῦ</strong></span> <span class='ocrx_word' id='word_1_255' title='bbox 2463 1528 2595 1582; x_wconf 84' lang='grc' dir='ltr'>Θεοῦ</span> <span class='ocrx_word' id='word_1_256' title='bbox 2625 1529 2850 1599; x_wconf 82' lang='grc' dir='ltr'>δύναμις</span> <span class='ocrx_word' id='word_1_257' title='bbox 2875 1529 2972 1582; x_wconf 75' lang='grc' dir='ltr'><strong>καὶ</strong></span> <span class='ocrx_word' id='word_1_258' title='bbox 3009 1525 3190 1596; x_wconf 80' lang='grc' dir='ltr'>σοφία,</span> <span class='ocrx_word' id='word_1_259' title='bbox 3221 1524 3318 1578; x_wconf 70' lang='grc' dir='ltr'><strong>κα)¹</strong></span> <span class='ocrx_word' id='word_1_260' title='bbox 3337 1524 3412 1588; x_wconf 86' lang='grc' dir='ltr'>ὡς</span> <span class='ocrx_word' id='word_1_261' title='bbox 3428 1522 3635 1594; x_wconf 79' lang='grc' dir='ltr'>ἄνθρω-</span> 
     </span>
    </p>
   </div>
   <div class='ocr_carea' id='block_1_32' title="bbox 2075 1616 3633 1692">
    <p class='ocr_par' dir='ltr' id='par_1_32' title="bbox 2075 1616 3633 1692">
     <span class='ocr_line' id='line_1_32' title="bbox 2075 1616 3633 1692; baseline -0.006 -15"><span class='ocrx_word' id='word_1_262' title='bbox 2075 1641 2174 1688; x_wconf 83' lang='grc' dir='ltr'><strong>πος</strong></span> <span class='ocrx_word' id='word_1_263' title='bbox 2206 1622 2486 1692; x_wconf 85' lang='grc' dir='ltr'><strong>ἁγιάζεται</strong></span> <span class='ocrx_word' id='word_1_264' title='bbox 2506 1625 2533 1676; x_wconf 91' lang='lat'><strong>6</strong></span> <span class='ocrx_word' id='word_1_265' title='bbox 2564 1622 2736 1690; x_wconf 81' lang='grc' dir='ltr'>ἆγιος,</span> <span class='ocrx_word' id='word_1_266' title='bbox 2763 1622 2857 1674; x_wconf 75' lang='grc' dir='ltr'>καὶ</span> <span class='ocrx_word' id='word_1_267' title='bbox 2880 1619 2954 1692; x_wconf 86' lang='grc' dir='ltr'>μὴ</span> <span class='ocrx_word' id='word_1_268' title='bbox 2973 1618 3158 1691; x_wconf 81' lang='grc' dir='ltr'>χρείαν</span> <span class='ocrx_word' id='word_1_269' title='bbox 3178 1616 3316 1688; x_wconf 80' lang='grc' dir='ltr'>ἔχων</span> <span class='ocrx_word' id='word_1_270' title='bbox 3341 1616 3417 1688; x_wconf 76' lang='grc'><strong>(5)</strong></span> <span class='ocrx_word' id='word_1_271' title='bbox 3479 1617 3633 1685; x_wconf 83' lang='grc' dir='ltr'>ἁγια-</span> 
     </span>
    </p>
   </div>
   <div class='ocr_carea' id='block_1_33' title="bbox 2078 1707 3627 1786">
    <p class='ocr_par' dir='ltr' id='par_1_33' title="bbox 2078 1707 3627 1786">
     <span class='ocr_line' id='line_1_33' title="bbox 2078 1707 3627 1786; baseline -0.005 -18"><span class='ocrx_word' id='word_1_272' title='bbox 2078 1715 2214 1786; x_wconf 87' lang='grc' dir='ltr'>σμοῦ</span> <span class='ocrx_word' id='word_1_273' title='bbox 2238 1729 2253 1742; x_wconf 81' lang='grc'><em>’</em></span> <span class='ocrx_word' id='word_1_274' title='bbox 2293 1713 2470 1782; x_wconf 79' lang='grc' dir='ltr'>’Υπὲρ</span> <span class='ocrx_word' id='word_1_275' title='bbox 2493 1713 2692 1768; x_wconf 83' lang='grc' dir='ltr'>αὐτῶν</span> <span class='ocrx_word' id='word_1_276' title='bbox 2727 1713 2860 1785; x_wconf 78' lang='grc' dir='ltr'>γὰρ,</span> <span class='ocrx_word' id='word_1_277' title='bbox 2906 1713 3089 1784; x_wconf 81' lang='grc' dir='ltr'>φησὶν,</span> <span class='ocrx_word' id='word_1_278' title='bbox 3127 1710 3335 1782; x_wconf 77' lang='grc' dir='ltr'><strong>ἁγιάζω</strong></span> <span class='ocrx_word' id='word_1_279' title='bbox 3353 1707 3627 1779; x_wconf 77' lang='grc' dir='ltr'>ἐμαυτὸν,</span> 
     </span>
    </p>
   </div>
   <div class='ocr_carea' id='block_1_34' title="bbox 414 1780 1967 1884">
    <p class='ocr_par' dir='ltr' id='par_1_34' title="bbox 414 1812 1967 1884">
     <span class='ocr_line' id='line_1_34' title="bbox 414 1812 1967 1884; baseline 0.001 -18"><span class='ocrx_word' id='word_1_280' title='bbox 414 1815 633 1868; x_wconf 76' lang='lat' dir='ltr'><strong>ritate‘.</strong></span> <span class='ocrx_word' id='word_1_281' title='bbox 666 1812 737 1869; x_wconf 92' lang='lat' dir='ltr'><strong>Ut</strong></span> <span class='ocrx_word' id='word_1_282' title='bbox 777 1814 940 1869; x_wconf 90' lang='lat' dir='ltr'><strong>homo</strong></span> <span class='ocrx_word' id='word_1_283' title='bbox 978 1815 1106 1870; x_wconf 89' lang='lat' dir='ltr'><strong>item</strong></span> <span class='ocrx_word' id='word_1_284' title='bbox 1147 1814 1419 1870; x_wconf 85' lang='lat' dir='ltr'><strong>exaltatur</strong></span> <span class='ocrx_word' id='word_1_285' title='bbox 1442 1813 1738 1884; x_wconf 85' lang='lat' dir='ltr'><strong>_accipiens</strong></span> <span class='ocrx_word' id='word_1_286' title='bbox 1776 1828 1967 1868; x_wconf 90' lang='lat' dir='ltr'><strong>nomen</strong></span> 
     </span>
    </p>
   </div>
   <div class='ocr_carea' id='block_1_35' title="bbox 2069 1780 3631 1884">
    <p class='ocr_par' dir='ltr' id='par_1_35' title="bbox 2076 1780 3631 1872">
     <span class='ocr_line' id='line_1_35' title="bbox 2076 1780 3631 1872; baseline -0.002 -16"><span class='ocrx_word' id='word_1_287' title='bbox 2076 1780 2176 1858; x_wconf 54' lang='grc' dir='ltr'><strong>ἵνλα</strong></span> <span class='ocrx_word' id='word_1_288' title='bbox 2201 1791 2351 1857; x_wconf 79' lang='grc' dir='ltr'>ὦσιν</span> <span class='ocrx_word' id='word_1_289' title='bbox 2373 1780 2540 1857; x_wconf 58' lang='lat' dir='ltr'><strong>animi</strong></span> <span class='ocrx_word' id='word_1_290' title='bbox 2561 1780 3001 1872; x_wconf 33' lang='grc' dir='ltr'>ἡγιασμένοι-ὲκ</span> <span class='ocrx_word' id='word_1_291' title='bbox 3017 1780 3284 1870; x_wconf 75' lang='grc' dir='ltr'>ἀληθείᾳ.</span> <span class='ocrx_word' id='word_1_292' title='bbox 3318 1799 3427 1853; x_wconf 73' lang='grc' dir='ltr'>Καὶ</span> <span class='ocrx_word' id='word_1_293' title='bbox 3449 1798 3523 1861; x_wconf 82' lang='grc' dir='ltr'>ὡς</span> <span class='ocrx_word' id='word_1_294' title='bbox 3541 1799 3631 1853; x_wconf 83' lang='grc' dir='ltr'>άν-</span> 
     </span>
    </p>
   </div>
   <div class='ocr_carea' id='block_1_36' title="bbox 413 1906 1974 1975">
    <p class='ocr_par' dir='ltr' id='par_1_36' title="bbox 413 1906 1974 1975">
     <span class='ocr_line' id='line_1_36' title="bbox 413 1906 1974 1975; baseline -0.001 -15"><span class='ocrx_word' id='word_1_295' title='bbox 413 1921 575 1974; x_wconf 89' lang='lat' dir='ltr'><strong>supcr</strong></span> <span class='ocrx_word' id='word_1_296' title='bbox 601 1920 763 1961; x_wconf 90' lang='lat' dir='ltr'><strong>omne</strong></span> <span class='ocrx_word' id='word_1_297' title='bbox 791 1920 1009 1972; x_wconf 89' lang='lat' dir='ltr'><strong>nomen,</strong></span> <span class='ocrx_word' id='word_1_298' title='bbox 1039 1906 1186 1975; x_wconf 91' lang='lat' dir='ltr'><strong>quod</strong></span> <span class='ocrx_word' id='word_1_299' title='bbox 1211 1913 1394 1960; x_wconf 89' lang='lat' dir='ltr'><strong>tamen</strong></span> <span class='ocrx_word' id='word_1_300' title='bbox 1423 1919 1635 1975; x_wconf 87' lang='lat' dir='ltr'><strong>semper</strong></span> <span class='ocrx_word' id='word_1_301' title='bbox 1656 1912 1851 1960; x_wconf 88' lang='lat' dir='ltr'><strong>natura</strong></span> <span class='ocrx_word' id='word_1_302' title='bbox 1875 1919 1974 1960; x_wconf 86' lang='lat' dir='ltr'><strong>sua</strong></span> 
     </span>
    </p>
   </div>
   <div class='ocr_carea' id='block_1_37' title="bbox 412 1994 1660 2067">
    <p class='ocr_par' dir='ltr' id='par_1_37' title="bbox 412 1994 1660 2067">
     <span class='ocr_line' id='line_1_37' title="bbox 412 1994 1660 2067; baseline 0.001 -17"><span class='ocrx_word' id='word_1_303' title='bbox 412 1997 592 2052; x_wconf 82' lang='lat' dir='ltr'><strong>habet.</strong></span> <span class='ocrx_word' id='word_1_304' title='bbox 626 1995 761 2051; x_wconf 85' lang='lat' dir='ltr'><strong>Nam</strong></span> <span class='ocrx_word' id='word_1_305' title='bbox 785 1995 946 2063; x_wconf 86' lang='lat' dir='ltr'><strong>Deus,</strong></span> <span class='ocrx_word' id='word_1_306' title='bbox 981 1997 1176 2067; x_wconf 86' lang='lat' dir='ltr'><strong>inquit,</strong></span> <span class='ocrx_word' id='word_1_307' title='bbox 1211 2007 1326 2051; x_wconf 87' lang='lat' dir='ltr'><strong>erat</strong></span> <span class='ocrx_word' id='word_1_308' title='bbox 1365 1994 1588 2050; x_wconf 82' lang='lat' dir='ltr'><strong>Verbum</strong></span> <span class='ocrx_word' id='word_1_309' title='bbox 1620 1997 1660 2051; x_wconf 83' lang='lat'><strong>&#39;.</strong></span> 
     </span>
    </p>
   </div>
   <div class='ocr_carea' id='block_1_38' title="bbox 486 2088 1976 2160">
    <p class='ocr_par' dir='ltr' id='par_1_38' title="bbox 486 2088 1976 2160">
     <span class='ocr_line' id='line_1_38' title="bbox 486 2088 1976 2160; baseline 0 -16"><span class='ocrx_word' id='word_1_310' title='bbox 486 2092 569 2146; x_wconf 72' lang='lat'><strong>12.</strong></span> <span class='ocrx_word' id='word_1_311' title='bbox 618 2089 964 2160; x_wconf 85' lang='lat' dir='ltr'><strong>Quaecunque</strong></span> <span class='ocrx_word' id='word_1_312' title='bbox 1004 2090 1168 2160; x_wconf 83' lang='lat' dir='ltr'><strong>igitur</strong></span> <span class='ocrx_word' id='word_1_313' title='bbox 1209 2088 1488 2159; x_wconf 84' lang='lat' dir='ltr'><strong>Scriptura</strong></span> <span class='ocrx_word' id='word_1_314' title='bbox 1535 2089 1668 2145; x_wconf 85' lang='lat' dir='ltr'><strong>dicit</strong></span> <span class='ocrx_word' id='word_1_315' title='bbox 1700 2088 1976 2160; x_wconf 86' lang='lat' dir='ltr'><strong>accepisse</strong></span> 
     </span>
    </p>
   </div>
   <div class='ocr_carea' id='block_1_39' title="bbox 411 2183 1976 2254">
    <p class='ocr_par' dir='ltr' id='par_1_39' title="bbox 411 2183 1976 2254">
     <span class='ocr_line' id='line_1_39' title="bbox 411 2183 1976 2254; baseline 0.001 -17"><span class='ocrx_word' id='word_1_316' title='bbox 411 2183 630 2250; x_wconf 87' lang='lat' dir='ltr'><strong>Filium,</strong></span> <span class='ocrx_word' id='word_1_317' title='bbox 656 2193 872 2254; x_wconf 88' lang='lat' dir='ltr'><strong>propter</strong></span> <span class='ocrx_word' id='word_1_318' title='bbox 898 2199 1097 2253; x_wconf 90' lang='lat' dir='ltr'><strong>corpus</strong></span> <span class='ocrx_word' id='word_1_319' title='bbox 1143 2184 1264 2252; x_wconf 82' lang='lat' dir='ltr'><strong>ejus</strong></span> <span class='ocrx_word' id='word_1_320' title='bbox 1311 2183 1443 2239; x_wconf 91' lang='lat' dir='ltr'><strong>illud</strong></span> <span class='ocrx_word' id='word_1_321' title='bbox 1471 2183 1604 2238; x_wconf 91' lang='lat' dir='ltr'><strong>dlcit</strong></span> <span class='ocrx_word' id='word_1_322' title='bbox 1631 2197 1976 2254; x_wconf 87' lang='lat' dir='ltr'><strong>:corpusque</strong></span> 
     </span>
    </p>
   </div>
   <div class='ocr_carea' id='block_1_40' title="bbox 411 2275 1970 2346">
    <p class='ocr_par' dir='ltr' id='par_1_40' title="bbox 411 2275 1970 2346">
     <span class='ocr_line' id='line_1_40' title="bbox 411 2275 1970 2346; baseline 0.001 -16"><span class='ocrx_word' id='word_1_323' title='bbox 411 2277 543 2331; x_wconf 89' lang='lat' dir='ltr'><strong>illud</strong></span> <span class='ocrx_word' id='word_1_324' title='bbox 567 2285 648 2332; x_wconf 88' lang='lat' dir='ltr'><strong>est</strong></span> <span class='ocrx_word' id='word_1_325' title='bbox 676 2275 923 2346; x_wconf 73' lang='lat' dir='ltr'><strong>primitiae</strong></span> <span class='ocrx_word' id='word_1_326' title='bbox 969 2276 1260 2331; x_wconf 64' lang='lat' dir='ltr'><strong>Ecclesiae:</strong></span> <span class='ocrx_word' id='word_1_327' title='bbox 1299 2291 1424 2330; x_wconf 90' lang='lat' dir='ltr'><strong>nam</strong></span> <span class='ocrx_word' id='word_1_328' title='bbox 1467 2276 1736 2345; x_wconf 74' lang='lat' dir='ltr'><strong>primitiae,</strong></span> <span class='ocrx_word' id='word_1_329' title='bbox 1777 2277 1970 2346; x_wconf 87' lang='lat' dir='ltr'><strong>inquit,</strong></span> 
     </span>
    </p>
   </div>
   <div class='ocr_carea' id='block_1_41' title="bbox 411 2366 1972 2437">
    <p class='ocr_par' dir='ltr' id='par_1_41' title="bbox 411 2366 1972 2437">
     <span class='ocr_line' id='line_1_41' title="bbox 411 2366 1972 2437; baseline 0 -15"><span class='ocrx_word' id='word_1_330' title='bbox 411 2367 652 2422; x_wconf 78' lang='lat' dir='ltr'><strong>Christus</strong></span> <span class='ocrx_word' id='word_1_331' title='bbox 676 2367 717 2423; x_wconf 85' lang='grc'>³.</span> <span class='ocrx_word' id='word_1_332' title='bbox 769 2366 906 2421; x_wconf 88' lang='lat' dir='ltr'><strong>Cum</strong></span> <span class='ocrx_word' id='word_1_333' title='bbox 949 2381 1079 2437; x_wconf 90' lang='lat' dir='ltr'><strong>ergo</strong></span> <span class='ocrx_word' id='word_1_334' title='bbox 1107 2367 1361 2436; x_wconf 83' lang='lat' dir='ltr'><strong>primitiae</strong></span> <span class='ocrx_word' id='word_1_335' title='bbox 1404 2366 1740 2436; x_wconf 88' lang='lat' dir='ltr'><strong>accepissent</strong></span> <span class='ocrx_word' id='word_1_336' title='bbox 1774 2383 1972 2423; x_wconf 91' lang='lat' dir='ltr'><strong>nomen</strong></span> 
     </span>
    </p>
   </div>
   <div class='ocr_carea' id='block_1_42' title="bbox 407 2439 1963 2529">
    <p class='ocr_par' dir='ltr' id='par_1_42' title="bbox 407 2439 1963 2529">
     <span class='ocr_line' id='line_1_42' title="bbox 407 2439 1963 2529; baseline 0 -17"><span class='ocrx_word' id='word_1_337' title='bbox 407 2459 553 2529; x_wconf 91' lang='lat' dir='ltr'><strong>quod</strong></span> <span class='ocrx_word' id='word_1_338' title='bbox 593 2466 675 2514; x_wconf 89' lang='lat' dir='ltr'><strong>est</strong></span> <span class='ocrx_word' id='word_1_339' title='bbox 714 2474 876 2529; x_wconf 90' lang='lat' dir='ltr'><strong>super</strong></span> <span class='ocrx_word' id='word_1_340' title='bbox 916 2473 1077 2515; x_wconf 88' lang='lat' dir='ltr'><strong>omne</strong></span> <span class='ocrx_word' id='word_1_341' title='bbox 1106 2439 1326 2525; x_wconf 64' lang='lat' dir='ltr'><strong>nomen,</strong></span> <span class='ocrx_word' id='word_1_342' title='bbox 1359 2466 1488 2514; x_wconf 91' lang='lat' dir='ltr'><strong>tunc</strong></span> <span class='ocrx_word' id='word_1_343' title='bbox 1522 2459 1730 2529; x_wconf 89' lang='lat' dir='ltr'><strong>reliqua</strong></span> <span class='ocrx_word' id='word_1_344' title='bbox 1762 2473 1963 2524; x_wconf 87' lang='lat' dir='ltr'><strong>massa,</strong></span> 
     </span>
    </p>
   </div>
   <div class='ocr_carea' id='block_1_43' title="bbox 407 2549 1970 2620">
    <p class='ocr_par' dir='ltr' id='par_1_43' title="bbox 407 2549 1970 2620">
     <span class='ocr_line' id='line_1_43' title="bbox 407 2549 1970 2620; baseline -0.001 -15"><span class='ocrx_word' id='word_1_345' title='bbox 407 2566 502 2620; x_wconf 89' lang='lat' dir='ltr'><strong>per</strong></span> <span class='ocrx_word' id='word_1_346' title='bbox 522 2551 668 2604; x_wconf 87' lang='lat' dir='ltr'><strong>illam</strong></span> <span class='ocrx_word' id='word_1_347' title='bbox 695 2551 948 2606; x_wconf 84' lang='lat' dir='ltr'><strong>virtutem</strong></span> <span class='ocrx_word' id='word_1_348' title='bbox 980 2550 1144 2606; x_wconf 89' lang='lat' dir='ltr'><strong>simul</strong></span> <span class='ocrx_word' id='word_1_349' title='bbox 1169 2550 1398 2605; x_wconf 85' lang='lat' dir='ltr'><strong>excitata</strong></span> <span class='ocrx_word' id='word_1_350' title='bbox 1429 2558 1482 2604; x_wconf 91' lang='lat' dir='ltr'><strong>et</strong></span> <span class='ocrx_word' id='word_1_351' title='bbox 1507 2550 1804 2606; x_wconf 90' lang='lat' dir='ltr'><strong>consedere</strong></span> <span class='ocrx_word' id='word_1_352' title='bbox 1827 2549 1970 2606; x_wconf 80' lang='lat' dir='ltr'><strong>facta</strong></span> 
     </span>
    </p>
   </div>
   <div class='ocr_carea' id='block_1_44' title="bbox 409 2640 1972 2714">
    <p class='ocr_par' dir='ltr' id='par_1_44' title="bbox 409 2640 1972 2714">
     <span class='ocr_line' id='line_1_44' title="bbox 409 2640 1972 2714; baseline -0.002 -17"><span class='ocrx_word' id='word_1_353' title='bbox 409 2652 512 2708; x_wconf 84' lang='lat' dir='ltr'><strong>est,</strong></span> <span class='ocrx_word' id='word_1_354' title='bbox 550 2643 703 2714; x_wconf 81' lang='lat' dir='ltr'><strong>juxta</strong></span> <span class='ocrx_word' id='word_1_355' title='bbox 737 2642 868 2697; x_wconf 84' lang='lat' dir='ltr'><strong>illud</strong></span> <span class='ocrx_word' id='word_1_356' title='bbox 901 2642 1105 2697; x_wconf 89' lang='lat' dir='ltr'><strong>dictum</strong></span> <span class='ocrx_word' id='word_1_357' title='bbox 1133 2659 1146 2695; x_wconf 90' lang='lat'><strong>:</strong></span> <span class='ocrx_word' id='word_1_358' title='bbox 1175 2640 1614 2694; x_wconf 81' lang='lat' dir='ltr'><strong>Conresuscitavit</strong></span> <span class='ocrx_word' id='word_1_359' title='bbox 1633 2650 1682 2694; x_wconf 82' lang='lat' dir='ltr'><strong>et</strong></span> <span class='ocrx_word' id='word_1_360' title='bbox 1701 2640 1972 2694; x_wconf 80' lang='lat' dir='ltr'><strong>consedere</strong></span> 
     </span>
    </p>
   </div>
   <div class='ocr_carea' id='block_1_45' title="bbox 409 2728 1966 2800">
    <p class='ocr_par' dir='ltr' id='par_1_45' title="bbox 409 2728 1966 2800">
     <span class='ocr_line' id='line_1_45' title="bbox 409 2728 1966 2800; baseline 0.002 -18"><span class='ocrx_word' id='word_1_361' title='bbox 409 2729 531 2797; x_wconf 80' lang='lat' dir='ltr'><strong>fecit</strong></span> <span class='ocrx_word' id='word_1_362' title='bbox 557 2729 599 2783; x_wconf 67' lang='lat'><strong>‘.</strong></span> <span class='ocrx_word' id='word_1_363' title='bbox 640 2728 980 2800; x_wconf 89' lang='lat' dir='ltr'><strong>Quapropter</strong></span> <span class='ocrx_word' id='word_1_364' title='bbox 1021 2744 1139 2784; x_wconf 87' lang='lat' dir='ltr'><strong>eam</strong></span> <span class='ocrx_word' id='word_1_365' title='bbox 1170 2729 1397 2798; x_wconf 80' lang='lat' dir='ltr'><strong>gratiam</strong></span> <span class='ocrx_word' id='word_1_366' title='bbox 1426 2728 1675 2784; x_wconf 86' lang='lat' dir='ltr'><strong>homines</strong></span> <span class='ocrx_word' id='word_1_367' title='bbox 1694 2744 1966 2798; x_wconf 85' lang='lat' dir='ltr'><strong>accepere,</strong></span> 
     </span>
    </p>
   </div>
   <div class='ocr_carea' id='block_1_46' title="bbox 407 2818 1969 2891">
    <p class='ocr_par' dir='ltr' id='par_1_46' title="bbox 407 2818 1969 2891">
     <span class='ocr_line' id='line_1_46' title="bbox 407 2818 1969 2891; baseline 0 -16"><span class='ocrx_word' id='word_1_368' title='bbox 407 2832 468 2875; x_wconf 89' lang='lat' dir='ltr'><strong>ut</strong></span> <span class='ocrx_word' id='word_1_369' title='bbox 492 2821 576 2875; x_wconf 90' lang='lat' dir='ltr'><strong>dei</strong></span> <span class='ocrx_word' id='word_1_370' title='bbox 602 2829 656 2875; x_wconf 91' lang='lat' dir='ltr'><strong>et</strong></span> <span class='ocrx_word' id='word_1_371' title='bbox 677 2821 772 2874; x_wconf 87' lang='lat' dir='ltr'><strong>ﬁlii</strong></span> <span class='ocrx_word' id='word_1_372' title='bbox 793 2819 892 2874; x_wconf 88' lang='lat' dir='ltr'><strong>Dei</strong></span> <span class='ocrx_word' id='word_1_373' title='bbox 922 2827 1268 2876; x_wconf 86' lang='lat' dir='ltr'><strong>vocarentur.</strong></span> <span class='ocrx_word' id='word_1_374' title='bbox 1303 2818 1484 2875; x_wconf 89' lang='lat' dir='ltr'><strong>Primo</strong></span> <span class='ocrx_word' id='word_1_375' title='bbox 1508 2821 1672 2891; x_wconf 80' lang='lat' dir='ltr'><strong>igitur</strong></span> <span class='ocrx_word' id='word_1_376' title='bbox 1691 2821 1969 2890; x_wconf 91' lang='lat' dir='ltr'><strong>proprium</strong></span> 
     </span>
    </p>
   </div>
   <div class='ocr_carea' id='block_1_47' title="bbox 401 2911 1969 2984">
    <p class='ocr_par' dir='ltr' id='par_1_47' title="bbox 401 2911 1969 2984">
     <span class='ocr_line' id='line_1_47' title="bbox 401 2911 1969 2984; baseline 0.001 -18"><span class='ocrx_word' id='word_1_377' title='bbox 401 2913 605 2982; x_wconf 87' lang='lat' dir='ltr'><strong>corpus</strong></span> <span class='ocrx_word' id='word_1_378' title='bbox 637 2911 899 2967; x_wconf 87' lang='lat' dir='ltr'><strong>Dominus</strong></span> <span class='ocrx_word' id='word_1_379' title='bbox 943 2912 1202 2967; x_wconf 76' lang='lat' dir='ltr'><strong>excitavit</strong></span> <span class='ocrx_word' id='word_1_380' title='bbox 1238 2927 1302 2966; x_wconf 82' lang='lat' dir='ltr'><strong>ex</strong></span> <span class='ocrx_word' id='word_1_381' title='bbox 1341 2912 1592 2979; x_wconf 80' lang='lat' dir='ltr'><strong>mortuis,</strong></span> <span class='ocrx_word' id='word_1_382' title='bbox 1627 2921 1683 2967; x_wconf 90' lang='lat' dir='ltr'><strong>et</strong></span> <span class='ocrx_word' id='word_1_383' title='bbox 1707 2913 1760 2966; x_wconf 91' lang='lat' dir='ltr'><strong>in</strong></span> <span class='ocrx_word' id='word_1_384' title='bbox 1789 2913 1969 2984; x_wconf 85' lang='lat' dir='ltr'><strong>seipso</strong></span> 
     </span>
    </p>
   </div>
   <div class='ocr_carea' id='block_1_48' title="bbox 405 3003 1965 3074">
    <p class='ocr_par' dir='ltr' id='par_1_48' title="bbox 405 3003 1965 3074">
     <span class='ocr_line' id='line_1_48' title="bbox 405 3003 1965 3074; baseline 0 -15"><span class='ocrx_word' id='word_1_385' title='bbox 405 3004 666 3059; x_wconf 75' lang='lat' dir='ltr'><strong>exaltavit</strong></span> <span class='ocrx_word' id='word_1_386' title='bbox 689 3022 703 3058; x_wconf 90' lang='lat'><strong>:</strong></span> <span class='ocrx_word' id='word_1_387' title='bbox 730 3004 984 3074; x_wconf 87' lang='lat' dir='ltr'><strong>deinceps</strong></span> <span class='ocrx_word' id='word_1_388' title='bbox 1015 3004 1257 3059; x_wconf 90' lang='lat' dir='ltr'><strong>membra</strong></span> <span class='ocrx_word' id='word_1_389' title='bbox 1280 3003 1525 3074; x_wconf 91' lang='lat' dir='ltr'><strong>corporis</strong></span> <span class='ocrx_word' id='word_1_390' title='bbox 1556 3003 1641 3059; x_wconf 91' lang='lat' dir='ltr'><strong>sui</strong></span> <span class='ocrx_word' id='word_1_391' title='bbox 1685 3004 1965 3068; x_wconf 79' lang='lat' dir='ltr'><strong>excitabit,</strong></span> 
     </span>
    </p>
   </div>
   <div class='ocr_carea' id='block_1_49' title="bbox 2075 1891 3630 1966">
    <p class='ocr_par' dir='ltr' id='par_1_49' title="bbox 2075 1891 3630 1966">
     <span class='ocr_line' id='line_1_49' title="bbox 2075 1891 3630 1966; baseline -0.003 -16"><span class='ocrx_word' id='word_1_392' title='bbox 2075 1896 2288 1966; x_wconf 84' lang='grc' dir='ltr'>θρωπος</span> <span class='ocrx_word' id='word_1_393' title='bbox 2309 1894 2530 1965; x_wconf 76' lang='grc' dir='ltr'>ὑψοῦται</span> <span class='ocrx_word' id='word_1_394' title='bbox 2553 1893 2730 1949; x_wconf 74' lang='grc' dir='ltr'>λαϐὼν</span> <span class='ocrx_word' id='word_1_395' title='bbox 2747 1893 2913 1964; x_wconf 77' lang='grc' dir='ltr'>ὄνομα</span> <span class='ocrx_word' id='word_1_396' title='bbox 2929 1894 2988 1947; x_wconf 87' lang='grc' dir='ltr'>τὺ</span> <span class='ocrx_word' id='word_1_397' title='bbox 3003 1893 3140 1964; x_wconf 86' lang='grc' dir='ltr'>ὑπὲρ</span> <span class='ocrx_word' id='word_1_398' title='bbox 3162 1894 3267 1945; x_wconf 83' lang='grc' dir='ltr'>πᾶν</span> <span class='ocrx_word' id='word_1_399' title='bbox 3284 1891 3474 1961; x_wconf 77' lang='grc' dir='ltr'>ὄνομα,</span> <span class='ocrx_word' id='word_1_400' title='bbox 3496 1891 3630 1963; x_wconf 83' lang='grc' dir='ltr'>ὅπερ</span> 
     </span>
    </p>
   </div>
   <div class='ocr_carea' id='block_1_50' title="bbox 2076 1980 3628 2056">
    <p class='ocr_par' dir='ltr' id='par_1_50' title="bbox 2076 1980 3628 2056">
     <span class='ocr_line' id='line_1_50' title="bbox 2076 1980 3628 2056; baseline -0.001 -16"><span class='ocrx_word' id='word_1_401' title='bbox 2076 1987 2162 2041; x_wconf 78' lang='grc' dir='ltr'>ἀεὶ</span> <span class='ocrx_word' id='word_1_402' title='bbox 2179 1985 2320 2040; x_wconf 85' lang='grc' dir='ltr'>κατὰ</span> <span class='ocrx_word' id='word_1_403' title='bbox 2349 1985 2506 2055; x_wconf 77' lang='grc' dir='ltr'>φύσιν</span> <span class='ocrx_word' id='word_1_404' title='bbox 2536 1984 2666 2055; x_wconf 78' lang='grc' dir='ltr'>ἔχει.</span> <span class='ocrx_word' id='word_1_405' title='bbox 2701 1985 2843 2051; x_wconf 81' lang='grc' dir='ltr'>Θεὸς</span> <span class='ocrx_word' id='word_1_406' title='bbox 2869 1985 2978 2056; x_wconf 86' lang='grc' dir='ltr'>γὰρ</span> <span class='ocrx_word' id='word_1_407' title='bbox 3005 1980 3102 2054; x_wconf 82' lang='grc' dir='ltr'><strong>ἦν,</strong></span> <span class='ocrx_word' id='word_1_408' title='bbox 3137 1985 3322 2054; x_wconf 80' lang='grc' dir='ltr'>φησὶν,</span> <span class='ocrx_word' id='word_1_409' title='bbox 3351 1985 3384 2036; x_wconf 87' lang='grc' dir='ltr'><em>ὁ</em></span> <span class='ocrx_word' id='word_1_410' title='bbox 3422 1983 3628 2052; x_wconf 76' lang='grc' dir='ltr'>Λόγος.</span> 
     </span>
    </p>
   </div>
   <div class='ocr_carea' id='block_1_51' title="bbox 2143 2090 3628 2166">
    <p class='ocr_par' dir='ltr' id='par_1_51' title="bbox 2143 2090 3628 2166">
     <span class='ocr_line' id='line_1_51' title="bbox 2143 2090 3628 2166; baseline -0.005 -16"><span class='ocrx_word' id='word_1_411' title='bbox 2143 2097 2230 2150; x_wconf 76' lang='grc'><strong>12.</strong></span> <span class='ocrx_word' id='word_1_412' title='bbox 2271 2097 2410 2152; x_wconf 86' lang='grc' dir='ltr'>Ὅσα</span> <span class='ocrx_word' id='word_1_413' title='bbox 2453 2091 2545 2150; x_wconf 78' lang='grc' dir='ltr'><strong>οὖν</strong></span> <span class='ocrx_word' id='word_1_414' title='bbox 2576 2097 2722 2164; x_wconf 85' lang='grc' dir='ltr'>λέγει</span> <span class='ocrx_word' id='word_1_415' title='bbox 2766 2098 2799 2165; x_wconf 85' lang='grc' dir='ltr'>ὴ</span> <span class='ocrx_word' id='word_1_416' title='bbox 2847 2093 3036 2166; x_wconf 81' lang='grc' dir='ltr'>Γραφὴ</span> <span class='ocrx_word' id='word_1_417' title='bbox 3089 2094 3170 2147; x_wconf 82' lang='grc' dir='ltr'>ὅτι</span> <span class='ocrx_word' id='word_1_418' title='bbox 3202 2091 3393 2145; x_wconf 74' lang='grc' dir='ltr'>ἔλαϐεν</span> <span class='ocrx_word' id='word_1_419' title='bbox 3421 2091 3450 2143; x_wconf 91' lang='lat'><strong>6</strong></span> <span class='ocrx_word' id='word_1_420' title='bbox 3479 2090 3628 2155; x_wconf 81' lang='grc' dir='ltr'>Υἱὸς,</span> 
     </span>
    </p>
   </div>
   <div class='ocr_carea' id='block_1_52' title="bbox 2071 2180 3626 2256">
    <p class='ocr_par' dir='ltr' id='par_1_52' title="bbox 2071 2180 3626 2256">
     <span class='ocr_line' id='line_1_52' title="bbox 2071 2180 3626 2256; baseline -0.005 -15"><span class='ocrx_word' id='word_1_421' title='bbox 2071 2187 2158 2242; x_wconf 79' lang='grc' dir='ltr'>διὰ</span> <span class='ocrx_word' id='word_1_422' title='bbox 2198 2188 2258 2240; x_wconf 84' lang='grc' dir='ltr'><strong>τὸ</strong></span> <span class='ocrx_word' id='word_1_423' title='bbox 2308 2186 2466 2256; x_wconf 82' lang='grc' dir='ltr'>σῶμα</span> <span class='ocrx_word' id='word_1_424' title='bbox 2513 2185 2678 2239; x_wconf 79' lang='grc' dir='ltr'>αὑτοῦ</span> <span class='ocrx_word' id='word_1_425' title='bbox 2713 2183 2789 2256; x_wconf 71' lang='grc'>(4)</span> <span class='ocrx_word' id='word_1_426' title='bbox 2837 2184 3004 2252; x_wconf 83' lang='grc' dir='ltr'><strong>λέγει,</strong></span> <span class='ocrx_word' id='word_1_427' title='bbox 3036 2183 3174 2253; x_wconf 86' lang='grc' dir='ltr'>ὅπερ</span> <span class='ocrx_word' id='word_1_428' title='bbox 3205 2181 3362 2253; x_wconf 86' lang='grc' dir='ltr'>σῶμα</span> <span class='ocrx_word' id='word_1_429' title='bbox 3406 2180 3626 2251; x_wconf 83' lang='grc' dir='ltr'>ἀπαρχή</span> 
     </span>
    </p>
   </div>
   <div class='ocr_carea' id='block_1_53' title="bbox 2073 2274 3630 2351">
    <p class='ocr_par' dir='ltr' id='par_1_53' title="bbox 2073 2274 3630 2351">
     <span class='ocr_line' id='line_1_53' title="bbox 2073 2274 3630 2351; baseline -0.006 -18"><span class='ocrx_word' id='word_1_430' title='bbox 2073 2282 2186 2333; x_wconf 75' lang='grc' dir='ltr'>ἐστι</span> <span class='ocrx_word' id='word_1_431' title='bbox 2227 2280 2324 2350; x_wconf 83' lang='grc' dir='ltr'><strong>τῆς</strong></span> <span class='ocrx_word' id='word_1_432' title='bbox 2365 2279 2716 2351; x_wconf 87' lang='grc' dir='ltr'>Ἐκκλησίας·</span> <span class='ocrx_word' id='word_1_433' title='bbox 2759 2274 3011 2346; x_wconf 78' lang='grc' dir='ltr'>Ἀπαρχὴ</span> <span class='ocrx_word' id='word_1_434' title='bbox 3054 2274 3183 2344; x_wconf 79' lang='grc' dir='ltr'>γὰρ,</span> <span class='ocrx_word' id='word_1_435' title='bbox 3210 2274 3393 2346; x_wconf 77' lang='grc' dir='ltr'>φησὶν,</span> <span class='ocrx_word' id='word_1_436' title='bbox 3419 2276 3455 2328; x_wconf 81' lang='grc' dir='ltr'><em>ὁ</em></span> <span class='ocrx_word' id='word_1_437' title='bbox 3495 2274 3630 2340; x_wconf 76' lang='grc' dir='ltr'>Χρι-</span> 
     </span>
    </p>
   </div>
   <div class='ocr_carea' id='block_1_54' title="bbox 2073 2364 3627 2443">
    <p class='ocr_par' dir='ltr' id='par_1_54' title="bbox 2073 2364 3627 2443">
     <span class='ocr_line' id='line_1_54' title="bbox 2073 2364 3627 2443; baseline -0.006 -16"><span class='ocrx_word' id='word_1_438' title='bbox 2073 2374 2235 2438; x_wconf 84' lang='grc' dir='ltr'>στός.</span> <span class='ocrx_word' id='word_1_439' title='bbox 2253 2373 2364 2443; x_wconf 84' lang='grc' dir='ltr'>Τῆς</span> <span class='ocrx_word' id='word_1_440' title='bbox 2383 2367 2474 2426; x_wconf 81' lang='grc' dir='ltr'><strong>οῦν</strong></span> <span class='ocrx_word' id='word_1_441' title='bbox 2496 2372 2748 2443; x_wconf 81' lang='grc' dir='ltr'>ἀπαρχῆς</span> <span class='ocrx_word' id='word_1_442' title='bbox 2778 2369 3046 2440; x_wconf 78' lang='grc' dir='ltr'>λαϐούσης</span> <span class='ocrx_word' id='word_1_443' title='bbox 3071 2368 3238 2438; x_wconf 74' lang='grc' dir='ltr'>ὄνομα</span> <span class='ocrx_word' id='word_1_444' title='bbox 3267 2365 3328 2421; x_wconf 80' lang='grc' dir='ltr'><strong>τὸ</strong></span> <span class='ocrx_word' id='word_1_445' title='bbox 3358 2364 3499 2436; x_wconf 82' lang='grc' dir='ltr'>ὑπὲρ</span> <span class='ocrx_word' id='word_1_446' title='bbox 3520 2367 3627 2419; x_wconf 78' lang='grc' dir='ltr'><strong>πᾶν</strong></span> 
     </span>
    </p>
   </div>
   <div class='ocr_carea' id='block_1_55' title="bbox 2071 2455 3629 2534">
    <p class='ocr_par' dir='ltr' id='par_1_55' title="bbox 2071 2455 3629 2534">
     <span class='ocr_line' id='line_1_55' title="bbox 2071 2455 3629 2534; baseline -0.006 -18"><span class='ocrx_word' id='word_1_447' title='bbox 2071 2462 2259 2534; x_wconf 77' lang='grc' dir='ltr'>δνομα,</span> <span class='ocrx_word' id='word_1_448' title='bbox 2293 2461 2593 2534; x_wconf 87' lang='grc' dir='ltr'>συνηγέρθη</span> <span class='ocrx_word' id='word_1_449' title='bbox 2622 2461 2848 2530; x_wconf 82' lang='grc' dir='ltr'><strong>δυνάμει</strong></span> <span class='ocrx_word' id='word_1_450' title='bbox 2876 2460 2970 2513; x_wconf 86' lang='lat' dir='ltr'><strong>ml.</strong></span> <span class='ocrx_word' id='word_1_451' title='bbox 2992 2459 3052 2512; x_wconf 82' lang='grc' dir='ltr'><strong>τὸ</strong></span> <span class='ocrx_word' id='word_1_452' title='bbox 3086 2457 3332 2529; x_wconf 85' lang='grc' dir='ltr'>φύραμα,</span> <span class='ocrx_word' id='word_1_453' title='bbox 3375 2455 3468 2510; x_wconf 80' lang='grc' dir='ltr'><strong>καὶ</strong></span> <span class='ocrx_word' id='word_1_454' title='bbox 3505 2472 3629 2508; x_wconf 89' lang='grc' dir='ltr'>συν-</span> 
     </span>
    </p>
   </div>
   <div class='ocr_carea' id='block_1_56' title="bbox 2071 2548 3628 2624">
    <p class='ocr_par' dir='ltr' id='par_1_56' title="bbox 2071 2548 3628 2624">
     <span class='ocr_line' id='line_1_56' title="bbox 2071 2548 3628 2624; baseline -0.003 -16"><span class='ocrx_word' id='word_1_455' title='bbox 2071 2553 2357 2624; x_wconf 87' lang='grc' dir='ltr'>εκαθέσθη,</span> <span class='ocrx_word' id='word_1_456' title='bbox 2389 2553 2528 2607; x_wconf 80' lang='grc' dir='ltr'>κατὰ</span> <span class='ocrx_word' id='word_1_457' title='bbox 2573 2553 2632 2606; x_wconf 89' lang='grc' dir='ltr'>τὸ</span> <span class='ocrx_word' id='word_1_458' title='bbox 2672 2552 2991 2622; x_wconf 84' lang='grc' dir='ltr'>λεγόμενον·</span> <span class='ocrx_word' id='word_1_459' title='bbox 3028 2553 3137 2605; x_wconf 78' lang='grc' dir='ltr'><strong>Καὶ</strong></span> <span class='ocrx_word' id='word_1_460' title='bbox 3172 2549 3490 2620; x_wconf 74' lang='grc' dir='ltr'>συνήγειρε</span> <span class='ocrx_word' id='word_1_461' title='bbox 3530 2548 3628 2603; x_wconf 70' lang='grc' dir='ltr'>καὶ</span> 
     </span>
    </p>
   </div>
   <div class='ocr_carea' id='block_1_57' title="bbox 2070 2640 3628 2715">
    <p class='ocr_par' dir='ltr' id='par_1_57' title="bbox 2070 2640 3628 2715">
     <span class='ocr_line' id='line_1_57' title="bbox 2070 2640 3628 2715; baseline -0.005 -13"><span class='ocrx_word' id='word_1_462' title='bbox 2070 2645 2449 2701; x_wconf 79' lang='grc' dir='ltr'>συνεκάθισε.</span> <span class='ocrx_word' id='word_1_463' title='bbox 2485 2645 2596 2699; x_wconf 71' lang='grc' dir='ltr'>Καὶ</span> <span class='ocrx_word' id='word_1_464' title='bbox 2625 2644 2713 2698; x_wconf 83' lang='grc' dir='ltr'><strong>διὰ</strong></span> <span class='ocrx_word' id='word_1_465' title='bbox 2733 2643 2891 2698; x_wconf 89' lang='grc' dir='ltr'>τοῦτο</span> <span class='ocrx_word' id='word_1_466' title='bbox 2920 2645 3077 2715; x_wconf 84' lang='grc' dir='ltr'>χάριν</span> <span class='ocrx_word' id='word_1_467' title='bbox 3108 2642 3296 2696; x_wconf 72' lang='grc' dir='ltr'>ἔλαϐον</span> <span class='ocrx_word' id='word_1_468' title='bbox 3326 2643 3376 2696; x_wconf 81' lang='grc' dir='ltr'>οἱ</span> <span class='ocrx_word' id='word_1_469' title='bbox 3419 2640 3628 2712; x_wconf 80' lang='grc' dir='ltr'>ἄνθρω-</span> 
     </span>
    </p>
   </div>
   <div class='ocr_carea' id='block_1_58' title="bbox 2071 2728 3627 2805">
    <p class='ocr_par' dir='ltr' id='par_1_58' title="bbox 2071 2728 3627 2805">
     <span class='ocr_line' id='line_1_58' title="bbox 2071 2728 3627 2805; baseline -0.006 -14"><span class='ocrx_word' id='word_1_470' title='bbox 2071 2756 2161 2792; x_wconf 87' lang='grc' dir='ltr'><strong>ποι</strong></span> <span class='ocrx_word' id='word_1_471' title='bbox 2190 2738 2251 2791; x_wconf 83' lang='grc' dir='ltr'>τὸ</span> <span class='ocrx_word' id='word_1_472' title='bbox 2293 2736 2570 2792; x_wconf 89' lang='grc' dir='ltr'>καλεῖσθαι</span> <span class='ocrx_word' id='word_1_473' title='bbox 2599 2734 2710 2789; x_wconf 78' lang='grc' dir='ltr'>θεοὶ</span> <span class='ocrx_word' id='word_1_474' title='bbox 2737 2735 2832 2790; x_wconf 71' lang='grc' dir='ltr'><strong>καὶ</strong></span> <span class='ocrx_word' id='word_1_475' title='bbox 2872 2735 2977 2787; x_wconf 76' lang='grc' dir='ltr'>υἱοὶ</span> <span class='ocrx_word' id='word_1_476' title='bbox 3012 2733 3166 2788; x_wconf 86' lang='grc' dir='ltr'>Θεοῦ.</span> <span class='ocrx_word' id='word_1_477' title='bbox 3199 2733 3422 2805; x_wconf 89' lang='grc' dir='ltr'>Πρῶτον</span> <span class='ocrx_word' id='word_1_478' title='bbox 3449 2728 3542 2786; x_wconf 82' lang='grc' dir='ltr'><strong>οῦν</strong></span> <span class='ocrx_word' id='word_1_479' title='bbox 3567 2731 3627 2783; x_wconf 82' lang='grc' dir='ltr'>τὸ</span> 
     </span>
    </p>
   </div>
   <div class='ocr_carea' id='block_1_59' title="bbox 2071 2823 3627 2900">
    <p class='ocr_par' dir='ltr' id='par_1_59' title="bbox 2071 2823 3627 2900">
     <span class='ocr_line' id='line_1_59' title="bbox 2071 2823 3627 2900; baseline -0.006 -16"><span class='ocrx_word' id='word_1_480' title='bbox 2071 2831 2200 2884; x_wconf 84' lang='grc' dir='ltr'>ῐδιον</span> <span class='ocrx_word' id='word_1_481' title='bbox 2232 2829 2391 2900; x_wconf 86' lang='grc' dir='ltr'>σῶμα</span> <span class='ocrx_word' id='word_1_482' title='bbox 2418 2828 2633 2900; x_wconf 70' lang='grc' dir='ltr'>ἤγειρεν</span> <span class='ocrx_word' id='word_1_483' title='bbox 2661 2830 2689 2882; x_wconf 92' lang='lat'><strong>6</strong></span> <span class='ocrx_word' id='word_1_484' title='bbox 2710 2827 2911 2900; x_wconf 81' lang='grc' dir='ltr'>Κύριος</span> <span class='ocrx_word' id='word_1_485' title='bbox 2941 2828 3004 2880; x_wconf 78' lang='grc' dir='ltr'>ἐκ</span> <span class='ocrx_word' id='word_1_486' title='bbox 3035 2826 3264 2898; x_wconf 81' lang='grc' dir='ltr'>νεκρῶν,</span> <span class='ocrx_word' id='word_1_487' title='bbox 3294 2825 3389 2882; x_wconf 78' lang='grc' dir='ltr'><strong>καὶ</strong></span> <span class='ocrx_word' id='word_1_488' title='bbox 3415 2823 3627 2894; x_wconf 77' lang='grc' dir='ltr'>ὕψωσεν</span> 
     </span>
    </p>
   </div>
   <div class='ocr_carea' id='block_1_60' title="bbox 2070 2913 3626 2993">
    <p class='ocr_par' dir='ltr' id='par_1_60' title="bbox 2070 2913 3626 2993">
     <span class='ocr_line' id='line_1_60' title="bbox 2070 2913 3626 2993; baseline -0.006 -16"><span class='ocrx_word' id='word_1_489' title='bbox 2070 2925 2126 2977; x_wconf 82' lang='grc' dir='ltr'>ὲν</span> <span class='ocrx_word' id='word_1_490' title='bbox 2152 2921 2365 2993; x_wconf 77' lang='grc' dir='ltr'>ἑαυτῷ·</span> <span class='ocrx_word' id='word_1_491' title='bbox 2404 2921 2541 2992; x_wconf 86' lang='grc' dir='ltr'>μετὰ</span> <span class='ocrx_word' id='word_1_492' title='bbox 2579 2921 2653 2991; x_wconf 79' lang='grc'>(5)</span> <span class='ocrx_word' id='word_1_493' title='bbox 2697 2919 2868 2975; x_wconf 84' lang='grc' dir='ltr'>ταῦτα</span> <span class='ocrx_word' id='word_1_494' title='bbox 2899 2920 3080 2989; x_wconf 72' lang='grc' dir='ltr'>ἐγερεῖ</span> <span class='ocrx_word' id='word_1_495' title='bbox 3118 2918 3213 2972; x_wconf 72' lang='grc' dir='ltr'>καὶ</span> <span class='ocrx_word' id='word_1_496' title='bbox 3254 2917 3324 2972; x_wconf 83' lang='grc' dir='ltr'><strong>τὰ</strong></span> <span class='ocrx_word' id='word_1_497' title='bbox 3364 2916 3495 2988; x_wconf 86' lang='grc' dir='ltr'>μέλη</span> <span class='ocrx_word' id='word_1_498' title='bbox 3534 2913 3626 2969; x_wconf 88' lang='grc' dir='ltr'><strong>τοῦ</strong></span> 
     </span>
    </p>
   </div>
   <div class='ocr_carea' id='block_1_61' title="bbox 2071 3005 3627 3085">
    <p class='ocr_par' dir='ltr' id='par_1_61' title="bbox 2071 3005 3627 3085">
     <span class='ocr_line' id='line_1_61' title="bbox 2071 3005 3627 3085; baseline -0.006 -17"><span class='ocrx_word' id='word_1_499' title='bbox 2071 3012 2318 3085; x_wconf 86' lang='grc' dir='ltr'>σώματος</span> <span class='ocrx_word' id='word_1_500' title='bbox 2343 3012 2528 3076; x_wconf 81' lang='grc' dir='ltr'>αὐτοῦ,</span> <span class='ocrx_word' id='word_1_501' title='bbox 2559 3013 2646 3065; x_wconf 83' lang='grc' dir='ltr'><strong>ἵνα</strong></span> <span class='ocrx_word' id='word_1_502' title='bbox 2683 3010 2969 3082; x_wconf 82' lang='grc' dir='ltr'>χαρίσηται</span> <span class='ocrx_word' id='word_1_503' title='bbox 3000 3010 3182 3072; x_wconf 82' lang='grc' dir='ltr'>αὐτοῖς</span> <span class='ocrx_word' id='word_1_504' title='bbox 3224 3007 3297 3062; x_wconf 78' lang='grc' dir='ltr'>τὰ</span> <span class='ocrx_word' id='word_1_505' title='bbox 3322 3007 3516 3070; x_wconf 88' lang='grc' dir='ltr'>πάντα,</span> <span class='ocrx_word' id='word_1_506' title='bbox 3552 3005 3627 3070; x_wconf 82' lang='grc' dir='ltr'><strong>ὡς</strong></span> 
     </span>
    </p>
   </div>
   <div class='ocr_carea' id='block_1_62' title="bbox 406 3095 1967 3175">
    <p class='ocr_par' dir='ltr' id='par_1_62' title="bbox 406 3095 1967 3168">
     <span class='ocr_line' id='line_1_62' title="bbox 406 3095 1967 3168; baseline 0 -17"><span class='ocrx_word' id='word_1_507' title='bbox 406 3103 468 3151; x_wconf 80' lang='grc' dir='ltr'>ιιι</span> <span class='ocrx_word' id='word_1_508' title='bbox 507 3097 692 3152; x_wconf 86' lang='lat' dir='ltr'><strong>omnia</strong></span> <span class='ocrx_word' id='word_1_509' title='bbox 736 3095 842 3152; x_wconf 87' lang='lat' dir='ltr'><strong>illis</strong></span> <span class='ocrx_word' id='word_1_510' title='bbox 889 3096 1172 3168; x_wconf 82' lang='lat' dir='ltr'><strong>largiatur,</strong></span> <span class='ocrx_word' id='word_1_511' title='bbox 1205 3106 1399 3166; x_wconf 85' lang='lat' dir='ltr'><strong>utpote</strong></span> <span class='ocrx_word' id='word_1_512' title='bbox 1432 3095 1598 3162; x_wconf 90' lang='lat' dir='ltr'><strong>Deus,</strong></span> <span class='ocrx_word' id='word_1_513' title='bbox 1625 3111 1967 3168; x_wconf 68' lang='lat' dir='ltr'><strong>quascunque</strong></span> 
     </span>
    </p>
   </div>
   <div class='ocr_carea' id='block_1_63' title="bbox 2069 3095 3625 3175">
    <p class='ocr_par' dir='ltr' id='par_1_63' title="bbox 2069 3095 3625 3175">
     <span class='ocr_line' id='line_1_63' title="bbox 2069 3095 3625 3175; baseline -0.006 -15"><span class='ocrx_word' id='word_1_514' title='bbox 2069 3107 2216 3171; x_wconf 84' lang='grc' dir='ltr'>Θεὸς,</span> <span class='ocrx_word' id='word_1_515' title='bbox 2249 3107 2351 3160; x_wconf 81' lang='grc' dir='ltr'>ὅσα</span> <span class='ocrx_word' id='word_1_516' title='bbox 2371 3106 2530 3168; x_wconf 71' lang='grc' dir='ltr'>αὐτὸς</span> <span class='ocrx_word' id='word_1_517' title='bbox 2553 3106 2627 3168; x_wconf 89' lang='grc' dir='ltr'>ὡς</span> <span class='ocrx_word' id='word_1_518' title='bbox 2651 3104 2932 3175; x_wconf 78' lang='grc' dir='ltr'>ἄνθρωπος</span> <span class='ocrx_word' id='word_1_519' title='bbox 2955 3101 3163 3155; x_wconf 77' lang='grc' dir='ltr'>ἐλαϐεν.</span> <span class='ocrx_word' id='word_1_520' title='bbox 3195 3100 3364 3164; x_wconf 75' lang='grc' dir='ltr'>Αὐτὸς</span> <span class='ocrx_word' id='word_1_521' title='bbox 3385 3095 3476 3154; x_wconf 78' lang='grc' dir='ltr'><strong>οὖν</strong></span> <span class='ocrx_word' id='word_1_522' title='bbox 3499 3099 3625 3152; x_wconf 77' lang='grc' dir='ltr'>ἐαυ-</span> 
     </span>
    </p>
   </div>
   <div class='ocr_carea' id='block_1_64' title="bbox 404 3188 1967 3262">
    <p class='ocr_par' dir='ltr' id='par_1_64' title="bbox 404 3188 1967 3262">
     <span class='ocr_line' id='line_1_64' title="bbox 404 3188 1967 3262; baseline 0.003 -19"><span class='ocrx_word' id='word_1_523' title='bbox 404 3189 522 3260; x_wconf 86' lang='lat' dir='ltr'><strong>ipse</strong></span> <span class='ocrx_word' id='word_1_524' title='bbox 557 3195 618 3244; x_wconf 89' lang='lat' dir='ltr'><strong>ut</strong></span> <span class='ocrx_word' id='word_1_525' title='bbox 667 3190 831 3244; x_wconf 93' lang='lat' dir='ltr'><strong>homo</strong></span> <span class='ocrx_word' id='word_1_526' title='bbox 874 3189 1102 3260; x_wconf 88' lang='lat' dir='ltr'><strong>accepit.</strong></span> <span class='ocrx_word' id='word_1_527' title='bbox 1155 3188 1275 3260; x_wconf 93' lang='lat' dir='ltr'><strong>lpse</strong></span> <span class='ocrx_word' id='word_1_528' title='bbox 1327 3189 1493 3262; x_wconf 82' lang='lat' dir='ltr'><strong>igitur</strong></span> <span class='ocrx_word' id='word_1_529' title='bbox 1527 3190 1632 3245; x_wconf 89' lang='lat' dir='ltr'><strong>sibi</strong></span> <span class='ocrx_word' id='word_1_530' title='bbox 1670 3190 1772 3260; x_wconf 91' lang='lat' dir='ltr'><strong>ipsi</strong></span> <span class='ocrx_word' id='word_1_531' title='bbox 1801 3191 1967 3247; x_wconf 88' lang='lat' dir='ltr'><strong>vitam</strong></span> 
     </span>
    </p>
   </div>
   <div class='ocr_carea' id='block_1_65' title="bbox 403 3279 1970 3358">
    <p class='ocr_par' dir='ltr' id='par_1_65' title="bbox 403 3279 1970 3358">
     <span class='ocr_line' id='line_1_65' title="bbox 403 3279 1970 3358; baseline 0.003 -25"><span class='ocrx_word' id='word_1_532' title='bbox 403 3279 654 3351; x_wconf 88' lang='lat' dir='ltr'><strong>largitur,</strong></span> <span class='ocrx_word' id='word_1_533' title='bbox 683 3280 798 3358; x_wconf 90' lang='lat' dir='ltr'><strong>ipse</strong></span> <span class='ocrx_word' id='word_1_534' title='bbox 825 3281 1061 3351; x_wconf 91' lang='lat' dir='ltr'><strong>seipsum</strong></span> <span class='ocrx_word' id='word_1_535' title='bbox 1090 3281 1546 3352; x_wconf 86' lang='lat' dir='ltr'><strong>sanctiﬁcat,ipse</strong></span> <span class='ocrx_word' id='word_1_536' title='bbox 1566 3280 1804 3352; x_wconf 86' lang='lat' dir='ltr'><strong>seipsum</strong></span> <span class='ocrx_word' id='word_1_537' title='bbox 1822 3282 1970 3338; x_wconf 79' lang='lat' dir='ltr'><strong>exal-</strong></span> 
     </span>
    </p>
   </div>
   <div class='ocr_carea' id='block_1_66' title="bbox 402 3371 1964 3443">
    <p class='ocr_par' dir='ltr' id='par_1_66' title="bbox 402 3371 1964 3443">
     <span class='ocr_line' id='line_1_66' title="bbox 402 3371 1964 3443; baseline 0.002 -17"><span class='ocrx_word' id='word_1_538' title='bbox 402 3379 500 3426; x_wconf 87' lang='lat' dir='ltr'><strong>tat.</strong></span> <span class='ocrx_word' id='word_1_539' title='bbox 528 3371 665 3427; x_wconf 92' lang='lat' dir='ltr'><strong>Cum</strong></span> <span class='ocrx_word' id='word_1_540' title='bbox 688 3372 764 3426; x_wconf 87' lang='lat' dir='ltr'><strong>ait</strong></span> <span class='ocrx_word' id='word_1_541' title='bbox 788 3372 970 3443; x_wconf 89' lang='lat' dir='ltr'><strong>igitur,</strong></span> <span class='ocrx_word' id='word_1_542' title='bbox 998 3372 1143 3442; x_wconf 92' lang='lat' dir='ltr'><strong>quod</strong></span> <span class='ocrx_word' id='word_1_543' title='bbox 1158 3371 1316 3428; x_wconf 88' lang='lat' dir='ltr'><strong>Pater</strong></span> <span class='ocrx_word' id='word_1_544' title='bbox 1348 3372 1500 3428; x_wconf 91' lang='lat' dir='ltr'><strong>illum</strong></span> <span class='ocrx_word' id='word_1_545' title='bbox 1530 3373 1964 3441; x_wconf 88' lang='lat' dir='ltr'><strong>sanctiﬁcaverit,</strong></span> 
     </span>
    </p>
   </div>
   <div class='ocr_carea' id='block_1_67' title="bbox 402 3459 1968 3533">
    <p class='ocr_par' dir='ltr' id='par_1_67' title="bbox 402 3459 1968 3533">
     <span class='ocr_line' id='line_1_67' title="bbox 402 3459 1968 3533; baseline 0.004 -21"><span class='ocrx_word' id='word_1_546' title='bbox 402 3470 457 3512; x_wconf 84' lang='lat' dir='ltr'><strong>et</strong></span> <span class='ocrx_word' id='word_1_547' title='bbox 484 3459 820 3526; x_wconf 84' lang='lat' dir='ltr'><strong>excitaverit,</strong></span> <span class='ocrx_word' id='word_1_548' title='bbox 845 3470 900 3515; x_wconf 93' lang='lat' dir='ltr'><strong>et</strong></span> <span class='ocrx_word' id='word_1_549' title='bbox 923 3460 1226 3516; x_wconf 87' lang='lat' dir='ltr'><strong>dederitilli</strong></span> <span class='ocrx_word' id='word_1_550' title='bbox 1277 3475 1477 3518; x_wconf 91' lang='lat' dir='ltr'><strong>nomen</strong></span> <span class='ocrx_word' id='word_1_551' title='bbox 1507 3463 1655 3532; x_wconf 91' lang='lat' dir='ltr'><strong>quod</strong></span> <span class='ocrx_word' id='word_1_552' title='bbox 1677 3472 1761 3518; x_wconf 87' lang='lat' dir='ltr'><strong>est</strong></span> <span class='ocrx_word' id='word_1_553' title='bbox 1805 3479 1968 3533; x_wconf 90' lang='lat' dir='ltr'><strong>super</strong></span> 
     </span>
    </p>
   </div>
   <div class='ocr_carea' id='block_1_68' title="bbox 401 3552 1966 3625">
    <p class='ocr_par' dir='ltr' id='par_1_68' title="bbox 401 3552 1966 3625">
     <span class='ocr_line' id='line_1_68' title="bbox 401 3552 1966 3625; baseline 0.003 -20"><span class='ocrx_word' id='word_1_554' title='bbox 401 3565 564 3606; x_wconf 91' lang='lat' dir='ltr'><strong>omne</strong></span> <span class='ocrx_word' id='word_1_555' title='bbox 590 3567 810 3618; x_wconf 90' lang='lat' dir='ltr'><strong>nomen,</strong></span> <span class='ocrx_word' id='word_1_556' title='bbox 831 3552 996 3608; x_wconf 88' lang='lat' dir='ltr'><strong>vitam</strong></span> <span class='ocrx_word' id='word_1_557' title='bbox 1025 3568 1242 3624; x_wconf 92' lang='lat' dir='ltr'><strong>quoque</strong></span> <span class='ocrx_word' id='word_1_558' title='bbox 1266 3554 1554 3620; x_wconf 90' lang='lat' dir='ltr'><strong>tribuerit;</strong></span> <span class='ocrx_word' id='word_1_559' title='bbox 1581 3555 1858 3625; x_wconf 87' lang='lat' dir='ltr'><strong>propalam</strong></span> <span class='ocrx_word' id='word_1_560' title='bbox 1883 3563 1966 3610; x_wconf 88' lang='lat' dir='ltr'><strong>est</strong></span> 
     </span>
    </p>
   </div>
   <div class='ocr_carea' id='block_1_69' title="bbox 400 3638 1967 3715">
    <p class='ocr_par' dir='ltr' id='par_1_69' title="bbox 400 3638 1967 3715">
     <span class='ocr_line' id='line_1_69' title="bbox 400 3638 1967 3715; baseline 0.003 -22"><span class='ocrx_word' id='word_1_561' title='bbox 400 3638 616 3695; x_wconf 89' lang='lat' dir='ltr'><strong>Patrem</strong></span> <span class='ocrx_word' id='word_1_562' title='bbox 644 3642 827 3696; x_wconf 88' lang='lat' dir='ltr'><strong>omnia</strong></span> <span class='ocrx_word' id='word_1_563' title='bbox 871 3659 968 3712; x_wconf 92' lang='lat' dir='ltr'><strong>per</strong></span> <span class='ocrx_word' id='word_1_564' title='bbox 1000 3645 1178 3713; x_wconf 92' lang='lat' dir='ltr'><strong>ipsum</strong></span> <span class='ocrx_word' id='word_1_565' title='bbox 1218 3642 1417 3701; x_wconf 84' lang='lat' dir='ltr'><strong>facere.</strong></span> <span class='ocrx_word' id='word_1_566' title='bbox 1461 3643 1564 3700; x_wconf 90' lang='lat' dir='ltr'><strong>Per</strong></span> <span class='ocrx_word' id='word_1_567' title='bbox 1592 3645 1770 3714; x_wconf 91' lang='lat' dir='ltr'><strong>ipsum</strong></span> <span class='ocrx_word' id='word_1_568' title='bbox 1802 3644 1967 3715; x_wconf 86' lang='lat' dir='ltr'><strong>igitur</strong></span> 
     </span>
    </p>
   </div>
   <div class='ocr_carea' id='block_1_70' title="bbox 401 3732 1966 3806">
    <p class='ocr_par' dir='ltr' id='par_1_70' title="bbox 401 3732 1966 3806">
     <span class='ocr_line' id='line_1_70' title="bbox 401 3732 1966 3806; baseline 0.003 -20"><span class='ocrx_word' id='word_1_569' title='bbox 401 3732 575 3803; x_wconf 91' lang='lat' dir='ltr'><strong>ipsum</strong></span> <span class='ocrx_word' id='word_1_570' title='bbox 623 3735 838 3800; x_wconf 79' lang='lat' dir='ltr'><strong>excitat,</strong></span> <span class='ocrx_word' id='word_1_571' title='bbox 874 3751 969 3805; x_wconf 90' lang='lat' dir='ltr'><strong>per</strong></span> <span class='ocrx_word' id='word_1_572' title='bbox 1020 3736 1199 3806; x_wconf 88' lang='lat' dir='ltr'><strong>ipsum</strong></span> <span class='ocrx_word' id='word_1_573' title='bbox 1250 3737 1430 3806; x_wconf 88' lang='lat' dir='ltr'><strong>ipsum</strong></span> <span class='ocrx_word' id='word_1_574' title='bbox 1477 3737 1811 3803; x_wconf 89' lang='lat' dir='ltr'><strong>sanctiﬁcat,</strong></span> <span class='ocrx_word' id='word_1_575' title='bbox 1869 3751 1966 3806; x_wconf 90' lang='lat' dir='ltr'><strong>per</strong></span> 
     </span>
    </p>
   </div>
   <div class='ocr_carea' id='block_1_71' title="bbox 399 3825 1964 3899">
    <p class='ocr_par' dir='ltr' id='par_1_71' title="bbox 399 3825 1964 3899">
     <span class='ocr_line' id='line_1_71' title="bbox 399 3825 1964 3899; baseline 0.003 -21"><span class='ocrx_word' id='word_1_576' title='bbox 399 3825 578 3893; x_wconf 88' lang='lat' dir='ltr'><strong>ipsum</strong></span> <span class='ocrx_word' id='word_1_577' title='bbox 609 3825 786 3894; x_wconf 92' lang='lat' dir='ltr'><strong>ipsum</strong></span> <span class='ocrx_word' id='word_1_578' title='bbox 834 3827 1056 3893; x_wconf 78' lang='lat' dir='ltr'><strong>exaltat,</strong></span> <span class='ocrx_word' id='word_1_579' title='bbox 1086 3836 1140 3883; x_wconf 90' lang='lat' dir='ltr'><strong>et</strong></span> <span class='ocrx_word' id='word_1_580' title='bbox 1174 3843 1271 3899; x_wconf 86' lang='lat' dir='ltr'><strong>per</strong></span> <span class='ocrx_word' id='word_1_581' title='bbox 1311 3829 1488 3898; x_wconf 91' lang='lat' dir='ltr'><strong>ipsum</strong></span> <span class='ocrx_word' id='word_1_582' title='bbox 1516 3829 1618 3898; x_wconf 89' lang='lat' dir='ltr'><strong>ipsi</strong></span> <span class='ocrx_word' id='word_1_583' title='bbox 1659 3830 1825 3884; x_wconf 89' lang='lat' dir='ltr'><strong>vitam</strong></span> <span class='ocrx_word' id='word_1_584' title='bbox 1858 3829 1964 3884; x_wconf 85' lang='lat' dir='ltr'><strong>lar-</strong></span> 
     </span>
    </p>
   </div>
   <div class='ocr_carea' id='block_1_72' title="bbox 397 3915 1962 3987">
    <p class='ocr_par' dir='ltr' id='par_1_72' title="bbox 397 3915 1962 3987">
     <span class='ocr_line' id='line_1_72' title="bbox 397 3915 1962 3987; baseline 0.004 -19"><span class='ocrx_word' id='word_1_585' title='bbox 397 3917 561 3986; x_wconf 77' lang='lat' dir='ltr'><strong>gitur.</strong></span> <span class='ocrx_word' id='word_1_586' title='bbox 587 3915 653 3970; x_wconf 89' lang='lat' dir='ltr'><strong>Et</strong></span> <span class='ocrx_word' id='word_1_587' title='bbox 677 3931 800 3971; x_wconf 90' lang='lat' dir='ltr'><strong>cum</strong></span> <span class='ocrx_word' id='word_1_588' title='bbox 827 3917 1076 3987; x_wconf 89' lang='lat' dir='ltr'><strong>spiritum</strong></span> <span class='ocrx_word' id='word_1_589' title='bbox 1104 3933 1264 3974; x_wconf 90' lang='lat' dir='ltr'><strong>suum</strong></span> <span class='ocrx_word' id='word_1_590' title='bbox 1297 3918 1354 3972; x_wconf 89' lang='lat' dir='ltr'><strong>in</strong></span> <span class='ocrx_word' id='word_1_591' title='bbox 1383 3934 1579 3974; x_wconf 91' lang='lat' dir='ltr'><strong>manus</strong></span> <span class='ocrx_word' id='word_1_592' title='bbox 1608 3917 1788 3974; x_wconf 90' lang='lat' dir='ltr'><strong>Patris</strong></span> <span class='ocrx_word' id='word_1_593' title='bbox 1811 3934 1962 3974; x_wconf 92' lang='lat' dir='ltr'><strong>com-</strong></span> 
     </span>
    </p>
   </div>
   <div class='ocr_carea' id='block_1_73' title="bbox 399 4007 1963 4079">
    <p class='ocr_par' dir='ltr' id='par_1_73' title="bbox 399 4007 1963 4079">
     <span class='ocr_line' id='line_1_73' title="bbox 399 4007 1963 4079; baseline 0.004 -20"><span class='ocrx_word' id='word_1_594' title='bbox 399 4007 651 4072; x_wconf 85' lang='lat' dir='ltr'><strong>mendat,</strong></span> <span class='ocrx_word' id='word_1_595' title='bbox 690 4019 748 4061; x_wconf 87' lang='lat' dir='ltr'><strong>ut</strong></span> <span class='ocrx_word' id='word_1_596' title='bbox 792 4008 957 4062; x_wconf 90' lang='lat' dir='ltr'><strong>homo</strong></span> <span class='ocrx_word' id='word_1_597' title='bbox 1020 4009 1260 4079; x_wconf 88' lang='lat' dir='ltr'><strong>seipsum</strong></span> <span class='ocrx_word' id='word_1_598' title='bbox 1303 4009 1647 4065; x_wconf 89' lang='lat' dir='ltr'><strong>commendat</strong></span> <span class='ocrx_word' id='word_1_599' title='bbox 1696 4009 1844 4075; x_wconf 88' lang='lat' dir='ltr'><strong>Deo,</strong></span> <span class='ocrx_word' id='word_1_600' title='bbox 1904 4019 1963 4065; x_wconf 92' lang='lat' dir='ltr'><strong>ut</strong></span> 
     </span>
    </p>
   </div>
   <div class='ocr_carea' id='block_1_74' title="bbox 388 4097 1960 4169">
    <p class='ocr_par' dir='ltr' id='par_1_74' title="bbox 388 4097 1960 4169">
     <span class='ocr_line' id='line_1_74' title="bbox 388 4097 1960 4169; baseline 0.004 -21"><span class='ocrx_word' id='word_1_601' title='bbox 388 4113 587 4152; x_wconf 85' lang='lat' dir='ltr'><strong>omnes</strong></span> <span class='ocrx_word' id='word_1_602' title='bbox 616 4098 864 4152; x_wconf 85' lang='lat' dir='ltr'><strong>homines</strong></span> <span class='ocrx_word' id='word_1_603' title='bbox 894 4097 1003 4154; x_wconf 90' lang='lat' dir='ltr'><strong>Deo</strong></span> <span class='ocrx_word' id='word_1_604' title='bbox 1033 4099 1394 4154; x_wconf 88' lang='lat' dir='ltr'><strong>commendet.</strong></span> <span class='ocrx_word' id='word_1_605' title='bbox 1429 4100 1545 4169; x_wconf 88' lang='lat' dir='ltr'><strong>Ipse</strong></span> <span class='ocrx_word' id='word_1_606' title='bbox 1563 4101 1707 4155; x_wconf 90' lang='lat' dir='ltr'><strong>enim</strong></span> <span class='ocrx_word' id='word_1_607' title='bbox 1732 4109 1816 4156; x_wconf 88' lang='lat' dir='ltr'><strong>est</strong></span> <span class='ocrx_word' id='word_1_608' title='bbox 1841 4115 1960 4155; x_wconf 85' lang='lat' dir='ltr'><strong>rna-</strong></span> 
     </span>
    </p>
   </div>
   <div class='ocr_carea' id='block_1_75' title="bbox 397 4189 1960 4261">
    <p class='ocr_par' dir='ltr' id='par_1_75' title="bbox 397 4189 1960 4261">
     <span class='ocr_line' id='line_1_75' title="bbox 397 4189 1960 4261; baseline 0.005 -23"><span class='ocrx_word' id='word_1_609' title='bbox 397 4201 501 4242; x_wconf 90' lang='lat' dir='ltr'><strong>nus</strong></span> <span class='ocrx_word' id='word_1_610' title='bbox 534 4189 670 4258; x_wconf 88' lang='lat' dir='ltr'><strong>ipsa,</strong></span> <span class='ocrx_word' id='word_1_611' title='bbox 703 4200 756 4242; x_wconf 89' lang='lat' dir='ltr'><strong>et</strong></span> <span class='ocrx_word' id='word_1_612' title='bbox 798 4205 991 4245; x_wconf 85' lang='lat' dir='ltr'><strong>manus</strong></span> <span class='ocrx_word' id='word_1_613' title='bbox 1023 4191 1152 4261; x_wconf 62' lang='lat' dir='ltr'><strong>ipsa:</strong></span> <span class='ocrx_word' id='word_1_614' title='bbox 1195 4189 1393 4246; x_wconf 84' lang='lat' dir='ltr'><strong>Patris.</strong></span> <span class='ocrx_word' id='word_1_615' title='bbox 1417 4189 1486 4245; x_wconf 88' lang='lat' dir='ltr'><strong>Et</strong></span> <span class='ocrx_word' id='word_1_616' title='bbox 1522 4192 1616 4246; x_wconf 87' lang='lat' dir='ltr'><strong>ubi</strong></span> <span class='ocrx_word' id='word_1_617' title='bbox 1665 4193 1744 4247; x_wconf 87' lang='lat' dir='ltr'><strong>ait</strong></span> <span class='ocrx_word' id='word_1_618' title='bbox 1777 4212 1789 4245; x_wconf 94' lang='lat'><strong>:</strong></span> <span class='ocrx_word' id='word_1_619' title='bbox 1828 4193 1960 4246; x_wconf 80' lang='lat' dir='ltr'><strong>Ante</strong></span> 
     </span>
    </p>
   </div>
   <div class='ocr_carea' id='block_1_76' title="bbox 390 4283 1960 4357">
    <p class='ocr_par' dir='ltr' id='par_1_76' title="bbox 390 4283 1960 4357">
     <span class='ocr_line' id='line_1_76' title="bbox 390 4283 1960 4357; baseline 0.008 -26"><span class='ocrx_word' id='word_1_620' title='bbox 390 4298 570 4336; x_wconf 77' lang='lat' dir='ltr'><strong>omnes</strong></span> <span class='ocrx_word' id='word_1_621' title='bbox 614 4283 771 4340; x_wconf 73' lang='lat' dir='ltr'><strong>colles</strong></span> <span class='ocrx_word' id='word_1_622' title='bbox 822 4295 1034 4356; x_wconf 83' lang='lat' dir='ltr'><strong>generat</strong></span> <span class='ocrx_word' id='word_1_623' title='bbox 1063 4289 1208 4354; x_wconf 67' lang='lat' dir='ltr'><strong>me&quot;,</strong></span> <span class='ocrx_word' id='word_1_624' title='bbox 1235 4287 1290 4343; x_wconf 89' lang='lat' dir='ltr'><strong>id</strong></span> <span class='ocrx_word' id='word_1_625' title='bbox 1331 4302 1396 4342; x_wconf 79' lang='lat' dir='ltr'><strong>ex</strong></span> <span class='ocrx_word' id='word_1_626' title='bbox 1445 4303 1676 4357; x_wconf 88' lang='lat' dir='ltr'><strong>persona</strong></span> <span class='ocrx_word' id='word_1_627' title='bbox 1704 4287 1960 4344; x_wconf 63' lang='lat' dir='ltr'><strong>Ecclesiae</strong></span> 
     </span>
    </p>
   </div>
   <div class='ocr_carea' id='block_1_77' title="bbox 381 4373 1956 4448">
    <p class='ocr_par' dir='ltr' id='par_1_77' title="bbox 381 4373 1956 4448">
     <span class='ocr_line' id='line_1_77' title="bbox 381 4373 1956 4448; baseline 0.004 -21"><span class='ocrx_word' id='word_1_628' title='bbox 381 4373 654 4443; x_wconf 67' lang='lat' dir='ltr'><strong>loquitur,</strong></span> <span class='ocrx_word' id='word_1_629' title='bbox 686 4391 806 4444; x_wconf 83' lang='lat' dir='ltr'><strong>quae</strong></span> <span class='ocrx_word' id='word_1_630' title='bbox 855 4377 1008 4446; x_wconf 88' lang='lat' dir='ltr'><strong>prius</strong></span> <span class='ocrx_word' id='word_1_631' title='bbox 1046 4378 1263 4432; x_wconf 83' lang='lat' dir='ltr'><strong>condita</strong></span> <span class='ocrx_word' id='word_1_632' title='bbox 1287 4418 1302 4445; x_wconf 94' lang='lat'><strong>,</strong></span> <span class='ocrx_word' id='word_1_633' title='bbox 1333 4379 1681 4448; x_wconf 87' lang='lat' dir='ltr'><strong>postmodum</strong></span> <span class='ocrx_word' id='word_1_634' title='bbox 1733 4393 1799 4433; x_wconf 83' lang='lat' dir='ltr'><strong>ex</strong></span> <span class='ocrx_word' id='word_1_635' title='bbox 1847 4378 1956 4434; x_wconf 79' lang='lat' dir='ltr'><strong>Deo</strong></span> 
     </span>
    </p>
   </div>
   <div class='ocr_carea' id='block_1_78' title="bbox 2071 3189 3623 3269">
    <p class='ocr_par' dir='ltr' id='par_1_78' title="bbox 2071 3189 3623 3269">
     <span class='ocr_line' id='line_1_78' title="bbox 2071 3189 3623 3269; baseline -0.006 -17"><span class='ocrx_word' id='word_1_636' title='bbox 2071 3198 2148 3269; x_wconf 84' lang='grc' dir='ltr'>τῷ</span> <span class='ocrx_word' id='word_1_637' title='bbox 2173 3197 2452 3268; x_wconf 79' lang='grc' dir='ltr'>χαρίζεται</span> <span class='ocrx_word' id='word_1_638' title='bbox 2492 3196 2655 3266; x_wconf 78' lang='grc' dir='ltr'>ζωὴν,</span> <span class='ocrx_word' id='word_1_639' title='bbox 2700 3195 2796 3250; x_wconf 76' lang='grc' dir='ltr'>καὶ</span> <span class='ocrx_word' id='word_1_640' title='bbox 2838 3193 2998 3255; x_wconf 81' lang='grc' dir='ltr'>αὐτὸς</span> <span class='ocrx_word' id='word_1_641' title='bbox 3049 3192 3238 3247; x_wconf 78' lang='grc' dir='ltr'>ἑαυτὸν</span> <span class='ocrx_word' id='word_1_642' title='bbox 3280 3191 3493 3260; x_wconf 80' lang='grc' dir='ltr'>ἁγιάζει</span> <span class='ocrx_word' id='word_1_643' title='bbox 3524 3189 3623 3262; x_wconf 87' lang='lat'><strong>(6),</strong></span> 
     </span>
    </p>
   </div>
   <div class='ocr_carea' id='block_1_79' title="bbox 2067 3280 3626 3356">
    <p class='ocr_par' dir='ltr' id='par_1_79' title="bbox 2067 3280 3626 3356">
     <span class='ocr_line' id='line_1_79' title="bbox 2067 3280 3626 3356; baseline -0.004 -13"><span class='ocrx_word' id='word_1_644' title='bbox 2067 3289 2159 3344; x_wconf 83' lang='lat' dir='ltr'><strong>ml.</strong></span> <span class='ocrx_word' id='word_1_645' title='bbox 2206 3288 2368 3352; x_wconf 82' lang='grc' dir='ltr'>αὐτὸς</span> <span class='ocrx_word' id='word_1_646' title='bbox 2419 3289 2608 3342; x_wconf 79' lang='grc' dir='ltr'>ἑαυτὸν</span> <span class='ocrx_word' id='word_1_647' title='bbox 2635 3286 2910 3356; x_wconf 80' lang='grc' dir='ltr'>ὑψοῖ.”οτε</span> <span class='ocrx_word' id='word_1_648' title='bbox 2941 3280 3031 3339; x_wconf 81' lang='grc' dir='ltr'><strong>οὖν</strong></span> <span class='ocrx_word' id='word_1_649' title='bbox 3069 3285 3238 3354; x_wconf 90' lang='grc' dir='ltr'>λέγει,</span> <span class='ocrx_word' id='word_1_650' title='bbox 3270 3285 3351 3338; x_wconf 81' lang='grc' dir='ltr'>ὃτι</span> <span class='ocrx_word' id='word_1_651' title='bbox 3378 3285 3405 3338; x_wconf 89' lang='lat'><strong>6</strong></span> <span class='ocrx_word' id='word_1_652' title='bbox 3438 3283 3626 3353; x_wconf 86' lang='grc' dir='ltr'>Πατὴρ</span> 
     </span>
    </p>
   </div>
   <div class='ocr_carea' id='block_1_80' title="bbox 2066 3373 3627 3449">
    <p class='ocr_par' dir='ltr' id='par_1_80' title="bbox 2066 3373 3627 3449">
     <span class='ocr_line' id='line_1_80' title="bbox 2066 3373 3627 3449; baseline -0.004 -18"><span class='ocrx_word' id='word_1_653' title='bbox 2066 3379 2291 3449; x_wconf 81' lang='grc' dir='ltr'>ἡγίασεν</span> <span class='ocrx_word' id='word_1_654' title='bbox 2319 3376 2499 3442; x_wconf 81' lang='grc' dir='ltr'>αὑτὸν,</span> <span class='ocrx_word' id='word_1_655' title='bbox 2528 3377 2622 3431; x_wconf 87' lang='lat' dir='ltr'><strong>ml.</strong></span> <span class='ocrx_word' id='word_1_656' title='bbox 2649 3377 2868 3448; x_wconf 75' lang='grc' dir='ltr'>ἤγειρεν</span> <span class='ocrx_word' id='word_1_657' title='bbox 2892 3374 3072 3441; x_wconf 82' lang='grc' dir='ltr'>αὐτὸν,</span> <span class='ocrx_word' id='word_1_658' title='bbox 3095 3375 3189 3428; x_wconf 78' lang='grc' dir='ltr'>καὶ</span> <span class='ocrx_word' id='word_1_659' title='bbox 3217 3375 3506 3445; x_wconf 75' lang='grc' dir='ltr'>ἐχαρίσατο</span> <span class='ocrx_word' id='word_1_660' title='bbox 3529 3373 3627 3426; x_wconf 81' lang='grc' dir='ltr'><strong>αὐ-</strong></span> 
     </span>
    </p>
   </div>
   <div class='ocr_carea' id='block_1_81' title="bbox 2063 3459 3625 3540">
    <p class='ocr_par' dir='ltr' id='par_1_81' title="bbox 2063 3459 3625 3540">
     <span class='ocr_line' id='line_1_81' title="bbox 2063 3459 3625 3540; baseline -0.005 -16"><span class='ocrx_word' id='word_1_661' title='bbox 2063 3469 2142 3540; x_wconf 84' lang='grc' dir='ltr'>τῷ</span> <span class='ocrx_word' id='word_1_662' title='bbox 2197 3470 2366 3540; x_wconf 76' lang='grc' dir='ltr'>ὄνομα</span> <span class='ocrx_word' id='word_1_663' title='bbox 2420 3469 2484 3522; x_wconf 82' lang='grc' dir='ltr'><strong>τὸ</strong></span> <span class='ocrx_word' id='word_1_664' title='bbox 2533 3470 2670 3540; x_wconf 84' lang='grc' dir='ltr'>ὑπὲρ</span> <span class='ocrx_word' id='word_1_665' title='bbox 2716 3468 2824 3521; x_wconf 84' lang='grc' dir='ltr'>πᾶν</span> <span class='ocrx_word' id='word_1_666' title='bbox 2870 3459 3058 3539; x_wconf 72' lang='grc' dir='ltr'>δνομὰ,</span> <span class='ocrx_word' id='word_1_667' title='bbox 3103 3466 3198 3520; x_wconf 75' lang='grc' dir='ltr'><strong>καὶ</strong></span> <span class='ocrx_word' id='word_1_668' title='bbox 3236 3466 3432 3519; x_wconf 73' lang='grc' dir='ltr'>ἔδωκεν</span> <span class='ocrx_word' id='word_1_669' title='bbox 3478 3462 3625 3534; x_wconf 77' lang='grc' dir='ltr'>αὐτῷ</span> 
     </span>
    </p>
   </div>
   <div class='ocr_carea' id='block_1_82' title="bbox 2065 3556 3622 3633">
    <p class='ocr_par' dir='ltr' id='par_1_82' title="bbox 2065 3556 3622 3633">
     <span class='ocr_line' id='line_1_82' title="bbox 2065 3556 3622 3633; baseline -0.004 -18"><span class='ocrx_word' id='word_1_670' title='bbox 2065 3561 2237 3633; x_wconf 78' lang='grc' dir='ltr'><strong>ζωήνο</strong></span> <span class='ocrx_word' id='word_1_671' title='bbox 2262 3561 2439 3632; x_wconf 86' lang='grc' dir='ltr'>δῆλον,</span> <span class='ocrx_word' id='word_1_672' title='bbox 2467 3561 2548 3614; x_wconf 84' lang='grc' dir='ltr'>ὅτι</span> <span class='ocrx_word' id='word_1_673' title='bbox 2583 3561 2650 3613; x_wconf 83' lang='grc' dir='ltr'><strong>δι’</strong></span> <span class='ocrx_word' id='word_1_674' title='bbox 2680 3558 2846 3613; x_wconf 85' lang='grc' dir='ltr'>αὐτοῦ</span> <span class='ocrx_word' id='word_1_675' title='bbox 2863 3559 2933 3612; x_wconf 86' lang='grc' dir='ltr'><strong>τὰ</strong></span> <span class='ocrx_word' id='word_1_676' title='bbox 2972 3558 3173 3618; x_wconf 60' lang='grc' dir='ltr'>πάνταῗ</span> <span class='ocrx_word' id='word_1_677' title='bbox 3185 3559 3325 3612; x_wconf 88' lang='grc' dir='ltr'>ποιεῖ</span> <span class='ocrx_word' id='word_1_678' title='bbox 3353 3558 3380 3610; x_wconf 90' lang='lat'><strong>6</strong></span> <span class='ocrx_word' id='word_1_679' title='bbox 3409 3556 3622 3626; x_wconf 83' lang='grc' dir='ltr'>Πατήρ.</span> 
     </span>
    </p>
   </div>
   <div class='ocr_carea' id='block_1_83' title="bbox 2063 3646 3624 3722">
    <p class='ocr_par' dir='ltr' id='par_1_83' title="bbox 2063 3646 3624 3722">
     <span class='ocr_line' id='line_1_83' title="bbox 2063 3646 3624 3722; baseline -0.003 -18"><span class='ocrx_word' id='word_1_680' title='bbox 2063 3650 2140 3706; x_wconf 82' lang='grc' dir='ltr'><strong>Δι’</strong></span> <span class='ocrx_word' id='word_1_681' title='bbox 2157 3651 2318 3705; x_wconf 83' lang='grc' dir='ltr'>αὐτοῦ</span> <span class='ocrx_word' id='word_1_682' title='bbox 2347 3649 2438 3706; x_wconf 82' lang='grc' dir='ltr'><strong>οὖν</strong></span> <span class='ocrx_word' id='word_1_683' title='bbox 2467 3650 2630 3705; x_wconf 77' lang='grc' dir='ltr'>αὐτὸν</span> <span class='ocrx_word' id='word_1_684' title='bbox 2656 3650 2878 3722; x_wconf 75' lang='grc' dir='ltr'>ἐγείρει,</span> <span class='ocrx_word' id='word_1_685' title='bbox 2897 3649 2991 3703; x_wconf 87' lang='lat' dir='ltr'><strong>ml.</strong></span> <span class='ocrx_word' id='word_1_686' title='bbox 3020 3648 3084 3701; x_wconf 88' lang='grc' dir='ltr'><strong>δι’</strong></span> <span class='ocrx_word' id='word_1_687' title='bbox 3107 3648 3270 3702; x_wconf 83' lang='grc' dir='ltr'>αὑτοῦ</span> <span class='ocrx_word' id='word_1_688' title='bbox 3291 3648 3452 3701; x_wconf 81' lang='grc' dir='ltr'>αὐτὸν</span> <span class='ocrx_word' id='word_1_689' title='bbox 3469 3646 3624 3714; x_wconf 81' lang='grc' dir='ltr'>ἅγιά·</span> 
     </span>
    </p>
   </div>
   <div class='ocr_carea' id='block_1_84' title="bbox 2063 3736 3622 3811">
    <p class='ocr_par' dir='ltr' id='par_1_84' title="bbox 2063 3736 3622 3811">
     <span class='ocr_line' id='line_1_84' title="bbox 2063 3736 3622 3811; baseline -0.004 -15"><span class='ocrx_word' id='word_1_690' title='bbox 2063 3744 2169 3808; x_wconf 77' lang='grc' dir='ltr'>ζει,</span> <span class='ocrx_word' id='word_1_691' title='bbox 2201 3744 2298 3797; x_wconf 76' lang='grc' dir='ltr'>καὶ</span> <span class='ocrx_word' id='word_1_692' title='bbox 2342 3743 2410 3795; x_wconf 87' lang='grc' dir='ltr'>δι’</span> <span class='ocrx_word' id='word_1_693' title='bbox 2443 3742 2604 3796; x_wconf 82' lang='grc' dir='ltr'>αὐτοῦ</span> <span class='ocrx_word' id='word_1_694' title='bbox 2652 3741 2812 3795; x_wconf 87' lang='grc' dir='ltr'>αὐτὸν</span> <span class='ocrx_word' id='word_1_695' title='bbox 2864 3740 3009 3811; x_wconf 80' lang='grc' dir='ltr'>ὑψοί,</span> <span class='ocrx_word' id='word_1_696' title='bbox 3041 3740 3135 3794; x_wconf 75' lang='grc' dir='ltr'><strong>καὶ</strong></span> <span class='ocrx_word' id='word_1_697' title='bbox 3178 3739 3244 3793; x_wconf 88' lang='grc' dir='ltr'>δι’</span> <span class='ocrx_word' id='word_1_698' title='bbox 3274 3738 3438 3792; x_wconf 84' lang='grc' dir='ltr'>αὑτοῦ</span> <span class='ocrx_word' id='word_1_699' title='bbox 3477 3736 3622 3807; x_wconf 82' lang='grc' dir='ltr'>αὐτῷ</span> 
     </span>
    </p>
   </div>
   <div class='ocr_carea' id='block_1_85' title="bbox 2064 3829 3620 3906">
    <p class='ocr_par' dir='ltr' id='par_1_85' title="bbox 2064 3829 3620 3906">
     <span class='ocr_line' id='line_1_85' title="bbox 2064 3829 3620 3906; baseline -0.004 -18"><span class='ocrx_word' id='word_1_700' title='bbox 2064 3835 2204 3906; x_wconf 83' lang='grc' dir='ltr'><strong>ζωὴν</strong></span> <span class='ocrx_word' id='word_1_701' title='bbox 2245 3836 2446 3889; x_wconf 88' lang='grc' dir='ltr'>δίδωσι.</span> <span class='ocrx_word' id='word_1_702' title='bbox 2483 3835 2590 3889; x_wconf 80' lang='grc' dir='ltr'>Καὶ</span> <span class='ocrx_word' id='word_1_703' title='bbox 2620 3835 2707 3887; x_wconf 83' lang='grc' dir='ltr'><strong>ὅτε</strong></span> <span class='ocrx_word' id='word_1_704' title='bbox 2737 3833 3093 3904; x_wconf 86' lang='grc' dir='ltr'>παρατίθεται</span> <span class='ocrx_word' id='word_1_705' title='bbox 3123 3831 3183 3885; x_wconf 82' lang='grc' dir='ltr'><strong>τὸ</strong></span> <span class='ocrx_word' id='word_1_706' title='bbox 3213 3831 3432 3902; x_wconf 83' lang='grc' dir='ltr'>πνεῦμα</span> <span class='ocrx_word' id='word_1_707' title='bbox 3461 3829 3620 3884; x_wconf 80' lang='grc' dir='ltr'>αὐτοῦ</span> 
     </span>
    </p>
   </div>
   <div class='ocr_carea' id='block_1_86' title="bbox 2062 3919 3623 3994">
    <p class='ocr_par' dir='ltr' id='par_1_86' title="bbox 2062 3919 3623 3994">
     <span class='ocr_line' id='line_1_86' title="bbox 2062 3919 3623 3994; baseline -0.003 -19"><span class='ocrx_word' id='word_1_708' title='bbox 2062 3925 2140 3986; x_wconf 85' lang='grc' dir='ltr'><strong>είς</strong></span> <span class='ocrx_word' id='word_1_709' title='bbox 2172 3925 2355 3994; x_wconf 89' lang='grc' dir='ltr'>χεῖρας</span> <span class='ocrx_word' id='word_1_710' title='bbox 2383 3921 2474 3975; x_wconf 89' lang='grc' dir='ltr'><strong>τοῦ</strong></span> <span class='ocrx_word' id='word_1_711' title='bbox 2509 3920 2740 3993; x_wconf 81' lang='grc' dir='ltr'>Πατρὸς,</span> <span class='ocrx_word' id='word_1_712' title='bbox 2770 3922 2846 3985; x_wconf 82' lang='grc' dir='ltr'>ὡς</span> <span class='ocrx_word' id='word_1_713' title='bbox 2868 3920 3151 3993; x_wconf 82' lang='grc' dir='ltr'>ἄνθρωπος</span> <span class='ocrx_word' id='word_1_714' title='bbox 3177 3920 3367 3974; x_wconf 77' lang='grc' dir='ltr'>ἑαυτὸν</span> <span class='ocrx_word' id='word_1_715' title='bbox 3393 3919 3623 3991; x_wconf 84' lang='grc' dir='ltr'>παρατί-</span> 
     </span>
    </p>
   </div>
   <div class='ocr_carea' id='block_1_87' title="bbox 2063 4010 3621 4084">
    <p class='ocr_par' dir='ltr' id='par_1_87' title="bbox 2063 4010 3621 4084">
     <span class='ocr_line' id='line_1_87' title="bbox 2063 4010 3621 4084; baseline -0.002 -18"><span class='ocrx_word' id='word_1_716' title='bbox 2063 4013 2212 4066; x_wconf 89' lang='grc' dir='ltr'>θεται</span> <span class='ocrx_word' id='word_1_717' title='bbox 2252 4012 2330 4084; x_wconf 91' lang='grc'><strong>(7)</strong></span> <span class='ocrx_word' id='word_1_718' title='bbox 2364 4013 2442 4083; x_wconf 82' lang='grc' dir='ltr'><strong>τῷ</strong></span> <span class='ocrx_word' id='word_1_719' title='bbox 2468 4012 2605 4084; x_wconf 83' lang='grc' dir='ltr'>Θεῷ,</span> <span class='ocrx_word' id='word_1_720' title='bbox 2643 4013 2727 4065; x_wconf 86' lang='grc' dir='ltr'><strong>ἵνα</strong></span> <span class='ocrx_word' id='word_1_721' title='bbox 2775 4011 2983 4075; x_wconf 82' lang='grc' dir='ltr'>πάντας</span> <span class='ocrx_word' id='word_1_722' title='bbox 3030 4010 3347 4083; x_wconf 85' lang='grc' dir='ltr'>ἀνθρώπους</span> <span class='ocrx_word' id='word_1_723' title='bbox 3376 4010 3621 4082; x_wconf 87' lang='grc' dir='ltr'>παραθῆ-</span> 
     </span>
    </p>
   </div>
   <div class='ocr_carea' id='block_1_88' title="bbox 2059 4102 3621 4176">
    <p class='ocr_par' dir='ltr' id='par_1_88' title="bbox 2059 4102 3621 4176">
     <span class='ocr_line' id='line_1_88' title="bbox 2059 4102 3621 4176; baseline -0.004 -16"><span class='ocrx_word' id='word_1_724' title='bbox 2059 4105 2249 4176; x_wconf 85' lang='grc' dir='ltr'>ταιτῷ</span> <span class='ocrx_word' id='word_1_725' title='bbox 2277 4103 2416 4176; x_wconf 80' lang='grc' dir='ltr'>Θεῷ.</span> <span class='ocrx_word' id='word_1_726' title='bbox 2442 4105 2613 4168; x_wconf 76' lang='grc' dir='ltr'>Αὐτὸς</span> <span class='ocrx_word' id='word_1_727' title='bbox 2657 4104 2763 4175; x_wconf 89' lang='grc' dir='ltr'><strong>γάρ</strong></span> <span class='ocrx_word' id='word_1_728' title='bbox 2806 4105 2953 4157; x_wconf 80' lang='grc' dir='ltr'>ἐστιν</span> <span class='ocrx_word' id='word_1_729' title='bbox 2979 4104 3012 4174; x_wconf 85' lang='grc' dir='ltr'><strong>ή</strong></span> <span class='ocrx_word' id='word_1_730' title='bbox 3042 4103 3185 4173; x_wconf 75' lang='grc' dir='ltr'>χεὶρ,</span> <span class='ocrx_word' id='word_1_731' title='bbox 3223 4102 3317 4154; x_wconf 78' lang='grc' dir='ltr'><strong>καὶ</strong></span> <span class='ocrx_word' id='word_1_732' title='bbox 3359 4104 3413 4156; x_wconf 83' lang='grc' dir='ltr'>αἱ</span> <span class='ocrx_word' id='word_1_733' title='bbox 3445 4105 3621 4173; x_wconf 85' lang='grc' dir='ltr'>χεῖρες</span> 
     </span>
    </p>
   </div>
   <div class='ocr_carea' id='block_1_89' title="bbox 2058 4191 3620 4267">
    <p class='ocr_par' dir='ltr' id='par_1_89' title="bbox 2058 4191 3620 4267">
     <span class='ocr_line' id='line_1_89' title="bbox 2058 4191 3620 4267; baseline -0.004 -17"><span class='ocrx_word' id='word_1_734' title='bbox 2058 4197 2151 4250; x_wconf 82' lang='grc' dir='ltr'><strong>τοῦ</strong></span> <span class='ocrx_word' id='word_1_735' title='bbox 2184 4196 2414 4267; x_wconf 87' lang='grc' dir='ltr'>Πατρός.</span> <span class='ocrx_word' id='word_1_736' title='bbox 2456 4196 2565 4248; x_wconf 78' lang='grc' dir='ltr'><strong>Καὶ</strong></span> <span class='ocrx_word' id='word_1_737' title='bbox 2607 4197 2695 4248; x_wconf 84' lang='grc' dir='ltr'><strong>ὅτε</strong></span> <span class='ocrx_word' id='word_1_738' title='bbox 2735 4194 2911 4262; x_wconf 77' lang='grc' dir='ltr'>λέγει’</span> <span class='ocrx_word' id='word_1_739' title='bbox 2946 4193 3066 4262; x_wconf 84' lang='grc' dir='ltr'><strong>Πρὸ</strong></span> <span class='ocrx_word' id='word_1_740' title='bbox 3110 4193 3178 4246; x_wconf 79' lang='grc' dir='ltr'><em>δὲ</em></span> <span class='ocrx_word' id='word_1_741' title='bbox 3226 4191 3466 4252; x_wconf 71' lang='grc' dir='ltr'>πάντων</span> <span class='ocrx_word' id='word_1_742' title='bbox 3506 4192 3620 4245; x_wconf 79' lang='grc' dir='ltr'>τῶν</span> 
     </span>
    </p>
   </div>
   <div class='ocr_carea' id='block_1_90' title="bbox 2054 4281 3618 4358">
    <p class='ocr_par' dir='ltr' id='par_1_90' title="bbox 2054 4281 3618 4358">
     <span class='ocr_line' id='line_1_90' title="bbox 2054 4281 3618 4358; baseline -0.005 -16"><span class='ocrx_word' id='word_1_743' title='bbox 2054 4287 2300 4352; x_wconf 77' lang='grc' dir='ltr'>,βουνῶν</span> <span class='ocrx_word' id='word_1_744' title='bbox 2321 4285 2502 4358; x_wconf 72' lang='grc' dir='ltr'>γεννᾷ</span> <span class='ocrx_word' id='word_1_745' title='bbox 2524 4303 2620 4354; x_wconf 81' lang='grc' dir='ltr'><strong>με,</strong></span> <span class='ocrx_word' id='word_1_746' title='bbox 2651 4287 2714 4339; x_wconf 85' lang='grc' dir='ltr'>ὲκ</span> <span class='ocrx_word' id='word_1_747' title='bbox 2742 4283 3032 4356; x_wconf 80' lang='grc' dir='ltr'>προσώπου</span> <span class='ocrx_word' id='word_1_748' title='bbox 3059 4285 3157 4355; x_wconf 85' lang='grc' dir='ltr'>τῆς</span> <span class='ocrx_word' id='word_1_749' title='bbox 3192 4283 3514 4354; x_wconf 81' lang='grc' dir='ltr'>Ἐκκλησίας</span> <span class='ocrx_word' id='word_1_750' title='bbox 3539 4281 3618 4335; x_wconf 86' lang='grc' dir='ltr'><strong>λέ-</strong></span> 
     </span>
    </p>
   </div>
   <div class='ocr_carea' id='block_1_91' title="bbox 2060 4358 3614 4447">
    <p class='ocr_par' dir='ltr' id='par_1_91' title="bbox 2060 4358 3614 4447">
     <span class='ocr_line' id='line_1_91' title="bbox 2060 4358 3614 4447; baseline -0.005 -18"><span class='ocrx_word' id='word_1_751' title='bbox 2060 4395 2167 4447; x_wconf 86' lang='grc' dir='ltr'>γει,</span> <span class='ocrx_word' id='word_1_752' title='bbox 2191 4379 2332 4447; x_wconf 77' lang='grc' dir='ltr'>ἦτις,</span> <span class='ocrx_word' id='word_1_753' title='bbox 2371 4376 2630 4446; x_wconf 85' lang='grc' dir='ltr'>πρότερον</span> <span class='ocrx_word' id='word_1_754' title='bbox 2669 4374 2966 4437; x_wconf 84' lang='grc' dir='ltr'>κτισθεῖσα,</span> <span class='ocrx_word' id='word_1_755' title='bbox 2998 4358 3134 4444; x_wconf 68' lang='grc' dir='ltr'>μεττὰ</span> <span class='ocrx_word' id='word_1_756' title='bbox 3160 4372 3331 4425; x_wconf 88' lang='grc' dir='ltr'>ταῦτα</span> <span class='ocrx_word' id='word_1_757' title='bbox 3370 4373 3614 4440; x_wconf 82' lang='grc' dir='ltr'>γεννᾶται</span> 
     </span>
    </p>
   </div>
   <div class='ocr_carea' id='block_1_92' title="bbox 394 4464 1967 4536">
    <p class='ocr_par' dir='ltr' id='par_1_92' title="bbox 394 4464 1958 4536">
     <span class='ocr_line' id='line_1_92' title="bbox 394 4464 1958 4536; baseline 0.001 -19"><span class='ocrx_word' id='word_1_758' title='bbox 394 4464 700 4534; x_wconf 86' lang='lat' dir='ltr'><strong>generatur.</strong></span> <span class='ocrx_word' id='word_1_759' title='bbox 721 4464 986 4530; x_wconf 86' lang='lat' dir='ltr'><strong>Quocirca</strong></span> <span class='ocrx_word' id='word_1_760' title='bbox 1017 4465 1148 4520; x_wconf 92' lang='lat' dir='ltr'><strong>illud</strong></span> <span class='ocrx_word' id='word_1_761' title='bbox 1183 4466 1239 4520; x_wconf 93' lang='lat' dir='ltr'><strong>in</strong></span> <span class='ocrx_word' id='word_1_762' title='bbox 1277 4464 1574 4521; x_wconf 91' lang='lat' dir='ltr'><strong>Proverbio</strong></span> <span class='ocrx_word' id='word_1_763' title='bbox 1603 4466 1838 4536; x_wconf 89' lang='lat' dir='ltr'><strong>primum</strong></span> <span class='ocrx_word' id='word_1_764' title='bbox 1867 4467 1958 4519; x_wconf 79' lang='lat' dir='ltr'><strong>lia-</strong></span> 
     </span>
    </p>
   </div>
   <div class='ocr_carea' id='block_1_93' title="bbox 2069 4464 3615 4536">
    <p class='ocr_par' dir='ltr' id='par_1_93' title="bbox 2069 4465 3615 4536">
     <span class='ocr_line' id='line_1_93' title="bbox 2069 4465 3615 4536; baseline -0.004 -15"><span class='ocrx_word' id='word_1_765' title='bbox 2069 4469 2124 4521; x_wconf 72' lang='grc' dir='ltr'>ὲκ</span> <span class='ocrx_word' id='word_1_766' title='bbox 2167 4467 2301 4520; x_wconf 85' lang='grc' dir='ltr'>Θεοῦ</span> <span class='ocrx_word' id='word_1_767' title='bbox 2337 4467 2432 4536; x_wconf 90' lang='grc'><strong>(8).</strong></span> <span class='ocrx_word' id='word_1_768' title='bbox 2469 4465 2567 4518; x_wconf 79' lang='grc' dir='ltr'><strong>Διὰ</strong></span> <span class='ocrx_word' id='word_1_769' title='bbox 2605 4466 2764 4518; x_wconf 90' lang='grc' dir='ltr'>τοῦτο</span> <span class='ocrx_word' id='word_1_770' title='bbox 2790 4466 3003 4535; x_wconf 87' lang='grc' dir='ltr'>πρῶτον</span> <span class='ocrx_word' id='word_1_771' title='bbox 3032 4467 3206 4518; x_wconf 85' lang='grc' dir='ltr'>κεῖται</span> <span class='ocrx_word' id='word_1_772' title='bbox 3234 4466 3292 4517; x_wconf 76' lang='grc' dir='ltr'>ὲν</span> <span class='ocrx_word' id='word_1_773' title='bbox 3315 4467 3381 4534; x_wconf 80' lang='grc' dir='ltr'>τῇ</span> <span class='ocrx_word' id='word_1_774' title='bbox 3416 4465 3615 4535; x_wconf 86' lang='grc' dir='ltr'>Παροι-</span> 
     </span>
    </p>
   </div>
   <div class='ocr_carea' id='block_1_94' title="bbox 465 4601 1967 4676">
    <p class='ocr_par' dir='ltr' id='par_1_94' title="bbox 465 4601 1956 4674">
     <span class='ocr_line' id='line_1_94' title="bbox 465 4601 1956 4674; baseline 0.001 -17"><span class='ocrx_word' id='word_1_775' title='bbox 465 4603 480 4634; x_wconf 82' lang='grc'>¹</span> <span class='ocrx_word' id='word_1_776' title='bbox 518 4601 678 4658; x_wconf 82' lang='lat' dir='ltr'><strong>Joan.</strong></span> <span class='ocrx_word' id='word_1_777' title='bbox 714 4620 847 4669; x_wconf 82' lang='lat' dir='ltr'><strong>xvn,</strong></span> <span class='ocrx_word' id='word_1_778' title='bbox 880 4607 968 4660; x_wconf 86' lang='grc'>19.</span> <span class='ocrx_word' id='word_1_779' title='bbox 1046 4609 1066 4639; x_wconf 83' lang='grc'>²</span> <span class='ocrx_word' id='word_1_780' title='bbox 1103 4606 1261 4660; x_wconf 87' lang='lat' dir='ltr'><strong>Joan.</strong></span> <span class='ocrx_word' id='word_1_781' title='bbox 1296 4621 1335 4672; x_wconf 84' lang='grc' dir='ltr'><strong>ι,</strong></span> <span class='ocrx_word' id='word_1_782' title='bbox 1360 4607 1412 4660; x_wconf 92' lang='grc'><strong>1.</strong></span> <span class='ocrx_word' id='word_1_783' title='bbox 1491 4605 1510 4635; x_wconf 81' lang='grc'><strong>³</strong></span> <span class='ocrx_word' id='word_1_784' title='bbox 1549 4603 1721 4660; x_wconf 83' lang='lat' dir='ltr'><strong>lCor.</strong></span> <span class='ocrx_word' id='word_1_785' title='bbox 1755 4607 1956 4674; x_wconf 63' lang='lat' dir='ltr'><strong>xv,%5.</strong></span> 
     </span>
    </p>
   </div>
   <div class='ocr_carea' id='block_1_95' title="bbox 2069 4601 3051 4676">
    <p class='ocr_par' dir='ltr' id='par_1_95' title="bbox 2097 4603 3051 4676">
     <span class='ocr_line' id='line_1_95' title="bbox 2097 4603 3051 4676; baseline -0.004 -16"><span class='ocrx_word' id='word_1_786' title='bbox 2097 4606 2291 4676; x_wconf 86' lang='lat' dir='ltr'><strong>Ephes.</strong></span> <span class='ocrx_word' id='word_1_787' title='bbox 2327 4621 2387 4670; x_wconf 85' lang='grc' dir='ltr'><strong>ιι,</strong></span> <span class='ocrx_word' id='word_1_788' title='bbox 2415 4603 2466 4658; x_wconf 89' lang='lat'><strong>6.</strong></span> <span class='ocrx_word' id='word_1_789' title='bbox 2553 4606 2574 4636; x_wconf 78' lang='grc'><strong><em>⁸</em></strong></span> <span class='ocrx_word' id='word_1_790' title='bbox 2614 4604 2774 4660; x_wconf 87' lang='lat' dir='ltr'><strong>Prov.</strong></span> <span class='ocrx_word' id='word_1_791' title='bbox 2814 4619 2934 4670; x_wconf 85' lang='lat' dir='ltr'><strong>vm,</strong></span> <span class='ocrx_word' id='word_1_792' title='bbox 2962 4603 3051 4657; x_wconf 74' lang='grc'><strong>25.</strong></span> 
     </span>
    </p>
   </div>
   <div class='ocr_carea' id='block_1_96' title="bbox 447 4741 1949 4818">
    <p class='ocr_par' dir='ltr' id='par_1_96' title="bbox 447 4741 1949 4818">
     <span class='ocr_line' id='line_1_96' title="bbox 447 4741 1949 4818; baseline 0.003 -22"><span class='ocrx_word' id='word_1_793' title='bbox 447 4741 546 4818; x_wconf 80' lang='grc'>(1)</span> <span class='ocrx_word' id='word_1_794' title='bbox 571 4743 794 4818; x_wconf 68' lang='lat' dir='ltr'><strong>Seguer.</strong></span> <span class='ocrx_word' id='word_1_795' title='bbox 835 4744 1051 4818; x_wconf 82' lang='lat' dir='ltr'><strong>Gobler.</strong></span> <span class='ocrx_word' id='word_1_796' title='bbox 1076 4754 1131 4800; x_wconf 88' lang='lat' dir='ltr'><strong>et</strong></span> <span class='ocrx_word' id='word_1_797' title='bbox 1157 4744 1300 4800; x_wconf 89' lang='lat' dir='ltr'><strong>Felc.</strong></span> <span class='ocrx_word' id='word_1_798' title='bbox 1345 4746 1398 4812; x_wconf 93' lang='grc'><strong>1,</strong></span> <span class='ocrx_word' id='word_1_799' title='bbox 1451 4746 1811 4818; x_wconf 80' lang='grc' dir='ltr'>ἐγειρόμενος.</span> <span class='ocrx_word' id='word_1_800' title='bbox 1841 4746 1949 4800; x_wconf 89' lang='lat' dir='ltr'><strong>Alii</strong></span> 
     </span>
    </p>
   </div>
   <div class='ocr_carea' id='block_1_97' title="bbox 388 4814 1033 4886">
    <p class='ocr_par' dir='ltr' id='par_1_97' title="bbox 388 4814 1033 4886">
     <span class='ocr_line' id='line_1_97' title="bbox 388 4814 1033 4886; baseline 0 0"><span class='ocrx_word' id='word_1_801' title='bbox 388 4821 443 4867; x_wconf 77' lang='grc' dir='ltr'><strong>ει</strong></span> <span class='ocrx_word' id='word_1_802' title='bbox 465 4814 615 4886; x_wconf 54' lang='grc' dir='ltr'><strong>ξαίιῇ</strong></span> <span class='ocrx_word' id='word_1_803' title='bbox 653 4815 1033 4886; x_wconf 45' lang='grc' dir='ltr'>ἐγηγερμένος</span> 
     </span>
    </p>
   </div>
   <div class='ocr_carea' id='block_1_98' title="bbox 459 4882 1945 4957">
    <p class='ocr_par' dir='ltr' id='par_1_98' title="bbox 459 4882 1945 4957">
     <span class='ocr_line' id='line_1_98' title="bbox 459 4882 1945 4957; baseline 0.002 -20"><span class='ocrx_word' id='word_1_804' title='bbox 459 4882 534 4957; x_wconf 67' lang='lat'><strong>(2)</strong></span> <span class='ocrx_word' id='word_1_805' title='bbox 574 4882 789 4957; x_wconf 81' lang='lat' dir='ltr'><strong>Goblcr.</strong></span> <span class='ocrx_word' id='word_1_806' title='bbox 821 4882 874 4939; x_wconf 81' lang='lat' dir='ltr'><strong>et</strong></span> <span class='ocrx_word' id='word_1_807' title='bbox 906 4884 1160 4957; x_wconf 19' lang='lat' dir='ltr'><strong>_Fe_|cii.»4,</strong></span> <span class='ocrx_word' id='word_1_808' title='bbox 1186 4884 1376 4954; x_wconf 84' lang='grc' dir='ltr'>γέγονε</span> <span class='ocrx_word' id='word_1_809' title='bbox 1405 4885 1480 4950; x_wconf 84' lang='grc' dir='ltr'><strong>ὡς</strong></span> <span class='ocrx_word' id='word_1_810' title='bbox 1509 4885 1810 4957; x_wconf 84' lang='grc' dir='ltr'>ἄνθρωπος,</span> <span class='ocrx_word' id='word_1_811' title='bbox 1832 4886 1945 4940; x_wconf 85' lang='grc' dir='ltr'>καί.</span> 
     </span>
    </p>
   </div>
   <div class='ocr_carea' id='block_1_99' title="bbox 388 4951 1945 5025">
    <p class='ocr_par' dir='ltr' id='par_1_99' title="bbox 388 4951 1945 5025">
     <span class='ocr_line' id='line_1_99' title="bbox 388 4951 1945 5025; baseline 0.004 -21"><span class='ocrx_word' id='word_1_812' title='bbox 388 4951 578 5025; x_wconf 63' lang='lat' dir='ltr'><strong>Basil.,</strong></span> <span class='ocrx_word' id='word_1_813' title='bbox 604 4953 936 5025; x_wconf 62' lang='lat' dir='ltr'><strong>yéyovsmi.</strong></span> <span class='ocrx_word' id='word_1_814' title='bbox 967 4955 1107 5025; x_wconf 80' lang='lat' dir='ltr'><strong>Editi</strong></span> <span class='ocrx_word' id='word_1_815' title='bbox 1136 4951 1311 5025; x_wconf 13' lang='lat' dir='ltr'><strong>etialii</strong></span> <span class='ocrx_word' id='word_1_816' title='bbox 1333 4997 1348 5021; x_wconf 90' lang='lat'><strong>,</strong></span> <span class='ocrx_word' id='word_1_817' title='bbox 1382 4965 1439 5009; x_wconf 90' lang='lat' dir='ltr'><strong>ut</strong></span> <span class='ocrx_word' id='word_1_818' title='bbox 1468 4958 1522 5009; x_wconf 92' lang='lat' dir='ltr'><strong>in</strong></span> <span class='ocrx_word' id='word_1_819' title='bbox 1565 4951 1715 5010; x_wconf 65' lang='lat' dir='ltr'><strong>te&#39;xtu</strong></span> <span class='ocrx_word' id='word_1_820' title='bbox 1758 4972 1945 5025; x_wconf 87' lang='lat' dir='ltr'><strong>supra.</strong></span> 
     </span>
    </p>
   </div>
   <div class='ocr_carea' id='block_1_100' title="bbox 388 5022 1948 5097">
    <p class='ocr_par' dir='ltr' id='par_1_100' title="bbox 388 5022 1948 5097">
     <span class='ocr_line' id='line_1_100' title="bbox 388 5022 1948 5097; baseline 0.004 -23"><span class='ocrx_word' id='word_1_821' title='bbox 388 5022 530 5097; x_wconf 75' lang='lat' dir='ltr'><strong>inira</strong></span> <span class='ocrx_word' id='word_1_822' title='bbox 561 5026 707 5097; x_wconf 67' lang='lat' dir='ltr'><strong>haec,</strong></span> <span class='ocrx_word' id='word_1_823' title='bbox 736 5026 764 5078; x_wconf 89' lang='lat'><strong>6</strong></span> <span class='ocrx_word' id='word_1_824' title='bbox 794 5023 931 5097; x_wconf 74' lang='grc' dir='ltr'>ἔχων</span> <span class='ocrx_word' id='word_1_825' title='bbox 959 5023 1106 5097; x_wconf 81' lang='grc' dir='ltr'><strong>ζωήν</strong></span> <span class='ocrx_word' id='word_1_826' title='bbox 1126 5064 1139 5088; x_wconf 92' lang='grc'><strong>,</strong></span> <span class='ocrx_word' id='word_1_827' title='bbox 1175 5024 1460 5097; x_wconf 87' lang='lat' dir='ltr'><strong>desuntin</strong></span> <span class='ocrx_word' id='word_1_828' title='bbox 1492 5026 1683 5090; x_wconf 89' lang='lat' dir='ltr'><strong>editis,</strong></span> <span class='ocrx_word' id='word_1_829' title='bbox 1717 5025 1811 5097; x_wconf 71' lang='lat' dir='ltr'><strong>sed</strong></span> <span class='ocrx_word' id='word_1_830' title='bbox 1825 5022 1948 5097; x_wconf 66' lang='grc' dir='ltr'><strong>’1η-</strong></span> 
     </span>
    </p>
   </div>
   <div class='ocr_carea' id='block_1_101' title="bbox 389 5093 1943 5164">
    <p class='ocr_par' dir='ltr' id='par_1_101' title="bbox 389 5093 1943 5164">
     <span class='ocr_line' id='line_1_101' title="bbox 389 5093 1943 5164; baseline 0 -18"><span class='ocrx_word' id='word_1_831' title='bbox 389 5093 586 5148; x_wconf 89' lang='lat' dir='ltr'><strong>bentur</strong></span> <span class='ocrx_word' id='word_1_832' title='bbox 647 5094 703 5148; x_wconf 91' lang='lat' dir='ltr'><strong>in</strong></span> <span class='ocrx_word' id='word_1_833' title='bbox 749 5093 1001 5149; x_wconf 80' lang='lat' dir='ltr'><strong>omnibus</strong></span> <span class='ocrx_word' id='word_1_834' title='bbox 1050 5093 1475 5163; x_wconf 79' lang='lat' dir='ltr'><strong>manuscriptis,</strong></span> <span class='ocrx_word' id='word_1_835' title='bbox 1506 5103 1714 5164; x_wconf 81' lang='lat' dir='ltr'><strong>praeter</strong></span> <span class='ocrx_word' id='word_1_836' title='bbox 1764 5095 1943 5150; x_wconf 85' lang='lat' dir='ltr'><strong>Felck.</strong></span> 
     </span>
    </p>
   </div>
   <div class='ocr_carea' id='block_1_102' title="bbox 389 5163 1752 5235">
    <p class='ocr_par' dir='ltr' id='par_1_102' title="bbox 389 5163 1752 5235">
     <span class='ocr_line' id='line_1_102' title="bbox 389 5163 1752 5235; baseline 0.001 -20"><span class='ocrx_word' id='word_1_837' title='bbox 389 5164 641 5235; x_wconf 54' lang='lat' dir='ltr'><strong>tertium.</strong></span> <span class='ocrx_word' id='word_1_838' title='bbox 660 5165 998 5235; x_wconf 5' lang='lat' dir='ltr'><strong>Anglicanus,</strong></span> <span class='ocrx_word' id='word_1_839' title='bbox 1016 5181 1163 5235; x_wconf 80' lang='lat' dir='ltr'><strong>mox,</strong></span> <span class='ocrx_word' id='word_1_840' title='bbox 1197 5164 1462 5235; x_wconf 71' lang='grc' dir='ltr'>λαμϐάνὲ</span> <span class='ocrx_word' id='word_1_841' title='bbox 1495 5163 1553 5235; x_wconf 69' lang='grc' dir='ltr'>δε</span> <span class='ocrx_word' id='word_1_842' title='bbox 1584 5165 1752 5235; x_wconf 77' lang='grc' dir='ltr'>ἡμᾶς.</span> 
     </span>
    </p>
   </div>
   <div class='ocr_carea' id='block_1_103' title="bbox 459 5232 1947 5304">
    <p class='ocr_par' dir='ltr' id='par_1_103' title="bbox 459 5232 1947 5304">
     <span class='ocr_line' id='line_1_103' title="bbox 459 5232 1947 5304; baseline 0.001 -18"><span class='ocrx_word' id='word_1_843' title='bbox 459 5232 535 5304; x_wconf 72' lang='grc'>(5)</span> <span class='ocrx_word' id='word_1_844' title='bbox 579 5232 768 5304; x_wconf 36' lang='grc' dir='ltr'>Ἐχων*</span> <span class='ocrx_word' id='word_1_845' title='bbox 797 5235 965 5304; x_wconf 15' lang='grc' dir='ltr'>ἀθεεὶ,</span> <span class='ocrx_word' id='word_1_846' title='bbox 990 5234 1046 5287; x_wconf 91' lang='lat' dir='ltr'><strong>in</strong></span> <span class='ocrx_word' id='word_1_847' title='bbox 1081 5232 1297 5290; x_wconf 74' lang='lat' dir='ltr'><strong>Gobler.</strong></span> <span class='ocrx_word' id='word_1_848' title='bbox 1331 5247 1386 5289; x_wconf 86' lang='lat' dir='ltr'><strong>et</strong></span> <span class='ocrx_word' id='word_1_849' title='bbox 1413 5232 1692 5292; x_wconf 38' lang='grc' dir='ltr'>Μοίρι.</span> <span class='ocrx_word' id='word_1_850' title='bbox 1734 5233 1855 5289; x_wconf 81' lang='lat' dir='ltr'><strong>Mox</strong></span> <span class='ocrx_word' id='word_1_851' title='bbox 1892 5235 1947 5288; x_wconf 92' lang='lat' dir='ltr'><strong>in</strong></span> 
     </span>
    </p>
   </div>
   <div class='ocr_carea' id='block_1_104' title="bbox 389 5300 1377 5373">
    <p class='ocr_par' dir='ltr' id='par_1_104' title="bbox 389 5300 1377 5373">
     <span class='ocr_line' id='line_1_104' title="bbox 389 5300 1377 5373; baseline 0.002 -19"><span class='ocrx_word' id='word_1_852' title='bbox 389 5300 611 5373; x_wconf 79' lang='lat' dir='ltr'><strong>Segucr.</strong></span> <span class='ocrx_word' id='word_1_853' title='bbox 648 5300 842 5373; x_wconf 85' lang='lat' dir='ltr'><strong>legitur</strong></span> <span class='ocrx_word' id='word_1_854' title='bbox 869 5302 981 5372; x_wconf 74' lang='grc' dir='ltr'><strong>ἐγώ</strong></span> <span class='ocrx_word' id='word_1_855' title='bbox 1004 5314 1128 5373; x_wconf 87' lang='lat' dir='ltr'><strong>ante</strong></span> <span class='ocrx_word' id='word_1_856' title='bbox 1147 5304 1377 5370; x_wconf 81' lang='grc' dir='ltr'>ἁγιάζω.</span> 
     </span>
    </p>
   </div>
   <div class='ocr_carea' id='block_1_105' title="bbox 330 5372 1947 5444">
    <p class='ocr_par' dir='ltr' id='par_1_105' title="bbox 330 5372 1947 5444">
     <span class='ocr_line' id='line_1_105' title="bbox 330 5372 1947 5444; baseline -0.004 -12"><span class='ocrx_word' id='word_1_857' title='bbox 330 5416 338 5432; x_wconf 85' lang='grc'><strong>.</strong></span> <span class='ocrx_word' id='word_1_858' title='bbox 431 5372 530 5444; x_wconf 28' lang='grc' dir='ltr'>ῌ(4)</span> <span class='ocrx_word' id='word_1_859' title='bbox 574 5372 798 5444; x_wconf 80' lang='lat' dir='ltr'><strong>Seguer.</strong></span> <span class='ocrx_word' id='word_1_860' title='bbox 834 5372 1296 5444; x_wconf 61' lang='lat' dir='ltr'><strong>Anglic._Gobler,</strong></span> <span class='ocrx_word' id='word_1_861' title='bbox 1330 5384 1388 5444; x_wconf 80' lang='lat' dir='ltr'><strong>et</strong></span> <span class='ocrx_word' id='word_1_862' title='bbox 1429 5373 1610 5430; x_wconf 79' lang='lat' dir='ltr'><strong>Felck.</strong></span> <span class='ocrx_word' id='word_1_863' title='bbox 1641 5375 1703 5440; x_wconf 87' lang='grc'><strong>1,</strong></span> <span class='ocrx_word' id='word_1_864' title='bbox 1753 5373 1842 5444; x_wconf 76' lang='grc' dir='ltr'>διὰ</span> <span class='ocrx_word' id='word_1_865' title='bbox 1887 5374 1947 5444; x_wconf 74' lang='grc' dir='ltr'><strong>τὸ</strong></span> 
     </span>
    </p>
   </div>
   <div class='ocr_carea' id='block_1_106' title="bbox 388 5441 1947 5512">
    <p class='ocr_par' dir='ltr' id='par_1_106' title="bbox 388 5441 1947 5512">
     <span class='ocr_line' id='line_1_106' title="bbox 388 5441 1947 5512; baseline 0.001 -20"><span class='ocrx_word' id='word_1_866' title='bbox 388 5441 547 5512; x_wconf 79' lang='grc' dir='ltr'>σῶμα</span> <span class='ocrx_word' id='word_1_867' title='bbox 580 5441 743 5496; x_wconf 80' lang='grc' dir='ltr'>αὑτοῦ</span> <span class='ocrx_word' id='word_1_868' title='bbox 770 5483 785 5508; x_wconf 93' lang='grc'><strong>,</strong></span> <span class='ocrx_word' id='word_1_869' title='bbox 822 5441 984 5499; x_wconf 75' lang='lat' dir='ltr'><strong>recte.</strong></span> <span class='ocrx_word' id='word_1_870' title='bbox 1038 5442 1202 5498; x_wconf 90' lang='lat' dir='ltr'><strong>Basil.</strong></span> <span class='ocrx_word' id='word_1_871' title='bbox 1252 5443 1430 5499; x_wconf 79' lang='lat' dir='ltr'><strong>Felck.</strong></span> <span class='ocrx_word' id='word_1_872' title='bbox 1475 5445 1512 5500; x_wconf 71' lang='lat'><strong>2</strong></span> <span class='ocrx_word' id='word_1_873' title='bbox 1547 5452 1602 5498; x_wconf 88' lang='lat' dir='ltr'><strong>et</strong></span> <span class='ocrx_word' id='word_1_874' title='bbox 1643 5444 1697 5508; x_wconf 84' lang='lat'><strong>5,</strong></span> <span class='ocrx_word' id='word_1_875' title='bbox 1752 5443 1839 5496; x_wconf 84' lang='grc' dir='ltr'><strong>διὰ</strong></span> <span class='ocrx_word' id='word_1_876' title='bbox 1888 5443 1947 5496; x_wconf 85' lang='grc' dir='ltr'>τὸ</span> 
     </span>
    </p>
   </div>
   <div class='ocr_carea' id='block_1_107' title="bbox 389 5511 1300 5583">
    <p class='ocr_par' dir='ltr' id='par_1_107' title="bbox 389 5511 1300 5583">
     <span class='ocr_line' id='line_1_107' title="bbox 389 5511 1300 5583; baseline 0.005 -21"><span class='ocrx_word' id='word_1_877' title='bbox 389 5511 760 5583; x_wconf 36' lang='grc' dir='ltr'>σῶμαχΕόίιί,</span> <span class='ocrx_word' id='word_1_878' title='bbox 789 5513 878 5566; x_wconf 86' lang='grc' dir='ltr'><strong>διὰ</strong></span> <span class='ocrx_word' id='word_1_879' title='bbox 907 5512 998 5566; x_wconf 85' lang='grc' dir='ltr'><strong>τοῦ</strong></span> <span class='ocrx_word' id='word_1_880' title='bbox 1032 5512 1300 5583; x_wconf 86' lang='grc' dir='ltr'>σώματος.</span> 
     </span>
    </p>
   </div>
   <div class='ocr_carea' id='block_1_108' title="bbox 456 5581 1946 5654">
    <p class='ocr_par' dir='ltr' id='par_1_108' title="bbox 456 5581 1946 5654">
     <span class='ocr_line' id='line_1_108' title="bbox 456 5581 1946 5654; baseline -0.001 -18"><span class='ocrx_word' id='word_1_881' title='bbox 456 5582 530 5651; x_wconf 81' lang='grc'><strong>(5)</strong></span> <span class='ocrx_word' id='word_1_882' title='bbox 570 5581 646 5637; x_wconf 89' lang='lat' dir='ltr'><strong>lta</strong></span> <span class='ocrx_word' id='word_1_883' title='bbox 675 5583 898 5654; x_wconf 83' lang='lat' dir='ltr'><strong>Seguer.</strong></span> <span class='ocrx_word' id='word_1_884' title='bbox 935 5581 1150 5637; x_wconf 83' lang='lat' dir='ltr'><strong>Goblcr.</strong></span> <span class='ocrx_word' id='word_1_885' title='bbox 1185 5591 1239 5637; x_wconf 90' lang='lat' dir='ltr'><strong>et</strong></span> <span class='ocrx_word' id='word_1_886' title='bbox 1279 5583 1459 5654; x_wconf 80' lang='lat' dir='ltr'><strong>Felck.</strong></span> <span class='ocrx_word' id='word_1_887' title='bbox 1492 5585 1542 5638; x_wconf 80' lang='grc'><strong>1.</strong></span> <span class='ocrx_word' id='word_1_888' title='bbox 1581 5583 1719 5637; x_wconf 85' lang='lat' dir='ltr'><strong>Editi</strong></span> <span class='ocrx_word' id='word_1_889' title='bbox 1747 5591 1800 5638; x_wconf 92' lang='lat' dir='ltr'><strong>et</strong></span> <span class='ocrx_word' id='word_1_890' title='bbox 1831 5583 1946 5649; x_wconf 89' lang='lat' dir='ltr'><strong>alii,</strong></span> 
     </span>
    </p>
   </div>
   <div class='ocr_carea' id='block_1_109' title="bbox 388 5647 1406 5720">
    <p class='ocr_par' dir='ltr' id='par_1_109' title="bbox 388 5647 1406 5720">
     <span class='ocr_line' id='line_1_109' title="bbox 388 5647 1406 5720; baseline 0.01 -19"><span class='ocrx_word' id='word_1_891' title='bbox 388 5647 592 5720; x_wconf 67' lang='grc' dir='ltr'>ὕψωσε,</span> <span class='ocrx_word' id='word_1_892' title='bbox 624 5647 779 5720; x_wconf 52' lang='grc' dir='ltr'>μετάξ</span> <span class='ocrx_word' id='word_1_893' title='bbox 814 5663 919 5706; x_wconf 89' lang='lat' dir='ltr'><strong>etc.</strong></span> <span class='ocrx_word' id='word_1_894' title='bbox 1335 5649 1340 5654; x_wconf 62' lang='grc'><em>’</em></span> <span class='ocrx_word' id='word_1_895' title='bbox 1398 5651 1406 5658; x_wconf 71' lang='grc'><em>’</em></span> 
     </span>
    </p>
   </div>
   <div class='ocr_carea' id='block_1_110' title="bbox 459 5719 1945 5788">
    <p class='ocr_par' dir='ltr' id='par_1_110' title="bbox 459 5719 1945 5788">
     <span class='ocr_line' id='line_1_110' title="bbox 459 5719 1945 5788; baseline 0.005 -18"><span class='ocrx_word' id='word_1_896' title='bbox 459 5720 534 5787; x_wconf 81' lang='grc'>(6)</span> <span class='ocrx_word' id='word_1_897' title='bbox 573 5719 663 5773; x_wconf 81' lang='lat' dir='ltr'><strong>Sic</strong></span> <span class='ocrx_word' id='word_1_898' title='bbox 711 5720 933 5788; x_wconf 79' lang='lat' dir='ltr'><strong>Seguer.</strong></span> <span class='ocrx_word' id='word_1_899' title='bbox 983 5721 1199 5777; x_wconf 71' lang='lat' dir='ltr'><strong>Gobler.</strong></span> <span class='ocrx_word' id='word_1_900' title='bbox 1255 5734 1308 5778; x_wconf 91' lang='lat' dir='ltr'><strong>et</strong></span> <span class='ocrx_word' id='word_1_901' title='bbox 1351 5723 1531 5779; x_wconf 79' lang='lat' dir='ltr'><strong>Felrk.</strong></span> <span class='ocrx_word' id='word_1_902' title='bbox 1587 5724 1635 5778; x_wconf 83' lang='grc'><strong>1,</strong></span> <span class='ocrx_word' id='word_1_903' title='bbox 1683 5724 1740 5778; x_wconf 86' lang='lat' dir='ltr'><strong>in</strong></span> <span class='ocrx_word' id='word_1_904' title='bbox 1785 5724 1945 5779; x_wconf 88' lang='lat' dir='ltr'><strong>editis</strong></span> 
     </span>
    </p>
   </div>
   <div class='ocr_carea' id='block_1_111' title="bbox 2054 4740 3616 4810">
    <p class='ocr_par' dir='ltr' id='par_1_111' title="bbox 2054 4740 3616 4810">
     <span class='ocr_line' id='line_1_111' title="bbox 2054 4740 3616 4810; baseline -0.003 -11"><span class='ocrx_word' id='word_1_905' title='bbox 2054 4760 2202 4805; x_wconf 85' lang='lat' dir='ltr'><strong>vero.</strong></span> <span class='ocrx_word' id='word_1_906' title='bbox 2237 4747 2351 4800; x_wconf 61' lang='lat' dir='ltr'><strong>hac</strong></span> <span class='ocrx_word' id='word_1_907' title='bbox 2372 4785 2386 4810; x_wconf 93' lang='lat'><strong>,</strong></span> <span class='ocrx_word' id='word_1_908' title='bbox 2436 4747 2528 4798; x_wconf 75' lang='grc' dir='ltr'><strong>καὶ</strong></span> <span class='ocrx_word' id='word_1_909' title='bbox 2557 4743 2718 4806; x_wconf 74' lang='grc' dir='ltr'>αὐτὸς</span> <span class='ocrx_word' id='word_1_910' title='bbox 2748 4744 2938 4796; x_wconf 78' lang='grc' dir='ltr'>ἑαυτὸν</span> <span class='ocrx_word' id='word_1_911' title='bbox 2967 4742 3212 4810; x_wconf 78' lang='grc' dir='ltr'>ἁγιάζει,</span> <span class='ocrx_word' id='word_1_912' title='bbox 3247 4742 3446 4797; x_wconf 88' lang='lat' dir='ltr'><strong>desunt</strong></span> <span class='ocrx_word' id='word_1_913' title='bbox 3476 4756 3489 4792; x_wconf 92' lang='lat'>:</span> <span class='ocrx_word' id='word_1_914' title='bbox 3525 4740 3616 4794; x_wconf 93' lang='lat' dir='ltr'><strong>sed</strong></span> 
     </span>
    </p>
   </div>
   <div class='ocr_carea' id='block_1_112' title="bbox 2053 4811 3611 4881">
    <p class='ocr_par' dir='ltr' id='par_1_112' title="bbox 2053 4811 3611 4881">
     <span class='ocr_line' id='line_1_112' title="bbox 2053 4811 3611 4881; baseline -0.004 -12"><span class='ocrx_word' id='word_1_915' title='bbox 2053 4818 2190 4869; x_wconf 85' lang='lat' dir='ltr'><strong>lecta</strong></span> <span class='ocrx_word' id='word_1_916' title='bbox 2237 4825 2366 4870; x_wconf 88' lang='lat' dir='ltr'><strong>sunt</strong></span> <span class='ocrx_word' id='word_1_917' title='bbox 2391 4831 2420 4869; x_wconf 91' lang='lat' dir='ltr'><strong>a</strong></span> <span class='ocrx_word' id='word_1_918' title='bbox 2452 4815 2617 4869; x_wconf 90' lang='lat' dir='ltr'><strong>veteri</strong></span> <span class='ocrx_word' id='word_1_919' title='bbox 2654 4815 2965 4881; x_wconf 89' lang='lat' dir='ltr'><strong>interprete.</strong></span> <span class='ocrx_word' id='word_1_920' title='bbox 3001 4811 3142 4881; x_wconf 77' lang='lat' dir='ltr'><strong>infra</strong></span> <span class='ocrx_word' id='word_1_921' title='bbox 3175 4812 3300 4879; x_wconf 85' lang='lat' dir='ltr'><strong>Seg.</strong></span> <span class='ocrx_word' id='word_1_922' title='bbox 3326 4821 3380 4866; x_wconf 91' lang='lat' dir='ltr'><strong>et</strong></span> <span class='ocrx_word' id='word_1_923' title='bbox 3404 4811 3611 4881; x_wconf 71' lang='lat' dir='ltr'><strong>Anglic.</strong></span> 
     </span>
    </p>
   </div>
   <div class='ocr_carea' id='block_1_113' title="bbox 2053 4879 3617 4954">
    <p class='ocr_par' dir='ltr' id='par_1_113' title="bbox 2053 4879 3617 4954">
     <span class='ocr_line' id='line_1_113' title="bbox 2053 4879 3617 4954; baseline -0.004 -15"><span class='ocrx_word' id='word_1_924' title='bbox 2053 4885 2154 4939; x_wconf 90' lang='lat' dir='ltr'><strong>soli</strong></span> <span class='ocrx_word' id='word_1_925' title='bbox 2181 4902 2319 4954; x_wconf 87' lang='lat' dir='ltr'><strong>quos</strong></span> <span class='ocrx_word' id='word_1_926' title='bbox 2359 4879 3033 4954; x_wconf 40' lang='lat' dir='ltr'><strong>sequimurbabc&#39;ntctt’gztp</strong></span> <span class='ocrx_word' id='word_1_927' title='bbox 3075 4893 3199 4954; x_wconf 73' lang='lat' dir='ltr'><strong>ante</strong></span> <span class='ocrx_word' id='word_1_928' title='bbox 3235 4879 3617 4954; x_wconf 65' lang='lat' dir='ltr'><strong>6v_9p_a._Paulo</strong></span> 
     </span>
    </p>
   </div>
   <div class='ocr_carea' id='block_1_114' title="bbox 2092 4950 3613 5025">
    <p class='ocr_par' dir='ltr' id='par_1_114' title="bbox 2092 4950 3613 5025">
     <span class='ocr_line' id='line_1_114' title="bbox 2092 4950 3613 5025; baseline -0.003 -18"><span class='ocrx_word' id='word_1_929' title='bbox 2092 4964 2174 5009; x_wconf 82' lang='lat' dir='ltr'><strong>ost</strong></span> <span class='ocrx_word' id='word_1_930' title='bbox 2200 4950 2332 5025; x_wconf 57' lang='lat' dir='ltr'><strong>&#39;Seg.</strong></span> <span class='ocrx_word' id='word_1_931' title='bbox 2363 4950 2528 5025; x_wconf 64' lang='lat' dir='ltr'><strong>Basil.</strong></span> <span class='ocrx_word' id='word_1_932' title='bbox 2553 4951 2710 5025; x_wconf 83' lang='lat' dir='ltr'><strong>Gobl.</strong></span> <span class='ocrx_word' id='word_1_933' title='bbox 2732 4950 3045 5025; x_wconf 77' lang='lat' dir='ltr'><strong>et_F_elck_m_.</strong></span> <span class='ocrx_word' id='word_1_934' title='bbox 3063 4952 3121 5025; x_wconf 77' lang='lat'><strong>_1,</strong></span> <span class='ocrx_word' id='word_1_935' title='bbox 3145 4951 3180 5004; x_wconf 69' lang='grc'><strong>2</strong></span> <span class='ocrx_word' id='word_1_936' title='bbox 3203 4962 3256 5025; x_wconf 86' lang='lat' dir='ltr'><strong>e_t</strong></span> <span class='ocrx_word' id='word_1_937' title='bbox 3281 4950 3613 5025; x_wconf 26' lang='grc' dir='ltr'><strong>ξ’),ζδηλονότιἶ</strong></span> 
     </span>
    </p>
   </div>
   <div class='ocr_carea' id='block_1_115' title="bbox 2077 5019 3616 5094">
    <p class='ocr_par' dir='ltr' id='par_1_115' title="bbox 2077 5019 3616 5094">
     <span class='ocr_line' id='line_1_115' title="bbox 2077 5019 3616 5094; baseline -0.003 -18"><span class='ocrx_word' id='word_1_938' title='bbox 2077 5023 2192 5079; x_wconf 69' lang='grc' dir='ltr'><strong>Μὶιί</strong></span> <span class='ocrx_word' id='word_1_939' title='bbox 2227 5019 2416 5086; x_wconf 65' lang='grc' dir='ltr'>ειέὶὶί,</span> <span class='ocrx_word' id='word_1_940' title='bbox 2449 5024 2626 5094; x_wconf 78' lang='grc' dir='ltr'>δῆλον,</span> <span class='ocrx_word' id='word_1_941' title='bbox 2658 5024 2760 5075; x_wconf 81' lang='grc' dir='ltr'>ὅτι.</span> <span class='ocrx_word' id='word_1_942' title='bbox 2789 5021 2921 5076; x_wconf 89' lang='lat' dir='ltr'><strong>Ibid.</strong></span> <span class='ocrx_word' id='word_1_943' title='bbox 2942 5020 3100 5076; x_wconf 87' lang='lat' dir='ltr'><strong>Gobl.</strong></span> <span class='ocrx_word' id='word_1_944' title='bbox 3127 5030 3180 5076; x_wconf 89' lang='lat' dir='ltr'><strong>et</strong></span> <span class='ocrx_word' id='word_1_945' title='bbox 3209 5019 3449 5075; x_wconf 81' lang='lat' dir='ltr'><strong>Felckm.</strong></span> <span class='ocrx_word' id='word_1_946' title='bbox 3483 5020 3616 5087; x_wconf 83' lang='grc' dir='ltr'>1,δι’</span> 
     </span>
    </p>
   </div>
   <div class='ocr_carea' id='block_1_116' title="bbox 2054 5094 2608 5148">
    <p class='ocr_par' dir='ltr' id='par_1_116' title="bbox 2054 5094 2608 5148">
     <span class='ocr_line' id='line_1_116' title="bbox 2054 5094 2608 5148; baseline 0 -2"><span class='ocrx_word' id='word_1_947' title='bbox 2054 5095 2218 5148; x_wconf 82' lang='grc' dir='ltr'>αὐτοῦ</span> <span class='ocrx_word' id='word_1_948' title='bbox 2250 5094 2424 5148; x_wconf 85' lang='grc' dir='ltr'>ταῦτα</span> <span class='ocrx_word' id='word_1_949' title='bbox 2449 5096 2608 5146; x_wconf 86' lang='grc' dir='ltr'>ποιεῖ.</span> 
     </span>
    </p>
   </div>
   <div class='ocr_carea' id='block_1_117' title="bbox 2127 5158 3614 5236">
    <p class='ocr_par' dir='ltr' id='par_1_117' title="bbox 2127 5158 3614 5236">
     <span class='ocr_line' id='line_1_117' title="bbox 2127 5158 3614 5236; baseline -0.003 -20"><span class='ocrx_word' id='word_1_950' title='bbox 2127 5165 2204 5236; x_wconf 89' lang='grc'>(7)</span> <span class='ocrx_word' id='word_1_951' title='bbox 2245 5165 2540 5236; x_wconf 74' lang='lat' dir='ltr'><strong>ltaomnes</strong></span> <span class='ocrx_word' id='word_1_952' title='bbox 2568 5161 2918 5236; x_wconf 78' lang='lat' dir='ltr'><strong>manuscripti</strong></span> <span class='ocrx_word' id='word_1_953' title='bbox 2951 5168 3175 5236; x_wconf 57' lang='lat' dir='ltr'><strong>egcepto</strong></span> <span class='ocrx_word' id='word_1_954' title='bbox 3199 5158 3437 5236; x_wconf 78' lang='lat' dir='ltr'><strong>Felckm.</strong></span> <span class='ocrx_word' id='word_1_955' title='bbox 3464 5159 3500 5213; x_wconf 77' lang='lat'><strong>5</strong></span> <span class='ocrx_word' id='word_1_956' title='bbox 3526 5159 3614 5236; x_wconf 86' lang='lat' dir='ltr'><strong>qui</strong></span> 
     </span>
    </p>
   </div>
   <div class='ocr_carea' id='block_1_118' title="bbox 2055 5229 3619 5302">
    <p class='ocr_par' dir='ltr' id='par_1_118' title="bbox 2055 5229 3619 5302">
     <span class='ocr_line' id='line_1_118' title="bbox 2055 5229 3619 5302; baseline -0.004 -13"><span class='ocrx_word' id='word_1_957' title='bbox 2055 5229 2194 5289; x_wconf 79' lang='lat' dir='ltr'><strong>cum</strong></span> <span class='ocrx_word' id='word_1_958' title='bbox 2209 5233 2370 5289; x_wconf 87' lang='lat' dir='ltr'><strong>editis</strong></span> <span class='ocrx_word' id='word_1_959' title='bbox 2400 5233 2561 5302; x_wconf 85' lang='lat' dir='ltr'><strong>habet</strong></span> <span class='ocrx_word' id='word_1_960' title='bbox 2589 5229 2938 5302; x_wconf 67' lang='grc' dir='ltr'>παρατίθησι.</span> <span class='ocrx_word' id='word_1_961' title='bbox 2980 5229 3148 5302; x_wconf 84' lang='lat' dir='ltr'><strong>P_aulo</strong></span> <span class='ocrx_word' id='word_1_962' title='bbox 3201 5239 3342 5302; x_wconf 82' lang='lat' dir='ltr'><strong>post,</strong></span> <span class='ocrx_word' id='word_1_963' title='bbox 3373 5231 3521 5302; x_wconf 71' lang='grc' dir='ltr'>εστιν</span> <span class='ocrx_word' id='word_1_964' title='bbox 3544 5229 3619 5282; x_wconf 53' lang='lat' dir='ltr'><strong>lea</strong></span> 
     </span>
    </p>
   </div>
   <div class='ocr_carea' id='block_1_119' title="bbox 2055 5299 3618 5428">
    <p class='ocr_par' dir='ltr' id='par_1_119' title="bbox 2055 5299 3618 5428">
     <span class='ocr_line' id='line_1_119' title="bbox 2055 5299 3618 5428; baseline -0.004 -71"><span class='ocrx_word' id='word_1_965' title='bbox 2055 5304 2296 5428; x_wconf 63' lang='lat' dir='ltr'><strong>giturnin</strong></span> <span class='ocrx_word' id='word_1_966' title='bbox 2338 5301 2462 5372; x_wconf 80' lang='lat' dir='ltr'><strong>Seg.</strong></span> <span class='ocrx_word' id='word_1_967' title='bbox 2492 5299 2700 5370; x_wconf 82' lang='lat' dir='ltr'><strong>Anglic.</strong></span> <span class='ocrx_word' id='word_1_968' title='bbox 2735 5299 2891 5356; x_wconf 88' lang='lat' dir='ltr'><strong>Gobl.</strong></span> <span class='ocrx_word' id='word_1_969' title='bbox 2921 5309 2975 5356; x_wconf 89' lang='lat' dir='ltr'><strong>et</strong></span> <span class='ocrx_word' id='word_1_970' title='bbox 3002 5299 3240 5356; x_wconf 86' lang='lat' dir='ltr'><strong>Felckm.</strong></span> <span class='ocrx_word' id='word_1_971' title='bbox 3275 5299 3328 5365; x_wconf 94' lang='grc'><strong>1,</strong></span> <span class='ocrx_word' id='word_1_972' title='bbox 3361 5299 3618 5370; x_wconf 89' lang='lat' dir='ltr'><strong>deestque</strong></span> 
     </span>
     <span class='ocr_line' id='line_1_120' title="bbox 2055 5389 2323 5428; baseline -0.004 -1"><span class='ocrx_word' id='word_1_973' title='bbox 2055 5390 2110 5427; x_wconf 86' lang='grc' dir='ltr'><strong>ιη</strong></span> <span class='ocrx_word' id='word_1_974' title='bbox 2140 5389 2170 5428; x_wconf 89' lang='lat' dir='ltr'><strong>e</strong></span> <span class='ocrx_word' id='word_1_975' title='bbox 2213 5391 2227 5426; x_wconf 91' lang='grc' dir='ltr'><strong>ι</strong></span> <span class='ocrx_word' id='word_1_976' title='bbox 2257 5390 2323 5428; x_wconf 90' lang='lat' dir='ltr'><strong>IS.</strong></span> 
     </span>
    </p>
   </div>
   <div class='ocr_carea' id='block_1_120' title="bbox 2055 5373 2323 5428">
    <p class='ocr_par' dir='ltr' id='par_1_120' title="bbox 2055 5373 2323 5428">
     <span class='ocr_line' id='line_1_121' title="bbox 2055 5373 2323 5428; baseline -0.004 -1"><span class='ocrx_word' id='word_1_977' title='bbox 2055 5377 2110 5427; x_wconf 92' lang='lat' dir='ltr'><strong>in</strong></span> <span class='ocrx_word' id='word_1_978' title='bbox 2140 5373 2323 5428; x_wconf 87' lang='lat' dir='ltr'><strong>editis.</strong></span> 
     </span>
    </p>
   </div>
   <div class='ocr_carea' id='block_1_121' title="bbox 2125 5437 3617 5512">
    <p class='ocr_par' dir='ltr' id='par_1_121' title="bbox 2125 5437 3617 5512">
     <span class='ocr_line' id='line_1_122' title="bbox 2125 5437 3617 5512; baseline -0.002 -16"><span class='ocrx_word' id='word_1_979' title='bbox 2125 5443 2202 5510; x_wconf 82' lang='lat'><strong>(8)</strong></span> <span class='ocrx_word' id='word_1_980' title='bbox 2243 5443 2474 5497; x_wconf 75' lang='lat' dir='ltr'><strong>Maxima</strong></span> <span class='ocrx_word' id='word_1_981' title='bbox 2514 5457 2640 5512; x_wconf 91' lang='lat' dir='ltr'><strong>pars</strong></span> <span class='ocrx_word' id='word_1_982' title='bbox 2682 5442 3061 5512; x_wconf 84' lang='lat' dir='ltr'><strong>manuscript.,</strong></span> <span class='ocrx_word' id='word_1_983' title='bbox 3091 5441 3154 5512; x_wconf 68' lang='grc' dir='ltr'><strong>εκ</strong></span> <span class='ocrx_word' id='word_1_984' title='bbox 3201 5437 3381 5512; x_wconf 41' lang='grc' dir='ltr'>Θεοῦη</span> <span class='ocrx_word' id='word_1_985' title='bbox 3412 5438 3617 5512; x_wconf 77' lang='lat' dir='ltr'><strong>omisso</strong></span> 
     </span>
    </p>
   </div>
   <div class='ocr_carea' id='block_1_122' title="bbox 2056 5507 3615 5582">
    <p class='ocr_par' dir='ltr' id='par_1_122' title="bbox 2056 5507 3615 5582">
     <span class='ocr_line' id='line_1_123' title="bbox 2056 5507 3615 5582; baseline -0.004 -16"><span class='ocrx_word' id='word_1_986' title='bbox 2056 5507 2306 5576; x_wconf 82' lang='lat' dir='ltr'><strong>articulo,</strong></span> <span class='ocrx_word' id='word_1_987' title='bbox 2327 5515 2420 5582; x_wconf 91' lang='lat' dir='ltr'><strong>qui</strong></span> <span class='ocrx_word' id='word_1_988' title='bbox 2444 5516 2496 5565; x_wconf 91' lang='lat' dir='ltr'><strong>in</strong></span> <span class='ocrx_word' id='word_1_989' title='bbox 2514 5507 2730 5568; x_wconf 66' lang='lat' dir='ltr'><strong>caeteris</strong></span> <span class='ocrx_word' id='word_1_990' title='bbox 2756 5521 2811 5565; x_wconf 91' lang='lat' dir='ltr'><strong>et</strong></span> <span class='ocrx_word' id='word_1_991' title='bbox 2837 5513 2895 5582; x_wconf 83' lang='lat' dir='ltr'><strong>in</strong></span> <span class='ocrx_word' id='word_1_992' title='bbox 2921 5507 3082 5582; x_wconf 85' lang='lat' dir='ltr'><strong>editis</strong></span> <span class='ocrx_word' id='word_1_993' title='bbox 3113 5509 3329 5582; x_wconf 85' lang='lat' dir='ltr'><strong>legitur.</strong></span> <span class='ocrx_word' id='word_1_994' title='bbox 3359 5507 3528 5582; x_wconf 74' lang='lat' dir='ltr'><strong>infra,</strong></span> <span class='ocrx_word' id='word_1_995' title='bbox 3550 5523 3615 5582; x_wconf 70' lang='grc' dir='ltr'><strong>με</strong></span> 
     </span>
    </p>
   </div>
   <div class='ocr_carea' id='block_1_123' title="bbox 2053 5576 3616 5651">
    <p class='ocr_par' dir='ltr' id='par_1_123' title="bbox 2053 5576 3616 5651">
     <span class='ocr_line' id='line_1_124' title="bbox 2053 5576 3616 5651; baseline -0.003 -15"><span class='ocrx_word' id='word_1_996' title='bbox 2053 5592 2177 5649; x_wconf 87' lang='lat' dir='ltr'><strong>post</strong></span> <span class='ocrx_word' id='word_1_997' title='bbox 2210 5576 2464 5651; x_wconf 70' lang='grc' dir='ltr'>ἐγέννησε</span> <span class='ocrx_word' id='word_1_998' title='bbox 2498 5582 2694 5651; x_wconf 87' lang='lat' dir='ltr'><strong>legitur</strong></span> <span class='ocrx_word' id='word_1_999' title='bbox 2727 5583 2781 5635; x_wconf 92' lang='lat' dir='ltr'><strong>in</strong></span> <span class='ocrx_word' id='word_1_1000' title='bbox 2815 5580 2994 5651; x_wconf 85' lang='lat' dir='ltr'><strong>editis,</strong></span> <span class='ocrx_word' id='word_1_1001' title='bbox 3038 5579 3130 5636; x_wconf 86' lang='lat' dir='ltr'><strong>sed</strong></span> <span class='ocrx_word' id='word_1_1002' title='bbox 3168 5576 3329 5634; x_wconf 73' lang='lat' dir='ltr'><strong>deest</strong></span> <span class='ocrx_word' id='word_1_1003' title='bbox 3358 5577 3412 5632; x_wconf 94' lang='lat' dir='ltr'><strong>in</strong></span> <span class='ocrx_word' id='word_1_1004' title='bbox 3441 5576 3616 5634; x_wconf 83' lang='lat' dir='ltr'><strong>omni-</strong></span> 
     </span>
    </p>
   </div>
   <div class='ocr_carea' id='block_1_124' title="bbox 2053 5650 2886 5722">
    <p class='ocr_par' dir='ltr' id='par_1_124' title="bbox 2053 5650 2886 5722">
     <span class='ocr_line' id='line_1_125' title="bbox 2053 5650 2886 5722; baseline -0.006 -14"><span class='ocrx_word' id='word_1_1005' title='bbox 2053 5653 2156 5708; x_wconf 90' lang='lat' dir='ltr'><strong>bus</strong></span> <span class='ocrx_word' id='word_1_1006' title='bbox 2188 5668 2318 5709; x_wconf 91' lang='lat' dir='ltr'><strong>mss.</strong></span> <span class='ocrx_word' id='word_1_1007' title='bbox 2346 5650 2538 5722; x_wconf 71' lang='lat' dir='ltr'><strong>praeter</strong></span> <span class='ocrx_word' id='word_1_1008' title='bbox 2557 5650 2800 5708; x_wconf 83' lang='lat' dir='ltr'><strong>Felckm.</strong></span> <span class='ocrx_word' id='word_1_1009' title='bbox 2834 5650 2886 5705; x_wconf 79' lang='grc'>5.</span> 
     </span>
    </p>
   </div>
  </div>
