3992 6230
356 481 494 536 1005

1250 474 1338 528 DE
1377 465 1892 530 lNCARNATIONE
1934 472 2019 527 ET
2056 469 2335 527 CONTRA
2369 470 2691 528 ARIANOS.

3452 471 3588 526 1006

357 600 456 669 μία
480 597 807 664 τδ,”Εκτισέ
822 616 898 666 με
937 600 970 652 ό
995 596 1230 665 Κύριος,
1267 597 1361 650 καὶ
1392 595 1605 669 ὕστερρ,
1642 597 1723 662 τδ,
1761 597 1924 668 mw

2029 594 2187 650 betur
2217 614 2229 648 :
2255 595 2464 650 Creavit
2496 612 2578 650 me
2624 593 2920 648 Dominus'
2939 634 2954 660 ,
2987 596 3177 652 ultimo
3207 607 3386 652 autem
3419 596 3546 649 illud
3573 612 3585 646 :

355 706 526 756 νησε.

430 780 516 832 15.
557 779 668 832 Καὶ
697 779 785 832 ὅτε
813 779 962 848 λέγει
1009 781 1043 850 ἡ
1094 779 1282 851 Γραφὴ
1326 797 1457 851 περι
1502 769 1740 850 Πατερδς·
1779 783 1923 848 Ουχι

359 871 502 938 Θεὸς
535 867 624 938 εἷς
659 871 901 926 ἔκτισεν
964 871 1154 942 ripae;
1180 871 1378 943 ὁμοίως
1404 871 1498 926 καὶ
1519 873 1647 943 περὶ
1680 871 1808 924 Υἱοῦ
1836 871 1924 923 λέ-

356 978 463 1030 γει,
492 963 574 1015 ὅτι
604 962 672 1016 δι’
702 963 867 1017 αὑτοῦ
895 963 1116 1035 ἐκτίσθη
1140 963 1210 1018 τὰ
1248 965 1424 1018 πάντα
1443 979 1459 994 ο
1485 964 1554 1018 τὰ
1587 963 1644 1016 δὲ
1669 962 1809 1016 αὐτὰ
1834 973 1928 1017 και

358 1055 486 1125 περὶ
530 1053 624 1108 τοῦ
671 1057 823 1125 ἁγίου
874 1056 1190 1128 Πνεῦματος
1237 1056 1485 1126 λέγεται⁹
1540 1057 1923 1123 Ἁντανελεῖς,

359 1147 510 1216 φησὶ,
545 1147 612 1200 τὸ
639 1148 875 1216 πνεῦμα
899 1148 1118 1214 αὐτῶν,
1158 1148 1258 1202 καὶ
1292 1149 1668 1217 ἐκλείψουσι,
1703 1148 1802 1202 καὶ
1842 1151 1926 1214 εὶς

360 1237 464 1290 τὸν
487 1237 636 1307 χοῦν
656 1238 853 1293 αὐτῶν
877 1239 1364 1308 ἐπιστρέψωσιν.
1382 1239 1836 1305 Ἐξαποστελεῖς
1859 1239 1926 1293 τὸ

359 1328 598 1398 Πνεῦμα
629 1345 766 1395 σου,
805 1332 902 1385 καὶ
948 1332 1393 1399 κτισθήσονται,
1425 1330 1928 1398 καῑ⁶ἀνακαινιεῖς

359 1420 425 1474 τὸ
460 1423 785 1490 πρόσωπον
820 1421 930 1490 τῆς
964 1421 1092 1494 γῆς.
1140 1423 1248 1477 Καὶ
1276 1423 1364 1477 ὅτε
1391 1423 1540 1492 λέγει
1581 1425 1609 1476 6
1644 1424 1770 1488 Υἱὸς
1801 1425 1927 1494 περὶ

361 1513 570 1586 Πατρὸς
600 1513 677 1586 τῷ
705 1514 926 1586 Πέτρῳ·
970 1515 1270 1584 Μακάριος
1298 1512 1372 1583 εἴ,
1403 1515 1492 1570 ὅτι
1524 1517 1600 1587 (9)
1633 1515 1791 1585 σὰρξ
1828 1516 1927 1570 καὶ

358 1600 498 1674 αἷμα
515 1607 626 1660 οὐκ
654 1605 1010 1676 ἀπεκάλυψέ
1037 1625 1155 1673 σοι,
1186 1609 1325 1662 ἀλλ’
1357 1610 1391 1662 ό
1421 1606 1621 1676 Πατήρ
1653 1626 1772 1677 μου
1803 1611 1836 1661 ό
1861 1610 1928 1662 ἐν

359 1695 479 1762 τοῖς
526 1697 802 1765 οὐρανοῖς
823 1715 838 1728 ’
870 1698 938 1751 τὰ
960 1698 1098 1752 αὐτὰ
1124 1700 1253 1771 περὶ
1281 1698 1475 1753 ἑαυτοῦ
1507 1698 1687 1768 λέγει’
1719 1699 1927 1765 Οὐδεὶς

355 1788 729 1858 ἐπιγινώσκει
759 1789 866 1844 τὸν
899 1790 1130 1860 Πατέρα
1153 1795 1204 1846 εὶ
1235 1791 1322 1860 μὴ
1365 1795 1398 1845 ὀ
1434 1790 1582 1856 Υἱὸς,
1628 1791 1724 1845 καὶ
1773 1783 1820 1856 ᾧ
1853 1791 1928 1844 ἂν

357 1881 649 1949 βούληται
673 1885 706 1936 ὁ
743 1882 874 1949 Υἱὸς
901 1883 1309 1952 ἀποκαλύψαι.
1326 1883 1555 1954 Ὁμοίως
1583 1883 1639 1936 δὲ
1671 1884 1764 1937 καὶ
1801 1885 1926 1954 περὶ

357 1972 449 2027 τοῦ
471 1972 760 2044 ἁγίου’(10)
793 1975 1106 2045 Πνεύματος
1129 1977 1157 2028 6
1191 1974 1402 2039 Παῦλος
1438 1975 1616 2044 λέγει·
1664 1977 1824 2044 Ἡμῖν
1856 1976 1923 2029 δὲ

355 2061 751 2132 ἀπεκάλυψεν
783 2067 816 2116 ὁ
862 2064 1005 2129 Θεὸς
1034 2063 1130 2118 διὰ
1168 2066 1271 2118 τοῦ
1324 2067 1666 2135 Πνεύματος
1716 2067 1920 2120 αὐτοῦ.

361 2156 430 2209 Τὸ
453 2154 564 2225 γὰρ
584 2155 825 2224 Πνεῦμα
849 2155 1046 2209 πάντα
1067 2156 1280 2224 ἐρευνᾷ
1299 2198 1314 2222 ,
1348 2158 1446 2212 καὶ
1488 2160 1558 2212 τὰ
1601 2141 1761 2226 ,βᾶθη
1816 2160 1922 2213 τοῦ

358 2245 505 2300 Θεοῦ
531 2261 545 2274 ·
576 2246 666 2310 τίς
685 2247 793 2316 γὰρ
824 2243 986 2301 οἶδεν
1008 2247 1332 2316 ἀνθρώπων
1352 2250 1422 2302 τὰ
1462 2250 1565 2304 τοῦ
1610 2251 1922 2320 ἀνθρώπου

353 2341 408 2392 ει
429 2337 516 2408 μὴ
553 2337 622 2392 τὸ
666 2339 899 2409 πνεῦμα
917 2338 1023 2392 τοῦ
1047 2339 1359 2408 ἀνθρώπου
1396 2341 1458 2394 τὸ
1496 2341 1567 2394 ἐν
1597 2341 1781 2406 αὐτῷ,
1813 2343 1924 2395 Οὕ-

353 2445 434 2482 τω
491 2428 589 2482 καὶ
616 2429 688 2484 τὰ
711 2429 820 2484 τοῦ
853 2430 1000 2485 Θεοῦ
1027 2429 1224 2496 οὐδεὶς
1243 2433 1504 2500 ἔγνωκεν
1527 2430 1636 2502 (ll)
1661 2434 1713 2485 εὶ
1742 2431 1828 2501 μὴ
1854 2434 1920 2485 τὸ

353 2517 596 2587 Πνεῦμα
634 2518 741 2572 τοῦ
770 2510 937 2573 Θεοῦ.
984 2519 1192 2590 Ὠσπερ
1224 2515 1315 2572 οὖν
1344 2520 1404 2572 τὸ
1440 2520 1656 2591 πνεῦμα
1691 2520 1784 2574 τοῦ
1829 2523 1922 2576 ἁν-

355 2608 575 2680 θρώπου
603 2610 700 2680 τῆς
729 2610 1140 2682 ἀνθρωπότητος
1188 2611 1352 2664 αὐτοῦ
1385 2613 1478 2665 καὶ
1503 2613 1602 2683 τῆς
1652 2612 1835 2677 οὐσίας
1861 2615 1922 2666 οὐ

354 2700 703 2773 κεχώρισται,
727 2701 868 2755 οὕτω
912 2704 1089 2756 καὶτὸ
1121 2703 1344 2774 Πνεῦμα
1368 2703 1480 2775 (12)
1518 2704 1610 2758 τοῦ
1653 2705 1787 2758 Θεοῦ
1825 2706 1926 2776 τῆς

355 2793 606 2863 θεότητος
633 2793 798 2847 αὑτοῦ
825 2795 918 2848 καὶ
949 2795 1046 2866 τῆς
1074 2796 1260 2860 οὐσίας
1286 2797 1384 2850 οὐκ
1430 2796 1576 2849 ἔστιν
1624 2797 1922 2868 ἀλλότριον.

353 2885 470 2939 Καὶ
497 2885 625 2939 ὅταν
654 2885 788 2959 λέγῃ
807 2889 836 2940 6
856 2886 1059 2958 Κύριος
1083 2889 1139 2941 ὲν
1177 2889 1372 2959 Ἡσαΐᾳ
1397 2905 1410 2918 ·
1447 2887 1617 2952 Υἱοὺς
1630 2887 1927 2956 ἐγέννησα

355 2973 460 3028 καὶ
488 2975 706 3044 ῦψωσα
725 2992 739 3008 ο
769 2977 939 3032 αὐτοὶ
964 2976 1032 3032 δέ
1051 2995 1129 3047 με
1170 2979 1496 3047 ἠθέτησαν,
1543 2981 1600 3032 ὲν
1631 2979 1710 3050 τῷ
1752 2981 1928 3050 Εὐαγο

351 3067 522 3137 γελιῳ
573 3066 758 3136 λέγει’
813 3068 884 3124 Τὸ
934 3069 1368 3140 γεγεννημένον
1415 3071 1483 3124 ἐκ
1544 3069 1652 3139 τῆς
1703 3071 1928 3141 σαρκὸς

353 3157 513 3228 σάρξ
536 3160 686 3226 ἐστι,
715 3160 813 3216 καὶ
835 3161 901 3214 τὸ
922 3161 1358 3231 γεγεννημένον
1372 3162 1441 3216 ἐκ
1467 3162 1572 3216 τοῦ
1585 3166 1928 3234 Πνεύματος

351 3251 594 3321 πνεῦμά
625 3251 776 3306 ἐστι.
815 3254 925 3306 Καὶ
950 3252 1108 3308 πάλιν
1128 3269 1143 3284 ⁸
1176 3254 1246 3308 Τὸ
1270 3254 1512 3326 Πνεῦμα
1560 3257 1713 3313 ὅπου
1747 3259 1924 3325 θέλει,

352 3339 514 3406 πνεῖ,
537 3341 637 3394 καὶ
667 3341 782 3410 τὴν
821 3343 1031 3412 φωνὴν
1071 3344 1256 3399 αὐτοῦ
1299 3345 1574 3412 ἀκούεις·
1628 3349 1763 3404 ἀλλ’
1812 3353 1924 3404 οὑκ

351 3428 542 3499 οἶδας,
567 3434 751 3488 πόθεν
771 3435 1024 3504 ἔρχεται,
1059 3434 1156 3489 καὶ
1179 3437 1297 3491 ποῦ
1322 3436 1554 3508 ὑπάγει.
1579 3440 1776 3505 Οὕτως
1793 3443 1923 3495 ἐστὶ

353 3521 478 3588 πᾶς
505 3526 538 3577 ό
567 3518 996 3596 γεγεννημένος
1017 3526 1086 3580 ἐκ
1118 3527 1224 3581 τοῦ
1251 3529 1615 3598 Πνεύματος.
1656 3532 1742 3585 Ἐν
1771 3533 1828 3586 δὲ
1857 3537 1924 3604 τῇ

353 3615 498 3684 ἀρχῇ
522 3613 613 3666 τοῦ
632 3615 961 3685 Εὑαγγελίου
1001 3618 1250 3691 Ἰωάννης
1287 3619 1398 3690 (15)
1433 3621 1606 3690 λέγει’
1655 3623 1827 3678 ’Ὅσοι
1859 3624 1926 3677 δὲ

351 3704 576 3758 ἔλαϐον
589 3707 793 3770 αὑτὸν,
813 3707 1034 3762 ἔδωκεν
1051 3709 1253 3776 αὐτοῖς
1273 3709 1562 3775 ἐξουσίαν
1575 3711 1755 3768 τέκνα
1780 3715 1926 3768 Θεοῦ

353 3794 653 3865 γενέσθαι,
677 3797 802 3863 τοῖς
831 3802 1228 3855 πιστεύουσιν
1257 3805 1344 3866 εὶς
1381 3802 1447 3856 τὸ
1491 3803 1678 3874 ὄνομα
1704 3806 1889 3860 αὐτοῦ
1909 3823 1922 3836 ·

353 3887 412 3940 οἳ
447 3891 558 3942 οὐκ
579 3888 649 3955 ἐξ
697 3889 978 3960 αἱμάτων,
1028 3892 1171 3946 οὐδὲ
1197 3894 1268 3947 ἐκ
1315 3893 1646 3964 θελήματος
1690 3897 1923 3966 ἀνδριὲς,

353 3979 498 4034 οὐδὲ
533 3982 601 4035 ἐκ
627 3982 956 4052 θελήματος
983 3984 1232 4054 σαρκὸς,
1255 3987 1394 4044 ἀλλ’
1415 3987 1483 4041 ἐκ
1515 3989 1663 4043 Θεοῦ
1685 3989 1927 4058 ἐγεννή-

354 4075 572 4139 θησαν.
613 4075 766 4128 Ὅσοι
792 4073 884 4129 οὖν
916 4079 981 4130 ὲκ
1011 4077 1327 4148 Πνεύματος
1354 4080 1510 4148 ἁγίου
1539 4081 1924 4152 ἐγεννήθησαν,

350 4158 499 4219 οὗτοι
545 4169 609 4220 ὲκ
652 4167 787 4220 Θεοῦ
820 4169 1206 4241 ἐγεννήθησαν.
1269 4171 1378 4224 Καὶ
1427 4172 1542 4225 ὅσοι
1579 4175 1658 4236 εἰς
1695 4174 1927 4245 Χριστὸν

352 4255 784 4329 ἐϐαπτίσθησαν,
813 4255 956 4313 οὗτοι
997 4261 1077 4324 εἰς
1110 4261 1329 4331 Πατέρα
1367 4263 1461 4314 καὶ
1503 4263 1656 4331 ἅγιον
1705 4263 1928 4334 Πνεῦμα

351 4345 783 4416 ὲὸαπτίσθησαν.
839 4349 950 4402 Καὶ
999 4350 1190 4415 πάλιν,
1225 4351 1311 4403 ὅτε
1357 4351 1502 4419 λέγει
1550 4353 1579 4404 ὁ
1621 4353 1825 4423 Πέτρος
1851 4353 1929 4424 τῷ

367 4439 620 4509 Ἀνανία·
656 4439 760 4492 Διὰ
793 4442 851 4494 τι
884 4440 995 4512 (14)
1028 4441 1382 4510 ἐπλήρωσεν
1424 4446 1458 4497 ὁ
1506 4442 1777 4510 Σατανᾶς
1816 4444 1930 4511 τὴν

351 4531 609 4599 καρδίαν
638 4545 773 4599 σου,
807 4534 1153 4600 ψεύσασθαί
1181 4549 1255 4588 σε
1283 4536 1348 4589 τὸ
1385 4535 1628 4605 Πνεῦμα
1651 4538 1717 4591 τὸ
1738 4537 1926 4607 ἅγιον,

2059 689 2308 743 eneravit.

2025 704 2308 756 generavit.

2096 777 2184 832 15.
2221 776 2288 832 Ει
2334 793 2458 832 cum
2505 777 2786 850 Scriptura
2823 778 2969 835 dicat
2997 779 3062 834 de
3090 777 3250 834 Patre
3285 797 3305 832 ι
3332 777 3588 848 Nunquid

2013 866 2127 923 non
2154 868 2294 923 Deus
2322 886 2458 924 unus
2487 872 2683 926 creavit
2711 889 2804 926 nos
2827 872 2961 927 "lid
2990 871 3058 927 de
3088 871 3228 927 Filio
3255 888 3473 942 quoque
3507 873 3590 926 di-

2025 962 2268 1032 cit:per
2295 963 2474 1032 ipsum
2508 975 2694 1019 creata
2743 974 2874 1020 sunt
2920 966 3146 1029 omnia;
3195 965 3309 1018 haec
3358 964 3472 1032 ipsa
3521 963 3590 1016 de

2027 1053 2228 1124 Spiritu
2249 1066 2438 1112 sancto
2454 1071 2670 1128 quoque
2684 1059 2938 1113 dicuntur
2961 1075 2975 1113 :
3004 1056 3454 1126 Auferes,inquit,
3483 1056 3591 1123 spi-

2026 1148 2189 1201 ritum
2219 1165 2424 1214 eorum,
2457 1158 2506 1204 et
2525 1149 2789 1219 deﬁcient,
2812 1160 2862 1204 et
2883 1151 2937 1204 in
2965 1150 3224 1220 pulverem
3245 1164 3398 1203 suum
3421 1162 3592 1202 rever-

2027 1249 2220 1294 tentur.
2247 1240 2471 1296 Emittes
2507 1240 2767 1312 Spiritum
2809 1253 2959 1296 tuum
2985 1252 3032 1296 et
3064 1243 3399 1304 creal'untur,
3428 1249 3478 1294 et
3505 1256 3590 1293 re-

2026 1332 2239 1387 novabis
2271 1334 2459 1403 faciem
2485 1345 2640 1390 terra:
2665 1336 2704 1388 9'.
2740 1334 2807 1388 Et
2835 1351 2960 1390 cum
2993 1331 3252 1390 Filius'ad
3281 1333 3501 1389 Petrum
3525 1333 3594 1387 de

2027 1422 2187 1479 Patre
2227 1425 2424 1480 dixerit
2461 1440 2562 1480 suo
2589 1426 2834 1481 :-Beatus
2869 1444 2944 1492 es,
2965 1427 3090 1497 quia
3121 1434 3338 1480 carO‘et
3375 1423 3593 1495 sanguis

2027 1530 2130 1567 non
2161 1513 2402 1568 reuelauit
2430 1515 2547 1580 tibi,
2570 1517 2660 1570 sed
2691 1517 2856 1570 Pater
2889 1531 3034 1570 meus
3063 1516 3152 1585 qui
3185 1516 3241 1568 in
3270 1513 3413 1568 caelis
3443 1522 3522 1567 est
3544 1514 3591 1578 ⁸,

2029 1601 2261 1671 idipsum
2284 1602 2351 1658 de
2380 1618 2440 1658 se
2477 1604 2688 1660 locutus
2713 1613 2797 1659 est
2829 1622 2844 1658 :
2882 1603 3050 1658 Nemo
3077 1605 3218 1658 novit
3247 1602 3464 1656 Patrem
3487 1603 3592 1656 nisi

2029 1691 2227 1756 Filius,
2249 1703 2300 1746 et
2327 1695 2412 1746 cui
2450 1674 2669 1750 voluerit
2696 1695 2745 1748 Γ
2747 1696 2873 1751 ilius
2900 1697 3128 1751 reuelare
3153 1697 3218 1749 ¹⁸.
3257 1694 3518 1749 Similiter
3540 1703 3594 1748 et

2053 1783 2120 1837 de
2148 1781 2349 1852 Spiritu
2375 1796 2564 1840 sancto
2588 1787 2664 1840 ait
2680 1785 2882 1842 Paulus
2906 1805 2920 1842 :
2949 1787 3114 1841 Nobis
3152 1800 3322 1840 autem
3352 1785 3594 1840 reuelauit

2030 1872 2169 1928 Deus
2196 1891 2288 1944 per
2317 1874 2575 1944 Spiritum
2595 1895 2782 1944 suum;
2810 1877 3042 1947 Spiritus
3069 1879 3208 1932 enim
3231 1880 3408 1931 omnia
3446 1892 3596 1930 scru-

2027 1975 2192 2034 tatur,
2221 1969 2384 2021 etiam
2405 1970 2671 2038 profunda
2700 1971 2816 2027 Dei.
2843 1971 3152 2037 Quis'enim
3197 1969 3465 2022 hominum
3494 1969 3596 2020 scit

2025 2075 2141 2128 quae
2181 2069 2302 2114 sunt
2351 2062 2600 2128 hominis,
2645 2063 2749 2116 nisi
2791 2063 3010 2132 spiritus
3057 2061 3284 2115 hominis
3311 2059 3401 2129 qui
3437 2068 3513 2112 est
3539 2061 3595 2110 in

2025 2152 2180 2217 ipso?
2210 2151 2298 2206 Ita
2322 2162 2372 2206 et
2398 2170 2515 2224 qua
2553 2155 2648 2208 Dei
2683 2164 2803 2207 sunt
2828 2170 2978 2207 nemo
3017 2153 3253 2224 cognovit
3277 2152 3381 2204 nisi
3418 2148 3594 2212 Spiri-

2027 2253 2108 2296 tus
2139 2243 2324 2298 Dei“.
2362 2243 2515 2299 Sicut
2547 2245 2712 2315 igitur
2745 2245 2971 2313 spiritus
3010 2243 3250 2297 hominis
3293 2241 3361 2296 ab
3402 2240 3595 2293 huma-

2027 2337 2195 2394 nitate
2221 2335 2340 2404 ejus
2371 2345 2424 2391 et
2464 2336 2769 2391 substantia
2799 2352 2907 2390 non
2936 2345 3021 2390 est
3044 2343 3396 2406 segregatus;
3434 2332 3515 2385 sic
3542 2339 3597 2383 et

2029 2421 2262 2493 Spiritus
2300 2424 2391 2479 Dei
2416 2423 2577 2496 ’104
2601 2442 2632 2480 a
2657 2426 2940 2480 divinitate
2956 2425 3074 2494 ejus
3096 2435 3149 2480 et
3167 2423 3467 2479 substantia
3487 2437 3593 2476 non

2023 2523 2106 2568 est
2134 2513 2362 2570 alienus.
2396 2513 2462 2568 Et
2491 2531 2614 2570 cum
2646 2515 2846 2570 dixerit
2863 2513 3125 2568 Dominus
3143 2514 3196 2566 in
3213 2512 3348 2567 lsaia
3375 2533 3388 2564 :
3417 2509 3592 2564 Filios

2025 2606 2252 2660 enutrivi
2270 2615 2320 2660 et
2373 2607 2738 2678 exaltari,ipsi
2778 2615 2954 2660 autem
2997 2614 3292 2676 spreverunt
3337 2620 3414 2657 me
3460 2603 3592 2665 “J3,

2027 2697 2083 2751 in
2121 2697 2414 2768 Evangelio
2446 2699 2616 2753 dicit:
2652 2699 2806 2764 Quod
2839 2708 3022 2752 natum
3067 2708 3143 2752 est
3181 2713 3246 2750 ea:
3288 2711 3442 2750 carne
3472 2711 3595 2749 caro

2027 2797 2101 2841 est
2125 2803 2142 2840 :
2170 2796 2220 2840 et
2244 2791 2380 2857 quod
2421 2803 2604 2842 natum
2636 2798 2712 2841 est
2753 2801 2818 2841 ex
2851 2787 3056 2857 Spiritu
3088 2788 3306 2857 spiritus
3329 2796 3404 2841 est
3431 2785 3495 2839 “.
3530 2784 3597 2836 Et

2027 2881 2256 2934 iterum:
2282 2878 2512 2950 Spiritus
2534 2880 2622 2934 ubi
2650 2881 2760 2934 vult
2787 2882 2976 2950 spirat,
2997 2891 3044 2935 et
3073 2898 3246 2936 vocem
3273 2881 3385 2948 ejus
3409 2879 3598 2942 audis;

2027 2974 2117 3026 sed
2148 2973 2316 3027 nescis
2348 2974 2483 3028 unde
2511 2975 2706 3039 veniat,
2732 2983 2822 3027 aut
2845 2990 2944 3042 quo
2981 2976 3158 3028 vadat.
3194 2972 3283 3027 Sic
3311 2981 3386 3025 est
3429 2971 3597 3024 omnis

2027 3066 2118 3136 qui
2148 3075 2304 3120 natus
2329 3076 2406 3120 est
2441 3081 2506 3120 ea;
2548 3063 2754 3134 Spiritu
2779 3066 2844 3119 ιδ.
2881 3064 2940 3119 In
2976 3064 3253 3135 Evangelii
3286 3072 3465 3118 autem
3496 3062 3600 3116 ini-

2031 3158 2106 3211 tio
2133 3159 2208 3213 ait
2230 3155 2470 3213 Joannes
2500 3177 2513 3211 :
2548 3157 2814 3228 Quotquot
2840 3167 3013 3211 autem
3044 3166 3342 3227 receperunt
3371 3165 3487 3211 eum
3510 3157 3600 3209 tle-

2031 3251 2109 3305 dit
2138 3239 2223 3304 eis
2258 3258 2564 3319 potestatem
2603 3249 2744 3317 ﬁlios
2786 3248 2883 3303 Dei
2917 3250 3054 3318 ﬁeri,
3079 3250 3146 3302 iis
3181 3250 3270 3318 qui
3302 3249 3516 3303 credunt
3543 3249 3600 3300 in

2027 3344 2232 3396 nomine
2256 3343 2368 3411 ejus
2387 3359 2405 3395 :
2429 3345 2518 3412 qui
2543 3360 2644 3396 non
2663 3359 2728 3398 ex
2751 3342 3112 3412 sanguinibus,
3138 3358 3298 3411 neque
3327 3357 3392 3396 ea:
3417 3349 3601 3394 uotun~

2028 3445 2134 3489 tate
2160 3436 2278 3500 uiri,
2305 3451 2466 3504 neque
2497 3451 2562 3488 ea:
2602 3435 2867 3489 voluntate
2903 3435 3100 3501 carnis,
3125 3435 3214 3489 sed
3249 3450 3313 3488 ex
3345 3433 3456 3486 Deo
3486 3432 3600 3486 nati

2027 3535 2147 3579 sunt
2168 3527 2232 3580 ¹⁶.
2263 3524 2540 3596 Quotquot
2562 3527 2724 3597 igitur
2751 3543 2820 3581 ex
2851 3527 3052 3596 Spiritu
3080 3536 3269 3582 sancto
3302 3527 3415 3579 nati
3449 3536 3596 3588 sunt,

2028 3618 2066 3672 ii
2104 3634 2169 3672 ex
2198 3617 2308 3672 Deo
2336 3619 2448 3672 nati
2481 3627 2628 3672 sunt.
2671 3617 2737 3672 Et
2776 3627 3044 3688 quotquot
3088 3619 3144 3671 in
3183 3617 3460 3672 Christum
3505 3618 3601 3671 ba-

2029 3709 2218 3776 ptizati
2247 3717 2394 3774 sunt,
2420 3709 2475 3762 hi
2507 3709 2563 3762 in
2595 3708 2815 3764 Patrem
2842 3719 2894 3764 et
2918 3709 3178 3779 Spiritum
3204 3718 3450 3764 sanctum
3473 3720 3601 3764 sunt

2027 3801 2300 3869 buptizati.
2333 3799 2397 3854 Et
2439 3816 2656 3856 rursum
2703 3816 2828 3855 cum
2858 3800 3050 3856 Petrus
3089 3803 3166 3855 ait
3207 3800 3603 3855 Ananiae:Cur

2029 3893 2254 3960 implevit
2291 3891 2520 3947 Satanas
2556 3909 2647 3947 cor
2675 3903 2842 3959 tuum,
2881 3895 3091 3950 mentiri
3125 3903 3174 3948 te
3210 3893 3440 3964 Spiritui
3474 3909 3602 3947 san-

2029 3995 2132 4050 cto,
2154 3994 2203 4038 et
2229 4000 2472 4053 seponere
2513 3985 2577 4038 de
2622 3987 2787 4056 pretio
2826 3989 2981 4057 agri?
3006 3986 3128 4040 Non
3159 4005 3212 4042 es
3241 3989 3490 4041 mentitus
3513 3989 3602 4040 Ιιο-

2030 4077 2278 4143 minibus,
2306 4078 2395 4131 sed
2423 4077 2531 4132 Deo
2559 4080 2622 4134 ³⁷.
2655 4079 2840 4151 itaque
2865 4082 2958 4150 qui
2986 4083 3245 4136 mentitus
3265 4092 3348 4135 est
3374 4080 3597 4150 Spiritui

2030 4176 2239 4235 sancto,
2271 4171 2529 4225 mentitus
2555 4183 2636 4226 est
2665 4173 2797 4238 Deo,
2832 4173 3096 4228 habitanti
3129 4173 3182 4226 in
3219 4173 3471 4228 omnibus
3502 4187 3602 4242 per

2033 4258 2292 4329 Spiritum
2322 4278 2504 4317 suum.
2535 4261 2636 4318 Ubi
2674 4265 2820 4318 enim
2866 4274 2950 4320 est
2989 4264 3224 4336 Spiritus
3261 4263 3374 4329 Dei,
3406 4264 3480 4318 ibi
3518 4275 3602 4319 est

2034 4351 2194 4408 Deus.
2223 4351 2359 4407 Nam
2414 4356 2468 4408 in
2505 4356 2622 4418 hoc,
2652 4356 2851 4425 inquit,
2881 4359 3236 4427 cognoscimus
3280 4358 3416 4427 quod
3462 4357 3600 4410 Deus

2032 4447 2086 4499 in
2115 4446 2261 4499 nobis
2287 4457 2481 4513 manet,
2521 4450 2770 4518 quoniam
2813 4455 2877 4503 de
2925 4448 3126 4518 Spiritu
3177 4467 3272 4505 suo
3320 4451 3462 4504 dedit
3502 4465 3599 4504 no-

2035 4539 2112 4592 bis
2139 4539 2202 4592 ‘3.

350 4622 454 4674 καὶ
481 4625 891 4692 νοσφίσασθαι
915 4626 1036 4678 ἀπὸ
1063 4624 1170 4694 τῆς
1197 4626 1369 4696 τιμῆς
1395 4629 1500 4682 τοῦ
1543 4632 1797 4698 χωρίου;
1842 4634 1962 4684 Οὐκ
2003 4634 2246 4700 ἐψεύσω
2294 4634 2643 4702 ἀνθρώποις,
2675 4638 2835 4692 ἀλλὰ
2869 4636 2947 4702 τῷ
2982 4635 3126 4702 Θεῷ.
3163 4638 3322 4690 Ὥστε
3348 4637 3376 4688 6
3402 4635 3600 4704 ψευσά-

354 4731 521 4783 μενος
550 4715 627 4786 τῷ
679 4717 820 4787 ἁγίῳ
847 4717 1146 4789 Πνεῦματι,
1184 4719 1260 4790 τῷ
1314 4720 1432 4791 Θεῷ
1465 4721 1752 4790 ἐψεύσατο,
1814 4724 1892 4795 τῷ
1928 4725 2268 4778 κατοικοῦντι
2335 4727 2392 4779 ἐν
2451 4728 2757 4800 ἀνθρώποις
2794 4729 2882 4782 διὰ
2928 4730 3020 4782 τοῦ
3065 4729 3376 4798 Πνεῦματος
3412 4724 3595 4777 αὐτοῦ.

429 4829 449 4859 ⁸
487 4827 651 4882 Prov.
682 4845 805 4889 vni,
836 4829 926 4884 22.

352 4900 398 4930 ¹¹
441 4899 462 4952 Ι
492 4898 620 4952 Cor.
653 4916 710 4961 ιι,
742 4900 830 4963 10,
887 4901 970 4954 11.

347 4970 410 5023 4.
491 4967 533 4999 ⁸⁸
573 4966 780 5023 lJoan.
817 4972 1003 5037 ιν,13,

429 5059 505 5128 (9)
543 5059 896 5129 Anglicanus,
932 5065 1002 5127 si,

1029 4831 1048 4860 ⁷
1089 4831 1315 4888 Malach.
1350 4848 1409 4898 ιι,
1453 4834 1540 4890 10.

1087 4901 1201 4934 ¹²ο¹³
1241 4903 1343 4959 lsa.
1391 4921 1429 4970 t,
1461 4906 1516 4958 2.

350 5130 504 5207 [πῇ-ιι
535 5128 848 5207 ὃεςξηϐοιιι.
880 5128 1331 5207 _et_F_el'cl£tnan._'l
1365 5148 1421 5190 et
1453 5137 1506 5198 2,
1531 5128 1914 5207 ῖιτερὶὲαζυτοῦ.

347 5199 502 5255 Editi
528 5209 582 5254 et
607 5201 721 5278 alii,
747 5201 968 5278 sui
999 5204 1212 5278 ἑαυτοῦ,
1244 5205 1366 5278 qu
1395 5216 1516 5276 post
1549 5199 1766 5278 Πατέρα
1794 5209 1926 5276 legi-

349 5283 467 5354 tur,
500 5271 651 5340 φησι,
677 5271 734 5324 in
748 5271 926 5336 editis,
955 5274 1078 5327 etin
1096 5271 1425 5357 quibusdam
1458 5289 1615 5338 mss.,
1655 5271 1749 5356 sed
1776 5271 1926 5332 deest

350 5340 570 5416 ωηερε.
600 5339 769 5416 Οριι.
793 5350 847 5416 et
877 5341 1023 5397 Felc.
1050 5344 1100 5398 1.
1125 5344 1260 5399 ibid.
1293 5362 1348 5400 in
1380 5346 1570 5402 iisdem
1598 5347 1795 5416 legitur
1838 5349 1920 5401 ἄν.

350 5409 497 5464 Editi
524 5422 578 5463 et
609 5410 722 5468 alii.
753 5411 867 5464 ὲάν.
1645 5409 1695 5429 .-.

426 5478 540 5550 (10)
583 5480 656 5534 Ita
690 5479 815 5550 Seg.
847 5481 1001 5538 Gobl.
1031 5493 1083 5537 et
1112 5483 1348 5539 Felckm.
1387 5487 1438 5538 1.
1475 5485 1531 5540 ln
1558 5487 1718 5542 editis
1737 5497 1790 5542 et
1819 5503 1925 5542 cat-

347 5552 489 5623 t_eris
510 5550 664 5623 ἁγίου
696 5551 864 5623 deest.
901 5551 1044 5606 infra
1072 5553 1192 5623 Seg.
1224 5555 1379 5608 Gobl.
1417 5555 1649 5610 Felckm.
1701 5557 1749 5621 1,
1777 5557 1829 5619 2,
1872 5567 1924 5610 et

346 5621 579 5697 Graecus
605 5619 900 5697 Scriptura}
923 5631 1128 5697 textus,
1148 5619 1345 5697 ξιάντα.
1368 5624 1509 5679 Editi
1539 5619 1923 5697 etaliiﬁrzav-

346 5706 443 5741 τα.
462 5691 692 5764 Anglic.
733 5691 888 5754 ibid.,
918 5693 1186 5764 διερευνᾷ.

428 5760 540 5837 (lt
583 5760 675 5837 Sic
696 5775 898 5837 pmnes
923 5760 1056 5837 pene
1080 5760 1459 5837 majuscripti,
1485 5765 1645 5837 Editi,
1673 5766 1835 5822 ὀιοεν.

429 5827 541 5900 (12)
584 5832 664 5883 lta
695 5829 818 5898 Seg.
842 5827 1018 5900 οδω.
1063 5839 1119 5885 et
1150 5831 1328 5888 Felck.
1361 5827 1412 5887 1.
1443 5835 1497 5888 In
1525 5827 1685 5892 editis
1713 5850 1766 5892 et
1801 5838 1922 5891 aliis

349 5899 582 5970 Πνεῦμα
629 5901 802 5954 deest.
841 5899 962 5954 Mox
995 5902 1227 5970 Anglic.,
1262 5905 1387 5957 ὅταν
1421 5905 1587 5972 λέγει.
1632 5907 1757 5974 Alii,
1795 5909 1921 5961 ὅταν

1644 4835 1666 4907 ἒ
1705 4835 1846 4907 Psal.
1881 4853 1996 4898 cm,
2033 4839 2124 4907 29,
2159 4839 2245 4894 50.

1625 4905 1669 4936 ’⁸
1705 4904 1859 4960 Joan.
1902 4924 1983 4976 ιιι,
2017 4909 2070 4962 6.

1049 5065 1180 5142 φησὶ
1220 5067 1400 5142 Σίμων
1449 5065 1563 5142 βαρ
1596 5066 1772 5142 Ἰῳν-ᾶ,
1813 5069 1912 5142 ὅτι.
1949 5073 1992 5126 D
2019 5071 2171 5142 λέγῃ.
2201 5069 2344 5127 infra
2389 5074 2524 5139 hac,
2557 5075 2707 5128 αὐτοὶ
2747 5074 2805 5127 δέ

2364 4843 2386 4872 ⁹
2423 4841 2758 4905 Mattb.xvr,
2822 4842 2908 4896 17.
3024 4843 3068 4872 ¹⁰
3107 4840 3294 4894 Matth.
3365 4856 3440 4901 χι,
3502 4841 3589 4899 27,

2182 4912 2225 4942 ³⁸
2265 4911 2397 4967 ibid.
2433 4913 2487 4966 8.
2605 4915 2648 4945 ¹⁶
2688 4912 2844 4968 Joan.
2879 4928 2917 4981 ι,
2951 4912 3035 4978 12,
3077 4911 3160 4963 15.
3241 4912 3282 4940 ⁸⁷
3310 4912 3430 4963 Act.
3459 4927 3510 4971 v,
3541 4913 3595 4975 5,

2851 5089 2921 5141 με
2985 5070 3278 5141 ἠθέτησαν,
3317 5072 3512 5125 desunt
3541 5075 3594 5125 in

2024 5139 2206 5200 editis,
2241 5153 2295 5196 et
2321 5143 2588 5199 habentur
2612 5147 2667 5198 in
2705 5139 2985 5209 solis-Seg.
3007 5139 3163 5194 Gobl.
3192 5151 3246 5194 et
3277 5141 3510 5196 Felckm.
3539 5146 3590 5196 1.

2024 5209 2147 5264 Mox
2179 5211 2301 5281 Seg.
2329 5213 2479 5269 solus
2502 5215 2590 5271 bis
2608 5216 2770 5269 habet
2794 5209 3214 5280 γεγεννημένον.
3247 5211 3313 5264 Et
3345 5211 3594 5277 inferius,

2064 5297 2216 5334 εγενν

2513 5363 2567 5424 et
2594 5353 2835 5424 Feleltm.
2869 5356 3026 5416 1,Ἐν
3063 5347 3118 5400 δὲ
3161 5349 3239 5420 τῷ
3281 5352 3594 5424 Εὐαγγελέῳ

2039 5419 2308 5492 Ἰωάννης,
2343 5431 2400 5492 et
2429 5423 2501 5476 ita
2534 5423 2662 5492 legit
2694 5423 2958 5481 Nannius.

2099 5490 2210 5559 (14)
2247 5490 2308 5546 ln
2350 5490 2634 5546 Basilicus.
2670 5495 2954 5559 Anglican.
2995 5505 3048 5550 et
3091 5492 3331 5549 Felckm.
3370 5492 3596 5554 2,Ἀνα-

2027 5560 2136 5630 νέᾳ,
2155 5561 2724 5634 Ἁνανίαητίηιὺὶὡεηξ
2752 5560 2974 5634 Seguer.
3009 5565 3166 5620 Gobl.
3198 5573 3252 5617 et
3275 5563 3510 5617 Felckm.
3544 5567 3597 5627 l,

2026 5629 2159 5704 cum
2179 5629 2377 5704 (ἓτεροολ
2401 5629 2696 5704 Scriptura:
2722 5629 2888 5698 textu,
2907 5635 2993 5688 διὰ
3016 5637 3066 5688 τί
3094 5636 3465 5704 ἐπλήρωσεψρ
3491 5635 3599 5686 Ea—

2025 5701 2211 5774 τανᾶς.
2238 5699 2462 5774 Editi_et
2487 5703 2602 5774 alii,
2644 5704 2695 5756 τί
2741 5707 2769 5756 6
2802 5707 3047 5768 Σατανᾶς
3069 5699 3411 5774 ὲςτλήρωσεν.
3449 5703 3598 5757 Infra

2029 5769 2346 5836 Seguerian.
2376 5769 2660 5827 Basiliens.
2699 5774 2917 5830 Gobler.
2965 5787 3017 5830 et
3066 5769 3303 5829 Fclcltm.
3342 5775 3393 5837 5,
3429 5775 3506 5836 εἰς
3538 5775 3603 5826 τὸ

2028 5837 2252 5908 Πνεῦμα
2275 5840 2335 5891 τὸ
2367 5840 2538 5908 ἆγιον.
2574 5842 2628 5896 In
2656 5847 2834 5902 editis.
2866 5849 2944 5908 εἰς
2977 5847 3151 5910 deest,
3183 5855 3240 5900 ut
3275 5855 3328 5899 ct
3362 5847 3413 5899 in
3450 5843 3603 5898 Seti-

2027 5919 2197 5976 plurae
2229 5919 2398 5964 textu.

2301 5282 2441 5346 ένος.
