3992 6230
466 455 598 511 10οἸ

1039 454 1095 508 S.
1133 451 1500 508 ATHANASII
1546 452 1694 507 OPP.
1737 452 1915 506 PARS
1950 454 1986 506 I.
2030 484 2099 494 ——-
2137 452 2505 507 HISTORICA
2542 451 2628 505 ET
2667 449 3079 506 DOGMATICA.

3533 446 3647 500 1008

465 569 638 621 Ὅπου
672 569 779 637 γάρ
823 569 939 620 ἐστι
972 568 1032 620 τὸ
1069 569 1290 638 Πνεῦμα
1344 569 1438 621 τοῦ
1490 567 1646 630 Θεοῦ,
1683 570 1798 621 ἐκεῖ
1845 570 1990 620 ἐστιν
2039 569 2066 620 6
2103 569 2270 632 Θεός·
2322 569 2414 622 Ἐν
2463 569 2648 635 τούτῳ
2701 567 2830 638 γὰρ,
2865 565 3019 636 φησὶ,
3075 561 3450 633 γινώσκομεν,
3497 560 3576 614 ὅτι
3622 565 3648 615 ὀ

466 663 607 728 Θεὸς
633 663 702 714 ἐν
724 662 867 731 ἡμῖν
888 663 1072 730 μένει,
1101 662 1186 714 ὅτι
1218 664 1286 715 ἐκ
1311 663 1414 717 τοῦ
1457 664 1798 729 Πνεύματος
1837 661 2020 717 αὑτοῦ
2058 662 2313 716 δέδωκεν
2341 661 2483 730 ἡμῖν
2510 662 2639 731 (15)-

543 756 622 810 H.
665 755 731 808 Et
775 771 899 809 cum
955 754 1230 824 Scriptura
1277 756 1493 824 quidem
1539 756 1702 818 dicat,
1762 755 2021 824 Spiritum

2193 757 2278 810 M.
2317 756 2425 808 Kal
2445 757 2532 807 ὅτε
2569 753 2666 824 μὲν
2704 752 2850 820 λέγει
2877 751 2910 821 ἡ
2936 745 3146 819 Γραφὴ,
3174 747 3256 799 ὅτι
3286 743 3499 814 Πνεῦμα
3519 743 3653 811 ᾰγιον

465 858 710 904 sanctum
745 849 983 902 locutum
1017 847 1254 902 fuissein
1287 847 1561 917 prophetis
1589 886 1604 911 ,
1635 848 1761 902 alibi
1793 849 1867 902 ait
1894 850 2020 904 bea-

465 950 550 994 tus
595 940 815 1004 Paulus,
856 938 1070 993 Patrem
1122 941 1173 992 in
1212 939 1488 1008 prophetis
1529 940 1768 994 locutum
1812 939 2018 994 fuisse:

465 1045 589 1083 nam
641 1029 998 1097 multifariam
1057 1029 1338 1098 multisque
1383 1029 1552 1081 mod-is
1591 1030 1716 1083 olim
1756 1029 1895 1084 Deus
1944 1031 2024 1083 lo-

462 1136 623 1189 quens
660 1121 896 1188 patribus
942 1121 998 1173 in
1046 1121 1330 1188 prophetis,
1371 1121 1649 1174 novissime
1689 1121 1868 1174 diebus
1907 1121 2022 1173 istis

462 1209 667 1262 locutus
711 1220 784 1262 est
831 1211 978 1263 nobis
1007 1212 1061 1263 in
1088 1209 1232 1264 Filio
1258 1211 1320 1265 ι’.
1352 1211 1418 1264 Et
1457 1211 1583 1265 alibi
1630 1212 1778 1278 dicit,
1826 1211 2022 1266 Filium

463 1300 606 1369 loqui
637 1301 755 1354 :An
785 1301 1212 1368 experimentum,
1250 1301 1434 1372 inquit.
1470 1304 1707 1372 quwritis
1740 1303 1886 1372 ejus,
1934 1305 2022 1373 qui

462 1393 514 1444 in
546 1408 626 1444 me
655 1391 910 1461 loquitur,
944 1390 1142 1445 Christi
1163 1393 1228 1444 '°.
1256 1390 1450 1445 Filium
1494 1406 1622 1446 vero
1645 1390 1720 1444 ait
1763 1389 2022 1459 Spiritum

461 1499 579 1539 esse
611 1484 701 1553 qui
726 1482 967 1550 loquitur
992 1483 1046 1535 in
1079 1481 1336 1551 apostolis
1366 1499 1378 1535 :
1411 1480 1564 1547 Cum,
1588 1481 1782 1550 inquit,
1816 1482 2022 1535 tradent

460 1593 546 1630 vos
584 1578 637 1628 in
675 1573 922 1636 concilia,
967 1572 1125 1626 nolite
1167 1575 1400 1644 cogitare
1441 1573 1719 1642 quomodo,
1753 1582 1846 1626 aut
1895 1573 2022 1642 quid

461 1665 750 1733 loquamini
776 1680 793 1717 :
833 1663 1046 1716 dabitur
1079 1663 1216 1716 enim
1253 1662 1396 1717 vobis
1421 1663 1472 1716 in
1501 1662 1597 1716 illa
1626 1663 1758 1716 hora
1788 1663 1914 1732 quid
1943 1663 2023 1717 lo-

458 1756 714 1826 quamini.
746 1753 868 1808 Non
886 1755 1024 1808 enim
1053 1770 1138 1807 vos
1166 1754 1289 1808 estis
1305 1754 1395 1823 qui
1421 1753 1714 1824 loquimini,
1734 1753 1824 1806 sed
1857 1753 2024 1822 Spiri-

460 1858 540 1900 tus
570 1845 748 1900 Patris
776 1847 930 1900 vestri
959 1846 1048 1914 qui
1078 1846 1308 1915 loquitur
1328 1846 1384 1898 in
1409 1845 1549 1899 vobis
1572 1846 1637 1899 “.
1663 1845 1726 1899 Et
1755 1845 2022 1900 interdum

457 1939 674 2006 quidem
705 1938 780 1991 ait
800 1938 1109 2006 Apostolus,
1129 1950 1360 2006 corpora
1378 1935 1613 1991 ﬁdelium
1637 1950 1757 1991 esse
1781 1936 2020 1991 membra

461 2031 694 2102 Spiritus
721 2031 932 2094 sancti;
961 2031 1253 2100 aliquando
1299 2038 1480 2084 autem
1518 2031 1760 2085 membra
1802 2031 2021 2086 illorum

2121 845 2295 900 ἐλάλει
2319 847 2375 898 ὲν
2405 847 2516 907 τοῖς
2550 843 2878 914 προφήταις,
2912 837 3142 908 ἀλλαχοῦ
3179 835 3325 902 λέγει
3354 836 3382 888 6
3417 834 3656 904 μακάριος

2121 938 2350 1000 Παῦλος,
2369 937 2449 989 ὅτι
2475 939 2502 990 6
2531 934 2717 1005 Πατὴρ
2750 933 2926 987 ἐλάλει
2962 933 3021 983 ὲν
3050 931 3163 992 τοῖς
3204 926 3525 998 προφήταις·
3557 929 3655 980 Πο-

2120 1029 2390 1099 λυμερῶς
2426 1029 2534 1100 γὰρ
2566 1027 2663 1081 καὶ
2691 1026 3081 1093 πολυτρόπως
3109 1020 3295 1074 πάλαι
3331 1021 3362 1072 ό
3408 1016 3541 1082 Θεὸς
3565 1021 3658 1071 λα-

2122 1122 2322 1189 λήσας
2351 1122 2469 1188 τοῖς
2489 1119 2785 1188 πατράσιν
2805 1119 2874 1171 ὲν
2888 1115 3013 1182 τοῖς
3027 1110 3374 1183 προφήταις,
3395 1109 3479 1162 ἐπ’
3505 1107 3658 1177 ἐσχά-

2123 1232 2230 1269 του
2281 1213 2390 1284 (16)
2442 1211 2548 1267 τοῦ
2576 1210 2809 1281 ἡμερῶν
2839 1209 3065 1262 τούτων
3103 1203 3406 1270 ἐλάλησεν
3441 1199 3574 1269 ἡμῖν
3602 1200 3660 1252 ἐν

2129 1306 2255 1372 Υἱῷ.
2288 1307 2398 1359 Kal
2437 1303 2667 1374 ἀλλαχοῦ
2700 1302 2869 1369 λέγει,
2902 1301 2985 1353 ὅτι
3014 1299 3043 1352 6
3072 1297 3198 1360 Υἱὸς
3228 1295 3405 1348 λαλεῖ·
3431 1293 3498 1346 Ei
3522 1291 3660 1345 δοκι-

2115 1398 2262 1467 μὴν,
2314 1397 2466 1468 φησὶ,
2495 1393 2712 1463 ζητεῖτε
2757 1393 2863 1448 τοῦ
2894 1393 2964 1446 ἐν
3012 1391 3140 1460 ἐμοὶ
3179 1387 3509 1451 λαλοῦντος
3544 1385 3662 1450 Χρι-

2121 1489 2292 1544 στοῦ.
2341 1490 2398 1541 '0
2419 1487 2473 1540 δὲ
2501 1485 2630 1548 Υίὸς
2682 1485 2744 1537 τὸ
2767 1484 2992 1555 Πνεῦμα
3018 1478 3137 1536 εἷπε
3165 1481 3226 1534 τὸ
3270 1477 3457 1532 λαλοῦν
3488 1479 3541 1530 ὲν
3565 1482 3663 1542 τοῖς

2121 1577 2456 1639 ἀποστόλοις,
2495 1577 2678 1628 Ὅταν
2697 1574 2828 1643 (17),
2863 1573 3016 1642 φησὶ,
3047 1571 3506 1640 παραδώσουσιν
3526 1569 3664 1639 ὑμᾶς

2120 1673 2206 1735 εὶς
2235 1668 2539 1736 συνέδρια,
2560 1666 2646 1736 μὴ
2666 1664 3088 1736 μεριμνήσητε,
3148 1660 3296 1729 πῶς,
3341 1660 3381 1731 ἢ
3415 1662 3469 1715 τι
3497 1661 3666 1729 λαλή-

2121 1775 2300 1829 σητεο
2335 1759 2654 1828 δοθήσεται
2680 1758 2791 1827 γὰρ
2823 1756 2961 1826 ὑμῖν
3009 1757 3078 1808 ὲν
3103 1755 3305 1823 ἐκείνῃ
3337 1751 3411 1822 τῇ
3445 1751 3584 1821 ὥρᾳ,
3617 1751 3666 1805 τί

2120 1851 2449 1919 λαλήσητε.
2487 1852 2568 1904 Οὐ
2591 1849 2701 1918 γὰρ
2720 1847 2887 1918 ὑμεῖς
2911 1849 3049 1900 ἐστε
3073 1849 3125 1900 οὶ
3146 1845 3497 1913 λαλοῦντες,
3527 1843 3669 1899 ἀλλὰ

2123 1943 2185 1997 τὸ
2212 1941 2452 2012 Πνεῦμα
2472 1942 2578 1996 τοῦ
2611 1939 2841 2008 Πατρός
2867 1936 3054 2009 ὑμῶν,
3084 1938 3150 1991 τὸ
3182 1936 3417 1991 λαλοῦν
3436 1935 3502 1990 ἐν
3522 1934 3668 2004 ὑμῖν.

2122 2031 2232 2083 Kal
2255 2029 2344 2082 ὁτὲ
2369 2027 2477 2101 (18)
2511 2028 2609 2100 μὲν
2638 2031 2666 2081 6
2704 2027 3021 2090 Ἀπόστολος
3045 2026 3219 2093 λέγει,
3248 2026 3331 2080 ὅτι
3369 2024 3437 2078 τὰ
3465 2023 3671 2094 σώματα

459 2125 700 2178 membra
721 2123 921 2177 Christi
945 2138 1065 2176 esse
1084 2141 1098 2190 ;
1118 2122 1410 2190 aliquando
1445 2121 1595 2190 ipsos
1619 2136 1740 2177 esse
1760 2123 2018 2192 templum

2128 2119 2230 2174 τῶν
2259 2120 2464 2174 πιστῶν
2495 2120 2619 2184 ναός
2654 2120 2771 2172 ἐστι
2806 2117 2901 2172 τοῦ
2931 2117 3084 2187 ἁγίου
3125 2115 3439 2186 Πνεῦματος
3460 2157 3475 2181 ,
3505 2115 3588 2168 ὁτὲ
3623 2113 3673 2166 δὲ

458 2215 669 2270 Patris:
713 2213 809 2267 Vos
852 2214 1009 2277 enim,
1058 2213 1251 2282 inquit,
1300 2213 1424 2266 estis
1469 2211 1716 2281 templum
1755 2212 1851 2267 Dei
1884 2215 2024 2268 vivi:

457 2307 614 2360 sicuti
641 2307 767 2360 dicit
793 2305 928 2360 Deus
954 2324 971 2361 .'
997 2307 1246 2376 quoniam
1271 2305 1573 2359 inhabitabo
1612 2308 1664 2359 in
1696 2305 1830 2370 illis,
1863 2315 1912 2361 et
1940 2307 2025 2360 in-

457 2397 752 2464 ambulabo,
775 2408 822 2451 et
867 2415 953 2452 ero
998 2397 1212 2450 illorum
1241 2396 1400 2462 Deus,
1450 2406 1500 2450 et
1550 2398 1652 2467 ipsi
1695 2407 1848 2452 erunt
1897 2399 2025 2452 mihi

456 2490 678 2559 populus
705 2492 770 2543 ³⁸.
804 2489 888 2553 Ει,
930 2488 989 2544 Si
1028 2491 1144 2559 quis
1171 2489 1439 2544 violaverit
1467 2489 1715 2559 templum
1751 2489 1880 2556 Dei,
1913 2491 2026 2545 dis-

458 2582 636 2649 perdat
663 2580 816 2633 illum
839 2579 979 2633 Deus
1010 2580 1076 2634 ”.
1109 2578 1174 2633 Et
1203 2595 1444 2645 rursum,
1484 2578 1713 2634 Nescitis
1750 2581 1874 2650 quia
1897 2589 2026 2634 tem-

456 2673 600 2741 plum
632 2671 728 2725 Dei
767 2673 913 2734 estis,
957 2681 1006 2724 et
1038 2669 1264 2740 Spiritus
1308 2671 1402 2724 Dei
1448 2671 1650 2724 habitat
1679 2671 1734 2724 in
1765 2671 1907 2725 vobis
1933 2671 2026 2724 “‘i

462 2763 518 2816 Si
546 2762 670 2831 quis
699 2762 843 2814 enim
880 2769 962 2815 est
999 2761 1256 2829 templum
1287 2759 1545 2829 Spiritus,
1577 2761 1623 2815 is
1647 2759 1902 2830 templum
1940 2769 2024 2815 est

462 2857 583 2911 Filii
609 2866 662 2912 et
699 2856 894 2910 Patris.
920 2854 1022 2910 Ubi
1061 2855 1202 2909 enim
1234 2854 1472 2923 Spiritus
1516 2854 1607 2909 Dei
1641 2854 1869 2918 habitat,
1910 2854 2021 2909 illic

460 2947 602 3002 Deus
630 2947 852 3000 habitat.
886 2945 972 3006 Et,
999 2943 1147 2998 Sicut
1174 2943 1338 2996 Pater
1364 2945 1584 2997 suscitat
1609 2953 1840 2996 mortuos
1866 2953 1915 2996 et
1938 2944 2018 2996 vi-

459 3037 670 3105 viﬁcat;
706 3036 780 3088 sic
808 3043 856 3088 et
888 3034 1072 3087 Filius
1107 3050 1235 3103 quos
1262 3033 1370 3086 vult
1409 3034 1635 3102 viviﬁcat
1658 3034 1725 3088 ’⁵.
1761 3033 2021 3088 Similiter

455 3129 524 3183 do
550 3127 750 3198 Spiritu
772 3139 962 3182 sancto
989 3127 1150 3181 dicit:
1171 3125 1402 3195 Spiritus
1425 3137 1500 3180 est
1522 3127 1610 3195 qui
1634 3127 1879 3196 viviﬁcat,
1898 3144 2020 3180 caro

456 3237 558 3274 non
588 3219 796 3287 prodest
822 3220 1105 3288 quidquam
1126 3220 1195 3271 ’⁸.
1224 3218 1300 3272 Ad
1330 3216 1644 3274 Corinthios
1677 3227 1857 3294 autem
1885 3219 2022 3274 scri-

459 3313 539 3368 bit
571 3313 809 3367 Paulus:
845 3308 1072 3381 Spiritus
1099 3320 1274 3364 autent
1300 3311 1530 3380 viviﬁcat
1553 3311 1619 3364 ’⁷.
1659 3309 1823 3366 Vides
1857 3326 2020 3380 opera

2124 2213 2192 2267 τὰ
2238 2213 2373 2284 μέλη
2418 2211 2595 2266 αὐτῶν
2648 2209 2783 2283 μέλη
2816 2209 3073 2280 Χριστοῦ,
3124 2209 3210 2263 ὀὴ
3242 2209 3300 2262 δὲ
3334 2209 3525 2271 αὐτοὺς
3564 2205 3674 2260 ναὸν

2123 2301 2262 2359 εἶναι
2294 2305 2388 2358 τοῦ
2421 2305 2666 2376 Πατρόςο
2712 2304 2899 2374 Ὑμεῖς
2948 2303 3080 2376 γὰρ,
3142 2301 3310 2372 φησὶ,
3355 2301 3499 2367 ναός
3549 2298 3676 2352 ἐστε

2126 2399 2272 2453 Θεοῦ
2301 2396 2531 2463 ζῶντος,
2573 2395 2769 2463 καθὼς
2795 2393 2964 2452 εἷπεν
2983 2399 3015 2449 ὃ
3035 2397 3210 2462 Bede;
3248 2395 3567 2459 Ἐνοικήσω
3580 2391 3676 2462 (19)

2122 2489 2447 2558 ἑνηαὺτοῗς,
2480 2486 2579 2541 καὶ
2604 2485 3080 2557 ἐμπεριπατήσω,
3113 2485 3213 2539 καὶ
3241 2487 3458 2554 ἔσομαι
3492 2479 3679 2545 αὐτοῖς

2127 2579 2290 2647 Θεὸς,
2331 2579 2430 2634 καὶ
2471 2579 2640 2633 αὐτοὶ
2677 2579 2924 2634 ἔσονται
2943 2597 3047 2649 μοι
3085 2580 3267 2646 λαός·
3329 2579 3426 2634 καὶ
3450 2619 3464 2642 ,
3508 2577 3576 2630 Et
3601 2594 3681 2641 τις

2123 2673 2333 2740 φθείρῃ
2359 2671 2464 2724 τὸν
2483 2670 2634 2725 ναὸν
2664 2671 2770 2725 τοῦ
2797 2671 2968 2735 Θεοῦ,
2996 2669 3201 2740 φθερεῖ
3228 2671 3447 2725 τοῦτον
3473 2672 3504 2723 ό
3528 2669 3677 2733 Θεός.

2124 2766 2234 2818 Καὶ
2257 2765 2417 2818 πάλιν
2435 2779 2450 2794 ⁶
2489 2765 2610 2818 Οὐκ
2638 2763 2859 2828 οἴδατε,
2883 2763 2971 2818 ὅτι
2995 2763 3141 2828 ναὸς
3189 2764 3296 2818 τοῦ
3354 2762 3503 2817 Θεοῦ
3534 2762 3679 2821 ἐστε,

2122 2855 2308 2909 καὶτὸ
2339 2855 2450 2926 (20)
2477 2856 2721 2925 Πνεῦμα
2750 2856 2858 2911 τοῦ
2910 2855 3059 2911 Θεοῦ
3106 2855 3173 2908 τὸ
3215 2855 3392 2924 ἅγιον
3440 2852 3584 2908 οἰκεῖ
3622 2851 3682 2904 ὲν

2119 2935 2298 3016 bulis;
2353 2948 2423 3002 Εἴ
2480 2965 2565 3012 τις
2609 2948 2715 3020 γάρ
2738 2949 2854 3001 ἐστι
2887 2947 3011 3012 ναὸς
3031 2947 3124 3000 τοῦ
3151 2946 3494 3018 Πνεύματος,
3543 2939 3684 3003 οὗτος

2092 3037 2246 3101 ,ναός
2288 3039 2402 3091 ἐστι
2431 3037 2524 3091 τοῦ
2553 3037 2684 3091 Υἱοῦ
2721 3039 2816 3091 καὶ
2849 3037 2940 3091 τοῦ
2997 3036 3238 3108 Πατρός’
3295 3038 3434 3090 ὅπου
3484 3033 3588 3104 γὰρ
3632 3031 3685 3082 τδ

2121 3128 2345 3201 Πνεῦμα
2370 3129 2462 3182 τοῦ
2489 3128 2625 3183 Θεοῦ
2649 3133 2910 3193 κατοικεῖ,
2938 3130 3052 3182 ἐκεῖ
3075 3129 3186 3199 (21)
3211 3131 3239 3182 6
3268 3127 3407 3193 Θεὸς
3436 3124 3684 3181 κατοικεῖ.

2121 3225 2252 3288 Kal,
2275 3225 2502 3293 ’Ὥσπερ
2529 3228 2561 3279 ό
2583 3223 2784 3292 Πατὴρ
2803 3225 3011 3294 ἐγείρει
3026 3223 3165 3289 τοὺς
3179 3221 3440 3291 νεκροὺς
3458 3218 3551 3272 καὶ
3568 3216 3688 3279 ζωο-

2123 3317 2296 3380 ποιεῖ,
2351 3317 2537 3382 οὔτως
2596 3317 2693 3371 καὶ
2748 3320 2780 3370 ό
2841 3315 2973 3381 Υἱὸς
3026 3315 3134 3380 οὓς
3191 3316 3356 3369 θέλει
3419 3307 3687 3374 ζωοποιεῖ.

459 3421 581 3476 qua:
605 3404 782 3460 Patris
811 3413 958 3469 sunt,
991 3403 1107 3472 ipsa
1149 3402 1287 3468 Filii,
1317 3403 1504 3456 eadem
1531 3417 1750 3471 quoque
1785 3401 2020 3472 Spiritus

2134 3408 2366 3478 Ὁμοίως
2389 3408 2445 3461 δὲ
2477 3409 2570 3461 καὶ
2613 3406 2859 3478 περὶτοῦ
2904 3405 3221 3478 Πνεῦματος
3256 3405 3448 3474 λέγει,
3485 3404 3564 3456 ὅτι
3588 3399 3688 3471 (22)

457 3497 632 3552 sancti
653 3511 792 3559 esse,
811 3505 869 3550 ut
892 3494 1169 3564 Scriptura
1188 3502 1434 3548 testatur.
1457 3493 1523 3548 Ut
1539 3503 1591 3547 et
1608 3493 2021 3563 ipseApostolus

2132 3499 2201 3552 Τὸ
2227 3499 2467 3568 Πνεῦμα
2491 3500 2621 3552 ἐστι
2657 3499 2722 3551 τὸ
2747 3496 3085 3562 ζωοποιοῦν,
3115 3497 3154 3563 ἡ
3197 3497 3360 3565 σὰρξ
3398 3498 3512 3550 οὐκ
3554 3493 3693 3560 ὠφε-

459 3588 546 3642 his
575 3588 760 3642 docuit
789 3586 1004 3642 verbis:
1036 3585 1328 3640 Divisiones
1369 3602 1487 3639 vero
1538 3587 1833 3655 gratiarum
1873 3595 2018 3649 sunt,

457 3680 595 3733 idem
618 3687 791 3733 autent
820 3677 1050 3748 Spiritus
1073 3695 1090 3741 ,'
1116 3664 1281 3747 705'
1298 3689 1346 3731 et
1369 3677 1646 3732 divisiones
1675 3679 2023 3733 ministratio-

459 3787 582 3824 num
611 3782 756 3836 sunt,
785 3772 923 3824 idem
966 3780 1138 3824 autem
1169 3770 1425 3823 Dominus
1450 3786 1468 3823 :
1497 3781 1546 3822 et
1581 3770 1861 3824 divisiones
1904 3785 2022 3837 ope-

456 3865 726 3916 rationum
756 3872 897 3928 sunt,
930 3862 1065 3915 idem
1094 3877 1209 3915 vero
1242 3860 1401 3925 Deus,
1433 3861 1520 3930 qui
1563 3870 1808 3930 operatur
1845 3861 2023 3913 omnia

457 3958 513 4032 in
539 3955 777 4008 omnibus
820 3955 884 4008 ’⁸.
924 3953 989 4009 Ει
1040 3963 1327 4025 postquam
1365 3953 1502 4006 dixit
1546 3951 1762 4007 Patrem
1809 3953 2021 4022 operari

458 4048 716 4102 omniain
741 4047 1013 4112 omnibus,
1042 4047 1229 4116 paucis
1272 4046 1588 4115 interjectis,
1635 4046 1713 4101 ait
1757 4045 2018 4116 Spiritum

534 4213 575 4241 ¹⁹
616 4212 775 4266 llcbr.
805 4229 843 4268 ι.
878 4213 929 4264 1.
1031 4214 1075 4244 ²⁰
1114 4210 1157 4264 ll
1195 4211 1320 4266 Cor.
1349 4227 1468 4273 xui,
1491 4213 1545 4265 '5.

2125 3588 2226 3643 λεῖ
2248 3587 2444 3642 οὐδέν.
2481 3589 2622 3659 Πρὸς
2641 3587 2696 3640 δὲ
2726 3587 3043 3657 Κορινθίους
3077 3587 3279 3657 γράφει
3329 3585 3575 3646 Παῦλοςο
3630 3578 3691 3633 Τὸ

2127 3680 2194 3734 δὲ
2220 3681 2464 3750 Πνεῦμα
2505 3679 2781 3741 ζωοποιεῖ.
2827 3680 3008 3751 Ὁρᾷς,
3058 3680 3142 3732 ὅτι
3172 3679 3316 3751 ἅπερ
3377 3677 3530 3730 ἐστὶν
3570 3674 3697 3743 ἔργα

2127 3770 2220 3824 τοῦ
2251 3772 2480 3844 Πατρὸς,
2516 3773 2686 3826 ταῦτα
2715 3771 2859 3840 λέγει
2913 3773 2946 3842 ὴ
2995 3771 3183 3842 Γραφὴ
3215 3770 3311 3823 τοῦ
3359 3767 3497 3822 Υἱοῦ
3545 3761 3692 3826 εἶναι,

2126 3862 2334 3916 καὶτοῦ
2366 3863 2520 3932 ἁγίου
2547 3852 2658 3934 (25)
2682 3863 2996 3932 Πνεύματος
3016 3878 3030 3891 ο
3065 3862 3140 3925 ὼς
3173 3862 3267 3915 καὶ
3298 3863 3329 3913 6
3383 3855 3698 3915 Ἀπόστολος

2126 3953 2240 4023 (24)
2295 3955 2499 4019 ἐδίδαξε
2550 3955 2721 4023 λέγων
2756 3972 2770 3986 ο
2825 3953 3146 4022 Διαιρέσεις
3194 3952 3263 4006 δὲ
3316 3947 3697 4020 χαρισμάτων

2123 4047 2263 4111 εἰσὶ,
2292 4046 2356 4100 τὸ
2387 4046 2454 4100 δὲ
2477 4047 2720 4116 Πνεῦμα
2741 4045 2806 4100 τὸ
2833 4046 2982 4100 αὐτό
3000 4061 3014 4075 '
3068 4044 3166 4098 καὶ
3211 4042 3542 4114 διαιρέσεις
3578 4037 3698 4091 δια-

1653 4212 1694 4243 ³¹
1750 4211 1936 4267 Matth.
1968 4228 2021 4275 ιι,

2128 4212 2260 4269 -20;
2293 4211 2425 4266 Luc.
2455 4228 2553 4277 ιιι,
2587 4213 2674 4270 ll.
2705 4212 2791 4267 12.
2867 4214 2913 4245 ”
2950 4208 2994 4263 ll
3025 4210 3149 4266 Cor.
3176 4226 3249 4273 γι,
3282 4209 3377 4264 16.
3462 4205 3510 4236 ⁸³
3533 4204 3554 4258 l
3578 4202 3698 4256 Cor.

461 4295 542 4339 In.
574 4283 658 4334 17.
734 4282 778 4313 ³³
817 4283 948 4337 ibid.
979 4283 1089 4354 _i6.
1167 4283 1210 4313 ’⁵
1249 4282 1405 4336 Joan.
1439 4298 1492 4349 ν,
1519 4282 1608 4336 21.
1686 4282 1730 4312 ²⁶
1766 4281 1920 4336 Joan.
1956 4297 2021 4348 v1,

2133 4321 2148 4334 .
2224 4283 2266 4313 ’τ
2308 4281 2350 4334 ll
2379 4283 2504 4339 Cor.
2538 4298 2620 4349 ιιι,
2780 4283 2824 4316 ’⁸
2863 4282 2884 4336 ι
2912 4281 3038 4337 Cor.
3063 4297 3161 4346 xu,
3193 4279 3311 4335 4-6.

534 4435 644 4505 (15)
683 4433 826 4501 Hinc,
857 4435 956 4505 51!.
984 4437 1049 4486 ὲκ
1094 4433 1187 4487 τοῦ
1234 4435 1550 4505 Πνεῦματος
1593 4432 1758 4487 αὐτοῦ
1791 4432 2019 4488 δέδωκεν

2197 4435 2318 4510 (19)
2348 4435 2711 4510 _Seguerianus
2745 4435 2941 4510 habet
2967 4437 2995 4489 6
3031 4436 3703 4510 ξηιθμὲνοικήσωχΡσιιιο

459 4503 590 4578 ημῖν
615 4503 812 4559 desunt
839 4504 1229 4578 in__GAo_bler._ct
1257 4503 1493 4578 Felckm.
1524 4508 1546 4558 1
1569 4521 1584 4568 ;
1610 4506 1870 4578 neclecta
1894 4515 2021 4559 sunt

2128 4503 2247 4578 post
2279 4503 2527 4578 Felclt'm.
2551 4506 2604 4570 5,
2633 4506 2810 4559 αὐτῶν
2844 4506 2995 4578 Θεός.
3040 4503 3580 4578 διιιῂιηᾳιιεῈεείΙη
3614 4523 3699 4576 μοι

465 4573 532 4630 ab
563 4578 873 4644 interprete.
905 4573 1106 4628 Ibidem
1137 4573 1383 4644 Seguer.,
1413 4574 1631 4644 ἔδωκεν.
1663 4574 1794 4627 Ibid.
1832 4589 2022 4630 omnes

466 4650 574 4702 fere
607 4643 960 4714 manuscripti
989 4645 1189 4698 habent
1210 4643 1302 4696 καὶ
1325 4644 1412 4696 ὅτε
1447 4659 1546 4713 pro
1577 4643 1689 4696 ἀλλ’
1723 4645 1832 4707 ὅτε,
1865 4653 1924 4697 ut
1949 4645 2024 4698 le-

465 4715 767 4788 gebaturin
793 4715 973 4788 editis.

531 4786 644 4859 (l6)
681 4786 1037 4859 Anglicanus,
1091 4781 1468 4859 é§‘_égxaru)v.
1516 4781 1822 4859 biogSegL
1855 4783 2020 4859 Basil.

459 4852 742 4926 Anglican.
766 4852 992 4926 Gobler.
1023 4863 1078 4909 et
1115 4852 1438 4926 Felckmld,
1491 4853 1599 4904 τῶν
1628 4852 2021 4926 ,ἡμερῶντοῦ-

458 4921 584 4979 τωεὶ.
621 4924 675 4978 In
715 4925 846 4979 edit.
900 4923 1104 4977 τούτων
1131 4925 1300 4978 deest.
1336 4921 1501 4976 [idem
1543 4921 1692 4984 mox,
1723 4921 1832 4976 Kal
1861 4924 2024 4977 ἀλλα-

459 4997 554 5066 χοῦ
578 4995 749 5064 λέγει,
785 5011 876 5049 seo
915 4996 969 5047 in
1022 4995 1197 5066 tribus
1245 4993 1891 5066 postretniisnxaideest.
1926 4994 2022 5047 Λέ-

457 5063 545 5136 γει
577 5063 682 5119 non
717 5067 923 5136 legitur:
962 5066 1015 5136 in
1060 5065 1319 5136 editis_c_t
1345 5063 1430 5136 _in
1470 5063 2019 5136 quibusdamdmanu-

458 5131 696 5205 Scriptis.
727 5131 851 5205 Mox
886 5134 1103 5189 Gobler.
1135 5144 1189 5190 ct
1211 5131 1456 5205 Eelckm.
1490 5135 1540 5195 1,
1572 5133 1769 5205 ἐλάλει,
1801 5134 2021 5205 ibidem-

458 5202 717 5277 que—cum
750 5204 1101 5275 Segueriano,
1125 5203 1306 5266 καθώς
1338 5219 1500 5272 φησιν
1525 5220 1538 5233 ·
1571 5204 1640 5256 Ἣ
1667 5203 1896 5274 δοκιμὴν
1931 5202 2020 5274 ζη-

468 5293 616 5330 τειτε.

531 5346 642 5416 (17)
685 5344 935 5416 Sic_Seg.
961 5344 1118 5416 Gobl.
1142 5352 1197 5398 et
1225 5342 1462 5416 Felckm.
1498 5343 1550 5406 1,
1581 5351 1746 5397 recte.
1800 5342 2019 5416 Editiet

458 5411 568 5480 alii,
597 5411 726 5487 ὅταν
746 5411 858 5469 οὖν,
889 5411 1012 5487 Met
1065 5414 1188 5484 Seg.
1229 5413 1660 5487 παραδώσουσιν,
1686 5424 1850 5468 recte.
1878 5412 2017 5468 Editi

457 5497 510 5538 et
542 5486 741 5551 caeteri,
766 5483 1176 5551 παραδώσωσιν.

529 5556 637 5624 (18)
681 5554 804 5624 Seg.
837 5553 995 5608 Gobl.
1035 5565 1088 5608 et
1112 5553 1346 5608 Felckm.
1375 5554 1428 5618 1,
1458 5555 1546 5606 ὅτε
1599 5553 1688 5608 hic
1717 5561 1791 5624 et
1833 5553 1916 5608 bis
1963 5553 2017 5608 in

462 5623 812 5695 sequentibus
861 5625 1060 5677 habent
1095 5624 1351 5695 (Gobler.
1377 5631 1560 5695 tamen
1589 5633 1662 5695 _et
1714 5623 2009 5695 Felckm._l

463 5693 662 5763 habent
689 5695 869 5763 primo
899 5692 1114 5763 tantum
1135 5694 1277 5763 loco,
1304 5693 1430 5763 ὃτι).
1460 5692 1602 5746 Editi
1640 5701 1742 5759 ter,
1776 5693 1926 5746 ποτέ.
1961 5693 2014 5746 In

463 5759 674 5835 iisdem,
699 5763 789 5835 _615
813 5762 918 5835 μὲν
949 5761 1113 5831 λέγει.
1152 5761 1289 5815 Editi
1321 5759 1446 5818 vero
1471 5772 1523 5817 et
1549 5763 1661 5825 alii,
1691 5765 1819 5817 ποτὲ
1854 5765 1950 5835 μὲν
1987 5765 2015 5816 6

474 5827 786 5891 Ἀπόστολος
813 5827 978 5895 λέγει.

2124 4580 2202 4664 εἰς
2225 4576 2378 4700 ἐαόν.
2401 4576 2569 4630 Paulo
2598 4585 2720 4646 post
2749 4577 3029 4647 Anglican.
3062 4586 3119 4632 et
3146 4575 3391 4632 Feldkm.
3430 4578 3489 4646 5,
3521 4575 3707 4648 φθερεῖ

2124 4664 2224 4699 αυτ
2255 4664 2305 4700 ν.

2124 4664 2305 4700 αυτον.

2195 4716 2306 4786 (20)
2348 4716 2591 4786 Quatuor
2641 4715 2996 4786 manuscript.
3052 4716 3146 4769 καὶ
3209 4717 3289 4769 ὅτι
3344 4717 3434 4770 τό.
3501 4715 3702 4786 Ibidem

2122 4784 2244 4855 poSt
2277 4784 2336 4839 τὸ
2365 4785 2590 4856 Πνεῦμα
2619 4784 2710 4838 τοῦ
2745 4785 2900 4849 Θεοῦ,
2922 4784 3127 4854 legitur
3154 4786 3214 4839 τὸ
3240 4788 3405 4854 ἅγιον
3441 4788 3496 4838 in
3551 4785 3706 4841 editis

2122 4868 2175 4938 et
2202 4859 2256 4910 in
2290 4857 2615 4926 quibusdam
2638 4856 3042 4926 manuscriptis,
3075 4857 3170 4913 sed
3208 4856 3369 4911 deest
3403 4857 3462 4909 in
3502 4857 3705 4926 Segue-

2121 4941 2300 4980 I‘Ial'IO.

2193 4997 2303 5068 (21)
2343 4994 2439 5068 Sic
2466 4993 2844 5068 segnemrEditi
2874 4995 2970 5068 καί
3003 5011 3102 5068 pro
3125 4997 3261 5050 ἐκεῖ.

2191 5065 2302 5138 (22)
2342 5065 2644 5138 "Ostideest
2677 5067 2730 5120 in
2757 5066 2926 5138 editis
2950 5067 3097 5138 etuiu
3130 5065 3474 5138 quibusdam
3507 5079 3704 5138 manu:

2121 5134 2362 5205 scriptis,
2398 5137 2490 5190 sed
2520 5135 2748 5191 habetur
2790 5135 2842 5189 in
2881 5136 3144 5205 pluribus.
3181 5135 3326 5191 Infra
3371 5135 3509 5200 Seg.
3575 5134 3710 5205 σὰρξ

2118 5204 2268 5259 οὐδὲν
2293 5205 2507 5274 ὠφελεῖ.
2534 5205 2659 5275 Mox
2693 5206 3010 5275 Seguerian.
3040 5204 3253 5260 Gobler.
3283 5215 3346 5260 et
3373 5206 3628 5260 Felckm.
3651 5204 3704 5266 1,

2117 5279 2177 5330 τὸ
2203 5277 2258 5329 δὲ
2291 5273 2535 5346 Πνεῦμα.
2568 5273 2625 5329 In
2654 5273 2814 5330 editis
2842 5291 2971 5346 vero
2996 5285 3047 5330 et
3082 5276 3223 5337 aliis,
3249 5275 3314 5329 τό
3348 5280 3539 5331 deest.

2193 5347 2304 5416 (26)
2345 5345 2824 5401 Sic'Goblerianus
2849 5356 2900 5400 et
2929 5345 3167 5416 Felckm.
3202 5349 3271 5416 1,
3301 5354 3487 5414 atque
3525 5350 3598 5416 ita
3634 5345 3709 5397 lu-

2118 5415 2657 5487 git'Nannius._Editi
2677 5428 2745 5487 _et
2775 5416 2887 5482 alii,
2930 5415 3024 5487 κα).
3053 5415 3120 5487 τᾲ
3151 5415 3289 5468 αὐτὰ
3319 5417 3426 5468 τοῦ
3463 5415 3652 5487 ἁγίου.

2190 5487 2302 5557 (24)
2329 5486 2434 5557 Sic
2473 5485 2833 5540 Goblerianus
2863 5497 2936 5557 et
2980 5485 3218 5540 Felcltm.
3256 5487 3312 5557 1,
3359 5496 3422 5540 et
3460 5486 3537 5557 ita
3581 5485 3713 5557 legit

2116 5555 2378 5611 Nannius.
2411 5556 2633 5626 Seguer.
2670 5570 2816 5626 vero,
2842 5556 2916 5620 ὡς
2950 5557 3044 5610 καὶ
3086 5559 3115 5608 6
3146 5556 3429 5626 μακάριος
3467 5556 3705 5626 Παῦλος.

2117 5626 2256 5679 Editi
2286 5637 2338 5680 et
2371 5624 2588 5690 εἰὶἱξὼς
2614 5628 2642 5677 6
2670 5625 2829 5686 αὐτὸς
2859 5629 2887 5678 6
2926 5624 3258 5688 Ἀπόστολος.
3287 5624 3426 5695 Mox
3471 5624 3705 5695 Seguer.

2115 5709 2166 5751 et
2199 5697 2434 5750 Felckm.
2464 5697 2518 5760 2,
2547 5697 2608 5748 τὸ
2641 5696 2698 5748 δὲ
2725 5695 2856 5748 αὐτὸ
2890 5697 3134 5765 Πνεῦμα.
3171 5695 3316 5765 Infra
3374 5694 3515 5761 Seg.
3549 5693 3704 5765 Galil.

2115 5776 2169 5819 et
2200 5765 2435 5820 Felckm.
2472 5767 2523 5831 1,
2569 5776 2629 5819 ut
2676 5766 2802 5832 legit
2843 5764 3125 5835 interpres,
3152 5766 3181 5817 6
3223 5764 3277 5817 δὲ
3332 5766 3517 5827 αὐτὸς
3549 5764 3702 5824 Θεὸς.

2117 5835 2278 5903 Editi,
2314 5837 2406 5889 καὶ
2439 5837 2467 5888 6
2496 5836 2654 5898 αὐτὸς
2684 5836 2813 5898 Θεός
