3992 6230
443 268 582 323 1013

1352 271 1438 325 DE
1476 268 1986 327 INCARNATIONE
2024 269 2112 326 ET
2151 268 2430 326 CONTRA
2467 268 2787 326 ARIANOS.

3545 273 3681 326 1011»

439 381 713 436 ἀϐύσσου
741 382 822 448 ὡς
853 384 1040 438 ἵππον
1071 384 1168 440 διὰ
1189 385 1299 454 τῆς
1323 385 1544 457 ἐρήμου
1562 406 1574 417 ·
1610 388 1707 441 καὶ
1738 388 1847 443 οὐκ
1882 389 2013 443 ἐκο-

2132 392 2346 445 ιιηιεηεα
2361 407 2451 460 per
2469 407 2729 460 campum.
2752 388 2820 442 Et
2843 389 3104 444 descendit
3129 371 3357 460 Spiritus
3381 408 3411 445 a
3430 392 3676 457 Domino,

440 474 689 539 πίασαν,
738 476 835 530 καὶ
863 477 942 542 ὡς
979 477 1168 546 κτήνη
1195 477 1292 532 διὰ
1323 479 1428 533 τοῦ
1459 479 1690 534 πεδίου.
1739 480 1849 534 Καὶ
1899 480 2011 552 (4³5)

439 562 654 632 κατέϐη
689 567 931 636 Πνεῦμα
967 568 1126 635 παρὰ
1157 571 1400 638 Κυρίου,
1442 571 1540 625 καὶ
1560 571 1876 641 ὡδήγησεν
1903 573 2012 626 αὑ-

439 656 600 722 τούς.
623 657 769 729 Πρὸς
797 659 854 711 δὲ
888 660 1207 732 Κορινθίους
1235 665 1434 736 γράφει
1477 664 1505 716 6
1547 663 1864 728 Ἀπόστολος
1883 706 1898 731 ,
1931 665 2013 718 ὅτι

439 746 674 818 Χριστὸς
694 745 761 821 ἧν
791 752 819 803 6
841 750 1048 823 ὁδηγῶν
1067 770 1082 784 ·
1119 755 1364 808 Ἕπινον
1385 755 1495 824 γὰρ
1513 756 1583 809 ὲκ
1607 755 2015 826 πνευματικῆς

437 839 894 911 ἀκολουθούσης
931 844 1178 911 πέτρας·
1209 847 1245 914 ἡ
1275 846 1342 898 δὲ
1364 845 1550 915 πέτρα
1572 843 1651 917 ἦν
1679 851 1712 902 ὁ
1739 847 2010 916 Χριστός.

438 929 548 982 Καὶ
574 931 662 983 ὅτε
690 931 835 1000 λέγει
868 935 895 986 6
933 935 1144 998 Παῦλος
1177 936 1280 989 ὑπὸ
1310 936 1404 989 τοῦ
1435 936 1570 991 Θεοῦ
1591 937 1884 1009 κεκλῆσθαι
1915 939 2014 992 αὑ·-

438 1021 557 1075 τὸν·
604 1023 666 1076 '0
723 1024 884 1090 Θεὸς,
917 1027 1080 1098 φησὶν
1100 1068 1114 1090 ,
1166 1031 1198 1080 ὀ
1231 1029 1527 1096 ἀφορίσας
1577 1046 1653 1099 με
1684 1031 1754 1083 ἐκ
1785 1029 2018 1094 κοιλίας

433 1114 659 1181 μητρός
678 1132 816 1183 μου,
842 1117 941 1169 καὶ
975 1119 1243 1185 καλέσας
1268 1119 1367 1174 διὰ
1396 1119 1507 1189 τῆς
1540 1121 1782 1190 χάριτος
1803 1122 2013 1185 αὐτοῦ,

437 1205 830 1275 ἀποκαλύψαι
880 1208 987 1262 τὸν
1033 1211 1168 1264 Υἱὸν
1219 1210 1402 1266 αὐτοῦ
1441 1213 1511 1266 ἐν
1557 1213 1688 1282 ἐμοὶ
1745 1212 1878 1284 (44),
1919 1214 2018 1266 ἵνα

435 1297 893 1368 εὐαγγελίζωμαι
918 1299 1105 1353 αὐτὸν
1125 1301 1194 1353 ἐν
1218 1300 1344 1367 τοῖς
1370 1302 1594 1356 ἔθνεσι.
1639 1303 1940 1373 Ῥωμαίους
1960 1304 2016 1356 δὲ

439 1387 546 1439 ὑπὸ
573 1387 666 1441 τοῦ
707 1390 944 1461 Χριστοῦ
973 1390 1269 1463 κεκλῆσθαι
1304 1392 1452 1461 λέγει
1497 1395 1724 1466 γράφων
1753 1395 1890 1465 πρὸς
1921 1396 2018 1450 αὺ-

438 1479 564 1544 τούς
584 1498 596 1510 ·
643 1481 746 1535 Ἔν
773 1477 865 1548 οἷς
896 1485 1036 1537 ἐστε
1085 1485 1184 1538 καὶ
1210 1485 1379 1554 ὑμεῖς
1404 1487 1613 1554 κλητοὶ
1667 1487 1860 1556 Ἰησοῦ
1888 1489 2018 1555 Χρι-

437 1573 612 1626 στοῦ.
641 1573 713 1627 Τὸ
753 1574 810 1628 δὲ
857 1577 1081 1648 Πνεῦμα
1133 1575 1193 1630 τὸ
1224 1578 1378 1646 ἆγιον
1418 1579 1507 1632 τὸν
1542 1578 1752 1634 Παῦλον
1785 1580 1880 1633 καὶ
1923 1579 2016 1631 τὸν

438 1664 727 1733 Βαρνάϐαν
761 1667 1086 1738 κεκληκέναι
1111 1669 1221 1740 (45)
1248 1669 1470 1742 εἴρηκεν
1503 1672 1580 1734 εἰς
1615 1671 1676 1724 τὸ
1716 1673 1825 1734 τοῖς
1870 1670 2017 1723 ἔθνε-

2113 489 2164 534 et
2191 482 2378 535 ductor
2404 497 2582 534 eorum
2610 481 2712 550 fuit
2737 479 2804 533 ³³.
2840 479 2919 534 Ad
2955 478 3267 537 Corinthios
3288 498 3416 538 vero
3449 483 3676 552 Aposto-

2111 571 2199 627 lus
2232 571 2439 636 scribit,
2457 572 2649 626 ducem
2667 570 2834 626 fuisse
2850 570 3128 625 Christum
3155 571 3439 628 :Bibebant
3455 575 3595 626 enim
3618 575 3681 627 de

2111 664 2342 734 spiritali
2356 673 2696 734 consequente
2709 679 2794 717 eos
2809 672 2957 732 petra
2981 678 2999 715 :
3023 673 3172 731 petra
3190 672 3364 717 autem
3389 673 3506 718 erat
3527 665 3683 720 Chri-

2113 765 2226 810 stus
2252 754 2318 808 ⁸⁸.
2342 753 2406 808 Et
2433 770 2557 810 cum
2590 753 2735 809 dicat
2755 752 2955 807 Paulus
2982 769 3038 808 se
3063 769 3093 807 a
3116 752 3225 808 Deo
3246 765 3491 810 vocatum
3531 773 3680 812 esse:

2115 847 2277 911 Deus,
2313 847 2508 916 inquit,
2544 849 2636 917 qui
2656 863 2735 900 me
2768 846 3056 916 segregavit
3078 861 3141 898 ea:
3169 857 3317 900 utero
3345 848 3531 902 matris
3557 865 3683 902 mea:

2113 948 2163 992 et
2187 940 2386 994 vocavit
2407 955 2497 1008 per
2517 939 2747 1009 gratiam
2772 950 3013 1004 suam,ut
3035 937 3280 992 reuelaret
3311 937 3510 992 Filium
3529 957 3682 994 suum

2115 1031 2169 1083 in
2195 1047 2292 1096 me,
2321 1041 2376 1083 ut
2408 1031 2817 1101 evangelisarem
2846 1030 2994 1084 illum
3026 1033 3078 1084 in
3113 1031 3349 1101 gentibus
3372 1031 3437 1086 ⁸⁵.
3484 1030 3684 1087 Roma-

2115 1121 2201 1177 nis
2242 1123 2486 1177 scribens
2509 1164 2524 1189 ,
2551 1122 2674 1179 illos
2705 1138 2732 1176 a
2765 1122 2984 1176 Christo
3018 1132 3242 1179 vocatos
3273 1138 3393 1178 esse
3419 1123 3587 1179 dicit:
3619 1123 3685 1178 In

2114 1212 2301 1283 quibus
2332 1215 2458 1267 estis
2482 1221 2532 1267 et
2560 1229 2647 1267 vos
2671 1210 2839 1267 voeati
2857 1212 2985 1268 Jesu
3015 1213 3211 1269 Christi
3234 1215 3299 1267 ⁸⁸.
3334 1212 3567 1285 Spiritus
3588 1230 3686 1270 au-

2116 1314 2224 1360 tem
2259 1314 2482 1360 sanctus
2513 1303 2742 1360 Paulum
2771 1315 2824 1359 et
2850 1305 3156 1360 Barnabam
3185 1321 3243 1360 se
3268 1321 3497 1362 vocasse
3527 1306 3684 1373 dixit,

2117 1405 2172 1449 ut
2212 1393 2489 1449 Christum
2538 1397 2591 1450 in
2639 1395 2891 1466 gentibus
2937 1396 3390 1466 evangellzarent.
3441 1396 3506 1450 Et
3542 1398 3688 1468 quod

2115 1485 2364 1541 mirabile
2410 1496 2514 1552 est,
2560 1501 2684 1540 cum
2742 1485 2911 1541 Paulo
2944 1486 3101 1541 Jesus
3137 1487 3192 1541 in
3231 1488 3430 1557 templo
3457 1488 3684 1557 jubeat:

2125 1578 2288 1646 Vade,
2341 1579 2590 1648 quoniam
2632 1596 2722 1649 ego
2755 1580 2811 1632 in
2835 1581 3072 1634 nationes
3109 1580 3259 1650 longe
3290 1582 3500 1632 mittam
3531 1591 3577 1634 te
3600 1581 3646 1614 ⁸⁷
3675 1601 3686 1635 :

2114 1676 2168 1722 et
2190 1666 2391 1722 Paulus
2423 1667 2490 1721 ad
2519 1667 2736 1722 Galatas
2771 1668 2974 1722 scribat
3002 1688 3014 1721 :
3056 1667 3260 1721 Paulus
3290 1667 3555 1732 apostolus
3589 1684 3692 1721 non

440 1773 524 1808 σιν
554 1758 1005 1827 εὐαγγελίσασθαι
1034 1761 1125 1815 τὸν
1159 1763 1417 1834 Χριστόν.
1452 1764 1562 1816 Καὶ
1591 1765 1653 1818 τό
1691 1781 1756 1832 γε
1803 1763 2017 1834 θαυμα-

2132 1759 2184 1812 ab
2237 1760 2556 1823 hominibus,
2596 1777 2757 1830 neque
2795 1777 2886 1830 per
2915 1762 3199 1824 hominem,
3252 1760 3341 1813 sed
3386 1776 3477 1829 per
3510 1758 3693 1813 Iesum

438 1849 586 1913 στὸν,
609 1849 702 1902 τοῦ
743 1851 916 1923 Ἰησοῦ
948 1852 1190 1918 εἰπόντος
1229 1854 1428 1925 Παύλῳ
1461 1856 1518 1908 ὲν
1560 1856 1638 1926 τῷ
1686 1855 1850 1927 ἱερῷ·
1896 1859 2012 1909 Πο-

429 1942 636 2008 ρεύου,
665 1941 754 1995 ὅτι
784 1946 869 2011 εὶς
892 1945 1039 2015 ἔθνη
1059 1947 1300 2016 μακρὰν
1324 1947 1752 2012 ἐξαποστέλλω
1788 1964 1860 2003 σε
1881 1967 1894 1979 ·
1924 1950 2016 2002 καὶ

436 2032 535 2086 τοῦ
591 2033 802 2086 Παύλου
835 2034 1108 2100 Γαλάταις
1137 2037 1460 2109 γράφοντος,
1491 2039 1732 2106 Παῦλος
1755 2040 2017 2094 ἀπόστο-

437 2128 548 2191 λος
573 2126 683 2178 οὺκ
715 2125 814 2178 ἀπ’
836 2126 1181 2195 ἀνθρώπων,
1215 2130 1356 2184 οὐδὲ
1392 2131 1464 2184 δι’
1488 2130 1822 2199 ἀνθρώπου,
1851 2129 2011 2186 ἀλλὰ

438 2214 540 2268 διὰ
596 2216 788 2285 Ἰησοῦ
822 2220 1078 2287 Χριστοῦ
1103 2261 1118 2286 ,
1153 2221 1252 2276 καὶ
1288 2223 1434 2277 Θεοῦ
1457 2223 1688 2292 Πατρός
1727 2223 1834 2277 τοῦ
1865 2223 2014 2292 ἐτει-

429 2325 656 2375 ραντος
697 2310 883 2366 αὐτὸν
923 2313 992 2366 ἐκ
1050 2313 1313 2383 νεκρῶνο
1355 2316 1451 2370 καὶ
1479 2318 1594 2387 μετ’
1625 2315 1804 2385 ὀλίγον
1862 2314 1973 2388 (46)
1995 2334 2008 2346 ·

438 2398 710 2468 Γνωρίζω
733 2399 801 2454 δὲ
831 2401 993 2471 ὑμῖν,
1021 2403 1298 2474 ἀδελφοὶ,
1321 2407 1389 2460 τὸ
1415 2396 1786 2477 Εὐαῃέλιον
1811 2405 2008 2473 τοῦτο,

2120 1852 2389 1908 Christum
2414 1863 2462 1908 et
2501 1853 2662 1907 Deum
2685 1854 2921 1918 Patrem,
2946 1857 3034 1923 qui
3055 1853 3327 1908 suscitavit
3352 1869 3469 1906 eum
3496 1869 3527 1906 a
3554 1868 3696 1905 mor-

2124 1947 2226 1998 tuis
2251 1945 2330 1998 ":
2369 1961 2434 2001 ac
2461 1947 2623 2015 paulo
2655 1956 2778 2016 post
2817 1927 2933 2015 ipse
2960 1965 2988 2003 :7
3019 1944 3220 1999 Notum
3242 1953 3416 1998 autem
3436 1943 3578 1998 vobis
3610 1943 3695 2012 fa-

2124 2039 2226 2103 cio,
2263 2039 2477 2108 fratres,
2505 2037 2846 2110 Evangelium
2871 2024 2994 2104 hoc,
3016 2040 3139 2108 quia
3174 2053 3277 2090 non
3305 2045 3381 2090 est
3411 2037 3696 2090 secundum

2117 2129 2417 2183 hominem:
2453 2145 2612 2199 neque
2655 2129 2795 2186 enim
2835 2143 2927 2197 ego
2971 2127 3042 2205 ab
3073 2126 3283 2179 homine
3310 2126 3485 2195 accepi
3535 2123 3695 2187 illud,

2118 2237 2279 2292 neque
2312 2223 2476 2276 didici
2494 2238 2524 2286 ;,
2549 2222 2638 2279 sed
2667 2238 2758 2292 per
2799 2221 3166 2276 reuelationem
3217 2219 3345 2275 Iesu
3384 2217 3583 2274 Christi
3608 2218 3694 2282 5’;

2124 2312 2360 2384 Spiritus
2381 2324 2558 2369 tamen
2583 2322 2806 2369 sanctus
2824 2312 3054 2394 Paulum
3081 2321 3136 2368 et
3157 2311 3458 2366 Barnabam
3483 2310 3699 2364 mittere

2121 2406 2405 2463 exhibetur
2431 2407 2497 2472 ‘°,
2529 2416 2590 2462 ut
2622 2407 2902 2463 Christum
2926 2406 3185 2485 gentibus
3215 2404 3592 2475 praedicarent.

434 2489 528 2545 ὅτι
550 2494 661 2546 οὐκ
693 2492 825 2548 ἔστι
859 2495 1009 2551 κατὰ
1030 2496 1547 2565 ἄνθρωπον-’.οὐδὲ
1573 2500 1684 2570 γὰρ
1705 2499 1821 2570 ἐγὼ
1855 2501 2014 2571 παρὰ
2051 2501 2362 2570 ἀνθρώπου
2413 2502 2752 2571 παρέλαϐον
2800 2500 2912 2572 (47)
2966 2498 3137 2563 αὐτὸ,
3173 2497 3316 2552 οὐδὲ
3351 2495 3694 2566 ἐδιδάχθην»

434 2588 598 2644 ἀλλὰ
618 2589 689 2642 δι’
704 2591 1143 2660 ἀποκαλύψεως
1177 2592 1368 2660 Ἰησοῦ
1389 2595 1646 2662 Χριστοῦ
1667 2610 1681 2624 °
1705 2595 1768 2648 τὸ
1789 2594 2014 2665 Πνεῦμα
2053 2595 2113 2649 τὸ
2139 2597 2291 2666 ἅγιον
2324 2595 2648 2652 ἀποστεῖλαν
2673 2595 2762 2649 τόν
2802 2612 2863 2648 τε
2913 2591 3126 2647 Παῦλον
3145 2591 3242 2652 καὶ
3285 2591 3376 2646 τὸν
3415 2589 3697 2662 Βαρνάϐαν

435 2685 703 2754 φαίνεται,
744 2687 976 2758 κηρῦξαι
997 2692 1110 2753 τοῖς
1135 2688 1310 2744 ἔθνεσι
1338 2690 1428 2743 τὸν
1449 2691 1704 2763 Χριστόν.

508 2777 591 2831 18.
623 2779 734 2831 Καὶ
769 2780 857 2832 ὁτὲ
897 2781 994 2852 μὲν
1022 2783 1086 2836 ὲκ
1113 2781 1404 2853 προσώπου
1421 2782 1516 2836 τοῦ
1539 2784 1756 2856 Πατρὸς
1789 2785 1902 2858 (48)
1923 2787 2017 2841 λα-

2200 2783 2283 2838 l8.
2325 2786 2458 2838 Item
2497 2781 2790 2853 aliquando
2823 2794 2888 2836 ex
2938 2792 3171 2849 persona
3203 2775 3377 2832 Patris
3401 2778 3700 2847 loquuntur

435 2869 619 2924 λοῦσιν
640 2872 688 2924 οἱ
714 2873 1007 2944 προφῆται,
1037 2875 1112 2938 ώς
1129 2876 1256 2928 ὅταν
1278 2877 1335 2930 ὲν
1361 2876 1610 2948 Ψαλμοῖς
1635 2876 1768 2951 λέγῃ
1797 2880 1825 2931 6
1845 2878 1976 2942 Θεός
1999 2896 2014 2910 ο

2132 2879 2397 2947 ριόριιιτῑιε
2423 2894 2437 2944 ;
2463 2885 2522 2930 ιιι
2555 2875 2608 2928 in
2641 2873 2873 2929 Psalmis
2913 2871 2997 2943 ait
3037 2869 3210 2926 Deus:
3241 2869 3412 2925 Semel
3433 2870 3615 2939 juravi
3646 2869 3701 2921 in

437 2962 628 3028 Ἅπαξ
655 2963 861 3034 ὤμοσα
891 2967 960 3019 ἐν
991 2966 1070 3033 τῷ
1105 2968 1250 3037 ἁγίῳ
1266 2986 1409 3038 μου,
1432 2971 1501 3022 El
1539 2967 1619 3034 τῷ
1653 2970 1833 3024 Δαϐὶδ
1871 2973 2018 3040 ψεύ-

435 3067 638 3123 σομαι,
674 3057 737 3110 τὸ
761 3057 1004 3128 σπέρμα
1017 3061 1203 3114 αὑτοῦ
1227 3064 1313 3127 εὶς
1344 3062 1450 3116 τὸν
1476 3061 1661 3116 αἰῶνα
1691 3062 1880 3132 μενεῖ,
1920 3065 2019 3118 καὶ

438 3149 473 3200 ό
504 3149 714 3216 θρόνος
743 3151 927 3206 αὐτοῦ
950 3153 1029 3219 ὠς
1053 3156 1086 3206 ὁ
1105 3152 1281 3220 ἥλιος
1308 3155 1587 3210 ἐναντίον
1602 3174 1721 3225 μου
1754 3156 1864 3226 (49)
1888 3173 1901 3186 ·
1926 3157 2020 3210 καὶ

438 3238 602 3292 πάλιν
628 3257 640 3269 ³
696 3243 789 3296 Ἐκ
813 3244 1047 3312 καρποῦ
1070 3244 1182 3313 τῆς
1211 3247 1444 3315 ὀσφύος
1473 3261 1590 3300 σου
1621 3246 1877 3317 θήσομαι
1921 3247 2019 3301 ἐπὶ

435 3331 546 3384 τοῦ
565 3335 778 3402 θρόνου
795 3353 911 3390 σου
926 3354 938 3366 ·
960 3336 1054 3392 καὶ
1074 3338 1258 3401 καθὼς
1273 3342 1300 3390 6
1315 3339 1523 3410 Πέτρος
1538 3338 1730 3411 εἴρηκε
1751 3356 1763 3370 ⁸
1788 3337 2023 3409 Προφή-

437 3440 552 3492 της
583 3421 696 3482 οὖν
724 3428 1065 3500 ὐπάρχωνό
1087 3430 1283 3494 Δαόὶδ,
1348 3431 1448 3485 καὶ
1499 3431 1691 3499 εἰδὼς,
1735 3432 1824 3485 ὅτι
1868 3431 2024 3499 ὅρκῳ

440 3516 677 3586 ὤμοσεν
710 3520 870 3586 αὐτῷ
929 3525 961 3576 ό
1019 3523 1180 3590 Θεὸς,
1229 3527 1299 3579 ἐκ
1347 3526 1578 3594 καρποῦ
1637 3525 1748 3594 τῆς
1795 3526 2025 3593 ὀσφύος

439 3611 630 3666 αὑτοῦ
663 3615 906 3669 καθίσαι
939 3616 1047 3670 τὸν
1065 3618 1327 3684 Χριστὸν
1383 3618 1533 3673 κατὰ
1564 3617 1763 3686 σάρκα
1788 3616 1899 3687 (50)
1926 3618 2026 3671 ἐπὶ

441 3703 549 3757 τοῦ
572 3705 788 3773 θρόνου
843 3708 1050 3762 αὐτοῦ·
1082 3707 1173 3762 ὁτὲ
1205 3710 1263 3762 δὲ
1322 3713 1387 3763 ὲκ
1428 3707 1721 3782 προσώπου
1747 3707 1840 3761 τοῦ
1870 3706 2023 3772 Υἱοῦ,

441 3793 680 3856 ὠςεὸταν
730 3795 865 3866 λέγῃ
916 3798 944 3849 6
979 3796 1225 3862 Ἡσαΐας·
1273 3797 1416 3853 Τάδε
1458 3798 1621 3868 λέγει
1674 3799 1908 3866 Κύριος·
1947 3798 2026 3852 Δι’

441 3885 600 3954 ὑμᾶς
622 3887 950 3956 διαπαντὸς
976 3889 1089 3963 (51)
1118 3890 1184 3943 τὸ
1212 3890 1401 3961 ὄνομά
1424 3909 1544 3960 μου
1572 3889 2029 3960 ,βλασφημεῖται

441 3975 515 4029 ἐν
544 3977 668 4044 τοῖς
718 3980 944 4035 ἔθνεσι.
976 3982 1080 4035 Διὰ
1130 3981 1308 4036 τοῦτο
1340 3981 1636 4052 γνώσεται
1683 3985 1716 4036 ό
1743 3983 1891 4047 λαός
1909 3999 2047 4050 μου-

441 4069 516 4122 ἐν
556 4069 632 4138 τῇ
659 4070 850 4142 ἡμέρᾳ
880 4073 1083 4142 ἐκείνῃ
1112 4075 1178 4128 τὸ
1226 4072 1415 4143 ὄνομά
1437 4091 1577 4143 μου·
1621 4073 1710 4128 ὅτι
1743 4073 1870 4143 ἐγώ,
1891 4076 2026 4143 ειμι.

444 4161 630 4227 αὐτὸς
673 4164 707 4216 ό
732 4161 940 4217 λαλῶν
995 4161 1253 4232 πάρειμυ
1287 4163 1373 4216 ὁτὲ
1399 4163 1454 4216 δὲ
1503 4165 1566 4216 ἐκ
1608 4161 1902 4234 προσώπου
1935 4161 2028 4214 τοῦ

2120 2977 2304 3022 sancto
2330 2984 2463 3030 meo,
2499 2965 2557 3020 Si
2585 2963 2756 3018 David
2799 2962 3045 3024 mentiar,
3077 2977 3252 3016 semen
3285 2960 3397 3030 ejus
3441 2959 3496 3013 in
3543 2968 3702 3014 αἰεν-

2121 3075 2245 3112 num
2280 3056 2545 3120 manebit;
2580 3067 2628 3110 et
2671 3056 2887 3108 thronus
2916 3054 3028 3123 ejus
3059 3053 3198 3107 sicut
3225 3053 3302 3106 sol
3339 3053 3393 3106 in
3422 3060 3702 3121 conspectu

2123 3168 2234 3205 meo
2265 3151 2307 3181 ⁶¹
2331 3167 2344 3204 :
2376 3161 2428 3204 et
2455 3163 2675 3203 rursum
2701 3146 2809 3206 :De
2834 3146 3220 3218 {ructu‘ventris
3247 3145 3322 3198 tui
3339 3160 3530 3214 ponam
3549 3159 3704 3212 super

2123 3243 2297 3296 sedem
2330 3241 2564 3307 tuam“;
2591 3248 2645 3294 et
2665 3240 2825 3293 sicuti
2850 3237 3044 3310 Petrus
3064 3237 3235 3292 dixit:
3260 3235 3701 3306 Propheta707

2123 3337 2286 3406 igitur
2317 3350 2434 3388 cum
2460 3343 2591 3388 esset
2627 3333 2813 3398 David,
2838 3340 2886 3386 et
2907 3332 3071 3402 sciret.
3089 3332 3214 3401 quia
3231 3329 3582 3399 jurejurando
3604 3328 3702 3397 ju-

2126 3437 2291 3482 rasset
2318 3425 2581 3490 illi-Deus,
2598 3424 2660 3477 de
2683 3424 2860 3493 fructu
2886 3421 3051 3476 lumbi
3081 3422 3218 3487 ejus,
3243 3421 3419 3475 sedere
3436 3418 3705 3474 Christum

2125 3519 2411 3580 secundum
2440 3532 2672 3583 carnem,
2697 3513 3128 3583 superjthronum
3158 3513 3272 3579 eius
3295 3513 3339 3544 ³³
3363 3532 3376 3567 :
3411 3513 3705 3582 aliquando

2126 3627 2192 3666 ex
2241 3624 2474 3680 persona
2519 3607 2682 3673 Filii;
2722 3614 2779 3659 ut
2812 3605 3103 3673 cuquicit
3152 3604 3323 3659 lsaias
3357 3624 3368 3658 :
3405 3603 3535 3658 Ilazc
3575 3605 3707 3657 dicit

2127 3702 2387 3760 Dominus
2415 3698 2680 3768 :Propler
2707 3715 2794 3753 vos
2813 3698 3022 3767 jugiter,
3046 3713 3231 3750 nomen
3262 3713 3432 3750 meum
3467 3696 3706 3765 blasphe—

2131 3803 2310 3848 matur
2345 3795 2400 3846 in
2441 3791 2697 3863 gentibus.
2734 3790 2958 3860 Propter
2994 3790 3088 3856 hoc
3134 3790 3260 3842 sciet
3308 3787 3530 3858 populus
3562 3802 3704 3840 meus

2130 3898 2315 3936 nomen
2354 3897 2524 3934 meum
2557 3881 2613 3933 in
2652 3879 2736 3933 die
2763 3879 2862 3933 illa
2885 3881 3064 3963 :_quia
3091 3896 3182 3949 ego
3205 3894 3343 3942 sum,
3372 3878 3482 3947 ipse
3507 3877 3597 3946 qui
3627 3875 3707 3928 lo-

2131 3992 2262 4046 quor
2291 3976 2477 4029 adsum
2498 3978 2578 4040 “;
2607 3974 2934 4043 quandoque
2962 3981 3143 4044 autem
3171 3986 3237 4025 ex
3273 3985 3506 4041 persona
3537 3969 3707 4038 Spiri-

2141 4082 2228 4126 tus
2253 4069 2424 4124 sancti
2448 4066 2584 4138 (52),
2614 4077 2673 4122 ut
2698 4081 2820 4121 cum
2843 4067 3103 4136 propheta
3123 4063 3337 4134 quidem
3358 4061 3572 4132 Agabus
3599 4061 3703 4115 ait:

2135 4160 2264 4215 ch
2307 4161 2437 4214 dicit
2487 4157 2720 4236 Spiritus
2761 4166 2972 4217 sanctus
3003 4171 3022 4209 :
3059 4155 3244 4209 Virum
3270 4155 3420 4223 cujus
3459 4163 3536 4207 est
3575 4169 3709 4207 zona

519 4297 567 4330 "
606 4297 711 4354 Isa.
745 4302 901 4364 uni,
933 4302 1020 4367 15,
1059 4301 1142 4355 14.
1222 4303 1267 4333 ⁸η
1309 4299 1485 4356 lCor.
1511 4317 1566 4363 χ,
1600 4301 1634 4355 4
1731 4298 1996 4353 "-Galat.

2140 4301 2195 4366 5,
2227 4300 2315 4354 16.
2392 4301 2438 4332 ³⁸
2477 4298 2637 4353 Rom.
2663 4315 2698 4361 ι,
2728 4297 2781 4352 6.
2858 4299 2903 4331 δ’
2942 4298 3061 4352 Act.
3094 4312 3230 4361 χχιι,
3275 4295 3368 4367 21.
3443 4296 3490 4328 ⁸⁸
3530 4296 3703 4367 Galat~

446 4384 488 4430 1,
527 4368 582 4423 1.
679 4371 726 4402 ⁸³
763 4370 894 4425 ibid.
930 4373 1016 4425 11.

1130 4371 1176 4402 ⁶⁰
1215 4372 1335 4427 Act.
1369 4387 1488 4438 xm,
1518 4371 1574 4426 ‘2.

447 4438 497 4470 “
535 4437 638 4494 lsa.
674 4454 772 4506 LII,
802 4441 858 4507 5,
897 4439 949 4493 6.

522 4560 637 4632 (45)
676 4561 788 4620 Καί
820 4561 974 4632 deest
1007 4561 1065 4632 in,
1085 4559 1219 4632 Seg.
1239 4559 1394 4632 Gobl.
1428 4570 1484 4616 et
1511 4561 1753 4616 Felckm.
1785 4562 1834 4616 1.
1857 4560 2028 4618 Paulo

448 4630 574 4702 poSt
600 4630 818 4702 Gobler.
844 4642 899 4702 et
931 4630 1180 4688 ιαέιοιιωξ
1203 4631 1257 4697 1,
1292 4631 1494 4702 γράφει
1535 4635 1567 4685 6
1590 4632 1801 4695 Παῦλος
1830 4632 2026 4701 λέγων.

450 4701 581 4770 Seg.
608 4702 636 4753 6
661 4701 872 4766 Παῦλος
892 4701 1062 4770 λέγει.

565 4742 581 4757 .
608 4719 636 4753 o
663 4719 872 4766 ιιαυλος
894 4719 1062 4770 Λεγει.

526 4719 638 4837 ($44)
680 4770 756 4826 Ita
786 4771 910 4842 Seg.
948 4772 1106 4828 Gobl.
1135 4782 1188 4827 et
1214 4771 1455 4830 Felckm.
1488 4773 1538 4826 1.
1573 4772 1713 4828 Editi
1745 4784 1798 4830 et
1825 4776 1938 4842 alii,
1970 4776 2029 4829 ἐν

448 4841 918 4965 ἓμοίὲΡωμοβους
945 4843 1072 4909 ὑπό,
1107 4843 1324 4899 omissis
1367 4844 1582 4934 mediis.
1617 4844 1751 4926 lbid'.
1808 4841 1931 4917 Seg.
1959 4856 2034 4928 ἐξ

496 4911 693 4965 elckm.
720 4913 770 4965 1.
804 4914 1077 4965 Ρωμαίοις
1108 4914 1165 4965 δὲ
1204 4913 1430 4965 γοάωων
1461 4914 1588 4965 υπό.
1617 4913 1780 4965 Βιιςιι.
1817 4916 2026 4965 Anglic.

496 4911 693 4988 elgkm:
720 4911 1077 4988 1,Ἱζωμαίοις
1108 4914 1165 4966 δὲ
1204 4913 1430 4984 γράφων
1461 4914 1588 4967 ὑπό.
1617 4913 1780 4971 Basil.
1817 4911 2026 4988 Anglic.

444 4990 506 5037 et
543 4981 784 5035 Felckm.
816 4981 943 5047 2,ut
967 4985 1022 5037 in
1048 4993 1219 5039 textu.

524 5051 636 5122 (45)
676 5050 1120 5126 Goblerianuset
1149 5054 1386 5121 Felckm.
1414 5056 1464 5117 l,
1494 5055 1852 5126 κεκλημένον.
1885 5055 2030 5111 Infra

450 5120 679 5196 Seguer.
718 5120 944 5196 Cobler:
966 5120 1256 5196 Felckm.l
1285 5137 1340 5182 et
1361 5127 1418 5191 2,
1439 5125 1532 5196 τοῦ
1562 5120 1738 5196 Ἰησοῦ
1761 5126 2028 5189 εἰπόντος.

446 5193 560 5267 Alii
589 5202 643 5247 et
673 5193 824 5267 e_diti,
852 5195 946 5267 {toﬁ
973 5194 1398 5267 Tioiisluéwog.
1428 5193 1635 5267 Ibidem
1665 5195 2032 5267 Seguerianus

376 5297 378 5299 >
451 5262 733 5350 solusat?
754 5265 955 5350 Ιὲειύλφ
986 5263 1146 5350 sese”
1170 5267 1343 5350 ἱερόν·
1375 5262 2032 5350 ηιρεύουν.ε.εςζξθγη.μεει-

449 5332 595 5403 κρὰν
773 5332 1168 5406 ἐξαποστέλλω.
1220 5332 1364 5390 infra
1401 5332 1562 5400 idem,
1590 5336 1710 5390 οὐδὲ
1734 5336 1798 5388 δι’
1824 5332 2033 5406 ἀνθρώ-

453 5420 585 5475 που,
613 5403 965 5475 ᾁλλὰπει-εἰο
1001 5404 1222 5462 Graacus
1264 5407 1548 5475 scripturae
1580 5415 1776 5460 textus.
1806 5403 1945 5461 Editi
1980 5417 2032 5461 et

450 5473 570 5538 alii,
610 5473 682 5526 δι’
711 5473 1036 5538 ἀνθρώπων.

529 5543 651 5616 (46)
682 5542 778 5616 Sic
805 5542 1166 5616 Goblerianus
1183 5553 1236 5599 et
1257 5544 1494 5616 Felclgm.
1520 5545 1572 5598 9..
1612 5544 1735 5616 Sea.
1770 5562 1918 5613 vero,
1942 5547 2033 5599 καὶ

454 5614 579 5687 μετ’
611 5613 793 5687 ὀλίγον
816 5613 873 5669 δέ
902 5631 1063 5687 φησιν
1110 5615 1138 5665 ὁ
1181 5616 1360 5687 αὐτὸς.
1394 5614 1534 5669 Editi
1564 5627 1616 5687 et
1642 5613 1755 5682 alii,
1790 5619 1881 5670 καὶ
1919 5618 2031 5687 μετ’

453 5683 613 5752 ὀλίγα
641 5685 937 5754 φήσαντος.
979 5684 1094 5741 Mox
1126 5685 1281 5738 τοῦτο
1307 5687 1455 5743 deest
1486 5687 1539 5742 in
1569 5683 1924 5758 Segucriano;

1675 4372 1717 4403 “
1757 4368 1905 4424 Psal.
1937 4386 2208 4436 Lxxxvm,
2231 4369 2424 4426 56-58.

2534 4370 2577 4402 ⁸³
2619 4369 2998 4433 Psal..cxxx1,
3054 4369 3143 4421 11.
3245 4367 3289 4398 ⁸³
3328 4365 3452 4422 Act.
3496 4382 3559 4433 ιι,
3616 4365 3703 4421 50.

2199 4562 2317 4633 (47)
2359 4562 2574 4619 Gobler.
2602 4572 2656 4619 et
2685 4561 2925 4618 Felckm.
2954 4559 3008 4627 1,
3057 4558 3264 4612 έλαόον.
3296 4557 3438 4613 Editi
3484 4572 3612 4610 vero
3652 4564 3706 4610 et

2137 4634 2248 4696 alii,
2278 4633 2608 4704 παρέλαβον.

2210 4704 2322 4774 (48)
2365 4695 2459 4758 Sic
2483 4702 2805 4776 ASfegnerian.
2837 4699 3148 4776 Goblerian.
3177 4696 3412 4776 Felckm_.
3437 4695 3489 4760 1,
3511 4695 3546 4748 2
3564 4695 3702 4776 ει

2137 4783 2192 4830 et
2217 4764 2365 4830 rei-te
2403 4764 2644 4842 quidem,
2670 4784 2732 4829 ut
2755 4782 2994 4843 patetex
3025 4765 3510 4843 subsequentibus.
3540 4764 3703 4843 _Edi_ti

2136 4855 2190 4900 et
2221 4834 2445 4916 οιὶἱ,τοῦ
2474 4834 2813 4916 Πνεύέιατᾴς.
2841 4840 2990 4916 infra
3022 4834 3407 4916 Segueri‘anus,
3437 4834 3511 4916 ώς
3536 4836 3622 4916 ἦτε
3649 4836 3706 4916 ξίν

2135 4904 2386 4985 Ψαλμοῖς
2431 4915 2600 4984 λέγει.
2625 4904 2997 4985 :Goblerianus
3029 4904 3426 4985 et'li‘elekman.
3541 4904 3616 4985 ώς
3649 4905 3707 4985 {iv

2135 4974 2386 5108 ἓαλξιοῖς
2416 4974 2571 5058 λέγῃ.
2620 4984 2760 5038 Editi
2794 4992 2848 5038 et
2876 4979 3075 5045 czcteri,
3110 4977 3184 5038 ὡς
3220 4977 3346 5028 ὅταν
3371 4976 3428 5026 ὲν
3456 4974 3710 5044 Ψαλμοῖς

2201 5070 2291 5108 γη.

2362 5125 2906 5196 Anglicanusproseq
2917 5119 3060 5172 uitur
3082 5130 3300 5196 versum
3319 5114 3534 5196 psalmi,
3556 5116 3708 5196 έναν-

2134 5184 2248 5248 τίον
2275 5184 2400 5266 ρίου,
2426 5184 2520 5248 ιἱαὶ
2541 5194 2616 5255 ώς
2644 5184 2842 5261 σελήνη
2864 5184 3268 5306 κατηρτισμένὲ
3299 5187 3379 5248 εἰς
3399 5184 3490 5237 τὸν
3515 5184 3704 5264 αἰώνα.

2139 5265 2263 5321 Mox
2291 5266 2447 5320 Gobl.
2478 5273 2532 5318 et
2565 5262 2805 5316 Felckm.
2841 5261 2893 5323 5,
2925 5259 3017 5310 ἐπὶ
3047 5255 3236 5326 τὸν-θρ
3269 5272 3356 5308 νον
3384 5272 3497 5307 σου.
3528 5254 3630 5326 Alit
3659 5266 3712 5326 et

2140 5303 2548 5402 ἓῑιῖδῖέὲζτζῑς
2565 5303 2780 5402 ’θνρξςδδ
2793 5303 2805 5314 ’
2817 5303 2950 5402 sati
2963 5303 3103 5380 Im:
3121 5303 3287 5394 's'eg;
3304 5303 3437 5377 eos:
3456 5303 3711 5384 magis

2141 5399 2347 5478 Πέτρος
2366 5400 2548 5478 εἶπεν,
2577 5399 2784 5478 omisso
2809 5399 2932 5478 καί..
2969 5467 2982 5478 ‘
3121 5466 3135 5478 ‘
3205 5471 3215 5478 _
3264 5463 3280 5478 Δ
3372 5463 3403 5478 ν

2213 5461 2443 5546 (5'0)'l_ta
2486 5461 2609 5546 sig.
2652 5471 2808 5546 _Gobl.
2845 5467 3082 5522 Felckm.
3114 5466 3139 5520 ι
3170 5471 3222 5517 ει
3250 5463 3460 5532 Anglic.
3509 5461 3565 5516 lu
3598 5463 3710 5517 edi-

2144 5542 2233 5610 tis,
2265 5542 2406 5596 κατὰ
2441 5542 2812 5614 σάρκα-ἀθεεὶ.

2214 5603 2330 5681 (5i).
2367 5603 2666 5672 Διαπαντός
2697 5610 2845 5681 deest
2883 5624 2934 5660 In
2972 5607 3127 5681 Gobl.
3161 5613 3212 5659 et
3243 5603 3477 5658 Fclt'ltm.
3512 5605 3559 5657 1.
3601 5603 3711 5656 An—

2142 5677 2336 5753 glican.
2366 5697 2491 5738 vero
2521 5681 2701 5749 habet,
2731 5680 2818 5732 διὰ
2851 5677 3067 5739 παντὸς.
