3992 6230
447 310 580 365 ιοιι
1353 305 1442 360 οε
1481 301 1984 358 INCARNATIONE
2015 301 2102 358 ET
2141 299 2422 358 CONTRA
2452 284 2770 356 ΑιιιΑΝοεζ
3529 297 3663 354 ιοιε

441 424 511 478 τὰ
534 423 710 478 πάντα
759 420 1021 494 πληροῦν·
1082 420 1191 474 Καὶ
1227 417 1346 474 ἀπὸ
1389 418 1493 472 τοῦ
1526 415 1844 486 προσώπου
1887 430 1968 469 σο

2071 415 2210 472 .nisi
2257 414 2426 470 Filius
2471 412 2566 484 qui
2597 428 2664 468 ex
2717 413 2946 470 mortuis
2986 415 3314 471 resurrexit?
3353 411 3419 469 Et
3449 430 3572 470 cum
3608 419 3661 470 in

441 516 558 570 ποῦ
591 517 795 586 yth-ai;
833 515 966 570 Ἐὰν
987 513 1186 570 ἁναὸῶ
1217 515 1302 579 εἰς
1328 511 1438 567 τὸν
1463 511 1742 580 οὐρανὸν,
1773 510 1855 564 σὺ
1881 509 1968 564 ex:

2102 505 2326 561 Actibus
2355 503 2661 576 Stephanus
2682 505 2858 560 dicat:
2883 503 3022 559 Deus
3044 506 3227 576 gloria
3256 507 3397 560 visus
3417 515 3494 560 est
3519 509 3660 575 patri

437 603 510 661 εἷ·
538 607 648 660 ἐὰν
677 603 910 660 καταϐῶ
932 607 1019 671 εις
1044 603 1151 658 τὸν
1176 602 1350 671 ᾅδην,
1372 603 1562 671 πάρει.
1610 600 1706 664 Τίς
1747 599 1803 654 δὲ
1826 617 1968 670 παρα

2101 608 2278 652 nostra
2301 598 2567 652 Abraham
2590 598 2668 652 ⁸¹ε
2697 597 2814 652 haec
2833 596 2947 666 ipsa
2969 595 3038 651 de
3061 596 3198 651 Filio
3220 612 3436 667 quoque
3459 596 3659 652 Paulus

437 697 660 774 γέγονεν
684 699 764 762 εἰς
789 696 880 751 τὸν
899 695 1034 768 ᾅδην
1063 695 1113 748 εξ
1149 694 1224 766 μὴ
1257 697 1286 748 6
1315 691 1442 756 Υἱὸς
1474 694 1503 745 6
1549 693 1614 745 ὲκ
1644 689 1851 762 νεκρῶν
1884 690 1968 762 (62

2099 691 2214 745 ait:
2246 691 2309 746 Si
2327 691 2462 745 enim
2487 690 2860 761 cognouissent,
2893 705 3157 758 nunquam
3171 687 3450 744 Dominum
3477 689 3659 760 gloria:

435 788 702 854 ἅναστάς;
750 788 845 842 καὶ
887 787 976 841 ὅτε
1021 787 1120 857 μὲν
1175 784 1322 853 λέγει
1378 785 1409 836 6
1461 782 1732 851 Στέφανος
1779 783 1838 835 ὲν
1879 783 2000 844 ταῖς

434 878 722 952 Πράξεσιν·
761 878 817 930 '0
883 876 1028 944 Θεὸς
1091 875 1203 945 τῆς
1260 873 1445 942 δόξης
1486 873 1654 942 ὤφθη
1698 871 1780 937 τῷ
1821 873 2003 940 πατρὶ

431 968 602 1039 ἡμῶν
635 967 992 1038 Ἀϐραάμ-τὰ
1023 965 1164 1021 αὐτὰ
1220 966 1314 1020 καὶ
1356 966 1484 1036 περὶ
1535 963 1665 1018 Υἱοῦ
1712 966 1742 1017 6
1788 963 1998 1028 Παῦλος

430 1060 598 1131 λέγει’
623 1058 824 1129 Ειγὰρ
867 1057 1159 1128 ἔγνωσαν,
1213 1057 1326 1111 οὐκ
1370 1054 1445 1109 ἂν
1481 1055 1586 1109 τὸν
1631 1056 1849 1123 Κύριον
1885 1055 1996 1123 τῆς

409 1151 623 1219 δόξης
637 1151 1042 1218 ἐσταύρωσαν·
1075 1146 1272 1218 ὁμοίως
1301 1146 1358 1199 δὲ
1412 1143 1507 1200 καὶ
1547 1147 1576 1198 6
1611 1144 1773 1199 Δασὶδ
1802 1145 1948 1212 λέγει
1978 1162 1992 1178 ·

425 1244 638 1310 Κύριος
668 1239 786 1295 τῶν
839 1239 1146 1311 δυνάμεων
1193 1239 1375 1304 αὑτός
1399 1237 1570 1291 ἐστιν
1615 1239 1648 1290 δ
1695 1236 1994 1302 ,ϐασιλεὺς

424 1333 536 1402 τῆς
591 1332 798 1401 δόξης.
853 1332 968 1386 Μία
1018 1331 1130 1403 γὰρ
1173 1328 1300 1395 δόξα
1347 1329 1561 1400 Πατρὸς
1611 1329 1704 1382 καὶ
1745 1327 1876 1381 Υἱοῢ
1901 1329 1992 1381 καὶ

425 1425 580 1494 ἁγίου
606 1424 940 1496 Πνεύματος⁹
963 1421 1082 1492 Τὴν
1100 1421 1288 1487 δόξαν
1315 1438 1455 1492 μου,
1515 1421 1678 1490 φησὶν
1709 1421 1743 1490 ή
1776 1419 1987 1491 Γραφὴ,

421 1515 600 1584 ἑτέρῳ
625 1517 698 1570 οὺ
724 1513 912 1568 δώσω·
949 1513 1010 1567 οὐ
1042 1513 1150 1584 γάρ
1179 1514 1296 1566 ἐστι
1337 1511 1586 1583 δεύτερος
1629 1511 1758 1572 Θεὸς
1784 1513 1814 1564 6
1840 1510 1985 1575 Υἱὸς,

421 1605 556 1660 ἀλλὰ
583 1606 754 1675 Λόγος
782 1604 876 1659 τοῦ
908 1606 1026 1669 ἑνὸς
1062 1607 1156 1658 καὶ
1183 1604 1343 1675 μόνον
1369 1603 1533 1667 Θεοῦ,
1575 1603 1987 1675 θεολογούμενος

419 1699 479 1752 ὲν
498 1697 693 1768 Πατρὶ,
724 1699 798 1763 ὡς
825 1699 916 1752 καὶ
936 1699 964 1751 6
992 1697 1176 1770 Πατὴρ
1201 1699 1258 1750 ὲν
1305 1695 1418 1765 Υἰῷ
1468 1695 1812 1765 θεολογεῐται·
1849 1696 1983 1751 καθ-

2098 782 2567 851 cruciﬁxissent".
2595 781 2858 837 Similiter
2873 779 3041 836 David
3073 797 3088 835 :
3115 779 3370 835 Dominus
3405 782 3658 835 virtutum

2096 875 2205 942 ipse
2234 883 2310 927 est
2340 889 2432 928 rea:
2455 873 2695 944 glorite”
2735 891 2748 928 :
2779 888 2884 928 una
2910 871 3054 928 enim
3079 872 3249 942 gloria
3265 871 3439 928 Patris
3459 881 3512 928 et
3532 871 3655 927 Filii

2094 973 2149 1020 et
2180 964 2415 1036 Spiritus
2437 967 2630 1020 sancti.
2664 963 2900 1020 Gloriam
2927 980 3119 1029 meam,
3150 963 3227 1019 ait
3258 963 3555 1034 Scriptura,
3577 965 3656 1018 al-

2096 1056 2196 1109 teri
2231 1073 2334 1110 non
2379 1057 2513 1110 dabo
2529 1057 2610 1111 3‘:
2644 1071 2818 1127 neque
2843 1056 2985 1110 enim
3014 1054 3186 1110 Filius
3213 1064 3294 1110 cst
3322 1057 3456 1124 alter
3484 1055 3649 1122 Deus,

2092 1148 2186 1202 sed
2213 1145 2448 1201 Verbum
2479 1147 2642 1201 unius
2667 1155 2722 1202 et
2754 1145 2927 1201 solius
2948 1144 3064 1212 Dei,
3087 1145 3232 1216 quod
3257 1143 3400 1201 Deus
3423 1144 3476 1198 in
3495 1143 3653 1201 Patre

2091 1239 2308 1303 dicitur,
2341 1247 2401 1294 ut
2431 1247 2484 1293 et
2513 1237 2674 1293 Pater
2699 1237 2844 1293 Deus
2870 1237 2924 1292 in
2949 1235 3086 1291 Filio
3105 1243 3362 1303 vocatur;
3386 1235 3465 1290 uti
3485 1234 3652 1292 Isaias

2089 1327 2286 1382 Filium
2320 1343 2425 1382 una
2451 1343 2575 1382 cum
2612 1327 2770 1382 Patre
2814 1325 2983 1382 Deum
3019 1325 3227 1392 dicens,
3252 1326 3361 1381 sit:
3391 1325 3554 1395 708
3579 1322 3651 1380 Te

2089 1421 2408 1486 adorabunt,
2442 1435 2489 1476 et
2522 1423 2577 1474 in
2613 1431 2660 1474 te
2695 1419 3046 1489 precabantur
3067 1437 3086 1475 :
3117 1421 3362 1490 quoniam
3399 1420 3452 1473 in
3489 1429 3536 1473 te
3569 1427 3648 1473 est

2085 1509 2252 1574 Deus,
2300 1520 2350 1565 et
2398 1519 2589 1580 praeter
2620 1519 2670 1564 te
2698 1527 2799 1564 non
2831 1518 2909 1563 est
2942 1509 3103 1564 Deus.
3129 1509 3206 1563 Tu
3239 1510 3377 1563 enim
3403 1525 3456 1563 es
3483 1508 3643 1572 Deus,

2083 1611 2131 1655 et
2160 1601 2490 1664 nescivimus,
2515 1603 2653 1655 Deus
2678 1598 2849 1654 Israel
2875 1599 3141 1655 Salvator.
3171 1598 3576 1668 Confundentur
3593 1605 3645 1652 et

2084 1692 2383 1747 erubescent
2404 1707 2583 1745 omnes
2605 1692 2693 1760 qui
2719 1690 3066 1745 adversantur
3092 1691 3251 1745 illi”.
3275 1690 3643 1745 Adversantur

420 1785 496 1850 ὼς
529 1761 631 1840 καὶ·
678 1761 790 1858 (65)
838 1787 1059 1851 Ἡσαΐας
1096 1761 1240 1857 λέγει
1276 1761 1540 1856 θεολογῶν
1594 1761 1722 1841 Ῡὶὸν
1751 1788 1848 1842 σὺν
1873 1789 1968 1841 Πα-

2083 1793 2260 1840 autem
2287 1785 2360 1839 illi
2386 1785 2479 1855 qui
2506 1799 2614 1838 non
2637 1784 2960 1839 confitentur
2986 1797 3110 1837 eum
3139 1791 3194 1836 et
3216 1780 3479 1851 Spiritum
3526 1782 3642 1852 ejus

417 1877 529 1948 τρι·
549 1876 661 1930 Kal
697 1877 1199 1946 προσχωρήσουσι
1223 1891 1324 1931 σοι
1355 1877 1450 1931 καὶ
1491 1877 1562 1931 ἐν
1594 1878 1692 1932 σοὶ
1725 1880 1981 1947 προσεύ-

414 1969 641 2034 ξονται,
667 1968 755 2022 ὅτι
789 1970 858 2023 ἐν
889 1969 988 2023 σοι
1033 1973 1068 2024 ό
1117 1970 1260 2036 Θεός
1301 1969 1454 2033 ἐστι,
1509 1969 1610 2023 καὶ
1653 1969 1820 2038 πλὴν
1864 1971 1980 2026 σοῦ

417 2061 562 2127 Θεὸς
576 2063 688 2115 οὐκ
718 2061 870 2115 ἐστι.
893 2061 978 2115 Σὺ
1004 2062 1112 2130 γὰρ
1127 2058 1236 2117 ald
1261 2062 1425 2128 Θεὸς,
1442 2063 1539 2117 καὶ
1572 2065 1683 2117 οὐκ
1715 2062 1976 2134 ᾔδειμεν,

413 2153 558 2220 Θεὸς
595 2152 700 2207 τοῦ
743 2153 978 2222 Ἰσραὴλ
1033 2153 1254 2222 Σωτήρ.
1308 2154 1830 2226 Αἰσχυνθήσονται
1879 2155 1977 2210 καὶ

408 2244 883 2315 ἐντραπήσονται
945 2247 1166 2316 πάντες
1225 2252 1281 2304 ol
1350 2251 1744 2321 ἀντικείμενοι
1793 2251 1970 2317 αὐτῷ.

421 2334 769 2387 ’Λντίκεινται
799 2333 855 2388 δὲ
880 2335 1028 2408 αὐτῷ
1050 2335 1160 2406 (64)
1206 2338 1255 2390 οἱ
1289 2339 1362 2410 μὴ
1395 2339 1778 2411 ὁμολογοῦντες
1814 2341 1974 2396 αὑτὸν

404 2424 502 2478 καὶ
531 2424 590 2478 τὸ
614 2424 833 2496 Πνεῦμα
853 2426 1015 2482 αὐτοῦ
1060 2429 1160 2498 τῆς
1202 2430 1369 2501 αὐτῆς
1415 2430 1494 2502 τῷ
1542 2432 1716 2504 Πατρὶ
1763 2433 1969 2497 οὐσίας,

403 2516 500 2570 καὶ
533 2516 669 2588 πλὴν
694 2517 856 2571 αὐτοῦ
888 2519 962 2591 μὴ
986 2515 1123 2574 εἶναι
1159 2521 1310 2586 Θεὸν,
1352 2521 1446 2576 καὶ
1499 2524 1547 2576 οἱ
1577 2523 1638 2577 τὸ
1670 2523 1840 2588 πάθος
1876 2526 1971 2579 αὐ-

401 2607 498 2661 τοῦ
551 2608 646 2662 καὶ
694 2607 791 2680 τὴν
816 2611 1085 2682 πτωχείαν
1119 2614 1580 2685 ὲπαισχυνόμενοι.
1627 2616 1812 2679 Οὐδεὶς
1859 2616 1968 2688 γὰρ

401 2699 620 2754 δύναται
665 2701 866 2769 γνῶναι
925 2701 1078 2768 Θεὸν,
1101 2701 1197 2757 ἐὰν
1232 2703 1307 2776 μὴ
1342 2705 1434 2759 τὸν
1465 2705 1840 2777 σταυρωθέντα
1874 2708 1966 2760 καὶ

399 2793 466 2846 ὲκ
495 2791 703 2864 νεκρῶν
728 2793 1032 2848 ἀναστάντα
1085 2794 1388 2868 ὁμολογήσῃ
1430 2797 1527 2852 σὺν
1564 2796 1643 2868 τῷ
1686 2799 1965 2870 ἀποστόλῳ

398 2883 570 2955 Θωμᾷ
602 2883 710 2955 (65)
738 2883 942 2956 Κύριον
971 2886 1065 2940 καὶ
1109 2886 1241 2939 Θεὸν
1285 2887 1376 2943 τὸν
1427 2887 1650 2958 λέγοντα
1690 2893 1804 2954 τοῖς
1830 2890 1964 2944 ἁπο-

401 2975 607 3040 στόλοις
639 2976 822 3030 αὑτοῦ·
851 2978 920 3030 El
951 2977 1060 3047 γὰρ
1091 2977 1398 3047 ἐγνώκειτέ
1433 2997 1528 3050 με,
1565 2981 1666 3036 καὶ
1713 2981 1820 3036 τὸν
1841 2985 1960 3036 Πα-

2081 1895 2202 1935 esse
2229 1880 2471 1950 ejusdem
2493 1878 2816 1936 substantia:
2846 1878 3005 1948 cujus
3029 1885 3114 1932 est
3135 1875 3315 1942 Pater,
3358 1886 3412 1931 et
3445 1886 3638 1947 praeter

2079 1970 2230 2025 illum
2269 1985 2377 2024 non
2413 1983 2535 2024 esse
2571 1967 2766 2032 Deum,
2813 1981 3021 2022 necnon
3061 1966 3120 2032 ii,
3152 1981 3290 2036 quos
3319 1967 3482 2037 pudet
3517 1982 3642 2036 pas-

2079 2061 2251 2117 sionis
2281 2070 2335 2117 et
2368 2060 2566 2131 inopia:
2594 2061 2732 2131 ejus.
2772 2057 2943 2115 Nemo
2979 2061 3126 2115 enim
3157 2059 3324 2115 Deum
3357 2074 3516 2114 nosse
3545 2075 3639 2128 po-

2076 2163 2200 2219 test,
2241 2155 2347 2211 nisi
2389 2171 2514 2210 enm
2545 2155 2639 2226 qui
2668 2152 2962 2210 cruciﬁxus
2998 2162 3101 2219 est,
3135 2163 3188 2208 et
3207 2167 3274 2207 ex
3302 2151 3528 2206 mortuis
3557 2167 3639 2205 re-

2074 2249 2329 2312 surrexit,
2354 2263 2478 2304 cum
2505 2254 2695 2304 sancto
2734 2245 2942 2302 Thoma
2987 2245 3277 2301 Dominum
3311 2244 3478 2298 Deum
3505 2259 3630 2298 con-

2073 2341 2287 2396 fiteatur
2307 2343 2374 2406 ⁸ο,
2405 2339 2499 2410 qui
2527 2339 2660 2395 dicit
2696 2339 2982 2407 discipulis
3012 2338 3128 2393 suis
3156 2355 3169 2391 :
3195 2334 3256 2391 Si
3287 2336 3424 2389 enim
3448 2350 3636 2404 cogno-

2071 2433 2272 2488 vissetis
2303 2448 2404 2498 me,
2429 2440 2481 2487 et
2517 2431 2735 2488 Patrem
2766 2446 2937 2486 meum
2974 2431 3152 2500 utique
3179 2427 3562 2498 cognovissetis,
3586 2433 3635 2479 et

2069 2525 2257 2580 amodo
2288 2527 2599 2596 cognoscitis
2619 2541 2758 2586 eum,
2789 2531 2840 2578 et
2870 2523 3077 2576 vidistis
3105 2537 3246 2576 eum.
3271 2519 3412 2573 Dicit
3438 2520 3485 2572 ei
3507 2517 3634 2570 Phi-

2067 2618 2236 2689 lippus
2259 2633 2279 2672 :
2297 2616 2537 2682 Domine,
2565 2616 2778 2670 ostende
2802 2615 2947 2669 nobis
2978 2613 3214 2677 Patrem,
3240 2621 3290 2666 et
3318 2611 3503 2681 sufﬁcit
3534 2627 3630 2664 no-

2065 2694 2165 2765 bis.
2199 2710 2339 2764 Dicit
2364 2710 2412 2765 ei
2430 2708 2585 2764 Iesus
2612 2713 2637 2763 :'
2666 2708 2837 2764 Tanto
2871 2715 3095 2776 tempore
3125 2705 3390 2760 vobiscum
3411 2720 3548 2768 sum,
3581 2713 3629 2756 et

2063 2819 2168 2856 non
2214 2802 2496 2873 cognovisti
2536 2803 2664 2856 me?
2703 2799 2965 2870 Philippe,
2999 2799 3089 2870 qui
3110 2798 3240 2852 vidit
3283 2813 3384 2860 me,
3417 2796 3546 2850 vidit
3579 2807 3630 2848 et

2063 2892 2277 2947 Patrem
2301 2909 2492 2948 meum.
2527 2891 2598 2952 Et
2628 2891 2888 2962 quomodo
2923 2903 2981 2946 tu
3017 2890 3150 2944 dicis
3174 2907 3193 2944 :
3231 2888 3455 2944 Ostende
3482 2885 3627 2940 nobis

2063 2983 2318 3040 Patrem?
2351 2983 2475 3039 Non
2514 2985 2684 3038 credis
2718 2985 2844 3054 quia
2868 3000 2960 3054 ego
2997 2985 3052 3037 in
3091 2981 3272 3044 Patre,
3295 2990 3344 3035 et
3373 2979 3538 3033 Pater
3571 2980 3627 3031 in

397 3066 538 3137 τέρα
561 3085 680 3138 μου
733 3067 1038 3138 ἐγνώκειτε
1089 3067 1186 3135 ἂν,
1236 3069 1334 3124 καὶ
1392 3069 1606 3140 ἀπάρτι
1647 3071 1963 3140 γινώσκετε

2071 3092 2144 3130 me
2166 3078 2284 3131 est?
2313 3076 2480 3130 Verba
2510 3092 2629 3146 qua:
2655 3092 2748 3146 ego
2787 3076 2994 3146 loquor,
3019 3092 3052 3128 a
3083 3075 3278 3143 meipso
3298 3089 3399 3127 non
3421 3071 3621 3142 loquor.

392 3159 602 3224 αὐτὸν,
632 3159 732 3214 καὶ
755 3159 1046 3229 ἑωράκατε
1085 3162 1290 3217 αὐτόν.
1323 3161 1492 3230 Λέγει
1544 3161 1705 3228 αὐτῷ
1754 3163 1959 3218 Φίλιπ-

392 3265 526 3317 πος·
569 3253 764 3320 Κύριε,
798 3251 999 3318 δεῖξον
1025 3251 1171 3322 ἡμῖν
1221 3253 1331 3308 τὸν
1375 3254 1628 3323 Πατέρα,
1663 3255 1765 3311 καὶ
1791 3255 1964 3324 ἀρκεῖ

390 3344 556 3412 ἡμῖν.
594 3345 765 3415 Λέγει
806 3343 966 3412 αὺτῷ
1014 3349 1046 3400 d
1090 3345 1339 3415 Ἰησοῦς⁹
1404 3346 1700 3402 Τοσοῦτον
1738 3348 1958 3416 χρόνον

385 3437 516 3506 μεθ’
546 3435 711 3507 ὑμῶν
730 3439 865 3508 ειμι,
895 3437 994 3491 καὶ
1036 3438 1148 3491 οὐκ
1209 3435 1472 3507 ἔγνωκάς
1517 3453 1631 3508 ae;
1677 3439 1954 3499 Φίλιππε,

394 3531 430 3582 ό
496 3527 769 3596 ἑωρακὼς
809 3527 915 3598 ἐμὲ
962 3527 1183 3596 ἑώρακε
1232 3529 1342 3582 τὸν
1394 3528 1624 3597 Πατέρα
1666 3547 1804 3599 μου.
1847 3531 1956 3585 Kal

388 3617 517 3683 πῶς
547 3619 629 3673 σὺ
685 3618 901 3690 λέγεις·
964 3619 1172 3685 Δεῖξον
1217 3620 1363 3689 ἡμῖν
1411 3619 1520 3674 τὸν
1567 3620 1797 3688 Πατέρα
1813 3638 1834 3686 ;
1873 3623 1954 3676 Οὐ

387 3711 710 3776 πιστεύεις,
751 3709 841 3764 ὅτι
863 3711 977 3781 ἐγὼ
1001 3711 1071 3764 ἐν
1109 3709 1190 3776 τῷ
1238 3711 1442 3779 Πατρὶ,
1473 3711 1574 3766 καὶ
1595 3715 1629 3767 ό
1657 3713 1860 3788 Πατὴρ
1886 3715 1956 3768 ἐν

383 3803 519 3872 ἐμοὶ
551 3802 686 3857 ἐστι
732 3802 875 3874 (66);
940 3803 1018 3858 Τὰ
1054 3802 1293 3873 ῥήματα
1338 3802 1379 3858 d
1429 3803 1544 3874 ἐγὼ
1593 3805 1780 3870 λαλῶ,
1841 3808 1953 3861 οὐκ

381 3895 487 3949 ἀπ’
530 3895 786 3965 ἐμαυτοῦ
831 3894 1018 3950 λαλῶ.
1071 3895 1133 3949 '0
1174 3895 1243 3949 δὲ
1289 3895 1490 3963 Πατήρ
1523 3912 1642 3965 μου
1703 3896 1772 3950 ἐν
1822 3897 1950 3966 ἐμοὶ

376 3985 599 4056 μένων,
629 3987 812 4054 αὐτὸς
847 3986 1018 4041 ποιεῖ.
1031 3987 1104 4040 τὰ
1149 3985 1311 4056 ἔργα.
1351 3988 1670 4041 Πιστεύετε
1693 4005 1814 4058 μρι,
1860 3988 1949 4043 ὅτι

2063 3166 2226 3222 Pater
2259 3178 2434 3224 autem
2461 3170 2516 3222 in
2543 3185 2623 3223 me
2652 3185 2868 3223 manens
2908 3169 3017 3236 ipse
3045 3168 3174 3237 facit
3204 3182 3380 3236 opera.
3418 3165 3627 3220 Credite

2065 3257 2211 3324 mihi,
2239 3259 2364 3328 quia
2386 3275 2478 3328 ego
2505 3259 2561 3311 in
2581 3257 2768 3323 Patre,
2795 3267 2843 3311 et
2863 3255 3026 3311 Pater
3055 3258 3110 3310 in
3139 3272 3219 3310 me
3245 3264 3344 3310 est.
3382 3255 3626 3324 Alioquin
3723 3251 3728 3256 ’

2060 3359 2272 3419 propter
2317 3366 2473 3418 opera
2515 3352 2630 3420 ipsa
2665 3351 2858 3405 credite
2899 3351 3026 3404 mihi
3043 3350 3109 3402 ⁸⁷.
3135 3347 3283 3418 Opus
3303 3357 3482 3403 autem
3510 3356 3627 3402 erat

2062 3439 2156 3494 Dei
2182 3439 2359 3497 Patris
2373 3441 2566 3510 ejicere
2590 3441 2856 3496 daemonia
2887 3459 2900 3495 :
2930 3441 2985 3494 in
3000 3438 3200 3509 Spiritu
3240 3445 3419 3493 tamen
3437 3446 3626 3492 sancto

2062 3533 2276 3589 dicebat
2296 3548 2356 3589 se
2386 3533 2584 3603 ejicere
2613 3532 2888 3588 daemones
2914 3551 2927 3586 :
2960 3529 3020 3586 Si
3051 3532 3105 3584 in
3137 3529 3347 3599 Spiritu
3373 3529 3492 3594 Dei,
3525 3529 3621 3591 ait,

2057 3637 2150 3692 ego
2169 3622 2321 3692 ejicio
2353 3623 2618 3678 dwmonia
2635 3622 2702 3676 ⁸⁸.
2733 3621 2810 3677 De
2839 3637 2947 3692 quo
2980 3621 3156 3677 Lucas
3179 3621 3354 3676 dixit:
3385 3620 3552 3673 Porro
3577 3620 3624 3671 si

2058 3715 2114 3769 in
2132 3713 2299 3786 digito
2322 3715 2419 3769 Dei
2445 3715 2598 3785 ejicio
2620 3715 2881 3770 daemonia
2901 3715 2970 3771 ⁸³.
2990 3715 3298 3784 Aliquando
3315 3713 3456 3768 enim
3477 3711 3624 3766 Scri-

2057 3814 2214 3874 ptura
2244 3805 2521 3861 Christum
2544 3806 2827 3862 brachium
2854 3805 3033 3862 Patris
3055 3806 3334 3870 nominat;
3370 3810 3619 3860 sanctum

2057 3913 2184 3952 vero
2228 3897 2510 3968 Spiritum,
2554 3898 2782 3969 digitum
2828 3897 2942 3953 Dei.
2986 3896 3383 3968 Nonnunquam
3423 3895 3618 3950 Filium

2054 3988 2171 4053 Dei,
2203 3989 2434 4044 Verbum
2470 3991 2703 4060 appellat
2735 4009 2748 4020 ·
2784 3989 3054 4045 Spiritum
3086 4004 3216 4045 vero
3257 3997 3504 4044 sanctum
3531 3987 3619 4041 in-

381 4079 500 4148 ὲτὼ
520 4079 591 4135 ἐν
630 4078 711 4146 τῷ
742 4080 924 4150 Πατρί
960 4096 1077 4148 μου
1105 4077 1240 4149 (67),
1271 4078 1372 4132 καὶ
1403 4082 1436 4132 ὀ
1484 4078 1686 4147 Πατὴρ
1714 4079 1784 4133 ἐν
1816 4080 1948 4148 ἐμοί

2071 4081 2405 4137 Lumationem
2427 4083 2537 4138 Dei.

377 4173 568 4233 ἐστιν.
602 4173 671 4226 El
690 4171 758 4226 δὲ
777 4170 886 4242 μὴ,
921 4169 1020 4225 διὰ
1049 4170 1122 4224 τὰ
1143 4168 1286 4240 ἔργα
1333 4171 1486 4225 αὑτὰ
1537 4172 1848 4226 πιστεύετέ
1869 4189 1990 4241 μοι.

2035 4174 2233 4246 Ἔργον
2285 4176 2343 4229 δὲ
2394 4171 2463 4248 ἦν
2512 4177 2608 4230 τοῦ
2656 4177 2792 4230 Θεοῦ
2855 4177 3068 4250 Πατρὸς
3115 4177 3174 4230 τὸ
3208 4175 3318 4247 (68)
3340 4174 3618 4228 ἐκϐάλλειν

376 4266 448 4320 τὰ
506 4265 774 4335 δαιμόνια⁹
805 4265 864 4316 ὲν
903 4261 1180 4333 nucum
1223 4263 1282 4316 δὲ
1331 4263 1472 4334 ἁγίῳ
1520 4258 1674 4318 εἶπεν
1709 4263 1992 4318 ἐκϐάλλειν
2043 4264 2113 4318 τὰ
2148 4265 2399 4337 δαιμόνια
2431 4284 2445 4298 ·
2489 4271 2560 4322 El
2615 4268 2684 4322 δὲ
2741 4269 2877 4340 ἐγὼ,
2936 4271 3120 4339 φησὶν,
3192 4268 3264 4322 ἐν
3324 4267 3618 4335 Πνεύματι

377 4355 532 4412 Θεοῦ
581 4353 853 4409 ἐκϐάλλω
897 4351 969 4407 τὰ
1002 4352 1295 4421 δαιμόνιαο
1348 4354 1486 4425 Περὶ
1535 4345 1596 4408 οὗ
1653 4358 1683 4409 6
1735 4356 1946 4422 Λουκᾶς
1983 4375 2146 4430 φησιν
2195 4358 2342 4430 (69)’
2370 4360 2439 4412 El
2460 4359 2529 4412 δὲ
2559 4360 2674 4430 ἐγὼ
2722 4360 2794 4414 ἐν
2835 4359 3107 4428 δακτύλῳ
3138 4361 3282 4415 Θεοῦ
3333 4359 3602 4414 ἐκϐάλλω

448 4523 492 4555 ⁸⁸
534 4522 654 4578 Act.
683 4537 780 4583 vn,
813 4522 868 4576 ‘2.
942 4522 988 4554 ⁸³
1027 4521 1282 4592 lCor.u,
1309 4521 1365 4578 8.
1441 4523 1488 4592 θ’
1523 4522 1667 4580 Psal.
1705 4542 1863 4592 xxiii,
1897 4527 1986 4582 lO.

2722 4529 2767 4561 ⁸³
2805 4527 2909 4584 lsa.
2939 4544 3063 4593 va,
3089 4526 3252 4582 M—l6
3378 4527 3422 4558 ⁸⁸
3458 4525 3613 4582 Joan.

2081 4529 2128 4560 ⁸⁸
2165 4527 2268 4585 lsa.
2307 4543 2497 4596 xum,
2529 4529 2617 4583 il.

374 4611 470 4657 xx,
512 4593 603 4648 28.
679 4592 724 4624 ⁸⁷
763 4592 918 4647 Joan.
950 4607 1061 4656 xlv,
1096 4591 1242 4645 7-12.
1319 4592 1367 4625 ⁸⁸
1403 4591 1593 4654 Matth.
1624 4611 1724 4662 xu,
1754 4591 1857 4654 28.7
1919 4599 1964 4632 δ’
2001 4597 2133 4657 Luc.
2165 4615 2243 4666 ιιι,
2270 4598 2357 4654 20.

446 4751 559 4822 (62)
587 4749 914 4837 .Seg‘uerian‘.
949 4750 1261 4837 Goblcrian.
1295 4764 1349 4835 et
1373 4753 1608 4837 Felcltm.
1645 4757 1698 4837 ι,
1729 4757 1810 4837 ei;
1842 4756 1949 4837 ,τὸν

2071 4777 2168 4837 ζον
2184 4759 2286 4837 ,τὸν
2305 4759 2674 4837 Θεὸνλὲγρντα
2690 4757 3009 4837 τοῖς-ἐαυτοῦ
3029 4756 3294 4837 ιέαοηταῖς
3311 4772 3325 4786 ·
3350 4755 3412 4806 El
3435 4754 3608 4837 7.6.9.2.

370 4823 510 4908 ῷην
540 4819 603 4874 ἐἰ
647 4819 722 4891 μὴ
752 4821 781 4873 6
815 4821 940 4906 Υἱὸς
983 4824 1012 4875 6
1055 4823 1118 4874 ὲκ
1151 4823 1385 4904 νεκρῶν.
1425 4823 1578 4904 .Editi
1610 4833 1665 4879 et
1694 4819 1810 4890 alii,
1842 4827 1946 4891 ἓως

373 4890 687 5015 326,05;
708 4893 738 4945 6
768 4891 893 4955 Υιὸς
919 4893 983 4944 ὲκ
1009 4908 1238 4963 νεκρων.
1268 4891 1388 4948 Mox
1424 4911 1478 4948 in
1516 4893 1863 4952 Felckmanni
1890 4897 1949 4967 2,

453 4980 481 5015 ν
517 4976 687 5016 (ιεεει.

375 4980 481 5032 μεν
517 4980 687 5016 neeSI.

375 5102 384 5104 _
447 5031 563 5104 (63)
601 5030 890 5104 Kaldeest
939 5031 994 5086 in
1049 5032 1375 5104 quibusdam
1411 5034 1822 5104 manuscriptis,
1851 5037 1945 5092 sed

371 5101 576 5174 legitur
605 5101 658 5155 in
691 5101 995 5174 aliis._ltem
1027 5102 1130 5174 καίΔ
1152 5103 1659 5174 proximesequens
1691 5101 1844 5160 deest
1888 5107 1944 5162 in

372 5172 736 5241 Seguenano.
769 5170 911 5226 Infra
925 5182 1056 5241 post
1079 5171 1218 5241 πλὴν
1241 5172 1355 5238 σοῦ,
1389 5170 1520 5237 Θεός
1543 5175 1695 5230 deest
1723 5176 1777 5229 in
1805 5177 1946 5229 mul-

368 5243 447 5366 ἑίε
467 5240 887 5313 ιιιειιιιεοιίριὶε.
920 5240 1122 5297 ibidem
1149 5240 1368 5297 Gobler.
1401 5253 1456 5299 et
1492 5241 1728 5300 Fclékni.
1765 5247 1814 5312 l,
1845 5246 1945 5299 οὐκ

404 5327 549 5364 σται.

404 5327 549 5364 σται.

451 5380 562 5451 (6i)
604 5379 695 5451 Sic
721 5395 910 5451 omnes
932 5381 1102 5437 ferme
1126 5383 1505 5451 manuscripti.
1557 5382 1614 5437 ln
1641 5385 1822 5451 editis,
1848 5386 1944 5438 a6-

348 5449 455 5520 ,τῷ
481 5449 651 5506 deest.
672 5449 817 5504 Infra
837 5463 972 5519 ροςι,
988 5451 1051 5503 τὸ
1067 5449 1236 5520 πάθος
1253 5449 1438 5517 αὐτοῦ,
1456 5467 1644 5508 omnes
1673 5453 1783 5508 fere
1806 5449 1935 5510 mss.

351 5519 598 5590 habent,
626 5520 723 5574 καὶ
753 5520 851 5590 τὴν
878 5519 1169 5590 πτωχείαν,
1198 5537 1319 5590 qua:
1340 5522 1535 5577 desunt
1561 5523 1613 5576 in
1644 5525 1824 5581 editis.
1848 5523 1938 5578 ln-

375 5589 459 5645 fra
485 5605 582 5664 [ro
611 5589 942 5664 αναστάιντα,
972 5589 1193 5664 εοευεις.
1218 5589 1385 5664 habet
1417 5591 1729 5664 ὲγερρέντα.

453 5660 565 5744 (65)
605 5661 995 5744 Segueriapus,
1020 5659 1108 5744 ςιῷΔ
1151 5659 1526 5744 ἁγίῳ-Θωμᾷ(
1564 5661 1770 5744 ibidem
1817 5661 1936 5744 ng.

379 5729 538 5786 Gohl.
584 5741 636 5788 et
673 5729 819 5784 Fclc.
866 5730 902 5783 l.
945 5739 999 5784 ιιι
1020 5730 1072 5784 in
1097 5729 1267 5784 textu.
1293 5729 1430 5785 Editi
1456 5729 1579 5786 νει-ο
1602 5742 1651 5787 et
1685 5733 1796 5800 alii,
1826 5729 1936 5787 KJ-

2103 4829 2272 4899 ατέρα
2295 4847 2395 4900 μου
2421 4831 2486 4885 ἂν
2524 4825 2731 4901 ᾔδειτε.
2769 4831 3000 4900 Ἀπάρτι
3029 4825 3084 4901 δὲ
3115 4825 3426 4901 γινωσκεςτε.
3448 4825 3606 4901 Αὐτῴ

2053 4914 2182 4970 mox
2205 4894 2454 4970 'sequens
2498 4894 2651 4956 de'est
2683 4901 2738 4955 in
2768 4894 2949 4965 editis,
2979 4899 3074 4954 sed
3119 4894 3315 4966 legitur
3343 4894 3398 4947 in
3431 4895 3608 4947 omni-

2052 4969 2156 5024 bus
2189 4969 2360 5025 ferme
2384 4985 2516 5026 mss.

2123 5039 2238 5108 (66)
2278 5039 2356 5094 Ita
2377 5055 2566 5096 omnes
2579 5039 2746 5096 ferme
2761 5035 3137 5108 msanieditis
3153 5049 3297 5108 vero,
3317 5032 3450 5108 haec,
3466 5033 3605 5108 ἐστις

2049 5101 2140 5231 gf
2156 5101 2400 5216 ρῆματα,
2433 5111 2648 5167 desunt.
2677 5106 3061 5178 infra-plurimi
3089 5104 3325 5169 codices,
3351 5101 3525 5171 μένων
3547 5105 3606 5156 ἐν

2122 5197 2191 5231 ο..

2122 5197 2149 5232 ο

2269 5251 2386 5305 Μου
2417 5251 2569 5306 deest
2611 5249 2666 5303 in
2714 5248 2837 5318 Seg.
2869 5255 2924 5301 et
2955 5244 3098 5318 Felc.
3127 5243 3170 5318 2
3197 5241 3358 5318 solis._
3405 5239 3607 5318 Ibidem

2053 5315 2184 5385 haec,
2214 5313 2308 5372 καὶ
2345 5323 2374 5374 6
2402 5319 2589 5442 Hatﬁf
2617 5320 2675 5371 ὲν
2695 5313 2816 5388 ἐμοί
2859 5318 3032 5398 εστιν..
3056 5315 3319 5395 habentur
3345 5313 3402 5366 in
3429 5313 3621 5369 omnin

2053 5387 2152 5442 bus
2179 5388 2348 5442 ferme
2375 5405 2507 5442 mss.
2577 5398 2842 5442 esuntuue
2874 5403 2927 5440 ιιι
2951 5387 3128 5440 editis.

2049 5387 2152 5443 bus
2179 5388 2348 5444 ferme
2375 5405 2507 5443 mss.
2540 5385 2927 5457 desuntﬂuejn
2951 5385 3128 5457 editis.

2121 5459 2235 5527 (68)
2277 5457 2368 5514 Sic
2412 5457 2634 5525 quidam
2678 5451 2811 5512 mss.
2843 5455 2901 5510 In
2931 5455 3053 5510 aliis
3078 5469 3206 5527 vero
3253 5461 3309 5527 et
3334 5451 3517 5527 editis,
3540 5451 3606 5527 τὸ

2047 5521 2226 5596 deest.
2251 5521 2449 5582 Ibidem
2473 5541 2662 5582 omnes
2691 5541 2829 5596 pene
2860 5541 3016 5590 mss.,
3033 5525 3157 5586 τοὺς
3184 5522 3460 5592 δαίμονας.
3479 5521 3606 5575 Ειιία

2051 5597 2111 5658 ti,
2137 5595 2204 5648 τὰ
2229 5597 2494 5665 δαιμόνια.

2121 5665 2232 5732 (69)
2272 5655 2587 5733 Séguerian.
2629 5664 2938 5718 Gobterian.
2986 5671 3038 5718 et
3069 5661 3304 5733 Felckm.
3336 5661 3390 5724 2,
3426 5655 3602 5733 sinev:

2050 5730 2246 5788 Ibidem
2278 5730 2623 5808 Anglicanus,
2655 5735 2715 5788 Εἰ
2746 5733 2799 5787 δὲ
2831 5736 2938 5804 ἐγὼ
2968 5735 3024 5786 ὲν
3051 5730 3322 5799 Πνεῦματι
3352 5731 3490 5805 ἁγιῳ
3517 5733 3605 5788 tn-
