3992 6230
416 279 552 334 1019

1001 274 1057 328 S.
1100 272 1467 330 ATHANASll
1505 274 1654 329 OPP.
1696 273 1876 328 PARS
1915 273 1955 328 I.
1991 306 2059 315 —
2097 273 2467 329 HISTOBICA
2506 272 2593 328 ET
2633 275 3045 333 D‘OGMATICA.

3503 280 3524 332 1
3536 279 3636 334 020

415 393 490 445 τὰ
513 391 801 460 δαιμόνια.
838 389 964 442 Ὅτε
1005 390 1110 460 γὰρ
1146 390 1178 458 ή
1225 390 1411 460 Γραφὴ
1456 389 1546 442 τὸν
1575 389 1806 460 Χριστὸν
1843 389 2103 460 βραχίονα
2149 390 2402 460 ὀνομάζει
2431 390 2525 443 τοῦ
2554 393 2786 464 Πατρὸς,
2834 393 2894 446 τὸ
2957 393 3110 462 ἅγιον
3167 393 3391 463 Πνεῦμα
3446 393 3638 447 δάκτυ-

414 483 505 536 λον
519 480 653 534 Θεοῦ
683 479 867 532 καλεῖ·
894 481 986 533 καὶ
1019 480 1104 532 ὅτε
1130 480 1185 531 δὲ
1221 481 1311 532 τὸν
1341 481 1466 532 Υἱὸν
1495 479 1627 532 Θεοῦ
1658 480 1826 548 Λόγον
1855 480 2128 550 ὀνομάζει,
2163 481 2222 532 τὸ
2277 483 2429 549 ἅγιον
2452 484 2671 552 Πνεῦμα
2697 484 2996 555 ἐμφύσημα
3027 484 3119 538 τοῦ
3145 484 3279 538 Θεοῦ
3312 485 3480 553 λέγει.

487 573 578 626 20.
605 572 682 625 At:
705 586 922 626 rursum
950 570 1240 639 Apostolus
1263 571 1337 623 ait
1366 567 1528 624 :Cum
1556 569 1834 623 tradiderit
1863 573 1976 639 reg-

2145 572 2232 626 20.
2271 574 2379 625 Καὶ
2410 574 2568 626 πάλιν
2601 574 2795 642 λέγειὸ
2843 576 3193 640 Ἀπόστολος·
3245 577 3429 631 Ὅταν
3455 593 3638 646 παρα-

417 678 546 714 num
603 661 711 713 Deo
748 669 798 713 et
834 659 1009 724 Patri,
1038 675 1156 710 cum
1183 659 1510 711 evacuaverit
1550 673 1754 712 onmem
1793 659 1986 725 princi-

369 821 372 826 ι
418 764 603 823 patum
649 764 696 806 et
734 761 1042 822 potestatem
1078 765 1126 806 et
1157 753 1421 804 virtutem.
1444 750 1660 818 Oportet
1678 752 1816 804 enim
1831 750 1983 804 illum

421 862 658 915 regnare,
712 846 871 898 donec
923 853 1084 912 ponat
1118 859 1293 896 omnes
1343 844 1584 897 inimicos
1625 843 1719 896 sub
1768 844 1982 911 pedibus

422 939 553 1007 ejus.
596 937 892 990 Novissima
918 948 1093 988 autent
1122 936 1334 988 inimica
1357 935 1656 988 destruetur
1680 951 1817 988 mors
1836 952 1853 989 :
1873 952 1984 989 om-

423 1032 513 1083 nia
541 1030 679 1082 enim
701 1027 919 1097 subjecit
941 1031 1034 1080 sub
1063 1026 1277 1095 pedibus
1303 1025 1434 1094 ejus.
1461 1026 1592 1080 Cum
1619 1035 1790 1078 autem
1821 1027 1982 1092 dicat,

428 1121 618 1176 Omnia
647 1120 879 1189 subjecta
927 1128 1047 1172 sunt
1085 1121 1152 1183 ei,
1182 1121 1291 1172 sine
1328 1119 1486 1171 dubio
1523 1129 1712 1189 praeter
1748 1136 1862 1171 eum
1896 1121 1986 1186 qui

424 1212 644 1280 subjecit
686 1212 732 1263 ei
775 1210 970 1262 omnia.
1005 1207 1137 1262 Cum
1183 1218 1356 1262 autem
1387 1208 1621 1277 subjecta
1667 1210 1862 1276 fuerint
1903 1209 1989 1262 illi

425 1303 626 1365 omnia,
664 1311 786 1354 tunc
815 1311 859 1354 ει
887 1303 995 1370 ipse
1025 1299 1201 1353 Filius
1225 1300 1486 1367 subjectus
1521 1301 1621 1352 erit
1645 1300 1711 1362 ei,
1738 1299 1826 1367 qui
1863 1300 1988 1352 sub--

421 1394 548 1462 jecit
591 1393 691 1446 sibi
728 1395 927 1459 omnia,
955 1404 1014 1445 ut
1052 1395 1120 1445 sit
1175 1391 1314 1444 Deus
1344 1393 1520 1443 omnia
1561 1391 1614 1443 in
1659 1390 1897 1443 omnibus
1919 1390 1987 1443 ⁹⁰.

429 1483 541 1538 Hoc
590 1485 655 1538 de
695 1484 1031 1553 subjectione
1071 1482 1258 1536 mundi
1297 1483 1392 1550 ait,
1428 1495 1548 1550 qua:
1594 1481 1648 1534 in
1683 1495 1846 1535 carne
1873 1483 1990 1551 ejus

428 1575 732 1644 subjicitur.
777 1573 912 1628 Nam
961 1575 1027 1629 de
1067 1589 1233 1642 regno
1278 1573 1396 1642 ejus
1445 1573 1632 1628 divino
1678 1573 1867 1630 Daniel
1905 1576 1989 1629 his

428 1668 610 1722 verbis
654 1666 866 1721 locutus
889 1675 1012 1721 est:
1051 1664 1122 1718 Et
1162 1666 1305 1735 regni
1335 1665 1446 1733 ejus
1493 1682 1595 1718 non
1631 1668 1731 1720 erit
1774 1668 1895 1735 finis
1920 1669 1986 1719 ⁸⁸.

431 1758 894 1825 Quemadmodum
925 1758 1100 1813 Lucas
1122 1758 1216 1823 ait,
1247 1759 1494 1827 angelum
1529 1758 1744 1814 Gabriel
1772 1761 1838 1814 ad
1866 1759 1990 1814 Vir-

430 1851 609 1920 ginem
643 1851 709 1905 de
741 1850 970 1906 Domino
999 1851 1238 1904 locutum
1269 1849 1437 1904 fuisse
1468 1869 1481 1904 :
1520 1849 1589 1904 Et
1615 1851 1872 1922 regnabit,
1904 1854 1988 1906 in-

429 1942 568 2012 quit,
595 1942 649 1995 in
681 1951 956 2006 wternum,
981 1950 1029 1995 et
1055 1943 1198 2012 regni
1230 1942 1343 2010 ejus
1374 1959 1474 1996 non
1496 1943 1596 1996 erit
1619 1944 1740 2012 ﬁnis
1764 1944 1830 1997 θ’.
1850 1944 1993 2013 Αρο-
2023 1929 2065 1982 Β

431 2035 605 2088 stolus
632 2048 762 2088 vero
783 2033 876 2098 ait,
903 2048 1127 2103 regnum
1154 2035 1271 2103 ejus
1290 2036 1449 2088 linem
1469 2035 1798 2112 habiturum.
1825 2035 1994 2103 Opor-

433 2135 504 2179 tet
528 2128 668 2179 enim
694 2125 848 2178 illum
878 2141 1113 2196 regnare,
1147 2126 1340 2196 inquit,
1369 2129 1529 2181 donec
1565 2137 1723 2196 ponat
1756 2129 1993 2182 inimicos

432 2216 526 2268 sub
561 2216 774 2284 pedibus
795 2216 928 2284 ejus.
959 2215 1221 2270 Similiter
1245 2227 1298 2270 et
1326 2216 1490 2271 David
1521 2216 1706 2271 :Dixit
1740 2217 1994 2271 Dominus

435 2310 660 2364 Domino
686 2327 799 2366 meo
825 2329 842 2366 :
869 2309 1000 2366 Sede
1034 2329 1066 2364 a
1095 2310 1293 2365 dextris
1323 2312 1469 2377 meis,
1498 2313 1659 2365 donec
1679 2329 1869 2382 ponam
1896 2313 1998 2365 ini-

436 2406 598 2458 micos
631 2415 749 2460 tuos
771 2405 1054 2459 scabeltum
1080 2405 1270 2471 pedum
1312 2414 1520 2458 tuorum
1538 2405 1603 2457 ³³.
1641 2403 1798 2470 Quod
1835 2405 1997 2474 igitur

434 2497 586 2563 dicit,
633 2498 772 2561 sede,
818 2497 1031 2550 initium
1087 2497 1395 2567 signiﬁcat:
1428 2507 1480 2552 et
1518 2497 1660 2567 quod
1699 2498 1792 2560 ait,
1838 2497 1998 2551 donec

433 2594 699 2657 ponentur
724 2587 924 2640 inimici
959 2587 1057 2653 tui,
1078 2586 1235 2642 ﬁnem
1271 2586 1494 2642 indicat.
1521 2585 1652 2642 Cum
1678 2596 1851 2639 autem
1876 2586 2000 2640 sub-

426 2681 572 2748 jecta
595 2680 790 2749 fuerint
825 2679 907 2733 illi
933 2681 1131 2742 omnia,
1161 2689 1280 2733 tunc
1312 2688 1361 2733 et
1387 2681 1494 2748 ipse
1538 2679 1712 2734 Filius
1739 2666 1999 2749 subjectus

431 2771 532 2824 erit
561 2770 608 2823 ei
630 2771 720 2839 qui
750 2769 971 2838 subjecit
997 2771 1098 2824 sibi
1123 2771 1300 2824 omnia
1323 2787 1341 2824 :
1364 2779 1421 2823 ut
1442 2773 1512 2825 sit
1537 2770 1677 2825 Deus
1702 2771 1862 2840 709
1889 2787 2001 2825 om-

434 2863 527 2915 nia
566 2865 621 2915 in
665 2864 904 2916 erunibus
930 2864 1016 2917 :id
1052 2872 1155 2928 est,
1191 2878 1312 2918 cum
1349 2878 1536 2918 omnes
1582 2863 1720 2917 Filio
1751 2863 1998 2932 subjecti,

433 2956 662 3023 ejusque
704 2955 946 3008 membra
992 2954 1210 3023 reperti,
1236 2970 1300 3010 ac
1335 2955 1388 3008 in
1431 2955 1523 3009 illo
1559 2954 1654 3008 lilii
1694 2954 1790 3008 Dei
1826 2954 2001 3010 eﬁ'ecti

434 3045 722 3110 fuerimus,
747 3063 834 3099 vos
881 3048 1039 3110 enim,
1079 3047 1276 3116 inquit,
1317 3063 1478 3100 unum
1524 3048 1649 3100 estis
1688 3049 1742 3100 in
1791 3046 2001 3102 Christo

436 3137 567 3192 Jesu
599 3137 682 3201 9‘;
703 3148 831 3192 tunc
853 3137 965 3206 ipse
986 3153 1084 3207 pro
1112 3138 1270 3192 nobis
1290 3137 1437 3191 Patri
1468 3138 1801 3207 subjicietur,
1829 3147 1888 3192 ut
1910 3155 2002 3193 ca-

439 3239 537 3300 put
575 3244 668 3298 pro
701 3229 816 3284 suis
850 3229 1128 3284 membris.
1173 3228 1417 3294 Quandiu
1457 3230 1600 3282 enim
1647 3231 1825 3284 omnia
1886 3230 2003 3298 ejus

440 3321 686 3376 membra
706 3321 948 3390 subjecta
975 3337 1080 3376 non
1102 3321 1272 3388 fuere,
1289 3320 1472 3374 tandiu
1489 3320 1600 3389 ipse
1616 3321 1707 3390 qui
1737 3329 1821 3374 est
1846 3331 2004 3390 caput

441 3428 653 3479 eorum,
672 3413 819 3468 Patri
851 3413 1126 3482 subjectus
1160 3429 1265 3466 non
1291 3420 1430 3476 erat,
1450 3412 1575 3465 dum
1600 3411 1815 3480 propria
1843 3426 2004 3465 mem-

438 3507 536 3561 bra
570 3515 919 3575 exspectaret.
969 3505 1026 3579 Si
1067 3520 1196 3560 vero
1228 3520 1372 3559 unus
1402 3505 1590 3560 fuisset
1621 3520 1685 3558 ex
1727 3504 2003 3573 subjectis,

439 3597 509 3650 ab
539 3596 695 3650 initio
709 3596 855 3650 Patri
888 3596 1168 3666 subjectus
1196 3595 1413 3660 fuisset,
1442 3604 1494 3650 et
1526 3611 1633 3648 non
1661 3595 1715 3648 in
1743 3595 1866 3648 line.
1895 3593 2006 3650 Nos

439 3687 586 3743 enim
613 3704 805 3743 sumus
831 3689 924 3759 qui
949 3689 1004 3742 in
1029 3703 1094 3745 eo
1127 3687 1272 3742 Patri
1300 3688 1624 3758 subjicimur
1651 3706 1665 3741 :
1701 3699 1755 3743 et
1777 3704 1879 3744 nos
1914 3703 2008 3743 su-

440 3798 566 3838 mus
604 3785 700 3854 qui
725 3786 780 3838 in
825 3797 890 3839 eo
928 3796 1242 3853 regnamus,
1267 3781 1442 3836 donec
1487 3791 1760 3850 ponantur
1803 3780 2007 3836 inimici

441 3876 616 3931 nostri
665 3876 767 3932 sub
814 3875 1040 3946 pedibus
1079 3872 1301 3928 nostris.
1341 3869 1477 3926 Nam
1515 3880 1734 3942 propter
1758 3872 2008 3926 inimicos

441 3977 662 4024 nostros
678 3967 942 4023 Dominus
971 3966 1233 4021 cmlorum
1251 3965 1304 4018 in
1331 3964 1740 4018 similitudinem
1759 3971 2005 4019 nostrum

444 4061 622 4115 factus
642 4067 764 4114 est:
795 4059 1110 4128 accepitque
1134 4058 1435 4111 humanum
1466 4055 1595 4110 illud
1617 4055 1813 4110 solium
1837 4055 2006 4110 David

441 4150 616 4219 patris
641 4149 748 4215 sui,
772 4149 1066 4203 secundum
1094 4162 1311 4204 carnem
1336 4185 1352 4212 ,
1382 4154 1441 4200 ut
1469 4146 1818 4202 reaediﬂcaret
1853 4155 1906 4201 et
1926 4161 2011 4201 re-

517 4303 561 4336 ³ο
601 4301 779 4362 lCor.
805 4322 896 4372 xv,
928 4305 1109 4362 24-28.
1185 4309 1228 4340 ’ί
1269 4307 1404 4363 Dan.
1435 4325 1518 4372 ιιι,
1556 4308 1677 4365 100.
1752 4309 1799 4341 ’³
1839 4307 2014 4362 Luc.1

449 4459 648 4533 sane.
680 4460 803 4533 Mox
842 4461 1079 4519 Fclckm.
1108 4465 1164 4528 2,
1204 4465 1294 4520 τὸν
1324 4468 1470 4521 Υἱόν.
1503 4465 1703 4520 Ibidem
1738 4466 1888 4533 editi,
1917 4468 2008 4521 τοῦ

448 4531 681 4604 Πατρὸς,
725 4532 785 4604 τὸ
819 4535 875 4587 δὲ
905 4533 1057 4602 ἅγιον
1082 4535 1306 4604 Πνεῦμα
1341 4537 1598 4590 δάκτυλον
1639 4531 1928 4591 Θεοῦ.”οτε
1957 4539 2014 4591 δὲ

447 4600 539 4680 ίερν
564 4600 690 4680 Υίρν
716 4602 850 4680 Θεοῦ
881 4600 1070 4680 Λόγον,
1088 4605 1159 4680 ,τὸ
1187 4600 1243 4658 δέ
1269 4607 1490 4680 Πνεῦμα
1515 4607 1667 4680 ἅγιον
1684 4606 1906 4680 _ép.<pi5cr'q
1916 4626 2010 4680 μα.

450 4623 539 4654 τον
571 4623 595 4654 ι
613 4623 690 4656 ιον
716 4623 850 4656 υεου
881 4623 1070 4671 Λογον,
1099 4623 1159 4658 το
1187 4623 1243 4658 οε
1269 4623 1490 4677 υνευμα
1515 4623 1667 4674 αγιον
1691 4623 2010 4728 εμιρυσημα.

450 4669 595 4744 Haec,
622 4672 939 4738 ἀσυστάτως
962 4674 1181 4744 [posita,
1217 4689 1285 4744 ex
1336 4675 1558 4744 Seguer.
1600 4675 1716 4729 Gob
1740 4678 1906 4732 erian.
1963 4687 2016 4731 et

450 4740 743 4833 Felckn‘i'kl
768 4740 1202 4833 (emendavimu‘s.
1233 4743 1357 4826 Most
1387 4740 1541 4833 editi,
1568 4746 1677 4833 ιξαὶ
1703 4746 1863 4833 πάλιν
1887 4749 2014 4833 εἶταν

452 4813 582 4891 λέγῃ
602 4829 615 4842 ο
643 4813 732 4866 '0.
768 4813 871 4868 Sed
903 4815 1104 4868 rectius
1130 4815 1469 4894 Seguetian.,
1499 4816 1610 4896 Καὶ
1650 4816 1810 4868 πάλιν
1845 4817 2013 4886 λέγει.

453 4882 655 4956 Ibidem
689 4898 879 4956 omnes
908 4885 1284 4956 manuscripti,
1313 4886 1606 4956 παραδιδῳ,
1636 4895 1828 4954 praeter
1868 4887 2013 4942 Felc.

453 4953 965 5027 tet'ltjuquuicum
998 4955 1157 5027 editis
1187 4954 1346 5027 habet
1377 4953 1621 5027 παραδῷ.

523 5021 637 5088 (70)
681 5021 770 5078 Sic
805 5022 1168 5092 Seguerianus
1210 5032 1264 5078 et
1291 5021 1511 5080 Graecus
1563 5021 1855 5094 Scriptura;
1904 5035 2018 5080 tex-

453 5101 564 5144 tus.
618 5095 675 5145 in
723 5094 882 5148 editis
915 5109 1066 5159 vero,
1099 5096 1275 5148 πᾶσαν
1304 5094 1473 5158 deest,
1495 5104 1548 5149 et
1571 5096 1819 5150 similiter
1850 5096 2011 5158 infra,

452 5162 694 5285 σὶἁῖτιῗςῇ
715 5179 835 5286 ιιυεῖ
876 5178 980 5218 vox
1004 5166 1199 5234 legitur
1225 5165 1280 5218 in
1316 5161 1662 5234 Segueriano,
1697 5165 2019 5220 Gobleriano

452 5248 480 5285 e
578 5249 606 5286 e
630 5249 658 5286 c
703 5249 774 5286 m.
847 5271 862 5286 .

451 5241 504 5285 et
535 5231 774 5288 Felckm.
809 5234 834 5286 1
847 5271 862 5286 .

525 5300 635 5372 (71)
680 5302 1065 5376 Seguerianus,
1105 5305 1566 5376 bnocaaaouéwmg.
1598 5303 1744 5359 Infra
1786 5305 2020 5376 maxima

456 5385 518 5436 pa
529 5375 1129 5445 rsAmaAnuscriptorum,
1155 5373 1438 5445 égétppade.
1459 5373 1600 5429 Editi
1625 5389 1772 5438 vero,
1794 5375 2017 5445 ἔφρασε.

527 5441 1036 5514 (72)(ἶοθιειίειιιιιε
1079 5455 1132 5497 et
1179 5441 1526 5514 b‘eickmanni
1569 5446 1795 5514 primus.
1836 5441 2022 5509 ’καθὼς

461 5509 553 5585 κα¹ι
575 5512 602 5560 ὁ
629 5511 854 5585 ᾷγγελός
888 5529 1020 5585 φηςι
1043 5515 1110 5585 τῇ
1146 5513 1421 5585 Παρθένῳ.
1449 5509 1648 5585 ibidem
1680 5514 2018 5585 Seguerian.,

464 5577 597 5656 πρξὶς
620 5577 721 5648 τὴν
738 5577 994 5634 Θεοτόκον
1022 5577 1113 5634 κάὶ
1137 5577 1426 5652 Παρθένον.
1454 5583 1598 5640 Infra
1623 5577 1781 5652 idean
1804 5588 1878 5650 είς
1901 5577 2023 5648 τοὺς

465 5661 682 5709 αιωνας.

2084 663 2225 728 διδῷ
2255 666 2367 732 τὴν
2380 666 2703 728 ,ϐασιλείαν
2739 665 2818 732 τῷ
2845 667 2965 734 Θεῷ
2994 667 3094 722 καὶ
3118 668 3323 736 Πατρὶ,
3343 669 3488 737 ὅταν
3508 687 3641 723 κατ-

2085 755 2321 824 αργήσῃ
2371 755 2575 811 πᾶσαν
2619 758 2815 827 ἀρχὴν
2842 761 2941 813 καὶ
2971 758 3175 817 πᾶσαν
3208 760 3317 832 (70)
3355 761 3643 825 ἐξουσίαν

2083 846 2184 899 καὶ
2205 845 2479 916 δύναμιν.
2515 849 2614 901 Δεῖ
2629 849 2738 918 γὰρ
2764 849 2948 903 αὑτὸν
2961 851 3316 914 ,βασιλεύειν
3352 851 3525 920 ἄχρις
3567 849 3644 904 ἂν

2086 940 2160 1008 θῇ
2185 941 2414 1007 πάντας
2441 938 2583 1008 τοὺς
2613 942 2862 1010 ἐχθροὺς
2892 943 3010 996 ὑπὸ
3042 942 3183 1009 τοὺς
3209 943 3397 1010 πόδας
3435 943 3642 998 αὐτοῦ.

2090 1033 2381 1101 Ἔσχατος
2403 1033 2614 1102 ἐχθρὸς
2641 1033 3007 1104 καταργεῖται
3047 1038 3080 1087 ὀ
3126 1035 3378 1101 θάνατος
3397 1051 3412 1066 ο
3447 1038 3645 1089 πάντα

2086 1122 2196 1191 γὰρ
2227 1123 2522 1188 ὑπέταξεν
2553 1124 2668 1179 ὑπὸ
2697 1124 2838 1190 τοὺς
2862 1125 3051 1191 πόδας
3087 1125 3292 1180 αὐτοῦ.
3342 1127 3526 1180 Ὅταν
3576 1125 3644 1179 δὲ

2086 1213 2250 1283 εἴπῃ,
2281 1213 2372 1267 ὅτι
2404 1214 2607 1268 Πάντα
2628 1215 3045 1282 ὑποτέτακται,
3085 1215 3307 1284 δῆλον,
3342 1216 3430 1270 ὅτι
3473 1216 3644 1282 ἐκτὸς

2086 1305 2192 1358 τοῦ
2224 1306 2636 1372 ὑποτάξαντος·
2668 1307 2825 1373 αὐτῷ
2855 1308 2926 1360 τὰ
2954 1306 3172 1360 πάντα.
3201 1310 3377 1362 Ὅταν
3396 1307 3464 1361 δὲ
3497 1312 3644 1362 ὑπο-

2089 1396 2238 1465 ταγῇ
2267 1396 2424 1463 αὐτῷ
2444 1399 2516 1451 τὰ
2539 1399 2752 1464 πάντα,
2785 1402 2917 1453 τότε
2941 1401 3040 1454 καὶ
3067 1401 3249 1468 αὐτὸς
3274 1406 3306 1455 ό
3339 1400 3469 1467 nec
3502 1402 3646 1453 ὑπο-

2087 1489 2403 1559 ταγήσεται
2424 1490 2503 1556 τῷ
2532 1492 2895 1556 ὑποτάξαντι
2941 1492 3100 1557 αὑτῷ
3123 1493 3195 1546 τὰ
3236 1492 3449 1558 πάντα,
3484 1493 3582 1546 ἵνα
3605 1492 3643 1558 ᾖ

2088 1588 2119 1638 ὁ
2155 1585 2296 1649 Θεὸς
2327 1585 2398 1637 τὰ
2424 1583 2618 1638 πάντα
2646 1585 2716 1638 ἐν
2739 1584 2904 1638 πᾶσι.
2947 1585 3082 1656 Περὶ
3111 1586 3210 1656 τῆς
3249 1585 3526 1653 ὑποταγῆς
3556 1584 3645 1637 τοῦ

2089 1678 2292 1746 κόσμου
2315 1675 2460 1743 λέγει
2489 1676 2587 1746 τῆς
2610 1676 2664 1727 ὲν
2689 1676 2851 1745 σαρκὶ
2873 1675 3034 1728 αὐτοῦ
3058 1675 3499 1744 ὑποτεταγμένης
3515 1675 3644 1744 (71).

2089 1766 2223 1838 Περὶ
2267 1766 2373 1836 γὰρ
2419 1766 2518 1836 τῆς
2565 1765 2839 1835 βασιλείας
2867 1765 3030 1819 αὐτοῦ
3080 1768 3178 1836 τῆς
3239 1765 3425 1836 θεῖκῆς
3457 1763 3648 1834 Δανιὴλ

2093 1859 2356 1930 ὲξέφρασε
2409 1858 2608 1926 λέγων·
2654 1857 2765 1911 Καὶ
2813 1857 2922 1926 τῆς
2962 1859 3283 1924 βασιλείας
3313 1857 3498 1912 αὐτοῦ
3542 1859 3649 1909 οὐκ

2093 1948 2264 2002 ἐσται
2295 1947 2488 2014 τέλος.
2517 1947 2714 2010 Καθὼς
2739 1948 2830 2000 καὶ
2850 1951 2877 2002 ὁ
2905 1949 3116 2012 Λουκᾶς
3134 1948 3280 2017 λέγει
3308 1950 3397 2002 τὸν
3427 1949 3650 2016 ἄγγελον

2095 2040 2332 2111 Γαϐριὴλ
2362 2039 2639 2110 εἰρηκέναι
2667 2039 2802 2110 πρὸς
2826 2039 2923 2111 τὴν
2943 2040 3212 2112 Παρθένον
3238 2041 3348 2112 (72)
3389 2042 3515 2109 περὶ
3558 2039 3663 2092 τοῦ

2095 2134 2299 2204 Κυρίου
2325 2149 2337 2160 ·
2367 2133 2474 2187 Καὶ
2492 2133 2872 2198 βασιλεύσει,
2902 2132 3082 2202 φησὶν,
3109 2135 3194 2198 εις
3214 2132 3514 2185 τὸναὶῶνα
3555 2133 3650 2184 καὶ

2097 2223 2205 2292 τῆς
2228 2224 2550 2289 βασιλείας
2565 2223 2748 2278 αὐτοῦ
2769 2227 2879 2277 οὐκ
2908 2224 3078 2277 ἐσται
3105 2225 3298 2290 τέλος.
3331 2225 3390 2278 '0
3411 2226 3467 2279 δὲ
3505 2228 3654 2280 Ἀπόε

2100 2317 2281 2380 στολος
2307 2317 2453 2385 λέγει
2475 2315 2626 2380 τέλος
2641 2315 2782 2386 ἔχειν
2799 2317 2900 2388 τὴν
2927 2317 3200 2386 βασιλείαν
3217 2318 3402 2372 αὑτοῦ.
3431 2318 3533 2372 Δεῖ
3549 2319 3654 2389 γὰρ

2098 2409 2284 2463 αὑτὸν
2325 2408 2681 2472 βασιλεύειν
2703 2451 2718 2475 ,
2769 2408 2954 2478 φησὶν,
3013 2408 3186 2478 ἄχρις
3231 2409 3307 2462 ἂν
3332 2409 3408 2478 θῇ
3432 2409 3656 2475 πάντας

2098 2501 2237 2565 τοὺς
2272 2501 2380 2569 (75)
2408 2498 2656 2568 ἐχθροὺς
2677 2497 2794 2554 ὑπὸ
2819 2499 2957 2564 τοὺς
2975 2500 3165 2566 πόδας
3186 2500 3389 2556 αὑτοῦ.
3432 2500 3655 2572 Ὁμοίως

2099 2593 2153 2646 δὲ
2175 2594 2266 2645 καὶ
2287 2594 2314 2644 ὁ
2353 2592 2514 2644 Δαϐίδ
2539 2610 2551 2622 ’
2577 2589 2752 2658 Eine,
2804 2593 2986 2664 φησὶν,
3013 2595 3045 2645 ὁ
3076 2595 3292 2662 Κύριος
3340 2592 3419 2659 τῷ
3467 2593 3656 2661 Κυρίῳ

2094 2699 2246 2754 μου·
2298 2684 2493 2738 Κάθου
2548 2685 2616 2738 ἐκ
2671 2684 2884 2749 δεξιῶν
2922 2702 3040 2753 μου
3072 2725 3086 2750 ,
3120 2685 3230 2751 ἕως
3283 2685 3360 2739 ἂν
3391 2685 3472 2740 θῶ
3520 2686 3655 2751 τοὺς

2100 2777 2348 2846 ἐχθρούς
2367 2790 2482 2831 σου
2529 2775 2860 2832 ὑποπόδιον
2877 2775 2994 2828 τῶν
3009 2775 3210 2830 ποδῶν
3229 2791 3363 2830 σου.
3388 2776 3460 2829 Τὸ
3485 2776 3656 2845 λέγειν

2102 2867 2194 2923 οὖν
2218 2868 2400 2932 αὑτὸν,
2428 2868 2612 2924 κάθου
2637 2908 2653 2934 ,
2687 2868 2860 2941 ἀρχὴν
2909 2868 3160 2940 σημαίνει
3180 2885 3194 2900 ·
3240 2867 3331 2921 καὶ
3361 2869 3422 2920 τὸ
3462 2868 3654 2935 λέγειν,

2102 2961 2211 3027 ἕως
2237 2961 2490 3014 τεθῶσιν
2511 2960 2622 3032 (74)
2661 2964 2714 3014 οἱ
2741 2961 2943 3030 ἐχθροί
2985 2976 3123 3027 σου,
3179 2959 3327 3024 τέλος
3373 2959 3654 3013 δείκνυσιν.

2106 3051 2280 3103 Ὅταν
2306 3049 2374 3103 δὲ
2405 3049 2677 3121 ὑποταγῇ
2693 3048 2852 3116 αὐτῷ
2875 3051 2947 3105 τὰ
2975 3050 3189 3113 πάντα,
3212 3051 3344 3103 τότε
3360 3051 3458 3103 καὶ
3487 3049 3660 3114 αὐτὸς

2105 3145 2137 3195 ό
2167 3140 2298 3207 Υἱὸς
2335 3141 2778 3211 ὑποταγήσεται
2829 3141 2908 3207 τῷ
2953 3140 3320 3204 ὑποτάξαντι
3381 3137 3541 3204 αὑτῷ
3595 3138 3663 3191 τὰ

2031 3269 2072 3324 c
2106 3234 2301 3287 πάντα
2325 3234 2436 3305 (75)
2453 3249 2466 3263 ·
2492 3235 2591 3287 ἵνα
2609 3230 2649 3305 ᾖ
2678 3237 2710 3288 ὀ
2734 3235 2876 3300 Θεὸς
2901 3233 2974 3287 τὰ
2999 3233 3196 3287 πάντα
3220 3233 3290 3285 ἐν
3309 3231 3486 3324 πᾶσι.
3501 3231 3664 3324 Τοῦτο

2109 3325 2164 3376 δέ
2191 3327 2356 3390 ἐστιν,
2389 3325 2516 3379 ὅταν
2537 3325 2701 3396 φησὶν
2737 3324 3095 3394 ὑποταγῶμεν
3120 3326 3170 3377 οἱ
3203 3325 3400 3387 πάντες
3424 3323 3501 3393 τῷ
3533 3323 3661 3394 Υἱῷ,

2109 3417 2419 3488 εὑρεθῶμεν
2447 3417 2610 3471 αὐτοῦ
2635 3417 2790 3488 μέλη,
2818 3419 2911 3471 καὶ
2938 3405 3223 3488 γενώμεθα
3254 3417 3397 3487 αὐτῷ
3417 3419 3497 3480 είς
3524 3417 3665 3477 υἱοὺς

2109 3509 2264 3563 Θεοῦ.
2306 3509 2490 3578 Ὑμεῖς
2523 3509 2653 3579 γὰρ,
2686 3505 2974 3578 φησὶν,εῖς
2998 3510 3138 3562 ἐστε
3177 3510 3245 3562 ἐν
3288 3507 3520 3577 Χριστῷ
3567 3508 3664 3573 Ἰη-

2111 3597 2227 3651 σοῦ
2248 3615 2260 3627 ·
2290 3599 2408 3651 τότε
2430 3599 2487 3651 δὲ
2517 3595 2675 3661 αὐτὸς
2711 3600 3111 3668 ὑποταγήσεται
3136 3597 3250 3651 ἀνθ’
3276 3598 3433 3668 ἡμῶν
3462 3597 3572 3667 (76)
3596 3598 3667 3665 τῷ

2113 3691 2309 3762 Πατρὶ,
2341 3690 2416 3754 ὠς
2447 3691 2652 3760 κεφαλὴ
2685 3690 2826 3760 ὑπὲρ
2863 3690 2970 3742 τῶν
3003 3691 3145 3742 ἰδίων
3183 3689 3379 3760 μελῶν.
3413 3689 3533 3742 Τῶν
3565 3687 3667 3758 γὰρ

2116 3781 2291 3850 μελῶν
2324 3781 2486 3834 αὐτοῦ
2518 3781 2758 3852 ’μηδέπω
2795 3781 3171 3849 ὑποταγέντων
3204 3783 3440 3844 πάντων,
3491 3783 3664 3844 αὐτὸς,

2112 3875 2145 3945 ἡ
2173 3872 2379 3941 κεφαλὴ
2409 3873 2604 3937 αὐτῶν,
2635 3872 2788 3925 οὔπω
2812 3873 3168 3926 ὑποτέτακται
3205 3873 3283 3944 τῷ
3311 3875 3506 3943 Ila-cpi,
3547 3875 3668 3926 ἁνα-

2116 3965 2291 4035 μένων
2319 3965 2388 4018 τὰ
2433 3965 2539 4019 ἴδια
2585 3965 2738 4036 μέλη.
2793 3966 2857 4018 Ei
2893 3965 2951 4017 δὲ
2975 3961 3042 4036 ἦν
3071 3960 3151 4028 εἷς
3172 3965 3278 4019 τῶν
3303 3963 3668 4036 ὑποτεταγμέ-

2114 4073 2219 4109 νων
2256 4056 2387 4128 (77),
2414 4055 2475 4120 ἐξ
2503 4057 2674 4128 ἀρχῆς
2695 4056 2761 4109 ἂν
2782 4057 3110 4110 ὑπετάσσετο
3141 4055 3218 4127 τῷ
3239 4058 3433 4129 Πατρὶ,
3458 4058 3552 4112 καὶ
3576 4058 3668 4110 οὐκ

2119 4151 2211 4203 ἐπὶ
2234 4149 2327 4202 τοῦ
2355 4149 2539 4214 τέλους
2562 4150 2718 4202 τοῦτο
2745 4151 2936 4203 ἐποίει.
2981 4151 3167 4222 Ἡμεῖς
3193 4152 3301 4224 γάρ
3343 4153 3507 4223 ἐσμεν
3530 4154 3576 4205 οἱ
3614 4153 3668 4203 ὲν

2023 4351 2036 4374 ,
2071 4308 2158 4365 55.
2234 4309 2278 4342 ³³
2317 4307 2458 4365 Psal.
2486 4324 2595 4374 cur,
2623 4310 2670 4364 1.
2749 4310 2796 4342 ³⁸
2811 4309 2985 4366 Galat.
3021 4325 3103 4375 ιιι,
3132 4309 3219 4362 28.

2183 4467 2319 4552 (7⁵5)Δ
2339 4468 2718 4552 Seguerianus,
2749 4470 2932 4552 φησὶν,
2966 4462 3223 4552 ἄχειςῆοῦ
3274 4467 3339 4552 διν
3373 4469 3446 4539 θῇ·
3472 4467 3668 4529 πάντας

2183 4485 2295 4552 (ιο)
2339 4485 2718 4590 arguerlanus,
2749 4485 2932 4541 φησιν,
2966 4485 3124 4560 axe};
3163 4485 3223 4522 ου
3274 4485 3339 4552 αν

2113 4539 2408 4610 τουςκΑιιε
2432 4554 2623 4610 manus
2660 4556 2809 4601 vero.
2841 4540 2998 4610 ἄχρις
3027 4558 3087 4594 ου
3121 4539 3184 4610 θῇ
3219 4556 3361 4610 τους.

2189 4608 2299 4679 (7.1)
2341 4607 2417 4662 Ita
2447 4609 2836 4679 Seguerianus.
2878 4607 3028 4664 ’Editi
3065 4607 3210 4672 vero,
3238 4609 3330 4661 καὶ
3365 4607 3470 4670 ἕως
3498 4608 3561 4660 ἂν
3591 4625 3672 4659 τε-

2117 4679 2298 4732 θῶσιν.
2327 4679 2450 4733 Mox
2496 4680 2652 4733 multi
2701 4695 2998 4743 manuscr.,
3030 4681 3174 4732 ὅταν.
3206 4679 3346 4732 Editi
3384 4694 3533 4740 vero,
3567 4680 3668 4730 ὅτε.

2116 4749 2286 4802 Paulo
2316 4758 2458 4819 post,
2490 4751 2648 4812 αὑτός
2684 4751 2834 4805 deest
2859 4751 2912 4805 in
2942 4749 3120 4813 editis,
3155 4750 3246 4804 sed
3269 4749 3462 4818 legitur
3485 4749 3537 4802 in
3564 4763 3673 4802 om—

2121 4819 2281 4873 nibus
2315 4835 2450 4888 pene
2478 4835 2612 4875 mss.

2189 4889 2300 4959 (75)
2343 4889 2566 4959 Seguer.
2597 4889 2811 4945 Gobler.
2847 4900 2901 4944 et
2928 4888 3164 4959 Felckm.
3193 4890 3243 4953 1,
3276 4887 3424 4959 αὐτῷ
3447 4889 3513 4941 τὰ
3549 4888 3649 4941 πάν

2117 4978 2185 5012 τα
2215 4958 2287 5012 ὲν
2306 4958 2458 5025 πᾶσι,
2491 4960 2646 5013 τοῦτο
2671 4960 2914 5029 βούλεται
2945 4958 3230 5029 (Seguem
3259 4958 3402 5012 θέλει
3427 4960 3446 5026 )
3486 4961 3671 5020 εἰπεῖν,

2118 5029 2492 5084 ὅταν.11)ἰάειη
2544 5032 2598 5082 in
2651 5029 2866 5084 Gobler.
2900 5039 2953 5082 et
2995 5029 3229 5084 Felckm.
3264 5030 3315 5091 1,
3347 5029 3479 5098 φησί
3508 5031 3671 5082 deest.

2119 5099 2239 5152 Mox
2279 5098 2404 5170 Seg.
2446 5099 2660 5154 Gobler.
2687 5108 2760 5168 iet
2810 5099 3048 5154 Felckm.
3087 5100 3138 5158 1.
3174 5100 3265 5152 καὶ
3310 5098 3592 5168 γενώμεθα
3623 5100 3674 5149 ἐν

2121 5170 2289 5223 αὐτῶ.

2119 5260 2133 5273 υ
2198 5225 2308 5311 (7'6)
2362 5239 2499 5292 Ἀνθ’
2528 5239 2686 5311 ήμῶν
2717 5239 2868 5293 deest
2909 5241 2961 5311 in
3004 5238 3240 5294 Felekm.
3269 5238 3325 5311 ε,
3358 5237 3504 5311 infra
3549 5239 3672 5298 hmo,

2123 5307 2242 5364 Τῶν
2277 5307 2382 5380 γὰρ
2412 5307 2586 5379 μελῶν
2627 5311 2822 5364 desunt
2849 5311 2902 5364 in
2937 5310 3251 5380 Seguerian.
3289 5307 3598 5362 Goblerian.
3629 5316 3676 5359 et

2121 5381 2358 5435 Fclckm.
2397 5381 2448 5434 1.

2195 5451 2306 5521 (77)
2348 5451 2655 5521 Seguerian.
2687 5449 2994 5504 Goblerian.
3022 5455 3074 5502 et
3111 5447 3436 5521 Felckman._
3462 5448 3514 5512 1,
3554 5450 3676 5521 ῦςτο-

2123 5518 2487 5591 τασσομένων.
2535 5520 2672 5574 Infra
2731 5521 2838 5573 duo
2889 5519 3167 5591 postremi,
3204 5518 3511 5591 -συνεποίεμ
3562 5518 3676 5591 ilex

2127 5586 2434 5647 iidem'cum
2465 5591 2817 5661 Segucriano,
2849 5586 2904 5642 οί
2926 5591 2979 5641 ὲν
3009 5589 3170 5657 αὐτῷ.
3204 5588 3363 5652 Editi,
3390 5591 3486 5642 σὺν
3517 5586 3675 5655 αὐτῷ.
