3992 6230
424 345 560 400 1029

1411 348 1749 404 EPISTOLA
1786 351 1877 405 AD
1914 350 2140 408 AFROS
2181 353 2572 413 EPISCOPOS.

3525 374 3662 430 1030

1074 562 1298 650 ΤΩΝ
1353 557 1614 650 ΚΑΤ⁹
1716 559 2287 655 ΑΙΓΥΠΤΟΝ
2357 572 2548 656 ΚΑΙ
2599 572 3009 662 ΛΙΒΥΗΝ

1557 770 1984 826 ΕΠΙΣΚΟΠΩΝ
2027 773 2516 828 ΕΝΕΝΗΚΟΝΤΑ

417 946 538 1000 ΚΑΙ
591 945 714 1000 ΤΟὶ
787 947 1148 1003 ΜΑΚΑΡῘΟΥ
1179 950 1567 1006 ΔΘΑΝΔΣΙΟΥ
1624 950 2357 1094 KA'IE}1
2387 957 2564 1010 ΤΟΥΣ
2607 958 2697 1012 ΕΝ
2753 961 2845 1031 Ἰᾘ
2895 961 3157 1036 ΑΦΡΙΚῌ
3191 961 3656 1023 ΤΙΜΙΩΤΑΤΟΥἎ

785 1389 1196 1451 EPISTULA
1251 1386 1862 1451 EPISCOPORUM
1899 1387 2244 1452 EGYPTI
2291 1391 2408 1452 ET
2459 1390 2740 1454 LIBYxE
2791 1395 3275 1461 NONAGINTA

1578 1574 1589 1588 ’
1619 1603 1870 1648 NEGNON
1924 1604 1985 1648 B.
2032 1604 2372 1649 ATHANASII

896 1772 1175 1830 CONTRA
1211 1771 1516 1830 ARIANOS
1541 1813 1557 1840 ,
1599 1771 1693 1826 AD
1732 1769 2347 1829 HONORATISSIMOS
2385 1768 2454 1825 IN
2494 1769 2752 1828 AFRICA
2785 1770 3182 1828 EPISCOPOS.

470 2108 522 2162 1.
573 2105 752 2160 Ἱκανὰ
784 2107 881 2178 μὲν
907 2107 974 2161 τά
1003 2109 1280 2180 γραφέντα
1309 2110 1462 2181 παρὰ
1481 2128 1540 2163 τε
1559 2108 1654 2163 τοῦ
1682 2107 1951 2180 ἀγαπητοῐ

2139 2106 2298 2176 712
2328 2105 2380 2159 1.
2406 2103 2552 2160 Satis
2575 2103 2793 2174 quidem
2835 2112 2965 2160 sunt
2985 2118 3108 2174 quae
3132 2119 3162 2158 a
3191 2103 3390 2160 dilecto
3415 2112 3469 2158 ct
3493 2119 3643 2160 com-
3696 2083 3701 2089 ’

395 2199 492 2253 καὶ
514 2197 922 2270 συλλειτουργοῦ
943 2199 1099 2269 ἡμῶν
1121 2199 1394 2271 Δαμάσου,
1434 2198 1526 2253 τοῦ
1552 2199 1849 2254 ἐπισκόπου
1869 2199 1965 2269 τῆς

398 2289 641 2361 μεγάλης
681 2289 926 2362 Ῥώμης,
975 2292 1069 2344 καὶ
1119 2291 1227 2344 τῶν
1280 2293 1374 2345 σὺν
1414 2290 1562 2361 αύτῷ
1591 2290 1856 2345 τοσούτων
1884 2290 1964 2362 (7)

394 2381 756 2436 συνελθόντων
785 2383 1125 2436 ἐπισκόπων·
1161 2383 1313 2436 οὐδὲν
1337 2382 1394 2435 δὲ
1417 2377 1579 2454 ἦττον
1617 2384 1711 2435 καὶ
1747 2382 1816 2435 τὰ
1852 2380 1962 2434 τῶν

391 2473 570 2528 ἄλλων
598 2473 902 2544 γενομένων
931 2474 1158 2528 συνόδων
1195 2474 1252 2527 ἔν
1296 2491 1354 2526 τε
1405 2476 1469 2544 τῇ
1520 2473 1720 2545 Γαλλίᾳ
1768 2473 1862 2527 καὶ
1893 2475 1960 2544 τῇ

405 2566 604 2637 Ἰταλίᾳ
647 2565 777 2636 περὶ
847 2565 948 2636 τῆς
999 2564 1344 2637 ὑγιαινούσης
1396 2565 1469 2636 (8)
1526 2566 1779 2631 πίστεως,
1835 2567 1900 2637 ἢν
1934 2568 1962 2619 ὁ

396 2660 498 2729 μὲν
527 2658 760 2731 Χριστὸς
787 2658 1096 2730 ἐχαρίσατο,
1145 2659 1191 2712 οί
1232 2657 1289 2711 δὲ
1333 2657 1614 2713 ἀπόστολοι
1665 2658 1956 2730 ἐκήρυξαν,

387 2752 487 2806 καὶ
515 2753 564 2804 οἱ
593 2751 834 2822 Πατέρες
863 2749 1304 2823 παραδεδώκασιν
1325 2753 1373 2804 οἱ
1409 2753 1466 2806 ὲν
1503 2754 1568 2822 τῇ
1602 2751 1650 2804 Ν
1658 2751 1803 2822 ικαίᾳ
1837 2767 1960 2803 συν-

386 2835 634 2905 ελθόντες
651 2841 760 2896 ἀπὸ
778 2841 956 2912 πάσης
970 2841 1068 2913 τῆς
1083 2840 1204 2894 καθ’
1221 2842 1367 2911 ἡμᾶς
1378 2843 1524 2895 οίκου
1533 2841 1720 2913 μένης.
1752 2842 1958 2895 Τοσαύ-

383 2949 456 3002 τη
492 2932 567 3002 (9)
609 2932 716 3004 γὰρ
747 2933 938 3002 γέγονε
993 2933 1114 2984 τότε
1170 2932 1373 3004 σπουδὴ
1409 2932 1497 2986 διὰ
1541 2932 1638 3004 τὴν
1674 2933 1956 3004 Ἀρειανὴν

382 3025 619 3096 αἵρεσιν,
653 3026 741 3080 ἵνα
761 3026 810 3078 οἱ
829 3025 928 3096 μὲν
953 3025 1303 3089 πεπτωκότες
1324 3027 1403 3089 είς
1421 3025 1588 3097 αὐτὴν
1605 3025 1958 3080 ἀνασπασθῶ-

385 3133 493 3182 σιν,
524 3118 574 3170 οἱ
598 3117 654 3170 δὲ
687 3117 1009 3196 ἐφευρόντες
1030 3115 1242 3188 ἔκδηλοι
1285 3117 1549 3187 γένωνται
1604 3117 1738 3189 (10).
1771 3117 1953 3192 Ταύτῃ

379 3211 517 3280 γοῦν
548 3211 640 3265 κα)⁴
660 3210 826 3265 πάλαι
849 3212 997 3264 πᾶσα
1025 3212 1059 3282 ἡ
1080 3209 1371 3282 οἰκουμένη
1390 3209 1794 3282 συμπεφώνηκε
1819 3209 1951 3281 (11),

378 3300 479 3355 καὶ
505 3299 599 3355 νῦν
630 3301 688 3354 δὲ
711 3300 919 3354 πολλῶν
948 3299 1179 3354 συνόδων
1205 3300 1538 3370 γενομένων,
1579 3298 1954 3370 ὑπομνησθέν-

377 3409 472 3456 τες
500 3392 699 3455 πάντες
727 3393 780 3445 οἵ
799 3409 858 3444 τε
879 3390 1020 3444 κατὰ
1038 3390 1135 3462 τὴν
1162 3390 1469 3461 Δαλματίαν
1488 3390 1621 3462 (12),
1641 3393 1734 3445 καὶ
1756 3393 1953 3463 Δαρδα-

2065 2198 2319 2252 ministro
2340 2206 2528 2252 nostro
2556 2195 2792 2252 Damaso
2830 2212 3041 2267 magna:
3073 2195 3256 2252 Romae
3284 2197 3559 2268 episcopo,
3585 2206 3638 2252 et

2062 2306 2092 2344 a
2117 2297 2196 2344 tot
2223 2289 2496 2360 episcopis
2523 2305 2630 2344 una
2669 2304 2792 2344 cum
2841 2289 2932 2343 illo
2966 2289 3192 2352 coactis,
3226 2304 3325 2344 nec
3363 2291 3543 2345 minus
3573 2306 3637 2345 ea

2061 2393 2183 2448 quae
2209 2378 2277 2432 ab
2301 2377 2424 2433 aliis
2462 2364 2684 2448 synodis
2711 2378 2766 2431 in
2785 2377 2957 2432 Gallia
2983 2389 3037 2434 et
3063 2378 3118 2432 in
3143 2377 3296 2433 Italia
3328 2379 3635 2446 celebratis,

2061 2471 2265 2540 scripta
2299 2479 2426 2526 sunt
2450 2471 2517 2526 de
2545 2485 2679 2526 sana
2711 2478 2766 2524 et
2796 2471 3095 2527 orthodoxa
3123 2471 3227 2526 (ide
3255 2491 3267 2525 :
3297 2487 3462 2542 quam
3487 2474 3640 2528 Chri-

2060 2571 2177 2619 stus
2199 2563 2428 2633 largitus
2449 2573 2553 2630 est,
2591 2564 2824 2633 apostoli
2848 2564 3233 2634 praedicarunt,
3257 2575 3489 2635 etquam
3516 2575 3631 2620 tra-

2058 2653 2241 2709 didere
2261 2652 2469 2720 Patres,
2501 2655 2594 2724 qui
2626 2669 2694 2710 ex
2728 2655 2986 2710 universo
3015 2655 3149 2710 orbe
3177 2667 3367 2710 nostro
3396 2653 3633 2711 Nicaam

2058 2756 2449 2801 convenerunt.
2473 2744 2598 2801 Ideo
2618 2746 2763 2802 enim
2795 2755 2942 2802 tanta
2962 2747 3331 2803 sollicitudine
3348 2749 3416 2802 de
3430 2748 3633 2802 Ariana

2057 2839 2246 2894 haeresi
2285 2847 2464 2893 actum
2500 2837 2623 2903 fuit,
2665 2850 2726 2892 ut
2752 2839 2844 2909 qui
2884 2839 2940 2892 in
2983 2853 3105 2894 eam
3157 2839 3292 2909 lapsi
3329 2849 3537 2902 essent,
3563 2841 3634 2893 ab

2056 2947 2119 2986 ea
2143 2931 2570 2997 retraherentur,
2607 2939 2662 2986 et
2713 2941 2772 2986 ut
2824 2923 2939 2985 noti
2968 2930 3149 2986 forent
3197 2940 3451 2988 auctores
3490 2931 3630 3001 ejus.

2057 3022 2196 3079 Iiuic
2220 3023 2384 3094 igitur
2404 3032 2551 3079 totus
2575 3023 2704 3078 olim
2729 3023 2968 3080 assensit
2989 3024 3161 3090 orbis,
3186 3033 3234 3078 et
3265 3025 3369 3080 hoc
3393 3033 3635 3094 tempore

2055 3118 2431 3188 compluribus
2458 3118 2744 3172 celebratis
2777 3117 3002 3188 synodis
3023 3157 3037 3182 ,
3083 3117 3278 3172 moniti
3304 3132 3496 3172 omnes
3535 3133 3634 3187 per

2054 3208 2399 3275 Dalmatiam,
2427 3209 2776 3276 Dardaniam,
2808 3208 3204 3276 Macedoniam,
3238 3208 3455 3280 Epiros,
3484 3209 3634 3265 Grae-

2054 3300 2215 3365 ciam,
2247 3300 2484 3368 Cretam,
2507 3313 2560 3356 et
2589 3302 2724 3356 alias
2761 3301 2990 3367 insulas,
3022 3300 3286 3366 Siciliam,
3309 3300 3547 3372 Cyprum
3578 3311 3633 3355 et

2053 3390 2462 3463 Pamphyliam,
2493 3391 2736 3464 Lyciam,
2776 3391 3038 3447 Isauriam
3059 3431 3074 3456 ,
3116 3392 3427 3447 universam
3462 3390 3632 3463 Egy—

377 3484 521 3548 νίαν,
541 3485 634 3538 καὶ
671 3484 1030 3548 Μακεδονίαν,
1071 3485 1362 3554 Ἠπείρους
1388 3501 1448 3536 τε
1473 3485 1568 3537 καὶ
1593 3484 1691 3555 τὴν
1707 3483 1946 3549 Ἐλλάδα,

2056 3493 2226 3554 ptum,
2257 3483 2477 3555 Libyas,
2499 3493 2553 3538 et
2572 3484 2817 3554 plerique
2849 3499 2916 3538 ex
2937 3483 3159 3552 Arabia,
3197 3485 3339 3538 hanc
3380 3497 3631 3553 compro-

377 3579 478 3631 καὶ
523 3579 769 3648 Κρήτην,
801 3577 894 3630 καὶ
925 3575 1023 3639 τὰς
1048 3576 1214 3640 ἄλλας
1236 3577 1452 3645 νήσους,
1477 3575 1725 3631 Σικελίαν
1764 3594 1822 3630 τε
1861 3578 1954 3630 καὶ

374 3667 625 3738 Κύπρον,
658 3670 752 3722 καὶ
775 3667 1101 3739 Παμφυλίαν
1137 3665 1271 3737 (15),
1299 3667 1504 3722 Λυκίαν
1535 3684 1595 3721 τε
1627 3668 1721 3721 καὶ
1777 3669 1952 3723 Ἰσαυ-

378 3759 522 3828 ρίαν,
555 3758 649 3812 καὶ
676 3758 855 3811 πᾶσάν
879 3776 938 3812 τε
961 3759 1060 3829 τὴν
1081 3758 1354 3827 Αἴγυπτον
1377 3758 1588 3821 καὶτὰς
1615 3758 1839 3824 Λιϐύας,
1857 3760 1950 3813 καὶ

373 3849 619 3903 πλεῖστοι
643 3849 750 3904 τῶν
780 3851 838 3904 ὲν
861 3853 928 3922 τῇ
967 3849 1196 3922 Ἀραϐίᾳ
1219 3849 1424 3922 ταύτην
1457 3851 1569 3922 (14)
1608 3851 1946 3921 ἐπέγνωσαν*

374 3943 473 3994 καὶ
501 3941 818 4012 ἐθαύμασάν
840 3959 898 3995 τε
922 3943 1047 4005 τοὺς
1071 3942 1513 4014 ὑπογράψαντας,
1537 3945 1617 3996 ὅτι
1636 3985 1651 4008 ,
1677 3947 1725 3997 εί
1757 3945 1852 3997 καί
1896 3963 1948 3998 τι

374 4033 783 4105 περιελέλειπτο
803 4037 934 4105 παρ’
960 4035 1141 4097 αὐτοῖς
1162 4035 1226 4086 ὲκ
1236 4034 1336 4104 τῆς
1353 4033 1508 4107 ῥίζης
1523 4034 1634 4089 τῶν
1650 4037 1945 4108 Ἀρειανῶν

372 4127 489 4179 ἄνω
519 4125 730 4194 φύουσα
746 4127 963 4197 πικρία,
988 4125 1274 4190 Λύξέντιόν
1292 4144 1471 4198 φαμεν
1492 4128 1586 4182 καὶ
1616 4130 1944 4200 Οὑρσάκιον,

372 4219 471 4272 καὶ
487 4217 761 4274 Οὐάλεντα
785 4221 1012 4283 καὶτοὺς
1029 4221 1250 4274 τὰαύτὰ
1267 4220 1594 4292 φρονοῦντας
1610 4222 1793 4285 αὐτοῖς
1811 4222 1943 4292 (15),

367 4309 463 4365 διὰ
487 4311 594 4365 τῶν
627 4314 966 4386 γραμμάτων
987 4315 1188 4369 τούτων
1217 4313 1553 4386 ὲξεκόπησαν
1597 4315 1690 4367 καὶ
1737 4315 1951 4367 ἀπελείο

370 4403 608 4474 φθησαν.
628 4405 806 4460 Ἱκανὰ
827 4406 925 4477 μὲν
946 4400 1038 4459 οὖν
1055 4405 1123 4459 τὰ
1135 4409 1192 4460 ὲν
1215 4409 1279 4476 τῇ
1305 4405 1511 4477 Νικαίᾳ
1524 4403 1943 4476 ὁμολογηθέντα,

367 4497 464 4550 καὶ
489 4498 760 4569 αὐτάρκη,
794 4498 938 4552 καθά
962 4499 1293 4571 προείπομεν
1316 4539 1331 4563 ,
1374 4499 1510 4570 πρός
1540 4515 1599 4550 τε
1625 4496 1942 4568 ἀνατροπὴν

366 4589 553 4660 πάσης
604 4590 832 4654 ἀσεϐοῦς
870 4592 1157 4662 αἱρέσεως,
1207 4595 1299 4644 καὶ
1340 4591 1476 4661 πρὸς
1523 4589 1824 4658 ἀσφάλειαν
1851 4591 1946 4643 καὶ

363 4681 640 4750 ὠφέλειαν
667 4682 768 4752 τῆς
806 4682 1264 4753 ὲκκλησιαστικῆς
1304 4682 1675 4745 διδασκαλίας.
1721 4681 1942 4752 Ἐπειδὴ

365 4773 426 4826 δὲ
464 4773 812 4845 ἠκούσαμεν,
850 4775 930 4827 ὅτι
952 4776 1114 4838 τινὲς,
1148 4771 1460 4844 βουλόμενοι
1506 4773 1618 4846 (16)
1671 4771 1942 4844 μάχεσθαι

431 4983 946 5066 16)_Scripta_anno
972 4983 1186 5066 circiter
1216 4979 1585 5066 569.‘Titulus
1612 4977 1932 5066 i'thAnglic”
1962 4983 2004 5040 (ς,

362 5048 462 5110 τοῦ
493 5048 657 5108 αὐτοῦ
691 5055 826 5124 πρὸς
850 5054 974 5116 τοὺς
1023 5055 1081 5106 ὲν
1137 5053 1367 5176 ’Λςρρικῇ
1409 5048 1774 5129 τιμιωτάτους.
1813 5050 1933 5100 ὲπι-

367 5126 628 5176 σκόπους.
660 5123 1029 5176 Theodoretus
1058 5137 1209 5176 vero.
1263 5123 1391 5176 tb.t.
1421 5134 1539 5176 can.
1577 5118 1630 5174 8.
1661 5128 1714 5171 et
1743 5119 1836 5172 lib.
1872 5134 1932 5176 ιι,

367 5126 628 5190 σκόπους.
660 5118 1029 5178 Theodoretus
1058 5118 1222 5189 vero,
1243 5118 1391 5182 liin,
1421 5118 1539 5187 cap.
1577 5118 1630 5174 8.
1656 5128 1714 5190 _e_t
1743 5119 1836 5172 lib.
1872 5134 1932 5190 ιι,

364 5212 492 5266 cap.
533 5187 620 5258 2‘3,
659 5193 864 5266 uiator.
901 5187 1215 5266 ecclesiast,
1249 5199 1408 5246 vocat
1466 5187 1750 5266 ἐπιστολὴν
1800 5188 1936 5266 πρδς

366 5259 636 5337 Ἀ’φρους.
713 5264 768 5318 1η
831 5264 998 5335 Regio
1050 5265 1201 5318 deest
1231 5303 1248 5328 ,
1303 5261 1661 5331 τιμιωτάτους
1717 5259 1938 5312 ἐπισκό-

337 5350 356 5368 ·
367 5353 527 5398 πους.

466 5407 518 5478 ἶ)
555 5406 910 5478 Anglicanus,
941 5405 1036 5478 καὶ
1058 5404 1166 5457 τῶν
1193 5405 1250 5456 ὲν
1272 5403 1406 5478 αὐτῇ
1433 5398 1720 5454 τοσούτων.

467 5477 520 5546 8)
560 5473 911 5546 Anglicanus,
939 5475 1039 5544 τῆς
1066 5473 1414 5546 συνενούσης.

443 5544 522 5616 (9)
561 5544 916 5616 Anglicanus,
947 5544 1190 5616 τοιαύτη.

442 5611 556 5687 (ιο)
594 5611 946 5687 Anglicanus,
976 5616 1054 5687 εἰς
1084 5611 1253 5684 αὐτὴν
1287 5613 1671 5666 ἀναστῶσινοοὶ
1694 5611 1750 5664 δὲ
1772 5614 1927 5679 ἐφευ-

368 5685 559 5759 ρόντες
583 5685 770 5759 ἄδηλοι
796 5686 915 5753 (sic)
945 5685 1227 5759 γένωνται.

440 5750 570 5829 (11)
588 5750 945 5829 Anglicanus,
977 5755 1123 5829 πᾶσα
1156 5755 1250 5822 μὲν
1300 5756 1332 5825 ἡ
1377 5752 1668 5822 οἰκουμένη
1693 5750 1931 5821 συνεφώ-

375 5823 522 5886 νησε.
537 5823 543 5826 ⁷
557 5823 870 5884 Mox—idem.
902 5823 1192 5889 γινομένων
1205 5874 1213 5880 .

2059 3576 2258 3630 barunt
2290 3595 2303 3631 :
2346 3577 2708 3646 admiratique
2745 3588 2873 3632 sunt
2909 3593 3003 3634 eos
3033 3579 3124 3649 qui
3164 3578 3626 3648 su‘bscripserant,

2056 3666 2184 3735 quia
2211 3666 2419 3721 scilicet
2447 3667 2492 3723 si
2524 3683 2632 3735 qua
2659 3667 2802 3738 apud
2837 3669 2960 3724 illos
2993 3685 3060 3724 ex
3085 3669 3428 3727 Arianorum.
3449 3670 3629 3729 radiee

2055 3757 2274 3812 residua
2295 3765 2412 3812 erat
2439 3772 2656 3813 sursum
2681 3759 2952 3828 pullulans
2975 3760 3305 3825 amaritudo,
3323 3761 3626 3817 Auxentius

2055 3864 2270 3919 nempe,
2291 3848 2573 3917 Ursacius,
2603 3849 2821 3918 Valens,
2841 3860 2894 3905 et
2932 3852 3027 3922 qui
3065 3852 3312 3906 eamdem
3344 3870 3506 3924 quam
3537 3856 3624 3909 isti

2055 3952 2274 3998 tuentur
2305 3943 2665 4010 sententiam;
2690 3945 2788 4010 illi,
2815 3945 3062 4016 inquam,
3087 3946 3190 4015 ipsi
3216 3962 3312 4016 per
3335 3963 3396 4001 ea
3425 3949 3624 4018 scripta

2055 4035 2287 4090 ahscissi
2348 4036 2646 4107 rejectique
2696 4036 2928 4091 fuerant.
2978 4036 3266 4093 Suﬂiciunt
3312 4039 3495 4109 itaque
3537 4055 3626 4095 sa-

2053 4129 2232 4198 tisque
2260 4139 2410 4197 sunt,
2432 4130 2509 4184 uti
2533 4146 2698 4201 supra
2721 4131 2981 4196 diximus,
3004 4131 3220 4187 Nicaena
3243 4133 3480 4197 decreta,
3497 4148 3620 4188 cum

2052 4221 2116 4274 ad
2148 4220 2558 4275 subversionem
2579 4221 2759 4275 omnis
2783 4221 2962 4290 impia;
2987 4222 3276 4284 haereseos,
3299 4232 3409 4276 tum
3442 4221 3507 4276 ad
3536 4228 3624 4276 tu»-

2053 4311 2212 4365 telam
2273 4311 2673 4381 utilitatemque
2721 4310 3108 4366 ecclesiastica:
3152 4311 3436 4366 doctrinae.
3483 4311 3620 4378 Quia

2050 4414 2230 4458 tamen
2257 4404 2567 4459 audivimus
2595 4403 2886 4459 nonnullos
2921 4403 3084 4472 hujus
3115 4404 3494 4473 Oppugnandze
3521 4419 3617 4457 cn-

2049 4497 2224 4566 pidos,
2245 4497 2537 4566 quamdam
2559 4495 2825 4567 synodum
2853 4495 3011 4565 quasi
3033 4495 3266 4549 Arimini
3291 4497 3617 4551 celebratam

2048 4589 2102 4643 in
2125 4589 2360 4644 medium
2387 4589 2596 4655 all'erre,
2617 4600 2779 4660 atque
2800 4605 3016 4644 omnem
3037 4603 3255 4645 movere
3278 4587 3532 4656 lapidem,
3562 4599 3621 4640 ut

2047 4695 2132 4740 ea,
2154 4678 2334 4747 potius
2349 4695 2512 4749 quam
2542 4679 3078 4745 Nicaena,obtineat;
3113 4691 3336 4732 necesse
3361 4676 3617 4729 duximus

2047 4786 2144 4824 vos
2167 4769 2362 4825 litteris
2385 4785 2605 4826 monere
2622 4773 2844 4836 nostris,
2873 4782 2930 4826 ut
2949 4787 3016 4826 ne
3030 4766 3340 4840 hujusmodi
3368 4767 3614 4821 homines

2111 4978 2222 5046 (12)
2260 4977 2611 5048 Anglicanus,
2635 4983 2683 5032 οί
2715 4978 2855 5034 κατὰ
2881 4977 2980 5048 τὴν
3009 4972 3327 5048 Δελματίαν,
3360 4970 3452 5048 καὶ
3471 4973 3610 5040 Δαρ-

2041 5043 2246 5112 δανίαν,
2278 5050 2371 5102 καὶ
2399 5047 2561 5112 ἄλλας
2591 5043 2808 5116 νήσους.
2846 5048 2912 5100 Et
2937 5043 3174 5116 'itaAlegit
3201 5043 3465 5116 _Nanmus.

2035 5163 2044 5172 .
2115 5119 2224 5187 (l5)
2267 5117 2340 5172 Ita
2372 5121 2586 5188 ltegius.
2623 5113 2785 5186 Editi,
2828 5113 3160 5186 Παμφιλίαν.
3196 5113 3252 5168 In
3302 5114 3510 5175 eodem,
3549 5127 3608 5163 τε

2043 5197 2167 5256 post
2200 5190 2410 5252 naaav,
2428 5190 2686 5243 deletum.

2118 5259 2229 5327 (14)
2267 5261 2348 5312 Ita
2381 5250 2600 5328 Regius.
2649 5257 2789 5311 Editi
2832 5269 2968 5328 vero
2987 5263 3041 5308 et
3067 5254 3178 5328 alii,
3201 5253 3391 5328 ταυτα,
3427 5250 3609 5328 minus

2042 5321 2221 5384 rectef
2257 5321 2809 5399 Ibidem'Anglicano,
2841 5324 3158 5399 ἐθαύμασάν
3185 5340 3268 5392 γε.
3304 5321 3423 5399 Mox
3443 5321 3608 5399 “editi

2040 5410 2165 5454 ante
2189 5400 2292 5462 ὅτι,
2320 5398 2520 5450 habent
2547 5390 2658 5458 καί,
2690 5390 2810 5464 qua:
2842 5390 3101 5463 particula
3130 5390 3280 5464 deest
3312 5392 3382 5464 in
3438 5390 3606 5464 Περι)

2037 5483 2089 5524 et
2114 5459 2429 5538 Anglicano.
2463 5464 2633 5538 Paulo
2656 5459 2777 5533 post
2803 5459 3154 5534 A'nglieanus,
3173 5462 3280 5516 τῶν
3310 5459 3604 5531 Ἀρειανῶν

2033 5535 2347 5606 ἀναφύουσα
2373 5535 2616 5604 πικρίαν.

2101 5595 2213 5677 (1'5)
2254 5595 2604 5676 Anglicanus,
2640 5605 2838 5665 αὐτοῖς.
2874 5595 3032 5655 Οὗτοι
3070 5602 3159 5656 διὰ
3199 5601 3305 5655 τῶν
3339 5597 3605 5673 γραμμά-

2033 5695 2157 5731 των.

2108 5747 2218 5816 (16)
2261 5747 2605 5815 Anglicanus,
2637 5743 3031 5813 βουλευόμενοι.
