3992 6230
420 428 547 481 1051
663 450 676 460 η

1006 421 1062 475 S.
1102 393 1472 474 ATIldNASll
1510 418 1661 477 OPP.
1703 415 1884 470 PARS
1923 416 1962 468 l.
2004 446 2072 454 —
2111 412 2484 468 lllSTOBlCA
2526 414 2611 468 ET
2655 414 3075 473 DOGMATICA.

3517 420 3658 474 1052

415 544 696 600 toleretis:
729 543 866 598 nihil
914 542 1113 613 quippe
1158 540 1306 594 aliud
1349 541 1476 594 illud
1527 552 1642 601 est,
1674 537 1781 592 nisi
1839 551 1980 590 nova

2099 534 2219 605 πρὸς
2253 534 2443 605 αὐτὴν,
2467 534 2755 604 ὀνομάζειν
2788 533 3124 605 ἐπιχειροῦσι
3165 534 3379 590 σύνοδόν
3423 553 3544 590 τινα
3582 535 3658 598 ὼς.

416 637 630 690 Arianae
680 635 903 690 haeresis
955 632 1254 688 fruticatio.
1298 630 1431 686 Nam
1459 630 1554 700 qui
1587 628 1854 700 synodum
1888 626 1984 680 ad-

417 745 607 786 versus
634 730 774 783 hanc
804 727 1034 782 ltazresin
1068 725 1418 787 celebratam,
1448 721 1725 776 Nicaeuam
1750 717 1983 780 scilicet,

418 821 721 892 repudiaut,
747 819 877 890 quid
901 825 1090 888 Optant
1112 816 1280 879 aliud,
1303 829 1466 884 quam
1499 820 1558 866 ut
1578 811 1694 865 Arii
1720 809 1988 866 sententia

417 912 528 966 vim
555 909 828 965 obtineat?
857 906 1001 973 Quid
1025 920 1156 975 ergo
1183 903 1408 974 dignum
1438 901 1569 967 illis,
1587 899 1694 956 nisi
1722 907 1780 953 ut
1799 897 1987 952 Ariani

419 1013 474 1058 et
501 1003 605 1072 ipsi
637 1010 1038 1070 nuncupentur,
1075 1005 1131 1052 et
1172 995 1361 1051 eadem
1388 1008 1493 1063 qua
1546 991 1626 1046 illi
1684 992 1989 1062 plectantur

423 1091 622 1165 paena?
649 1093 896 1147 homines
920 1089 1014 1161 qui
1045 1103 1144 1144 nec
1161 1086 1332 1141 Deum
1356 1085 1661 1140 timuerunt
1686 1084 1987 1138 dicentem:

425 1185 506 1239 Ne
532 1184 822 1254 transferas
845 1181 1092 1236 terminos
1110 1190 1348 1242 aeternos,
1367 1191 1494 1247 quos
1519 1183 1802 1245 posuerunt
1817 1176 2010 1244 patres:

424 1280 500 1331 tui
522 1279 564 1309 ⁸⁸
588 1295 602 1344 ;
631 1286 705 1342 et,
735 1275 840 1341 Qui
869 1273 1201 1328 maledixerit
1232 1269 1374 1340 patri
1401 1283 1495 1322 suo
1517 1266 1594 1320 vel
1621 1266 1804 1332 matri,
1827 1274 1992 1318 morte

423 1370 682 1422 moriatur
705 1366 746 1397 "
768 1385 780 1397 ·
811 1380 910 1419 nec
942 1363 1132 1417 Patres
1156 1361 1452 1432 quidquam
1479 1357 1697 1412 reveriti
1731 1364 1877 1419 sunt,
1900 1355 1992 1424 qui

423 1461 768 1514 anathemate
797 1462 1186 1527 percusserunt.
1235 1465 1428 1507 omnes
1478 1449 1573 1520 qui
1613 1463 1728 1504 suae
1777 1445 1992 1503 confes-

423 1551 564 1605 sioni
595 1549 822 1603 adversa
853 1545 1141 1601 sentirent.

2090 627 2146 677 ἐν
2189 625 2461 695 Ἀριμήνῳ
2477 623 2588 695 (17)
2600 624 2918 696 γενομένην,
2948 625 3043 678 καὶ
3072 625 3430 694 φιλονεικοῦσι
3454 625 3654 697 ταύτην

2094 715 2293 786 μᾶλλον
2337 715 2370 788 ἢ
2422 715 2638 786 ἐκείνην
2668 719 2926 788 κρατεῖν’
2987 718 3281 787 ἀναγκαῖον
3334 718 3654 791 ἡγησάμεθα

2091 807 2298 879 γράψαι
2332 808 2424 862 καὶ
2450 807 2761 879 ὑπομνῆσαι
2795 807 2961 878 ὑμᾶς,
3002 807 3090 862 ἵνα
3131 809 3205 880 μὴ
3246 808 3514 879 ἀνέχησθε
3551 808 3658 862 τῶν

2088 899 2343 955 τοιούτων
2363 917 2377 932 ⁸
2406 899 2564 954 τοῦτο
2597 900 2704 972 γὰρ
2726 900 2876 954 οὐδὲν
2915 900 3097 972 ’ἐτερόν
3125 902 3271 954 ἐστιν
3313 901 3346 972 ἢ
3381 901 3541 956 πάλιν
3561 903 3660 973 τῆς

2105 993 2385 1065 Ἀρειανῆς
2406 991 2670 1066 αἱρέσεως
2703 993 3019 1065 παραφυάς.
3047 991 3114 1047 Οἱ
3151 992 3259 1065 γὰρ
3283 993 3382 1065 τὴν
3414 994 3534 1046 κατ’
3561 994 3662 1047 αὑ-

2090 1083 2188 1155 τῆς
2214 1081 2429 1136 σύνοδον
2458 1081 2760 1153 γενομένην
2790 1082 3213 1153 παραιτούμενοι
3249 1081 3402 1152 (ἐστι
3430 1082 3489 1135 δὲ
3526 1085 3561 1152 ή
3603 1085 3661 1136 ἐν

2093 1175 2296 1246 Νικαία
2338 1176 2662 1246 γενομένη),
2690 1174 2742 1228 τί
2771 1175 2957 1248 ἕτερον
3011 1175 3123 1247 (18)
3153 1174 3428 1245 βούλονται
3454 1214 3470 1238 ,
3527 1174 3561 1246 ἢ
3593 1173 3661 1227 τὰ

2105 1265 2314 1338 Ἀρείου
2341 1267 2595 1337 κρατεῖν;
2621 1265 2776 1329 Τίνος
2803 1261 2895 1319 οὖν
2911 1264 3050 1330 ἄξιοι
3064 1269 3113 1319 οἱ
3147 1265 3423 1335 τοιοῦτοιῆ
3455 1267 3650 1337 Ἀρεια-

2094 1357 2174 1411 vol
2197 1357 2296 1427 μὲν
2325 1357 2603 1411 καλεῖσθαι
2626 1397 2640 1422 ,
2674 1357 2776 1428 τῆς
2807 1357 2978 1428 αὐτῆς
3017 1359 3074 1410 δὲ
3118 1359 3400 1429 ἐπιτιμίας
3437 1358 3661 1421 ἐκείνοις

2099 1451 2421 1520 μετασχεῖν;
2466 1450 2516 1502 οἳ
2551 1451 2688 1520 μήτε
2721 1451 2812 1505 τὸν
2848 1449 2978 1503 Θεὸν
3023 1449 3365 1521 ἐφοϐήθησαν
3403 1449 3657 1518 λέγοντα·

2095 1541 2190 1609 Μὴ
2218 1541 2457 1610 μέταιρε
2481 1541 2591 1612 (19)
2621 1541 2750 1611 ὅρια
2771 1543 2993 1607 αἰώνια,
3037 1541 3076 1594 ἂ
3096 1542 3300 1596 ἔθεντο
3319 1544 3373 1596 οί
3414 1541 3662 1609 πατέρες

421 1655 538 1696 σου
566 1639 708 1709 (19)·
755 1637 871 1702 καὶ,
935 1638 996 1689 '0
1045 1634 1396 1703 κακολογῶν
1427 1631 1652 1702 πατέρα
1674 1631 1712 1699 ἣ
1760 1630 1987 1700 μητέρα
2023 1632 2256 1696 θανάτῳ
2287 1631 2644 1688 τελευτάτωο
2687 1635 2737 1688 οἳ
2775 1635 2913 1706 μήτε
2975 1635 3101 1698 τοὺς
3159 1634 3406 1705 Πατέρας
3439 1632 3662 1704 ᾐδέσθη-

423 1751 541 1798 σαν,
570 1731 1041 1802 παραγγείλαντας
1069 1727 1313 1798 ἀνάθεμα
1335 1721 1473 1779 εἶναι
1500 1727 1628 1788 τοὺς
1669 1722 1740 1777 τά
1775 1723 1990 1804 ἐναντία
2029 1724 2357 1794 φρονοῦντας
2383 1723 2484 1794 τῆς
2506 1724 2798 1796 ὁμολογίας
2826 1725 3004 1779 αὐτῶν
3027 1724 3160 1795 (20).

489 1827 544 1880 2.
581 1825 870 1878 Enimvero
910 1821 1034 1876 ideo
1064 1818 1403 1875 mcumenica
1447 1817 1553 1872 fuit
1582 1815 1801 1872 Nicaana
1830 1831 1992 1888 syno—

2163 1819 2218 1872 2.
2252 1818 2352 1872 Διὰ
2374 1815 2530 1872 τοῦτο
2549 1819 2657 1890 γὰρ
2682 1818 2777 1872 καὶ¹
2806 1816 3154 1888 οἱκουμενικὴ
3186 1815 3462 1888 γέγονενή
3488 1815 3545 1870 ὲν
3567 1816 3662 1870 διο

423 1917 549 1980 dus,
584 1914 840 1970 trecentis
883 1913 1069 1966 decem
1117 1920 1171 1964 et
1214 1919 1340 1965 octo
1379 1909 1584 1965 coactis
1619 1908 1913 1978 episcopis,
1939 1916 1998 1962 ut

422 2011 489 2064 de
526 2009 628 2062 [ide
670 2013 920 2075 ageretur
950 2005 1169 2058 Arianae
1209 2003 1504 2074 impietatis
1536 2017 1734 2068 causa;
1762 2017 1830 2056 ne
1847 2002 1998 2056 dein-

424 2117 555 2170 ceps
576 2115 670 2169 per
703 2108 884 2168 partes
913 2111 1009 2152 seu
1042 2096 1387 2166 provincias,
1418 2094 1542 2149 lidei
1567 2094 1791 2149 obtentu
1831 2095 1998 2149 varia

423 2191 830 2245 celebrarentur
861 2187 1084 2257 synodi;
1114 2185 1226 2240 imo
1251 2187 1301 2241 si
1326 2185 1588 2241 celebrari
1637 2185 1994 2256 contingeret,

424 2297 490 2335 ne
505 2279 874 2352 praevalerent.
893 2277 1033 2343 Quid
1052 2278 1198 2332 enim
1217 2277 1368 2332 deest
1386 2276 1509 2347 ipsi,
1529 2284 1587 2330 ut
1606 2291 1744 2330 nova
1759 2276 1883 2346 quis
1909 2291 1998 2329 re-

423 2371 645 2441 quirat?
675 2368 838 2424 Plena
863 2371 1052 2439 utique
1075 2369 1290 2440 pietatis
1312 2378 1395 2424 est
1423 2368 1564 2439 ipsa,
1584 2367 1798 2424 dilecti:
1825 2378 1996 2424 totum

425 2464 516 2517 illa
541 2463 766 2533 replevit
801 2463 1008 2516 orbem.
1045 2461 1196 2517 Hanc
1229 2461 1367 2528 Indi,
1395 2461 1538 2516 hanc
1563 2469 1830 2531 quotquot
1857 2461 1998 2530 apud

425 2557 694 2612 barbaros
747 2557 884 2611 alios
909 2555 1206 2610 Christiani
1244 2565 1392 2623 sunt,
1428 2563 1782 2626 agnoverunt.
1814 2553 1999 2610 Vanus

424 2657 572 2704 certe
602 2659 834 2702 conatus
859 2662 1050 2701 eorum
1079 2648 1173 2716 qui
1197 2646 1345 2701 illam
1375 2647 1698 2718 plerumque
1721 2661 2000 2718 oppugna-

425 2755 572 2794 vere.
611 2738 770 2793 Tales
796 2739 940 2794 enim
968 2737 1091 2802 viri,
1119 2738 1229 2808 jam
1259 2737 1467 2803 decem,
1497 2738 1607 2793 imo
1635 2737 1794 2809 713
1817 2738 1999 2807 plures

430 2829 670 2902 synodos
705 2829 1072 2894 celebrarunt,
1101 2838 1421 2900 mutataque
1447 2831 1502 2884 in
1531 2831 1759 2901 singulis
1785 2838 2000 2885 senten-

426 2926 521 2988 tia,
554 2922 800 2994 quaedam
833 2937 864 2976 a
895 2922 1166 2992 prioribus
1192 2921 1476 2976 detraxere
1504 2940 1519 2976 :
1551 2923 1606 2976 in
1646 2922 2000 2991 sequentibus

425 3017 671 3085 quaedam
694 3015 1069 3081 immutarunt,
1088 3013 1194 3066 alia
1211 3013 1558 3068 addiderunt.
1585 3011 1839 3084 Nihilque
1871 3015 2000 3068 bac-

428 3117 584 3160 tenus
624 3105 828 3174 profuit
883 3105 1016 3174 ipsis
1049 3105 1193 3174 quod
1251 3104 1510 3168 scribant,
1534 3105 1735 3174 scripta
1762 3105 1996 3169 deleant,

427 3203 535 3253 vim
554 3198 787 3253 inferant
815 3197 1160 3268 :ignorantes
1178 3198 1330 3262 illud,
1359 3196 1543 3252 Omnis
1566 3198 1826 3266 plantatio
1841 3215 1996 3269 quant
2025 3177 2066 3232 δ

431 3309 533 3346 non
571 3292 832 3361 plantavit
883 3289 1048 3345 Pater
1109 3291 1333 3345 caelestis
1390 3292 1746 3345 eradicabitur
1767 3291 1833 3345 ¹⁰.
1887 3290 1996 3346 Do-

427 3383 558 3437 mini
618 3391 800 3436 autem
856 3381 1081 3435 verbum
1141 3396 1238 3450 per
1278 3380 1671 3436 (ecumenicam
1724 3378 1996 3434 Nictenam

428 3475 692 3546 synodum
721 3473 985 3544 prolatum
1019 3473 1073 3526 in
1108 3481 1372 3527 aeternum
1403 3480 1606 3526 manet.
1638 3469 1695 3525 Si
1719 3471 1864 3526 enim
1895 3485 1999 3524 nu-

433 3585 643 3624 merum
678 3585 906 3623 numero
933 3571 1058 3636 quis
1095 3571 1447 3639 compararit,
1485 3579 1635 3624 tanto
1659 3570 1839 3640 plures
1871 3577 2000 3625 sunt

432 3661 634 3716 Nicaeni
686 3661 793 3716 illis
837 3662 1241 3732 peculiaribus,
1295 3671 1500 3732 quanto
1545 3672 1718 3717 totum
1773 3671 1855 3717 est
1901 3677 2000 3716 sua

430 3765 580 3822 parte
624 3754 822 3823 majus.
851 3753 1007 3818 Quod
1053 3754 1098 3808 si
1138 3755 1262 3824 quis
1302 3755 1672 3811 internoscere
1715 3755 1843 3811 velit
1871 3755 1999 3826 quid

429 3861 608 3902 causa:
630 3846 700 3900 sit
721 3847 863 3915 quod
885 3845 1102 3901 Nicaana
1143 3847 1402 3917 synodus,
1439 3848 1571 3916 quid
1604 3847 1751 3917 quod
1783 3854 1865 3901 tot
1882 3847 2002 3901 alia:

432 3938 540 3992 sint
574 3937 881 4003 celebratae,
915 3939 960 3992 is
996 3938 1294 4007 comperiet
1319 3937 1589 3993 Nicaenam
1625 3939 1843 4006 quidem
1870 3939 2002 4009 legi-

433 4029 618 4082 timam
658 4029 858 4082 habere
897 4044 1121 4083 causam
1152 4048 1164 4083 :
1195 4029 1328 4082 alias
1370 4037 1548 4082 autem
1595 4028 1742 4093 odio,
1781 4037 2004 4083 conten-

434 4119 595 4179 tione,
621 4120 670 4173 vi
687 4131 901 4176 coactas
930 4135 1069 4174 esse.
1095 4119 1187 4173 llla
1213 4123 1357 4174 enim
1379 4120 1716 4174 obArianam
1749 4120 2002 4187 haeresin,

433 4220 487 4264 et
519 4212 589 4264 ob
622 4211 906 4268 Paschatis
940 4214 1338 4268 solemnitatem
1378 4222 1672 4268 convocata
1710 4212 1849 4281 fuit;
1877 4215 2004 4284 quia

437 4302 578 4373 Syri,
609 4303 802 4359 Cilices
825 4315 878 4358 et
903 4305 995 4374 qui
1023 4307 1076 4358 in
1108 4305 1500 4376 Mesopotamia
1528 4307 1750 4378 degunt,
1781 4323 1811 4360 a
1847 4306 2004 4361 nobis

2096 1911 2228 1983 καίᾳ
2251 1911 2486 1975 σύνοδος,
2516 1910 2840 1982 τριακοσίων
2868 1909 2996 1962 δέκα
3022 1909 3114 1963 καὶ
3141 1907 3285 1962 ὀκτὼ
3307 1906 3662 1960 συνελθόντων

2097 2003 2412 2057 ἐπισκόπων
2436 2003 2680 2074 περὶτῆς
2710 2001 2946 2064 πίστεως
2963 2000 3051 2054 διὰ
3076 1999 3173 2073 τὴν
3213 1999 3490 2073 Ἀρειανὴν
3535 1999 3646 2053 ἀσέ-

2098 2097 2247 2150 ϐείαν
2265 2112 2278 2125 ·
2308 2097 2394 2148 ἵνα
2424 2094 2619 2166 μηκέτι
2644 2093 2786 2147 κατὰ
2810 2094 2975 2166 μέρος
3002 2091 3268 2164 προφάσει
3293 2091 3402 2163 (21)
3431 2091 3662 2154 πίστεως

2097 2186 2380 2256 γίνωνται·
2404 2185 2560 2250 ἀλλὰ,
2595 2183 2696 2239 κᾶν
2714 2185 3000 2254 γένωνται,
3036 2184 3109 2256 μὴ
3144 2182 3408 2255 κρατῶσι.
3441 2185 3507 2236 Τί
3556 2183 3662 2256 γάρ

2097 2281 2280 2352 ἐκείνῃ
2333 2279 2542 2344 λείπει,
2583 2280 2670 2332 ἴνα
2721 2279 3008 2351 καινότερα
3043 2279 3252 2350 ζητήσῃ
3281 2294 3398 2343 τις;
3442 2277 3662 2350 Πλήρης

2097 2375 2244 2428 ἐστὶν
2276 2373 2576 2438 εὐσεϐείας,
2608 2372 2911 2443 ἀγαπητοίο
2951 2371 3092 2443 αὕτη
3125 2372 3305 2425 πᾶσαν
3340 2371 3438 2441 τὴν
3485 2373 3660 2425 οίκου-

2103 2465 2272 2536 μένην
2300 2467 2650 2538 πεπλήρωκε.
2684 2464 2898 2536 Ταύτην
2923 2464 3167 2533 ἔγνωσαν
3205 2465 3303 2518 καὶ
3350 2464 3523 2529 Ἰνδοὶ,
3573 2465 3662 2517 καὶ

2097 2559 2210 2612 ὅσοι
2265 2559 2415 2630 παρὰ
2442 2559 2555 2621 τοῖς
2605 2556 2785 2621 ἄλλοις
2835 2555 3130 2628 βαρϐάροις
3179 2545 3286 2610 ἐίσὶ
3327 2555 3657 2628 Χριστιανοί.

2100 2651 2306 2706 Οὐκοῦν
2347 2650 2572 2722 μάταιος
2605 2651 2632 2703 ὁ
2686 2649 2930 2718 κάματος
2959 2651 3069 2712 τοῖς
3099 2649 3218 2702 κατ’
3261 2648 3432 2719 αὐτῆς
3471 2647 3663 2701 πολλά-

2099 2764 2184 2810 κις
2213 2747 2642 2816 ἐπιχειρήσασιν.
2678 2743 2816 2815 ’Ἤδη
2864 2743 2972 2814 γὰρ
3016 2743 3068 2794 οἱ
3107 2741 3334 2796 τοιοῦτοι
3390 2741 3521 2795 δέκα
3574 2743 3663 2794 καὶ

2100 2837 2259 2890 πλέον
2292 2837 2402 2908 (22)
2443 2853 2546 2890 που
2580 2835 2830 2898 συνόδους
2871 2835 3236 2904 πεποιήκατε,
3278 2832 3400 2886 καθ’
3431 2834 3662 2904 ἑκάστην

2103 2929 2575 3001 μεταϐαλλόμενοι,
2603 2926 2793 2982 καὶτὰ
2824 2926 2924 2998 μὲν
2962 2925 3070 2979 ἀπὸ
3095 2925 3205 2978 τῶν
3236 2923 3468 2997 πρώτων
3506 2926 3664 2992 ἀφαι-

2103 3020 2338 3093 ροῦντες,
2368 3020 2434 3073 τὰ
2468 3021 2526 3073 δὲ
2563 3021 2685 3083 ταῖς
2712 3019 2849 3089 μετὰ
2894 3016 3065 3072 ταῦτα
3118 3017 3534 3081 έναλλάσσοντες
3575 3017 3664 3070 καί

2101 3110 2495 3183 προστιθέντες.
2515 3109 2626 3162 Καὶ
2639 3107 2854 3180 ὤνησαν
2879 3108 3029 3162 οὐδὲν
3054 3107 3213 3179 μέχρι
3235 3107 3328 3161 νῦν
3343 3106 3662 3179 γράφοντες,

2100 3201 2468 3270 ἐξαλείφοντες
2497 3200 2631 3270 (25),
2659 3199 2984 3270 βιαζόμενοι,
3011 3199 3110 3252 οὐκ
3136 3198 3356 3264 εἰδότες,
3385 3199 3468 3252 ὅτι
3497 3196 3661 3253 Πᾶσα

2099 3296 2208 3365 μὲν
2229 3297 2458 3365 φυτεία,
2491 3292 2573 3360 ἣν
2602 3295 2714 3347 οὐκ
2737 3292 3072 3362 ἐφύτευσεν
3117 3294 3150 3345 ό
3180 3290 3382 3360 Πατὴρ
3421 3293 3456 3345 ό
3496 3290 3659 3359 οὐρὰ-

2098 3384 2717 3454 νιος,ἐκριζωθήσεται
2737 3400 2754 3418 ο
2788 3385 2849 3438 τὸ
2874 3384 2932 3437 δὲ
2963 3385 3114 3456 ῥῆμα
3133 3382 3227 3437 τοῦ
3255 3383 3461 3455 Κυρίου
3495 3383 3556 3436 τὺ
3584 3383 3660 3436 διὸ

2098 3479 2198 3550 τῆς
2224 3479 2600 3549 οἱκουμενικῆς
2626 3477 2841 3531 συνόδου
2861 3478 2920 3530 ἐν
2941 3479 3008 3548 τῇ
3033 3477 3082 3530 Ν
3089 3475 3238 3547 ικαίᾳ
3263 3475 3550 3546 γενόμενον
3576 3478 3642 3546 μέ

2101 3589 2179 3625 νει
2228 3575 2306 3635 εἰς
2351 3569 2442 3624 τὸν
2475 3569 2668 3624 αίῶνα.
2706 3570 2805 3624 ’Ἂν
2828 3587 2887 3622 τε
2916 3568 3025 3640 γὰρ
3068 3567 3299 3640 ἀριθμὸν
3344 3565 3562 3639 ἀριθμῷ
3586 3584 3662 3631 τις

2103 3663 2387 3736 συμϐάλῃ,
2436 3661 2656 3726 πλείους
2711 3661 2761 3714 οἱ
2811 3664 2870 3715 έν
2928 3661 3134 3733 Νικαίᾳ
3178 3661 3284 3714 τῶν
3314 3659 3456 3714 κατὰ
3508 3660 3661 3731 μέρος

2101 3759 2237 3810 είσὶν
2257 3757 2390 3827 (24),
2417 3756 2541 3810 ὅσον
2573 3754 2756 3809 καὶτὸ
2779 3754 2898 3808 ὅλον
2932 3755 3115 3809 πλεῖόν
3146 3757 3264 3808 ἐστι
3297 3753 3394 3808 τοῦ
3430 3754 3661 3826 μέρους

2103 3850 2169 3904 ἄν
2190 3866 2249 3902 τε
2281 3849 2341 3902 τὸ
2378 3847 2548 3902 αἴτιον
2579 3848 2678 3920 τῆς
2725 3849 2784 3900 ἐν
2812 3848 3017 3918 Νικαίᾳ
3051 3849 3144 3902 καὶ
3186 3846 3296 3901 τῶν
3340 3847 3459 3918 μετ’
3503 3847 3661 3916 αὐτὴν

2103 3940 2369 3996 τοσούτων
2398 3940 2702 4012 γενομένων
2738 3940 2968 3995 συνόδων
2989 3940 3138 4010 παρὰ
3155 3939 3360 3994 τούτων
3381 3938 3662 4006 διαγνῶναι

2103 4049 2187 4096 τις
2223 4032 2416 4098 ἐθέλοι,
2470 4031 2618 4105 εὖροι
2646 4032 2713 4088 ἂν
2766 4031 2864 4104 τὴν
2908 4034 3009 4104 μὲν
3037 4033 3096 4086 ὲν
3133 4031 3336 4103 Νικαίᾳ
3365 4031 3593 4102 ἔχουσαν
3613 4031 3661 4083 τί

2104 4122 2273 4176 αἴτιον
2302 4123 2540 4191 εῠλογον,
2575 4123 2674 4187 τὰς
2703 4123 2759 4177 δὲ
2785 4124 2950 4187 ἄλλας
2975 4121 3063 4176 διὰ
3109 4125 3266 4192 μῖσος
3301 4122 3395 4174 καὶ
3439 4121 3662 4191 φιλονει-

2106 4214 2229 4268 κίαν
2253 4215 2366 4281 (25)
2411 4217 2475 4268 ἐκ
2503 4215 2623 4286 βίας
2677 4214 3158 4287 συγκροτηθείσας.
3199 4215 3262 4267 Ἦ
3299 4213 3397 4284 μὲν
3437 4213 3548 4287 γάρ
3587 4212 3663 4266 διὸ

2105 4305 2202 4376 τὴν
2250 4305 2530 4376 Ἀρειανὴν
2558 4305 2772 4376 αἵρεσιν
2801 4305 2894 4358 καὶ
2924 4300 3013 4357 διὰ
3066 4303 3128 4356 τὸ
3155 4304 3348 4373 Πάσχα
3392 4301 3633 4374 συνήχθη
3651 4319 3663 4332 ·

434 4393 844 4459 dissentiebant,
875 4405 928 4448 et
960 4397 1152 4450 eodem
1183 4412 1292 4465 quo
1325 4395 1496 4451 Judaei
1528 4406 1771 4467 tempore
1794 4395 1998 4452 Pascha

2106 4397 2292 4467 ἐπειδὴ
2319 4397 2370 4449 oi
2401 4396 2542 4450 κατὰ
2569 4396 2789 4468 Συρίαν,
2821 4396 2913 4449 καὶ
2939 4395 3212 4460 Κιλικίαν,
3232 4397 3323 4448 καὶ
3352 4396 3661 4449 Meconem-

434 4483 798 4538 celebrabant.
837 4484 940 4539 Sed
979 4487 1151 4554 gratia
1175 4485 1424 4554 Domino,
1456 4487 1602 4556 quod
1621 4502 1744 4541 cum
1777 4486 1844 4541 de
1871 4487 1996 4549 lidc,

2111 4489 2236 4560 μίαν
2265 4487 2555 4556 διεφώνουν
2587 4489 2724 4559 πρὸς
2750 4489 2918 4559 ἡμᾶς,
2950 4489 3042 4542 καὶ
3067 4487 3146 4559 τῷ
3177 4487 3374 4558 καιρῷ,
3413 4489 3471 4541 ἐν
3490 4481 3656 4554 ᾧποιι

436 4580 548 4626 tum
585 4575 651 4628 de
686 4586 870 4630 sancta
911 4577 1002 4632 illa
1055 4579 1398 4633 solemnitate
1434 4578 1679 4632 omnium
1713 4593 1820 4632 una
1849 4594 1998 4634 mens

2104 4580 2254 4634 οὖσιν
2283 4582 2331 4634 οἱ
2375 4579 2635 4644 Ἰουδαῖοι,
2661 4581 2876 4633 ἐποίουν
2901 4581 2994 4635 καὶ
3015 4581 3187 4635 αὐτοί.
3231 4580 3390 4635 Ἀλλὰ
3417 4580 3575 4653 χάρις
3596 4578 3662 4649 et;

437 4669 616 4725 fuerit.
661 4671 727 4725 Et
764 4675 878 4728 haec
905 4673 1124 4742 quidem
1165 4672 1395 4730 Nicamae
1429 4689 1480 4744 sy
1495 4673 1620 4728 nodi
1648 4688 1851 4738 causa;
1883 4673 1998 4727 aliae

2104 4672 2294 4742 Κυρίῳ
2315 4712 2330 4734 ,
2358 4670 2547 4741 ὥσπερ
2584 4671 2714 4743 περὶ
2749 4672 2848 4741 τῆς
2887 4673 3155 4737 πίστεως,
3204 4671 3346 4726 οὕτω
3410 4673 3506 4725 καὶ
3545 4671 3662 4741 περ’
3691 4695 3698 4702 -

435 4780 562 4817 vero
583 4775 704 4834 post
723 4766 868 4820 illam
899 4767 1194 4821 innumerae
1217 4782 1348 4821 sane
1371 4774 1519 4827 sunt.
1540 4765 1632 4821 sed
1654 4774 1841 4820 contra
1855 4779 1998 4820 (ecu-

2102 4767 2202 4834 τῆς
2230 4765 2390 4835 ἁγίας
2419 4765 2614 4836 ἑορτῆς
2638 4764 2828 4834 γέγονε
2857 4766 3164 4836 συμφωνία.
3199 4766 3309 4819 Καὶ
3338 4763 3497 4819 τοῦτο
3513 4759 3582 4836 ἦν
3611 4764 3662 4815 τί

437 4855 700 4909 menicam
727 4855 990 4926 synodum
1018 4857 1300 4911 institutae.

2107 4856 2276 4910 αἴτιον
2321 4857 2420 4925 τῆς
2459 4857 2518 4908 ἐν
2548 4856 2756 4928 Νικαίᾳ
2797 4858 3048 4913 συνόδου·
3082 4860 3139 4912 ai.
3166 4858 3225 4912 δὲ
3277 4857 3417 4927 μετὰ
3467 4857 3660 4925 ταύτηι

437 4945 576 5014 ὑπὲρ
611 4947 840 5018 ἀριθμὸν
871 4950 967 5018 μὲν
1017 4949 1162 5020 (26),
1199 4948 1339 5003 κατὰ
1381 4947 1439 5001 δὲ
1470 4949 1568 5019 τῆς
1607 4949 1990 5020 οίκουμενικῆς
2021 4949 2240 5002 συνόδου
2267 4951 2658 5022 ἐπενοήθησαν.

512 5085 553 5114 ιε
593 5082 754 5136 Prov.
787 5101 926 5149 χχιι,
958 5084 1049 5139 28.
1127 5085 1169 5116 ¹⁹
1211 5083 1383 5140 Exod.
1416 5101 1531 5150 XXI,
1563 5085 1649 5138 17.
1726 5086 1771 5116 ²⁰
1810 5083 2002 5139 Matth.
2038 5084 2241 5150 xv,18.

511 5219 622 5296 (17)
665 5219 886 5296 Regius,
904 5221 1184 5296 Ἀριμίνῳ.
1214 5221 1317 5296 Alii
1342 5236 1464 5296 cum
1499 5219 1997 5296 εόίιὶε,’ᾼριμήνῳ.

2179 5225 2292 5296 (22)
2334 5224 2688 5295 Anglicanus,
2722 5222 2923 5278 πλεῖον.

439 5291 560 5344 Mox
594 5289 944 5364 Anglicanus,
970 5289 1048 5355 ὡς
1080 5289 1182 5346 ὑπὸ
1213 5292 1500 5363 Ἀρειανῶν
1537 5289 1834 5363 γενομένην
1859 5289 1997 5364 κρα-

439 5363 548 5415 τεῖν
569 5377 582 5389 ⁸
613 5360 928 5427 ἀναγκαῖον.

510 5430 624 5511 (1.8)
658 5431 1006 5511 Anglic-anus,
1030 5432 1472 5504 παραιτούμενοι,
1506 5430 1559 5483 τί
1591 5429 1798 5503 ἕτερον,
1831 5433 1998 5488 omis-

441 5513 519 5554 διε
554 5509 908 5569 interpositis.

511 5570 622 5638 (19)
660 5570 1346 5646 ἢηειίςοηυεμείρηκότα·
1405 5575 1496 5646 Μὴ
1559 5575 1805 5646 μέταιρε.
1858 5570 2001 5627 Infra

441 5637 951 5716 Μαριλτελευςεάτω.
984 5637 1126 5716 Θῦτε
1155 5637 1280 5716 τοὺς
1310 5637 1579 5716 Πατέραξ.

513 5708 1027 5786 (20)-Αῃβιίςοηιιε,
1048 5713 1234 5766 Αὐτῶν
1277 5715 1371 5766 καὶ
1402 5708 1652 5786 γάργκαὶ
1679 5717 1711 5785 ἡ
1748 5715 1999 5786 οἰκουμέ-

445 5777 686 5848 νικῄτμιη
722 5777 909 5848 Regio,
941 5781 1168 5848 hdeest,
1210 5794 1358 5837 recte
1388 5777 1446 5839 u't
1472 5777 1704 5839 videtur;

518 5845 624 5913 (21)
663 5845 1010 5914 Anglicanus,
1046 5852 1361 5918 προφάσεις.

2200 5297 2290 5367 25)
2327 5294 2677 5367 Anglicanus,
2706 5297 2800 5348 καὶ
2825 5294 3215 5367 ἐξαλείφοντες.

2200 5301 2290 5367 25)
2327 5301 2677 5364 Anglicanus,
2706 5301 2800 5348 καὶ
2825 5301 3215 5364 ἐξαλείφοντες.

2177 5301 2289 5435 (24)
2329 5365 2677 5436 Anglicanus,
2708 5382 2793 5436 τις
2820 5366 3082 5436 συμϐάλοι
3112 5364 3311 5418 πλείων
3333 5367 3363 5420 ὁ
3391 5367 3450 5418 ἐν
3471 5365 3668 5436 Νικαίᾳ

2103 5434 2209 5490 τῶν
2240 5436 2384 5494 κατὰ
2427 5435 2590 5506 μέρος
2623 5434 2789 5488 ἐστίν.
2827 5434 2970 5490 lnl'ra
3007 5437 3168 5501 idem,
3202 5437 3312 5490 τῶν
3362 5438 3502 5508 μετὰ
3545 5435 3666 5489 ταύο

2104 5526 2288 5648 τη(23)
2330 5575 2566 5646 Regius,
2604 5575 2949 5648 φιλονεικίας.
2991 5575 3114 5631 Mox
3150 5576 3203 5630 in
3234 5577 3675 5648 eodem,’Apsta.-

2114 5648 2679 5787 Vﬁégfﬁilnglicanuc,
2730 5717 2887 5789 abde
2939 5718 3052 5787 μετ’
3076 5717 3242 5788 αὐτὴν
3289 5718 3428 5789 ὑπὲρ
3464 5717 3671 5789 ’Δρείου

2114 5788 2231 5857 μέν,
2258 5803 2416 5857 quem
2453 5799 2671 5845 secutus
2701 5799 2779 5844 est
2809 5787 3072 5844 Nannius.
