3992 6230
472 314 605 370 1055

1030 313 1087 370 S.
1128 311 1496 370 ATIIANASII
1536 311 1687 368 OPP.
1729 309 1909 366 PARS
1948 310 1986 368 Ι.
2027 341 2094 353 --
2133 310 2502 368 HISTORICA
2540 311 2629 366 ET
2669 311 3089 372 DUGMATICA.

3576 318 3718 375 5035

469 431 601 490 nihil
623 433 973 505 quaerendum
1002 449 1124 488 esse
1156 451 1169 489 :
1209 449 1311 489 nec
1335 433 1496 488 aliam
1521 431 1811 504 synodum,
1838 439 2031 501 prater

2136 431 2357 498 θέντων,
2391 432 2524 503 μηδὲ
2544 429 2828 502 ὀνομάζειν
2853 431 3017 503 ἄλλην
3046 432 3259 488 σύνοδον
3303 435 3434 507 παρ’
3473 435 3715 507 ἐκείνην.

468 530 635 596 illam,
668 526 1098 584 memorandam.
1128 527 1233 583 Sed
1262 529 1379 584 haec
1409 528 1627 599 quidem
1653 526 2037 583 dissimulant:

467 637 527 677 ea
555 637 707 686 vero,
738 636 859 691 qum
883 620 937 675 in
964 620 1197 676 Thracia
1224 637 1320 691 per
1339 621 1448 675 vim
1481 629 1633 691 gesta
1666 631 1814 685 sunt,
1849 620 2039 674 obten-

465 711 636 767 dunt:
668 726 735 767 ex
764 711 967 782 quibus
997 711 1352 782 conspicuum
1388 721 1492 779 est,
1533 726 1629 766 cos
1669 711 1886 765 Arianze
1915 712 2039 781 qni-

465 804 585 860 dem
623 806 897 861 haereseos
926 805 1240 869 histriones,
1271 821 1298 856 a
1326 819 1459 859 sana
1487 813 1666 858 autem
1699 803 1803 860 [ide
1829 805 2037 860 alienos

464 913 603 955 csse.
645 898 800 965 Quod
837 899 882 954 si
916 899 1042 969 quis
1092 914 1341 969 magnam
1381 898 1528 953 illam
1576 900 1866 969 synodum,
1911 912 2034 952 cum

465 1005 692 1052 istorum
738 994 962 1066 synodis
1006 1001 1200 1048 mutuo
1228 989 1479 1048 conferre
1514 992 1769 1056 voluerit,
1818 991 2033 1046 illorum

465 1089 752 1159 pietatem,
818 1087 1047 1144 istorum
1107 1085 1433 1141 dementiam
1486 1084 1870 1156 deprehendet.
1932 1081 2035 1149 Qui

464 1182 697 1240 Nicaeam
749 1188 1119 1238 convenerunt
1177 1194 1522 1249 nequaquam
1589 1188 1745 1234 antea
1804 1177 2036 1247 depositi

464 1275 695 1341 fuerant,
732 1277 824 1331 sed
853 1290 917 1329 ex
958 1272 1137 1329 Patris
1174 1273 1480 1329 substantia
1520 1271 1715 1328 Filium
1750 1287 1871 1329 esse
1902 1288 2037 1330 con—

463 1365 590 1422 l'cssi
631 1375 775 1422 sunt.
802 1364 895 1421 lsti
923 1373 1102 1420 autem
1143 1365 1308 1420 semel
1335 1373 1500 1435 atque
1536 1364 1756 1432 iterum,
1798 1366 1907 1419 imo
1930 1372 2039 1419 ter-

463 1458 538 1511 tio
582 1455 813 1511 Arimini
847 1455 1103 1526 depositi,
1157 1455 1397 1510 scribere
1445 1456 1561 1510 ausi
1607 1464 1755 1522 sunt,
1804 1470 1912 1510 non
1949 1455 2036 1511 di-

462 1548 691 1603 cendum
722 1563 864 1613 esse,
904 1547 1074 1603 Deum
1108 1549 1309 1605 habere
1348 1549 1709 1605 substantiam
1740 1558 1836 1604 aut
1869 1550 2037 1621 hypo-

459 1640 654 1697 stasin.
689 1639 768 1695 Ex
796 1640 998 1711 quibus
1035 1640 1471 1697 animadvertere
1514 1642 1660 1707 licet,
1693 1640 1909 1705 fratres,
1943 1640 2036 1695 Ni-

458 1748 636 1788 czenos
688 1731 879 1788 Patres
930 1731 1242 1803 Scripturas
1292 1733 1522 1805 spirare,
1568 1749 1691 1789 cum
1736 1733 1884 1789 dicat
1920 1734 2035 1805 ipse

456 1825 599 1882 Deus
629 1826 681 1881 in
716 1826 903 1883 Exodo
946 1829 1209 1899 quidem:
1256 1826 1368 1900 Ego
1404 1845 1520 1884 sum
1552 1829 1643 1900 qui
1684 1830 1895 1898 sum”;
1938 1846 2035 1901 per

455 1914 748 1973 Jeremiam
776 1934 907 1975 vero
933 1938 946 1975 :
980 1920 1113 1985 Quis
1146 1930 1222 1974 est
1244 1921 1296 1974 iu
1326 1919 1628 1975 substantia
1659 1920 1796 1990 ejus,
1827 1930 1876 1975 et
1902 1922 2031 1978 vidit

456 2011 666 2065 uerbum
699 2012 857 2077 eius?
881 2023 936 2068 et
967 2014 1128 2083 paulo
1154 2021 1277 2085 post
1305 2033 1318 2068 :
1345 2022 1394 2070 et
1424 2014 1471 2069 si
1498 2016 1760 2069 stetissent
1788 2015 1843 2068 in
1872 2015 2034 2085 hypo-

456 2101 590 2154 stasi
615 2116 751 2164 mea,
779 2112 829 2157 et
866 2102 1135 2159 audissent
1164 2107 1320 2159 verba
1354 2121 1471 2158 mea
1492 2105 1558 2159 ".
1589 2103 1907 2176 Hypostasis
1936 2120 2036 2159 au-

457 2199 565 2243 tem
594 2192 901 2248 substantia
935 2204 1036 2259 est,
1075 2210 1251 2266 neque
1280 2197 1443 2250 aliam
1480 2195 1643 2251 habet
1682 2196 2033 2268 signiﬁcatio-

456 2294 604 2345 nem,
630 2297 819 2352 quam,
869 2284 973 2340 boc
1019 2285 1196 2356 ipsum
1229 2289 1376 2358 quod
1419 2297 1547 2342 est:
1587 2287 1732 2358 quod
1770 2287 2033 2345 Jeremias

452 2381 613 2428 vocat
652 2373 920 2449 ὕπαρξιν,
970 2393 1064 2433 seu
1112 2378 1488 2435 exsistentiam
1531 2378 1759 2434 dicens:
1810 2378 1878 2433 Et
1930 2396 2031 2434 non

453 2462 738 2519 audierunt
769 2481 941 2521 uocem
971 2466 1293 2523 exsistentiae
1314 2484 1441 2523 meae
1457 2469 1523 2521 ".
1553 2466 1688 2522 Nam
1726 2468 2034 2541 hypostasis

453 2567 507 2614 et
537 2556 866 2625 substantia,
908 2557 1147 2630 idipsum
1188 2570 1271 2616 est
1297 2561 1444 2633 quod
1482 2560 1715 2633 ὖπαρξις
1764 2577 1858 2617 seu
1889 2563 2035 2618 exsi-

454 2648 671 2703 stentia.
717 2646 815 2704 Est
836 2651 982 2705 enim
1016 2660 1071 2707 et
1114 2651 1351 2708 exsistit.
1395 2650 1507 2708 Hoc
1535 2669 1660 2708 cum
1699 2653 1900 2709 Paulus
1948 2654 2034 2709 in-

452 2739 736 2811 telligeret,
777 2738 1021 2798 Hebraeis
1054 2743 1314 2815 scripsit:
1358 2744 1463 2812 Qui
1506 2762 1626 2799 cum
1673 2747 1742 2800 sit
1787 2745 2034 2816 splendor

332 2823 337 2831 ’
453 2832 636 2901 gloria:
654 2842 706 2888 et
736 2833 911 2905 ﬁgura
935 2835 1273 2907 hypostaseos
1293 2837 1408 2908 ejus
1426 2838 1491 2892 ".
1529 2837 1593 2893 lli
1620 2854 1748 2895 vero
1781 2839 1874 2911 qui
1912 2855 2033 2897 sese

452 2933 507 2977 et
531 2923 936 2995 Scripturarum
961 2928 1117 2997 periti
1150 2935 1344 2999 putant
1364 2938 1417 2983 ct
1442 2929 1716 2999 sapientes
1739 2931 2029 3001 appellant,

453 3029 579 3070 cum
636 3017 810 3073 nolint
850 3020 1170 3091 bypostasin
1217 3019 1273 3074 in
1312 3019 1424 3076 Deo
1460 3021 1641 3077 dicere
1700 3020 1842 3095 (hoc
1883 3023 2030 3078 enim

2155 523 2312 578 Ἀλλὰ
2330 523 2500 577 ταῦτα
2527 523 2626 595 μὲν
2648 524 2971 597 κρύπτουσι,
3001 526 3070 580 τὰ
3092 527 3148 581 δὲ
3176 528 3233 581 tv
3254 531 3318 600 τῇ
3348 528 3540 601 Θρᾴκῃ
3569 529 3721 584 κατὰ

2142 616 2263 688 βίαν
2296 615 2606 688 πραχθέντα
2630 617 3020 687 προϐάλλονται
3043 638 3055 649 ·
3090 619 3150 685 ἐξ
3173 614 3247 675 ὧν
3270 621 3597 682 δείκνυνται,
3617 624 3721 693 τῆς

2143 710 2242 781 μὲν
2257 710 2536 781 ’Λρειανῆς
2547 710 2809 782 αἱρέσεως
2824 712 2976 776 δντες
2990 712 3101 784 (56)
3116 714 3427 786 ὑποκριταὶ,
3445 714 3719 787 ἀλλότριοι

2138 803 2195 857 δὲ
2232 804 2329 875 τῆς
2361 803 2709 876 ὑγιαινούσης
2747 804 3001 869 πίστεως.
3032 806 3143 860 Καὶ
3182 807 3351 879 αὑτὴν
3392 808 3448 861 δὲ
3485 807 3585 879 τὴν
3619 825 3720 879 με-

2139 893 2309 965 γάλην
2339 893 2574 960 σύνοδον,
2590 894 2803 960 καὶτὰς
2830 898 2960 964 παρ’
2987 896 3212 951 ἐκείνων
3236 897 3300 951 άν
3326 916 3408 962 τις
3436 898 3714 964 ἐξετάζειν

2139 987 2250 1058 (57)
2278 988 2342 1041 ὲκ
2367 987 2708 1060 παραλλήλου
2736 988 2900 1055 θέλοι,
2933 988 3083 1063 εὕροι
3114 990 3181 1045 ἂν
3211 991 3316 1045 τῶν
3339 991 3438 1063 μὲν
3468 992 3568 1063 τὴν
3593 991 3716 1044 Θεο-

2140 1080 2373 1148 σέὸειαν,
2401 1081 2506 1135 τῶν
2528 1081 2585 1135 δὲ
2608 1083 2711 1154 τὴν
2741 1082 2983 1153 ἀλογίαν.
3011 1084 3075 1137 Oi
3099 1086 3158 1138 tv
3190 1084 3239 1137 Ν
3246 1085 3396 1155 ικαίᾳ
3435 1082 3718 1138 συνελθόν-

2136 1192 2227 1239 τες
2260 1176 2323 1228 οὑ
2354 1174 2767 1248 καθαιρεθέντες
2814 1176 3093 1250 συνῆλθον,
3125 1176 3263 1231 ἀλλὰ
3290 1178 3384 1230 καὶ
3430 1176 3719 1249 ὡμολόγη-

2140 1284 2238 1322 σαν
2272 1268 2368 1341 τῆς
2394 1268 2582 1333 οὐσίας
2610 1269 2706 1323 τοῦ
2737 1270 2948 1341 Πατρὸς
2981 1266 3120 1325 εἶναι
3152 1271 3245 1324 τὸν
3285 1269 3412 1323 Υίόν
3432 1286 3446 1300 ·
3483 1264 3631 1324 οὗτοι
3656 1269 3717 1323 δὲ

2136 1361 2231 1414 καὶ
2256 1360 2406 1427 ἅπαξ
2443 1362 2538 1416 καὶ
2564 1362 2815 1435 δεύτερον
2847 1363 3287 1435 καθαιρεθέντες,
3323 1365 3419 1418 καὶ
3445 1365 3633 1437 τρίτον
3655 1365 3718 1418 tv

2136 1454 2272 1526 αὐτῇ
2305 1457 2370 1527 τῇ
2399 1455 2698 1527 Ἀριμήνῳ,
2746 1456 2979 1529 γράφειν
3026 1458 3331 1529 ἐτόλμησαν
3356 1499 3370 1519 ,
3411 1457 3488 1529 μὴ
3516 1457 3716 1528 χρῆναι

2135 1544 2313 1615 λέγειν
2355 1547 2544 1601 οὐσίαν
2590 1546 2624 1617 ἢ
2675 1547 2973 1601 ὑπόστασιν
3006 1548 3149 1620 ἔχειν
3187 1548 3280 1603 τὸν
3311 1547 3462 1602 Θεόν.
3524 1549 3620 1601 Ἐκ
3646 1546 3715 1618 δὴ

2134 1637 2337 1691 τούτων
2360 1640 2583 1693 σκοπεῖν
2609 1637 2835 1705 ἔξεστιν,
2868 1639 3106 1710 ἀδελφοὶ,
3127 1640 3203 1704 ὡς
3234 1641 3283 1693 oi
3315 1641 3413 1712 μὲν
3437 1640 3495 1692 tv
3509 1639 3719 1708 Νικαία

2135 1729 2242 1783 τῶν
2270 1730 2501 1801 Γραφῶν
2537 1731 2645 1802 ('58)
2677 1732 2918 1796 πνέουσι,
2952 1731 3202 1801 λέγοντος
3231 1730 3395 1786 αὑτοῦ
3438 1729 3533 1784 τοῦ
3574 1730 3714 1784 Θεοῦ

2064 1788 2104 1844 Β
2134 1824 2191 1874 ὲν
2229 1788 2326 1892 est}
2352 1788 2418 1894 τῂ
2464 1788 2689 1894 Ἐέάδῲ-
2723 1823 2862 1893 Ἐγώ
2887 1788 3054 1893 ἐιμιξδ
3079 1788 3199 1878 ῶνῖ
3229 1823 3317 1877 διὰ
3345 1822 3514 1877 δῖε.τοῦ
3545 1823 3713 1894 Ἰερε-

2138 1913 2258 1984 μίου
2274 1930 2289 1944 ·
2317 1916 2411 1981 Τίς
2430 1914 2808 1987 ἐστιν(59)ἐν
2825 1915 3206 1985 ὺποστήματι
3231 1915 3427 1970 αὑτοῦ
3442 1956 3456 1980 ,
3481 1914 3577 1971 καὶ
3591 1910 3717 1969 εἶδε

2132 2008 2239 2061 τὸν
2254 2010 2441 2077 λόγον
2466 2009 2655 2063 αὑτοῦ
2676 2025 2696 2074 ;
2718 2010 2813 2063 καὶ
2843 2011 2959 2081 μετ’
2990 2009 3167 2079 ὀλίγον
3186 2023 3202 2040 ’
3224 2009 3335 2063 Καὶ
3360 2012 3411 2063 εί
3433 2009 3714 2078 ἔστησαν

2131 2100 2202 2153 ἐν
2224 2099 2298 2171 τῇ
2339 2101 2677 2155 ὑποστάσει
2710 2120 2866 2173 μου,
2908 2102 3007 2156 καὶ
3033 2100 3311 2171 ἥκουσαν
3347 2098 3468 2154 τῶν
3513 2102 3715 2170 λόγων

2129 2211 2266 2263 μου.
2319 2194 2384 2248 Ἦ
2409 2195 2464 2249 δὲ
2489 2195 2780 2259 ὑπόστασις
2805 2196 2960 2249 οὐσία
2988 2197 3126 2259 ἐστὶ,
3161 2194 3258 2249 καὶ
3283 2193 3439 2248 οὐδὲν
3462 2192 3591 2249 ἄλλο
3624 2210 3713 2263 ση-

2136 2287 2459 2359 μαινόμενον
2485 2287 2650 2359 ἕχειῆ
2682 2288 2813 2342 αὑτὸ
2837 2288 2899 2341 τὸ
2918 2288 2978 2341 δν
2998 2305 3010 2319 ·
3045 2288 3184 2360 ὅπερ
3233 2285 3504 2358 Ἱερεμίας
3544 2284 3710 2356 ὕπαρο

2134 2380 2214 2449 ξιν
2243 2380 2689 2453 ὀνομάζειλέγων
2715 2398 2726 2412 ⁸
2761 2382 2869 2435 Καὶ
2898 2380 3009 2452 (40)
3043 2383 3155 2435 οὐκ
3192 2380 3471 2448 ἥκουσαν
3503 2378 3711 2449 φωνὴν

2132 2473 2461 2544 ὑπάρξεως.
2501 2476 2565 2527 Ἦ
2599 2475 2709 2546 γάρ
2746 2475 3043 2539 ὑπόστασις
3079 2476 3174 2528 καὶ
3215 2476 3248 2544 ἡ
3291 2472 3448 2527 οὐσία
3480 2471 3709 2544 ὕπαρξίς

2134 2566 2298 2621 ἐστιν.
2332 2566 2487 2619 Ἔστι
2518 2565 2629 2638 γὰρ
2653 2567 2747 2619 καὶ
2769 2567 3028 2637 ὑπάρχει.
3054 2565 3225 2619 Τοῦτο
3239 2564 3376 2619 νοῶν
3403 2566 3498 2619 καὶ
3520 2565 3549 2617 ό
3566 2562 3706 2617 Παῦ-

2133 2652 2242 2719 λος,
2293 2652 2529 2725 ἔγραψεν
2566 2654 2871 2726 Ἑϐραίοις·
2906 2656 3012 2721 Ὃς
3034 2653 3119 2708 ὢν
3172 2654 3543 2724 ἀπαύγασμα
3597 2651 3703 2719 τῆς

2130 2743 2339 2812 δόξης,
2365 2746 2463 2799 καὶ
2484 2745 2790 2815 χαρακτὴρ
2817 2745 2930 2814 τῆς
2953 2744 3351 2812 ὑποστάσεως
3381 2744 3588 2800 αὐτοῦ.
3606 2737 3705 2798 Οὗ-

2130 2856 2213 2893 τοι
2250 2840 2306 2893 δὲ
2325 2842 2375 2893 οί
2412 2838 2695 2904 δοκοῦντες
2725 2839 2922 2894 εἰδέναι
2967 2838 3065 2902 τὰς
3089 2836 3333 2909 Γραφὰς,
3376 2837 3472 2891 καὶ
3512 2836 3704 2907 ὀνομά-

2133 2933 2317 2998 ζοντες
2344 2931 2569 2994 ἑαυτοὺς
2598 2928 2735 2985 εἶναι
2767 2931 2986 3001 σοφοὺς,
3014 2929 3087 3001 μὴ
3121 2928 3367 2993 Θέλοντες
3413 2928 3705 2982 ὑπόστασιν

2131 3023 2311 3093 λέγειν
2330 3024 2423 3079 ἐπὶ
2462 3022 2598 3077 Θεοῦ
2644 3021 2835 3091 (τοῦτο
2868 3020 2975 3094 γὰρ
3005 3021 3248 3092 ἔγραψαν
3279 3022 3339 3075 ὲν
3372 3023 3438 3092 τῇ
3481 3021 3706 3091 ’Δριμή-

452 3105 709 3172 Arimini,
748 3117 803 3163 et
850 3108 907 3163 in
952 3110 1077 3165 aliis
1119 3111 1235 3167 suis
1277 3112 1503 3183 synodis
1542 3113 2029 3187 conscripserunt)

2133 3134 2209 3188 νῳ
2236 3116 2347 3187 (Η)
2384 3116 2479 3170 καὶ
2511 3117 2569 3169 tv
2595 3114 2785 3178 ἄλλαις
2814 3113 3021 3168 ἑαυτῶν
3053 3113 3295 3178 συνόδοις
3325 3114 3369 3182 ),
3403 3112 3521 3175 πῶς
3549 3114 3611 3166 οὑ
3634 3112 3707 3166 δι-

452 3198 544 3268 qui
572 3213 682 3253 non
707 3199 832 3270 jure
875 3201 1106 3271 depositi
1142 3210 1292 3269 sunt,
1322 3219 1446 3260 cum
1496 3212 1551 3260 et
1590 3205 1694 3275 ipsi
1721 3205 1926 3272 dicant,
1971 3217 2032 3262 ut

451 3291 718 3361 insipiens
747 3292 802 3347 in
849 3294 1015 3350 corde
1049 3309 1173 3359 suo,
1222 3310 1327 3350 non
1372 3305 1449 3350 est
1496 3295 1637 3351 Deus
1662 3297 1753 3350 ’τί
1792 3296 2029 3355 RurSum

451 3380 643 3438 Patres
681 3381 884 3440 Nicaani
921 3384 1249 3455 docuerunt,
1289 3385 1487 3442 Filium
1537 3395 1593 3444 et
1624 3386 1859 3445 Verbum
1919 3405 2028 3447 non

450 3490 573 3529 esse
605 3484 912 3532 creaturam
955 3488 1050 3533 aut
1099 3494 1214 3533 rem
1264 3478 1489 3548 factam,
1535 3482 1681 3552 quod
1727 3482 2027 3554 legissent:

455 3563 649 3620 Omnia
675 3583 767 3636 per
816 3568 990 3638 ipsum
1022 3569 1170 3638 facta
1209 3582 1333 3626 sunt
1356 3569 1433 3638 ¹⁸;
1489 3580 1576 3627 et:
1611 3569 1680 3627 In
1713 3572 1806 3628 illo
1852 3576 2030 3629 omnia

451 3667 630 3712 creata
656 3669 779 3713 sunt
803 3671 855 3715 et
900 3665 1195 3717 consistunt
1217 3665 1285 3717 ’⁸.
1319 3663 1413 3718 Isti
1442 3678 1574 3719 vero
1611 3667 1795 3736 petius
1842 3666 2029 3723 Ariani

450 3746 966 3819 quam-Christiani,
999 3752 1054 3807 in
1083 3753 1206 3810 aliis
1235 3754 1350 3811 suis
1382 3756 1627 3826 synodis,
1658 3757 1835 3827 ipsum
1876 3775 2030 3815 crea-

453 3848 631 3895 turam
669 3840 855 3898 dicere
899 3844 1019 3901 ausi
1057 3857 1185 3902 sunt
1228 3856 1283 3903 et
1315 3863 1480 3903 unam
1521 3864 1589 3903 ex
1634 3852 1798 3906 rebus
1847 3850 2026 3918 lactis,

451 3945 683 4001 quarum
719 3932 899 4003 ipsum
944 3934 1182 3992 Verbum
1226 3937 1407 4008 Opifex
1439 3951 1521 3996 est
1567 3948 1622 3996 et
1665 3943 1935 4000 conditor.
1969 3943 2026 3999 Si

448 4023 594 4078 enim
626 4041 724 4095 per
752 4026 929 4096 ipsum
955 4030 1139 4083 omnia
1181 4026 1323 4084 facta
1351 4040 1501 4097 sunt,
1527 4041 1582 4086 et
1610 4032 1786 4102 ipsum
1812 4049 2029 4105 quoque

451 4124 704 4169 creatura
756 4114 939 4184 fuerit,
986 4135 1115 4190 ergo
1156 4122 1404 4191 rscipsum
1445 4126 1729 4179 creaverit.
1778 4124 1845 4180 Et
1888 4143 2027 4197 quo-

451 4202 615 4258 modo
651 4213 831 4274 potest
869 4209 1013 4276 quod
1064 4220 1280 4266 creatur
1314 4214 1548 4269 creare?
1587 4224 1683 4270 aut
1731 4217 1824 4286 qui
1878 4229 2025 4274 creat

449 4310 557 4364 qua
584 4296 797 4353 ratione
825 4302 1084 4355 creatur?

519 4388 572 4443 Β.
610 4387 811 4445 Verum
852 4408 922 4448 ne
946 4394 1026 4450 sic
1051 4395 1272 4467 quidem
1300 4400 1654 4468 erubescunt,
1690 4418 1754 4459 ea
1785 4404 1910 4460 licet
1939 4406 2024 4461 di-

2132 3208 2302 3271 καίως
2332 3205 2732 3281 καθῃρέθησαν,
2754 3205 3003 3274 λέγοντες
3028 3207 3121 3260 καὶ
3141 3200 3316 3266 αὑτοὶ,
3345 3204 3420 3269 ὡς
3439 3203 3628 3276 ἄφρων
3652 3207 3705 3254 ὲν

2132 3299 2349 3372 καρδίᾳ,
2386 3301 2509 3353 Οὐκ
2529 3297 2663 3352 ἐστι
2692 3298 2834 3362 Θεός
2858 3313 2877 3361 ;
2907 3297 3076 3351 Πάλιν
3099 3314 3159 3350 τε
3191 3298 3240 3351 οί
3271 3296 3513 3369 Πατέρες
3535 3294 3705 3348 ἐδίδα-

2134 3390 2229 3456 ξαν
2257 3391 2315 3443 tv
2342 3391 2407 3461 τῇ
2443 3388 2647 3461 Νικαίᾳ
2678 3388 2752 3461 μὴ
2774 3383 2911 3441 εἶναι
2940 3387 3146 3459 κτίσμα
3169 3388 3203 3461 ἥ
3228 3388 3438 3459 ποίημα
3463 3387 3553 3441 τὸν
3582 3385 3705 3440 Υἱὸν

2132 3484 2301 3553 Λόγον
2340 3482 2473 3554 (42),
2507 3481 2828 3551 ἀναγνόντες
2848 3499 2862 3513 ’
2891 3479 3096 3535 Πάντα
3123 3480 3196 3535 δι’
3227 3479 3414 3534 αὑτοῦ
3438 3478 3671 3550 ἐγένετο
3688 3494 3704 3509 ⁸

2129 3575 2244 3642 καὶ,
2280 3575 2385 3629 Ἐν
2408 3572 2568 3640 αὐτῷ
2594 3573 2666 3627 τὰ
2688 3572 2884 3627 πάντα
2904 3573 3151 3641 ἐκτίσθη
3174 3572 3275 3626 καὶ
3308 3572 3704 3638 συνέστηκεν.

2131 3654 2289 3715 Οὗτοι
2313 3660 2369 3714 δὲ
2393 3661 2441 3713 οἱ
2477 3659 2677 3730 μᾶλλον
2705 3658 2973 3730 ’Λρειανοὶ
3003 3658 3036 3730 ἢ
3072 3659 3386 3731 Χριστιανοὶ
3402 3658 3513 3728 (45)
3538 3656 3706 3718 δντις,

2131 3755 2188 3807 tv
2218 3757 2338 3818 ταῖς
2361 3753 2547 3818 ἄλλαις
2567 3751 2774 3806 ἑαυτῶν
2808 3751 3046 3816 συνόδοις
3080 3751 3285 3823 κτίσμα
3312 3750 3707 3821 τετολμήκασιν

2130 3849 2303 3901 εἰπεῖν
2326 3847 2508 3910 αὑτὸν,
2534 3847 2628 3900 καὶ
2647 3845 2746 3900 ἕνα
2766 3846 2876 3899 τῶν
2902 3846 3245 3918 ποιημάτων,
3271 3837 3347 3897 ὧν
3372 3843 3533 3906 αὑτός
3563 3845 3705 3896 ἐστιν

2128 3940 2158 3993 ό
2179 3940 2348 4009 Λόγος
2372 3939 2700 4011 δημιουργὸς
2727 3939 2819 3992 καὶ
2844 3938 3095 4010 ποιητής.
3121 3938 3184 3992 Εἰ
3215 3939 3325 4009 γὰρ
3351 3937 3417 3990 δι’
3447 3935 3613 3990 αὑτοῦ
3639 3934 3705 3988 τὰ

2130 4033 2306 4087 πάντα
2334 4033 2545 4102 γέγονε,
2580 4031 2788 4102 κτίσμα
2811 4030 2869 4084 δέ
2908 4033 3024 4084 ἐστι
3054 4032 3147 4085 καὶ
3169 4030 3361 4094 αὑτός·
3398 4029 3486 4100 εἴη
3521 4030 3588 4084 ἂν
3615 4028 3706 4082 καὶ

2129 4124 2322 4177 ἑαυτὸν
2338 4123 2557 4189 κτίζων.
2591 4125 2701 4177 Καὶ
2733 4122 2848 4187 πῶς
2874 4122 3097 4177 δύναται
3122 4122 3184 4175 τὸ
3215 4120 3564 4191 κτιζόμενον,
3594 4119 3707 4174 κτί-

2130 4216 2242 4282 ζειν
2265 4235 2281 4285 ;
2307 4216 2340 4288 ἢ
2381 4215 2497 4280 πῶς
2518 4218 2546 4269 ό
2568 4215 2767 4281 κτίζων
2801 4214 3070 4280 κτίζεταις

2201 4416 2252 4470 5.
2301 4415 2439 4470 Ἀλλ’
2460 4416 2580 4470 οὑδὲ
2607 4416 2780 4482 οὑτως
2802 4418 3169 4490 αἰσχύνονται,
3188 4418 3416 4472 τοιαῦτα
3435 4417 3702 4488 λέγοντες,

445 4490 592 4548 cant;
623 4497 745 4552 quae
778 4484 881 4540 sibi
930 4486 1115 4542 odium
1165 4491 1307 4561 apud
1343 4508 1534 4551 omnes
1572 4497 1907 4554 concilient:
1945 4509 2025 4555 te~

2133 4511 2217 4579 ἐφ’
2248 4507 2329 4574 οἷς
2372 4510 2591 4581 μισητοὶ
2625 4510 2717 4564 καὶ
2761 4484 2931 4583 παρά*
2959 4512 3123 4567 πᾶσίν
3152 4484 3310 4576 εἰσιν,
3352 4484 3704 4582 ὀνομάζοντες

446 4571 703 4648 thereque
749 4577 1148 4638 Ariminensem
1199 4587 1469 4656 synodum
1519 4602 1843 4659 memorent,
1897 4598 2039 4649 cum

444 4666 623 4737 palam
651 4669 722 4724 sit
744 4684 839 4725 eos
866 4671 976 4727 illic
1006 4673 1298 4731 damnatos
1320 4677 1508 4735 fuisse.
1536 4680 1692 4749 Quod
1723 4699 1853 4741 vero
1874 4684 2022 4742 illam

451 4770 659 4830 spectat
715 4761 908 4820 Nicma:
960 4767 1330 4839 conscriptam
1397 4775 1761 4842 sententiam,
1819 4779 2023 4836 scilicet

442 4847 643 4913 Filium
672 4874 796 4915 esse
840 4860 985 4918 Patri
1027 4864 1552 4924 consubstantialem
1580 4912 1596 4938 ,
1642 4873 1803 4943 cujus
1849 4875 2022 4946 gratia

2132 4600 2230 4670 μὲν
2280 4598 2466 4663 ἁπλῶς
2523 4599 2836 4672 Ἀρίμηνον,
2875 4600 3213 4674 δεικνύμενοι
3274 4602 3331 4656 δὲ
3386 4602 3481 4656 καὶ
3508 4601 3619 4673 (44)
3648 4603 3705 4653 tv

2129 4691 2267 4762 αὐτῇ
2302 4689 2742 4763 καθαιρεθέντες.
2780 4693 2893 4748 Καὶ
2913 4694 3045 4748 αὑτὸ
3071 4695 3130 4749 δὲ
3161 4695 3225 4749 τὸ
3268 4697 3326 4747 tv
3374 4694 3577 4765 Νικαίᾳ
3612 4709 3703 4763 γε-

2128 4782 2479 4856 γραμμένον,
2522 4785 2807 4856 όμοούσιον
2838 4781 2978 4840 εἶναι
2999 4786 3091 4840 τὸν
3125 4785 3253 4840 Υἱδν
3303 4785 3384 4858 τῷ
3410 4772 3609 4858 Πατρὶ,
3645 4773 3704 4835 οὗ

2130 4875 2291 4948 χάριν
2316 4876 2737 4945 προσποιοῦνται
2768 4875 3037 4948 μάχεσθαι
3060 4878 3198 4949 πρὸς
3222 4878 3324 4950 τὴν
3346 4876 3577 4935 σύνοδον.
3610 4866 3700 4920 καὶ

513 4990 559 5077 1'
598 4990 770 5077 Eiotl‘.
796 5009 885 5077 ιιι,
919 4996 1007 5077 lt.
1054 4999 1129 5077 ’ξ’
1150 4996 1354 5057 Jerem.
1386 5018 1542 5068 χχιιι,
1577 5004 1663 5063 18.
1692 5005 1782 5059 22.
1853 5010 1897 5040 ³⁵
1921 5007 2031 5063 Jert

2162 5010 2353 5074 ΠΛΟ.
2430 5011 2478 5044 ³⁵
2518 5008 2679 5066 Hebr.
2715 5027 2753 5077 ι,
2787 5010 2841 5065 5.
2919 5012 2964 5045 ”
3002 5011 3150 5067 Psal.
3186 5025 3308 5069 xm.
3349 5003 3402 5058 1-
3480 4999 3696 5057 ⁸⁸³0³11.

443 5076 484 5125 ι,
511 5063 566 5117 '5.
643 5063 688 5094 “
716 5064 926 5122 Coloss.
964 5070 1015 5130 t,
1048 5067 1136 5125 16.

443 5202 628 5330 caligo)
679 5204 1000 5275 Ὑποκριται
1032 5209 1187 5266 deest
1218 5213 1272 5267 in
1302 5211 1648 5271 Theodoreto
1674 5227 1728 5272 et
1761 5217 1813 5271 in
1839 5219 2023 5291 Angli-

443 5432 477 5488 λ
516 5364 628 5490 (3'2
666 5366 1017 5454 Anglicanus,
1054 5373 1447 5440 ἀπεξετάζειν.
1494 5375 1617 5430 Mox
1648 5373 1873 5448 Regius,
1903 5379 2026 5432 ὲθέ·

477 5451 549 5490 οι.
637 5452 706 5490 0x
729 5440 1079 5490 Anglicanus-
1106 5446 1155 5490 οἱ
1187 5444 1298 5490 γὰο
1335 5448 1392 5490 ὲν
1424 5446 1652 5490 Nuntia-

477 5451 549 5491 οι.
582 5440 706 5492 Mox
729 5440 1081 5511 Anglicanus,
1106 5446 1155 5497 οἱ
1187 5444 1298 5518 γὰρ
1335 5448 1392 5500 tv
1422 5446 1654 5519 Νικαία.

514 5525 629 5610 (58)
665 5531 1018 5604 Anglicanus,
1044 5535 1116 5591 τά
1145 5537 1254 5593 τῶν
1286 5537 1542 5610 Γραφῶν.
1584 5540 1645 5595 In
1686 5539 1811 5597 aliis
1836 5542 1904 5596 τά
1938 5541 2027 5597 de-

445 5608 549 5653 est.

519 5692 633 5777 (59)
671 5696 1112 5777 Λῐιειίςαημεέ-ὲν
1155 5703 1727 5777 ὑποστήματιίαὺτοῦ·
1774 5706 1869 5777 καὶ
1903 5706 2021 5777 μετ’

448 5760 627 5831 ὀλίγα,
660 5773 715 5820 et
740 5760 811 5822 ita
844 5769 974 5839 legit
996 5760 1264 5830 Nannius.
1304 5760 1451 5832 ln'l‘ra
1481 5776 1528 5829 si
1557 5776 1710 5832 deest
1744 5777 1799 5832 in
1825 5760 2016 5846 Re‘gio.

2219 5215 2309 5293 ΑΨ)
2346 5217 2634 5293 Ratdeest
2658 5217 3042 5293 in_l_\nglicatio
3074 5223 3139 5293 et
3155 5214 3298 5284 apud
3323 5210 3525 5293 Je_rem.

2221 5287 2312 5358 41)
2346 5286 2680 5358 Anglicanus
2710 5288 2799 5343 hic
2828 5286 2884 5344 et
2916 5286 3461 5358 inl‘ra._’Aptapqvt7iv.

2222 5355 2309 5427 42)
2349 5354 2704 5427 Anglicanus,
2732 5358 2822 5412 τὸν
2854 5358 2949 5412 τοῦ
2977 5355 3108 5427 Θεοῦ
3138 5354 3330 5427 Λόγοντ

2222 5360 2309 5481 ηιξ)
2349 5360 2704 5427 Anglicanus,
2732 5360 2822 5412 τὸν
2854 5360 2949 5412 τοῦ
2977 5360 3108 5411 Θεοῦ
3138 5360 3330 5423 Λόγον.
3547 5421 3559 5432 ⁸

2220 5427 2254 5480 4
2276 5498 2283 5500 Α
2298 5444 2312 5494 )
2354 5426 2591 5500 Regius.
2610 5428 2924 5500 Χριστιανοὶ
2947 5424 3041 5500 καὶ
3064 5425 3122 5477 tv
3149 5424 3377 5500 ταῖς-1η
3406 5420 3699 5500 Anglicani»

2127 5495 2220 5568 καί
2253 5495 2597 5568 όεειαςιξΕιιὶιί
2641 5495 2771 5552 vero
2807 5498 2909 5568 sic,
2948 5496 3266 5568 Χριστιανοὶ
3295 5495 3447 5568 om;
3467 5496 3528 5568 tv
3556 5496 3695 5556 ταῖς.

2130 5566 2274 5622 Infra
2310 5566 2535 5637 Regius,
2561 5568 2671 5622 τῶν
2702 5564 3045 5637 ποιημάτων.
3078 5564 3242 5637 Editi.
3269 5565 3387 5637 τῶν
3407 5565 3642 5619 πάντων.

2201 5638 2313 5708 (44)
2351 5632 2444 5694 Sic
2473 5640 2606 5709 Reg.
2636 5632 3116 5706 BasilXAnglican.
3163 5633 3423 5709 [deditis
3440 5651 3582 5709 gero
3602 5632 3697 5709 καί

2129 5702 2305 5765 deest.
2346 5708 2469 5765 Mox
2522 5702 2722 5780 R'egius
2747 5719 2802 5766 et
2835 5702 3190 5777 An'glicanus,
3221 5707 3277 5761 δὲ
3308 5706 3390 5762 τό.
3439 5704 3601 5771 Editi,
3638 5702 3696 5758 δᾶ

2124 5794 2208 5833 τε.
