3992 6230
408 307 435 360 ἰ
447 307 549 362 037

1431 299 1765 356 EPISTOLA
1800 297 1890 352 AD
1929 295 2161 352 AFROS
2201 295 2603 352 EPlSCOPOS.

3521 291 3656 348 12:38

408 413 854 488 περιῦομϐοῦσιν,
883 415 958 480 ὡς
979 415 1260 480 κώνωπες,
1291 412 1562 484 πανταχοῦ
1599 412 1725 484 περ).
1758 411 1854 481 τῆς
1892 409 1982 464 λέ-

2095 407 2344 462 simulant
2367 422 2428 462 se
2457 421 2580 462 cum
2613 404 2827 462 Nicaana
2866 406 3074 478 synodo
3109 422 3351 478 pugnare
3377 447 3392 474 ,
3443 406 3511 464 de
3553 424 3658 477 qua

407 511 565 578 ξεως,
592 509 624 580 ἢ
650 509 725 572 ὡς
746 508 1064 579 ἀγνοοῦντες
1082 507 1518 581 προσκόπτουσιν
1551 508 1632 568 εἰς
1649 504 1800 568 αὐτὸ,
1835 504 1910 566 ὼς
1935 506 1985 556 oi.

409 600 844 678 προσκόπτοντες
893 599 1004 670 (45)
1038 601 1118 662 είς
1162 598 1254 652 τὸν
1287 597 1510 650 τεθέντα
1559 594 1704 648 λίθον
1747 596 1804 646 ἐν
1848 591 1988 646 Σιὼν

408 691 920 763 προσκόμματοςιῆ
959 690 1284 760 γινώσκουσι
1317 690 1412 760 μὲν
1433 729 1444 750 ,
1479 687 1566 741 διὰ
1601 685 1760 740 τοῦτο
1787 687 1842 739 δὲ
1887 686 1988 756 μά-

407 801 592 856 χονται
623 784 716 838 καὶ
747 784 986 854 συνεχῶς
1018 783 1397 852 γογγύζουσιν,
1430 783 1510 834 ὅτι
1540 779 1682 834 κατὰ
1709 781 1806 850 τῆς
1841 779 1990 849 αἱρέε-

411 873 548 935 σεώς
577 878 726 928 ἐστιν
744 874 924 928 αὐτῶν
958 874 1174 944 ἀληθῶς
1193 873 1332 946 αὓτη
1362 873 1459 926 καὶ
1500 871 1734 944 ἀκριϐὴς
1775 870 1989 939 ἀπόφα-

411 983 514 1030 σις.
574 968 648 1020 Οὐ
683 966 792 1039 γὰρ
842 968 898 1020 αἱ
927 966 1100 1032 λέξεις
1148 966 1344 1028 αὐτοὺς
1385 963 1680 1026 λυποῦσιν,
1713 961 1824 1014 ἀλλ’
1863 963 1896 1031 ἡ
1933 964 1988 1013 ὲν

407 1059 548 1129 αὐτῇ
579 1059 846 1130 γενομένη
886 1057 1214 1128 κατάκρισις
1261 1056 1460 1112 αὐτῶν.
1519 1055 1630 1108 Καὶ
1686 1053 1889 1106 τούτων
1931 1051 1988 1104 δὲ

409 1151 571 1204 πάλιν
599 1152 760 1206 αἴτιοι
790 1153 1080 1222 γεγόνασιν
1106 1151 1282 1216 αὐτοὶ,
1323 1149 1418 1204 καὶ
1459 1149 1507 1202 εἰ
1537 1148 1694 1201 τοῦτο
1726 1147 1988 1217 κρύπτειν

405 1241 562 1294 αὐτοὶ
592 1241 824 1307 θέλουσι,
861 1244 1037 1297 καίτοι
1066 1242 1462 1312 γινώσκοντες,
1518 1238 1630 1292 ἀλλ’
1678 1240 1823 1310 ἡμᾶς
1866 1235 1990 1289 ἀκό-

408 1331 598 1386 λουθον
631 1336 804 1386 εἰπεῖν
827 1351 840 1364 ο
891 1335 980 1388 ἵνα
1009 1335 1104 1388 καὶ
1143 1335 1206 1386 ἐκ
1237 1334 1442 1387 τούτων
1491 1336 1524 1402 ἡ
1565 1331 1701 1402 μετὰ
1737 1328 1990 1400 ἀληθείας

409 1424 666 1496 ἀκρίϐεια
694 1426 791 1496 τῆς
828 1426 1070 1498 μεγάλης
1099 1426 1317 1480 συνόδου
1347 1423 1555 1494 δειχθῇ.
1583 1423 1702 1476 Τῶν
1726 1423 1832 1493 γὰρ
1866 1438 1989 1474 συν-

409 1515 670 1570 ελθόντων
717 1519 1032 1572 ἐπισκόπων
1081 1517 1420 1588 βουλομένων
1453 1516 1552 1579 τὰς
1578 1515 1677 1586 μὲν
1708 1514 1858 1586 παρὰ
1883 1512 1990 1567 τῶν

423 1607 717 1676 Ἀρειανῶν
739 1610 850 1680 (46)
870 1609 1253 1682 ὲφευρεθείσας
1280 1609 1380 1680 τῆς
1406 1608 1660 1670 ἀσεϐείας
1697 1606 1870 1671 λέξεις
1907 1607 1992 1660 ἀν-

405 1697 576 1750 ελεῖν·
613 1699 672 1752 τὸ
704 1700 793 1763 Ἐξ
837 1701 936 1752 οὐκ
961 1699 1161 1753 ὄντων·
1197 1699 1292 1754 καὶ
1342 1699 1404 1752 τὸ
1449 1699 1628 1766 λέγειν
1665 1699 1870 1767 κτίσμα
1899 1697 1990 1750 καὶ

2090 499 2234 554 velut
2279 500 2482 554 culices
2529 497 2960 568 circumquaque
3011 510 3346 566 susurrant;
3394 499 3450 554 in
3510 499 3658 553 illam

2090 601 2233 646 certe
2261 593 2342 644 vel
2377 593 2690 661 ignorantes
2722 591 3050 662 impingunt,
3087 593 3550 660 quemadmodum
3585 591 3662 646 illi

2089 681 2178 734 alii
2213 682 2306 751 qui
2336 682 2646 752 impingunt
2671 682 2724 734 in
2774 680 3006 750 lapidem
3051 682 3292 736 scandali
3323 683 3558 751 positum
3605 681 3661 736 in

2091 772 2220 826 Sion
2247 775 2333 840 ³⁰;
2381 787 2497 841 aut,
2533 774 2658 828 licet
2709 773 2853 827 illam
2911 774 3081 842 probe
3129 775 3330 839 norint,
3377 787 3661 846 propterea

2089 867 2370 922 decertant
2419 883 2520 922 nec
2558 874 2780 924 cessant
2828 867 3269 929 obmurmurare,
3315 869 3458 938 quod
3489 885 3552 923 ea
3593 869 3666 923 sit

2090 975 2214 1012 vera
2265 970 2316 1013 et
2354 969 2620 1026 accurata,
2649 969 2840 1015 contra
2895 975 3050 1014 suam
3105 960 3335 1014 hmresin
3373 963 3660 1016 sententia.

2090 1049 2204 1106 Non
2230 1054 2374 1106 enim
2407 1053 2482 1106 illi
2513 1054 2682 1120 verba
2711 1054 2937 1108 moleste
2966 1053 3169 1119 ferunt,
3207 1058 3297 1109 sed
3349 1070 3505 1110 suam
3555 1057 3666 1110 ilhc

2091 1146 2357 1214 prolatam
2387 1145 2816 1200 damnationem.
2849 1144 3161 1216 ﬂorumque
3195 1161 3386 1200 rursus
3412 1155 3665 1202 auctores

2093 1237 2168 1290 illi
2211 1247 2360 1298 sunt,
2398 1238 2613 1292 tametsi
2651 1254 2764 1292 rem
2800 1238 2904 1292 sibi
2959 1238 3129 1307 probe
3173 1248 3356 1292 notam
3407 1239 3666 1294 dissimu-

2091 1329 2225 1393 lant,
2257 1329 2416 1399 715
2450 1345 2620 1398 quare
2651 1347 2748 1400 par
2782 1329 2946 1384 fuerit
2977 1339 3036 1384 ut
3062 1330 3165 1400 ipsi
3197 1346 3482 1386 narremus
3509 1350 3524 1398 ;
3555 1346 3666 1402 quo

2093 1422 2216 1476 hinc
2241 1433 2494 1478 accurata
2533 1438 2744 1494 magum
2785 1423 2980 1493 synodi
3013 1424 3290 1494 diligentia
3323 1424 3661 1479 ostendatur.

2093 1512 2226 1568 Cum
2271 1513 2472 1568 vellent
2520 1513 2666 1567 enim
2714 1513 2955 1582 episcopi
3002 1513 3314 1584 congregati
3356 1513 3550 1582 impias
3597 1513 3666 1566 ah

2091 1603 2308 1658 Ariauis
2343 1604 2664 1658 adiuventas
2709 1619 2874 1659 voces
2907 1619 2936 1658 e
2971 1605 3148 1658 medio
3201 1605 3422 1670 tollere,
3470 1619 3665 1674 nempe

2093 1693 2245 1759 illud,
2274 1709 2340 1748 ex
2367 1709 2473 1747 non
2501 1691 2845 1748 exstantibus
2873 1709 2885 1745 :
2920 1690 3054 1746 illud
3085 1707 3302 1762 quoque
3322 1691 3468 1762 quod
3490 1691 3663 1752 aiunt,

407 1788 535 1859 ποίη
547 1805 622 1859 μα
651 1789 742 1842 τὸν
770 1789 928 1842 Υίόν’
956 1791 1074 1854 καὶ,
1097 1785 1205 1843 Ἦν
1237 1806 1389 1852 ποτε,
1424 1790 1512 1842 ὅτε
1541 1788 1640 1842 οὐκ
1668 1783 1735 1858 ἦν
1753 1805 1765 1816 ⁸
1794 1788 1887 1840 καὶ
1907 1787 1988 1839 ὅτι

2095 1794 2395 1840 creaturam
2423 1793 2476 1840 et
2509 1801 2622 1839 rem
2651 1783 2852 1838 factam
2893 1783 3090 1840 Filium
3107 1799 3258 1840 esse:
3298 1794 3352 1840 et
3383 1784 3535 1850 illud,
3573 1783 3668 1838 ali-

405 1881 648 1950 τρεπτῆς
690 1881 804 1933 ἐστι
842 1881 1086 1950 φύσεως·
1115 1881 1214 1944 τὰς
1235 1881 1292 1934 δὲ
1320 1882 1426 1936 τῶν
1447 1881 1680 1954 Γραφῶν
1701 1881 1990 1952 ὁμολογου-

411 1968 579 2040 μένας
601 1969 843 2040 γράψαι·
871 1971 952 2023 ὅτι
983 1989 1042 2022 τε
1071 1972 1136 2024 ὲκ
1157 1971 1250 2024 τοῦ
1284 1963 1418 2024 Θεοῦ
1458 1975 1522 2043 τῇ
1566 1972 1723 2042 φύσει
1756 1971 1865 2042 (47)
1897 1989 1990 2042 μο-

409 2061 632 2132 νογενής
662 2064 807 2114 ἐστιν
846 2065 873 2114 ό
899 2062 1088 2130 Λόγος,
1116 2063 1363 2135 δύναμις,
1399 2064 1562 2133 σοφία
1589 2064 1722 2136 μόνη
1749 2063 1843 2117 τοῦ
1873 2065 1986 2118 Πα-

405 2154 556 2224 τρὸς,
609 2153 740 2218 Θεὸς
769 2155 1040 2224 ἀληθινὸς,
1091 2156 1166 2220 ὡς
1196 2153 1349 2211 εἶπεν
1379 2159 1407 2210 ό
1444 2157 1724 2228 Ἰωάννης·
1777 2157 1869 2210 καὶ
1914 2158 1990 2220 ὼς

405 2242 644 2315 ἔγραψεν
672 2246 700 2298 ό
727 2243 958 2310 Παῦλος,
999 2247 1337 2318 ἀπαύγασμα
1370 2248 1470 2318 τῆς
1488 2247 1666 2317 δόξης,
1701 2248 1796 2302 καὶ
1816 2265 1989 2318 χαρα-

403 2335 548 2406 κτὴρ
579 2337 678 2406 τῆς
705 2333 797 2388 τοῦ
830 2337 1043 2408 Πατρὸς
1060 2338 1412 2402 ὑποστάσεως
1437 2355 1452 2370 ·
1480 2340 1529 2391 οἱ
1555 2339 1684 2410 περ)⁹
1707 2338 1986 2404 Εὐσέϐιον,

407 2426 512 2480 ὑπὸ
533 2426 633 2496 τῆς
665 2427 800 2492 ἰδίας
831 2427 1148 2494 κακοδοξίας
1176 2430 1478 2501 ἑλκόμενοι,
1509 2430 1782 2486 διελάλουν
1825 2427 1992 2502 ἀλλή-

404 2519 550 2584 λοις·
595 2521 950 2592 Συνθὼμεθαο
997 2523 1226 2594 καὶγὰρ
1263 2525 1355 2576 καὶ
1395 2526 1556 2595 ἡμεῖς
1601 2525 1665 2578 ὲκ
1717 2524 1810 2578 τοῦ
1856 2521 1990 2577 Θεοῦ

405 2613 602 2684 ὲσμενο
632 2608 714 2677 εἷς
737 2614 846 2685 γὰρ
874 2615 1005 2678 Θεὸς
1025 2657 1040 2680 ,
1065 2615 1134 2680 ἐξ
1167 2613 1236 2670 οὗ
1263 2617 1336 2670 τὰ
1359 2616 1556 2670 πάντα
1575 2633 1588 2646 ·
1621 2617 1735 2680 καὶ,
1775 2617 1853 2670 Τὰ
1888 2617 1992 2686 ἀρ-

403 2703 550 2774 χαῖα
575 2703 904 2773 παρῆλθεν,
937 2704 1067 2758 ἰδοὺ
1097 2706 1306 2776 γέγονε
1327 2705 1398 2760 τὰ
1421 2705 1618 2762 πάντα
1650 2707 1760 2779 (48)
1792 2705 1988 2762 καινά.

411 2799 489 2853 Τὰ
510 2799 577 2852 δὲ
605 2799 802 2854 πάντα
827 2800 894 2854 ἐκ
926 2801 1030 2854 τοῦ
1057 2801 1223 2854 Θεοῦ.
1276 2800 1612 2870 Ἐλογίζοντο
1635 2801 1692 2854 δὲ
1723 2801 1818 2855 καὶ
1840 2801 1902 2854 τὸ
1934 2802 1992 2854 ὲν

404 2893 484 2964 τῷ
512 2893 756 2963 Ποιμένι
780 2893 888 2966 (49)
919 2892 1128 2965 γραφέν
1148 2911 1159 2921 ·
1187 2891 1429 2960 Πρῶτον
1474 2893 1714 2947 πάντων
1743 2894 1991 2947 πίστευ-

402 3001 544 3048 σον,
568 2985 657 3038 ὅτι
685 2980 774 3052 εἷς
805 2985 974 3039 ἐστιν
1003 2988 1035 3038 ό
1060 2983 1224 3049 Θεὸς,
1263 2988 1294 3038 ὁ
1322 2985 1393 3038 τὰ
1415 2983 1612 3038 πάντα
1643 2983 1858 3050 κτίσας
1893 2983 1990 3037 καὶ

405 3078 790 3146 καταρτίσας,
821 3077 921 3130 καὶ
942 3075 1204 3144 ποιήσας
1224 3077 1292 3130 ἐκ
1327 3077 1432 3130 τοῦ
1455 3075 1541 3146 μὴ
1583 3076 1757 3144 ὄντος
1798 3079 1886 3142 εἰς
1923 3076 1988 3130 τὸ

403 3167 582 3223 εἶναι.
626 3170 764 3223 Ἀλλ’
793 3171 840 3222 οἱ
863 3170 1170 3234 ἐπίσκοποι,
1197 3169 1576 3240 θεωρήσαντες
1622 3169 1720 3241 τὴν
1757 3186 1993 3238 πανουρ-
2017 3144 2061 3203 C

407 3261 536 3329 γίαν
563 3261 675 3330 (50)
705 3261 948 3327 ἐκείνων,
977 3263 1072 3316 καὶ
1098 3261 1197 3331 τὴν
1211 3261 1309 3332 τῆς
1335 3261 1590 3325 ἀσεϐείας
1618 3261 1990 3332 κακοτεχνίαν,

409 3351 729 3424 λευκότερον
767 3353 1020 3424 εἰρήκασι
1043 3351 1104 3405 τὸ
1139 3352 1204 3404 ἐκ
1233 3351 1325 3404 τοῦ
1373 3351 1539 3415 Θεοῦ,
1586 3354 1681 3406 καὶ
1723 3353 1990 3424 ἔγραψαν,

405 3443 474 3496 ἐκ
499 3444 596 3514 τῆς
623 3443 805 3507 οὐσίας
843 3443 935 3496 τοῦ
970 3442 1104 3496 Θεοῦ
1127 3439 1266 3496 εἶναι
1316 3443 1407 3496 τὸν
1439 3444 1566 3496 Υίόν
1591 3458 1606 3474 ·
1662 3444 1750 3497 ἵνα
1791 3443 1858 3497 τὰ
1893 3443 1994 3514 μὲν

405 3535 702 3606 κτίσματα,
724 3535 813 3588 διὰ
839 3536 900 3589 τὸ
927 3536 1002 3607 μὴ
1040 3537 1130 3605 ἀφ’
1157 3535 1368 3589 ἑαυτῶν
1401 3537 1584 3606 χωρὶς,
1617 3535 1792 3589 αίτίου
1829 3531 1989 3600 εἶναι,

408 3628 548 3682 ἀλλά
573 3629 748 3701 ἀρχὴν
783 3628 928 3700 ἔχειν
952 3628 1049 3682 τοῦ
1079 3628 1353 3698 γενέσθαι,
1404 3629 1630 3700 λέγηται
1663 3631 1726 3682 ἐκ
1754 3627 1847 3682 τοῦ
1879 3629 1991 3702 (51)

409 3719 546 3774 Θεοῦ
569 3739 582 3751 ·
621 3723 650 3773 ὁ
682 3722 737 3775 δὲ
767 3723 896 3785 Υἱὸς
927 3722 1084 3794 μόνος
1114 3721 1244 3785 ἴδιος
1273 3725 1371 3792 τῆς
1403 3719 1496 3774 τοῦ
1523 3721 1738 3792 Πατρὸς
1765 3721 1952 3785 οὐσίας
1978 3737 1992 3754 ⁸

407 3811 568 3865 τοῦτο
603 3813 709 3884 γὰρ
735 3813 865 3868 ἴδιον
897 3813 1216 3885 μονογενοῦς
1251 3816 1344 3868 καὶ
1373 3813 1626 3884 ἀληθινοῦ
1651 3815 1824 3882 Λόγου
1860 3813 1996 3886 πρὸς

407 3903 628 3977 Πατέρα
683 3907 818 3978 (52).
863 3907 972 3960 Καὶ
1003 3907 1134 3978 περὶ
1187 3907 1284 3978 μὲν
1315 3906 1410 3960 τοῦ
1453 3907 1764 3978 γεγράφθαι
1799 3909 1865 3960 ὲκ
1897 3907 1995 3978 τῆς

405 3995 595 4060 οὐσίας
628 3999 955 4070 ήπρόφασις
987 3999 1148 4070 αὕτη.
1204 3999 1374 4054 Πάλιν
1422 3999 1480 4052 δὲ
1525 3999 1635 4052 τῶν
1679 3998 1996 4053 ἐπισκόπων

405 4089 736 4160 ἐρωτώντων
753 4093 878 4155 τοὺς
893 4091 1181 4156 δοκοῦντας
1197 4091 1430 4160 ὀλίγους,
1445 4091 1605 4163 εἴπερ
1632 4090 1838 4160 λέγοιεν
1857 4090 1994 4162 (55),

406 4180 502 4232 τὸν
532 4181 657 4234 Υίὸν
677 4167 738 4235 οὐ
770 4183 999 4254 κτίσμα,
1031 4183 1170 4239 ἀλλά
1192 4184 1443 4255 δύναμιν,
1480 4185 1672 4254 σοφίαν
1701 4183 1872 4256 μόνην
1901 4184 1996 4238 τοῦ

407 4273 642 4344 Πατρός,
671 4275 766 4329 καὶ
780 4277 962 4332 εἰκόνα
991 4279 1181 4342 ἀΐδιον,
1207 4277 1622 4350 ἀπαράλλακτον
1649 4277 1792 4332 κατὰ
1817 4277 1997 4332 πάντα

405 4363 502 4417 τοῦ
537 4365 767 4436 Πατρὸς,
805 4368 900 4421 καὶ
923 4368 1056 4422 Θεὸν
1085 4371 1335 4440 ἀληθινὸν
1357 4409 1372 4433 ,
1423 4367 1846 4440 κατελήφθησαν
1877 4368 1993 4440 (54)

2091 1877 2312 1947 quando
2352 1890 2462 1930 nou
2489 1885 2608 1931 erat
2636 1895 2650 1932 :
2681 1887 2755 1946 et,
2789 1887 2872 1933 est
2900 1886 3106 1932 natura:
3152 1877 3474 1943 mutabilis;
3506 1885 3667 1946 atque

2091 1970 2496 2040 Scripturarum
2519 1985 2682 2026 voces
2705 1971 2954 2026 omnium
2973 1987 3248 2028 consensu
3273 1981 3518 2042 receptas
3542 1987 3670 2026 cou-

2089 2063 2368 2128 scribere;
2414 2079 2628 2133 nempe,
2680 2079 2746 2118 ex
2777 2063 2886 2118 Deo
2931 2073 3129 2118 natura
3177 2064 3516 2135 unigenitum
3545 2077 3670 2118 esse

2091 2153 2348 2221 Verbum,
2374 2155 2628 2210 virtutem
2657 2165 2712 2210 et
2733 2156 3057 2225 sapientiam
3083 2156 3251 2212 solam
3271 2154 3471 2218 Patris,
3495 2153 3666 2209 Deum

2089 2263 2302 2312 verum,
2327 2255 2384 2300 ut
2403 2246 2733 2304 aitJoanncs
2761 2267 2774 2301 :
2804 2257 2878 2314 et,
2910 2257 2969 2303 ut
2991 2249 3213 2319 scripsit
3237 2248 3461 2312 Paulus,
3496 2247 3672 2316 splen-

2089 2341 2274 2395 dorem
2306 2327 2510 2410 εισι-ἰαὶ,
2543 2348 2597 2394 et
2625 2339 2854 2410 ﬁguram
2885 2340 3208 2396 substantiae
3237 2339 3420 2396 Patris
3451 2359 3464 2394 :
3502 2339 3669 2394 Euse—

2089 2431 2236 2486 biaui
2261 2432 2500 2501 propriis
2537 2433 2818 2487 erroribus
2849 2433 3125 2503 pertracti,
3159 2443 3351 2488 mutuo
3393 2434 3670 2504 colloque—

2091 2525 2326 2579 bantur:
2363 2523 2432 2578 lis
2457 2523 2844 2592 assentiamus,
2885 2523 3126 2590 aiebant,
3159 2541 3282 2580 nam
3311 2540 3412 2582 nos
3449 2541 3669 2596 quoque

2090 2631 2158 2669 ex
2191 2613 2302 2668 Deo
2329 2630 2556 2670 sumus:
2593 2631 2734 2670 unus
2772 2615 2918 2669 enim
2949 2616 3092 2670 Deus
3115 2631 3181 2669 ea:
3229 2632 3332 2686 quo
3377 2617 3556 2670 omnia
3580 2617 3620 2647 ³¹
3651 2635 3666 2670 :

2091 2715 2164 2774 et,
2193 2718 2366 2761 vetera
2403 2708 2751 2772 transierunt,
2780 2724 2894 2762 ecce
2917 2707 3062 2777 facta
3110 2719 3232 2762 sunt
3275 2710 3458 2762 omnia
3511 2725 3666 2763 nova.

2093 2799 2288 2855 Omnia
2315 2809 2490 2852 autent
2511 2815 2577 2854 ea:
2610 2799 2803 2853 Deo".
2837 2800 3163 2870 Cogitabam
3192 2815 3409 2872 quoque
3441 2798 3574 2854 illud
3615 2801 3668 2852 in
3713 2823 3720 2831 ο

2093 2891 2316 2946 Pastore
2363 2892 2666 2962 scriptum:
2709 2891 2844 2946 Ante
2877 2891 3058 2946 omnia
3105 2892 3295 2959 crede,
3340 2907 3503 2946 unum
3562 2907 3672 2945 esse

2093 2983 2260 3038 Deum
2283 2986 2374 3055 qui
2397 2986 2594 3039 creavit
2629 2993 2678 3038 et
2709 2985 2987 3039 adornavit
3019 2986 3220 3050 omnia,
3262 2992 3310 3039 et
3348 2985 3467 3054 fecit
3507 3001 3570 3038 ea
3607 2999 3673 3038 ea:

2095 3093 2200 3130 non
2237 3077 2612 3130 exsistentibus
2663 3079 2934 3132 exsistere.
2973 3075 3078 3131 Sed
3127 3076 3404 3148 Episcopi,
3455 3077 3672 3131 illorum

2095 3167 2390 3234 vafritiem,
2437 3178 2492 3224 et
2525 3185 2752 3239 pravum
2785 3170 3081 3240 impietatis
3128 3171 3418 3224 artitieium
3449 3171 3672 3240 conspi-

2093 3263 2222 3346 cati,
2267 3261 2418 3328 illud,
2450 3277 2514 3316 ex
2549 3260 2682 3326 Deo,
2725 3261 2988 3332 liquidius
3026 3261 3408 3330 explicarunt:
3439 3258 3672 3316 Filium.

2095 3371 2202 3426 que
2251 3370 2317 3410 ex
2368 3354 2670 3409 substantia
2730 3353 2828 3408 Dei
2879 3369 3002 3409 esse
3055 3355 3438 3423 scripserunt;
3482 3353 3556 3410 ita
3616 3363 3674 3409 ut

2097 3456 2364 3500 creatura:
2397 3445 2616 3515 quidem
2654 3459 2720 3500 eo
2745 3445 3057 3500 dicerentur
3103 3460 3170 3500 ex
3205 3445 3310 3502 Deo
3345 3461 3488 3510 esse,
3529 3446 3670 3515 quod

2096 3553 2205 3592 non
2232 3553 2260 3590 a
2288 3537 2482 3605 seipsis
2509 3536 2720 3605 absque
2748 3551 2914 3591 causa
2939 3536 3301 3600 exstitissent,
3333 3537 3427 3592 sed
3459 3537 3671 3592 initium

2095 3629 2391 3683 exsistendi
2435 3630 2804 3696 habuissent;
2853 3628 3026 3684 Filius
3055 3643 3184 3683 vero
3233 3629 3384 3685 solus
3421 3629 3674 3700 proprius

2097 3723 2418 3778 substantiae
2460 3721 2643 3777 Patris
2683 3721 3018 3776 haberetur:
3054 3721 3203 3792 quod
3255 3722 3536 3792 proprium
3591 3735 3674 3777 est

2097 3815 2376 3886 unigenito
2428 3830 2494 3870 ac
2546 3829 2678 3869 vero
2738 3812 2917 3868 Verbo
2965 3813 3109 3883 apud
3151 3813 3392 3871 Patrem.
3433 3813 3500 3870 Et
3561 3815 3674 3872 hair

2095 3908 2314 3977 quidem
2337 3922 2506 3962 causa
2539 3906 2641 3962 fuit
2665 3922 2765 3962 cur
2787 3905 2942 3970 illud,
2970 3921 3032 3962 ex
3058 3907 3384 3974 substantia,
3409 3907 3674 3978 scriptum

2097 4000 2188 4054 sit.
2216 3997 2454 4054 Rursum
2503 3999 2776 4068 episcopis
2797 4013 3003 4068 paucos
3028 3997 3162 4054 istos
3189 3999 3671 4072 interrogantibus,

2096 4106 2166 4144 an
2197 4089 2443 4145 dicerent
2476 4090 2694 4154 Filium,
2723 4105 2832 4144 non
2873 4097 3202 4154 creaturam,
3253 4090 3350 4145 sed
3397 4091 3673 4156 virtutem,

2097 4182 2419 4252 sapientiam
2466 4181 2638 4236 solam
2667 4179 2870 4248 Patris,
2928 4192 3186 4237 aeternam
3239 4183 3530 4254 imaginem
3581 4200 3676 4254 per

2096 4275 2278 4328 omnia
2313 4273 2462 4328 Patri
2493 4273 2750 4338 similem,
2781 4284 2834 4329 et
2875 4273 3046 4329 Deum
3088 4289 3316 4342 verum;
3350 4273 3677 4344 deprehensi

2097 4374 2226 4422 sunt
2273 4363 2566 4420 Eusebiani
2617 4365 2719 4421 sibi
2766 4365 2998 4419 invicem
3051 4379 3336 4430 annuere,
3373 4365 3520 4435 quod
3561 4366 3676 4420 lizec

405 4455 459 4505 οι
487 4454 612 4524 περὶ
636 4457 894 4510 Εὑσέϐιον
921 4458 1253 4525 διανεύοντες
1285 4459 1556 4532 ἀλλήλοις,
1579 4461 1662 4513 ὅτι
1696 4461 1788 4513 καὶ
1821 4459 1989 4514 ταῦτα

2097 4459 2263 4514 etiam
2298 4457 2352 4511 in
2385 4473 2484 4512 nos
2524 4458 2774 4514 homines
2829 4459 3124 4514 caderent:
3167 4459 3368 4514 ctenim
3397 4475 3498 4514 nos
3547 4459 3672 4529 ipsi.

407 4543 600 4611 φθάνει
633 4547 726 4600 καὶ
755 4551 835 4634 είς
859 4551 1006 4621 ἡμᾶς
1027 4568 1041 4582 ’
1080 4553 1174 4606 καὶ
1196 4551 1313 4624 -γάρ
1351 4553 1445 4606 καὶ
1480 4554 1640 4622 ἡμεῖς
1693 4551 1787 4606 καὶ
1825 4551 1990 4606 εἰκὼν

406 4637 504 4690 καὶ
531 4638 656 4704 δόξα
703 4635 838 4694 Θεοῦ
875 4641 1164 4714 λεγόμεθα,
1221 4645 1314 4698 καὶ
1364 4645 1490 4716 περὶ
1535 4644 1690 4715 ἡμῶν
1734 4645 1985 4717 εἴρηται·

2103 4551 2279 4620 imago
2301 4559 2354 4602 et
2385 4550 2556 4620 gloria
2595 4551 2688 4606 Dei
2719 4567 3002 4618 vocamur,
3042 4553 3216 4620 deque
3265 4550 3425 4604 nobis
3469 4547 3672 4602 dictum

2098 4652 2179 4697 est
2207 4661 2220 4696 :
2257 4640 2472 4710 Semper
2496 4646 2634 4698 enim
2669 4660 2763 4699 nos
2792 4646 2882 4714 qui
2916 4645 3133 4698 vivimus
3155 4643 3220 4697 ³³.
3259 4639 3502 4694 Virtutes
3534 4654 3674 4708 qm:-

483 4861 529 4892 ³⁸
571 4861 729 4920 Rom.
763 4881 838 4928 Ix,
868 4867 957 4922 53.
1039 4867 1080 4898 ³⁸
1122 4866 1142 4918 l
1175 4866 1301 4922 Cor.
1335 4883 1449 4931 rm,
1483 4869 1534 4920 6.
1613 4869 1656 4898 ³¹
1699 4865 1742 4918 11
1780 4867 1908 4922 Cor.
1943 4883 1989 4932 ν,

2099 4911 2112 4930 ,
2155 4868 2239 4921 18.
2317 4869 2362 4899 ³³
2399 4867 2545 4925 Psal.
2584 4885 2738 4935 cxm,
2771 4869 2858 4923 18.

485 5107 598 5176 (45)
641 5107 860 5175 Regius,
891 5129 1344 5184 προσκόπτοντες.
1395 5110 1538 5166 Editi
1572 5127 1721 5174 vero,
1752 5113 1988 5182 προσκό-

407 5195 726 5323 ῗῗὲόῗνὲίο
769 5249 900 5321 Reg.
933 5251 1142 5323 Anglic.
1178 5263 1231 5306 et
1259 5251 1612 5315 Theodoret.,
1639 5250 1782 5323 apud
1827 5267 1987 5322 quem

411 5319 503 5396 hi_c
533 5319 757 5396 affertur
777 5319 1153 5396 nauseam,
1185 5323 1292 5396 τῷν
1323 5324 1420 5396 μὲν
1456 5323 1606 5395 παρὰ
1629 5319 1746 5396 τῶν-
1779 5319 1992 5396 Ἀρεία-

409 5388 540 5450 νῶν,
569 5391 756 5446 multis
787 5391 1028 5446 omissis.
1065 5391 1212 5452 lnl‘ra
1230 5387 1630 5460 Tlnéodoret'us,
1665 5393 1760 5447 καὶ
1788 5387 1986 5458 τὸ,Ἧν

409 5476 595 5601 πᾝθ)
635 5515 988 5601 Αηεὶίωηυε
1007 5539 1062 5586 et
1093 5529 1488 5598 Theodoretus,
1512 5531 1606 5588 τοῦ
1635 5532 1772 5588 Θεοῦ
1799 5533 1830 5584 ὁ
1853 5532 1982 5597 Υἱὸς

408 5598 594 5722 idest.
624 5598 747 5655 Mei
775 5601 830 5654 in
856 5601 1196 5657 'l‘heodoreto
1225 5603 1254 5656 ό
1273 5612 1406 5658 ante
1435 5605 1607 5673 Λόγος
1635 5605 1804 5659 deest.
1841 5603 1974 5657 Ibid.

461 5671 696 5726 nalican.
736 5669 1061 5726 Theodoret.
1093 5681 1146 5726 et
1175 5671 1307 5726 Rea.
1334 5677 1571 5726 secunda
1605 5691 1791 5726 manu.
1818 5674 1974 5726 σοφία

461 5674 702 5743 nglican.
736 5674 1061 5743 'l‘heodoret.
1093 5681 1146 5726 et
1175 5674 1307 5742 Reg.
1334 5677 1571 5729 secunda
1605 5691 1791 5736 manu,
1818 5674 1979 5743 σοφία

411 5741 511 5809 μὲν
537 5743 591 5812 ἡ.
631 5739 774 5796 Editi
797 5752 851 5797 et
881 5743 1012 5814 Reg.
1045 5745 1218 5814 prima
1251 5739 1438 5810 manu,
1458 5743 1618 5814 σοφία
1639 5744 1801 5816 μόνη.
1877 5813 1891 5823 ,

2163 5115 2272 5186 (Η)
2315 5117 2396 5171 ara
2432 5119 2627 5170 πάντα.
2649 5129 2760 5170 om.
2780 5112 3055 5177 Reg-Mox
3087 5118 3140 5168 in
3172 5113 3360 5169 eodem
3405 5112 3461 5166 δέ
3496 5113 3667 5166 derst.

2168 5189 2277 5258 (49)
2317 5187 2437 5258 ξέὶι).
2471 5205 2532 5250 ιι,
2567 5187 2815 5258 Μαιιάαι.
2850 5187 2902 5240 1.

2166 5249 2278 5326 (50)
2321 5249 2619 5325 Τίιεοιιοτη
2647 5256 2748 5327 τὴν
2776 5253 3140 5325 κακουργίαν.

2160 5325 2274 5396 (Si)
2313 5328 2418 5382 Τοῦ
2450 5328 2600 5382 deesr.
2633 5325 3046 5396 injAuglicano.

2160 5395 2272 5468 (5:2)
2313 5397 2610 5468 Theodon,
2641 5395 2816 5468 Λόγου
2845 5395 2936 5449 τοῦ
2969 5396 3182 5467 Πατρός

2159 5467 2272 5535 (55)
2309 5467 2620 5534 Anglican.,
2648 5468 2699 5519 εἰ
2726 5467 2956 5534 λέγοιεν.

2159 5539 2272 5618 (ει)
2311 5535 2543 5618 Regius,
2565 5535 3025 5618 κατελείφθηιξιξιν1
3055 5536 3670 5618 Μοιι-Τίιροιίοτειιιε-ει

2083 5607 2288 5680 Regius
2339 5607 2594 5680 secunda
2633 5623 2844 5680 manu,_
2870 5607 3140 5680 αλλήλοις,
3172 5608 3314 5664 Ειίίιί
3365 5619 3418 5664 et
3459 5607 3669 5680 Regius

2086 5679 2261 5748 prima
2292 5692 2481 5748 manu,
2515 5676 2790 5748 ἀλλήλους.
2825 5675 3180 5740 Ιιιίνιιζείκών
3202 5681 3354 5734 deest
3383 5683 3436 5735 in
3461 5675 3621 5738 ediiis
3651 5696 3665 5730 :

2086 5747 2180 5802 sed
2217 5747 2412 5817 tegitur
2447 5748 2504 5802 in
2535 5747 2794 5806 omnibus
2823 5765 2955 5806 mss.
2988 5759 3040 5806 ct
3065 5753 3119 5806 in
3149 5749 3418 5808 Theudor.
