3992 6230
408 340 545 393 1059

1002 335 1058 388 S.
1084 331 1452 387 ATHANASII
1492 331 1639 387 OPP.
1675 330 1853 386 PARS
1884 330 1927 386 1.
1968 361 2037 373 -ο
2077 331 2445 391 [HSTORICA
2485 334 2572 390 ET
2609 334 3034 392 DOGMATICA.

3506 337 3641 392 £040

407 472 512 528 que
546 461 727 509 multa:
780 462 943 507 sunt:
983 448 1045 505 Et
1084 468 1292 523 egressa
1329 463 1405 506 est
1451 454 1620 508 omnis
1655 453 1819 506 virtus
1858 450 1967 504 Do-

2079 452 2187 506 Ἀεὶ
2215 454 2323 522 γὰρ
2347 455 2519 524 ἡμεῖς
2539 458 2594 509 οἱ
2621 453 2851 522 ζῶντες.
2886 457 2997 509 Καὶ
3016 455 3272 526 δυνάμεις
3300 454 3491 509 πολλαί
3514 457 3639 509 εἰσι·

408 552 536 604 mini
570 547 632 601 de
662 557 801 600 terra
818 543 1059 615 Egypti.
1080 543 1256 599 Eruca
1285 559 1413 599 vero
1447 554 1501 599 et
1524 544 1737 599 locusta
1772 544 1968 598 dicun—

409 657 497 698 tur
529 643 754 696 virtutes
783 653 990 709 magnas
1014 637 1080 693 ³⁸.
1116 637 1200 704 Ει,
1231 637 1488 691 Dominus
1517 638 1770 691 virtutum
1794 635 1971 690 nobis-

400 751 524 790 cum
556 741 824 805 susseptor
855 740 1030 787 noster
1070 730 1206 785 Deus
1228 729 1395 785 Iacob
1420 730 1485 784 ³³.
1518 728 1633 785 lmo
1657 744 1790 784 vero
1828 728 1971 800 quod

409 832 516 887 Deo
552 829 723 885 simus
749 826 952 898 proprii
988 826 1319 895 accepimus,
1350 824 1490 878 haud
1522 824 1626 879 levi
1668 823 1849 888 modo,
1880 822 1972 879 sed

349 905 361 945 ί
405 924 530 995 quia
560 922 762 978 fratres
786 935 887 974 nos
919 920 1149 975 vocavit.
1182 916 1336 984 Quod
1366 916 1410 971 si
1439 916 1634 970 Filium
1682 916 1845 970 etiam
1877 931 1971 969 vc-

407 1031 529 1069 rum
561 1014 729 1069 Deum
759 1019 976 1076 vocant,
1018 1023 1194 1080 neque
1217 1007 1347 1062 illud
1375 1022 1516 1078 aegre
1545 1006 1770 1063 ferimus
1797 1025 1810 1061 :
1847 1020 1972 1062 cum

405 1102 547 1156 cnim
572 1099 760 1155 'lactus
792 1097 976 1166 fuerit,
1007 1112 1167 1152 verus
1197 1096 1433 1151 exsistit.

472 1272 527 1328 6.
565 1272 688 1328 Haec
718 1281 973 1343 corrupta
1005 1286 1157 1327 mens
1204 1270 1533 1326 Arianorum
1586 1269 1709 1326 luit.
1767 1269 1972 1327 Verum

402 1365 664 1435 episcopi,
706 1373 818 1419 tum
865 1380 1080 1435 quoque
1128 1363 1399 1419 intellecta
1423 1378 1615 1419 eorum
1648 1363 1858 1429 fraude,
1903 1379 1970 1419 ex

405 1457 702 1528 Scripturis
739 1457 837 1511 has
870 1457 1136 1527 collegere
1177 1470 1373 1523 voces,
1422 1456 1790 1526 splendorem,
1843 1455 1976 1511 l‘on-

402 1560 532 1615 tem,
558 1547 778 1604 ﬂuvium
802 1557 856 1605 et
883 1549 1113 1615 ﬁguram
1147 1547 1466 1604 substantiae
1496 1566 1509 1602 :
1546 1548 1678 1604 illud
1719 1549 1868 1615 item,
1904 1548 1972 1604 In

403 1643 599 1696 lumine
623 1650 712 1695 tuo
732 1640 1019 1696 videbimus
1044 1641 1220 1694 lumen
1238 1639 1315 1695 ":
1342 1649 1396 1694 et
1418 1640 1570 1704 illud,
1592 1638 1704 1711 Ego
1729 1650 1777 1694 et
1809 1640 1973 1695 Pater

400 1748 563 1786 unum
609 1730 876 1786 sumus".
933 1729 1161 1786 Demum
1206 1728 1441 1785 lucidius
1499 1738 1553 1785 et
1591 1731 1972 1801 compendiose

2074 542 2185 597 Καὶ
2209 541 2426 613 ἐξῆλθε
2449 545 2566 615 μὲν
2596 544 2708 618 (57)
2744 545 2911 601 πᾶσα
2943 549 2983 617 ἢ
3028 546 3281 617 δύναμις
3313 549 3537 616 Κυρίου
3571 548 3641 603 ἐκ

2074 635 2185 706 γῆς
2208 639 2527 709 Αἰγύπτου.
2568 637 2630 692 Ἠ
2661 638 2717 691 δὲ
2738 640 2932 711 κάμπη
2956 640 3051 694 καὶ
3080 641 3112 711 ή
3139 639 3300 711 ἀκρὶς
3324 639 3542 709 λέγεται
3562 640 3642 693 δύο

2073 745 2233 800 ναμις
2282 730 2512 801 μεγάλη.
2569 731 2700 796 Καὶ,
2759 730 2973 797 Κύριος
3007 729 3128 784 τῶν
3179 729 3491 801 δυνάμεων
3516 731 3641 801 μεθ’

2071 821 2260 891 ἡμῶν,
2294 821 2669 892 ἀντιλήπτωρ
2716 821 2887 891 ἡμῶν
2936 824 2970 875 ὁ
3003 822 3145 890 Θεὸς
3203 824 3417 877 Ἰακώϐ.
3484 823 3643 878 Ἀλλά

2072 914 2183 986 γὰρ
2215 913 2275 968 τὸ
2309 914 2419 985 (58)
2458 914 2620 979 ἰδίους
2654 919 2799 989 ἡμᾶς
2817 914 2955 971 εἶναι
2987 916 3080 971 τοῦ
3113 915 3249 970 Θεοῦ
3290 917 3508 987 ἔχομεν,
3546 917 3643 987 οὐχ

2074 1003 2277 1069 ἁπλῶς,
2300 1005 2413 1059 ἀλλ’
2439 1005 2520 1059 ὅτι
2545 1007 2639 1059 καὶ
2677 1006 2935 1076 ἀδελφοὺς
2984 1008 3132 1077 ἡμᾶς
3166 1005 3442 1062 ἐκάλεσεν.
3492 1004 3557 1057 El
3588 1003 3642 1056 δέ

2072 1096 2165 1148 καὶ
2182 1095 2314 1150 Θεὸν
2339 1096 2590 1168 ἀληθινὸν
2612 1097 2828 1166 λέγουσι
2857 1098 2948 1153 τὸν
2980 1098 3128 1166 Υίδν,
3171 1098 3232 1151 οὐ
3275 1096 3438 1150 λυπεῖ
3460 1096 3605 1167 ἡμᾶς
3622 1112 3638 1125 ·

2072 1189 2359 1259 γενόμενος
2380 1189 2508 1262 γὰρ,
2535 1189 2786 1261 ἀληθινός
2807 1191 2974 1244 ἐστιν.

2143 1284 2196 1339 6.
2226 1282 2375 1355 Αὕτη
2433 1283 2544 1337 τῶν
2601 1285 2891 1355 Ἀρειανῶν
2936 1286 2970 1357 ἡ
3026 1282 3343 1355 ἐφθαρμένη
3411 1281 3641 1336 διάνοια.

2084 1375 2242 1430 Ἀλλὰ
2273 1376 2365 1429 καὶ
2393 1375 2503 1447 (59)
2544 1377 2778 1431 ἐνταῦθα
2817 1377 2866 1432 oi
2905 1377 3225 1445 ἐπίσκοποι,
3269 1374 3642 1446 θεωρήσαντες

2072 1467 2293 1522 ἐκείνων
2343 1468 2405 1522 τὸ
2465 1468 2661 1535 δόλιον,
2698 1470 3004 1540 συνήγαγον
3034 1469 3097 1522 ἐκ
3147 1467 3257 1521 τῶν
3306 1466 3541 1540 Γραφῶν
3583 1466 3644 1520 τὸ

2071 1561 2430 1633 ἀπαύγασμα,
2458 1562 2559 1634 τήν
2587 1579 2647 1616 τε
2682 1562 2864 1634 πηγὴν
2890 1562 2984 1615 καὶ
3014 1561 3105 1615 τὸν
3134 1559 3395 1630 ποταμὸν,
3422 1558 3518 1613 καὶ
3553 1557 3643 1611 τὸν

2072 1654 2392 1726 χαρακτῆρα
2428 1653 2563 1727 πρὸς
2587 1654 2687 1725 τὴν
2707 1654 3026 1716 ὑπόστασιν,
3057 1655 3149 1707 καὶ
3169 1654 3250 1719 τὸ,
3276 1654 3372 1706 "Er
3393 1650 3475 1717 τῷ
3497 1654 3643 1720 φωτί

2071 1762 2187 1801 σου
2214 1748 2484 1816 ὀψόμεθα
2523 1746 2633 1817 (60)
2661 1746 2807 1816 φῶς·
2844 1747 3011 1800 καὶτὸ
3035 1785 3050 1809 ,
3095 1745 3237 1817 Ἐγὼ
3257 1744 3356 1799 καὶ
3385 1747 3418 1799 ὀ
3444 1742 3644 1813 Πατὴρ

400 1824 756 1895 scripserunt,
799 1822 1324 1879 consubstantialem
1373 1836 1496 1878 esse
1537 1820 1682 1876 Patri
1729 1821 1965 1877 Filium:

2079 1839 2140 1894 ἓν
2156 1813 2363 1910 denter.
2382 1840 2492 1894 Καὶ
2517 1813 2835 1911 λευκότερον
2864 1840 3049 1895 λοιπὸν
3072 1813 3171 1893 καί.
3184 1839 3462 1908 συντόμως
3481 1837 3644 1908 ἔγρα-

398 1932 526 1972 nam
570 1931 735 1986 supra
778 1915 922 1971 dicta
970 1915 1153 1970 omnia
1183 1917 1323 1971 hanc
1371 1915 1574 1969 habent
1621 1914 1975 1985 signiﬁcatio-

399 2022 546 2062 nem.
616 2005 789 2062 Porro
858 2005 1004 2083 quod
1059 2006 1311 2061 eﬂ'utiunt
1378 2006 1477 2074 illi,
1540 2021 1635 2062 eas
1682 2021 1844 2062 voces
1913 2008 1969 2061 in

400 2096 678 2168 Scriptura
710 2112 817 2152 non
848 2111 1205 2161 essen'anum
1233 2098 1302 2152 ab
1320 2098 1453 2168 ipsis
1472 2103 1968 2153 commdnstratur:

397 2201 523 2243 cum
545 2202 610 2241 ex
634 2202 741 2241 non
765 2186 982 2257 scriptis
1002 2186 1334 2256 impietatem
1352 2187 1675 2257 proferant:
1701 2203 1971 2258 nusquam

396 2279 545 2335 enim
577 2279 693 2335 haec
742 2280 944 2350 scripta
997 2288 1160 2335 sunt:
1204 2295 1271 2335 ex
1314 2295 1423 2335 non
1465 2280 1872 2345 exsistentibus,
1918 2287 1973 2334 et

396 2372 572 2428 illud:
620 2372 916 2443 aliquando
962 2389 1070 2427 non
1112 2381 1268 2428 erat:
1308 2388 1431 2428 sese
1476 2382 1657 2428 tamen
1682 2410 1699 2436 ,
1751 2386 1819 2426 ex
1860 2386 1970 2425 non

396 2463 615 2535 scriptis
647 2464 774 2520 licet
812 2463 901 2534 pie
927 2464 1250 2535 excogitatis
1286 2464 1485 2529 verbis,
1518 2463 1808 2518 damnatos
1833 2477 1971 2532 que-

394 2567 613 2614 runtur.
645 2556 752 2612 Sed
780 2556 882 2625 illi,
909 2564 1094 2628 utpote
1119 2571 1186 2612 ex
1212 2554 1558 2628 sterquilinio
1595 2555 1723 2619 orti,
1756 2569 1882 2609 vere
1905 2555 1972 2610 de

394 2661 541 2708 terra
568 2652 908 2724 loquuntur;
956 2652 1193 2723 episcopi
1237 2667 1365 2707 vero
1414 2666 1762 2723 nequaquam
1811 2666 1971 2707 voces

396 2744 520 2801 illas
543 2745 945 2816 excogitarunt,
978 2746 1071 2801 sed
1099 2744 1323 2800 Patrum
1353 2744 1672 2801 testimonio
1692 2742 1845 2811 freti,
1891 2745 1967 2799 ita

395 2836 754 2906 scripserunt.
806 2834 1087 2906 Siquidem
1129 2834 1296 2906 prisci
1342 2834 1586 2905 episcopi
1639 2842 1765 2889 ante
1796 2848 1969 2888 annos

393 2942 563 3000 prope
585 2938 804 2984 centum
822 2928 1199 2999 triginta,eum
1222 2943 1431 2997 magnae
1446 2927 1610 2998 716
1626 2925 1812 2981 Romae
1834 2926 1968 2995 (55),

393 3029 511 3075 tum
536 3021 703 3076 etiam
739 3029 940 3076 nostrae
968 3021 1140 3084 urbis,
1175 3020 1395 3090 scriptis
1439 3021 1556 3075 suis
1588 3034 1686 3075 eos
1713 3020 1969 3089 culpave-

392 3119 525 3166 runt
547 3113 641 3182 qui
671 3111 868 3166 Filium
902 3127 1016 3166 rem
1050 3109 1261 3165 iactam
1307 3118 1362 3164 et
1398 3107 1546 3163 Patri
1574 3124 1682 3164 non
1730 3108 1971 3164 consub-

394 3203 704 3259 stantialem
735 3203 996 3259 dicerent.
1035 3202 1206 3273 Cujus
1253 3202 1332 3257 rei
1384 3216 1495 3256 non
1537 3202 1764 3272 ignarus
1796 3199 1967 3256 Euse-
1997 3188 2042 3251 C

392 3299 539 3364 hius,
563 3297 824 3353 Caesareae
845 3296 972 3352 olim
993 3297 1302 3367 episcopus,
1324 3296 1416 3366 qui
1443 3311 1566 3351 cum
1591 3296 1741 3365 prius
1757 3295 1971 3350 Arianae

393 3389 589 3446 haeresi
641 3387 1055 3457 sufl‘ragaretur,
1088 3396 1277 3458 postea
1304 3385 1537 3442 Nicmnze
1582 3386 1790 3458 synodo
1840 3386 1971 3441 sub-

392 3483 651 3554 scripsit;
682 3482 736 3537 in
767 3481 960 3538 litteris
990 3482 1059 3538 ad
1110 3495 1243 3536 suos
1286 3479 1472 3536 missis
1519 3480 1636 3534 haec
1683 3477 1969 3532 aliirmavit

395 3576 552 3649 (56):
593 3597 612 3630 ι
667 3575 744 3631 Ex
795 3575 1035 3647 antiquis
1081 3574 1349 3647 quosdam
1393 3572 1638 3628 eruditos
1684 3573 1970 3641 clarosque

391 3671 717 3742 episcopos,
765 3678 930 3742 atque
996 3668 1327 3739 scriptores,
1371 3667 1577 3722 scimus
1636 3666 1781 3721 circa
1849 3665 1971 3718 Pa-

392 3765 494 3821 tris
528 3773 583 3820 et
621 3762 740 3818 Filii
790 3762 1152 3829 divinitatem,
1211 3757 1695 3816 consubstantialis
1750 3757 1970 3811 nomine

391 3873 540 3914 ιιεοε.
582 3876 600 3910 Ι

465 3957 515 4011 7.
547 3953 690 4021 Quid
740 3953 907 4022 igitur
928 3951 1108 4007 adhuc
1136 3948 1540 4004 Ariminensem
1562 3953 1887 4010 memorant,
1910 3943 1967 3998 in

390 4063 499 4120 qua
516 4046 749 4117 depositi
767 4044 931 4100 sunt?
947 4041 1088 4109 Quid
1107 4040 1380 4096 Nicmnam
1405 4038 1672 4112 synodum
1689 4047 1966 4105 recusant,

390 4140 479 4194 cui
512 4139 674 4193 etiam
725 4135 917 4191 Patres
963 4136 1049 4189 sui
1104 4133 1568 4203 subscripserunt,
1623 4140 1678 4186 et
1728 4130 1967 4187 confessi

391 4235 541 4296 sunt,
571 4244 637 4284 ex
668 4227 996 4292 subStantia,
1027 4234 1083 4282 et
1112 4224 1637 4281 consubstantialem
1669 4239 1790 4280 esse
1810 4221 1964 4278 Patri

389 4318 635 4376 Filium?
665 4321 795 4392 quid
838 4320 1317 4376 circumcursant?
1363 4334 1474 4373 non
1527 4318 1673 4373 enim
1703 4333 1828 4373 cum
1874 4315 1968 4372 Ni-

390 4413 555 4470 ctenis
582 4422 788 4468 tantum
815 4414 1104 4484 episcopis,
1142 4412 1236 4468 sed
1267 4421 1469 4468 etcum
1506 4412 1630 4466 aliis
1666 4411 1810 4467 inter
1834 4425 1967 4468 suos

388 4506 711 4563 clarissimis
747 4516 802 4562 et
833 4523 959 4562 cum
988 4507 1226 4576 propriis
1253 4507 1474 4562 tandem
1495 4505 1779 4561 dimicant.
1814 4504 1964 4572 Quo-

389 4603 643 4654 rumnam
689 4599 850 4669 igitur
897 4601 1140 4655 heredes
1181 4611 1235 4654 et
1265 4613 1616 4655 successores
1669 4599 1842 4653 sunt?
1873 4599 1969 4669 qui

388 4701 623 4762 possunt
655 4709 750 4749 eos
788 4709 984 4749 vocare
1030 4692 1241 4758 Patres,
1274 4706 1511 4762 quorum
1564 4689 1965 4746 confessionem

2071 1928 2179 2000 ψαν
2215 1929 2499 2001 ὀμοούσιον
2551 1929 2627 2000 τῷ
2662 1928 2837 2002 Πατρὶ
2885 1928 2978 1982 τὸν
3045 1927 3206 1981 Υίόνο
3261 1925 3347 1995 τάξ
3378 1924 3487 1997 γὰρ
3511 1941 3643 1996 προ-

2071 2022 2338 2095 ειρημένα
2384 2022 2559 2076 πάντα
2609 2023 2810 2092 ταύτην
2839 2021 2951 2094 ἔχει
3004 2020 3100 2093 τὴν
3134 2018 3428 2092 σημασίαν.
3473 2017 3583 2070 Καὶ
3615 2016 3644 2070 6

2071 2114 2385 2186 γογγυσμὸς
2410 2115 2607 2180 αὐτῶν,
2639 2115 2721 2168 ὅτι
2754 2114 2992 2187 ἄγραφοι
3025 2114 3163 2167 εἰσιν
3191 2113 3247 2165 αἱ
3277 2109 3472 2175 λέξεις,
3491 2108 3643 2176 ἐλέγο

2072 2224 2225 2279 χεται
2255 2207 2384 2279 παρ’
2411 2206 2586 2260 αὐτῶν
2621 2206 2867 2278 μάταιος,
2905 2206 2964 2273 ἐξ
2996 2205 3260 2277 ἀγράφων
3305 2201 3418 2273 (61)
3451 2199 3646 2270 ἀσεϐή-

2074 2318 2296 2366 σαντες·
2334 2301 2555 2373 ἄγραφα
2585 2300 2641 2353 δὲ
2664 2300 2747 2365 τὸ,
2790 2299 2880 2364 Ἐξ
2907 2301 3008 2353 οὐκ
3052 2298 3241 2361 ὄντων,
3284 2295 3378 2350 καὶ
3414 2294 3513 2358 τὸ,
3536 2287 3644 2345 Ἦν

2073 2410 2222 2455 ποτε,
2256 2393 2344 2446 ὅτε
2392 2392 2490 2445 οὐκ
2522 2387 2591 2464 ἦν
2612 2412 2624 2423 ·
2652 2391 2967 2456 αἰτιῶνται,
3006 2390 3087 2443 ὄτι
3113 2388 3171 2455 ἐξ
3220 2387 3485 2458 ἀγράφων
3529 2386 3643 2455 μετ’

2070 2485 2352 2549 εὐσεϐείας
2369 2484 2673 2554 νοουμένων
2695 2483 2893 2550 λέξεων
2909 2480 3336 2553 κατεκρίθησαν.
3357 2477 3520 2530 Αὐτοὶ
3546 2474 3645 2547 μὲν

2072 2578 2149 2641 ὡς
2175 2578 2240 2630 ἐκ
2266 2577 2498 2648 κοπρίας
2528 2576 2699 2639 ὄντες,
2732 2574 3000 2645 ἐλάλησαν
3030 2570 3244 2642 ἀληθῶς
3277 2569 3383 2623 ἀπὸ
3422 2566 3561 2636 γῆς’
3595 2566 3645 2618 οι

2072 2669 2127 2724 δὲ
2160 2670 2467 2730 ἐπίσκοποι,
2496 2669 2593 2739 οὐχ
2623 2668 2831 2730 ἑαυτοῖς
2859 2664 2970 2738 (62)
3015 2664 3266 2736 εὑρόντες
3314 2660 3414 2724 τὰς
3451 2657 3643 2723 λέξεις,

2072 2761 2184 2816 ἀλλ’
2213 2764 2277 2815 ἐκ
2302 2761 2557 2832 Πατέρων
2584 2759 2796 2831 ἔχοντες
2819 2759 2916 2829 τὴν
2941 2754 3266 2828 μαρτυρίαν,
3288 2751 3460 2815 οὕτως
3487 2749 3648 2820 ἔγρα-

2071 2856 2199 2927 ψαν.
2264 2856 2582 2909 Ἐπίσκοποι
2608 2854 2717 2924 γὰρ
2744 2854 2960 2925 ἀρχαῖοι
3009 2849 3115 2921 πρὸ
3166 2847 3301 2901 ἐτῶν
3350 2844 3516 2914 ἐγγύς
3546 2860 3645 2896 που

2071 2949 2265 3003 ἑκατὸν
2293 2948 2584 3021 τριάκοντα
2616 2946 2717 3016 τῆς
2749 2943 2991 3016 μεγάλης
3029 2939 3247 3012 Ῥώμης
3262 2938 3357 2992 καὶ
3386 2937 3487 3007 τῆς
3509 2936 3648 3007 ἡμε-

2071 3041 2236 3113 τέίρας
2272 3041 2480 3104 πόλεως
2507 3039 2811 3110 γράφοντες
2830 3036 3123 3107 ᾐτιάσαντο
3145 3031 3256 3104 (65)
3287 3031 3414 3093 τούς
3439 3027 3650 3098 ποίημα

2073 3133 2330 3201 λέγοντας
2356 3131 2447 3185 τὸν
2475 3130 2604 3185 Υίὸν
2637 3130 2732 3181 καὶ
2759 3128 2833 3199 μὴ
2858 3125 3141 3198 ὀμοούσιον
3175 3122 3254 3193 τῷ
3294 3119 3469 3191 Πατρί
3490 3136 3504 3149 ·
3552 3116 3650 3171 καὶ

2074 3224 2231 3278 τοῦτο
2252 3223 2544 3292 ἐγίνωσκεν
2570 3218 2830 3282 Εὐσέϐιος
2852 3218 2880 3270 ὁ
2911 3216 3203 3287 γενόμενος
3229 3212 3524 3273 ἐπίσκοπος
3552 3206 3650 3278 τῆς

2075 3314 2432 3386 Καισαρείας,
2467 3312 2732 3384 πρότερον
2779 3309 2876 3381 μὲν
2913 3306 3224 3378 συντρέχων
3268 3305 3333 3374 τῇ
3399 3299 3648 3372 Ἀρειαῇ

2075 3407 2306 3478 αἱρέσει,
2341 3405 2564 3477 ὕστερον
2588 3403 2644 3457 δὲ
2679 3400 3002 3472 ὑπογράψας
3031 3399 3088 3450 ἐν
3114 3396 3250 3466 αὐτῇ
3274 3396 3339 3467 τῇ
3373 3395 3430 3446 ἐν
3446 3389 3650 3458 Νικαία

2078 3499 2297 3571 συνόδῳ,
2327 3497 2532 3572 ἔγραψε
2555 3499 2668 3560 τοῖς
2698 3494 2849 3557 ἰδίοις
2879 3486 3356 3559 διαϐεϐαιούμενος
3375 3523 3390 3548 ,
3421 3484 3505 3537 ὅτι
3556 3480 3650 3534 καὶ

2074 3591 2182 3647 τῶν
2204 3589 2446 3645 παλαιῶν
2482 3605 2635 3651 τινας
2657 3586 2870 3656 λογίους
2893 3582 2988 3638 καὶ
3021 3581 3302 3650 ἐπιφανεῖς
3320 3574 3649 3633 ἐπισκόπους

2074 3683 2170 3738 καὶ
2200 3681 2573 3755 συγγραφέας,
2614 3678 2856 3749 ἔγνωμεν
2890 3675 2982 3728 ἐπὶ
3014 3672 3111 3744 τῆς
3150 3669 3244 3724 τοῦ
3293 3668 3404 3739 (64)
3437 3663 3650 3735 Πατρὸς

2074 3778 2170 3833 καὶ
2206 3774 2340 3830 Υἱοῦ
2394 3774 2646 3847 Θεότητος
2681 3771 2759 3843 τῷ
2803 3769 2897 3826 τοῦ
2938 3766 3223 3840 δμοουσίου
3272 3762 3648 3836 χρηταμένους

2073 3867 2319 3938 ὀνόματι.

2146 3958 2199 4012 7.
2236 3957 2301 4010 Τί
2326 3950 2418 4010 οὖν
2444 3954 2523 4008 ἔτι
2552 3953 2653 4025 τὴν
2691 3949 2984 4023 ’Δρίμηνον
3017 3940 3129 4018 (65)
3162 3943 3515 4015 ὀνομάζουσιν
3539 3977 3556 4002 ,
3594 3938 3650 3990 ἐν

2072 4043 2109 4125 ᾖ
2139 4047 2548 4121 καθῃρέθησαν;
2583 4043 2649 4097 Τί
2673 4039 3060 4114 παραιτοῦνται
3095 4036 3194 4109 τὴν
3225 4037 3283 4089 ἐν
3304 4033 3508 4103 Νικαίᾳ
3531 4028 3649 4125 σὺνῖ

2072 4120 2210 4205 οδον,
2254 4120 2311 4194 ἐν
2432 4139 2527 4192 καὶ
2565 4138 2614 4189 οἱ
2651 4134 2891 4207 Πατέρες
2940 4130 3120 4186 αὐτῶν
3172 4124 3491 4212 ὑπέγραψαν
3514 4162 3530 4187 ,
3557 4120 3649 4212 καὶ

2073 4210 2433 4304 ὡμολόγησαν
2466 4230 2531 4281 ἐκ
2553 4227 2650 4299 τῆς
2681 4225 2870 4287 οὐσίας
2914 4223 3010 4277 καὶ
3058 4218 3344 4292 ὁμοοὺσιον
3390 4210 3529 4269 εἶναι
3560 4210 3649 4304 τόν

2075 4325 2202 4379 Υίὸν
2230 4303 2516 4396 τῷνΠατρί
2541 4337 2556 4383 ;
2578 4318 2632 4373 τί
2672 4315 3124 4390 περιτρέχουσιν;
3157 4313 3217 4366 οὐ
3250 4310 3359 4383 γάρ
3387 4307 3526 4379 πρὸς
3557 4303 3648 4376 μό-

2072 4434 2196 4481 νους
2228 4415 2353 4479 τούς
2392 4415 2450 4468 ἐν
2483 4411 2691 4483 Νικαίᾳ
2736 4409 3072 4471 ἐπισκόπους
3115 4404 3232 4477 (66)
3278 4398 3646 4459 συνελθόντας,

2074 4506 2212 4562 ἀλλά
2233 4504 2344 4578 γὰρ
2366 4503 2614 4574 καὶπρὸς
2633 4501 2758 4565 τοὺς
2780 4497 2990 4553 ἐαυτῶν
3011 4495 3276 4569 μεγάλους
3300 4488 3647 4578 ἐπισκόπους,

2077 4599 2174 4654 καὶ
2204 4574 2341 4668 πρὸς
2368 4595 2496 4658 τοὺς
2522 4592 2685 4655 ἰδίους
2709 4590 2896 4644 λοιπὸν
2924 4589 3204 4659 μάχονται.
3227 4583 3404 4637 Τίνων
3429 4574 3522 4633 οὖν
3546 4577 3646 4629 sict

2079 4687 2403 4761 κληρονόμοι
2427 4685 2521 4740 καὶ
2554 4683 2830 4754 διάδοχοι;
2871 4679 2991 4744 πῶς
3031 4677 3287 4733 δύνανται
3327 4672 3506 4741 λέγειν
3536 4668 3645 4721 Πα-

459 4862 508 4896 ³⁵
542 4861 660 4918 Joel
690 4875 750 4926 ιι,
781 4860 875 4914 25.
950 4860 994 4893 ³⁵
1032 4857 1177 4913 Psal.
1215 4874 1336 4920 su,
1365 4856 1420 4909 8.
1497 4856 1542 4888 ³⁸
1582 4857 1725 4911 Psal.
1765 4874 1928 4923 xxxv,
1962 4878 1970 4913 τ

2128 4860 2170 4891 ³⁷
2208 4856 2371 4912 Joan.
2399 4870 2455 4919 ι,
2478 4852 2568 4908 50.

461 5021 573 5106 (⁵5)
611 5020 751 5106 Si“!!!
795 5012 1963 5106 Ρὲοιιῖεῑμε.,ξίειεῐξςχξιιπῑίξι,ῑ²⁶ἓ,,999ιὶίὶςὲ

390 5085 506 5148 tum
554 5085 758 5151 inierit,
795 5085 957 5144 haud
992 5089 1162 5142 multo
1198 5088 1381 5156 plures
1434 5085 1538 5156 166
1595 5086 1756 5140 annis
1810 5093 1969 5140 erant

389 5178 515 5221 cum
563 5163 680 5218 haec
725 5159 1057 5214 Athanasius
1099 5155 1383 5219 scriberet,
1410 5168 1442 5208 a
1485 5155 1628 5210 datis
1674 5157 1967 5225 utriusque

390 5233 633 5307 ilionysii
675 5227 1074 5307 Παιδεία-βαιῇ
1122 5230 1190 5284 de
1236 5225 1513 5297 Dionysiis
1564 5226 1653 5281 hic
1700 5225 1961 5296 loquitur.

392 5299 549 5359 \‘ide'
564 5318 728 5370 supra
760 5316 815 5370 p.
850 5299 1009 5355 605.«

462 5374 575 5447 (56)
614 5365 740 5447 Hice
763 5365 989 5447 Eusebii
1019 5368 1183 5447 verba
1212 5368 1336 5447 vide
1361 5382 1615 5447 s_u_pra_p.
1651 5365 1773 5447 i89:

455 5436 728 5567 ἐὸἐέοέάέν
773 5442 929 5497 deest
970 5441 1026 5495 in
1075 5438 1346 5495 Theodor.
1382 5436 1511 5493 MOX
1541 5436 1710 5509 idem,
1730 5437 1969 5529 δύναμις

390 5529 483 5568 του
507 5526 661 5569 Θεου.
1730 5526 1731 5529 “

464 5584 577 5707 (582
616 5582 969 5655 Anglicanus,
986 5580 1147 5635 Ἀλλὰ
1160 5579 1269 5651 γὰρ
1289 5579 1384 5636 καὶ
1400 5579 1478 5632 τό.
1495 5575 1791 5641 Theodor.,
1809 5577 1971 5632 Ἀλλά

512 5672 541 5706 τ
579 5694 592 5707 .

390 5668 488 5708 και
512 5668 592 5708 το.

486 5724 576 5791 59)
614 5725 673 5793 Ιλη
711 5723 920 5793 Anglic.
948 5722 1043 5776 καί
1071 5722 1242 5776 deest.

486 5730 576 5791 59)
614 5730 673 5776 In
711 5730 920 5793 Anglic.
948 5730 1043 5776 καί
1071 5730 1242 5776 deest.

462 5730 579 5863 ίω)
619 5789 711 5847 Sic
749 5806 894 5862 pene
942 5806 1133 5847 omnes
1185 5788 1564 5860 manuscripti.
1614 5786 1757 5845 Editi
1812 5802 1965 5859 vero,

2069 5011 2487 5087 θψομριιέαυιρ
2534 5004 2940 5087 ροειὲἑηξιίοοι
2995 4984 3642 5087 λοξτεέᾕέκὲἕιέἷρξξξξῗὲ·

2144 5032 2168 5068 ο
2254 5031 2288 5066 ι.
2315 5031 2487 5067 rauto
2535 5031 2685 5080 post:
2706 5031 2940 5073 unguen
2997 5031 3181 5053 Λυνιυυν
3229 5031 3341 5047 ειη.
3385 5031 3641 5069 ητττω,

2144 5031 2647 5155 (gfLTheodoretn
2696 5076 2755 5142 ἐξ
2799 5073 3066 5145 ἀγράφων
3101 5066 3229 5138 γάρ.
3288 5059 3433 5116 intra
3484 5056 3641 5117 idem,

2068 5151 2206 5210 διότι
2237 5152 2298 5218 ἐξ
2322 5151 2604 5223 ἀγράφων.

2144 5199 2793 5295 (ξὶῗιῗεξῗῖι-ξῖαὲαυτούς
2839 5212 3000 5295 male.
3037 5199 3641 5295 ‘lntraul‘he‘otiutzﬁi‘tf.

2084 5267 2528 5362 Ἐὲιὲςεοὲἓόῗῖἆρ
2547 5267 2692 5361 ῆξάηῷ
2701 5267 2924 5358 ’ά-ρῖίαῖοι
2945 5274 3290 5335 male.Paulo
3342 5279 3464 5340 post
3486 5267 3640 5327 idem,

2070 5382 2254 5508 mis?)
2284 5362 2688 5508 ﬂgitium,
2718 5424 2769 5480 οἳ
2817 5421 3128 5495 ᾐτιάσαντο,
3157 5414 3363 5468 omisso
3407 5406 3639 5480 γράφονο

2071 5501 2183 5570 res.
2224 5501 2368 5576 ὺιει
2401 5501 2689 5576 Anglican;
2895 5562 2909 5576 .
2961 5559 2975 5576 ς
3020 5558 3107 5576 -.Α
3136 5552 3221 5576 _-_-.

2167 5559 2259 5639 64⁷)
2301 5559 2602 5633 Theudor"
2635 5567 2868 5643 sitpousv
2893 5559 2985 5643 ἐπὶ
3010 5559 3246 5643 ᾲτοῨΑι
3283 5621 3330 5643 :_
3345 5617 3440 5643 ,με

2167 5577 2259 5639 64)
2301 5575 2602 5633 Theudor.,
2635 5575 2868 5638 εῠρομεν
2893 5575 2985 5614 επι
3010 5575 3107 5638 της
3132 5575 3246 5607 του.
3283 5621 3297 5632 .
3428 5617 3440 5629 _

2143 5575 2258 5713 $65)
2298 5630 3009 5713 Anglicanus,‘A_pta_tu-qv£by
3049 5629 3153 5713 hic
3183 5617 3533 5713 etﬂ‘tnl’ertus,
3579 5612 3638 5668 de

2074 5701 2253 5773 more:
2280 5701 2426 5769 intra
2454 5710 2674 5781 Regius,
2702 5701 2759 5781 ἐν
2788 5701 2944 5781 ﬁniit
2967 5702 2995 5781 ό
3020 5710 3178 5781 πρες,
3208 5701 3305 5781 sic.

2312 5769 2676 5844 Ἐπισκόῖιους
2701 5769 2853 5835 deest
2878 5774 2936 5828 iii
2960 5769 3278 5838 Anglicano.
