3992 6230
386 271 485 327 1⁵04
495 275 511 327 l

1403 267 1734 324 EPISTULA
1770 267 1858 323 AD
1899 267 2127 322 AFRDS
2166 265 2561 322 EPISCOPOS.

3486 264 3634 326 1041

389 391 546 465 τέρας
575 387 814 452 τούτους,
871 381 944 444 ων
973 390 1071 442 οὐκ
1120 390 1472 459 ἀποδέχονται
1528 389 1626 460 τὴν
1663 390 1952 459 ὁμολογίαν
1983 442 1987 451 η

2091 397 2198 443 ecte
2247 396 2301 442 et
2335 385 2631 457 apostolice
2685 386 2940 455 scriptam
2977 400 3083 441 non
3127 385 3436 458 rccipiunt?
3468 387 3636 454 Quod-

385 485 479 555 τὴν
505 482 685 546 καλῶς
737 483 832 536 καὶ
885 482 1257 545 ἀποστολικῶς
1311 483 1644 552 γραφεῖσαν;
1700 482 1870 544 Ἐπεὶ,
1907 483 1954 534 εξ

385 573 691 645 νομίζουσιν
724 573 1023 641 ἀντιλέγειν
1055 571 1336 630 δύνασθαι.
1386 572 1718 636 εἰπάτωσαν,
1757 570 1956 641 μᾶλλον

385 668 437 719 δὲ
471 666 957 736 ἀποκρινάσθωσαν
979 706 994 730 ,
1029 666 1116 719 ἵνα
1148 665 1242 718 καὶ
1291 666 1502 727 ἑαυτοῖς
1541 662 1959 734 περιπίπτοντες

387 755 732 826 ελεγχθῶσιν.
771 757 818 809 εἰ
864 754 1177 809 πιστεύουσι
1227 755 1438 823 λέγοντι
1493 753 1571 825 τῷ
1599 752 1751 824 Υἱῷ·
1819 751 1961 822 Ἐγὼ

387 845 482 900 καὶ
512 851 546 900 ὀ
567 846 770 915 Πατὴρ
791 846 860 900 ἓν
887 847 1091 916 ἐσμενο
1113 847 1227 910 καὶ,
1244 848 1297 899 '0
1313 845 1583 914 ἑωρακὼς
1609 845 1714 915 ἐμὲ
1743 845 1962 913 ἑώρακε

387 937 493 991 τὸν
521 937 784 1006 Πατέρας
817 938 945 1004 Ναὶ,
992 939 1198 992 εἴποιεν
1245 939 1331 1002 ἂν,
1389 938 1575 1010 ἐπειδὴ
1631 938 1960 1011 γέγραπται,

388 1025 735 1098 πιστεύομεν.
779 1027 939 1081 Ἀλλὰ
977 1030 1072 1082 καὶ
1103 1027 1227 1093 Πῶς
1259 1030 1316 1082 ἓν
1357 1030 1482 1094 εἱσι,
1528 1029 1624 1082 καὶ
1656 1028 1772 1088 πῶς
1803 1029 1832 1080 6
1866 1029 1967 1080 ἑω-

388 1117 570 1190 ρακὼς
595 1118 686 1172 τὸν
719 1118 845 1172 Υἰὸν
873 1119 1084 1192 ἑώρακε
1136 1120 1230 1174 καὶ
1287 1119 1399 1191 (67)
1429 1120 1518 1174 τὸν
1556 1119 1776 1190 Πατέρα
1797 1159 1810 1182 ,
1871 1117 1966 1170 ἐὰν

389 1209 736 1282 ὲρωτηθῶσιν
757 1213 951 1275 εἰπεῖν,
979 1213 1196 1276 πάντως
1231 1230 1332 1266 που
1379 1213 1650 1282 φήσουσι,
1682 1213 1761 1264 Δι’
1788 1210 1968 1282 ὁμοιό-

391 1317 550 1371 τητα·
587 1303 634 1354 εί
665 1300 740 1373 μὴ
771 1300 950 1355 τέλεον
975 1301 1407 1373 συμπεπτώκασι
1453 1304 1566 1366 τοῖς
1603 1300 1810 1372 ἀδελφὰ
1839 1317 1970 1371 φρο-

391 1389 569 1445 νοῦσιν
592 1393 796 1456 αὐτοῖς,
827 1393 921 1446 καὶ
970 1393 1282 1464 λεγομένοις
1317 1393 1634 1464 Ἀνομοίοις.
1695 1390 1833 1445 Ἀλλ’
1875 1390 1969 1445 ἐὰν

394 1483 554 1537 πάλιν
585 1484 918 1554 ὲρωτηθῶσι,
956 1484 1079 1548 Πῶς
1105 1487 1322 1556 ὅμοιος;
1345 1485 1844 1556 ἀποθρασυνὸμενοι
1865 1485 1970 1556 φή-

390 1593 574 1629 σουσιν
595 1591 608 1604 ·
657 1577 852 1648 Ἀρετῇ
883 1577 1063 1649 τελείᾳ
1096 1578 1190 1631 καὶ
1221 1578 1510 1649 συμφωνία
1533 1577 1594 1632 τὸ
1639 1577 1770 1631 αὐτὸ
1799 1577 1971 1630 θέλειν

396 1667 468 1739 τῷ
495 1669 671 1738 Πατρὶ
697 1707 711 1732 ,
755 1669 850 1723 καὶ
901 1669 976 1740 μὴ
1037 1669 1209 1724 θέλειν
1243 1670 1381 1742 ὅπερ
1430 1673 1458 1724 6
1491 1670 1680 1742 Πατὴρ
1710 1670 1772 1723 οὑ
1805 1669 1968 1723 θέλει.

2059 481 2102 534 si
2141 495 2264 534 sese
2310 492 2615 551 repugnare
2662 493 2823 548 posse
2871 476 3224 544 arbitrantur,
3275 479 3481 544 dicant,
3531 488 3634 532 aut,

2057 572 2245 643 potius
2281 571 2667 642 respondeant,
2705 579 2765 624 ut
2798 569 2850 622 in
2895 583 3015 623 sese
3061 569 3420 638 impingentes
3465 583 3636 623 coar—

2061 674 2294 737 guantur
2324 681 2339 729 ;
2367 680 2495 719 num
2528 663 2753 718 credant
2783 661 2920 716 Filio
2970 661 3170 716 dicenti
3197 679 3210 714 :
3242 661 3352 732 Ego
3388 671 3438 716 et
3466 661 3636 716 Pater

2059 773 2221 811 unum
2239 772 2454 820 sumus;
2477 764 2562 809 et:
2587 755 2678 825 qui
2701 754 2944 818 viditme,
2962 753 3091 807 vidit
3115 761 3163 805 et
3179 751 3392 807 Patrem
3408 754 3470 807 ³⁸.
3490 751 3625 818 lmo,

2062 850 2264 916 dicent,
2297 849 2400 903 hoc
2427 848 2553 918 quia
2585 847 2846 917 scriptum
2879 855 2982 912 est,
3013 846 3309 901 credimus.
3360 845 3463 901 Sed
3492 861 3630 916 quo-

2065 942 2353 996 modonam
2385 957 2553 996 unum
2579 953 2729 1002 sunt,
2755 949 2808 994 ct
2830 938 3124 1010 quomodo,
3154 938 3247 1009 qui
3273 937 3409 993 vidit
3435 936 3632 992 Filium

2063 1033 2199 1089 vidit
2230 1043 2282 1087 et
2321 1032 2533 1086 Patrem
2560 1050 2574 1098 ;
2606 1031 2651 1086 si
2676 1030 2756 1086 sic
2777 1030 3198 1100 interrogentur,
3231 1028 3635 1098 respondebunt

2068 1142 2216 1189 sane,
2248 1124 2328 1178 Οἱ)
2363 1123 2772 1178 similitudinem
2802 1142 2816 1177 :
2851 1123 2955 1178 nisi
3006 1139 3128 1178 cum
3178 1122 3246 1177 iis
3274 1121 3497 1192 collapsi
3527 1121 3638 1176 sint

2067 1216 2159 1286 qui
2191 1213 2404 1269 amnem
2465 1230 2576 1268 suae
2628 1215 2954 1269 sentent'am
2991 1221 3233 1278 tuentur,
3272 1223 3326 1267 et
3375 1220 3638 1267 vocantur

2067 1307 2335 1363 Anomoei.
2373 1305 2476 1362 Sed
2513 1309 2557 1361 si
2597 1322 2815 1361 rursum
2847 1305 3143 1368 sciscitere,
3175 1320 3282 1374 qua
3313 1304 3520 1359 ratione
3564 1302 3640 1358 si-

2069 1399 2260 1455 milis?
2295 1399 2556 1455 audacius
2592 1398 2812 1455 dicent:
2863 1396 3077 1452 Virtute
3124 1396 3359 1467 perfecta
3410 1403 3463 1450 et
3509 1410 3642 1451 con-

2071 1508 2258 1561 sensu,
2280 1491 2428 1563 quod
2451 1491 2684 1562 idipsum
2714 1491 2843 1546 velit
2869 1492 3012 1561 quod
3041 1488 3224 1553 Pater,
3252 1498 3307 1543 et
3331 1487 3474 1559 quod
3504 1485 3642 1541 nihil

2070 1583 2218 1647 velit,
2255 1583 2360 1638 nisi
2394 1583 2538 1653 quod
2572 1581 2751 1638 Pater.
2784 1579 2890 1637 Sed
2922 1581 3129 1636 discant
3157 1595 3281 1635 eum
3315 1580 3405 1650 qui
3437 1594 3504 1633 ex
3532 1577 3646 1632 vir-
3751 1605 3754 1609 -

2073 1686 2188 1732 tute
2217 1685 2273 1731 et
2303 1675 2584 1731 voluntate
2627 1674 2739 1729 Deo
2776 1674 2971 1729 similis
3016 1675 3107 1739 sit,
3147 1671 3391 1728 mutandi
3439 1671 3525 1727 sui
3555 1686 3644 1724 ar-

402 1759 563 1814 Ἀλλὰ
599 1759 937 1830 μαθέτωσαν,
968 1762 1050 1815 ὅτι
1079 1761 1139 1826 ἐξ
1163 1762 1364 1834 ἀρετῆς
1393 1762 1486 1816 καὶ
1499 1761 1593 1815 τοῦ
1621 1761 1794 1816 θέλειν
1823 1763 1973 1832 ὁμοι-

2091 1770 2293 1824 )ἰιι·ἰιιιη
2325 1768 2525 1822 habere
2552 1785 2565 1822 :
2596 1767 2744 1838 atqui
2772 1765 3006 1822 Verbum
3037 1780 3380 1836 nequaquam
3411 1771 3493 1819 est
3513 1763 3642 1828 tale,

393 1849 620 1922 πιόμενος
650 1851 727 1922 τῷ
753 1850 890 1922 Θεῷ,
922 1850 1037 1922 ἔχει
1070 1853 1169 1924 μὲν
1191 1853 1395 1906 καὶτοῦ
1417 1854 1716 1924 τρέπεσθαι
1745 1852 1856 1926 (68)
1875 1853 1971 1925 τὴν

393 1942 743 2015 προαίρεσιν·
770 1945 870 1996 οὐκ
909 1944 1024 1997 ἔστι
1049 1945 1106 1999 δὲ
1134 1943 1306 2008 οὕτως
1334 1948 1363 1999 6
1399 1946 1572 2015 Λόγος
1597 1949 1631 2012 ,’
1653 1949 1701 2000 εί
1761 1947 1834 2018 μὴ
1867 1946 1975 2018 ἄρα

391 2034 462 2088 lx
495 2034 692 2106 μέρους
713 2037 808 2089 καὶ
830 2035 952 2090 καθ’
979 2039 1126 2107 ἡμᾶς
1154 2026 1358 2109 ὅμοιος,
1385 2039 1466 2092 ὅτι
1505 2040 1579 2112 μὴ
1611 2039 1705 2092 καὶ
1729 2040 1847 2093 κατ’
1881 2040 1975 2093 οὺ-

400 2127 522 2182 σίαν
554 2126 738 2198 ὅμοιός
770 2129 906 2181 ἐστι.
939 2128 1126 2183 Ταῦτα
1156 2129 1212 2182 δὲ
1238 2130 1345 2184 ἴδια
1391 2131 1547 2202 ἡμῶν
1581 2131 1688 2185 τῶν
1735 2131 1978 2204 γενητῶν

397 2219 496 2273 καὶ
520 2217 743 2290 κτιστὴν
765 2219 995 2289 ἑχόντων
1033 2221 1134 2292 τὴν
1167 2220 1348 2290 φύσιν.
1378 2223 1489 2276 Καὶ
1524 2223 1633 2295 γὰρ
1675 2225 1769 2278 καὶ
1795 2225 1976 2294 ἡμεῖς,

398 2311 576 2364 καίτοι
602 2311 676 2384 μὴ
704 2310 992 2382 δυνάμενοι
1012 2313 1186 2383 ὅμοιοι
1205 2314 1324 2366 κατ’
1345 2314 1535 2368 οὐσίαν
1557 2314 1649 2368 τοῦ
1677 2315 1812 2369 Θεοῦ
1831 2317 1982 2385 γενέ-

402 2399 548 2464 σθαι,
577 2400 747 2470 ὅμως,
775 2399 834 2466 ἐξ
875 2401 1074 2471 ἀρετῆς
1103 2399 1493 2472 βελτιούμενοι,
1537 2401 1851 2473 μιμούμεθα
1891 2402 1981 2455 τὸν

400 2491 534 2543 Θεὸν
558 2488 690 2562 (69),
718 2491 1087 2562 χαρισαμένου
1113 2491 1206 2544 καὶ
1231 2490 1386 2545 τοῦτο
1408 2490 1502 2545 τοῦ
1529 2493 1754 2564 Κυρίου,
1781 2492 1875 2546 καὶ
1897 2491 1984 2545 λέ-

403 2597 626 2651 γοντος·
681 2584 939 2637 Γίνεσθε
967 2584 1360 2654 οἰκτίρμονες,
1384 2583 1465 2650 ὡς
1501 2585 1535 2638 ό
1571 2583 1776 2652 Πατὴρ
1818 2581 1985 2653 ὑμῶν

403 2673 719 2744 οἰκτίρμων
731 2675 886 2730 ἐστί.
911 2675 1165 2729 Γίνεσθε
1186 2674 1506 2742 τέλειοι,ὡς
1527 2677 1560 2730 ό
1590 2674 1793 2744 Πατὴρ
1820 2673 1986 2744 ὑμῶν

404 2770 439 2823 ὀ
465 2767 745 2837 οῖἰοάνιος
783 2768 1010 2834 τέλειός
1039 2769 1190 2822 ἐστι.
1215 2769 1437 2840 Τρεπτά
1459 2768 1515 2822 δὲ
1539 2767 1610 2821 τὰ
1630 2766 1853 2838 γενητὰ,
1887 2767 1988 2820 οὐκ

406 2861 472 2916 ἄν
507 2877 591 2926 τις
611 2861 926 2933 ἀρνήσαιτο,
960 2859 1208 2928 ἀγγέλων
1236 2859 1336 2930 μὲν
1362 2858 1722 2930 παραϐάντων
1743 2897 1757 2922 ,
1790 2856 1885 2910 τοῦ
1932 2857 1988 2909 δὲ

420 2952 595 3024 Ἀδὰμ
614 2951 1081 3025 παρακούσαντος,
1114 2953 1207 3005 καὶ
1237 2951 1452 3005 πάντων
1472 2951 1740 3021 δεομένων
1767 2950 1864 3020 τῆς
1896 2945 1990 3001 τοῦ

2075 1862 2179 1918 nisi
2215 1861 2353 1917 forte
2377 1877 2441 1916 ex
2476 1861 2656 1931 aliqua
2705 1871 2862 1931 parte
2896 1868 2950 1914 et
3001 1867 3190 1913 nostro
3223 1872 3390 1922 more,
3442 1854 3642 1910 nedum

2078 1953 2376 2008 secundum
2402 1952 2760 2008 substantiam
2783 1951 2961 2006 simile
2982 1949 3072 2006 sit.
3106 1950 3164 2003 Id
3193 1950 3338 2004 enim
3363 1948 3644 2018 proprium

2078 2047 2239 2101 nobis
2276 2056 2360 2100 est
2392 2045 2488 2115 qui
2519 2044 2668 2108 facti,
2697 2053 2750 2099 et
2775 2053 2968 2098 natura
2992 2050 3174 2097 creata
3198 2041 3408 2112 praediti
3439 2055 3647 2095 sumus.

2081 2138 2291 2194 Etenim
2325 2152 2447 2204 nos,
2479 2137 2606 2192 licet
2634 2136 2934 2191 secundum
2966 2133 3328 2190 substantiam
3359 2130 3469 2186 Deo
3499 2131 3653 2187 simi-

2080 2231 2160 2286 les
2188 2245 2309 2284 esse
2337 2243 2695 2298 nequeamus,
2727 2235 2909 2282 tamen
2947 2227 3001 2281 in
3035 2225 3237 2281 virtute
3288 2223 3652 2295 proﬁcientes,

2083 2322 2252 2378 Deum
2307 2321 2612 2387 imitamur,
2669 2321 2772 2375 hoc
2816 2320 3056 2374 donante
3107 2317 3361 2384 Domino,
3395 2317 3488 2387 qui
3541 2315 3655 2370 ait:

2085 2413 2277 2469 Estote'
2315 2411 2701 2477 misericordes,
2751 2412 2889 2464 sicut
2933 2409 3098 2465 Pater
3151 2419 3316 2465 vester
3360 2408 3657 2462 misericors

2083 2513 2159 2560 est
2181 2501 2248 2554 ³⁵.
2271 2501 2452 2557 Estote
2475 2500 2715 2574 perfecti,
2739 2503 2874 2558 sicut
2916 2501 3075 2556 Pater
3095 2512 3258 2556 vester
3284 2499 3503 2555 caelestis
3541 2515 3661 2566 per-

2088 2596 2248 2664 fectus
2271 2602 2347 2648 est
2369 2594 2436 2650 ⁸ο.
2479 2592 2705 2664 Opiﬁcia
2740 2605 2918 2649 autem
2973 2593 3255 2648 mutabilia
3307 2606 3448 2657 esse,
3501 2606 3662 2646 nemo

2087 2688 2341 2760 negarit:
2385 2702 2509 2742 cum
2542 2696 2599 2742 et
2647 2687 2820 2756 angeli
2856 2685 3192 2756 praevaricati
3227 2684 3354 2746 sint,
3396 2693 3449 2738 et
3488 2683 3662 2738 Adam

2090 2796 2199 2836 non
2225 2779 2512 2844 obedierit,
2549 2788 2603 2834 et
2635 2793 2823 2833 omnes
2851 2787 3047 2848 egeant
3072 2777 3247 2846 gratia
3277 2774 3461 2831 Verbi.
3495 2773 3666 2830 Muta-

2091 2871 2200 2927 bile
2235 2879 2418 2926 autem
2467 2869 2796 2924 immutabili
2841 2868 2951 2924 Deo
3001 2867 3177 2924 simile
3227 2883 3349 2922 esse
3381 2882 3664 2937 nunquam

2093 2964 2330 3034 poterit:
2365 2974 2423 3018 ut
2451 2978 2549 3018 nec
2584 2970 2823 3018 creatum
2853 2962 3080 3017 creanti.
3114 2960 3454 3031 Quapropter
3479 2960 3532 3014 in
3563 2974 3666 3013 nos

407 3046 584 3115 Λόγου
623 3046 863 3118 χάριτος.
899 3044 1144 3117 Τρεπτόν
1172 3044 1229 3097 δὲ
1260 3043 1531 3115 ἁτρέπτου
1559 3043 1709 3106 ὄντος
1735 3039 1829 3094 τοῦ
1858 3039 1987 3094 Θεοῦ

2098 3054 2396 3123 respiciens
2441 3062 2665 3109 sanctus
2705 3052 2795 3107 ille
2838 3051 3092 3108 dicebat:
3149 3051 3309 3114 Deus,
3334 3051 3448 3121 quis
3479 3048 3671 3102 similis

408 3141 512 3194 οὐκ
537 3137 602 3193 ἂν
636 3140 717 3211 εἴη
746 3139 964 3210 ὅμοιον*
1001 3137 1189 3210 ῶσπερ
1226 3136 1346 3190 οὐδὲ
1383 3136 1445 3189 τὸ
1483 3133 1700 3189 κτισθὲν
1736 3132 1830 3188 τοῦ
1874 3132 1987 3186 κτί-

2098 3101 2395 3123 -_-,.----.-_
2442 3101 2663 3109 -_..-_---
2706 3101 2793 3107 --η
2842 3101 3052 3108 ---ν-ψ,
3080 3101 3092 3105 -
3338 3101 3379 3121 τ
3408 3101 3441 3102 η
3488 3101 3493 3102 ,

2096 3149 2194 3201 erit
2223 3145 2423 3200 tibi“?
2455 3154 2509 3200 et
2534 3164 2548 3200 :
2575 3145 2709 3211 Quis
2735 3143 2925 3199 similis
2963 3143 3057 3197 tibi
3089 3143 3143 3196 in
3187 3143 3310 3208 diis,
3341 3141 3562 3195 Domine
3583 3139 3674 3191 ιιι

412 3246 626 3294 σαντος.
649 3230 748 3283 Διὰ
767 3230 926 3284 τοῦτο
949 3230 1079 3302 περὶ
1105 3231 1204 3301 μὲν
1227 3231 1260 3300 ἡ
1269 3228 1384 3300 μῶν
1414 3226 1633 3282 σκοπῶν
1660 3230 1688 3280 6
1714 3227 1867 3296 ἅγιος
1889 3225 1996 3279 ἕλε-

408 3337 539 3393 γεν·
602 3323 667 3376 ’0
703 3323 870 3390 Θεὸς,
898 3323 991 3389 τίς
1045 3320 1474 3392 ὁμοιωθήσεται
1519 3335 1618 3374 σοι
1633 3335 1652 3384 ;
1705 3319 1840 3383 καὶ,
1902 3319 1996 3385 Τίς

410 3416 616 3487 ὅμοιός
643 3431 743 3472 σοι
772 3416 843 3470 ἐν
867 3415 1046 3482 θεοῖς,
1069 3416 1244 3484 Κύριε
1270 3430 1289 3479 ;
1325 3413 1482 3477 θεοὺς
1509 3413 1704 3482 λέγων,
1727 3413 1851 3474 τοὺς
1881 3428 1998 3464 κτι-

413 3508 643 3573 σθέντας
674 3507 793 3580 μὲν,
831 3507 1088 3580 μετόχους
1113 3507 1172 3560 δὲ
1197 3506 1521 3576 γενομένους
1563 3504 1656 3557 τοῦ
1687 3504 1884 3571 Λόγου,
1923 3502 1998 3568 ὡς

410 3601 580 3667 αὐτὸς
617 3599 768 3656 εἶπεν
787 3619 801 3633 ο
838 3600 906 3655 El
932 3600 1209 3666 ἐκείνους,
1249 3598 1422 3664 θεοὺς
1450 3599 1600 3663 εἷπε,
1631 3595 1780 3665 πρὸς
1829 3595 1936 3661 οὓς
1966 3598 1999 3649 ό

412 3696 608 3766 Λότος
634 3695 742 3750 τοῦ
773 3695 921 3749 Θεοῦ
948 3693 1206 3762 ἐγένετο.
1237 3693 1317 3746 Τὰ
1357 3692 1413 3746 δὲ
1455 3691 1751 3762 μετέχοντα
1795 3690 1896 3742 οὐκ
1934 3688 2000 3743 ἂν

414 3789 504 3861 εἴη
531 3789 600 3842 τὰ
639 3787 750 3860 (Ἱο)
776 3787 915 3842 αὐτὰ
946 3787 1068 3841 οὐδὲ
1094 3787 1255 3857 ὃμοια
1295 3784 1387 3838 τοῦ
1436 3783 1819 3854 μετεχομένου.
1865 3779 2001 3852 Περὶ

419 3881 616 3936 ἑαυτοῦ
650 3881 780 3952 γοῦν
811 3881 1016 3949 ἔλεγεν·
1049 3878 1196 3949 Ἐγὼ
1215 3877 1313 3931 καὶ
1329 3880 1361 3931 ὀ
1378 3875 1580 3942 Πατὴρ
1602 3874 1672 3928 ἓν
1697 3875 1905 3944 ἐσμεν,
1926 3873 2003 3938 ὠς

417 3978 531 4030 τῶν
551 3975 794 4046 γενητῶν
822 3975 897 4046 μὴ
925 3973 1095 4026 ὄντων
1117 3971 1307 4034 οὕτως.
1343 3968 1494 4022 Ἐπεὶ
1516 3965 2004 4038 ἀποκρινάσθωσαν

419 4069 474 4121 oi
504 4068 604 4140 τὴν
642 4067 932 4139 Ἀρίμηνον
960 4065 1355 4136 προτείνοντες,
1392 4064 1441 4115 εί
1474 4059 1667 4131 κτιστὴ
1699 4058 1810 4129 (71)
1847 4055 2006 4110 οὖσία

418 4160 656 4214 δύναται,
681 4162 883 4213 εἰπεῖν·
933 4160 992 4212 Ἀ
1019 4156 1231 4222 ,βλέπω
1267 4154 1374 4208 τὸν
1409 4150 1642 4219 Πατέρα
1693 4147 2003 4213 ποιοῦντα,

420 4252 614 4308 ταῦτα
641 4253 802 4323 κάγὼ
829 4249 996 4304 ποιῶ.
1039 4248 1346 4319 Ποιούμενα
1373 4245 1481 4317 γάρ
1529 4246 1642 4296 ἐστι
1679 4241 1750 4296 τὰ
1781 4239 2004 4312 γενητὰ,

424 4346 523 4400 καὶ
547 4346 609 4400 οὐ
640 4343 897 4400 ποιοῦντα
916 4362 930 4375 ο
958 4345 1006 4396 εἰ
1037 4342 1148 4412 (72)
1179 4340 1236 4394 δὲ
1286 4341 1359 4411 μή
1393 4356 1479 4408 γε,
1513 4338 1606 4391 καὶ
1657 4333 1826 4390 ἑαυτὰ
1860 4333 2009 4386 ἐποί-

2097 3239 2230 3294 deos
2269 3239 2458 3294 dicens
2490 3239 2610 3294 illos
2654 3237 2749 3308 qui
2776 3235 2943 3291 creati
2979 3233 3221 3306 quidem,
3255 3233 3346 3290 sed
3377 3232 3669 3304 participes

2097 3330 2260 3386 Verbi
2292 3341 2439 3397 sunt,
2475 3331 2938 3402 quemadmodum
2973 3330 3087 3400 ipse
3115 3329 3228 3383 ait:
3265 3326 3325 3383 Si
3363 3328 3484 3381 illos
3533 3326 3673 3380 dixi:

2098 3424 2244 3488 deos,
2269 3423 2337 3477 ad
2365 3439 2493 3493 quos
2530 3421 2753 3476 Verbum
2793 3421 2893 3475 Dei
2926 3421 3124 3490 factum
3154 3428 3229 3473 est
3254 3419 3319 3473 ".
3353 3417 3458 3472 Res
3490 3425 3684 3470 autem:

2101 3528 2223 3584 qua:
2245 3512 2477 3582 alicujus
2509 3512 2802 3582 participes
2833 3518 2981 3577 sunt,
3032 3525 3312 3578 nunquam
3352 3507 3551 3562 eaedem
3581 3513 3675 3559 aut

2102 3607 2311 3664 similes
2341 3606 2391 3660 ei
2438 3603 2644 3661 fuerint
2671 3604 2828 3674 cujus
2873 3614 3000 3658 sunt
3035 3602 3344 3672 participes.
3386 3598 3461 3653 De
3493 3597 3674 3666 seipso

2102 3698 2268 3769 igitur
2299 3695 2466 3750 dixit:
2509 3692 2623 3765 Ego
2655 3703 2703 3746 et
2733 3692 2898 3746 Pater
2921 3707 3083 3744 unum
3123 3706 3326 3752 sumus,
3353 3684 3498 3757 quod
3529 3683 3677 3738 scili-

2102 3800 2188 3846 cet
2232 3805 2320 3844 res
2373 3787 2527 3842 factae
2579 3800 2859 3855 nunquam
2910 3781 3226 3849 huiusmodi
3276 3780 3404 3834 sint.
3460 3773 3677 3844 Alioqui

2104 3884 2468 3954 respondeant
2498 3881 2591 3952 qui
2621 3878 3022 3934 Ariminensem
3050 3873 3352 3930 obtendunt
3384 3867 3675 3942 synodum.

2105 3993 2172 4031 an
2205 3988 2383 4034 creata
2413 3973 2722 4032 substantia
2753 3972 2935 4027 dicere
2968 3968 3182 4040 possit:
3220 3966 3351 4031 Quae
3376 3963 3524 4017 video
3557 3959 3682 4036 Pa-

2107 4074 2239 4117 trem
2269 4062 2570 4132 facientem,
2595 4060 2705 4112 hwc
2732 4069 2779 4112 et
2801 4073 2893 4127 ego
2921 4055 3059 4124 [acia
3072 4055 3139 4108 ⁸⁵,
3160 4051 3294 4106 Nam
3321 4049 3534 4119 opilicia
3555 4061 3684 4101 con-

2107 4155 2221 4210 dita
2255 4163 2404 4220 sunt,
2433 4164 2487 4209 et
2513 4152 2649 4208 nihil
2680 4151 2926 4206 condunt
2946 4166 2973 4217 ;.
2993 4148 3077 4203 sin
3109 4155 3292 4200 autem
3317 4143 3519 4207 minus,
3555 4153 3687 4208 ergo

2109 4247 2291 4315 seipsa
2327 4245 2714 4300 condiderunt.
2763 4240 2923 4296 Certe
2972 4238 3042 4306 si,
3078 4245 3140 4294 ut
3188 4235 3398 4301 dicunt,
3433 4239 3687 4287 creatura

2109 4346 2194 4392 est
2229 4335 2420 4402 Filius,
2454 4347 2509 4392 ct
2555 4336 2716 4391 Pater
2760 4333 2952 4391 fecerit
2993 4347 3144 4396 eum,
3190 4329 3352 4400 plane
3391 4325 3562 4382 Filius
3603 4338 3693 4377 se-

423 4453 588 4506 ησαν.
634 4435 850 4508 Ἀμέλει
882 4437 951 4498 εί,
991 4434 1065 4497 ὡς
1093 4433 1331 4501 λέγουσι,
1377 4430 1582 4498 κτίσμα
1617 4427 1764 4481 ἐστὶν
1802 4429 1831 4480 6
1860 4425 1985 4489 Υἱὸς

2115 4432 2293 4502 ipsum
2331 4431 2655 4493 condiderit,
2705 4445 2854 4496 cum,
2907 4435 2967 4481 ut
3000 4427 3116 4495 ipse
3148 4431 3400 4489 testatur,
3431 4436 3493 4475 ea
3520 4417 3695 4488 possit

426 4531 526 4586 καὶ
544 4530 686 4583 ποιεῖ
705 4527 870 4581 αὐτὸν
890 4528 918 4579 6
939 4524 1147 4596 Πατὴρ,
1173 4525 1388 4584 πάντως
1412 4519 1478 4573 ἂν
1513 4519 1736 4590 ἐποίησε
1764 4517 1858 4571 καὶ
1873 4517 2011 4569 -ἑαυ-

427 4621 522 4676 τὸν
550 4623 580 4674 6
618 4620 746 4683 Υἱὸς
771 4662 785 4685 ,
826 4618 1122 4687 δυνάμενος
1178 4616 1351 4667 ποιεῖν
1384 4612 1420 4666 ἃ
1454 4613 1598 4666 ποιεῖ
1641 4613 1671 4663 6
1697 4609 1908 4680 Πατὴρ,
1937 4608 2012 4672 ὡς

430 4709 592 4766 εἶπεν
635 4711 828 4774 αὐτός’
882 4709 995 4762 ἀλλ’
1035 4707 1234 4762 ἄτοπον
1268 4705 1362 4759 καὶ
1401 4703 1521 4757 λίαν
1563 4699 1864 4756 ἀσύστατόν
1894 4701 2010 4752 ἐστι

428 4807 495 4860 τὸ
527 4803 768 4859 τοιοῦτον
787 4819 801 4834 ·
839 4804 1014 4857 ποιεῖν
1039 4799 1150 4871 γὰρ
1171 4797 1361 4852 ἑαυτὸν
1387 4795 1564 4859 οὐδεὶς
1587 4793 1830 4848 δύναται.

512 4921 565 4976 8.
591 4919 760 4975 Πάλιν
807 4920 866 4973 δὲ
925 4919 1272 4981 εἰπάτωσαν,
1330 4916 1379 4969 εἰ
1417 4914 1642 4968 δύναται
1690 4911 1759 4964 τὰ
1813 4909 2015 4982 γενητά

434 5014 644 5068 εἰπεῖν·
699 5012 902 5065 Πάντα
926 5051 940 5075 ,
998 5009 1116 5062 ὅσα
1145 5007 1270 5076 ἔχει
1301 5010 1334 5061 ό
1361 5005 1582 5074 Πατὴρ,
1631 5000 1746 5072 ἐμά
1811 5002 2017 5066 ἐστιν;

2121 4523 2301 4577 facere
2323 4536 2446 4592 quae
2470 4519 2629 4574 Pater
2655 4519 2786 4574 facit
2814 4538 2828 4574 :
2858 4517 2952 4573 sed
2983 4515 3116 4570 illud
3145 4513 3442 4569 absurdum
3474 4519 3528 4565 et
3555 4524 3696 4562 nun-

2119 4630 2284 4686 quam
2316 4622 2572 4669 constare
2613 4619 2832 4683 potest:
2871 4617 3043 4666 nemo
3069 4607 3215 4664 enim
3249 4604 3486 4674 seipsum
3521 4607 3696 4668 potest

2118 4705 2348 4761 edicere.

2196 4910 2356 4980 717
2397 4909 2450 4964 8.
2487 4907 2725 4964 Rursum
2756 4908 2937 4961 dicant
2968 4919 3034 4957 an
3065 4899 3277 4972 possint
3303 4911 3391 4951 res
3437 4893 3592 4947 factae
3616 4887 3698 4980 dif

2124 4979 2247 5058 cere
2323 5000 2518 5056 Omnia
2551 5015 2871 5072 quaecunque
2912 4996 3065 5049 habet
3105 4992 3289 5057 Pater,
3319 5002 3432 5041 mea
3461 4992 3583 5038 sunt
3605 4980 3650 5010 δ’
3676 4979 3700 5030 ?

513 5127 559 5158 ³⁸
596 5123 755 5180 Joan.
794 5141 905 5188 xxv,
936 5124 989 5180 9.
1067 5125 1112 5156 ³³
1153 5123 1284 5178 Luc.
1307 5138 1380 5188 vl,
1403 5121 1493 5176 56.
1569 5119 1614 5151 ⁸ο
1655 5117 1846 5172 Matth.
1877 5132 1931 5180 v,
1960 5116 1987 5172 4

2126 5117 2170 5149 ⁸³
2211 5117 2356 5173 Psal.
2398 5131 2606 5180 Lxxm,
2635 5116 2690 5168 2.
2765 5110 2974 5165 “Psal.
3008 5121 3205 5168 ωιτη,
3235 5103 3288 5158 8.
3366 5100 3410 5131 “
3448 5097 3603 5153 Joan.
3643 5109 3698 5149 ιο

439 5198 535 5253 35.
611 5197 658 5229 “
694 5195 852 5251 Joan.
883 5212 937 5263 v,
962 5195 1048 5251 i9.
1127 5194 1172 5227 "
1209 5192 1372 5247 Joan.
1403 5207 1512 5256 xvi,
1547 5190 1632 5245 15.

521 5311 633 5382 (67)
669 5311 781 5382 Καί
809 5311 963 5366 deest
1002 5311 1056 5364 in
1091 5309 1260 5382 Regio
1305 5318 1358 5382 et
1404 5309 1458 5363 in
1501 5307 1818 5382 Anglicano.
1855 5303 2021 5367 intra.

2208 5305 2319 5375 (69)
2348 5304 2710 5375 Anglicanus,
2744 5299 2832 5351 τὸν
2861 5296 3015 5375 Θεόν.
3039 5293 3186 5375 Mox,
3215 5290 3308 5375 Ξαί
3331 5289 3481 5375 deest
3505 5285 3557 5341 in
3594 5281 3702 5338 Rc-

445 5359 547 5438 xai.
590 5359 934 5452 levopévbis:
943 5359 1256 5452 ίᾲζιῐιὶᾱῐοῖζςζ
1300 5359 1388 5452 vix
1405 5359 1686 5452 Ἐυξιῖἦὶῖί
1702 5359 1987 5452 Ἷροεειιιιιιι

2133 5359 2419 5452 gioLlnI'ra
2447 5359 2800 5452 Anglicanus,
2832 5365 3135 5452 scaeaeque}
3165 5359 3420 5452 bi’llcll—tﬁp.

444 5453 582 5525 quid
612 5446 698 5525 hic
722 5446 911 5525 legerit
940 5446 1207 5525 Nannius,
1241 5451 1334 5519 qui
1367 5446 1550 5514 vertit,
1576 5450 1690 5518 qui,
1716 5446 1854 5518 quod
1895 5447 2025 5516 ipsis

447 5522 648 5581 animis
682 5523 934 5594 cogitant,
958 5522 1132 5594 verb_is_
1145 5529 1415 5594 promunt.

529 5594 641 5678 (68)
680 5585 766 5678 lta'
797 5585 1201 5678 Regius.‘Editi
1230 5606 1381 5678 vero,
1415 5588 1913 5678 πρέπεσθαιῇιιιειο.
1944 5585 2026 5678 In:

2205 5445 2317 5516 (70)
2356 5430 2706 5516 Anglicanus,
2731 5439 2830 5492 οὐκ
2857 5435 3041 5516 ἦνιάεὶ
3067 5435 3135 5489 τὰ
3162 5430 3318 5486 αὐτά.

2204 5496 2316 5582 (ᾗ)
2355 5496 2709 5584 Anglicanus,
2738 5496 3381 5584 προκρίναντεςηκτιστὴ
3409 5496 3584 5584 οὐσία.

2207 5568 2611 5656 (72)-Είυόεεει
2647 5568 3047 5650 ἱιιἈὶιειίὶειιο.
3101 5574 3242 5631 Infra
3297 5571 3460 5634 idem,
3487 5568 3712 5629 πάντως

452 5653 546 5721 ἥθ’
564 5653 856 5729 ἱιιέοόθιιι,
877 5653 979 5716 ’καί
1012 5663 1164 5718 deest
1193 5669 1317 5716 ante
1345 5653 1694 5716 κατ“ὀὺσίαν.
1715 5659 1882 5716 Paulo
1904 5673 1987 5728 po:

2132 5660 2197 5712 ἂν
2219 5653 2417 5710 ἐποίει.

455 5734 811 5807 Anglicanus.
843 5732 950 5788 τῶν
985 5731 1216 5804 γενητὴν
1248 5732 1360 5786 καί.
