3992 6230
400 278 535 339 ίίὶὲὖ

987 281 1045 335 S.
1088 281 1461 337 ATHANASII
1500 281 1651 339 OPP.
1693 282 1872 337 PARS
1908 280 1952 334 Ι.
1990 308 2057 319 --
2096 279 2472 338 HISTORICA
2509 280 2597 336 ET
2637 279 3057 338 DOGMATICA.

3502 284 3620 344 50.?!

397 398 569 454 liabet
598 410 775 453 autem
795 399 902 464 ille,
927 401 1072 471 quod
1091 402 1409 469 sitcreator,
1426 403 1696 468 conditor,
1710 412 1944 458 aeternus

2073 400 2225 471 Ἔχει
2276 400 2332 453 δὲ
2386 399 2448 452 τὸ
2481 398 2707 464 κτίζειν,
2756 399 2816 452 τὸ
2841 398 3212 471 δημιουργεῖν,
3252 400 3313 454 τὸ
3343 401 3530 468 ἀΐδιον,
3576 406 3629 461 τὸ

394 491 763 561 omnipotens,
783 493 1162 548 immutabilis.
1189 492 1416 565 Opilicia
1451 504 1629 550 autem
1663 510 1762 550 nec
1782 510 1965 551 creare

395 595 642 654 possunt,
669 596 850 641 creata
881 602 1002 641 cum
1030 587 1141 642 sint
1166 604 1181 654 ;
1224 604 1325 644 nec
1352 597 1552 643 aeterna
1582 602 1723 655 esse,
1748 588 1962 644 initium

391 674 590 746 quippe
602 677 899 732 exsistendi
918 677 1118 732 habent
1138 693 1264 732 :nec
1280 679 1462 732 omnia
1480 693 1640 749 posse
1652 687 1704 734 et
1719 679 1967 735 immuta-

393 767 518 823 bilia
534 783 675 833 esse,
692 768 793 824 sub
812 770 1038 840 imperio
1054 769 1196 824 enim
1216 780 1363 837 sunt,
1380 782 1693 842 naturaeque
1707 781 1833 828 sunt
1847 789 1966 828 mu-

393 861 597 928 tabilis,
620 860 990 932 utScripturze
1020 863 1225 917 dicunt.
1254 860 1397 933 Ergo
1428 864 1474 919 si
1504 864 1621 919 haec
1645 863 1769 919 Filii
1814 877 1959 933 sunt,

393 972 502 1011 non
536 972 605 1012 ex
635 958 855 1020 virtute,
887 966 946 1013 ut
977 956 1238 1024 diximus,
1288 958 1380 1013 sed
1413 974 1477 1014 ex
1509 959 1813 1016 substantia
1863 976 1965 1016 sna

392 1049 483 1104 illa
509 1048 698 1115 habet,
747 1061 804 1105 ut
834 1052 1075 1122 synodus
1106 1052 1183 1107 ait
1210 1072 1221 1108 :
1252 1067 1354 1107 nec
1383 1067 1451 1106 ex
1499 1051 1603 1107 alia
1656 1052 1962 1108 substantia

390 1142 507 1210 ipse
537 1150 642 1207 cst,
689 1142 781 1196 sed
814 1156 878 1195 ex
917 1142 1228 1199 substantia
1270 1142 1472 1209 Patris,
1503 1142 1660 1210 cujus
1691 1143 1807 1198 haec
1835 1152 1964 1199 sunt

388 1232 606 1302 propria
628 1252 641 1287 :
666 1233 811 1303 quod
833 1245 1013 1288 autem
1031 1234 1351 1290 substantia:
1364 1234 1540 1291 Patris
1555 1236 1833 1306 proprium
1856 1243 1960 1301 est,

389 1323 620 1394 ejusque
644 1325 848 1395 proles,
864 1325 996 1396 quid
1014 1325 1159 1381 aliud
1179 1325 1360 1393 fuerit,
1376 1343 1468 1383 aut
1487 1328 1760 1398 quomodo
1786 1328 1964 1398 appel-

390 1413 613 1469 landum
634 1416 727 1482 sit,
752 1416 860 1472 nisi
898 1417 1408 1474 consubstantiale?
1435 1417 1570 1474 Nam
1596 1435 1718 1489 qua:
1749 1420 1874 1490 quis
1905 1421 1960 1476 in

387 1505 546 1565 Patre
561 1509 723 1575 videt,
737 1509 922 1565 eadem
943 1511 997 1566 in
1014 1510 1151 1566 Filio
1163 1512 1429 1582 conspicit
1444 1530 1458 1580 ;
1473 1513 1524 1566 in
1538 1512 1695 1580 Filio,
1714 1513 1963 1584 inquam,

391 1618 499 1657 non
519 1619 584 1657 ex
606 1605 1044 1676 participatione,
1067 1607 1159 1662 sed
1178 1607 1476 1662 secundum
1495 1608 1876 1663 substantiam.
1899 1607 1962 1662 Et

391 1692 495 1748 hoc
520 1701 604 1749 est
631 1712 644 1747 :
669 1692 781 1764 Ego
814 1705 865 1749 et
901 1695 1067 1751 Pater
1100 1712 1263 1750 unum
1283 1713 1462 1751 sumus
1485 1696 1561 1764 “;
1588 1706 1660 1763 et,
1697 1699 1802 1764 Qui
1831 1699 1960 1753 vidit

2067 488 2202 545 εἶναι
2248 494 2667 564 παντοκράτωρ,
2696 491 2758 545 τὸ
2794 491 3080 562 ἄτρεπτον.
3129 493 3210 547 Τά
3240 494 3297 548 δὲ
3337 499 3540 570 γενητὰ
3573 501 3625 554 οὐ

2065 581 2283 636 δύναται
2318 582 2459 654 ἔχειν
2486 585 2545 636 τὸ
2566 584 2913 655 δημιουργεῖν
2931 601 2944 614 ·
2972 584 3165 638 κτιστὰ
3186 585 3295 657 γάρ
3323 587 3470 641 ἐστιν
3488 607 3501 618 ·
3521 590 3628 645 οὐδὲ

2065 675 2125 729 τὸ
2154 676 2350 730 ἀΐδιον·
2385 675 2557 749 ἀρχὴν
2584 676 2691 748 γὰρ
2720 675 2832 748 ἔχει
2865 675 2959 730 τοῦ
2993 672 3132 731 εἶναι
3157 695 3175 709 ο
3201 679 3322 733 οὐδὲ
3349 680 3409 733 τὸ
3442 699 3627 735 παντο-

2066 767 2286 839 κράτωρ
2317 767 2410 821 καὶ
2438 768 2736 840 ἄτρεπτονο
2773 768 3118 840 κρατούμενα
3149 770 3257 842 γὰρ
3282 773 3374 825 καὶ
3405 776 3630 846 τρεπτῆς

2067 857 2280 929 φύσεώς
2309 862 2475 924 ἐστιν,
2501 859 2688 932 ὥσπερ
2711 861 2769 913 αἱ
2795 861 3008 933 Γραφαὶ
3035 862 3304 932 λέγουσιν.
3350 866 3556 920 Οὐκοῦν
3588 871 3628 922 εί

2063 950 2236 1006 ταῦτα
2281 950 2377 1005 τοῦ
2428 952 2560 1006 Υἱοῦ
2593 953 2761 1016 ἐστιν,
2791 954 2894 1007 οὐκ
2933 953 2993 1020 ἐξ
3020 955 3239 1027 ἀρετῆς,
3270 957 3346 1018 ὡς
3392 958 3626 1029 εἴπομεν,

2065 1044 2200 1099 ἀλλά
2229 1045 2333 1116 τῆς
2364 1045 2553 1110 οὐσίας
2574 1046 2740 1100 αὐτοῦ
2776 1048 2892 1100 ἐστι
2931 1047 3044 1119 (73)
3073 1047 3349 1120 δηλονότι,
3382 1050 3458 1116 ὡς
3488 1048 3628 1108 εἶπεν

2065 1138 2098 1208 ἡ
2127 1136 2342 1202 σύνοδος
2366 1154 2380 1168 ο
2407 1139 2511 1192 οὐκ
2536 1136 2596 1204 ἐξ
2627 1138 2793 1209 ἄλλης
2812 1139 2998 1205 οὐσίας
3029 1142 3177 1195 ἐστὶν
3197 1182 3212 1205 ,
3246 1143 3383 1197 ἀλλὰ
3414 1145 3513 1215 τῆς
3542 1147 3628 1200 τοῦ

2064 1227 2297 1299 Πατρὸς,
2329 1224 2396 1303 ἧς
2431 1232 2547 1284 ἐστι
2577 1232 2669 1284 καὶ
2700 1230 2871 1284 ταῦτα
2914 1232 3050 1286 ἴδια·
3084 1234 3144 1287 τὸ
3176 1234 3233 1288 δὲ
3277 1237 3374 1306 τῆς
3408 1236 3502 1290 τοῦ
3530 1238 3630 1291 Πα-

2063 1320 2189 1393 τρὸς
2214 1321 2402 1385 οὐσίας
2433 1321 2584 1389 ἴδιον,
2612 1323 2708 1376 καὶ
2736 1323 2795 1388 ἐξ
2822 1324 2992 1395 αὐτῆς
3040 1325 3307 1397 γέννημα,
3338 1326 3392 1380 τί
3422 1327 3486 1381 ἂν
3530 1329 3627 1401 εἴη,

2063 1409 2096 1481 ἢ
2132 1410 2248 1473 πῶς
2284 1410 2351 1465 ἄν
2367 1428 2455 1476 τις
2481 1412 2798 1483 ὀνομάσειεν
2826 1415 2978 1479 αὐτὸ,
3029 1415 3062 1487 ἢ
3111 1416 3426 1488 ὁμοούσιον;
3452 1418 3491 1472 ἃ.
3531 1420 3630 1492 γάρ

2066 1502 2248 1573 βλέπει
2272 1522 2356 1586 τις
2385 1505 2443 1559 ὲν
2474 1505 2554 1577 τῷ
2582 1507 2778 1579 Πατρὶ,
2804 1507 2978 1562 ταῦτα
3009 1508 3193 1580 βλέπει
3218 1511 3314 1565 καὶ
3343 1510 3451 1583 (74)
3481 1515 3538 1567 ὲν
3560 1514 3630 1586 τῷ

2066 1595 2208 1665 Υἰῷ·
2251 1580 2368 1666 Υίῷ
2413 1596 2472 1650 δὲ
2501 1597 2600 1651 οὐκ
2649 1600 2713 1652 ἐκ
2750 1600 3052 1670 μετουσίας,
3083 1600 3220 1655 ἀλλὰ
3265 1580 3384 1656 κατ’
3430 1580 3627 1660 οὐσίαν..

2064 1686 2175 1740 Καὶ
2201 1686 2357 1741 τοῦτό
2376 1689 2525 1742 ἐστιν
2551 1705 2565 1719 σ
2611 1689 2751 1760 Ἐγὼ
2779 1691 2878 1745 καὶ
2899 1694 2933 1746 ό
2956 1692 3156 1762 Πατὴρ
3182 1693 3251 1748 ἕν
3276 1696 3465 1765 ἐσμεν
3481 1739 3497 1763 ,
3524 1701 3627 1764 καὶ,

389 1798 489 1849 me,
544 1785 676 1839 vidit
717 1747 771 1841 ct
821 1786 1035 1841 Patrem
1063 1787 1129 1841 ".
1165 1785 1361 1842 Verum
1417 1787 1547 1843 hinc
1581 1803 1801 1859 quoque
1838 1805 1868 1844 e
1899 1806 1949 1845 re

2071 1776 2124 1829 '0
2154 1777 2260 1847 ἐμὲ
2302 1778 2575 1848 ἑωρακὼς
2625 1747 2848 1850 ἑώρακε
2886 1784 2992 1837 τὸν
3035 1747 3286 1855 Πᾶτέρα.

385 1875 551 1933 fuerit
586 1893 776 1933 eorum
810 1881 1107 1934 amentiam
1147 1889 1618 1936 commonstrare:
1653 1880 1707 1936 Si
1738 1897 1803 1936 ex
1849 1883 1959 1937 vir-

386 1976 521 2034 tute,
539 1985 702 2039 quam
738 1970 986 2040 sequitur
1010 1971 1149 2026 velle
1175 1979 1230 2026 et
1262 1986 1369 2026 non
1388 1973 1545 2038 velle,
1577 1989 1802 2028 necnon
1834 1990 1956 2030 mo-

383 2076 507 2115 rum
536 2059 839 2131 profectus,
878 2061 1076 2118 similis
1102 2072 1185 2119 est
1205 2061 1356 2118 Patri
1385 2063 1582 2132 Filius,
1615 2072 1674 2119 ut
1697 2080 1795 2120 vos
1825 2064 1958 2121 dici-

382 2153 456 2206 tis
479 2192 497 2220 ,
529 2153 644 2207 haec
669 2164 851 2208 autem
884 2164 1013 2209 sunt
1036 2155 1315 2226 qualitatis
1344 2157 1562 2226 prepria
1588 2175 1603 2212 :
1628 2172 1760 2226 ergo
1785 2158 1955 2215 Deum

379 2244 563 2299 dicitis
594 2261 661 2300 ex
705 2245 964 2316 qualitate
1008 2255 1064 2302 et
1101 2263 1165 2302 ex
1212 2249 1516 2304 substantia
1567 2250 1946 2321 compositum.

382 2335 581 2407 Ecquis
610 2351 707 2392 vos
754 2337 896 2393 ultra
947 2337 1087 2395 ferat
1131 2340 1259 2395 talia
1305 2339 1591 2397 dicentes?
1650 2359 1756 2397 non
1808 2345 1950 2399 enim

377 2429 716 2499 compositus
744 2437 827 2487 est
855 2429 1021 2496 Deus,
1054 2432 1149 2502 qui
1182 2434 1367 2488 omnia
1400 2442 1457 2489 ut
1502 2445 1686 2491 essent
1723 2452 1951 2507 comp0«

380 2520 528 2576 suit:
552 2536 731 2593 neque
756 2522 903 2587 talis,
937 2525 1119 2594 qualia
1149 2534 1279 2581 sunt
1313 2543 1434 2597 quae
1460 2528 1528 2582 ab
1548 2528 1667 2594 ipso
1693 2544 1789 2600 per
1821 2528 1953 2586 Ver-

378 2611 508 2665 bum
540 2623 668 2668 sunt
710 2612 874 2675 facta,
903 2614 1068 2669 absit.
1102 2612 1342 2684 Simplex
1380 2615 1526 2670 enim
1563 2622 1646 2671 est
1697 2617 1952 2672 substan-

381 2701 479 2769 tia,
510 2702 566 2759 in
618 2719 727 2774 qua
757 2705 904 2759 nulla
932 2706 1191 2775 qualitas,
1224 2721 1419 2777 neque,
1475 2716 1533 2762 ut
1586 2708 1661 2762 ait
1692 2706 1948 2777 Jacobus,

379 2795 753 2850 transmutatio
805 2804 896 2848 aut
949 2796 1329 2850 vicissitudinis
1361 2796 1692 2853 obumbralio
1714 2798 1776 2852 ⁸⁸.
1811 2799 1946 2853 Cum

375 2886 541 2957 igitur
569 2887 1003 2943 demonstratum
1049 2887 1122 2943 sit
1178 2904 1305 2943 eum
1352 2905 1460 2944 non
1494 2906 1562 2944 ex
1593 2891 1791 2945 virtute
1823 2906 1949 2962 pro-

376 2979 588 3045 cedere,
622 2978 823 3049 quippe
855 2992 957 3034 nec
982 2979 1037 3033 in
1060 2978 1170 3034 Deo
1190 2994 1292 3035 nec
1317 2980 1372 3035 in
1407 2980 1546 3037 Filio
1570 2992 1653 3038 est
1680 2983 1943 3053 qualitas;

361 3064 509 3137 ergo
532 3068 854 3124 substantiae
885 3069 1138 3141 proprius
1190 3069 1394 3127 fuerit:
1445 3074 1657 3144 hocque
1689 3090 1820 3130 sane
1862 3074 1947 3131 l‘a—
1976 3087 2020 3145 ο

371 3160 596 3215 teamini
630 3176 854 3218 necesse
877 3173 980 3228 est,
1012 3163 1120 3219 nisi
1149 3164 1308 3234 plane
1336 3165 1389 3219 in
1414 3166 1570 3223 vobis
1595 3166 1947 3239 intelligentia

370 3253 611 3322 perierit.
643 3252 765 3309 1am
791 3256 935 3326 quod
975 3256 1258 3327 proprium
1296 3266 1406 3339 est,
1435 3268 1491 3314 et
1535 3259 1677 3314 idem
1706 3276 1772 3317 ac
1814 3262 1946 3317 sub-

371 3345 573 3400 stantia
598 3346 805 3413 divina,
850 3356 904 3403 et
946 3362 1013 3404 ex
1066 3348 1184 3419 ipsa
1233 3352 1481 3407 naturale
1509 3367 1772 3423 germen,
1814 3355 1945 3425 quid

369 3434 514 3488 aliud
544 3434 728 3501 fuerit,
764 3436 871 3492 nisi
901 3448 1298 3510 consequenter
1324 3441 1554 3511 genitori
1585 3443 1948 3500 consubstan-

376 3525 501 3579 tiale
533 3544 553 3580 τ
582 3527 673 3581 illa
723 3529 924 3599 quippe
972 3540 1101 3585 nola
1151 3541 1235 3586 est
1264 3531 1384 3587 Filii
1422 3549 1548 3605 erga
1586 3533 1821 3590 Patrem.
1880 3535 1947 3591 Et

374 3618 476 3672 hoc
508 3619 601 3689 qui
634 3631 819 3691 negat,
862 3622 909 3678 is
939 3624 1163 3681 minime
1188 3627 1363 3682 credit
1411 3625 1648 3685 Verbum
1693 3645 1815 3687 esse
1847 3645 1946 3685 na-

370 3723 495 3765 tura
523 3728 589 3767 ac
615 3729 741 3768 vere
771 3713 990 3770 Filium.

438 3800 493 3856 9.
534 3800 672 3859 Cum
705 3820 820 3860 rem
852 3806 926 3861 ita
959 3806 1323 3881 intelligerent
1342 3809 1551 3877 Patres,
1582 3813 1940 3884 scripserunt,

370 3892 567 3950 Filium
595 3913 720 3953 esse
747 3897 897 3954 Patri
925 3903 1442 3960 consubstantialem
1470 3924 1485 3973 ;
1515 3915 1570 3961 et
1597 3908 1943 3964 anathemate

369 3987 771 4044 damnaverunt
797 4004 895 4046 eos
924 3992 1019 4062 qui
1048 3993 1321 4059 dicerent,
1347 3994 1544 4050 Filium
1584 4012 1651 4052 ex
1684 3997 1790 4052 alia
1820 4013 1942 4054 esse

369 4080 679 4137 substantia
703 4100 723 4138 ι
753 4098 932 4155 neque
962 4087 1126 4141 verba
1157 4087 1426 4157 ejusmodi
1456 4090 1747 4146 commenti
1789 4100 1936 4157 sunt,

369 4171 462 4225 sed
494 4187 563 4228 ea
592 4173 696 4244 ipsi
726 4189 762 4229 av
784 4175 983 4246 priscis
1014 4176 1270 4235 Patribus
1294 4179 1646 4246 edidicerant,
1681 4182 1759 4236 uti
1794 4182 1938 4237 dixi-

366 4271 511 4312 mus.
553 4255 651 4313 llis
687 4258 853 4330 igitur
905 4260 979 4315 ita
1021 4266 1483 4329 commonstralis,
1539 4266 1810 4336 superﬂua
1855 4277 1941 4324 est

2059 1870 2154 1925 καὶ
2185 1872 2250 1925 ἐκ
2279 1870 2468 1925 τούτου
2500 1872 2661 1930 πάλιν
2686 1874 2849 1928 καλὸν
2873 1875 3148 1929 δεικνύναι
3186 1879 3288 1950 τὴν
3329 1879 3631 1953 ἀφροσύνην

2057 1962 2237 2017 αὐτῶν
2256 1982 2269 1994 ·
2295 1966 2343 2017 εί
2367 1964 2426 2032 ἐξ
2451 1966 2652 2037 ἀρετῆς
2687 1965 2799 2038 (75)
2833 1966 3026 2020 ἕπεται
3047 1968 3109 2027 τὸ
3138 1968 3313 2023 θέλειν
3342 1970 3436 2024 καὶ
3462 1973 3523 2025 τὸ
3562 1976 3630 2045 μὴ

2058 2056 2256 2122 θέλειν,
2300 2058 2393 2110 καὶ
2429 2057 2647 2128 τρόπων
2697 2058 3008 2129 βελτίωσις,
3061 2060 3246 2132 ὅμοιος
3290 2063 3410 2116 καθ’
3436 2066 3577 2136 ὑμᾶς
3604 2065 3630 2117 ὁ

2057 2148 2186 2213 Υἱός
2220 2152 2337 2202 ἐστι
2368 2147 2444 2220 τῷ
2475 2148 2649 2220 Πατρί
2669 2166 2682 2180 ο
2718 2148 2891 2202 ταῦτα
2920 2150 2976 2203 δὲ
3026 2151 3311 2222 ποιότητος
3360 2153 3465 2208 ἴδια
3490 2155 3626 2227 (76)·

2054 2239 2292 2310 δηλονότι
2323 2240 2576 2295 σύνθετον
2613 2240 2705 2294 τὸν
2736 2241 2870 2295 Θεὸν
2899 2244 2964 2296 ἐκ
2995 2244 3281 2315 ποιότητος
3310 2245 3404 2299 καὶ
3450 2246 3631 2313 οὐσίας

2054 2330 2263 2399 λέγετε.
2296 2333 2404 2386 Καὶ
2435 2333 2518 2396 τίς
2550 2333 2704 2405 ὐμῶν
2735 2333 2983 2401 ἀνέξεται
3012 2334 3185 2390 ταῦτα
3217 2336 3486 2406 λεγόντων
3509 2359 3521 2369 ·
3572 2342 3629 2394 οὐ

2055 2421 2163 2492 γὰρ
2198 2421 2450 2487 σύνθετος
2472 2425 2500 2477 ὁ
2525 2423 2658 2487 Θεὸς
2688 2424 2716 2476 ὁ
2738 2423 2808 2477 τά
2845 2425 3023 2479 πάντα
3048 2428 3128 2491 είς
3175 2427 3235 2480 τὸ
3262 2424 3399 2482 εἶναι
3448 2447 3627 2484 συντε-

2053 2509 2281 2575 θεικὼς,
2328 2512 2448 2565 οὐδὲ
2491 2512 2755 2577 τοιοῦτος,
2792 2508 2881 2568 οἷά
2915 2516 3031 2568 ἐστι
3066 2515 3135 2569 τά
3190 2518 3321 2589 παρ’
3352 2519 3517 2573 αὐτοῦ
3546 2521 3630 2576 διὰ

2050 2600 2142 2654 τοῦ
2171 2602 2283 2675 (77)
2332 2604 2507 2673 Λόγου
2562 2604 2847 2675 γενόμενα,
2886 2605 2961 2677 μὴ
2993 2607 3231 2675 γένοιτοί
3293 2608 3465 2682 Ἀπλῆ
3524 2612 3630 2684 γάρ

2052 2696 2202 2748 ἐστιν
2260 2695 2442 2762 οὐσία,
2494 2689 2610 2769 ὲνῇ
2647 2697 2747 2751 οὐκ
2776 2696 2853 2773 ενι
2878 2699 3119 2772 ποιότης,
3150 2702 3294 2768 οὐδὲ,
3317 2704 3394 2768 ὡς
3426 2700 3576 2759 εἶπεν
3601 2709 3629 2760 δ

2063 2785 2316 2852 Ἰάκωϐος
2337 2826 2353 2853 ,
2390 2787 2753 2858 Παραλιίαγή
2783 2807 2874 2855 τις
2901 2789 2939 2859 ἢ
2970 2792 3198 2862 τροπῆς
3219 2795 3625 2868 ἀποσκίασμα.

2050 2877 2258 2932 Οὐκοῦν
2305 2879 2354 2932 εί
2387 2879 2660 2934 δείκνυται
2716 2882 2816 2935 οὐκ
2878 2880 2939 2947 ἐξ
2973 2882 3178 2955 ἀρετῆς
3211 2885 3363 2958 (78)’
3417 2889 3476 2941 οὐ
3521 2890 3630 2960 γὰρ

2050 2968 2277 3041 ποιότης
2306 2971 2364 3025 ὲν
2385 2970 2464 3042 τῷ
2486 2970 2625 3043 Θεῷ,
2656 2971 2780 3026 οὐτε
2811 2975 2869 3026 ὲν
2910 2973 2989 3046 τῷ
3032 2974 3148 3048 rte
3172 2993 3186 3007 ’
3241 2977 3481 3051 δηλονότι
3529 2981 3627 3052 τῆς

2051 3062 2242 3127 οὐσίας
2272 3062 2402 3127 ἴδιος
2433 3063 2498 3118 ἂν
2521 3064 2605 3137 εἴη
2631 3084 2646 3097 ο
2674 3067 2769 3121 καὶ
2795 3066 2952 3122 τοῦτο
2983 3070 3202 3135 πάντως
3232 3072 3625 3146 ὁμολογήσετε,

2050 3155 2098 3207 εί
2130 3154 2205 3226 μὴ
2227 3154 2408 3209 τέλεον
2452 3157 2515 3212 τὸ
2561 3161 2701 3213 νοεῖν
2731 3159 2979 3215 ἀπώλετο
3024 3164 3082 3215 ἐν
3132 3163 3262 3234 ὑμῖν
3305 3165 3439 3238 (79).
3472 3167 3546 3221 Τὸ
3575 3168 3627 3221 ἓ

2050 3244 2184 3297 ἴδιον
2209 3247 2301 3299 καὶ
2328 3247 2524 3301 ταύτὸν
2549 3251 2617 3321 τῇ
2638 3250 2730 3304 τοῦ
2761 3250 2896 3305 Θεοῦ
2928 3253 3086 3324 οὐσίᾳ
3104 3254 3198 3307 καὶ
3230 3254 3289 3320 ἐξ
3311 3258 3481 3325 αὐτῆς
3506 3260 3615 3328 γένη

2048 3354 2195 3410 νημα
2221 3338 2380 3408 φύσει
2419 3342 2686 3414 τυγχάνον
2716 3343 2770 3398 τί
2797 3344 2863 3398 ἂν
2892 3347 2999 3417 εἴη,
3051 3346 3085 3418 ἢ
3145 3347 3301 3402 πάλιν
3351 3351 3447 3404 καὶ
3486 3353 3627 3407 κατὰ

2046 3428 2203 3483 τοῦτο
2228 3430 2512 3502 ὁμοούσιον
2534 3432 2613 3504 τῷ
2632 3436 2953 3507 γεννήσαντι
2978 3454 2994 3502 ;
3020 3436 3178 3491 τοῦτο
3205 3442 3315 3511 γὰρ
3341 3441 3471 3495 Υἱοῦ
3494 3442 3625 3515 πρὸς

2046 3522 2266 3595 Πατέρα
2293 3523 2597 3598 γνώρισμα.
2626 3528 2735 3581 Καὶ
2766 3531 2794 3581 ό
2825 3529 2899 3601 μὴ
2930 3530 3087 3584 τοῦτο
3113 3531 3304 3601 λέγων,
3328 3537 3387 3588 οὐ
3419 3538 3621 3607 φρονεῖ,

2046 3613 2204 3683 φύσει
2234 3617 2329 3670 καὶ
2348 3616 2563 3688 ἀληθῶς
2596 3618 2722 3673 Υἱὸν
2760 3617 2900 3674 εἶναι
2927 3622 3019 3675 τὸν
3047 3622 3239 3693 Λόγον.

2113 3823 2168 3878 9.
2199 3822 2356 3876 Οὐτω
2383 3825 2674 3896 νοήσαντες
2699 3825 2749 3878 οἱ
2778 3827 3040 3899 Πατέρες,
3068 3826 3313 3900 ἔγραψαν
3336 3830 3619 3900 όμοούσιον

2042 3907 2180 3967 εἶναι
2211 3913 2304 3967 τὸν
2334 3914 2462 3969 Υἱὸν
2485 3914 2564 3987 τῷ
2584 3916 2796 3987 Πατρὶ,
2821 3917 2917 3972 καὶ
2939 3917 3341 3991 ἀνεθεμάτισαν
3364 3922 3490 3987 τοὺς
3527 3922 3617 3977 λέ-

2040 4019 2235 4071 γοντας
2266 4004 2323 4071 ἐξ
2356 4005 2548 4078 ἐτέρας
2581 4007 2930 4072 ὑποστάσεως
2972 4005 3110 4063 εἶναι
3153 4011 3246 4065 τὸν
3302 4013 3431 4068 Υίόν
3457 4031 3470 4045 ο
3521 4016 3616 4087 οὐχ

2040 4094 2252 4158 ἑαυτοῖς
2286 4095 2622 4168 πλασάμενοι
2646 4098 2839 4166 λέξεις,
2875 4100 3010 4156 ἀλλὰ
3049 4103 3143 4156 καὶ
3168 4104 3323 4158 αὐτοὶ
3358 4107 3467 4162 ἀπὸ
3508 4109 3616 4163 τῶν

2040 4185 2146 4256 πρὸ
2188 4186 2368 4242 αὐτῶν
2416 4190 2675 4262 Πατέρων
2713 4192 2996 4263 μαθόντες,
3056 4195 3311 4270 καθάπερ
3366 4199 3613 4271 εἴπομεν.

2039 4275 2256 4331 Τούτων
2283 4277 2339 4332 δὲ
2364 4278 2506 4334 οὕτω
2536 4280 2921 4353 δεικνυμένων,
2945 4287 3171 4360 περιττὴ
3198 4290 3377 4345 αὐτῶν
3401 4293 3435 4364 ἡ
3472 4293 3611 4365 Ἀρί-

363 4362 487 4417 quae
505 4348 574 4404 ab
596 4348 705 4405 illis
733 4349 957 4406 aﬂ‘ertur
978 4350 1343 4410 Ariminensis
1370 4356 1632 4427 synodus,
1663 4359 1933 4428 superﬂua

2054 4385 2229 4439 αηνος,
2258 4370 2487 4444 περιττὴ
2516 4373 2609 4427 καὶ
2634 4375 2666 4446 ή
2697 4348 2809 4446 (ΘΟ)
2836 4377 2969 4449 άλλη
2999 4348 3128 4451 παρ’
3155 4348 3334 4436 αὐτῶν
3349 4348 3612 4456 ὀνύμαξο-

361 4445 418 4493 et
442 4438 547 4495 alia
579 4440 648 4497 ab
691 4441 833 4513 ipsis
869 4444 1218 4515 synodus.de
1254 4448 1358 4503 tide
1389 4451 1677 4520 appellata.
1728 4449 1937 4508 Suliicit

2054 4428 2342 4531 aéivn'rtept'
2365 4428 2598 4550 ariciae);
2633 4428 2867 4532 σύνοδος.
2903 4428 3219 4545 ’Διρκεῖγγὰρ
3249 4476 3282 4546 ἡ
3323 4477 3381 4529 έν
3409 4428 3611 4550 Νῑάίᾳ

361 4532 504 4586 enim
538 4530 759 4590 Niczena
779 4551 902 4606 quae
930 4552 1054 4593 cum
1082 4540 1276 4609 priscis
1326 4541 1598 4612 episcopis
1641 4544 1931 4608 consentit,

363 4628 416 4680 in
452 4641 563 4695 qua
598 4627 791 4683 Patres
823 4628 1068 4699 ipsorum
1103 4632 1499 4704 subscripsere,
1530 4649 1670 4705 quos
1697 4638 1930 4693 revereri

363 4716 484 4774 illos
506 4720 769 4787 oportuit,
816 4737 886 4777 ne
938 4725 1122 4779 omnia
1173 4728 1355 4796 potius
1415 4744 1578 4798 quam
1636 4730 1933 4787 Christiani

367 4805 690 4864 habeantur.
723 4807 878 4877 Quod
907 4813 953 4868 si
977 4823 1098 4884 post
1130 4814 1244 4872 lucc
1268 4825 1440 4883 tanta,
1478 4826 1603 4889 post
1624 4819 1933 4892 priscorum

431 4984 477 5017 "
512 4985 675 5042 Joen.
703 5005 757 5056 ιι,
797 4992 886 5049 '50.
963 4992 1009 5025 ‘7
1044 4991 1203 5050 Joan.
1238 5011 1354 5062 xw,
1385 4997 1439 5053 9.
1513 4996 1560 5030 ⁸⁸
1595 4993 1709 5057 Jac.
1740 5015 1781 5063 ι,
1810 4997 1897 5054 l7.

442 5149 557 5225 (:7?!)
584 5150 760 5225 _:Ec_rrt
790 5152 943 5225 deest
966 5153 1033 5225 in_
1048 5155 1367 5225 Anglicane.

584 5221 693 5299 ξζαί
728 5223 881 5299 deest
913 5223 968 5276 in
1003 5219 1193 5294 Regio.

429 5290 548 5355 (75)
585 5291 896 5372 Legenduvm
933 5290 1292 5372 ηυιοῐὶιυεηὲξ
1319 5297 1515 5372 ἀρετῆς
1545 5295 1632 5372 ἦς,
1667 5299 1929 5372 omissum

363 5373 558 5442 nempe
579 5356 799 5442 _viu'etur
823 5356 892 5434 ἦς
917 5356 987 5417 ob
1013 5356 1383 5442 repetitionem
1420 5356 1662 5438 ejusdem
1689 5370 1929 5442 syllabae,

365 5430 859 5503 qnoilplerumque
885 5430 1170 5503 contingit.

433 5498 545 5578 (ili)
587 5498 806 5578 Regius,
831 5503 1005 5578 ταύτά
1032 5498 1394 5578 δὲποιότητος
1424 5510 1517 5562 καὶ
1541 5510 1746 5573 οὐσίας,
1772 5511 1934 5565 omis-

362 5566 439 5622 sis
482 5566 836 5648 interpositis,
858 5575 925 5648 δίξ
949 5566 1537 5646 δμοιοτέλευτονξιὺίύ.
1564 5566 1797 5648 Anglic"
1829 5580 1920 5634 λέ-

364 5640 669 5712 γεταιᾸςαὶ
694 5642 780 5712 τίς
811 5644 973 5712 ὑμᾶς.

436 5705 548 5778 (77)
586 5706 664 5762 Ita
694 5705 908 5782 Regius.
936 5705 1005 5769 ’ln
1030 5715 1190 5773 editis
1214 5729 1361 5787 vero,
1389 5718 1474 5773 διὰ
1506 5718 1595 5773 τοῦ
1631 5721 1803 5777 deeSt.

2041 4549 2331 4620 σύμφωνος
2358 4547 2493 4607 οὖσα
2519 4555 2612 4608 καὶ
2655 4560 2769 4621 τοῖς
2800 4559 3048 4631 ἀρχαίοις
3084 4564 3436 4635 ἐπισκόποις,
3469 4572 3528 4624 ὲν

2040 4641 2133 4695 καὶ
2151 4642 2200 4694 οἱ
2230 4642 2472 4717 Πατέρες
2499 4646 2680 4701 αὐτῶν
2707 4649 3049 4724 ὑπέγραψαν,
3075 4654 3169 4713 οὓς
3199 4657 3462 4714 αἰδεῖσθαι
3486 4641 3608 4715 τούξ

2037 4749 2164 4796 τους
2192 4733 2450 4806 ἔπρεπεν,
2476 4739 2563 4794 ἵνα
2597 4738 2671 4812 μὴ
2694 4740 2873 4796 πάντα
2906 4746 3157 4817 μᾶλλονῆ
3187 4750 3500 4821 Χριστιανοὶ
3521 4769 3607 4805 νο-

2042 4822 2322 4894 μισθῶσιν.
2358 4828 2426 4881 Εἰ
2471 4828 2528 4881 δὲ
2560 4830 2655 4884 καὶ
2704 4833 2841 4901 μετὰ
2901 4835 3154 4901 τοσαῦτα,
3211 4841 3349 4908 μετὰ
3387 4843 3479 4895 καὶ
3505 4842 3601 4912 τὴν

2110 5165 2221 5242 (78)
2264 5166 2919 5242 lta_Anglicanus,__alqne
2956 5169 3031 5242 ita
3080 5171 3210 5242 legit
3246 5170 3494 5227 Nannius
3518 5191 3599 5227 ηι-

2039 5244 2143 5315 ste.
2201 5236 2481 5315 l-nueditis'
2506 5247 2561 5292 et
2606 5236 2837 5315 inanis,
2868 5240 2967 5292 οὐκ
2990 5236 3161 5297 ἀθειιῖ
3198 5244 3340 5298 lnl'ra
3371 5241 3591 5315 Regius,

2037 5305 2184 5369 ἴδιος.
2216 5307 2355 5361 Editi
2384 5324 2513 5363 vero
2538 5319 2591 5363 et
2620 5310 2733 5369 alii,
2763 5308 2909 5363 ἴδιον.

2106 5376 2220 5454 (79)
2257 5376 2459 5454 Regius
2500 5387 2555 5433 et
2599 5379 2949 5451 Anglicanus,
2978 5383 3039 5435 ἐν
3083 5383 3233 5454 ὑμῖν.
3275 5385 3412 5440 Editi
3443 5399 3589 5446 vero,

2036 5445 2093 5498 ἐν
2118 5449 2250 5516 ἡμῖν
2277 5445 2439 5504 male.

2118 5449 2250 5569 ἓμίν
2277 5449 2439 5504 male.
2517 5517 2529 5530 ο
2696 5449 2707 5451 “
2792 5526 2797 5533 ε
2958 5522 2969 5533 .
3000 5522 3012 5535 υ
3122 5449 3132 5454 ’
3241 5524 3274 5536 __
3366 5525 3381 5540 .

2104 5516 2216 5596 (10)
2261 5518 2334 5572 Ita
2374 5517 2725 5596 Anglicanus.
2750 5517 2830 5596 __ln
2885 5521 3142 5596 edttrsret
3185 5524 3327 5596 alus,
3356 5541 3388 5596 η
3419 5527 3587 5596 deest.

2027 5584 2205 5642 Paulo
2227 5597 2354 5667 post
2384 5584 2981 5667 Beatetﬁnglicanus,
3032 5594 3215 5666 Ἀρκεῖ
3253 5584 3388 5667 γάρί
3450 5594 3587 5650 Editi

2025 5671 2159 5713 vero
2182 5667 2235 5715 et
2266 5658 2547 5728 alii,’Eer
2570 5658 2701 5731 γάρ.
