3992 6230
327 313 466 368 {0‘25

1347 305 1686 362 EPISTOLA
1721 304 1808 358 AD
1849 303 2076 358 AFROS
2116 301 2512 358 EPISCOPOS.

3433 308 3566 362 lOiG

332 422 634 500 μαρτυρίαν
678 423 783 476 τῶν
834 423 1076 496 ἀρχαίων
1121 425 1434 478 ἐπισκόπων
1461 462 1476 488 ,
1511 424 1604 476 καὶ
1641 422 1776 494 μετὰ
1805 422 1902 493 τὴν

2027 424 2380 494 :piscoporum
2417 419 2810 492 testimonium,
2839 424 3439 494 post'suhscriptionem
3463 424 3567 478 Pa-

327 516 648 590 ὑπογραφὴν
701 516 808 570 τῶν
859 517 1001 570 ίδίων
1049 517 1329 588 Πατέρων,
1359 515 1802 587 προσποιοῦνται,
1831 515 1906 578 ὠς

327 610 672 682 ἀγνοοῦντες,
709 610 808 680 τὴν
831 608 978 676 λέξιν
1001 609 1279 678 φοϐεῖσθαι
1305 607 1398 662 τοῦ
1417 607 1724 678 όμοουσίου,
1752 607 1908 660 εἰπά-

325 719 506 758 τωσαν
531 702 626 756 καὶ
651 701 1017 777 φρονείτωσαν
1050 700 1414 772 ἁπλούστερον
1449 701 1545 770 μὲν
1578 699 1670 752 καὶ
1695 698 1907 770 ἀληθῶς

325 796 420 850 τὸν
443 795 572 848 Υίδν
589 795 748 864 φύσει
783 794 930 856 Υἱὸν,
949 793 1506 866 ἀναθεματισάτωσαν
1535 793 1590 846 δὲ
1615 833 1629 858 ,
1661 792 1736 856 ὼς
1763 809 1906 862 παρ-

328 888 587 958 ἠγγειλεν
621 888 656 958 ἠ
693 885 928 949 σύνοδος,
949 889 1076 950 τοὺς
1096 887 1351 954 λέγοντας
1372 887 1596 958 κτίσμα,
1621 886 1652 956 ἢ
1677 887 1906 956 ποίημα,

327 979 362 1050 ἢ
387 977 447 1044 ἐξ
483 979 582 1032 οὐκ
605 977 794 1042 ὅντων,
824 979 892 1050 ἢ,
925 975 1032 1031 Ἦν
1075 995 1205 1031 ποτε
1232 980 1320 1031 ὅτε
1353 979 1452 1032 οὐκ
1485 974 1554 1048 ἦν
1576 979 1604 1031 ό
1641 977 1764 1041 Υἱὸς
1815 977 1908 1030 τοῦ

327 1070 499 1126 Θεοῦ·
555 1071 648 1124 καὶ
698 1071 778 1124 ὅτι
813 1072 1043 1141 τρεπτὸς
1096 1071 1190 1124 καὶ
1221 1070 1508 1132 ἀλλοίωτός
1537 1071 1675 1134 ἐστι,
1725 1069 1818 1123 καὶ
1851 1069 1909 1136 ἐξ

331 1161 526 1236 ἐτέρας
551 1163 660 1234 (8i)
697 1164 1048 1227 ὑποστάσεως
1067 1182 1079 1195 ·
1107 1165 1202 1217 καὶ
1257 1163 1400 1216 οὕτω
1433 1162 1779 1230 φευγέτωσαν
1803 1162 1912 1214 ἀπὸ

327 1254 430 1324 τῆς
481 1253 761 1326 Ἀρειανῆς
795 1253 1056 1324 αἱρέσεως
1085 1271 1100 1287 ο
1149 1254 1242 1307 καὶ
1298 1253 1629 1325 θαρροῦμεν,
1661 1254 1742 1305 ὅτι
1781 1269 1911 1322 γνησ-

331 1343 464 1406 σίως
495 1343 666 1396 ταῦτα
695 1343 1180 1414 ἀναθεματίζοντες
1206 1344 1558 1414 ὁμολογοῦσιν
1607 1343 1798 1407 εὐθὺς,
1848 1345 1912 1396 ὲκ

327 1435 429 1504 τῆς
474 1435 658 1498 οὐσίας
691 1437 784 1489 καὶ
829 1436 1112 1506 ὀμοούσιον
1147 1433 1284 1490 εἶναι
1330 1437 1424 1491 τὸν
1451 1437 1580 1490 Υίὸν
1609 1437 1685 1508 τῷ
1717 1436 1908 1506 Πατρί.

327 1527 429 1579 Διὰ
447 1526 605 1578 τοῦτο
629 1526 738 1597 γὰρ
786 1528 878 1582 καὶ
927 1531 974 1580 oi
1003 1527 1268 1598 Πατέρες,
1301 1529 1584 1600 εἰρηκότες
1630 1529 1914 1599 όμοούσιον

329 1611 471 1670 εἶναι
514 1617 604 1670 τὸν
649 1617 800 1680 Υἱὸν,
835 1620 1111 1688 ἐπήγαγον
1139 1619 1334 1682 εὐθύς·
1373 1619 1510 1682 Τοὺς
1559 1619 1616 1672 δὲ
1656 1619 1915 1686 λέγοντας

333 1706 561 1777 κτίσμα,
591 1707 624 1778 ἢ
655 1708 884 1779 ποίημα,
911 1709 944 1780 ἦ
976 1709 1032 1776 ἐξ
1053 1710 1152 1762 οὐκ
1177 1709 1365 1774 ὄντων,
1394 1710 1428 1780 ἢ
1449 1705 1587 1776 ,τΗν
1635 1726 1786 1774 ποτε,
1828 1709 1916 1761 ὅτε

2009 527 2150 572 trum
2184 531 2434 584 suorum,
2483 515 2642 586 quasi
2671 529 2860 572 eorum
2916 517 3109 588 ignari,
3160 535 3280 580 sese
3312 520 3572 576 simulam

2008 605 2490 662 consubstantialis
2537 620 2720 662 vocem
2771 605 3168 675 reformidare;
3212 609 3396 666 dicant
3439 625 3568 666 sen-

2006 700 2255 768 tiantque
2289 697 2622 766 simplicius,
2660 713 2724 752 ac
2779 697 3068 762 sincerius,
3116 697 3334 768 Filium,
3377 711 3570 758 natura

2009 809 2130 848 esse
2163 791 2360 846 Filium
2391 810 2404 845 :
2449 790 2796 844 anathemate
2831 799 3012 846 autem
3044 791 3321 854 damnent,
3363 795 3438 848 uti
3486 809 3570 864 sy-

2009 881 2185 936 nodus
2218 881 2492 952 praecepit,
2548 895 2642 934 eos
2676 881 2772 949 qui
2811 879 3000 934 dicunt
3041 895 3189 944 eum,
3245 891 3570 944 creaturam,

2009 983 2100 1028 aut
2125 988 2236 1028 rem
2270 971 2466 1028 factam
2499 993 2512 1028 :
2551 982 2666 1036 aut,
2701 987 2766 1028 ex
2795 987 2906 1026 non
2937 971 3300 1034 exstantibus,
3335 971 3440 1034 vel,
3477 972 3576 1025 ali-

2010 1065 2228 1136 quando
2255 1080 2364 1120 non
2395 1075 2511 1120 erat
2538 1063 2710 1118 Filius
2744 1061 2836 1118 Dei
2865 1081 2878 1117 :
2905 1071 2959 1118 et
2988 1061 3285 1129 mutabilis,
3304 1077 3368 1116 ac
3399 1062 3576 1118 varia-

2011 1159 2136 1212 hilis
2183 1165 2286 1220 est,
2322 1166 2376 1212 et
2429 1172 2495 1212 ex
2531 1157 2634 1210 alia
2669 1155 3008 1210 substantia:
3041 1163 3096 1209 et
3145 1155 3225 1209 sic
3279 1154 3348 1210 ab
3375 1154 3578 1208 Ariana

2012 1249 2206 1305 haeresi
2235 1248 2550 1318 refugiant:
2585 1255 2640 1302 et
2664 1248 2990 1306 conﬁdimus
3013 1262 3128 1314 eos,
3161 1248 3208 1302 si
3242 1247 3358 1302 haec
3409 1245 3582 1301 since-

2012 1343 2146 1398 riter
2178 1341 2524 1396 anathemate
2557 1342 2838 1407 damnent,
2867 1339 3048 1394 statim
3081 1339 3452 1402 confessuros,
3486 1337 3578 1391 Fi-

2015 1435 2145 1490 lium
2174 1452 2238 1490 ex
2269 1434 2572 1490 substantia
2603 1433 2778 1487 Patris
2805 1441 2858 1488 et
2889 1431 3036 1490 Patri
3061 1430 3578 1488 consubstantialem

2014 1543 2157 1582 esse.
2191 1526 2315 1582 Ideo
2349 1526 2493 1580 enim
2527 1526 2716 1581 Patres
2755 1540 2872 1580 cum
2925 1524 3189 1579 dixissent
3221 1521 3418 1578 Filium
3461 1537 3582 1578 esse
3631 1581 3651 1598 θ

2015 1615 2162 1672 Patri
2223 1616 2745 1672 consubstantialem
2779 1654 2794 1678 ,
2841 1615 3025 1669 statim
3073 1614 3433 1669 addiderunt:
3476 1612 3582 1667 Eos

2018 1717 2196 1763 autem
2239 1705 2334 1776 qui
2371 1705 2631 1771 dixerint,
2682 1712 3010 1770 creaturam,
3043 1711 3137 1757 aut
3190 1716 3302 1756 rem
3361 1699 3581 1762 factam,

329 1800 432 1853 οὐκ
455 1795 545 1872 ἦν,
572 1800 960 1870 ἁναθεματίζει
991 1803 1026 1872 ἡ
1053 1801 1330 1874 Καθολικὴ
1354 1801 1646 1873 Ἐκκλησία
1670 1817 1684 1831 ·
1714 1801 1800 1854 ἵνα
1827 1799 1913 1856 διὰ

2027 1807 2110 1854 aut
2143 1813 2208 1852 ex
2235 1812 2341 1850 non
2371 1795 2736 1858 exstantibus,
2789 1802 2905 1858 aut,
2943 1792 3234 1864 aliquando
3284 1789 3449 1861 718
3475 1804 3583 1842 non

333 1889 538 1953 τούτων
558 1892 920 1964 γνωρίσουσιν,
955 1893 1037 1945 ὅτι
1067 1892 1239 1948 ταῦτα
1272 1895 1526 1965 σημαίνει
1560 1893 1670 1965 (82)
1703 1895 1762 1946 τὸ
1783 1895 1918 1964 ὁμο-

2027 1901 2151 1952 erat,
2187 1889 2532 1944 anathemate
2557 1886 2780 1942 damnat
2810 1884 3076 1940 catholica
3112 1883 3396 1947 Ecclesia;
3433 1889 3491 1936 ut
3518 1879 3588 1933 iis

333 1980 534 2035 ούσιον.
566 1983 678 2036 Καὶ
706 1985 738 2056 ἡ
765 1983 859 2036 τοῦ
901 1984 1188 2056 ὁμοουσίου
1221 1983 1450 2057 δύναμις
1482 1985 1809 2056 γινώσκεται
1853 1987 1919 2039 ὲκ

2027 1981 2198 2036 verbis
2239 1990 2428 2036 nomm
2460 1978 2721 2044 facerent,
2754 1991 2942 2032 vocem
2968 1973 3447 2030 consubstantialis
3473 1972 3588 2028 haec

332 2072 428 2126 τοῦ
465 2075 540 2145 μὴ
589 2069 730 2129 εἷναι
769 2077 972 2148 κτίσμα
1079 2079 1288 2150 ποίημα
1316 2079 1406 2133 τὸν
1447 2079 1574 2133 Υίόν
1598 2097 1610 2109 ·
1659 2080 1752 2132 καὶ
1785 2079 1865 2132 ὅτι
1888 2080 1916 2132 ό

334 2165 508 2234 λέγων
533 2165 816 2237 όμοούσιον
871 2169 931 2222 οὗ
976 2173 1162 2240 φρονεῖ
1202 2171 1406 2242 κτίσμα
1435 2167 1572 2226 εἶναι
1597 2173 1686 2226 τὸν
1713 2171 1880 2238 Λόγον
1901 2187 1915 2202 ·

335 2256 432 2308 καὶ
465 2259 493 2310 ὁ
518 2257 934 2330 ἀναθεματίζων
959 2259 1026 2312 τὰ
1053 2262 1428 2334 προειρημένα
1474 2263 1756 2333 ὁμοούσιον
1805 2261 1922 2334 ἅμα

336 2351 526 2418 φρονεῖ
539 2344 678 2402 εἶναι
697 2349 786 2402 τὸν
815 2350 943 2404 Υἱὸν
983 2349 1060 2421 τῷ
1093 2353 1266 2423 Πατρί
1285 2370 1298 2380 ·
1337 2352 1432 2406 καὶ
1467 2355 1495 2405 ὁ
1525 2351 1807 2424 ὁμοούσιον
1838 2351 1925 2404 λέ-

335 2455 450 2506 γων
482 2442 703 2510 γνήσιον
724 2441 818 2494 καὶ
847 2441 1098 2512 ἀληθινὸν
1131 2442 1278 2512 λέγει
1314 2444 1406 2498 τὸν
1451 2443 1578 2497 Υίὺν
1629 2443 1721 2496 τοῦ
1765 2443 1920 2497 Θεοῦ.

339 2530 452 2583 Kal.
471 2533 500 2584 ὁ
525 2531 758 2603 Γνήσιον
793 2533 976 2602 λέγων
997 2537 1109 2587 νοεῖ
1133 2535 1194 2588 τό
1213 2552 1224 2564 ·
1268 2534 1411 2602 Ἐγὼ
1450 2536 1597 2590 καὶό
1625 2533 1828 2604 Πατὴρ
1856 2533 1924 2588 ἓν

339 2621 529 2691 ἐσμεν
546 2639 560 2652 ο
587 2623 700 2690 καὶ,
742 2623 793 2676 Ὀ
827 2624 1098 2692 ἑωρακὼς
1119 2624 1223 2694 ἐμὲ
1250 2624 1470 2694 ἑώρακε
1502 2624 1610 2678 τόν
1635 2624 1885 2693 Πατέρα.

343 2713 412 2769 Et
439 2715 531 2784 qui
561 2714 694 2770 dicit
720 2730 1065 2785 germanum,
1096 2717 1262 2786 probe
1294 2717 1542 2788 intelligit
1585 2716 1716 2772 illud
1746 2733 1760 2770 :
1790 2715 1899 2788 Ego
1933 2727 1982 2771 et
2001 2716 2187 2771 ‘Pater
2214 2733 2374 2772 unum
2405 2733 2618 2782 sumus;
2652 2726 2707 2772 et

373 2827 502 2866 rem.

342 2847 366 2890 ‘
418 2906 504 2962 10.
538 2907 780 2975 Ἔπρεπε
807 2906 905 2976 μὲν
931 2900 1024 2958 οὖν
1055 2904 1143 2958 διὰ
1167 2905 1425 2960 πλειόνων
1457 2907 1526 2961 τά
1547 2905 1918 2978 τοιαῦταγρά-

341 3016 496 3068 φειν·
535 2997 722 3068 ἐπειδὴ
756 2999 812 3052 δὲ
847 2998 982 3070 πρὸς
1024 2998 1234 3062 εἰδότας
1283 2999 1426 3069 ὑμᾶς
1459 3000 1741 3071 γράφομεν
1781 2998 1914 3068 (85),

2019 2071 2344 2144 signiﬁcare.
2378 2073 2554 2140 Atque
2586 2069 2667 2124 vis
2698 2068 2862 2138 hujus
2891 2065 3063 2131 vocis,
3100 2063 3584 2126 consubstantiale,

2021 2180 2087 2220 eo
2135 2163 2452 2234 intelligitur
2500 2161 2646 2231 quod
2689 2158 2861 2214 Filius
2913 2173 3020 2212 non
3068 2157 3139 2214 sit
3166 2171 3255 2212 res
3290 2163 3467 2210 creata
3505 2153 3588 2208 vel

2019 2257 2179 2322 facta,
2207 2265 2260 2314 et
2320 2257 2487 2328 quod,
2527 2255 2618 2326 qui
2671 2254 2806 2309 dicit
2843 2251 3331 2318 consubstantiale,
3384 2265 3590 2320 nequa—

2019 2363 2184 2420 quam
2220 2337 2407 2404 credat
2435 2346 2672 2402 Verbum
2695 2361 2816 2402 esse
2849 2353 3155 2402 creaturam
3188 2363 3201 2398 :
3233 2352 3288 2398 et
3315 2342 3408 2413 qui
3431 2357 3592 2414 supe-

2020 2441 2136 2496 rius
2173 2441 2314 2494 dicta
2377 2439 2723 2494 anathemate
2761 2439 3017 2504 damnat,
3059 2453 3168 2492 una
3198 2437 3362 2492 sentit
3392 2435 3588 2490 Filium

2019 2547 2138 2586 esse
2172 2531 2317 2586 Patri
2345 2531 2906 2588 consubstantialem:
2939 2546 3176 2600 cumque
3200 2529 3334 2586 dicit
3355 2529 3592 2585 consub-

2022 2625 2352 2692 stantialem,
2389 2641 2707 2695 germanum
2736 2641 2800 2684 ac
2840 2639 3030 2678 verum
3061 2623 3195 2680 dicit
3238 2623 3333 2678 Dei
3367 2621 3589 2677 Filium.

2756 2735 2770 2774 :
2818 2715 2923 2782 Qui
2969 2715 3101 2770 uidit
3126 2731 3227 2783 me,
3249 2713 3379 2770 vidit
3407 2723 3456 2768 et
3485 2712 3592 2767 Pa—

2095 2901 2182 2958 10.
2233 2899 2498 2956 Ceterum
2555 2914 2654 2970 par
2701 2907 2818 2954 erat
2854 2898 2972 2952 haec
3015 2897 3260 2967 pluribus
3317 2899 3588 2954 scribere:

2025 3006 2234 3055 verum,
2263 2990 2388 3060 quia
2443 2990 2601 3045 vobis
2639 2991 2748 3060 iam
2786 2991 2980 3046 horum
3042 2991 3228 3062 gnaris
3277 2989 3594 3050 scribimus.

343 3067 437 3142 διὰ
456 3087 613 3141 τοῦτο
637 3067 914 3158 συντόμως
942 3067 1400 3160 ὑπηγορεύσαμεν
1421 3105 1435 3120 ·
1455 3067 1738 3160 saxeus-vo:
1772 3067 1921 3159 παρὰ

2027 3085 2146 3140 ideo
2179 3082 2366 3152 paucis
2415 3082 2759 3138 dictavimus.
2797 3081 3058 3152 Optantes
3112 3093 3172 3136 ut
3215 3083 3359 3154 apud
3406 3097 3598 3138 omnes

343 3179 484 3232 πᾶσι
513 3177 778 3244 σώζεσθαι
805 3178 893 3231 τὸν
923 3178 1220 3250 σύνδεσμον
1250 3181 1347 3250 τῆς
1369 3181 1609 3252 εἰρήνης,
1652 3182 1746 3234 καὶ
1785 3180 1922 3234 πάν-

339 3288 446 3335 τας
467 3272 593 3335 τοὺς
608 3270 708 3339 τῆς
725 3269 1032 3341 Καθολικῆς
1047 3271 1373 3343 Ἑκκλησίας
1401 3271 1459 3326 τὸ
1479 3273 1607 3326 αὐτὸ
1637 3273 1836 3342 λέγειν,
1864 3273 1924 3326 τὸ

344 3363 479 3416 αὐτὸ
502 3367 738 3432 φρονεῖν.
765 3363 876 3416 Καὶ
900 3363 994 3432 οὐχ
1019 3363 1093 3426 ὡς
1108 3363 1470 3428 διδάσκοντες,
1483 3365 1617 3418 ἀλλὰ
1641 3363 1716 3426 ὡς
1732 3366 1926 3435 ὑπομι-

348 3455 682 3526 μνήσκοντές
703 3455 1012 3526 ἐσμεν(84).
1032 3455 1225 3526 Ἐσμὲν
1244 3455 1300 3508 δὲ
1320 3457 1418 3527 οὐχ
1435 3459 1592 3526 ἡμεῖς
1619 3457 1667 3508 oi
1691 3457 1928 3526 γράφον-

345 3563 442 3610 τες
465 3547 634 3618 μόνοι,
684 3547 821 3600 ἀλλὰ
857 3549 951 3600 καὶ
982 3546 1182 3612 πάντες
1231 3549 1279 3600 οἱ
1316 3549 1372 3601 ὲν
1421 3551 1486 3618 τῇ
1527 3547 1788 3618 Αἰγύπτῳ
1835 3547 1927 3600 xa‘t

345 3641 469 3702 ταῖς
499 3639 724 3702 Λιϐύαις
751 3640 1072 3710 ἐνενήκοντά
1098 3658 1198 3694 που
1235 3641 1540 3693 ἐπίσκοποι.
1572 3639 1796 3693 Πάντων
1819 3639 1932 3710 γὰρ

345 3728 410 3780 ἓν
440 3729 556 3782 ἐστι
579 3729 736 3782 τοῦτο
769 3729 1042 3800 φρόνημα,
1078 3730 1172 3783 καὶ
1203 3729 1340 3802 ὑπὲρ
1378 3727 1622 3798 ἀλλήλων
1667 3728 1752 3780 ἀεὶ
1797 3729 1930 3780 ὑπο-

347 3817 676 3890 γράφομεν,
725 3820 820 3874 ἐὰν
881 3820 1061 3892 συμϐῇ
1117 3837 1238 3874 τινα
1301 3819 1373 3892 μὴ
1413 3823 1686 3892 παρεῖναι.
1748 3819 1931 3884 Οὕτως

348 3906 446 3963 οὖν
469 3909 580 3980 (85)
606 3910 960 3980 διακείμενοι,
989 3910 1176 3978 ἐπειδὴ
1211 3909 1405 3981 συνέϐη
1437 3907 1712 3962 συνελθεῖν
1760 3909 1927 3978 ἡμᾶς,

349 4001 676 4074 ἐγράψαμεν
714 4003 806 4054 καὶ
831 4001 909 4072 τῷ
951 3999 1218 4071 ἀγαπητῷ
1251 4001 1406 4072 ἡμῶν
1430 4001 1669 4072 Δαμάσῳ
1702 3999 1778 4070 τῷ
1811 4001 1930 4054 ἑπι-

351 4093 545 4164 σκόπῳ
573 4094 671 4164 τῆς
711 4095 954 4165 μεγάλης
1004 4095 1222 4167 Ῥώμης
1252 4093 1494 4166 περὶτοῦ
1534 4093 1822 4158 Αὑξεντίου
1837 4092 1930 4146 τοῦ

359 4184 682 4249 ἐπελθόντος
713 4189 778 4258 τῇ
809 4189 866 4240 ὲν
896 4186 1207 4256 Μεδιολάνῳ
1245 4184 1530 4256 ἐκκλησίᾳ,
1587 4183 1932 4253 διηγούμενοι

348 4275 424 4331 τὰ
455 4278 576 4331 κατ’
608 4279 801 4332 αὐτόν·
837 4281 919 4332 ὅτι
942 4295 999 4330 τε
1028 4280 1088 4332 οὐ
1119 4279 1277 4349 μόνον
1317 4277 1417 4348 τῆς
1465 4276 1748 4348 Ἀρειανῆς
1792 4273 1935 4344 αίρέρ

2024 3176 2303 3232 vinculum
2335 3175 2486 3246 pacis
2531 3183 2799 3243 servetur,
2847 3184 2901 3229 et
2948 3188 3140 3228 omnes
3171 3173 3262 3246 qui
3317 3173 3600 3230 catholicm

2026 3279 2156 3326 sunt
2177 3267 2454 3332 Ecclesiae,
2473 3267 2613 3322 idem
2633 3266 2838 3333 dicant,
2858 3267 3112 3337 idemque
3131 3266 3385 3322 sentiant.
3407 3264 3470 3320 Et
3485 3265 3600 3320 hanc

2026 3375 2134 3416 non
2191 3359 2349 3430 quasi
2407 3359 2686 3426 docentes,
2729 3358 2824 3414 sed
2881 3359 3036 3426 quasi
3085 3358 3438 3414 admonentes
3464 3357 3600 3412 dici-

2029 3467 2170 3507 mus.
2205 3449 2322 3505 Non
2356 3451 2500 3505 enim
2532 3465 2633 3505 nos
2667 3451 2768 3504 soli
2797 3452 3110 3508 scribimus.
3149 3450 3241 3506 sed
3285 3465 3475 3506 omnes
3502 3449 3602 3503 A5-

2029 3543 2176 3614 gypti
2231 3551 2282 3597 et
2337 3541 2633 3613 Libyarum
2688 3542 2986 3610 nonaginta
3053 3541 3270 3595 circiter
3335 3540 3594 3610 episcopi.

2030 3636 2284 3692 Omnium
2319 3637 2462 3690 enim
2492 3651 2600 3695 una
2648 3635 2764 3690 haec
2797 3645 2881 3690 est
2916 3635 3182 3690 sententia
3207 3674 3220 3697 ,
3253 3641 3305 3688 et
3341 3648 3465 3687 cum
3495 3632 3599 3685 ali-

2034 3745 2196 3800 quem
2237 3728 2427 3783 abesse
2453 3727 2760 3798 contigerit,
2789 3727 2880 3782 alii
2912 3741 3012 3796 pro
3032 3727 3152 3781 aliis
3181 3723 3598 3782 subscribimus.

2035 3821 2129 3876 Sic
2165 3835 2266 3874 nos
2295 3818 2460 3889 igitur
2489 3817 2687 3886 allecti,
2708 3821 2830 3873 cum
2869 3817 3189 3886 contigisset
3217 3832 3318 3872 nos
3347 3816 3402 3869 in
3431 3830 3598 3868 unum

2035 3911 2348 3974 convenire,
2385 3910 2594 3965 litteras
2641 3923 2862 3980 quoque
2890 3909 3090 3964 dilecto
3141 3915 3328 3962 nostro
3371 3907 3602 3962 Damaso

2033 4021 2244 4076 magna:
2281 4004 2468 4060 Romae
2495 3987 2754 4075 episcopo
2791 4005 3064 4070 misimus,
3100 4002 3166 4058 de
3205 4001 3476 4056 Auxentio
3507 4000 3602 4070 qui

2033 4099 2494 4167 Mediolanensem
2531 4098 2736 4160 invasit
2761 4097 3049 4152 ecclesiam
3074 4138 3090 4163 ,
3139 4095 3296 4164 cujus
3345 4093 3420 4148 illi
3451 4101 3601 4162 gesta

2035 4185 2434 4244 enarravimus.
2479 4199 2602 4237 eum
2637 4197 2831 4250 nempe
2886 4196 2992 4234 non
3033 4181 3194 4234 modo
3232 4193 3352 4234 esse
3389 4177 3604 4231 Arianae

2034 4278 2304 4332 haereseos
2355 4283 2702 4350 sectatorem,
2752 4272 2846 4330 sed
2877 4273 3041 4328 etiam
3077 4271 3262 4327 multis
3308 4269 3606 4326 sceleribus

355 4369 498 4433 σεώς
523 4371 636 4423 ἐστι
657 4371 928 4433 κοινωνὸς,
953 4370 1087 4424 ἀλλὰ
1113 4371 1206 4424 καὶ
1237 4369 1538 4432 ὑπεύθυνός
1579 4370 1693 4420 ἐστι
1722 4365 1922 4430 πολλοῖς

2036 4367 2353 4433 obnoxium,
2386 4381 2507 4436 qua:
2538 4380 2660 4420 cum
2697 4363 2960 4434 Gregorio
2995 4361 3286 4431 impietatis
3315 4375 3428 4414 sua:
3456 4358 3606 4414 socio

351 4463 570 4527 κακοῖς,
597 4460 810 4532 πράξας
838 4461 1010 4514 ταῦτα
1041 4461 1180 4532 μετὰ
1211 4461 1514 4534 Γρηγορίου
1545 4458 1638 4512 τοῦ
1674 4458 1928 4512 κοινωνοῦ

351 4546 458 4616 τῆς
505 4547 758 4613 ἀσεϐείας
801 4549 964 4604 αὑτοῦ
991 4568 1004 4580 ·
1041 4553 1134 4604 καὶ
1181 4549 1548 4622 θαυμάζοντες
1609 4549 1726 4612 πῶς
1770 4550 1932 4620 μέχρι

349 4637 452 4692 νῦν
473 4641 532 4693 οὐ
565 4639 844 4714 καθῃρέθη
873 4641 966 4694 καὶ
982 4641 1304 4712 ὲκϐἐϐληται
1331 4644 1428 4712 τῆς
1467 4640 1812 4710 Ἐκκλησίας,
1837 4641 1931 4692 καὶ

351 4730 516 4801 χάριν
543 4731 974 4804 ὡμολογήσαμεν
996 4737 1062 4805 τῇ
1090 4733 1368 4806 θεοσεϐείᾳ
1405 4731 1568 4786 αὑτοῦ
1601 4748 1662 4784 τε
1689 4731 1784 4785 καὶ
1820 4731 1928 4784 τῶν

355 4819 720 4874 συνελθόντων
743 4823 801 4877 ὲν
832 4825 898 4894 τῇ
929 4824 1138 4896 μεγάλῃ
1173 4823 1360 4894 Ῥώμῃ
1382 4863 1395 4886 ,
1431 4823 1512 4875 ὅτι
1539 4821 1631 4874 καὶ
1661 4821 1786 4884 τοὺς
1803 4840 1866 4874 πε
1879 4823 1931 4892 pl.

353 4910 662 4981 Οΰρσάκιον
695 4914 790 4967 καὶ
819 4915 1110 4980 Οὐάλεντα,
1149 4917 1242 4968 καὶ
1272 4916 1398 4978 τοὺς
1421 4913 1490 4967 τὰ
1518 4913 1657 4967 αὐτὰ
1691 4913 1800 4984 (86)
1836 4915 1932 4968 αὺ-

353 5005 472 5066 τοῖς
497 5005 828 5075 φρονοῦντας
858 5007 1230 5074 ἐκϐάλλοντες,
1264 5007 1473 5061 ἔσωσαν
1511 5007 1610 5078 τὴν
1641 5006 1940 5077 ὁμοψυχίαν

357 5093 459 5162 τῆς
497 5095 809 5165 Καθολικῆς
855 5097 1181 5166 Ἐκκλησίας
1205 5113 1216 5126 ·
1256 5098 1322 5168 ἢν
1354 5097 1447 5150 καὶ
1473 5097 1600 5167 παρ’
1629 5097 1756 5166 ὑμῖν
1787 5097 1940 5168 εὐχό-

435 5225 548 5296 (81)
587 5227 1056 5300 ΑηςὶίοειῃυἏὸτι
1105 5229 1392 5300 ἄτρεπτος,
1437 5231 1536 5284 καὶ
1578 5229 1933 5296 ἀναλλοίωτος

360 5300 522 5369 ἐστι,⁸
537 5299 632 5369 καὶ
664 5297 762 5352 οὐκ
789 5297 848 5362 ἐξ
879 5299 1093 5369 ἐτέρας,
1121 5297 1279 5353 male.

423 5366 552 5448 με)
595 5369 795 5448 Regius
837 5379 894 5423 et
939 5366 1106 5423 editio
1153 5369 1438 5436 Commel.,
1470 5371 1712 5443 σημαίνῃ
1747 5371 1932 5425 male:

361 5437 481 5498 alii,
515 5441 791 5562 σηῇαίνει.

441 5507 552 5562 (85)
637 5511 759 5562 aSIl.
789 5541 791 5546 ·

441 5507 759 5632 (ὃδλιῧοεὶι.
789 5520 844 5593 et
871 5512 1223 5580 Anglicanus,
1258 5511 1562 5592 προειδόσιν
1584 5511 1713 5580 ὑμῖν
1737 5513 1942 5582 γράφο-

443 5593 494 5631 ν.
587 5593 658 5632 0x
691 5579 912 5632 Remus.
945 5581 1421 5632 ὑπηγοοεύσαιιεν.
1463 5581 1589 5632 Alit.
1617 5581 1942 5632 συνηγοοεύ-

367 5593 494 5702 [ἐιξέ
520 5579 658 5702 "Mox
691 5579 912 5652 Regius,
945 5579 1421 5653 ὕπηγορεόσαμεν.
1463 5581 1589 5648 Alii,
1617 5579 1942 5654 συνηγορεύ-

491 5667 518 5701 ε
555 5689 570 5702 .

597 5718 674 5776 lta
701 5719 901 5794 Regius
923 5737 1082 5792 quem
1109 5723 1406 5794 sequimur.
1439 5725 1788 5798 Anglicanus,
1807 5723 1942 5779 ἀλλὰ

2038 4459 2370 4532 perpetravit
2396 4477 2410 4513 :
2449 4471 2660 4527 nosque
2687 4454 2872 4522 mirari
2925 4469 3023 4508 cur
3055 4452 3295 4506 nondum
3325 4449 3608 4520 depositus

2041 4559 2098 4606 et
2148 4551 2216 4606 ab
2267 4549 2509 4606 Ecclesia
2557 4549 2762 4619 ejectns
2809 4547 2898 4602 sit.
2949 4545 3272 4615 Gratiasque
3321 4543 3608 4599 retulimus

2037 4642 2158 4712 ejus
2187 4640 2396 4712 pietati,
2425 4655 2526 4696 nec
2551 4655 2659 4694 non
2694 4639 2762 4692 iis
2791 4637 2881 4707 qui
2921 4638 2974 4691 in
2991 4651 3244 4706 magnam
3274 4635 3461 4688 urbem
3499 4631 3610 4684 Ro-

2039 4749 2184 4787 mam
2215 4738 2606 4797 convenerant,
2631 4731 2775 4801 quod
2800 4730 3027 4786 Ursacio
3052 4737 3104 4782 et
3130 4727 3353 4782 Valente
3380 4725 3610 4792 aliisque

2037 4825 2129 4894 qui
2161 4839 2281 4879 cum
2315 4824 2422 4878 illis
2452 4823 2721 4878 sentirent
2771 4822 2980 4892 ejectis,
3034 4819 3312 4874 catholicae
3356 4813 3612 4870 Ecclesiae

2042 4917 2388 4972 concordiam
2421 4927 2750 4973 servassent.
2799 4915 2973 4980 Quam
3005 4927 3126 4966 cum
3163 4909 3302 4976 apud
3344 4923 3444 4962 vos
3475 4921 3612 4973 quo-

2044 5022 2151 5077 que
2184 5007 2390 5062 servari
2419 5015 2791 5076 peroptemus,
2847 5003 3129 5056 hortamur
3150 5011 3268 5062 vos,
3301 5009 3368 5050 ne
3403 4992 3609 5054 feratis,

2045 5111 2104 5156 ut
2128 5117 2290 5172 supra
2320 5101 2584 5166 diximus,
2614 5114 2708 5155 eos
2741 5095 2834 5168 qui
2868 5095 2990 5150 ﬁdei
3028 5091 3337 5152 occasione,
3363 5085 3610 5142 multitu-

2038 5239 2113 5310 ᾡς
2166 5238 2690 5310 ὑπομιμνήσκοντες-
2711 5234 2855 5304 ὑμᾶς
2879 5232 3182 5310 γράφομεν.
3210 5227 3424 5310 ᾘσμέν.
3464 5221 3604 5310 infra

2039 5299 2384 5379 Rgegiusfxal.
2411 5299 3011 5379 ταϊςέΛιϐόαιξς-ηβζὲὶο
3035 5299 3212 5379 supra
3239 5301 3433 5379 legitur
3464 5309 3520 5349 n.
3555 5299 3608 5357 1,

2039 5367 2151 5441 τάξ
2170 5367 2394 5441 Λιϐύας,
2425 5377 2479 5430 in
2507 5367 2722 5444 plurali.
2754 5373 2894 5428 Editi
2923 5383 2975 5444 et
3007 5367 3118 5436 alii,
3152 5375 3216 5443 τῇ
3253 5367 3447 5440 Λιϐύῃ.

2117 5449 2230 5516 (85)
2270 5442 2842 5518 ᾼηείίοοήυεηοῦτως
2864 5442 3014 5518 γοῦν.

2120 5506 2230 5588 (863
2273 5506 2517 5588 Sici'lleg.
2538 5514 2760 5586 optime.
2782 5513 2838 5568 In
2863 5506 2990 5588 aliis
3013 5511 3291 5588 vero_et_in
3317 5507 3495 5588 editis,
3518 5506 3618 5588 αρ-

2047 5579 2138 5644 τά’
2182 5579 2356 5643 ιίόθει.
2409 5579 2956 5654 Ιηῗνο’ῐῐιοιιιιερτίριί
3005 5592 3059 5637 et
3103 5583 3269 5654 editio
3323 5579 3620 5644 Commel.,

2049 5660 2179 5731 παρ’
2211 5659 2359 5728 ὑμῖν.
2397 5655 2542 5712 Edit.
2569 5671 2697 5711 vero
2723 5653 2924 5724 Parim,
2962 5656 3091 5724 παρ’
3129 5653 3279 5724 ἡμῖν.
