3992 6230
437 305 576 360 1047

1007 302 1062 357 S.
1103 300 1476 357 ATHANASll
1517 302 1664 359 OPP.
1707 304 1887 358 PARS
1925 304 1963 357 Ι.
2007 334 2074 344 -
2115 302 2485 358 lllSTOltICA
2523 303 2611 358 ET
2650 302 3068 364 DOGMATiCth

3536 305 3655 366 ιοιθ

432 417 615 479 dinem
669 423 999 495 synodorum
1051 423 1336 492 objiciunt,
1384 424 1781 481 Ariminensem
1811 467 1826 491 ,
1883 423 1969 479 Sir

2103 441 2248 494 μενοι
2275 423 2558 487 σώζεσθαι,
2593 423 3014 496 παρακαλοῦμεν
3063 423 3136 496 μὴ
3177 423 3496 494 ἀνέχεσθαι,
3527 425 3659 481 καθὰ

434 517 718 580 iniensem,
751 530 871 570 eam
908 531 1028 585 quae
1057 516 1108 569 in
1143 514 1370 584 Isauria,
1409 517 1568 572 aliam
1597 533 1721 588 quae
1748 519 1800 572 in
1826 516 1998 571 Thra-

431 611 535 675 t-ia,
568 625 662 664 eas
687 625 809 680 quae
833 609 1326 680 Constantinopoli,
1357 611 1486 665 item
1537 626 1658 681 quae
1699 611 1997 666 Antiochia)

429 704 713 758 celebratae
742 712 891 769 sunt,
936 720 1056 774 quae
1087 705 1334 774 plurima:
1367 716 1492 759 sunt
1524 712 1578 758 et
1629 705 1990 760 tumultuosaa

430 794 533 850 Sed
567 797 710 866 apud
744 812 838 852 vos
879 795 1094 850 Nicaena
1141 798 1316 852 solum
1347 796 1481 852 fides
1534 797 1798 860 obtineat,
1829 813 1992 867 quam

427 886 616 942 Patres
665 888 1123 960 promulgarunt:
1165 888 1255 942 ubi
1302 903 1491 944 omnes
1524 888 1750 943 aderant
1781 887 1986 953 Patres,

430 980 539 1032 imo
566 977 788 1048 quidam
819 994 885 1032 ex
921 979 1026 1034 illis
1080 979 1172 1048 qui
1214 993 1332 1033 eam
1367 994 1512 1033 nunc
1540 987 1871 1049 oppugnant,
1915 981 1992 1035 uti

426 1083 591 1140 supra
613 1069 876 1136 diximus,
911 1070 1119 1140 ipsique
1149 1070 1589 1141 subscripserunt
1615 1088 1628 1136 ;
1661 1082 1719 1126 ut
1746 1073 1811 1126 de
1838 1073 1993 1127 nobis

425 1162 589 1215 etiam
616 1162 912 1232 Apostolus
933 1161 1114 1216 dicat:
1157 1161 1340 1216 Laudo
1369 1172 1544 1216 autem
1577 1180 1685 1224 nos,
1731 1164 1867 1233 quod
1901 1181 1993 1232 per

423 1255 602 1307 omnia
650 1271 900 1308 memores
960 1255 1060 1307 mei
1104 1256 1274 1309 estis:
1318 1265 1368 1310 at
1419 1257 1552 1311 sicut
1600 1257 1800 1309 tradidi
1848 1257 1988 1310 vobis

421 1358 679 1417 praecepta
705 1365 818 1401 mea
843 1348 1025 1402 tenetis
1052 1348 1121 1403 δ’.

494 1543 579 1596 1i.
611 1541 735 1597 Haec
765 1543 909 1597 enim
943 1542 1157 1599 Nicaena
1191 1545 1451 1616 synodus,
1497 1561 1624 1600 vere
1678 1545 1866 1615 cippus
1905 1554 1990 1600 est

419 1633 716 1702 inscriptus
745 1645 936 1690 contra
967 1637 1252 1692 universas
1291 1639 1546 1693 haereses.
1581 1637 1705 1693 Haec
1736 1640 1850 1709 ipsa
1893 1655 1987 1693 eos

417 1724 595 1794 quiin
641 1725 900 1797 Spiritum
947 1737 1196 1783 sanctum
1245 1729 1643 1800 blasphemant,
1701 1731 1986 1802 ipsumque
2020 1773 2060 1825 Β

416 1817 606 1871 dicunt
631 1833 753 1872 esse
778 1828 1104 1886 creaturam,
1136 1819 1400 1876 confutat.
1441 1821 1577 1877 Cum
1607 1823 1752 1877 enim
1800 1823 1985 1878 Patres

413 1910 480 1962 de
497 1908 601 1963 fide
632 1910 688 1963 in
718 1909 918 1967 Filium
941 1920 1389 1981 pet-tractassem,
1413 1914 1597 1969 statim
1621 1914 1980 1970 addiderunt:

414 2002 689 2057 credimus
724 2013 777 2058 et
805 2005 860 2058 in
898 2004 1158 2074 Spiritum
1194 2015 1437 2060 sanctum
1469 2024 1484 2072 ;
1523 2016 1582 2061 ut
1609 2007 1898 2077 perfectam
1931 2017 1984 2062 et

414 2093 628 2161 plenam
659 2095 726 2150 de
772 2106 960 2152 sancta
1008 2094 1274 2152 Trinitate
1325 2097 1480 2153 fidem
1532 2100 1789 2165 confessi,
1821 2101 1981 2156 Chri-

412 2184 602 2239 stianae
631 2185 753 2240 ﬁdei
791 2197 1050 2242 tesseram
1094 2199 1146 2244 et
1173 2190 1455 2245 catholicae
1487 2190 1743 2247 Ecclesia:
1775 2193 1980 2248 doctri-

409 2295 534 2333 nam
568 2280 621 2334 in
653 2280 755 2334 hoc
805 2280 924 2352 ipso
953 2281 1289 2337 exhiberem.
1337 2281 1621 2353 Propalam
1657 2285 1853 2355 quippe
1888 2303 1980 2341 γο-

406 2371 492 2425 his
529 2373 896 2442 omnibusque
926 2382 1031 2440 est,
1080 2385 1134 2429 et
1167 2375 1372 2430 nemini
1399 2373 1836 2432 Christianorum
1876 2379 1980 2434 hoc

404 2463 632 2517 dubium
665 2464 829 2518 fuerit
857 2485 870 2520 :
910 2482 1008 2521 nos
1044 2466 1097 2520 in
1129 2475 1432 2522 creaturam
1461 2469 1683 2524 minime
1719 2471 1938 2524 credere
1960 2513 1974 2535 ,

403 2556 499 2610 sed
528 2557 583 2610 in
615 2573 782 2612 unum
809 2557 1000 2624 Deum,
1026 2559 1241 2615 Patrem
1262 2562 1714 2631 omnipotentem,
1733 2563 1975 2617 omnium

399 2644 698 2701 visibilium
754 2659 808 2703 et
853 2650 1209 2705 invisi‘bilium
1269 2651 1550 2707 factorem.
1592 2651 1660 2706 Et
1708 2654 1760 2707 in
1807 2670 1974 2708 unum

403 2735 693 2794 Dominum
727 2739 913 2794 Iesum
942 2739 1223 2797 Christum
1245 2741 1442 2797 Filium
1466 2743 1585 2813 ejus
1615 2743 1970 2814 unigenitum.

399 2824 469 2882 Et
519 2829 574 2884 in
618 2847 789 2885 unum
844 2831 1107 2901 Spiritum
1166 2842 1454 2889 sanctum:
1506 2850 1674 2888 unum
1711 2834 1880 2889 Deum
1919 2837 1972 2888 in

399 2931 588 2976 sancta
611 2930 666 2976 et
693 2922 934 2992 perfecta
963 2923 1229 2979 Trinitate
1259 2925 1558 2995 cognitum.
1595 2925 1652 2978 ln
1686 2926 1842 2996 cujus
1876 2942 1975 2980 uo-

399 3014 546 3068 mine
576 3013 855 3084 baptizati,
889 3026 944 3070 ct
969 3017 1023 3069 in
1053 3032 1159 3086 qua
1201 3016 1470 3070 divinitati
1521 3017 1821 3087 conjuncti,
1854 3034 1972 3074 crc-

2099 517 2453 588 προείπομεν,
2491 517 2599 570 τῶν
2633 517 3082 588 προϐαλλομένων
3097 517 3250 587 ὄχλον
3280 518 3509 571 συνόδων
3538 535 3658 588 προ-

2097 607 2259 675 φάσει
2280 606 2532 672 πίστεως,
2561 607 2660 678 τὴν
2695 609 2752 659 ὲν
2783 607 3078 678 Ἀριμήνῳ,
3099 608 3196 678 τὴν
3224 609 3280 660 ὲν
3305 607 3511 678 Σιρμίῳ
3533 607 3655 675 (87),

2094 698 2190 769 τὴν
2226 701 2283 751 ὲν
2308 700 2374 770 τῇ
2423 699 2680 771 Ἱσαυρίᾳ,
2719 699 2817 769 τὴν
2855 701 2912 750 ὲν
2935 701 3000 770 τῇ
3034 700 3242 771 Θρᾴκῃ,
3268 698 3366 762 τὰς
3411 701 3468 752 ὲν
3510 701 3657 752 Κων-

2097 790 2549 857 σταντινουπόλει,
2600 791 2698 854 τὰς
2751 792 2808 842 ἐν
2849 793 3147 862 Ἀντιοχείᾳ
3180 789 3380 853 πολλὰς
3403 791 3496 844 καὶ
3530 789 3656 844 ἀτά-

2099 899 2278 947 κτους.
2323 883 2482 935 Ἀλλὰ
2533 883 2688 953 μόνον
2718 883 2986 954 κρατείτω
3039 883 3097 933 ἐν
3130 882 3258 952 ὑμῖν
3292 883 3324 953 ἠ
3364 882 3421 936 ἐν
3460 882 3656 954 Nimia.

2096 971 2248 1043 παρὰ
2268 973 2375 1026 τῶν
2408 973 2670 1045 Πατὲρων
2709 972 3104 1044 ὁμολογηθεῖσα
3143 973 3356 1036 πίστις·
3405 976 3462 1026 ἐν
3567 976 3654 1026 καὶ

2092 1065 2291 1127 πάντες
2314 1065 2406 1117 καὶ
2443 1063 2549 1117 τῶν
2572 1065 2665 1117 νῦν
2705 1066 3023 1135 μαχομένων
3052 1064 3188 1132 πρὸς
3220 1065 3388 1135 αὐτὴν
3414 1067 3654 1137 παρῆσαν

2091 1157 2350 1227 Πατέρες,
2385 1156 2526 1210 καθὰ
2555 1156 2888 1226 προείπομεν
2912 1155 3040 1226 (88),
3071 1157 3164 1208 καὶ
3190 1155 3511 1227 ὑπέγραψαν
3532 1173 3546 1188 ο
3574 1155 3657 1211 ἵνα

2090 1249 2181 1300 καὶ
2210 1248 2336 1318 περὶ⁵
2353 1247 2508 1317 ἡμῶν
2530 1250 2558 1300 ὁ
2593 1247 2910 1311 Ἀπόστολος
2927 1247 3051 1318 εἴπῃ
3073 1265 3086 1277 ο
3125 1245 3375 1299 Ἐπαινῶ
3396 1246 3464 1298 δὲ
3483 1246 3655 1315 ὑμᾶς,

2089 1338 2177 1391 ὅτι
2226 1338 2419 1392 πάντα
2468 1357 2588 1408 μου
2615 1338 2942 1408 μέμνησθε,
2989 1338 3086 1391 καί
3117 1337 3309 1404 καθὼς
3352 1337 3656 1406 παρέδωκα

2086 1429 2229 1499 ὑμῖν
2253 1430 2357 1496 τὰς
2383 1430 2764 1499 παραδόσεις,
2790 1431 2942 1484 οὕτω
2967 1431 3270 1500 κατέχετε.

2173 1544 2258 1597 11.
2289 1543 2436 1614 Αὕτη
2466 1543 2574 1616 γὰρ
2603 1546 2635 1616 ὴ
2661 1545 2717 1597 ὲν
2753 1544 2956 1615 Nimia.
2992 1543 3238 1608 σύνοδος,
3267 1541 3483 1612 ἀληθῶς
3528 1558 3652 1612 στη-

2085 1639 2354 1711 λογραφία
2382 1638 2525 1693 κατὰ
2551 1640 2729 1708 πάσης
2751 1638 3014 1711 αἱρέσεώς
3045 1641 3213 1692 ἐστιν.
3236 1638 3382 1707 Αῦτη
3413 1636 3507 1688 xui.
3531 1637 3652 1697 τοὺς

2088 1730 2540 1802 βλασφημοῦντας
2575 1733 2654 1794 είς
2674 1731 2734 1784 τὺ
2757 1731 2980 1801 Πνεῦμα
3005 1731 3063 1784 τὸ
3086 1731 3260 1798 ἆγιον,
3285 1728 3378 1781 καὶ
3401 1727 3652 1795 λέγοντας

2086 1821 2218 1875 αὐτὸ
2242 1821 2467 1892 κτίσμα,
2490 1822 2806 1892 ἀνατρέπει.
2837 1821 3133 1894 Είρηκότες
3179 1821 3286 1893 γὰρ
3318 1821 3367 1872 oi
3414 1818 3651 1888 Πατέρες

2087 1914 2214 1984 περὶ
2246 1913 2342 1984 τῆς
2374 1915 2454 1977 είς
2480 1913 2570 1966 τὸν
2592 1914 2719 1968 my
2750 1915 3002 1978 πίστεως,
3041 1914 3314 1982 ἐπήγαγον
3340 1909 3531 1973 εὐθύς·
3559 1909 3652 1962 11t-

2086 2004 2342 2075 στεύομεν
2395 2007 2486 2058 καὶ
2513 2008 2593 2069 είς
2639 2006 2699 2059 τὸ
2742 2005 2963 2076 Πνεῦμα
2989 2006 3051 2058 τὸ
3089 2006 3264 2074 ἅγιον,
3303 2003 3408 2065 ἵνα,
3445 2001 3649 2054 τελείαν

2082 2098 2175 2151 καὶ
2211 2097 2394 2170 πλήρη
2422 2098 2518 2169 τὴν
2551 2101 2631 2163 είς
2662 2100 2760 2169 τὴν
2801 2099 2961 2168 ἁγίαν
3006 2099 3208 2170 Τριάδα
3249 2097 3429 2150 πίστιν
3465 2094 3651 2166 ὁμολο-

2081 2192 2349 2262 γήσαντες
2369 2232 2384 2256 ,
2415 2191 2502 2244 τὸν
2531 2192 2854 2262 χαρακτῆρα
2901 2191 3001 2261 τῆς
3030 2194 3087 2245 ὲν
3133 2189 3351 2261 Χριστῷ
3395 2190 3646 2250 πίστεως.

2081 2285 2175 2336 καὶ
2204 2283 2301 2356 τὴν
2344 2283 2690 2336 διδασκαλίαν
2732 2284 2831 2354 τῆς
2876 2283 3184 2354 Καθολικῆς
3229 2280 3554 2350 Ἐκκλησίας
3593 2281 3650 2331 ἐν

2077 2374 2250 2445 τούτῳ
2278 2375 2388 2445 (89)
2434 2375 2766 2446 γνωρίσωσι.
2809 2373 2976 2446 Δῆλον
2998 2373 3107 2446 γὰρ
3133 2374 3226 2427 καὶ
3245 2373 3375 2443 παρ’
3398 2373 3526 2442 ύμῖν
3558 2371 3649 2424 καὶ

2078 2467 2228 2538 παρὰ
2249 2469 2382 2520 πᾶσι
2413 2466 2717 2537 καθέστηκε
2736 2483 2749 2497 ·
2776 2466 2868 2518 καὶ
2898 2467 3069 2530 οὐδεὶς
3091 2465 3156 2520 ἂν
3185 2462 3524 2536 Χριστιανῶν
3553 2463 3648 2532 ἀμ-

2079 2559 2294 2630 φίϐολον
2327 2561 2407 2622 είς
2449 2558 2606 2611 τοῦτο
2640 2558 2790 2630 σχοίη
2823 2559 2922 2629 τὴν
2945 2558 3217 2620 διάνοιαν,
3251 2557 3327 2618 ὡς
3366 2557 3465 2609 οὐκ
3503 2555 3648 2608 ἔστιν

2077 2649 2230 2720 ἡμῶν
2265 2649 2502 2719 ήπίστις
2533 2651 2612 2711 είς
2631 2648 2728 2720 τὴν
2756 2649 2951 2714 κτίσιν,
2987 2649 3103 2702 ἀλλ’
3128 2652 3208 2712 εἰς
3253 2649 3347 2700 ἕνα
3377 2647 3508 2700 Θεὸν
3541 2647 3647 2699 Παυ-

2073 2741 2206 2813 τέρα
2239 2742 2677 2813 παντοκράτορα,
2718 2741 2936 2796 πάντων
2952 2741 3163 2814 ὁρατῶν
3191 2758 3250 2794 τε
3279 2741 3371 2795 καὶ
3398 2739 3645 2810 ἀοράτων

2075 2835 2302 2906 ποιητήν
2322 2851 2334 2864 ·
2379 2835 2470 2887 καὶ
2501 2836 2583 2898 είς
2614 2834 2708 2886 ἕνα
2746 2834 2950 2904 Κύριον
3008 2832 3212 2906 Ἰησοῦν
3261 2833 3493 2903 Χριστὸν
3517 2872 3531 2896 ,
3557 2830 3644 2884 τὸν

2073 2926 2202 2980 Υίὸν
2232 2926 2395 2980 αὐτοῦ
2427 2927 2516 2980 τὸν
2550 2927 2812 2998 μονογενῆ
2832 2943 2847 2956 ·
2887 2927 2980 2981 καὶ
3017 2929 3097 2991 είς
3128 2927 3184 2979 ἓν
3208 2927 3430 2997 Πνεῦμα
3461 2926 3638 2994 ἆγιον·

2071 3019 2169 3074 ἕνα
2201 3019 2333 3072 Θεὸν
2362 3017 2455 3072 τὸν
2478 3019 2536 3071 ἐν
2570 3021 2636 3090 τῇ
2670 3019 2801 3091 ἁγίᾳ
2835 3020 2928 3073 καὶ
2960 3019 3142 3091 τελείᾳ
3165 3019 3353 3090 Τριὰδι
3380 3017 3640 3085 γινωσκό-

397 3104 580 3159 dimns
609 3119 710 3159 nos
742 3120 967 3173 regnum
997 3107 1261 3161 caelorum
1293 3107 1607 3163 itazreditate
1651 3117 1972 3179 accepturos

2082 3125 2268 3180 μενον⁶
2301 3110 2380 3172 είς
2407 3109 2474 3179 ἣν
2511 3109 2606 3162 κιαι)⁴
2641 3109 3041 3180 βαπτιζόμενοι,
3078 3108 3174 3162 καὶ
3217 3110 3274 3160 ὲν
3308 3105 3477 3179 ταύτῃ
3521 3122 3640 3158 συν-

398 3195 452 3248 in
481 3195 704 3251 Christo
745 3194 873 3251 Jesu
925 3195 1159 3253 Domino
1202 3207 1409 3264 nostro,
1463 3215 1560 3270 per
1608 3216 1767 3270 quem
1817 3199 1964 3255 Patri

2082 3201 2365 3271 πιπτόμενοι
2398 3201 2463 3270 τῇ
2497 3198 2728 3271 θεότητι,
2754 3201 3079 3271 πιστεύομεν
3113 3200 3204 3253 καὶ
3238 3196 3638 3270 κληρονομῆσαι

395 3275 566 3351 gloi'ia
607 3300 660 3346 et
695 3287 982 3358 imperium
1015 3289 1068 3342 in
1105 3290 1324 3346 saecula.
1359 3291 1554 3346 Amen.

2074 3291 2348 3363 βασιλείαν
2374 3291 2620 3364 οὐρανῶν
2643 3294 2700 3348 ὲν
2723 3293 2942 3366 Χριστῷ
2971 3292 3142 3365 Ἰησοῦ
3159 3292 3236 3364 τῷ
3252 3291 3441 3363 Κυρίῳ
3463 3287 3634 3362 ἡμῶν,

389 3377 462 3432 δι’
487 3371 548 3434 οὗ
582 3379 658 3451 τῷ
688 3382 862 3454 Πατρὶ
897 3384 929 3454 ἡ
959 3382 1084 3449 δόξα
1117 3384 1210 3437 καὶ
1245 3383 1304 3437 τὸ
1333 3383 1532 3455 κράτος
1557 3385 1635 3448 είς
1665 3386 1789 3449 τοὺς
1838 3385 2056 3451 αίῶνας.
2097 3388 2268 3461 Ἀμήν
2296 3384 2425 3459 (90).

465 3566 510 3598 δ’
545 3563 566 3618 1
593 3565 717 3622 Cor.
755 3583 829 3631 χι,
856 3567 911 3623 2.

462 3749 576 3832 (8.7)
612 3751 944 3832 Lugiicanns
974 3796 988 3819 ,
1032 3756 1130 3828 τὴν
1178 3757 1474 3831 Ἀρσενίῳ,
1529 3760 1672 3815 unde
1714 3757 1960 3816 Nannius

391 3821 576 3884 vertit,
609 3821 937 3877 Arsenicam.

461 3891 837 3970 (§8)__Regiu_s,
869 3895 1119 3970 xaQarrsp
1148 3898 1394 3970 εἴπομεν.
1425 3899 1593 3955 Paulo
1613 3909 1737 3970 post
1757 3901 1958 3970 Regius

388 3968 444 4042 et
473 3960 659 4042 Basilv
692 3964 862 4042 ἡμῶν.
958 3960 1298 4042 ᾊπᾷστολοςί.
1339 3960 1692 4042 Attglicanus,
1737 3960 1892 4042 ὑμῶν
1926 3973 1956 4025 ὀ

399 4030 931 4108 Ἀπόῃστολοξξ-Εάἰλῑί,
962 4038 1120 4108 ήμῶν
1155 4038 1214 4091 Ἀ
1223 4030 1499 4106 πύστολός.

2065 3775 2265 3915 ἱαῗᾶίῖ).
2294 3831 2578 3915 Anglican.
2597 3831 2769 3915 solus,
2793 3845 2952 3915 quem
2985 3831 3232 3915 sequitur
3264 3829 3529 3915 liannius,
3551 3827 3626 3897 τῷ

2064 3900 2240 3986 Πατρὶ
2267 3903 2362 3986 καὶ
2386 3900 2480 3974 ’τῷ
2509 3903 2656 3986 tif-ig)
2685 3901 2981 3986 EIVSts'paft.
3007 3901 3154 3986 Post,
3174 3903 3366 3986 Ἀμήνἶ
3402 3900 3626 3986 ευιῇιιει-

2061 3973 2141 4044 git
2167 3971 2474 4044 Anglican;
2506 3971 2780 4044 ἐρρῶσθαι
2809 3974 2954 4044 ἡμᾶς
2983 3972 3074 4044 καὶ
3099 3971 3454 4044 μνημονεύειν
3475 3971 3623 4042 ήμῶν

2062 4043 2122 4120 ἐν
2148 4042 2335 4114 Κυρίῳ
2353 4042 2608 4120 εὔχομαι,
2625 4043 2934 4120 -ᾁγαπῖλτοὶ-
2956 4043 3048 4095 καὶ
3067 4042 3480 4120 -ποθεινᾴτατοι,
3508 4056 3623 4111 qua:

455 4100 570 4168 (89)
613 4087 712 4156 ιη’
746 4087 1649 4181 Regius"EFAdéiiéiﬁEéTEdiu
1703 4126 1854 4179 vero,
1900 4112 1959 4167 ὲν
1988 4107 2035 4164 Β
2063 4087 2333 4168 abs-lini:
2353 4087 3348 4184 ᾖὲέἶῆἱεὶἒίῐ⁶ἔιὟτὲὶὲιςῆ7ζέἱὶἑήιῖ

383 4316 3589 4354 .——____._____.______._____________________________

656 4504 784 4591 lN
863 4503 1540 4598 EPISTULAM
1622 4513 1771 4599 AD
1846 4515 2543 4608 EPICTETUM
2620 4520 3363 4614 ADMONITIO.

439 4881 604 4952 719
635 4881 675 4936 Ι.
713 4882 1064 4937 Celeberrima
1097 4882 1236 4950 apud
1267 4886 1511 4954 antiquos
1542 4887 1825 4955 scriptores
1853 4890 2053 4942 exstitit
2082 4891 2190 4944 1.(ιέ
2214 4894 2434 4959 cpistola
2465 4907 2483 4944 :
2523 4908 2638 4946 eam
2679 4893 2866 4962 quippe
2907 4895 3158 4966 integram
3197 4896 3353 4964 a/I‘ert
3382 4894 3607 4965 Epipha-

362 4976 480 5029 nius
521 4978 708 5030 liceresi
741 4993 964 5042 uxvn;
998 4978 1155 5045 hujus
1185 4976 1306 5029 item
1354 4979 1590 5036 meminit
1629 4979 1866 5049 Cyrillus
1903 4982 1959 5034 in
1999 4982 2224 5051 epistola
2268 4984 2337 5036 ad
2367 4983 2626 5038 Joannem
2672 4986 3047 5040 Antiochenam
3093 4999 3142 5041 et
3171 4988 3291 5041 aliis
3335 4988 3389 5040 in
3439 4987 3563 5040 locis
3587 5001 3605 5038 :

359 5073 538 5137 aitque
560 5069 678 5136 jam
710 5071 837 5124 olim
863 5076 1030 5141 ipsum
1063 5074 1128 5127 ab
1157 5075 1421 5132 Itatreticis
1452 5077 1618 5146 fuisse
1639 5081 1904 5143 vitiatam,
1934 5083 2071 5152 quod
2102 5084 2156 5137 in
2189 5083 2286 5138 illa
2313 5095 2580 5140 cernerent
2605 5102 2806 5140 errores
2839 5087 3058 5141 convelli
3077 5105 3233 5153 suos;
3268 5106 3300 5141 a
3332 5106 3390 5142 se
3437 5100 3604 5141 tamen

358 5164 572 5218 collatis
601 5167 989 5237 exemplaribus
1011 5171 1258 5240 pristina:
1282 5173 1928 5243 integritatirestitutam.
1970 5177 2160 5232 Verum
2201 5181 2490 5252 depravata
2520 5182 2779 5251 ejusmodi
2819 5183 3054 5252 exempla
3082 5183 3151 5236 ad
3183 5194 3416 5237 nostram
3450 5199 3602 5252 usque

357 5266 570 5310 a’tatem
612 5274 716 5313 non
762 5277 1068 5330 pervenere:
1091 5273 1167 5317 est
1197 5265 1338 5318 enim
1385 5283 1470 5330 ea,
1495 5284 1614 5338 qua:
1638 5268 1758 5338 jam
1787 5269 1840 5323 in
1880 5269 2263 5326 Athanasianis
2309 5282 2484 5327 exstat
2525 5277 2704 5340 editis,
2738 5284 2788 5330 et
2821 5275 2976 5345 plane
3000 5275 3312 5342 orthodoxa,
3335 5285 3385 5330 et
3413 5277 3460 5330 ei
3489 5291 3601 5346 qua:

361 5349 502 5414 apud
536 5347 893 5441 Epiphaniam
935 5353 1130 5422 legitur
1173 5358 1572 5416 consimillima.
1623 5360 1816 5430 συνειίὶ
1863 5371 2038 5416 autem
2076 5363 2248 5418 locum
2293 5365 2422 5419 citat
2459 5364 2708 5421 Rusticus
2741 5367 3017 5433 diaconus,
3051 5368 3254 5425 Contra
3277 5370 3596 5441 Aceplialos.

359 5455 476 5507 cap.
503 5441 558 5495 2.
595 5440 894 5511 Epistolam
926 5447 995 5499 ad
1029 5446 1325 5517 Epictetum
1353 5466 1645 5509 memorant
1674 5457 1821 5524 item,
1847 5468 1900 5512 et
1929 5457 2044 5512 loca
2066 5461 2186 5514 inde
2213 5472 2458 5531 excerpta
2490 5463 2717 5532 aﬁ‘erunt
2763 5467 2949 5535 synodi
2990 5464 3254 5536 Epltesina
3293 5477 3342 5520 et
3385 5440 3597 5522 Chalce-

355 5537 624 5601 donensis,
649 5539 752 5594 Leo
795 5559 969 5612 papa,
1005 5543 1382 5613 Tlteodoretus,
1415 5547 1657 5606 Gelasius
1688 5552 1823 5606 libro
1859 5552 1935 5609 De
1973 5555 2185 5611 duabus
2228 5573 2281 5611 ιι]
2325 5556 2544 5612 Christo
2580 5560 2809 5624 naturis,
2851 5561 2994 5629 infra
3025 5563 3136 5616 suis
3165 5579 3340 5618 omnes
3385 5563 3596 5618 notandi

355 5630 512 5727 locis.
548 5631 690 5727 tem
723 5637 868 5704 apud
899 5635 1181 5691 Leontium
1210 5639 1573 5710 Byzantinum
1597 5646 1768 5700 multa
1798 5648 1917 5702 hinc
1940 5648 2237 5718 aﬂ‘eruntur
2271 5654 2386 5704 loca
2420 5651 2515 5706 lib.
2554 5667 2618 5714 ιι,
2649 5651 2743 5705 sub
2773 5653 2950 5722 ﬁnem.
2988 5652 3210 5725 Ipseque
3237 5655 3591 5727 Apollinarius

357 5723 678 5790 referrimtts
715 5743 842 5782 sane
867 5729 1132 5795 homo,-in
1163 5734 1458 5805 fragmento
1489 5740 1725 5808 epistola:
1751 5745 1820 5798 ad
1857 5745 2194 5814 Serapionem
2239 5748 2378 5818 apud
2400 5746 2677 5804 Leontium
2706 5749 3086 5819 Byzantinum,
3112 5723 3209 5818 ait,
3235 5723 3293 5808 se
3321 5752 3588 5822 epistolam
