3992 6230
449 321 594 378 1055

1055 317 1115 374 S.
1153 313 1530 372 ATHANASII
1567 313 1720 371 OPP.
1763 315 1943 371 PARS
1983 315 2022 371 Ι.
2063 347 2134 357 —-
2168 316 2542 373 HISTORICA
2582 318 2669 374 ET
2708 316 3130 375 DOGMATICA.

3560 321 3698 380 i036

445 436 887 504 obtemperantes
933 433 1380 502 acquiescerent;
1424 430 1508 485 vel
1550 430 1594 486 si
1631 438 2008 500 repugnarent1

2127 430 2212 484 ἵνα
2253 431 2285 502 ἢ
2326 430 2656 495 ἀκούσαντες
2691 432 3044 503 ἡρεμήσωσιν
3072 474 3087 500 ,
3134 432 3172 505 ἦ
3224 435 3592 505 ἀντιλέγοντες
3620 439 3702 503 ὡς

446 543 544 596 pro
589 525 858 580 haereticis
893 525 1246 579 haberentur.
1279 522 1490 578 Etenim
1515 539 1638 593 quae
1661 523 1772 594 jam
1811 539 2021 579 memo-

445 628 561 672 rata
593 627 742 682 sunt,
768 633 944 687 neque
971 616 1118 670 dictu
1155 632 1332 686 neque
1366 616 1552 670 auditu
1585 624 1712 670 sunt
1750 615 2019 670 Christia-

444 711 532 766 nis
562 709 890 771 tolerabilia,
921 709 1016 764 sed
1063 709 1132 764 ab
1177 709 1479 780 apostolica
1516 709 1766 764 doctrina
1802 710 2018 778 penitus

443 802 762 856 abhorrent.
799 801 1069 867 Quocirca
1126 817 1320 856 eorum
1351 801 1516 864 dicta,
1572 809 1632 856 ut
1665 801 1777 872 jam
1819 818 2020 857 memo-

444 903 561 948 rata
610 902 774 958 sunt,
809 893 950 962 ipsis
997 893 1180 947 verbis
1233 892 1286 946 in
1337 892 1565 962 epistola
1617 894 2015 948 couscribenda

444 986 668 1050 curavi;
714 995 770 1039 ut
815 986 1068 1056 quiSquis
1104 985 1360 1049 audierit,
1395 1001 1584 1039 eorum
1627 987 2016 1056 turpitudinem

442 1089 498 1134 et
528 1079 859 1149 impietatem
891 1080 1312 1133 animadvertat.
1371 1077 1436 1132 Et
1478 1081 1694 1133 tametsi
1734 1080 2018 1149 oportebat

444 1172 660 1226 illorum
702 1173 793 1242 qui
833 1172 950 1227 haec
995 1173 1292 1227 commenti
1339 1181 1466 1227 sunt
1509 1171 1795 1225 stultitiam
1844 1173 2016 1241 pluri-

441 1265 543 1320 bus
591 1281 817 1334 arguere
846 1273 898 1318 et
939 1264 1266 1328 confutare;
1323 1274 1562 1319 attamen
1605 1265 1776 1320 satius
1822 1264 2016 1320 fuisset

439 1359 725 1427 epistolam
776 1359 883 1412 huc
931 1358 1200 1416 desinere.
1257 1367 1311 1412 et
1349 1357 1483 1412 nihil
1537 1361 1679 1412 ultra
1722 1358 2008 1414 scribere:

438 1465 560 1520 qua:
593 1451 738 1504 enim
793 1451 865 1504 ita
916 1450 1206 1506 manifeste
1251 1467 1418 1521 prava
1470 1461 2011 1516 commonstrantur,

436 1543 710 1613 exagitare
755 1551 809 1596 et
857 1544 1130 1598 curiosius
1164 1543 1424 1613 indagare
1468 1559 1575 1597 non
1620 1544 1858 1614 expedit,
1886 1559 1953 1598 ne
1981 1559 2012 1598 a

435 1635 793 1690 contentiosis
838 1637 998 1706 722
1031 1637 1346 1691 hominibus
1391 1637 1641 1708 ambigua
1691 1637 2007 1692 existimen-

435 1737 554 1782 tur:
593 1729 684 1782 sed
721 1728 920 1784 sufﬁcit
956 1731 1040 1784 his
1060 1729 1326 1784 duntaxat
1357 1729 1536 1784 verbis
1557 1729 1625 1783 ad
1657 1729 1747 1790 illa
1777 1743 2008 1799 respon-

433 1819 566 1876 dere
597 1838 614 1874 :
658 1820 782 1876 Haec
813 1823 1093 1878 catholicae
1131 1821 1388 1878 Ecclesiae
1418 1839 1523 1877 non
1548 1832 1696 1884 sunt,
1729 1839 1905 1894 neque
1945 1838 2008 1878 ea

431 1923 517 1970 est
547 1913 769 1968 Patrum
804 1917 1093 1969 sententia.
1127 1917 1394 1970 Cmterum
1429 1932 1495 1972 ne
1537 1932 1603 1970 ex
1641 1925 1899 1986 perpetuo
1931 1917 2009 1972 si-

432 2006 603 2062 lentio
644 2007 995 2075 impii-lentia:
1029 2009 1374 2063 occasionem
1404 2009 1672 2062 malarum
1715 2008 1790 2062 illi
1821 2023 2004 2062 rerum

431 2098 671 2153 artifices
694 2097 980 2166 arripiant,
1006 2112 1036 2150 e
1073 2112 1131 2151 re
1167 2095 1414 2152 fueritex
1463 2096 1662 2150 divinis
1711 2096 2006 2167 Scripturis

431 2206 603 2261 pauca
636 2205 976 2257 memorare;
1021 2188 1254 2245 fortasse
1297 2190 1380 2243 vel
1430 2188 1534 2244 hoc
1589 2189 1752 2244 modo
1798 2189 2007 2260 pudore

429 2281 627 2346 allecti,
694 2281 1041 2351 turpissimas
1091 2281 1377 2351 opiniones
1439 2281 1784 2353 excogitandi
1841 2281 2002 2336 ﬁnem

432 2375 654 2430 facient.
1500 2420 1508 2426 .

497 2467 552 2522 4.
590 2465 737 2522 Heus
778 2483 897 2531 vos,
932 2467 1024 2537 qui
1052 2482 1117 2522 eo
1138 2467 1380 2522 animum
1411 2467 1699 2537 appulistis
1726 2476 1785 2522 ut
1807 2483 2005 2537 corpus

427 2560 684 2616 diceretis
751 2577 873 2617 esse
939 2561 1104 2616 Verbi
1191 2563 1466 2616 divinitati
1537 2563 2004 2618 consubstantiale

427 2655 597 2726 (hinc
631 2657 775 2711 enim
831 2657 998 2712 ordiri
1033 2673 1212 2728 operae
1242 2659 1472 2728 pretium
1519 2658 1718 2726 fuerit,
1766 2667 1828 2712 ut
1877 2673 2001 2713 cum

425 2747 548 2817 ejus
587 2750 870 2804 sententia:
909 2749 1128 2805 foeditas
1165 2751 1343 2820 palam
1385 2751 1568 2818 fuerit,
1609 2766 1784 2821 neque
1809 2763 2004 2807 caetera

426 2841 652 2912 majoris
679 2858 799 2898 esse
827 2843 984 2912 pretii
1003 2845 1358 2913 conspicuum
1383 2843 1519 2914 sit)?
1542 2843 1598 2898 In
1626 2844 1827 2899 divinis
1855 2853 2002 2900 certe

429 2935 730 3004 Scripturis
784 2936 922 2989 nihil
975 2947 1256 3006 comparet
1293 2937 1629 3007 hujusmodi,
1688 2953 1814 2992 nam
1873 2938 2002 3009 ipsae

428 3024 598 3080 Deum
651 3027 705 3082 iu
757 3028 1000 3084 humano
1057 3028 1228 3084 fuisse
1279 3045 1508 3099 corpore
1558 3030 1868 3087 affirmant:
1905 3034 2002 3088 sed

427 3120 592 3174 etiam
629 3119 817 3176 Patres
855 3121 949 3190 qui
994 3120 1188 3176 Nicaeae
1217 3131 1612 3190 convenerunt,
1645 3140 1752 3180 non
1777 3141 1998 3194 corpus,
2032 3142 2074 3199 ο

428 3211 526 3267 sed
565 3213 742 3282 ipsum
779 3211 974 3267 Filium
1021 3213 1279 3269 dixerunt
1308 3231 1429 3270 esse
1457 3214 1604 3270 Patri
1639 3219 2000 3275 consubstan-

431 3303 635 3368 tialem,
672 3302 897 3359 ethunc
927 3305 1148 3374 quidem
1189 3321 1256 3360 ex
1294 3308 1597 3362 substantia
1648 3308 1848 3376 Patris,
1878 3327 2004 3366 cor-

429 3411 534 3465 pus
561 3411 688 3450 vero
729 3411 795 3450 ex
850 3395 1022 3451 Maria
1058 3412 1178 3452 esse
1210 3413 1278 3453 ex
1329 3397 1625 3469 Scripturis
1654 3402 1779 3457 item
1815 3404 2001 3459 decla-

429 3494 645 3540 rarunt.
683 3484 1048 3552 Quamobrem
1090 3498 1183 3542 aut
1211 3486 1482 3544 Nicaenam
1528 3492 1807 3561 repudiate
1839 3507 2004 3564 syno-

430 3582 586 3649 dum,
618 3575 672 3637 et
701 3592 888 3652 utpote
935 3581 1196 3649 haeretici,
1233 3585 1348 3640 haec
1385 3585 1561 3640 aliena
1596 3587 1872 3642 inducite:
1909 3599 2003 3643 aut

431 3675 478 3730 si
512 3675 679 3730 vultis
707 3674 929 3730 Patrum
963 3676 1180 3732 illorum
1229 3678 1325 3732 lilii
1363 3695 1504 3742 esse,
1538 3695 1604 3734 ne
1634 3679 1904 3736 diversam
1934 3681 2003 3736 ab

430 3783 621 3824 eorum
676 3769 895 3840 scriptis
925 3771 1249 3825 sententiam
1273 3773 1684 3828 consectemini.
1715 3771 1827 3830 Hac
1859 3791 2002 3844 quo-

431 3875 538 3930 que
568 3861 778 3916 ratione
805 3861 936 3917 illud
964 3871 1181 3932 quantae
1215 3863 1285 3918 sit
1317 3863 1672 3921 absurditatis
1698 3866 1959 3922 advertite
1985 3885 1998 3921 :

431 3951 480 4006 si
514 3949 750 4007 Verbum
785 3945 1024 4024 corpori,
1063 3956 1208 4025 quod
1256 3972 1323 4010 ex
1372 3965 1516 4012 terra
1575 3968 1824 4013 naturam
1859 3971 2003 4016 tenet

433 4058 614 4108 suam,
640 4053 722 4100 est
747 4047 1233 4114 consubstantiale,
1272 4057 1326 4102 et
1365 4049 1582 4104 aliunde
1627 4049 1864 4106 Verbum
1916 4052 2004 4106 iti-

432 4132 579 4198 dem,
607 4136 762 4204 juxta
796 4133 1020 4192 Patrum
1053 4138 1478 4206 confessionem,
1530 4150 1614 4196 est
1667 4141 1814 4198 Patri
1872 4159 2004 4198 con-

433 4226 832 4295 substantiale;
888 4230 1005 4300 ipse
1054 4230 1214 4286 Pater
1269 4235 1487 4300 corpori
1536 4250 1603 4289 ex
1657 4243 1800 4291 terra
1860 4235 2004 4291 facto

431 4316 916 4374 consubstantialis
948 4321 1072 4374 erit.
1101 4320 1307 4392 Ecquid
1336 4324 1475 4377 ultra
1505 4324 1738 4382 Arianos
1767 4326 2002 4382 insecte-

433 4409 589 4476 mini,
618 4411 762 4480 quod
795 4411 980 4466 dicant
999 4411 1194 4467 Filium
1228 4431 1348 4470 esse
1374 4425 1704 4482 creaturam,
1737 4434 1860 4474 cum
1898 4419 2001 4489 ipsi

2121 523 2390 593 αἱρετικοὶ
2444 523 2760 594 νομισθῶσι.
2811 525 2891 578 Τά
2949 525 3059 598 γὰρ
3116 527 3380 598 εἰρημένα
3411 527 3521 600 (10)
3570 529 3699 586 οὔτε

2120 613 2286 669 λεκτὰ
2321 614 2442 669 οὔτε
2472 617 2714 670 ἀκουστά
2756 617 2908 690 παρά
2941 620 3314 691 Χριστιανοῖς,
3359 621 3494 676 ἀλλά
3533 623 3695 677 ἀλλό-

2118 723 2245 778 τρια
2271 708 2411 761 κατά
2441 708 2618 762 πάντα
2661 709 2858 782 τρόπον
2898 713 2995 782 τῆς
3036 712 3396 783 ἀποστολικῆς
3439 714 3702 770 διδασκα-

2119 797 2257 864 λίας.
2318 800 2418 854 Διὰ
2473 801 2632 854 τοῦτο
2681 801 2812 869 γοῦν
2854 801 3008 872 κάγὼ
3057 803 3128 856 τὰ
3166 807 3294 878 παρ’
3346 807 3590 874 ἐκείνων,
3619 809 3697 872 ὡς

2119 889 2443 962 προείρηται
2479 891 2616 962 (11),
2675 894 3018 964 ἐγγραφῆναι
3057 896 3279 967 γυμνῶς
3320 899 3592 970 πεποίηκα
3623 903 3693 973 τῇ

2117 981 2399 1054 ἐπιστολῇ,
2439 984 2523 1036 ἵνα
2550 984 2642 1038 καὶ
2675 985 2833 1055 μόνον
2861 989 2890 1039 6
2916 986 3128 1042 ἀκούων
3168 988 3343 1061 θεωρῇ
3381 991 3480 1063 τὴν
3515 995 3573 1045 ἐν
3602 995 3696 1046 αύ-

2115 1079 2229 1139 τοῖς
2287 1077 2548 1149 αἰσχύνην
2598 1081 2691 1132 καὶ
2739 1079 3013 1134 ἀσέϐειαν.
3063 1084 3172 1136 Καὶ
3216 1086 3264 1136 εί
3311 1085 3405 1138 καὶ
3453 1085 3560 1139 ἔδει
3604 1086 3695 1142 διὰ

2116 1167 2376 1221 πλειόνων
2424 1173 2750 1241 κατηγορεῖν
2783 1172 2876 1224 καὶ
2914 1171 3210 1244 διελέγχειν
3241 1175 3349 1247 (12)
3385 1177 3482 1249 τὴν
3516 1180 3692 1251 ἀφρο-

2117 1258 2283 1324 σύνην
2313 1260 2420 1313 τῶν
2449 1261 2516 1314 τά
2546 1261 2769 1316 τοιαῦτα
2806 1265 3114 1334 νοσησάντων
3140 1284 3154 1297 ·
3198 1267 3332 1325 ἀλλὰ
3376 1269 3537 1324 καλὸν
3583 1272 3692 1336 ἕως

2113 1351 2315 1406 τούτων
2346 1350 2605 1426 εἶναιτὴν
2637 1356 2922 1428 ἐπιστολὴν
2945 1399 2959 1422 ,
2997 1359 3092 1413 καὶ
3134 1361 3298 1430 μηδὲν
3334 1362 3515 1418 πλεῖον
3551 1363 3695 1436 γρά-

2111 1461 2235 1513 φειν
2255 1459 2268 1474 ⁸
2310 1446 2378 1500 τὰ
2423 1447 2532 1519 γὰρ
2579 1447 2722 1502 οὕτω
2755 1450 3002 1521 φανερῶς
3031 1451 3355 1526 δεικνύμενα
3388 1455 3568 1525 φαῦλα
3596 1475 3691 1526 γυ-

2115 1535 2336 1606 μνάζειν
2365 1538 2458 1590 ἐπὶ
2493 1538 2672 1593 πλεῖον
2710 1541 2803 1592 καὶ
2849 1543 3303 1612 περιεργάζεσθαι
3361 1545 3422 1597 οὐ
3462 1546 3560 1610 δεῖ,
3599 1547 3687 1600 ἵνα

2115 1627 2190 1698 μὴ
2225 1629 2336 1690 τοῖς
2366 1628 2757 1698 φιλονεικοῦσιν
2777 1631 2854 1695 ὡς
2873 1633 3148 1703 ἀμφίϐολα
3168 1636 3394 1708 νομισθῇ
3421 1657 3434 1669 ·
3467 1640 3501 1710 ἢ
3529 1640 3688 1694 τοῦτο

2117 1718 2277 1788 μόνον
2329 1721 2727 1792 ἀποκρίνασθαι
2765 1723 2901 1793 πρὸς
2933 1725 3002 1778 τὰ
3043 1726 3297 1793 τοιαῦτα,
3338 1731 3432 1782 καὶ
3463 1733 3638 1785 εἰπεῖν
3667 1748 3682 1761 ·

2045 1780 2086 1836 Β
2117 1780 2330 1882 νἈρκεῖ,
2373 1812 2455 1865 ὅτι
2479 1780 2584 1866 οὐκ
2625 1813 2740 1867 ἐστι
2769 1780 2941 1869 ταῦτα
2970 1816 3071 1886 τῆς
3111 1780 3420 1891 Καθολικῆς
3458 1822 3687 1895 Ἐκκλη-

2117 1903 2257 1970 σίας,
2291 1904 2411 1958 οὐδὲ
2439 1905 2606 1960 ταῦτα
2644 1909 2692 1960 oi
2730 1908 2970 1980 Πατέρες
3007 1909 3332 1981 ἐφρόνησαν.
3361 1913 3482 1967 Ἵνα
3509 1914 3563 1966 δὲ
3609 1919 3683 1986 μὴ

2114 1998 2178 2051 ἐκ
2206 1998 2306 2069 τῆς
2337 1998 2518 2053 τέλεον
2565 2001 2774 2072 σιωπῆς
2826 2003 3095 2074 πρόφασιν
3142 2005 3525 2076 ἀναισχυντίας
3570 2009 3683 2080 (15)

2113 2094 2326 2156 ἑαυτοῖς
2364 2094 2411 2145 oi
2440 2093 2548 2149 τῶν
2575 2095 2759 2148 κακῶν
2801 2097 3088 2168 ὲφευρεταὶ
3129 2098 3490 2170 πορίσωνται,
3520 2100 3682 2154 καλὸν

2111 2185 2177 2236 ἐκ
2209 2184 2318 2238 τῶν
2350 2185 2508 2239 θείων
2540 2186 2770 2258 Γραφῶν
2797 2188 2952 2258 ὀλίγα
2979 2191 3346 2262 μνημονεῦσαι
3371 2209 3385 2224 ο
3414 2193 3556 2264 τάχα
3579 2193 3681 2248 κᾶν

2111 2275 2282 2340 οῦτως
2313 2277 2646 2344 αἰδεσθέντες
2675 2280 2987 2336 παύσωνται
3008 2284 3115 2337 ἀπὸ
3146 2283 3253 2338 τῶν
3286 2285 3542 2357 ῥυπαρῶν
3566 2287 3684 2340 τού·

2111 2386 2218 2422 των
2246 2370 2517 2426 ἐπινοιῶν.

2179 2458 2234 2512 4.
2291 2461 2461 2514 Πόθεν
2502 2462 2630 2533 ὑμῖν
2679 2465 2916 2535 ἐπῆλθεν
2971 2467 3148 2520 εἰπεῖν
3201 2467 3355 2540 (14),
3405 2464 3452 2523 ὦ
3509 2464 3679 2537 οὗτοι,

2109 2553 2395 2623 όμοούσιον
2448 2551 2588 2610 εἶναι
2631 2559 2694 2612 τὸ
2735 2559 2891 2630 σῶμα
2925 2560 3024 2631 τῆς
3061 2559 3154 2614 τοῦ
3197 2563 3370 2631 Λόγου
3432 2563 3685 2635 θεότητος

2113 2643 2256 2716 (ἀπὸ
2285 2646 2395 2718 γὰρ
2420 2646 2609 2700 τούτου
2636 2648 2800 2702 καλόν
2829 2652 2977 2702 ἐστιν
3009 2650 3297 2724 ἄρξασθαι,
3329 2653 3416 2706 ἵνα
3435 2692 3450 2716 ,
3492 2653 3679 2708 τούτου

2109 2737 2455 2810 δεικνυμένου
2490 2740 2711 2812 σαθροῦ,
2748 2742 2842 2795 καὶ
2875 2743 3052 2796 πάντα
3078 2743 3146 2796 τὰ
3170 2743 3304 2797 ἄλλα
3331 2743 3552 2798 τοιαῦτα
3574 2745 3682 2799 δει-

2110 2830 2286 2902 xiiii);
2335 2833 2467 2886 ’Λπὸ
2515 2833 2612 2905 μὲν
2657 2829 2749 2887 οὖν
2787 2833 2896 2886 τῶν
2938 2833 3095 2888 θείων
3141 2835 3374 2908 Γραφῶν
3405 2838 3505 2890 οὐκ
3533 2837 3680 2891 ἐστιν

2108 2923 2307 2994 εὑρεῖν,
2331 2923 2463 2978 Θεὸν
2497 2924 2606 2998 γὰρ
2645 2928 2702 2979 ἐν
2735 2927 3057 2999 ἀνθρωπίνῳ
3092 2927 3304 3000 σώματι
3345 2929 3561 2998 λέγουσι
3588 2947 3681 2998 γε-

2107 3014 2339 3083 γονέναι.
2379 3016 2538 3070 Ἀλλὰ
2562 3017 2671 3091 γὰρ
2699 3019 2808 3090 (15)
2834 3019 2927 3074 καὶ
2957 3021 3006 3074 οἱ
3027 3021 3287 3094 Πατέρες,
3315 3023 3364 3074 οξ
3394 3023 3451 3076 ἐν
3476 3023 3682 3094 Νικαίίι

2109 3106 2449 3172 συνελθόντες
2471 3109 2532 3162 ού
2565 3109 2626 3163 τὸ
2663 3110 2842 3182 σῶμα,
2875 3112 2989 3166 ἀλλ’
3021 3114 3182 3167 αὐτὸν
3213 3115 3303 3168 τὸν
3333 3114 3462 3168 Υἱὺν
3484 3115 3679 3187 ὀμοού-

2113 3217 2224 3254 σιον
2280 3202 2533 3273 εἰρήκασι
2573 3202 2667 3256 τοῦ
2697 3205 2930 3275 Πατρὸς,
2975 3206 3070 3260 καὶ
3097 3205 3286 3261 τοῦτον
3332 3207 3435 3279 μὲν
3474 3211 3539 3262 ἐκ
3580 3207 3682 3277 τῆς

2107 3289 2294 3353 οὐσίας
2313 3289 2406 3343 τοῦ
2449 3293 2682 3364 Πατρδς,
2711 3293 2770 3346 τὸ
2801 3295 2858 3348 δὲ
2889 3294 3045 3366 σῶμα
3075 3297 3138 3348 ἐκ
3162 3296 3379 3367 Μαρίας
3399 3297 3679 3368 ὡμολόγη-

2112 3398 2211 3435 σαν
2255 3377 2394 3436 εἷναι
2440 3383 2601 3438 πάλιν
2643 3385 2784 3440 κατά
2831 3386 2930 3450 τὰς
2959 3387 3183 3459 Γραφάς
3219 3389 3354 3458 (16).
3395 3389 3460 3443 Ἣ
3503 3391 3680 3444 τοίνυν

2109 3475 2420 3546 ἀρνήσασθε
2441 3474 2554 3549 ’τὴν
2595 3480 2653 3532 ἐν
2685 3477 2886 3552 Νικαίᾳ
2922 3480 3156 3546 σύνοδον,
3191 3484 3284 3536 καὶ
3312 3482 3389 3547 ὡς
3419 3485 3681 3554 αἱρετικοὶ

2109 3572 2508 3644 παρεισφέρετε
2543 3573 2715 3628 ταῦτα
2735 3591 2748 3604 ·
2779 3574 2834 3646 ἢ,
2870 3576 2917 3627 εί
2950 3574 3201 3644 βούλεσθε
3228 3578 3392 3632 τέκνα
3425 3579 3533 3632 τῶν
3569 3579 3679 3634 Πα-

2109 3664 2285 3735 τέρων
2307 3661 2468 3730 εἶναι,
2497 3667 2572 3737 μὴ
2600 3671 2843 3740 φρονεῖτε
2877 3671 3003 3738 παρ’
3027 3672 3230 3736 ἐκεῖνα,
3269 3672 3412 3744 ἅπερ
3439 3671 3680 3744 ἔγραψαν

2110 3757 2264 3810 αὐτοί
2293 3758 2422 3829 (17).
2455 3759 2564 3811 Καὶ
2579 3759 2686 3831 γὰρ
2726 3761 2820 3814 καὶ
2841 3763 2905 3815 ἐκ
2934 3763 3123 3816 τούτου
3149 3764 3210 3817 τὸ
3235 3764 3434 3819 ἄτοπον
3458 3764 3680 3838 θεωρεῖν

2111 3849 2256 3919 ὑμᾶς
2286 3848 2493 3915 ἔξεστιν
2517 3868 2532 3884 ο
2564 3854 2611 3905 εί
2643 3853 2927 3923 ὁμοούσιος
2968 3856 2996 3908 6
3027 3855 3199 3923 Λόγος
3219 3855 3296 3926 τῷ
3331 3855 3541 3926 σώματι
3574 3857 3679 3926 (18)

2111 3943 2176 3994 ἐκ
2205 3943 2309 4012 γῆς
2346 3941 2522 4012 ἔχοντι
2547 3944 2645 4015 τὴν
2684 3945 2875 4014 φύσιν,
2911 3947 3191 4016 ὁμοούσιος
3236 3947 3292 4001 δὲ
3331 3946 3360 3998 6
3397 3949 3568 4018 Λόγος
3607 3947 3681 4019 τῷ

2110 4034 2288 4104 Πατρὶ
2323 4035 2462 4089 κατὰ
2499 4035 2596 4108 τὴν
2643 4038 2753 4090 τῶν
2807 4039 3064 4110 Πατέρων
3113 4039 3442 4109 ὁμολογίαν
3492 4041 3682 4112 ὁμοσύ-

2113 4141 2226 4190 σιος
2254 4126 2406 4180 ἔσται
2445 4129 2538 4181 καὶ
2561 4129 2722 4193 αὐτὸς
2750 4132 2778 4183 6
2811 4131 3000 4203 Πατὴρ
3031 4131 3108 4203 τῷ
3136 4132 3346 4204 σώματι
3378 4134 3456 4206 τῷ
3485 4138 3550 4188 ἐκ
3581 4135 3682 4205 γῆς

2111 4219 2410 4290 γενομένῳ.
2460 4221 2570 4273 Καὶ
2599 4221 2651 4274 τί
2681 4221 2761 4274 ἔτι
2805 4223 3083 4294 μέμφεσθε
3127 4229 3238 4289 τοῖς
3279 4226 3576 4298 ’Λρειανοῖς
3606 4227 3682 4280 λέ-

2110 4328 2266 4380 γουσι
2290 4312 2382 4366 τὸν
2419 4313 2546 4366 Υἱὸν
2585 4315 2811 4385 κτίσμα,
2848 4316 3101 4385 λέγοντες
3128 4319 3280 4372 αὐτοὶ
3313 4321 3407 4372 καὶ
3441 4320 3556 4392 (19)
3591 4322 3681 4375 τὸν

2111 4404 2330 4472 Πατέρα
2374 4405 2658 4474 όμοούσιον
2702 4410 2816 4470 τοῖς
2863 4407 3164 4479 κτίσμασι;
3221 4411 3315 4464 καὶ
3363 4413 3443 4474 είς
3493 4413 3680 4484 ἑτέραν

434 4500 649 4556 Patrem
690 4503 851 4558 rebus
882 4506 1081 4562 creatis
1128 4521 1251 4562 esse
1298 4511 1819 4566 consubstantialem
1867 4510 2008 4565 aﬂir—

2116 4495 2367 4551 ἀσέϐειαν
2417 4499 2844 4569 μετερχόμενοι,
2881 4502 3180 4570 φάσκοντες
3227 4506 3306 4568 είς
3353 4505 3554 4576 σάρκα,
3590 4506 3681 4559 καὶ

435 4594 616 4662 metis,
651 4605 704 4651 et
741 4596 796 4650 in
849 4599 1012 4653 aliam
1055 4599 1385 4670 impietatem
1418 4613 1764 4660 transeuntes
1789 4605 2003 4672 dicatis,

435 4687 491 4740 in
515 4701 757 4755 carnem,
793 4703 942 4750 ossa,
977 4691 1221 4759 capillos,
1259 4707 1456 4749 nervos
1482 4702 1536 4748 et
1570 4695 1623 4748 in
1677 4705 1850 4750 totum
1880 4711 2007 4752 cor-

434 4791 538 4845 pus
585 4793 909 4834 conversum
953 4794 1076 4836 esse
1123 4778 1384 4850 Verbum,
1433 4793 1488 4838 et
1518 4800 1547 4839 a
1579 4787 1800 4856 propria
1831 4799 2008 4842 muta-

433 4981 870 5108 MVStizeguet'.
904 4993 958 5042 et
989 4984 1207 5057 Epiph.,
1239 4988 1597 5061 ὀνομασθῶσι.
1629 4991 1711 5044 Τὰ
1743 4992 1852 5067 γὰρ
1878 5012 2010 5067 προ-

791 5124 1015 5198 Seguer.
1051 5129 1268 5187 Gobler.
1310 5142 1365 5187 et
1392 5131 1632 5188 Felckm.
1669 5134 1717 5190 1.
1746 5132 1801 5188 In
1825 5135 2006 5201 editis,

434 5195 896 5348 ῗῆῗέῗῗριιίδὲηι
941 5274 1550 5348 λωεεημκατηγορῆσαι
1599 5276 1694 5348 κέιὶ
1743 5277 2006 5348 ἐλέγχειν·

435 5337 579 5404 Mox,
607 5337 735 5414 τῶν(
745 5339 918 5414 ταῦτα
937 5337 1342 5414 διανοηθέντωνξ
1368 5337 1584 5400 ϐοὺιρν.
1616 5346 1795 5401 Felck.
1834 5337 2014 5414 Πεθ-

435 5421 666 5490 guer._et
697 5408 913 5490 Epiph,
941 5413 1043 5490 τὴν
1070 5408 1176 5468 τῶν
1198 5416 1382 5490 τιξῦταΔ
1403 5408 2013 5490 διανοηθέντωζαίσχύ-

437 5497 554 5558 νην.
592 5479 1210 5558 Μρ-κηερὶριιτμεεειιεν.
1244 5483 1404 5558 Basil.
1439 5479 1655 5558 Gobler.
1687 5499 1741 5544 et
1774 5479 2009 5558 Felcff,

439 5550 618 5602 πλέον.
646 5549 789 5604 Editi
813 5549 868 5608 et
893 5554 1006 5621 alii,
1033 5549 1233 5612 πλεῖον.
1264 5555 1408 5612 Infra
1433 5557 1658 5630 Seguer.
1686 5561 1857 5628 solus,
1885 5549 2012 5616 ἀποί

435 5620 728 5691 κρίνεσθαι.

435 5689 620 5813 ᾦέίὸ)
653 5691 878 5764 Seguer.
906 5695 1056 5752 solus
1110 5698 1510 5770 ἀναισχυντίας.
1555 5701 1682 5772 Alii,
1713 5703 2007 5778 ἀναίσχυν-

2105 4588 2290 4651 όστέα,
2319 4589 2634 4662 καὶτρίχας,
2666 4593 2758 4645 καὶ
2787 4591 2973 4664 νεῦρα,
2991 4595 3085 4647 καὶ
3101 4594 3219 4649 ὅλον
3239 4596 3300 4648 τὸ
3322 4596 3482 4666 σῶμα
3515 4615 3682 4668 μετα-

2111 4680 2409 4752 ϐεϐλῆσθαι
2470 4683 2562 4736 τὸν
2631 4683 2822 4753 Λόγον,
2857 4687 2950 4738 καὶ
2983 4685 3244 4757 ἠλλάχθαι
3277 4687 3375 4758 τῆς
3417 4689 3555 4752 ἰδίας
3585 4689 3680 4758 φύ-

2115 4789 2274 4836 σεως.
2307 4773 2449 4846 Ὥρα
2474 4772 2582 4845 γὰρ
2612 4774 2756 4845 ὑμᾶς
2787 4776 3036 4849 φανερῶς
3078 4779 3251 4832 εἰπεῖν
3285 4781 3349 4833 ἐκ
3387 4779 3492 4850 γῆς
3523 4780 3681 4833 αύτδν

2181 4999 2292 5072 (14)
2326 4997 2669 5074 $eguerian.,
2703 5000 2873 5074 ῌόθεν
2917 5003 3077 5074 ὑμῖν,
3116 4995 3160 5056 ὦ
3201 4997 3366 5068 οὗτοι,
3402 5007 3595 5058 εἰπεῖν.
3628 5003 3680 5059 In

2109 5070 2300 5144 eodem
2331 5070 2472 5144 infra
2498 5077 2620 5144 post
2645 5070 2839 5144 καλόν,
2865 5070 3223 5144 non_legitur,
3248 5076 3416 5129 ἐστιν.

2183 5140 2455 5216 (15)-Γάρ
2485 5139 2637 5216 deest
2669 5142 2720 5195 in
2757 5143 2937 5199 editis.
2976 5139 3232 5200 Ex'mss.
3263 5144 3490 5216 Seguer.
3517 5144 3682 5201 Basil.

2110 5222 2165 5268 et
2192 5210 2784 5282 Anglie._restituimus.

2188 5279 2307 5351 (16)
2329 5280 2490 5354 Θείας
2530 5279 2783 5353 Γραφάς,
2819 5283 2870 5339 in
2907 5281 3128 5354 Seguer.
3175 5284 3338 5342 Basil.
3381 5287 3598 5343 Gobler.
3633 5293 3685 5340 et

2111 5353 2516 5494 Ἐθῧιῆῃίλόέυξ
2543 5421 2744 5494 citatus
2769 5418 2981 5479 in'dial.
3019 5423 3308 5482 Theoriani
3343 5427 3462 5482 adv.
3494 5427 3686 5481 Arme-

2115 5491 2236 5579 nos,
2261 5491 2392 5579 tom.
2423 5491 2442 5545 l
2478 5491 2621 5549 Bibl.
2652 5491 2821 5551 erc.
2855 5494 2973 5548 PP.
3000 5511 3053 5566 p.
3077 5496 3201 5563 417,
3229 5497 3421 5569 Epiph.
3445 5499 3556 5552 Καὶ
3579 5497 3685 5567 γὰρ

2114 5567 2546 5719 ἑῗᾶἷῗὲἶύιω.
2580 5631 2816 5692 Felckm.
2851 5636 2914 5702 t,
2947 5638 2994 5689 εί
3026 5637 3305 5708 ὀμοούσιον
3337 5637 3416 5710 τῷ
3448 5638 3606 5710 Α⁶τῳ
3627 5635 3685 5691 τδ

2115 5722 2295 5777 σωμα.

2187 5776 2296 5848 (19)
2328 5773 2436 5830 Καί
2466 5775 2616 5833 deest
2642 5773 2696 5833 itt
2731 5774 2892 5834 Basil.
