3992 6230
347 312 488 368 1037

1518 309 1854 367 EPISTOLA
1895 312 1984 366 AD
2034 308 2432 366 El’ICTETUM

3459 314 3600 374 1058

345 434 674 507 γεγενῆσθαι
704 449 718 464 ·
764 436 830 489 ὲκ
863 436 966 506 γῆς
997 434 1107 508 γὰρ
1135 435 1248 508 (20)
1279 437 1388 490 τῶν
1420 437 1625 492 ὀστέων
1673 437 1768 491 καὶ
1796 437 1902 490 ὅλοι

2023 449 2138 494 tum
2191 455 2314 496 esse
2361 441 2595 496 natura?
2632 439 2822 496 Restat
2875 438 3019 493 enim
3052 445 3112 492 ut
3168 445 3353 508 aperte
3399 436 3601 494 dicatis

339 528 438 584 τοῦ
469 527 718 600 σώματος
740 528 918 598 φύσις.
950 529 1046 593 Τίς
1063 523 1156 583 οὖν
1179 532 1212 601 ἠ
1239 530 1472 602 τοσαύτη
1495 530 1918 604 παραφροσύνη,

343 621 434 674 ἵνα
474 621 569 674 καὶ
617 621 754 692 πρὸς
799 623 1026 685 ἑαυτοὺς
1063 621 1442 694 διαμάχησοε;
1488 621 1775 694 ὁμοούσιον
1823 623 1919 694 μὲν

338 713 451 784 γὰρ
488 712 737 781 λέγοντες
775 715 865 767 τὸν
899 715 1069 782 Λόγον
1113 713 1190 785 τῷ
1231 713 1444 786 σώματι
1479 753 1494 778 ,
1550 715 1736 786 ἓτερον
1785 716 1922 786 πρὸς

339 806 528 875 ἕτερον
571 805 862 876 σημαίνετε
893 806 1033 878 (21)·
1065 807 1127 860 τὸ
1151 807 1207 860 δὲ
1233 810 1313 870 εἰς
1352 807 1530 878 σάρκα
1585 807 1919 878 μεταϐεϐλῆ-

341 899 468 950 σθαι
505 897 668 950 αὑτοῦ
697 897 792 952 τοῦ
816 899 990 968 Λόγου
1030 900 1238 972 τροπὴν
1271 899 1628 970 φαντάζεσθε.
1683 901 1793 954 Καὶ
1837 901 1921 964 τίς

337 991 422 1044 ἔτι
453 991 637 1044 λοιπὸν
680 991 834 1061 ὑμῶν
881 991 1127 1059 ἀνέξεται
1157 993 1326 1047 ταῦτα
1356 993 1450 1047 καὶ
1500 993 1660 1064 μόνον
1691 993 1920 1064 φθεγγο-

342 1083 558 1152 μένων;
613 1083 804 1154 Πάσης
855 1084 962 1155 γὰρ
1011 1085 1276 1156 αἱρέσεως
1325 1085 1484 1138 πλέον
1540 1087 1620 1148 εἰς
1662 1085 1920 1140 ἀσέϐειαν

333 1171 668 1238 ἐξεκλίνατε.
715 1173 778 1226 Ei
829 1174 936 1244 γὰρ
975 1173 1257 1244 ὀμοούσιος
1297 1176 1325 1228 ὁ
1358 1175 1530 1244 Λόγος
1562 1173 1640 1246 τῷ
1682 1174 1916 1248 σώματι,

334 1265 566 1337 περιττὴ
595 1266 692 1336 τῆς
715 1267 934 1339 Μαρίας
959 1269 990 1338 ἡ
1014 1267 1202 1340 μνήμη
1233 1268 1326 1322 καλ¹
1359 1270 1390 1340 ἡ
1421 1268 1532 1340 (9.2)
1561 1268 1738 1340 χρεία,
1766 1269 1918 1322 δυνα-

335 1356 502 1427 μένου
541 1357 634 1409 τοῦ
685 1355 936 1429 σώματος
981 1353 1120 1412 εἷναι
1164 1359 1260 1412 καὶ
1309 1357 1415 1432 πρὸ
1457 1361 1679 1432 Μαρίας
1724 1361 1915 1428 ἀΐδιος,

329 1449 522 1522 ὥσπερ
555 1446 649 1503 οὖν
679 1451 912 1505 ἐστικαὶ
942 1453 1105 1516 αὐτὸς
1132 1454 1161 1506 6
1193 1452 1364 1521 Λόγος
1385 1469 1398 1482 ·
1433 1451 1487 1504 εἴ
1514 1469 1576 1522 γε
1612 1453 1734 1506 καθ’
1770 1453 1916 1524 ὑμᾶς

318 1540 618 1613 -ὀμοούσιός
644 1544 758 1595 ἐστι
800 1541 880 1613 τῷ
929 1541 1158 1613 σώματι.
1195 1543 1291 1607 Τίς
1319 1544 1376 1598 δὲ
1410 1545 1502 1597 καὶ
1547 1545 1582 1614 ἡ
1626 1543 1788 1615 χρεία
1815 1544 1914 1614 τῆς

331 1633 626 1704 ἐπιδημίας
651 1632 743 1687 τού
775 1635 969 1703 Λόγου,
998 1635 1085 1690 ἵνα
1113 1635 1146 1706 ἢ
1179 1635 1240 1689 τὸ
1272 1635 1467 1689 ἑαυτοῦ
1495 1635 1780 1707 ὀμοούσιον
1824 1639 1913 1690 ὲν-

313 1726 584 1797 οδύσηται,
609 1727 666 1800 ἢ,
693 1728 923 1799 τραπεὶς
949 1728 1056 1782 ἀπὸ
1081 1727 1191 1800 (9.5)
1217 1732 1315 1801 τῆς
1333 1729 1470 1792 ἰδίας
1487 1728 1722 1798 φύσεως,
1757 1728 1914 1800 σῶμα

2023 532 2200 602 ipsum
2249 549 2314 588 ex
2368 542 2512 588 terra
2561 531 2764 588 factum
2809 530 2980 586 fuisse
3014 547 3028 584 :
3061 545 3130 584 ex
3158 539 3302 584 terra
3331 530 3474 585 enim
3505 546 3600 587 os-

2023 627 2166 681 sium
2227 627 2500 696 totiusque
2547 625 2794 696 corporis
2841 631 3034 678 natura
3089 624 3356 693 originem
3418 625 3592 678 ducit.

2024 719 2282 785 Quaenam
2333 721 2500 790 igitur
2548 720 2666 776 lizec
2713 727 2864 773 tanta
2907 718 3181 772 dementia
3216 728 3276 772 ut
3309 718 3596 772 vobiscum

2020 813 2120 882 ipsi
2169 813 2466 884 pugnetis?
2497 813 2626 868 dum
2679 813 2825 868 enim
2872 811 3058 868 dicitis
3090 809 3330 866 Verbum
3378 811 3595 882 corpori

2019 919 2144 960 esse
2193 905 2682 968 consubstantiale,
2732 905 2962 958 alterum
2995 919 3120 958 cum
3149 903 3321 958 altero
3354 903 3593 960 conferri

2019 995 2337 1064 significatis
2375 1016 2388 1052 :
2445 1013 2570 1052 cum
2609 1011 2742 1052 vero
2795 997 2852 1051 in
2905 1011 3126 1050 carnem
3161 1003 3430 1050 mutatum
3471 1011 3598 1052 esse

2019 1087 2322 1156 allirmatis,
2352 1089 2454 1160 ipsi
2492 1087 2669 1144 Verbo
2695 1091 3052 1143 mutationem
3080 1086 3357 1158 alliugitis.
3392 1085 3595 1156 Ecquis

2017 1197 2113 1236 vos
2146 1182 2289 1236 ultra
2345 1181 2485 1236 ferat
2536 1181 2652 1236 [nec
2685 1181 2770 1236 vel
2800 1179 3046 1251 proferre
3074 1179 3284 1236 ausos?
3331 1177 3595 1233 llaeresim

2015 1273 2216 1342 quippe
2248 1287 2464 1327 omnem
2504 1272 2782 1342 impietate
2815 1271 3138 1341 superastis.
3195 1269 3252 1324 Si
3277 1269 3424 1324 enim
3461 1267 3598 1324 Ver-

2017 1364 2144 1418 bum
2196 1372 2280 1418 est
2327 1363 2544 1432 corpori
2578 1362 3066 1426 consubstantiale,
3101 1361 3376 1430 superﬂua
3425 1360 3597 1416 fuerit

2015 1452 2198 1507 Maria:
2232 1452 2438 1507 mentio
2497 1462 2552 1507 et
2601 1454 2990 1518 ministerium,
3029 1468 3152 1506 cum
3205 1447 3404 1522 corpus
3425 1477 3434 1502 .-
3466 1463 3596 1506 ante

2013 1543 2240 1598 Mariam
2274 1545 2344 1599 ab
2397 1553 2602 1600 aeterno
2634 1559 2754 1599 esse
2785 1545 2980 1613 possit,
3015 1554 3075 1598 ut
3113 1553 3198 1598 est
3233 1544 3410 1613 ipsum
3451 1543 3590 1600 Ver-

2014 1637 2175 1704 bum;
2211 1637 2256 1692 si
2288 1647 2490 1702 tamen,
2532 1647 2594 1692 nt
2636 1653 2734 1692 vos
2779 1637 2984 1701 dicitis,
3013 1637 3478 1692 consubstantiale
3508 1645 3594 1692 est

2013 1729 2558 1800 corpori.‘Qua:nam
2595 1730 2724 1785 item
2759 1731 3057 1786 necessitas
3095 1727 3254 1785 Verbi
3299 1731 3590 1793 adventus,

325 1819 592 1890 χένηται;
629 1819 704 1872 Ού
740 1821 850 1890 γὰρ
878 1818 1076 1889 ἑαυτῆς
1125 1822 1158 1891 ἠ
1207 1819 1397 1891 θεότης
1436 1819 1902 1892 ἐπιλαμϐεῖινεται1

2017 1829 2076 1876 ιιι
2107 1821 2190 1876 vel
2225 1822 2354 1877 illud
2389 1822 2534 1892 quod
2579 1821 2683 1878 sibi
2722 1821 3188 1877 consubstantiale
3214 1831 3354 1885 erat,
3395 1821 3590 1876 indue—

321 1914 419 1965 ἵνα
445 1913 538 1966 καὶ
577 1911 639 1966 τὸ
677 1911 960 1982 ὁμοούσιον
999 1913 1202 1982 ἑαυτῆς
1250 1912 1558 1983 ἐνδύσηται.
1603 1912 1745 1965 Ἀλλ’
1791 1911 1913 1965 οὐδὲ

307 2005 576 2076 ’ἥμαρτεν
600 2005 628 2056 6
653 2004 750 2066 τὰς
789 2003 964 2057 ἄλλων
998 2005 1273 2076 ἁμαρτίας
1316 2004 1677 2076 λυτρούμενος
1715 2005 1909 2072 Λόγος,

309 2098 440 2160 ἵνα,
469 2096 699 2169 τραπεὶς
729 2098 808 2161 εἰς
849 2095 1009 2168 σῶμα
1045 2097 1178 2168 (9.4),
1198 2097 1388 2150 ἑαυτὸν
1429 2097 1570 2170 ὑπὲρ
1604 2097 1799 2151 ἑαυτυῦ
1831 2099 1911 2162 εἰς

307 2190 522 2246 ιθυσίαν
544 2190 912 2264 προσενέγκῃ,
949 2191 1043 2246 καὶ
1069 2191 1260 2246 ἑαυτὸν
1299 2189 1666 2262 λυτρώσηται.

395 2464 456 2520 5.
495 2465 636 2518 Ἀλλ’
677 2465 778 2518 οὐκ
811 2463 958 2520 ἔστιν
996 2465 1202 2530 οὔτως,
1241 2465 1317 2538 μὴ
1358 2465 1598 2536 γένοιτοε
1636 2464 1908 2535 Σπέρμα-

319 2571 431 2623 τος
458 2549 567 2627 γὰρ
594 2557 850 2627 Ἀϐραὰμ
878 2557 1358 2628 ἐπιλαμϐάνεται,
1385 2557 1462 2623 ὡς
1493 2554 1646 2611 εἶπεν
1674 2559 1702 2611 6
1751 2557 1909 2610 Ἀπό-

325 2649 548 2714 στολος·
602 2649 742 2704 ὅθεν
781 2649 1000 2718 ὤφειλε
1039 2651 1190 2706 κατὰ
1226 2649 1422 2704 πάντα
1459 2649 1584 2716 τοῖς
1621 2647 1908 2718 ἀδελφοῖς

321 2743 705 2814 ὁμοιωθῆναι,
739 2743 834 2797 καὶ
863 2743 1047 2796 λαϐεῖν
1080 2743 1264 2814 ὅμοιον
1286 2746 1420 2814 ἡμῖν
1451 2743 1630 2814 σῶμα.
1655 2741 1753 2796 Διὰ
1781 2741 1906 2796 τοῦ-

315 2855 386 2891 το
415 2837 546 2905 γοῦν
573 2837 668 2890 καὶ
699 2837 982 2891 ὑπόκειται
1013 2835 1227 2908 ἁληοῶς
1267 2839 1301 2908 ἡ
1348 2836 1559 2907 Μαρία,
1593 2836 1660 2889 ἵν’
1693 2835 1754 2902 ἐξ
1809 2836 1906 2890 αύ-

317 2930 426 3000 τῆς
445 2929 602 2983 τοῦτο
624 2929 786 3002 λάϐῃ,
819 2930 912 2984 καὶ
945 2930 1021 2994 ὡς
1049 2929 1180 2984 ἴδιον
1209 2929 1351 3002 ὑπὲρ
1389 2928 1548 3000 ἡμῶν
1576 2929 1708 2984 αὐτὸ
1731 2946 1902 3000 προσ-

315 3021 542 3096 ενέγκῃ.
591 3021 702 3075 Καὶ
745 3019 950 3082 ταύτην
983 3022 1012 3073 6
1060 3020 1160 3091 μὲν
1219 3019 1444 3084 Ἡσαΐας
1495 3018 1900 3091 προφητεύων,

315 3109 560 3163 ἐδείκνυε
586 3110 760 3180 λέγων
786 3129 799 3140 ·
850 3109 1003 3166 Ἰδοὺ
1032 3109 1071 3178 ἡ
1102 3109 1404 3179 Παρθένος
1431 3128 1446 3143 ο
1490 3113 1518 3164 6
1567 3110 1626 3163 δὲ
1661 3111 1902 3186 Γαϐριὴλ

315 3201 708 3258 ἀποστέλλεται
742 3201 879 3272 πρὸς
913 3201 1083 3274 αὐτὴν
1113 3203 1212 3274 οὐχ
1231 3201 1417 3267 ἁπλῶς
1442 3203 1578 3274 πρὸς
1613 3202 1728 3274 (25)
1755 3221 1901 3276 παρ-

316 3291 475 3344 οὲνον
495 3329 512 3356 ,
560 3291 742 3346 Ἀλλὰ
807 3291 960 3360 πρὸς
1011 3292 1310 3360 παρθένον
1359 3293 1904 3363 μεμνηστευμένην

313 3383 495 3452 ἀνδρί
516 3399 530 3414 ο
557 3384 626 3436 ἶν’
659 3385 724 3438 ὲκ
741 3384 836 3438 τοῦ
871 3385 1183 3457 μνηστῆρος
1215 3384 1327 3456 (9.6)
1373 3385 1518 3456 δείξῃ
1546 3386 1644 3459 τὴν
1679 3387 1901 3459 Μαρίαν

313 3475 538 3546 ἀληθῶς
568 3475 853 3548 ἄνθρωπον
881 3473 1065 3532 οὖσαν.
1116 3478 1208 3531 Διὸ
1242 3479 1334 3532 καὶ
1371 3477 1465 3531 τοῦ
1517 3479 1724 3532 τίκτειν
1769 3497 1903 3553 μνη-

317 3567 538 3639 μονεύει
576 3572 609 3640 ἡ
646 3570 860 3642 Γραφὴ,
888 3570 983 3624 καί
1011 3587 1176 3641 φησιν
1207 3585 1221 3602 ’
1280 3570 1774 3641 Ἐσπαργάνωσεο
1805 3573 1902 3626 καὶ

313 3662 722 3734 ἐμακαρίζοντο
756 3663 972 3734 μαστοὶ,
1013 3661 1106 3728 οὓς
1137 3663 1391 3736 ἐθήλασε,
1424 3665 1519 3717 καί
1559 3665 1897 3739 προσενέχΘη

314 3753 502 3818 θυσία,
539 3754 615 3818 ὡς
659 3753 1022 3822 διανοίξαντος
1053 3755 1148 3808 τοῦ
1187 3755 1470 3827 τεχθέντος
1499 3757 1600 3828 τὴν
1642 3760 1858 3830 μήτραν
1884 3777 1896 3792 '

308 3844 494 3900 ταῦτα
521 3845 578 3898 δὲ
607 3847 816 3912 πάντα,
849 3847 1140 3920 τικτούσης
1169 3843 1238 3920 ἦν
1271 3848 1548 3922 Παρθένου
1584 3851 1901 3922 γνωρίσμα-

309 3956 404 3992 τα.
443 3940 552 3992 Καὶ
585 3941 614 3992 ὁ
645 3939 886 4012 Γαϐριὴλ
925 3939 984 3994 δὲ
1028 3939 1286 4009 ἀσφαλῶς
1309 3941 1692 4011 εὐηγγελίζετο
1735 3943 1895 4014 αὐτῇ,

309 4033 491 4102 λέγων
533 4033 633 4103 οὐχ
679 4033 886 4100 ἁπλῶς,
937 4033 999 4086 τὸ
1032 4031 1370 4102 γεννώμενον
1411 4033 1481 4086 ἐν
1519 4034 1640 4099 σοὶ,
1685 4035 1771 4088 ἵνα
1822 4035 1896 4108 μὴ

305 4125 512 4191 ἔξωθεν
533 4126 959 4197 ἐπεισαγόμενον
1007 4126 1144 4196 αὐτῇ
1182 4123 1341 4196 σῶμα
1375 4125 1606 4198 νομισθῇ
1637 4143 1650 4157 ·
1683 4126 1796 4180 ἀλλ’
1826 4127 1895 4182 ἐκ

305 4217 450 4282 σοῦ,
477 4217 542 4271 ἵν’
569 4217 627 4284 ἐξ
649 4217 820 4286 αὐτῆς
840 4215 998 4286 φύσει
1013 4215 1074 4269 τὸ
1087 4214 1425 4286 γεννώμενον
1449 4213 1584 4269 εἶναι
1607 4217 1891 4288 πιστευθῇ,

305 4309 559 4380 φανερῶς
587 4311 683 4364 καὶ
720 4309 879 4363 τοῦτο
899 4309 999 4380 τῆς
1033 4308 1248 4378 φύσεως
1273 4307 1644 4380 δεικνυούσης,
1671 4309 1747 4372 ὡς
1773 4309 1894 4364 ἀδύ-

304 4421 470 4458 νατον
501 4403 768 4475 παρθένον
795 4401 984 4475 φέρειν
1002 4401 1142 4472 γάλα
1175 4401 1249 4474 μὴ
1273 4403 1558 4466 τεκοῦσαν,
1583 4403 1677 4458 καὶ
1699 4403 1894 4460 ἀδύνα-

2013 1921 2116 1978 ret,
2151 1914 2236 1968 vel
2271 1923 2540 1969 mutatum
2593 1929 2622 1967 a
2670 1913 2888 1983 propria
2919 1923 3135 1979 natura,
3170 1929 3370 1984 corpus
3414 1913 3593 1968 ellice-

2013 2007 2206 2062 retur?
2237 2005 2356 2061 Non
2397 2008 2540 2062 enim
2581 2005 2816 2074 seipsam
2850 2007 3026 2061 deitas
3053 2004 3310 2068 assumit,
3351 2015 3411 2060 ut
3445 2005 3592 2074 quod

2011 2101 2114 2157 sibi
2161 2100 2626 2156 consubstantiale
2658 2110 2742 2156 est
2779 2100 2986 2155 induat.
3020 2097 3124 2154 Sed
3169 2113 3349 2167 neque
3397 2113 3593 2167 pecca-

2010 2195 2087 2250 vit
2119 2193 2358 2249 Verbum
2386 2193 2530 2264 quod
2579 2195 2814 2248 aliorum
2844 2202 3068 2263 peccata
3097 2192 3346 2256 redemit,
3383 2201 3443 2245 ut
3475 2207 3594 2245 mu-

2013 2291 2182 2337 tatum
2215 2283 2270 2337 in
2305 2298 2504 2352 corpus
2534 2283 2777 2352 scipsum
2817 2298 2918 2352 pro
2950 2281 3132 2352 seipso
3165 2283 3220 2335 in
3256 2281 3589 2337 sacriﬁcium

2013 2375 2250 2440 oﬂ'erret,
2281 2391 2346 2430 ac
2371 2375 2612 2444 scipsum
2653 2374 2967 2429 redimeret.

2079 2464 2132 2520 5.
2169 2464 2273 2518 Sed
2301 2480 2411 2519 non
2440 2466 2512 2519 ita
2537 2481 2596 2521 se
2623 2479 2710 2519 res
2745 2465 2927 2528 habet,
2967 2464 3147 2521 absit:
3203 2480 3354 2528 nam,
3409 2481 3592 2520 senum

2011 2554 2239 2610 Abraluc
2271 2555 2635 2626 apprehendit,
2671 2563 2730 2610 ut
2777 2556 2855 2610 ait
2886 2555 3203 2624 Apostolus,
3237 2555 3375 2608 unde
3409 2555 3590 2609 debuit

2007 2665 2098 2718 per
2125 2648 2304 2701 omnia
2336 2647 2594 2718 fratribus
2617 2648 2846 2701 similari
2866 2648 2956 2713 ⁵⁸⁵,
2993 2657 3046 2702 et
3077 2663 3276 2716 corpus
3307 2662 3590 2702 assumere

2008 2739 2168 2794 nobis
2202 2739 2400 2793 simile.
2431 2737 2728 2808 Propterea
2763 2739 2925 2808 igitur
2949 2738 3106 2792 adest
3137 2752 3266 2792 vere
3312 2736 3484 2792 Maria
3531 2746 3590 2790 ut

2007 2835 2075 2888 ab
2107 2847 2170 2887 ca
2197 2831 2330 2887 illud
2357 2841 2621 2894 assumat,
2655 2841 2710 2886 et
2740 2841 2998 2901 tanquam
3033 2830 3317 2901 proprium
3349 2845 3449 2900 pro
3482 2845 3586 2884 no-

2005 2925 2090 2980 bis
2121 2923 2250 2979 illud
2286 2922 2496 2978 offerat.
2551 2921 2816 2992 Illamque
2853 2921 3022 2978 Isaias
3073 2922 3292 2992 quidem
3329 2922 3590 2976 indicavit

2005 3017 2194 3073 dicens
2217 3016 2286 3071 "z
2321 3015 2456 3070 Ecce
2479 3017 2644 3086 virgo,
2673 3015 2890 3071 Gabriel
2918 3029 3046 3070 vero
3081 3017 3148 3069 ad
3181 3031 3301 3070 eam
3324 3015 3584 3076 mittitur.

2007 3125 2107 3165 nec
2131 3109 2453 3180 simpliciter
2479 3109 2638 3180 723
2665 3109 2732 3164 ad
2774 3110 3060 3182 virginem,
3091 3107 3185 3164 sed
3219 3107 3287 3162 ad
3334 3108 3589 3179 virginem

2005 3203 2381 3271 desponsatam
2408 3203 2518 3255 viro
2538 3201 2606 3256 ³⁵.
2638 3199 2711 3256 Ut
2738 3217 2804 3256 ex
2835 3201 3021 3272 sponsi
3057 3201 3333 3255 mentione
3377 3199 3588 3254 indica-

2005 3305 2089 3350 ret
2116 3295 2342 3350 Mariam
2374 3310 2500 3351 vere
2527 3295 2804 3351 hominem
2833 3309 2977 3350 esse.
3013 3293 3347 3364 Partumque
3371 3308 3586 3349 memo-

2005 3397 2090 3443 rat
2123 3387 2426 3457 Scriptura,
2479 3395 2536 3441 et
2583 3385 2703 3440 ait:
2757 3385 2958 3440 Pannis
3001 3401 3118 3439 eum
3171 3384 3487 3439 involvit":
3523 3397 3588 3438 ac

2004 3484 2159 3538 beata
2205 3483 2644 3553 praedicabantur
2698 3481 2862 3534 ubera
2923 3481 3122 3550 quibus
3171 3480 3288 3549 ipse
3353 3479 3585 3534 laetatus

2002 3574 2175 3638 est",
2221 3583 2276 3628 et
2303 3572 2459 3642 quasi
2505 3581 2664 3639 partu
2701 3570 2913 3624 vulvam
2960 3569 3308 3639 adaperiente
3339 3567 3584 3622 oblatum

2002 3675 2086 3720 cst
2116 3664 2446 3720 sacriﬁcium
2472 3663 2516 3694 ⁵⁷
2545 3680 2558 3716 ι
2585 3663 2700 3717 haec
2725 3671 2909 3716 autem
2949 3662 3130 3716 omnia
3163 3661 3424 3730 parientis
3457 3658 3583 3714 Vir-

2003 3757 2146 3828 ginis
2190 3765 2348 3811 crant
2400 3754 2622 3810 indicia.
2663 3755 2728 3808 Et
2779 3751 2994 3808 Gabriel
3040 3751 3258 3823 quidem
3315 3760 3471 3807 caute
3518 3766 3584 3806 ac

2003 3849 2293 3920 prudenter
2319 3847 2688 3903 annuntiabat
2711 3846 2788 3900 illi
2820 3845 3070 3912 dicendo,
3101 3860 3210 3900 non
3239 3846 3577 3915 simpliciter,

1999 3941 2143 4010 quod
2189 3941 2246 3993 in
2297 3948 2346 3994 te
2411 3949 2688 4005 nascetur,
2723 3953 2792 3992 ne
2841 3937 3186 3992 extrinsecus
3242 3951 3442 4005 corpus
3471 3935 3578 4005 ipsi

2000 4032 2281 4087 inductum
2313 4039 2642 4101 putaretur;
2696 4029 2811 4097 sed,
2842 4043 2908 4082 ex
2939 4029 3068 4096 te”,
3105 4037 3162 4082 ut
3196 4027 3339 4098 qttod
3389 4027 3581 4097 gigne-

2000 4127 2158 4179 batur
2186 4133 2366 4179 ortum
2395 4138 2462 4177 ex
2489 4122 2575 4176 illa
2603 4121 2827 4176 duxisse
2865 4120 3201 4185 crederetur,
3243 4117 3451 4189 liquido
3475 4118 3581 4173 hoc

1997 4219 2177 4287 ipsum
2221 4227 2414 4271 natura
2476 4215 2918 4278 demonstrante,
2975 4230 3191 4286 nempe,
3240 4212 3580 4283 impossibile

1995 4325 2117 4366 esse
2152 4308 2432 4380 Virginem
2469 4308 2605 4362 citra
2650 4318 2868 4376 partum
2917 4306 3003 4362 lac
3044 4306 3284 4362 habere:
3319 4305 3581 4373 impossi-

1995 4403 2104 4458 bile
2138 4403 2264 4458 item
2315 4415 2438 4456 esse
2477 4400 2620 4454 lacte
2664 4397 2864 4453 nutriri
2895 4407 2948 4452 et
2992 4397 3192 4468 pannis
3223 4395 3422 4450 involvi
3457 4410 3580 4452 cor-

302 4515 400 4552 τον
451 4498 684 4567 γάλακτι
726 4499 1002 4570 τραφῆναι
1051 4495 1210 4568 σῶμα
1247 4495 1342 4550 καὶ
1390 4496 1851 4568 σπαργανωθῆναι
1875 4539 1890 4564 ,

2012 4511 2120 4564 ius,
2149 4494 2293 4564 quod
2325 4493 2571 4548 nondum
2601 4491 2838 4546 naturali
2869 4499 3026 4560 partu
3059 4489 3131 4544 sit
3167 4487 3394 4543 editum.
3439 4484 3578 4542 Illud

307 4591 390 4662 μὴ
419 4589 684 4660 πρότερον
713 4587 874 4658 φύσει
915 4585 1126 4658 τεχθέν.
1159 4585 1328 4639 Τοῦτό
1356 4588 1471 4640 ἐστι
1514 4587 1576 4640 τὸ
1619 4605 1891 4660 περιτμη-

303 4684 402 4736 θὲν
450 4683 826 4755 ὀκταήμερονο
876 4681 1035 4736 τοῦτο
1083 4679 1308 4752 Συμεὼν
1358 4683 1438 4745 είς
1487 4681 1585 4746 τὰς
1647 4684 1892 4753 ἀγκάλας

303 4775 526 4841 ἐδέξατο
554 4793 567 4805 ·
602 4774 762 4828 τοῦτο
801 4776 994 4846 γέγονε
1039 4774 1250 4827 παιδίον
1304 4773 1398 4826 καὶ
1447 4773 1674 4845 ηὔξησε,
1723 4773 1885 4828 δωδε-

377 4911 446 4943 ³¹⁶
485 4909 647 4966 Hebr.
677 4927 741 4978 ιι,
773 4907 982 4978 16,17.

303 4983 352 5015 ⁵³
387 4979 523 5038 Luc.
552 4999 590 5049 ι,
618 4975 736 5037 55(
785 4981 834 5013 ⁵⁵
861 4977 992 5034 Luc.
1029 4993 1090 5044 ιι,
1125 4975 1320 5032 21-42.

377 5122 492 5194 (20)
533 5121 636 5194 Ἐκ
660 5119 936 5194 γῆςῃγιίιρἐ
967 5114 1454 5194 Gobler._Felck_m.
1496 5115 1546 5194 l_,
1577 5113 1797 5194 Seguer.
1833 5125 1887 5194 et

301 5185 504 5266 Epieli-
531 5185 732 5266 Eant."
751 5185 847 5244 ἐίς
876 5185 972 5266 es
1004 5189 1116 5266 I359.
1159 5186 1264 5255 γῆς
1296 5185 1436 5266 «sec.
1474 5186 1668 5266 αὐτος
1691 5186 1885 5266 iter?-

299 5256 496 5338 χήσβξρ
519 5261 804 5338 ἐμωύσιργ
843 5256 972 5338 γάερ·
1006 5256 1206 5338 ibid?“
1261 5257 1369 5327 γάρ
1398 5256 1555 5338 ,ἀείἓδί
1593 5257 1650 5338 ἔτι
1685 5256 1884 5338 .EP‘R'J-

381 5277 804 5348 cumet-1.000010?
843 5277 972 5384 Tag.
1006 5277 1206 5342 toto?!“
1261 5277 1369 5327 γαρ
1406 5277 1555 5338 ueest
1595 5277 1650 5310 ιιι
1685 5277 1884 5338 ρριριι.

377 5333 614 5402 (‘21)Stc
639 5333 852 5402 Anglic.
941 5329 1062 5385 asrl.
1106 5333 1326 5402 Seguer.
1361 5335 1413 5380 et
1455 5325 1644 5396 Epiph.
1684 5341 1738 5380 In
1767 5327 1886 5382 edi-

303 5407 397 5472 tis,
429 5395 650 5477 GJJFa‘lt
687 5395 911 5477 ἕτερον-
925 5395 1308 5477 σῃμαι-..ριιεε
1349 5395 1652 5477 sequ-untur
1680 5407 1884 5477 autem,

301 5478 368 5531 τὸ
385 5467 452 5532 ’δὲ
482 5467 562 5538 εἷς
591 5467 793 5543 σάρκας
814 5489 844 5527 a
872 5467 1090 5526 Gelasio
1118 5467 1352 5523 citantur
1381 5467 1434 5521 in
1459 5467 1550 5521 lib.
1579 5467 1657 5520 De
1681 5467 1887 5522 duabus

303 5548 536 5608 naturis,
568 5545 662 5600 sed
693 5545 852 5612 paulo
877 5543 1106 5596 diverse.

379 5617 494 5688 (22)
522 5607 1008 5688 SicSe'guerianus
1034 5622 1086 5688 e_t
1122 5607 1411 5688 Epiphan"
1453 5617 1614 5679 atque
1653 5607 1726 5662 ita
1757 5608 1888 5678 legit

299 5680 572 5742 Nannius.
599 5680 786 5738 Alii'et
809 5683 958 5747 editi,
990 5683 1082 5734 καὶ
1107 5680 1190 5742 τις
1220 5681 1273 5749 ή.

377 5757 491 5822 (23)
508 5755 584 5816 ιω
605 5753 829 5817 Seguer.
847 5743 1056 5818 Anglic.
1081 5743 1296 5807 Gobler.
1322 5743 1502 5805 Felck.
1530 5749 1584 5818 1,
1605 5757 1658 5806 et
1683 5747 1877 5819 Epiph.

1072 4906 1118 4939 ⁵³
1149 4907 1255 4960 lsa.
1287 4921 1387 4972 vn,
1421 4905 1506 4961 14.
1553 4962 1566 4970 ,
1613 4907 1660 4938 ⁸⁸
1687 4905 1820 4963 Luc.
1853 4924 1890 4972 ι,
1923 4907 2011 4962 27.

1998 4588 2175 4658 ipsum
2212 4601 2412 4656 corpus
2445 4594 2640 4641 octavo
2679 4584 2770 4640 die
2813 4581 3202 4639 circumcisum
3232 4589 3338 4647 est,
3373 4580 3512 4634 idem
3543 4597 3574 4632 ιι

2001 4681 2257 4734 Simeone
2287 4679 2342 4733 in
2393 4679 2556 4735 ulnas
2585 4685 2922 4747 susceptum,
2953 4674 3188 4744 idipsum
3219 4687 3356 4743 puer
3380 4673 3572 4734 evasit,

1998 4771 2189 4838 crevit,
2220 4770 2619 4842 duodecimque
2645 4783 2920 4824 annorum
2951 4764 3154 4821 factum
3183 4773 3267 4820 est
3286 4765 3354 4827 ⁸³,
3400 4769 3454 4818 et
3505 4762 3573 4816 ad

2115 4907 2162 4939 "
2189 4905 2321 4962 Luc.
2357 4923 2418 4970 ιι,
2451 4905 2503 4958 7.
2604 4905 2651 4936 ⁵⁸
2681 4901 2816 4959 Luc.
2849 4919 2925 4969 XI,
2954 4901 3045 4954 27.
3150 4899 3192 4931 "
3217 4897 3350 4954 Luc.
3385 4913 3446 4966 ιι,
3477 4897 3570 4952 25Ξ

1991 5115 2154 5188 Editi,
2188 5117 2628 5188 malegrpatrei'oa
2651 5114 2777 5188 πρό,
2826 5184 2837 5188 _
3022 5179 3034 5188 _
3127 5179 3142 5188 _
3215 5178 3247 5188 ,ν
3297 5175 3343 5188 _.
3459 5175 3471 5188 .

2065 5175 2178 5270 ei)
2214 5186 2305 5270 ξίε
2334 5175 2649 5270 se'sueren-
2677 5175 2904 5270 ιΞρίριηοτ
2937 5178 3271 5270 aiatait
3297 5175 3564 5270 ιῖἓηιξξξι·

1993 5247 2173 5326 Εάἷῑί,’
2193 5259 2272 5322 είς
2304 5247 2500 5326 σάρκα.
2541 5255 2662 5326 Mox
2697 5247 2944 5326 segnem,
2973 5249 3290 5326 είς-θυσίαν.
3320 5249 3381 5302 In
3421 5247 3566 5316 aliis,

1987 5330 2066 5392 et;
2093 5321 2262 5384 deest.
2297 5321 2461 5392 Infra,
2494 5325 2634 5380 κατὰ
2669 5321 2866 5386 πάντα,
2898 5323 3047 5377 deest
3071 5321 3124 5374 in
3154 5321 3378 5392 Seguer.

2059 5399 2170 5468 (ΞΒ)
2205 5397 2399 5468 Epiph.
2433 5386 2487 5468 é_t
2517 5395 2766 5468 SeguerL.
2799 5393 2936 5468 πρός
2957 5435 2971 5458 ,
3008 5392 3103 5468 sed
3129 5386 3281 5445 deest
3307 5386 3562 5468 imeditis.

2059 5402 2152 5468 (25
2205 5402 2399 5468 Epiph.
2433 5407 2487 5451 et
2517 5402 2766 5464 δείξειεν..
2799 5402 2936 5518 ego;
2957 5435 2971 5458 ,
3008 5402 3103 5446 sed
3129 5402 3281 5445 deest
3307 5405 3360 5442 In
3383 5402 3562 5470 cuius.

2059 5402 2170 5551 (2σῖ
2197 5467 2413 5549 θοιιετ·
2446 5464 2626 5551 Ρςιοιί-
2657 5463 2832 5551 ’κιὲιε
2869 5457 3484 5551 ιι·ν,ξξέίηξτῑιρῖςς,ἒ³ἐξ¹έί
3508 5468 3569 5551 5:?

1989 5529 2114 5601 alii,
2142 5529 2468 5609 μνηστῆρος.
2500 5535 2622 5590 Mox
2666 5529 2827 5609 editi:
2857 5533 2949 5586 Διὸ
2975 5529 3227 5609 καὶ-’τού
3253 5530 3475 5609 τίκτειν.
3508 5531 3564 5584 ἰιι

1989 5597 2626 5680 Epipliqetiti'Séguerq
2662 5604 2741 5659 διό
2767 5597 2938 5662 deest.
2973 5601 3140 5658 Paulo
3186 5609 3309 5672 post
3341 5597 3562 5656 Gobler.

1988 5675 2239 5738 ethlck.
2270 5679 2322 5745 1,
2351 5677 2399 5730 οἱ
2432 5675 2645 5748 μῖαστοί.
