3992 6230
347 334 488 397 106ἒί

1461 324 1793 388 EPISTOLA
1834 322 1923 384 Al)
1960 318 2369 386 EPICTETUM.

3419 321 3556 386 1060

328 454 514 523 ἑτέρου
547 451 605 506 δὲ
625 449 793 515 ὄντος,
817 449 936 504 κατ’
961 450 1155 512 αὑτὸὺς
1183 447 1332 502 ἔσται
1354 449 1386 519 ή
1412 445 1765 518 αὺτῶνΤριὰς
1788 443 1894 515 (53]

2005 440 2258 506 Verbum.
2273 444 2364 498 sed
2385 442 2526 497 aliud
2545 458 2575 497 a
2589 431 3129 512 Vcrbo'distmctum;
3155 455 3388 516 cttmqtte
3407 444 3554 499 aliud

324 544 540 616 τετράς.
581 543 656 598 Οὐ
685 541 854 614 γὰρ.ή
899 541 1150 613 ἀληθινὴ,
1184 541 1274 592 καὶ
1321 540 1488 601 ὅντως
1537 537 1749 598 τελεία,
1800 535 1893 588 καὶ

325 634 626 705 ἁδιαέρετος
652 633 817 704 Τριὰς
845 632 1054 702 δέχεται
1091 630 1456 702 .προσθήκην,
1515 628 1626 682 ἀλλ’
1676 629 1708 698 ή
1746 626 1894 697 παρὰ

323 724 530 780 τούτων
551 726 796 795 ὲπινενοη
807 724 958 794 μένη.
986 723 1092 776 Καὶ
1114 723 1229 785 πῶς
1251 722 1328 774 ἔτι
1351 721 1682 790 Χριστιανοὶ,
1707 719 1757 770 οἱ
1781 717 1890 789 (54)

325 816 510 888 ἓτερον
545 815 694 887 παρὰ
733 815 822 867 τὸν
858 815 985 867 ὄντα
1021 814 1152 867 Θεὸν
1181 812 1551 876 ὲπινοοῦντες;
1588 810 1753 864 Πάλιν
1785 808 1892 880 γὰρ

325 907 421 962 καὶ
449 909 506 960 ὲν
531 906 610 976 τῷ
655 906 823 977 ἑτέρῳ
866 906 1038 958 αὐτῶν
1075 905 1363 975 σοφίσματι
1400 903 1598 974 πολλὴν
1644 902 1753 971 (55)
1795 901 1893 972 τὴν

325 999 632 1070 ἀφροσύνην
661 998 862 1062 ἔξεστιν
887 999 1016 1068 όρᾷν
1036 1014 1048 1026 ·
1081 998 1150 1060 εί,
1172 996 1256 1050 διὰ
1284 995 1344 1049 τὸ
1365 991 1499 1049 εἶναι
1525 995 1617 1048 καὶ
1643 991 1891 1060 λέγεσθαι

324 1091 383 1140 ὲν
401 1091 520 1151 ταῖς
543 1089 803 1158 Γραφαίς,
837 1088 900 1139 ὲκ
923 1087 1138 1160 Μαρίας
1171 1084 1309 1140 εἶναι
1342 1086 1434 1140 καὶ
1471 1083 1804 1153 ἀνθρώπινον
1833 1079 1894 1133 τὸ

325 1179 482 1250 σῶμα
504 1179 595 1232 τοῦ
622 1179 868 1249 Σωτῆρος
889 1217 902 1240 ,
931 1178 1236 1249 νομίζουσιν
1269 1179 1386 1232 ἀντὶ
1422 1176 1644 1247 Τριάδος
1664 1173 1894 1244 τετράδα

323 1271 594 1340 λέγεσθαι,
616 1271 690 1335 ὡς
717 1270 1028 1341 προσθήκης
1055 1271 1340 1341 γινομένης
1370 1270 1458 1323 διὰ
1484 1269 1543 1322 τὸ
1576 1268 1731 1336 σῶμα
1753 1267 1887 1334 (56)⁶

321 1364 454 1416 πολὺ
492 1363 790 1415 πλανῶνται
822 1361 880 1414 τὸ
906 1361 1112 1430 ποίημα
1135 1361 1530 1425 συνεξισοῦντες
1567 1360 1642 1431 τῷ
1675 1364 1889 1433 ποιητῇ,

319 1453 415 1506 καὶ
447 1452 796 1515 ὑπονοοῦντες
843 1451 1095 1504 δύνασθαι
1149 1452 1246 1522 τήν
1299 1450 1526 1520 θεότητα
1577 1452 1891 1523 προσθήκην

321 1548 640 1618 λαμϐάνειν·
678 1547 771 1598 καὶ
817 1546 1120 1616 ἠγνόησαν,
1177 1545 1259 1598 ὅτι
1323 1545 1383 1596 οὐ
1431 1544 1519 1596 διὰ
1578 1545 1890 1616 προσθήκην

321 1635 571 1706 θεότητος
599 1637 785 1705 γέγονε
819 1635 954 1708 σὰρξ
981 1639 1008 1689 ό
1037 1637 1204 1704 Λόγος
1222 1673 1237 1702 ,
1269 1635 1383 1689 ἀλλ’
1423 1637 1506 1689 ἵνα
1535 1638 1567 1706 ή
1605 1636 1740 1708 σὰρξ
1772 1637 1894 1691 ἁναο

321 1728 420 1796 στῇ
448 1741 460 1754 ·
494 1725 615 1777 οὐδὲ
655 1726 738 1778 ἱνα
771 1724 1028 1796 βελτιωθῇ
1072 1727 1100 1778 ό
1131 1725 1332 1794 Λόγος,
1367 1726 1632 1796 προῆλθεν
1673 1728 1736 1779 ὲκ
1773 1727 1892 1780 Μα-

1999 535 2089 599 sit,
2105 532 2341 590 Trinitas
2357 550 2419 590 ex
2439 535 2678 604 ipsorum
2698 535 3309 603 sentcntia'quaternitas
3323 540 3442 593 erit.
3458 531 3556 591 Νοο

2000 641 2105 696 que
2127 626 2268 680 enim
2293 639 2438 692 vera,
2457 641 2519 679 ac
2538 642 2660 682 vere
2693 626 2924 696 perfecta
2941 635 2994 680 et
3013 628 3352 685 indivisibilis
3378 621 3529 684 Trini

1998 727 2080 772 tas
2095 719 2458 774 accessionem
2485 718 2717 774 admittit
2733 739 2746 774 :
2763 719 2853 774 sed
2869 719 2955 774 illa
2973 721 3252 785 duntaxat,
3272 738 3431 792 quam
3453 721 3554 792 ipsi

1999 810 2292 863 commenti
2318 819 2464 863 sunt.
2495 809 2554 863 Et
2579 811 2694 880 qui,
2731 811 2946 876 amabo,
2982 811 3276 867 Christiani
3304 823 3431 868 sunt
3457 813 3553 884 qui

1999 901 2162 954 alium
2219 899 2413 966 Deum,
2461 911 2652 972 praeter
2683 918 2807 956 eum
2844 904 2936 972 qui
2974 919 3164 959 revera
3189 915 3290 972 est,
3327 897 3566 961 commis'

1998 992 2324 1046 niscuntur?
2351 991 2546 1047 lterum
2581 995 2633 1047 in
2665 994 2834 1048 altero
2865 995 3078 1050 illorum
3117 997 3449 1066 sopbismate
3473 998 3556 1052 ine

1999 1093 2208 1152 gentem
2241 1085 2520 1139 stultitiam
2547 1087 2945 1156 deprehendere
2974 1088 3134 1142 licet:
3165 1089 3210 1143 si
3237 1090 3378 1158 quod
3411 1088 3557 1144 Seria

1999 1187 2171 1244 ptume
2201 1177 2404 1240 dicant,
2431 1193 2628 1247 cci-pus
2658 1177 2954 1233 Salvatoris
2977 1194 3038 1233 ex
3074 1179 3240 1233 Maria
3271 1189 3327 1234 et
3365 1180 3558 1236 humae

1999 1283 2128 1321 num
2163 1284 2302 1332 esse,
2359 1270 2478 1324 ideo
2521 1284 2618 1339 pro
2670 1267 2933 1326 Trinitate
2983 1272 3403 1341 quaternitalem
3447 1273 3557 1328 dici

1999 1361 2331 1425 existimant,
2364 1362 2517 1430 quasi
2558 1363 2799 1418 accessio
2828 1364 3072 1432 quaedam
3117 1380 3184 1419 ex
3215 1376 3442 1434 corpore
3473 1365 3556 1420 (εει

1997 1459 2082 1506 c'ta
2133 1452 2244 1518 sit;
2283 1453 2508 1507 multum
2556 1454 2977 1520 hallucinantur,
3023 1455 3151 1510 dum
3197 1472 3308 1510 rem
3357 1456 3555 1511 factum

1999 1543 2194 1598 factori
2242 1553 2546 1614 exaequant,
2601 1555 2656 1600 et
2705 1547 3038 1602 arbitrantur
3095 1563 3254 1617 posse
3299 1548 3555 1605 deitatem

1999 1636 2364 1690 accessionem
2396 1637 2722 1692 admittere:
2777 1639 3134 1709 ignorantque
3183 1656 3288 1695 non
3337 1645 3557 1712 prapier

2001 1735 2348 1795 augmentum
2378 1727 2590 1782 deitatis
2621 1726 2855 1783 Verbum
2895 1745 3112 1785 carnem
3165 1731 3365 1786 factum
3413 1749 3553 1802 esse,

323 1792 464 1889 ρίας,
492 1817 606 1869 ἀλλ’
634 1817 719 1869 ἵνα
746 1792 806 1870 τὸ
847 1818 953 1870 τῶν
998 1792 1298 1890 ανθρώπων
1340 1792 1504 1885 γένος’
1538 1817 1894 1889 λυτρώσηται.

2000 1792 2098 1874 sed
2124 1826 2183 1872 ut
2207 1833 2333 1873 caro
2365 1830 2706 1890 resurgeret:
2737 1835 2910 1891 neque
2945 1833 3000 1876 nt
3042 1825 3387 1893 praestantius
3429 1792 3556 1882 red;

319 1911 444 1974 Πῶς
477 1907 568 1964 οὖν
595 1911 872 1964 οἴονταιτὸ
891 1911 978 1964 διὰ
1007 1911 1098 1963 τοῦ
1121 1911 1290 1978 Λόγου
1320 1909 1712 1980 λυτρωθὲν(57)
1743 1911 1899 1982 σῶμα

319 2003 415 2054 καὶ
467 2002 795 2073 ζωοποιηθὲν
838 2001 1151 2071 προσθήκην
1205 2002 1283 2062 εἰς
1341 2001 1567 2072 θεότητα
1618 2003 1696 2074 τῷ
1744 2005 1899 2075 Λόγῳ

317 2092 397 2163 τῷ
438 2091 832 2162 ζωοποιήσαντι
861 2097 1071 2157 ποιεϊν;
1115 2093 1312 2163 μᾶλλον
1354 2093 1460 2166 γὰρ
1500 2094 1648 2164 αὑτῷ
1688 2093 1764 2166 τῷ
1801 2097 1898 2149 ἁν-

320 2184 576 2256 θρωπίνῳ
616 2184 825 2254 σώματι
861 2185 1146 2256 προσθήκη
1182 2185 1389 2257 μεγάλη
1437 2185 1657 2253 γέγονεν
1701 2188 1765 2240 ὲκ
1795 2185 1898 2254 τῆς

316 2277 413 2329 τοῦ
455 2278 625 2345 Λόγου
652 2277 786 2348 πρὸς
805 2278 932 2330 αὐτὸ
966 2277 1247 2340 κοινωνίας
1277 2295 1333 2330 τε
1363 2279 1454 2332 καὶ
1483 2276 1756 2340 ἑνώσεωςο
1791 2275 1896 2333 ἀπὸ

318 2367 430 2440 γὰρ
451 2368 643 2440 θνητοῦ
664 2369 882 2438 γέγονεν
903 2369 1162 2423 ἀθάνατον
1184 2384 1198 2401 ο
1221 2370 1313 2424 καὶ
1336 2370 1562 2442 ψυχικὸν
1583 2369 1662 2435 ὃν,
1701 2370 1890 2440 γέγονε

321 2463 708 2531 πνευματικὸν,
761 2463 855 2515 καὶ
884 2465 948 2515 ἐκ
992 2463 1094 2532 γῆς
1138 2462 1444 2532 γενόμενον,
1474 2464 1572 2526 τὰς
1615 2463 1896 2532 οὐρανίους

319 2551 470 2624 διέϐη
505 2554 616 2623 (58)
651 2552 842 2616 πύλας.
893 2555 956 2607 Ἦ
990 2555 1174 2625 μέντοι
1203 2553 1389 2624 Τριάς,
1418 2555 1510 2607 καὶ
1542 2554 1794 2617 λαϐόντος
1830 2556 1895 2608 ὲκ

320 2638 540 2713 Μαρίας
573 2642 731 2707 σῶμα
761 2642 852 2695 τοῦ
887 2645 1058 2712 Λόγου
1080 2679 1094 2708 ,
1133 2643 1300 2715 Τριάς
1325 2646 1470 2696 ἐστιν
1489 2682 1503 2705 ,
1543 2645 1602 2696 οὐ
1633 2643 1890 2715 δεχομένη

319 2731 656 2802 προσθήκην,
691 2731 810 2785 οὐδὲ
839 2732 1152 2804 ἀφαίρεσιν·
1185 2733 1297 2786 ἀλλ’
1327 2733 1414 2787 ἀεὶ
1435 2733 1612 2786 τελεία
1638 2734 1771 2798 ἐστὶ,
1801 2735 1894 2787 καὶ

318 2825 378 2876 ὲν
439 2823 624 2894 Τριάδι
673 2824 773 2894 μία
830 2825 1015 2896 θεότης
1062 2825 1416 2894 γινώσκεται,
1475 2825 1570 2878 καὶ
1624 2824 1793 2889 οὕτως
1835 2827 1893 2878 ὲν

317 2918 387 2987 τῇ
435 2915 726 2988 Ἐκκλησία
778 2911 859 2982 εἷς
896 2917 1027 2982 Θεὸς
1082 2917 1448 2989 κηρύσσεται,
1503 2919 1531 2971 ό
1573 2916 1667 2970 τοῦ
1720 2919 1892 2987 Λόγου

317 3002 537 3079 Πατήρ.

393 3182 484 3237 10.
535 3183 630 3236 Ἐκ
649 3183 713 3254 δὴ
742 3183 933 3236 τούτου
975 3185 1308 3254 σιωπήσουσι
1337 3183 1518 3238 λοιπὸν
1545 3185 1638 3238 καὶ
1679 3186 1728 3238 oi
1762 3185 1893 3239 ποτὲ

319 3275 566 3337 εἰπόντες
597 3276 685 3327 τὸν
723 3278 787 3328 ὲκ
832 3274 1049 3347 Μαρίας
1083 3276 1412 3347 προελθόντα
1464 3278 1538 3348 μὴ
1571 3273 1708 3332 εἶναι
1731 3277 1894 3332 αὐτὸν

318 3367 413 3418 τὸν
440 3367 693 3437 Χριστὸν,
725 3368 818 3420 καὶ
843 3368 1065 3440 Κύριον,
1104 3369 1199 3422 καὶ
1231 3368 1379 3423 Θεόν.
1408 3370 1468 3422 Ei
1514 3369 1622 3440 γὰρ
1663 3369 1738 3440 μὴ
1762 3369 1894 3433 Θεὸς

317 3454 390 3531 ἦν
421 3462 479 3514 ὲν
502 3460 581 3531 τῷ
614 3459 842 3533 σώματι,
895 3462 1012 3525 πῶς
1045 3462 1205 3525 εὐθὺς
1249 3461 1524 3532 προελθὼν
1575 3465 1639 3515 ὲκ
1678 3461 1896 3533 Μαρίας

320 3551 523 3624 ἐκλήθη
579 3552 988 3622 Ἐμμανουήλ,
1042 3553 1074 3605 ὅ
1129 3553 1259 3606 ἐστι
1311 3554 1896 3623 μεθερμηνευόμενον

318 3647 467 3699 Μεθ’
495 3643 662 3713 ἡμῶν
701 3648 732 3698 d
779 3645 957 3710 Θεός;
996 3644 1119 3710 Πῶς
1147 3645 1204 3698 δὲ
1235 3645 1328 3699 καὶ
1360 3647 1388 3698 ό
1420 3644 1646 3708 Παῦλος,
1680 3646 1728 3698 εἰ
1757 3644 1830 3716 μὴ
1867 3646 1896 3697 ὁ

319 3737 494 3805 Λόγος
533 3732 600 3807 ἦν
627 3737 685 3789 ὲν
734 3737 927 3807 σαρκὶ,
973 3735 1259 3806 Ῥωμαίοις
1305 3735 1572 3806 ἔγραφενο
1619 3729 1830 3800 Ἐξῶν
1862 3738 1894 3789 ὀ

315 3829 574 3896 Χριστὸς
599 3827 665 3880 τὸ
710 3827 861 3882 κατὰ
900 3825 1130 3894 σάρκα,
1164 3829 1196 3879 ό
1241 3823 1326 3878 ὢν
1367 3826 1463 3878 ἐπὶ
1513 3825 1750 3879 πάντων

321 3921 470 3986 Θεὸς
513 3919 842 3990 εὐλογητὸς
877 3922 963 3986 εὶς
1018 3917 1160 3984 τοὺς
1189 3915 1428 3982 αἰῶνας,
1455 3917 1652 3987 ἀμήν;
1691 3917 1898 3971 Οὐκοῦν

319 4011 750 4082 όμολογείτωσαν
779 4011 872 4063 καὶ
898 4011 946 4064 oi
973 4009 1230 4080 πρότερον
1253 4007 1570 4079 ἀρνούμενοι
1593 4008 1683 4061 τὸν
1707 4010 1900 4062 ἐσταυ-

322 4101 566 4172 ρωμένον
593 4097 732 4154 εἶναι
763 4101 896 4155 Θεὸν
925 4099 1210 4168 ἐσφάλθαι,
1237 4097 1544 4168 πειθόμενοι
1575 4101 1696 4161 ταῖς
1729 4097 1898 4162 θείαις

320 4191 594 4266 Γραφαῖςο
626 4193 858 4263 μάλιστα
882 4191 940 4245 δὲ
966 4191 1042 4262 τῷ
1070 4190 1266 4261 Θωμᾷ,
1298 4190 1387 4254 ὃς,
1421 4190 1559 4260 μετὰ
1581 4189 1642 4242 τὸ
1676 4191 1802 4243 ἰδεῖν
1840 4191 1898 4244 ὲν

319 4281 473 4352 αὐτῷ
487 4284 608 4345 τοὺς
619 4282 726 4334 τῶν
747 4281 890 4352 ἥλων
907 4281 1128 4345 τύπους,
1141 4277 1334 4353 ἀνεϐόη
1342 4299 1432 4334 σεν
1450 4297 1462 4312 ο
1481 4283 1543 4334 Ὀ
1559 4281 1768 4350 Κύριός
1779 4299 1896 4350 μου

320 4373 422 4428 καὶ
441 4377 474 4428 ὀ
491 4375 632 4439 Θεός
638 4391 755 4442 μου
775 4373 907 4444 (60).
925 4373 1057 4436 Θεὸς
1081 4373 1186 4444 γὰρ
1201 4373 1292 4427 καὶ
1309 4373 1510 4444 Κύριος
1527 4373 1626 4444 τῆς
1641 4370 1798 4443 δόξης
1821 4371 1896 4424 ὢν

1998 1908 2214 1962 deretur
2239 1907 2500 1971 Verbum,
2530 1926 2597 1964 ex
2627 1909 2794 1965 Maria
2827 1913 3111 1980 prodiisse,
3149 1915 3244 1968 sed
3277 1924 3335 1969 ut
3364 1916 3557 1971 humao

1996 2015 2127 2053 num
2153 2015 2325 2069 genus
2362 2001 2666 2056 redimeret.
2696 2001 2805 2056 Cur
2831 2018 2960 2072 ergo
2987 2004 3324 2072 existimant,
3357 2015 3556 2076 corpus

1995 2104 2026 2145 a
2062 2089 2235 2146 Verbo
2288 2091 2620 2161 redemptum
2663 2101 2718 2147 et
2765 2093 3115 2159 vivilicatum,
3174 2094 3351 2150 Verbo
3389 2098 3556 2152 viviil-

1996 2183 2142 2236 canti
2197 2183 2262 2236 ad
2309 2183 2560 2237 deitatem
2604 2185 2998 2241 incrementum
3037 2187 3255 2257 aliquod
3311 2180 3554 2244 addere?

1995 2272 2128 2328 Nam
2156 2265 2336 2343 potius
2365 2275 2603 2329 humano
2631 2278 2964 2347 corpori,'ex
2982 2279 3141 2334 Verbi
3173 2275 3556 2340 communione

1994 2373 2047 2419 et
2075 2365 2475 2434 conjunctione,
2507 2367 2698 2436 ingens
2723 2367 2864 2423 facta
2894 2380 2978 2424 est
3003 2372 3242 2427 accessio
3267 2390 3280 2426 :
3313 2388 3378 2427 ex
3407 2388 3555 2429 mor-

1993 2457 2086 2512 tali
2119 2458 2262 2510 enim
2294 2457 2495 2513 factum
2535 2467 2620 2513 est
2661 2459 2988 2525 immortale,
3041 2467 3096 2517 et
3143 2479 3266 2518 cum
3322 2464 3555 2521 animale

1994 2555 2160 2614 esset,
2184 2546 2385 2600 factum
2418 2558 2499 2602 est
2528 2547 3076 2622 spirituale,cumque
3093 2569 3158 2607 ex
3183 2562 3324 2609 terra
3353 2539 3552 2611 factum

1991 2644 2157 2700 esset,
2193 2637 2438 2692 caelestes
2484 2647 2670 2706 portas
2699 2641 3019 2707 penetravit.
3069 2639 3241 2696 Porro
3295 2641 3554 2714 Trinitas,

1991 2727 2154 2782 etiam
2201 2725 2373 2782 Verbo
2425 2743 2492 2783 ex
2539 2727 2706 2784 Maria
2752 2745 2949 2800 corpus
2999 2740 3266 2798 sumente,
3319 2732 3558 2792 Trinitas

1994 2834 2209 2888 semper
2241 2827 2344 2884 est,
2400 2834 2573 2889 neque
2622 2821 2991 2876 accessionem
3025 2823 3338 2890 admittens,
3379 2838 3558 2895 neque

1993 2910 2447 2975 diminutionem;
2477 2911 2570 2965 sed
2604 2910 2842 2980 perfecta
2875 2926 3090 2982 semper
3122 2921 3224 2980 est,
3265 2924 3318 2969 et
3350 2916 3402 2969 in
3435 2913 3556 2970 Tris

1994 3002 2162 3056 nitate
2201 3017 2310 3056 una
2372 3002 2544 3057 deitas
2604 3003 2934 3072 agnoscitur,
3002 3013 3056 3059 et
3092 3005 3171 3060 sic
3227 3021 3369 3062 unus
3413 3007 3556 3067 Deut

1920 3133 1963 3192 α
1997 3091 2159 3148 Verbi
2185 3091 2342 3147 Pater
2374 3093 2430 3147 in
2469 3092 2710 3148 Ecclesia
2742 3094 3086 3164 praedicatur.

2067 3184 2342 3256 72610.
2393 3183 2592 3240 Eadem
2639 3195 2821 3242 autem
2867 3188 3078 3243 ratione
3133 3189 3170 3243 ii
3197 3204 3414 3261 quoque
3439 3189 3554 3262 jam

1995 3276 2230 3332 silcbunt
2267 3277 2362 3346 qui
2420 3277 2712 3347 aliquando
2764 3279 2948 3335 dixere
2991 3295 3114 3335 eum
3145 3283 3236 3352 qui
3278 3300 3342 3338 ex
3390 3283 3557 3340 Maria

1993 3371 2216 3439 prodiit,
2267 3388 2368 3429 nec
2415 3373 2714 3442 Christum,
2772 3390 2873 3430 nec
2929 3374 3215 3432 Dominum
3262 3379 3346 3432 vel
3385 3377 3554 3434 Deum

1993 3478 2132 3518 esse.
2160 3463 2217 3518 Si
2251 3465 2398 3518 enim
2434 3463 2578 3520 Deus
2616 3465 2671 3518 in
2705 3480 2934 3535 corpore
2962 3483 3067 3522 non
3103 3477 3240 3536 erat,
3282 3471 3555 3539 quomodo

1996 3549 2179 3604 statim
2212 3560 2373 3620 atque
2402 3567 2466 3605 ex
2499 3552 2664 3607 Maria
2705 3554 2926 3622 prodiit,
2958 3567 3182 3613 vocatus
3213 3567 3294 3614 est
3339 3557 3555 3614 Emma-a

1995 3641 2136 3708 nuel,
2165 3641 2303 3711 quod
2323 3651 2401 3696 est
2425 3643 2847 3713 interpretatum,
2879 3647 3147 3702 nobiscum
3174 3648 3313 3704 Deus
3332 3647 3420 3703 7‘?
3449 3653 3557 3707 Cur

1997 3731 2124 3784 item
2161 3730 2382 3798 Paulus,
2413 3733 2458 3788 si
2492 3732 2727 3790 Verbum
2753 3736 2807 3790 in
2846 3753 3010 3794 carne
3045 3755 3154 3794 non
3187 3750 3324 3808 erat,
3359 3737 3557 3800 Romaa

1997 3823 2082 3876 nis
2111 3821 2365 3891 scripsit:
2409 3823 2492 3878 Ex
2520 3827 2705 3896 quibus
2743 3839 2818 3882 est
2845 3827 3083 3883 Christus
3114 3832 3399 3886 secundum
3430 3845 3552 3888 cara

1995 3925 2132 3977 nem,
2164 3914 2252 3982 qui
2281 3922 2355 3967 est
2379 3931 2532 3983 super
2556 3917 2732 3969 omnia
2771 3917 2912 3972 Deus
2942 3919 3238 3975 benedictus
3259 3923 3313 3976 in
3339 3925 3556 3990 sarcula,

1998 4019 2148 4056 amen
2173 4004 2242 4058 ".
2271 4003 2609 4075 Quapropter
2641 4009 2735 4077 qui
2773 4009 2924 4078 prius
2971 4012 3258 4082 negabant,
3292 4029 3416 4069 eum
3463 4015 3558 4086 qui

1999 4096 2292 4153 cruciﬁxus
2322 4108 2406 4153 est
2435 4114 2557 4155 esse
2593 4099 2784 4168 Deum,
2815 4119 2871 4159 se
2897 4118 3109 4158 errasse
3155 4104 3448 4174 fateantur,
3493 4117 3559 4164 ac

1995 4188 2196 4245 divinis
2227 4190 2478 4246 omnibus
2510 4191 2806 4263 Scripturis
2853 4195 3010 4250 {idem
3048 4196 3302 4263 habeant,
3334 4193 3559 4255 Thema:

1997 4277 2364 4348 potissimum,
2396 4283 2488 4350 qui
2517 4297 2640 4337 cum
2683 4284 2737 4338 in
2766 4284 2857 4338 illo
2883 4286 3160 4341 clavorum
3181 4289 3408 4360 vestigia
3429 4302 3560 4347 cond-

1998 4373 2284 4439 spexisset,
2303 4375 2626 4430 exclamavit
2645 4390 2656 4424 :
2682 4375 2935 4432 Dominus
2952 4394 3093 4433 meus
3109 4389 3159 4434 et
3176 4379 3315 4434 Deus
3333 4396 3473 4438 meus
3487 4376 3557 4438 ’⁸.

319 4466 352 4517 ό
369 4463 516 4529 Υίὸς,
536 4461 603 4536 ἦν
619 4466 676 4517 ἐν
692 4464 771 4534 τῷ
787 4459 986 4528 ἀδόξως
1003 4464 1238 4536 καθηλου
1246 4464 1388 4536 μένῳ
1407 4463 1500 4518 καὶ
1512 4461 1894 4534 ἀτιμαζομένῳ

2000 4456 2175 4515 Filius
2214 4461 2381 4525 enim,
2423 4461 2564 4518 Deus
2613 4473 2668 4519 et
2700 4463 2963 4522 Dominus
3007 4467 3194 4537 gloriae
3223 4485 3344 4525 cum
3393 4481 3558 4533 esset.

321 4556 575 4626 σώματι·
606 4556 666 4608 τὸ
690 4555 747 4608 δὲ
786 4554 945 4626 σῶμα
984 4555 1091 4625 (6i)
1122 4558 1324 4626 ἔπασχε
1354 4556 1451 4626 μὲν
1483 4554 1802 4625 νυττόμενον
1834 4555 1892 4606 ὲν

318 4647 402 4718 τῷ
437 4646 592 4719 ξύλῳ,
627 4647 720 4700 καὶ
762 4645 948 4718 ἔρρεεν
978 4646 1084 4699 ἀπὸ
1127 4645 1226 4718 τῆς
1263 4645 1452 4698 τούτου
1487 4645 1726 4716 πλευρᾶς
1754 4640 1894 4716 αἷμα

400 4797 449 4830 ⁷⁸
479 4796 666 4853 Matth.
697 4813 738 4865 ι,
767 4797 858 4855 εδ.
897 4797 944 4829 ⁷³
972 4796 1129 4854 Rom.
1157 4815 1232 4867 ιι,
1266 4800 1318 4855 5.
1394 4799 1440 4830 ⁷⁸
1462 4797 1621 4854 Joan.
1649 4813 1742 4866 xx,
1777 4799 1871 4855 28.

397 4951 511 5077 (55)
539 4952 759 5022 Seguer.
795 4951 1011 5008 Gobler.
1035 4955 1178 5010 Feic.
1214 4955 1267 5019 1,
1305 4954 1454 5008 ἔσται
1483 4956 1603 5008 κατ’
1630 4955 1828 5020 αὐτοὺς
1855 4952 1889 5028 ή

397 5041 400 5051 ’
423 5042 458 5077 α
489 5023 655 5077 Tati:
681 5034 792 5076 τετ.

319 5022 458 5094 ἁγία
489 5024 532 5076 Τ
574 5023 655 5086 ιὰς
681 5034 792 5076 τετ.

399 5094 510 5147 (51)
529 5042 617 5147 gic
633 5095 792 5147 maxir

399 5094 510 5168 (iii)
529 5094 868 5168 Sicmaxima
884 5113 1008 5168 pars
1025 5110 1156 5168 mss.
1175 5095 1231 5146 ln
1251 5094 1321 5148 al.
1344 5109 1469 5168 vero
1484 5095 1634 5148 eted.
1661 5096 1710 5168 gi
1726 5095 1893 5168 deest.

400 5163 519 5235 (55);
547 5164 753 5235 Πολλήν
809 5163 960 5235 deest
989 5167 1044 5220 lu
1074 5164 1296 5235 Seguer.
1338 5163 1554 5235 Gobler.
1575 5177 1638 5235 et
1662 5163 1807 5235 Felg.
1842 5165 1894 5219 i.

321 5231 453 5288 Mox
481 5231 795 5306 Goblerian.
820 5247 873 5292 et
916 5231 1061 5292 Felc.
1096 5235 1116 5288 i
1150 5231 1173 5299 ζ
1198 5233 1528 5306 5,*καθορᾷν
1559 5232 1592 5304 ἢ
1622 5233 1730 5306 διά.
1765 5232 1896 5303 Ερὶ-

550 5307 598 5358 ei
625 5304 824 5428 5:25td.
854 5306 1024 5363 Porro
1059 5307 1172 5360 haec
1198 5320 1230 5358 a
1263 5301 1601 5360 Theodore“)
1637 5301 1895 5372 citantur,

365 5390 416 5428 Ia
447 5415 458 5426 .
530 5413 547 5428 .
576 5390 629 5428 ι).
657 5411 670 5426 .
733 5414 748 5428 .

365 5375 458 5429 ial.
491 5375 547 5438 2,
576 5390 629 5438 p.
655 5375 748 5429 92.

322 5376 830 5515 dligci’sgﬁgfén”
860 5441 936 5510 ὡς
963 5443 1272 5515 προσθήκης
1299 5437 1594 5515 λεγομένης
1621 5441 1682 5496 τὸ
1712 5442 1894 5515 σῷμαι

398 5459 512 5513 (an)
542 5459 830 5514 nprpnan.,
860 5459 936 5510 ως
963 5464 1004 5498 π
1071 5459 1272 5515 συηκης
1301 5459 1594 5515 Αεγομενης
1621 5459 1682 5496 το
1712 5459 1789 5496 σω
1835 5459 1894 5496 αι

330 5539 336 5584 ί
403 5515 515 5584 (57)
546 5513 636 5567 Sir.
675 5513 938 5584 Epiphan.
974 5459 1177 5569 meod.
1214 5515 1446 5584 Anglic.‘
1473 5513 1703 5584 Seguer:
1731 5459 1896 5578 Editi,

323 5581 878 5656 λυτρούμενονξΜοιι,
902 5585 978 5656 τῷ
1000 5581 1386 5656 ζωοποιήσαντι
1419 5581 1644 5656 deestjn
1673 5581 1894 5656 Seguer.

326 5651 708 5724 Theoderetus
727 5694 742 5718 ,
773 5654 851 5724 τῷ
893 5651 1480 5724 ζωοποιήσαντι-Λόγῳ.
1509 5651 1663 5724 lnl'ra_
1683 5651 1896 5724 σώματι

328 5723 484 5780 deest
512 5725 567 5779 in
601 5721 902 5794 Epiphanio
939 5735 992 5778 et
1019 5721 1448 5795 SeguerLPaulo
1479 5733 1600 5795 post
1631 5721 1895 5780 Basilien‘

652 5786 918 5855 Pluton.
951 5796 1067 5856 Gn.
1092 5786 1330 5856 ΧΧνΙ.

2004 4560 2121 4605 erat
2147 4560 2325 4606 tamen
2351 4554 2403 4607 in
2437 4569 2663 4624 corpore
2691 4555 3049 4626 ignominiose
3080 4559 3248 4616 clavis
3279 4560 3458 4629 allisa,
3506 4562 3560 4616 et

1997 4643 2346 4698 contumeliis
2379 4644 2590 4701 aﬂ‘ecto.
2619 4645 2832 4718 Corpus
2861 4659 3043 4706 autem
3071 4649 3128 4705 in
3159 4651 3306 4722 ligno
3339 4653 3557 4723 quidem

1997 4943 2092 5007 sis.
2125 4944 2260 5017 πρὸς
2284 4938 2464 5003 αὒτόνι

2067 5010 2182 5090 (58)
2211 5010 2425 5090 Gobler.
2456 5017 2598 5090 Felc.
2634 5019 2684 5084 Ι,
2713 5010 3248 5090 Βεειιει),γῦίπερέὃη.

2069 5083 2182 5155 (ὅθ)
2211 5089 2301 5144 Sic
2337 5104 2526 5143 omnes
2572 5083 2683 5144 iere
2726 5083 2856 5145 mss.
2891 5088 3028 5142 Editi
3063 5083 3332 5152 vero,'én\
3357 5083 3552 5147 πάντα.

2000 5158 2144 5232 intra
2181 5158 2399 5232 Gobler.
2439 5157 2691 5232 Feir‘km;
2727 5158 3036 5232 iLSeguer.
3060 5196 3074 5220 ,
3105 5157 3211 5232 τὸν
3230 5161 3554 5232 έν-σταυρῷ.

2001 5177 2144 5213 Intra
2181 5177 2399 5212 uonier.
2439 5177 2673 5214 retrnm.
2727 5177 2778 5224 ι,
2817 5177 3036 5228 beguer.
3060 5196 3074 5220 ,
3105 5177 3197 5210 τον
3230 5177 3286 5212 εν
3318 5177 3450 5216 σταυ
3489 5180 3554 5232 ῳ.

1997 5229 2142 5291 Mox,
2169 5230 2370 5292 πάσαις
2403 5231 2520 5292 ταῖς
2553 5228 2604 5283 θ.
2638 5226 2728 5284 Sic
2768 5227 3146 5291 Goblerianus,
3171 5226 3350 5286 Felck.
3379 5233 3430 5296 1,
3458 5177 3558 5286 ge-

1997 5316 2143 5369 guer.
2168 5297 2472 5369 Nicephor.
2541 5365 2553 5369 Α
2845 5366 2858 5369 _
2891 5358 2928 5369 ᾧ

2208 5363 2395 5421 Exstat
2427 5367 2511 5422 hic
2541 5365 2691 5422 locus
2720 5366 2862 5436 apud
2890 5365 3312 5437 Theodoretum,
3343 5368 3474 5427 dial.
3502 5363 3558 5438 3,

1997 5455 2304 5577 p.(1(i‘i‘)’.s.ic
2344 5504 2609 5577 Epiphan‘.
2654 5503 2923 5577 Theudor.
2967 5508 3184 5565 Gobler.
3233 5503 3560 5577 Felcltm._i.

2001 5571 2314 5647 Seguerian.
2347 5571 2508 5647 Editi,
2549 5573 2609 5628 τὸ
2640 5575 2709 5647 δὲ
2744 5575 2902 5646 σῶμα
2938 5579 3029 5634 τοῦ
3070 5580 3224 5634 Θεοῦ.
3274 5579 3418 5635 Infra
3461 5571 3561 5647 ὃς.

1999 5640 2173 5717 guér.,
2200 5645 2490 5722 τυγχάνον,
2525 5640 2980 5719 πεπληρωμένον)
3011 5659 3176 5708 recte,
3203 5650 3334 5718 Alﬁ,
3360 5640 3565 5722 τυγχάσ

1999 5714 2126 5785 νων,
2153 5714 2596 5787 πεπληρωμένος.
2695 5714 2723 5719 “’
2795 5714 2807 5719 ⁷
2965 5714 2976 5719 ’
3200 5785 3257 5852 3'

3240 5814 3257 5851 -ι
