3992 6230
497 331 633 389 1037

1058 329 1116 387 S.
1159 331 1534 388 ATHANASII
1574 331 1724 387 OPP.
1767 330 1946 386 PARS
1987 330 2026 386 l.
2066 363 2136 372 -—
2171 329 2539 390 HISTORICA
2579 333 2663 390 ET
2704 334 3121 392 DOGMATICA.

3599 337 3736 392 1068

491 443 806 501 vulneribus
832 450 1143 500 contossum
1176 448 1504 518 patiebatur,
1544 457 1597 502 et
1628 447 1694 502 ab
1733 446 1854 515 ejus
1887 446 2040 501 latere

2156 450 2248 502 καὶ
2283 449 2424 519 ὕδωρ
2445 469 2457 482 ·
2485 451 2608 515 ναὸς
2638 451 2694 505 δὲ
2722 452 2816 505 τοῦ
2838 453 3011 522 Λόγου
3046 453 3332 522 τυγχάνον,
3367 451 3733 526 πεπληρωμέ-

489 538 712 608 sanguis
739 545 792 592 et
818 552 958 606 aqua
982 539 1256 594 manabat.
1283 541 1420 596 Cum
1455 551 1633 595 autem
1665 539 1759 594 Dei
1793 539 2053 608 templum

487 639 650 694 esset,
676 628 878 683 deitate
908 631 1175 700 repletum
1207 641 1344 687 erat.
1395 633 1661 699 Quocirca
1702 631 1784 686 sol
1834 631 2055 700 quidem

488 737 610 776 cum
641 722 951 776 Creatorem
983 737 1142 777 suum
1184 724 1237 776 in
1270 740 1498 793 corpore
1547 723 1891 779 contumeliis
1928 721 2056 776 affe-

487 821 574 864 cto
607 809 929 864 tolerantem
968 810 1190 873 videret,
1217 810 1400 865 radios
1426 808 1718 870 contraxit,
1749 816 2056 876 terramque

490 902 724 956 tenebris
757 902 968 957 offudit.
1012 904 1195 972 Ipsum
1227 917 1357 957 vero
1399 917 1600 970 corpus
1633 910 1824 955 natura
1857 899 2053 968 praedi-

488 1002 600 1048 tum
632 994 866 1060 mortali,
903 1009 1067 1063 supra
1103 1008 1258 1049 suam
1286 1003 1535 1048 naturam
1566 1004 1783 1063 propter
1814 990 2051 1048 Verbum

486 1087 632 1158 quod
685 1089 739 1142 in
781 1088 900 1157 ipso
947 1096 1084 1152 erat,
1117 1087 1462 1140 resurrexit:
1520 1095 1573 1140 et
1605 1085 1788 1140 amisit
1833 1084 2053 1154 quidem

487 1181 788 1235 naturalem
840 1195 993 1234 suam
1038 1179 1591 1248 corruptibilitatem:
1629 1178 1817 1232 induto
1870 1185 2050 1250 autem

484 1271 629 1339 quod
661 1285 825 1338 supra
857 1268 1132 1324 hominem
1161 1278 1276 1324 erat
1302 1267 1502 1334 Verbo,
1535 1268 1942 1338 iucorruptibile
1969 1267 2050 1321 fa-

485 1369 634 1414 ctum
661 1369 761 1414 εει.

557 1449 642 1503 11.
679 1449 830 1515 Quod
861 1463 995 1503 vero
1042 1447 1289 1502 nonnulli
1339 1447 1831 1504 comminiscuntur
1872 1455 1927 1500 et
1968 1445 2054 1500 di-

482 1551 647 1598 eunt:
675 1541 1134 1611 quemadmodum
1160 1542 1214 1595 in
1241 1541 1485 1611 singulos
1507 1539 1794 1610 prophetas
1812 1536 2048 1593 Verbum

481 1633 721 1701 advenit,
757 1633 830 1687 ita
858 1648 1077 1703 quoque
1115 1634 1166 1686 in
1199 1631 1489 1703 quemdam
1541 1629 2050 1685 hominem’Mariae

479 1724 676 1782 Filium
699 1726 938 1790 venisse,
976 1725 1170 1780 inutile
1202 1731 1286 1780 est
1318 1724 1561 1795 agitare;
1591 1738 1714 1778 cum
1745 1736 1936 1779 eorum
1965 1721 2050 1775 in-

2158 558 2245 593 vov
2270 536 2337 612 ἦν
2388 540 2486 612 τῆς
2533 541 2801 610 θεότητος.
2833 542 2930 596 Διά
2971 542 3131 596 τοῦτο
3158 541 3288 611 γοῦν
3335 546 3364 597 6
3413 544 3510 614 μὲν
3562 545 3731 615 ήλιος,

2157 633 2296 703 όρῶν
2323 633 2412 686 τόν
2456 634 2781 706 δημιουργὸν
2814 635 3006 688 ἑαυτοῦ
3037 633 3148 705 (62)
3185 638 3242 688 ἐν
3280 635 3358 706 τῷ
3397 635 3734 708 ὑϐριζομένῳ

2158 723 2364 794 σώματι
2415 724 2770 794 ἀνεχόμενον,
2821 724 2920 788 τὰς
2971 725 3193 787 ἀκτῖνας
3241 725 3582 790 συνέστειλε,
3640 727 3732 780 καὶ

2155 815 2396 868 ἐσκότισε
2424 816 2520 886 τὴν
2543 815 2646 886 γῆν
2670 831 2684 844 ·
2721 815 2852 869 αὐτὸ
2877 814 2934 866 δὲ
2959 815 3021 867 τὸ
3050 814 3228 885 σῶμα,
3265 815 3424 884 φύσιν
3447 815 3570 886 ἔχον
3606 815 3733 886 θνη-

2154 909 2273 981 τὴν,
2309 909 2445 978 ὑπὲρ
2469 909 2564 980 τὴν
2601 907 2791 962 ἑαυτοῦ
2831 907 2991 977 φύσιν
3017 907 3214 980 ἀνέστη
3254 909 3340 961 διὰ
3368 908 3458 961 τὸν
3498 911 3555 961 ἐν
3582 909 3732 978 αὑτῴ

2154 1003 2324 1070 Λόγον
2342 1020 2355 1034 ·
2387 1002 2480 1054 καὶ
2496 1001 2768 1055 πέπαυται
2793 999 2892 1070 μὲν
2911 999 3008 1070 τῆς
3024 998 3163 1052 κατὰ
3183 999 3341 1068 φύσιν
3358 999 3562 1071 φθορᾶς
3580 999 3692 1068 (65)
3712 1016 3726 1028 ·

2155 1093 2511 1162 ἐνδυσάμενον
2538 1092 2594 1145 δὲ
2629 1091 2721 1144 τὸν
2768 1089 2908 1161 ὑπὲρ
2955 1089 3237 1162 ἄνθρωπον
3272 1091 3442 1160 Λόγον
3465 1133 3479 1159 ,
3508 1091 3729 1160 γέγονεν

2153 1179 2444 1253 ἄφθαρτον.

2223 1448 2308 1501 11.
2345 1448 2480 1519 Περὶ
2508 1447 2564 1501 δὲ
2596 1447 2688 1500 τοῦ
2717 1447 3082 1517 φαντάζεσθαί
3112 1465 3262 1512 τινας
3282 1449 3376 1502 καὶ
3407 1447 3605 1516 λέγειν,
3622 1449 3724 1511 ὅτι,

2149 1537 2337 1611 ὥσπερ
2367 1540 2452 1608 ἐφ’
2493 1539 2721 1592 ἕκαστον
2751 1538 2860 1609 (64)
2893 1539 3000 1593 τῶν
3034 1539 3326 1612 προφητῶν
3359 1539 3599 1608 ἐγίνετο,
3635 1540 3728 1593 ob-

2149 1649 2226 1685 τω
2267 1632 2361 1685 καὶ
2389 1632 2483 1685 ἐπὶ
2527 1632 2623 1684 ἕνα
2652 1631 2776 1684 τινὰ
2814 1631 3098 1704 ἄνθρωπον
3142 1634 3206 1686 ἐκ
3253 1633 3470 1704 Μαρίας
3506 1627 3669 1704 ἦλθεν
3697 1636 3726 1686 ὁ

2151 1726 2340 1795 Λόγος,
2391 1726 2644 1798 περιττόν
2681 1726 2798 1780 ἐστι
2857 1725 3188 1797 γυμνάζειν,
3222 1725 3460 1798 φανεράν
3494 1725 3728 1797 ἐχούσης

479 1815 634 1871 sauia
679 1814 1023 1870 manifestam
1057 1816 1144 1871 sui
1197 1814 1623 1872 conl'utationem
1655 1830 1765 1884 prae
1798 1829 1857 1870 se
1887 1813 2040 1868 ferat.

2146 1791 2248 1889 τῆς
2273 1791 2479 1888 μανίας,
2495 1816 2609 1887 (65)
2636 1817 2814 1871 αὐτῶν
2836 1791 3315 1887 τήν-κατάγνωσιν.
3340 1791 3404 1870 lii.
3422 1791 3729 1889 γάροῦτως

479 1907 536 1961 Si
568 1923 803 1978 namque
836 1907 1070 1962 Verbum
1124 1908 1198 1962 ita
1239 1907 1474 1972 advenit,
1505 1923 1604 1962 cur
1653 1907 1743 1961 hic
1791 1906 1952 1961 homo
1979 1919 2045 1960 ex

475 1997 721 2068 Virgine,
750 2008 804 2052 et
837 2013 946 2052 non
977 2013 1042 2053 ex
1064 1998 1184 2053 viro
1211 2007 1265 2053 et
1289 1998 1514 2052 muliere
1543 1998 1659 2068 ipse
1686 2011 1905 2069 quoque
1927 2012 2048 2067 pro-

474 2088 624 2143 diit?
655 2087 736 2144 sic
766 2089 911 2143 enim
949 2089 1184 2159 quisque
1213 2097 1529 2145 sanctorum
1564 2088 1778 2158 genitus
1810 2095 1913 2144 est.
1941 2087 2048 2142 Aut

473 2196 594 2246 cur,
632 2181 677 2235 si
711 2179 942 2236 Verbum
967 2184 1040 2236 ita
1081 2181 1308 2246 venerit,
1341 2181 1608 2251 cujusque
1642 2196 1791 2235 mors
1820 2196 1930 2234 non
1962 2179 2040 2234 di-

474 2273 618 2328 citur
648 2287 746 2342 pro
778 2273 936 2329 nobis
967 2273 1218 2339 tolerata,
1247 2274 1342 2328 sed
1384 2273 1529 2327 illius
1561 2272 1818 2327 tantum?
1863 2272 2043 2338 Quare

473 2363 602 2418 item
629 2379 752 2419 cum
783 2365 848 2419 ad
886 2365 1130 2436 singulos
1154 2365 1450 2435 prophetas
1473 2363 1709 2418 Verbum
1739 2364 2038 2428 advenerit,

471 2457 671 2512 dicitur
695 2467 873 2512 tamen
902 2456 970 2512 ad
1001 2457 1182 2512 solum
1210 2456 1393 2511 Maria:
1417 2455 1613 2509 Filium
1646 2454 1810 2509 semel
1835 2453 1886 2506 in
1911 2468 2041 2508 con-

473 2549 836 2603 summatione
866 2549 1193 2604 sazculorum
1217 2547 1548 2604 advenisse?
1587 2547 1694 2601 Aut
1726 2562 1824 2602 cur
1865 2545 2040 2600 Verbo

472 2643 548 2696 ita
569 2643 837 2706 veniente,
866 2651 927 2696 ut
967 2651 1192 2696 venerat
1243 2641 1296 2694 in
1342 2647 1558 2694 sanctos
1593 2639 1715 2694 illos
1746 2637 1839 2708 qui
1887 2639 2039 2709 prius

469 2733 810 2798 exstiterant,
859 2733 949 2786 alii
999 2732 1218 2802 quidem
1253 2746 1441 2786 omnes
1489 2729 1690 2785 mortui
1736 2744 1858 2784 cum
1906 2728 2037 2794 sint,

461 2827 708 2882 nondum
763 2833 1208 2887 resurrexerunt,
1257 2824 1408 2878 solus
1456 2837 1584 2877 vero
1632 2821 1810 2876 Mariae
1869 2819 2037 2874 Filius

467 2926 593 2988 post
631 2917 871 2972 triduum
931 2916 1272 2970 resurrexit?
1321 2914 1428 2967 Aut
1472 2927 1642 2982 quare
1695 2927 1821 2966 cum
1873 2910 2035 2964 simili

469 3008 632 3064 modo
657 3008 724 3063 ad
746 3008 883 3062 alios
915 3007 1150 3062 Verbum
1199 3005 1429 3068 venerit,
1463 3004 1612 3059 solus
1645 3002 1828 3057 Mariae
1863 3002 2036 3056 Filius

2144 1905 2274 1980 ἦλθε
2296 1947 2310 1972 ,
2339 1907 2426 1962 διὰ
2458 1907 2510 1960 τί
2541 1900 2698 1971 οὗτος
2745 1908 2810 1960 ἐκ
2845 1906 3149 1978 Παρθένου,
3187 1907 3279 1960 καὶ
3323 1906 3396 1978 μὴ
3431 1907 3528 1960 καὶ
3563 1905 3726 1970 αὐτὸς

2145 2001 2206 2065 ἐξ
2232 2000 2418 2073 ἀνδρὸς
2451 2002 2544 2054 καὶ
2569 2000 2856 2070 γυναικός;
2885 1999 3072 2063 Οὕτως
3103 1999 3210 2071 γὰρ
3230 2000 3325 2053 καὶ
3355 1999 3585 2062 ἕκαστος
3613 1999 3728 2051 τῶν

2144 2093 2312 2160 ἁγίων
2328 2091 2611 2162 ἐγεννήθη.
2646 2093 2716 2144 Ἢ
2739 2091 2828 2145 διά
2855 2091 2926 2156 τί,
2952 2091 3122 2154 οὕτως
3140 2091 3384 2154 ἐλθόντος
3412 2089 3505 2144 τοῦ
3523 2091 3724 2159 Λόγου,

2143 2185 2241 2255 οὐχ
2269 2186 2297 2238 6
2323 2183 2554 2238 ἑκάστου
2603 2183 2831 2247 θάνατος
2871 2183 3088 2252 λέγεται
3128 2183 3266 2256 ὑπὲρ
3295 2181 3451 2252 ήμῶν
3489 2182 3724 2253 γεγενῆ-

2145 2275 2287 2338 σθαι,
2322 2274 2434 2329 ἀλλ’
2461 2277 2489 2328 6
2531 2275 2720 2328 τούτου
2771 2275 2964 2345 μόνος;
3013 2273 3110 2327 Διά
3141 2275 3193 2327 τί
3221 2273 3299 2336 δέ,
3337 2273 3458 2327 καθ’
3492 2275 3725 2327 ἕκαστον

2140 2368 2247 2421 τῶν
2278 2367 2570 2438 προφητῶν
2615 2367 3004 2438 ἐπιδημοῦντος
3039 2366 3132 2420 τοῦ
3165 2367 3363 2435 Λόγου,
3413 2365 3596 2434 λέγετε
3626 2365 3724 2419 ἐπὶ

2145 2459 2304 2530 μόνου
2337 2459 2430 2512 τοῦ
2467 2461 2529 2511 ἐκ
2557 2457 2808 2530 Μαρίας,
2846 2457 2922 2520 ὡς
2964 2456 3110 2521 ἆπαξ
3157 2457 3248 2510 ἐπὶ
3291 2456 3568 2527 συντελείᾳ
3610 2455 3721 2508 τῶν

2141 2550 2351 2605 αἰώνων
2399 2550 2871 2620 ἐπιδημήσαντοςς
2929 2550 2998 2602 Ἦ
3033 2549 3120 2602 διὰ
3166 2549 3237 2611 τί,
3279 2547 3523 2611 ἐλθόντος
3551 2547 3720 2600 αὑτοῦ

2141 2641 2285 2712 (66),
2321 2642 2396 2706 ὡς
2437 2638 2598 2714 ἦλθεν
2647 2643 2705 2694 ἐν
2755 2643 2866 2704 τοῖς
2920 2639 3223 2711 ἔμπροσθεν
3267 2640 3478 2709 ἁγίοις.
3524 2640 3571 2693 οἱ
3617 2639 3721 2710 μὲν

2139 2735 2286 2789 ἄλλοι
2341 2735 2567 2800 πάντες,
2613 2732 2999 2797 ἀποθανόντες,
3053 2736 3203 2787 οὔπω
3235 2734 3556 2804 ἀνέστησαν,
3598 2736 3627 2786 6
3655 2732 3719 2786 δὲ

2138 2828 2204 2880 ὲκ
2253 2828 2470 2898 Μαρίας
2527 2827 2685 2897 μόνος
2743 2825 2851 2896 (67)
2908 2827 3202 2898 τριήμερος
3255 2826 3491 2897 ἀνέστης
3537 2826 3608 2878 Ἦ
3629 2825 3720 2879 διὰ

2135 2921 2189 2974 τί
2208 2960 2222 2982 ,
2246 2920 2444 2989 ὁμοίως
2468 2922 2578 2982 τοῖς
2626 2919 2804 2983 ἄλλοις
2836 2918 3077 2984 ἐλθόντος
3123 2918 3214 2972 τοῦ
3263 2920 3462 2988 Λόγου,
3499 2919 3718 2988 λέγεται

2139 3012 2298 3083 μόνος
2324 3011 2352 3062 6
2376 3011 2439 3064 ἐκ
2464 3011 2682 3080 Μαρίας
2721 3011 3088 3082 Ἐμμανουὴλ,
3121 3011 3196 3073 ὡς
3232 3009 3482 3080 σώματος
3505 3009 3717 3080 πεπλη-

468 3099 667 3154 dicitur
695 3098 1036 3162 Emmanuel,
1068 3095 1224 3167 quasi
1252 3111 1452 3164 corpus
1485 3095 1602 3164 ejus
1628 3095 1825 3149 deitate
1868 3093 2037 3162 reple-

2143 3103 2381 3176 ρωμένου
2407 3102 2678 3173 θεότητος,
2705 3101 2984 3172 τεχθέντος
3012 3102 3072 3167 ἐξ
3096 3102 3298 3172 αὐτῆςς
3333 3103 3404 3154 Τὸ
3433 3101 3542 3173 γὰρ
3586 3102 3719 3170 Ἐμ-

467 3203 584 3248 tum
611 3201 666 3248 et
689 3208 753 3248 ex
798 3193 883 3245 illa
914 3193 1152 3261 genitum
1177 3190 1290 3244 sit?
1327 3187 1462 3242 Nam
1500 3188 1650 3252 illud,
1692 3186 2033 3251 Emmanuel,

470 3285 760 3356 signiﬁcat,
792 3283 1080 3337 Nobiscum
1109 3282 1265 3336 Deus.
1292 3281 1390 3336 Vel
1420 3295 1591 3351 quare
1625 3280 1668 3335 si
1701 3279 1774 3332 ita
1807 3277 2034 3342 venerit,

469 3377 748 3448 quodlibet
797 3386 1112 3431 sanctorum
1159 3375 1477 3430 comedente
1513 3381 1566 3426 et
1599 3371 1836 3435 bibente,
1875 3370 2036 3425 labo-

464 3481 625 3525 rante
662 3478 718 3524 et
753 3469 1042 3535 moriente,
1073 3483 1179 3521 non
1212 3467 1412 3521 dicitur
1442 3465 1620 3535 ipsum
1663 3463 1901 3519 Verbum
1945 3477 2039 3518 co-

469 3562 684 3617 medere
720 3570 774 3616 et
819 3561 1022 3626 bibere,
1055 3560 1304 3615 laborare
1351 3565 1404 3613 et
1450 3558 1610 3620 mori,
1665 3557 1760 3612 sed
1807 3555 1874 3611 de
1919 3556 2036 3610 solo

468 3655 651 3728 Maria:
699 3652 834 3707 Filio
883 3653 958 3707 ita
1012 3649 1624 3720 dicitur?Qu:ecunque
1647 3649 1792 3704 enim
1837 3663 2036 3717 corpus

470 3745 615 3800 istud
659 3761 881 3815 passum
925 3752 1031 3810 est,
1077 3745 1190 3798 haec
1222 3743 1378 3812 quasi
1409 3743 1527 3812 ipso
1570 3740 1806 3811 patiente
1859 3739 2036 3793 Verbo

468 3838 610 3892 dicta
658 3845 806 3891 sunt.
852 3834 1077 3889 Etcum
1126 3833 1194 3887 de
1239 3833 1360 3887 aliis
1411 3831 1664 3887 omnibus
1717 3829 1919 3884 dictum
1963 3827 2034 3882 sit

467 3929 752 3992 duntaxat,
776 3925 921 3995 quod
955 3925 1122 3995 geniti
1153 3923 1269 3977 nati
1315 3923 1444 3986 sint,
1481 3921 1547 3976 de
1590 3919 1706 3974 solo
1737 3917 1919 3971 Maria:
1943 3915 2034 3969 Fi-

467 4021 540 4074 lio
565 4021 770 4074 dictum
808 4025 929 4072 est:
960 4015 1028 4070 Et
1065 4014 1288 4069 Verbum
1311 4031 1433 4068 caro
1464 4013 1664 4082 factum
1693 4021 1766 4064 est
1788 4011 1854 4062 ⁷⁷.

539 4110 627 4162 12.
659 4103 738 4162 Ex
762 4109 961 4178 quibus
984 4107 1284 4160 ostenditur
1306 4105 1373 4159 ad
1405 4105 1644 4172 reliquos
1664 4102 1882 4172 quidem
1908 4115 2034 4156 san-

469 4207 586 4252 ctos
613 4198 835 4252 verbum
862 4196 1062 4251 factum
1083 4211 1204 4250 esse
1227 4203 1288 4249 ut
1316 4194 1700 4264 prephetarent
1723 4210 1738 4258 ;
1765 4207 1832 4245 ex
1866 4189 2033 4244 Maria

469 4298 648 4344 autem
676 4287 910 4343 Verbum
935 4303 1097 4343 carne
1118 4294 1395 4355 assumpta
1419 4285 1692 4339 hominem
1717 4283 1990 4353 prodiisse
2010 4319 2028 4346 ,

450 4381 561 4450 'qui
597 4389 787 4434 natura
821 4378 1037 4449 quidem
1064 4387 1118 4432 et
1146 4377 1448 4432 substantia
1483 4374 1718 4430 Verbum
1752 4373 1847 4429 Dei
1887 4381 2027 4436 erat,

2143 3193 2381 3265 μανουὴλ
2397 3192 2780 3264 ἑρμηνεύεται,
2819 3192 2958 3246 Μεθ’
2986 3192 3155 3262 ἡμῶν
3181 3196 3214 3248 ὁ
3245 3195 3407 3259 Θεός.
3431 3195 3498 3245 Ἦ
3514 3191 3602 3246 διὰ
3637 3194 3713 3255 τί,

2139 3287 2296 3357 εἴπερ
2315 3284 2485 3348 οὕτως
2508 3281 2690 3356 ἦλθεν,
2714 3284 2981 3346 ἐσθίοντος
3001 3284 3232 3337 ἑκάστου
3253 3281 3360 3335 τῶν
3381 3283 3551 3350 ἁγίων
3577 3281 3712 3351 (68),

2097 3431 2107 3440 ,
2139 3381 2232 3432 καὶ
2257 3378 2521 3441 πίνοντος,
2557 3378 2650 3430 καὶ
2688 3375 3005 3438 κοπιῶντος,
3039 3375 3131 3428 καὶ
3163 3373 3615 3444 ἀποθνήσκοντος,
3650 3374 3712 3426 οὐ

2137 3470 2351 3539 λέγεται
2377 3470 2452 3532 ὡς
2483 3469 2646 3532 αὐτὸς
2673 3467 2887 3534 ἐσθίων,
2911 3467 3005 3519 καὶ
3029 3466 3217 3530 πίνων,
3247 3467 3339 3519 καὶ
3362 3467 3589 3529 κοπιῶν,
3619 3468 3714 3520 καὶ

2137 3559 2511 3631 ἀποθνήσκων,
2539 3557 2650 3610 ἀλλ’
2680 3557 2772 3610 ἐπὶ
2816 3557 2976 3628 μόνου
3014 3553 3107 3609 τοῦ
3136 3558 3199 3609 ἐκ
3227 3556 3468 3628 Μαρίας;
3507 3558 3575 3609 Α
3604 3556 3712 3628 γὰρ

2137 3653 2340 3723 ἔπασχε
2369 3650 2527 3703 τοῦτο
2556 3649 2617 3702 τὸ
2649 3649 2834 3719 σῶμα,
2884 3648 3056 3702 ταῦτα
3082 3647 3156 3711 ὼς
3207 3647 3370 3700 αὑτοῦ
3411 3647 3712 3717 πάσχοντος

2135 3746 2367 3816 εἴρηται.
2403 3744 2513 3796 Καὶ
2536 3742 2642 3795 τῶν
2685 3740 2856 3794 ἄλλων
2888 3741 2944 3793 δὲ
2994 3739 3104 3810 (69)
3143 3739 3356 3792 πάντων
3403 3739 3711 3809 λεγομένων

2139 3836 2319 3906 μόνον,
2355 3835 2436 3888 ὅτι
2485 3832 2782 3904 ἐτέχθησαν
2821 3832 2915 3885 καὶ
2952 3829 3348 3900 ἐγεννήθησαν,
3385 3831 3476 3883 ἐπὶ
3518 3829 3612 3882 τοῦ
3646 3831 3710 3881 ὲκ

2133 3928 2349 4000 Μαρίας
2385 3926 2544 3998 μόνου
2575 3925 2816 3997 εἴρηται·
2851 3923 2959 3978 Καὶ
2981 3927 3014 3978 ό
3037 3924 3225 3992 Λόγος
3260 3921 3417 3991 σὰρξ
3447 3921 3702 3975 ἐνένετα

2205 4107 2293 4160 12.
2345 4105 2433 4172 Ἐξ
2461 4098 2534 4158 ὧν
2561 4103 2857 4167 δείκνυται,
2905 4103 2986 4154 ὅτι
3033 4098 3169 4170 πρὸς
3213 4097 3311 4169 μέν
3346 4098 3473 4158 τοὺς
3515 4093 3707 4156 ἄλλους

2135 4200 2378 4260 ἅπαντας
2405 4197 2624 4266 γέγονεν
2651 4197 2680 4250 6
2711 4195 2914 4264 Λόγος,
2958 4191 3051 4245 τοῦ
3100 4188 3460 4262 προφητεύειν
3514 4187 3700 4258 χάρινο

2133 4290 2197 4342 ἐκ
2248 4289 2302 4342 δὲ
2357 4287 2573 4358 Μαρίας
2632 4286 2790 4349 αὐτὸς
2834 4287 2863 4337 6
2894 4283 3090 4352 Λόγος,
3145 4281 3322 4350 σάρκα
3354 4277 3536 4334 λαϐὼν
3568 4279 3701 4349 (70).

2133 4377 2401 4448 προῆλθεν
2433 4377 2743 4447 ἄνθρωπος,
2779 4377 2842 4445 τῇ
2885 4373 2982 4444 μὲν
3013 4372 3171 4441 φύσει
3199 4371 3292 4424 καὶ
3320 4371 3385 4439 τῇ
3419 4369 3575 4438 οὐσίᾳ
3603 4367 3701 4420 Λό-

468 4473 767 4529 secundum
788 4487 1006 4527 carnem
1035 4481 1213 4526 autem
1243 4486 1311 4526 ex
1331 4469 1536 4524 semine
1563 4467 1728 4523 David
1747 4477 1879 4522 etex
1909 4481 2032 4521 car-

2143 4484 2226 4536 γος
2253 4467 2326 4520 ὣν
2356 4465 2451 4520 τοῦ
2479 4464 2634 4532 Θεοῦ,
2670 4464 2808 4518 κατὰ
2855 4464 2912 4516 δὲ
2943 4463 3122 4534 σάρκα
3163 4463 3226 4514 ἐκ
3259 4459 3570 4530 σπέρματος
3601 4461 3701 4508 Δα-

539 4609 584 4640 ⁷⁷
614 4606 772 4663 Joan.
804 4624 843 4674 ι,
872 4604 956 4661 14.

539 4747 655 4869 (62)
677 4744 1069 4828 Theodoretus.
1130 4743 1311 4798 αὐτοῦ.
1343 4743 1486 4797 lnl'ra
1523 4737 1866 4824 Seguerianz,
1903 4753 2031 4788 συν-

539 4817 624 4869 τελ
659 4834 706 4869 ε.
733 4817 865 4869 lbtd.
901 4815 1130 4869 Theod..
1153 4817 1425 4868 ἐσκότασε.
1459 4812 1621 4865 Paulo
1655 4817 1776 4869 post
1809 4808 2029 4869 beguer.

469 4808 706 4872 ἐστελλε.
733 4817 865 4871 Ibid.
901 4815 1130 4880 Theod.,
1153 4817 1425 4868 ἐσκότασε.
1459 4808 1621 4865 Paulo
1655 4817 1776 4878 post
1809 4808 2029 4880 Seguer.

468 4888 684 4957 Gobler.
718 4886 955 4957 Felckm.
991 4887 1044 4950 1,
1093 4877 1357 4954 Epiphan.
1394 4893 1446 4939 et
1485 4877 1781 4945 Theodor.,
1811 4877 2031 4948 θνητήν.

467 4956 985 5029 Eunaeum-
1075 5026 1096 5029 μ-
1398 5025 1433 5029 --
1529 5023 1540 5029 -
1772 5017 1798 5028 ~

541 5017 649 5098 (6'5)
672 5017 894 5098 Ἐρῲιιὶ,
927 5025 1362 5098 φθορᾶςοῦᾷυμα
1392 5025 1448 5078 δὲ
1477 5023 1692 5098 γέγονε.
1706 5017 1800 5072 τοῦ
1835 5017 2030 5098 Λόγου.

540 5085 653 5169 (64)
682 5085 1066 5169 Sizg'ueriaitus,
1104 5085 1180 5159 εἰς
1213 5085 1460 5169 ἕκαστον.
1489 5085 1630 5169 lnl'ra
1648 5089 1907 5169 "Segueru
1938 5085 2032 5138 τὸν

466 5159 799 5239 ἔχ’Μαρίαξ.
848 5167 906 5220 lu
933 5167 1122 5239 editis,
1163 5166 1254 5218 τόν
1284 5162 1611 5239 deest._Mox
1647 5159 2030 5239 Segueriantls,

465 5227 825 5293 Goblefianus
850 5247 904 5291 et
929 5236 1075 5290 Felc.
1103 5237 1154 5301 1,
1179 5237 1430 5305 περιττόν
1462 5233 1697 5305 ἐστι-κα).
1713 5227 2028 5305 γυμνάζειν.

538 5307 648 5380 (65)
678 5306 906 5380 Seguer;
951 5296 1180 5380 Gobler;
1197 5296 1447 5380 et'_[«‘e_lc,_
1468 5305 1520 5380 1,
1550 5303 1647 5372 τῆς
1662 5296 1873 5380 ἀνοίας.
1909 5296 2031 5380 Mox

468 5368 807 5446 Sequerianj,
849 5372 1002 5439 οὗτος
1041 5378 1114 5446 ἐκᾼ
1136 5375 1306 5446 Παρθ.
1353 5375 1493 5446 Editi
1525 5383 1580 5426 et
1604 5368 1936 5446 algebunt;
1969 5369 2032 5446 ἐκ

467 5438 640 5518 Haupt).
683 5438 804 5501 Most
842 5438 1052 5518 Anglic.
1088 5438 1306 5515 Srgu'er.
1337 5445 1552 5518 Gobler.
1587 5451 1641 5496 et
1677 5440 1819 5494 Felc.
1856 5440 1906 5518 1,
1939 5438 2033 5518 καὶ

468 5507 668 5639 ’καὶ
695 5517 854 5580 αὑτός
882 5534 897 5548 ο
929 5507 981 5569 ἧι
1008 5507 1348 5586 δοευέιτίαηη
1379 5516 1468 5567 καί
1507 5515 1658 5567 deest
1698 5520 1821 5565 ante
1845 5507 2028 5570 αὐτός.

497 5586 508 5598 “
553 5589 609 5639 iti
638 5603 784 5639 vero.
812 5587 904 5639 καὶ
942 5586 1012 5639 μὴ
1047 5587 1139 5639 καὶ
1164 5586 1353 5639 οὕτως.

539 5586 609 5641 liti
638 5603 784 5652 vero,
812 5587 904 5639 καὶ
940 5586 1012 5657 μὴ
1047 5587 1139 5639 καὶ
1164 5586 1353 5647 οὕτως.

539 5656 649 5726 (66)
684 5655 1021 5724 Seguerian.,
1053 5655 1193 5726 nata:
1225 5657 1276 5708 τί
1303 5654 1492 5716 οὕτως.

540 5718 650 5794 (67)
674 5718 848 5787 Μόνος
874 5718 1022 5781 deest
1051 5718 1103 5777 iii
1129 5724 1291 5781 Basil.
1320 5726 1539 5787 Ibidem,
1563 5723 1853 5794 τριήμερος
1879 5718 2033 5773 deest

2135 4741 2190 4796 in
2222 4737 2545 4810 Epiphanio.)
2565 4735 2707 4810 Infra
2740 4734 3052 4810 Anglicum,
3081 4738 3205 4810 post
3226 4727 3542 4810 ἐκΜαρίας
3561 4725 3695 4810 ,Ἐμ-

2140 4797 2401 4884 μανοξιῆλ,
2429 4809 2578 4884 addit
2605 4797 3269 4884 _xai_éppﬁvegetat,_l\1f6‘
3293 4797 3624 4884 ήμῶνβεόςς

2205 4881 2314 4951 (68)
2333 4869 2438 4935 ’8ἰο
2469 4869 3080 4951 EpjpltLGtib'lei'.AFel_c.
3108 4869 3441 4951 1.“S_egu_er.;_
3460 4869 3516 4951 in
3543 4869 3690 4951 edit,

2133 4936 2446 5022 προφητῶν.
2464 4936 2620 5022 iulia
2651 4946 2874 5014 Seguer.
2903 4943 3116 5022 Golden.
3146 4936 3289 5022 Fe'lc'.
3315 4940 3368 5001 1,
3392 4949 3448 5022 _e_t
3477 4936 3689 5022 Epiph.,

2132 5009 2209 5085 ὡς
2246 5009 2426 5082 αὗτός.
2464 5018 2605 5072 Editi
2643 5009 2771 5071 vero
2819 5023 2873 5069 et
2922 5014 3011 5085 alii
3036 5052 3059 5085 ,Α
3082 5011 3358 5085 ὡσαύτως.
3390 5009 3694 5085 Ηυξ-...ἀπο-

2133 5077 2401 5162 θνήσκων,
2433 5091 2512 5145 sic
2545 5088 2701 5162 Angl,
2729 5085 2884 5141 Gobl.
2921 5081 3100 5138 Felck.
3134 5082 3185 5147 1,
3219 5078 3442 5150 Seguer.
3473 5077 3613 5132 Editi
3640 5086 3692 5129 et

2131 5157 2420 5232 Epiphan.,
2457 5157 2760 5232 ἀποθανών.

2203 5213 2434 5302 (69)Έὼ
2460 5213 2922 5302 seguer._An_glic.
2954 5222 3179 5302 (ξρωεενΖ
3199 5229 3253 5276 et
3280 5217 3520 5302 Felekm.
3551 5218 3601 5302 .
3634 5213 3688 5296 In

2132 5289 2252 5357 aliis
2280 5289 2332 5354 et
2363 5303 2417 5355 in
2447 5289 2635 5364 editis,
2683 5297 2740 5350 δέ
2772 5289 2943 5350 dcest.
2979 5293 3125 5364 Mox,
3155 5292 3235 5343 ὃτι
3267 5292 3416 5364 deest
3443 5290 3499 5364 in
3528 5289 3690 5358 pluri-

2132 5374 2235 5426 mis
2283 5387 2437 5435 mss.,
2498 5370 2588 5423 sed
2620 5357 2965 5421 retinendum
3020 5363 3258 5435 videtur.)
3303 5357 3685 5435 ltlox__Seg_uer.

2131 5444 2302 5505 solus,
2338 5427 2436 5494 ὲπῖ
2481 5439 2535 5492 δὲ
2567 5437 2660 5491 τοῦ
2699 5439 2762 5488 ἐκ
2789 5435 3005 5504 Μαρίας
3032 5432 3210 5505 μόνον.
3248 5427 3684 5505 Infraﬁpiphan.

2133 5497 2355 5582 Seguer.
2386 5510 2603 5565 Gobler.
2637 5516 2692 5564 et
2717 5497 2954 5561 Felckin.
2981 5497 3044 5567 t,‘
3065 5501 3288 5566 πάντας.
3319 5497 3546 5555 Editi’et
3575 5497 3682 5557 a‘r‘i,

2131 5584 2390 5644 ἅπαντας.

2201 5651 2309 5722 (ἷο)
2336 5642 2714 5720 Seguerianus,
2740 5650 2768 5703 ὁ
2801 5648 2969 5715 Λόγος
3003 5643 3178 5714 ἐαυτῷ
3210 5642 3404 5713 σάρκα.
