3992 6230
503 328 654 424 ιοῖι
1111 359 1169 414 S.
1210 354 1578 411 ATHANASII
1619 353 1768 409 OPP.
1814 351 1993 407 PARS
2033 350 2072 406 Ι.
2100 381 2166 392 -
2207 348 2575 404 HISTORICA
2616 349 2702 402 ET
2742 345 3161 405 DOGMATICA.
3627 349 3762 404 {072

520 480 621 552 μιν
665 477 771 549 γὰρ
819 475 1022 546 ἄψυχος
1065 471 1347 543 ἅνθρωπος
1374 487 1387 502 ·
1421 469 1576 524 τοῦτο
1602 469 1972 540 καὶἈρειανοὶ
2007 468 2273 535 λέγουσιν,
2323 465 2388 518 ἶν’
2410 469 2502 520 ἐπὶ
2540 467 2639 538 τὴν
2668 465 2894 535 θεότητα
2937 463 2998 517 τὸ
3030 464 3198 528 πάθος
3227 464 3542 532 ὲνέγκωσιν,
3567 463 3643 527 ὠς
3669 464 3761 519 τοῦ

519 569 790 633 κινοῦντος
831 568 890 622 τὸ
926 567 1082 636 σῶμα
1126 564 1219 618 καὶ
1253 563 1441 616 τούτου
1469 562 1785 633 πάσχοντος.
1827 559 1961 614 Nam
2002 560 2046 614 si

2187 575 2196 612 ε
2223 556 2517 628 (Christus)
2543 557 2872 611 inanimatus
2901 557 3063 613 homo
3097 568 3175 614 est
3205 575 3222 613 ε
3251 559 3353 614 hoc
3385 559 3550 614 etiam
3579 559 3762 614 Ariani

518 664 690 728 aiunt,
720 670 776 717 ut
799 660 1107 730 passionem
1137 657 1191 711 in
1219 655 1552 709 divinitatem
1587 651 1936 716 transferant,
1972 658 2154 718 utpote
2190 664 2312 702 cum
2345 649 2394 702 id
2425 647 2570 717 quod
2607 656 2786 702 movet
2825 662 3044 716 corpus,
3081 648 3220 703 idem
3261 663 3481 719 quoque
3509 650 3763 719 patiatur.

588 757 675 812 ill.
709 754 918 810 Idcirco
953 761 1128 807 autem
1151 751 1204 804 hi
1235 749 1484 819 lncifugw
1511 765 1562 802 se
1608 747 1826 802 Verbum
1849 747 2106 800 hominem
2133 744 2335 814 factum
2370 755 2506 798 recte
2539 745 2761 797 adorare
2787 743 3210 811 arbitrabantur,
3236 745 3374 815 quod
3413 753 3470 798 ut
3500 761 3628 799 vane
3666 761 3765 815 pu-

518 854 722 915 tabant,
746 852 936 905 anima:
963 849 1129 903 locum
1180 846 1393 901 Verbuzn
1425 846 1597 915 ipsum
1629 845 1903 898 obtineret.
1935 840 2073 895 Nam
2097 842 2306 895 etiamsi
2339 839 2561 895 Verbum
2583 857 2691 894 rem
2720 849 2949 894 creatam
2981 837 3165 893 vellent
3195 854 3325 903 esse,
3363 839 3535 907 ipsum
3568 838 3766 892 nihilo-

517 946 690 998 minus
725 943 1020 998 adorabant
1045 959 1063 996 :
1094 942 1229 996 unde
1254 945 1451 1012 passim
1485 941 1593 995 illis
1635 940 1915 1009 exprobrat
1943 938 2287 1003 Athanasius,
2322 938 2458 1007 quod
2477 951 2583 989 rem
2615 947 2848 990 creatam
2880 934 3097 988 adorent
3133 933 3282 1002 eique
3314 934 3567 999 serviant,
3596 944 3654 986 ut
3686 933 3767 987 hic

517 1054 730 1091 numero
764 1037 809 1092 l.
836 1035 904 1089 At
935 1036 1202 1091 Christum
1231 1045 1286 1089 ut
1318 1035 1581 1090 hominem
1619 1033 1874 1105 negabant
1923 1032 2080 1085 iidem
2107 1031 2436 1085 adorandum
2475 1046 2605 1093 esse,
2637 1031 2704 1092 si,
2759 1039 2815 1083 ut
2863 1036 2976 1082 erat
3035 1028 3426 1084 Catholicorum
3486 1031 3766 1093 sententia,

511 1129 777 1200 perfectus
807 1131 960 1183 homo
982 1138 1146 1194 esset;
1192 1137 1346 1199 atque
1380 1129 1455 1180 ita
1483 1125 1879 1196 intelligendum
1935 1132 2034 1187 est,
2080 1122 2216 1192 quod
2253 1137 2463 1175 numero
2496 1121 2526 1174 7
2549 1122 2625 1174 ait
2652 1130 2865 1175 sanctus
2897 1122 3100 1193 doctor,
3137 1127 3360 1181 Ariauos
3399 1125 3684 1183 Dominum
3712 1128 3767 1180 in

509 1239 671 1278 carne
699 1233 949 1294 tanquam
973 1223 1026 1275 in
1053 1221 1242 1290 templo
1272 1221 1605 1274 exsistcntem
1636 1216 1773 1271 nolle
1799 1215 2042 1268 adorare.

584 1307 680 1372 ινῖ
701 1323 814 1374 Hoc
845 1335 909 1372 ea:
947 1333 1123 1371 errore
1149 1315 1238 1370 ille
1285 1314 1422 1369 alius
1461 1313 1665 1367 videtur
1691 1327 1982 1374 emanasse,
2010 1325 2190 1364 eorum
2220 1325 2400 1377 nempe
2437 1309 2526 1379 qui
2553 1325 2764 1363 carnem
2794 1307 3002 1364 Domini
3045 1309 3411 1379 conjunctione
3442 1326 3560 1365 cum
3603 1309 3768 1364 Verbo

515 1408 807 1463 increatam
841 1408 1042 1475 factam
1073 1407 1237 1476 fuisse
1261 1407 1662 1464 existimabant.
1699 1404 1898 1475 Quippe
1923 1405 2004 1458 illi
2035 1403 2103 1458 ad
2131 1405 2214 1457 sui
2242 1403 2592 1472 defensionem
2619 1404 2937 1459 dictitabant
2967 1406 3190 1481 :'Hp.eig
3211 1409 3269 1462 οὐ
3299 1409 3570 1480 κτίσματα
3600 1426 3771 1479 προσο

515 1503 802 1574 κυνοῠμεν,
836 1501 945 1558 Nos
977 1517 1090 1558 rem
1123 1511 1359 1558 creatam
1390 1517 1498 1556 non
1535 1502 1849 1568 adoramus,
1889 1500 2078 1569 iidemq

2187 1497 2462 1554 Iatholicos
2480 1500 2813 1569 appellabant
2846 1501 3321 1574 ἁνθρωπολάτρας,
3346 1502 3578 1571 duosque
3607 1502 3672 1554 ab
3694 1505 3769 1555 eis

514 1596 726 1668 agnosci
754 1595 924 1651 Filios
977 1597 1460 1666 calumniabantur,
1489 1596 1627 1669 quod
1681 1596 1902 1651 Verbum
1944 1597 2142 1665 factum
2189 1595 2447 1648 hominem
2478 1595 2766 1666 perfectum
2799 1596 3102 1652 adorarent.
3139 1596 3303 1665 Cujus
3332 1596 3542 1667 quidem
3571 1597 3768 1651 erroris

510 1687 918 1758 fundamentum
941 1686 1040 1741 hac
1069 1689 1124 1741 in
1153 1688 1377 1757 epistula
1403 1688 1568 1742 diruit
1593 1696 1808 1741 sanctus
1847 1685 2189 1749 Athanasius,
2236 1685 2289 1738 in
2320 1701 2422 1754 qua
2445 1685 2592 1738 docet
2625 1697 2673 1739 et
2700 1687 3034 1742 adorandum
3061 1704 3172 1744 esse
3195 1688 3390 1743 Christi
3423 1704 3635 1758 corpus,
3665 1691 3769 1745 sive

514 1779 784 1836 Christum
814 1780 1098 1846 hominem,
1131 1799 1222 1836 nec
1247 1781 1323 1834 ita
1357 1797 1388 1834 a
1414 1781 1563 1835 nobis
1600 1781 1816 1834 adorari
1838 1795 1944 1832 rem
1974 1786 2238 1841 creatam,
2263 1777 2351 1829 sed
2389 1775 2607 1829 Verbum
2638 1778 2898 1832 hominem
2929 1779 3132 1849 factum
3172 1795 3299 1834 :nec
3323 1781 3462 1834 enim
3483 1782 3769 1835 humanam

511 1883 765 1927 naturam
783 1891 815 1926 a
840 1872 1003 1927 Verbo
1031 1879 1383 1944 separandum
1409 1895 1540 1944 esse,
1567 1889 1623 1933 ut
1656 1865 1875 1932 Verbum
1902 1877 2150 1928 adoretur
2167 1872 2284 1937 ;sed
2303 1873 2467 1944 728
2489 1872 2711 1928 Verbum
2739 1876 2912 1944 forma
2931 1877 3258 1946 servi,quam
3275 1879 3493 1945 accepit,
3524 1878 3767 1932 indutum

510 1963 696 2020 debere
723 1967 960 2022 adorari.
991 1966 1111 2034 Qua
1141 1987 1266 2026 sane
1294 1974 1539 2027 doctrina
1563 1982 1613 2027 et
1647 1971 1956 2026 Nestorium
1992 1978 2043 2024 et
2075 1967 2384 2038 Eutychem,
2411 1967 2558 2039 longe
2595 1979 2715 2024 ante
2747 1979 2893 2024 ortas
2933 1971 3167 2040 ipsorum
3200 1973 3445 2036 hereses,
3472 1972 3769 2026 luculenter

515 2061 872 2117 condemnauit
897 2078 916 2116 :
950 2062 1256 2121 Nestorium
1284 2069 1513 2138 quidem,
1548 2084 1668 2123 cum
1709 2066 1977 2122 Christum
2002 2073 2155 2135 negat
2187 2064 2242 2117 in
2285 2063 2388 2116 duo
2418 2079 2528 2119 esse
2563 2065 2898 2122 dividendum
2924 2083 2941 2124 .'
2971 2065 3261 2136 Eutychem
3305 2082 3444 2130 vero,
3477 2079 3598 2119 cum
3631 2064 3766 2120 inte-

499 2173 638 2230 gras
659 2176 722 2214 ac
743 2160 1024 2216 distinctas
1053 2171 1229 2220 tuetur
1264 2164 1464 2220 Christi
1496 2175 1739 2220 naturas.

2098 2281 2158 2293 υ..-

916 2411 1142 2499 ΤΟΥ
1195 2415 1339 2502 ΕΝ
1391 2415 1754 2503 ΑΓΙΟΙΣ
1793 2418 2228 2506 ΠΑΤΡΟΣ
2285 2417 2608 2507 ΗΜΩΝ
2683 2416 3348 2509 ΑΘΑΝΑΣΙΟΥ,

1512 2596 2097 2653 ΛΡΧΙΕΙῙΙΣΚΟΠυΥ
2132 2596 2698 2657 ΑΛΕΞΑΝΔΡΕΙΑΣ
2729 2599 2864 2672 (77),

787 2749 1130 2808 ΕΠΙΣΤΟΛΗ
1175 2754 1355 2811 ΠΡΟΣ
1403 2755 1744 2812 ΑΔΕΛΜΟΝ
1800 2754 2200 2811 ΕΠΙΣΚΟΠΟΝ
2244 2760 2370 2816 ΚΑΙ
2389 2759 2878 2829 ΟΜΟΛΟΓΗΤΗΝ,
2909 2761 3103 2819 ΚΑΤΑ
3133 2760 3504 2816 ΔΡΕῙΔΝΩΝ.

1433 2997 1550 3119 S.
1638 3004 1764 3114 P.
1851 3002 1991 3116 N.
2083 3004 2916 3127 ATHANASII.

1619 3218 2144 3280 ARCHIEPISCOPI
2183 3222 2674 3290 ALEXANDRUE,

673 3377 1085 3444 EPISTOLA
1145 3379 1256 3443 AD
1301 3380 1823 3450 ADELPHIUM
2401 3384 2519 3446 ΕΤ
2558 3379 3176 3448 CONFESSOBEM
3196 3423 3214 3456 ,
3273 3380 3604 3446 CONTRA

595 3745 646 3801 1.
669 3743 936 3800 Perlectis
963 3743 1048 3800 his
1073 3759 1195 3814 qua:
1221 3760 1252 3799 a
1279 3752 1365 3799 tua
1401 3746 1663 3817 religione
1701 3748 1901 3820 scripta
1931 3759 2079 3817 sunt,

2257 3752 2310 3806 1.
2357 3747 2698 3818 Ἐντυχόντες
2727 3745 2837 3808 τοῖς
2860 3744 3010 3816 παρὰ
3035 3745 3135 3817 τῆς
3155 3743 3257 3816 σῆς
3277 3742 3588 3808 θεοσεϐείας
3624 3762 3760 3816 γρα-

521 3846 670 3893 tuam
697 3837 914 3908 quidem
949 3836 1002 3892 in
1047 3834 1326 3892 Christum
1374 3838 1628 3908 pietatem
1655 3856 1779 3896 vere
1816 3843 2079 3914 approba-

2191 3841 2470 3915 φεῖσι,τὴν
2491 3839 2587 3910 μὲν
2608 3837 2705 3908 σὴν
2741 3837 2820 3900 εἰς
2849 3837 3080 3908 Χριστὸν
3111 3834 3391 3890 εὐσέϐειαν
3410 3836 3626 3907 ἀληθῶς
3655 3839 3760 3891 ἁπ-

519 3929 719 3994 vimus,
768 3927 1064 3997 laudesque
1102 3925 1211 3982 Deo
1240 3928 1508 3998 imprimis
1548 3931 1938 4002 persolvimus,
1987 3931 2079 4004 qui

2188 3933 2502 4007 εδεξὰμεθα,
2521 3931 2710 3988 καὶτὸν
2726 3930 2824 4001 μὲν
2835 3929 2964 3985 Θεὸν
2978 3930 3396 4004 προηγουμένως
3411 3930 3761 4003 ὲδοξάσαμεν,

520 4019 618 4075 tibi
643 4019 954 4091 huiusmodi
982 4026 1066 4074 est
1084 4018 1310 4087 largitus
1341 4021 1592 4092 gratiam,
1619 4031 1678 4077 ut
1705 4031 1759 4078 et
1790 4034 1934 4079 recte
1959 4040 2084 4081 sen-

521 4111 672 4175 tires,
696 4124 797 4164 nec
820 4107 1018 4163 diaboli
1036 4108 1274 4202 fraudes:
1297 4120 1560 4179 quantum
1591 4113 1732 4168 scire
1755 4115 1900 4181 licet,
1931 4115 2086 4188 igno-

519 4215 708 4256 rares:
735 4214 843 4255 non
877 4201 1154 4272 potuimus
1179 4201 1309 4257 vero
1336 4217 1442 4257 non
1476 4204 1736 4260 admirari
1766 4222 2084 4276 perversum

521 4291 898 4348 haereticorum
929 4292 1197 4358 animum,
1232 4293 1327 4364 qui
1365 4295 1500 4349 adeo
1531 4295 1587 4350 in
1629 4296 1956 4368 profundum
1981 4300 2084 4355 im-

521 4381 738 4451 pietatis
765 4381 998 4437 demersi
1029 4388 1177 4447 sunt,
1218 4391 1278 4436 ut
1316 4383 1523 4438 nullum
1557 4383 1672 4454 jam
1701 4401 1922 4442 sensum
1952 4403 2083 4444 con-

523 4481 762 4537 servent,
786 4474 881 4528 sed
905 4481 1218 4544 corruptam
1243 4474 1390 4530 omni
1413 4490 1480 4531 ex
1503 4488 1652 4546 parte
1671 4477 1907 4533 habeant
1932 4494 2085 4533 men-

523 4573 654 4619 tem.
694 4563 853 4618 Certe
884 4562 1197 4633 hnjusmodi
1246 4562 1459 4619 facinus
1490 4565 1766 4622 diabolum
1805 4577 2083 4624 auctorem

520 4658 706 4724 habet,
735 4667 925 4726 estque
953 4657 1022 4712 ad
1058 4655 1428 4726 improborum
1470 4657 1826 4714 imitationem
1870 4657 2085 4716 Iudaeo-

518 4766 664 4806 rum.
683 4747 819 4804 Nam
841 4758 901 4804 ut
922 4747 1000 4804 illi
1025 4748 1266 4818 undique
1289 4749 1802 4816 convicti,rationes
1820 4734 2082 4810 adversus

520 4841 731 4912 seipsos
754 4841 1154 4912 excogitabant,
1179 4856 1245 4896 eo
1273 4849 1482 4896 tantum
1518 4852 1581 4897 ut
1604 4841 1894 4898 Dominum
1926 4861 2084 4916 nega-

517 4943 660 5002 rent,
693 4945 748 4992 et
769 4951 890 5008 quae
917 4936 1174 5007 praedicta
1218 4947 1346 4993 sunt
1378 4937 1431 4992 in
1469 4937 1678 5008 seipsos
1700 4938 2079 4996 attraherent:

517 5031 601 5086 sic
621 5038 675 5085 et
695 5030 785 5086 isti
817 5045 938 5086 cum
967 5045 1026 5085 se
1053 5030 1294 5101 undique
1323 5031 1522 5096 notari,
1545 5046 1810 5101 suamque
1831 5031 2078 5087 haeresim

2187 4025 2454 4081 δεδωκότα
2485 4039 2565 4076 σοι
2596 4021 2693 4093 τὴν
2729 4020 2981 4094 τοιαύτην
3005 4021 3184 4094 χάριν,
3213 4018 3353 4076 ὥστε
3378 4022 3473 4074 καὶ
3501 4021 3603 4093 τὴν
3630 4022 3760 4094 φρό-

2187 4134 2341 4189 νησιν
2386 4115 2528 4185 ἐχειν
2560 4113 2724 4186 ὀρθὴν
2747 4152 2761 4177 ,
2787 4113 2880 4168 καὶ
2912 4113 2985 4184 μὴ
3032 4111 3246 4181 ἀγνοεῖν
3279 4112 3420 4166 κατὰ
3444 4112 3506 4166 τὸ
3538 4113 3759 4168 δυνατὸν

2187 4206 2283 4269 τὰς
2316 4204 2592 4276 μεθοδείας
2631 4202 2724 4256 τοῦ
2757 4202 3036 4256 διαϐόλου·
3077 4201 3176 4272 τὴν
3205 4201 3262 4255 δὲ
3311 4202 3418 4256 τῶν
3470 4204 3760 4275 αἱρετικῶν

2189 4299 2472 4353 κακόνοιαν
2517 4296 2901 4368 ἐθαυμάσαμεν
2919 4337 2935 4364 ,
2995 4295 3320 4368 θεωροῦντες
3357 4295 3474 4360 πῶς
3509 4297 3762 4352 τοσοῦτον

2189 4392 2268 4453 εἰς
2297 4389 2548 4452 ἀσεϐείας
2582 4387 2851 4460 βάραθρον
2875 4385 3258 4452 πεπτώκασιν,
3287 4387 3362 4452 ὡς
3397 4388 3595 4461 μηκέτι
3627 4391 3760 4462 μηδὲ

2187 4481 2286 4545 τὰς
2317 4480 2594 4552 αἰσθήσεις
2628 4478 2851 4548 σώζειν,
2891 4479 3024 4536 ἀλλὰ
3060 4479 3392 4552 πανταχόθεν
3433 4481 3760 4554 διεφθαρμέ-

2189 4588 2287 4643 νην
2315 4571 2459 4644 ἔχειν
2489 4571 2587 4643 τὴν
2609 4571 2861 4626 διάνοιαν.
2895 4572 3062 4625 Τοῦτο
3091 4572 3148 4627 δὲ
3183 4573 3244 4626 τὸ
3277 4574 3613 4645 ἐπιχείρημα
3648 4574 3761 4628 δια-

2189 4664 2342 4718 ϐόλου
2376 4663 2474 4736 μέν
2515 4667 2660 4718 ἐστιν
2694 4663 2961 4735 νἰποϐολὴ,
3004 4663 3113 4718 τῶν
3156 4664 3213 4718 δὲ
3254 4665 3585 4736 παρανόμων
3635 4667 3761 4720 Ἰω-

2187 4756 2348 4810 δαίων
2399 4757 2646 4829 μίμησις.
2707 4756 2915 4828 Ὠσπερ
2968 4756 3078 4828 γὰρ
3127 4758 3355 4821 ἐκεῖνοι,
3422 4759 3759 4830 πανταχόθεν

2189 4847 2566 4918 ἐλεγχόμενοι,
2605 4848 2903 4919 προφάσεις
2949 4846 3202 4900 ἐπενόουν
3237 4847 3360 4900 καθ’
3391 4848 3600 4902 ἑαυτῶν
3622 4889 3637 4912 ,
3671 4850 3758 4901 ἶνα

2191 4940 2348 5011 μόνον
2373 4940 2463 4994 τὸν
2491 4938 2692 5011 Κύριον
2721 4941 3080 5012 ἁρνήσωνται,
3107 4940 3201 4993 καὶ⁹
3230 4939 3298 4992 τὰ
3317 4940 3759 5012 προφητευθέντα

2188 5031 2311 5085 καθ’
2341 5031 2550 5087 ἑαυτῶν
2596 5032 3030 5086 ἐπισπάσωνταισ
3085 5032 3176 5086 τὸν
3215 5031 3374 5085 αὐτὸν
3423 5032 3624 5103 τρόπον
3663 5031 3760 5086 ml

518 5121 775 5178 omnibus
819 5122 1210 5177 exsecrandam
1253 5137 1376 5178 esse
1405 5123 1626 5189 vident,
1663 5138 1783 5178 sese
1811 5123 2078 5178 scelerum

2187 5115 2347 5188 οὗτοι,
2378 5121 2708 5194 θεωροῦντες
2744 5124 2968 5188 ἑαυτοὺς
3001 5123 3336 5195 πανταχόθεν
3376 5124 3762 5196 στηλιτευομέο

517 5223 770 5270 auctores
798 5229 907 5268 non
934 5225 1190 5269 verentur
1221 5213 1432 5282 lacere;
1467 5223 1525 5269 ut
1563 5225 1750 5270 contra
1795 5217 2076 5272 veritatem

2187 5232 2325 5280 νους,
2360 5217 2454 5268 καὶ
2488 5214 2772 5285 βλέποντες
2801 5216 3096 5288 γενομένην
3122 5215 3232 5287 (78)
3265 5216 3560 5289 βδελυκτὴν
3605 5215 3763 5286 παρὰ

514 5317 758 5376 pugnare
788 5317 897 5357 non
942 5304 1283 5373 desistentes,
1318 5320 1443 5360 vere
1487 5304 1693 5360 Christi
1733 5305 1918 5361 hostes
1952 5321 2078 5376 per-

2183 5309 2318 5361 πᾶσι
2347 5307 2445 5378 τὴν
2471 5307 2678 5377 αἵρεσιν
2709 5307 2905 5375 αὐτῶν,
2948 5311 3234 5381 ὲφευρεταὶ
3279 5309 3515 5378 γίνονται
3546 5307 3759 5372 κακῶν,

515 5403 792 5452 maneant.
825 5392 983 5451 Unde
1013 5397 1159 5452 enim
1199 5396 1306 5454 illis
1337 5397 1390 5451 id
1420 5406 1668 5452 exortum
1711 5397 1911 5452 malum
1951 5398 2076 5454 est?

2187 5399 2268 5455 ἵνα
2283 5399 2382 5471 pi],
2404 5399 2700 5471 παυόμενοι
2716 5403 2835 5464 ταῖς
2857 5401 2991 5474 πρὸς
3006 5400 3103 5474 τὴν
3119 5400 3374 5473 ἀλήθειαν
3397 5402 3597 5475 μάχαις
3619 5401 3761 5471 (79),

581 5551 699 5633 g7)
736 5553 948 5633 Scripta
980 5570 1124 5633 anno
1141 5555 1357 5633 circiter
1392 5553 1819 5633 52!.TSeguer.
1847 5555 1947 5633 τοῦ
1979 5556 2075 5633 ai»

516 5624 609 5698 τοῦ
631 5624 888 5695 ἐπιστολὴ
914 5628 1186 5696 γραφεῖσα
1229 5627 1384 5696 πρός.
1431 5625 1591 5680 Basil.
1637 5624 1689 5681 et
1725 5626 1938 5698 Anglic.
1973 5625 2070 5680 ad-

518 5687 656 5745 dunt
678 5687 1234 5765 ιιιιοιιυέ,”γραφεῑσα.

2257 5557 2369 5630 (:18)
2393 5556 2648 5630 §eguer.,
2674 5559 2978 5630 γινομένην.

2252 5627 2364 5699 (⁷79)
2389 5628 2550 5685 Forte
2576 5631 2674 5698 τῆς
2711 5627 2908 5701 μάχης.
