3992 6230
279 327 422 386 1075

1239 335 1580 391 EPISTULA
1621 335 1716 416 AD
1753 333 2156 391 ADELPHIUM
2195 333 2610 393 EPISCOPUM.

3385 329 3520 386 1074
3541 365 3550 374 -

275 451 492 522 ὰληθῶς
529 454 894 525 Χριστομάχοι
940 455 1274 526 διαμείνωσι.
1323 457 1493 512 Πόθεν
1533 457 1640 528 γὰρ
1673 461 1854 522 αὐτοῖς

1963 459 2058 525 Qui
2090 459 2311 514 omnino
2349 473 2543 513 novam
2585 459 2725 512 hanc
2752 456 3075 512 calumniam
3109 465 3298 513 contra
3329 451 3517 508 Salva-

277 541 438 598 ἀνέδυ
468 543 562 598 καὶ
602 544 760 598 τοῦτο
796 547 857 599 τὸ
905 547 1106 612 κακόν;
1153 546 1278 611 Πῶς
1311 547 1446 610 ὅλως
1491 547 1858 619 τετολμήκασι

275 635 375 708 τὴν
403 634 595 707 καινὴν
629 637 831 708 ταύτην
864 637 1171 710 δυσφημίαν
1212 638 1546 709 φθέγξασθαι
1591 639 1734 696 κατὰ
1765 639 1858 692 τοῦ

276 725 558 796 Σωτῆροςς
593 725 728 790 ἀλλ’,
757 725 831 790 ὡς
861 727 1026 792 ἔοικε,
1049 730 1283 800 πονηρὸν
1312 732 1340 784 ὁ
1369 731 1588 802 ἀσεϐὴς,
1621 731 1714 784 καὶ
1747 731 1862 785 ἀδό-

275 833 438 887 κιμος
455 816 566 888 (80)
592 815 760 881 ὅντως
786 818 914 890 περὶ
939 819 1036 890 τὴν
1067 821 1268 874 πίστιν.
1295 821 1566 892 Πρότερον
1599 821 1728 893 γὰρ,
1755 823 1857 894 ἁρ-

273 909 528 982 νούμενοι
550 910 648 982 τὴν
683 910 911 982 θεότητα
940 913 1033 966 τοῦ
1063 911 1380 982 μονογενοῦς
1410 913 1540 967 Υίοῦ
1583 914 1675 967 τοῦ
1699 915 1855 977 Θεοῦ,

273 1001 632 1074 ὑπεκρίνοντο
669 1001 772 1056 κᾶν
799 1002 897 1074 τὴν
923 1002 1182 1076 ἕνσαρκον
1217 1003 1380 1060 αὑτοῦ
1409 1006 1708 1077 παρουσίαν
1740 1007 1859 1060 επι-

273 1091 594 1162 γινώσκειν·
647 1093 741 1148 νῦν
786 1093 865 1158 δὲ,
928 1095 1046 1148 κατ’
1085 1095 1262 1164 ὀλίγον
1310 1095 1854 1162 ὑποκαταϐαίνοντες,

273 1182 542 1250 ἐξέπεσαν
572 1184 664 1236 καὶ
683 1182 888 1254 ταύτης
915 1184 1093 1238 αὐτῶν
1131 1185 1228 1254 τῆς
1251 1184 1496 1256 οἰήσεως,
1530 1187 1626 1239 καὶ
1646 1203 1854 1242 παντα-

271 1274 432 1348 χόθεν
454 1273 600 1328 ἄθεοι
627 1275 933 1346 γεγόνασιν,
962 1275 1102 1328 ὥστε
1134 1277 1269 1348 μήτε
1307 1277 1438 1330 Θεὸν
1473 1277 1633 1332 αὑτὸν
1678 1281 1856 1348 ὲπιγι-

273 1364 542 1430 νώσκειν,
582 1366 705 1440 μήθ’
753 1367 833 1420 ὄτι
877 1366 1160 1439 ἄνθρωπος
1208 1367 1396 1436 γέγονε
1451 1367 1743 1422 πιστεύειν.
1793 1369 1856 1423 Εἰ

272 1458 383 1530 γὰρ
405 1458 708 1523 ἐπίστευον,
740 1458 839 1512 οὐκ
867 1457 932 1510 ἂν
960 1458 1182 1511 τοιαῦτα
1211 1457 1558 1528 ἐφθέγξαντο,
1585 1453 1672 1514 οἷα
1701 1459 1860 1532 ἔγρα·

271 1547 376 1618 ψεν
404 1551 434 1620 ἡ
465 1547 530 1620 σὴ
565 1547 844 1602 θεοσέϐεια
876 1549 996 1602 κατ’
1025 1547 1224 1602 αὐτῶν.

347 1637 401 1694 2.
427 1640 498 1692 Σὺ
536 1640 633 1710 μὲν
664 1635 776 1704 οῦν,
821 1640 1073 1711 ἀγαπητὲ
1120 1641 1212 1694 καὶ
1239 1639 1350 1710 (81)
1379 1639 1592 1712 ἀληθῶς
1626 1639 1858 1694 ποθεινό-

273 1744 428 1792 τατε,
459 1728 739 1800 πρέποντα
766 1731 830 1800 τῇ
864 1729 1286 1800 ἐκκλησιαστικῇ
1341 1729 1636 1802 παραδόσει
1665 1729 1760 1782 καὶ
1790 1731 1852 1800 τῇ

275 1821 358 1884 είς
401 1820 490 1873 τὸν
524 1820 723 1892 Κύριον
777 1820 1026 1893 εὐσεϐείᾳ
1076 1821 1412 1893 πεποίηκας,
1462 1821 1720 1888 ἐλέγξας,
1765 1821 1856 1876 καὶ
1889 1803 1928 1858 Β

276 1913 614 1986 παραινέσας
655 1914 750 1967 καὶ
797 1915 1133 1984 ἐπιτιμήσας
1180 1916 1292 1976 τοῖς
1333 1911 1620 1975 τοιούτοις·
1673 1912 1860 1984 ἐπειδὴ

274 2003 354 2066 δὲ,
391 2001 817 2075 παροξυνόμενοι
856 2003 1007 2074 παρὰ
1040 2001 1134 2056 τοῦ
1165 2003 1368 2074 πατρὸς
1407 2003 1585 2058 αὐτῶν
1625 2003 1718 2057 τοῦ
1745 2003 1861 2056 δια⁴¹

275 2095 456 2160 δόλου,
481 2097 590 2148 οὐκ
627 2095 931 2163 ἔγνωσαν,
965 2094 1107 2150 οὐδὲ
1144 2095 1456 2166 συνῆκαν,
1499 2096 1636 2149 κατὰ
1669 2097 1728 2150 τὸ
1765 2112 1858 2165 γεο

275 2185 622 2257 γραμμένον,
667 2186 804 2240 ἀλλὰ
847 2187 917 2240 ἐν
955 2189 1158 2240 σκότει
1206 2186 1688 2254 διαπορεύονται·
1731 2203 1862 2256 μαν-

277 2278 588 2331 θανέτωσαν
641 2277 790 2348 παρὰ
842 2279 942 2349 τῆς
981 2278 1079 2349 σῆς
1112 2277 1424 2344 εὐλαϐείας,
1455 2279 1530 2342 ὡς
1579 2280 1613 2350 ή
1637 2278 1859 2350 τοιαύτη

276 2368 458 2422 αὐτῶν
509 2369 766 2424 κακόνοια
827 2369 1176 2424 Οὐαλεντίνου
1235 2369 1331 2422 καὶ
1387 2371 1713 2441 Μαρκίωνος
1769 2369 1862 2424 κα).

275 2463 578 2533 Μανιχαίου
608 2463 716 2534 (82)
745 2463 889 2516 ἐστίν
911 2480 924 2493 ’
962 2456 1036 2516 ὧν
1057 2464 1104 2515 οἱ
1137 2463 1236 2533 μὲν
1269 2463 1388 2516 ἀντὶ
1425 2463 1680 2535 ἀληθείας
1712 2461 1865 2533 δόκη,

279 2574 364 2610 σιν
399 2556 760 2627 εἰσηγήσαντο
779 2595 796 2618 ,
823 2556 874 2608 οἱ
905 2554 960 2608 δὲ
997 2555 1332 2626 διαιροῦντες
1352 2555 1420 2610 τὰ
1447 2555 1726 2626 ἀδιαίρετα
1759 2556 1862 2626 ἡρ-

278 2649 510 2720 νήσαντο
541 2648 622 2711 τὸ,
668 2649 730 2702 '0
759 2650 950 2718 Λόγος
979 2647 1136 2717 σὰρξ
1156 2647 1388 2718 ἐγένετο
1409 2688 1425 2709 ,
1457 2646 1556 2701 καὶ
1593 2645 1863 2713 ἐσκήνω-

277 2739 678 2809 σενένήμῖν.
729 2740 828 2794 Διὰ
873 2741 926 2794 τί
958 2736 1086 2806 οῦν,
1144 2741 1212 2798 τὰ
1263 2741 1465 2796 τούτων
1519 2740 1860 2812 φρονοῦντες,

279 2833 402 2904 οὐχὶ
436 2833 528 2885 κα)⁹
559 2832 666 2886 τῶν
700 2833 978 2904 ὀνομάτων
1013 2832 1192 2888 αὐτῶν
1224 2833 1462 2902 γίνονται
1498 2833 1860 2904 κληρονόμοι;

281 2924 518 2994 Εὓλογον
545 2925 656 2998 γὰρ
677 2918 751 2980 ὧν
780 2924 878 2995 τὴν
918 2923 1236 2990 κακοδοξίαν
1268 2923 1469 2995 ἔχουσι,
1492 2923 1694 2978 τούτων
1717 2923 1860 2994 ἔχειν

283 3015 474 3070 καὶτὰ
510 3017 748 3087 ὀνόματα
783 3017 922 3087 (85),
957 3018 1044 3069 ἵνα
1093 3017 1275 3070 λοιπὸν
1309 3017 1736 3070 Οὐαλεντινιανοὶ
1769 3017 1864 3070 καὶ

1961 561 2130 604 torem
2159 549 2400 620 proferre
2423 550 2540 606 ausi
2570 550 2734 604 sunt?
2767 547 2894 614 Sed,
2920 559 2980 604 ut
3001 549 3218 619 planum
3249 557 3352 613 est,
3377 546 3515 602 mala

1963 657 2051 696 res
2112 653 2196 698 est
2225 641 2444 711 impius.
2487 658 2550 697 ac
2586 657 2768 698 revera
2801 640 3064 710 reprobus
3097 642 3238 694 circa
3261 639 3416 694 tidem
3447 639 3516 694 ”.

1959 731 2202 785 Primum
2238 731 2380 786 enim
2415 740 2606 802 negata
2648 731 2910 800 unigeniti
2933 729 3053 783 Filii
3089 728 3181 784 Dei
3213 729 3513 791 divinitate,

1957 821 2075 890 ejus
2099 822 2288 876 saltem
2319 835 2636 890 corporeum
2661 821 2948 876 adventum
2980 833 3274 888 agnoscere
3293 819 3518 874 simula-

1955 921 2152 968 verunt
2177 929 2193 968 :
2223 928 2368 968 nunc
2393 924 2568 968 autem
2601 913 2857 984 paulatim
2889 911 3119 980 delapsi,
3143 910 3282 964 hanc
3301 923 3518 980 quoque

1957 1001 2314 1072 repudiarunt
2343 1003 2688 1067 sententiam,
2717 1011 2880 1071 atque
2907 1002 3054 1058 omni
3087 1015 3152 1056 ex
3187 1009 3340 1070 parte
3373 1000 3517 1056 athei

1955 1091 2085 1148 facti
2121 1101 2268 1156 sunt,
2300 1102 2358 1147 ut
2383 1094 2562 1162 ipsum
2601 1109 2774 1164 neque
2798 1100 3096 1164 agnoscant
3125 1092 3314 1156 Deum,
3345 1107 3520 1161 neque

1957 1183 2232 1238 hominem
2259 1183 2461 1240 factum
2487 1199 2608 1241 esse
2637 1185 2878 1240 credant.
2908 1182 3040 1238 Nam
3066 1185 3110 1240 si
3136 1185 3438 1247 crederent,
3455 1197 3519 1238 ea

1957 1291 2088 1332 sane
2131 1276 2298 1330 locuti
2341 1291 2447 1332 non
2479 1276 2730 1338 fuissent.
2761 1292 2882 1334 aute
2925 1285 3016 1332 tua
3057 1277 3228 1348 pietas
3259 1276 3520 1332 adversus

1957 1368 2104 1438 ipsos
2135 1369 2370 1440 scripsit.

2023 1649 2078 1704 9..
2120 1647 2201 1704 Tu
2250 1648 2448 1720 igitur,
2480 1649 2672 1706 dilecte
2719 1659 2772 1706 et
2809 1665 2935 1706 vere
2971 1652 3349 1722 optatissnme,
3403 1665 3517 1706 rem

1955 1739 2338 1794 ecclesiasticae
2384 1739 2662 1796 traditioni
2707 1751 2760 1796 et
2812 1742 3014 1797 Christi
3073 1743 3322 1812 religioni
3363 1741 3522 1796 valde

1957 1838 2378 1882 consentaneam
2417 1830 2714 1900 peregisti,
2751 1845 2874 1886 cum
2915 1830 3228 1900 hujusmodi
3275 1831 3520 1888 homines

1957 1917 2226 1984 refutasti,
2259 1919 2520 1983 invitasti,
2548 1919 2868 1990 objurgasti.
2899 1921 3126 1988 Quando
3152 1937 3280 1976 vero
3305 1921 3521 1977 diabolo

1958 2010 2198 2080 ipsorum
2253 2019 2406 2082 patre
2447 2011 2780 2082 impellente.
2817 2013 3131 2076 nescierunt,
3165 2029 3323 2082 neque
3365 2013 3522 2066 intel-

1959 2102 2218 2170 lexerunt,
2247 2105 2326 2158 uti
2349 2103 2606 2174 scriptum
2637 2112 2722 2158 est
2743 2104 2788 2134 "°
2808 2107 2848 2168 ‘,
2880 2102 2974 2160 sed
3007 2103 3062 2156 in
3089 2103 3312 2158 tenebris
3333 2101 3522 2156 ambu-

1961 2193 2105 2260 lnr'tt;
2139 2195 2353 2250 discant
2400 2211 2432 2248 a
2482 2205 2572 2250 tua
2624 2195 2822 2264 pietate
2868 2207 3088 2264 pravam
3131 2208 3252 2250 eam
3307 2193 3524 2248 illorum

1961 2287 2309 2353 sententiam,
2343 2285 2634 2352 Valentini,
2665 2285 2956 2341 Marcionis
2985 2295 3039 2341 et
3067 2283 3348 2340 Manichaei
3381 2298 3523 2348 esse,

1959 2394 2192 2450 quorum
2215 2379 2306 2434 alii
2342 2393 2438 2448 pro
2467 2379 2690 2434 veritate
2719 2394 2922 2432 meram
2949 2377 3183 2447 speciem
3227 2377 3514 2441 induxere,

1962 2469 2050 2524 alii
2083 2469 2360 2542 individua
2387 2469 2718 2537 dividentes,
2747 2470 2876 2524 illud
2911 2467 3206 2540 Scriptum
3238 2483 3524 2532 negavero,

1972 2557 2195 2612 Verbum
2212 2575 2336 2612 caro
2359 2558 2560 2628 factum
2581 2570 2657 2615 est
2677 2571 2727 2616 et
2747 2561 2998 2616 habitavit
3024 2561 3076 2615 in
3097 2561 3244 2614 nobis
3260 2561 3328 2616 ⁸⁸.
3347 2560 3527 2626 Quare

1963 2649 2128 2722 igitur
2155 2667 2278 2707 cum
2309 2653 2496 2706 eadem
2524 2669 2644 2722 quae
2678 2652 2754 2706 illi
2793 2655 3050 2717 sentiant,
3079 2652 3394 2708 eorumdem
3425 2667 3526 2706 no-

1964 2740 2172 2794 minum
2200 2741 2440 2798 haeredes
2460 2759 2568 2798 non
2601 2743 2772 2798 ﬁunt?
2803 2741 3081 2814 Siquidem
3112 2759 3328 2814 aequum
3349 2750 3436 2798 est
3457 2742 3528 2798 il-

1963 2832 2046 2888 los
2077 2833 2320 2903 ipsorum
2345 2835 2524 2889 vocari
2555 2835 2794 2900 nomine,
2828 2851 3059 2906 quorum
3091 2849 3401 2905 perversam
3441 2848 3531 2890 se—

1964 2933 2208 2994 quuntur
2245 2927 2590 2994 sententiam,
2619 2935 2678 2980 ut
2699 2927 2809 2996 jam
2841 2927 3094 2997 deinceps
3127 2924 3520 2989 Valentiniani,

1963 3015 2326 3072 Iiarcionistte
2353 3027 2407 3072 et
2431 3017 2704 3073 Manichaci
2729 3018 3052 3073 vocitentur.
3089 3015 3250 3074 Forte
3275 3017 3420 3070 enim
3459 3015 3532 3072 ob

281 3108 699 3178 Ηαρκιωνισταὶ
751 3110 844 3162 καὶ
893 3109 1177 3179 Μανιχαῖοι
1231 3108 1522 3163 καλῶνται.
1573 3110 1722 3178 Τάχα
1757 3111 1861 3162 κᾶν

1967 3107 2182 3162 illorum
2207 3108 2486 3164 nominum
2533 3108 2816 3164 infamiam
2853 3109 3258 3171 erubescentes,
3285 3106 3530 3162 animad-

279 3194 454 3258 οὕτως
478 3195 566 3250 διὰ
585 3197 681 3266 τὴν
709 3197 815 3250 τῶν
866 3198 1140 3268 ὀνομάτων
1176 3197 1436 3251 δυσωδίαν
1479 3199 1855 3270 αἰσχυνόμενοι

281 3292 611 3361 κατανοῆσαι
643 3291 938 3362 δυνηθῶσιν
963 3334 976 3356 ,
1005 3295 1084 3355 είς
1111 3293 1232 3346 ὅσον
1271 3292 1433 3362 βάθος
1477 3293 1730 3357 ἀσεϐείας
1763 3311 1860 3348 πε-

281 3380 552 3437 πτώκασι.
584 3383 694 3436 Καὶ
723 3379 792 3453 ἦν
826 3383 920 3453 μὲν
938 3383 1143 3436 δίκαιον
1171 3383 1366 3452 μηκέτι
1395 3383 1602 3448 τούτοις
1627 3383 1858 3456 ἀποκρί-

281 3469 495 3536 νασθαι,
514 3472 652 3525 κατὰ
667 3472 762 3543 τὴν
787 3472 1104 3544 παραίνεσιν
1119 3471 1212 3543 τὴν
1235 3472 1595 3544 ἁποστολικήν
1618 3491 1630 3504 ·
1650 3472 1755 3544 (84)
1773 3477 1862 3528 Αι-

183 3601 186 3606 -
271 3564 518 3633 patrator
553 3563 863 3632 ἄνθρωπον
899 3565 1050 3633 μετὰ
1081 3565 1228 3634 μίαν
1267 3566 1364 3618 καὶ
1399 3564 1684 3634 δευτέραν
1723 3583 1862 3619 νου-

280 3656 496 3710 θεσίαν
512 3657 820 3724 παραιτοῦ,
853 3655 1043 3722 εἰδὼς,
1075 3655 1162 3708 ὅτι
1183 3655 1575 3723 ἐξέστραπται
1608 3659 1640 3710 ὀ
1671 3656 1862 3710 τοιοῦ·

279 3765 388 3814 τος
415 3787 428 3812 ,
457 3749 554 3802 καὶ
589 3747 908 3817 ἁμαρτάνει
945 3747 1028 3802 ὢν
1061 3747 1559 3816 αὐτοκατάκριτος
1585 3767 1596 3778 ·
1628 3749 1863 3820 μάλιστα

279 3839 368 3892 ὅτι
402 3839 492 3892 καὶ
517 3838 626 3909 (85)
659 3841 688 3892 ό
731 3841 1018 3911 προφήτης
1063 3840 1192 3910 περὶ
1227 3838 1334 3892 τῶν
1367 3840 1622 3893 τοιούτων
1663 3843 1858 3911 φησίν·

291 3929 362 3985 ’0
379 3932 578 4002 μωρὸς
598 3935 764 4002 μωρὰ
781 3935 1064 3998 λαλήσει,
1096 3934 1194 3988 καὶ
1222 3933 1260 4000 ἡ
1301 3933 1514 4002 καρδία
1540 3934 1729 3988 αὑτοῦ
1759 3935 1870 4004 μά-

281 4024 648 4094 ταιανοήσει
669 4045 681 4056 ·
713 4027 898 4097 ἐπειδὴ
922 4027 978 4079 δὲ
1002 4027 1112 4096 (86)
1148 4025 1288 4080 κατὰ
1319 4027 1410 4080 τὸν
1448 4025 1748 4096 ἡγούμενον
1781 4027 1872 4080 αύ-

280 4117 396 4170 τῶν
433 4117 812 4188 περιέρχονται
837 4117 930 4170 καὶ
967 4117 1141 4180 αὐτοὶ,
1183 4117 1258 4181 ὡς
1289 4119 1528 4183 λέοντες,
1579 4117 1868 4188 ζητοῦντες

279 4207 407 4262 τίνα
435 4208 742 4266 καταπίωσι
771 4209 878 4262 τῶν
913 4211 1187 4282 ἀκεραίων
1207 4228 1222 4242 ·
1261 4210 1452 4264 τούτου
1491 4210 1675 4262 ἕνεκεν
1709 4211 1873 4280 ἀναγ-

283 4303 442 4353 καῖον
466 4299 686 4368 γέγονεν
714 4303 844 4371 ἡμῖν
868 4305 934 4372 τῇ
967 4306 1030 4374 σῇ
1080 4303 1336 4374 εὐλαϐείᾳ
1358 4302 1718 4374 ἀντιγράψαι,
1758 4303 1865 4364 ἵνα,

1965 3210 2174 3256 vertere
2201 3209 2456 3272 poterunt
2489 3202 2540 3254 in
2575 3209 2838 3272 quantum
2873 3200 3164 3269 impietatis
3197 3197 3530 3268 profundum

1965 3295 2276 3350 ceciderint.
2313 3292 2420 3348 Par
2458 3309 2590 3348 sane
2637 3293 2829 3348 fuisset
2862 3292 2994 3346 nihil
3029 3291 3263 3362 amplius
3309 3290 3417 3345 illis
3445 3304 3533 3344 re-

1966 3387 2252 3456 spondere,
2271 3386 2346 3440 uti
2379 3385 2418 3438 A
2427 3385 2668 3455 postolus
2683 3385 2766 3440 his
2785 3385 2960 3440 verbis
2973 3396 3158 3438 monet
3178 3401 3192 3436 :
3211 3381 3258 3436 Η
3265 3381 3532 3437 ceraticum

1945 3478 2226 3566 οΙιοηιίηιιηι
2250 3485 2365 3546 post
2387 3492 2547 3530 unam
2577 3485 2626 3529 et
2653 3475 2934 3528 secundum
2965 3475 3128 3544 729
3156 3474 3534 3541 surreptionem

1969 3569 2166 3628 devita,
2197 3569 2364 3622 sciens
2390 3569 2514 3638 quia
2539 3567 2811 3620 subversas
2850 3577 2925 3620 est
2962 3569 3049 3636 qui
3076 3565 3334 3634 ejusmodi
3357 3573 3454 3628 est,
3483 3573 3532 3616 et

1967 3659 2220 3728 delinquit
2260 3673 2378 3711 cum
2428 3659 2496 3710 sit
2535 3673 2592 3710 eo
2631 3658 2742 3726 ipso
2781 3654 3153 3708 condemnatus
3181 3653 3265 3706 3’:
3302 3651 3536 3706 maxime

1969 3771 2090 3812 cum
2116 3755 2276 3810 etiam
2313 3754 2573 3823 propheta
2611 3753 2677 3808 de
2707 3753 2894 3808 iisdem
2921 3751 3106 3806 dicat:
3141 3749 3348 3808 Stultus
3371 3749 3536 3804 stulta

1969 3848 2227 3915 loquetur,
2264 3856 2318 3912 et,
2353 3861 2442 3898 cur
2468 3844 2581 3914 ejus
2625 3861 2758 3898 uana
2800 3843 3046 3915 cogitabit
3069 3843 3136 3897 ⁸³.
3189 3841 3386 3898 Verum
3411 3857 3534 3896 cum

1973 3940 2070 4000 illi,
2091 3938 2246 3994 ducis
2267 3938 2348 3992 sui
2375 3937 2624 4005 exemplo
2646 3937 2792 3990 velut
2811 3937 2994 3990 leones
3014 3936 3370 3996 circumeant,
3389 3949 3536 4002 quaa-

1973 4037 2155 4084 rentes
2203 4042 2366 4097 quem
2411 4042 2442 4081 e
2481 4027 2904 4097 simplicioribus
2951 4025 3290 4089 devorent“,
3337 4024 3538 4078 idcirco

1969 4120 2342 4175 necessarium
2367 4118 2524 4174 nobis
2547 4119 2647 4173 fuit
2673 4129 2777 4173 tuae
2806 4117 2989 4188 pietati
3015 4117 3330 4178 rescribere,
3350 4125 3406 4170 ut
3431 4113 3540 4170 fra-

1971 4221 2083 4267 tres
2111 4218 2205 4266 tua
2241 4212 2436 4266 iterum
2471 4211 2720 4266 instructi
2753 4209 3156 4276 admonitione,
3181 4223 3373 4264 eorum
3411 4205 3540 4262 futi-

1969 4303 2174 4357 litatem
2205 4302 2378 4372 magis
2411 4303 2693 4372 magisque
2721 4301 3146 4372 deprehendant.

281 4391 452 4446 πάλιν
469 4392 558 4446 διὰ
589 4394 687 4465 τῆς
711 4395 810 4465 σῆς
839 4395 1117 4458 νουθεσίας
1146 4396 1256 4468 (87)
1282 4397 1542 4467 μαθόντες
1563 4398 1612 4450 oi
1641 4397 1879 4467 ἀδελφοὶ,
1905 4395 2381 4466 καταγινώσκωσιν
2414 4397 2506 4450 ἐπὶ
2532 4395 2714 4450 πλεῖον
2741 4395 2842 4466 τῆς
2873 4395 3096 4450 ἐκείνων
3137 4389 3536 4464 ματαιολογίας-

362 4487 416 4541 5.
445 4488 517 4542 Οὐ
565 4488 771 4560 κτίσμα
805 4491 1214 4562 προσκυνοῦμεν
1240 4511 1252 4524 ·
1289 4493 1364 4564 μὴ
1411 4493 1653 4562 γένοιτοί
1697 4493 1863 4546 Ἐθνις

2039 4495 2092 4548 5.
2146 4491 2330 4562 Itaque
2375 4507 2488 4547 rem
2530 4501 2766 4548 creatam
2821 4505 2930 4544 non
2985 4490 3315 4544 adoramus:
3363 4485 3536 4541 absit!

283 4577 404 4634 κῶν
432 4579 538 4648 γὰρ
581 4581 676 4634 καὶ
714 4581 1005 4652 Ἀρειανῶν
1035 4584 1066 4652 ἡ
1101 4583 1322 4654 τοιαύτη
1375 4583 1545 4655 πλάνη
1567 4599 1580 4613 ·
1613 4583 1749 4638 ἀλλὰ
1775 4584 1865 4636 τὸν

283 4672 496 4744 Κύριον
524 4673 623 4744 τῆς
655 4675 880 4738 κτίσεως
915 4675 1264 4745 σαρκωθέντα
1295 4684 1386 4729 τὸν
1414 4675 1508 4728 τοῦ
1537 4675 1672 4730 Θεοῦ
1695 4676 1864 4746 Λόγον

285 4762 722 4836 προσκυνοῦμεν.
780 4767 842 4820 Εἰ
885 4765 992 4838 γὰρ
1030 4765 1140 4838 (88)
1171 4767 1265 4820 καὶ
1296 4768 1330 4836 ἡ
1380 4764 1517 4837 σὰρξ
1565 4766 1704 4838 αὐτὴ
1741 4766 1862 4820 καθ’

360 4942 408 4976 ⁷⁸
438 4941 459 4996 l
488 4942 628 5000 Tim.
661 4960 748 5012 ιιι,
780 4945 835 5002 8.
909 4947 958 4980 ³⁸
983 4945 1127 5005 Psal.
1157 4963 1340 5012 Lxm,
1374 4948 1426 5001 5.
1499 4948 1544 4979 ⁸¹
1589 4945 1744 5002 Joan.
1769 4949 1860 5014 ι,1

1999 4948 2044 4981 ⁸⁸
2062 4948 2168 5004 Tit.
2189 4965 2270 5013 ιιι,
2293 4947 2376 5011 I0,
2429 4948 2521 5002 Η.

505 5143 744 5216 angit,
767 5145 1046 5216 ἀδόκιμον.

367 5211 480 5283 (Si)
509 5211 616 5286 Sicf
643 5211 969 5286 SPBUBI‘ltlll.
999 5216 1104 5270 Alii
1146 5224 1202 5270 et
1226 5285 1229 5286 ν
1251 5216 1378 5271 editi
1419 5215 1738 5286 particulam
1778 5215 1872 5286 καί

291 5287 574 5358 omittunt.
601 5285 658 5338 In
689 5283 848 5341 σθω.
870 5297 922 5342 et
944 5285 1087 5342 Felc.
1137 5287 1188 5352 1,
1219 5285 1353 5352 haec,
1377 5283 1593 5358 ἀληθῶς
1628 5285 1872 5339 ποθεινό-

285 5371 445 5417 τατε,
469 5353 683 5410 desunt.

369 5423 482 5510 (82)
500 5425 888 5494 ὃθκιιειοίιιιιιιε,
913 5425 1228 5483 Basiliensis
1247 5437 1302 5484 et
1323 5425 1675 5496 Anglicanus,
1701 5425 1875 5480 Μανι-

332 5511 492 5548 αιων.

290 5512 492 5638 ἕαίἓιὲί
513 5562 897 5638 Severianus,
922 5565 1201 5638 gemens.
1237 5565 1378 5630 Mox,
1405 5565 1694 5637 Μανιχαῖοι
1719 5566 1870 5622 deest

293 5635 354 5690 in
376 5625 515 5688 edit.
548 5625 816 5690 CBmmel.
841 5625 895 5693 et
919 5625 1062 5692 Felc.
1093 5625 1146 5690 ί.

371 5703 482 5774 (8i)
519 5701 882 5775 Segueriauus
902 5707 1048 5764 addit
1073 5708 1172 5778 τὴν
1193 5707 1473 5777 λέγουσαν.

1974 4582 2329 4638 Ethnicorum
2364 4584 2510 4639 enim
2545 4595 2598 4638 et
2627 4582 2954 4636 Arianorum
2989 4589 3075 4637 est
3107 4579 3419 4649 hujusmodi
3452 4592 3541 4632 er-

1973 4690 2084 4730 ror.
2125 4674 2228 4732 Sed
2265 4691 2444 4729 rerum
2487 4684 2794 4732 creatarum
2848 4673 3156 4734 Dominum,
3189 4684 3408 4724 carnem
3455 4665 3540 4720 fae-

1969 4774 2140 4828 ctum,
2176 4763 2268 4819 Dei
2301 4765 2532 4821 Verbum
2573 4765 2884 4819 adoramus.
2939 4762 3048 4817 Etsi
3077 4761 3220 4816 enim
3271 4759 3386 4828 ipsa
3411 4771 3540 4810 caro

2599 4946 2645 4978 ⁸³
2671 4947 2772 5001 lsa.
2793 4959 2964 5008 xxxii,
2997 4941 3047 4994 6.
3117 4939 3163 4970 "'
3189 4938 3210 4991 ι
3232 4936 3374 4992 Petr.
3402 4953 3454 5004 ν,
3483 4935 3538 4991 8.

2044 5149 2156 5223 (85)
2195 5147 2714 5223 Segupriauusanl
2739 5144 2818 5223 ὅτι
2855 5142 2966 5223 καί,
2997 5151 3100 5196 etc.
3323 5215 3360 5223 Δ.
3417 5221 3430 5223 _
3456 5203 3490 5223 ν

2043 5204 2154 5290 (86)
2195 5204 2298 5275 Si;
2317 5218 2540 5289 Seguer.
2571 5204 2736 5272 Basil.
2773 5204 3126 5282 Anglicanus.
3160 5207 3266 5266 Alii
3313 5215 3368 5262 et
3407 5204 3538 5262 edit.

1971 5289 2326 5360 Comlllel.5é
2360 5290 2635 5344 omittunt.
2752 5353 2762 5360 _
2979 5349 3017 5360 ﬂ
3187 5349 3202 5360 ,

2047 5361 2159 5430 (87)
2178 5343 2186 5344 ί
2202 5343 2591 5430 Seguerianus,
2641 5353 2927 5430 συνέσεως.
3105 5349 3292 5430 eodem
3319 5343 3539 5430 ibidem,

1975 5421 2160 5485 vocem
2197 5421 2317 5498 σῆξ,
2369 5443 2490 5497 qua:
2536 5429 2587 5478 in
2638 5425 2759 5478 aliis
2795 5433 2850 5477 et
2895 5421 3054 5476 editis
3097 5421 3267 5484 deest,
3303 5421 3543 5474 restitui-

1977 5516 2120 5553 mus.
2150 5499 2270 5552 Mox
2303 5497 2425 5553 Sea.
2458 5495 2622 5550 Basil.
2655 5495 2733 5547 ἔτι
2773 5493 2969 5547 habent
2997 5505 3096 5553 pro
3120 5489 3233 5543 ὲπί.

1977 5516 2120 5554 mus.
2150 5507 2270 5552 Mox
2303 5507 2425 5568 Seg.
2458 5507 2622 5550 uasu.
2655 5507 2733 5547 ετι
2773 5507 2969 5547 habent
2997 5507 3096 5559 pro
3120 5507 3233 5543 επι.

2047 5569 2158 5640 (88)
2201 5566 2309 5640 Sic_
2339 5567 2583 5640 Seguer;
2611 5563 2775 5640 Basil.
2804 5563 3156 5640 ξῥλιιειῇριιιιιιε.
3203 5558 3380 5614 Editio
3413 5571 3540 5612 vero

1973 5633 2236 5694 Commel.
2272 5633 2439 5694 Gobl:
2461 5645 2516 5692 et
2543 5633 2688 5691 Felc.
2713 5636 2765 5701 1,
2806 5634 2870 5688 Ἡ
2898 5633 3026 5705 γάρ.
