3992 6230
514 341 654 397 1075

1090 345 1146 404 S.
1190 346 1559 403 ATHANASII
1598 349 1747 405 OPP.
1791 351 1971 406 PARS
2009 351 2050 407 Ι.
2094 382 2164 394 --
2204 353 2567 412 HISTORICA
2609 356 2696 412 ET
2736 356 3151 419 DOGMATICA.

3602 322 3743 421 ιοτδ

513 472 759 516 seorsum
810 470 1070 528 spectata,
1121 480 1247 534 pars
1277 468 1358 520 εἰν
1379 481 1561 522 rerum
1614 479 1940 535 creatarum,
1987 480 2065 525 at-

2170 472 2369 543 ἐαυτὴν
2401 475 2564 546 μέρος
2605 476 2721 529 ἐστὶ
2752 477 2861 530 τῶν
2893 478 3224 550 κτισμάτων,
3249 477 3382 531 ἀλλά
3412 478 3547 532 Θεοῦ
3580 482 3742 551 γέγο-

512 559 695 607 tamen
725 551 818 607 Dei
848 553 984 609 facta
1008 566 1093 611 est
1129 572 1348 627 corpus.
1384 558 1571 628 Neque
1604 576 1732 616 vero
1765 562 2075 631 huiusmodi

511 656 713 712 corpus
746 658 776 697 a
809 641 985 700 Verbo
1028 647 1327 704 dividentes
1374 652 1685 716 adoramus,
1730 669 1904 723 neque
1951 670 2074 708 cum

515 732 753 789 Verbum
777 736 1029 793 volumus
1056 741 1301 804 adorare,
1335 743 1509 811 ipsum
1543 759 1573 797 a
1619 760 1785 800 carne
1829 761 2075 802 remove-

512 843 674 883 mus:
709 830 823 895 sed,
856 840 915 885 ut
944 834 1197 902 superius
1233 835 1492 898 diximus,
1522 835 1656 902 haac,
1698 836 1917 891 Ve‘rbum
1953 855 2075 893 caro

514 919 717 988 factum
754 931 864 985 est,
904 938 1010 976 non
1050 924 1385 993 ignorantes,
1407 929 1547 982 idem
1570 926 1799 982 Verbum
1830 928 1882 982 in
1912 944 2076 983 carne

510 1013 803 1077 exsistens,
838 1011 1009 1068 Deum
1058 1017 1424 1083 agnoscimus.
1477 1018 1610 1084 Quis
1637 1034 1767 1089 ergo
1813 1021 1948 1074 adeo
1984 1021 2076 1075 de-

510 1115 666 1157 mens
699 1103 789 1166 sit,
823 1112 874 1157 ut
905 1102 1136 1160 Domino
1164 1106 1309 1162 dicat
1336 1127 1348 1161 :
1378 1107 1590 1164 Recede
1618 1124 1648 1164 a
1676 1124 1903 1180 corpore
1936 1121 1993 1166 ut
2022 1122 2074 1168 te

511 1192 782 1247 adorem?
811 1195 905 1251 Vel
938 1196 1062 1266 quis
1090 1212 1156 1251 eo
1201 1199 1418 1261 devenit
1472 1200 1785 1271 impietatis,
1834 1211 1895 1257 ut
1947 1219 2071 1259 cum

512 1285 721 1341 insanis
749 1284 951 1344 ludatis
979 1291 1153 1345 eidem
1186 1301 1406 1362 propter
1432 1308 1632 1363 corpus
1669 1294 1814 1349 dicat
1840 1315 1854 1351 :
1898 1295 2074 1361 Quare

509 1385 588 1444 tu,
619 1377 771 1431 homo
806 1395 923 1433 cum
949 1382 1044 1444 sis,
1078 1382 1213 1451 facis
1239 1386 1460 1454 teipsum
1496 1385 1658 1440 Deum
1678 1386 1726 1419 "
1751 1388 1773 1441 ?
1797 1390 1959 1459 Atqui
1991 1398 2071 1446 ta-

508 1468 577 1525 lis
606 1483 714 1523 non
753 1469 855 1526 fuit
887 1471 1132 1542 leprosus
1166 1476 1295 1545 ille;
1328 1476 1496 1532 Deum
1552 1480 1696 1535 enim
1746 1481 1800 1536 in
1846 1497 2072 1552 corpore

506 1560 856 1617 exsistentem
892 1565 1159 1634 adoravit,
1186 1583 1418 1639 eumque
1441 1566 1608 1625 Deum
1640 1586 1761 1628 esse
1790 1572 1874 1627 his
1904 1589 2072 1645 agno-

505 1655 582 1708 vit
602 1655 815 1710 verbis:
842 1655 1080 1718 Domine.
1110 1660 1159 1713 si
1191 1662 1288 1726 vis,
1310 1675 1452 1730 poles
1482 1681 1562 1718 me
1590 1665 1845 1720 mundare
1867 1666 1932 1720 “.
1963 1665 2073 1723 Nec

502 1760 632 1799 vero
669 1746 760 1800 ille
783 1745 877 1801 Dei
910 1747 1145 1804 Verbum
1185 1752 1480 1810 arbitratus
1499 1764 1582 1810 est
1610 1765 1824 1826 propter
1849 1772 2067 1811 carnem

2177 579 2233 615 νε
2257 563 2431 634 σῶμα.
2448 565 2555 617 Καὶ
2582 564 2702 619 οὕτε
2729 567 2790 619 τὸ
2818 565 3054 621 τοιοῦτον
3088 568 3248 639 σῶμα
3277 567 3397 621 καθ’
3424 570 3582 622 ἑαυτὸ
3602 571 3744 624 διαι-

2181 655 2396 726 ροῦντες
2425 656 2532 709 ἀπὸ
2560 656 2668 728 (89)
2702 657 2795 712 τοῦ
2825 659 2997 728 Λόγου
3029 661 3467 732 προσκυνοῦμεν·
3505 661 3627 716 οὔτε
3650 664 3744 716 τὸν

2174 747 2344 816 Λόγον
2375 750 2744 820 προσκυνῆσαι
2770 751 3032 816 θέλοντες,
3067 752 3413 824 μακρύνομεν
3444 755 3606 808 αὑτὸν
3634 755 3747 808 ἀπὸ

2174 839 2271 909 τῆς
2305 840 2533 911 σαρκός·
2580 840 2693 894 ἀλλ’
2722 842 2940 907 εἰδότες,
2990 842 3133 896 καθά
3173 844 3522 917 προείπομεν,
3552 845 3635 911 τὸ,
3679 847 3747 898 '0

2174 931 2361 1001 Λόγος
2391 929 2545 999 σὰρξ
2592 931 2848 1000 ἐγένετο,
2881 930 3068 985 τοῦτον
3104 932 3198 985 καὶ
3227 935 3285 985 ἐν
3320 933 3480 1004 σαρκὶ
3510 932 3746 1003 γενόμε-

2174 1040 2283 1084 νον,
2310 1021 2737 1093 ἐπιγινώσκομεν
2758 1022 2913 1076 Θεόν.·
2935 1024 3032 1087 Τίς
3055 1023 3341 1095 τοιγαροῦν
3361 1024 3532 1087 οὕτως
3552 1025 3745 1097 ἄφρων

2173 1114 2339 1178 ἐστὶν,
2374 1114 2449 1177 ὡς
2491 1113 2665 1183 λέγειν
2696 1113 2803 1184 (90)
2849 1114 2927 1185 τῷ
2973 1116 3162 1187 Κυρίῳ
3185 1131 3200 1145 ⁸
3244 1116 3477 1170 Ἀπόστα
3508 1117 3617 1169 ἀπὸ
3645 1116 3743 1170 τοῦ

2175 1203 2442 1275 σώματος,
2478 1206 2564 1259 ⁶ίνα
2589 1222 2646 1258 σε
2693 1207 3087 1277 προσκυνήσω;
3122 1208 3192 1260 Ἦ
3221 1206 3301 1270 τίς
3335 1205 3506 1270 οὕτως
3537 1206 3745 1277 ἀσεϐής

2172 1298 2338 1360 ἐστιν,
2370 1296 2447 1360 ὠς
2475 1296 2613 1367 μετά
2643 1297 2751 1350 τῶν
2779 1297 3029 1369 ἀφρόνων
3071 1297 3332 1351 Ἰουδαίων
3361 1297 3449 1351 διὰ
3477 1298 3538 1351 τὸ
3579 1298 3747 1369 σῶμα

2171 1387 2349 1456 λέγειν
2402 1387 2548 1458 αὐτῷ
2571 1406 2584 1418 ·
2636 1388 2739 1441 Διὰ
2786 1389 2843 1441 τί
2899 1388 3003 1452 σὺ,
3056 1386 3365 1457 ἅνθρωπος
3394 1385 3499 1451 ὢν,
3551 1388 3746 1453 ποιεῖς

2170 1478 2431 1532 σεαυτὸν
2464 1480 2652 1541 Geor;
2692 1477 2832 1532 Ἀλλ’
2865 1478 2924 1530 ού
2956 1478 3195 1542 τοιοῦτος
3225 1480 3253 1531 ὁ
3283 1477 3480 1549 λεπρός
3498 1494 3513 1509 ·
3570 1494 3745 1548 προσ-

2170 1569 2479 1643 εκύνειγάρ
2518 1571 2608 1623 τὸν
2652 1571 2762 1641 (91)
2790 1568 2921 1622 Θεὸν
2961 1571 3019 1622 ἐν
3061 1569 3269 1640 σώματι
3300 1569 3449 1632 ὄντα,
3483 1570 3578 1623 καὶ
3625 1571 3743 1636 ἐγί-

2169 1678 2398 1727 νωσκεν,
2421 1663 2503 1714 ὅτι
2530 1661 2661 1726 Θεὸς
2691 1657 2779 1732 ἦν,
2807 1661 2978 1730 λέγων
3002 1678 3016 1697 ο
3051 1662 3246 1729 Κύριε,
3269 1661 3378 1714 ἐὰν
3408 1659 3608 1729 θέλῃς,
3639 1660 3743 1715 δύ-

2170 1755 2354 1808 νασαί
2378 1770 2455 1823 με
2482 1754 2817 1821 καθαρίσαι.
2850 1752 2959 1805 Καὶ
2989 1751 3113 1805 οὔτε
3155 1753 3245 1805 διὰ
3288 1752 3385 1823 τὴν
3411 1753 3588 1824 σάρκα
3621 1754 3740 1804 ἐνό-

500 1852 617 1891 rem
640 1846 876 1893 creatam
905 1855 1048 1908 esse,
1074 1858 1173 1897 nec
1197 1845 1325 1914 quia
1353 1845 1590 1901 Verbum
1613 1863 1795 1903 rerum
1819 1849 2064 1904 omnium

2173 1863 2297 1916 μισε
2344 1845 2549 1915 κτίσμα
2582 1843 2671 1896 τὸν
2702 1842 2796 1896 τοῦ
2841 1842 2976 1896 Θεοῦ
3009 1843 3178 1912 Λόγον
3201 1859 3215 1874 ο
3250 1842 3372 1896 οὔτε
3398 1842 3484 1895 διά
3514 1843 3575 1894 τὸ
3599 1837 3739 1895 εἶναι

501 1938 809 1985 creatarum
849 1932 1030 2001 opifex
1081 1945 1185 1999 est,
1226 1952 1446 1992 carnem
1492 1954 1599 2008 qua
1650 1939 1901 1995 indutum
1950 1949 2070 1997 erat

502 2018 823 2090 vilipendit;
881 2024 976 2078 sed
1040 2025 1285 2082 universi
1318 2027 1633 2086 Creatorem
1687 2041 1947 2103 tanquam
2009 2036 2063 2090 in

500 2123 686 2168 creato
733 2116 934 2186 templo
979 2118 1244 2188 adoravit,
1294 2121 1627 2194 eﬂ‘ectusque
1670 2127 1907 2181 mundus
1952 2126 2067 2197 ipse

497 2212 604 2259 est.
635 2204 727 2261 Sic
752 2207 914 2262 etiam
947 2211 1164 2278 mulier,
1205 2228 1325 2282 quae
1348 2216 1627 2285 sanguinis
1656 2214 1862 2271 ﬂuxum
1896 2220 2066 2289 patie-

499 2293 680 2360 batur,
720 2297 970 2363 credidit,
1011 2301 1278 2371 tactisque
1323 2306 1702 2361 tantummodo
1747 2307 1866 2377 ejus
1900 2309 2066 2365 vestis

498 2384 749 2450 ﬁmbriis,
803 2399 992 2444 sanata
1046 2401 1131 2447 est
1152 2393 1244 2448 "‘i
1304 2410 1454 2450 mare
1502 2397 1754 2454 similiter
1807 2401 2063 2470 agitatum

497 2475 754 2533 ﬂuctibus
785 2480 987 2536 audivit
1018 2480 1254 2539 Verbum
1284 2500 1502 2543 carnem
1535 2488 1759 2559 factum,
1793 2508 1857 2548 ac
1879 2494 2065 2549 sedata

497 2579 790 2640 tempestas
823 2575 1014 2635 est”:
1058 2592 1234 2633 caecus
1284 2581 1409 2635 item
1468 2594 1628 2639 natus
1667 2596 1830 2655 sputo
1882 2589 2064 2643 carnis

497 2671 720 2720 sanatus
759 2679 789 2719 a
823 2663 999 2721 Verbo
1036 2680 1118 2724 est
1140 2670 1207 2724 '9.
1249 2669 1403 2737 Quod
1440 2682 1621 2728 autem
1671 2677 1848 2746 majus
1876 2688 1959 2732 est
2011 2689 2065 2734 et

497 2753 894 2821 admirabilius,
949 2757 1245 2827 (fortassis
1293 2763 1440 2817 enim
1485 2764 1539 2818 id
1587 2767 1926 2836 impiissimis
1956 2769 2063 2823 illis

498 2846 814 2900 scandalum
848 2847 991 2920 fuit)
1021 2850 1182 2904 etiam
1214 2852 1267 2905 in
1303 2854 1419 2922 ipsa
1456 2870 1616 2911 cruce
1663 2857 1929 2926 pendente
1961 2859 2066 2911 Do-

498 2935 668 3002 mino,
704 2937 870 3007 (nam
908 2940 1027 3008 ejus
1060 2950 1178 2996 erat
1214 2958 1433 3013 corpus,
1463 2945 1517 2999 in
1544 2961 1721 3016 eoque
1767 2958 1883 3004 erat
1927 2949 2062 3004 Ver-

494 3025 668 3098 bum)
725 3030 806 3083 sol
866 3031 1189 3087 obscuratus
1243 3043 1346 3100 est,
1397 3043 1539 3090 terra
1603 3040 1843 3103 tremuit,
1898 3049 2062 3108 petrae

2165 1937 2256 1990 τὸν
2284 1936 2454 2005 Λόγον
2482 1935 2808 2006 δημιουργὸν
2838 1934 3016 2006 πάσης
3043 1933 3153 2005 (92)
3188 1935 3434 1999 κτίσεως,
3469 1934 3737 2000 ἐξουθένει

2164 2028 2263 2100 τὴν
2312 2030 2509 2100 σάρκα,
2543 2029 2608 2099 ἢν
2639 2027 2981 2098 ἐνδεδυμένος
3022 2022 3127 2098 ἦν·
3166 2026 3280 2080 ἀλλ’
3305 2026 3380 2090 ὡς
3428 2028 3487 2113 ὲν
3538 2025 3739 2096 κτιπῷ

2165 2122 2278 2193 ναῷ
2304 2121 2396 2174 τὸν
2421 2121 2641 2191 κτίστην
2663 2120 2757 2173 τοῦ
2786 2119 2986 2183 παντὸς
3014 2119 3355 2192 προσεκύνει,
3374 2119 3467 2172 καὶ
3491 2117 3741 2188 ἐκαθαρί-

2166 2214 2309 2282 ζετο.
2326 2213 2511 2278 Οὕτως
2533 2214 2626 2267 καὶ
2656 2215 2688 2285 ἠ
2721 2212 3087 2285 αἱμορροοῦσα
3116 2212 3274 2283 γυνὴ,
3295 2210 3630 2264 πιστεύσασα
3646 2209 3739 2264 καὶ

2169 2310 2327 2382 μόνον
2358 2307 2607 2377 ἁψαμένη
2643 2304 2734 2359 τοῦ
2767 2304 3093 2377 κρασπέδου,
3128 2303 3284 2373 ἰάθη·
3317 2303 3410 2355 καὶ
3444 2304 3477 2374 ὴ
3516 2302 3615 2373 μὲν
3645 2301 3738 2355 θά-

2165 2402 2331 2455 λαττα
2362 2401 2738 2472 ἐπαφρίζουσα
2758 2400 2869 2460 τοῖς
2901 2395 3140 2466 κύμασιν
3168 2396 3365 2466 ἤκουσε
3393 2394 3487 2448 τοῦ
3524 2410 3737 2465 σαρκωο

2165 2494 2349 2557 θέντος
2387 2494 2581 2561 Λόγου,
2616 2493 2711 2546 καὶ
2753 2490 3027 2543 πέπαυται
3066 2486 3159 2540 τοῦ
3192 2485 3487 2557 χειμῶνοςο
3517 2486 3546 2538 ὁ
3573 2484 3631 2538 δὲ
3672 2485 3737 2539 ἐκ

2164 2587 2389 2657 γενετῆς
2416 2584 2525 2654 (95)
2561 2583 2780 2653 τυφλὸς,
2820 2581 3098 2650 πτύσματι
3136 2578 3238 2648 τῆς
3272 2576 3472 2648 σαρκὸς
3509 2576 3733 2647 τεθερά-

2165 2696 2358 2732 πευται
2398 2675 2547 2747 παρά
2578 2674 2669 2728 τοῦ
2700 2674 2899 2742 Λόγου.
2944 2672 3055 2725 Καὶ
3078 2670 3140 2724 τό
3179 2687 3243 2740 γε
3292 2667 3472 2740 μεῖζον
3506 2670 3602 2721 καὶ
3636 2687 3733 2721 πα-

2166 2770 2509 2841 ραδοξότερον
2539 2770 2689 2837 (ίσως
2716 2767 2825 2838 γὰρ
2855 2765 3012 2818 τοῦτο
3043 2763 3137 2817 καὶ
3192 2763 3316 2825 τοὺς
3345 2761 3734 2824 ἀσεϐεστάτους

2163 2857 2563 2926 ἐσκανδάλισε),
2599 2857 2692 2910 καὶ
2737 2856 2824 2907 ἐπ’
2859 2852 3021 2908 αὑτοῦ
3053 2850 3147 2904 τοῦ
3182 2849 3411 2920 σταυροῦ
3454 2847 3735 2920 κρεμαμέ-

2161 2932 2251 3003 νου
2284 2948 2376 3002 τοῦ
2408 2948 2613 3019 Κυρίου
2645 2945 2828 3017 (αὐτοῦ
2854 2945 2963 3014 γὰρ
2987 2938 3056 3014 ἦν
3082 2942 3144 2994 τὸ
3173 2941 3350 3009 σῶμα,
3379 2939 3472 2992 καὶ
3499 2940 3559 2991 ἐν
3587 2937 3731 3008 αὐτῷ

2160 3041 2228 3116 ἦν
2258 3046 2286 3097 ὁ
2308 3040 2536 3113 Λόγος),
2563 3042 2591 3094 ό
2621 3039 2718 3110 μὲν
2745 3038 2895 3108 ἥλιος
2926 3033 3233 3103 ἐσκοτίσθη,
3259 3034 3292 3102 ἡ
3320 3032 3377 3084 δὲ
3401 3030 3473 3099 γῆ
3501 3030 3730 3100 ἐτρόμα-

494 3117 679 3172 scissa:
698 3128 828 3175 sunt
856 3130 918 3176 ut
945 3132 998 3176 et
1021 3125 1203 3193 templi
1230 3125 1404 3179 velum
1425 3169 1439 3192 ,
1464 3138 1518 3181 et
1553 3120 1718 3183 multa
1749 3140 2058 3187 sanctorum

2169 3154 2258 3190 σεν
2286 3135 2422 3203 (94),
2455 3135 2511 3187 αἱ
2546 3130 2744 3202 πέτραι
2773 3126 3116 3199 ἐσχίσθησαν,
3145 3126 3238 3177 κα)¹
3261 3123 3320 3175 τὺ
3340 3121 3731 3223 καταπέτασμα

493 3221 748 3280 corpora,
780 3210 877 3281 qui
905 3214 1259 3279 dormierunt,
1303 3226 1657 3272 surrexerunt
1681 3220 1751 3274 ⁹⁰.

563 3391 620 3446 4.
648 3390 777 3448 Haec
801 3393 1017 3464 quidem
1050 3396 1123 3452 ita
1163 3398 1458 3469 contigere,
1494 3415 1781 3466 nemoque,
1812 3403 1888 3458 nti
1916 3419 2062 3459 nunc

495 3485 697 3540 audent
725 3487 936 3554 Ariani,
977 3504 1162 3545 secum
1200 3491 1506 3558 dubitavit,
1561 3502 1744 3549 utrum
1782 3495 2065 3555 incarnato

493 3573 676 3631 Verbo
703 3579 1033 3633 credendum
1065 3590 1118 3636 et
1146 3583 1446 3651 parendum
1476 3590 1662 3652 esset;
1715 3587 1808 3641 sed
1840 3588 1916 3641 illi
1964 3588 2063 3644 ho-

493 3667 696 3723 minem
724 3669 1017 3738 intuentes,
1048 3675 1297 3729 eumdem
1336 3676 1588 3745 opiﬁcem
1633 3693 1754 3734 esse
1782 3696 1942 3735 suum
1980 3682 2064 3735 in-

497 3758 852 3831 telligebant:
905 3762 1314 3835 humanamque
1362 3767 1645 3823 audientes
1692 3784 1904 3833 vocem,
1964 3788 2062 3825 ne-

494 3865 767 3921 quaquam
797 3862 1017 3922 propter
1067 3855 1362 3910 humanam
1397 3866 1647 3912 naturam
1676 3848 1911 3929 Verbum
1947 3877 2060 3917 rem

499 3955 739 3998 creatam
773 3944 992 3999 aiebant
1029 3960 1171 4011 esse,
1209 3946 1303 4002 sed
1339 3949 1512 4017 magis
1557 3950 1720 4004 etiam
1771 3954 2063 4007 contremi-

501 4036 744 4104 scebaut,
767 4051 1002 4108 eumque
1030 4039 1203 4093 nihilo
1235 4040 1414 4096 secius
1457 4043 1829 4111 suspiciebant
1856 4061 1920 4100 ac
1952 4047 1998 4100 si
2032 4062 2062 4102 e

496 4128 695 4196 templo
720 4135 911 4181 sancto
941 4129 1272 4198 loqueretur.
1308 4128 1420 4184 Cur
1467 4130 1632 4199 igitur
1664 4147 1774 4186 non
1807 4144 2062 4189 verentur

493 4219 647 4286 impii
679 4219 928 4276 homines
961 4237 1048 4287 ne,
1075 4223 1210 4274 sicut
1249 4238 1350 4274 non
1383 4222 1733 4291 probaverunt
1767 4224 1931 4279 Deum
1959 4227 2060 4281 Ita-

494 4309 613 4364 bere
664 4311 718 4364 in
758 4312 971 4379 notitia,
1005 4313 1289 4367 tradantur
1322 4314 1376 4366 in
1417 4313 1693 4381 reprobum
1728 4332 1960 4382 sensum,
2004 4330 2061 4372 ut

493 4401 699 4469 faciant
735 4417 797 4455 ea
853 4418 971 4471 qua:
1020 4420 1122 4457 non
1158 4405 1528 4458 conueniunt"
1557 4404 1712 4463 ‘!Nec
1760 4409 1903 4464 enim
1943 4426 2056 4465 rem

2162 3226 2256 3290 τοῦ
2289 3224 2419 3281 ναοῦ
2464 3220 2710 3294 ἐσχίσθη,
2746 3219 2841 3273 καὶ
2872 3218 3039 3272 πολλά
3078 3216 3303 3287 σώματα
3337 3213 3446 3267 τῶν
3477 3228 3731 3282 κεκοιμη-

2170 3328 2343 3403 μένων
2368 3318 2538 3387 ἁγίων
2570 3314 2788 3383 ἀνέστη.
2993 3403 3004 3407 Δ
3098 3401 3148 3407 η
3180 3400 3192 3407 ι
3310 3398 3334 3407 _
3578 3394 3605 3407 α

2234 3420 2287 3473 4.
2321 3415 2505 3470 Ταῦτα
2553 3410 2609 3463 δὲ
2656 3407 2868 3475 γέγονε,
2923 3403 3017 3457 καὶ
3061 3400 3255 3463 οὐδεὶς,
3301 3398 3489 3468 ὥσπερ
3543 3395 3639 3449 νῦν
3682 3395 3729 3447 οἱ

2177 3507 2440 3583 Ἀρειανοὶ
2481 3500 2741 3572 τολμῶσι,
2779 3493 3131 3563 διελογίσατο,
3183 3492 3233 3583 εἰ
3278 3489 3360 3542 δεῖ
3400 3484 3729 3583 σαρκωθὲντι

2162 3578 2255 3669 τῷ⁷
2270 3601 2426 3669 Λόγῳ
2468 3592 2782 3648 πείθεσθαιο
2819 3586 2954 3642 ἀλλὰ
2981 3585 3075 3639 καὶ
3106 3582 3389 3654 ἄνθρωπον
3425 3578 3726 3649 βλέποντες,

2164 3658 2529 3762 ἐπεγίνωσκον
2566 3683 2726 3737 αὐτὸν
2756 3681 2884 3733 ὄντα
2908 3675 3232 3749 δημιουργὸν
3260 3671 3469 3762 αὐτῶν·
3500 3671 3596 3762 καὶ
3617 3670 3725 3762 ’ἀν-

2165 3759 2443 3855 θρωπίνης
2470 3775 2651 3849 φωνῆς
2680 3771 2789 3842 (95)
2820 3768 3136 3827 ἀκούοντες,
3162 3765 3224 3855 ού
3255 3761 3439 3855 διὰ
3461 3759 3727 3855 ἀνδρὼπι-

2164 3850 2252 3927 νον
2282 3850 2487 3939 ἔλεγον,
2516 3868 2597 3920 ὅτι
2626 3865 2654 3917 ὁ
2682 3863 2852 3930 Λόγος
2878 3857 3084 3927 κτίσμα
3108 3854 3252 3910 ἐστίν
3270 3872 3284 3885 ·
3320 3852 3455 3951 ἀξιλά
3481 3852 3576 3951 καὶ
3602 3850 3726 3951 μᾶλῖ

2164 3964 2252 4018 λον
2273 3964 2392 4035 Ξτρε
2402 3977 2518 4032 μον,
2549 3957 2644 4011 καὶ
2670 3954 2820 4008 οὐδὲν
2842 3946 3002 4022 ἦττον
3022 3948 3335 4017 ἐγίνωσκον,
3356 3944 3388 4016 ἢ
3415 3945 3493 3997 ὃτι
3517 3944 3583 3996 ἐκ
3603 3944 3722 3995 ναοῦ

2166 4054 2318 4122 ἁγίου
2335 4031 2659 4119 ἐφθέγγετο.
2684 4044 2809 4106 Πῶς
2829 4041 3005 4094 τοίνυν
3046 4041 3096 4091 oi
3118 4037 3332 4090 ἀσεὸεῖς
3356 4035 3416 4087 οὐ
3444 4031 3721 4104 φοϐοῦνται

2168 4146 2264 4219 μὴ,
2291 4142 2483 4208 καθὼς
2502 4141 2612 4194 οὐκ
2640 4136 3007 4203 ἐδοκίμασαν
3032 4128 3314 4225 tuream
3334 4126 3456 4225 (96)-
3469 4128 3634 4196 ἔχειν

2161 4237 2495 4309 ἐπιγνώσει,
2540 4227 2910 4304 παραδοθῶσιν
2941 4226 3028 4289 είς
3048 4221 3332 4290 ἀδόκιμον
3350 4219 3524 4282 γοῦν,
3542 4219 3724 4269 ποιεῖν

2162 4333 2235 4386 τὰ
2255 4328 2339 4399 μὴ
2374 4323 2743 4391 καθήκοντα;
2772 4319 2845 4372 Οὐ
2870 4316 2978 4388 γὰρ
3007 4313 3264 4383 κτίσματι
3291 4313 3323 4381 ἡ
3359 4310 3545 4399 κτίσις
3561 4322 3721 4378 προσ-

2164 4398 2344 4477 κυνεῖ·
2386 4417 2504 4471 οὐδὲ
2535 4412 2694 4467 πάλιν
2724 4410 2812 4464 διὰ
2846 4409 2945 4480 τὴν
2972 4407 3151 4477 σάρκα
3181 4403 3476 4475 παρῃτεῖτο
3504 4398 3595 4452 τὸν
3620 4399 3724 4451 Κύο

490 4502 729 4547 creatam
762 4493 951 4548 adorat
978 4509 1063 4549 res
1091 4505 1293 4562 creata,
1327 4512 1503 4567 neque
1527 4514 1719 4554 rursus
1749 4500 1819 4554 ob
1839 4516 2056 4558 carnem

2167 4531 2278 4585 ριον
2310 4510 2503 4580 ἐαυτῆς
2533 4504 2874 4578 προσκυνεῖν,
2905 4498 3040 4552 ἀλλά
3069 4496 3158 4550 τὸν
3184 4494 3381 4562 ἑαυτῆς
3404 4489 3722 4585 δημιουργὸν

489 4583 784 4638 Dominum
817 4601 976 4641 suum
1015 4586 1210 4658 refugit
1246 4589 1516 4643 adorare:
1556 4590 1650 4644 sed
1680 4593 1815 4647 vidit
1854 4594 1906 4648 in
1937 4611 2058 4650 cor-

488 4690 623 4747 pore
642 4676 954 4732 Creatorem
982 4694 1165 4745 suum,
1194 4689 1357 4750 atque
1394 4681 1447 4734 in
1480 4683 1699 4739 nomine
1734 4682 1860 4738 Jesu
1894 4700 2058 4742 omne

561 4832 606 4864 "
644 4831 888 4912 Joa_n._15,
922 4833 1010 4912 ὃς).
1087 4835 1134 4867 ⁸⁸
1171 4833 1362 4912 Matth.
1404 4852 1532 4912 vi",
1556 4835 1613 4891 2.
1707 4838 1980 4912 "Matth.
2010 4863 2063 4901 Ix

2166 4849 2211 4903 [).
2313 4849 2360 4880 ⁸⁸
2397 4846 2588 4902 Matth.
2628 4860 2749 4911 vtn,
2781 4806 2874 4896 ΞΒ.

492 4917 653 4969 mu,
679 4903 789 4970 45;
816 4902 1007 4959 Matth.
1040 4920 1212 4971 xxvii,
1244 4905 1333 4960 51.
1407 4908 1450 4940 ⁹¹
1496 4906 1654 4963 Rom.
1686 4925 1724 4974 ι,
1755 4910 1844 4965 28.

557 5018 672 5087 (89)
710 5017 805 5087 Sic
831 5016 1216 5087 Segucrianus.
1247 5018 1350 5072 Alii
1380 5026 1434 5073 et
1459 5019 1610 5080 editi.
1650 5020 1756 5076 διά.

560 5019 648 5087 (89
710 5018 805 5087 Sic
831 5018 1216 5086 Segucrianus.
1247 5018 1350 5072 Alii
1380 5026 1434 5073 et
1459 5019 1610 5080 editi.
1650 5020 1756 5076 διά.

560 5018 690 5159 (θοζ,
713 5086 807 5143 Sic
841 5087 1067 5159 Seguer.
1094 5086 1257 5159 Basil.
1287 5089 1568 5159 Anglican.
1597 5089 1755 5146 Gobl.
1782 5091 1971 5148 Caeteri
2001 5104 2056 5151 et

487 5156 1018 5236 edi't._’Comm._,_'d>g
1046 5156 1447 5236 )téxwv._Paulo
1493 5168 1634 5236 post,
1668 5177 1853 5236 vocem
1891 5165 2056 5236 ἀφρό-

489 5249 597 5286 νων
626 5228 751 5298 Seg.
786 5227 946 5284 Basil.
984 5228 1203 5298 Anglic.
1247 5230 1448 5284 habent
1475 5227 1501 5282 ι⁷
1519 5230 1609 5282 alii
1643 5243 1697 5287 et
1728 5233 1857 5286 editi
1889 5227 2055 5289 omit-

486 5310 631 5370 tum.
669 5297 898 5370 Ibidem,
931 5298 1026 5370 διά
1048 5298 1108 5351 τὸ
1138 5297 1296 5370 σῶμα
1493 5299 1648 5356 Gobl.
1683 5302 1827 5357 Felc.
1862 5304 1914 5369 1,
1962 5307 2056 5361 ad-

486 5365 646 5436 dunt,
680 5385 803 5439 quae
834 5369 906 5439 ab
940 5368 1060 5439 aliis
1087 5375 1140 5439 et
1160 5365 1289 5439 edit.
1323 5365 1534 5424 Comm.
1566 5371 1784 5428 absunt.

559 5442 673 5511 (9|)
699 5436 818 5493 ’Τόν
856 5438 945 5495 hic
976 5438 1125 5499 addit
1157 5436 1475 5511 Seguerian.
1512 5439 1618 5507 Alii
1652 5456 1780 5501 vero
1829 5449 1885 5506 et
1926 5443 2058 5500 editi

526 5512 768 5564 mittunt.

486 5525 768 5575 omnium.

559 5577 675 5651 (92)
714 5579 901 5651 [Ιάσης
931 5577 1172 5651 deest__in
1206 5580 1528 5651 Anglicano.

582 5581 652 5634 92
714 5581 901 5651 Πάσης
931 5581 1084 5633 deest
1116 5581 1172 5631 in
1206 5581 1528 5646 Anglicano.

521 5581 675 5732 ~i93;
713 5647 939 5719 Seguer.
971 5647 1256 5720 Anglican.
1290 5650 1509 5706 Gobler.
1543 5660 1596 5707 et
1623 5650 1769 5708 Felc.
1797 5654 1849 5721 Ι,
1873 5670 2058 5727 γεννη-

489 5733 674 5859 τηῗέη)
714 5785 803 5845 Sic
831 5784 952 5860 Seg.
990 5789 1059 5845 At
1098 5787 1259 5849 Basil.
1306 5787 1515 5861 Anglic.
1552 5790 1792 5860 Gobler.,
1820 5794 2053 5867 ἐτρόμα-

2163 4578 2386 4657 ἔϐλεπεν
2406 4578 2468 4652 ἐν.
2487 4597 2724 4669 σώματι·
2750 4593 2843 4647 καὶ
2863 4593 2920 4643 ἐν
2946 4588 3024 4659 τῷ
3047 4588 3268 4657 ὀνόματι
3300 4581 3471 4654 Ἰησοῦ
3492 4578 3719 4653 Χριστοῦ

2164 4697 2270 4749 πᾶν
2299 4695 2428 4763 γόνυ
2464 4690 2708 4759 ἔκαμπτε
2735 4684 2867 4754 (97),
2916 4681 3013 4734 καὶ
3056 4678 3263 4750 κάμψει
3289 4675 3365 4739 δὲ,
3398 4672 3720 4744 ἐπουρανίων

2986 4839 3030 4871 ⁸³
3071 4836 3232 4893 Joan.
3264 4851 3343 4901 ιι,
3374 4833 3426 4888 6.
3505 4833 3552 4867 ⁸⁸
3592 4832 3714 4886 Luc-

2159 5030 2267 5096 ξεν.
2313 5028 2453 5083 Edit.
2508 5024 2772 5099 Gommel.
2803 5030 2857 5078 et
2888 5021 3000 5085 alii,
3033 5019 3351 5099 ἐτρόμαζεν.
3397 5016 3569 5099 Paulo
3606 5028 3721 5088 ροςι

2162 5090 2757 5171 Seguerianushabet,
2806 5090 3367 5171 προκεκοιμημένων,
3426 5090 3546 5170 sine
3599 5105 3720 5171 voce

2160 5161 2349 5241 ἁγίων.
2384 5169 2440 5222 1η
2471 5165 2787 5241 eodem,va
2816 5161 2939 5233 post
2958 5161 3402 5241 thensp_legititr,
3430 5161 3487 5215 in
3516 5161 3719 5241 caeteris

2159 5229 2284 5312 post
2319 5237 2609 5312 ἌρειανοίΖ
2643 5229 2915 5312 ldem_pro
2953 5233 3053 5293 δεῖ,
3089 5229 3249 5286 habet
3278 5231 3365 5302 δή,
3395 5241 3450 5283 et
3474 5247 3574 5300 pro
3606 5229 3713 5281 nsi-

2159 5306 2856 5382 aeaeat,'grai0§698.m3'§-
2910 5373 2942 5382 ,,
3093 5372 3106 5382 ,
3198 5371 3234 5382 ..

2233 5370 2475 5451 (95)’5ἱο
2522 5377 2754 5451 Segner.
2800 5373 2966 5428 Basil.
3001 5382 3056 5427 et
3079 5371 3290 5441 Anglic.
3321 5370 3422 5451 Alii
3458 5378 3634 5451 autem
3671 5375 3718 5447 ej

2159 5439 2337 5513 editi,’
2359 5439 2807 5522 edosmg.'_l’aulo_
2826 5453 2965 5512 post,
2988 5439 3294 5522 Inanuécr.,
3324 5440 3358 5511 ῆ
3396 5441 3478 5493 ὅτι
3507 5442 3572 5493 ἐκ
3595 5439 3718 5493 ναοῦ

2159 5515 2394 5580 habent}
2426 5519 2577 5582 editi,
2613 5517 2647 5587 ἢ
2676 5517 2764 5569 ὅτε
2792 5515 2856 5587 ἐκ
2885 5515 3038 5567 ναοῦ.

2229 5588 2343 5663 (99)
2382 5580 3014 5663 Basilct'Anglicanu‘s,
3036 5581 3127 5663 τὸκί
3158 5580 3413 5663 Χριστόν.
3560 5662 3563 5663 ν

2230 5649 2340 5728 (97)
2381 5657 2472 5712 Sic
2505 5656 2628 5726 Seg.
2656 5649 2811 5712 Gobl.
2839 5663 2893 5711 et
2923 5652 3067 5715 Felc.
3100 5652 3151 5713 l.
3186 5649 3329 5707 Editi
3362 5663 3491 5706 vero
3520 5662 3575 5710 et
3607 5649 3715 5713 alii.

2157 5731 2485 5809 ἐκάμπτετο,
