3992 6230
354 363 377 416 1
387 361 488 413 077

1290 340 1627 399 EPISTOLA
1665 337 1755 390 AD
1793 323 2191 387 ADELPHIUM
2208 313 2623 393 ,EPISCOPUM

3434 292 3570 347 1078

349 469 445 524 καί
492 466 766 536 ἐπιγείων,
817 464 910 516 καδ⁹
952 456 1336 530 καταχθονίων,
1383 453 1477 506 καὶ
1519 451 1667 502 πᾶσα
1702 445 1920 515 γλῶσσα

2036 452 2158 508 genu
2184 435 2382 489 ﬂexum
2411 421 2570 485 estet
2595 424 2860 486 llectetur,
2885 415 3207 479 caelestium,
3236 408 3572 469 terrestrium

2056 535 2059 536 ν
2120 526 2131 536 ·
2181 523 2203 536 ιι
2421 534 2446 536 α
2545 525 2585 536 -.
2646 511 2819 536 ---η-τ..
2877 508 3056 536 unm...
3116 503 3460 536 nnnnmmnm
3481 501 3527 532 οι
3556 516 3569 528 .

349 559 819 632 ἐξομολογήσεται,
863 554 964 609 κᾶν
1014 554 1124 613 τοῖς
1176 547 1470 618 Ἀρειανοῖς
1521 543 1594 613 μὴ
1637 540 1788 609 δοκῇ,
1835 537 1916 590 ὅτι

350 629 552 722 Κύριος
591 648 795 720 Ἰησοῦς
841 645 1070 717 Χριστὸς
1107 644 1186 704 είς
1232 639 1385 702 δόξαν
1416 634 1550 689 Θεοῦ
1579 632 1809 704 Πατρός.
1841 629 1916 681 Οὐ

348 719 459 814 γὰρ
501 719 712 806 ἀδοξίαν
757 741 983 809 ἡνεγκεν
1015 738 1048 805 ἡ
1085 731 1218 803 σὰρξ
1253 729 1331 800 τῷ
1356 727 1543 794 Λόγῳο
1581 725 1654 796 μὴ
1679 719 1914 790 γένοιτοί

351 812 487 888 ἀλλὰ
545 831 740 904 μᾶλλον
790 828 930 898 αὐτη
975 825 1285 888 δεδόξασται
1333 819 1461 890 παρ’
1518 814 1702 870 αὐτοῦ.
1750 812 1916 874 Οὐδὲ,

352 901 555 996 ὲπειδὴή
592 924 778 978 δούλου
828 921 1036 991 μορφὴν
1086 914 1341 969 ἀνέλαϐεν
1389 915 1418 965 ὁ
1459 912 1516 962 ὲν
1563 909 1739 980 μορφῇ
1785 901 1918 957 Θεοῦ

353 995 613 1089 ὑπάρχων
641 1016 786 1078 Υἱὸς,
815 1008 1102 1082 ἠλαττώθη
1131 1007 1229 1076 τῆς
1263 1004 1510 1072 θεότητος
1528 1018 1539 1030 ·
1567 998 1702 1053 ἀλλὰ
1726 995 1920 1067 μᾶλλον

353 1087 514 1172 αὐτος
544 1106 724 1160 ὲλευθε
736 1104 909 1176 ρωτὴς
937 1101 1114 1170 πάσης
1148 1097 1346 1168 σαρκὸς
1376 1093 1469 1147 καὶ
1491 1092 1671 1160 πάσης
1699 1087 1923 1148 κτίσεως

355 1201 566 1269 γέγονε.
610 1197 719 1250 Καὶ
751 1197 798 1248 εί
839 1195 868 1246 ὁ
913 1192 1044 1254 Θεὸς
1077 1190 1132 1243 δὲ
1179 1185 1461 1241 ἀπέστειλε
1487 1183 1576 1234 τὸν
1605 1180 1731 1232 Υἱὸν
1759 1175 1922 1230 αὐτοῦ

353 1288 689 1358 γεννώμενον
734 1287 796 1337 ὲκ
823 1281 1097 1352 γυναικὸς,
1138 1280 1237 1332 οὐκ
1283 1274 1541 1344 αἰσχύνην
1572 1272 1702 1341 ἡμῖν
1735 1269 1925 1336 ἐπάγει

353 1383 418 1434 τὸ
443 1381 694 1452 πρᾶγμα,
724 1374 858 1429 ἀλλὰ
883 1373 1079 1444 μᾶλλον
1101 1369 1340 1435 εὐδοξίαν
1366 1367 1458 1420 καὶ
1487 1362 1724 1435 μεγάλην
1745 1359 1925 1431 χάριν.

355 1473 550 1541 Γέγονε
583 1470 690 1541 γὰρ
725 1468 1028 1538 ἄνθρωπος,
1063 1464 1128 1516 ἵν’
1155 1463 1300 1534 ἡμᾶς
1327 1462 1381 1512 ὲν
1409 1457 1582 1527 ἐαυτῷ
1603 1455 1924 1524 θεοποιήσῃο

356 1565 452 1618 καὶ
479 1563 701 1633 γέγονεν
733 1563 795 1612 ὲκ
835 1556 1108 1626 γυναικὸς,
1145 1555 1237 1608 καὶ
1269 1550 1586 1620 γεγέννηται
1623 1547 1687 1599 ὲκ
1719 1543 1930 1615 Παρθέ-

354 1671 474 1715 νου.
507 1654 593 1706 ἵνα
635 1650 733 1722 τὴν
772 1649 928 1720 ἡμῶν
957 1646 1320 1717 πλανηθεῖσαν
1344 1643 1598 1710 γέννησιν
1630 1639 1710 1700 είς
1740 1635 1928 1689 ἑαυτὸν

360 1742 683 1814 μετενέγκῃ,
736 1740 829 1793 καὶ
873 1735 1158 1807 γενώμεθα
1205 1733 1390 1786 λοιπὸν
1432 1730 1586 1798 γένος
1631 1727 1805 1796 ἆγιρν,
1835 1723 1930 1776 καὶ

354 1790 604 1889 κοινωνοὶ
635 1790 784 1897 θείας
833 1790 1064 1900 φύσεως,
1100 1829 1174 1891 ὡς
1206 1790 1500 1898 ἔγραψενὸ
1535 1790 1801 1892 μακάριος
1825 1816 1928 1868 Πέ-
1960 1790 2001 1844 Β

354 1943 482 1996 τρος
501 1942 514 1955 ·
548 1924 657 1979 Καὶ
688 1923 755 1977 τὸ
787 1923 1086 1977 ἀδύνατον
1118 1919 1184 1972 δὲ
1213 1917 1317 1971 τοῦ
1345 1916 1554 1984 νόμου,
1578 1914 1648 1965 ἐν
1677 1903 1725 1976 ᾧ
1753 1906 1929 1976 ἠσθέ-

353 2033 446 2069 νει
494 2013 591 2068 διὰ
634 2012 745 2081 τῆς
795 2010 1040 2080 σαρκὸς,
1091 2013 1124 2064 ὁ
1177 2008 1319 2071 Θεὸς
1373 2006 1479 2058 τὸν
1524 2001 1738 2057 ἑαυτοῦ
1794 1999 1928 2053 Υίὸν-

356 2105 600 2174 πέμψας
629 2105 700 2157 ἐν
727 2101 1038 2172 ὁμοιώματι
1066 2098 1289 2166 σαρκὸς
1320 2095 1624 2164 ἁμαρτίας.
1659 2091 1756 2145 καὶ
1797 2089 1926 2156 περὶ

354 2198 642 2267 ἁμαρτίας
682 2195 988 2262 κατέκρινε
1027 2191 1142 2260 τὴν
1175 2187 1466 2258 ἁμαρτίαν
1496 2185 1564 2238 ἐν
1603 2182 1677 2252 τῇ
1724 2179 1926 2249 σαρκί.

430 2402 482 2454 5.
521 2399 632 2471 Τὴν
663 2397 840 2452 τοίνυν
872 2391 1306 2465 προσληφθεῖσαν
1335 2388 1437 2442 ὑπὸ
1468 2387 1560 2440 τοῦ
1594 2385 1765 2453 Λόγου
1797 2382 1929 2452 σάρ-

357 2511 452 2556 κα,
503 2493 594 2545 ἐπὶ
643 2490 720 2560 τῷ
773 2491 978 2552 πάντας
1026 2482 1344 2556 ἀνθρώπους
1391 2478 1784 2548 ἐλευθερῶσαι.
1839 2474 1932 2527 καὶ

359 2584 565 2647 πάντας
602 2585 664 2635 ὲκ
689 2579 908 2650 ’νεκρῶν
950 2576 1270 2646 ἀναστῆσαι,
1298 2572 1392 2625 καὶ
1420 2567 1691 2641 ἁμαρτίας
1707 2563 1818 2636 (98)
1846 2563 1935 2615 λυ-

358 2675 694 2747 τρώσασθαι,
741 2672 856 2735 πῶς
902 2672 949 2723 οί
998 2668 1200 2738 ταύτην
1249 2661 1666 2728 ὲξουδενοῦντες,
1701 2658 1734 2729 ἢ
1765 2658 1812 2710 oi
1845 2654 1932 2708 διὰ

358 2765 564 2837 ταύτην
589 2762 1020 2835 κατηγοροῦντες
1048 2759 1138 2812 τοῦ
1167 2756 1296 2810 Υίοῦ
1319 2755 1412 2808 τοῦ
1435 2751 1570 2806 Θεοῦ
1595 2751 1670 2814 ὡς
1696 2750 1935 2819 ποιήμα-

360 2875 452 2920 τος
484 2856 517 2927 ἦ
553 2857 850 2925 κτίσματος
876 2852 1009 2922 (99),
1056 2851 1154 2902 οὐκ
1197 2848 1475 2918 ἀχάριστοι
1511 2843 1807 2913 φαίνονται,
1841 2839 1934 2892 καὶ

363 2947 562 3009 παντός
593 2947 698 2998 εἰσι
734 2945 922 3014 μίσους
955 2940 1122 3004 ἄξιοις
1169 2939 1342 2992 Μόνον
1369 2936 1478 3006 γὰρ
1519 2934 1636 3002 οὐχὶ
1665 2931 1824 3001 βοῶσι
1856 2928 1935 2998 τῷ

361 3037 480 3108 Θεῷ
502 3037 749 3104 λέγοντες
767 3052 780 3066 ·
811 3035 902 3102 Μὴ
927 3032 1149 3104 πέμψῃς
1173 3047 1262 3082 σου
1281 3029 1370 3081 τὸν
1390 3029 1517 3080 Υίὸν
1546 3027 1636 3079 τὸν
1674 3022 1934 3095 μονογενῆ

362 3133 421 3184 ὲν
475 3129 668 3198 σαρκί·
719 3127 794 3198 μὴ
837 3129 1067 3198 ποιήσῃς
1109 3123 1268 3176 αὐτὸν
1320 3124 1383 3174 ὲκ
1429 3119 1706 3190 Παρθένου
1759 3115 1936 3186 σάρκα
1964 3143 2006 3199 C

361 3220 564 3280 λαϐεῖν,
596 3220 680 3273 ἵνα
707 3219 780 3289 μὴ
803 3216 1146 3288 λυτρώσηται
1172 3215 1316 3285 ἡμᾶς
1341 3211 1434 3264 τοῦ
1466 3210 1691 3264 θανάτου
1727 3208 1938 3278 καὶτῆς

363 3312 656 3384 ἁμαρτίας.
707 3313 782 3363 Οὐ
828 3309 1051 3378 θέλομεν
1103 3307 1261 3359 αὐτὸν
1313 3307 1368 3356 ὲν
1410 3302 1618 3372 σώματι
1665 3299 1936 3370 γενέσθαι,

366 3405 454 3457 ἵνα
488 3404 560 3473 μὴ
599 3403 688 3455 τὸν
729 3401 869 3470 ὑπὲρ
907 3398 1057 3470 ἡμῶν
1091 3396 1407 3464 ἀναδέξηται
1441 3393 1695 3447 θάνατον’
1726 3391 1786 3444 οὐ
1822 3390 1942 3460 βου-

365 3494 572 3564 λόμεθα
609 3494 700 3546 τὸν
744 3493 914 3560 Λόγον
951 3491 1126 3561 σάρκα
1162 3486 1432 3556 γενέσθαι,
1476 3485 1561 3538 ἵνα
1615 3483 1687 3562 μῂ
1723 3485 1779 3535 ἐν
1808 3482 1941 3534 ταύ·

365 3600 434 3654 τῃ
466 3583 540 3653 (1)
578 3582 803 3654 μεσίτης
842 3581 997 3651 ἡμῶν
1040 3579 1263 3647 γένηται
1296 3577 1394 3646 τῆς
1429 3575 1563 3643 πρὸς
1592 3574 1649 3626 σὲ
1680 3573 1941 3644 προσόδου

367 3675 584 3738 καὶτὰς
613 3677 670 3728 ἐν
703 3675 950 3745 οὐρανοῖς
977 3672 1284 3742 οίκήσωμεν
1315 3667 1498 3737 μονάς.
1525 3664 1944 3734 Κλεισθήτωσαν

369 3770 425 3820 αἱ
457 3767 618 3820 πύλαι
648 3765 757 3818 τῶν
789 3764 1050 3835 οὐρανῶν,
1084 3761 1170 3814 ἵνα
1195 3759 1268 3830 μὴ
1289 3758 1375 3811 διὰ
1401 3755 1494 3809 τοῦ
1519 3755 1946 3821 καταπετάσμα-

368 3877 462 3923 τος
511 3858 611 3930 τῆς
653 3858 850 3929 σαρκὸς
892 3853 1056 3910 αὐτοῦ
1099 3852 1196 3922 τὴν
1241 3853 1298 3902 ὲν
1349 3849 1597 3920 οὐρανοῖς
1649 3846 1777 3915 ἡμῖν
1827 3844 1945 3896 ὁδὸν

370 3949 656 4019 ὲγκαινίσῃ
681 3950 710 4000 ὁ
742 3947 830 4009 σὸς
848 3945 924 4015 (‘2)
960 3945 1148 4011 Λόγος.
1179 3933 1346 3993 Αὐται
1379 3939 1475 4010 μὲν
1502 3940 1556 3991 αἱ
1591 3935 1812 3988 ἐκείνων
1836 3951 1947 4002 φωρ

369 4041 462 4095 ναὶ
497 4039 632 4110 μετὰ
667 4036 980 4105 διαϐολικῆς
1017 4034 1222 4103 τόλμης
1260 4030 1366 4082 εἰσὶ
1409 4027 1836 4100 προφερόμεναι,
1875 4023 1944 4075 δι’

368 4127 438 4204 ἦς
471 4133 768 4202 ἐπενόησαν
799 4129 1006 4190 ἑαυτοῖς
1036 4122 1320 4186 κακονοίας
1339 4137 1352 4151 ο
1385 4123 1433 4173 oi
1463 4119 1571 4190 γὰρ
1606 4117 1678 4188 μὴ
1707 4115 1946 4190 θέλοντες

374 4225 554 4294 σάρκα
579 4222 868 4291 γενόμενον
899 4218 987 4271 τὸν
1020 4216 1190 4283 Λόγον
1215 4213 1562 4284 προσκυνεῖν,
1593 4204 1948 4279 ἀχαριστοῦσι

370 4319 440 4388 τῇ
466 4313 620 4368 ὲνανθ
631 4314 871 4385 ρωπὴσει
895 4307 1058 4363 αὐτοῦ
1079 4325 1091 4336 ·
1120 4307 1212 4359 καὶ
1237 4307 1286 4357 οῖ
1313 4300 1644 4374 διαιροῦντες
1667 4299 1757 4351 τὸν
1778 4297 1948 4364 Λόγον

373 4407 485 4462 ἀπὸ
524 4405 624 4475 τῆς
665 4403 864 4476 σαρκὸς
901 4399 1020 4453 θύδὲ
1065 4399 1191 4470 μίαν
1239 4395 1504 4467 λύτρωσιν
1535 4392 1631 4462 τῆς
1678 4388 1949 4460 ἁμαρτίας

373 4499 646 4568 γενέσθαι,
669 4496 787 4548 οὐδὲ
808 4491 1097 4546 κατάλυσιν
1121 4489 1214 4542 τοῦ
1247 4487 1475 4541 θανάτου
1505 4483 1802 4554 νομίζουσι.
1837 4478 1947 4533 Ποῦ

373 4590 431 4642 δὲ
470 4588 606 4650 ὅλως
647 4588 694 4639 οἱ
727 4584 941 4646 ἀσεϐεῖς
984 4583 1076 4635 καὶ
1125 4578 1244 4632 καθ’
1275 4577 1470 4648 ἑαυτὴν
1521 4576 1808 4645 εὑρήσουσι
1849 4571 1946 4642 τὴν

376 4681 576 4751 σάρκα,
607 4679 673 4750 ῆν
707 4677 894 4730 ἐλαϐεν
919 4677 947 4726 ὁ
977 4672 1184 4742 Σωτὴρ,
1227 4671 1312 4722 ἵνα
1345 4670 1438 4722 καὶ
1468 4666 1706 4736 τολμῶσι
1737 4663 1944 4732 λέγειν·

376 4772 534 4843 οὐ(5)
551 4768 957 4842 προσκυνοῦμεν
975 4767 1130 4836 ἡμεῖς
1145 4763 1234 4814 τὸν
1244 4761 1447 4831 Κύριον
1461 4757 1595 4828 μετὰ
1610 4756 1708 4826 τῆς
1725 4754 1942 4826 σαρκός·

375 4861 857 4933 ἀλλὰ’διαιροῦμεν
885 4859 945 4911 τὸ
991 4856 1170 4925 σῶμα,
1198 4852 1290 4906 καὶ
1318 4851 1461 4922 μόνῳ
1491 4849 1664 4919 τούτῳ
1691 4844 1948 4917 λατρεύο-

381 4967 512 5021 μεν;
558 4949 616 5001 '0
650 4949 746 5018 μὲν
772 4943 863 5000 οὖν
890 4944 1156 5016 μακάριος
1187 4939 1454 5008 Στέφανος
1487 4939 1544 4990 ἐν
1574 4937 1817 5006 οὐρανοῖς
1842 4929 1948 4986 εἶδε

375 5040 471 5093 τὸν
503 5038 704 5110 Κύριον
747 5039 811 5090 ἐκ
841 5034 1027 5099 δεξιῶν
1061 5031 1298 5086 ἑστῶτα·
1327 5031 1376 5082 οἱ
1416 5029 1472 5081 δὲ
1511 5025 1728 5094 ἄγγελοι
1766 5025 1947 5091 ἔλεγον

376 5134 492 5194 τοῖς
517 5131 813 5202 μαθηταῖς
847 5127 1043 5190 Οὕτως
1082 5125 1392 5178 ἐλεύσεται
1433 5119 1505 5172 ὃν
1536 5118 1755 5186 τρόπον
1783 5113 1947 5167 ἐθεά-

2017 535 2070 581 et
2119 523 2479 582 infernorum,
2536 525 2590 571 et
2643 511 2821 567 omnis
2876 508 3061 577 lingua
3115 501 3572 561 confitebitur”;

2016 616 2235 671 tametsi
2273 611 2491 666 Arianis
2539 621 2646 662 non
2695 604 2890 674 placet,
2927 599 3055 670 quia
3105 596 3367 653 Dominus
3416 591 3577 663 730

2016 707 2174 764 Iesus
2198 705 2449 760 Christus
2482 702 2536 754 in
2567 697 2736 767 gloria
2765 703 2850 748 est
2881 692 2973 748 Dei
2997 690 3193 745 Patris.
3226 687 3406 758 Neque
3427 685 3576 739 enim

2018 800 2252 856 dedecus
2284 794 2464 850 Verbo
2518 804 2647 846 caro
2682 787 2897 842 attulit:
2949 782 3129 839 absit!
3187 781 3280 835 sed
3314 780 3428 849 ipsa
3481 792 3577 846 po.

2019 891 2127 946 tius
2151 890 2217 943 ab
2244 888 2336 942 illo
2361 884 2588 955 gloriam
2622 879 2847 948 accepit.
2879 875 2988 930 Nec
3020 874 3172 938 item,
3197 871 3323 942 quia
3347 869 3574 924 formam

2019 980 2160 1036 servi
2191 977 2396 1045 accepit
2428 973 2616 1037 Filius,
2655 969 2746 1039 qui
2773 968 2825 1022 in
2863 966 3036 1021 forma
3069 963 3166 1018 Dei
3215 970 3298 1017 est
3319 961 3385 1026 ⁸³,
3415 959 3574 1014 dimi—

2023 1080 2188 1125 nutus
2221 1067 2502 1122 divinitate
2533 1071 2656 1119 est:
2684 1061 2776 1116 sed
2822 1067 3031 1122 contra,
3079 1055 3348 1110 universa:
3400 1049 3579 1104 carnis

2023 1174 2317 1230 rerumque
2359 1157 2602 1212 omnium
2647 1161 2949 1208 creatarum
3007 1149 3262 1201 liberator
3310 1144 3424 1212 ipse
3458 1141 3578 1195 fuit.

2022 1254 2088 1308 Et
2115 1268 2240 1308 vero
2267 1251 2312 1306 si
2341 1249 2482 1304 Deus
2510 1247 2705 1300 Filium
2741 1259 2900 1300 suum
2939 1240 3086 1295 misit
3117 1255 3183 1293 ex
3215 1236 3442 1290 muliere
3491 1247 3582 1302 ge-

2024 1346 2219 1408 nilum,
2257 1341 2391 1396 nihil
2426 1353 2556 1394 sane
2589 1335 2888 1395 dedecoris,
2920 1331 3011 1386 sed
3044 1329 3223 1399 potius
3267 1325 3492 1396 gloriam
3531 1329 3585 1376 et

2027 1435 2253 1506 gratiam
2286 1445 2533 1500 magnam
2560 1427 2718 1482 nobis
2745 1441 2832 1480 res
2863 1423 2952 1476 illa
2987 1419 3336 1488 comparavit.
3397 1413 3584 1482 Siqui—

2027 1529 2149 1582 dem
2181 1523 2357 1578 factus
2387 1521 2552 1575 homo
2582 1527 2682 1584 est,
2719 1525 2777 1571 ut
2806 1529 2905 1569 nos
2937 1513 2989 1566 in
3023 1510 3200 1580 seipso
3248 1508 3377 1562 deos
3406 1504 3584 1560 etlice-

2028 1625 2114 1672 ret
2145 1634 2158 1670 :
2189 1613 2368 1670 factus
2408 1619 2584 1666 estex
2633 1607 2879 1666 muliere,
2914 1611 2969 1658 et
2997 1602 3209 1673 genitus
3235 1610 3319 1654 est
3366 1612 3434 1651 ex
3464 1593 3583 1649 Vir-

2029 1707 2173 1778 gine,
2209 1714 2269 1760 ut
2295 1710 2565 1760 errantem
2606 1698 2780 1753 nostri
2818 1705 2996 1751 ortum
3037 1689 3358 1747 transferret
3405 1687 3458 1741 in
3502 1701 3588 1741 se-

2031 1802 2230 1870 ipsum,
2282 1806 2448 1866 atque
2497 1794 2610 1864 jam
2674 1805 2775 1845 nos
2812 1803 2982 1858 genus
3009 1793 3262 1840 sanctum
3294 1789 3348 1834 et
3397 1779 3588 1834 divinae

2032 1898 2316 1947 consortes
2350 1895 2560 1942 naturae
2587 1882 2940 1942 etliceremur,
2974 1873 3427 1947 quemadmodum
3458 1871 3590 1926 scri-

2031 1985 2142 2055 psit
2167 1984 2358 2038 beatus
2388 1977 2688 2034 Petrus“:
2736 1972 2890 2027 Unde
2932 1970 3067 2042 quod
3115 1964 3432 2036 impossibile
3477 1973 3589 2016 erat

2032 2076 2153 2145 legi,
2199 2075 2256 2128 in
2288 2089 2389 2142 quo
2423 2067 2796 2138 inﬁrmabatur
2836 2079 2927 2132 per
2974 2074 3202 2122 carnem,
3245 2055 3383 2110 Deus
3430 2054 3590 2106 misso

2034 2164 2178 2218 Filio
2208 2181 2303 2218 suo
2330 2165 2386 2216 in
2417 2157 2817 2214 similitudinem
2849 2152 3023 2206 carnis
3052 2148 3273 2219 peccati,
3304 2154 3352 2199 et
3382 2145 3445 2198 de
3472 2158 3592 2212 pec-

2035 2269 2154 2313 cato
2192 2255 2459 2310 damnavit
2499 2261 2768 2322 peccatum
2803 2247 2853 2300 in
2880 2242 3120 2298 carne”.

2104 2363 2157 2416 5.
2186 2361 2268 2415 An
2299 2339 2407 2414 non
2441 2357 2604 2428 igitur
2658 2353 2769 2416 illi,
2818 2350 2911 2424 qui
2956 2330 3292 2417 assumptam
3341 2361 3371 2400 a
3421 2343 3594 2398 Verbo

2035 2468 2276 2516 carnem,
2314 2465 2423 2521 quo
2449 2461 2640 2503 omnes
2677 2442 2928 2498 homines
2962 2441 3234 2505 liberaret,
3256 2453 3322 2492 ex
3366 2435 3596 2490 mortuis

2036 2544 2416 2606 exsuscitaret,
2453 2555 2481 2593 a
2510 2537 2854 2608 peccatisque
2882 2533 3190 2594 redimeret,
3240 2527 3592 2597 vilipendunt,

2038 2637 2120 2692 vel
2151 2636 2270 2704 ejus
2318 2647 2483 2688 causa
2534 2628 2730 2683 Filium
2764 2625 2857 2680 Dei
2914 2633 3172 2692 tanquam
3228 2634 3339 2673 rem
3399 2614 3592 2671 factam

2038 2741 2348 2788 creatamve
2376 2725 2800 2785 calumniantur,
2829 2719 3024 2791 ingrati
3057 2715 3312 2784 omnique
3360 2710 3484 2766 odio
3515 2709 3596 2762 di-

2040 2825 2130 2896 gni
2156 2822 2328 2877 videri
2359 2819 2600 2876 debent?
2626 2816 2858 2870 Tantum
2893 2812 3036 2867 enim
3088 2823 3197 2863 non
3248 2806 3322 2860 ita
3363 2804 3597 2858 clamant

2042 2893 2107 2971 ad
2140 2915 2346 2969 Deum:
2394 2909 2473 2965 Ne
2502 2910 2686 2964 mittas
2733 2905 2929 2960 Filium
2976 2912 3127 2957 tuum
3160 2895 3492 2967 unigenitum
3541 2893 3595 2944 in

2041 3020 2301 3062 carnem:
2341 3002 2451 3058 noli
2492 2992 2666 3072 ipsum
2716 3012 2932 3054 carnem
2967 3010 3033 3049 ex
3067 2992 3285 3061 Virgine
3333 2985 3595 3054 accipere,

2042 3112 2110 3152 ne
2138 3111 2239 3150 nos
2273 3110 2302 3149 a
2333 3097 2508 3149 ωσι-ιε
2535 3099 2589 3146 et
2622 3098 2845 3160 peccato
2876 3086 3087 3139 liberet.
3143 3080 3406 3134 Nolumus
3457 3076 3600 3128 hunc

2041 3188 2192 3244 nasci
2223 3187 2277 3241 in
2304 3197 2553 3254 corpore,
2585 3197 2652 3236 ne
2685 3189 2911 3235 mortem
2946 3191 3045 3246 pro
3093 3173 3252 3228 nobis
3297 3167 3556 3236 suscipiat
3583 3183 3596 3218 :

2040 3282 2297 3335 nolumus
2325 3276 2561 3332 Verbum
2591 3272 2810 3329 carnem
2842 3269 2978 3336 fieri,
3005 3283 3074 3322 ne
3099 3265 3267 3320 nostri
3298 3261 3362 3316 ad
3397 3268 3447 3314 te
3476 3273 3600 3329 pro-

2042 3387 2266 3441 gressus
2297 3369 2564 3426 mediator
2597 3366 2652 3420 in
2680 3379 2744 3420 ea
2773 3364 2883 3428 ﬁat,
2912 3361 3266 3428 cmlestesque
3296 3354 3486 3409 domos
3520 3351 3601 3405 inr

2042 3465 2306 3520 colamus.
2361 3459 2698 3515 Claudantur
2749 3455 3008 3510 ccelorum
3059 3451 3276 3520 jamiaa,
3327 3460 3395 3500 ne
3447 3453 3598 3497 tuum

2048 3557 2288 3614 Verbum
2321 3570 2417 3625 per
2445 3553 2629 3608 carnis
2655 3565 2768 3605 suae
2797 3549 3039 3601 velamen
3070 3543 3230 3598 nobis
3261 3541 3363 3595 iter
3391 3537 3458 3592 ad
3487 3550 3601 3590 cm-

2042 3649 2127 3704 los
2170 3652 2411 3701 renovet.
2442 3641 2522 3696 En
2567 3655 2704 3710 quas
2732 3637 2809 3692 illi
2839 3651 3002 3692 voces
3039 3633 3305 3689 diabolica
3339 3643 3460 3683 cum
3502 3642 3601 3680 au-.

2043 3739 2198 3796 dacia
2233 3734 2539 3806 proferunt,
2589 3745 2697 3800 qua
2743 3726 2930 3782 eadem
2979 3724 3266 3793 instigante
3297 3733 3459 3789 prava
3500 3715 3601 3770 sibi

2046 3830 2149 3900 ipsi
2207 3827 2582 3896 excogitavere
2642 3825 2967 3875 commenta.
3030 3813 3164 3868 Nam
3218 3812 3311 3882 qui
3367 3807 3602 3863 Verbum

2048 3935 2268 3976 carnem
2319 3917 2519 3972 factum
2567 3911 2798 3967 adorare
2846 3915 3121 3966 recusant.
3157 3904 3212 3958 hi
3263 3902 3500 3972 ingratos
3549 3898 3602 3950 in

2047 4012 2166 4082 ejus
2190 4007 2575 4078 benignitatem
2606 4017 2727 4059 sese
2750 3999 3026 4062 exhibent,
3054 4011 3160 4065 qua
3187 3995 3478 4047 humanam
3519 4004 3607 4044 asc

2048 4101 2282 4172 sumpsit
2313 4107 2585 4154 naturam.
2618 4093 2722 4160 Qui
2755 4099 2935 4146 autem
2986 4088 3216 4142 Verbum
3269 4100 3300 4139 a
3333 4097 3496 4138 carne
3524 4082 3608 4136 di-

2048 4194 2275 4256 rimunt,
2305 4189 2358 4243 hi
2392 4185 2633 4257 profecto
2677 4182 2878 4238 nullam
2928 4177 3134 4250 peccati
3179 4173 3606 4242 redemptionem

2050 4285 2321 4340 nullamve
2348 4277 2537 4334 mortis
2557 4275 2882 4331 solutionem
2907 4275 3192 4324 autumant
3223 4262 3570 4320 ﬁeri.Ubinar

2052 4390 2178 4430 vero
2207 4386 2450 4432 carnem,
2479 4383 2641 4438 quam
2687 4364 2934 4419 Salvator
2959 4360 3186 4429 accepit,
3218 4369 3463 4412 seorsum
3511 4367 3610 4421 po-

1980 4473 2023 4527 D
2052 4468 2212 4523 sitam
2245 4462 2512 4534 reperient
2543 4458 2714 4528 impii,
2759 4463 2817 4509 ut
2849 4463 2903 4508 et
2953 4453 3131 4507 dicere
3189 4449 3423 4504 audeant
3458 4440 3608 4498 :Nos

2051 4574 2161 4614 non
2216 4555 2511 4610 adoramus
2559 4549 2846 4604 Dominum
2887 4559 3013 4600 cum
3060 4556 3244 4606 carne,
3281 4537 3374 4594 sed
3410 4549 3608 4604 corpus

2051 4662 2388 4719 separamus,
2418 4655 2471 4698 et
2503 4643 2604 4698 soli
2633 4640 2865 4695 Domino
2897 4634 3208 4693 servimus?
3243 4630 3384 4686 Sane
3415 4629 3607 4682 beatus

2053 4716 2361 4809 Stephanus
2410 4734 2699 4788 Dominum
2751 4746 2781 4784 a
2832 4727 3036 4784 dextris
3086 4731 3316 4777 stantem
3368 4717 3500 4770 vidit
3519 4716 3603 4778 °°;

2051 4833 2223 4904 angeli
2253 4843 2468 4900 quoque
2500 4824 2782 4894 discipulis
2831 4821 3080 4876 aiebant:
3113 4813 3202 4868 Sic
3237 4810 3398 4865 veniet
3429 4822 3602 4877 quem-

2053 4922 2338 4978 admodum
2368 4919 2575 4972 uidistis
2603 4931 2722 4970 eum
2758 4921 2963 4966 euntem
3003 4909 3056 4959 in
3084 4903 3268 4957 coelum
3287 4901 3353 4954 ’⁷.
3383 4896 3525 4963 Quin
3554 4904 3608 4948 et

2054 5015 2170 5085 ipse
2201 5012 2459 5067 Dominus
2500 5008 2710 5063 Patrem
2741 5003 3020 5070 alloquens
3047 4996 3181 5050 dixit
3213 5008 3228 5046 :
3262 4990 3387 5044 Volo
3422 4998 3482 5042 ut
3517 4986 3605 5040 ubi

2053 5082 2169 5162 sum
2197 5121 2308 5176 ego,
2340 5115 2388 5158 et
2422 5101 2505 5155 illi
2537 5111 2736 5168 semper
2764 5095 2868 5148 sint
2899 5105 3097 5143 mecum
3114 5087 3180 5140 ’⁸.
3205 5083 3263 5139 Si
3294 5082 3456 5153 igitur
3479 5093 3607 5134 caro

405 5310 420 5316 _
456 5269 500 5299 ⁹¹
529 5265 759 5335 Philipp.
792 5281 852 5323 ιι.
885 5263 972 5327 10,
1007 5263 1092 5316 11.
1169 5261 1214 5292 ⁸³
1240 5259 1369 5314 ibid.
1406 5257 1456 5325 '7,
1492 5257 1546 5312 6.
1620 5255 1666 5287 9"
1692 5253 1731 5308 ll
1765 5253 1909 5307 Petr.

2036 5251 2070 5305 l.
2150 5249 2196 5280 9"
2238 5245 2394 5301 Rom.
2426 5258 2544 5305 vni,
2581 5241 2633 5292 5.
2708 5237 2754 5268 ⁸⁸
2791 5232 3031 5295 Act.vn,
3064 5227 3152 5282 55.
3227 5225 3272 5257 θ’
3297 5222 3417 5277 Act.
3450 5235 3491 5287 l,
3516 5219 3600 5276 Η.

382 5339 428 5371 ⁸⁸
465 5336 624 5390 Joan.
657 5352 790 5401 xvn,
817 5335 908 5388 24.

385 5429 568 5570 ἀ
609 5427 926 5498 Seguenan.
959 5425 1122 5479 Basil.
1153 5430 1208 5477 et
1239 5421 1589 5492 Anglicanus,
1626 5418 1719 5472 καὶ
1748 5413 1944 5478 παντὸς

458 5555 570 5639 (99)
611 5567 702 5621 Sic
743 5566 967 5639 Seguer.
997 5573 1157 5639 atque
1189 5561 1265 5617 ita
1291 5561 1418 5633 legit
1443 5557 1707 5614 Nannius.
1740 5555 1844 5610 Alii
1894 5563 1949 5608 et

379 5639 514 5700 editi
551 5633 839 5700 omittunt,
858 5637 891 5705 ἢ
921 5633 1230 5705 κτίσματος.

455 5709 534 5779 ll)
571 5707 666 5763 Sic
699 5695 891 5761 omnes
912 5695 1059 5761 mssf
1081 5702 1217 5758 Editi
1244 5717 1390 5764 vero,
1425 5696 1676 5753 ἐνταῦθα.
1705 5695 1826 5752 Mox
1861 5695 1951 5749 Se-

2053 5425 2226 5482 guer.,
2244 5403 2499 5482 προόδου.
2529 5469 2565 5482 ἡ
2633 5468 2664 5482 η
2737 5417 2764 5482 ι’

2123 5452 2496 5542 eisesse
2527 5468 2688 5524 Basil.
2724 5465 2932 5536 Anglic.
2967 5461 3071 5516 Alii
3097 5472 3227 5513 vero
3255 5462 3310 5510 et
3344 5452 3494 5517 editi,
3518 5453 3608 5516 σός

2347 5628 2433 5668 om
2443 5625 2536 5667 nes
2559 5623 2694 5665 mss.
2719 5605 2854 5662 Male
2879 5610 3057 5659 autem
3070 5596 3232 5656 editio
3246 5593 3532 5658 Commel.,
3548 5593 3609 5646 οὐ

2056 5685 2255 5745 omittit
