3992 6230
444 373 582 433 1079
996 372 1053 429 8.
1092 371 1459 430 ATHANASII
1497 371 1645 429 OPP.
1681 371 1863 429 PARS
1900 371 1940 428 1.
1976 405 2044 423 -ι-
2080 372 2445 431 HISTORICA
2482 373 2568 430 ET
2608 371 3042 432 DOGMATICA.“
3511 371 3649 428 {080

442 506 474 552 ιι
502 485 680 546 Verbo
708 486 897 559 nequit
921 487 1109 555 dividi,
1147 502 1216 543 an
1245 502 1353 543 non
1384 503 1607 545 necesse
1640 498 1724 544 est
1752 487 1876 542 illos
1900 496 1994 542 aut

2101 493 2284 545 σασθε
2314 490 2498 544 αὐτὸν
2529 490 2929 560 πορευόμενον
2968 492 3057 557 είς
3089 488 3196 545 τὸν
3238 490 3513 560 οὐρανόν.
3539 490 3649 545 Καὶ

440 597 626 644 errore
650 582 896 652 deposito
924 580 1036 651 jam
1062 581 1272 635 Patrem
1306 580 1359 634 in
1396 581 1613 636 nomine
1653 579 1865 635 Domini
1896 594 1996 633 no-

2101 580 2253 645 αὐτὸς
2300 580 2356 634 δὲ
2403 583 2432 635 ὁ
2477 580 2678 653 Κύριος
2722 582 2930 652 εἴρηκε,
2960 580 3292 654 προσφωνῶν
3337 582 3417 652 τῷ
3443 581 3649 653 Πατρί-

438 674 537 731 stri
575 672 703 730 Jesu
739 672 942 729 Christi
973 674 1218 740 adorare,
1268 682 1383 738 aut,
1414 672 1459 729 si
1497 673 1731 729 Verbum
1775 685 1993 727 carnem

2101 671 2274 738 Θέλω,
2307 672 2458 726 ὅπου
2483 673 2598 742 εἰμὶ
2634 672 2768 742 ἐγὼ,
2801 673 2901 727 ἵνα
2927 673 3025 729 καί
3054 673 3221 728 αὐτοὶ
3256 672 3509 729 πάντοτε
3525 674 3652 742 μετ’

439 763 640 822 laetum
670 765 897 821 adorare
929 764 1112 835 illique
1164 767 1370 821 servire
1398 767 1690 831 noluerint,
1723 765 1792 820 ab
1819 765 1997 819 omni-

2101 761 2237 831 ἐμοῦ
2266 757 2398 817 ὦσι.
2427 762 2533 816 Καὶ
2562 763 2718 828 ὅλως,
2752 765 2801 816 εί
2823 763 3118 834 ἀδιαίρετός
3145 766 3290 818 ἐστιν
3322 765 3357 834 η
3382 763 3518 835 σάρξ
3545 761 3653 815 ἀπὸ

438 856 541 913 bus
565 858 736 928 rejici,
769 872 868 912 nec
897 857 1129 927 amplius
1160 859 1369 913 censeri
1399 858 1755 924 Christianos,
1788 857 1880 913 sed
1912 857 1994 912 vel

2101 853 2185 907 τοῦ
2213 854 2408 925 Λόγου,
2440 855 2556 918 πῶς
2596 857 2695 910 οὐκ
2729 856 2938 927 άνάγκη
2972 856 3190 920 τούτους
3227 855 3520 910 ἀποθέσθαι
3551 854 3650 924 τὴν

439 949 581 1003 inter
613 949 881 1011 ethnicos,
912 949 995 1003 vel
1026 950 1166 1002 inter
1184 947 1400 1003 Iudaeos
1431 947 1816 1003 annumerari?

2101 947 2323 1020 πλάνην,
2363 949 2455 1003 καὶ
2505 953 2825 1021 προσκυνεῖν
2872 949 3055 1010 λοιπὸν
3098 949 3190 1003 τὸν
3221 949 3439 1022 Πατέρα
3474 949 3530 1000 ὲν
3573 944 3652 1016 τῷ

436 1039 656 1114 ὀνόματι
700 1039 792 1093 τοῦ
832 1039 1033 1111 Κυρίου
1074 1039 1228 1112 ἡμῶν
1290 1040 1461 1110 Ἰησοῦ
1504 1038 1766 1112 Χριστοῦο
1822 1039 1878 1110 ἢ,
1918 1037 1991 1110 μὴ
2030 1042 2497 1110 προσκυνοῦντας,
2548 1024 2682 1116 μηδὲ
2717 1042 3073 1114 λατρεύοντας
3115 1041 3192 1112 τῷ
3243 1043 3302 1096 ἐν
3355 1039 3518 1112 σαρκὶ
3564 1055 3655 1106 γε-

437 1131 643 1203 νομένῳ
672 1131 844 1201 Λόγῳ,
880 1132 1209 1206 πανταχόθεν
1251 1131 1626 1198 ἐκϐάλλεσθαι,
1656 1132 1750 1186 καὶ
1793 1132 1986 1205 μηκέτι
2025 1132 2398 1203 Χριστιανοὺς,
2431 1135 2600 1208 ἀλλ’ἢ
2640 1135 2900 1200 ὲθνικοὺς,
2948 1136 2981 1207 ἢ
3037 1135 3174 1207 μετὰ
3221 1133 3329 1188 τῶν
3388 1133 3654 1189 Ἰουδαίων

437 1221 877 1294 συναριθμεῖσθαι
895 1240 910 1289 ;

506 1312 561 1376 6.
590 1312 716 1371 Haec
744 1328 892 1385 ergo,
923 1321 981 1367 ut
1009 1327 1172 1382 supra
1197 1312 1454 1376 diximus,
1494 1314 1702 1371 insania
1739 1321 1792 1368 et
1822 1322 1986 1369 teme—

2159 1310 2212 1366 ϐ.
2259 1311 2509 1366 Ἐκείνων
2539 1312 2634 1382 μὲν
2665 1307 2775 1376 οὖν,
2809 1311 2951 1364 καθά
2979 1311 3332 1381 προείπομεν,
3365 1311 3396 1380 ἡ
3429 1308 3649 1380 τοιαύτη

438 1406 572 1469 ritas
610 1406 826 1461 illorum
853 1415 953 1463 est.
985 1404 1177 1460 Nostra
1211 1415 1389 1460 autem
1426 1406 1557 1461 ﬁdes
1604 1415 1745 1460 recta
1778 1413 1879 1470 est,
1910 1413 1992 1459 at-

2101 1403 2261 1474 μανία
2288 1405 2378 1456 καὶ
2420 1403 2623 1474 τόλμα·
2656 1402 2810 1475 ἡμῶν
2851 1402 2908 1455 δὲ
2938 1404 2971 1473 ή
3011 1401 3191 1464 πίστις
3217 1401 3360 1454 ἐστὶν
3387 1398 3521 1470 ὀρθὴ
3542 1398 3650 1466 (4),

438 1512 542 1567 que
572 1511 636 1550 ex
671 1495 910 1550 doctrina
943 1494 1236 1563 apostolica
1275 1494 1526 1558 deducta,
1557 1504 1610 1549 et
1640 1495 1854 1549 Patrum
1883 1501 1993 1548 tra-

2101 1496 2189 1549 καὶ
2216 1496 2279 1548 ὲκ
2318 1493 2660 1557 διδασκαλίας
2705 1493 3063 1564 άποστολικῆς
3104 1491 3395 1563 ὁρμωμένη
3430 1492 3524 1545 καὶ
3550 1509 3657 1545 πα-

438 1587 666 1654 ditione,
699 1602 799 1642 nec
833 1603 939 1640 non
970 1602 1091 1641 eum
1118 1585 1254 1641 Novi
1285 1595 1398 1641 tum
1424 1585 1635 1642 Veteris
1665 1585 1995 1642 Testamenti

2102 1587 2363 1658 ραδόσεως
2405 1585 2512 1639 τῶν
2535 1587 2813 1658 Πατὲρων,
2839 1584 3196 1656 βεϐαιουμένη
3225 1583 3288 1637 ἐκ
3310 1601 3371 1636 τε
3393 1583 3538 1647 Νέας
3560 1585 3655 1638 καὶ

437 1679 761 1744 auctoritate
781 1679 1121 1734 conllrmata.
1140 1677 1265 1734 llaec
1288 1678 1433 1734 enim
1456 1687 1586 1734 sunt
1616 1679 1996 1748 prophetarum

2101 1680 2337 1743 Παλαιᾶς
2367 1678 2658 1750 Διαθήκης,
2707 1678 2815 1732 τῶν
2860 1679 2957 1749 μὲν
3005 1675 3297 1750 προφητῶν
3348 1675 3611 1744 λεγόντων
3637 1693 3652 1713 τ

439 1772 602 1827 verba
629 1790 642 1826 :
673 1769 867 1825 Emitte
897 1769 1119 1827 Verbum
1160 1778 1307 1825 tuum
1338 1779 1387 1824 et
1431 1771 1701 1824 veritatem
1746 1780 1892 1824 tuam
1912 1771 1995 1830 9':

437 1874 529 1921 et:
563 1863 697 1918 Ecce
746 1862 900 1934 Virgo
942 1863 1195 1933 concipiet
1221 1871 1270 1917 et
1299 1864 1467 1933 pariet
1498 1862 1718 1928 Filium,
1751 1872 1801 1918 et
1845 1880 1999 1919 voea-

438 1955 566 2015 bunt
595 1972 782 2011 nomen
807 1957 920 2021 eius
945 1954 1279 2023 Emmanuel,
1310 1957 1448 2029 quod
1476 1965 1554 2011 est
1575 1957 1995 2027 interpretatum,

441 2045 733 2110 Nobiscum
766 2045 964 2103 Deus‘.
1002 2046 1139 2112 Quid
1167 2062 1331 2115 porro
1366 2046 1495 2101 illud
1521 2056 1783 2115 estquam
1828 2045 1997 2100 Deum

441 2137 492 2195 in
517 2151 682 2194 carne
720 2137 916 2192 factum
943 2136 1110 2191 esse?
1141 2135 1282 2190 idem
1319 2150 1537 2206 quoque
1566 2135 1870 2206 apostolica
1900 2137 1997 2190 do—

437 2237 524 2285 cet
579 2228 819 2288 traditio,
850 2236 964 2282 tum
995 2230 1150 2283 beato
1177 2227 1338 2284 Petro
1359 2230 1570 2285 dicente
1601 2247 1614 2284 :
1644 2229 1855 2283 tIItristo
1896 2230 1998 2299 igi-

440 2330 528 2376 tur
541 2335 635 2388 pro
653 2319 801 2373 nobis
827 2335 983 2373 carne
1004 2335 1158 2389 passo
1172 2322 1192 2352 ²
1211 2338 1226 2384 ;
1251 2329 1361 2374 tum
1388 2319 1555 2375 Paulo
1573 2320 1860 2382 scribente,
1887 2318 1998 2373 Ea:-

438 2420 727 2481 spactantes
771 2412 972 2465 beatam
1009 2427 1150 2479 spem
1192 2421 1241 2465 et
1281 2412 1559 2467 adventum
1616 2412 1769 2483 731
1815 2412 1997 2482 gloria:

438 2502 619 2572 Magni
649 2501 743 2555 Dei
767 2514 817 2556 et
845 2500 1137 2557 Saluatoris
1166 2503 1330 2556 nostri
1358 2501 1486 2557 Iesu
1518 2502 1740 2567 Christi,
1779 2504 1868 2573 qui
1906 2502 1997 2556 de-

439 2593 519 2653 dit
539 2594 871 2663 semetipsum
898 2611 993 2664 pro
1027 2594 1195 2660 nobis,
1220 2605 1275 2648 ut
1297 2594 1572 2649 redimeret
1617 2611 1710 2649 nos
1740 2594 1804 2648 ab
1855 2596 1996 2648 omni

436 2700 668 2759 peccato,
714 2697 763 2741 et
796 2692 1069 2742 mandaret
1112 2688 1212 2741 sibi
1257 2687 1506 2756 populum
1553 2686 1904 2755 peculiarem,
1946 2694 1997 2741 et

438 2787 744 2839 sectatorem
788 2778 1041 2833 bonorum
1087 2794 1298 2847 operum
1322 2778 1363 2835 ³.
1415 2776 1696 2842 Quomodo
1737 2791 1866 2846 ergo
1911 2791 1997 2830 sev

440 2868 618 2938 ipsum
647 2883 748 2937 pro
777 2868 934 2924 nobis
962 2868 1218 2932 dedissrt,
1270 2868 1371 2922 nisi
1424 2883 1643 2923 carnem
1690 2866 1998 2937 gestasset?

2110 1772 2489 1824 Ἀπόστειλον
2518 1769 2623 1823 τὸν
2659 1772 2854 1839 Λόγον
2894 1784 3011 1824 σου
3064 1770 3163 1824 καί
3209 1767 3325 1835 τὴν
3368 1767 3657 1834 ἀλήθειὼ⁹

2096 1877 2242 1916 σουο
2270 1863 2397 1922 καὶ,
2429 1862 2583 1916 Ἰδοὺ
2615 1862 2651 1929 ἠ
2687 1860 2986 1930 Παρθένος
3033 1861 3101 1915 ἐν
3148 1860 3356 1931 γαστρί
3394 1860 3517 1925 ἕξει
3554 1861 3654 1913 καὶ

2095 1954 2323 2013 τέξεται
2385 1953 2539 2018 Υίὸν,
2586 1953 2683 2007 καὶ
2730 1951 3059 2008 καλέσουσι
3112 1952 3179 2005 τὸ
3236 1951 3421 2020 ὄνομα
3467 1949 3655 2004 αὐτοῦ

2109 2046 2506 2116 Ἐμμανουὴλ,
2522 2046 2692 2100 ὅέστι
2711 2046 3312 2114 μεθερμηνευόμενον,
3328 2043 3466 2096 Μεθ’
3489 2041 3658 2111 ἡμῶν

2096 2143 2129 2195 ό
2160 2141 2321 2206 Θεός.
2368 2139 2431 2193 Τί
2473 2139 2529 2191 δὲ
2567 2137 2723 2193 τοῦτό
2765 2140 2912 2191 ἐστιν
2955 2137 2989 2207 ἢ
3029 2136 3160 2191 Θεὸν
3201 2138 3258 2191 ἐν
3305 2135 3466 2207 σαρκὶ
3499 2152 3657 2204 γεγε-

2095 2230 2333 2301 νῆσθαι;
2372 2230 2437 2284 Ἦ
2478 2230 2533 2283 δὲ
2578 2228 2905 2300 ἀποστολικὴ
2932 2228 3224 2300 παράδοσις
3267 2228 3528 2290 διδάσκει,
3560 2226 3655 2280 τοῦ

2098 2322 2195 2391 μὲν
2230 2320 2498 2392 μακαρίου
2542 2320 2618 2389 (5)
2666 2319 2868 2390 Πέτρου
2921 2319 3194 2388 λέγοντος’
3242 2319 3496 2387 Χριστοῦ
3544 2314 3657 2372 οῦν

2094 2410 2245 2479 ὑπὲρ
2276 2411 2444 2482 ἡμῶν
2469 2411 2764 2476 παθόντος
2794 2411 2977 2478 σαρκί
2996 2428 3010 2447 θ
3049 2407 3144 2463 τοῦ
3182 2411 3238 2465 δὲ
3266 2410 3478 2464 Παύλου
3522 2411 3657 2482 γρά-

2096 2517 2310 2571 φοντος·
2333 2501 2806 2569 Προσδεχόμενοι
2836 2500 2950 2565 τὴν
2975 2500 3271 2568 μακαρίαν
3291 2498 3530 2560 ἐλπίδα,
3558 2498 3657 2553 καί

2093 2592 2444 2664 ἐπιφάνειαν
2473 2591 2576 2659 τῆς
2613 2591 2797 2661 δόξης
2824 2591 2930 2645 τοῦ
2952 2589 3217 2660 μεγάλου
3245 2589 3390 2644 Θεοῦ
3421 2589 3520 2642 καὶ
3547 2593 3657 2642 Σω-

2094 2684 2274 2753 τῆρος
2307 2682 2477 2753 ἡμῶν
2519 2683 2719 2751 Ἰησοῦ
2755 2681 3033 2751 Χριστοῦ,
3079 2680 3149 2746 ὃς
3185 2680 3404 2735 ἔδωκεν
3442 2679 3657 2734 ἑαυτὸν

2094 2776 2245 2845 ὑπὲρ
2280 2775 2468 2847 ἡμῶν,
2515 2776 2615 2829 ἵνα
2661 2774 3034 2845 λυτρώσηται
3080 2769 3237 2842 ἡμᾶς
3288 2772 3405 2827 ἀπὸ
3455 2771 3656 2838 πάσης

2098 2869 2402 2938 ἁμαρτίας,
2438 2868 2535 2922 καὶ
2570 2871 2862 2935 καθαρίσῃ
2896 2867 3083 2932 ἐαυτῷ
3108 2865 3262 2920 λαὸν
3292 2868 3657 2934 περιούσιον,

441 2958 580 3016 hanc
620 2958 764 3011 enim
809 2957 1064 3022 olferens,
1103 2958 1451 3028 semetipsum
1498 2973 1598 3028 pro
1641 2958 1797 3013 nobis
1825 2958 1992 3024 dedit,

2102 2960 2201 3013 καὶ
2246 2959 2513 3027 ζηλωτὴν
2545 2958 2747 3013 καλῶν
2776 2958 2980 3026 ἔργων.
3000 2957 3125 3021 Πῶς
3167 2953 3257 3011 οὖν
3300 2956 3529 3010 δέδωκεν
3564 2957 3664 3009 αὖ,

440 3057 501 3108 ιιι
524 3059 752 3103 mortem
789 3048 844 3107 in
867 3050 959 3104 illa
993 3050 1294 3114 subeundo,
1344 3049 1617 3104 diabolum
1658 3050 1848 3104 mortis
1895 3051 1998 3104 ἰηι-

438 3137 649 3208 perium
682 3139 969 3193 habentem
1004 3139 1371 3209 proﬂigaret‘.
1405 3138 1542 3197 Hinc
1556 3139 1754 3210 gratias
1785 3154 1998 3211 semper

439 3229 652 3298 agimus
681 3229 739 3287 in
769 3230 988 3285 nomine
1014 3229 1140 3285 Jesu
1169 3228 1394 3294 Christi,
1428 3245 1600 3299 neque
1638 3230 1865 3301 gratiam
1900 3244 1999 3285 no-

437 3320 526 3382 bis
577 3312 688 3390 per
722 3321 899 3391 ipsum
956 3325 1247 3393 praestitum
1300 3322 1669 3391 repudiamus.
1727 3323 1998 3392 Corporea

439 3412 584 3472 enim
615 3412 914 3470 Salvatoris
938 3414 1225 3484 praesentia
1254 3414 1447 3469 mortis
1493 3413 1595 3469 fuit
1622 3415 1851 3483 pretium
1878 3454 1895 3476 ,
1944 3421 1999 3468 et

439 3519 621 3564 rerum
650 3505 891 3561 omnium
921 3514 1222 3561 creatarum
1265 3504 1435 3560 salus.
1463 3503 1745 3573 Quocirca,
1786 3506 1997 3563 charis-

441 3596 574 3660 sime
598 3606 652 3652 et
675 3599 1035 3669 optatissime,
1072 3598 1126 3653 hi
1157 3598 1397 3668 quidem,
1428 3599 1522 3670 qui
1549 3598 1781 3669 diligunt
1816 3599 2000 3654 Domi-

441 3704 593 3752 num,
622 3705 689 3745 ex
728 3690 892 3747 dictis
925 3692 1381 3747 commonebant:
1428 3694 1521 3762 qui
1551 3708 1680 3747 vero
1719 3693 2000 3748 imitantur

440 3771 657 3841 Judam,
684 3785 738 3831 et
768 3776 1054 3833 Dominum
1089 3779 1367 3843 deserunt,
1386 3790 1444 3835 ut
1481 3780 1739 3850 Caipham
1769 3796 2002 3849 sequam-

442 3871 551 3927 ιω,
587 3880 656 3920 ex
702 3865 893 3947 iisdem
940 3867 1332 3937 dedoceantur,
1382 3870 1428 3925 si
1462 3871 1623 3925 modo
1653 3871 1838 3933 velint,
1875 3880 2000 3926 tan-

442 3955 677 4026 demque
706 3958 1053 4014 erubescant.
1090 3959 1349 4015 Noverint
1377 3962 1540 4031 igitur
1564 3976 1684 4026 nos,
1738 3977 1862 4017 cum
1896 3962 2001 4017 Do-

440 4047 650 4103 minum
677 4049 731 4103 in
769 4065 933 4105 carne
968 4052 1281 4116 adoramus,
1314 4067 1423 4107 non
1473 4067 1587 4108 rem
1631 4061 1865 4108 creatam
1901 4054 1999 4108 ad-

441 4154 617 4202 orare,
639 4142 729 4195 sed
751 4139 1060 4197 Creatorem
1079 4152 1260 4196 creato
1281 4143 1525 4198 indutum
1549 4158 1795 4213 corpore,
1812 4160 2001 4214 quem-

443 4231 732 4289 admodum
768 4247 930 4302 supra
960 4234 1368 4304 explicavimus.

2099 3053 2190 3107 τὸν
2217 3053 2289 3124 (6)
2320 3053 2458 3123 ὑπὲρ
2480 3051 2656 3122 ἡμῶν,
2686 3053 2734 3103 εί
2767 3051 2840 3121 μὴ
2868 3051 3044 3120 σάρκα
3075 3049 3307 3121 φορέσας
3330 3045 3428 3119 ἦνς
3454 3048 3662 3119 ταύτην

2099 3145 2206 3217 γὰρ
2253 3144 2619 3216 προσενέγκας
2658 3142 2753 3213 (Ἰ),
2785 3141 2971 3195 ἑαυτὸν
3014 3141 3151 3210 ὑπὲρ
3199 3140 3354 3212 ἡμῶν
3406 3139 3660 3204 δέδωκεν,

2100 3236 2186 3299 ἵν’,
2221 3238 2277 3288 ὲν
2311 3234 2492 3306 ἐκείνῃ
2524 3235 2615 3288 τὸν
2650 3233 2877 3286 θάνατον
2904 3230 3312 3301 ἀναδεξάμενος,
3339 3230 3665 3304 καταργήσῃ

2098 3328 2187 3381 τὸν
2219 3327 2277 3381 τὸ
2309 3327 2508 3398 κράτος
2538 3326 2728 3397 ἔχοντα
2764 3325 2857 3380 τοῦ
2903 3326 3127 3379 θανάτου
3158 3322 3415 3378 διάϐολον.
3451 3322 3541 3376 Διὸ
3570 3323 3665 3376 καὶ

2101 3419 2327 3474 πάντοτε
2348 3416 2767 3489 εὐχαριστοῦμεν
2788 3418 2843 3469 ὲν
2862 3415 2936 3487 τῷ
2957 3415 3176 3485 ὀνόματι
3203 3414 3375 3484 Ἰησοῦ
3395 3411 3629 3484 Χριστοῦ
3644 3427 3660 3443 ·

2100 3509 2194 3562 καὶ
2229 3509 2327 3561 οὐκ
2352 3507 2648 3578 ἀθετοῦμεν
2674 3508 2771 3577 τὴν
2794 3506 2860 3559 δι’
2890 3506 3050 3559 αὑτοῦ
3076 3504 3371 3576 γενομένην
3397 3504 3556 3576 χάριν
3584 3504 3664 3566 είς

2100 3603 2265 3672 ἡμᾶς.
2309 3600 2372 3652 Ἦ
2404 3600 2513 3673 γὰρ
2545 3600 2800 3671 ἔνσαρκος
2830 3599 3099 3671 παρουσία
3121 3596 3213 3651 τοῦ
3238 3598 3486 3667 Σωτῆρος
3510 3596 3666 3649 θανάο

2101 3711 2191 3747 του
2236 3693 2429 3763 λύτρον
2479 3694 2571 3746 καὶ
2621 3693 2848 3756 κτίσεως
2898 3692 3078 3762 πάσης
3127 3690 3368 3759 σωτηρία
3417 3689 3661 3757 γέγονεν.

2104 3785 2289 3845 Ὢστε,
2326 3783 2575 3853 ἀγαπητὲ
2595 3783 2690 3836 καὶ
2717 3782 3056 3837 ποθεινότατε
3080 3779 3177 3851 (8),
3202 3782 3249 3833 οἱ
3286 3780 3381 3850 μὲν
3407 3780 3663 3848 ἀγαπῶν-

2101 3891 2191 3939 τες
2238 3874 2324 3927 τὸν
2369 3873 2571 3945 Κύριον
2620 3871 3217 3945 ὑπομιμνησκέσθωσαν
3257 3873 3322 3924 ἐκ
3353 3871 3583 3924 τούτων’
3616 3873 3664 3924 oi

2101 3968 2158 4022 δὲ
2189 3967 2279 4020 τὸν
2320 3967 2488 4020 Ἰούδα
2516 3968 2712 4038 τρόπον
2745 3967 3135 4036 μιμησάμενοι,
3166 3963 3258 4017 καὶ
3282 3961 3666 4024 καταλιπόντες

2101 4060 2191 4112 τὸν
2230 4062 2452 4132 Κύριον,
2498 4060 2585 4112 ἴνα
2620 4059 2756 4130 μετὰ
2783 4056 2875 4111 τοῦ
2908 4057 3132 4126 Καῑάφα
3157 4055 3232 4127 (9)
3256 4056 3539 4123 γένωνται,
3573 4069 3665 4122 pte-—

2102 4152 2606 4207 ταπαιδευέσθωσαν
2634 4154 2691 4206 ὲν
2719 4151 2947 4214 τούτοις,
2977 4149 3072 4203 ἐὰν
3097 4148 3206 4220 ἄρα
3230 4147 3546 4218 θελήσωσιν,
3573 4144 3666 4196 ἐὰν

2104 4243 2212 4312 ἄρα
2242 4243 2587 4314 αἱσχυνθῶσι.
2619 4243 2726 4295 Καὶ
2749 4239 3182 4310 γινωσκέτωσαν.
3221 4239 3321 4299 ὅτι,
3350 4237 3441 4289 τὸν
3468 4233 3666 4305 Κύριον

441 4322 499 4378 ὲν
527 4322 688 4391 σαρκὶ
713 4324 1157 4394 προσκυνοῦντες,
1192 4326 1252 4379 οὐ
1281 4326 1536 4397 κτίσματι
1578 4327 2005 4400 προσκυνοῦμεν,
2043 4331 2178 4388 ἀλλὰ
2209 4334 2299 4388 τὸν
2332 4335 2554 4405 κτίστην
2576 4333 2928 4404 ὲνδυσάμενον
2974 4330 3036 4384 τδ
3076 4329 3287 4384 κτιστὸν
3324 4327 3505 4399 σῶμα,
3527 4324 3666 4381 καθά

444 4411 794 4483 προείπομεν.

515 4503 566 4559 7.
605 4502 804 4559 Vellem
835 4522 965 4561 vero
999 4517 1058 4563 ut
1088 4518 1181 4564 tua
1224 4511 1398 4580 pietas
1430 4512 1536 4566 hoc
1563 4512 1631 4566 ab
1662 4511 1768 4567 illis
1811 4513 1997 4571 scisci-

2173 4520 2224 4572 7.
2258 4516 2615 4588 Ἐὅουλόμεθα
2636 4515 2693 4569 δὲ
2712 4514 2808 4585 τὴν
2831 4514 2929 4584 σὴν
2952 4510 3233 4566 εὐλάσειαν
3253 4507 3517 4562 πυθέσθαι
3539 4505 3664 4578 παρ’

443 4603 669 4650 teretur.
716 4594 919 4667 Nempe
961 4614 1084 4654 cum
1133 4600 1389 4656 lsraelitae
1427 4600 1818 4672 Jerosoiymam
1849 4604 2006 4674 jube-

443 4686 643 4745 bantur
670 4689 985 4754 ascendere,
1020 4699 1081 4746 ut
1116 4693 1406 4747 adorarent
1447 4693 1503 4747 in
1544 4693 1745 4763 templo
1772 4693 2004 4761 Domini,

444 4780 536 4837 ubi
563 4780 813 4836 videlicet
843 4797 972 4838 arca
1000 4792 1138 4851 erat,
1188 4800 1351 4855 supra
1384 4800 1547 4852 quam
1579 4786 1860 4841 cherubim
1890 4787 2005 4858 glo-

442 4871 537 4927 rire
555 4873 882 4944 obtegebant
908 4877 1367 4946 propitiatorium,
1412 4879 1621 4933 benene
1652 4879 1903 4948 agebant,
1934 4894 2004 4933 an

443 4964 630 5017 male?
674 4963 731 5018 Si
760 4967 900 5022 male
930 4969 1198 5038 agebant:
1247 4985 1345 5024 cur
1370 4970 1424 5024 hi
1475 4971 1567 5040 qui
1624 4970 1795 5041 legem
1844 4970 2003 5025 istam

443 5058 795 5129 negligerent,
836 5063 1249 5120 tnultabantur?
1276 5064 1547 5136 Scriptum
1566 5067 1710 5121 enim
1747 5075 1862 5122 est:
1900 5066 2005 5131 Qui

443 5155 805 5221 contempserit
853 5171 947 5209 nec
990 5158 1301 5219 ascenderit,
1345 5158 1534 5227 peribit
1593 5159 1656 5213 de
1705 5159 1896 5228 populo
1961 5159 2004 5211 '.

445 5238 540 5300 Sin
578 5253 756 5299 autem
787 5255 933 5302 recte
958 5248 1211 5318 agebant,
1242 5264 1414 5319 eaque
1453 5249 1506 5302 in
1535 5264 1593 5303 re
1619 5251 1820 5318 accepti
1849 5257 2006 5304 erant

2107 4608 2283 4663 αὐτῶν
2308 4606 2497 4660 τοῦτο·
2537 4605 2701 4677 ἡνίκα
2725 4606 2754 4657 ὁ
2791 4601 3007 4674 Ἰσραὴλ
3042 4599 3319 4654 ἐκελεύετο
3349 4596 3665 4668 ἀνέρχεσθαι

2107 4703 2185 4764 είς
2218 4700 2315 4770 τὴν
2352 4696 2703 4770 Ἰερουσαλὴμ
2732 4696 3053 4767 προσκυνεῖν
3090 4694 3148 4745 ὲν
3175 4691 3253 4762 τῷ
3284 4688 3399 4759 ναῷ
3440 4688 3664 4760 Κυρίου,

2107 4791 2233 4843 ἔνθα
2256 4792 2287 4861 ἡ
2317 4788 2547 4852 κιϐωτὸς
2580 4787 2673 4841 καὶ
2701 4786 2955 4857 ὑπεράνω
2977 4783 3177 4852 ταύτης
3204 4781 3274 4835 τά
3295 4778 3558 4852 χερουϐὶμ
3575 4780 3665 4848 τῆς

2106 4880 2263 4950 δόξης
2296 4877 2726 4941 κατασκιάζοντα
2747 4877 2808 4930 τὸ
2833 4875 3160 4945 ἱλαστήριον,
3187 4871 3367 4935 καλῶς
3396 4869 3610 4923 ἐποίουν
3634 4868 3662 4939 ἢ

2108 4971 2439 5035 τούναντίον;
2474 4970 2536 5031 El
2568 4970 2665 5039 μὲν
2688 4961 2781 5021 οῦν
2811 4965 3028 5035 φαύλως
3052 4964 3336 5034 ἔπραττον,
3361 4959 3480 5024 πῶς
3510 4959 3558 5011 οἱ
3580 4957 3665 5011 τοῦ

2109 5065 2272 5134 νόμου
2296 5062 2484 5115 τούτου
2513 5057 3000 5129 κατολιγωροῦντες
3028 5055 3133 5108 ὑπὸ
3165 5050 3439 5122 ἐπιτιμίαν
3469 5048 3665 5118 ἐγίνον-

2110 5172 2200 5221 το;
2247 5154 2561 5222 Γέγραπται
2587 5153 2715 5222 γάρ·
2774 5151 2879 5213 Ὃς
2919 5147 3028 5200 ἐὰν
3047 5142 3419 5211 ἐξουθενήσῃ
3448 5139 3551 5194 καὶ
3585 5135 3663 5208 μὴ

2113 5245 2326 5314 ἀναϐῇ,
2342 5238 2908 5309 ἐξολοθρευθήσεται
2928 5238 2995 5290 ἐκ
3013 5235 3116 5289 τοῦ
3130 5233 3284 5289 λαοῦ
3304 5250 3317 5262 ’
3348 5234 3395 5284 εξ
3412 5231 3467 5284 δὲ
3492 5226 3661 5289 καλῶς

514 5336 558 5368 ’³
595 5333 743 5408 93³1.
772 5355 880 5399 ιιιι
905 5380 919 5405 ,
950 5341 1003 5395 3.
1084 5342 1100 5373 ³
1141 5339 1243 5403 lsa,
1276 5357 1371 5407 vn,
1398 5341 1498 5408 14;
1529 5339 1720 5398 Matth.
1749 5355 1788 5406 ι,
1817 5341 1908 5396 25.
1985 5343 2000 5372 ¹

2101 5339 2246 5396 Petr.
2285 5352 2356 5401 ιν,
2388 5338 2440 5391 l.
2517 5336 2537 5367 ³
2576 5332 2682 5387 Tit.
2716 5348 2776 5397 ιι,
2810 5330 2897 5384 l3.
2970 5328 2993 5361 ’⁵
3033 5325 3191 5382 Hebr.
3219 5341 3280 5390 ιι,
3306 5324 3392 5379 14.
3454 5325 3477 5355 ³
3515 5319 3659 5375 Deut.

442 5418 557 5469 xvr,
588 5404 674 5459 16.

518 5496 595 5576 (⁸4)
635 5496 710 5552 Ita
744 5499 975 5576 Seguer._
995 5500 1162 5576 Basil.
1192 5509 1247 5557 et
1260 5503 1482 5576 _Anglic.
1507 5503 1576 5576 ᾼι
1603 5504 1694 5576 alii
1722 5513 1773 5557 et
1797 5503 1949 5576 editi,
1975 5504 2006 5576 ἡ

443 5565 653 5652 addunt
682 5577 805 5622 ante
819 5565 1005 5652 ῖόρθή.
1056 5571 1225 5652 Iidem
1256 5572 1477 5652 Seguer.
1512 5573 1676 5652 liasil.
1704 5582 1764 5652 ct_
1789 5565 2000 5652 Anglic.

446 5648 593 5718 mpii,
628 5638 1010 5718 ᾲποστολικῆς,
1039 5653 1092 5697 et
1141 5641 1303 5708 infra,
1329 5638 1679 5716 ἆποστολική,
1715 5645 1803 5699 ubi
1836 5643 1924 5696 alii
1955 5651 2007 5696 ct

444 5702 597 5766 editi,
633 5702 980 5762 ἀποστόλωνῖ
1289 5702 1298 5708 ⁷
1645 5702 1678 5716 ’⁷
1984 5726 2004 5755 κ

517 5773 590 5846 (5)
634 5774 726 5837 Sic
756 5777 879 5848 δεδι
918 5778 1084 5840 Basil.
1116 5787 1171 5835 et
1200 5779 1409 5852 Anglic.
1460 5782 1564 5836 Alii
1609 5796 1736 5837 vero
1760 5791 1814 5839 et
1841 5781 1999 5849 editi,

2114 5517 2336 5573 vocem,
2362 5499 2640 5573 μακαρίου.
2662 5493 2934 5551 omittunt.

2298 5567 2458 5647 liorte
2484 5567 2693 5647 ἑαυτόν.
2954 5646 2981 5647 ἡ
3012 5628 3053 5647 ν,
3092 5646 3095 5647 ν
3140 5632 3143 5637 η

2183 5640 2262 5705 (7)
2305 5640 2691 5707 Seguerianus.
2721 5640 3115 5707 προσενεγκὼνΣ

2300 5686 2776 5785 ιῖξιῒτὲὸρἒὶζμόὶξπιέέ
2796 5686 3058 5785 ριιιίιιιιιιι
3096 5696 3249 5754 Gobl.
3279 5704 3331 5751 et
3359 5690 3588 5752 Fclcltm.
3612 5686 3658 5740 Ι.

2178 5773 2257 5855 (9)
2299 5779 2683 5852 Seguerianus,
2715 5773 2919 5842 Καῖφα.
