3992 6230
335 318 468 375 1081

1247 327 1586 386 EPISTOLA
1623 331 1712 386 AD
1739 330 2140 390 ADELPHIUM
2179 331 2593 395 Εριεοορυιι.

3428 334 3570 393 1082

331 433 622 506 ἔπραττον,
653 432 745 488 καὶ
769 433 826 486 ὲν
865 431 1039 504 τούτῳ
1078 433 1358 506 εὐάρεστοι
1397 437 1474 508 τῷ
1510 437 1628 510 Θεῷ
1653 439 1764 510 (ιο)
1794 441 1894 509 ὲγί-

2011 442 2140 510 Deo,
2188 461 2368 500 annon
2421 447 2723 504 sexcenties
2771 447 2908 504 morl
2953 448 3100 520 digni
3148 457 3276 508 sunt
3321 451 3572 510 scelerati

331 541 508 578 νοντο·
543 521 659 586 πῶς
699 524 800 576 οὐκ
843 523 1174 580 ἀπολωλέναι
1207 525 1464 592 πολλάκις
1503 530 1637 584 εἰσὶν
1677 530 1816 595 ἄξιοι
1857 534 1904 586 οἱ

335 617 520 690 μιαροὶ
547 617 642 670 καὶ
682 615 864 688 πάσης
889 617 1150 688 αἱρέσεως
1179 619 1444 690 αἴσχιστοι
1485 622 1768 692 ’Λρειανοὶ,
1802 624 1902 690 ὅτι,

329 710 422 762 τὸν
453 707 620 762 πάλαι
651 707 776 760 λαὸν
819 709 1202 780 ἀποδεχόμενοι
1229 711 1316 765 διὰ
1343 712 1442 782 τὴν
1488 713 1623 784 πρὸς
1663 715 1754 768 τὸν
1778 715 1904 770 ναὸν

329 800 519 870 τιμὴν,
551 800 611 852 οὐ
641 797 916 869 βούλονται
945 799 1034 852 τὸν
1059 800 1261 871 Κύριον
1295 803 1351 856 ὲν
1380 805 1566 876 σαρκὶ,
1604 805 1679 868 ὡς
1711 808 1768 860 ὲν
1791 805 1904 878 ναῷ

329 891 478 954 ὄντα,
508 893 830 963 προσκυνεῖν
857 908 870 954 ;
903 893 1093 946 Καίτοι
1136 895 1165 946 ὁ
1191 895 1358 948 πάλαι
1393 896 1518 960 ναὸς
1559 899 1622 950 ὲκ
1650 896 1808 952 λίθων
1837 893 1905 969 ἦν
1937 957 1948 970 ,

331 985 428 1036 καὶ
467 983 664 1054 χρυσοῦ
711 983 1190 1050 κατασκευασθεὶς,
1225 987 1300 1050 ὼς
1345 987 1500 1040 σκιάο
1545 989 1802 1062 ἐλθούσης
1845 991 1902 1048 δὲ

326 1075 429 1146 τῆς
477 1074 752 1144 ἀληθείας,
800 1075 1073 1130 πέπαυται
1121 1076 1304 1131 λοιπὸν
1349 1079 1378 1130 ὁ
1425 1077 1614 1144 τύπος,
1665 1082 1758 1134 καὶ
1803 1083 1903 1136 οὐκ

329 1167 532 1236 ἔμεινε,
561 1165 700 1220 κατά
725 1165 822 1237 τὴν
851 1167 1130 1240 Κυριακὴν
1163 1169 1364 1240 φωνὴν,
1389 1169 1534 1232 λίθος
1557 1172 1646 1224 ἐπὶ
1679 1171 1822 1226 λίθον
1843 1175 1901 1226 ὲν

327 1257 478 1328 αὐτῷ
499 1298 512 1322 ,
541 1259 599 1322 ὃς
631 1259 692 1311 ού
723 1258 1012 1330 κατελύθη.
1041 1260 1150 1312 Καὶ
1175 1259 1320 1320 οὒτε,
1352 1261 1440 1314 τὸν
1465 1261 1590 1315 ναὸν
1617 1261 1902 1331 βλέποντες

327 1353 394 1402 ἐκ
431 1349 612 1412 λίθων,
663 1350 908 1419 ἐνόμιζον
951 1351 1046 1402 καὶ
1081 1351 1171 1404 τὸν
1209 1353 1266 1404 ὲν
1309 1351 1460 1423 αύτῷ
1493 1353 1604 1425 ναῷ
1643 1355 1902 1412 λαλοῦντα

327 1425 532 1510 Κύριον
559 1437 696 1494 εἶναι
725 1441 948 1511 κτίσμα,
993 1441 1137 1505 οὔτε,
1177 1443 1268 1496 τὸν
1305 1447 1430 1499 ναὸν
1473 1445 1898 1514 ὲξουθενοῦντες,

326 1533 688 1604 ἀπερχόμενοι
731 1534 945 1605 μακρὰν
997 1533 1394 1604 προσεκύνουν·
1443 1537 1554 1589 ἀλλ’
1611 1539 1690 1601 είς
1739 1538 1900 1592 αὑτὸν

325 1627 608 1697 ἐρχόμενοι
653 1626 896 1696 νομίμως
927 1625 1214 1697 ἐλάτρευον
1250 1626 1326 1697 τῷ
1350 1626 1468 1698 Θεῷ
1507 1628 1614 1682 ἀπὸ
1641 1627 1735 1682 τοῦ
1769 1629 1898 1682 ναοῦ

323 1719 733 1790 χρηματίζοντι.
787 1718 987 1772 Τούτου
1029 1718 1086 1771 δὲ
1128 1718 1300 1780 οὕτως
1338 1719 1650 1788 γενομένου,
1683 1718 1798 1782 πῶς
1838 1719 1899 1771 τὸ

327 1801 484 1883 σῶμα
518 1811 611 1866 τοῦ
655 1812 880 1883 Κυρίου,
913 1811 972 1864 τὸ
1010 1810 1119 1882 (11)
1157 1811 1418 1880 πανάγιον
1449 1811 1544 1864 καὶ
1593 1811 1896 1864 πάνσεπτον

325 1903 560 1974 ἀληθῶς,
597 1905 700 1958 ὑπὸ
733 1905 830 1974 μὲν
869 1903 962 1958 τοῦ
1001 1905 1340 1976 ἀρχαγγέλου
1387 1903 1626 1975 Γαϐριὴλ
1670 1905 1896 1972 εὐαγγε-

323 1995 524 2058 λισθὲν,
567 1997 670 2050 ὑπὸ
710 1996 766 2049 δὲ
796 1995 890 2050 τοῦ
938 1997 1094 2064 ἁγίου
1145 1996 1458 2066 Πνεύματος
1511 1995 1767 2056 πλασθὲν,
1801 1995 1897 2050 καὶ

321 2089 418 2144 τοῦ
461 2090 632 2158 Λόγου
683 2091 904 2160 γεγονὸς
943 2091 1053 2160 (12)
1104 2091 1325 2161 ἔνδυμα,
1379 2087 1440 2143 ού
1488 2088 1894 2161 προσκυνητόνς

321 2181 498 2252 Χεῖρα
527 2183 657 2251 γοῦν
691 2185 1006 2254 σωματικὴν
1039 2185 1282 2245 ἐκτείνας
1311 2186 1338 2236 ὁ
1367 2181 1554 2250 Λόγος,
1588 2183 1774 2252 ἤγειρε
1799 2181 1897 2253 τὴν

323 2273 729 2343 πυρέσσουσαν·
757 2274 850 2326 καὶ
899 2276 1078 2346 φωνὴν
1118 2275 1462 2348 ἀνθρωπίνην
1495 2274 1674 2344 ἀφεὶς,
1709 2275 1898 2344 ἤγειρε

320 2364 414 2416 τὸν
443 2363 690 2434 Λάζαρον
725 2366 788 2418 ἐκ
829 2366 1038 2438 νεκρῶν
1067 2367 1209 2436 (15)·
1249 2367 1342 2420 καὶ
1389 2367 1548 2420 πάλιν
1582 2368 1679 2430 τὰς
1712 2369 1897 2436 χεῖρας

319 2456 566 2518 ἐκτείνας
597 2457 690 2510 ἐπὶ
717 2457 811 2510 τοῦ
846 2457 1099 2528 σταυροῦ,
1128 2458 1218 2512 τὸν
1247 2459 1344 2528 μὲν
1365 2459 1599 2529 ἄρχοντα
1622 2457 1720 2527 τῆς
1750 2457 1897 2522 ἐξου-

323 2547 444 2609 σίας
485 2545 580 2600 τοῦ
619 2548 800 2618 ἀέρος,
835 2547 928 2601 τοῦ
967 2549 1060 2600 νῦν
1108 2548 1456 2618 ἐνεργοῦντος
1502 2550 1560 2602 ἐν
1599 2550 1708 2610 τοῖ«1
1766 2549 1896 2610 υἱοῖς

319 2637 424 2707 τῆς
461 2639 762 2704 ἀπειθείας,
805 2639 1092 2704 κατέϐαλε,
1137 2639 1234 2710 τὴν
1285 2640 1342 2694 δὲ
1385 2640 1501 2694 ὁδὸν
1533 2642 1666 2712 ἡμῖν
1699 2641 1756 2692 ὲν
1785 2642 1896 2702 τοῖς

317 2730 568 2800 οὐρανοῖς
599 2731 842 2802 καθαρὰν
871 2731 1064 2784 ἐποίει.

393 2823 445 2880 8.
481 2822 686 2878 Οὐκοῦν
713 2827 740 2877 ὁ
775 2824 886 2894 (14)
917 2823 1006 2877 τὸν
1035 2823 1158 2876 ναὸν
1195 2822 1494 2893 ἀτιμάζων,
1527 2821 1778 2894 ἀτιμάζει
1806 2821 1896 2874 τὸν

319 2916 380 2968 ὲν
412 2915 488 2984 τῷ
513 2915 626 2986 ναῷ
659 2915 860 2986 Κύριον
883 2932 896 2946 ·
929 2916 1020 2968 καὶ
1047 2917 1075 2967 ὀ
1100 2915 1321 2985 διαιρῶν
1353 2915 1443 2967 τὸν
1477 2915 1646 2984 Λόγον
1676 2915 1782 2968 ἀπὸ
1802 2913 1896 2968 τοῦ

323 3007 597 3074 σώματος,
638 3003 820 3056 ἀθετεί
850 3003 948 3075 τὴν
980 3003 1137 3074 χάριν
1153 3005 1252 3074 τὴν
1273 3003 1514 3056 δοθεῖσαν
1551 3007 1680 3074 ἡμῖν
1713 3006 1770 3056 ὲν
1803 3005 1898 3058 αὖ·

2007 535 2424 606 turpissimiquc
2476 537 2718 590 omnium
2771 537 3145 594 haereticorum
3205 542 3428 606 Ariani,
3477 542 3574 614 qui

2003 627 2202 682 veteris
2239 629 2424 698 populi
2467 645 2596 700 erga
2639 631 2896 700 templum
2933 633 3289 688 reverentiam
3325 635 3568 702 laudant,

2003 727 2058 772 et
2094 718 2384 774 Dominum
2421 720 2476 774 in
2509 736 2673 775 carne
2698 731 2957 792 tanquam
2987 723 3040 776 in
3079 725 3278 793 templo
3305 726 3574 782 exsisten-

2006 820 2110 864 tem
2149 810 2380 866 adorare
2411 821 2649 868 renuunt
2675 814 2696 868 ?
2725 813 2888 884 Atqui
2927 823 3084 869 vetus
3115 817 3370 884 templum
3407 827 3460 872 et
3490 816 3572 872 la-

2003 901 2223 970 pidibus
2255 911 2311 957 et
2345 919 2503 968 auro,
2545 905 2686 958 velut
2735 905 2946 972 umbra,
2997 915 3368 960 constructum
3413 917 3564 963 erat:

2001 1001 2288 1062 postquam
2311 1005 2490 1048 autent
2511 995 2728 1050 advenit
2754 995 3098 1065 veritas,jam
3129 998 3350 1050 evanuit
3375 997 3564 1068 ﬁgura,

2001 1099 2102 1138 nec
2153 1085 2290 1155 lapis
2334 1101 2497 1155 super
2544 1087 2818 1158 lapidem,
2868 1089 3166 1142 secundum
3231 1088 3568 1146 Dominicam
3601 1116 3614 1128 ε

2001 1190 2187 1230 vocem
2211 1177 2253 1242 ⁸,
2285 1175 2339 1230 in
2369 1193 2434 1230 eo
2461 1179 2680 1243 mansit,
2707 1179 2798 1246 qui
2833 1193 2940 1232 non
2992 1177 3152 1232 fuerit
3182 1193 3426 1234 eversus.
3459 1177 3569 1234 Nec

2001 1282 2128 1320 vero
2167 1267 2242 1320 illi
2283 1268 2542 1336 templum
2565 1283 2630 1322 ex
2658 1269 2929 1338 lapidibus
2956 1267 3277 1324 aediﬁcatum
3303 1279 3570 1325 contuen-

1999 1369 2102 1418 tes.
2137 1359 2310 1428 ipsum
2357 1361 2518 1414 etiam
2557 1359 2868 1425 Dominum,
2903 1359 2996 1428 qui
3051 1359 3104 1414 in
3133 1375 3197 1415 eo
3225 1363 3565 1431 loquebatur,

2001 1467 2114 1504 rem
2149 1460 2384 1505 creatam
2409 1451 2668 1520 putabant
2701 1467 2822 1506 esse
2848 1469 2861 1505 :
2893 1466 3067 1520 neque
3095 1452 3352 1521 templum
3384 1453 3567 1522 despi-

2001 1543 2206 1597 cientes
2257 1543 2446 1611 procul
2497 1543 2621 1597 inde
2659 1543 2936 1598 adoraturi
2969 1543 3331 1608 recedebant;
3367 1543 3460 1598 sed
3509 1543 3566 1598 in

2001 1635 2132 1688 illud
2191 1633 2420 1702 ingressi
2451 1671 2468 1698 ,
2503 1633 2613 1688 Deo
2669 1634 2890 1688 oracula
2935 1648 2966 1687 e
2999 1633 3198 1702 templo
3251 1634 3428 1688 edenti
3465 1637 3569 1690 rite

2001 1723 2326 1779 serviebant.
2356 1723 2487 1789 Quae
2518 1738 2640 1776 cum
2677 1723 2748 1776 ita
2811 1723 2946 1786 sint,
2983 1736 3050 1776 an
3097 1737 3204 1776 non
3240 1723 3453 1776 adorari
3483 1725 3568 1778 di-

1999 1831 2164 1884 gnum
2219 1823 2304 1868 est
2336 1813 2744 1870 sanctissimum
2783 1829 3018 1882 vereque
3045 1815 3408 1872 venerandum
3463 1813 3568 1870 Do-

1999 1904 2132 1956 mini
2171 1919 2392 1972 corpus,
2425 1905 2570 1974 quod
2614 1903 2830 1972 quidem
2861 1905 2929 1958 ab
2957 1905 3282 1974 archangelo
3319 1903 3568 1960 Gabriele

2003 1997 2408 2060 annuntiatum,
2439 2011 2468 2050 a
2507 1993 2712 2065 Spiritu
2739 2003 2928 2049 saneto
2955 1996 3246 2050 formatum
3273 1997 3315 2062 ⁸,
3345 2011 3410 2050 ac
3433 1993 3568 2050 Vero

1997 2084 2050 2139 bi
2107 2083 2311 2138 factum
2367 2095 2448 2140 est
2478 2085 2904 2140 indumentum?
2945 2083 3116 2152 Hujus
3146 2087 3389 2155 corporis
3435 2084 3568 2140 Ver—

1998 2177 2124 2230 bum
2169 2193 2332 2230 ntanu
2364 2186 2584 2232 extenta
2621 2178 2901 2233 mulierem
2947 2177 3082 2232 febri
3117 2178 3448 2232 laborantem
3475 2191 3567 2232 sa-

1997 2270 2204 2336 navit',
2234 2279 2286 2324 et
2323 2285 2452 2324 voce
2487 2271 2724 2325 humana
2757 2272 2958 2326 emissa
2989 2271 3255 2325 Lazarum
3295 2269 3568 2324 revocavit

1997 2361 2061 2415 ad
2091 2361 2258 2416 vitam
2289 2361 2350 2415 δε
2387 2362 2642 2431 idemque
2675 2363 2927 2417 manibus
2959 2379 3150 2417 rursus
3185 2361 3238 2414 in
3277 2375 3438 2416 cruce
3466 2373 3566 2414 ett-

1997 2451 2192 2516 tensis,
2222 2452 2520 2522 principem
2557 2451 2846 2522 potestatis
2877 2453 3039 2515 aeris,
3071 2451 3160 2523 qui
3195 2463 3338 2504 nunc
3371 2461 3566 2518 opera-

1999 2551 2087 2596 tur
2117 2541 2170 2596 in
2225 2541 2352 2598 ﬁliis
2383 2541 2690 2597 difﬁdentiae
2711 2543 2755 2604 ⁸,
2797 2542 3109 2612 prostravit,
3165 2553 3465 2612 puramque
3498 2537 3567 2592 ad

1998 2633 2168 2688 cmlos
2193 2633 2350 2688 nobis
2379 2633 2522 2687 viam
2558 2632 2786 2702 paravit.

2067 2823 2121 2880 8.
2152 2823 2494 2895 Quapropter
2523 2828 2614 2895 qui
2647 2825 2945 2879 contemnit
2967 2826 3248 2895 templum,
3275 2825 3564 2884 Dominum

1997 2917 2088 2986 qui
2125 2915 2180 2969 in
2216 2917 2414 2985 templo
2451 2925 2536 2972 est
2567 2916 2866 2970 contemnit
2896 2935 2906 2969 :
2944 2926 2998 2970 et
3027 2917 3120 2985 qui
3149 2915 3386 2971 Verbum
3427 2918 3566 2973 divi-

1997 3007 2076 3060 dit
2107 3021 2136 3059 a
2168 3021 2415 3074 corpore,
2443 3007 2670 3076 gratiam
2717 3005 2874 3086 nobis
2906 3005 2960 3058 in
2999 3005 3118 3075 ipso
3149 3008 3330 3061 datam
3361 3007 3562 3078 reiicit.

315 3093 416 3163 τῷ.
455 3093 562 3146 Καὶ
608 3091 954 3145 ἀσεϐέστατοι
1000 3092 1058 3144 δὲ
1121 3093 1521 3163 ’Λρειομανῖται
1563 3095 1660 3164 μὴ,
1709 3095 1894 3166 ἐπειδὴ

2001 3095 2107 3152 Nec.
2139 3112 2266 3151 vero
2315 3098 2624 3168 impiissimi
2651 3099 2861 3164 Ariani,
2893 3113 2958 3152 eo
2985 3099 3132 3169 quod
3165 3110 3406 3155 creatum
3437 3117 3565 3156 cor-

315 3187 380 3239 τὺ
415 3187 572 3257 σῶμα
623 3187 839 3240 κτιστόν
872 3189 1007 3251 ἐστι,
1042 3186 1410 3256 νομιζέτωσαν
1457 3187 1552 3239 καὶ
1599 3187 1690 3238 τὸν
1727 3186 1896 3254 Λόγον

317 3275 458 3332 εἶναι
483 3279 704 3349 κτίσμα,
739 3277 870 3350 μηδὲ
896 3277 983 3332 διὰ
1007 3277 1067 3331 τὸ
1099 3277 1172 3348 μὴ
1200 3273 1336 3330 εἶναι
1363 3277 1454 3330 τὸν
1476 3277 1645 3344 Λόγον
1671 3276 1894 3346 κτίσμα,

317 3370 749 3424 διαϐαλλέτωσαν
783 3371 845 3422 τὸ
879 3369 1035 3442 σῶμα
1069 3369 1256 3424 αὑτοῦ.
1293 3368 1582 3440 Θαυμάσαι
1613 3369 1720 3440 γάρ
1750 3370 1898 3422 ἐστιν

319 3461 500 3516 αὐτῶν
545 3462 643 3533 τὴν
690 3463 997 3524 κακόνοιαν,
1045 3463 1128 3515 ὅτι
1177 3463 1268 3514 καὶ
1317 3462 1496 3514 πάντα
1547 3460 1755 3514 κυκῶσι
1805 3461 1897 3514 καὶ

317 3553 570 3624 φύρουσι,
623 3555 716 3606 καὶ
763 3553 1061 3624 προτάσεις
1117 3552 1551 3624 ὲφευρίσκουσιν,
1599 3551 1684 3602 ἵνα
1740 3549 1896 3619 μόνον

318 3645 410 3698 τὸν
434 3645 654 3714 κτίστην
679 3647 788 3705 τοῖς
803 3643 1065 3714 κτίσμασι
1095 3643 1590 3714 συναριθμήσωσιν.
1611 3641 1720 3712 (lii)
1754 3641 1893 3694 Ἀλλ’

317 3737 700 3790 ἀκουέτωσαν·
735 3737 798 3788 Ei
841 3737 1042 3805 κτίσμα
1075 3732 1142 3806 ἦν
1173 3737 1200 3787 ό
1243 3735 1433 3802 Λόγος,
1480 3735 1538 3786 οὐ
1585 3733 1894 3802 προσελάμ-

317 3830 448 3883 ϐανε
469 3831 530 3884 τὸ
553 3831 768 3888 κτιστδν
797 3831 974 3902 σῶμα,
1003 3825 1090 3883 ἵνα
1117 3829 1249 3882 αὐτὸ
1278 3829 1606 3897 ζωοποιήσῃ.
1631 3826 1767 3878 Ποία
1788 3823 1896 3896 γὰρ

315 3923 431 3982 τοῖς
455 3921 711 3992 κτίσμασι
744 3919 894 3991 παρά
921 3920 1217 3988 κτίσματος
1247 3917 1400 3970 ἔσται
1438 3916 1678 3986 βοήθεια,
1705 3915 1894 3985 δεομέ-

316 4026 413 4062 νου
461 4011 555 4062 καὶ
615 4008 780 4062 αὐτοῦ
831 4008 1134 4080 σωτηρίας;
1200 4005 1338 4060 Ἀλλ’
1394 4005 1612 4076 ἐπειδὴ,
1670 4005 1894 4076 κτίστης

313 4097 394 4150 ὢν
425 4096 537 4168 (16)
560 4097 588 4148 ὁ
615 4098 804 4165 Λόγος,
835 4097 996 4160 αὐτὸς
1027 4097 1357 4168 δημιουργὸς
1387 4095 1578 4164 γέγονε
1625 4095 1733 4148 τῶν
1775 4113 1892 4150 κτι-

316 4191 544 4260 σμάτων
564 4208 578 4220 ·
601 4191 688 4244 διὰ
718 4191 876 4244 τοῦτο
907 4193 1001 4244 καὶ
1030 4192 1120 4243 ἐπὶ
1148 4188 1423 4260 συντελείᾳ
1449 4187 1558 4240 τῶν
1589 4186 1796 4242 αἰώνων
1833 4188 1894 4241 τὸ

313 4281 535 4336 κτιστὸν
563 4281 723 4346 αὐτὸς
773 4283 1059 4336 ἐνεδύσατο
1090 4283 1222 4350 (17),
1276 4281 1360 4334 ἵνα
1404 4281 1566 4334 πάλιν
1607 4281 1786 4344 αὐτὸς,
1817 4280 1892 4344 ὡς

313 4375 561 4445 κτίστης,
597 4375 939 4447 ἀνακαινίσῃ,
981 4375 1074 4427 καὶ
1119 4375 1420 4444 ἀνακτῆσαι
1464 4373 1622 4426 τοῦτο
1667 4371 1886 4444 δυνηθῇ.

1997 3205 2098 3258 pus
2127 3199 2232 3254 est,
2269 3188 2506 3244 Verbum
2536 3205 2750 3260 quoque
2781 3199 3021 3245 creatum
3053 3207 3176 3246 esse
3205 3191 3400 3247 debent.
3449 3193 3568 3248 exi-

1997 3283 2220 3337 stimare
2247 3301 2260 3336 :
2297 3298 2396 3338 nec
2435 3283 2562 3336 item
2613 3283 2742 3352 quia
2771 3289 3014 3338 creatum
3047 3299 3154 3338 non
3185 3295 3268 3339 est
3301 3283 3564 3350 Verbum,

1996 3371 2062 3426 de
2091 3371 2210 3440 ejus
2236 3385 2466 3442 corpore
2497 3371 2781 3426 detrahere
2812 3371 2914 3426 sibi
2949 3372 3111 3425 licere
3139 3379 3346 3441 putent.
3383 3371 3566 3442 Siqui-

1997 3463 2116 3518 dem
2143 3463 2378 3534 permira
2412 3472 2496 3520 est
2525 3463 2722 3518 mentis
2749 3463 2964 3518 illorum
2995 3463 3341 3532 perversitas,
3373 3478 3482 3532 qua
3508 3471 3566 3518 et

1996 3557 2180 3611 omnia
2221 3558 2549 3612 conturbant
2579 3557 3036 3626 permiscentque,
3078 3564 3132 3610 ct
3159 3571 3356 3610 causas
3397 3570 3562 3612 exco-

1995 3648 2188 3716 gitant,
2217 3663 2326 3716 quo
2365 3648 2542 3703 solum
2570 3646 2880 3702 Creatorem
2917 3646 3058 3699 inter
3085 3661 3170 3700 res
3199 3655 3409 3701 creatas
3436 3662 3564 3716 pos-

1996 3739 2116 3794 sint-
2145 3740 2430 3794 collocare.
2467 3739 2667 3794 Verum
2711 3739 2936 3794 audiant
2957 3752 3076 3806 quae
3107 3753 3295 3793 sumus
3323 3738 3516 3793 dicturi
3543 3758 3558 3795 :

1997 3833 2054 3887 Si
2086 3833 2323 3888 Verbum
2360 3851 2448 3890 res
2491 3844 2672 3890 ereata
2721 3841 2884 3900 esset,
2919 3839 3158 3887 creatum
3205 3846 3314 3886 non
3347 3848 3562 3888 assum-

1995 3927 2196 3995 psisset
2220 3943 2442 3996 corpus,
2477 3935 2538 3980 ut
2581 3927 2656 3981 illi
2687 3924 2846 3994 732
2894 3922 3058 3976 vitam
3093 3923 3419 3992 impertiret.
3459 3923 3562 3979 Ec-

1993 4017 2122 4087 quid
2155 4018 2302 4072 enim
2331 4019 2518 4074 auxilii
2551 4033 2639 4072 res
2665 4025 2846 4071 creata
2881 4013 2960 4068 rei
2983 4023 3176 4071 creatae
3197 4015 3338 4070 ferre
3367 4015 3560 4085 possit,

1993 4125 2118 4164 cum
2145 4111 2263 4179 ipsa
2291 4111 2468 4164 salute
2495 4111 2775 4180 indigeat?
2811 4109 2914 4166 Sed
2955 4113 3082 4182 quia
3133 4111 3386 4172 Verbum,
3435 4121 3561 4162 cum

1993 4209 2208 4256 creator
2243 4201 2334 4265 sit,
2371 4217 2554 4255 rerum
2595 4215 2898 4258 creatarum
2935 4205 3038 4258 fuit.
3066 4201 3290 4270 opifex:
3341 4201 3462 4256 ideo
3505 4201 3562 4254 in

1991 4287 2098 4340 ﬁne
2125 4287 2445 4341 saeculorum
2481 4303 2592 4341 rem
2627 4297 2864 4343 creatam
2901 4289 3098 4354 induit,
3145 4295 3206 4342 ut
3254 4301 3396 4350 eam,
3445 4295 3565 4340 tan-

1996 4393 2158 4448 quam
2195 4391 2431 4444 creator,
2487 4381 2777 4434 resarciret
2825 4389 2880 4434 et
2927 4389 3218 4449 repararet.
3271 4375 3381 4433 Nec
3417 4376 3562 4432 enim

312 4467 538 4538 κτίσμα
561 4467 616 4521 δὲ
653 4468 757 4521 ὑπὸ
785 4469 1080 4538 κτίσματος
1107 4469 1207 4522 οὐκ
1241 4469 1306 4522 ἄν
1340 4483 1468 4520 ποτε
1502 4467 1668 4538 σωθῇ,
1703 4467 1892 4538 ὥσπερ

2000 4483 2088 4523 res
2144 4477 2324 4523 creata
2383 4485 2494 4524 rem
2558 4481 2795 4526 creatam
2859 4481 3041 4542 posset
3103 4472 3306 4527 salvam
3363 4469 3560 4540 facere,

309 4559 434 4614 οὐδὲ
465 4561 570 4614 ὑπὸ
601 4561 895 4632 κτίσματος
925 4562 1252 4632 ἐκτίσθησαν
1282 4559 1350 4613 τά
1389 4559 1682 4630 κτίσματα,
1729 4559 1778 4609 εί
1821 4559 1894 4630 μὴ

383 4699 406 4727 ⁶
443 4695 634 4751 Matth.
665 4713 810 4759 xxiv,
841 4697 895 4756 ἓ.
971 4699 990 4728 ⁷
1031 4695 1162 4752 Luc.
1200 4713 1272 4760 tv,
1303 4695 1374 4749 ‘26
1415 4711 1566 4766 seqq.

385 4883 500 4948 (l0)
542 4881 700 4953 Gobl.
731 4891 784 4937 et
819 4882 1055 4937 Felekm.
1088 4882 1138 4944 1,
1161 4881 1492 4953 εύηρὲστουν
1514 4879 1592 4953 τῷ
1613 4880 1752 4953 Θεῷ.

387 4954 500 5024 (11)
543 4951 632 5006 Sic
660 4953 812 5014 editi,
847 4955 940 5024 sed
975 4951 1342 5024 manuscripti
1361 4967 1460 5018 pro
1492 4952 1551 5004 τό
1582 4951 1782 5005 habent
1806 4951 1892 5018 οὐ,

309 5022 488 5090 quam
503 5024 826 5094 particulam
873 5023 1240 5094 Seguerianus
1261 5022 1401 5075 inl'ra
1431 5029 1555 5076 ante
1585 5039 1892 5093 προσκυνη-

311 5094 404 5146 τόν
429 5095 650 5148 omittit.

352 5165 500 5284 é(I2)
543 5162 708 5218 Basil.
745 5172 798 5218 et
828 5161 1134 5232 Anglican.,
1171 5162 1416 5231 ἐπλάσθη
1440 5162 1534 5215 καὶ
1580 5160 1672 5214 τοῦ
1715 5160 1889 5229 Λόγου

381 5249 556 5284 γονεν.

419 5249 556 5286 ονεν.

311 5249 862 5374 γεῖῗέῗνὲθειιενὶιιη.
894 5301 1059 5374 addit,
1173 5301 1404 5372 νεκρῶν,
1430 5301 1687 5374 omittunt
1715 5299 1802 5374 alii
1837 5309 1892 5374 et

311 5371 702 5442 editi.'lbidc—em
735 5375 874 5430 idem
897 5381 951 5428 et
979 5371 1142 5427 Basil.
1172 5371 1296 5442 cunt
1327 5371 1637 5442 Anglican.,
1663 5371 1890 5442 καὶ-πά-

311 5441 398 5526 ἒιν
423 5443 521 5508 τὰς
541 5447 730 5526 χεῖρας
763 5463 776 5498 :
803 5444 896 5526 alii
923 5458 1052 5526 ver?
1079 5451 1132 5526 et
1153 5441 1304 5524 editi,
1328 5439 1508 5520 τὰς’δὲ
1529 5443 1732 5526 χεῖρας.
1759 5439 1885 5526 lt'em

315 5509 772 5582 Seguerfibidem
803 5514 983 5576 habet,
1013 5513 1104 5583 ἐπὶ
1129 5511 1222 5564 τοῦ
1258 5509 1490 5583 σταυροῦ
1655 5511 1752 5581 μὲν
1789 5511 1820 5563 ί

333 5528 544 5582 aeguer.
577 5527 772 5569 mutem
804 5527 983 5576 nanet,
1013 5527 1104 5564 επι
1129 5529 1222 5564 του
1258 5529 1490 5583 σταύρου
1531 5527 1619 5564 τον
1655 5527 1752 5581 μεν
1789 5527 1820 5563 ι
1863 5541 1884 5551 -

333 5599 498 5651 ζοντα,
554 5593 609 5638 et
638 5600 764 5639 mox
796 5583 938 5638 idem
972 5593 1024 5636 et
1056 5581 1219 5636 Basil.
1260 5597 1382 5637 cum
1429 5581 1736 5652 Anglican,
1785 5527 1884 5652 «Et,

345 5653 526 5718 ὲὸδόν,
546 5663 653 5708 etc.
675 5654 778 5708 Alii
797 5669 926 5708 vero
951 5661 1006 5707 et
1019 5653 1172 5718 editi,
1196 5651 1290 5706 τοῦ
1308 5661 1362 5707 et
1396 5651 1494 5722 μέν
1521 5651 1884 5722 οηιὶιιιιιιινιιι

313 5731 372 5778 et
399 5723 690 5780 Basilicus.
715 5732 768 5782 et
793 5725 1140 5792 Anglicanus,
1169 5721 1474 5792 habentque
1499 5721 1592 5778 καὶ
1612 5723 1710 5794 τὴν
1730 5721 1868 5776 ὁδόν.

2001 4561 2456 4630 quemadmodum
2493 4579 2596 4618 nec
2625 4579 2714 4619 res
2751 4573 2945 4620 creatae
2973 4581 3001 4619 a
3043 4581 3100 4620 re
3125 4573 3300 4619 creata
3353 4562 3564 4632 potuis-

1644 4695 1666 4726 ⁸
1701 4693 1856 4750 Joan.
1893 4709 1970 4759 ιι,
2003 4695 2089 4749 45.
2165 4693 2186 4724 ⁹
2224 4693 2424 4765 Ephes.
2461 4710 2524 4761 ιι,
2554 4695 2589 4748 2

2069 4879 2180 4952 (14)
2221 4879 2314 4936 Sic
2346 4879 2732 4953 Segueriauus.
2765 4883 2872 4936 Alii
2903 4891 2956 4936 et
2994 4881 3122 4935 editi
3162 4877 3316 4934 artic.
3343 4879 3371 4930 ὁ
3401 4877 3561 4932 οιιιίῑ-

1993 4957 2131 5004 tunt.

2062 5021 2174 5092 (15)
2214 5019 2342 5092 Haec
2377 5023 2565 5086 verba,
2593 5039 2764 5092 usque
2797 5021 2862 5076 ad
2889 5020 3194 5092 ἀνακτῆσαι
3221 5016 3446 5092 δυνηθῇ,
3475 5014 3558 5092 ci-

1989 5086 2172 5146 tantur
2211 5109 2240 5146 a
2290 5091 2634 5147 Theudor-elo
2677 5086 2898 5160 dialogo
2929 5106 2988 5153 ιι,
3023 5086 3117 5144 sed
3143 5086 3556 5160 velutiegepi-

1988 5163 2124 5216 stola
2156 5163 2222 5216 ad
2259 5161 2559 5230 Epictetum
2589 5181 2601 5216 :
2631 5161 2733 5216 nisi
2765 5155 2902 5214 forte
2929 5176 3027 5228 pro
3053 5162 3117 5213 ὲκ
3147 5161 3246 5230 τῆς
3272 5157 3460 5230 αὐτῇς,
3491 5155 3559 5230 le-

1988 5197 2222 5300 ξὲἶίἓιῗιέἰ
2254 5197 3556 5302 ἐπί“ἕὲ’ἓὲᾃῆέ’ὲζὲιέτζὶ›ἳῆἕ,’ἴιῖᾏυὶέἷοιὶὶιέίξίυξ.

1987 5294 2255 5372 manuus,
2271 5294 2476 5356 Ibidem
2507 5294 3366 5372 Τιιεοᾱοιθιιιε,’προσελάμϐανεν
3390 5297 3474 5352 ἄν.
3489 5294 3558 5350 Ει

1987 5385 2136 5435 mox,
2165 5371 2322 5424 τοῦτο
2352 5373 2606 5440 ζωοποιῇ.

2055 5443 2168 5512 (16)
2209 5435 2389 5512 Basili
2409 5449 2461 5494 et
2493 5435 2800 5510 Αιῆςιίοτιηη
2825 5435 3167 5512 κτίστης-ἦν.

2058 5511 2170 5583 (1-7)
2209 5507 2601 5583 Τιιεοάοτοιιιεζ
2621 5507 3143 5583 συ-νεστήσατοξΜόχ
3169 5507 3480 5583 Basiliensis
3503 5513 3556 5562 et

1985 5577 2329 5702 an'glic‘anus,
2352 5580 2514 5646 αὐτὸς
2543 5583 2572 5636 ὁ
2602 5577 2845 5652 κτίστηςζ
2871 5579 3072 5637 Ibidem
3099 5595 3228 5636 mox
3255 5577 3554 5647 Theodon,

1985 5665 2156 5702 ανικτ
2185 5666 2292 5702 σαι.
2505 5687 2510 5694 -

1983 5665 2292 5706 ἀνακτίσαι.
