  <div class='ocr_page' id='page_1' title='image "/cluster/home/n/w/nwhite01/storage/ocr_20150623/26/mdp.39015019958456/559.png"; bbox 0 0 3992 6230; ppageno 0'>
   <div class='ocr_carea' id='block_1_1' title="bbox 468 388 610 448">
    <p class='ocr_par' dir='ltr' id='par_1_1' title="bbox 468 388 610 448">
     <span class='ocr_line' id='line_1_1' title="bbox 468 388 610 448; baseline 0.042 -6"><span class='ocrx_word' id='word_1_1' title='bbox 468 388 610 448; x_wconf 72' lang='grc'><strong>1033</strong></span> 
     </span>
    </p>
   </div>
   <div class='ocr_carea' id='block_1_2' title="bbox 1058 367 2026 471">
    <p class='ocr_par' dir='ltr' id='par_1_2' title="bbox 1058 397 2003 460">
     <span class='ocr_line' id='line_1_2' title="bbox 1058 397 2003 460; baseline 0.008 -8"><span class='ocrx_word' id='word_1_2' title='bbox 1058 397 1114 452; x_wconf 82' lang='grc'><strong>8.</strong></span> <span class='ocrx_word' id='word_1_3' title='bbox 1149 398 1516 455; x_wconf 80' lang='lat' dir='ltr'><strong>ATHANASII</strong></span> <span class='ocrx_word' id='word_1_4' title='bbox 1553 403 1702 458; x_wconf 86' lang='lat' dir='ltr'><strong>OPP.</strong></span> <span class='ocrx_word' id='word_1_5' title='bbox 1746 403 1924 460; x_wconf 77' lang='lat' dir='ltr'><strong>PARS</strong></span> <span class='ocrx_word' id='word_1_6' title='bbox 1965 407 2003 460; x_wconf 94' lang='grc' dir='ltr'><strong>Ι.</strong></span> 
     </span>
    </p>
   </div>
   <div class='ocr_carea' id='block_1_3' title="bbox 2128 367 3082 471">
    <p class='ocr_par' dir='ltr' id='par_1_3' title="bbox 2143 367 3082 471">
     <span class='ocr_line' id='line_1_3' title="bbox 2143 367 3082 471; baseline 0.011 -11"><span class='ocrx_word' id='word_1_7' title='bbox 2143 367 2519 465; x_wconf 64' lang='grc' dir='ltr'><strong>ιιιετοῐῃοιι⁸</strong></span> <span class='ocrx_word' id='word_1_8' title='bbox 2547 410 2634 464; x_wconf 89' lang='lat' dir='ltr'><strong>ET</strong></span> <span class='ocrx_word' id='word_1_9' title='bbox 2671 411 3082 471; x_wconf 76' lang='lat' dir='ltr'><strong>DOGMATICA.</strong></span> 
     </span>
    </p>
   </div>
   <div class='ocr_carea' id='block_1_4' title="bbox 3569 421 3699 474">
    <p class='ocr_par' dir='ltr' id='par_1_4' title="bbox 3569 421 3699 474">
     <span class='ocr_line' id='line_1_4' title="bbox 3569 421 3699 474; baseline 0.015 -2"><span class='ocrx_word' id='word_1_10' title='bbox 3569 421 3699 474; x_wconf 72' lang='grc'><strong>1084</strong></span> 
     </span>
    </p>
   </div>
   <div class='ocr_carea' id='block_1_5' title="bbox 466 514 2026 610">
    <p class='ocr_par' dir='ltr' id='par_1_5' title="bbox 466 514 2026 582">
     <span class='ocr_line' id='line_1_5' title="bbox 466 514 2026 582; baseline 0.01 -17"><span class='ocrx_word' id='word_1_11' title='bbox 466 524 587 567; x_wconf 90' lang='lat' dir='ltr'><strong>sent</strong></span> <span class='ocrx_word' id='word_1_12' title='bbox 616 514 813 582; x_wconf 89' lang='lat' dir='ltr'><strong>creari,</strong></span> <span class='ocrx_word' id='word_1_13' title='bbox 850 517 956 572; x_wconf 84' lang='lat' dir='ltr'><strong>nisi</strong></span> <span class='ocrx_word' id='word_1_14' title='bbox 994 516 1224 575; x_wconf 87' lang='lat' dir='ltr'><strong>Verbum</strong></span> <span class='ocrx_word' id='word_1_15' title='bbox 1261 534 1475 578; x_wconf 81' lang='lat' dir='ltr'><strong>creator</strong></span> <span class='ocrx_word' id='word_1_16' title='bbox 1518 524 1730 580; x_wconf 77' lang='lat' dir='ltr'><strong>fuisset.</strong></span> <span class='ocrx_word' id='word_1_17' title='bbox 1780 525 2026 581; x_wconf 82' lang='lat' dir='ltr'><strong>Desinant</strong></span> 
     </span>
    </p>
   </div>
   <div class='ocr_carea' id='block_1_6' title="bbox 2128 514 3702 610">
    <p class='ocr_par' dir='ltr' id='par_1_6' title="bbox 2141 526 3702 610">
     <span class='ocr_line' id='line_1_6' title="bbox 2141 526 3702 610; baseline 0.01 -30"><span class='ocrx_word' id='word_1_18' title='bbox 2141 529 2362 600; x_wconf 82' lang='grc' dir='ltr'><strong>κτίστης</strong></span> <span class='ocrx_word' id='word_1_19' title='bbox 2394 526 2461 602; x_wconf 83' lang='grc' dir='ltr'>ἦν</span> <span class='ocrx_word' id='word_1_20' title='bbox 2485 534 2512 584; x_wconf 88' lang='grc' dir='ltr'>ὁ</span> <span class='ocrx_word' id='word_1_21' title='bbox 2541 533 2730 602; x_wconf 82' lang='grc' dir='ltr'><strong>Λόγος.</strong></span> <span class='ocrx_word' id='word_1_22' title='bbox 2765 535 2923 589; x_wconf 84' lang='grc' dir='ltr'>Ὅθεν</span> <span class='ocrx_word' id='word_1_23' title='bbox 2959 538 3032 607; x_wconf 83' lang='grc' dir='ltr'>μὴ</span> <span class='ocrx_word' id='word_1_24' title='bbox 3067 541 3574 610; x_wconf 73' lang='grc' dir='ltr'>καταψευδέσθωσαν</span> <span class='ocrx_word' id='word_1_25' title='bbox 3595 543 3702 595; x_wconf 86' lang='grc' dir='ltr'><strong>τῶν</strong></span> 
     </span>
    </p>
   </div>
   <div class='ocr_carea' id='block_1_7' title="bbox 466 605 2030 688">
    <p class='ocr_par' dir='ltr' id='par_1_7' title="bbox 466 605 2030 688">
     <span class='ocr_line' id='line_1_7' title="bbox 466 605 2030 688; baseline 0.009 -30"><span class='ocrx_word' id='word_1_26' title='bbox 466 605 630 675; x_wconf 74' lang='lat' dir='ltr'><strong>igitur</strong></span> <span class='ocrx_word' id='word_1_27' title='bbox 649 606 904 679; x_wconf 85' lang='lat' dir='ltr'><strong>deinceps</strong></span> <span class='ocrx_word' id='word_1_28' title='bbox 933 609 1243 682; x_wconf 88' lang='lat' dir='ltr'><strong>Scripturas</strong></span> <span class='ocrx_word' id='word_1_29' title='bbox 1272 616 1484 670; x_wconf 89' lang='lat' dir='ltr'><strong>divinas</strong></span> <span class='ocrx_word' id='word_1_30' title='bbox 1511 615 1646 672; x_wconf 81' lang='lat' dir='ltr'><strong>false</strong></span> <span class='ocrx_word' id='word_1_31' title='bbox 1668 618 2030 688; x_wconf 88' lang='lat' dir='ltr'><strong>interpretari,</strong></span> 
     </span>
    </p>
   </div>
   <div class='ocr_carea' id='block_1_8' title="bbox 465 701 2034 776">
    <p class='ocr_par' dir='ltr' id='par_1_8' title="bbox 465 701 2034 776">
     <span class='ocr_line' id='line_1_8' title="bbox 465 701 2034 776; baseline 0.01 -25"><span class='ocrx_word' id='word_1_32' title='bbox 465 713 640 767; x_wconf 89' lang='lat' dir='ltr'><strong>neque</strong></span> <span class='ocrx_word' id='word_1_33' title='bbox 667 701 776 755; x_wconf 90' lang='lat' dir='ltr'><strong>sint</strong></span> <span class='ocrx_word' id='word_1_34' title='bbox 803 705 1062 760; x_wconf 85' lang='lat' dir='ltr'><strong>seandalo</strong></span> <span class='ocrx_word' id='word_1_35' title='bbox 1088 708 1514 776; x_wconf 83' lang='lat' dir='ltr'><strong>simplicioribus</strong></span> <span class='ocrx_word' id='word_1_36' title='bbox 1544 711 1768 764; x_wconf 78' lang='lat' dir='ltr'><strong>fratrum</strong></span> <span class='ocrx_word' id='word_1_37' title='bbox 1799 730 1812 765; x_wconf 92' lang='lat'><strong>:</strong></span> <span class='ocrx_word' id='word_1_38' title='bbox 1841 713 1956 774; x_wconf 88' lang='lat' dir='ltr'><strong>sed,</strong></span> <span class='ocrx_word' id='word_1_39' title='bbox 1987 713 2034 767; x_wconf 90' lang='lat' dir='ltr'><strong>si</strong></span> 
     </span>
    </p>
   </div>
   <div class='ocr_carea' id='block_1_9' title="bbox 465 799 2031 875">
    <p class='ocr_par' dir='ltr' id='par_1_9' title="bbox 465 799 2031 875">
     <span class='ocr_line' id='line_1_9' title="bbox 465 799 2031 875; baseline 0.006 -25"><span class='ocrx_word' id='word_1_40' title='bbox 465 799 681 867; x_wconf 83' lang='lat' dir='ltr'><strong>quidem</strong></span> <span class='ocrx_word' id='word_1_41' title='bbox 715 801 904 866; x_wconf 78' lang='lat' dir='ltr'><strong>velint,</strong></span> <span class='ocrx_word' id='word_1_42' title='bbox 937 802 1260 855; x_wconf 82' lang='lat' dir='ltr'><strong>sententiam</strong></span> <span class='ocrx_word' id='word_1_43' title='bbox 1303 813 1512 857; x_wconf 88' lang='lat' dir='ltr'><strong>mutent</strong></span> <span class='ocrx_word' id='word_1_44' title='bbox 1539 813 1591 857; x_wconf 92' lang='lat' dir='ltr'><strong>et</strong></span> <span class='ocrx_word' id='word_1_45' title='bbox 1619 803 1742 872; x_wconf 89' lang='lat' dir='ltr'><strong>ipsi,</strong></span> <span class='ocrx_word' id='word_1_46' title='bbox 1777 819 1875 860; x_wconf 88' lang='lat' dir='ltr'><strong>nec</strong></span> <span class='ocrx_word' id='word_1_47' title='bbox 1917 804 2031 875; x_wconf 88' lang='lat' dir='ltr'><strong>jam</strong></span> 
     </span>
    </p>
   </div>
   <div class='ocr_carea' id='block_1_10' title="bbox 465 891 2031 963">
    <p class='ocr_par' dir='ltr' id='par_1_10' title="bbox 465 891 2031 963">
     <span class='ocr_line' id='line_1_10' title="bbox 465 891 2031 963; baseline 0.005 -19"><span class='ocrx_word' id='word_1_48' title='bbox 465 891 630 945; x_wconf 85' lang='lat' dir='ltr'><strong>rebus</strong></span> <span class='ocrx_word' id='word_1_49' title='bbox 660 894 856 946; x_wconf 87' lang='lat' dir='ltr'><strong>creatis</strong></span> <span class='ocrx_word' id='word_1_50' title='bbox 915 893 1096 962; x_wconf 89' lang='lat' dir='ltr'><strong>potius</strong></span> <span class='ocrx_word' id='word_1_51' title='bbox 1144 910 1306 963; x_wconf 90' lang='lat' dir='ltr'><strong>quam</strong></span> <span class='ocrx_word' id='word_1_52' title='bbox 1355 893 1466 948; x_wconf 83' lang='lat' dir='ltr'><strong>Deo</strong></span> <span class='ocrx_word' id='word_1_53' title='bbox 1514 896 1758 950; x_wconf 90' lang='lat' dir='ltr'><strong>omnium</strong></span> <span class='ocrx_word' id='word_1_54' title='bbox 1800 897 2031 952; x_wconf 88' lang='lat' dir='ltr'><strong>creatori</strong></span> 
     </span>
    </p>
   </div>
   <div class='ocr_carea' id='block_1_11' title="bbox 465 983 2031 1059">
    <p class='ocr_par' dir='ltr' id='par_1_11' title="bbox 465 983 2031 1059">
     <span class='ocr_line' id='line_1_11' title="bbox 465 983 2031 1059; baseline 0.005 -22"><span class='ocrx_word' id='word_1_55' title='bbox 465 984 703 1037; x_wconf 87' lang='lat' dir='ltr'><strong>serviant</strong></span> <span class='ocrx_word' id='word_1_56' title='bbox 728 985 792 1036; x_wconf 86' lang='grc'><strong>¹⁰.</strong></span> <span class='ocrx_word' id='word_1_57' title='bbox 830 983 922 1038; x_wconf 90' lang='lat' dir='ltr'><strong>Sin</strong></span> <span class='ocrx_word' id='word_1_58' title='bbox 956 1001 1086 1039; x_wconf 92' lang='lat' dir='ltr'><strong>vero</strong></span> <span class='ocrx_word' id='word_1_59' title='bbox 1115 986 1167 1039; x_wconf 92' lang='lat' dir='ltr'><strong>in</strong></span> <span class='ocrx_word' id='word_1_60' title='bbox 1218 1001 1314 1039; x_wconf 90' lang='lat' dir='ltr'><strong>sua</strong></span> <span class='ocrx_word' id='word_1_61' title='bbox 1365 1002 1714 1055; x_wconf 86' lang='lat' dir='ltr'><strong>perseverare</strong></span> <span class='ocrx_word' id='word_1_62' title='bbox 1758 989 2031 1059; x_wconf 85' lang='lat' dir='ltr'><strong>impietate</strong></span> 
     </span>
    </p>
   </div>
   <div class='ocr_carea' id='block_1_12' title="bbox 467 1076 2032 1144">
    <p class='ocr_par' dir='ltr' id='par_1_12' title="bbox 467 1076 2032 1144">
     <span class='ocr_line' id='line_1_12' title="bbox 467 1076 2032 1144; baseline 0.006 -16"><span class='ocrx_word' id='word_1_63' title='bbox 467 1076 698 1142; x_wconf 88' lang='lat' dir='ltr'><strong>malunt,</strong></span> <span class='ocrx_word' id='word_1_64' title='bbox 729 1091 788 1131; x_wconf 93' lang='lat' dir='ltr'><strong>se</strong></span> <span class='ocrx_word' id='word_1_65' title='bbox 832 1079 981 1132; x_wconf 92' lang='lat' dir='ltr'><strong>solos</strong></span> <span class='ocrx_word' id='word_1_66' title='bbox 1009 1094 1070 1132; x_wconf 88' lang='lat' dir='ltr'><strong>ea</strong></span> <span class='ocrx_word' id='word_1_67' title='bbox 1102 1077 1246 1132; x_wconf 84' lang='lat' dir='ltr'><strong>infici</strong></span> <span class='ocrx_word' id='word_1_68' title='bbox 1284 1079 1420 1135; x_wconf 85' lang='lat' dir='ltr'><strong>satis</strong></span> <span class='ocrx_word' id='word_1_69' title='bbox 1459 1080 1715 1144; x_wconf 84' lang='lat' dir='ltr'><strong>habeant,</strong></span> <span class='ocrx_word' id='word_1_70' title='bbox 1752 1082 2032 1138; x_wconf 88' lang='lat' dir='ltr'><strong>dentibus-</strong></span> 
     </span>
    </p>
   </div>
   <div class='ocr_carea' id='block_1_13' title="bbox 464 1168 2026 1238">
    <p class='ocr_par' dir='ltr' id='par_1_13' title="bbox 464 1168 2026 1238">
     <span class='ocr_line' id='line_1_13' title="bbox 464 1168 2026 1238; baseline 0.006 -20"><span class='ocrx_word' id='word_1_71' title='bbox 464 1181 572 1234; x_wconf 86' lang='lat' dir='ltr'><strong>que</strong></span> <span class='ocrx_word' id='word_1_72' title='bbox 599 1182 706 1220; x_wconf 91' lang='lat' dir='ltr'><strong>non</strong></span> <span class='ocrx_word' id='word_1_73' title='bbox 736 1181 893 1222; x_wconf 90' lang='lat' dir='ltr'><strong>secus</strong></span> <span class='ocrx_word' id='word_1_74' title='bbox 919 1183 983 1222; x_wconf 88' lang='lat' dir='ltr'><strong>ac</strong></span> <span class='ocrx_word' id='word_1_75' title='bbox 1013 1168 1254 1236; x_wconf 89' lang='lat' dir='ltr'><strong>ipsorum</strong></span> <span class='ocrx_word' id='word_1_76' title='bbox 1285 1177 1439 1237; x_wconf 89' lang='lat' dir='ltr'><strong>pater</strong></span> <span class='ocrx_word' id='word_1_77' title='bbox 1462 1169 1716 1224; x_wconf 83' lang='lat' dir='ltr'><strong>diabolus</strong></span> <span class='ocrx_word' id='word_1_78' title='bbox 1744 1171 2026 1238; x_wconf 86' lang='lat' dir='ltr'><strong>strideant,</strong></span> 
     </span>
    </p>
   </div>
   <div class='ocr_carea' id='block_1_14' title="bbox 463 1257 2028 1328">
    <p class='ocr_par' dir='ltr' id='par_1_14' title="bbox 463 1257 2028 1328">
     <span class='ocr_line' id='line_1_14' title="bbox 463 1257 2028 1328; baseline 0.005 -18"><span class='ocrx_word' id='word_1_79' title='bbox 463 1258 903 1328; x_wconf 72' lang='lat' dir='ltr'><strong>quandmluidem</strong></span> <span class='ocrx_word' id='word_1_80' title='bbox 941 1257 1071 1313; x_wconf 80' lang='lat' dir='ltr'><strong>fides</strong></span> <span class='ocrx_word' id='word_1_81' title='bbox 1096 1259 1375 1314; x_wconf 67' lang='lat' dir='ltr'><strong>catholicae</strong></span> <span class='ocrx_word' id='word_1_82' title='bbox 1407 1259 1658 1316; x_wconf 72' lang='lat' dir='ltr'><strong>Ecclesia:</strong></span> <span class='ocrx_word' id='word_1_83' title='bbox 1676 1261 1770 1316; x_wconf 90' lang='lat' dir='ltr'><strong>Dei</strong></span> <span class='ocrx_word' id='word_1_84' title='bbox 1793 1261 2028 1318; x_wconf 85' lang='lat' dir='ltr'><strong>Verbum</strong></span> 
     </span>
    </p>
   </div>
   <div class='ocr_carea' id='block_1_15' title="bbox 464 1351 2027 1420">
    <p class='ocr_par' dir='ltr' id='par_1_15' title="bbox 464 1351 2027 1420">
     <span class='ocr_line' id='line_1_15' title="bbox 464 1351 2027 1420; baseline 0.004 -21"><span class='ocrx_word' id='word_1_85' title='bbox 464 1362 648 1401; x_wconf 87' lang='lat' dir='ltr'><strong>rerum</strong></span> <span class='ocrx_word' id='word_1_86' title='bbox 696 1351 937 1403; x_wconf 87' lang='lat' dir='ltr'><strong>onmium</strong></span> <span class='ocrx_word' id='word_1_87' title='bbox 987 1359 1286 1404; x_wconf 83' lang='lat' dir='ltr'><strong>creatorem</strong></span> <span class='ocrx_word' id='word_1_88' title='bbox 1333 1360 1388 1405; x_wconf 91' lang='lat' dir='ltr'><strong>et</strong></span> <span class='ocrx_word' id='word_1_89' title='bbox 1436 1351 1680 1420; x_wconf 80' lang='lat' dir='ltr'><strong>Opiﬁcem</strong></span> <span class='ocrx_word' id='word_1_90' title='bbox 1711 1368 1832 1408; x_wconf 90' lang='lat' dir='ltr'><strong>esse</strong></span> <span class='ocrx_word' id='word_1_91' title='bbox 1856 1368 2027 1419; x_wconf 82' lang='lat' dir='ltr'><strong>agno-</strong></span> 
     </span>
    </p>
   </div>
   <div class='ocr_carea' id='block_1_16' title="bbox 465 1439 2030 1510">
    <p class='ocr_par' dir='ltr' id='par_1_16' title="bbox 465 1439 2030 1510">
     <span class='ocr_line' id='line_1_16' title="bbox 465 1439 2030 1510; baseline 0.001 -18"><span class='ocrx_word' id='word_1_92' title='bbox 465 1439 920 1509; x_wconf 88' lang='lat' dir='ltr'><strong>scit,scimusque</strong></span> <span class='ocrx_word' id='word_1_93' title='bbox 935 1441 1078 1510; x_wconf 90' lang='lat' dir='ltr'><strong>quod</strong></span> <span class='ocrx_word' id='word_1_94' title='bbox 1097 1443 1147 1493; x_wconf 86' lang='lat' dir='ltr'><strong>in</strong></span> <span class='ocrx_word' id='word_1_95' title='bbox 1165 1442 1421 1510; x_wconf 86' lang='lat' dir='ltr'><strong>principio</strong></span> <span class='ocrx_word' id='word_1_96' title='bbox 1435 1450 1550 1495; x_wconf 88' lang='lat' dir='ltr'><strong>erat</strong></span> <span class='ocrx_word' id='word_1_97' title='bbox 1581 1441 1885 1508; x_wconf 87' lang='lat' dir='ltr'><strong>Verbum,et</strong></span> <span class='ocrx_word' id='word_1_98' title='bbox 1914 1440 2030 1495; x_wconf 87' lang='lat' dir='ltr'><strong>Ver-</strong></span> 
     </span>
    </p>
   </div>
   <div class='ocr_carea' id='block_1_17' title="bbox 463 1528 2026 1600">
    <p class='ocr_par' dir='ltr' id='par_1_17' title="bbox 463 1528 2026 1600">
     <span class='ocr_line' id='line_1_17' title="bbox 463 1528 2026 1600; baseline 0.003 -22"><span class='ocrx_word' id='word_1_99' title='bbox 463 1528 584 1580; x_wconf 86' lang='lat' dir='ltr'><strong>bum</strong></span> <span class='ocrx_word' id='word_1_100' title='bbox 609 1539 719 1582; x_wconf 88' lang='lat' dir='ltr'><strong>erat</strong></span> <span class='ocrx_word' id='word_1_101' title='bbox 743 1533 882 1598; x_wconf 84' lang='lat' dir='ltr'><strong>apud</strong></span> <span class='ocrx_word' id='word_1_102' title='bbox 913 1530 1074 1584; x_wconf 90' lang='lat' dir='ltr'><strong>Deum</strong></span> <span class='ocrx_word' id='word_1_103' title='bbox 1093 1531 1163 1584; x_wconf 80' lang='lat' dir='ltr'><strong>“z</strong></span> <span class='ocrx_word' id='word_1_104' title='bbox 1196 1531 1370 1599; x_wconf 91' lang='lat' dir='ltr'><strong>ipsum</strong></span> <span class='ocrx_word' id='word_1_105' title='bbox 1391 1530 1514 1583; x_wconf 90' lang='lat' dir='ltr'><strong>item</strong></span> <span class='ocrx_word' id='word_1_106' title='bbox 1541 1540 1760 1600; x_wconf 85' lang='lat' dir='ltr'><strong>propter</strong></span> <span class='ocrx_word' id='word_1_107' title='bbox 1784 1539 2026 1584; x_wconf 89' lang='lat' dir='ltr'><strong>nostram</strong></span> 
     </span>
    </p>
   </div>
   <div class='ocr_carea' id='block_1_18' title="bbox 462 1618 2024 1691">
    <p class='ocr_par' dir='ltr' id='par_1_18' title="bbox 462 1618 2024 1691">
     <span class='ocr_line' id='line_1_18' title="bbox 462 1618 2024 1691; baseline 0.002 -20"><span class='ocrx_word' id='word_1_108' title='bbox 462 1619 690 1674; x_wconf 84' lang='lat' dir='ltr'><strong>salutem</strong></span> <span class='ocrx_word' id='word_1_109' title='bbox 740 1618 945 1675; x_wconf 86' lang='lat' dir='ltr'><strong>factum</strong></span> <span class='ocrx_word' id='word_1_110' title='bbox 998 1623 1289 1676; x_wconf 89' lang='lat' dir='ltr'><strong>adoramus</strong></span> <span class='ocrx_word' id='word_1_111' title='bbox 1321 1621 1613 1687; x_wconf 74' lang='lat' dir='ltr'><strong>hominem,</strong></span> <span class='ocrx_word' id='word_1_112' title='bbox 1666 1636 1775 1676; x_wconf 90' lang='lat' dir='ltr'><strong>non</strong></span> <span class='ocrx_word' id='word_1_113' title='bbox 1810 1622 2024 1691; x_wconf 89' lang='lat' dir='ltr'><strong>quidem</strong></span> 
     </span>
    </p>
   </div>
   <div class='ocr_carea' id='block_1_19' title="bbox 462 1703 2024 1784">
    <p class='ocr_par' dir='ltr' id='par_1_19' title="bbox 462 1703 2024 1784">
     <span class='ocr_line' id='line_1_19' title="bbox 462 1703 2024 1784; baseline -0.001 -18"><span class='ocrx_word' id='word_1_114' title='bbox 462 1721 522 1766; x_wconf 88' lang='lat' dir='ltr'><strong>ut</strong></span> <span class='ocrx_word' id='word_1_115' title='bbox 545 1703 752 1782; x_wconf 81' lang='lat' dir='ltr'><strong>aequale</strong></span> <span class='ocrx_word' id='word_1_116' title='bbox 782 1714 834 1767; x_wconf 91' lang='lat' dir='ltr'><strong>in</strong></span> <span class='ocrx_word' id='word_1_117' title='bbox 867 1715 1060 1784; x_wconf 75' lang='lat' dir='ltr'><strong>aequali</strong></span> <span class='ocrx_word' id='word_1_118' title='bbox 1104 1714 1304 1768; x_wconf 88' lang='lat' dir='ltr'><strong>factum</strong></span> <span class='ocrx_word' id='word_1_119' title='bbox 1338 1727 1587 1782; x_wconf 89' lang='lat' dir='ltr'><strong>corpore,</strong></span> <span class='ocrx_word' id='word_1_120' title='bbox 1621 1715 1714 1769; x_wconf 90' lang='lat' dir='ltr'><strong>sed</strong></span> <span class='ocrx_word' id='word_1_121' title='bbox 1749 1723 1806 1768; x_wconf 90' lang='lat' dir='ltr'><strong>ut</strong></span> <span class='ocrx_word' id='word_1_122' title='bbox 1840 1713 2024 1768; x_wconf 91' lang='lat' dir='ltr'><strong>Domi-</strong></span> 
     </span>
    </p>
   </div>
   <div class='ocr_carea' id='block_1_20' title="bbox 461 1804 2024 1876">
    <p class='ocr_par' dir='ltr' id='par_1_20' title="bbox 461 1804 2024 1876">
     <span class='ocr_line' id='line_1_20' title="bbox 461 1804 2024 1876; baseline 0.001 -19"><span class='ocrx_word' id='word_1_123' title='bbox 461 1819 590 1857; x_wconf 92' lang='lat' dir='ltr'><strong>num</strong></span> <span class='ocrx_word' id='word_1_124' title='bbox 631 1804 724 1872; x_wconf 91' lang='lat' dir='ltr'><strong>qui</strong></span> <span class='ocrx_word' id='word_1_125' title='bbox 759 1805 899 1860; x_wconf 90' lang='lat' dir='ltr'><strong>servi</strong></span> <span class='ocrx_word' id='word_1_126' title='bbox 954 1807 1163 1876; x_wconf 90' lang='lat' dir='ltr'><strong>accepit</strong></span> <span class='ocrx_word' id='word_1_127' title='bbox 1221 1806 1474 1871; x_wconf 79' lang='lat' dir='ltr'><strong>formam,</strong></span> <span class='ocrx_word' id='word_1_128' title='bbox 1512 1821 1722 1860; x_wconf 87' lang='lat' dir='ltr'><strong>necnon</strong></span> <span class='ocrx_word' id='word_1_129' title='bbox 1770 1814 1830 1860; x_wconf 94' lang='lat' dir='ltr'><strong>ut</strong></span> <span class='ocrx_word' id='word_1_130' title='bbox 1867 1805 2024 1874; x_wconf 83' lang='lat' dir='ltr'><strong>opili-</strong></span> 
     </span>
    </p>
   </div>
   <div class='ocr_carea' id='block_1_21' title="bbox 2135 617 3701 701">
    <p class='ocr_par' dir='ltr' id='par_1_21' title="bbox 2135 617 3701 701">
     <span class='ocr_line' id='line_1_21' title="bbox 2135 617 3701 701; baseline 0.01 -32"><span class='ocrx_word' id='word_1_131' title='bbox 2135 617 2293 671; x_wconf 87' lang='grc' dir='ltr'>θείων</span> <span class='ocrx_word' id='word_1_132' title='bbox 2312 620 2560 692; x_wconf 69' lang='grc' dir='ltr'>Γραφῶν,</span> <span class='ocrx_word' id='word_1_133' title='bbox 2579 624 2713 694; x_wconf 80' lang='grc' dir='ltr'>μηδὲ</span> <span class='ocrx_word' id='word_1_134' title='bbox 2741 626 3234 691; x_wconf 75' lang='grc' dir='ltr'>σκανδαλιξέτωσαν</span> <span class='ocrx_word' id='word_1_135' title='bbox 3264 632 3390 694; x_wconf 84' lang='grc' dir='ltr'>τοὺς</span> <span class='ocrx_word' id='word_1_136' title='bbox 3413 631 3701 701; x_wconf 81' lang='grc' dir='ltr'><strong>ἀκεραίους</strong></span> 
     </span>
    </p>
   </div>
   <div class='ocr_carea' id='block_1_22' title="bbox 2131 707 3699 791">
    <p class='ocr_par' dir='ltr' id='par_1_22' title="bbox 2131 707 3699 791">
     <span class='ocr_line' id='line_1_22' title="bbox 2131 707 3699 791; baseline 0.007 -31"><span class='ocrx_word' id='word_1_137' title='bbox 2131 707 2241 762; x_wconf 85' lang='grc' dir='ltr'>τῶν</span> <span class='ocrx_word' id='word_1_138' title='bbox 2274 711 2546 781; x_wconf 83' lang='grc' dir='ltr'><strong>ἀδελφῶν·</strong></span> <span class='ocrx_word' id='word_1_139' title='bbox 2587 714 2701 766; x_wconf 82' lang='grc' dir='ltr'>ἀλλ’</span> <span class='ocrx_word' id='word_1_140' title='bbox 2749 716 2797 767; x_wconf 89' lang='grc' dir='ltr'><strong>εί</strong></span> <span class='ocrx_word' id='word_1_141' title='bbox 2844 715 2941 784; x_wconf 84' lang='grc' dir='ltr'>μὲν</span> <span class='ocrx_word' id='word_1_142' title='bbox 2987 715 3278 786; x_wconf 85' lang='grc' dir='ltr'>βούλωνται</span> <span class='ocrx_word' id='word_1_143' title='bbox 3305 719 3435 791; x_wconf 79' lang='lat' dir='ltr'><strong>(i8),</strong></span> <span class='ocrx_word' id='word_1_144' title='bbox 3473 738 3699 790; x_wconf 84' lang='grc' dir='ltr'>μεταγι-</span> 
     </span>
    </p>
   </div>
   <div class='ocr_carea' id='block_1_23' title="bbox 2132 801 3701 884">
    <p class='ocr_par' dir='ltr' id='par_1_23' title="bbox 2132 801 3701 884">
     <span class='ocr_line' id='line_1_23' title="bbox 2132 801 3701 884; baseline 0.008 -31"><span class='ocrx_word' id='word_1_145' title='bbox 2132 801 2484 857; x_wconf 86' lang='grc' dir='ltr'>νωσκέτωσαν</span> <span class='ocrx_word' id='word_1_146' title='bbox 2507 805 2599 858; x_wconf 73' lang='grc' dir='ltr'><strong>καὶ</strong></span> <span class='ocrx_word' id='word_1_147' title='bbox 2621 807 2794 869; x_wconf 79' lang='grc' dir='ltr'>αὐτοὶ,</span> <span class='ocrx_word' id='word_1_148' title='bbox 2818 808 2912 860; x_wconf 81' lang='grc' dir='ltr'>καὶ</span> <span class='ocrx_word' id='word_1_149' title='bbox 2935 810 3128 879; x_wconf 81' lang='grc' dir='ltr'><strong>μηκέτι</strong></span> <span class='ocrx_word' id='word_1_150' title='bbox 3152 813 3216 883; x_wconf 84' lang='grc' dir='ltr'>τῇ</span> <span class='ocrx_word' id='word_1_151' title='bbox 3251 812 3424 864; x_wconf 90' lang='grc' dir='ltr'>κτίσει</span> <span class='ocrx_word' id='word_1_152' title='bbox 3449 811 3701 884; x_wconf 89' lang='grc' dir='ltr'>λατρευέ-</span> 
     </span>
    </p>
   </div>
   <div class='ocr_carea' id='block_1_24' title="bbox 2130 894 3700 964">
    <p class='ocr_par' dir='ltr' id='par_1_24' title="bbox 2130 894 3700 964">
     <span class='ocr_line' id='line_1_24' title="bbox 2130 894 3700 964; baseline 0.006 -22"><span class='ocrx_word' id='word_1_153' title='bbox 2130 907 2309 944; x_wconf 87' lang='grc' dir='ltr'>τωσαν</span> <span class='ocrx_word' id='word_1_154' title='bbox 2339 894 2487 964; x_wconf 83' lang='grc' dir='ltr'>παρὰ</span> <span class='ocrx_word' id='word_1_155' title='bbox 2513 895 2602 948; x_wconf 82' lang='grc' dir='ltr'><strong>τὸν</strong></span> <span class='ocrx_word' id='word_1_156' title='bbox 2628 896 2886 950; x_wconf 85' lang='grc' dir='ltr'><strong>κτίσαντα</strong></span> <span class='ocrx_word' id='word_1_157' title='bbox 2900 895 2967 949; x_wconf 80' lang='grc' dir='ltr'>τὰ</span> <span class='ocrx_word' id='word_1_158' title='bbox 2992 898 3165 952; x_wconf 84' lang='grc' dir='ltr'>πάντα</span> <span class='ocrx_word' id='word_1_159' title='bbox 3195 899 3355 952; x_wconf 84' lang='grc' dir='ltr'>Θεόν·</span> <span class='ocrx_word' id='word_1_160' title='bbox 3374 898 3470 952; x_wconf 77' lang='grc' dir='ltr'><strong>ἐὰν</strong></span> <span class='ocrx_word' id='word_1_161' title='bbox 3499 900 3555 952; x_wconf 87' lang='grc' dir='ltr'>δὲ</span> <span class='ocrx_word' id='word_1_162' title='bbox 3578 901 3700 962; x_wconf 85' lang='grc' dir='ltr'>ταῖς</span> 
     </span>
    </p>
   </div>
   <div class='ocr_carea' id='block_1_25' title="bbox 2102 981 3700 1059">
    <p class='ocr_par' dir='ltr' id='par_1_25' title="bbox 2102 981 3700 1059">
     <span class='ocr_line' id='line_1_25' title="bbox 2102 981 3700 1059; baseline 0.006 -26"><span class='ocrx_word' id='word_1_163' title='bbox 2102 1007 2116 1023; x_wconf 75' lang='grc' dir='ltr'>ι</span> <span class='ocrx_word' id='word_1_164' title='bbox 2132 981 2407 1046; x_wconf 75' lang='grc' dir='ltr'>ἀσεϐείαις</span> <span class='ocrx_word' id='word_1_165' title='bbox 2425 984 2601 1036; x_wconf 86' lang='grc' dir='ltr'>αὐτῶν</span> <span class='ocrx_word' id='word_1_166' title='bbox 2618 986 2643 1036; x_wconf 85' lang='grc' dir='ltr'><strong>ὲ</strong></span> <span class='ocrx_word' id='word_1_167' title='bbox 2651 985 2876 1055; x_wconf 89' lang='grc' dir='ltr'>μμένειν</span> <span class='ocrx_word' id='word_1_168' title='bbox 2893 986 3132 1052; x_wconf 78' lang='grc' dir='ltr'><strong>ἐθέλωσι,</strong></span> <span class='ocrx_word' id='word_1_169' title='bbox 3153 988 3300 1058; x_wconf 83' lang='grc' dir='ltr'>μόνοι</span> <span class='ocrx_word' id='word_1_170' title='bbox 3314 988 3517 1042; x_wconf 84' lang='grc' dir='ltr'>τούτων</span> <span class='ocrx_word' id='word_1_171' title='bbox 3533 991 3555 1042; x_wconf 87' lang='grc' dir='ltr'>ὲ</span> <span class='ocrx_word' id='word_1_172' title='bbox 3563 1007 3700 1059; x_wconf 80' lang='grc' dir='ltr'>μφο-</span> 
     </span>
    </p>
   </div>
   <div class='ocr_carea' id='block_1_26' title="bbox 2134 1072 3700 1146">
    <p class='ocr_par' dir='ltr' id='par_1_26' title="bbox 2134 1072 3700 1146">
     <span class='ocr_line' id='line_1_26' title="bbox 2134 1072 3700 1146; baseline 0.005 -21"><span class='ocrx_word' id='word_1_173' title='bbox 2134 1072 2452 1143; x_wconf 87' lang='grc' dir='ltr'>ρείσθωσαν,</span> <span class='ocrx_word' id='word_1_174' title='bbox 2491 1075 2584 1128; x_wconf 74' lang='grc' dir='ltr'>καὶ</span> <span class='ocrx_word' id='word_1_175' title='bbox 2623 1075 2952 1146; x_wconf 76' lang='grc' dir='ltr'>τριζέτωσαν</span> <span class='ocrx_word' id='word_1_176' title='bbox 3000 1079 3124 1142; x_wconf 82' lang='grc' dir='ltr'>τοὺς</span> <span class='ocrx_word' id='word_1_177' title='bbox 3171 1077 3385 1142; x_wconf 85' lang='grc' dir='ltr'>ὀδόντας</span> <span class='ocrx_word' id='word_1_178' title='bbox 3422 1078 3562 1132; x_wconf 84' lang='grc' dir='ltr'>κατὰ</span> <span class='ocrx_word' id='word_1_179' title='bbox 3605 1079 3700 1134; x_wconf 83' lang='grc' dir='ltr'><strong>τὸν</strong></span> 
     </span>
    </p>
   </div>
   <div class='ocr_carea' id='block_1_27' title="bbox 2132 1165 3699 1240">
    <p class='ocr_par' dir='ltr' id='par_1_27' title="bbox 2132 1165 3699 1240">
     <span class='ocr_line' id='line_1_27' title="bbox 2132 1165 3699 1240; baseline 0.006 -25"><span class='ocrx_word' id='word_1_180' title='bbox 2132 1165 2339 1235; x_wconf 86' lang='grc' dir='ltr'>πατέρα</span> <span class='ocrx_word' id='word_1_181' title='bbox 2373 1165 2550 1218; x_wconf 81' lang='grc' dir='ltr'>αὐτῶν</span> <span class='ocrx_word' id='word_1_182' title='bbox 2605 1167 2694 1218; x_wconf 86' lang='grc' dir='ltr'><strong>τὸν</strong></span> <span class='ocrx_word' id='word_1_183' title='bbox 2724 1166 2965 1220; x_wconf 79' lang='grc' dir='ltr'>διάϐολον</span> <span class='ocrx_word' id='word_1_184' title='bbox 3009 1168 3139 1238; x_wconf 81' lang='grc'><strong>(19),</strong></span> <span class='ocrx_word' id='word_1_185' title='bbox 3175 1170 3255 1222; x_wconf 83' lang='grc' dir='ltr'>ὅτι</span> <span class='ocrx_word' id='word_1_186' title='bbox 3309 1171 3341 1240; x_wconf 80' lang='grc' dir='ltr'>ἡ</span> <span class='ocrx_word' id='word_1_187' title='bbox 3384 1168 3565 1232; x_wconf 83' lang='grc' dir='ltr'>πίστις</span> <span class='ocrx_word' id='word_1_188' title='bbox 3597 1170 3699 1240; x_wconf 79' lang='grc' dir='ltr'>τῆς</span> 
     </span>
    </p>
   </div>
   <div class='ocr_carea' id='block_1_28' title="bbox 2131 1244 3698 1328">
    <p class='ocr_par' dir='ltr' id='par_1_28' title="bbox 2131 1244 3698 1328">
     <span class='ocr_line' id='line_1_28' title="bbox 2131 1244 3698 1328; baseline 0.003 -20"><span class='ocrx_word' id='word_1_189' title='bbox 2131 1253 2424 1325; x_wconf 83' lang='grc' dir='ltr'>καθολικῆς</span> <span class='ocrx_word' id='word_1_190' title='bbox 2457 1256 2805 1327; x_wconf 85' lang='grc' dir='ltr'>Ἐκκλησίας,</span> <span class='ocrx_word' id='word_1_191' title='bbox 2825 1258 3044 1328; x_wconf 86' lang='grc' dir='ltr'>κτίστην</span> <span class='ocrx_word' id='word_1_192' title='bbox 3068 1254 3172 1312; x_wconf 74' lang='grc' dir='ltr'>οἶδε</span> <span class='ocrx_word' id='word_1_193' title='bbox 3202 1259 3291 1311; x_wconf 83' lang='grc' dir='ltr'><strong>τὸν</strong></span> <span class='ocrx_word' id='word_1_194' title='bbox 3321 1258 3414 1312; x_wconf 87' lang='grc' dir='ltr'><strong>τοῦ</strong></span> <span class='ocrx_word' id='word_1_195' title='bbox 3439 1257 3574 1312; x_wconf 85' lang='grc' dir='ltr'>Θεοῦ</span> <span class='ocrx_word' id='word_1_196' title='bbox 3591 1244 3698 1312; x_wconf 64' lang='lat' dir='ltr'><strong>A6:-</strong></span> 
     </span>
    </p>
   </div>
   <div class='ocr_carea' id='block_1_29' title="bbox 2130 1346 3699 1420">
    <p class='ocr_par' dir='ltr' id='par_1_29' title="bbox 2130 1346 3699 1420">
     <span class='ocr_line' id='line_1_29' title="bbox 2130 1346 3699 1420; baseline 0.004 -23"><span class='ocrx_word' id='word_1_197' title='bbox 2130 1361 2224 1412; x_wconf 88' lang='grc' dir='ltr'>γον</span> <span class='ocrx_word' id='word_1_198' title='bbox 2259 1346 2350 1398; x_wconf 81' lang='grc' dir='ltr'><strong>καὶ</strong></span> <span class='ocrx_word' id='word_1_199' title='bbox 2398 1346 2723 1418; x_wconf 81' lang='grc' dir='ltr'>δημιουργὸν</span> <span class='ocrx_word' id='word_1_200' title='bbox 2757 1349 2862 1400; x_wconf 81' lang='grc' dir='ltr'>τῶν</span> <span class='ocrx_word' id='word_1_201' title='bbox 2895 1349 3166 1413; x_wconf 81' lang='grc' dir='ltr'>ἁπάντων,</span> <span class='ocrx_word' id='word_1_202' title='bbox 3203 1351 3294 1403; x_wconf 70' lang='grc' dir='ltr'><strong>καὶ</strong></span> <span class='ocrx_word' id='word_1_203' title='bbox 3342 1351 3584 1420; x_wconf 74' lang='grc' dir='ltr'>οἴδαμεν,</span> <span class='ocrx_word' id='word_1_204' title='bbox 3614 1352 3699 1403; x_wconf 81' lang='grc' dir='ltr'>ὅτι</span> 
     </span>
    </p>
   </div>
   <div class='ocr_carea' id='block_1_30' title="bbox 2141 1438 3699 1514">
    <p class='ocr_par' dir='ltr' id='par_1_30' title="bbox 2141 1438 3699 1514">
     <span class='ocr_line' id='line_1_30' title="bbox 2141 1438 3699 1514; baseline 0.003 -22"><span class='ocrx_word' id='word_1_205' title='bbox 2141 1439 2243 1492; x_wconf 84' lang='grc' dir='ltr'><strong>Ἐν</strong></span> <span class='ocrx_word' id='word_1_206' title='bbox 2272 1439 2430 1509; x_wconf 79' lang='grc' dir='ltr'><strong>ἀρχῇ</strong></span> <span class='ocrx_word' id='word_1_207' title='bbox 2466 1441 2568 1510; x_wconf 86' lang='grc' dir='ltr'><strong>μὲν</strong></span> <span class='ocrx_word' id='word_1_208' title='bbox 2599 1438 2676 1511; x_wconf 79' lang='grc' dir='ltr'><strong>ἦν</strong></span> <span class='ocrx_word' id='word_1_209' title='bbox 2713 1445 2746 1495; x_wconf 84' lang='grc' dir='ltr'><em>ὁ</em></span> <span class='ocrx_word' id='word_1_210' title='bbox 2779 1443 2988 1511; x_wconf 76' lang='grc' dir='ltr'>Λόγος,</span> <span class='ocrx_word' id='word_1_211' title='bbox 3031 1445 3126 1496; x_wconf 80' lang='grc' dir='ltr'>καὶ</span> <span class='ocrx_word' id='word_1_212' title='bbox 3163 1445 3197 1496; x_wconf 85' lang='grc' dir='ltr'><em>ὀ</em></span> <span class='ocrx_word' id='word_1_213' title='bbox 3228 1444 3414 1512; x_wconf 73' lang='grc' dir='ltr'>Λόγος</span> <span class='ocrx_word' id='word_1_214' title='bbox 3441 1439 3521 1514; x_wconf 76' lang='grc' dir='ltr'><strong>ἦν</strong></span> <span class='ocrx_word' id='word_1_215' title='bbox 3547 1444 3699 1512; x_wconf 80' lang='grc' dir='ltr'>πρὸς</span> 
     </span>
    </p>
   </div>
   <div class='ocr_carea' id='block_1_31' title="bbox 2128 1531 3699 1606">
    <p class='ocr_par' dir='ltr' id='par_1_31' title="bbox 2128 1531 3699 1606">
     <span class='ocr_line' id='line_1_31' title="bbox 2128 1531 3699 1606; baseline 0.003 -23"><span class='ocrx_word' id='word_1_216' title='bbox 2128 1531 2234 1584; x_wconf 79' lang='grc' dir='ltr'><strong>τὸν</strong></span> <span class='ocrx_word' id='word_1_217' title='bbox 2260 1533 2404 1585; x_wconf 73' lang='lat' dir='ltr'><strong>Geor</strong></span> <span class='ocrx_word' id='word_1_218' title='bbox 2426 1549 2436 1561; x_wconf 82' lang='lat'><strong>&#39;</strong></span> <span class='ocrx_word' id='word_1_219' title='bbox 2474 1535 2762 1604; x_wconf 85' lang='grc' dir='ltr'>γενόμενον</span> <span class='ocrx_word' id='word_1_220' title='bbox 2793 1534 2849 1586; x_wconf 87' lang='grc' dir='ltr'>δὲ</span> <span class='ocrx_word' id='word_1_221' title='bbox 2879 1535 3039 1588; x_wconf 84' lang='grc' dir='ltr'>αὐτὸν</span> <span class='ocrx_word' id='word_1_222' title='bbox 3065 1535 3159 1587; x_wconf 78' lang='grc' dir='ltr'><strong>καὶ</strong></span> <span class='ocrx_word' id='word_1_223' title='bbox 3185 1535 3464 1606; x_wconf 80' lang='grc' dir='ltr'>ἄνθρωπον</span> <span class='ocrx_word' id='word_1_224' title='bbox 3489 1536 3578 1588; x_wconf 77' lang='grc' dir='ltr'>διὰ</span> <span class='ocrx_word' id='word_1_225' title='bbox 3599 1536 3699 1606; x_wconf 76' lang='grc' dir='ltr'><strong>τὴν</strong></span> 
     </span>
    </p>
   </div>
   <div class='ocr_carea' id='block_1_32' title="bbox 2128 1622 3698 1696">
    <p class='ocr_par' dir='ltr' id='par_1_32' title="bbox 2128 1622 3698 1696">
     <span class='ocr_line' id='line_1_32' title="bbox 2128 1622 3698 1696; baseline 0.003 -22"><span class='ocrx_word' id='word_1_226' title='bbox 2128 1622 2400 1693; x_wconf 82' lang='grc' dir='ltr'>ἡμετέραν</span> <span class='ocrx_word' id='word_1_227' title='bbox 2448 1624 2717 1694; x_wconf 76' lang='grc' dir='ltr'>σωτηρίαν</span> <span class='ocrx_word' id='word_1_228' title='bbox 2765 1626 3192 1696; x_wconf 82' lang='grc' dir='ltr'>προσκυνοῦμεν,</span> <span class='ocrx_word' id='word_1_229' title='bbox 3242 1627 3339 1695; x_wconf 81' lang='grc' dir='ltr'>οὐχ</span> <span class='ocrx_word' id='word_1_230' title='bbox 3387 1625 3463 1690; x_wconf 84' lang='grc' dir='ltr'>ὡς</span> <span class='ocrx_word' id='word_1_231' title='bbox 3495 1625 3610 1680; x_wconf 86' lang='grc' dir='ltr'>ῐσον</span> <span class='ocrx_word' id='word_1_232' title='bbox 3639 1630 3698 1678; x_wconf 80' lang='grc' dir='ltr'>ἐν</span> 
     </span>
    </p>
   </div>
   <div class='ocr_carea' id='block_1_33' title="bbox 2129 1711 3702 1788">
    <p class='ocr_par' dir='ltr' id='par_1_33' title="bbox 2129 1711 3702 1788">
     <span class='ocr_line' id='line_1_33' title="bbox 2129 1711 3702 1788; baseline 0.005 -26"><span class='ocrx_word' id='word_1_233' title='bbox 2129 1711 2227 1782; x_wconf 82' lang='grc' dir='ltr'>ίσῳ</span> <span class='ocrx_word' id='word_1_234' title='bbox 2256 1712 2540 1783; x_wconf 81' lang='grc' dir='ltr'>γενόμενον</span> <span class='ocrx_word' id='word_1_235' title='bbox 2564 1714 2642 1785; x_wconf 81' lang='grc' dir='ltr'>τῷ</span> <span class='ocrx_word' id='word_1_236' title='bbox 2666 1713 2893 1785; x_wconf 83' lang='grc' dir='ltr'>σώματι,</span> <span class='ocrx_word' id='word_1_237' title='bbox 2921 1716 3034 1768; x_wconf 87' lang='grc' dir='ltr'>ἀλλ’</span> <span class='ocrx_word' id='word_1_238' title='bbox 3059 1717 3133 1779; x_wconf 89' lang='grc' dir='ltr'>ὼς</span> <span class='ocrx_word' id='word_1_239' title='bbox 3165 1716 3436 1787; x_wconf 84' lang='grc' dir='ltr'>Δεσπότην</span> <span class='ocrx_word' id='word_1_240' title='bbox 3463 1718 3702 1788; x_wconf 86' lang='grc' dir='ltr'>προσλα-</span> 
     </span>
    </p>
   </div>
   <div class='ocr_carea' id='block_1_34' title="bbox 2127 1803 3700 1878">
    <p class='ocr_par' dir='ltr' id='par_1_34' title="bbox 2127 1803 3700 1878">
     <span class='ocr_line' id='line_1_34' title="bbox 2127 1803 3700 1878; baseline 0.003 -23"><span class='ocrx_word' id='word_1_241' title='bbox 2127 1803 2290 1856; x_wconf 75' lang='grc' dir='ltr'>ϐόντα</span> <span class='ocrx_word' id='word_1_242' title='bbox 2334 1803 2432 1874; x_wconf 82' lang='grc' dir='ltr'>τὴν</span> <span class='ocrx_word' id='word_1_243' title='bbox 2476 1803 2568 1858; x_wconf 90' lang='grc' dir='ltr'><strong>τοῦ</strong></span> <span class='ocrx_word' id='word_1_244' title='bbox 2610 1805 2795 1859; x_wconf 81' lang='grc' dir='ltr'>δούλου</span> <span class='ocrx_word' id='word_1_245' title='bbox 2834 1807 3064 1878; x_wconf 67' lang='grc' dir='ltr'>μορφὴν,</span> <span class='ocrx_word' id='word_1_246' title='bbox 3107 1808 3201 1860; x_wconf 81' lang='grc' dir='ltr'><strong>καὶ</strong></span> <span class='ocrx_word' id='word_1_247' title='bbox 3240 1807 3570 1878; x_wconf 68' lang='grc' dir='ltr'>δημιουργὸν</span> <span class='ocrx_word' id='word_1_248' title='bbox 3605 1810 3700 1860; x_wconf 79' lang='grc' dir='ltr'><strong>καὶ</strong></span> 
     </span>
    </p>
   </div>
   <div class='ocr_carea' id='block_1_35' title="bbox 459 1885 2026 1970">
    <p class='ocr_par' dir='ltr' id='par_1_35' title="bbox 459 1897 2026 1967">
     <span class='ocr_line' id='line_1_35' title="bbox 459 1897 2026 1967; baseline 0 -17"><span class='ocrx_word' id='word_1_249' title='bbox 459 1911 575 1950; x_wconf 86' lang='lat' dir='ltr'><strong>cem</strong></span> <span class='ocrx_word' id='word_1_250' title='bbox 624 1907 678 1951; x_wconf 92' lang='lat' dir='ltr'><strong>et</strong></span> <span class='ocrx_word' id='word_1_251' title='bbox 705 1906 1000 1952; x_wconf 84' lang='lat' dir='ltr'><strong>creatorem</strong></span> <span class='ocrx_word' id='word_1_252' title='bbox 1037 1899 1129 1967; x_wconf 92' lang='lat' dir='ltr'><strong>qui</strong></span> <span class='ocrx_word' id='word_1_253' title='bbox 1163 1898 1217 1952; x_wconf 92' lang='lat' dir='ltr'><strong>in</strong></span> <span class='ocrx_word' id='word_1_254' title='bbox 1269 1913 1328 1953; x_wconf 89' lang='lat' dir='ltr'><strong>re</strong></span> <span class='ocrx_word' id='word_1_255' title='bbox 1362 1906 1541 1952; x_wconf 84' lang='lat' dir='ltr'><strong>creata</strong></span> <span class='ocrx_word' id='word_1_256' title='bbox 1585 1897 1699 1952; x_wconf 79' lang='lat' dir='ltr'><strong>fieri</strong></span> <span class='ocrx_word' id='word_1_257' title='bbox 1747 1897 1935 1962; x_wconf 89' lang='lat' dir='ltr'><strong>voluit,</strong></span> <span class='ocrx_word' id='word_1_258' title='bbox 1971 1906 2026 1950; x_wconf 93' lang='lat' dir='ltr'><strong>ut</strong></span> 
     </span>
    </p>
   </div>
   <div class='ocr_carea' id='block_1_36' title="bbox 2128 1885 3700 1970">
    <p class='ocr_par' dir='ltr' id='par_1_36' title="bbox 2134 1896 3700 1970">
     <span class='ocr_line' id='line_1_36' title="bbox 2134 1896 3700 1970; baseline 0.004 -24"><span class='ocrx_word' id='word_1_259' title='bbox 2134 1896 2354 1966; x_wconf 83' lang='grc' dir='ltr'>κτίστην</span> <span class='ocrx_word' id='word_1_260' title='bbox 2409 1898 2468 1949; x_wconf 83' lang='grc' dir='ltr'>ὲν</span> <span class='ocrx_word' id='word_1_261' title='bbox 2520 1898 2776 1968; x_wconf 84' lang='grc' dir='ltr'>κτίσματι</span> <span class='ocrx_word' id='word_1_262' title='bbox 2826 1899 3126 1969; x_wconf 85' lang='grc' dir='ltr'>γινόμενον,</span> <span class='ocrx_word' id='word_1_263' title='bbox 3183 1900 3271 1966; x_wconf 83' lang='grc' dir='ltr'>ἵν’,</span> <span class='ocrx_word' id='word_1_264' title='bbox 3319 1902 3377 1953; x_wconf 84' lang='grc' dir='ltr'>ὲν</span> <span class='ocrx_word' id='word_1_265' title='bbox 3429 1899 3580 1970; x_wconf 82' lang='grc' dir='ltr'>αὐτῷ</span> <span class='ocrx_word' id='word_1_266' title='bbox 3627 1900 3700 1952; x_wconf 82' lang='grc' dir='ltr'><strong>τὰ</strong></span> 
     </span>
    </p>
   </div>
   <div class='ocr_carea' id='block_1_37' title="bbox 457 1987 2024 2058">
    <p class='ocr_par' dir='ltr' id='par_1_37' title="bbox 457 1987 2024 2058">
     <span class='ocr_line' id='line_1_37' title="bbox 457 1987 2024 2058; baseline 0.001 -17"><span class='ocrx_word' id='word_1_267' title='bbox 457 1988 641 2042; x_wconf 87' lang='lat' dir='ltr'><strong>omnia</strong></span> <span class='ocrx_word' id='word_1_268' title='bbox 686 1989 739 2042; x_wconf 92' lang='lat' dir='ltr'><strong>in</strong></span> <span class='ocrx_word' id='word_1_269' title='bbox 793 1989 908 2058; x_wconf 88' lang='lat' dir='ltr'><strong>ipsa</strong></span> <span class='ocrx_word' id='word_1_270' title='bbox 965 1989 1225 2053; x_wconf 85' lang='lat' dir='ltr'><strong>liberans,</strong></span> <span class='ocrx_word' id='word_1_271' title='bbox 1273 1991 1535 2045; x_wconf 91' lang='lat' dir='ltr'><strong>mundum</strong></span> <span class='ocrx_word' id='word_1_272' title='bbox 1587 1989 1805 2044; x_wconf 77' lang='lat' dir='ltr'><strong>offerret</strong></span> <span class='ocrx_word' id='word_1_273' title='bbox 1855 1987 2024 2054; x_wconf 82' lang='lat' dir='ltr'><strong>Patri,</strong></span> 
     </span>
    </p>
   </div>
   <div class='ocr_carea' id='block_1_38' title="bbox 457 2080 2025 2153">
    <p class='ocr_par' dir='ltr' id='par_1_38' title="bbox 457 2080 2025 2153">
     <span class='ocr_line' id='line_1_38' title="bbox 457 2080 2025 2153; baseline 0.003 -19"><span class='ocrx_word' id='word_1_274' title='bbox 457 2090 763 2149; x_wconf 89' lang='lat' dir='ltr'><strong>cunctaque</strong></span> <span class='ocrx_word' id='word_1_275' title='bbox 791 2080 1104 2150; x_wconf 83' lang='lat' dir='ltr'><strong>pacificaret</strong></span> <span class='ocrx_word' id='word_1_276' title='bbox 1129 2082 1242 2136; x_wconf 85' lang='lat' dir='ltr'><strong>sive</strong></span> <span class='ocrx_word' id='word_1_277' title='bbox 1271 2098 1393 2151; x_wconf 70' lang='lat' dir='ltr'><strong>qua:</strong></span> <span class='ocrx_word' id='word_1_278' title='bbox 1420 2084 1470 2137; x_wconf 91' lang='lat' dir='ltr'><strong>in</strong></span> <span class='ocrx_word' id='word_1_279' title='bbox 1504 2083 1656 2139; x_wconf 63' lang='lat' dir='ltr'><strong>caelis</strong></span> <span class='ocrx_word' id='word_1_280' title='bbox 1687 2083 1800 2138; x_wconf 88' lang='lat' dir='ltr'><strong>sive</strong></span> <span class='ocrx_word' id='word_1_281' title='bbox 1824 2099 1944 2153; x_wconf 65' lang='lat' dir='ltr'><strong>quae</strong></span> <span class='ocrx_word' id='word_1_282' title='bbox 1969 2084 2025 2138; x_wconf 92' lang='lat' dir='ltr'><strong>in</strong></span> 
     </span>
    </p>
   </div>
   <div class='ocr_carea' id='block_1_39' title="bbox 458 2171 2024 2246">
    <p class='ocr_par' dir='ltr' id='par_1_39' title="bbox 458 2171 2024 2246">
     <span class='ocr_line' id='line_1_39' title="bbox 458 2171 2024 2246; baseline 0 -18"><span class='ocrx_word' id='word_1_283' title='bbox 458 2172 619 2228; x_wconf 89' lang='lat' dir='ltr'><strong>terris</strong></span> <span class='ocrx_word' id='word_1_284' title='bbox 649 2183 779 2226; x_wconf 89' lang='lat' dir='ltr'><strong>sunt</strong></span> <span class='ocrx_word' id='word_1_285' title='bbox 802 2175 865 2226; x_wconf 85' lang='grc'><strong>¹².</strong></span> <span class='ocrx_word' id='word_1_286' title='bbox 911 2171 1003 2228; x_wconf 90' lang='lat' dir='ltr'><strong>Sic</strong></span> <span class='ocrx_word' id='word_1_287' title='bbox 1040 2175 1183 2228; x_wconf 91' lang='lat' dir='ltr'><strong>enim</strong></span> <span class='ocrx_word' id='word_1_288' title='bbox 1213 2184 1265 2228; x_wconf 90' lang='lat' dir='ltr'><strong>et</strong></span> <span class='ocrx_word' id='word_1_289' title='bbox 1295 2185 1577 2245; x_wconf 86' lang='lat' dir='ltr'><strong>paternam</strong></span> <span class='ocrx_word' id='word_1_290' title='bbox 1609 2175 1727 2245; x_wconf 86' lang='lat' dir='ltr'><strong>ejus</strong></span> <span class='ocrx_word' id='word_1_291' title='bbox 1775 2176 2024 2246; x_wconf 82' lang='lat' dir='ltr'><strong>agnosci-</strong></span> 
     </span>
    </p>
   </div>
   <div class='ocr_carea' id='block_1_40' title="bbox 459 2264 2023 2337">
    <p class='ocr_par' dir='ltr' id='par_1_40' title="bbox 459 2264 2023 2337">
     <span class='ocr_line' id='line_1_40' title="bbox 459 2264 2023 2337; baseline 0.003 -20"><span class='ocrx_word' id='word_1_292' title='bbox 459 2279 580 2319; x_wconf 91' lang='lat' dir='ltr'><strong>mus</strong></span> <span class='ocrx_word' id='word_1_293' title='bbox 614 2264 973 2330; x_wconf 86' lang='lat' dir='ltr'><strong>divinitatem,</strong></span> <span class='ocrx_word' id='word_1_294' title='bbox 1009 2274 1062 2320; x_wconf 92' lang='lat' dir='ltr'><strong>et</strong></span> <span class='ocrx_word' id='word_1_295' title='bbox 1093 2267 1441 2337; x_wconf 69' lang='lat' dir='ltr'><strong>praesentiam</strong></span> <span class='ocrx_word' id='word_1_296' title='bbox 1473 2283 1792 2336; x_wconf 89' lang='lat' dir='ltr'><strong>corpoream</strong></span> <span class='ocrx_word' id='word_1_297' title='bbox 1823 2266 2023 2322; x_wconf 76' lang='lat' dir='ltr'><strong>adora-</strong></span> 
     </span>
    </p>
   </div>
   <div class='ocr_carea' id='block_1_41' title="bbox 457 2357 2023 2427">
    <p class='ocr_par' dir='ltr' id='par_1_41' title="bbox 457 2357 2023 2427">
     <span class='ocr_line' id='line_1_41' title="bbox 457 2357 2023 2427; baseline 0.002 -18"><span class='ocrx_word' id='word_1_298' title='bbox 457 2371 602 2422; x_wconf 89' lang='lat' dir='ltr'><strong>mus,</strong></span> <span class='ocrx_word' id='word_1_299' title='bbox 630 2357 1044 2427; x_wconf 86' lang='lat' dir='ltr'><strong>disrumpantur</strong></span> <span class='ocrx_word' id='word_1_300' title='bbox 1077 2359 1204 2414; x_wconf 87' lang='lat' dir='ltr'><strong>licet</strong></span> <span class='ocrx_word' id='word_1_301' title='bbox 1236 2359 1446 2414; x_wconf 87' lang='lat' dir='ltr'><strong>Ariani.</strong></span> <span class='ocrx_word' id='word_1_302' title='bbox 1482 2359 1668 2414; x_wconf 89' lang='lat' dir='ltr'><strong>Saluta</strong></span> <span class='ocrx_word' id='word_1_303' title='bbox 1703 2375 1895 2415; x_wconf 90' lang='lat' dir='ltr'><strong>omnes</strong></span> <span class='ocrx_word' id='word_1_304' title='bbox 1929 2359 2023 2427; x_wconf 89' lang='lat' dir='ltr'><strong>qui</strong></span> 
     </span>
    </p>
   </div>
   <div class='ocr_carea' id='block_1_42' title="bbox 459 2444 2022 2523">
    <p class='ocr_par' dir='ltr' id='par_1_42' title="bbox 459 2444 2022 2523">
     <span class='ocr_line' id='line_1_42' title="bbox 459 2444 2022 2523; baseline 0.005 -25"><span class='ocrx_word' id='word_1_305' title='bbox 459 2444 746 2502; x_wconf 87' lang='lat' dir='ltr'><strong>Dominum</strong></span> <span class='ocrx_word' id='word_1_306' title='bbox 781 2459 1028 2506; x_wconf 92' lang='lat' dir='ltr'><strong>nostrum</strong></span> <span class='ocrx_word' id='word_1_307' title='bbox 1077 2450 1263 2506; x_wconf 76' lang='lat' dir='ltr'><strong>Iesum</strong></span> <span class='ocrx_word' id='word_1_308' title='bbox 1295 2451 1568 2507; x_wconf 89' lang='lat' dir='ltr'><strong>Christum</strong></span> <span class='ocrx_word' id='word_1_309' title='bbox 1613 2452 1861 2523; x_wconf 80' lang='lat' dir='ltr'><strong>diligunt.</strong></span> <span class='ocrx_word' id='word_1_310' title='bbox 1913 2450 2022 2506; x_wconf 69' lang='lat' dir='ltr'><strong>Va-</strong></span> 
     </span>
    </p>
   </div>
   <div class='ocr_carea' id='block_1_43' title="bbox 455 2537 2024 2613">
    <p class='ocr_par' dir='ltr' id='par_1_43' title="bbox 455 2537 2024 2613">
     <span class='ocr_line' id='line_1_43' title="bbox 455 2537 2024 2613; baseline 0.004 -23"><span class='ocrx_word' id='word_1_311' title='bbox 455 2537 567 2592; x_wconf 91' lang='lat' dir='ltr'><strong>lere</strong></span> <span class='ocrx_word' id='word_1_312' title='bbox 611 2547 662 2595; x_wconf 87' lang='lat' dir='ltr'><strong>te</strong></span> <span class='ocrx_word' id='word_1_313' title='bbox 706 2549 761 2594; x_wconf 91' lang='lat' dir='ltr'><strong>et</strong></span> <span class='ocrx_word' id='word_1_314' title='bbox 811 2557 1107 2596; x_wconf 90' lang='lat' dir='ltr'><strong>memorem</strong></span> <span class='ocrx_word' id='word_1_315' title='bbox 1152 2544 1324 2598; x_wconf 85' lang='lat' dir='ltr'><strong>nostri</strong></span> <span class='ocrx_word' id='word_1_316' title='bbox 1372 2544 1513 2613; x_wconf 87' lang='lat' dir='ltr'><strong>apud</strong></span> <span class='ocrx_word' id='word_1_317' title='bbox 1563 2543 1852 2598; x_wconf 88' lang='lat' dir='ltr'><strong>Dominum</strong></span> <span class='ocrx_word' id='word_1_318' title='bbox 1901 2558 2024 2598; x_wconf 89' lang='lat' dir='ltr'><strong>esse</strong></span> 
     </span>
    </p>
   </div>
   <div class='ocr_carea' id='block_1_44' title="bbox 455 2632 2022 2704">
    <p class='ocr_par' dir='ltr' id='par_1_44' title="bbox 455 2632 2022 2704">
     <span class='ocr_line' id='line_1_44' title="bbox 455 2632 2022 2704; baseline 0.004 -22"><span class='ocrx_word' id='word_1_319' title='bbox 455 2643 783 2697; x_wconf 89' lang='lat' dir='ltr'><strong>precamur,</strong></span> <span class='ocrx_word' id='word_1_320' title='bbox 843 2632 1168 2690; x_wconf 89' lang='lat' dir='ltr'><strong>charissime</strong></span> <span class='ocrx_word' id='word_1_321' title='bbox 1207 2651 1438 2702; x_wconf 88' lang='lat' dir='ltr'><strong>vereque</strong></span> <span class='ocrx_word' id='word_1_322' title='bbox 1487 2634 1844 2704; x_wconf 89' lang='lat' dir='ltr'><strong>optatissime.</strong></span> <span class='ocrx_word' id='word_1_323' title='bbox 1899 2633 2022 2688; x_wconf 73' lang='lat' dir='ltr'><strong>Haec</strong></span> 
     </span>
    </p>
   </div>
   <div class='ocr_carea' id='block_1_45' title="bbox 456 2720 2020 2796">
    <p class='ocr_par' dir='ltr' id='par_1_45' title="bbox 456 2720 2020 2796">
     <span class='ocr_line' id='line_1_45' title="bbox 456 2720 2020 2796; baseline 0.004 -22"><span class='ocrx_word' id='word_1_324' title='bbox 456 2720 644 2789; x_wconf 87' lang='lat' dir='ltr'><strong>etiam,</strong></span> <span class='ocrx_word' id='word_1_325' title='bbox 678 2723 724 2777; x_wconf 90' lang='lat' dir='ltr'><strong>si</strong></span> <span class='ocrx_word' id='word_1_326' title='bbox 761 2739 898 2794; x_wconf 91' lang='lat' dir='ltr'><strong>opus</strong></span> <span class='ocrx_word' id='word_1_327' title='bbox 937 2722 1120 2792; x_wconf 91' lang='lat' dir='ltr'><strong>fuerit,</strong></span> <span class='ocrx_word' id='word_1_328' title='bbox 1168 2723 1411 2781; x_wconf 85' lang='lat' dir='ltr'><strong>Hieracae</strong></span> <span class='ocrx_word' id='word_1_329' title='bbox 1460 2726 1776 2796; x_wconf 84' lang='lat' dir='ltr'><strong>presbytero</strong></span> <span class='ocrx_word' id='word_1_330' title='bbox 1801 2727 2020 2780; x_wconf 89' lang='lat' dir='ltr'><strong>recitari</strong></span> 
     </span>
    </p>
   </div>
   <div class='ocr_carea' id='block_1_46' title="bbox 453 2813 726 2882">
    <p class='ocr_par' dir='ltr' id='par_1_46' title="bbox 453 2813 726 2882">
     <span class='ocr_line' id='line_1_46' title="bbox 453 2813 726 2882; baseline 0.011 -17"><span class='ocrx_word' id='word_1_331' title='bbox 453 2813 726 2882; x_wconf 87' lang='lat' dir='ltr'><strong>cupimus.</strong></span> 
     </span>
    </p>
   </div>
   <div class='ocr_carea' id='block_1_47' title="bbox 529 3030 2008 3127">
    <p class='ocr_par' dir='ltr' id='par_1_47' title="bbox 529 3030 2008 3127">
     <span class='ocr_line' id='line_1_47' title="bbox 529 3030 2008 3127; baseline 0.007 -41"><span class='ocrx_word' id='word_1_332' title='bbox 529 3034 571 3064; x_wconf 88' lang='grc'><strong>¹⁰</strong></span> <span class='ocrx_word' id='word_1_333' title='bbox 609 3030 767 3089; x_wconf 82' lang='lat' dir='ltr'><strong>Rom.</strong></span> <span class='ocrx_word' id='word_1_334' title='bbox 803 3049 842 3099; x_wconf 84' lang='grc' dir='ltr'>ι,</span> <span class='ocrx_word' id='word_1_335' title='bbox 870 3035 960 3090; x_wconf 70' lang='lat'><strong>‘25.</strong></span> <span class='ocrx_word' id='word_1_336' title='bbox 1040 3039 1080 3070; x_wconf 87' lang='lat'>“</span> <span class='ocrx_word' id='word_1_337' title='bbox 1119 3037 1278 3127; x_wconf 74' lang='lat' dir='ltr'><strong>Joan.</strong></span> <span class='ocrx_word' id='word_1_338' title='bbox 1319 3055 1358 3105; x_wconf 84' lang='grc' dir='ltr'>ι,</span> <span class='ocrx_word' id='word_1_339' title='bbox 1385 3038 1434 3093; x_wconf 81' lang='grc'><strong>1.</strong></span> <span class='ocrx_word' id='word_1_340' title='bbox 1518 3041 1560 3072; x_wconf 74' lang='grc' dir='ltr'>ι’</span> <span class='ocrx_word' id='word_1_341' title='bbox 1598 3039 1809 3096; x_wconf 86' lang='lat' dir='ltr'><strong>Coloss.</strong></span> <span class='ocrx_word' id='word_1_342' title='bbox 1849 3056 1887 3106; x_wconf 81' lang='grc' dir='ltr'>ι,</span> <span class='ocrx_word' id='word_1_343' title='bbox 1916 3038 2008 3096; x_wconf 75' lang='grc'><strong>20.</strong></span> 
     </span>
    </p>
   </div>
   <div class='ocr_carea' id='block_1_48' title="bbox 2134 1988 3698 2063">
    <p class='ocr_par' dir='ltr' id='par_1_48' title="bbox 2134 1988 3698 2063">
     <span class='ocr_line' id='line_1_48' title="bbox 2134 1988 3698 2063; baseline 0.003 -22"><span class='ocrx_word' id='word_1_344' title='bbox 2134 1988 2312 2042; x_wconf 81' lang='grc' dir='ltr'>πάντα</span> <span class='ocrx_word' id='word_1_345' title='bbox 2346 1989 2735 2060; x_wconf 78' lang='grc' dir='ltr'>ἐλευθερώσας,</span> <span class='ocrx_word' id='word_1_346' title='bbox 2765 1991 2855 2043; x_wconf 84' lang='grc' dir='ltr'><strong>τὸν</strong></span> <span class='ocrx_word' id='word_1_347' title='bbox 2903 1991 3104 2061; x_wconf 86' lang='grc' dir='ltr'>κόσμον</span> <span class='ocrx_word' id='word_1_348' title='bbox 3132 1992 3452 2063; x_wconf 80' lang='grc' dir='ltr'>προσαγάγῃ</span> <span class='ocrx_word' id='word_1_349' title='bbox 3478 1993 3555 2062; x_wconf 83' lang='grc' dir='ltr'><strong>τῷ</strong></span> <span class='ocrx_word' id='word_1_350' title='bbox 3582 1993 3698 2045; x_wconf 87' lang='grc' dir='ltr'><strong>Πα-</strong></span> 
     </span>
    </p>
   </div>
   <div class='ocr_carea' id='block_1_49' title="bbox 2129 2081 3698 2155">
    <p class='ocr_par' dir='ltr' id='par_1_49' title="bbox 2129 2081 3698 2155">
     <span class='ocr_line' id='line_1_49' title="bbox 2129 2081 3698 2155; baseline 0.003 -23"><span class='ocrx_word' id='word_1_351' title='bbox 2129 2081 2241 2152; x_wconf 77' lang='grc' dir='ltr'>τρὶ,</span> <span class='ocrx_word' id='word_1_352' title='bbox 2273 2082 2365 2134; x_wconf 79' lang='grc' dir='ltr'><strong>καὶ</strong></span> <span class='ocrx_word' id='word_1_353' title='bbox 2395 2083 2783 2153; x_wconf 81' lang='grc' dir='ltr'>είρηνοποιήσῃ</span> <span class='ocrx_word' id='word_1_354' title='bbox 2812 2082 2880 2136; x_wconf 76' lang='grc' dir='ltr'>τὰ</span> <span class='ocrx_word' id='word_1_355' title='bbox 2922 2084 3116 2145; x_wconf 84' lang='grc' dir='ltr'>πάντα,</span> <span class='ocrx_word' id='word_1_356' title='bbox 3144 2084 3209 2136; x_wconf 66' lang='grc' dir='ltr'><strong>τὰ</strong></span> <span class='ocrx_word' id='word_1_357' title='bbox 3244 2084 3300 2136; x_wconf 82' lang='grc' dir='ltr'>ἐν</span> <span class='ocrx_word' id='word_1_358' title='bbox 3332 2085 3579 2155; x_wconf 76' lang='grc' dir='ltr'>οὐρανοῖς</span> <span class='ocrx_word' id='word_1_359' title='bbox 3606 2087 3698 2137; x_wconf 80' lang='grc' dir='ltr'><strong>καὶ</strong></span> 
     </span>
    </p>
   </div>
   <div class='ocr_carea' id='block_1_50' title="bbox 2129 2172 3684 2246">
    <p class='ocr_par' dir='ltr' id='par_1_50' title="bbox 2129 2172 3684 2246">
     <span class='ocr_line' id='line_1_50' title="bbox 2129 2172 3684 2246; baseline 0.002 -21"><span class='ocrx_word' id='word_1_360' title='bbox 2129 2172 2197 2226; x_wconf 78' lang='grc' dir='ltr'>τὰ</span> <span class='ocrx_word' id='word_1_361' title='bbox 2254 2174 2345 2226; x_wconf 75' lang='grc' dir='ltr'>ἐπὶ</span> <span class='ocrx_word' id='word_1_362' title='bbox 2401 2173 2500 2243; x_wconf 76' lang='grc' dir='ltr'><strong>τῆς</strong></span> <span class='ocrx_word' id='word_1_363' title='bbox 2545 2173 2668 2244; x_wconf 82' lang='grc' dir='ltr'><strong>γῆς.</strong></span> <span class='ocrx_word' id='word_1_364' title='bbox 2719 2172 2873 2226; x_wconf 78' lang='grc' dir='ltr'>Οὕτω</span> <span class='ocrx_word' id='word_1_365' title='bbox 2908 2172 3013 2243; x_wconf 78' lang='grc' dir='ltr'><strong>γὰρ</strong></span> <span class='ocrx_word' id='word_1_366' title='bbox 3047 2175 3140 2226; x_wconf 79' lang='grc' dir='ltr'><strong>καὶ</strong></span> <span class='ocrx_word' id='word_1_367' title='bbox 3170 2174 3268 2245; x_wconf 83' lang='grc' dir='ltr'><strong>τὴν</strong></span> <span class='ocrx_word' id='word_1_368' title='bbox 3303 2175 3570 2246; x_wconf 79' lang='grc' dir='ltr'>πατρικὴν</span> <span class='ocrx_word' id='word_1_369' title='bbox 3603 2176 3684 2228; x_wconf 77' lang='grc' dir='ltr'>αὑ-</span> 
     </span>
    </p>
   </div>
   <div class='ocr_carea' id='block_1_51' title="bbox 2127 2264 3696 2338">
    <p class='ocr_par' dir='ltr' id='par_1_51' title="bbox 2127 2264 3696 2338">
     <span class='ocr_line' id='line_1_51' title="bbox 2127 2264 3696 2338; baseline 0.001 -21"><span class='ocrx_word' id='word_1_370' title='bbox 2127 2264 2221 2317; x_wconf 88' lang='grc' dir='ltr'><strong>τοῦ</strong></span> <span class='ocrx_word' id='word_1_371' title='bbox 2271 2264 2496 2335; x_wconf 86' lang='grc' dir='ltr'>θεότητα</span> <span class='ocrx_word' id='word_1_372' title='bbox 2553 2265 3005 2335; x_wconf 78' lang='grc' dir='ltr'>ὲπιγινώσκομεν,</span> <span class='ocrx_word' id='word_1_373' title='bbox 3061 2265 3156 2318; x_wconf 73' lang='grc' dir='ltr'>καὶ</span> <span class='ocrx_word' id='word_1_374' title='bbox 3181 2267 3280 2338; x_wconf 80' lang='grc' dir='ltr'><strong>τὴν</strong></span> <span class='ocrx_word' id='word_1_375' title='bbox 3312 2265 3568 2337; x_wconf 81' lang='grc' dir='ltr'>ἕνσαρκον</span> <span class='ocrx_word' id='word_1_376' title='bbox 3599 2268 3696 2319; x_wconf 73' lang='grc' dir='ltr'><strong>αὑ·-</strong></span> 
     </span>
    </p>
   </div>
   <div class='ocr_carea' id='block_1_52' title="bbox 2127 2355 3694 2429">
    <p class='ocr_par' dir='ltr' id='par_1_52' title="bbox 2127 2355 3694 2429">
     <span class='ocr_line' id='line_1_52' title="bbox 2127 2355 3694 2429; baseline -0.001 -18"><span class='ocrx_word' id='word_1_377' title='bbox 2127 2357 2221 2411; x_wconf 91' lang='grc' dir='ltr'><strong>τοῦ</strong></span> <span class='ocrx_word' id='word_1_378' title='bbox 2281 2356 2580 2427; x_wconf 86' lang='grc' dir='ltr'>παρουσίαν</span> <span class='ocrx_word' id='word_1_379' title='bbox 2643 2355 3067 2427; x_wconf 78' lang='grc' dir='ltr'>προσκυνοῦμεν,</span> <span class='ocrx_word' id='word_1_380' title='bbox 3125 2357 3225 2410; x_wconf 87' lang='grc' dir='ltr'>κᾶν</span> <span class='ocrx_word' id='word_1_381' title='bbox 3301 2359 3694 2429; x_wconf 81' lang='grc' dir='ltr'>Ἀρειομανῖται</span> 
     </span>
    </p>
   </div>
   <div class='ocr_carea' id='block_1_53' title="bbox 2127 2449 3696 2522">
    <p class='ocr_par' dir='ltr' id='par_1_53' title="bbox 2127 2449 3696 2522">
     <span class='ocr_line' id='line_1_53' title="bbox 2127 2449 3696 2522; baseline 0.002 -21"><span class='ocrx_word' id='word_1_382' title='bbox 2127 2449 2556 2522; x_wconf 72' lang='grc' dir='ltr'>διαρῤηγνύωσιν</span> <span class='ocrx_word' id='word_1_383' title='bbox 2611 2450 2857 2513; x_wconf 80' lang='grc' dir='ltr'>ἑαυτούς.</span> <span class='ocrx_word' id='word_1_384' title='bbox 2900 2451 3276 2522; x_wconf 86' lang='grc' dir='ltr'>Προσαγόρευε</span> <span class='ocrx_word' id='word_1_385' title='bbox 3321 2453 3527 2515; x_wconf 83' lang='grc' dir='ltr'>πάντας</span> <span class='ocrx_word' id='word_1_386' title='bbox 3570 2453 3696 2514; x_wconf 77' lang='grc' dir='ltr'>τοὺς</span> 
     </span>
    </p>
   </div>
   <div class='ocr_carea' id='block_1_54' title="bbox 2127 2542 3694 2614">
    <p class='ocr_par' dir='ltr' id='par_1_54' title="bbox 2127 2542 3694 2614">
     <span class='ocr_line' id='line_1_54' title="bbox 2127 2542 3694 2614; baseline 0.001 -19"><span class='ocrx_word' id='word_1_387' title='bbox 2127 2542 2455 2610; x_wconf 82' lang='grc' dir='ltr'>ἀγαπῶντας</span> <span class='ocrx_word' id='word_1_388' title='bbox 2483 2542 2572 2595; x_wconf 80' lang='grc' dir='ltr'><strong>τὸν</strong></span> <span class='ocrx_word' id='word_1_389' title='bbox 2607 2543 2808 2613; x_wconf 81' lang='grc' dir='ltr'>Κύριον</span> <span class='ocrx_word' id='word_1_390' title='bbox 2851 2542 3007 2613; x_wconf 76' lang='grc' dir='ltr'>ἡμῶν</span> <span class='ocrx_word' id='word_1_391' title='bbox 3056 2542 3258 2612; x_wconf 78' lang='grc' dir='ltr'>Ἰησοῦν</span> <span class='ocrx_word' id='word_1_392' title='bbox 3283 2544 3531 2614; x_wconf 83' lang='grc' dir='ltr'>Χριστόν.</span> <span class='ocrx_word' id='word_1_393' title='bbox 3576 2543 3694 2613; x_wconf 73' lang='grc' dir='ltr'>Ἐρ-</span> 
     </span>
    </p>
   </div>
   <div class='ocr_carea' id='block_1_55' title="bbox 2131 2633 3690 2705">
    <p class='ocr_par' dir='ltr' id='par_1_55' title="bbox 2131 2633 3690 2705">
     <span class='ocr_line' id='line_1_55' title="bbox 2131 2633 3690 2705; baseline 0.002 -20"><span class='ocrx_word' id='word_1_394' title='bbox 2131 2633 2334 2705; x_wconf 82' lang='grc' dir='ltr'>ῥῶσθαί</span> <span class='ocrx_word' id='word_1_395' title='bbox 2353 2651 2409 2686; x_wconf 91' lang='grc' dir='ltr'><strong>σε</strong></span> <span class='ocrx_word' id='word_1_396' title='bbox 2431 2633 2524 2686; x_wconf 71' lang='grc' dir='ltr'>καὶ</span> <span class='ocrx_word' id='word_1_397' title='bbox 2544 2634 2896 2705; x_wconf 80' lang='grc' dir='ltr'>μνημονεύειν</span> <span class='ocrx_word' id='word_1_398' title='bbox 2927 2633 3176 2705; x_wconf 78' lang='grc' dir='ltr'>ήμῶν’τῷ</span> <span class='ocrx_word' id='word_1_399' title='bbox 3192 2635 3378 2704; x_wconf 85' lang='grc' dir='ltr'>Κυρίῳ</span> <span class='ocrx_word' id='word_1_400' title='bbox 3402 2634 3690 2705; x_wconf 76' lang='grc' dir='ltr'>εὐχόμεθα,</span> 
     </span>
    </p>
   </div>
   <div class='ocr_carea' id='block_1_56' title="bbox 2125 2722 3692 2797">
    <p class='ocr_par' dir='ltr' id='par_1_56' title="bbox 2125 2722 3692 2797">
     <span class='ocr_line' id='line_1_56' title="bbox 2125 2722 3692 2797; baseline 0.002 -20"><span class='ocrx_word' id='word_1_401' title='bbox 2125 2725 2374 2795; x_wconf 78' lang='grc' dir='ltr'>ἀγαπητὲ</span> <span class='ocrx_word' id='word_1_402' title='bbox 2400 2726 2494 2779; x_wconf 73' lang='grc' dir='ltr'>καὶ</span> <span class='ocrx_word' id='word_1_403' title='bbox 2521 2724 2594 2787; x_wconf 85' lang='grc' dir='ltr'>ὡς</span> <span class='ocrx_word' id='word_1_404' title='bbox 2619 2723 3187 2795; x_wconf 67' lang='grc' dir='ltr'>ἀληθῶςξποθεινότατε</span> <span class='ocrx_word' id='word_1_405' title='bbox 3207 2725 3340 2794; x_wconf 67' lang='lat'><strong>(90),</strong></span> <span class='ocrx_word' id='word_1_406' title='bbox 3366 2725 3459 2778; x_wconf 76' lang='grc' dir='ltr'>ἐὰν</span> <span class='ocrx_word' id='word_1_407' title='bbox 3489 2722 3692 2797; x_wconf 80' lang='grc' dir='ltr'>χρείαῇ</span> 
     </span>
    </p>
   </div>
   <div class='ocr_carea' id='block_1_57' title="bbox 2127 2814 3489 2889">
    <p class='ocr_par' dir='ltr' id='par_1_57' title="bbox 2127 2814 3489 2889">
     <span class='ocr_line' id='line_1_57' title="bbox 2127 2814 3489 2889; baseline 0.001 -20"><span class='ocrx_word' id='word_1_408' title='bbox 2127 2815 2539 2887; x_wconf 83' lang='grc' dir='ltr'>ἀναγνωσθῆναι</span> <span class='ocrx_word' id='word_1_409' title='bbox 2567 2814 2740 2870; x_wconf 87' lang='grc' dir='ltr'>ταῦτα</span> <span class='ocrx_word' id='word_1_410' title='bbox 2778 2816 2992 2886; x_wconf 84' lang='grc' dir='ltr'>Ἱερακᾷ</span> <span class='ocrx_word' id='word_1_411' title='bbox 3019 2815 3095 2886; x_wconf 82' lang='grc' dir='ltr'>τῷ</span> <span class='ocrx_word' id='word_1_412' title='bbox 3119 2814 3489 2889; x_wconf 76' lang='grc' dir='ltr'>πρεσϐυτέρῳ.</span> 
     </span>
    </p>
   </div>
   <div class='ocr_carea' id='block_1_58' title="bbox 525 3233 2026 3315">
    <p class='ocr_par' dir='ltr' id='par_1_58' title="bbox 525 3233 2026 3315">
     <span class='ocr_line' id='line_1_58' title="bbox 525 3233 2026 3315; baseline 0.003 -27"><span class='ocrx_word' id='word_1_413' title='bbox 525 3233 900 3315; x_wconf 53' lang='lat' dir='ltr'><strong>(l§)“Seguer.</strong></span> <span class='ocrx_word' id='word_1_414' title='bbox 944 3235 1110 3315; x_wconf 45' lang='lat' dir='ltr'><strong>gas“.</strong></span> <span class='ocrx_word' id='word_1_415' title='bbox 1141 3236 1494 3307; x_wconf 84' lang='lat' dir='ltr'><strong>Anglicanus,</strong></span> <span class='ocrx_word' id='word_1_416' title='bbox 1524 3236 1823 3308; x_wconf 82' lang='grc' dir='ltr'>βούλονται,</span> <span class='ocrx_word' id='word_1_417' title='bbox 1855 3246 1912 3293; x_wconf 87' lang='lat' dir='ltr'><strong>et</strong></span> <span class='ocrx_word' id='word_1_418' title='bbox 1939 3239 2026 3293; x_wconf 89' lang='lat' dir='ltr'><strong>in-</strong></span> 
     </span>
    </p>
   </div>
   <div class='ocr_carea' id='block_1_59' title="bbox 2128 3233 3692 3315">
    <p class='ocr_par' dir='ltr' id='par_1_59' title="bbox 2134 3233 3692 3315">
     <span class='ocr_line' id='line_1_59' title="bbox 2134 3233 3692 3315; baseline -0.003 -21"><span class='ocrx_word' id='word_1_419' title='bbox 2134 3237 2978 3315; x_wconf 47' lang='lat' dir='ltr'><strong>§egtteriauu_s_,_&#39;lspagiLhabeE</strong></span> <span class='ocrx_word' id='word_1_420' title='bbox 2995 3237 3170 3315; x_wconf 81' lang='lat' dir='ltr'><strong>_Editi,</strong></span> <span class='ocrx_word' id='word_1_421' title='bbox 3188 3235 3440 3315; x_wconf 39' lang='grc' dir='ltr'>Ἱερακῷ..</span> <span class='ocrx_word' id='word_1_422' title='bbox 3456 3233 3692 3315; x_wconf 68' lang='lat' dir='ltr'><strong>Gobl:_et</strong></span> 
     </span>
    </p>
   </div>
   <div class='ocr_carea' id='block_1_60' title="bbox 455 3303 2026 3389">
    <p class='ocr_par' dir='ltr' id='par_1_60' title="bbox 455 3303 1933 3389">
     <span class='ocr_line' id='line_1_60' title="bbox 455 3303 1933 3389; baseline 0.013 -32"><span class='ocrx_word' id='word_1_423' title='bbox 455 3303 783 3389; x_wconf 33' lang='lat' dir='ltr'><strong>frangimur.</strong></span> <span class='ocrx_word' id='word_1_424' title='bbox 812 3322 909 3374; x_wconf 91' lang='lat' dir='ltr'><strong>pro</strong></span> <span class='ocrx_word' id='word_1_425' title='bbox 927 3305 1185 3389; x_wconf 54' lang='grc' dir='ltr'>ἐθέλωσι.</span> <span class='ocrx_word' id='word_1_426' title='bbox 1524 3303 1537 3308; x_wconf 48' lang='grc'><strong><em>-</em></strong></span> <span class='ocrx_word' id='word_1_427' title='bbox 1569 3377 1592 3389; x_wconf 48' lang='grc'><strong>-</strong></span> <span class='ocrx_word' id='word_1_428' title='bbox 1632 3377 1686 3389; x_wconf 52' lang='grc' dir='ltr'><strong>η</strong></span> <span class='ocrx_word' id='word_1_429' title='bbox 1719 3375 1736 3389; x_wconf 35' lang='grc' dir='ltr'>ι</span> <span class='ocrx_word' id='word_1_430' title='bbox 1857 3378 1896 3389; x_wconf 48' lang='grc' dir='ltr'><strong>,ο</strong></span> <span class='ocrx_word' id='word_1_431' title='bbox 1919 3377 1933 3389; x_wconf 70' lang='grc'><strong>,</strong></span> 
     </span>
    </p>
   </div>
   <div class='ocr_carea' id='block_1_61' title="bbox 2128 3303 3691 3389">
    <p class='ocr_par' dir='ltr' id='par_1_61' title="bbox 2133 3303 3691 3389">
     <span class='ocr_line' id='line_1_61' title="bbox 2133 3303 3691 3389; baseline -0.004 -25"><span class='ocrx_word' id='word_1_432' title='bbox 2133 3303 2371 3389; x_wconf 68' lang='lat' dir='ltr'><strong>Fe_lckr_t_1_.</strong></span> <span class='ocrx_word' id='word_1_433' title='bbox 2402 3303 2704 3389; x_wconf 65' lang='lat' dir='ltr'><strong>1,&#39;Ié_p_a3ca.</strong></span> <span class='ocrx_word' id='word_1_434' title='bbox 2727 3303 3160 3389; x_wconf 59' lang='lat' dir='ltr'><strong>&#39;Forte,&#39;lépax_:,</strong></span> <span class='ocrx_word' id='word_1_435' title='bbox 3195 3303 3562 3389; x_wconf 62' lang='lat' dir='ltr'><strong>scribeiidpm:</strong></span> 
     </span>
    </p>
   </div>
   <div class='ocr_carea' id='block_1_62' title="bbox 527 3327 2026 3449">
    <p class='ocr_par' dir='ltr' id='par_1_62' title="bbox 527 3327 2026 3449">
     <span class='ocr_line' id='line_1_62' title="bbox 527 3327 1185 3374; baseline 0.005 -18"><span class='ocrx_word' id='word_1_436' title='bbox 527 3327 556 3367; x_wconf 85' lang='grc' dir='ltr'>ι,</span> <span class='ocrx_word' id='word_1_437' title='bbox 591 3327 783 3358; x_wconf 77' lang='grc' dir='ltr'>υεΑωσι</span> <span class='ocrx_word' id='word_1_438' title='bbox 812 3327 909 3374; x_wconf 88' lang='lat' dir='ltr'><strong>pro</strong></span> <span class='ocrx_word' id='word_1_439' title='bbox 941 3327 1185 3360; x_wconf 81' lang='grc' dir='ltr'>ευεΛωσι.</span> 
     </span>
     <span class='ocr_line' id='line_1_63' title="bbox 527 3374 2026 3449; baseline 0.003 -21"><span class='ocrx_word' id='word_1_440' title='bbox 527 3374 636 3445; x_wconf 82' lang='grc'><strong>(19)</strong></span> <span class='ocrx_word' id='word_1_441' title='bbox 677 3375 900 3449; x_wconf 70' lang='lat' dir='ltr'><strong>Seguer.</strong></span> <span class='ocrx_word' id='word_1_442' title='bbox 926 3375 1087 3449; x_wconf 77' lang='lat' dir='ltr'><strong>Basil.</strong></span> <span class='ocrx_word' id='word_1_443' title='bbox 1108 3377 1416 3449; x_wconf 68' lang='lat' dir='ltr'><strong>Anglicum,</strong></span> <span class='ocrx_word' id='word_1_444' title='bbox 1445 3377 1537 3449; x_wconf 76' lang='grc' dir='ltr'><strong>τὸν</strong></span> <span class='ocrx_word' id='word_1_445' title='bbox 1564 3375 1828 3431; x_wconf 76' lang='grc' dir='ltr'>διάϐολον.</span> <span class='ocrx_word' id='word_1_446' title='bbox 1857 3377 2026 3432; x_wconf 83' lang='lat' dir='ltr'><strong>Iidem</strong></span> 
     </span>
    </p>
   </div>
   <div class='ocr_carea' id='block_1_63' title="bbox 2128 3327 3690 3449">
    <p class='ocr_par' dir='ltr' id='par_1_63' title="bbox 2132 3327 3690 3449">
     <span class='ocr_line' id='line_1_64' title="bbox 2133 3327 3690 3389; baseline -0.004 -25"><span class='ocrx_word' id='word_1_447' title='bbox 2133 3327 2371 3365; x_wconf 74' lang='lat' dir='ltr'><strong>retcxm.</strong></span> <span class='ocrx_word' id='word_1_448' title='bbox 2402 3327 2454 3374; x_wconf 81' lang='grc' dir='ltr'>ι,</span> <span class='ocrx_word' id='word_1_449' title='bbox 2488 3327 2537 3362; x_wconf 87' lang='grc' dir='ltr'><strong>ιε</strong></span> <span class='ocrx_word' id='word_1_450' title='bbox 2580 3327 2704 3364; x_wconf 81' lang='grc' dir='ltr'>ακα.</span> <span class='ocrx_word' id='word_1_451' title='bbox 2743 3327 2926 3373; x_wconf 80' lang='lat' dir='ltr'><strong>rorte,</strong></span> <span class='ocrx_word' id='word_1_452' title='bbox 2960 3327 3160 3389; x_wconf 80' lang='grc' dir='ltr'>ιερακι,</span> <span class='ocrx_word' id='word_1_453' title='bbox 3195 3327 3562 3362; x_wconf 77' lang='lat' dir='ltr'><strong>scribendum.</strong></span> <span class='ocrx_word' id='word_1_454' title='bbox 3595 3327 3690 3385; x_wconf 58' lang='lat' dir='ltr'><strong>nit:</strong></span> 
     </span>
     <span class='ocr_line' id='line_1_65' title="bbox 2132 3327 3690 3449; baseline -0.006 -14"><span class='ocrx_word' id='word_1_455' title='bbox 2132 3381 2274 3435; x_wconf 92' lang='lat' dir='ltr'><strong>enim</strong></span> <span class='ocrx_word' id='word_1_456' title='bbox 2307 3381 2396 3433; x_wconf 93' lang='lat' dir='ltr'><strong>ille</strong></span> <span class='ocrx_word' id='word_1_457' title='bbox 2425 3389 2506 3434; x_wconf 91' lang='lat' dir='ltr'><strong>est</strong></span> <span class='ocrx_word' id='word_1_458' title='bbox 2535 3327 2727 3434; x_wconf 55' lang='grc' dir='ltr'>δίει-εχ</span> <span class='ocrx_word' id='word_1_459' title='bbox 2752 3394 2912 3449; x_wconf 89' lang='lat' dir='ltr'><strong>quem</strong></span> <span class='ocrx_word' id='word_1_460' title='bbox 2943 3379 3127 3431; x_wconf 83' lang='lat' dir='ltr'><strong>Ariani</strong></span> <span class='ocrx_word' id='word_1_461' title='bbox 3157 3393 3262 3432; x_wconf 92' lang='lat' dir='ltr'><strong>una</strong></span> <span class='ocrx_word' id='word_1_462' title='bbox 3293 3375 3690 3444; x_wconf 81' lang='lat' dir='ltr'><strong>rumAdelphio</strong></span> 
     </span>
    </p>
   </div>
   <div class='ocr_carea' id='block_1_64' title="bbox 455 3445 3690 3524">
    <p class='ocr_par' dir='ltr' id='par_1_64' title="bbox 455 3445 3690 3524">
     <span class='ocr_line' id='line_1_66' title="bbox 455 3445 3690 3524; baseline 0 -27"><span class='ocrx_word' id='word_1_463' title='bbox 455 3460 581 3524; x_wconf 68' lang='lat' dir='ltr'><strong>mox</strong></span> <span class='ocrx_word' id='word_1_464' title='bbox 631 3454 684 3524; x_wconf 67' lang='lat' dir='ltr'><strong>et</strong></span> <span class='ocrx_word' id='word_1_465' title='bbox 706 3445 913 3524; x_wconf 39' lang='lat' dir='ltr'><strong>_.Gobl.,</strong></span> <span class='ocrx_word' id='word_1_466' title='bbox 943 3447 1042 3517; x_wconf 82' lang='grc' dir='ltr'>τῆς</span> <span class='ocrx_word' id='word_1_467' title='bbox 1089 3445 1399 3518; x_wconf 82' lang='grc' dir='ltr'>καθολικῆς.</span> <span class='ocrx_word' id='word_1_468' title='bbox 1427 3447 1533 3500; x_wconf 89' lang='lat' dir='ltr'><strong>Alii</strong></span> <span class='ocrx_word' id='word_1_469' title='bbox 1560 3457 1614 3503; x_wconf 92' lang='lat' dir='ltr'><strong>et</strong></span> <span class='ocrx_word' id='word_1_470' title='bbox 1643 3449 1773 3502; x_wconf 89' lang='lat' dir='ltr'><strong>editi</strong></span> <span class='ocrx_word' id='word_1_471' title='bbox 1805 3449 2023 3515; x_wconf 87' lang='lat' dir='ltr'><strong>habent,</strong></span> <span class='ocrx_word' id='word_1_472' title='bbox 2131 3450 2405 3524; x_wconf 64' lang='lat' dir='ltr'><strong>etinultis</strong></span> <span class='ocrx_word' id='word_1_473' title='bbox 2432 3450 2572 3524; x_wconf 57' lang='lat' dir='ltr'><strong>aliis</strong></span> <span class='ocrx_word' id='word_1_474' title='bbox 2622 3449 2675 3502; x_wconf 89' lang='lat' dir='ltr'><strong>in</strong></span> <span class='ocrx_word' id='word_1_475' title='bbox 2721 3445 2972 3524; x_wconf 63' lang='lat' dir='ltr'><strong>eisilinm</strong></span> <span class='ocrx_word' id='word_1_476' title='bbox 3022 3449 3388 3524; x_wconf 66' lang='lat' dir='ltr'><strong>proiecerunt,</strong></span> <span class='ocrx_word' id='word_1_477' title='bbox 3421 3455 3475 3524; x_wconf 77' lang='lat' dir='ltr'><strong>ut</strong></span> <span class='ocrx_word' id='word_1_478' title='bbox 3509 3454 3690 3524; x_wconf 78' lang='lat' dir='ltr'><strong>narrat</strong></span> 
     </span>
    </p>
   </div>
   <div class='ocr_carea' id='block_1_65' title="bbox 453 3513 2026 3585">
    <p class='ocr_par' dir='ltr' id='par_1_65' title="bbox 453 3513 2017 3585">
     <span class='ocr_line' id='line_1_67' title="bbox 453 3513 2017 3585; baseline 0.004 -18"><span class='ocrx_word' id='word_1_479' title='bbox 453 3513 554 3585; x_wconf 84' lang='grc' dir='ltr'>τῆς</span> <span class='ocrx_word' id='word_1_480' title='bbox 586 3514 836 3570; x_wconf 83' lang='grc' dir='ltr'>καθόλου.</span> <span class='ocrx_word' id='word_1_481' title='bbox 999 3513 1010 3517; x_wconf 59' lang='grc'>⁷</span> <span class='ocrx_word' id='word_1_482' title='bbox 1336 3513 1347 3518; x_wconf 78' lang='grc'><em>’</em></span> <span class='ocrx_word' id='word_1_483' title='bbox 2008 3513 2017 3515; x_wconf 46' lang='grc'><em>’</em></span> 
     </span>
    </p>
   </div>
   <div class='ocr_carea' id='block_1_66' title="bbox 2128 3513 3688 3585">
    <p class='ocr_par' dir='ltr' id='par_1_66' title="bbox 2131 3513 3688 3585">
     <span class='ocr_line' id='line_1_68' title="bbox 2131 3513 3688 3585; baseline -0.003 -13"><span class='ocrx_word' id='word_1_484' title='bbox 2131 3521 2392 3573; x_wconf 77' lang='lat' dir='ltr'><strong>Albanas.</strong></span> <span class='ocrx_word' id='word_1_485' title='bbox 2426 3518 2564 3572; x_wconf 82' lang='lat' dir='ltr'><strong>Hist.</strong></span> <span class='ocrx_word' id='word_1_486' title='bbox 2596 3524 2664 3572; x_wconf 88' lang='lat' dir='ltr'><strong>ad</strong></span> <span class='ocrx_word' id='word_1_487' title='bbox 2708 3513 3200 3582; x_wconf 44' lang='lat' dir='ltr'><strong>monachosfnu&#39;m.</strong></span> <span class='ocrx_word' id='word_1_488' title='bbox 3239 3517 3325 3582; x_wconf 77' lang='lat'><strong>72,</strong></span> <span class='ocrx_word' id='word_1_489' title='bbox 3354 3526 3407 3570; x_wconf 91' lang='lat' dir='ltr'><strong>et</strong></span> <span class='ocrx_word' id='word_1_490' title='bbox 3438 3515 3688 3585; x_wconf 82' lang='lat' dir='ltr'><strong>Apologia</strong></span> 
     </span>
    </p>
   </div>
   <div class='ocr_carea' id='block_1_67' title="bbox 525 3585 2755 3660">
    <p class='ocr_par' dir='ltr' id='par_1_67' title="bbox 525 3585 2755 3660">
     <span class='ocr_line' id='line_1_69' title="bbox 525 3585 2755 3660; baseline 0.001 -21"><span class='ocrx_word' id='word_1_491' title='bbox 525 3585 640 3658; x_wconf 74' lang='lat'><strong>(20)</strong></span> <span class='ocrx_word' id='word_1_492' title='bbox 680 3585 807 3642; x_wconf 86' lang='lat' dir='ltr'><strong>Haec</strong></span> <span class='ocrx_word' id='word_1_493' title='bbox 851 3585 919 3642; x_wconf 91' lang='lat' dir='ltr'><strong>ad</strong></span> <span class='ocrx_word' id='word_1_494' title='bbox 951 3587 1112 3642; x_wconf 82' lang='lat' dir='ltr'><strong>tinem</strong></span> <span class='ocrx_word' id='word_1_495' title='bbox 1141 3587 1340 3644; x_wconf 87' lang='lat' dir='ltr'><strong>desunt</strong></span> <span class='ocrx_word' id='word_1_496' title='bbox 1383 3587 1438 3642; x_wconf 90' lang='lat' dir='ltr'><strong>in</strong></span> <span class='ocrx_word' id='word_1_497' title='bbox 1467 3587 1790 3658; x_wconf 76' lang='lat' dir='ltr'><strong>Anglicano.</strong></span> <span class='ocrx_word' id='word_1_498' title='bbox 1818 3587 2023 3644; x_wconf 90' lang='lat' dir='ltr'><strong>Ibidem</strong></span> <span class='ocrx_word' id='word_1_499' title='bbox 2129 3591 2194 3646; x_wconf 87' lang='lat' dir='ltr'><strong>de</strong></span> <span class='ocrx_word' id='word_1_500' title='bbox 2219 3590 2344 3660; x_wconf 79' lang='lat' dir='ltr'><strong>fuga</strong></span> <span class='ocrx_word' id='word_1_501' title='bbox 2369 3606 2485 3656; x_wconf 89' lang='lat' dir='ltr'><strong>sua,</strong></span> <span class='ocrx_word' id='word_1_502' title='bbox 2520 3605 2672 3643; x_wconf 87' lang='lat' dir='ltr'><strong>num.</strong></span> <span class='ocrx_word' id='word_1_503' title='bbox 2703 3590 2755 3642; x_wconf 85' lang='lat'><strong>7.</strong></span> 
     </span>
    </p>
   </div>
   <div class='ocr_carea' id='block_1_68' title="bbox 459 3806 3651 3835">
    <p class='ocr_par' dir='ltr' id='par_1_68' title="bbox 459 3806 3651 3835">
     <span class='ocr_line' id='line_1_70' title="bbox 459 3806 3651 3835; baseline 0.003 -20"><span class='ocrx_word' id='word_1_504' title='bbox 459 3806 3651 3835; x_wconf 49' lang='lat' dir='ltr'>ww</span> 
     </span>
    </p>
   </div>
   <div class='ocr_carea' id='block_1_69' title="bbox 571 3954 3573 4023">
    <p class='ocr_par' dir='ltr' id='par_1_69' title="bbox 571 3954 3573 4023">
     <span class='ocr_line' id='line_1_71' title="bbox 571 3954 3573 4023; baseline -0.001 -1"><span class='ocrx_word' id='word_1_505' title='bbox 571 3960 1034 4022; x_wconf 83' lang='lat' dir='ltr'><strong>ADMONITIO</strong></span> <span class='ocrx_word' id='word_1_506' title='bbox 1081 3961 1164 4022; x_wconf 92' lang='lat' dir='ltr'><strong>IN</strong></span> <span class='ocrx_word' id='word_1_507' title='bbox 1219 3961 1680 4023; x_wconf 85' lang='lat' dir='ltr'><strong>EPISTOLAM</strong></span> <span class='ocrx_word' id='word_1_508' title='bbox 1739 3961 1801 4021; x_wconf 93' lang='lat' dir='ltr'><strong>S.</strong></span> <span class='ocrx_word' id='word_1_509' title='bbox 1860 3959 2304 4020; x_wconf 78' lang='lat' dir='ltr'><strong>ATHANASII</strong></span> <span class='ocrx_word' id='word_1_510' title='bbox 2363 3959 2470 4020; x_wconf 84' lang='lat' dir='ltr'><strong>AI)</strong></span> <span class='ocrx_word' id='word_1_511' title='bbox 2516 3957 2916 4020; x_wconf 81' lang='lat' dir='ltr'><strong>MAXIMUM</strong></span> <span class='ocrx_word' id='word_1_512' title='bbox 2974 3954 3573 4019; x_wconf 82' lang='lat' dir='ltr'><strong>PHILOSOPHUM.</strong></span> 
     </span>
    </p>
   </div>
   <div class='ocr_carea' id='block_1_70' title="bbox 519 4308 3686 4392">
    <p class='ocr_par' dir='ltr' id='par_1_70' title="bbox 519 4308 3686 4392">
     <span class='ocr_line' id='line_1_72' title="bbox 519 4308 3686 4392; baseline -0.006 -13"><span class='ocrx_word' id='word_1_513' title='bbox 519 4325 562 4379; x_wconf 91' lang='lat' dir='ltr'><strong>I.</strong></span> <span class='ocrx_word' id='word_1_514' title='bbox 597 4323 744 4377; x_wconf 86' lang='lat' dir='ltr'><strong>Idem</strong></span> <span class='ocrx_word' id='word_1_515' title='bbox 766 4325 974 4377; x_wconf 78' lang='lat' dir='ltr'><strong>circiter</strong></span> <span class='ocrx_word' id='word_1_516' title='bbox 1003 4331 1201 4392; x_wconf 79' lang='lat' dir='ltr'><strong>tempus</strong></span> <span class='ocrx_word' id='word_1_517' title='bbox 1228 4323 1324 4375; x_wconf 89' lang='lat' dir='ltr'><strong>hoc</strong></span> <span class='ocrx_word' id='word_1_518' title='bbox 1356 4322 1525 4375; x_wconf 82' lang='lat' dir='ltr'><strong>sancti</strong></span> <span class='ocrx_word' id='word_1_519' title='bbox 1555 4321 1838 4375; x_wconf 77' lang='lat' dir='ltr'><strong>Athanasii</strong></span> <span class='ocrx_word' id='word_1_520' title='bbox 1867 4336 2176 4390; x_wconf 76' lang='lat' dir='ltr'><strong>responsum</strong></span> <span class='ocrx_word' id='word_1_521' title='bbox 2205 4319 2274 4372; x_wconf 89' lang='lat' dir='ltr'><strong>ad</strong></span> <span class='ocrx_word' id='word_1_522' title='bbox 2309 4317 2601 4372; x_wconf 77' lang='lat' dir='ltr'><strong>Maximum</strong></span> <span class='ocrx_word' id='word_1_523' title='bbox 2633 4314 2997 4385; x_wconf 83' lang='lat' dir='ltr'><strong>philosophum</strong></span> <span class='ocrx_word' id='word_1_524' title='bbox 3029 4312 3211 4365; x_wconf 87' lang='lat' dir='ltr'><strong>datum</strong></span> <span class='ocrx_word' id='word_1_525' title='bbox 3235 4319 3310 4364; x_wconf 86' lang='lat' dir='ltr'><strong>est</strong></span> <span class='ocrx_word' id='word_1_526' title='bbox 3341 4325 3442 4379; x_wconf 86' lang='lat' dir='ltr'><strong>quo</strong></span> <span class='ocrx_word' id='word_1_527' title='bbox 3480 4309 3592 4378; x_wconf 87' lang='lat' dir='ltr'><strong>ejus</strong></span> <span class='ocrx_word' id='word_1_528' title='bbox 3623 4308 3686 4360; x_wconf 86' lang='lat' dir='ltr'><strong>ad</strong></span> 
     </span>
    </p>
   </div>
   <div class='ocr_carea' id='block_1_71' title="bbox 450 4397 3686 4483">
    <p class='ocr_par' dir='ltr' id='par_1_71' title="bbox 450 4397 3686 4483">
     <span class='ocr_line' id='line_1_73' title="bbox 450 4397 3686 4483; baseline -0.005 -17"><span class='ocrx_word' id='word_1_529' title='bbox 450 4413 762 4483; x_wconf 80' lang='lat' dir='ltr'><strong>Adelphium</strong></span> <span class='ocrx_word' id='word_1_530' title='bbox 787 4410 1006 4481; x_wconf 86' lang='lat' dir='ltr'><strong>epistola</strong></span> <span class='ocrx_word' id='word_1_531' title='bbox 1032 4427 1049 4465; x_wconf 89' lang='lat'><strong><em>:</em></strong></span> <span class='ocrx_word' id='word_1_532' title='bbox 1087 4426 1187 4480; x_wconf 90' lang='lat' dir='ltr'><strong>quo</strong></span> <span class='ocrx_word' id='word_1_533' title='bbox 1218 4410 1469 4462; x_wconf 85' lang='lat' dir='ltr'><strong>nimirum</strong></span> <span class='ocrx_word' id='word_1_534' title='bbox 1507 4409 1822 4479; x_wconf 80' lang='lat' dir='ltr'><strong>multiplices</strong></span> <span class='ocrx_word' id='word_1_535' title='bbox 1854 4411 1997 4462; x_wconf 87' lang='lat' dir='ltr'><strong>circa</strong></span> <span class='ocrx_word' id='word_1_536' title='bbox 2032 4407 2458 4461; x_wconf 86' lang='lat' dir='ltr'><strong>Incarnationem</strong></span> <span class='ocrx_word' id='word_1_537' title='bbox 2483 4405 2697 4460; x_wconf 88' lang='lat' dir='ltr'><strong>Domini</strong></span> <span class='ocrx_word' id='word_1_538' title='bbox 2725 4405 2992 4471; x_wconf 84' lang='lat' dir='ltr'><strong>opiniones</strong></span> <span class='ocrx_word' id='word_1_539' title='bbox 3021 4400 3387 4455; x_wconf 84' lang='lat' dir='ltr'><strong>nascebantur.</strong></span> <span class='ocrx_word' id='word_1_540' title='bbox 3439 4397 3557 4452; x_wconf 85' lang='lat' dir='ltr'><strong>Hac</strong></span> <span class='ocrx_word' id='word_1_541' title='bbox 3591 4399 3686 4469; x_wconf 88' lang='lat' dir='ltr'><strong>igi-</strong></span> 
     </span>
    </p>
   </div>
   <div class='ocr_carea' id='block_1_72' title="bbox 452 4497 3686 4576">
    <p class='ocr_par' dir='ltr' id='par_1_72' title="bbox 452 4497 3686 4576">
     <span class='ocr_line' id='line_1_74' title="bbox 452 4497 3686 4576; baseline -0.003 -18"><span class='ocrx_word' id='word_1_542' title='bbox 452 4516 539 4559; x_wconf 88' lang='lat' dir='ltr'><strong>tur</strong></span> <span class='ocrx_word' id='word_1_543' title='bbox 562 4503 783 4573; x_wconf 88' lang='lat' dir='ltr'><strong>epislola</strong></span> <span class='ocrx_word' id='word_1_544' title='bbox 816 4503 1070 4572; x_wconf 83' lang='lat' dir='ltr'><strong>approbat</strong></span> <span class='ocrx_word' id='word_1_545' title='bbox 1091 4514 1302 4558; x_wconf 84' lang='lat' dir='ltr'><strong>sanctus</strong></span> <span class='ocrx_word' id='word_1_546' title='bbox 1333 4505 1520 4558; x_wconf 91' lang='lat' dir='ltr'><strong>doctor</strong></span> <span class='ocrx_word' id='word_1_547' title='bbox 1545 4522 1662 4576; x_wconf 73' lang='lat' dir='ltr'><strong>qua:</strong></span> <span class='ocrx_word' id='word_1_548' title='bbox 1691 4506 1760 4559; x_wconf 91' lang='lat' dir='ltr'><strong>ad</strong></span> <span class='ocrx_word' id='word_1_549' title='bbox 1785 4507 1957 4570; x_wconf 87' lang='lat' dir='ltr'><strong>ipsum</strong></span> <span class='ocrx_word' id='word_1_550' title='bbox 1987 4505 2273 4574; x_wconf 82' lang='lat' dir='ltr'><strong>scripserat</strong></span> <span class='ocrx_word' id='word_1_551' title='bbox 2306 4502 2576 4557; x_wconf 74' lang='lat' dir='ltr'><strong>Maximus</strong></span> <span class='ocrx_word' id='word_1_552' title='bbox 2610 4511 2794 4556; x_wconf 91' lang='lat' dir='ltr'><strong>contra</strong></span> <span class='ocrx_word' id='word_1_553' title='bbox 2833 4499 3088 4571; x_wconf 89' lang='lat' dir='ltr'><strong>quosdam</strong></span> <span class='ocrx_word' id='word_1_554' title='bbox 3131 4497 3400 4552; x_wconf 77' lang='lat' dir='ltr'><strong>Iusreticos</strong></span> <span class='ocrx_word' id='word_1_555' title='bbox 3419 4535 3434 4560; x_wconf 92' lang='lat'><strong>,</strong></span> <span class='ocrx_word' id='word_1_556' title='bbox 3471 4511 3686 4565; x_wconf 88' lang='lat' dir='ltr'><strong>quorum</strong></span> 
     </span>
    </p>
   </div>
   <div class='ocr_carea' id='block_1_73' title="bbox 447 4587 3688 4666">
    <p class='ocr_par' dir='ltr' id='par_1_73' title="bbox 447 4587 3688 4666">
     <span class='ocr_line' id='line_1_75' title="bbox 447 4587 3688 4666; baseline -0.004 -13"><span class='ocrx_word' id='word_1_557' title='bbox 447 4599 647 4654; x_wconf 84' lang='lat' dir='ltr'><strong>scilicet</strong></span> <span class='ocrx_word' id='word_1_558' title='bbox 672 4596 768 4650; x_wconf 90' lang='lat' dir='ltr'><strong>alii</strong></span> <span class='ocrx_word' id='word_1_559' title='bbox 796 4595 1064 4651; x_wconf 84' lang='lat' dir='ltr'><strong>Christum</strong></span> <span class='ocrx_word' id='word_1_560' title='bbox 1101 4611 1274 4648; x_wconf 88' lang='lat' dir='ltr'><strong>verum</strong></span> <span class='ocrx_word' id='word_1_561' title='bbox 1304 4595 1470 4649; x_wconf 85' lang='lat' dir='ltr'><strong>Deum</strong></span> <span class='ocrx_word' id='word_1_562' title='bbox 1509 4613 1619 4650; x_wconf 90' lang='lat' dir='ltr'><strong>esse</strong></span> <span class='ocrx_word' id='word_1_563' title='bbox 1650 4597 2000 4666; x_wconf 89' lang='lat' dir='ltr'><strong>pernegabant</strong></span> <span class='ocrx_word' id='word_1_564' title='bbox 2023 4613 2042 4661; x_wconf 90' lang='lat'><strong><em>;</em></strong></span> <span class='ocrx_word' id='word_1_565' title='bbox 2065 4597 2158 4649; x_wconf 86' lang='lat' dir='ltr'><strong>alii</strong></span> <span class='ocrx_word' id='word_1_566' title='bbox 2207 4594 2450 4659; x_wconf 86' lang='lat' dir='ltr'><strong>Verbum,</strong></span> <span class='ocrx_word' id='word_1_567' title='bbox 2489 4603 2545 4646; x_wconf 89' lang='lat' dir='ltr'><strong>ut</strong></span> <span class='ocrx_word' id='word_1_568' title='bbox 2570 4592 2718 4656; x_wconf 88' lang='lat' dir='ltr'><strong>olim,</strong></span> <span class='ocrx_word' id='word_1_569' title='bbox 2761 4591 2830 4645; x_wconf 92' lang='lat' dir='ltr'><strong>ad</strong></span> <span class='ocrx_word' id='word_1_570' title='bbox 2869 4591 3096 4660; x_wconf 84' lang='lat' dir='ltr'><strong>aliquem</strong></span> <span class='ocrx_word' id='word_1_571' title='bbox 3137 4589 3395 4641; x_wconf 85' lang='lat' dir='ltr'><strong>hominem</strong></span> <span class='ocrx_word' id='word_1_572' title='bbox 3423 4587 3688 4640; x_wconf 81' lang='lat' dir='ltr'><strong>advenisse</strong></span> 
     </span>
    </p>
   </div>
   <div class='ocr_carea' id='block_1_74' title="bbox 447 4683 3686 4762">
    <p class='ocr_par' dir='ltr' id='par_1_74' title="bbox 447 4683 3686 4762">
     <span class='ocr_line' id='line_1_76' title="bbox 447 4683 3686 4762; baseline -0.006 -9"><span class='ocrx_word' id='word_1_573' title='bbox 447 4697 818 4760; x_wconf 86' lang='lat' dir='ltr'><strong>autumabant,</strong></span> <span class='ocrx_word' id='word_1_574' title='bbox 844 4712 947 4749; x_wconf 88' lang='lat' dir='ltr'><strong>non</strong></span> <span class='ocrx_word' id='word_1_575' title='bbox 975 4705 1150 4747; x_wconf 91' lang='lat' dir='ltr'><strong>autem</strong></span> <span class='ocrx_word' id='word_1_576' title='bbox 1177 4694 1376 4760; x_wconf 78' lang='lat' dir='ltr'><strong>factum</strong></span> <span class='ocrx_word' id='word_1_577' title='bbox 1402 4694 1574 4762; x_wconf 88' lang='lat' dir='ltr'><strong>ipsum</strong></span> <span class='ocrx_word' id='word_1_578' title='bbox 1602 4709 1713 4746; x_wconf 88' lang='lat' dir='ltr'><strong>esse</strong></span> <span class='ocrx_word' id='word_1_579' title='bbox 1736 4709 1914 4762; x_wconf 84' lang='lat' dir='ltr'><strong>revera</strong></span> <span class='ocrx_word' id='word_1_580' title='bbox 1941 4692 2238 4755; x_wconf 79' lang='lat' dir='ltr'><strong>hominem;</strong></span> <span class='ocrx_word' id='word_1_581' title='bbox 2261 4691 2356 4745; x_wconf 87' lang='lat' dir='ltr'><strong>alii</strong></span> <span class='ocrx_word' id='word_1_582' title='bbox 2379 4706 2496 4745; x_wconf 89' lang='lat' dir='ltr'><strong>vero</strong></span> <span class='ocrx_word' id='word_1_583' title='bbox 2523 4692 2693 4758; x_wconf 87' lang='lat' dir='ltr'><strong>ipsum</strong></span> <span class='ocrx_word' id='word_1_584' title='bbox 2717 4687 2978 4741; x_wconf 88' lang='lat' dir='ltr'><strong>communi</strong></span> <span class='ocrx_word' id='word_1_585' title='bbox 3009 4694 3215 4738; x_wconf 80' lang='lat' dir='ltr'><strong>naturte</strong></span> <span class='ocrx_word' id='word_1_586' title='bbox 3237 4684 3416 4737; x_wconf 88' lang='lat' dir='ltr'><strong>ordine</strong></span> <span class='ocrx_word' id='word_1_587' title='bbox 3432 4683 3686 4736; x_wconf 86' lang='lat' dir='ltr'><strong>hominem</strong></span> 
     </span>
    </p>
   </div>
   <div class='ocr_carea' id='block_1_75' title="bbox 449 4761 3686 4854">
    <p class='ocr_par' dir='ltr' id='par_1_75' title="bbox 449 4761 3686 4854">
     <span class='ocr_line' id='line_1_77' title="bbox 449 4761 3686 4854; baseline -0.004 -11"><span class='ocrx_word' id='word_1_588' title='bbox 449 4773 650 4847; x_wconf 65' lang='lat' dir='ltr'><strong>factum</strong></span> <span class='ocrx_word' id='word_1_589' title='bbox 683 4808 794 4847; x_wconf 87' lang='lat' dir='ltr'><strong>esse</strong></span> <span class='ocrx_word' id='word_1_590' title='bbox 817 4789 1215 4845; x_wconf 75' lang='lat' dir='ltr'><strong>existimabant.</strong></span> <span class='ocrx_word' id='word_1_591' title='bbox 1261 4786 1456 4842; x_wconf 84' lang='lat' dir='ltr'><strong>Paucis</strong></span> <span class='ocrx_word' id='word_1_592' title='bbox 1499 4797 1682 4840; x_wconf 87' lang='lat' dir='ltr'><strong>contra</strong></span> <span class='ocrx_word' id='word_1_593' title='bbox 1712 4761 1798 4840; x_wconf 76' lang='lat' dir='ltr'><strong>eos</strong></span> <span class='ocrx_word' id='word_1_594' title='bbox 1830 4804 2032 4842; x_wconf 87' lang='lat' dir='ltr'><strong>errores</strong></span> <span class='ocrx_word' id='word_1_595' title='bbox 2071 4788 2304 4854; x_wconf 84' lang='lat' dir='ltr'><strong>disputat</strong></span> <span class='ocrx_word' id='word_1_596' title='bbox 2345 4795 2560 4839; x_wconf 88' lang='lat' dir='ltr'><strong>sanctus</strong></span> <span class='ocrx_word' id='word_1_597' title='bbox 2599 4782 2943 4846; x_wconf 84' lang='lat' dir='ltr'><strong>Athanasius,</strong></span> <span class='ocrx_word' id='word_1_598' title='bbox 2969 4795 3084 4849; x_wconf 72' lang='lat' dir='ltr'><strong>qua:</strong></span> <span class='ocrx_word' id='word_1_599' title='bbox 3114 4787 3162 4830; x_wconf 88' lang='lat' dir='ltr'><strong>et</strong></span> <span class='ocrx_word' id='word_1_600' title='bbox 3212 4779 3326 4838; x_wconf 87' lang='lat' dir='ltr'><strong>ipsa</strong></span> <span class='ocrx_word' id='word_1_601' title='bbox 3355 4794 3419 4832; x_wconf 75' lang='lat' dir='ltr'><strong>ex</strong></span> <span class='ocrx_word' id='word_1_602' title='bbox 3467 4781 3686 4835; x_wconf 70' lang='lat' dir='ltr'><strong>Maximi</strong></span> 
     </span>
    </p>
   </div>
   <div class='ocr_carea' id='block_1_76' title="bbox 448 4870 3687 4945">
    <p class='ocr_par' dir='ltr' id='par_1_76' title="bbox 448 4870 3687 4945">
     <span class='ocr_line' id='line_1_78' title="bbox 448 4870 3687 4945; baseline -0.003 -11"><span class='ocrx_word' id='word_1_603' title='bbox 448 4880 661 4935; x_wconf 87' lang='lat' dir='ltr'><strong>litteris&#39;</strong></span> <span class='ocrx_word' id='word_1_604' title='bbox 686 4889 984 4935; x_wconf 87' lang='lat' dir='ltr'><strong>mutuatum</strong></span> <span class='ocrx_word' id='word_1_605' title='bbox 1017 4895 1070 4933; x_wconf 88' lang='lat' dir='ltr'><strong>se</strong></span> <span class='ocrx_word' id='word_1_606' title='bbox 1096 4892 1226 4942; x_wconf 86' lang='lat' dir='ltr'><strong>esse,</strong></span> <span class='ocrx_word' id='word_1_607' title='bbox 1251 4877 1432 4945; x_wconf 85' lang='lat' dir='ltr'><strong>hisque</strong></span> <span class='ocrx_word' id='word_1_608' title='bbox 1459 4875 1592 4929; x_wconf 88' lang='lat' dir='ltr'><strong>nihil</strong></span> <span class='ocrx_word' id='word_1_609' title='bbox 1617 4877 1915 4930; x_wconf 88' lang='lat' dir='ltr'><strong>addendum</strong></span> <span class='ocrx_word' id='word_1_610' title='bbox 1942 4878 2156 4931; x_wconf 73' lang='lat' dir='ltr'><strong>duxisse</strong></span> <span class='ocrx_word' id='word_1_611' title='bbox 2185 4878 2281 4939; x_wconf 88' lang='lat' dir='ltr'><strong>ait,</strong></span> <span class='ocrx_word' id='word_1_612' title='bbox 2304 4875 2393 4929; x_wconf 90' lang='lat' dir='ltr'><strong>sed</strong></span> <span class='ocrx_word' id='word_1_613' title='bbox 2417 4884 2622 4929; x_wconf 89' lang='lat' dir='ltr'><strong>tantum</strong></span> <span class='ocrx_word' id='word_1_614' title='bbox 2646 4874 2816 4927; x_wconf 89' lang='lat' dir='ltr'><strong>crucis</strong></span> <span class='ocrx_word' id='word_1_615' title='bbox 2843 4870 3156 4934; x_wconf 86' lang='lat' dir='ltr'><strong>meminisse,</strong></span> <span class='ocrx_word' id='word_1_616' title='bbox 3193 4878 3250 4921; x_wconf 89' lang='lat' dir='ltr'><strong>ut</strong></span> <span class='ocrx_word' id='word_1_617' title='bbox 3274 4871 3362 4935; x_wconf 88' lang='lat' dir='ltr'><strong>qui</strong></span> <span class='ocrx_word' id='word_1_618' title='bbox 3393 4886 3458 4924; x_wconf 77' lang='lat' dir='ltr'><strong>ea;</strong></span> <span class='ocrx_word' id='word_1_619' title='bbox 3484 4872 3552 4925; x_wconf 88' lang='lat' dir='ltr'><strong>iis</strong></span> <span class='ocrx_word' id='word_1_620' title='bbox 3577 4886 3687 4942; x_wconf 64' lang='lat' dir='ltr'><strong>qua</strong></span> 
     </span>
    </p>
   </div>
   <div class='ocr_carea' id='block_1_77' title="bbox 445 4951 3685 5040">
    <p class='ocr_par' dir='ltr' id='par_1_77' title="bbox 445 4951 3685 5040">
     <span class='ocr_line' id='line_1_79' title="bbox 445 4951 3685 5040; baseline -0.002 -16"><span class='ocrx_word' id='word_1_621' title='bbox 445 4985 504 5025; x_wconf 79' lang='lat' dir='ltr'><strong>ut</strong></span> <span class='ocrx_word' id='word_1_622' title='bbox 556 4970 709 5022; x_wconf 88' lang='lat' dir='ltr'><strong>homo</strong></span> <span class='ocrx_word' id='word_1_623' title='bbox 741 4951 844 5040; x_wconf 65' lang='lat' dir='ltr'><strong>egit</strong></span> <span class='ocrx_word' id='word_1_624' title='bbox 865 4979 912 5022; x_wconf 89' lang='lat' dir='ltr'><strong>et</strong></span> <span class='ocrx_word' id='word_1_625' title='bbox 942 4984 1129 5037; x_wconf 83' lang='lat' dir='ltr'><strong>passus</strong></span> <span class='ocrx_word' id='word_1_626' title='bbox 1158 4978 1234 5023; x_wconf 85' lang='lat' dir='ltr'><strong>est</strong></span> <span class='ocrx_word' id='word_1_627' title='bbox 1269 4968 1546 5034; x_wconf 80' lang='lat' dir='ltr'><strong>Dominus,</strong></span> <span class='ocrx_word' id='word_1_628' title='bbox 1585 4968 1748 5021; x_wconf 86' lang='lat' dir='ltr'><strong>Deum</strong></span> <span class='ocrx_word' id='word_1_629' title='bbox 1779 4969 1933 5022; x_wconf 88' lang='lat' dir='ltr'><strong>illum</strong></span> <span class='ocrx_word' id='word_1_630' title='bbox 1961 4985 2070 5022; x_wconf 87' lang='lat' dir='ltr'><strong>esse</strong></span> <span class='ocrx_word' id='word_1_631' title='bbox 2102 4977 2311 5037; x_wconf 84' lang='lat' dir='ltr'><strong>negant,</strong></span> <span class='ocrx_word' id='word_1_632' title='bbox 2340 4977 2544 5021; x_wconf 89' lang='lat' dir='ltr'><strong>mutata</strong></span> <span class='ocrx_word' id='word_1_633' title='bbox 2583 4979 2631 5021; x_wconf 92' lang='lat' dir='ltr'><strong>et</strong></span> <span class='ocrx_word' id='word_1_634' title='bbox 2666 4965 2769 5034; x_wconf 89' lang='lat' dir='ltr'><strong>ipsi</strong></span> <span class='ocrx_word' id='word_1_635' title='bbox 2795 4962 3055 5018; x_wconf 86' lang='lat' dir='ltr'><strong>sententia</strong></span> <span class='ocrx_word' id='word_1_636' title='bbox 3096 4961 3408 5030; x_wconf 69' lang='lat' dir='ltr'><strong>crucifixum</strong></span> <span class='ocrx_word' id='word_1_637' title='bbox 3432 4962 3552 5032; x_wconf 88' lang='lat' dir='ltr'><strong>jam</strong></span> <span class='ocrx_word' id='word_1_638' title='bbox 3591 4965 3685 5017; x_wconf 85' lang='lat' dir='ltr'><strong>ad-</strong></span> 
     </span>
    </p>
   </div>
   <div class='ocr_carea' id='block_1_78' title="bbox 447 5055 3685 5129">
    <p class='ocr_par' dir='ltr' id='par_1_78' title="bbox 447 5055 3685 5129">
     <span class='ocr_line' id='line_1_80' title="bbox 447 5055 3685 5129; baseline -0.002 -13"><span class='ocrx_word' id='word_1_639' title='bbox 447 5071 614 5116; x_wconf 83' lang='lat' dir='ltr'><strong>orent.</strong></span> <span class='ocrx_word' id='word_1_640' title='bbox 644 5061 854 5116; x_wconf 89' lang='lat' dir='ltr'><strong>Passim</strong></span> <span class='ocrx_word' id='word_1_641' title='bbox 878 5072 1055 5115; x_wconf 89' lang='lat' dir='ltr'><strong>autem</strong></span> <span class='ocrx_word' id='word_1_642' title='bbox 1083 5076 1243 5129; x_wconf 86' lang='lat' dir='ltr'><strong>supra</strong></span> <span class='ocrx_word' id='word_1_643' title='bbox 1272 5063 1496 5114; x_wconf 87' lang='lat' dir='ltr'><strong>vidimus</strong></span> <span class='ocrx_word' id='word_1_644' title='bbox 1532 5061 1884 5116; x_wconf 84' lang='lat' dir='ltr'><strong>Athanasium</strong></span> <span class='ocrx_word' id='word_1_645' title='bbox 1912 5072 2097 5116; x_wconf 88' lang='lat' dir='ltr'><strong>contra</strong></span> <span class='ocrx_word' id='word_1_646' title='bbox 2141 5064 2366 5116; x_wconf 88' lang='lat' dir='ltr'><strong>Arianos</strong></span> <span class='ocrx_word' id='word_1_647' title='bbox 2404 5063 2739 5116; x_wconf 85' lang='lat' dir='ltr'><strong>disserentem</strong></span> <span class='ocrx_word' id='word_1_648' title='bbox 2770 5058 3034 5112; x_wconf 84' lang='lat' dir='ltr'><strong>ostendere</strong></span> <span class='ocrx_word' id='word_1_649' title='bbox 3076 5055 3296 5110; x_wconf 82' lang='lat' dir='ltr'><strong>Verbum</strong></span> <span class='ocrx_word' id='word_1_650' title='bbox 3340 5057 3540 5126; x_wconf 79' lang='lat' dir='ltr'><strong>factum</strong></span> <span class='ocrx_word' id='word_1_651' title='bbox 3581 5075 3685 5111; x_wconf 82' lang='lat' dir='ltr'><strong>vere</strong></span> 
     </span>
    </p>
   </div>
   <div class='ocr_carea' id='block_1_79' title="bbox 445 5152 3684 5223">
    <p class='ocr_par' dir='ltr' id='par_1_79' title="bbox 445 5152 3684 5223">
     <span class='ocr_line' id='line_1_81' title="bbox 445 5152 3684 5223; baseline -0.003 -9"><span class='ocrx_word' id='word_1_652' title='bbox 445 5170 555 5214; x_wconf 78' lang='lat' dir='ltr'><strong>esse</strong></span> <span class='ocrx_word' id='word_1_653' title='bbox 593 5156 870 5220; x_wconf 87' lang='lat' dir='ltr'><strong>hominem,</strong></span> <span class='ocrx_word' id='word_1_654' title='bbox 902 5171 1003 5208; x_wconf 91' lang='lat' dir='ltr'><strong>non</strong></span> <span class='ocrx_word' id='word_1_655' title='bbox 1039 5170 1184 5219; x_wconf 87' lang='lat' dir='ltr'><strong>vero,</strong></span> <span class='ocrx_word' id='word_1_656' title='bbox 1204 5163 1262 5206; x_wconf 89' lang='lat' dir='ltr'><strong>ut</strong></span> <span class='ocrx_word' id='word_1_657' title='bbox 1278 5152 1426 5216; x_wconf 91' lang='lat' dir='ltr'><strong>olim,</strong></span> <span class='ocrx_word' id='word_1_658' title='bbox 1459 5153 1528 5206; x_wconf 91' lang='lat' dir='ltr'><strong>ad</strong></span> <span class='ocrx_word' id='word_1_659' title='bbox 1551 5162 1792 5206; x_wconf 89' lang='lat' dir='ltr'><strong>sanctum</strong></span> <span class='ocrx_word' id='word_1_660' title='bbox 1835 5152 2060 5218; x_wconf 88' lang='lat' dir='ltr'><strong>aliquem</strong></span> <span class='ocrx_word' id='word_1_661' title='bbox 2091 5154 2350 5208; x_wconf 89' lang='lat' dir='ltr'><strong>hominem</strong></span> <span class='ocrx_word' id='word_1_662' title='bbox 2367 5154 2670 5209; x_wconf 85' lang='lat' dir='ltr'><strong>advenisse:</strong></span> <span class='ocrx_word' id='word_1_663' title='bbox 2701 5169 2851 5223; x_wconf 87' lang='lat' dir='ltr'><strong>quem</strong></span> <span class='ocrx_word' id='word_1_664' title='bbox 2867 5153 2990 5204; x_wconf 90' lang='lat' dir='ltr'><strong>item</strong></span> <span class='ocrx_word' id='word_1_665' title='bbox 3019 5165 3248 5203; x_wconf 86' lang='lat' dir='ltr'><strong>errorem</strong></span> <span class='ocrx_word' id='word_1_666' title='bbox 3265 5165 3503 5218; x_wconf 66' lang='lat' dir='ltr'><strong>expresse</strong></span> <span class='ocrx_word' id='word_1_667' title='bbox 3531 5168 3684 5221; x_wconf 78' lang='lat' dir='ltr'><strong>supra</strong></span> 
     </span>
    </p>
   </div>
   <div class='ocr_carea' id='block_1_80' title="bbox 447 5249 1354 5322">
    <p class='ocr_par' dir='ltr' id='par_1_80' title="bbox 447 5249 1354 5322">
     <span class='ocr_line' id='line_1_82' title="bbox 447 5249 1354 5322; baseline -0.006 -16"><span class='ocrx_word' id='word_1_668' title='bbox 447 5251 642 5322; x_wconf 84' lang='lat' dir='ltr'><strong>refellit</strong></span> <span class='ocrx_word' id='word_1_669' title='bbox 665 5250 905 5320; x_wconf 88' lang='lat' dir='ltr'><strong>Epistola</strong></span> <span class='ocrx_word' id='word_1_670' title='bbox 933 5249 999 5305; x_wconf 86' lang='lat' dir='ltr'><strong>ad</strong></span> <span class='ocrx_word' id='word_1_671' title='bbox 1028 5249 1354 5318; x_wconf 86' lang='lat' dir='ltr'><strong>Epictetum.</strong></span> 
     </span>
    </p>
   </div>
   <div class='ocr_carea' id='block_1_81' title="bbox 519 5335 3664 5412">
    <p class='ocr_par' dir='ltr' id='par_1_81' title="bbox 519 5335 3664 5412">
     <span class='ocr_line' id='line_1_83' title="bbox 519 5335 3664 5412; baseline -0.002 -14"><span class='ocrx_word' id='word_1_672' title='bbox 519 5343 582 5398; x_wconf 89' lang='lat' dir='ltr'><strong>Il.</strong></span> <span class='ocrx_word' id='word_1_673' title='bbox 619 5342 723 5397; x_wconf 83' lang='lat' dir='ltr'><strong>Hic</strong></span> <span class='ocrx_word' id='word_1_674' title='bbox 754 5360 912 5412; x_wconf 91' lang='lat' dir='ltr'><strong>porro</strong></span> <span class='ocrx_word' id='word_1_675' title='bbox 946 5341 1214 5396; x_wconf 75' lang='lat' dir='ltr'><strong>Maximus</strong></span> <span class='ocrx_word' id='word_1_676' title='bbox 1237 5340 1600 5410; x_wconf 90' lang='lat' dir='ltr'><strong>philosophus,</strong></span> <span class='ocrx_word' id='word_1_677' title='bbox 1628 5342 1698 5395; x_wconf 90' lang='lat' dir='ltr'><strong>ad</strong></span> <span class='ocrx_word' id='word_1_678' title='bbox 1716 5357 1868 5411; x_wconf 87' lang='lat' dir='ltr'><strong>quem</strong></span> <span class='ocrx_word' id='word_1_679' title='bbox 1906 5341 2180 5408; x_wconf 88' lang='lat' dir='ltr'><strong>epistolam</strong></span> <span class='ocrx_word' id='word_1_680' title='bbox 2208 5341 2374 5395; x_wconf 88' lang='lat' dir='ltr'><strong>mittit</strong></span> <span class='ocrx_word' id='word_1_681' title='bbox 2404 5349 2616 5394; x_wconf 89' lang='lat' dir='ltr'><strong>sanctus</strong></span> <span class='ocrx_word' id='word_1_682' title='bbox 2637 5338 2982 5401; x_wconf 81' lang='lat' dir='ltr'><strong>Athanasius,</strong></span> <span class='ocrx_word' id='word_1_683' title='bbox 3007 5353 3113 5390; x_wconf 83' lang='lat' dir='ltr'><strong>non</strong></span> <span class='ocrx_word' id='word_1_684' title='bbox 3138 5335 3275 5390; x_wconf 76' lang='lat' dir='ltr'><strong>alius</strong></span> <span class='ocrx_word' id='word_1_685' title='bbox 3297 5337 3532 5406; x_wconf 82' lang='lat' dir='ltr'><strong>profecto</strong></span> <span class='ocrx_word' id='word_1_686' title='bbox 3555 5339 3664 5392; x_wconf 83' lang='lat' dir='ltr'><strong>vide</strong></span> 
     </span>
    </p>
   </div>
   <div class='ocr_carea' id='block_1_82' title="bbox 447 5434 3681 5510">
    <p class='ocr_par' dir='ltr' id='par_1_82' title="bbox 447 5434 3681 5510">
     <span class='ocr_line' id='line_1_84' title="bbox 447 5434 3681 5510; baseline 0.001 -22"><span class='ocrx_word' id='word_1_687' title='bbox 447 5444 534 5490; x_wconf 91' lang='lat' dir='ltr'><strong>tur</strong></span> <span class='ocrx_word' id='word_1_688' title='bbox 570 5453 700 5499; x_wconf 77' lang='lat' dir='ltr'><strong>esse,</strong></span> <span class='ocrx_word' id='word_1_689' title='bbox 723 5452 881 5506; x_wconf 85' lang='lat' dir='ltr'><strong>quam</strong></span> <span class='ocrx_word' id='word_1_690' title='bbox 919 5434 1312 5494; x_wconf 79' lang='lat' dir='ltr'><strong>Alexandrinus</strong></span> <span class='ocrx_word' id='word_1_691' title='bbox 1352 5442 1464 5507; x_wconf 90' lang='lat' dir='ltr'><strong>ille,</strong></span> <span class='ocrx_word' id='word_1_692' title='bbox 1500 5443 1649 5510; x_wconf 83' lang='lat' dir='ltr'><strong>cujus</strong></span> <span class='ocrx_word' id='word_1_693' title='bbox 1693 5442 1875 5495; x_wconf 84' lang='lat' dir='ltr'><strong>laudes</strong></span> <span class='ocrx_word' id='word_1_694' title='bbox 1915 5441 2141 5495; x_wconf 84' lang='lat' dir='ltr'><strong>celebrat</strong></span> <span class='ocrx_word' id='word_1_695' title='bbox 2180 5440 2459 5508; x_wconf 82' lang='lat' dir='ltr'><strong>Gregorius</strong></span> <span class='ocrx_word' id='word_1_696' title='bbox 2491 5439 2887 5503; x_wconf 81' lang='lat' dir='ltr'><strong>Nazianzenus,</strong></span> <span class='ocrx_word' id='word_1_697' title='bbox 2917 5437 3152 5491; x_wconf 86' lang='lat' dir='ltr'><strong>oratione</strong></span> <span class='ocrx_word' id='word_1_698' title='bbox 3176 5437 3266 5499; x_wconf 71' lang='lat'><strong>‘23,</strong></span> <span class='ocrx_word' id='word_1_699' title='bbox 3298 5436 3448 5505; x_wconf 84' lang='lat' dir='ltr'><strong>cujus</strong></span> <span class='ocrx_word' id='word_1_700' title='bbox 3487 5437 3681 5490; x_wconf 78' lang='lat' dir='ltr'><strong>nomint</strong></span> 
     </span>
    </p>
   </div>
   <div class='ocr_carea' id='block_1_83' title="bbox 443 5527 3680 5604">
    <p class='ocr_par' dir='ltr' id='par_1_83' title="bbox 443 5527 3680 5604">
     <span class='ocr_line' id='line_1_85' title="bbox 443 5527 3680 5604; baseline -0.001 -20"><span class='ocrx_word' id='word_1_701' title='bbox 443 5531 662 5601; x_wconf 80' lang='lat' dir='ltr'><strong>quidam</strong></span> <span class='ocrx_word' id='word_1_702' title='bbox 688 5537 869 5599; x_wconf 89' lang='lat' dir='ltr'><strong>postea</strong></span> <span class='ocrx_word' id='word_1_703' title='bbox 895 5545 1194 5599; x_wconf 85' lang='lat' dir='ltr'><strong>suppresso,</strong></span> <span class='ocrx_word' id='word_1_704' title='bbox 1219 5531 1416 5604; x_wconf 77' lang='lat' dir='ltr'><strong>falsum</strong></span> <span class='ocrx_word' id='word_1_705' title='bbox 1441 5531 1668 5586; x_wconf 80' lang='lat' dir='ltr'><strong>lleronis</strong></span> <span class='ocrx_word' id='word_1_706' title='bbox 1693 5547 1879 5586; x_wconf 86' lang='lat' dir='ltr'><strong>nomen</strong></span> <span class='ocrx_word' id='word_1_707' title='bbox 1907 5531 2337 5600; x_wconf 69' lang='lat' dir='ltr'><strong>superscripsisse</strong></span> <span class='ocrx_word' id='word_1_708' title='bbox 2361 5539 2544 5583; x_wconf 88' lang='lat' dir='ltr'><strong>narrat</strong></span> <span class='ocrx_word' id='word_1_709' title='bbox 2575 5527 2921 5597; x_wconf 84' lang='lat' dir='ltr'><strong>Hieronymus</strong></span> <span class='ocrx_word' id='word_1_710' title='bbox 2951 5529 3206 5600; x_wconf 79' lang='lat' dir='ltr'><strong>Catalogo</strong></span> <span class='ocrx_word' id='word_1_711' title='bbox 3244 5531 3500 5599; x_wconf 85' lang='lat' dir='ltr'><strong>scriptor.</strong></span> <span class='ocrx_word' id='word_1_712' title='bbox 3529 5530 3680 5593; x_wconf 84' lang='lat' dir='ltr'><strong>eccl.,</strong></span> 
     </span>
    </p>
   </div>
   <div class='ocr_carea' id='block_1_84' title="bbox 443 5616 3679 5690">
    <p class='ocr_par' dir='ltr' id='par_1_84' title="bbox 443 5616 3679 5690">
     <span class='ocr_line' id='line_1_86' title="bbox 443 5616 3679 5690; baseline -0.001 -18"><span class='ocrx_word' id='word_1_713' title='bbox 443 5619 584 5690; x_wconf 80' lang='lat' dir='ltr'><strong>quod</strong></span> <span class='ocrx_word' id='word_1_714' title='bbox 610 5618 812 5672; x_wconf 78' lang='lat' dir='ltr'><strong>scilicet</strong></span> <span class='ocrx_word' id='word_1_715' title='bbox 859 5618 916 5672; x_wconf 89' lang='lat' dir='ltr'><strong>in</strong></span> <span class='ocrx_word' id='word_1_716' title='bbox 961 5619 1199 5673; x_wconf 88' lang='lat' dir='ltr'><strong>eumdem</strong></span> <span class='ocrx_word' id='word_1_717' title='bbox 1236 5620 1366 5673; x_wconf 75' lang='lat' dir='ltr'><strong>alibi</strong></span> <span class='ocrx_word' id='word_1_718' title='bbox 1405 5621 1723 5675; x_wconf 87' lang='lat' dir='ltr'><strong>vehementer</strong></span> <span class='ocrx_word' id='word_1_719' title='bbox 1757 5619 2043 5674; x_wconf 86' lang='lat' dir='ltr'><strong>admodum</strong></span> <span class='ocrx_word' id='word_1_720' title='bbox 2076 5619 2350 5673; x_wconf 82' lang='lat' dir='ltr'><strong>invehatur</strong></span> <span class='ocrx_word' id='word_1_721' title='bbox 2375 5619 2510 5671; x_wconf 88' lang='lat' dir='ltr'><strong>idem</strong></span> <span class='ocrx_word' id='word_1_722' title='bbox 2553 5616 2873 5687; x_wconf 82' lang='lat' dir='ltr'><strong>Gregorius:</strong></span> <span class='ocrx_word' id='word_1_723' title='bbox 2899 5620 3057 5687; x_wconf 85' lang='lat' dir='ltr'><strong>quasi</strong></span> <span class='ocrx_word' id='word_1_724' title='bbox 3099 5635 3206 5674; x_wconf 91' lang='lat' dir='ltr'><strong>non</strong></span> <span class='ocrx_word' id='word_1_725' title='bbox 3247 5619 3480 5683; x_wconf 89' lang='lat' dir='ltr'><strong>licuerit,</strong></span> <span class='ocrx_word' id='word_1_726' title='bbox 3521 5620 3679 5688; x_wconf 81' lang='lat' dir='ltr'><strong>inquit</strong></span> 
     </span>
    </p>
   </div>
   <div class='ocr_carea' id='block_1_85' title="bbox 448 5708 3677 5784">
    <p class='ocr_par' dir='ltr' id='par_1_85' title="bbox 448 5708 3677 5784">
     <span class='ocr_line' id='line_1_87' title="bbox 448 5708 3677 5784; baseline -0 -21"><span class='ocrx_word' id='word_1_727' title='bbox 448 5708 804 5778; x_wconf 82' lang='lat' dir='ltr'><strong>Hieronymus</strong></span> <span class='ocrx_word' id='word_1_728' title='bbox 825 5749 842 5775; x_wconf 92' lang='lat'><strong>,</strong></span> <span class='ocrx_word' id='word_1_729' title='bbox 868 5712 1120 5766; x_wconf 88' lang='lat' dir='ltr'><strong>eumdem</strong></span> <span class='ocrx_word' id='word_1_730' title='bbox 1146 5721 1200 5766; x_wconf 90' lang='lat' dir='ltr'><strong>et</strong></span> <span class='ocrx_word' id='word_1_731' title='bbox 1230 5713 1454 5767; x_wconf 87' lang='lat' dir='ltr'><strong>laudare</strong></span> <span class='ocrx_word' id='word_1_732' title='bbox 1489 5723 1542 5767; x_wconf 88' lang='lat' dir='ltr'><strong>et</strong></span> <span class='ocrx_word' id='word_1_733' title='bbox 1581 5715 1890 5784; x_wconf 87' lang='lat' dir='ltr'><strong>vituperare</strong></span> <span class='ocrx_word' id='word_1_734' title='bbox 1927 5727 2028 5783; x_wconf 93' lang='lat' dir='ltr'><strong>pro</strong></span> <span class='ocrx_word' id='word_1_735' title='bbox 2048 5721 2312 5782; x_wconf 88' lang='lat' dir='ltr'><strong>tempore.</strong></span> <span class='ocrx_word' id='word_1_736' title='bbox 2347 5711 2594 5765; x_wconf 87' lang='lat' dir='ltr'><strong>Testatur</strong></span> <span class='ocrx_word' id='word_1_737' title='bbox 2617 5719 2792 5764; x_wconf 88' lang='lat' dir='ltr'><strong>autem</strong></span> <span class='ocrx_word' id='word_1_738' title='bbox 2833 5708 3133 5781; x_wconf 83' lang='lat' dir='ltr'><strong>Gregorius,</strong></span> <span class='ocrx_word' id='word_1_739' title='bbox 3173 5711 3472 5764; x_wconf 68' lang='lat' dir='ltr'><strong>Maximum</strong></span> <span class='ocrx_word' id='word_1_740' title='bbox 3504 5721 3677 5764; x_wconf 84' lang='lat' dir='ltr'><strong>contra</strong></span> 
     </span>
    </p>
   </div>
   <div class='ocr_carea' id='block_1_86' title="bbox 447 5795 2026 5874">
    <p class='ocr_par' dir='ltr' id='par_1_86' title="bbox 447 5795 2012 5873">
     <span class='ocr_line' id='line_1_88' title="bbox 447 5795 2012 5873; baseline 0.008 -27"><span class='ocrx_word' id='word_1_741' title='bbox 447 5795 662 5866; x_wconf 73' lang='lat' dir='ltr'><strong>gentiles</strong></span> <span class='ocrx_word' id='word_1_742' title='bbox 688 5808 737 5852; x_wconf 88' lang='lat' dir='ltr'><strong>et</strong></span> <span class='ocrx_word' id='word_1_743' title='bbox 764 5798 1032 5855; x_wconf 72' lang='lat' dir='ltr'><strong>hwreticos</strong></span> <span class='ocrx_word' id='word_1_744' title='bbox 1065 5799 1276 5857; x_wconf 85' lang='lat' dir='ltr'><strong>solitum</strong></span> <span class='ocrx_word' id='word_1_745' title='bbox 1301 5817 1411 5858; x_wconf 83' lang='lat' dir='ltr'><strong>esse</strong></span> <span class='ocrx_word' id='word_1_746' title='bbox 1435 5800 1727 5873; x_wconf 80' lang='lat' dir='ltr'><strong>disputare,</strong></span> <span class='ocrx_word' id='word_1_747' title='bbox 1754 5813 1810 5857; x_wconf 88' lang='lat' dir='ltr'><strong>ut</strong></span> <span class='ocrx_word' id='word_1_748' title='bbox 1837 5820 1902 5858; x_wconf 78' lang='lat' dir='ltr'><strong>ea:</strong></span> <span class='ocrx_word' id='word_1_749' title='bbox 1932 5804 2012 5859; x_wconf 84' lang='lat' dir='ltr'><strong>his</strong></span> 
     </span>
    </p>
   </div>
   <div class='ocr_carea' id='block_1_87' title="bbox 2128 5795 3673 5874">
    <p class='ocr_par' dir='ltr' id='par_1_87' title="bbox 2128 5800 3673 5874">
     <span class='ocr_line' id='line_1_89' title="bbox 2128 5800 3673 5874; baseline -0.004 -17"><span class='ocrx_word' id='word_1_750' title='bbox 2128 5802 2334 5860; x_wconf 84' lang='lat' dir='ltr'><strong>sverbis</strong></span> <span class='ocrx_word' id='word_1_751' title='bbox 2357 5802 2516 5874; x_wconf 86' lang='lat' dir='ltr'><strong>liquet</strong></span> <span class='ocrx_word' id='word_1_752' title='bbox 2549 5819 2567 5855; x_wconf 89' lang='lat'><em>:</em></span> <span class='ocrx_word' id='word_1_753' title='bbox 2602 5801 2796 5872; x_wconf 75' lang='grc' dir='ltr'>Σύγχει</span> <span class='ocrx_word' id='word_1_754' title='bbox 2843 5801 2942 5871; x_wconf 80' lang='grc' dir='ltr'><strong>μὲν</strong></span> <span class='ocrx_word' id='word_1_755' title='bbox 2970 5803 3078 5857; x_wconf 67' lang='lat' dir='ltr'><strong>nni:</strong></span> <span class='ocrx_word' id='word_1_756' title='bbox 3102 5802 3200 5866; x_wconf 78' lang='grc' dir='ltr'>τὴν</span> <span class='ocrx_word' id='word_1_757' title='bbox 3225 5800 3489 5863; x_wconf 86' lang='grc' dir='ltr'>Ἑλλήνων</span> <span class='ocrx_word' id='word_1_758' title='bbox 3523 5801 3673 5853; x_wconf 71' lang='lat' dir='ltr'><strong>65m-</strong></span> 
     </span>
    </p>
   </div>
  </div>
