3992 6230
378 331 519 388 1085
1233 336 1577 393 EPISTULA
1614 339 1704 393 Al)
1742 336 2070 393 MAXIMUM
2109 328 2618 390 PHILOSOPHUM.
3463 320 3598 374 1086

374 447 676 519 δαιμονιαν,
706 450 780 512 ὼς
801 451 1084 523 πρότερον,
1127 455 1220 507 καὶ
1253 454 1351 525 τὴν
1377 455 1632 509 πολύθεΟν
1657 454 1838 509 αὐτῶν
1862 454 2069 518 ἀθεῖαν,
2105 453 2199 506 καὶ
2224 450 2348 512 τοὺς
2383 447 2641 506 παλαιοὺς
2667 443 2822 504 θεοὺς
2849 439 2941 494 καὶ
2967 439 3092 501 τοὺς
3128 438 3301 499 νέους,
3343 435 3436 490 καὶ
3472 435 3600 496 τοὺς

377 544 634 615 αἰσχροὺς
677 543 943 614 μύθους...
990 545 1177 616 σύγχει
1201 545 1256 598 δὲ
1303 543 1517 608 καὶτὰς
1546 544 1654 598 τῶν
1687 544 1948 616 αἱρέσεων
1987 541 2399 603 ἐπαναστάσεις,
2439 539 2532 590 καὶ
2581 533 2818 603 τοσούτῳ
2865 529 3210 600 θερμότερον,
3253 529 3362 597 ὅσῳ
3403 527 3600 579 πέπον-

380 629 498 702 θας.
535 638 825 694 Gentilium
855 643 1316 711 superstitionem,
1349 647 1406 693 ut
1436 643 1607 710 prius,
1637 638 1878 703 confuta,
1902 650 2198 706 eorumque
2221 634 2548 704 impietatem
2575 644 2682 699 qua
2711 627 2913 681 multos
2951 625 3135 678 colunt
3167 623 3331 689 deos;
3360 632 3596 676 veteres-

375 747 484 802 que
511 740 564 786 et
589 739 833 786 recentes
861 733 1010 797 deos,
1043 747 1252 786 necnon
1287 731 1550 784 obscenas
1581 724 2309 794 fabulas....'Insurgentium
2343 720 2594 776 similiter
2627 717 2894 771 haeresum
2923 714 3157 782 impetus
3189 710 3394 781 frange,
3427 725 3599 778 ecquo

375 801 561 883 acrius
597 837 706 891 quo
736 838 931 892 passus
965 838 1046 877 es.
1080 824 1210 887 Qua:
1241 821 1450 892 quidem
1478 821 1534 873 in
1569 818 1864 873 Maximum
1904 817 1973 871 ad
2001 832 2150 887 quem
2175 813 2358 868 scribit
2381 809 2723 874 Athanasius,
2758 805 2948 875 optime
2978 802 3241 873 quadram
3268 801 3356 869 qui
3381 817 3472 867 pro
3495 801 3598 868 [ide

377 912 578 968 Christi
601 889 786 986 passus
814 915 1008 984 fuerat.
1037 889 1302 986 Insignem
1333 931 1531 986 quoque
1558 913 1634 968 De
1665 913 1769 966 ﬁde
1792 911 2051 964 adversus
2075 908 2308 960 Arianos
2335 901 2526 957 librum
2551 900 2821 968 scripsisse
2846 894 3077 950 eumdem
3112 891 3425 957 Maximum,
3459 889 3597 946 Gra-

378 1012 627 1084 tianoque
663 1010 954 1066 Mediolani
977 1012 1181 1066 dedisse
1208 1016 1458 1063 memorat
1490 1015 1702 1060 sanctus
1731 1004 2081 1073 Hieronymus
2106 1001 2364 1068 Catalego
2395 997 2722 1066 scriptorum
2748 989 3267 1048 ecclesiasticarum.

1422 1282 1562 1335 ΤΟΥ
1603 1281 1706 1332 ΕΝ
1752 1273 2006 1331 ᾹΓῙΟΙΣ
2057 1273 2348 1325 ΠΑΤΡΟΣ
2388 1267 2593 1323 ΗΜΩΝ

776 1443 1408 1538 ΑΘΑΝΑΣΙΟΥ
1461 1435 2378 1529 ΑΡΧΙΕΠΙΣΚΟΠΟΥ
2434 1421 3253 1518 ΑΛΕΞΑΝΔΡΕΙΑΣ

1445 1625 1622 1678 ΠΡΟΣ
1654 1620 1969 1677 ΜΑΞιΜοΝ
1999 1616 2376 1673 amomum:
2406 1612 2487 1684 (21
2497 1613 2540 1679 ).

448 1897 548 2045 S.
595 1957 701 2045 P.
762 1955 878 2044 N.
978 1950 1618 2042 ATHANASII
1694 1942 2612 2037 ARCHIEPISCOPI
2687 1932 3520 2029 ALEXANDRINI

1327 2144 1436 2204 AD
1497 2137 1899 2201 MAXIMUM
1962 2131 2564 2197 PHILOSOPHUM.

372 2395 463 2466 Τῷ
480 2395 761 2466 ἀγαπητῷ
784 2394 881 2449 καί
896 2393 1130 2466 ἀληθῶς
1146 2393 1538 2466 ποθεινοτάτῳ
1562 2393 1670 2458 υἱῷ
1689 2394 1936 2464 Μαξᾴιῳ

2044 2391 2218 2466 733-
2258 2389 2454 2466 Dilecto
2497 2403 2570 2466 ‘ac
2638 2401 2752 2466 vere
2808 2384 3138 2466 optatissimo
3200 2382 3314 2466 [ilio
3367 2343 3602 2436 Maximo

509 2465 843 2536 φιλοσόφῳ,
861 2465 1214 2530 Ἀθανάσιος
1241 2465 1519 2533 ἐνΚιιρίῳ
1545 2465 1792 2533 χαίρειν.

443 2576 494 2630 1.
511 2577 777 2648 Ἐντυχὼν
791 2579 902 2640 τοῖς
917 2576 1010 2629 νῦν
1026 2577 1282 2645 γραφεῖσι
1302 2592 1377 2627 πα
1383 2576 1453 2647 ρὰ
1470 2574 1582 2638 σοῦ,
1602 2576 1699 2646 τὴν
1719 2576 1816 2646 μὲν
1838 2576 1937 2647 σὴν

373 2668 664 2723 εὐλάᾶειαν
685 2668 1031 2739 ἀντεδεξάμην
1049 2668 1184 2738 (Ξῖ),
1201 2667 1296 2737 τὴν
1313 2667 1366 2720 δὲ
1387 2667 1712 2738 προπέτειαν
1725 2668 1832 2720 τῶν
1865 2669 1938 2739 μὴ

366 2761 629 2814 νοούντων
651 2762 786 2832 μήτε
803 2759 837 2812 ἂ
851 2760 1087 2828 λέγουσι,
1117 2760 1251 2829 μήτε
1267 2759 1393 2828 περὶ
1410 2758 1942 2813 τίνωνδιαὸεδαιοῦν-

365 2871 479 2917 ται,
514 2853 607 2905 ἐπὶ
637 2853 770 2906 πολὺ
793 2852 1096 2922 θαυμάσας,
1135 2849 1540 2920 ἐϐουλευσάμην
1566 2849 1779 2920 άληθῶς
1811 2868 1938 2903 σιω-

368 2945 562 3014 πῆσαι.
580 2943 652 2996 Τὺ
669 2942 777 3011 γὰρ
801 2944 892 2995 ἐπὶ
922 2945 1034 3004 τοῖς
1049 2940 1192 2995 οὕτω
1212 2943 1462 3011 φανεροῖς
1476 2940 1569 2992 καὶ
1586 2940 1746 2992 πλέον
1764 2940 1940 3009 φωτὸς

367 3038 673 3108 λάμπουσιν
693 3035 1112 3107 ἀποκρίνασθαι,
1156 3034 1306 3088 οὐδὲν
1351 3033 1536 3104 ἔτερόν
1576 3036 1722 3086 ἐστιν
1751 3034 1784 3104 ἢ
1815 3051 1943 3106 προ-

368 3127 563 3196 φάσεις
630 3127 1008 3196 ἀναισχυντίας
1047 3129 1156 3189 τοῖς
1201 3125 1342 3180 οὕτω
1381 3126 1752 3197 παρανομοῦσι
1805 3142 1944 3197 παρ-

367 3219 536 3290 έχειν.
569 3219 680 3273 Καὶ
710 3219 867 3272 τοῦτο
914 3219 1066 3290 παρὰ
1087 3219 1180 3272 τοῦ
1217 3219 1466 3290 Σωτῆρος
1520 3217 1940 3288 μεμαθήκαμεν.

366 3311 668 3381 Νιψαμένῳ
705 3312 812 3382 γὰρ
858 3312 936 3382 τῷ
972 3311 1188 3381 Πιλάςῳ
1238 3312 1332 3364 καὶ
1373 3311 1796 3381 καταλαϐομένῳ
1844 3309 1942 3381 τὴν

370 3403 732 3472 συκοφαντίαν
764 3403 872 3456 τῶν
909 3405 1031 3456 τότε
1065 3403 1350 3467 Ἰουδαίων,
1378 3404 1478 3456 οὐκ
1503 3402 1584 3455 ἔτι
1614 3403 1944 3473 ἁπεκρίνατο

365 3493 516 3564 αὐτῷ
545 3496 572 3547 ὁ
596 3493 798 3565 Κύριος
819 3533 834 3557 ,
881 3494 1017 3547 ἀλλὰ
1050 3493 1247 3564 μᾶλλον
1278 3492 1608 3564 ἐχρημάτιζε
1651 3495 1717 3565 τῇ
1757 3491 1943 3545 τούτου

367 3587 609 3656 γυναικὶ,
646 3587 732 3640 ἴνα
769 3587 843 3657 μὴ
877 3588 934 3638 ὲν
962 3586 1124 3656 λόγῳ,
1158 3585 1294 3639 ἀλλὰ
1334 3587 1390 3637 ὲν
1431 3585 1658 3654 δυνάμει
1688 3583 1946 3654 πιστεύη-

367 3697 459 3732 ται
493 3681 520 3732 ὁ
552 3680 865 3750 κρινόμενος
904 3673 1039 3731 εἶναι
1072 3678 1180 3746 (‘23)
1219 3677 1369 3740 Θεός.
1406 3675 1496 3746 Τῷ
1534 3676 1593 3728 δὲ
1614 3676 1838 3745 Καῖάφᾳ
1869 3673 1943 3746 μὴ

2109 2452 2436 2530 philosopho,
2474 2457 2798 2510 Athanasius
2823 2455 2875 2508 in
2902 2454 3121 2507 Domino
3144 2452 3390 2506 salutem.

2109 2575 2160 2628 1.
2182 2571 2443 2628 Perlectis
2466 2570 2533 2626 iis
2563 2583 2683 2638 quae
2711 2582 2740 2622 a
2771 2575 2822 2620 te
2861 2567 3023 2619 modo
3047 2565 3245 2633 scripta
3278 2571 3423 2626 sunt,
3449 2571 3597 2616 tuam

2037 2667 2253 2736 quidem
2279 2661 2576 2718 collaudavi
2597 2661 2866 2729 pietatem;
2892 2657 2982 2713 sed
3004 2656 3350 2711 vehementer
3363 2653 3604 2708 admira-

2041 2767 2127 2812 tus
2145 2756 2428 2811 hominum
2452 2752 2829 2816 temeritatem,
2845 2750 2936 2819 qui
2962 2764 3068 2802 non
3090 2747 3414 2814 intelligunt,
3432 2758 3606 2811 neque

2039 2865 2160 2922 qum
2201 2849 2497 2917 loquuntur
2529 2858 2708 2912 neque
2735 2842 2801 2895 de
2824 2841 3022 2910 quibus
3055 2838 3321 2894 allirmant
3357 2836 3419 2900 “,
3446 2835 3605 2888 silere

2039 2941 2261 2997 omnino
2273 2947 2587 2994 statueram.
2606 2933 2882 3004 Siquidem
2897 2934 2964 2988 de
2977 2933 3134 2986 rebus
3150 2939 3258 2984 tam
3273 2925 3605 2984 evidentibus

2039 3035 2266 3102 luceque
2292 3033 2409 3102 ipsa
2434 3029 2758 3085 clarioribus
2784 3024 3133 3095 respondere,
3170 3021 3301 3075 nihil
3332 3017 3476 3073 aliud
3517 3026 3601 3070 est

2041 3141 2203 3196 quam
2257 3121 2606 3193 impudentiae
2632 3134 2821 3174 ansam
2858 3114 3168 3183 huiusmodi
3207 3110 3467 3182 improbis
3500 3109 3603 3161 bo-

2041 3219 2281 3274 minibus
2314 3216 2573 3286 praebere.
2628 3212 2682 3267 Id
2720 3227 2850 3267 vero
2901 3209 2985 3263 vel
3039 3209 3106 3262 ab
3141 3209 3259 3276 ipso
3315 3201 3605 3258 didicimus

2045 3309 2352 3363 Salvatore.
2381 3303 2515 3358 Nam
2553 3313 2845 3372 postquam
2876 3297 3084 3351 Pilatus
3130 3307 3324 3348 manus
3363 3291 3602 3350 lavisset,

2043 3416 2108 3455 ac
2158 3398 2469 3454 Judzeorum
2511 3392 2839 3448 calumniam
2897 3387 3206 3443 admisisset
3240 3383 3306 3448 η,
3362 3379 3498 3433 nihil
3553 3377 3604 3431 ei

2044 3490 2276 3560 amplius
2304 3486 2585 3557 respondit
2629 3483 2910 3544 Dominus,
2963 3477 3056 3533 sed
3090 3475 3270 3546 potius
3307 3473 3426 3542 ejus
3471 3483 3606 3523 uxo-

2044 3595 2159 3634 rem
2192 3578 2414 3634 oraculo
2447 3576 2490 3607 ¹⁸
2525 3573 2756 3636 monuit,
2801 3579 2860 3625 ut
2885 3584 2953 3623 ne
2975 3584 3038 3622 ex
3070 3565 3245 3621 verbis
3277 3562 3372 3617 sed
3408 3575 3473 3615 ex
3507 3574 3606 3628 po-

2045 3669 2210 3725 tentia
2260 3668 2329 3730 is,
2360 3665 2453 3735 qui
2500 3663 2866 3735 judicabatur,
2916 3658 3062 3713 Deus
3108 3671 3230 3710 esse
3275 3653 3602 3708 crederetur.

366 3741 794 3840 ἀποκρινόμενος
837 3769 972 3840 πρὸς
1142 3741 1406 3838 φλυαρίαν
1430 3809 1444 3832 ,
1467 3741 1640 3830 ⁷αὐτὸς
1668 3769 1730 3836 τῇ

2044 3760 2185 3814 Idem
2233 3767 2418 3813 autem
2446 3757 2560 3825 ipse
2584 3755 2678 3824 qui
2709 3753 2844 3807 nihil
2878 3751 2945 3805 ad
2975 3747 3192 3818 Caiphae
3227 3741 3458 3813 ineptias
3519 3754 3607 3793 re-

367 3860 526 3932 γελὶα
545 3864 669 3924 τοὺς
709 3862 913 3923 πάντας
937 3862 1016 3920 εἰς
1043 3859 1242 3926 γνῶσιν
1272 3859 1596 3928 μετήγαγεν.
1647 3857 1768 3910 Ἐπί⁸
1805 3855 1938 3908 πολὺ

367 3952 500 4020 γοῦν
533 3952 951 4024 ὑπερτιθέμενος
981 3951 1076 4005 καὶ
1103 3949 1242 4021 ὁρῶν
1265 3949 1360 4018 τὴν
1387 3949 1494 4001 τῶν
1515 3947 1940 4018 ἀναιδευομένων

367 4044 719 4115 λογομαχίαν,
775 4045 927 4114 μόλις
975 4042 1203 4113 ᾐδέσθην
1245 4043 1334 4094 τὸν
1381 4041 1471 4094 σὺν
1517 4040 1656 4110 ὑπὲρ
1686 4039 1783 4109 τῆς
1812 4039 1942 4107 ἀλη-

368 4135 520 4196 θείας
550 4133 709 4204 ζῆλον
733 4173 747 4197 ,
775 4134 870 4184 καὶ
899 4131 1250 4203 ὑπηγόρευσα
1282 4129 1434 4182 οὐδὲν
1464 4129 1625 4182 πλέον
1655 4127 1764 4180 τῶν
1793 4126 1942 4198 παρὰ

369 4224 464 4277 σού
494 4223 810 4295 γραφέντων
834 4263 849 4286 ,
886 4223 950 4275 ἵν’
979 4219 1058 4286 οἷς
1093 4221 1411 4292 ἀντείρηκεν
1441 4223 1468 4273 ὁ
1511 4219 1750 4282 ἐναντίος
1771 4259 1785 4284 ,
1813 4217 1939 4270 τού-

366 4330 480 4375 τοις
503 4313 686 4366 λοιπὸν
725 4311 966 4375 πεισθεὶς
986 4351 999 4373 ,
1043 4311 1223 4381 παύσῃ
1251 4309 1345 4380 τὴν
1375 4309 1623 4377 γλῶσσαν
1649 4307 1810 4360 αὐτοῦ
1834 4307 1941 4360 ἀπὸ

368 4404 564 4466 κακοῦ,
595 4403 688 4456 καὶ
722 4403 871 4473 χείλη
911 4403 1072 4455 αὑτοῦ
1113 4401 1206 4454 τοῦ
1240 4402 1312 4472 μὴ
1347 4400 1575 4470 λαλῆσαι
1614 4399 1784 4452 δόλον.
1833 4399 1943 4451 Καὶ

367 4494 575 4563 γένοιτο
603 4494 701 4564 μὲν
729 4494 855 4556 τοὺς
881 4493 1151 4556 τοιούτους
1179 4493 1372 4563 μηκέτι
1399 4493 1649 4545 ὀνειδίσαι
1673 4491 1809 4563 μετὰ
1834 4491 1942 4544 τῶν

371 4584 778 4654 παροδευόντων
804 4584 925 4635 τότε
959 4581 1224 4636 Ἰουδαίων
1253 4582 1340 4634 τὸν
1364 4581 1705 4652 κρεμάμενον
1734 4581 1825 4632 ἐπὶ
1857 4578 1944 4644 ξύ-

371 4676 485 4738 λου,
529 4677 590 4728 Εἰ
614 4675 740 4738 Υίὸς
771 4677 886 4728 ἐστι
915 4674 1007 4726 τοῦ
1035 4673 1190 4738 Θεοῦ,
1226 4671 1387 4725 σώσει
1416 4675 1605 4727 αὐτόν·
1637 4673 1728 4725 ἐὰν
1756 4674 1811 4726 δὲ
1836 4673 1944 4744 ἄρα

375 4767 510 4837 μηδὲ
541 4765 711 4829 οὕτως
738 4765 1138 4829 καταδύωνται,
1171 4762 1306 4816 ἀλλὰ
1357 4764 1420 4815 σὺ
1454 4765 1552 4834 τῆς
1586 4764 1944 4835 ἁποστολικῆς

373 4854 726 4925 μνημονεύων
747 4851 1146 4922 παραγγελίας,
1169 4850 1464 4919 αἱρετικὸν
1477 4852 1785 4919 ἄνθρωπον
1795 4855 1946 4922 μετὰ

363 4947 517 5017 μίαν
538 4945 636 4999 καὶ
658 4945 945 5013 δευτέραν
965 4945 1286 4998 νουθεσίαν
1310 4944 1618 5011 παραιτοῦ,
1640 4944 1828 5010 εἰδὼς,
1857 4945 1945 4998 ὅτι

368 5037 763 5106 ἐξέστραπται
806 5040 838 5091 ό
885 5037 1168 5102 τοιοῦτος,
1211 5037 1308 5089 καὶ
1347 5036 1663 5105 ἁμαρτάνει
1711 5034 1793 5088 ὢν
1836 5039 1939 5091 αὐ-

369 5127 807 5194 τοκατάκριτος.
861 5128 925 5179 Et
961 5126 1059 5197 μὲν
1092 5127 1200 5196 γὰρ
1229 5126 1486 5196 Ἕλληνες
1529 5126 1694 5197 ἢτῶν
1733 5128 1946 5180 Ἰουδαῖ-

368 5216 571 5283 ζόντων
601 5221 712 5290 (24)
754 5220 890 5272 εἰσὶν
919 5221 968 5271 οί
1011 5219 1079 5272 τὰ
1122 5219 1344 5272 τοιαῦτα
1382 5218 1705 5289 τολμῶντες,
1736 5220 1811 5282 ὡς
1840 5219 1939 5289 μὲν

443 5332 486 5362 ³³
528 5332 545 5384 l
575 5331 718 5388 Tim.
753 5350 790 5392 ι.
819 5332 869 5383 7.
969 5333 1012 5364 ¹⁵
1051 5331 1240 5386 Matth.
1269 5348 1438 5398 sxvn,
1466 5333 1555 5388 21.

374 5417 547 5462 xxvn,
582 5400 672 5456 40.
751 5403 793 5433 ³³
835 5400 942 5458 Tit.
977 5419 1059 5466 tn,
1094 5402 1180 5466 10,
1207 5404 1290 5457 11.

445 5496 576 5567 (ει),
595 5497 806 5567 Scripta
839 5514 982 5567 anno
999 5498 1212 5553 circiter
1234 5497 1624 5561 57L—BasiL,
1643 5499 1937 5554 ἐπίσκοπον

299 5623 308 5632 ,
370 5580 474 5638 pro
504 5566 809 5638 φιλόσοφον.
839 5567 894 5621 1η
926 5566 1259 5636 Segueriano
1292 5569 1473 5638 nullus
1495 5569 1792 5638 praeﬁgitur
1821 5572 1945 5624 titu-

393 5650 495 5710 us,_
509 5637 769 5710 sed_a|ii§
801 5639 1020 5692 omissis
1055 5638 1330 5710 incipitur,
1355 5637 1446 5710 uti)
1476 5637 1762 5710 ἆγαπήτῷ,
1801 5650 1905 5710 etc.

447 5691 559 5777 (22)
604 5704 695 5760 Sic
730 5706 953 5777 Seguer.
986 5691 1038 5764 et
1067 5691 1233 5763 Bas'il.
1254 5691 1367 5764 ’Aiii
1400 5691 1536 5764 ὕετο·
1555 5691 1611 5765 et
1637 5691 1787 5774 editi,
1809 5691 1938 5762 is}-

1655 5334 1698 5366 “
1738 5335 1869 5390 ibid.
1897 5335 1982 5389 l9.

2044 3851 2358 3922 sponderat,
2387 3846 2751 3919 promissione
2781 3859 2879 3899 sua
2901 3856 3092 3898 omnes
3117 3839 3182 3894 ad
3214 3838 3299 3893 sui
3343 3833 3607 3905 cognitio-

2043 3958 2166 3998 nem
2199 3940 2441 3996 traduxit
2468 3940 2532 3993 “.
2561 3937 2698 3990 Hinc
2725 3936 2892 4006 igitur
2918 3933 3010 3988 diu
3037 3935 3151 4002 ipse
3177 3927 3386 3991 distuli,
3407 3926 3608 3993 vixque

2045 4034 2286 4098 tandem,
2313 4046 2504 4086 eorum
2554 4037 2860 4084 commotus
2906 4022 3236 4094 impudentia
3270 4031 3323 4073 et
3362 4016 3607 4086 loquaci-

2044 4135 2174 4190 tate,
2215 4135 2310 4180 tuo
2336 4139 2434 4194 pro
2464 4122 2688 4176 veritate
2717 4118 2856 4175 cessi
2879 4115 3081 4171 ardori.
3114 4112 3257 4166 Nihil
3281 4123 3458 4166 tamen
3485 4109 3607 4178 plus

2042 4215 2240 4272 dictavi
2275 4214 2341 4269 iis
2392 4228 2513 4282 qua:
2547 4227 2576 4265 a
2610 4221 2662 4266 te
2709 4211 2912 4279 scripta
2939 4216 3087 4272 sunt,
3123 4214 3184 4259 ut
3216 4204 3416 4274 quibus
3446 4214 3609 4269 repuo

2045 4307 2227 4378 gnavit
2263 4303 2628 4366 adversarius,
2666 4302 2859 4357 iisdem
2911 4300 3026 4370 jam
3065 4309 3365 4367 persuasus
3421 4289 3608 4361 prohi-

2042 4400 2168 4454 beat
2201 4399 2441 4468 linguam
2474 4411 2628 4450 suam
2660 4409 2690 4447 a
2722 4393 2886 4459 malo,
2918 4401 2973 4446 et
2997 4391 3142 4444 labia
3169 4405 3266 4443 sua
3290 4402 3357 4441 ne
3381 4386 3608 4454 loquan-

2047 4500 2132 4544 tur
2161 4491 2346 4544 dolum
2382 4488 2446 4541 ".
2501 4485 2720 4540 Utinam
2753 4500 2878 4538 vero
2906 4498 3015 4536 non
3065 4480 3297 4550 amplius
3321 4492 3442 4531 cum
3474 4490 3611 4545 prae-

2043 4581 2385 4636 tereuntibus
2411 4587 2543 4634 tunc
2571 4576 2772 4632 Judaeis
2809 4588 3075 4644 suspenso
3122 4572 3177 4625 in
3211 4584 3374 4625 cruce
3416 4580 3610 4634 expro-

2045 4674 2226 4737 brent,
2267 4669 2324 4724 Si
2357 4668 2530 4724 Filius
2577 4667 2674 4721 Dei
2707 4678 2814 4731 est,
2841 4667 3080 4735 seipsnm
3109 4662 3320 4717 salvum
3361 4656 3519 4710 faciet
3542 4653 3604 4706 ¹⁸.

2045 4764 2201 4832 Quod
2231 4765 2274 4819 si
2295 4778 2394 4817 nec
2410 4762 2491 4817 sic
2507 4761 2629 4814 illos
2646 4775 2758 4814 sua:
2778 4758 3021 4812 audaciae
3045 4753 3264 4826 pudeat,
3283 4760 3336 4804 tu
3358 4745 3607 4818 praecepti

2045 4854 2327 4924 apostolici
2358 4866 2586 4915 memor,
2641 4849 2944 4904 hterelicum
2969 4846 3228 4899 hominem
3242 4848 3356 4910 post
3384 4853 3543 4890 uuam
3557 4844 3607 4889 et

2045 4943 2326 5000 secundum
2373 4943 2754 5011 correptionem
2794 4941 2987 5003 devita,
3025 4937 3191 4988 sciens
3229 4932 3355 5003 quia
3393 4927 3607 4982 subver—

2047 5054 2136 5090 sus
2165 5048 2242 5090 est
2272 5038 2362 5106 qui
2395 5034 2656 5104 ejusmodi
2700 5019 2799 5094 est,
2835 5040 2882 5082 et
2931 5027 3214 5096 delinquit,
3243 5040 3360 5077 eum
3391 5023 3461 5075 sit
3485 5035 3608 5089 pio-

2046 5133 2162 5202 prio
2206 5130 2413 5200 judicio
2446 5129 2821 5183 condemnatus
2849 5124 2912 5174 ‘9.
2945 5120 3078 5174 Nam
3132 5119 3176 5175 si
3226 5116 3452 5188 gentiles
3482 5121 3606 5168 sunt

2043 5231 2139 5274 aut
2162 5237 2228 5274 ex
2274 5219 2676 5274 Judaizantium
2713 5227 2942 5267 numero
2983 5211 3078 5280 qui
3111 5209 3241 5263 talia
3273 5207 3493 5267 audent,
3531 5203 3607 5256 illi

2089 5337 2134 5367 “
2164 5335 2355 5388 Matth.
2377 5348 2522 5395 xxvi,
2553 5329 2639 5384 65.
2719 5328 2760 5358 ⁸⁷
2801 5326 2945 5382 Psal.
2978 5341 3171 5388 xxnn,
3202 5323 3254 5376 1.
3333 5321 3376 5352 ’⁸
3413 5319 3602 5375 Matth.

2046 5497 2240 5570 ξάμην.
2259 5495 2379 5574 Mox
2393 5509 2462 5574 ex
2490 5492 2712 5562 Seguer.
2731 5488 3047 5559 particulam
3076 5489 3148 5558 μή
3178 5487 3230 5541 in
3263 5484 3423 5540 editis
3439 5485 3605 5541 omis-

2045 5566 2162 5625 sam
2177 5566 2554 5620 'restituimus.

2115 5636 2230 5704 (23)
2269 5631 2419 5704 Εἶναι
2450 5634 2605 5704 abest
2635 5646 2664 5684 a
2694 5627 2910 5704 G_oble_r.
2943 5639 2995 5704 et
3029 5625 3253 5704 F_el_¢3_l.

2115 5694 2224 5774 (“Mi
2266 5703 2649 5773 Seguel'ianus,
2681 5700 2787 5754 τῶν
2816 5698 2910 5753 νῦν
2951 5694 3350 5758 Ἰονδδαῖζὸντων.
