3992 6230
420 421 555 478 108Ἓ1
1026 424 1104 482 .S.
1146 424 1518 482 ATHANASII
1557 424 1707 481 OPP.
1741 421 1923 479 PARS
1960 422 1981 477 Ι

2091 455 2100 464 -
2130 419 2497 478 HISTORICA
2532 417 2621 474 ΕΤ
2661 416 3075 475 DOGMATICA.
3497 414 3629 468 1088

402 541 644 611 quidem,
700 551 761 597 ut
822 541 1021 610 Judaei,
1076 543 1414 607 scandalum,
1457 543 1577 610 vel,
1624 553 1681 598 ut
1716 541 1962 611 gentiles,

2091 539 2323 593 Ἰουδαῖοι
2358 537 2670 602 σκάνδαλον,
2710 536 2786 600 ῶς
2829 536 2886 589 δὲ
2917 534 3172 606 Ἕλληνες
3195 533 3405 605 μωρίαν
3429 532 3635 602 νομιζέ-

403 631 687 689 ἐιιιιιίιίειιι
714 647 837 689 esse
866 634 1199 689 arbitrentur
1227 632 1434 689 Christi
1459 648 1678 689 crucem
1715 633 1784 687 ".
1821 630 1890 686 At
1917 631 1962 686 si

2091 647 2244 684 :wcav
2266 630 2357 684 τὸν
2390 630 2617 702 σταυρὸν
2648 629 2747 683 τοῦ
2772 626 3005 699 Χριστοῦ
3032 644 3047 658 -
3095 627 3142 678 εί
3166 624 3221 679 δὲ
3257 624 3634 696 ὑποκρίνονται

404 739 464 777 se
491 721 838 781 Christianos
885 725 1145 781 simulant
1193 740 1333 790 esse,
1381 726 1599 781 discant
1644 724 1964 781 cruciﬁxum

2091 726 2142 789 ὺς
2162 723 2492 797 Χριστιανοὶ,
2534 722 2849 795 μαθέτωσαν
2868 720 2958 775 τὸν
2980 716 3355 790 σταυρωθέντα
3377 716 3634 788 Χριστὸν,

403 813 706 877 Christum,
741 812 1033 870 Dominum
1061 814 1245 886 gloriae
1281 816 1350 881 ¹¹,
1394 813 1598 886 Deique
1629 814 1886 871 virtutem
1914 822 1969 868 et

404 904 728 974 sapientiam
758 920 881 960 esse
916 907 984 959 ¹².

472 992 529 1050 2.
554 994 712 1061 Quod
737 996 782 1051 si
819 995 1069 1052 dubitent
1098 1006 1281 1052 utrum
1304 996 1370 1053 sit
1397 995 1558 1061 Deus,
1590 995 1855 1051 Thomam
1885 1010 1969 1051 re-

405 1097 718 1154 vereantur,
734 1088 828 1159 qui
843 1088 1162 1145 cruciﬁxum
1177 1089 1427 1144 manibus
1439 1089 1812 1156 contrectavit,
1825 1102 1973 1142 eum-

406 1194 513 1250 que
539 1178 831 1235 Dominum
860 1190 915 1235 et
933 1182 1097 1235 Deum
1126 1195 1246 1235 esse
1260 1180 1547 1235 afﬁrmavit
1569 1179 1634 1235 ³⁸.
1654 1180 1769 1233 Imo
1790 1179 1969 1249 ipsum

408 1270 635 1326 timeant
648 1270 954 1337 Dominum,
973 1271 1067 1341 qui
1085 1271 1210 1326 lotis
1225 1270 1611 1341 discipulorum
1628 1268 1853 1340 pedibus
1865 1267 1969 1322 ait:

423 1359 526 1416 Vos
550 1363 748 1416 vocatis
774 1378 874 1429 me,
912 1363 1163 1417 Dominus
1178 1372 1227 1416 et
1252 1363 1520 1432 magister,
1551 1369 1600 1415 σε
1621 1360 1743 1413 bene
1758 1359 1935 1412 dicitis
1952 1374 1972 1413 :

408 1471 527 1510 sum
547 1455 824 1511 etenim“.
856 1455 1021 1526 Atqui
1070 1469 1181 1526 quo
1243 1454 1294 1509 in
1336 1467 1564 1523 corpore
1609 1452 1773 1523 pedes
1821 1450 1972 1516 lavit,

410 1549 469 1603 in
520 1548 711 1604 eodem
758 1556 981 1619 peccata
1043 1555 1230 1602 nostra
1285 1547 1342 1600 in
1388 1546 1593 1616 lignum
1657 1543 1879 1598 sustulit
1904 1542 1973 1598 ⁸⁵.

418 1638 572 1696 Tunc
593 1650 771 1696 autem
804 1640 978 1711 palam
1011 1654 1194 1695 rerum
1227 1637 1473 1693 omnium
1510 1635 1730 1707 agnitus
1760 1643 1843 1691 est
1866 1634 1975 1690 Do‘

413 1732 618 1795 minus,
678 1747 802 1787 cum
870 1730 1078 1787 scilicet
1108 1729 1192 1786 sol
1240 1728 1423 1783 radios
1480 1727 1747 1783 contraxit
1801 1740 1974 1790 suos,

2069 816 2290 890 Κύριον⁹
2315 818 2412 889 μὲν
2459 815 2558 887 τῆς
2593 813 2752 885 δόξης
2774 855 2790 878 ,
2824 811 3051 884 δύναμιν
3097 811 3154 866 δὲ
3192 808 3328 865 Θεοῦ
3365 810 3458 864 καὶ
3500 808 3638 864 Θεοῦ

2072 908 2263 979 σοφίαν
2289 908 2455 964 αὑτὸν
2484 902 2644 962 εἶναι.

2138 1001 2194 1056 2.
2231 1002 2292 1054 Ei
2317 1000 2374 1055 δὲ
2396 998 2844 1071 ἀμφιϐάλλουσιν,
2871 998 2953 1051 ὃτι
2983 994 3077 1050 καὶ
3101 995 3230 1060 Θεός
3269 997 3448 1061 ἐστιν,
3482 995 3644 1049 αἰδεί-

2073 1093 2284 1148 σθωσαν
2302 1094 2393 1147 τὸν
2420 1093 2620 1163 Θωμᾶν
2656 1092 2746 1145 τὸν
2771 1090 3162 1162 ψηλαφήσαντα
3189 1087 3279 1141 τὸν
3304 1087 3648 1160 ἐσταυρωμέ-

2070 1199 2180 1248 νον,
2220 1184 2316 1237 καὶ
2346 1182 2571 1251 λέγοντα
2602 1180 2803 1252 Κύριον
2845 1179 3007 1233 αὐτὸν
3043 1175 3182 1232 εἶναι
3216 1179 3311 1233 καὶ
3342 1178 3496 1233 Θεόν.
3530 1179 3644 1232 Καὶ

2073 1274 2446 1344 φοϐείσθωσαν
2475 1273 2636 1327 αὐτὸν
2683 1272 2775 1326 τὸν
2803 1272 3036 1343 Κύριον,
3074 1271 3165 1325 τὸν
3206 1272 3342 1342 μετά
3382 1268 3444 1324 τὸ
3491 1271 3640 1341 νίψαι

2072 1365 2199 1428 τοὺς
2230 1366 2395 1430 πόδας
2434 1364 2544 1421 τῶν
2582 1363 2842 1437 μαθητῶν
2880 1363 3104 1432 λέγοντα
3126 1377 3139 1393 ’
3182 1362 3366 1433 Ὑμεῖς
3397 1362 3644 1433 φωνεῖτέ

2068 1473 2145 1526 με
2169 1459 2202 1511 ό
2220 1459 2435 1526 Κύριος
2457 1456 2554 1511 καὶ
2579 1460 2612 1511 ό
2642 1454 3032 1522 διδάσκωϊος,
3063 1455 3159 1509 καὶ
3190 1453 3388 1520 καλῶς
3418 1452 3642 1525 λέγετε·

2074 1546 2190 1616 εἰμὶ
2237 1544 2347 1617 γάρ
2389 1544 2526 1616 (25).
2585 1547 2674 1599 Ἑν
2717 1537 2761 1613 ᾧ
2803 1544 2862 1598 δὲ
2911 1544 3121 1615 σώματι
3160 1548 3444 1614 τυγχάνων
3497 1544 3643 1614 ένιψε

2075 1637 2200 1701 τοὺς
2229 1637 2416 1702 πόδας,
2448 1639 2505 1691 έν
2535 1637 2709 1709 τούτῳ
2737 1635 2836 1700 τὰς
2858 1638 3132 1709 ἁμαρτίας
3163 1636 3320 1709 ἡμῶν
3352 1637 3647 1709 ἀνήνεγκεν

2077 1728 2171 1781 ἐπὶ
2212 1727 2272 1783 τὸ
2322 1728 2495 1797 ξύλον.
2562 1727 2949 1803 Ἐμαρτυρεϊτό
2998 1748 3055 1783 τε
3086 1730 3351 1801 δεσπότης
3389 1733 3488 1802 τῆς
3535 1731 3649 1784 κτί-

413 1831 557 1881 terra
585 1823 839 1888 tremuit,
864 1823 1048 1878 scissa:
1080 1830 1243 1891 petra:
1271 1828 1419 1885 sunt,
1446 1820 1657 1890 ipsique
1694 1821 1977 1874 carniﬁces

2091 1835 2236 1882 τεως,
2272 1820 2644 1883 συστείλαντος
2671 1821 2768 1891 μὲν
2812 1819 2905 1873 τοῦ
2947 1818 3096 1892 ήλίου
3130 1820 3229 1882 τὰς
3271 1820 3525 1883 ἀκτῖνας,
3556 1820 3650 1874 καὶ

414 1924 752 1987 agnoverunt
784 1915 1107 1971 cruciﬁxum
1141 1929 1267 1969 vere
1299 1912 1498 1967 Filium
1532 1912 1628 1967 Dei
1667 1927 1808 1968 esse.
1866 1911 1976 1968 Nec

414 2010 560 2064 enim
599 2007 839 2063 hominis
865 2006 1169 2078 cujuspiam
1201 2004 1297 2062 sed
1326 2004 1419 2060 Dei
1452 2014 1573 2060 erat
1601 2019 1801 2074 corpus
1828 2004 1976 2074 quod

415 2099 760 2162 cernebatur,
793 2098 845 2152 in
882 2112 991 2168 quo
1021 2113 1145 2153 cum
1183 2108 1327 2152 esset
1367 2107 1421 2150 et
1453 2111 1577 2150 cum
1628 2096 1977 2167 cruciﬁgere-

416 2203 526 2260 tur,
552 2203 799 2249 mortuos
821 2193 1110 2248 excitabat.
1147 2192 1414 2258 Quocirca
1450 2206 1552 2246 nec
1584 2189 1806 2245 ferenda
1850 2189 1976 2246 illo-

418 2303 539 2342 rum
573 2287 803 2342 audacia
830 2295 934 2352 est,
977 2300 1085 2356 qua
1116 2284 1210 2340 Dei
1256 2283 1490 2339 Verbum
1524 2282 1716 2339 dicunt
1745 2281 1812 2338 ad
1854 2297 1981 2337 san-

418 2387 566 2433 ctum
629 2378 864 2446 aliquem
915 2377 1189 2432 hominem
1250 2374 1454 2429 factum
1511 2389 1633 2430 esse
1696 2372 1788 2443 (id
1834 2372 1980 2427 enim

419 2464 650 2536 singulis
688 2466 966 2538 prophetis
1005 2464 1236 2536 aliisque
1275 2472 1479 2521 sanctis
1519 2463 1654 2518 viris
1681 2461 1907 2532 contigit
1930 2459 1975 2525 ),

421 2572 491 2612 ne
519 2556 572 2611 in
614 2556 844 2625 singulis
872 2572 1060 2611 eorum
1093 2565 1275 2620 natus,
1304 2554 1358 2608 in
1390 2553 1621 2625 singulis
1645 2568 1836 2608 eorum
1864 2567 1982 2608 mo-

423 2656 654 2703 reretur.
702 2646 864 2720 734
890 2645 1091 2702 Verum
1127 2663 1236 2702 non
1264 2646 1341 2702 ita
1368 2654 1490 2701 est:
1532 2644 1709 2700 absitl
1745 2642 1850 2698 Sed
1898 2657 1985 2699 se—

424 2739 532 2795 mel
560 2741 615 2794 in
637 2738 744 2795 ﬁne
768 2740 1089 2796 saeculorum
1113 2779 1129 2804 ,
1178 2738 1507 2795 eliminandi'
1540 2737 1749 2808 peccati
1793 2750 1983 2800 causa,

424 2821 663 2881 Verbum
697 2826 872 2896 ipsum
903 2826 1104 2883 factum
1136 2843 1265 2883 caro
1288 2836 1394 2888 est.
1413 2836 1467 2882 et
1492 2842 1558 2881 ex
1588 2826 1758 2881 Maria
1780 2825 1987 2896 virgine

424 2916 628 2989 prodiit
652 2919 813 2975 homo
846 2921 1005 2976 nobis
1034 2921 1252 2985 similis,
1283 2920 1377 2991 qui
1407 2929 1461 2975 et
1496 2920 1636 2975 idem
1674 2918 1738 2973 ad
1763 2917 1987 2973 Iudaeos

425 3010 504 3065 ait
531 3029 545 3066 :
575 3010 718 3076 Quid
750 3027 830 3066 me
874 3013 1112 3082 quwritis
1144 3013 1469 3081 interﬁrere,
1500 3012 1760 3066 hominem
1792 3010 1881 3081 qui
1912 3025 1993 3064 νο-

427 3103 638 3157 ritatem
695 3103 836 3157 vobis
888 3108 1093 3158 locutus
1148 3120 1264 3158 sum
1285 3104 1368 3157 “‘3
1408 3101 1517 3158 Nec
1569 3102 1697 3158 item
1743 3101 1989 3170 corporis

2075 1908 2175 1979 τῆς
2213 1909 2317 1979 γῆς
2355 1907 2679 1981 τρεμούσης,
2715 1910 2808 1963 καὶ
2849 1909 2959 1962 τῶν
3001 1909 3214 1983 πετρῶν
3252 1907 3363 1981 (26)
3408 1910 3651 1982 σχιζομέ-

2077 2014 2206 2063 νων,
2261 1998 2355 2051 καὶ
2397 1997 2507 2053 τῶν
2534 1998 2744 2070 δημίων
2777 1999 3127 2068 ὲπιγνόντων,
3157 2001 3240 2054 ὅτι
3272 1999 3486 2070 ἀληθῶς
3514 2000 3650 2054 Θεοῦ

2082 2088 2207 2152 Υἱός
2234 2090 2385 2144 ἐστιν
2411 2090 2439 2142 6
2475 2088 2828 2162 σταυρωθείς.
2865 2092 2939 2144 Οὐ
2969 2091 3077 2163 γὰρ
3104 2089 3387 2164 ἀνθρώπου
3411 2092 3555 2157 τινος
3584 2087 3653 2164 ἦν

2079 2180 2139 2234 τὸ
2168 2179 2496 2252 βλεπόμενον
2518 2182 2697 2254 σῶμα,
2743 2182 2878 2237 ἀλλά
2903 2182 3061 2247 Θεοῦ,
3094 2185 3152 2237 ὲν
3179 2177 3223 2252 ᾧ
3253 2184 3535 2255 τυγχάνων
3558 2186 3652 2239 καὶ

2079 2277 2167 2329 ὅτε
2222 2277 2582 2349 ὲσταυροῦτο,
2642 2280 2831 2351 ἧγειρε
2885 2279 3131 2350 νεκρούς.
3198 2280 3286 2334 Διὸ
3330 2281 3450 2336 οὐδὲ
3494 2281 3653 2337 καλὸν

2081 2369 2255 2421 έκεῖνο
2288 2366 2401 2438 (27)
2431 2367 2609 2421 αὐτῶν
2644 2368 2900 2440 τόλμημα
2926 2369 2988 2423 τὸ
3012 2369 3169 2438 λέγον
3189 2410 3203 2433 ,
3234 2372 3314 2424 ὃτι
3338 2373 3418 2435 είς
3449 2370 3656 2443 ἀνθρω-

2083 2458 2184 2512 πόν
2202 2475 2321 2512 τινα
2349 2458 2502 2528 ἀγιον
2519 2459 2736 2529 ἐγένετο
2765 2461 2794 2513 6
2820 2460 2915 2515 τοῦ
2965 2459 3101 2514 Θεοῦ
3136 2461 3307 2530 Λόγος
3345 2461 3525 2531 (τοῦτο
3549 2462 3655 2534 γὰρ

2084 2554 2142 2605 ὲν
2173 2551 2388 2623 ἑκάστῳ
2418 2552 2633 2621 ἐγένετο
2668 2552 2779 2625 (28)
2818 2553 2926 2607 τῶν
2964 2554 3257 2625 προφητῶν
3298 2553 3390 2609 καὶ
3426 2554 3533 2609 τῶν
3560 2554 3654 2610 ἀλ-

2084 2641 2191 2695 λων
2220 2641 2409 2714 ἁγίων)
2430 2684 2445 2709 ,
2489 2643 2573 2696 ἵνα
2624 2644 2696 2715 μή
2746 2642 2869 2698 καθ’
2910 2644 3137 2699 ἕκαστον
3185 2643 3520 2715 γεννώμενος
3563 2645 3654 2698 καὶ

2088 2735 2250 2790 πάλιν
2280 2736 2637 2809 ἀποθνήσκων
2679 2738 2956 2810 φαίνηται.
3011 2738 3125 2791 Οὐκ
3181 2738 3295 2792 ἔστι
3342 2738 3398 2792 δὲ
3445 2737 3648 2802 οὕτως*

2091 2823 2164 2895 μὴ
2193 2824 2428 2894 γένοιτοί
2489 2827 2628 2881 Ἀλλ’
2674 2826 2820 2894 ἅπαξ
2865 2828 2958 2881 ἐπὶ
3001 2827 3273 2899 συντελείᾳ
3318 2828 3425 2881 τῶν
3453 2826 3657 2881 αἰώνων

2089 2916 2168 2979 είς
2196 2916 2452 2987 ἀθέτησιν
2481 2919 2581 2989 τῆς
2610 2918 2884 2992 ἁμαρτίας
2922 2919 3083 2982 αὐτὸς
3109 2919 3138 2970 6
3163 2918 3334 2988 Λιόγος
3367 2917 3504 2991 σὰρξ
3540 2917 3660 2988 ἐγέ-

2089 3022 2230 3071 νετο,
2265 3010 2361 3063 καὶ
2400 3012 2464 3063 ὲκ
2489 3010 2710 3082 Μαρίας
2729 3010 2831 3081 τῆς
2859 3010 3133 3083 Παρθένου
3161 3009 3430 3083 προῆλθεν
3464 3011 3662 3082 ἀνθρω-

2092 3114 2191 3162 πος
2219 3098 2341 3153 καθ’
2365 3102 2623 3171 ὁμοίωσιν
2646 3103 2944 3175 ἡμετέραν,
2983 3102 3060 3166 ώς
3086 3101 3179 3156 καὶ
3207 3101 3342 3174 πρὸς
3382 3101 3663 3164 Ἰουδαίους

428 3194 570 3251 alius
597 3193 880 3264 cujusdam
913 3195 1151 3251 hominis
1189 3196 1485 3266 participes
1507 3193 1656 3260 facti,
1689 3193 1784 3249 sed
1816 3192 1986 3263 ipsius

2093 3189 2197 3261 εφη
2223 3208 2238 3221 ο
2278 3193 2340 3246 Τί
2371 3190 2588 3261 ζητεῖτέ
2614 3212 2690 3263 με
2717 3196 3064 3250 ἀποκτεῖναι
3091 3195 3423 3264 ἄνθρωπον,
3461 3194 3528 3261 ὃς
3551 3193 3663 3262 τὴν

430 3283 592 3341 Verbi
633 3299 830 3356 corpus
859 3286 1210 3357 accipientes,
1248 3287 1323 3342 dii
1357 3286 1639 3343 eﬁicimur.

2092 3284 2379 3351 ἀλήθειαν
2405 3285 2548 3356 ὑμῖν
2582 3285 2890 3356 λελάληκα
2907 3302 2927 3351 ;
2971 3288 3084 3341 Οὐκ
3113 3286 3399 3360 ἀνθρώπου
3440 3288 3500 3340 τέ
3525 3302 3664 3352 τινος

433 3379 749 3451 μετέχοντες
797 3379 1067 3452 σώματος,
1112 3383 1248 3437 ἀλλὰ
1278 3383 1441 3437 αὑτοῦ
1487 3382 1583 3437 τοῦ
1626 3382 1799 3451 Λόγου
1848 3379 2008 3451 σῶμα
2043 3378 2429 3451 λαμϐάνοντες,
2467 3381 2879 3455 θεοποιούμεθα.

500 3476 555 3530 3.
573 3474 733 3531 Certe
748 3476 877 3532 illud
896 3477 1056 3532 etiam
1075 3493 1169 3548 per
1188 3480 1322 3534 mihi
1341 3480 1537 3535 mirum
1555 3480 1730 3535 visum
1752 3486 1833 3534 est
1851 3478 1996 3549 quod

433 3566 519 3623 vel
544 3568 785 3641 cogitare
812 3569 930 3625 ausi
954 3570 1065 3625 sint
1103 3587 1227 3625 eum
1254 3580 1462 3626 naturae
1491 3571 1769 3628 communi
1803 3571 1998 3627 ordine

432 3657 706 3714 hominem
740 3656 943 3714 factum
979 3659 1167 3716 fuisse.
1200 3658 1334 3715 Nam
1366 3660 1413 3716 si
1445 3660 1518 3716 ita
1546 3677 1606 3717 se
1640 3660 1885 3725 haberet,
1907 3674 1997 3714 su-

436 3765 773 3822 pervacanea
794 3750 1033 3820 profecto
1051 3751 1389 3808 essetMariae
1404 3755 1876 3809 commemoratio.
1907 3750 2001 3805 Si~

435 3842 656 3913 quidem
689 3842 952 3915 virginem
982 3844 1187 3914 absque
1232 3845 1333 3899 viri
1366 3845 1647 3900 consortio
1694 3844 1998 3914 parientem

438 3940 651 4009 ignorat
679 3937 903 3992 omnino
933 3948 1146 3992 natura.
1178 3935 1516 4009 Quapropter
1553 3935 1713 3992 Patre
1749 3950 2002 4007 compro-

439 4030 620 4095 bante,
647 4029 737 4084 ille
768 4036 899 4084 ’cum
933 4043 1094 4084 verus
1144 4027 1287 4083 Deus
1324 4036 1379 4083 et
1408 4037 1604 4083 natura
1634 4024 1873 4081 Verbum
1922 4034 2003 4079 at-

438 4136 547 4191 que
594 4118 770 4176 Patris
805 4118 1071 4190 sapientia
1103 4127 1268 4185 esset,
1297 4119 1462 4173 homo
1495 4127 1716 4190 propter
1759 4126 2001 4173 nostram

440 4211 669 4268 salutem
719 4226 948 4281 corpore
981 4220 1259 4280 assumpto
1311 4209 1487 4266 factus
1520 4219 1650 4273 est,
1691 4219 1748 4264 ut
1798 4209 2005 4263 habens

441 4303 586 4373 quod
622 4318 719 4372 pro
751 4303 909 4359 nobis
935 4303 1176 4367 oﬁerret,
1207 4302 1386 4358 salvos
1415 4318 1516 4358 nos
1543 4317 1733 4357 omnes
1778 4300 2001 4363 faceret,

441 4393 536 4463 qui
570 4392 765 4449 timore
789 4395 978 4449 mortis
1005 4410 1100 4463 per
1130 4402 1294 4447 lotam
1330 4395 1497 4448 vitam
1538 4391 1758 4447 obnoxii
1788 4406 2006 4445 eramus

444 4483 689 4539 servituti
705 4483 898 4538 ".Non
917 4485 1061 4538 enim
1085 4484 1434 4555 aliquisalius
1462 4485 1623 4539 homo
1653 4483 2005 4552 semetipsum

2170 3481 2222 3535 5.
2270 3481 2483 3553 Ἀμέλει
2523 3484 2743 3537 κάκεῖνο
2763 3483 3102 3555 τεθαύμακα,
3135 3483 3249 3546 πῶς
3273 3483 3409 3546 ὅλως
3434 3482 3546 3554 (29)
3567 3481 3665 3537 κᾶν

2098 3572 2345 3643 ἐννοῆσαι
2373 3574 2798 3647 τετολμήκασιν,
2834 3576 2915 3628 ὅτι
2948 3576 3163 3645 φύσεως
3192 3574 3480 3647 ἀκολουθίᾳ
3504 3576 3665 3645 γεγέ-

2098 3680 2253 3734 νηται
2279 3663 2578 3735 ἄνθρωπος.
2616 3666 2679 3718 Ei
2714 3666 2822 3738 γὰρ
2851 3665 3024 3731 οὕτως
3063 3662 3149 3738 ἦν,
3178 3666 3405 3738 περιττὴ
3439 3667 3537 3738 τῆς
3559 3669 3668 3721 Μα-

2103 3757 2220 3829 ρίας
2242 3760 2275 3827 ή
2305 3757 2515 3828 μνήμη.
2552 3758 2662 3828 (50)
2692 3757 2823 3812 Οὐδὲ
2844 3758 2952 3831 γὰρ
2978 3753 3117 3812 οἶδεν
3156 3760 3189 3829 ἡ
3218 3758 3379 3827 φύσις
3404 3757 3667 3829 παρθένον

2099 3849 2267 3920 χωρὶς
2294 3849 2484 3921 ἀνδρὸς
2514 3849 2817 3903 τίκτουσαν.
2874 3850 3034 3904 Ὅθεν
3081 3849 3298 3922 εὐδοκία
3321 3851 3430 3903 οτοῦ
3462 3851 3668 3922 Πατρὸς

2099 3940 2231 4004 Θεὸς
2266 3938 2355 3993 ὣν
2380 3939 2648 4009 ἀληθινὸς,
2699 3940 2793 3994 καὶ
2827 3940 2984 4010 φύσει
3012 3941 3214 4009 Λόγος,
3256 3941 3350 3995 καὶ
3382 3941 3543 4010 σοφία
3582 3941 3668 3995 τοῦ

2100 4031 2335 4103 Πατρός,
2365 4031 2554 4101 γέγονε
2588 4031 2914 4102 σωματικῶς
2955 4032 3258 4105 ἄνθρωπος,
3293 4032 3383 4086 διά
3410 4033 3507 4105 τὴν
3550 4036 3673 4105 ἡμεο

2100 4123 2264 4194 τέραν
2296 4123 2588 4195 σωτηρίαν,
2616 4124 2704 4187 ἶν’,
2737 4123 2873 4194 ἔχων
2895 4123 2924 4177 ὃ
2960 4126 3302 4197 προσενέγκῃ
3326 4126 3467 4198 ὑπὲρ
3497 4128 3529 4197 ἠ
3538 4125 3669 4195 μῶν,

2104 4214 2252 4288 σώσῃ
2284 4215 2488 4280 πάντας
2516 4217 2683 4288 ἡμᾶς,
2725 4216 2841 4269 ὅσοι
2883 4216 3032 4286 φόϐῳ
3073 4216 3302 4269 θανάτου
3344 4217 3431 4271 διά
3478 4218 3672 4281 παντὸς

2103 4306 2194 4361 τοῦ
2229 4307 2327 4378 ζῇν
2374 4307 2544 4379 ἔνοχοι
2574 4303 2711 4379 ἦσαν
2748 4307 3010 4372 δουλείας.
3046 4309 3119 4362 Οὐ
3154 4308 3261 4379 γάρ
3289 4308 3575 4380 ἄνθρωπός
3595 4327 3674 4373 τις

2108 4400 2247 4471 ὑπὲρ
2306 4400 2463 4470 ήμῶν
2525 4399 2716 4454 ἑαυτὸν
2773 4399 3040 4453 δέδωκενο
3079 4401 3201 4453 ἐπεὶ
3249 4401 3353 4462 πᾶς
3397 4399 3674 4473 ἄνθρωπος

2109 4488 2402 4553 ὑπεύθυνός
2427 4490 2542 4542 ἐστι
2570 4487 2802 4559 θανάτῳ,
2829 4488 2971 4541 κατὰ
3004 4489 3083 4553 τὸ,
3112 4488 3202 4557 Γῆ
3232 4484 3291 4542 εἷ
3317 4487 3418 4542 καὶ
3447 4491 3535 4554 εἷς
3566 4488 3677 4560 γῆν

444 4591 543 4645 pro
578 4575 738 4631 nobis
793 4576 987 4641 dedit,
1042 4592 1166 4631 cum
1220 4575 1396 4631 omnis
1433 4575 1597 4630 homo
1641 4573 1833 4629 mortis
1864 4588 1982 4627 esse

2106 4579 2440 4648 ἀπελεύσῃ.
2486 4581 2544 4632 ὲν
2584 4577 2663 4650 τῷ
2714 4578 2882 4648 Ἀδάμ
2918 4578 3208 4648 εἰρημένον
3252 4579 3388 4651 πρὸς
3438 4580 3673 4641 πάντας’

443 4681 591 4733 reus,
619 4666 773 4738 juxta
800 4667 929 4722 illud
972 4668 1118 4738 quod
1153 4667 1206 4721 in
1238 4667 1448 4722 Adamo
1476 4666 1544 4721 ad
1577 4680 1768 4722 omnes
1802 4664 1986 4718 dictun

2110 4670 2224 4724 ἀλλ’
2286 4670 2407 4723 οὐδὲ
2468 4669 2654 4742 ἕτερόν
2712 4688 2763 4723 τι
2818 4671 2924 4722 τῶν
2965 4671 3274 4739 κτισμάτων
3300 4686 3313 4700 ο
3365 4672 3489 4725 ἐπεὶ
3535 4675 3679 4726 πάσα

443 4766 565 4814 est:
621 4756 785 4812 Terra
815 4774 890 4822 es,
936 4768 985 4812 et
1020 4759 1076 4812 in
1108 4767 1303 4811 terram
1350 4756 1620 4812 reverteris
1650 4754 1719 4810 ".
1762 4752 1920 4808 Nulla
1949 4767 1986 4807 e-

2115 4761 2289 4824 κτίσις
2330 4758 2568 4824 ὕποπτός
2605 4761 2719 4812 ἐστι
2746 4759 2970 4830 τροπῆς.
3013 4756 3155 4811 Ἀλλ’
3180 4759 3338 4822 αὐτὸς
3367 4761 3396 4813 6
3420 4760 3591 4828 Λόγος
3624 4758 3679 4810 τὸ

445 4848 577 4904 tiam
600 4863 686 4905 res
715 4849 820 4904 alia
847 4857 1030 4906 creata
1059 4857 1319 4920 praestare
1349 4849 1401 4903 id
1429 4856 1658 4918 poterat,
1676 4862 1799 4900 cum
1832 4845 1980 4901 omni

2108 4853 2237 4907 ἴδιον
2279 4852 2438 4923 σῶμα
2477 4854 2846 4924 προσήνεγκεν
2875 4852 3013 4922 ὑπὲρ
3041 4851 3215 4921 ἡμῶν,
3249 4852 3334 4904 ἵνα
3379 4852 3452 4922 μὴ
3482 4854 3559 4915 εἰς
3587 4852 3677 4905 ἄν·

446 4942 519 4997 sit
551 4943 851 4999 mutabilis.
883 4941 987 4998 Sed
1022 4942 1201 5013 ipsum
1233 4941 1473 4995 Verbum
1502 4955 1702 5010 corpus
1729 4938 1986 5008 propriun

2109 4943 2329 5016 θρωπον
2357 4947 2390 5016 ή
2422 4944 2602 5008 πίστις
2633 4945 2728 4998 καὶ
2751 4947 2782 5015 ἡ
2806 4945 2976 5007 ἐλπὶς,
3011 4944 3122 4997 ἀλλ’
3149 4948 3228 5008 εἰς
3256 4946 3417 5000 αὑτὸν
3442 4945 3532 4998 τὸν
3554 4945 3680 4998 Θεὸν

447 5035 643 5091 obtulit
671 5048 769 5104 pro
812 5036 993 5103 nobis,
1045 5049 1115 5091 ne
1178 5033 1432 5093 videlicet
1480 5033 1534 5086 in
1569 5031 1846 5085 hominem
1882 5027 1986 5083 ﬁde

2111 5034 2283 5103 Λόγον
2327 5035 2426 5106 τὴν
2470 5035 2650 5089 πίστιν
2696 5035 2928 5106 ἔχωμεν.
2998 5036 3213 5106 ’Λμέλει
3258 5037 3351 5089 καὶ
3397 5035 3680 5107 ἀνθρώπου

447 5135 503 5183 et
531 5144 655 5200 spes
678 5138 864 5185 nostra
890 5136 1055 5194 esset,
1082 5127 1176 5184 sed
1217 5135 1271 5181 ut
1299 5127 1351 5181 in
1377 5126 1557 5197 ipsum
1582 5123 1751 5178 Deum
1776 5120 1986 5176 Verbum

2112 5127 2401 5199 γενομένου
2431 5126 2591 5180 αὐτοῦ
2610 5167 2624 5190 ,
2652 5125 2960 5198 θεωροῦμεν
2990 5125 3104 5194 τὴν
3134 5125 3321 5189 δόξαν
3344 5126 3552 5189 αὐτοῦ,
3586 5125 3678 5179 dd-

451 5217 609 5275 ﬁdem
634 5218 978 5275 haberemus.
1019 5218 1267 5273 Profecto
1317 5216 1437 5285 ipso
1480 5214 1700 5269 homine
1731 5210 1895 5274 facto,
1926 5211 1980 5265 vi

2115 5218 2229 5285 ξαν
2251 5220 2331 5284 ὡς
2363 5217 2733 5287 Μονοιιενοῦς
2776 5217 2935 5286 παρὰ
2956 5217 3212 5285 Πατρός,
3248 5215 3486 5285 πλήρης
3524 5216 3682 5286 χάρι-

524 5359 569 5391 ²⁰
607 5358 628 5412 ι
656 5357 782 5413 Cor.
812 5376 851 5420 ι,
882 5358 973 5412 25.
1049 5358 1092 5390 ¹¹
1134 5358 1155 5410 1
1186 5356 1313 5412 Cor.
1351 5373 1409 5422 ιι,
1440 5356 1494 5411 8.
1566 5356 1610 5387 "
1648 5353 1668 5408 1
1698 5354 1826 5419 Cor.
1854 5372 1895 5421 ι,
1918 5355 1986 5412 26

2091 5355 2131 5388 ³⁸
2168 5354 2326 5410 Joan.
2361 5369 2454 5420 xx,
2489 5352 2579 5408 28.

452 5427 543 5482 21.
572 5429 619 5460 ’⁸
655 5427 809 5485 Joan.
842 5442 959 5492 vui,
993 5427 1084 5486 40.
1162 5427 1209 5459 ⁸⁷
1250 5425 1414 5482 Hebr.
1447 5441 1509 5489 ιι,
1540 5424 1627 5480 15.
1701 5425 1747 5458 ’⁸
1786 5424 1988 5483 Genes.
2019 5443 2103 5492 ιιι,
2134 5426 2219 5481 19.

527 5540 641 5627 (εξ)
681 5540 903 5614 Seguer.
933 5542 1124 5624 Basil"
1151 5542 1247 5597 καὶ
1274 5540 1382 5623 γάρ
1413 5540 1547 5662 εἰμι.
1873 5606 1899 5621 ⁸

529 5610 639 5662 (2b)
679 5611 927 5662 Sumen.
955 5629 1065 5662 των
1103 5613 1161 5662 δὲ
1205 5627 1438 5662 πετοων.
1500 5608 1595 5662 lo:
1625 5605 1804 5662 Gobl..
1832 5626 1899 5662 το.

461 5605 927 5750 6{'1§,.2‘f3v.8taguer.,
955 5613 1065 5669 τῶν
1103 5613 1161 5665 δὲ
1205 5605 1438 5683 πετρῶν.
1468 5605 1595 5664 Mox
1625 5605 1804 5674 Gobl.,
1832 5606 1940 5662 τῶν
1965 5606 2022 5662 δὲ

534 5746 646 5820 (2?)
662 5749 753 5820 Sic
765 5749 986 5820 Seguer.
1004 5758 1062 5805 et
1074 5749 1363 5820 BasilLAlii
1381 5763 1508 5803 vero
1531 5758 1588 5820 et_
1600 5746 1755 5820 editi,
1777 5747 2018 5820 ἐκείνων.

536 5815 648 5884 (28)
688 5815 934 5888 Seguér.,
967 5820 1189 5890 ἐγίνετο.
1219 5817 1388 5876 Paulo
1415 5828 1538 5891 post
1573 5817 1761 5884 Basil.,
1799 5819 2023 5892 γενόμε-

2680 5351 2727 5384 ²δ
2763 5349 2921 5405 Joan.
2957 5366 3076 5416 xm,
3116 5351 3196 5405 l3.
3303 5351 3348 5383 ³⁸
3388 5347 3583 5406 lPetr.
3617 5364 3677 5414 ιι,

2127 5550 2344 5659 tragulam
2376 5531 2728 5603 γεννώμενος.
2763 5530 2964 5587 Ibidem
3006 5547 3103 5601 pro
3141 5532 3324 5599 πάλιν,
3371 5530 3496 5603 Seg.
3534 5530 3683 5587 habet

2128 5625 2197 5659 πο
2298 5621 2404 5659 κις.

2128 5621 2404 5667 πολλάκις.

2168 5678 2310 5777 1(23)
2325 5672 2525 5777 £010.»;
2558 5671 2711 5727 abest
2742 5685 2773 5725 a
2798 5671 2955 5728 σθω.
2980 5680 3034 5727 et
3074 5671 3217 5727 Felc.
3266 5671 3387 5727 Mox
3416 5671 3564 5742 Seg.,
3595 5686 3681 5739 γει

2516 5813 2643 5869 item
2672 5826 2836 5885 supra
2867 5810 3135 5885 leguntur,
3167 5800 3287 5884 pag.
3314 5810 3439 5878 7‘22,
3473 5825 3529 5866 ιι.
3556 5807 3606 5866 4.
