3992 6230
446 345 580 402 1089

1386 342 1719 399 EPISTOLA
1755 345 1845 399 AD
1883 342 2209 402 MAXIMUM
2249 347 2762 406 PHILOSOPHUM.

3534 357 3673 414 £090

441 475 544 527 τος
602 455 698 510 καί
753 455 1054 523 ἀληθείας.
1093 455 1159 507 Ἀ
1205 453 1314 526 γὰρ
1351 454 1439 507 διὰ
1483 455 1576 508 τοῦ
1620 454 1870 524 σώματος
1910 455 1996 507 ὑπ-

2112 457 2303 513 demus
2335 459 2558 529 gloriam
2585 462 2720 530 ejus,
2758 462 2981 534 gloriam
3017 467 3170 534 quasi
3201 464 3469 538 Um'gem'ti
3495 487 3528 523 a
3563 469 3672 526 Pa-

439 551 642 622 έμεινε,
679 545 852 601 ταῦτα
892 547 967 611 ὡς
1010 546 1139 610 Θεὸς
1182 545 1512 617 ἐμεγάλυνε·
1557 547 1650 598 καὶ
1696 546 1880 598 ἐπείνα
1914 546 2010 616 μὲν

441 641 623 714 σαρκὶ,
660 637 854 703 θεῖκῶς
899 639 955 692 δὲ
1003 640 1126 701 τοὺς
1158 637 1457 700 πεινῶντας
1492 635 1770 708 ἐχόρταζε.
1826 639 1935 691 Καὶ
1961 639 2009 690 εί

439 731 845 796 σκανδαλίζεταί
894 748 976 793 τις
1010 732 1102 782 ἐπὶ
1140 732 1252 792 τοῖς
1305 733 1665 799 σωματικοῖς,
1713 728 2010 782 πιστευέτω

437 824 521 892 ἐφ’
555 816 636 886 οἷς
666 823 694 874 ὁ
730 820 860 884 Θεὸς
894 817 1201 890 ἐργάζεται.
1232 818 1564 870 Πυνθάνεται
1596 818 1704 888 γὰρ
1734 816 2013 888 ἀνθρωπίο

436 932 562 978 νως,
590 912 692 967 ποῦ
715 911 964 983 Λάζαρος
995 913 1189 975 κεῖται,
1236 911 1435 981 ἐγείρει
1475 910 1532 963 δὲ
1575 909 1761 962 τοῦτον
1793 908 2008 973 θεῖκῶς.

437 1005 600 1059 Ὅθεν
655 1005 788 1077 μηδέ
819 1003 1031 1072 γελάτω
1074 1021 1158 1066 τις
1205 1003 1376 1070 λέγων
1417 1001 1622 1054 παιδίον
1667 1002 1760 1054 καί⁵
1793 1001 2011 1072 ἡλικίαν

433 1093 734 1166 ὀνομάζων,
774 1093 868 1146 καὶ
901 1091 1125 1164 αὔξησιν
1143 1133 1158 1155 ,
1197 1091 1288 1145 καὶ
1324 1095 1516 1162 φαγεῖν
1541 1130 1556 1154 ,
1586 1092 1680 1144 καὶ
1707 1095 1850 1146 πιεῖν
1872 1131 1887 1157 ,
1919 1094 2012 1146 καὶ

435 1187 660 1248 παθεῖν,
689 1187 776 1239 ἵνα
808 1185 915 1257 μὴ,
960 1183 1030 1237 τὰ
1074 1185 1178 1238 ἴδια
1223 1184 1316 1236 τοῦ
1369 1185 1616 1254 σώματος
1658 1184 2008 1256 ἀρνούμενος,

433 1277 735 1350 ἁρνήσηται
761 1275 938 1328 τέλεον
976 1274 1069 1328 καὶ
1094 1274 1192 1344 τὴν
1221 1273 1286 1326 δι’
1317 1275 1460 1343 ἡμᾶς
1493 1275 1784 1345 ἐπιδημίαν
1823 1275 2007 1329 αὐτοῦ.

433 1368 542 1420 Καὶ
574 1366 760 1438 ῶσπερ
783 1365 882 1418 οὐκ
911 1364 1202 1436 ἀκολουθίᾳ.
1232 1364 1444 1433 φύσεως
1474 1363 1758 1436 ἄνθρωπος
1784 1366 2013 1437 γεγένη-

432 1477 544 1522 ται,
576 1457 749 1522 οὕτως
780 1457 1068 1511 ἀκόλουθον
1095 1452 1164 1528 ἦν
1207 1456 1366 1526 σῶμα
1418 1455 1647 1509 λαϐόντα
1695 1459 1856 1510 αὑτὸν
1899 1458 2002 1511 δειο

432 1549 625 1604 κνύναι
655 1550 721 1604 τὰ
765 1549 870 1602 ἴδια
900 1550 1123 1613 τούτου,
1163 1548 1246 1601 ἵνα
1283 1548 1358 1618 μὴ
1400 1551 1431 1618 ἠ
1481 1549 1745 1617 φαντασία
1773 1547 1866 1601 τοῦ
1895 1549 2008 1622 (51)

428 1643 731 1712 Μανιχαίου
782 1643 1048 1713 κρατήσῃ.
1114 1640 1430 1694 Ἀκόλουθον
1478 1641 1535 1695 δέ
1583 1640 1743 1694 πάλιν
1784 1636 1852 1712 ἦν
1904 1659 2010 1694 σω-

432 1735 676 1805 ματικῶς
733 1734 896 1787 αὐτὸν
945 1731 1350 1806 χρηματίζοντα
1400 1733 1475 1805 μὴ
1525 1733 1728 1804 κρύψαι
1783 1733 1853 1786 τὰ
1905 1735 2006 1806 τῆς

2114 556 2208 610 tre,
2252 548 2461 617 plenum
2491 553 2681 620 gratia:
2731 562 2780 607 et
2826 555 3060 609 veritatis
3095 558 3160 611 ²⁹.
3215 556 3344 624 Quae
3381 560 3528 616 enim
3574 577 3674 633 per

2111 655 2308 709 corpus
2358 643 2632 710 toleravit,
2683 647 2798 700 haec
2829 646 3040 712 eadem,
3087 659 3146 702 ut
3189 650 3354 715 Deus,
3389 654 3674 726 magniﬁce

2108 734 2410 787 exornavit.
2463 733 2602 790 Hinc
2634 752 2796 791 carne
2828 739 3046 806 quidem
3082 743 3360 798 esuriehat
3386 786 3401 810 ,
3446 757 3502 800 at
3547 762 3675 803 esu-

2110 823 2310 877 rientes
2347 827 2602 894 pascebat
2640 835 2898 897 tanquam
2944 827 3107 884 Deus.
3164 829 3320 886 Unde
3358 835 3405 890 si
3437 837 3524 890 cui
3555 853 3676 892 cor-

2109 927 2274 984 porea
2327 916 2446 984 ejus
2495 926 2615 972 acta
2655 917 2984 975 oﬂ‘endiculo
3041 931 3188 986 sunt,
3223 939 3290 976 ex
3337 924 3424 981 his
3458 943 3578 996 qua:
3615 937 3675 982 ut

2111 1001 2255 1058 Deus
2281 1005 2412 1074 agit,
2453 1007 2675 1061 credere
2715 1007 2848 1060 nihil
2877 1019 3183 1064 cunctetur.
3222 1011 3468 1083 Namque
3504 1017 3672 1072 inter-

2110 1103 2264 1164 rogat
2291 1097 2508 1166 quidem
2547 1107 2606 1152 ut
2640 1099 2824 1165 homo,
2865 1101 2957 1154 ubi
3005 1101 3185 1170 jaceat
3235 1102 3476 1161 Lazarus
3515 1145 3531 1171 ,
3577 1108 3673 1163 sed

2111 1180 2286 1250 ipsum
2318 1182 2530 1238 utDcus
2563 1186 2629 1239 ad
2664 1186 2828 1240 vitam
2859 1198 3079 1243 revocat
3113 1190 3182 1244 ³ο.
3204 1189 3374 1248 Nemo
3405 1194 3570 1264 igitur
3592 1196 3671 1250 ir-

2108 1271 2293 1327 ridens
2321 1273 2540 1341 objiciat
2573 1291 2799 1345 puerum
2849 1293 2974 1330 eum
3022 1277 3191 1334 fuisse
3234 1291 3501 1351 maleque
3553 1299 3674 1338 creo-

2109 1364 2276 1426 visse,
2309 1365 2688 1430 manducasse,
2744 1367 2947 1422 bibisse
2997 1379 3051 1422 et
3099 1384 3319 1438 passum
3354 1387 3492 1433 esse,
3529 1389 3596 1429 ne
3623 1374 3671 1430 si

2107 1470 2170 1512 ea
2197 1472 2320 1526 quaa
2352 1458 2596 1526 corporis
2618 1459 2832 1527 propria
2887 1469 3014 1514 sunt
3039 1463 3332 1528 negaverit,
3369 1465 3586 1533 penitus
3615 1481 3675 1521 e-

2107 1545 2234 1600 tiam
2263 1555 2419 1615 neget
2450 1546 2570 1616 ejus
2612 1558 2831 1617 preptcr
2863 1563 2964 1603 nos
3014 1549 3324 1605 adventum.
3367 1553 3445 1609 Ac
3483 1570 3674 1624 quem-

2105 1636 2398 1692 admodum
2431 1653 2536 1691 non
2565 1649 2826 1694 consueto
2854 1653 3061 1696 natura:
3087 1642 3466 1699 ordinevhomo
3496 1645 3672 1702 factus

2106 1739 2210 1794 est,
2247 1731 2320 1783 ita
2374 1731 2628 1786 convenit
2682 1731 2883 1802 ipsum,
2939 1749 3166 1802 corpore
3214 1746 3518 1806 assumpto,
3552 1739 3671 1809 ejus

428 1800 712 1896 θεότητος,
767 1823 857 1877 ἴνα
1117 1800 1474 1892 Σαμοσοιτείις⁷
1524 1800 1795 1894 πρόφασιν
1844 1800 1996 1896 εὖρη,

2106 1822 2464 1892 proprietates
2511 1823 2562 1876 in
2600 1838 2658 1879 se
2689 1800 2967 1891 exhibere,
3005 1800 3064 1880 ut
3105 1841 3174 1881 ne
3223 1829 3346 1882 licta
3390 1800 3672 1886 lianichaii

426 1915 714 1985 ἄνθρωπον
757 1915 919 1969 αὑτὸν
967 1916 1174 1985 λέγων,
1229 1917 1303 1980 ὼς
1347 1915 1504 1968 ἄλλον
1550 1915 1677 1968 ὄντα
1724 1915 1871 1987 παρά
1912 1916 2004 1970 τὸν

423 2001 559 2055 Θεὸν
581 2003 770 2072 Λόγον.

2104 1914 2408 1968 incarnatio
2462 1914 2572 1968 vim
2625 1916 2911 1971 obtineret.
2972 1914 3184 1973 Rursus
3234 1934 3362 1976 vero
3405 1936 3504 1990 par
3544 1938 3670 1978 eum

2103 2015 2218 2060 erat
2243 2005 2318 2060 ita
2353 2016 2470 2060 sese
2504 2020 2732 2075 corpore
2760 2007 3068 2073 ostendere,
3105 2019 3163 2062 ut
3209 2026 3332 2080 quas
3361 2013 3670 2070 divinitatis

422 2095 644 2164 propria
670 2105 799 2152 sunt
833 2113 940 2152 non
972 2099 1295 2164 occultaret,
1338 2113 1406 2154 ne
1437 2099 1807 2155 Samosateusr
1834 2111 1977 2156 esset
2009 2101 2225 2155 errandi
2255 2115 2442 2166 causa,
2473 2101 2568 2172 qui
2615 2116 2810 2172 nempe
2848 2102 3119 2159 hominem
3171 2119 3294 2161 eum
3341 2122 3462 2163 esse
3511 2119 3672 2180 atque

425 2191 593 2244 aLium
621 2207 650 2245 a
687 2191 863 2247 Verbo
895 2193 1048 2247 dixit.

492 2284 547 2340 4.
588 2285 771 2339 Ταῦτα
822 2287 1000 2342 τοίνυν
1053 2289 1332 2343 κατανοῶν
1379 2293 1407 2344 ὁ
1455 2289 1699 2355 ἄπιστος,
1759 2291 1995 2363 μαθέτω,

420 2378 505 2433 ὅτι
562 2379 758 2451 βρέφος
811 2380 908 2451 μὲν
957 2376 1025 2452 ἦν
1069 2382 1161 2434 ἐπὶ
1213 2382 1460 2453 φάτνης,
1513 2383 1637 2446 τοὺς
1689 2383 1745 2437 δὲ
1791 2384 1998 2454 μάγους

421 2471 655 2536 ὑπέταξε
699 2473 1172 2544 προσκυνούμενος
1232 2475 1324 2526 ὑπ’
1371 2473 1582 2528 αὐτῶν·
1643 2476 1736 2528 καὶ
1790 2476 1998 2529 παιδίον

423 2563 523 2634 μὲν
557 2566 636 2628 είς
661 2565 931 2633 Αἴγυπτον
975 2566 1246 2636 κατῆλθε,
1284 2566 1352 2621 τὰ
1401 2566 1458 2620 δὲ
1503 2567 1856 2638 χειροποίητα
1898 2568 1998 2639 τῆς

421 2655 860 2727 εἰδωλολατρείας
877 2657 1191 2730 κατήργησε
1215 2675 1226 2686 ·
1257 2659 1350 2711 καὶ
1380 2659 1788 2730 ἐσταυρωμένος
1812 2661 1996 2732 σαρκὶ,

417 2749 648 2821 νεκροὺς
692 2751 756 2802 ἐκ
811 2749 1008 2803 πολλοῦ
1059 2751 1252 2822 χρόνον
1305 2751 1573 2815 σαπέντας
1622 2752 1734 2825 (32)
1787 2753 1994 2825 ἤγειρε.

418 2840 529 2894 Καὶ
567 2840 833 2894 δέδεικται
880 2842 1076 2905 πᾶσιν,
1131 2842 1212 2894 ὃτι
1263 2841 1324 2894 ού
1360 2842 1426 2895 δι’
1472 2842 1694 2906 ἑαυτὸν,
1749 2843 1884 2898 ἀλλὰ
1928 2845 1998 2899 δι’

417 2935 565 3004 ἡμᾶς
599 2933 856 3004 ὑπέμεινε
890 2935 1087 2999 πάντα,
1117 2935 1184 2988 ἵν’
1214 2935 1394 3006 ἡμεῖς,
1427 2938 1538 2999 τοῖς
1579 2936 1789 2990 ἐκείνου
1823 2935 1998 3008 παθή-

419 3042 584 3096 μασιν
608 3025 872 3080 ἀπάθειαν
906 3027 1000 3081 καὶ
1045 3027 1348 3099 ἀφθαρσίαν
1383 3025 1752 3099 ἐνδυσάμενοι,
1783 3028 1992 3101 διαμεί-

414 3133 595 3188 νωμεν
621 3119 700 3182 είς
734 3117 879 3188 ζωὴν
908 3117 1145 3174 αἰώνιον.

488 3210 540 3268 5.
587 3211 771 3266 Ταῦτα
817 3212 874 3266 δέ
929 3227 1008 3265 σοι
1049 3213 1327 3284 συντόμως
1375 3215 1438 3266 ἐκ
1483 3212 1591 3266 τῶν
1638 3211 1779 3276 σῶν,
1813 3211 1996 3275 καθὼς

413 3305 702 3374 προεῖπον,
754 3304 1046 3374 δεξάμενος
1094 3305 1466 3377 ύπηγόρευσα,
1518 3304 1669 3357 οὐδὲν
1708 3303 1866 3359 πλέον
1898 3305 1995 3358 ἐπ-

413 3396 849 3468 εξεργασάμενος
892 3396 1001 3467 (55)
1030 3438 1044 3460 ,
1084 3397 1220 3451 ἀλλά
1269 3398 1430 3468 μόνον
1468 3397 1529 3449 τὸ
1561 3397 1690 3468 περὶ
1725 3395 1818 3450 τοῦ
1848 3395 1993 3450 θείου

415 3489 651 3560 σταυροῦ
686 3489 1098 3560 μνημονεύσας,
1147 3492 1234 3543 ἴνα
1266 3492 1324 3542 ἐν
1373 3486 1453 3555 οἷς
1502 3489 1994 3560 ἐσκανδαλίσθησαν

413 3581 465 3634 οι
497 3580 769 3652 ὀλίγωροι,
807 3584 864 3634 ἐν
896 3581 1103 3646 τούτοις
1142 3580 1661 3653 μεταπαιδευθέντες
1695 3582 1994 3654 προσκυνή-

416 3687 550 3726 σωσι
577 3674 667 3726 τὸν
688 3674 1116 3745 ἐσταυρωμένον.
1153 3673 1224 3725 Σὺ
1251 3673 1307 3726 δὲ
1328 3673 1563 3744 γνησίως
1587 3674 1713 3736 τοὺς
1731 3673 1994 3738 ἀπίστους

414 3761 567 3816 πεῖθε
588 3780 602 3794 ο
631 3763 770 3834 τάχα
800 3781 916 3828 πως
961 3763 1069 3816 ἀπὸ
1111 3764 1385 3832 ἀγνωσίας
1414 3763 1527 3834 (54)
1575 3765 1654 3827 είς
1701 3763 1994 3832 ἐπίγνωσιν

415 3853 634 3918 ἔλθωσι,
670 3857 766 3910 καὶ
801 3855 1130 3909 πιστεύσωσι
1164 3855 1363 3918 καλῶς.
1397 3855 1507 3908 Καὶ
1539 3857 1587 3908 εί
1620 3854 1713 3908 καὶ
1742 3856 1990 3926 αὐτάρκη

412 3945 554 3999 αὐτὰ
583 3947 652 4000 τὰ
681 3947 830 4018 παρά
869 3945 962 4000 σοῦ
989 3945 1290 4018 γραφέντα,
1324 3946 1474 4014 ὅμως
1505 3945 1860 4014 ὑπομνήσεως
1885 3945 1995 3998 ἐνε-

412 4054 510 4091 κεν
535 4037 668 4108 πρὸς
701 4037 827 4102 τοὺς
855 4037 1188 4107 φιλονείκους
1215 4036 1525 4108 προσθεῖναι
1561 4035 1655 4088 καί
1691 4035 1864 4089 ταῦτα
1893 4053 1993 4089 κα-

411 4127 504 4181 λόν
527 4146 540 4159 θ
593 4129 679 4181 ἵνα
727 4128 801 4201 μὴ
843 4129 918 4192 ὡς
960 4129 1327 4198 ἐλεγχόμενοι,
1371 4127 1429 4193 ἐξ
1471 4119 1545 4180 ὧν
1573 4125 1989 4197 τετολμήκασιν,

414 4220 815 4291 αίσχυνθῶσιν,
846 4219 958 4273 ἀλλ’
986 4219 1064 4284 ὼς
1105 4217 1646 4290 ὑπομιμνησκόμενοι
1696 4217 1771 4289 μὴ
1806 4217 1992 4271 ἐπιλά-

411 4311 612 4367 θωνται
658 4313 757 4383 τῆς
809 4312 1086 4384 ἀληθείας.
1133 4310 1418 4381 Κρατείτω
1449 4309 1560 4381 γὰρ
1591 4309 1659 4363 τὰ
1700 4311 1758 4362 ἐν
1789 4309 1991 4380 Νικαία

411 4402 566 4474 παρά
602 4402 710 4457 τῶν
747 4403 1005 4473 Πατέρων
1059 4402 1173 4474 (55)
1212 4401 1644 4472 ὁμολογηθέντα·
1695 4400 1832 4472 ὀρθά
1882 4403 1989 4472 γάρ

2172 2286 2224 2342 4.
2260 2284 2385 2341 Πιιό
2437 2285 2602 2356 igitur
2650 2285 2958 2358 intelligens
3010 2286 3268 2358 inﬁdelis,
3314 2291 3491 2348 discat
3519 2293 3670 2348 illum

2103 2378 2363 2434 infantem
2407 2379 2626 2448 quidem
2659 2377 2903 2449 jacuisse
2929 2380 2983 2434 in
3009 2385 3296 2452 praesepio,
3331 2385 3425 2439 sed
3459 2401 3668 2456 magos,

2103 2486 2136 2526 a
2172 2470 2372 2540 quibus
2395 2469 2659 2524 adoratus
2685 2478 2788 2534 est,
2814 2471 2918 2524 sibi
2947 2472 3292 2540 subdidisse;
3325 2475 3501 2530 discat
3541 2491 3672 2545 pue-

2103 2577 2224 2618 rum
2255 2577 2379 2616 eum
2403 2560 2748 2616 descendisse
2777 2562 2831 2614 in
2860 2560 3179 2632 Egyptum,
3206 2564 3298 2618 sed
3349 2565 3671 2620 idololatriae

2101 2655 2391 2711 simulacra
2421 2653 2743 2708 deturbasse
2770 2670 2785 2720 ;
2841 2649 3016 2709 discat
3047 2669 3208 2709 carne
3237 2654 3455 2725 quidem
3491 2658 3671 2712 cruci-

2099 2746 2268 2802 fixum
2298 2746 2473 2815 ipsum
2508 2760 2649 2810 esse,
2684 2753 2740 2799 at
2773 2754 3016 2801 mortuos
3055 2747 3227 2801 multo
3266 2748 3381 2818 jam
3425 2757 3670 2820 tempore

2099 2847 2392 2910 corruptos
2423 2838 2812 2893 exsuscitasse.
2845 2836 3089 2908 Denique
3131 2841 3310 2910 palam
3347 2840 3552 2899 factum
3583 2854 3669 2898 est

2101 2930 2280 3000 ipsum
2306 2945 2415 2983 non
2442 2939 2664 3000 propter
2696 2944 2778 2997 se,
2805 2930 2896 2985 sed
2937 2941 3156 3002 propter
3177 2948 3277 2988 nos
3302 2935 3486 2990 omnia
3504 2937 3670 2996 susti-

2096 3025 2304 3086 nuisse,
2321 3033 2381 3077 ut
2398 3037 2497 3076 nos
2512 3021 2631 3092 ejus
2649 3023 2994 3092 passionibus
3012 3025 3500 3094 impassibilitatem
3523 3039 3576 3085 et
3593 3029 3670 3084 in-

2015 3123 2057 3181 c
2091 3114 2495 3184 corruptionem
2515 3113 3036 3176 induentes",vitam
3061 3118 3368 3175 viveremus
3386 3128 3665 3176 αξιοι-πεπυ.

2166 3207 2220 3261 5.
2253 3206 2376 3260 llaec
2407 3216 2586 3262 autem
2618 3207 2871 3273 breviter,
2903 3223 2968 3263 ex
3022 3209 3148 3277 tuis,
3178 3218 3238 3265 ut
3269 3211 3404 3278 dixi,
3444 3222 3667 3268 mutua-

2097 3308 2207 3366 tus,
2240 3299 2478 3365 dictavi,
2535 3301 2736 3370 quibus
2785 3302 2919 3355 nihil
2957 3301 3103 3357 aliud
3147 3303 3277 3358 duxi
3325 3305 3664 3369 addendum,

2097 3393 2203 3448 uisi
2250 3392 2394 3462 quod
2443 3391 2614 3446 solius
2655 3393 2837 3448 crucis
2873 3395 3235 3459 meminerim,
3266 3405 3325 3450 ut
3355 3412 3476 3466 qua:
3505 3397 3664 3452 incu-

2095 3483 2260 3538 riosis
2288 3483 2545 3538 seandalo
2578 3482 2818 3550 fuerunt,
2848 3483 2933 3538 his
2955 3485 3110 3554 ipsis,
3136 3494 3343 3539 mutata
3367 3487 3664 3551 sententia,

2095 3575 2294 3630 adduci
2326 3575 2540 3645 possint
2589 3586 2647 3630 ut
2689 3576 3027 3631 Crucitixum
3067 3577 3314 3630 adorent.
3365 3576 3444 3631 'l‘u
3479 3588 3662 3632 autem

2097 3663 2341 3718 inﬁdeles
2389 3665 2492 3718 rite
2542 3663 2773 3734 perdoce
2805 3683 2820 3720 :
2854 3665 2993 3720 forte
3025 3667 3170 3720 enim
3204 3665 3450 3722 futurum
3483 3678 3568 3724 est
3603 3678 3662 3724 ut

2096 3755 2284 3810 relicta
2331 3754 2547 3810 inscitia
2568 3756 2636 3811 ad
2664 3756 2907 3812 veritatis
2946 3759 3314 3829 cognitionem
3344 3762 3662 3830 perveniant

2094 3858 2347 3916 recteque
2374 3849 2620 3904 credant.
2670 3848 2914 3905 Tametsi
2956 3867 3087 3906 vero
3111 3853 3245 3908 satis
3280 3864 3408 3909 sunt
3436 3869 3558 3925 qua:
3604 3863 3662 3910 tu

2094 3937 2211 4007 ipse
2238 3939 2528 4008 scripsisti,
2556 3940 2698 3996 haud
2728 3941 2796 3996 ab
2827 3958 2886 3997 re
2927 3950 3107 3998 tamen
3139 3944 3300 3999 fuerit
3329 3944 3445 4000 haec
3469 3946 3666 4013 admo:

2093 4030 2321 4087 nitionis
2343 4047 2530 4097 causa,
2558 4043 2780 4103 propter
2813 4033 3081 4105 litigiosos
3118 4035 3245 4090 illos
3267 4035 3517 4092 homines
3564 4038 3662 4096 ad—

2093 4121 2342 4188 didisse;
2395 4133 2456 4177 ut
2505 4123 2665 4194 735
2714 4125 2922 4181 scilicet
2961 4141 3068 4180 non
3117 4129 3277 4198 quasi
3307 4129 3378 4184 ob
3422 4145 3508 4196 ea,
3537 4147 3660 4201 quae

2094 4220 2216 4273 ausi
2259 4227 2407 4286 sunt,
2453 4219 2688 4275 convicti
2720 4220 3091 4288 erubescant,
3141 4223 3233 4277 sed
3283 4233 3362 4289 ut,
3397 4233 3656 4294 tanquam

2093 4309 2513 4366 commonefacti
2545 4352 2562 4379 ,
2620 4311 2868 4367 veritatis
2903 4328 3011 4366 non
3071 4313 3485 4372 obliviscantur.
3537 4316 3656 4372 Vim

2094 4403 2240 4458 enim
2286 4404 2520 4458 habeant
2565 4419 2688 4474 quae
2716 4403 2905 4460 Patres
2959 4403 3150 4462 Nicaae
3196 4417 3322 4463 sunt
3373 4408 3652 4468 confessi:

411 4471 531 4547 ἐστι
562 4495 657 4549 καὶ
689 4494 848 4548 ἱκανὰ
889 4471 1075 4548 πᾶσαν
1092 4471 1461 4565 ἀσεϐεστάτην
1501 4471 1984 4566 αἴρεσινίάνατρέζ

2101 4509 2242 4556 recta
2285 4501 2485 4570 quippe
2517 4499 2606 4554 illa
2637 4510 2766 4554 sunt
2808 4493 3113 4570 idoneaque
3163 4501 3229 4555 ad
3261 4516 3479 4556 omnem
3505 4517 3660 4556 evera

408 4584 542 4654 ψαι,
572 4586 667 4638 καὶ
699 4585 936 4657 μάλιστα
967 4585 1065 4656 τὴν
1103 4583 1408 4656 Ἀρειανὴν,
1445 4583 1543 4654 τὴν
1580 4586 1660 4647 είς
1691 4583 1783 4636 τὸν
1813 4584 1985 4652 Λόγον

407 4675 506 4732 τεῦ
530 4675 664 4730 Θεοῦ
700 4676 810 4748 (56)
854 4677 1261 4748 δυσφημοῦσαν,
1293 4676 1389 4730 καὶ
1421 4674 1481 4740 ἐξ
1525 4677 1772 4746 ἀνάγκης
1811 4679 1892 4741 είς
1921 4680 1986 4737 τδ

409 4766 636 4839 Πνεῦμα
664 4767 828 4822 αὑτοῦ
864 4769 930 4822 τὸ
971 4770 1123 4838 ἅγιον
1164 4765 1553 4819 δυσσεδοῦσαν.
1605 4767 1984 4842 Προσαγόρευε

408 4861 619 4923 πάντας
659 4861 786 4925 τοὺς
817 4859 991 4932 ὀρθῶς
1026 4859 1371 4932 φρονοῦντας.
1414 4856 1885 4929 Προσαγορεύουσί
1923 4877 1984 4914 σε

407 4951 610 5016 πάντες
636 4953 686 5006 οι
713 4955 811 5007 σὺν
842 4955 993 5024 ἡμῖν.

2096 4591 2314 4646 tendam
2348 4592 2616 4658 hmresim,
2651 4601 2704 4646 et
2729 4591 2964 4645 maxime
2990 4591 3269 4656 Arianam,
3314 4607 3436 4662 qua:
3456 4593 3510 4646 in
3553 4591 3646 4646 Dei

2094 4681 2332 4736 Verbum
2361 4681 2625 4751 injuriosa
2672 4691 2774 4747 est,
2806 4682 3142 4752 proindeque
3173 4681 3226 4735 in
3261 4691 3507 4737 sanctum
3535 4680 3654 4749 ejus

2093 4772 2352 4844 Spiritum
2398 4775 2583 4846 impia.
2639 4773 2824 4830 Saluta
2854 4791 3046 4831 omnes
3068 4774 3160 4844 qui
3187 4782 3328 4829 recte
3367 4774 3649 4829 sentiunt:

2091 4874 2145 4920 te
2168 4866 2410 4923 salutant
2443 4882 2634 4923 omnes
2667 4868 2762 4938 qui
2793 4867 3078 4923 nobiscum
3115 4875 3264 4920 sunt.

484 5072 532 5104 ”
569 5070 727 5125 Joan.
759 5087 798 5138 ι,
837 5070 923 5125 14.
996 5069 1041 5101 ⁸⁸
1079 5066 1240 5123 Joan.
1282 5082 1356 5132 ιι,
1392 5065 1577 5130 54,45.
1650 5065 1693 5096 ³¹
1734 5064 1911 5122 lCor.
1946 5081 2036 5130 xv,
2072 5065 2164 5124 53.

505 5164 594 5238 ξς)
761 5176 972 5238 vo_cem_,
991 5159 1149 5238 ἀθέου
1177 5158 1525 5238 addit,_quam
1645 5167 1698 5211 et
1713 5158 1840 5238 editi
1858 5173 1968 5214 om.

505 5228 594 5299 52)
614 5228 798 5301 Seg.et
814 5231 978 5286 Basil.
1001 5230 1206 5301 addunt
1223 5230 1489 5301 σαπέντας
1506 5228 1627 5301 :_alii
1643 5238 1696 5301 et
1709 5229 1837 5301 editi
1859 5243 1968 5301 om.

481 5297 595 5375 (53)
637 5297 728 5358 Sic
757 5301 1143 5374 Seguerianus.
1169 5299 1238 5354 At
1267 5300 1358 5354 alii
1387 5308 1441 5354 et
1471 5297 1624 5363 editi,
1671 5298 1972 5370 ἐξεργασά-

635 5441 999 5514 seguerianus
1026 5439 1295 5514 et__Basil.,
1316 5437 1430 5514 gae
1455 5437 1974 5514 amataq._ca3:eri

405 5527 463 5570 et
492 5508 646 5576 editi,
674 5508 734 5578 ἐξ
758 5511 1046 5582 ἀγνωσίας.
1081 5511 1279 5565 Ibidem
1313 5508 1534 5582 Se‘guer.
1561 5509 1972 5582 e_t_Gobler_ian._,

408 5577 759 5639 πιστεύσωσι.
797 5577 900 5637 Alii
934 5592 987 5636 et
1013 5582 1160 5644 editi,
1203 5577 1566 5632 castrationum.
1591 5578 1786 5633 Ibidem
1815 5577 1972 5634 Gobl.

408 5667 464 5709 et
521 5656 663 5710 Felc.
719 5653 770 5717 Ι,
807 5662 865 5707 ut
913 5662 966 5708 et
1025 5652 1153 5722 legit
1196 5648 1464 5714 Nannius,
1517 5649 1612 5703 καὶ
1658 5651 1707 5702 εί
1755 5648 1830 5719 μὴ
1871 5651 1970 5703 αὺ-

408 5743 586 5780 ταοκη
597 5766 611 5781 ο

2153 5155 2266 5229 (35)
2309 5157 2400 5212 Sic
2419 5157 2542 5229 Seg.
2565 5155 2776 5229 et_Bas._
2788 5155 2858 5209 At
2882 5156 3048 5229 a_|ii_et
3068 5156 3234 5229 editio
3257 5156 3493 5229 Gomm.,
3518 5162 3648 5229 παρ’

2079 5224 2259 5302 αὐτῶν
2285 5227 2566 5302 Πατέρων.
2596 5225 2715 5280 Mox
2745 5224 2868 5295 Seg.
2887 5225 3042 5280 Gohl.
3070 5235 3123 5281 et
3144 5225 3282 5283 Felc-
3311 5226 3360 5294 1,
3385 5226 3518 5300 ὀρθὴ
3541 5224 3650 5302 γάρ

2080 5301 2197 5351 ἐστι
2231 5299 2327 5350 καὶ
2357 5299 2534 5351 ἱκανή.

2148 5316 2197 5351 τι
2231 5299 2327 5350 και
2357 5297 2534 5365 ἱκανή.
3420 5297 3428 5299 '
3507 5297 3516 5300 '
3552 5297 3557 5298 '
3616 5297 3628 5302 '

2148 5367 2282 5450 $561
2309 5366 2657 5450 Seguerian.,
2680 5363 2965 5450 @1850?
2999 5362 3054 5418 In
3082 5367 3204 5450 aliis
3228 5376 3282 5450 et
3303 5366 3470 5450 editis
3494 5366 3647 5450 deest

2080 5433 2197 5492 τοῦ.
2236 5433 2354 5508 Mox
2388 5433 2507 5508 haec
2538 5434 2733 5508 verba,
2753 5433 2812 5498 ἐξ
2841 5435 3082 5508 ἀνάγκης
3113 5437 3282 5508 εἱςᾉτὸ
3301 5437 3526 5508 Πνεῦμα
3551 5439 3650 5492 αὐὲ

2083 5507 2266 5578 τοῦτὸ
2299 5506 2450 5573 ἅγιον
2479 5503 2865 5578 δυσσεδοῦσαν,
2899 5503 3094 5578 absunt
3134 5524 3164 5561 a
3195 5506 3360 5562 Basil.
3393 5503 3491 5563 nec
3523 5523 3649 5578 ver-1

2085 5575 2529 5648 tit__inlerprcs_in
2562 5575 2798 5648 editione
2827 5574 3199 5648 Qornmrlbid.
3239 5579 3487 5648 Seguer.,
3517 5574 3647 5639 ἀσειξ

2079 5645 2280 5719 δοῦσαν
2304 5643 2820 5719 proﬁuaaeb’oﬁaay.
2858 5644 3000 5719 Ideni
3052 5647 3106 5700 in
3153 5648 3258 5719 {ine
3285 5643 3340 5705 et
3375 5647 3564 5717 Basil.,
3591 5652 3647 5719 οε,

2085 5720 2179 5771 σὺν
2201 5718 2359 5788 ἡμῖν.
2394 5712 2584 5772 Caneri
2610 5724 2661 5770 et
2694 5716 2845 5780 editi,
2875 5716 2923 5768 οἱ
2957 5716 3051 5769 σὺν
3079 5718 3220 5788 ἐμοί.
