3992 6230
469 365 606 428 Η)εῆ
1035 369 1094 428 S.
1134 364 1506 427 ATHANASII
1547 366 1697 424 OPP.
1722 367 1902 422 PARS
1943 368 1982 422 Ι.
2024 397 2094 408 -—
2133 363 2502 421 IIISTORICA
2544 364 2630 420 ET
2673 364 3092 421 DOGMATICA.
3557 363 3677 420 1092

3331 595 3651 612 -υῄ

784 819 911 910 ΙΝ
986 814 1303 910 DUOS
1376 813 1851 909 CONTRA
1950 801 3399 908 APOLLINARIUM°LIBROS

1724 1071 2444 1188 MONITUM.

523 1555 567 1615 l.
610 1558 797 1614 Libros
825 1557 1072 1616 adversus
1101 1555 1487 1627 Apollinarium
1505 1555 1568 1608 ab
1589 1555 1883 1610 Athanasio
1903 1558 2220 1626 conscriptos
2250 1563 2505 1611 memorat
2534 1551 2778 1620 Proclas,
2809 1555 3047 1610 oratione
3068 1569 3168 1610 sua
3182 1557 3237 1611 in
3256 1556 3456 1626 synodo
3476 1559 3680 1612 secunda

457 1646 1041 1716 Constantinopolitano
1066 1644 1178 1716 (57)
1210 1663 1223 1698 :
1250 1645 1400 1713 cujus
1434 1645 1692 1714 insignem
1721 1645 1894 1699 locum
1922 1647 2007 1700 hic
2031 1646 2357 1715 afferendum
2380 1646 2700 1702 censuimus.
2737 1643 2802 1698 Et
2830 1645 3167 1704 Athanasius
3193 1650 3293 1714 ait,
3323 1648 3562 1706 diversas
3582 1654 3680 1720 epi-

455 1741 623 1797 stolas
652 1741 720 1796 ad
750 1740 1150 1811 Apollinarium
1178 1740 1390 1807 scribit,
1422 1747 1686 1809 tanquam
1715 1743 1904 1795 eadem
1940 1742 1994 1796 in
2024 1742 2130 1797 ﬁde
2158 1744 2458 1812 sapientem
2489 1760 2502 1796 :
2533 1751 2588 1797 et
2623 1751 2805 1796 tamen
2839 1751 3032 1810 postea
3061 1744 3233 1800 libros
3268 1745 3505 1817 integros
3535 1747 3677 1802 etiam

453 1845 576 1906 post
597 1845 828 1890 mortem
857 1835 1175 1908 Apollinarii
1203 1835 1424 1906 scripsit
1452 1835 1716 1891 adversus
1741 1851 1866 1890 eum
1903 1837 2136 1907 cognitis
2166 1838 2312 1893 illius
2355 1837 2408 1890 in
2459 1836 2662 1907 scripto
2715 1837 3084 1907 blasphemiis.
3107 1840 3174 1897 Et
3207 1842 3343 1898 nihil
3371 1844 3681 1914 Apollinaris

451 1927 774 1996 profuerunt
795 1943 916 1996 qua:
948 1936 1074 1981 ante
1105 1927 1173 1980 ad
1199 1925 1376 1993 illum,
1407 1936 1664 1996 tanquam
1709 1929 1896 1982 eadem
1932 1928 1986 1982 in
2020 1930 2124 1984 lide
2157 1931 2480 2000 sapientem,
2512 1929 2716 1999 scripta
2751 1939 2898 1984 sunt.
2941 1931 3191 1988 Leontius
3224 1936 3348 1990 item
3388 1936 3517 1990 libro
3547 1941 3680 1992 tertio

449 2031 642 2078 contra
670 2020 982 2077 Nestorium
1016 2031 1070 2076 et
1093 2019 1396 2092 Eutychen,
1448 2021 1742 2090 gloriatum
1775 2037 1918 2087 esse,
1954 2023 2051 2088 ait,
2075 2022 2472 2092 Apollinarium
2493 2061 2508 2088 ,
2535 2022 2961 2080 innumerabiles
3004 2027 3264 2096 epistolas
3302 2030 3372 2086 ad
3412 2046 3532 2086 eum
3562 2035 3681 2088 scri-

449 2127 571 2189 ptas
616 2133 738 2173 esse
766 2117 1048 2184 Athanasii
1095 2115 1294 2187 Magni,
1323 2116 1640 2186 Serapionis
1685 2127 1739 2172 et
1780 2118 2035 2184 aliorum,
2061 2118 2373 2188 quicunque
2419 2116 2641 2172 fuerunt
2674 2125 2804 2172 tunc
2842 2117 3104 2190 fulgentia
3153 2120 3335 2177 sidera
3373 2132 3433 2178 et
3459 2125 3680 2179 veritatis

448 2217 902 2280 propugnatores.
922 2208 1161 2275 Quarum
1193 2217 1363 2262 tamen
1390 2210 1734 2276 epistularum
1759 2209 1910 2263 nulla
1929 2210 2048 2279 jam
2073 2220 2326 2279 superest.
2349 2207 2500 2263 Idem
2516 2207 2789 2274 Leontius,
2817 2208 2910 2264 lib.
2932 2226 2972 2276 ι,
2994 2212 3098 2266 duo
3125 2213 3278 2282 affert
3301 2213 3422 2267 loca
3448 2229 3510 2268 ea:
3529 2217 3679 2284 primo

448 2305 732 2360 Athanasii
759 2305 1025 2360 adversus
1047 2304 1443 2373 Apollinarium
1481 2303 1636 2370 libro,
1663 2313 1712 2358 et
1741 2304 1906 2358 alium
1942 2320 2006 2359 ex
2043 2304 2179 2358 libro
2213 2304 2458 2370 secundo,
2490 2304 2581 2357 ubi
2618 2306 2902 2358 secundum
2933 2313 3083 2358 vocat
3112 2320 3250 2370 eum,
3283 2307 3375 2375 qui
3426 2323 3591 2360 revera
3633 2308 3678 2358 in

444 2399 601 2452 editis
630 2398 888 2453 secundus
925 2406 1024 2451 est.
1050 2398 1214 2462 Quem
1242 2397 1366 2450 item
1386 2396 1615 2465 synodus
1644 2412 1697 2450 Vl
1728 2398 2043 2450 oecumenica
2077 2395 2327 2468 δεύτερον
2359 2395 2517 2464 λόγον
2556 2404 2843 2465 nuncupat.
2877 2393 3108 2448 Joannes
3135 2412 3338 2466 quoque
3373 2395 3678 2460 Maxentius,

445 2495 535 2564 qui
564 2495 657 2547 sub
697 2495 908 2547 initium
943 2494 1155 2562 scripsit
1185 2507 1232 2545 v1
1265 2492 1468 2559 swculi,
1526 2507 1591 2546 ex
1651 2493 1819 2561 primo
1877 2491 2011 2545 libro
2059 2491 2232 2544 locant
2283 2491 2436 2559 affert
2464 2489 2746 2544 Athanasii
2783 2493 3009 2546 nomine.
3065 2489 3283 2545 Necnon
3318 2490 3551 2548 Joannes
3578 2493 3678 2547 Da-

443 2601 715 2640 mascenus
737 2594 787 2640 et
811 2585 908 2638 alii
942 2601 1163 2656 quorum
1191 2583 1488 2637 testimonia
1525 2583 1636 2636 suis
1671 2583 1896 2653 inferius
1949 2592 2202 2638 notantur
2231 2585 2379 2636 locis.
2407 2580 2474 2636 In
2502 2582 2742 2636 omnibus
2777 2583 2937 2638 etiam
2974 2599 3100 2637 mss.
3139 2584 3192 2636 hi
3231 2584 3334 2638 duo
3366 2584 3492 2638 libri
3521 2586 3678 2639 eodem

440 2675 686 2731 locantur
719 2677 925 2730 ordine.

510 2768 576 2825 ll.
613 2767 710 2824 Tot
742 2780 969 2827 veterum
997 2771 1322 2835 testimonia,
1349 2786 1548 2824 necnon
1576 2772 1913 2840 antiquorum
1939 2770 2177 2823 codicum
2206 2769 2518 2832 auctoritas,
2544 2767 2761 2836 majoris
2793 2767 2935 2837 apud
2966 2784 3058 2821 nos
3089 2777 3210 2822 sunt
3245 2779 3517 2834 momenti,
3539 2785 3678 2841 quam

438 2871 499 2917 κε
534 2865 846 2918 recentiores
879 2865 1134 2934 quosdam
1158 2865 1460 2930 audiamus,
1486 2881 1709 2933 quorum
1730 2865 1825 2918 alii
1851 2865 2099 2932 primum,
2131 2863 2226 2916 alii
2253 2863 2534 2917 secundum
2569 2871 2762 2917 contra
2797 2863 3191 2933 Apollinarium
3216 2864 3415 2919 librum
3439 2866 3495 2919 in
3516 2865 3678 2935 suspi-

441 2956 639 3009 cionem
671 2967 856 3009 vocant
874 2973 892 3009 :
916 2957 1040 3025 quia
1073 2958 1405 3025 potissimum
1429 2957 1582 3010 ambo
1611 2965 1719 3010 tam
1747 2957 2027 3011 Athanasii
2049 2957 2244 3027 stylum
2273 2958 2504 3026 referunt
2527 2972 2686 3027 quam
2715 2956 2806 3025 qui
2843 2957 3089 3010 maxime.
3121 2955 3270 3010 Libet
3299 2974 3431 3012 sane
3458 2958 3677 3028 quadam

438 3052 817 3106 Athanasiante
839 3051 1083 3104 dictionis
1105 3051 1362 3120 exempla,
1396 3061 1456 3105 ut
1484 3067 1689 3104 omnem
1725 3069 1785 3105 ea
1825 3053 1888 3105 de
1913 3069 1966 3104 re
2003 3051 2308 3122 scrupulum
2342 3051 2585 3114 levemus,
2625 3064 2902 3119 apponere.
2940 3047 3183 3100 Primum
3223 3049 3362 3102 enim
3402 3050 3496 3102 lib.
3526 3063 3562 3115 t,
3588 3066 3676 3102 nu-

437 3164 578 3202 mero
607 3146 662 3214 6,
691 3163 917 3200 errorem
945 3162 1125 3200 eorum
1157 3149 1245 3216 qui
1269 3146 1470 3201 Christi
1504 3163 1690 3215 corpus
1721 3147 2052 3200 adorandum
2082 3145 2358 3215 negabant,
2387 3146 2493 3200 nisi
2522 3146 2724 3199 cmleste
2753 3145 3145 3214 increatumque
3174 3155 3329 3211 esset,
3355 3146 3543 3200 iisdem
3568 3162 3677 3199 con-

437 3238 578 3306 futat
611 3236 955 3306 argumentis,
984 3253 1046 3289 ac
1076 3253 1446 3306 nonnunquam
1469 3239 1658 3291 iisdem
1675 3237 1860 3300 verbis,
1893 3238 2078 3308 quibus
2100 3254 2260 3306 supra
2287 3238 2341 3289 in
2367 3238 2594 3306 epistola
2618 3237 2685 3292 ad
2708 3235 3055 3306 Adelphium.
3085 3237 3154 3293 Et
3183 3255 3327 3293 num.
3351 3241 3421 3295 lO
3443 3241 3594 3306 illud,
3620 3235 3676 3292 Τί

435 3329 615 3384 τοίνυν
638 3329 916 3400 μέμφεσθε
933 3331 1246 3401 Ἀρειανοίς,
1265 3343 1391 3400 etc.,
1413 3332 1596 3386 iisdem
1623 3333 1730 3401 fere
1765 3332 1928 3387 verbis
1957 3348 2010 3384 re

2099 3333 2178 3384 'ies
2207 3345 2368 3399 supra
2397 3331 2454 3382 in
2477 3330 2714 3400 Epistula
2750 3331 2815 3384 ad
2835 3329 3155 3400 Epictetum.
3187 3331 3325 3386 Item
3355 3351 3568 3388 numero
3599 3332 3675 3392 l2.

434 3421 573 3491 quod
599 3421 662 3475 de
689 3423 1041 3490 quaternitate
1071 3424 1280 3495 legitur,
1308 3443 1465 3498 quam
1508 3444 1540 3480 a
1581 3425 1870 3481 Catholicis
1918 3443 2012 3496 pro
2059 3425 2320 3479 Trinitate
2363 3425 2545 3479 induci
2595 3425 3017 3480 criminabantur
3043 3426 3449 3496 Apollinaristaz
3470 3469 3485 3494 ,
3513 3431 3676 3484 eadem

435 3511 693 3565 sententia
730 3510 949 3564 habetur
973 3514 1145 3583 Epist.
1175 3517 1241 3570 ad
1272 3515 1598 3586 Epictetum.
1627 3517 1710 3572 Ne
1744 3519 1930 3585 multa,
1966 3519 2012 3572 si
2047 3519 2133 3570 cui
2163 3519 2322 3573 libeat
2357 3519 2490 3572 duos
2529 3518 2793 3574 adversus
2825 3516 3223 3586 Apollinarium
3256 3522 3424 3577 libros
3460 3522 3679 3592 conferre

433 3618 556 3656 cum
581 3602 702 3657 aliis
733 3603 1016 3659 Athanasii
1043 3610 1304 3676 operibus,
1330 3613 1656 3684 maximeque
1700 3627 1820 3666 cum
1853 3609 2110 3680 Epistolis
2139 3613 2206 3666 ad
2252 3610 2575 3681 Epictetum,
2611 3611 2679 3665 ad
2709 3609 3034 3680 Adelphium
3063 3624 3116 3671 et
3151 3615 3220 3669 ad
3258 3615 3576 3679 Maximum,
3609 3622 3674 3665 tot

435 3701 527 3755 ille
551 3701 669 3756 loca
694 3702 1037 3760 deprehendet
1064 3707 1202 3760 inter
1233 3725 1286 3761 se
1317 3709 1513 3778 aﬁinia,
1542 3720 1599 3762 ut
1625 3709 1687 3762 ab
1711 3709 1887 3764 eodem
1914 3709 2150 3779 profecta
2184 3711 2440 3778 scriptore
2465 3709 2595 3763 nihil
2622 3709 2877 3779 ambigat.
2911 3706 3138 3765 Secundi
3161 3710 3304 3778 libri,
3331 3726 3495 3781 quam
3509 3708 3676 3778 primi,

437 3798 748 3871 γνησιότης,
781 3802 953 3855 minus
978 3802 1034 3855 in
1059 3805 1402 3874 suspicionem
1427 3808 1562 3860 venit
1579 3823 1598 3861 :
1621 3808 1712 3862 sed
1746 3817 1925 3862 neuter
1963 3825 2140 3862 revera
2161 3808 2376 3864 dubius.

507 3885 596 3946 Ill.
629 3889 766 3945 Sane
795 3894 1062 3961 permistis
1088 3895 1290 3962 pridem
1319 3897 1601 3952 Athanasii
1641 3899 1791 3953 libris
1831 3916 1921 3952 nec
1949 3916 2046 3952 suo
2075 3898 2190 3953 loco
2223 3899 2430 3967 positis,
2467 3898 2695 3970 diﬂicilis
2728 3898 2832 3969 fuit
2859 3912 3134 3967 germanos
3171 3913 3203 3949 a
3233 3895 3435 3964 spurits
3455 3896 3676 3949 interno-

433 3995 594 4035 scere.
622 3979 744 4034 lam
769 3997 885 4035 vero
924 3984 1014 4036 ubi
1039 4000 1354 4054 quascunque
1390 3987 1710 4055 Apollinarii
1743 3998 1979 4058 spectant
2024 3987 2266 4042 haeresim
2301 3999 2668 4060 consequenter
2711 3982 2975 4053 locantur,
3003 3990 3223 4043 minoris
3260 4007 3339 4043 res
3366 4003 3448 4044 est
3478 3984 3672 4056 negotii.

435 4069 702 4143 Contingit
735 4075 873 4128 enim
905 4091 1106 4142 semper
1135 4093 1255 4129 cum
1290 4094 1423 4131 nova
1463 4081 1702 4133 exoritur
1742 4081 1977 4148 liceresis,
2010 4098 2143 4135 noua
2187 4083 2315 4136 item
2349 4084 2524 4148 verba,
2557 4098 2814 4152 novasque
2836 4083 3143 4146 sententias,
3171 4083 3310 4136 inter
3335 4083 3675 4152 disceptantes

435 4180 534 4218 usu
563 4170 751 4224 uenire.
783 4168 960 4234 Quare
981 4169 1056 4223 nil
1083 4172 1279 4224 mirum
1315 4173 1362 4225 si
1402 4175 1458 4226 in
1483 4177 1758 4243 postremis
1794 4175 1932 4230 hisce
1971 4185 2156 4229 contra
2188 4177 2579 4246 Apollinarium
2611 4176 2925 4230 tractatibus
2951 4178 3195 4247 quaedam
3231 4178 3517 4232 insolenter
3544 4175 3674 4228 dicta

435 4267 783 4334 reperiantur.
813 4267 944 4332 Qute
973 4279 1147 4323 tamen
1169 4269 1311 4323 haud
1333 4271 1411 4324 ita
1439 4272 1609 4326 multa
1641 4282 1782 4327 sunt.
1813 4273 1882 4326 Et
1913 4277 1959 4327 si
1988 4274 2142 4328 initio
2168 4275 2329 4341 primi
2348 4285 2532 4328 contra
2556 4273 2950 4344 Apollinarium
2981 4272 3101 4327 libri
3123 4282 3410 4326 occurrunt
3435 4267 3675 4326 nonnulla

433 4372 551 4426 quin
579 4357 860 4412 Athanasii
882 4360 1105 4428 fortasse
1139 4361 1423 4416 dictionem
1475 4367 1652 4418 minus
1703 4367 1954 4436 referant,
1987 4367 2136 4421 nulla
2185 4368 2307 4421 hinc
2362 4366 2576 4430 νοθείας
2619 4367 2942 4430 coniectura.
3007 4365 3393 4420 Advertendum
3439 4366 3574 4418 enim
3611 4359 3672 4415 ad

433 4456 658 4509 amicum
681 4457 764 4510 hic
787 4459 1085 4528 responderi
1109 4463 1198 4531 qui
1233 4478 1360 4516 suas
1393 4479 1510 4516 cum
1541 4464 1938 4533 Apollinaristis
1965 4465 2658 4536 disputatioues’Athanasio
2691 4469 3020 4519 recensuerat
3045 4476 3064 4514 :
3092 4475 3254 4528 quare
3284 4457 3574 4511 reseribens
3592 4471 3675 4510 eav

433 4551 552 4604 dem
570 4549 632 4605 de
658 4567 713 4605 re
738 4551 1082 4619 Athanasius,
1115 4571 1216 4609 non
1241 4574 1366 4612 suas
1393 4559 1547 4612 modo
1585 4560 1786 4630 sibique
1818 4561 2132 4630 familiares,
2167 4561 2257 4616 sed
2290 4561 2448 4614 amici
2471 4576 2673 4630 quoque
2704 4568 2752 4612 et
2775 4554 3279 4628 Apollinaristaram
3307 4568 3455 4607 voces
3479 4558 3674 4603 senten-

435 4647 637 4716 tiasque
664 4658 905 4717 usurpat,
941 4651 1077 4719 quod
1099 4651 1206 4718 fere
1231 4653 1292 4722 ﬁt
1316 4653 1452 4707 inter
1480 4653 1832 4724 disputantes.
1868 4654 1934 4708 Id
1976 4667 2152 4710 autem
2196 4655 2291 4710 sub
2326 4655 2538 4709 initium
2587 4663 2795 4708 tantum
2841 4659 3137 4722 comparet:
3161 4650 3219 4705 in
3253 4645 3672 4719 subsequentibus

431 4739 568 4793 enim
587 4757 756 4804 nemo,
785 4742 870 4794 cui
893 4741 1060 4812 stylus
1092 4743 1376 4799 Athanasii
1403 4757 1558 4800 notus
1581 4747 1670 4812 sit,
1704 4763 1805 4800 non
1839 4748 2135 4818 loquentem
2159 4746 2507 4800 Athanasium
2534 4746 2794 4802 advertat.

503 4829 592 4886 IV.
624 4832 884 4886 Caeterum
907 4850 1066 4904 quam
1095 4837 1237 4889 varie
1264 4839 1409 4892 circa
1438 4839 1640 4893 Christi
1677 4856 1955 4909 personam
1989 4847 2223 4893 errarent
2254 4838 2670 4907 Apollinaristte,
2711 4855 2968 4911 quamque
2999 4855 3189 4912 parum
3225 4837 3326 4892 sibi
3357 4845 3540 4891 mutuo
3560 4847 3674 4887 con-

431 4933 652 4993 starent,
685 4925 829 4979 haud
855 4927 1013 4981 semel
1037 4928 1117 4982 his
1143 4930 1200 4982 in
1226 4931 1376 4986 libris
1400 4943 1615 4987 enarrat
1644 4933 1988 4988 Athanasius.
2021 4932 2130 4986 Alii
2153 4934 2293 4986 enim
2342 4931 2561 4985 Verbum
2588 4935 2842 4996 putabant
2883 4937 2998 4991 sola
3042 4935 3210 5003 specie
3236 4946 3447 4986 carnem
3473 4940 3671 4982 assum-

430 5024 634 5092 psisse;
665 5023 762 5078 alii
791 5041 1000 5080 carnem
1025 5028 1280 5081 caelestem
1306 5034 1356 5078 et
1379 5025 1671 5079 increatam
1693 5026 1890 5093 sibique
1913 5023 2413 5092 consubstantialem
2447 5023 2672 5079 Verbum
2693 5027 2948 5082 induisse.
2980 5027 3208 5082 Mentem
3228 5036 3344 5080 rero
3368 5026 3669 5079 humanam.

430 5126 610 5186 utpote
639 5121 864 5186 peccatis
894 5120 1149 5190 malisque
1184 5119 1594 5190 cogitationibus
1627 5119 1928 5182 obnoxiam,
1973 5136 2004 5171 a
2038 5117 2202 5172 Verbo
2234 5132 2560 5194 assumptum
2609 5123 2822 5175 minime
2847 5123 3008 5192 fuisse
3050 5119 3394 5191 pugnabant:
3427 5131 3544 5187 quae
3579 5113 3670 5183 fuit

430 5207 933 5276 Apollinaristaram
955 5211 1206 5265 hwreseos
1228 5211 1379 5280 quasi
1410 5220 1628 5264 tessera.
1660 5209 2020 5278 Apollinarius
2053 5217 2246 5273 tamen,
2277 5198 2490 5277 V'italis,
2525 5222 2573 5265 et
2603 5213 2649 5264 si
2680 5213 2768 5282 qui
2797 5213 2891 5266 alii
2916 5214 3071 5283 hujus
3093 5224 3247 5286 secta:
3272 5210 3533 5272 homines,
3560 5220 3669 5260 cum

427 5315 538 5354 sese
561 5318 592 5354 a
619 5300 903 5356 Catholicis
933 5305 1110 5374 urgeri
1141 5311 1430 5366 cernerent,
1461 5320 1671 5357 carnem
1698 5301 1899 5356 Christi
1931 5311 2125 5355 nostra:
2169 5303 2395 5358 similem
2421 5321 2552 5367 esse,
2585 5317 2742 5378 atque
2769 5323 2834 5361 ea:
2865 5307 3042 5361 Maria
3085 5313 3405 5372 assumptum
3435 5299 3666 5372 fateban-

429 5397 550 5454 tur;
579 5391 686 5445 imo
712 5395 944 5447 animum
975 5388 1174 5466 quoque
1205 5397 1295 5449 sed
1334 5405 1543 5450 tantum
1569 5395 1906 5459 sensitivam,
1933 5393 2032 5457 vel,
2064 5404 2119 5446 ut
2156 5395 2232 5448 ait
2273 5395 2490 5463 Snidas,
2522 5399 2756 5452 animam
2787 5400 2939 5453 vituli
2976 5403 3030 5455 in
3068 5399 3278 5454 Christo
3304 5391 3665 5450 admittebant.

415 5484 698 5545 Hactenus
726 5492 788 5545 de
821 5491 970 5544 libris
1001 5503 1190 5547 contra
1228 5493 1648 5561 Apollinarium,
1689 5507 1817 5562 quos
1846 5491 2121 5560 postremis
2163 5492 2443 5546 Athanasii
2484 5495 2606 5549 vita:
2644 5497 2797 5549 annis
2841 5493 3162 5562 conscriptos
3210 5500 3497 5560 putamus,
3538 5495 3666 5535 αηηο

425 5579 637 5634 circiter
660 5582 782 5636 572.
809 5584 994 5652 Atque,
1026 5593 1083 5636 ut
1117 5592 1279 5653 patet,
1307 5595 1420 5654 post
1446 5583 1745 5654 Epistolam
1774 5583 1838 5636 ad
1868 5579 2194 5650 Epictetum,
2219 5582 2270 5636 in
2302 5599 2404 5654 qua
2431 5600 2632 5639 errores
2669 5585 2931 5656 ejusmodi
2954 5585 3107 5657 quasi
3129 5583 3374 5637 hactenus
3403 5573 3666 5632 inauditos

425 5683 652 5726 recenset
687 5674 1027 5729 Athanasius.
1061 5677 1177 5731 Hac
1200 5677 1264 5730 de
1294 5693 1347 5730 re
1374 5677 1542 5744 fusius
1573 5678 1624 5731 in
1658 5674 1779 5732 Vita
1808 5673 2116 5745 Athanasii.

499 5785 611 5856 ('57)
645 5788 802 5841 Tom.
830 5789 870 5842 γ
905 5789 1109 5856 Concil.
1149 5809 1203 5863 p.
1229 5793 1352 5851 459.
