3992 6230
475 323 611 391 1095

1115 312 1171 366 S.
1213 303 1579 364 ATHANASII
1612 306 1763 363 OPP.
1805 299 1985 358 PARS
2018 299 2059 357 ι.
2089 332 2157 341 -
2183 293 2551 356 HISTORICA
2587 299 2672 354 ET
2714 293 3134 358 DOGMATICA.

3561 303 3699 358 1096

463 445 678 498 eorum,
695 428 775 484 vel
795 428 1176 500 resipiscentes
1192 444 1302 482 rem
1326 426 1780 485 animadvertant.
1805 425 1885 477 vel
1906 423 2030 476 alios

2143 426 2262 487 λους
2295 423 2505 493 ἁπατᾷν
2547 420 2618 492 μὴ
2663 420 2957 487 δύνωνται,
3011 419 3315 490 κατάληψιν
3359 423 3703 493 ευκρινεστά-

465 523 716 593 decipere
765 536 874 576 non
922 521 1157 585 valeant,
1197 519 1324 574 dum
1375 517 1775 587 apertissimam
1825 513 2028 568 Christi

465 613 1007 683 comprehensionem
1033 611 1357 680 pollicentur
1380 650 1396 675 ,
1439 623 1541 660 non
1565 605 1916 676 inleltigzntes
1940 619 2030 657 ne-

465 725 562 777 que
582 723 696 777 qua
727 707 1031 776 loquuntur,
1055 720 1215 774 neque
1237 702 1298 756 de
1321 701 1506 773 quibus
1529 702 1787 770 afﬁrmant
1807 698 1870 753 ³³.

535 798 589 852 2.
621 796 753 852 Nam
782 799 971 851 Patres
996 797 1214 866 quidem
1249 795 1454 858 dixere,
1485 788 2027 852 consubstantialem,

468 906 588 946 esse
611 890 758 946 Patri
789 889 1006 951 Filium,
1039 903 1104 942 ac
1143 887 1311 942 Deum
1345 902 1532 942 verum
1565 900 1632 940 ex
1666 883 1776 938 Deo
1803 897 1951 946 vero,
1979 892 2032 934 et

467 982 764 1052 perfectum
804 999 868 1037 ex
909 981 1167 1053 pet-lecto.
1205 979 1308 1044 Qui
1339 978 1536 1034 deinde
1581 975 1862 1032 descendit
1906 989 2031 1043 pro-

465 1087 585 1148 pter
620 1085 862 1131 nostram
901 1076 1165 1138 salutem,
1203 1073 1518 1129 incarnatus
1557 1081 1611 1126 et
1640 1071 1806 1125 homo
1855 1068 2031 1124 lactus

465 1182 568 1235 est,
602 1184 665 1224 ac
693 1169 1037 1239 postmodum
1066 1181 1261 1236 passus
1288 1172 1371 1220 est
1397 1172 1451 1219 et
1480 1163 1800 1218 resurrexit.
1832 1156 1934 1214 Sed
1963 1175 2030 1214 ne

465 1263 589 1333 quis
619 1263 799 1317 audita
827 1262 1082 1331 passione
1102 1257 1585 1319 etresurrectione,
1608 1255 1775 1309 Deum
1794 1253 2030 1308 Verbum

466 1363 732 1408 mutatum
763 1369 882 1409 esse
912 1353 1172 1422 cogitaret
1196 1369 1210 1418 ;
1237 1349 1629 1404 immutabilem
1653 1356 1705 1401 et
1731 1347 2028 1400 invariabi-

465 1448 569 1502 lem
603 1463 723 1503 esse
755 1445 952 1500 Filium
975 1445 1325 1499 damnatione
1357 1442 1597 1498 adhibita
1631 1441 1914 1495 deﬁniunt.
1941 1438 2028 1494 Isti

465 1555 594 1594 vero
641 1549 734 1592 aut
784 1538 1137 1592 mutationem
1171 1535 1327 1590 Verbi
1375 1533 1905 1590 comminiscuntur:
1938 1538 2030 1585 aut

463 1629 744 1686 Passionis
766 1631 1227 1700 dispensationem
1278 1642 1482 1683 meram
1527 1641 1648 1680 esse
1685 1624 2027 1694 phantasiam

464 1723 815 1793 suSpicantur
843 1740 855 1775 :
889 1729 1052 1790 atque
1082 1719 1351 1774 interdum
1389 1718 1684 1772 increatam
1712 1716 2024 1770 ctelestem-

462 1829 569 1883 que
606 1813 811 1868 Christi
842 1827 1087 1877 carnem,
1123 1808 1416 1878 aliquando
1468 1805 1656 1861 deitati
1707 1806 1859 1859 aiunt
1905 1819 2027 1859 esse

461 1906 1002 1962 consubstantialem.
1036 1903 1258 1969 Deinde,
1295 1901 1569 1971 inquiunt,
1605 1899 1720 1952 vice
1753 1897 2028 1952 interioris

461 1996 554 2066 qui
579 1996 632 2050 in
653 1996 811 2051 nobis
841 2004 944 2059 est,
973 1992 1232 2058 hominis,
1267 2002 1501 2045 mentem
1543 1989 1816 2044 caalestem
1849 1989 2029 2043 inesse

460 2087 700 2143 Christo.
733 2085 868 2140 Nam
901 2085 1073 2156 ﬁgura
1112 2084 1198 2137 illa
1228 2083 1415 2138 dicunt
1444 2096 1550 2151 qua
1578 2081 1920 2147 induebatur,
1945 2079 2029 2132 in-

462 2187 575 2232 star
600 2178 790 2248 organi
819 2191 950 2230 usus
978 2183 1094 2231 est:
1124 2188 1297 2244 neque
1318 2172 1461 2227 enim
1485 2169 1742 2240 possibile
1761 2179 1876 2224 erat
1903 2185 2028 2239 pcr-

462 2267 660 2323 fcctum
721 2267 996 2322 hominem
1047 2265 1200 2320 illum
1246 2263 1384 2319 ﬁcri.
1430 2261 1532 2316 Ubi
1565 2260 1709 2315 enim
1761 2259 2029 2330 perfectus

463 2359 645 2422 homo,
681 2359 751 2413 ibi
777 2368 829 2412 et
858 2366 1137 2428 peccatum
1164 2374 1177 2409 :
1208 2355 1442 2425 itemque
1468 2354 1575 2406 duo
1598 2350 1831 2421 perfecta
1860 2367 2026 2404 unum

463 2453 579 2506 ﬁeri
622 2469 729 2506 non
764 2460 1012 2521 possunt.
1055 2449 1273 2519 Alioqui
1313 2449 1366 2502 in
1403 2446 1622 2502 Christo
1667 2447 1770 2500 erit
1808 2460 1871 2499 ea
1909 2460 2030 2516 quae

461 2545 517 2601 in
536 2546 694 2601 nobis
717 2555 818 2610 est,
842 2560 1019 2616 pugna
1041 2543 1248 2615 peccati
1275 2561 1288 2596 :
1313 2555 1558 2612 Opusque
1579 2539 1679 2594 erit
1700 2539 1749 2594 ei
1776 2539 1863 2592 illa
1887 2538 2028 2608 apud

462 2653 563 2694 nos
588 2638 702 2693 ﬁeri
728 2638 887 2692 solita
914 2636 1234 2707 purgatione
1263 2653 1275 2688 :
1309 2635 1355 2689 si
1380 2632 1636 2689 Christus
1668 2633 1831 2687 homo
1854 2629 2029 2686 iactus

460 2733 606 2802 quod
625 2733 677 2788 in
695 2733 850 2788 nobis
867 2731 1069 2800 COgitat
1087 2729 1246 2800 737
1263 2736 1316 2782 et
1331 2742 1552 2782 carnem
1573 2735 1752 2781 movet
1770 2726 1824 2779 in
1850 2725 2030 2794 seipso

461 2825 770 2896 suscepisse
815 2823 1155 2878 exhibeatur.
1205 2820 1310 2875 Sed
1367 2819 1686 2888 assumpsit,
1750 2817 2028 2886 inquiunt,

462 2928 661 2983 corpus
707 2915 916 2982 absque
976 2921 1176 2974 mente,
1211 2919 1272 2963 ut
1311 2910 1426 2978 ipse
1468 2925 1623 2964 mens
1653 2909 1706 2962 in
1747 2909 1838 2962 illo
1865 2919 2028 2975 esset,

460 3019 656 3074 expers
684 3005 908 3059 omnino
927 3004 1154 3074 peccati,
1184 3018 1306 3057 cum
1338 3003 1545 3056 ratione
1575 3001 1891 3068 divinitatis,
1917 3011 2030 3056 tum

2129 538 2227 590 την
2270 519 2397 590 περὶ
2440 513 2678 587 Χριστοῦ
2743 513 3196 584 ὑπισχνούμενοι,
3261 511 3346 583 μὴ
3398 513 3698 581 νοοῦντες,

2123 612 2275 684 μήτε
2305 610 2342 665 ἁ
2368 609 2634 680 λέγουσι,
2659 604 2810 676 μήτε
2839 604 2972 674 περὶ
3000 605 3178 659 τίνων
3207 604 3696 658 διαϐεϐαιοῦνται.

2199 814 2253 868 Ξ.
2288 813 2349 866 Οἱ
2381 807 2477 881 μὲν
2515 805 2624 879 γὰρ
2667 805 2907 876 Πατέρες
2953 803 3267 873 εἰρήκασιν,
3301 797 3582 870 ὁμοούσιον
3609 797 3699 852 τὸν

2131 898 2258 958 Υίδν
2299 902 2375 974 τῷ
2404 898 2578 970 Πατρὶ
2604 936 2618 960 ,
2653 896 2745 951 καὶ
2777 895 2907 948 Θεὸν
2945 891 3192 962 ἀληθινὸν
3232 891 3297 943 ἐκ
3327 886 3462 942 Θεοῦ
3510 889 3699 958 ἀληθιο

2129 995 2243 1060 νοῦ,
2279 995 2373 1048 καὶ
2405 991 2601 1045 τέλειον
2635 991 2700 1042 ἐκ
2728 986 2930 1040 τελείου
2957 1003 2969 1016 ·
3017 983 3206 1036 ἔπειτα
3250 981 3573 1035 κατελθόντα
3611 979 3701 1031 διὰ

2128 1090 2225 1159 τὴν
2256 1085 2525 1159 ἡμετέραν
2556 1079 2826 1151 σωτηρίαν
2847 1117 2862 1142 ,
2913 1075 3260 1147 σαρκωθέντα
3279 1113 3294 1136 ,
3351 1071 3702 1142 ὲνανθρωπή-

2131 1195 2318 1242 σαντα,
2359 1176 2457 1233 εἶθ’
2485 1175 2656 1238 οὕτως
2687 1172 2926 1226 παθόντα
2950 1211 2964 1234 ,
3008 1170 3101 1222 καὶ
3128 1166 3450 1221 ἀναστάντα.
3492 1165 3608 1216 Ἵνα
3640 1161 3701 1215 δὲ

2133 1277 2206 1346 μή
2243 1291 2356 1336 τις,
2407 1268 2576 1331 πάθος
2620 1260 2710 1319 καὶ
2761 1263 3054 1318 ἀνάστασιν
3091 1257 3328 1319 ἁκούων,
3377 1252 3703 1324 ἠλλοιῶσθαι

2129 1345 2218 1424 τὸν
2247 1367 2377 1419 Θεὸν
2406 1363 2575 1430 Λόγον
2604 1359 2868 1420 ὲννοοίτο,
2899 1354 2959 1407 τὸ
2993 1354 3257 1425 ἄτρεπτον
3289 1347 3378 1401 καὶ
3409 1345 3704 1398 ἀναλλοίω-

2128 1479 2218 1514 τον
2261 1456 2354 1511 τοῦ
2391 1450 2519 1508 Υίοῦ
2571 1448 2710 1522 μετὰ
2742 1445 3004 1518 κρίματος
3028 1441 3367 1514 διορίζονται.
3403 1431 3556 1489 Οῦτοι
3581 1434 3637 1487 δὲ
3662 1434 3699 1504 ἦ

2128 1551 2412 1609 ἀλλοίωσιν
2460 1544 2552 1599 τοῦ
2586 1543 2760 1608 Λόγου
2806 1536 3200 1606 φαντάζονται,
3254 1531 3286 1600 ἢ
3340 1529 3554 1598 δόκησιν
3599 1525 3700 1594 τὴν

2127 1642 2437 1713 οἰκονομίαν
2481 1636 2573 1690 τοῦ
2630 1633 2832 1695 πάθους
2885 1625 3363 1696 ὑπολαμϐάνουσι·
3418 1619 3545 1672 ποτὲ
3599 1616 3699 1687 μὲν

2130 1741 2381 1794 ἄκτιστον
2428 1732 2521 1783 καὶ
2564 1725 2885 1795 ἐπουράνιον
2916 1720 3164 1786 λέγοντες
3195 1715 3292 1784 τὴν
3335 1711 3427 1765 τοῦ
3459 1707 3696 1779 Χριστοῦ

2128 1834 2303 1903 σάρκα
2325 1867 2340 1892 ,
2390 1821 2519 1876 ποτὲ
2550 1819 2606 1873 δὲ
2638 1814 2920 1886 όμοούσιον
2950 1811 3044 1880 τῆς
3083 1807 3350 1876 θεότητος.
3371 1796 3550 1903 ,Εἶτα,
3586 1814 3695 1900 φα-

2128 1887 2232 1989 σὶν,
2256 1887 2375 1976 ἀντὶ
2398 1914 2490 1969 τοῦ
2521 1908 2720 1964 ἔσωθεν
2752 1907 2808 1958 ἐν
2840 1903 2968 1975 ἡμῖν
2997 1897 3283 1970 ἀνθρώπου
3307 1892 3430 1957 νοῦς
3469 1887 3700 1960 ἐπουρά-

2126 1985 2235 2078 νιος
2273 2016 2329 2065 ὲν
2370 2001 2610 2078 Χριστῷ.
2664 2000 2753 2062 Ὠς
2799 1997 2908 2068 γὰρ
2957 1993 3071 2066 (45)
3117 1985 3699 2078 ὁργανικῷ-κὲχρηται

2128 2074 2364 2180 σχηματι
2509 2093 2850 2167 περιέχοντι·
2900 2087 2960 2140 οὐ
3001 2083 3110 2155 γὰρ
3143 2077 3252 2180 οίόν
3292 2097 3352 2180 τε
3392 2074 3460 2150 ἦν
3493 2076 3698 2180 fenum

2127 2167 2412 2270 ᾶῦθρωπον
2448 2167 2611 2243 αὑτὸν
2638 2180 2907 2253 γενέσθαι.
2937 2178 3108 2230 Ὅπου
3144 2173 3251 2244 γὰρ
3273 2170 3472 2270 τέλειος
3497 2167 3698 2270 ἄνθρω-

2127 2256 2247 2354 πος,
2273 2289 2387 2342 ὲ.κεῖ
2412 2283 2506 2338 καὶ¹
2531 2274 2790 2350 ἁμαρτία·
2816 2273 2910 2326 καὶ
2932 2270 3012 2323 ὅτι
3039 2265 3132 2321 δύο
3152 2264 3333 2316 τέλεια
3361 2259 3416 2312 ἓν
3441 2256 3695 2327 γενέσθαι

2127 2351 2460 2438 ού-δύναται
2487 2389 2502 2404 ·
2556 2372 2677 2426 ἐπεὶ
2721 2369 2871 2422 ἐσται
2916 2363 3012 2419 καὶ
3044 2364 3101 2414 ὲν
3140 2356 3359 2429 Χριστῷ
3400 2355 3434 2424 ἡ
3475 2355 3531 2406 ὲν
3565 2351 3700 2420 ἡμῖν

2131 2477 2280 2549 μάχη
2313 2472 2412 2543 τῆς
2437 2465 2711 2538 ἁμαρτίας
2735 2479 2749 2493 ·
2790 2459 2884 2514 καὶ
2917 2457 3067 2510 ἔσται
3095 2450 3242 2521 αὐτῷ
3265 2443 3544 2549 χρείαῌτοῦ

2309 2533 2670 2636 καθαρισμοῦ,
2708 2556 2757 2609 εί
2803 2552 2864 2606 τὸ
2905 2545 3133 2621 φρονοῦν
3174 2543 3282 2644 καὶ
3316 2542 3375 2595 τὸ
3415 2540 3545 2644 ἄγον
3586 2533 3698 2602 (46)

2225 2632 2357 2734 ἡμῖν
2391 2632 2487 2729 τὴν
2529 2655 2705 2725 σάρκα
2747 2645 2980 2718 Χριστὸς
3017 2643 3073 2694 ὲν
3116 2635 3305 2734 ἑαυτῷ⁸
3343 2632 3698 2734 ἐπιδεδεικται

2128 2723 2417 2826 γενόμενος
2446 2723 2543 2801 dive
2555 2723 2750 2818 ρωπος.
2787 2736 2947 2791 Ἀλλὰ
2977 2730 3156 2794 ἔλαϐε,
3185 2725 3356 2826 φασὶ,
3372 2725 3432 2777 τὸ
3452 2723 3699 2826 άνὸητον,

2129 2812 2196 2899 ἐν’
2231 2812 2452 2915 αὐτὸς-ᾖ
2487 2812 2613 2899 νοῦς
2643 2838 2699 2888 ὲν
2723 2829 2891 2899 αὐτῷ,
2919 2828 3014 2880 καὶ
3038 2825 3300 2908 ἄγευστος
3395 2815 3569 2915 πάντη
3601 2812 3704 2914 τῇς

2133 2905 2600 3010 ἁμαρτίας,”κατά
2621 2943 2685 2995 γε
2715 2925 2775 2978 τὸ
2803 2920 2979 2976 θεῖκδν
3008 2917 3102 2971 καὶ
3122 2913 3181 2967 τὺ
3209 2911 3444 3009 ἀνόητον.
3464 2905 3571 3010 (ξῖ)
3605 2905 3704 2972 τῆς

2135 3000 2353 3100 σαρκός.
2406 3021 2542 3077 Οὔτε
2580 3018 2688 3089 γὰρ
2726 3013 2957 3085 ἁμάρτοι
3004 3007 3069 3061 ἂν
3111 3009 3145 3076 ἡ
3192 3003 3326 3100 σὰρξ,
3353 3000 3448 3055 τοῦ
3480 3001 3703 3100 ἄγοντος

462 3097 672 3152 ratione
692 3097 894 3162 carnis,
920 3111 1040 3165 quae
1080 3095 1287 3164 absque
1323 3103 1505 3148 mente
1544 3093 1632 3148 sit.
1670 3091 1857 3164 Neque
1879 3095 2023 3149 enim

2134 3090 2225 3191 τὴν
2253 3118 2449 3190 σάρκα,
2481 3109 2728 3165 τουτέστι
2755 3102 2849 3158 τοῦ
2884 3099 3225 3172 φρονοῦντος,
3263 3093 3336 3165 μὴ
3365 3090 3707 3163 προενθυμη⁴

462 3194 650 3256 peccat
683 3201 812 3242 caro
831 3185 949 3256 ejus
989 3187 1081 3256 qui
1115 3199 1334 3240 carnem
1366 3193 1565 3250 movet,
1601 3185 1654 3240 id
1687 3195 1770 3240 est
1805 3187 1900 3256 qui
1931 3202 2028 3241 co-

461 3279 617 3350 gitat,
649 3278 696 3335 si
723 3278 768 3334 is
798 3279 951 3349 prius
991 3279 1198 3348 peccati
1245 3286 1424 3331 actum
1467 3292 1576 3331 non
1625 3284 1807 3332 mente
1830 3293 2029 3333 conce-

463 3371 631 3440 perit;
655 3378 709 3424 et
737 3369 782 3424 si
816 3384 909 3439 per
942 3384 1141 3438 corpus
1171 3368 1237 3422 ad
1263 3369 1472 3439 peccati
1500 3369 2028 3424 consummationem

463 3469 722 3530 operatus
747 3475 854 3513 non
885 3456 1068 3514 fuerit.
1102 3457 1256 3514 Unde
1289 3460 1471 3515 carnis
1493 3461 1710 3530 quidem
1736 3461 2028 3516 novitatem

462 3551 716 3607 Christus
753 3553 1208 3608 commonstravit
1243 3569 1342 3622 pro
1371 3553 1584 3608 ratione
1617 3554 2029 3608 similitudinis:

465 3645 757 3698 novitatem
790 3653 969 3698 autem
995 3645 1114 3715 ejus
1147 3647 1242 3716 qui
1271 3645 1324 3700 in
1350 3645 1507 3701 nobis
1535 3647 1756 3716 cogitat,
1786 3663 1881 3718 per
1904 3648 2032 3701 imi»

467 3738 725 3792 tationem
752 3747 803 3792 ct
826 3737 1237 3792 similitudinem
1266 3746 1320 3792 et
1343 3737 1726 3794 abstinentiam
1753 3753 1785 3793 a
1816 3747 2034 3808 peccato

465 3831 842 3899 unusquisque
876 3829 929 3882 in
966 3828 1144 3898 seipso
1169 3829 1406 3884 exhibet.
1433 3828 1500 3884 Et
1529 3829 1610 3885 sic
1642 3829 1888 3886 Christus
1919 3831 2036 3886 sine

466 3931 692 3991 peccato
727 3921 1064 3992 intelligitur.

537 4014 590 4068 5.
616 4013 741 4070 Haec
766 4026 892 4070 sunt
925 4015 1140 4070 illorum
1174 4014 1530 4086 sophismata,
1556 4023 1609 4069 et
1637 4015 1703 4070 ad
1740 4031 1827 4070 res
1852 4014 2034 4070 detor‘

467 4091 710 4174 quéndas
744 4107 972 4161 consilia
1011 4127 1024 4162 :
1068 4123 1246 4177 neque
1284 4123 1425 4162 unus
1454 4115 1538 4162 est
1571 4109 1788 4163 illorum
1814 4122 2035 4163 sermo:

469 4197 638 4252 multa
672 4199 814 4252 enim
857 4200 1252 4255 incredulitatis
1296 4200 1637 4264 diverticula,
1665 4201 1917 4255 humanis
1950 4217 2039 4256 ra-

468 4289 915 4344 tiocinationibus
945 4288 1271 4361 excogitata!
1313 4290 1691 4363 Proponamus
1730 4293 1898 4364 igitur
1930 4292 2038 4348 illis

469 4377 634 4432 divini
671 4379 851 4448 placiti
895 4383 1227 4438 voluntatem
1266 4385 1662 4454 (namjuravt'l,
1697 4385 1892 4455 inquit,
1930 4385 2037 4439 Do-

2132 3184 2440 3278 θέντοςντὴν
2466 3201 2662 3275 πρᾶξιν
2703 3197 2804 3267 τῆς
2833 3192 3134 3265 ἁμαρτίας,
3177 3187 3272 3241 καὶ
3318 3184 3702 3278 ἐνεργήσαντος

2129 3303 2217 3357 διὰ
2259 3272 2354 3354 τοῦ
2399 3272 2665 3366 σώματος
2718 3291 2798 3352 είς
2861 3285 3208 3354 ἐκπλήρωσιν
3257 3278 3354 3348 τῆς
3409 3272 3698 3344 ἁμαρτίας.

2132 3396 2294 3449 Ὅθεν
2341 3391 2542 3462 σαρκὸς
2593 3387 2688 3459 μὲν
2733 3382 3027 3448 καινότητα
3071 3373 3303 3447 Χριστὸς
3352 3366 3702 3462 ἐπιδέδεικται

2131 3487 2252 3540 καθ’
2279 3457 2539 3555 ὁμοίωσιν
2558 3498 2569 3508 ·
2596 3457 2688 3532 τοῦ
2724 3477 2779 3529 δὲ
2811 3471 3129 3544 φρονοῦντος
3158 3468 3215 3518 ὲν
3242 3463 3374 3534 ἡμῖν
3393 3459 3498 3555 *τὴν
3525 3457 3702 3555 ξαινό-

2132 3596 2268 3649 τητα
2289 3549 2376 3630 διὰ
2413 3573 2717 3647 μιμήσεως,
2764 3567 2856 3621 καὶ
2887 3560 3216 3649 ὁμοιώσεως,
3252 3555 3344 3649 καὶἶ
3379 3549 3705 3649 ἀποχῆς

2134 3637 2426 3736 ἁμαρτίαςξ
2459 3637 2690 3720 ἕκαστος
2727 3655 2836 3727 (48)
2877 3654 2933 3704 ὲν
2969 3646 3143 3718 ἐαυτῷ
3173 3643 3559 3698 ἐπιδείκνυται.
3599 3637 3710 3692 Καὶ

2133 3756 2303 3819 οὓτως
2329 3757 2529 3808 νοεῖται
2550 3751 2784 3824 Χριστὸς
2810 3747 2979 3820 χωρὶς
3015 3740 3287 3814 ἁμαρτίας

2206 4019 2262 4073 '5.
2293 4013 2480 4070 Ταῦτά
2501 4014 2648 4066 ἐστιν
2675 4008 2854 4063 αὐτῶν
2882 4005 2952 4060 τὰ
2975 4004 3305 4075 σοφίσματα,
3347 3999 3442 4053 καὶ
3475 3998 3574 4068 τῆς
3603 4013 3707 4051 παι

2139 4090 2415 4184 ρατροπῆς
2459 4107 2528 4160 τὰ
2584 4105 2861 4176 νοήματαο
2898 4099 2992 4154 καὶ
3022 4099 3121 4152 οὐκ
3176 4095 3320 4149 ἔστιν
3365 4087 3445 4156 εἷς
3489 4093 3519 4144 ό
3556 4090 3710 4158 λόγος

2137 4183 2316 4258 αὐτῶν
2353 4217 2367 4232 ·
2413 4199 2603 4253 πολλα)⁹
2645 4197 2753 4268 γὰρ
2797 4195 2897 4264 τῆς
2940 4185 3198 4251 ἀπιστίας
3243 4188 3302 4242 αἱ
3339 4183 3706 4257 παρατροπαὶ,

2137 4293 2495 4368 ἀνθρωπίνοις
2567 4290 2845 4359 λογισμοῖς
2919 4281 3348 4352 ὲπινενοημέναι.
3413 4275 3708 4368 Προθίῦμεν

2139 4364 2318 4444 τοίνυν
2346 4387 2556 4449 τούτοις
2585 4384 2696 4454 (49)
2727 4382 2826 4452 τῆς
2855 4375 2950 4431 τοῦ
2978 4375 3112 4431 Θεοῦ
3146 4371 3392 4433 εὐδοκίας
3417 4368 3517 4439 τὴν
3551 4364 3705 4435 θέλη-

471 4467 664 4535 minus,
688 4479 852 4523 etnon
878 4473 1142 4541 paenitebit
1173 4489 1290 4527 eum
1306 4474 1396 4546 ³⁸),
1424 4491 1489 4530 ac
1509 4475 2030 4530 verissima'mcono-

2139 4499 2223 4534 σιν
2247 4479 2468 4551 (ὤμοσε
2492 4477 2623 4548 γὰρ,
2650 4475 2803 4546 φησὶ,
2821 4472 3058 4538 Κύριος,
3087 4466 3182 4520 καὶ
3219 4466 3289 4519 οὐ
3308 4455 3709 4531 μεταμεληθήι

472 4558 593 4613 mia:
641 4562 1199 4632 consummationem,
1242 4573 1298 4620 et
1348 4566 1739 4622 absolutissimi
1787 4566 2034 4621 beneﬁcii

472 4651 699 4720 gratiam
726 4671 738 4709 :
767 4663 1065 4726 mutuoque
1094 4657 1457 4724 sciscitemur,
1485 4667 1544 4712 ut
1575 4675 1763 4714 eorum
1786 4659 2035 4729 explore-

472 4757 594 4798 mus
615 4757 850 4802 mentem
880 4765 893 4802 :
918 4764 1048 4804 num
1075 4750 1404 4820 propheticis
1432 4752 1874 4820 przedictionibus
1904 4767 2036 4807 con-

473 4846 668 4892 sonent
705 4857 720 4893 :
762 4855 892 4895 num
945 4843 1244 4912 apostolica
1297 4843 1625 4898 documenta
1682 4855 2030 4914 sequantur:

473 4943 601 4982 num
625 4928 681 4982 in
701 4928 922 4986 Patrum
940 4934 1222 5003 praeceptis
1244 4933 1528 4990 incedant:
1550 4950 1681 4990 num
1719 4933 2038 4990 manifestas

542 5117 587 5149 ³³
627 5117 648 5170 l
677 5114 819 5171 Tim.
852 5131 892 5184 ι,
924 5116 977 5173 7.
1089 5117 1134 5150 "
1157 5115 1300 5173 Psal.
1334 5133 1443 5182 cxx,
1465 5115 1518 5171 ι.

544 5303 655 5386 (ρξὸ)
687 5303 812 5386 ξος,
850 5301 980 5386 γάρ,
1009 5312 1126 5386 etc._
1148 5302 1250 5386 Sic.
1285 5303 1441 5360 Gobl.
1480 5303 1628 5360 Felc.
1664 5305 1688 5359 l
1721 5315 1775 5361 et
1805 5303 1931 5378 Seg.
1963 5303 2040 5358 At

470 5375 622 5445 editi,
645 5374 723 5444 τῷ
749 5375 877 5445 γάρ,
907 5383 962 5427 et
994 5374 1072 5445 sic
1097 5375 1306 5445 Anglic.

539 5444 651 5513 (46)
692 5438 1000 5513 Gohlcrian.
1025 5438 1262 5500 Felckm.
1285 5444 1336 5504 l,
1368 5441 1710 5513 Seguerian.,
1738 5443 1797 5498 τὸ
1821 5445 2033 5506 ὲνάγον.

469 5511 804 5598 Paulonpost
830 5512 1276 5598 §eguer.nsolus,
1295 5511 1472 5598 Ἀλλὰ,
1497 5516 1659 5598 φησι,
1692 5516 2033 5598 τδσάνόητον.

472 5581 598 5664 Mog
639 5581 797 5664 Gobl.
830 5581 973 5664 Felc.
1002 5583 1332 5664 l,._S.eguer.,
1364 5585 1420 5636 ἐν
1453 5581 1619 5664 αὐτῷ..
1651 5588 1847 5664 melius
1875 5581 2038 5664 quam

474 5653 736 5772 532:3;an
779 5653 954 5722 ἐαυτῷ
999 5654 1210 5715 :.iidem
1259 5652 1633 5727 manuscripti,
1688 5652 1960 5726 ἄγνωστος

479 5735 676 5789 πάντη.

2137 4571 2347 4642 σεται)
2378 4609 2393 4634 ,
2421 4570 2515 4623 καὶ
2541 4568 2640 4637 τῆς
2671 4563 3043 4636 ἁληθεστάτης
3085 4554 3397 4626 οἰκονομίας
3441 4552 3540 4622 τὴν
3575 4566 3706 4642 συμ-

2139 4640 2451 4734 πλήρωσιν,
2514 4661 2608 4714 καὶ
2666 4657 2768 4727 τῆς
2826 4652 3168 4723 τελειοτάτης
3230 4644 3562 4734 εὐεργεσίαςΔ
3615 4640 3705 4734 την

2139 4731 2298 4820 χάριν
2321 4764 2336 4778 ⁸
2366 4746 2839 4818 άντερωτήσαντες
2880 4741 3082 4795 τούτων
3116 4739 3184 4792 τά
3217 4738 3484 4806 νοήματα,
3515 4731 3567 4785 εί
3599 4732 3705 4791 τοῖς

2141 4843 2500 4915 προφητικοῖς
2552 4838 2664 4908 (50)
2715 4833 2992 4908 μηνύμασι
3053 4829 3369 4902 συνᾴδουσιν
3419 4839 3434 4856 ⁸
3489 4825 3539 4877 εἰ
3595 4824 3702 4915 rei;

2141 4931 2517 4996 ἀποστολικοῖς
2539 4930 2859 5000 διδάγμασιν
2885 4921 3267 4981 ἀκολουθοῦσιν
3294 4935 3307 4949 ⁸
3349 4920 3398 4972 ει
3443 4919 3560 4978 τοῖς
3603 4911 3705 4968 τῶν

2214 5296 2324 5375 (ΓΙ)
2354 5301 2603 5375 segnem,
2626 5296 2720 5375 καὶ
2742 5295 2882 5375 κατά
2910 5292 2972 5347 τὸ
3009 5294 3114 5375 αν..
3133 5282 3255 5369 M0}
3276 5286 3580 5375 ident_c_um
3603 5281 3706 5336 Go-

2143 5358 2278 5429 bler.
2309 5358 2364 5427 et
2387 5358 2533 5425 ιτὶιο.
2567 5358 2617 5433 ι’,
2647 5366 2951 5439 ἁμαρτάνει
2982 5362 3116 5439 σάρξ
3152 5359 3244 5412 τοῦ
3269 5358 3512 5439 ἄγοντος.

2215 5426 2330 5503 (ίὸί
2368 5441 2510 5496 Edit.
2545 5426 2809 5493 continet.
2845 5447 2900 5490 et
2918 5426 3137 5504 quidam
3173 5445 3330 5495 mss.,
3363 5428 3429 5504 ᾕν
3459 5426 3701 5482 ἕκαστος.

2143 5512 2199 5568 1η
2218 5498 2363 5568 ἐιίἶε
2387 5522 2442 5566 et
2474 5513 2527 5564 in
2556 5510 2688 5564 edit.
2717 5507 2916 5568 Paris.,
2937 5498 3018 5574 ’ἦν
3050 5502 3225 5574 deest,
3255 5498 3477 5553 rectius.

2215 5584 2325 5651 (49)
2353 5583 2572 5644 Τούτοις
2601 5581 2753 5634 deest
2782 5579 2836 5651 i_n
2871 5573 3224 5651 Segueriano.

2214 5631 2324 5722 {Sitti
2364 5631 2691 5722 λίίέὶίοἶξέν
2714 5631 2844 5710 τοῖς
2875 5631 3064 5716 πρὀφι,
3091 5650 3146 5696 et
3175 5638 3315 5696 infra
3346 5637 3496 5702 item,
3519 5631 3701 5690 ἐντοῖς

2153 5724 2345 5777 ἀποστ.
