3992 6230
267 433 402 490 1697

1177 427 1453 484 CONTRA
1495 424 2002 480 APOLLINARIUM
2048 424 2244 479 LIBER
2285 424 2567 482 PRIMUS.

3351 424 3369 475 1
3383 421 3487 476 098

265 547 520 616 Πατερων
569 541 988 615 παραγγέλμασι
1039 543 1338 614 στοιχοῦσιν
1371 559 1386 573 ο
1419 543 1464 594 εί
1489 541 1588 603 τὰς
1628 543 1824 592 ἐναπο-

1929 539 2020 592 Dei
2065 553 2223 594 voces
2265 557 2372 594 non
2415 539 2714 608 despiciant
2745 557 2758 592 :
2794 547 2854 590 ut
2880 551 2944 590 ex
2987 535 3312 606 preplicticis
3341 537 3488 591 testi-

265 638 498 700 δείκτους
521 635 612 690 τοῦ
641 636 906 688 Δεσπὸτου
938 635 1049 705 (51)
1079 635 1261 705 φωνὰς
1290 634 1390 688 οὑκ
1415 631 1696 686 ἀθετοῦσιν
1715 647 1729 662 ο
1761 631 1828 683 ἵν’

265 731 326 785 ὲκ
351 729 459 784 τῶν
485 727 836 800 προφητικῶν
871 727 1222 799 μηνυμάτων,
1261 727 1355 780 κα).
1403 725 1509 777 τῶν
1544 721 1830 777 ἀποστολι-

267 819 373 874 κῶν
402 819 762 890 διδαγμάτων,
801 821 894 872 καὶ
942 817 1049 872 τῶν
1083 819 1188 872 ὑπὸ
1231 817 1327 872 τοῦ
1357 816 1560 888 Κυρίου
1607 815 1828 886 πληρω-

268 911 462 966 θέντων
500 911 838 984 πραγμάτων
888 911 1020 982 (52),
1067 911 1318 982 γίγνηται
1368 911 1464 980 τῆς
1500 907 1756 978 ἀληθείας
1791 907 1825 978 ἡ

264 1002 538 1074 ὁμολογία,
571 1004 785 1074 καὶτῆς
817 1003 1023 1074 πλάνης
1067 1005 1099 1074 ἡ
1142 1002 1367 1071 ἔλεγξις.
1415 999 1621 1054 Εἴπατε
1650 1000 1828 1052 τοίνυν

264 1096 312 1146 οἱ
337 1095 620 1166 ἐφευρεταὶ
646 1093 738 1148 τοῦ
763 1094 947 1148 καινοῦ
973 1094 1091 1147 καθ’
1111 1095 1253 1164 ὑμᾶς
1281 1092 1608 1162 Εὑαγγελίου
1631 1133 1644 1157 ,
1672 1091 1700 1143 ὃ
1726 1091 1828 1144 οὑκ

266 1184 407 1238 ἐστιν
468 1185 614 1252 ἄλλο,
681 1185 842 1238 πόθεν
923 1185 1051 1256 ὑμῖν
1109 1183 1452 1256 κατηγγέλθη
1495 1183 1607 1254 (55)
1652 1183 1827 1254 σάρκα

263 1275 513 1330 ἀκτιστον
559 1276 757 1346 λέγειν,
803 1275 943 1330 ὥστε
969 1277 999 1348 ἢ
1031 1277 1126 1348 τὴν
1158 1277 1383 1348 θεότητα
1413 1275 1506 1329 τοῦ
1531 1275 1704 1344 Λόγου
1748 1278 1828 1339 εἰς

268 1369 611 1440 μετάπτωσιν
670 1371 870 1442 σαρκὸς
916 1369 1298 1440 φαντάζεσθαι,
1325 1369 1358 1441 ἢ
1390 1368 1486 1439 τὴν
1514 1368 1827 1438 οἰκονομίαν

264 1460 356 1514 τοῦ
383 1461 589 1525 πάθους
636 1463 730 1516 καὶ
767 1461 862 1515 τοῦ
897 1461 1128 1514 θανάτου
1173 1462 1266 1514 καὶ
1315 1461 1413 1532 τῆς
1452 1461 1824 1524 ἀναστάσεως,

264 1555 340 1618 ὡς
381 1555 599 1625 δόκησιν
640 1554 896 1626 νομίζειν.
956 1555 1241 1617 Ι’Λιιιτιστος
1302 1553 1397 1624 μὲν
1450 1552 1557 1624 γάρ
1618 1553 1826 1623 πέφηνε

267 1645 402 1715 μόνη
434 1647 466 1716 ἡ
489 1646 618 1714 ἁγία
646 1645 814 1717 Τριάς
837 1647 934 1716 τῆς
959 1644 1228 1716 θεότητος,
1267 1645 1435 1707 ἀΐδιός
1462 1661 1519 1697 τε
1551 1645 1644 1698 καὶ
1669 1645 1828 1714 ἀτρε-

263 1753 414 1799 πτος.
445 1737 536 1789 καὶ
569 1735 938 1799 ἀναλλοίωτος.
977 1733 1211 1806 Χριστοῦ
1237 1735 1294 1788 δὲ
1323 1735 1464 1788 κατὰ
1503 1736 1679 1806 σάρκα
1713 1734 1824 1804 (54)

266 1829 324 1897 ἐξ
349 1827 648 1899 ἀνθρώπων
680 1827 1035 1898 ἀνισταμένου
1058 1828 1120 1880 ἐκ
1145 1827 1251 1880 τῶν
1283 1827 1526 1897 ἀδελφῶν
1550 1815 1826 1898 ἡμῶν,’ὡς

263 1919 588 1992 γέγραπται,
634 1919 726 1973 καὶ
778 1919 1017 1990 παθητοῦ
1072 1920 1162 1972 καὶ
1217 1920 1563 1990 πρωτοτόκου
1606 1919 1720 1990 (55)
1766 1919 1825 1984 ἐξ

262 2012 610 2074 ἀναστάσεως
644 2009 873 2082 νεκρῶν,
913 2010 1471 2081 προκαταγγείλαντος
1496 2008 1589 2061 τοῦ
1637 2009 1823 2080 νόμου,

263 2101 380 2164 πῶς
405 2101 465 2154 τὸ
497 2101 748 2154 ἀκτιστον
777 2101 1015 2172 παθητὸν
1068 2102 1286 2170 λέγετε;
1325 2101 1357 2171 ἢ
1393 2101 1505 2164 πῶς
1538 2101 1597 2153 τὸ
1647 2099 1826 2170 παθη-

259 2193 349 2245 τὸν
379 2193 628 2246 άκτιστον
659 2193 952 2264 ὀνομάζετε
985 2211 997 2256 ;
1033 2193 1140 2246 Καὶ
1173 2191 1280 2264 γάρ
1322 2193 1412 2246 κα)¹
1441 2193 1540 2262 τὴν
1571 2189 1827 2245 ἀκτιστον

257 2282 444 2334 οὐσίαν
494 2283 588 2336 τοῦ
629 2285 800 2353 Λόγου
853 2285 1098 2356 παθητὴν
1128 2283 1398 2352 λέγοντες,
1444 2285 1524 2347 εἰς
1577 2282 1673 2354 τὴν
1704 2281 1827 2335 θεόο

257 2393 396 2446 τητα
426 2375 792 2446 βλασφημεῖτε
813 2394 826 2406 ·
861 2379 952 2430 καὶ
976 2377 1072 2450 τὴν
1098 2377 1346 2448 παθητὴν
1394 2377 1591 2448 σάρκα,
1616 2376 1828 2438 ὀστέοις

257 2483 320 2520 τε
356 2466 465 2538 (56)
495 2468 590 2520 καὶ
635 2469 846 2538 αἵματι,
899 2470 992 2522 καὶ
1032 2470 1198 2540 ψυχῇ,
1251 2469 1343 2521 καὶ
1392 2467 1512 2521 ὅλου
1559 2465 1651 2520 τοὺ
1703 2465 1825 2520 καθ’

259 2561 407 2629 ἡμᾶς
433 2558 680 2631 σώματος
715 2561 1102 2632 ἁρμοσθεῖσαν,
1125 2562 1449 2632 ψηλαφητήν
1481 2578 1541 2614 τε
1569 2559 1662 2614 καὶ
1689 2561 1822 2631 ὁρα-

256 2652 359 2724 τὴν
390 2653 705 2723 γενομένην,
737 2653 987 2707 ἄκτιστον
1013 2653 1284 2722 λέγοντες,
1315 2653 1436 2707 δυσὶ
1468 2651 1827 2723 περιπίπτετε

258 2741 545 2813 πτώμασιν
571 2759 585 2772 '
624 2744 655 2812 ἢ
687 2745 984 2813 φαντασίαν
1032 2743 1130 2816 τὴν
1159 2743 1320 2810 δεῖξιν
1361 2745 1454 2799 καὶ
1485 2745 1582 2816 τὴν
1631 2743 1828 2816 ἀνοχὴν

255 2833 354 2886 τοῦ
386 2833 588 2897 πάθους
617 2834 1105 2910 ὑπολαμβάνοντες,
1141 2837 1283 2889 κατά
1305 2837 1403 2908 τὴν
1437 2837 1549 2906 (57)
1574 2837 1680 2890 τῶν
1702 2839 1827 2890 Μα-

261 2929 486 2999 νιχαίων
507 2929 784 2983 ἀσέϐειαν·
816 2929 848 3000 ἢ
880 2929 1136 3000 τοιαύτην
1183 2929 1500 2984 ὑποτίθεσθε
1545 2930 1643 3000 τῆς
1677 2928 1830 2982 ἀκτί-

261 3035 392 3071 στου
413 3018 662 3089 θεότητος
690 3019 788 3091 τὴν
818 3020 1021 3074 οὑσίαν.
1076 3021 1184 3074 Καὶ
1206 3020 1258 3074 τί
1292 3020 1372 3074 ἔτι
1406 3019 1684 3091 μέμφεσθε
1715 3021 1828 3084 τοῖς

259 3111 322 3162 ἐν
349 3109 659 3182 ἀνθρωπίνῃ
690 3112 870 3182 μορφῇ
898 3113 964 3182 τῇ
995 3109 1134 3164 κατὰ
1169 3110 1344 3182 σάρκα
1395 3111 1486 3164 τὸν
1531 3111 1663 3165 Θεὸν
1691 3127 1830 3180 φαν-

254 3201 390 3266 ταζο
397 3203 576 3273 μένοις
604 3220 618 3266 ;

330 3296 382 3351 ξι.
424 3297 581 3351 Ἀλλά
609 3298 816 3368 λέγετε,
844 3299 924 3352 ὃτι
963 3297 1072 3370 (58)
1103 3299 1356 3364 ἄκτιστος
1381 3301 1572 3371 γέγονε
1603 3304 1668 3375 τῇ
1696 3302 1826 3357 ἐνώ-

257 3404 343 3440 σει
394 3389 460 3459 τῇ
513 3389 648 3458 πρὸς
701 3389 792 3442 τὸν
848 3389 1119 3444 ἄκτιστον.
1185 3391 1462 3445 Ἐντεῦθεν
1507 3393 1562 3446 δὲ
1610 3393 1826 3465 ὑμῶνή

257 3481 436 3550 πλάνη
493 3481 828 3552 δειχθήσεται
864 3483 1220 3552 αὑτὲλεγκτος
1243 3500 1256 3512 ·
1285 3486 1318 3552 ἡ
1347 3483 1453 3556 γὰρ
1491 3486 1589 3555 τῆς
1623 3486 1826 3558 σαρκὸς

253 3573 452 3636 ἓνωσις
483 3573 618 3644 πρὸς
650 3573 745 3644 τὴν
774 3573 868 3626 τοῦ
891 3575 1066 3642 Λόγου
1098 3575 1327 3645 Θεότητα
1373 3577 1437 3630 ἐκ
1475 3581 1685 3647 μήτρας
1730 3578 1824 3646 γέ-

253 3682 416 3732 γονεν
437 3681 452 3696 ·
487 3663 731 3718 ἐντεῦθεν
761 3665 870 3738 γὰρ
903 3667 1070 3737 αὑτὴν
1099 3669 1430 3738 ἀνεστήσατε
1467 3669 1496 3720 ὁ
1537 3669 1729 3736 Λόγος,
1766 3669 1824 3736 ἐξ

253 3752 503 3822 οὐρανῶν
551 3753 930 3826 ἐπιδημήσας·
987 3757 1048 3808 οὑ
1097 3755 1524 3826 προϋπάρξασαν
1579 3757 1676 3826 τῆς
1730 3761 1824 3814 τοῦ

253 3841 435 3908 Λόγου
463 3843 774 3914 ἐπιδημίας,
802 3843 834 3914 ἢ
863 3845 960 3916 τῆς
987 3845 1245 3899 Θεοτόκου
1271 3846 1380 3916 (59)
1403 3848 1638 3917 Μαρίας,
1661 3851 1827 3922 μόνης

253 3933 324 3985 ἐκ
345 3931 439 3985 τοῦ
487 3933 655 4004 Ἀδάμ
681 3937 1076 4006 καταγομένης,
1109 3939 1200 3991 καὶ
1229 3941 1294 3992 ἐκ
1314 3937 1406 3992 τοῦ
1447 3939 1702 4012 Ἀϐραάμ
1733 3945 1826 3997 καὶ

251 4025 323 4076 ὲκ
365 4023 458 4076 τοῦ
502 4025 666 4078 Δαὸὶδ
711 4027 1222 4100 γενεαλογουμὲνης,
1267 4031 1362 4083 σὺν
1395 4029 1472 4100 τῷ
1521 4029 1716 4104 Ἰωσὴφ
1747 4034 1824 4105 τῷ

255 4116 724 4186 μεμνηστευμένῳ
750 4117 938 4187 αὐτὴν,
984 4119 1150 4171 ὅντων
1189 4121 1467 4191 ἑκατέρων
1509 4123 1591 4186 εἰς
1648 4123 1824 4193 σάρκα

253 4205 410 4275 μίαν,
446 4205 626 4269 καθὼς
664 4207 990 4280 γέγραπται,
1020 4211 1079 4261 οὑ
1121 4213 1184 4281 τῇ
1219 4211 1354 4281 πρὸς
1384 4211 1646 4281 ἀλλήλους
1702 4231 1826 4268 συν-

251 4295 444 4367 αφείᾳ,
485 4297 617 4350 ἀλλὰ
665 4301 728 4370 τῇ
775 4299 833 4365 ἐξ
878 4299 996 4362 ἐνὸς
1033 4300 1294 4372 ὑπάρξει·
1335 4303 1415 4354 ὅτι
1463 4302 1572 4374 γάρ
1620 4304 1826 4373 άθιγεῖς

249 4386 550 4457 διέμειναν,
610 4390 1040 4462 μεμαρτύρηται.
1067 4392 1326 4448 Γεννᾶται
1371 4391 1464 4450 οὖν
1513 4398 1542 4449 ὁ
1593 4398 1826 4472 Χριστὸς

249 4475 310 4528 ὲν
353 4475 600 4548 Βηθλεὲμ
626 4477 724 4549 τῆς
765 4479 1040 4545 Ἰουδαίας,
1087 4483 1174 4534 τδν
1229 4483 1425 4555 Ἰωσὴφ
1463 4488 1677 4560 πατέρα
1725 4507 1825 4543 κα-

1855 3233 1902 3296 0

1931 632 2152 696 moniis,
2193 647 2258 686 ex
2290 633 2602 702 apostolicis
2641 630 3014 696 documentis,
3043 640 3096 684 et
3133 646 3198 684 ex
3237 629 3491 698 Operibus

1930 737 1962 777 a
1989 722 2216 778 Domino
2254 723 2548 793 designatis
2591 721 2831 778 veritatis
2873 719 3146 776 confessio
3195 732 3246 775 et
3291 721 3492 775 erroris

1930 813 2226 869 confutatio
2251 814 2636 884 subsequatur.
2665 811 3007 883 Respondete
3032 810 3216 880 igitur,
3243 819 3491 864 auctores

1929 907 2078 974 novi,
2109 907 2405 963 secundum
2433 922 2550 970 vos,
2576 903 2871 975 Evangelii,
2891 919 3012 958 cum
3047 901 3190 956 aliud
3223 917 3490 972 nusquam

1930 997 2001 1052 sit
2044 998 2392 1070 Evangelium
2419 1041 2433 1064 ,
2485 998 2755 1053 undenam
2787 996 2940 1051 vobis
2993 995 3340 1066 praedicatum
3388 999 3490 1058 εει,

1929 1105 2148 1148 carnem
2175 1090 2469 1144 increatam
2501 1103 2621 1144 esse
2650 1088 2931 1141 dicendam
2957 1104 2970 1152 ;
3013 1086 3086 1140 ita
3118 1093 3176 1140 ut
3208 1093 3302 1138 aut
3326 1083 3494 1138 deita-

1929 1191 2034 1238 tem
2071 1181 2228 1236 Verbi
2269 1181 2324 1234 in
2370 1196 2586 1236 carnem
2634 1179 2898 1250 dilapsam
2934 1187 2988 1232 et
3016 1185 3280 1232 mutatam
3325 1174 3496 1229 fuisse

1929 1273 2452 1340 comminiscamini;
2477 1281 2572 1326 aut
2601 1271 2956 1326 uaconomiam
2985 1269 3276 1340 passionis,
3303 1265 3493 1321 mortis

1928 1377 1984 1421 et
2015 1365 2465 1428 resurrectionis,
2511 1379 2715 1418 meram
2765 1361 3106 1433 phantasiam
3152 1357 3489 1414 existimetis.

1931 1457 2057 1513 Sola
2080 1459 2224 1512 enim
2269 1467 2453 1512 sancta
2498 1455 2736 1512 Trinitas
2779 1455 2996 1510 deitatis
3036 1463 3120 1510 est
3160 1453 3398 1510 increata
3438 1459 3493 1505 et

1929 1561 2152 1614 aeterna,
2203 1537 2556 1606 immutabilis
2613 1563 2664 1606 et
2714 1549 3068 1619 invariabilis.
3113 1547 3250 1604 Cum
3311 1558 3490 1602 autem

1928 1639 2179 1698 Christus
2215 1642 2512 1698 secundum
2547 1656 2767 1696 carnem
2806 1657 2872 1696 ex
2919 1639 3236 1694 hominibus
3279 1637 3497 1694 duxerit

1929 1746 2130 1802 ortum,
2161 1737 2364 1791 scilicet
2391 1752 2456 1792 ex
2479 1735 2734 1792 fratribus
2765 1737 2985 1801 nostris,
3019 1743 3080 1790 ut
3104 1733 3364 1804 scriptum
3391 1744 3492 1797 est,

1931 1843 1993 1882 ac
2043 1827 2315 1895 passibilis
2352 1827 2442 1892 sit,
2477 1837 2530 1882 et
2578 1829 2971 1900 primogenitus
2999 1841 3066 1882 ex
3097 1825 3494 1880 resurrectione

1929 1933 2266 1976 mortuorum
2292 1964 2308 1990 ,
2343 1923 2459 1994 lege
2493 1922 2726 1992 idipsum
2760 1921 3176 1992 praenuntiante,
3220 1919 3494 1988 quomodo

1927 2014 2069 2085 quod
2102 2013 2399 2070 increatum
2434 2024 2537 2081 est,
2567 2015 2821 2085 passibilc
2849 2014 3072 2069 dicitis?
3097 2020 3188 2068 aut
3221 2013 3492 2083 quomodo

1926 2107 2073 2177 quod
2101 2107 2361 2176 passibile
2388 2117 2490 2175 est,
2527 2108 2824 2164 increatum
2860 2105 3105 2162 vocatis?
3133 2103 3341 2158 Etenim
3367 2119 3492 2158 cum

1929 2199 2224 2254 increatam
2261 2197 2422 2252 Verbi
2453 2199 2814 2256 substantiam
2863 2197 3174 2268 passibilem
3207 2195 3407 2258 dicitis,
3440 2197 3492 2248 in

1927 2289 2268 2346 divinitatem
2295 2289 2702 2358 blasphemaus.
2759 2289 2825 2343 Et
2856 2290 2986 2342 dum
3028 2286 3340 2356 passibilem
3369 2301 3492 2340 car-

1931 2396 2075 2446 nem,
2123 2396 2246 2452 quae
2294 2381 2532 2448 ossibus,
2574 2381 3108 2451 sanguini,animte,
3135 2387 3189 2434 et
3235 2377 3494 2433 universo

1927 2485 2116 2532 nostro
2167 2475 2384 2545 corpori
2437 2473 2688 2544 adaptata
2727 2481 2832 2536 est,
2879 2487 3106 2543 quaeque
3133 2470 3414 2542 palpabilis
3439 2479 3494 2524 et

1927 2568 2159 2625 visibilis
2183 2575 2285 2634 est,
2314 2565 2608 2622 inet-catam
2633 2566 2812 2620 dicitis
2836 2607 2850 2630 ,
2884 2563 3084 2634 duplici
3125 2563 3277 2633 lapsu
3311 2563 3494 2618 conci—

1929 2661 2098 2717 ditis:
2129 2667 2224 2716 aut
2273 2659 2416 2714 enim
2471 2659 2858 2714 exhibitionem
2899 2667 2952 2712 et
2993 2657 3332 2711 tolerantiam
3367 2671 3492 2726 pas-

1929 2753 2101 2810 sionis
2126 2752 2466 2823 phantasiam
2504 2751 2848 2815 existimatis,
2875 2751 3031 2819 juxta
3071 2748 3489 2804 Manichteorum

1929 2847 2283 2917 impietatem;
2310 2853 2402 2900 aut
2435 2845 2596 2900 talem
2625 2859 2746 2900 esse
2772 2844 3014 2899 statuitis
3049 2843 3300 2898 increata:
3320 2841 3494 2896 deita-

1928 2939 1999 2994 tis
2054 2937 2436 2992 substantiam.
2486 2935 2691 3006 Ecquid
2740 2937 2916 2992 adhuc
2966 2935 3356 3005 reprehenditis
3397 2949 3494 2989 eos

1928 3030 2020 3100 qui
2045 3031 2096 3082 in
2123 3030 2358 3083 humana
2383 3025 2557 3100 forma
2589 3029 2885 3084 secundum
2911 3041 3130 3082 carnem
3155 3025 3323 3080 Deum
3347 3039 3496 3080 como

1929 3121 2331 3176 ntiniscuntur?
2383 3097 2392 3116 \

1999 3302 2051 3355 4.
2091 3297 2194 3356 Sed
2228 3300 2410 3354 dicitis
2441 3299 2740 3354 increatum
2787 3297 2990 3354 factum
3016 3313 3156 3364 esse,
3188 3299 3330 3367 quod
3367 3299 3491 3352 uni-

1929 3407 2042 3450 tum
2063 3394 2135 3450 sit
2155 3408 2278 3448 cum
2311 3393 2572 3448 increato.
2597 3389 2735 3445 Hinc
2764 3399 2944 3445 autem
2977 3399 3219 3446 vestrum
3250 3405 3490 3444 errorem

1927 3503 2047 3543 sese
2113 3485 2232 3540 falsi
2283 3499 2510 3555 arguere
2562 3483 2893 3539 ostendetur.
2945 3481 3080 3536 Nam
3136 3483 3320 3538 carnis
3365 3497 3490 3536 cum

1927 3577 2088 3632 Verbi
2114 3575 2395 3632 divinitate
2425 3574 2738 3645 conjunctio
2767 3589 2834 3628 ex
2866 3582 3022 3628 utero
3051 3571 3190 3628 facta
3222 3581 3334 3636 est;
3368 3573 3493 3627 inde

1926 3669 2069 3723 enim
2101 3667 2204 3738 ipsi
2227 3665 2464 3722 Verbum
2497 3681 2621 3720 cum
2655 3680 2686 3720 e
2713 3664 2852 3720 ctelo
2881 3664 3188 3721 advenisset
3225 3663 3488 3733 originem

1927 3759 2092 3825 dedit,
2119 3759 2316 3830 quippe
2347 3773 2469 3829 quae
2495 3773 2603 3814 non
2635 3767 2752 3812 erat
2797 3764 3087 3826 antequam
3125 3753 3362 3810 Verbum
3391 3756 3488 3809 ad-

1926 3851 2152 3917 veniret,
2206 3859 2301 3906 aut
2335 3859 2462 3906 ante
2503 3848 2788 3920 Deiparam
2837 3847 3084 3915 Mariam,
3119 3847 3278 3918 cujus
3317 3847 3488 3902 solius

1926 3945 2079 4014 origo
2127 3960 2190 3997 ex
2229 3941 2476 4008 Adamo,
2531 3941 2694 4013 738
2739 3947 2794 3995 et
2833 3955 3004 4011 genus
3025 3955 3091 3994 ex
3124 3939 3397 3994 Abraham
3435 3945 3490 3992 et

1926 4035 2125 4090 Davide
2173 4043 2351 4088 ortum
2388 4033 2432 4066 ⁸⁵
2471 4041 2745 4098 narratur,
2783 4041 2838 4086 et
2883 4048 2992 4087 una
3031 4031 3218 4102 sponsi
3263 4031 3350 4086 sui
3396 4029 3488 4085 Jo-

1927 4127 2079 4196 seph,
2112 4127 2204 4196 qui
2247 4133 2404 4180 erant
2435 4125 2542 4180 duo
2587 4125 2641 4178 in
2671 4140 2836 4180 carne
2879 4141 3008 4191 una,
3035 4123 3178 4179 sicut
3225 4124 3486 4194 scriptum

1925 4229 2008 4272 est
2031 4217 2096 4280 ³⁸,
2134 4231 2242 4271 non
2269 4225 2455 4271 mutua
2484 4216 2621 4270 inter
2648 4231 2708 4271 se
2735 4215 3100 4285 copulatione,
3131 4214 3224 4270 sed
3248 4214 3392 4284 quod
3421 4230 3487 4268 ex

1927 4326 2036 4364 uno
2079 4309 2375 4379 eodemque
2399 4308 2666 4378 originem
2699 4307 2998 4374 ducerent;
3032 4321 3158 4361 nam
3205 4307 3351 4378 quod
3387 4307 3492 4361 illi-

1925 4401 2035 4454 bati
2067 4399 2447 4465 remanserint,
2478 4407 2864 4470 testatumest.
2895 4395 3144 4453 Nascitur
3171 4413 3303 4470 ergo
3332 4397 3492 4453 Chri-

1925 4503 2044 4549 stus
2069 4493 2125 4545 in
2155 4490 2430 4546 Bethleem
2455 4488 2654 4544 Iudaea:
2681 4491 2747 4554 ³⁷,
2767 4489 3076 4559 Josephque
3102 4497 3308 4559 patrem
3332 4505 3488 4545 suum

248 4568 384 4630 λῶν,
421 4569 616 4622 ταυτὸν
652 4572 716 4641 τῇ
749 4571 937 4642 Μαρία
973 4573 1307 4643 τυγχάνοντα
1345 4576 1438 4630 τοῦ
1481 4579 1642 4631 Δαὸίδ
1669 4578 1819 4652 (60)·

1928 4591 2100 4650 vocat,
2127 4582 2220 4653 qui
2254 4582 2496 4636 eamdem
2525 4597 2688 4652 quam
2719 4581 2884 4636 Maria
2912 4599 2978 4636 ex
3002 4581 3199 4638 Davide
3225 4582 3494 4652 originem-

325 4703 372 4734 ³⁸
399 4701 586 4757 Matth.
624 4721 660 4766 ι,
689 4704 740 4756 1.
817 4705 862 4736 ³⁵
887 4704 1022 4759 Gen.
1061 4723 1119 4770 ιι,
1146 4707 1236 4762 24.
1351 4709 1394 4738 ³⁷
1423 4707 1611 4764 Matth.
1641 4726 1700 4776 ll,
1735 4713 1784 4766 1.

593 4859 816 4938 ﬁeguer.
844 4859 1058 4938 Gobler.
1093 4863 1236 4938 F_elc.
1264 4865 1318 4938 11
1347 4865 1510 4938 sunt,
1543 4867 1638 4938 τοῦ
1664 4867 1820 4924 Θεοῦ.

325 4929 442 5006 (52)
492 4928 806 5006 Basiliensis
850 4933 1043 5006 habet,
1084 4934 1190 4986 τῶν
1229 4935 1322 5006 τοῦ
1367 4928 1506 5006 Θεοῦ
1551 4935 1819 5006 πληρωθ-.

245 4997 430 5076 Paulo
461 5011 608 5076 post.
649 4999 964 5076 seguerian.
987 5005 1230 5076 γένηται,
1257 5003 1421 5060 Basil.
1446 4997 1682 5076 γίνηταῖ.
1717 5007 1824 5062 Go—

245 5067 654 5146 blqrign._f'elc.
687 5067 942 5146 l_‘et_edit_i
970 5067 1268 5146 ﬂvunt:
1459 5067 1469 5073 ’
1558 5067 1589 5146 ’ν
1713 5116 1722 5127 .

323 5137 439 5215 (55)
473 5139 876 5215 Κατηγγέλθῃ.
901 5137 1132 5215 (ἔρωτι-,⁷
1149 5155 1203 5199 ει
1229 5144 1441 5215 Fech.
1461 5145 1667 5215 Anglic.
1697 5163 1825 5202 vero

243 5221 304 5265 et
321 5209 574 5292 Seguerz,
593 5209 1103 5292 κατηγγέληλΕιιίιί,
1123 5209 1820 5292 κατηγγᾷλληῶιῖυιο-ροει,

245 5277 614 5354 φαντάζεσθε.
655 5277 1152 5354 Gobl'erfSeguer”
1187 5277 1410 5339 et'Felc.
1443 5277 1494 5344 ί.
1529 5277 1824 5340 ειίηίὶηἱὶὲ

243 5347 404 5426 gem,
429 5347 718 5426 νομίζητε.-
743 5347 1265 5426 δεευεισξνομίζετε.
1315 5354 1457 5421 Mox,
1481 5355 1720 5426 δόκησιν,
1744 5357 1824 5412 sic
1878 5417 1882 5422 ,

243 5417 422 5473 Basil.
453 5417 660 5496 Anglic.
687 5417 884 5496 S_eg.'ln
902 5417 1149 5496 edit.,'tb.;
1163 5424 1396 5494 δόκησιν.
1425 5417 1617 5481 Statim
1635 5417 1824 5496 Angli-

242 5504 431 5564 canus
453 5489 617 5564 solus,
657 5489 864 5564 πέφυκε
893 5493 1045 5564 μόνη.

324 5558 440 5636 (ἐξά)
471 5557 694 5636 Seguer.
732 5557 1060 5636 et_Atigl_ic'.,
1097 5563 1158 5618 τὸ
1184 5563 1324 5636 κατὰ
1348 5563 1544 5636 σάρκα.
1575 5563 1634 5618 In
1663 5565 1820 5622 editis

243 5639 304 5704 et
325 5629 476 5704 aliis,
497 5629 565 5682 τό
590 5631 760 5704 d_eest_.
795 5629 1164 5704 Mox‘Seguer.
1205 5634 1362 5704 Gobl.
1397 5629 1452 5690 et
1489 5633 1652 5704 Felc,
1676 5637 1730 5700 1,
1762 5637 1820 5702 ἐξ

241 5698 577 5778 ἀνθρώπων.
609 5699 748 5778 Ed_iti
777 5717 904 5778 vero
925 5698 1133 5778 etalii,
1163 5703 1556 5778 egdvﬁpdimu.
1597 5698 1724 5759 Μοιι
1753 5698 1820 5758 ii;

239 5769 401 5833 dem,
433 5769 510 5839 ὡς
542 5770 607 5822 ὲκ
631 5769 762 5823 τῶν.
791 5771 850 5824 ln
877 5773 1034 5828 editis
1069 5769 1127 5834 et
1153 5775 1271 5830 aliis
1306 5769 1380 5839 ὡς
1405 5777 1571 5830 deest.

323 5839 442 5914 (55)
469 5837 562 5914 S_ic
577 5840 798 5908 Seguer.
814 5841 1043 5914 _Gobl.7et
1063 5842 1206 5898 Felc.
1235 5847 1284 5902 l.
1317 5837 1374 5900 In
1395 5845 1550 5912 edit.,
1576 5845 1815 5902 ποώτου.

492 5909 764 5972 ΡΑτιιυι..
801 5910 920 5972 Gn.
970 5913 1197 5977 XXVI.

1997 4867 2108 4936 (56)
2137 4869 2210 4920 Τε
2234 4867 2386 4922 deest
2413 4866 2466 4920 in
2493 4868 2842 4937 Segueriano.

1998 4939 2109 5074 (57)
2140 4937 2472 5004 Basiliensis,
2498 4935 2963 5008 ὑπολαμϐάνοντες
2995 4935 3088 4989 καὶ
3120 4935 3218 5005 τὴν
3254 4936 3380 4990 τῶν.

1998 5009 2085 5074 (58
2134 5009 2256 5060 Ὅτι
2288 5008 2438 5062 deest
2463 5009 2516 5060 in
2545 5007 2767 5074 Segtter.
2796 5007 3012 5061 Gobler.
3049 5014 3103 5059 et
3129 5003 3274 5061 Felc.
3305 5007 3354 5061 1.

1996 5003 2108 5076 (58)
2134 5009 2256 5079 Ὅτι
2288 5008 2438 5062 deest
2459 5003 2516 5060 in
2545 5003 2767 5079 Segtier.
2796 5007 3012 5061 Gobler.
3049 5014 3103 5059 et
3129 5003 3490 5079 ιη“ει‹ε.λι.ἒιι›ι-

1925 5079 2044 5132 dem
2068 5078 2278 5146 Anglic.
2309 5080 2455 5133 solus
2479 5077 2656 5142 habet,
2681 5077 3152 5146 ἄκτιστονητεειε.
3187 5077 3312 5140 Alii,
3339 5077 3492 5130 ἄκτι-

1925 5163 2067 5211 στος.
2100 5143 2331 5218 ibidem,
2369 5149 2651 5218 Anglican.
2692 5147 2913 5214 Seguer.
2946 5143 3106 5218 iGobl.
3145 5157 3199 5200 et
3232 5146 3392 5218 Felc.
3436 5149 3486 5212 1,

1923 5219 1988 5342 ἶῇ
2019 5216 2226 5342 ὲέόῖσει,
2268 5216 2480 5274 οωίεειῐ
2521 5219 2900 5287 ρηεροειιὶοιιε
2942 5217 3033 5281 ὲν,
3067 5231 3187 5285 qua:
3229 5217 3284 5271 in
3329 5219 3490 5273 editis

1943 5303 2036 5342 eae
2075 5303 2104 5342 a
2133 5305 2214 5340 ur.

1943 5303 2214 5342 εεευειιιιι.

1971 5303 2392 5432 ἥὲξὶῗιὲἒοτόκου
2421 5357 2574 5411 deest
2601 5359 2654 5432 in
2689 5355 2819 5410 edit.
2848 5353 3059 5432 Co_m3n.
3091 5361 3184 5415 sed
3211 5361 3404 5432 legitur
3433 5359 3488 5432 in

1923 5424 2161 5498 maxima
2187 5435 2338 5498 parte
2370 5427 2888 5498 manuscriptornm.
2917 5424 3083 5488 Infra,
3107 5432 3191 5498 ὲκ,
3217 5424 3363 5496 ante,
3389 5427 3485 5481 τοῦ

1921 5497 2104 5563 Δα6ίδ,
2145 5497 2371 5552 habetur
2401 5499 2454 5550 in
2494 5498 2612 5551 solo
2647 5497 2869 5566 Seguer.

1991 5567 2106 5640 (60)
2138 5567 2389 5640 δεμες..
2425 5567 2490 5619 ὲκ
2515 5566 2608 5620 τοῦ
2624 5565 2812 5640 Ῐᾼδάμ,
2841 5573 2906 5640 ειΔ
2939 5565 3014 5620 ita
3035 5567 3181 5640 _iegit
3219 5570 3487 5638 Nannius,

1921 5637 2018 5707 sed
2047 5653 2235 5707 omnes
2252 5638 2339 5690 alii
2357 5651 2488 5707 mss.
2506 5644 2560 5690 et
2579 5637 2708 5692 editi
2737 5637 2929 5700 Graeci,
2949 5637 3165 5707 melius,
3187 5642 3280 5695 τοῦ
3302 5641 3485 5698 Δαϐίδ.

1921 5705 2044 5760 Mox
2065 5706 2289 5778 Seguer.
2314 5716 2368 5762 et
2391 5705 2610 5778 F_elc.j.
2642 5707 2985 5778 ἅνακληθείς.
3017 5705 3218 5766 Ibidem
3245 5712 3407 5768 Basil.
3434 5721 3488 5765 ιι

1923 5778 2242 5852 ξεευεεξειι.
2265 5776 2507 5852 Συμεών.
2542 5776 2703 5852 Editi,
2731 5776 3164 5852 ΣιμεῶνοςηΝοε
3189 5799 3312 5838 cum
3349 5791 3482 5839 mss.

1923 5844 2078 5900 Gobl.
2105 5844 2282 5902 Félck.
2315 5844 2422 5903 t'et
2448 5857 2594 5903 textu
2625 5844 2830 5918 Graeco,
2864 5851 3166 5956 Συμεῶνοξᾴ

3091 5947 3172 5986 ὗν)
