3992 6230
575 407 711 466 1099
1199 409 1254 463 S.
1295 409 1662 467 ATHANASII
1701 413 1848 470 UPP.
1885 410 2059 466 PARS
2093 411 2131 464 l.

2279 410 2642 466 HISTORICA
2680 411 2766 466 ET
2807 410 3221 466 DOGMATICA.
3617 411 3730 467 1100

575 519 802 575 ducebat
829 537 842 572 :
875 519 927 572 in
961 519 1152 588 pannis
1179 521 1472 589 repositus,
1500 537 1530 576 a
1561 521 1814 578 Simeone
1843 523 1898 576 in
1923 521 2123 590 templo

2248 538 2282 573 ,v
2321 521 2650 591 σπαργάνοις
2695 519 3021 582 ἀνακλιθεὶς,
3057 519 3150 571 καὶ
3198 518 3300 570 ὑπὸ
3339 517 3428 570 τοῦ
3487 519 3731 590 Συμεῶνος

574 618 832 680 gestatus,
873 620 922 663 et
977 608 1041 662 ad
1078 612 1549 668 circumcisioncm
1597 614 1780 668 carnis
1826 614 2125 669 secundum

2248 627 2281 662 .ν
2314 610 2387 681 τῷ
2416 611 2544 682 ίερῷ
2573 609 2913 681 βασταχθεὶς,
2938 609 3030 662 καὶ
3059 608 3353 680 περιτομὴν
3382 610 3568 680 σαρκὸς
3591 627 3732 680 προσ-

576 702 743 770 legem
788 700 1050 756 adductus
1096 713 1195 767 est,
1224 713 1678 774 augmentumque
1725 705 1930 774 accepit
1957 703 2128 758 relatis

2248 701 2485 773 ιγόμενος
2513 701 2654 756 κατά
2667 702 2756 755 τὸν
2781 701 2962 772 νόμον,
2987 702 3079 752 καὶ
3107 699 3329 772 αΰξησιν
3355 700 3557 771 ἡλικίας
3579 703 3734 754 ποιού-

575 802 737 863 atque
766 801 984 846 staturae
1005 792 1069 844 ³⁸.
1098 791 1156 846 Si
1185 793 1367 862 itaque
1395 793 1668 850 increatus
1704 794 1791 849 illa
1827 795 2026 848 unione
2049 791 2129 846 fa-

2248 811 2407 858 ιενος.
2447 793 2555 865 (61)
2583 794 2662 846 ,Εἰ
2705 793 2877 846 τοίνυν
2933 793 3185 856 άκτιστος
3222 794 3287 863 τῇ
3337 790 3517 844 ὲνώσει
3553 792 3735 861 γέγονε,

575 892 695 939 ctus
719 892 819 950 est,
853 885 1128 953 quomodo
1181 898 1288 938 non
1338 886 1518 938 statim
1553 883 1821 954 perlectus
1861 883 2126 954 apparuit,

2248 883 2344 948 τῶς
2370 885 2470 938 οὐκ
2497 884 2788 956 αὐτοτελὴς
2817 883 2993 954 ὤφθη,
3023 881 3177 944 ἀλλά,
3214 881 3528 950 θελήσαντος
3553 881 3636 934 τοῦ
3663 883 3739 936 Λό-

576 974 670 1030 sed
702 989 800 1044 pro
827 974 1100 1028 voluntate
1125 973 1318 1040 Verbi,
1352 991 1547 1045 corpus
1596 984 1944 1045 augmentum
1984 975 2129 1030 acci-

2248 995 2346 1048 (ου,
2389 981 2419 1046 ἡ
2459 976 2552 1030 τοῦ
2599 976 2843 1046 σώματος
2877 974 3101 1044 αὔξησις
3143 973 3386 1041 ἐγίνετος
3428 973 3668 1043 Ἀκτίστῳ
3693 974 3739 1026 δὲ

567 1064 793 1134 piebat?
823 1064 1064 1118 lncreato
1095 1072 1272 1119 autem
1304 1065 1694 1119 incrementum
1723 1064 1996 1118 ascribere
2029 1064 2132 1117 im-

2248 1067 2522 1140 τροσάγειν
2546 1066 2769 1137 αὔξησιν
2799 1065 2990 1128 ἀσεϐές
3013 1066 3148 1117 ἐστι.
3184 1064 3256 1116 Τὸ
3281 1063 3386 1134 γὰρ
3434 1063 3664 1118 άκτιστον
3687 1068 3739 1135 τῇ

568 1153 723 1223 .pium
750 1162 851 1208 est.
880 1150 1014 1206 Nam
1038 1151 1182 1222 quod
1211 1153 1509 1206 increatum
1540 1162 1642 1214 est,
1680 1161 1870 1205 natura
1905 1167 2001 1206 sua
2044 1151 2130 1204 ιη.

2248 1159 2385 1230 ρύσει
2415 1160 2662 1212 ἀκτιστον
2682 1159 2919 1227 λέγεται,
2951 1158 3088 1227 μήτε
3118 1154 3362 1226 αῦξησιν,
3388 1157 3517 1227 μήτε
3545 1156 3740 1209 ἐλάττω-

577 1254 816 1298 creatum
848 1243 1075 1306 dicitur,
1117 1258 1216 1297 nec
1250 1243 1640 1307 accessionem,
1680 1243 1762 1298 vel
1815 1243 2132 1296 diminutio-

2248 1267 2314 1303 τιν
2337 1249 2730 1319 ἐπιδεχόμενον.
2765 1246 2837 1300 T6
2864 1247 2920 1300 δὲ
2947 1245 3022 1316 τῷ
3048 1245 3282 1316 ἀκτίστῳ
3306 1245 3416 1316 (62)
3448 1249 3742 1316 κοινωνῆσαν

578 1351 699 1389 nem
739 1335 993 1389 admittit.
1031 1332 1188 1399 Quod
1220 1343 1401 1388 autem
1425 1349 1547 1388 cum
1581 1335 1821 1388 increato
1855 1333 2130 1402 quidpiam

2248 1342 2262 1413 )
2307 1341 2521 1406 ένωθὲν,
2569 1340 2695 1394 ἴδιον
2735 1340 2830 1411 μὲν
2877 1338 2970 1392 τοῦ
3021 1339 3270 1391 ἀκτίστου
3308 1337 3536 1406 λέγεται,
3579 1338 3633 1391 οὺ
3665 1339 3743 1408 μὲν

576 1441 859 1480 commune
882 1424 1063 1488 habet,
1097 1433 1190 1478 aut
1219 1424 1323 1494 ipsi
1366 1425 1571 1487 unitur,
1608 1426 1888 1494 proprium
1914 1423 2131 1492 quidem

2248 1432 2360 1486 ιύτδ
2380 1432 2659 1497 ¹άκτιστον,
2688 1431 2774 1484 ἵνα
2803 1429 2875 1500 μὴ
2910 1427 3174 1499 ὲπιλησθῇ
3208 1428 3304 1498 τῆς
3353 1427 3638 1497 ὲνώσεωςή
3676 1428 3745 1480 εῦ-

577 1519 836 1582 increato,
873 1532 978 1571 non
1005 1527 1185 1572 tamen
1218 1516 1394 1586 ipsum
1420 1517 1718 1571 increatum
1746 1532 1867 1571 esse
1896 1515 2129 1582 dicitur;

2248 1524 2473 1594 εργεσία,
2496 1521 2590 1574 καὶ
2617 1519 2935 1592 καταργηθῇ
2957 1519 3062 1588 (65)
3075 1518 3171 1588 τῆς
3189 1517 3496 1588 εὐεργεσίας
3519 1520 3549 1588 ἡ
3569 1517 3744 1585 ὀφειλὴ,

577 1625 646 1664 ne
675 1609 894 1663 unionis
921 1607 1238 1663 beneﬁcium
1273 1607 1326 1662 in
1356 1606 1683 1662 oblivionem
1718 1607 1915 1673 veniat,
1945 1619 1997 1660 et
2038 1606 2132 1660 be-

2248 1614 2324 1666 ιαὶ
2379 1614 2457 1675 είς
2494 1613 2836 1666 ἀνελπιστίαν
2880 1612 3164 1682 καταπέσῃ
3221 1611 3253 1682 ἡ
3306 1611 3364 1663 ὲν
3410 1608 3647 1680 ἀσθενείᾳ
3683 1608 3747 1661 ἔτι

579 1699 757 1754 neiicii
805 1697 1045 1753 debitum
1087 1697 1401 1760 aboleatur,
1429 1711 1563 1750 neve
1593 1697 1890 1750 humanum
1941 1710 2131 1766 genus,

2248 1705 2568 1775 τυγχάνουσα
2614 1702 2963 1775 ἀνθρωπότης
2988 1743 3002 1768 ,
3070 1703 3427 1773 διδασκομένη
3486 1699 3598 1752 καθ’
3631 1701 3746 1770 ὑμᾶς

577 1789 721 1859 quod
770 1788 949 1843 adhuc
992 1786 1046 1840 in
1083 1786 1397 1841 infirmitate
1425 1787 1589 1856 degit,
1617 1787 1670 1840 in
1705 1785 2132 1856 desperationem

2248 1797 2313 1868 μὴ
2351 1796 2493 1868 ἔχειν
2540 1796 2676 1867 πρὸς
2722 1795 2854 1848 Θεὸν
2904 1795 3230 1865 οἰκειότητα,
3274 1794 3371 1846 καὶ
3410 1791 3684 1864 ἀμαυρωθῇ
3723 1792 3748 1860 ἡ

578 1881 757 1941 cadat,
791 1879 835 1934 si
864 1879 1036 1933 discat
1066 1878 1231 1949 (quod
1266 1894 1363 1933 vos
1393 1877 1624 1946 dicitis),
1660 1878 1859 1932 nullam
1886 1893 2006 1932 esse
2033 1879 2134 1932 sibi

2467 1860 2595 1952 Τίς.
2621 1886 2749 1959 γὰρ,
2806 1887 3058 1940 άκτιστον
3107 1860 3315 1939 ἀκούων
3357 1885 3417 1938 τὸ
3452 1860 3748 1953 ἑυῡίιυριου

577 1985 700 2024 cum
723 1968 830 2022 Deo
859 1967 1232 2036 cognationem
1263 1982 1280 2032 ;
1315 1981 1446 2021 neve
1470 1968 1642 2036 gratia
1672 1975 1977 2021 evanescat.
2006 1966 2138 2032 Quis

569 2063 724 2115 enim
781 2061 1079 2114 increatum
1121 2060 1164 2115 si
1205 2061 1391 2114 audiat
1443 2060 1656 2114 Domini
1707 2075 1932 2130 corpus,
1975 2075 2138 2130 seque

567 2151 802 2216 ‘factum,
831 2159 1181 2220 creatumque
1215 2163 1489 2218 agnoscat,
1523 2167 1630 2206 non
1667 2151 1948 2223 intelligat,
1975 2149 2138 2204 falsas

567 2245 796 2314 quidem
843 2258 963 2297 esse
1009 2240 1339 2311 Scripturas,
1371 2244 1585 2312 sibique
1632 2243 1836 2296 nullam
1869 2258 1988 2298 esse
2015 2258 2137 2297 cum

562 2335 796 2388 “Christo
815 2333 1292 2388 communionem?
1320 2332 1374 2387 Si
1401 2333 1671 2388 increatus
1695 2335 1990 2388 increatum
2021 2349 2141 2387 cor-

565 2441 683 2494 ‘pns
731 2425 1047 2496 assumpsit,
1080 2425 1238 2495 periit
1277 2439 1407 2496 ergo
1450 2425 1626 2494 prima
1681 2423 1954 2488 formatio,
1982 2424 2142 2493 periit

565 2515 906 2586 "archetypus
921 2514 1112 2580 Adam,
1130 2529 1239 2584 quo
1262 2530 1362 2571 nos
1383 2529 1555 2584 usque
1581 2514 1634 2567 in
1659 2513 1978 2568 hodiernum
1999 2513 2140 2567 diem

566 2623 677 2680 ‘per
711 2611 892 2665 carnis
923 2612 1323 2666 successionem
1354 2609 1567 2663 oriundi
1611 2623 1827 2662 sumus.
1857 2607 2139 2673 Quomodo

569 2704 748 2772 igitur
773 2702 1022 2764 Christus
1061 2719 1159 2757 nos
1203 2701 1289 2756 sui
1329 2700 1618 2772 participes
1657 2698 1985 2755 constituit?
2011 2697 2142 2768 quid

565 2805 666 2850 'est
699 2797 846 2864 quod
870 2794 1162 2864 Apostolus
1191 2793 1264 2847 ait
1291 2811 1303 2846 :
1335 2792 1436 2856 Qui
1469 2793 1605 2845 enim
1626 2792 1932 2860 sanctiﬁcat
1965 2798 2014 2844 et
2052 2788 2140 2858 qui

573 2891 989 2958 'sancli/icantur
1013 2903 1076 2941 ea:
1101 2903 1208 2940 uno
1236 2901 1409 2940 omnes
1424 2885 1509 2938 "?

655 2984 709 3037 5.
742 2979 817 3034 Ne
841 2981 963 3049 quis
987 2993 1114 3033 vero
1133 2979 1199 3032 de
1227 2975 1506 3031 divinitate
1528 2973 1651 3029 Filii
1678 2974 1755 3028 sic
1783 2973 2020 3044 cogitare
2046 2988 2144 3027 au-

581 3073 710 3126 deat
729 3087 752 3125 τ
785 3069 929 3140 quod
971 3070 1159 3123 eodem
1207 3068 1295 3121 ille
1331 3067 1490 3120 modo
1531 3081 1596 3120 ex
1638 3065 1746 3120 Deo
1788 3065 1876 3129 sit,
1907 3079 2016 3134 quo
2047 3079 2144 3119 nos

586 3177 797 3225 sumus,
823 3169 882 3214 ut
933 3159 1239 3228 impiissimi
1295 3157 1483 3211 Ariani
1530 3156 1706 3211 dicere
1757 3155 1957 3210 audent
1993 3173 2006 3208 :
2049 3163 2143 3208 aut
2170 3189 2214 3252 Ο

587 3262 730 3308 certe
761 3253 908 3306 illum
927 3267 991 3306 ex
1024 3251 1130 3304 Deo
1163 3248 1460 3304 secundum
1487 3248 1667 3302 carnis
1697 3247 1952 3316 speciem,
1980 3255 2034 3301 et
2061 3261 2142 3301 se-

587 3346 822 3400 cundum
865 3341 1094 3397 formam
1133 3341 1295 3407 servi,
1329 3341 1434 3394 hoc
1474 3348 1558 3395 est
1596 3339 1913 3409 prot0plasti
1947 3339 2142 3405 Adam,

588 3451 750 3505 quam
782 3433 986 3502 accepit
1009 3432 1101 3500 qui
1133 3431 1187 3484 in
1221 3429 1392 3484 Forma
1416 3429 1508 3485 Dei
1538 3429 1678 3485 Deus
1702 3430 1930 3484 exsistit.
1968 3427 2150 3484 Profe-

587 3535 676 3579 cto
705 3526 844 3578 inter
883 3540 970 3579 res
996 3532 1226 3588 creatas,
1252 3522 1384 3577 illud
1414 3522 1610 3576 dicitur
1650 3521 1971 3583 increatum,
2001 3521 2148 3590 quod

588 3633 866 3688 nunquam
891 3617 1116 3682 exstitit,
1140 3618 1267 3686 quia
1288 3629 1564 3685 nunquam
1590 3612 1793 3668 factum
1821 3621 1922 3668 est.
1947 3611 2023 3666 Ne
2045 3612 2148 3683 igi-

591 3718 698 3770 tur,
731 3707 861 3762 dum
900 3707 954 3760 in
989 3704 1163 3760 Verbo
1209 3718 1424 3758 carnem
1462 3717 1738 3772 nunquam
1771 3700 1938 3756 fuisse
1962 3701 2150 3756 existi-

592 3801 776 3863 matis,
803 3798 1052 3868 specioso
1084 3797 1349 3852 vocabulo
1374 3810 1486 3850 rem
1518 3795 1690 3865 ipsam
1731 3809 1928 3864 negare
1953 3793 2004 3846 in
2033 3792 2150 3846 ani-

593 3906 742 3943 mum
793 3888 1082 3952 inducatis,
1110 3898 1170 3941 ut
1211 3885 1346 3940 nihil
1389 3885 1443 3938 in
1490 3885 1730 3938 increato
1765 3883 2148 3938 conﬁteamini.

591 3981 725 4037 Nam
760 3981 873 4036 sola
902 3980 1117 4035 deitatis
1144 3979 1496 4034 subsistentia
1531 3978 1771 4031 increata
1801 3975 2149 4044 intelligitur;

535 4074 545 4080 ’
592 4079 666 4130 ita
695 4085 751 4129 ut
775 4075 997 4143 impium
1030 4073 1119 4135 sit,
1139 4071 1220 4126 vel
1251 4070 1541 4124 increatam
1566 4066 1897 4134 passibilem,
1925 4066 2004 4120 vel
2030 4081 2154 4134 pas-

594 4167 806 4222 sibilem
833 4165 1129 4218 increatam
1158 4160 1446 4230 appellare.
1474 4155 1764 4211 Conditam
1803 4156 1946 4210 enim
1979 4156 2154 4209 homi-

593 4256 681 4310 nis
725 4263 996 4318 naturam,
1026 4265 1133 4305 non
1182 4251 1382 4303 unione
1421 4245 1597 4302 Verbo
1640 4247 1937 4316 propriam,
1978 4246 2070 4301 sed
2105 4246 2154 4300 ei

595 4356 917 4401 coartet-nam
947 4357 1085 4407 esse,
1112 4341 1314 4409 Deique
1338 4347 1545 4392 naturae
1576 4345 1908 4406 exaaqualam
1939 4351 2032 4404 per
2065 4350 2155 4388 na-

596 4449 729 4492 tura
756 4435 1110 4497 identitatem,
1143 4431 1366 4500 impium
1401 4437 1484 4484 est
1511 4429 1765 4498 cogitare.
1794 4425 1986 4480 Carnis
2009 4429 2150 4480 enim

2239 1981 2418 2051 σῶμα,
2451 1979 2638 2034 ἑαυτόν
2681 1979 2738 2032 δὲ
2797 1978 3086 2048 ποιηθέντα
3134 1979 3226 2032 καὶ
3276 1975 3560 2030 κτισθέντα
3605 1974 3746 2036 εἰδὼς,

2237 2071 2336 2124 οὐκ
2374 2070 2752 2142 ὲννοηθήσεται
2787 2069 2999 2138 ψευδεῖς
3035 2068 3129 2139 μὲν
3155 2065 3291 2122 εἶναι
3321 2067 3423 2132 τάς
3459 2067 3608 2134 άγέας
3632 2067 3748 2137 Γρα-

2239 2155 2364 2224 φάς,
2394 2157 2580 2210 ἑαυτὸν
2599 2157 2655 2210 δὲ
2681 2157 2754 2228 μὴ
2778 2155 2919 2226 ἔχειν
2949 2156 3080 2226 πρὸς
3103 2155 3192 2208 τὸν
3217 2155 3449 2227 Χριστὸν
3475 2156 3747 2213 κοινωνίαν;

2239 2248 2301 2300 El
2333 2251 2361 2301 6
2384 2249 2630 2312 άκτιστος
2661 2248 2910 2301 άκτιστον
2939 2247 3097 2317 σῶμα
3121 2247 3430 2312 ἀνελάϐετο,
3452 2248 3750 2318 κατήργηται

2238 2339 2462 2410 τοίνυνὴ
2489 2338 2675 2411 πρώτη
2700 2339 2912 2403 πλάσις,
2939 2338 3211 2394 ἀπόλωλεν
3233 2339 3260 2392 6
3277 2339 3573 2410 ἀρχέτυπος
3596 2337 3748 2406 Ἀδὰμ,

2241 2426 2300 2485 οὗ
2332 2433 2489 2502 ἡμεῖς
2532 2432 2687 2502 μέχρι
2728 2432 2963 2503 σήμερον
3005 2431 3257 2499 ἀπόγονοι
3287 2431 3613 2502 τυγχάνομεν
3640 2429 3752 2482 κατὰ

2239 2520 2334 2590 τὴν
2384 2523 2480 2592 τῆς
2514 2522 2713 2592 σαρκὸς
2745 2521 3012 2593 διαδοχήν.
3060 2522 3185 2586 Πῶς
3233 2518 3324 2576 οὖν
3364 2522 3590 2594 Χριστὸς
3638 2520 3752 2590 ἡμᾶς

2245 2613 2503 2684 μετόχους
2535 2612 2725 2665 ἑαυτοῦ
2774 2614 3141 2685 κατεστήσατο
3193 2611 3301 2682 (64)
3336 2629 3354 2679 ;
3399 2611 3514 2676 πῶς
3554 2611 3606 2664 δὲ
3633 2611 3752 2663 καὶὸ

2255 2704 2569 2768 Ἀπόστολος
2583 2705 2759 2773 λέγει,
2805 2706 2875 2758 Ὅ
2909 2721 2970 2758 τε
3008 2707 3114 2775 γὰρ
3138 2702 3388 2774 ἁγιάζων
3419 2704 3514 2758 καὶ
3546 2706 3595 2757 οἱ
3625 2706 3754 2773 drm-

2243 2795 2468 2862 ζόμενοι
2496 2796 2563 2861 ἐξ
2601 2795 2736 2862 ἑνὸς
2770 2796 2987 2862 πάντες
3012 2812 3032 2860 ;

2315 2977 2366 3031 5.
2399 2976 2487 3047 Μή
2513 2993 2597 3038 τις
2621 2975 2679 3028 δὲ
2705 2975 2952 3047 τολμάτω
2983 2975 3109 3048 περὶ
3140 2975 3239 3046 τῆς
3265 2974 3517 3045 θεότητος
3549 2969 3633 3026 τοῦ
3657 2966 3756 3024 Υίοῦ

2245 3069 2513 3140 ἐννοῆσαι,
2552 3071 2652 3134 ὅτι,
2685 3070 2872 3142 ὥσπερ
2909 3069 3040 3124 αὐτὸ
3079 3071 3142 3122 ὲκ
3179 3068 3270 3121 τοῦ
3320 3067 3481 3130 Θεοῦ,
3522 3067 3649 3119 οὕτω
3692 3065 3760 3115 καὶ

2244 3162 2424 3230 ἡμεῖς,
2459 3160 2706 3232 καθάπερ
2733 3163 2783 3213 οί
2809 3159 3154 3214 ἀσεϐέστατοι
3195 3158 3463 3229 Ἀρειανοὶ
3486 3157 3649 3223 λέγειν
3673 3153 3760 3205 τολ-

2248 3250 2417 3323 μῶσιν
2443 3269 2456 3282 ·
2486 3251 2518 3322 ἢ
2553 3253 2764 3316 πάντως
2803 3251 2941 3306 κατά
2983 3255 3080 3323 τὴν
3127 3250 3224 3320 τῆς
3274 3247 3474 3320 σαρκὸς
3527 3244 3758 3309 ἐπίδειξιν,

2245 3343 2339 3395 καὶ
2364 3340 2507 3395 κατὰ
2531 3340 2628 3414 τὴν
2654 3343 2865 3413 μορφὴν
2898 3340 2991 3395 τοῦ
3013 3340 3218 3406 δούλου,
3255 3341 3503 3393 τουτέστι
3538 3338 3623 3390 τοῦ
3649 3353 3762 3406 πρω-

2243 3432 2541 3486 τοπλάστου
2622 3431 2811 3502 Ἀδάμ,
2862 3432 2929 3504 ἢν
2979 3431 3168 3485 ἐλαϐεν
3226 3433 3254 3484 ό
3311 3433 3369 3485 ἐν
3439 3432 3611 3502 μορφῇ
3656 3423 3760 3478 Θεοῦ

2247 3523 2503 3594 ὑπάρχων
2558 3523 2708 3585 Θεός.
2752 3523 2924 3586 Ὂλως
2963 3523 3060 3594 μὲν
3101 3517 3195 3575 οὖν
3230 3524 3286 3574 ἐν
3321 3525 3435 3586 τοῖς
3464 3525 3702 3590 ποιήμασι
3721 3517 3763 3568 τὸ

2247 3614 2534 3684 λεγόμενον
2580 3616 2867 3679 ἄκτιστον,
2899 3615 2961 3666 τὸ
2999 3615 3221 3686 μηδέπω
3269 3614 3518 3685 ὑπάρξαν
3568 3613 3762 3680 λέγεται.

2247 3706 2328 3759 ὅτι
2364 3706 2436 3778 μὴ
2461 3706 2665 3775 γέγονε.
2693 3708 2782 3778 Μή
2816 3725 2867 3760 τι
2892 3703 2984 3759 οὖν
3022 3707 3152 3778 ἄρα,
3185 3705 3310 3778 μήθ’
3349 3706 3489 3769 ὅλως
3517 3705 3621 3776 (65)
3651 3718 3766 3770 γεγο-

2248 3798 2394 3851 νέναι
2433 3799 2491 3851 ὲν
2519 3797 2594 3870 τῷ
2626 3798 2781 3869 Λόγῳ
2827 3797 3002 3870 σάρκα
3050 3797 3540 3869 ὑπολαμϐάνοντες,
3581 3796 3766 3865 εὐφήμῳ

2249 3889 2390 3955 λέξει
2420 3889 2688 3943 ποιεῖσθαι
2719 3891 2813 3944 καὶ
2843 3890 2942 3962 τὴν
2970 3889 3198 3961 ἄρνησιν
3228 3890 3390 3954 εὐθὺς
3437 3891 3674 3952 ἐννοεῖτε,
3705 3888 3767 3939 ἵνα

2254 3979 2418 4049 μηδὲν
2443 3981 2499 4032 ἐν
2530 3980 2606 4050 τῷ
2643 3979 2880 4051 ἁκτίστῳ
2929 3980 3317 4051 ὁμολογήσητε.
3379 3982 3654 4041 Ἀκτιστος
3686 3975 3767 4045 γὰρ

2253 4069 2482 4140 ὕπαρξις
2518 4073 2650 4142 μόνη
2679 4075 2711 4142 ἡ
2735 4072 2836 4142 τῆς
2865 4071 3115 4143 θεότητος
3147 4075 3344 4125 νοεῖται
3370 4089 3385 4102 ’
3430 4072 3567 4126 ὥστε
3591 4071 3672 4124 καὶ
3697 4070 3770 4136 τὴν

2253 4162 2502 4216 ἀκτιστον
2547 4163 2796 4234 παθητὴν
2845 4163 3021 4232 λέγειν
3067 4163 3282 4227 ἀσεϐὲς,
3324 4164 3422 4218 καὶ
3446 4164 3543 4235 τὴν
3566 4159 3770 4231 παθητὴν

2253 4252 2504 4306 άκτιστον
2533 4254 2840 4324 ὀνομάζειν.
2866 4256 2977 4328 Τὴν
2998 4255 3105 4329 γάρ
3136 4256 3453 4326 ποιηθεῖσαν
3480 4257 3577 4326 τῆς
3600 4253 3769 4322 ἀνθρω-

2255 4343 2483 4414 πότητος
2535 4344 2693 4414 φύσιν
2715 4385 2728 4409 ,
2765 4345 2839 4416 μὴ
2868 4348 2933 4417 τῇ
2974 4346 3160 4400 ὲνὼσει
3206 4346 3316 4417 (66)
3353 4348 3449 4401 τοῦ
3477 4348 3640 4414 Λόγου
3665 4339 3772 4395 εἶναι

2258 4432 2412 4496 ἰδίαν,
2462 4432 2595 4486 ἀλλά
2632 4434 2915 4499 συναῖδιον,
2968 4437 3062 4489 καὶ
3102 4439 3167 4507 τῇ
3222 4437 3315 4490 τοῦ
3356 4437 3494 4490 Θεοῦ
3531 4436 3676 4506 φύσει
3709 4432 3772 4494 ἐξ·

594 4539 648 4583 et
675 4526 954 4597 sanguinis
1001 4525 1314 4593 ossiumquc
1366 4522 1637 4591 specimen
1682 4519 1927 4575 exhibuit
1965 4519 2148 4574 Domi-

2257 4524 2543 4595 ισουμὲνην
2575 4528 2640 4596 τῇ
2673 4526 2960 4598 ταυτότητι
2983 4529 3080 4599 τῆς
3108 4529 3319 4597 φύσεως
3349 4531 3569 4592 ἐννοεῖν,
3599 4525 3770 4584 ἀσεϐές.

594 4634 729 4684 ιιιιε,
758 4630 966 4670 necnon
997 4613 1163 4668 animi
1189 4613 1441 4677 dolentis,
1472 4611 1793 4681 perturbati,
1827 4613 1994 4666 anxii.
2027 4609 2148 4664 Haec

2258 4614 2464 4684 Σαρκὸς
2484 4617 2591 4688 γὰρ
2624 4619 2716 4670 καὶ
2748 4619 2978 4690 αἳματος
3005 4621 3098 4672 καὶ
3122 4620 3322 4674 ὀστέων
3349 4621 3602 4685 ἐπίδειξιν
3624 4618 3774 4685 ὲποιήο

596 4724 757 4765 nemo
781 4708 979 4762 dixerit
1035 4715 1279 4760 naturam
1307 4705 1520 4759 deitatis
1540 4719 1660 4759 esse
1688 4723 1700 4758 :
1730 4706 1944 4775 propria
1974 4715 2148 4758 autem

2258 4722 2386 4757 σατο
2424 4706 2627 4777 Κύριος
2648 4747 2662 4772 ,
2693 4710 2787 4762 κα.)⁸
2825 4708 3003 4780 ψυχῆς
3033 4710 3397 4784 λυπουμένης,
3441 4714 3534 4764 καὶ
3563 4723 3774 4782 ταραττο-

599 4802 706 4856 Deo
749 4799 1048 4856 secundum
1101 4808 1349 4852 naturam
1407 4796 1550 4851 facta
1613 4807 1758 4863 sunt,
1803 4813 1927 4851 cum
1985 4795 2148 4850 Verbo

2263 4797 2448 4868 μένης,
2474 4799 2567 4852 καὶ
2592 4801 2984 4873 ἀδημονούσης.
3015 4803 3201 4856 Ταῦτα
3232 4804 3288 4857 δὲ
3323 4805 3423 4857 οὐκ
3453 4806 3518 4859 ἄν
3548 4821 3626 4866 τις
3665 4800 3774 4853 εἴποι

588 4893 797 4962 ,placuit
853 4891 1146 4945 humanam
1187 4887 1372 4943 subire
1415 4887 1836 4958 generationem,
1891 4902 2148 4957 suumque

2263 4889 2421 4957 φύσιν
2453 4887 2590 4944 εἶναι
2627 4892 2877 4963 θεότητος
2902 4911 2916 4925 ·
2947 4895 3051 4948 ἴδια
3075 4895 3131 4948 δὲ
3162 4896 3294 4950 Θεοῦ
3330 4897 3442 4967 (67)
3489 4895 3626 4950 κατά
3652 4891 3776 4962 φύσιν

668 5007 712 5038 ³³
741 5006 875 5060 Luc.
906 5021 967 5072 υ,
1003 5005 1052 5068 7,
1080 5003 1170 5060 28.
1246 5003 1290 5034 “
1320 5000 1485 5057 Hebr.
1523 5017 1584 5068 ιι,
1612 5001 1698 5057 11.

669 5098 784 5168 (61)
814 5095 1082 5168 vide
1104 5110 1288 5165 supra,
1316 5093 1741 5168 Αά-Ερὶειειιιιη,
1767 5111 1817 5164 p.
1843 5094 1974 5168 .

597 5163 892 5292 sigilla
915 5167 1147 5237 .Segner.
1173 5163 1244 5220 _et
1283 5167 1363 5220 sic
1401 5163 1681 5234 legendum
1720 5163 1822 5220 est.
1857 5163 2020 5230 Editi,
2063 5165 2153 5236 Τῷ

673 5307 780 5376 (65)
805 5304 1160 5376 Goblerianus
1183 5313 1236 5359 et
1259 5303 1400 5376 Felc.
1439 5305 1462 5358 1
1510 5305 1726 5369 habent,
1751 5309 1782 5376 ή
1808 5304 2043 5373 εὐλογία,
2067 5306 2161 5359 καὶ

588 5373 795 5443 ,καταρ.
825 5376 1002 5440 Atque
1031 5377 1102 5428 ita
1137 5375 1263 5443 legit
1302 5373 1564 5428 Nannius.
1593 5377 1735 5430 Infra
1772 5373 1961 5441 iidem,
1995 5383 2054 5428 ut
2099 5384 2154 5429 et

603 5447 724 5516 legit
747 5443 1018 5516 Nannius,
1041 5444 1393 5516 διδασκομένη
1424 5443 1543 5498 καθ’
1566 5447 1731 5516 ἡμᾶς.

2262 5092 2440 5156 εὐθύς.
2477 5091 2538 5165 In
2560 5093 2718 5165 editis
2748 5091 2897 5165 deest
2922 5094 3034 5160 καί,
3063 5102 3116 5148 et
3147 5095 3324 5157 εὐθύς.
3357 5090 3777 5165 εεςιιει-ἰιιιι.βρ·

2264 5165 2392 5242 bler.
2425 5173 2483 5242 et
2503 5161 2646 5217 Felc.
2685 5167 2730 5226 l,
2756 5163 2917 5231 paulo
2949 5174 3085 5232 post,
3119 5161 3503 5237 ὁμολογήσητε.
3538 5166 3594 5219 in
3631 5162 3778 5218 editis.

2260 5233 2602 5304 ὁμολογῆται.
3155 5233 3163 5235 ‘
3294 5233 3300 5234 ’
3337 5233 3347 5237 ’
3408 5233 3419 5237 ·

2304 5373 2309 5375 _
2336 5302 2443 5372 (66)
2470 5299 2664 5375 Militi
2685 5299 2911 5375 ἐνῷσει.
2943 5303 3035 5375 _Sic
3069 5301 3313 5375 Seguer.,
3347 5313 3401 5360 et
3424 5303 3507 5358 sic
3535 5299 3779 5374 legendum

2264 5370 2491 5428 videtur.
2515 5370 2678 5434 Edit.,
2707 5372 2839 5442 μήτε
2866 5371 3070 5426 ένώσει.

853 5459 1018 5533 ιειιιιξ,
1041 5458 1393 5526 οιοασκομενῃ
1424 5458 1542 5498 καθ’
1566 5458 1760 5533 ninia,
1793 5515 1805 5526 .
1961 5514 2012 5533 ...
2138 5515 2148 5525 -

2331 5462 2440 5533 (67)
2457 5462 2686 5533 Αηειξε..
2717 5461 2820 5533 ἴδια
2849 5461 2905 5515 δὲ
2927 5463 3019 5516 τοῦ
3045 5463 3199 5518 Θεοῦ.
3226 5464 3391 5520 Paulo
3413 5471 3554 5533 post,
3587 5458 3778 5533 Segne!”-

674 5513 784 5595 (64)
834 5514 926 5595 δίς
965 5515 1208 5595 ἓθὲἓθνκν
1244 5513 1632 5595 feeliiliquaii}
1663 5515 1815 5595 ,⁸άὶιὶ
1832 5525 1885 5570 ει
1923 5514 2014 5569 alii
2059 5515 2153 5585 qui
2261 5513 2475 5588 ante};
2507 5513 2796 5593 ei’Féch,
2820 5513 3562 5595 7.9.5.5.;entiam;
3586 5513 3687 5590 alii",
3712 5541 3781 5592 γει

674 5548 784 5585 μνη
836 5548 926 5568 uno
966 5548 1208 5583 υυδυυι.,
1244 5548 1443 5570 "suun-Ia
1471 5548 1632 5582 quam
1678 5548 1808 5569 ῠυιιι
1832 5548 1885 5570 σι
1923 5548 2014 5569 cun
2059 5548 2148 5585 qui

605 5583 1049 5676 θαηςειιιιζριξδτοῦι
1071 5584 1392 5676 Ροιιιοῦροδι
1413 5585 1573 5676 ἰᾱιέιιι,
1603 5585 1909 5676 genam}
2137 5663 2148 5676 Α

2261 5548 2475 5588 uonter.
2507 5548 2560 5584 et
2585 5548 2726 5584 reic.
2747 5548 2796 5593 ι,
2820 5548 3137 5602 γεννησεως.
3176 5548 3313 5588 [sum
3354 5550 3479 5587 vero
3509 5548 3562 5586 et
3586 5548 3687 5590 aui,
3712 5548 3780 5592 γε·

2261 5604 2478 5676 νέσεως.
2501 5601 2897 5676 _MmeSeguer.
2913 5606 3004 5656 καὶ
3036 5606 3135 5676 τὴν
3161 5606 3349 5676 αὐτῆς.
3367 5604 3580 5676 Gobler.
3591 5609 3644 5676 _et
3664 5595 3780 5676 elc-

608 5623 824 5668 νει-’νεῖον
853 5623 1012 5636 *ι’-ν’
1072 5623 1088 5636 -
1111 5623 1234 5639 υυιν
1274 5623 1392 5672 ιςνο·
1413 5623 1573 5666 “cur.
1603 5623 1632 5638 ν
1652 5623 1909 5670 *ιυυινυτ-
2261 5623 2478 5665 νεσεως.
2502 5623 2626 5655 mox
2657 5623 2879 5668 διέκαιεν.
2913 5623 3004 5656 και
3036 5623 3132 5676 την
3161 5623 3347 5674 αυτης.
3367 5623 3580 5658 humer.
3599 5623 3644 5653 ei
3664 5623 3780 5650 rem

633 5652 784 5773 ,(6ο)
812 5651 907 5719 Μή
931 5670 986 5705 τι
1012 5652 1126 5734 ripa
1142 5655 1441 5738 μ-ηδολοέςο
1473 5655 1564 5708 Slc
1603 5654 1825 5742 coptar-
1853 5662 2075 5724 beguer-
2103 5663 2158 5708 θι
2265 5673 2316 5733 ι,
2343 5674 2435 5724 και
2463 5670 2559 5742 τὴν
2593 5672 2775 5724 ἀὺτοῦ.
2799 5673 2900 5725 Alii
2935 5683 2988 5726 et
3013 5675 3281 5736 ειιίιι,.και
3302 5674 3396 5745 τὴν
3429 5671 3636 5726 ἑαυτοῦ.
3668 5663 3781 5720 ιιιιη

607 5721 680 5775 l-e
702 5738 750 5776 c.
782 5727 830 5776 ι.
857 5721 911 5776 In
941 5725 1120 5779 editis.
1141 5725 1230 5779 Μή
1253 5741 1303 5775 τι
1330 5741 1422 5777 ουν
1451 5724 1556 5779 ἄρα
1586 5725 1693 5779 ν.ήο
1730 5725 1884 5779 ολως.
1904 5725 2023 5779 Mox
2046 5725 2158 5778 Au-
2267 5742 2471 5779 ςιηηηηι-
2542 5743 2599 5779 ευ
2623 5741 2799 5779 smn-.7.
2860 5741 2953 5779 Αιιι
3018 5745 3073 5779 ιν
3098 5744 3241 5779 ...νη-,7.

590 5726 750 5776 .l-‘elc.
782 5727 830 5776 1.
857 5726 911 5776 In
941 5726 1120 5786 editis,
1141 5726 1230 5794 Μή
1253 5741 1303 5775 τι
1330 5726 1422 5777 οὖν
1451 5726 1556 5793 ἄρα
1585 5726 1710 5795 μήθ’
1730 5726 1884 5787 ὅλως.
1904 5726 2023 5780 Mox
2046 5726 2148 5778 Au-

601 5802 733 5860 gnc.
762 5789 973 5846 Goblcr.
1008 5793 1231 5862 Seguer.
1270 5804 1323 5848 et
1355 5793 1532 5847 Fclck.
1565 5795 1628 5858 1,
1667 5797 1762 5848 καὶ
1788 5795 1885 5867 τὴν
1929 5797 2148 5868 ἄρνησιν

2267 5726 2599 5814 δεευοτξὲν
2623 5741 2817 5811 ἐαυτῷ.
2857 5741 2977 5806 Alii,
3018 5726 3073 5794 έν
3098 5726 3258 5814 αὑτῷ,
