3992 6230
287 394 418 452 “Si

1199 393 1475 448 CONTRA
1512 393 2026 449 APOLLINABIUM
2067 392 2266 446 LIBER
2305 392 2590 450 PRIMUS.
2689 372 2693 378 ’

3387 380 3521 435 1102

285 513 528 585 γέγονεν,
560 517 948 588 εύδοκήσαντος
972 516 1064 568 τοῦ
1099 516 1268 584 Λόγου
1307 516 1633 586 ἀνασχέσθαι
1655 518 1852 587 γεννή-

1978 517 2126 586 psius
2158 533 2293 585 opus
2322 517 2373 569 in
2405 523 2644 584 peccato,
2671 513 3038 582 corruptione,
3060 521 3114 566 et
3143 518 3318 566 morte
3344 507 3521 562 disso-

289 623 426 670 σεως
457 607 828 680 ἀνθρωπίνης,
863 608 956 660 καὶ
1006 607 1102 678 τὴν
1150 607 1340 661 ἑαυτοῦ
1385 609 1602 679 ποίησιν
1647 609 1744 679 τὴν
1800 609 1857 659 ἐν

288 699 530 770 ἁμαρτία
582 700 678 752 καὶ
734 698 908 770 φθορᾷ
965 700 1058 752 καὶ
1126 697 1336 769 θανάτῳ
1396 699 1741 769 διαχυθεῖσαν
1801 700 1858 752 ὲν

285 789 466 861 ἑαυτῷ
501 789 865 862 συστήσασθαι
898 791 957 842 ὲν
1005 789 1172 843 είκόνι
1228 790 1562 860 καινότητος.
1622 792 1713 844 Διὸ
1759 792 1857 862 τῆς

291 881 390 952 μὲν
441 883 712 954 ἁμαρτίας
750 884 849 952 τὴν
899 882 1222 952 κατάκρισιν
1261 886 1353 936 ὲπι
1397 884 1500 953 γῆς
1543 885 1854 954 ἐποιήσατο·

285 969 387 1037 τῆς
417 968 472 1020 δὲ
507 971 752 1041 κατάρας
777 970 877 1041 τὴν
907 970 1226 1041 καθαίρεσιν
1263 972 1376 1044 (68)
1404 973 1497 1026 ἐπὶ
1532 972 1690 1039 ξύλου
1717 991 1730 1004 ’
1760 975 1860 1044 τῆς

288 1076 347 1110 τε
381 1059 584 1132 φθορᾶς
625 1061 721 1132 τὴν
751 1062 1124 1134 ἀπολύτρωσιν
1165 1065 1222 1116 ὲν
1264 1063 1341 1134 τῷ
1385 1064 1572 1135 τάφῳ·
1616 1067 1710 1118 καὶ
1763 1064 1856 1119 τοῦ

287 1148 521 1203 Θανάτου
573 1151 672 1222 τὴν
717 1152 1012 1206 κατάλυσιν
1051 1155 1109 1208 ὲν
1150 1153 1227 1223 τῷ
1281 1153 1416 1227 ᾅδῃ·
1451 1154 1612 1207 παντὶ
1665 1155 1858 1219 enisa;

286 1242 462 1312 τόπῳ,
489 1241 574 1295 ἵνα
621 1241 712 1295 τοῦ
748 1242 1058 1313 σύμπαντος
1103 1246 1388 1317 ἀνθρώπου
1436 1247 1538 1319 τὴν
1585 1248 1860 1318 σωτηρίαν

287 1335 720 1405 κατεργάσηται,
778 1335 990 1408 μορφὴν
1041 1337 1140 1407 τῆς
1195 1337 1466 1408 ἡμετέρας
1528 1339 1734 1402 εἰκόνος
1799 1342 1858 1392 ὲν

286 1424 467 1493 ἑαυτῷ
495 1425 931 1496 ἐπιδεικνύμενος
964 1427 1096 1497 (69).
1143 1429 1294 1482 Ἐπεὶ
1325 1430 1407 1492 τίς
1448 1425 1516 1500 ἦν
1549 1431 1708 1502 χρεία
1741 1431 1860 1500 Θεῷ

287 1517 595 1587 γεννήσεως
625 1517 726 1587 τῆς
752 1519 816 1570 ὲκ
845 1518 1101 1585 γυναικὸς
1151 1519 1479 1590 ἀνασχέσθαι
1513 1539 1527 1587 ;
1578 1519 1858 1590 αύξήσεώς

289 1624 350 1659 τε
396 1607 631 1675 ἡλικίας.
689 1610 780 1661 καὶ
835 1609 971 1661 ἐτῶν
1008 1609 1352 1680 ἀριθμήεεως
1406 1611 1484 1682 τῷ
1528 1615 1724 1683 ποιητῇ
1753 1611 1861 1663 τῶν

289 1697 535 1761 αἰώνων;
596 1699 628 1770 ἢ
680 1700 836 1753 πάλιν
893 1702 1150 1773 σταυροῦ,
1199 1703 1232 1773 ἢ
1289 1703 1482 1771 τάφου,
1524 1704 1556 1772 ἢ
1596 1702 1742 1774 ᾅδου,
1783 1697 1864 1766 οἷς

289 1791 454 1859 ἡμεῖς
486 1791 975 1860 ύποπεπτώκαμεν,
1021 1795 1066 1846 εί
1111 1795 1184 1865 μὴ
1229 1794 1374 1863 ἡμᾶς
1401 1793 1602 1864 ἐζήτει,
1644 1793 1732 1845 διὰ
1764 1792 1863 1862 τῆς

1961 608 2156 671 lutum,
2199 608 2252 660 in
2283 607 2463 676 scipso
2497 608 2549 660 in
2595 604 2849 660 novitatis
2872 602 3160 672 imaginem
3193 602 3520 656 instaurare.

1961 699 2300 769 QuaprOpter
2364 699 2568 768 peccati
2625 697 2843 768 quidem
2909 695 3408 750 condemnationem
3467 692 3522 744 in

1961 801 2125 856 terra,
2155 790 2549 845 maledictionis
2595 788 2940 843 abolitionem
2975 785 3028 838 in
3075 784 3240 852 ligno,
3268 799 3297 836 τι
3336 796 3524 836 corru-

1959 883 2145 952 ptione
2173 883 2571 936 immunitatem
2616 882 2668 935 in
2713 880 2963 949 sepulcro
2987 919 3001 943 ,
3036 877 3336 944 mortisque
3373 873 3523 928 solu-

1961 977 2159 1030 tionem
2205 976 2256 1029 in
2303 973 2514 1029 inferno
2544 973 2786 1044 peregit;
2818 985 3145 1040 omnemque
3182 969 3362 1022 locum
3403 981 3526 1036 per-

1961 1067 2182 1128 meavit,
2222 1075 2282 1121 ut
2331 1066 2496 1120 totius
2541 1066 2783 1120 hominis
2822 1065 3050 1119 salutem
3078 1060 3380 1131 perficeret,
3401 1072 3524 1112 cum

1962 1157 2188 1211 formam
2217 1158 2378 1228 739
2406 1165 2606 1212 nostra:
2645 1156 2899 1226 imaginis
2950 1155 3004 1208 in
3044 1153 3223 1223 seipso
3261 1148 3524 1205 exhibuit.

1961 1247 2094 1301 Nam
2121 1248 2251 1317 quid
2275 1257 2392 1302 erat
2415 1264 2553 1318 opus
2584 1247 2694 1303 Deo
2722 1254 2781 1302 ut
2812 1262 2878 1302 ex
2929 1245 3130 1301 femina
3160 1242 3311 1299 nasci
3335 1241 3525 1310 digna-

1962 1340 2152 1392 retur?
2184 1339 2311 1407 quid
2345 1338 2538 1394 facturi
2590 1339 2910 1394 saeculorum
2955 1352 3092 1408 opus
3129 1344 3187 1390 ut
3221 1344 3425 1390 statura
3475 1340 3530 1386 et

1962 1443 2230 1482 annorum
2265 1443 2492 1483 numero
2533 1429 2839 1484 cresceret?
2872 1436 2966 1482 aut
2994 1441 3188 1482 rursus
3223 1425 3354 1494 quid
3389 1439 3528 1492 opus

1963 1520 2040 1574 illi
2071 1534 2251 1585 cruce,
2275 1519 2543 1588 sepulcro,
2575 1529 2668 1573 aut
2697 1519 2931 1584 inferno,
2953 1518 3151 1588 quibus
3179 1532 3277 1571 nos
3306 1515 3527 1570 obnoxii

1964 1611 2087 1664 facti
2123 1625 2335 1674 sumus,
2357 1610 2457 1664 nisi
2489 1626 2588 1666 nos
2617 1619 2900 1680 qumreret,
2935 1617 2993 1662 ut
3017 1623 3110 1678 per
3140 1607 3371 1661 formam
3408 1622 3530 1675 quae

1966 1711 2164 1755 nostrae
2208 1701 2398 1756 similis
2432 1710 2516 1756 est
2561 1717 2660 1756 nos
2701 1700 3017 1767 viviticaret,
3050 1709 3210 1769 atque
3231 1697 3297 1751 ad
3338 1696 3532 1751 simili-

1967 1794 2209 1847 tudinem
2251 1793 2718 1862 imitationemque
2762 1791 3013 1862 perl‘ectae
3051 1790 3303 1861 imaginis
3334 1803 3532 1858 provo-

289 1881 416 1934 καθ’
451 1884 599 1953 ἡμᾶς
634 1884 848 1953 μορφῆς
881 1882 1158 1946 ζωοποιῶν
1202 1885 1350 1954 ἡμᾶς
1375 1884 1467 1936 καὶ
1505 1887 1582 1947 είς
1606 1883 1863 1954 ὁμοίωσιν

1975 1886 2150 1940 caret?
2177 1884 2406 1939 lmitatio
2450 1894 2631 1939 autem
2667 1883 3039 1955 perfectionis,
3083 1882 3358 1954 quomodo
3408 1895 3531 1935 esse

292 1973 389 2026 καὶ
424 1971 650 2042 μίμησιν
682 1973 891 2037 τελείας
941 1977 1146 2038 εἰκόνος
1193 1975 1706 2046 προσκαλούμενος;
1761 1975 1864 2028 Μί-

295 2083 460 2135 μησις
487 2065 542 2117 δὲ
574 2066 689 2129 πῶς
717 2065 779 2118 ἀν
809 2067 1016 2134 γένοιτο
1045 2067 1179 2137 πρὸς
1201 2068 1524 2138 τελειότητα,
1553 2068 1626 2139 μὴ
1655 2072 1864 2139 προύπ-

293 2158 538 2228 αρξάσης
583 2157 681 2228 τῆς
723 2158 1000 2222 ἀνενδεοῦς
1041 2159 1370 2231 τελειότητος
1404 2177 1417 2225 ;
1469 2159 1607 2212 κατὰ
1640 2158 1729 2212 τὸν
1774 2159 1862 2211 λέ-

290 2267 462 2318 γοντα
494 2250 814 2303 Ἀπόστολον
837 2268 849 2280 ’
893 2251 1402 2320 Ἀπεκδυσὰμενοι
1452 2253 1557 2306 τὸν
1601 2251 1862 2307 παλαιὸν

1966 1975 2220 2044 potuerit,
2237 1977 2338 2030 nisi
2359 1975 2510 2045 prius
2526 1975 2792 2030 exstiterit
2811 1975 3059 2030 absoluta
3079 1973 3335 2043 perfectio
3349 1974 3532 2044 ?juxta

1967 2066 2096 2122 illud
2113 2067 2354 2137 Apostoli
2383 2086 2396 2120 :
2427 2066 2794 2136 Exspatiantes
2823 2083 2910 2121 vos
2935 2075 3152 2121 veterem
3177 2067 3457 2133 hominem,
3483 2077 3534 2119 et

1967 2162 2238 2215 induentes
2275 2175 2482 2226 novum,
2513 2160 2602 2228 qui
2634 2160 2920 2213 secundum
2946 2159 3107 2212 Deum
3133 2168 3338 2212 creatus
3376 2169 3452 2213 est
3479 2161 3534 2212 in

1970 2252 2254 2305 sanctitate
2283 2260 2331 2306 et
2353 2251 2572 2319 justitia
2604 2252 2837 2306 veritatis
2863 2251 2926 2305 ⁸ο.

291 2339 624 2407 ἄνθρωπον,
660 2340 758 2393 καὶ
787 2339 1179 2409 ἐνδυσάμενοι
1229 2341 1335 2394 τὸν
1366 2341 1506 2394 νέον
1559 2342 1664 2394 τὸν
1705 2342 1853 2397 κατὰ
1894 2341 2042 2396 Θεὸν
2069 2336 2404 2406 κτισθέντα,
2430 2341 2499 2393 ἐν
2539 2341 2803 2408 ὁσιότητι
2868 2341 2964 2394 καὶ
3028 2339 3384 2409 δικαιοσύνῃ
3426 2339 3538 2408 τῆς

291 2432 596 2500 ἀληθείας.

368 2525 420 2581 6.
449 2527 617 2579 Πόθεν
662 2521 752 2580 οὖν
807 2526 1158 2596 διδαχθέντες,
1215 2526 1396 2596 λέγετε
1451 2528 1752 2588 ἄκτιστονς
1804 2527 1867 2580 Εἰ

294 2618 477 2671 τοίνυν
511 2619 669 2688 φύσις
690 2619 754 2672 ὲκ
784 2621 1190 2689 μεταποιήσεως
1219 2618 1470 2682 ἄκτιστος
1496 2619 1725 2687 γίνεται,
1757 2619 1865 2690 ἄρα

297 2711 394 2762 καὶ
439 2710 667 2781 ἀόρατος
711 2712 806 2763 καὶ
855 2709 1120 2774 ἀθάνατος
1162 2727 1175 2740 ·
1229 2713 1328 2764 οὐκ
1366 2713 1431 2765 ὲκ
1466 2711 1715 2774 θανάτου,
1751 2704 1864 2766 ἀλλ’

295 2803 647 2867 ἀνεπίδεκτος
690 2801 942 2857 θανάτου.
989 2802 1114 2866 Πῶς
1158 2797 1250 2856 οὖν
1289 2803 1557 2858 ἀπέθανεν
1583 2806 1610 2858 ὁ
1641 2805 1864 2876 Κύριος,

297 2896 350 2946 εἰ
399 2896 428 2947 ὁ
476 2895 730 2959 ἄκτισ-τος
775 2895 1048 2957 ἀκτίστως
1077 2892 1192 2962 (70)
1227 2894 1572 2965 ἐπεδήμησεν
1600 2896 1693 2948 ἐπὶ
1725 2896 1827 2965 γῆς
1855 2912 1871 2961 ;

297 2987 334 3055 ἢ
365 2985 480 3049 πῶς
505 2987 698 3057 ὁρατὸς
745 2988 838 3040 καὶ
879 2985 1196 3056 ψηλαφητὸς
1243 2987 1503 3054 γέγονεν;
1553 2986 1628 3050 ὡς
1672 2987 1876 3058 γέγραο

301 3095 474 3130 πται·
517 3081 585 3129 Ὃ
616 3077 974 3146 ἑωράκαμεν,
1005 3077 1100 3129 καί
1143 3080 1200 3131 αἱ
1231 3077 1423 3146 χεῖρες
1448 3076 1616 3147 ήμῶν
1651 3077 1877 3145 ἐψηλά-

2044 2525 2096 2582 6.
2126 2528 2168 2581 A
2201 2541 2310 2597 quo
2339 2541 2466 2598 ergo
2491 2526 2668 2582 edocti
2698 2527 3000 2581 increatum
3047 2525 3199 2580 illum
3231 2525 3449 2582 dicitis?
3479 2524 3536 2580 Si

1973 2620 2138 2690 Igitur
2171 2626 2366 2673 natura
2392 2633 2459 2674 ex
2493 2618 2792 2674 mutatione
2831 2617 2889 2674 fit
2917 2619 3190 2686 increata;
3219 2635 3348 2690 ergo
3371 2629 3425 2675 et
3456 2623 3538 2674 in-

1973 2710 2202 2766 visibilis
2226 2709 2336 2774 ﬂet,
2365 2717 2419 2766 et
2441 2709 2797 2776 immortalis;
2821 2725 2930 2765 non
2957 2718 3244 2780 postquam
3269 2728 3334 2766 ex
3366 2723 3538 2768 morte

1973 2802 2349 2868 resurrexerit,
2381 2802 2475 2857 sed
2508 2802 2699 2856 mortis
2741 2817 2966 2872 prorsus
3003 2803 3231 2872 incapax
3257 2804 3379 2859 erit.
3420 2803 3538 2870 Qua

1972 2909 2100 2962 ergo
2135 2895 2341 2949 ratione
2366 2901 2616 2948 mortuus
2645 2903 2729 2948 est
2760 2893 3043 2958 Dominus,
3077 2896 3123 2949 si
3150 2894 3426 2951 increatus
3456 2897 3540 2949 in-

1974 2993 2154 3040 creato
2205 2984 2369 3040 modo
2414 2984 2696 3039 advenerit
2738 2985 2792 3038 in
2839 2993 3080 3050 terram;
3125 2995 3220 3041 aut
3266 2987 3542 3056 quomodo

1974 3076 2204 3132 visibilis
2232 3085 2285 3132 et
2304 3077 2588 3146 palpabilis
2617 3076 2794 3132 factus
2823 3088 2927 3143 est,
2957 3077 3099 3132 sicut
3130 3078 3393 3148 scriptum
3419 3087 3540 3134 est:

299 3189 532 3241 φησαν.
569 3172 695 3234 Πῶς
741 3166 832 3223 οὖν
883 3170 1092 3239 λέγετε,
1143 3169 1178 3222 ἃ
1221 3171 1295 3240 μὴ
1352 3169 1679 3240 γέγραπται,
1735 3171 1868 3242 μήτε

1976 3167 2128 3234 Quod
2180 3169 2405 3226 vidimus
2445 3179 2496 3222 et
2538 3186 2722 3222 manus
2758 3177 2951 3222 nostra
2974 3178 3422 3225 contrectaiverunt
3452 3171 3544 3224 ‘l?
3593 3194 3595 3196 ·

302 3264 464 3335 θέμις
519 3265 759 3326 ὲννοεῖνς
803 3261 1011 3314 Δὼσετε
1062 3264 1170 3332 γὰρ
1221 3264 1385 3314 πᾶσιν
1413 3264 1705 3334 αἱρετικοῖς
1734 3262 1874 3316 κατὰ

301 3357 405 3427 τὴν
431 3355 523 3408 τοῦ
551 3355 681 3408 ποτὲ
709 3355 1000 3424 λεγομένου
1034 3353 1312 3426 Ῥητορίου
1335 3352 1542 3406 ἔννοιαν
1586 3353 1877 3407 ἀσεϐεστάσ

301 3465 427 3518 την,
466 3440 526 3500 οὗ
563 3447 659 3498 καὶ
687 3444 784 3515 τὴν
813 3444 1068 3498 ἀσέϐειαν
1107 3444 1342 3511 ἐξειπεῖν
1387 3443 1632 3514 φοϐερόν.
1673 3443 1742 3496 ’Ἡ
1770 3442 1876 3496 τοί-

303 3553 402 3589 νυν
427 3533 733 3607 ἀρνήσασθε
761 3532 859 3597 τὰς
894 3532 1041 3597 θείας
1083 3534 1122 3584 Γ
1127 3531 1323 3602 ραφάς,
1363 3531 1396 3601 ἢ
1431 3531 1634 3594 ταύτας
1680 3530 1875 3601 ὁμολο-

305 3628 550 3697 γοῦντες,
589 3627 662 3698 μὴ
693 3627 854 3697 ἕτερα
907 3626 1056 3697 παρὰ
1103 3626 1172 3678 τά
1225 3625 1584 3696 γεγραμμένα
1613 3625 1875 3677 ἐπινοεῖτε

303 3721 487 3774 λαλεῖν
521 3722 739 3791 ῥήματα
766 3718 980 3789 ἀπάτης
1007 3718 1243 3772 ἀνιάτου.
1286 3716 1442 3769 Ἀλλά
1475 3715 1634 3769 πάλιν
1661 3714 1874 3784 λέγετε,

306 3811 396 3864 ὅτι
430 3812 620 3880 Ἡμεῖς
641 3809 899 3880 κτίσματι
925 3808 1035 3878 (71)
1066 3809 1124 3860 οὐ
1162 3805 1591 3878 προσκυνοῦμεν.
1625 3801 1696 3858 Ὦ
1720 3805 1879 3875 ἀνόη-

305 3905 432 3955 τοιὲ
461 3902 546 3954 διὰ
573 3902 623 3954 τί
647 3903 706 3955 οὐ
731 3899 1032 3971 λογίζεσθε,
1067 3900 1148 3952 ὅτι
1175 3899 1284 3962 ,καὶ
1339 3897 1560 3969 ποιηθὲν
1606 3897 1666 3950 τὸ
1720 3896 1878 3967 σῶμα

303 3994 402 4049 τοῦ
437 3995 640 4066 Κυρίου
691 3995 752 4047 ού
801 3993 1022 4064 κτιστὴν
1067 3991 1400 4062 ἀποφέρεται
1443 3991 1541 4060 τὴν
1574 3987 1880 4061 προσκύνη-

310 4103 435 4150 σιν;
463 4085 568 4138 Τοῦ
598 4084 705 4155 γὰρ
739 4083 992 4138 ἀκτίστου
1021 4083 1193 4151 Λόγου
1222 4082 1409 4150 γέγονε
1440 4079 1598 4151 σῶμα
1625 4098 1640 4111 ·
1683 4075 1742 4135 οὗ
1771 4080 1879 4149 γὰρ

307 4175 474 4246 σῶμα
512 4173 724 4242 γέγονε,
759 4174 932 4242 τούτῳ
972 4173 1272 4243 προσάγετε
1314 4173 1406 4225 καὶ
1440 4172 1538 4242 τὴν
1576 4171 1882 4242 προσκύνη-

306 4279 396 4315 σιν
413 4261 557 4332 (7‘2).
579 4262 701 4331 Ἆρ’
731 4257 821 4314 οὖν
849 4261 942 4313 καὶ
972 4263 1352 4331 προσκυνεῖται
1376 4261 1754 4331 ὀφειλομένως,
1787 4262 1880 4313 καὶ

304 4351 506 4415 θεῖκῶς
554 4355 936 4422 προσκυνεῖται
978 4368 990 4380 ·
1034 4351 1165 4414 Θεὸς
1190 4351 1298 4424 γὰρ
1331 4353 1359 4404 ό
1403 4352 1576 4419 Λόγος
1621 4352 1792 4414 ἐστὶν,
1819 4345 1879 4405 οὗ

302 4444 369 4497 τδ
396 4443 554 4513 σῶμα
583 4442 710 4496 ἴδιον
735 4444 989 4513 τυγχάνει
1016 4461 1028 4472 ·
1061 4444 1184 4496 ἐπεὶ
1211 4445 1302 4497 καὶ
1332 4445 1420 4496 ὅτε
1470 4445 1784 4515 προσῄεσαν
1820 4443 1877 4494 αἱ

1974 3257 2086 3312 Cur
2116 3259 2300 3328 itaque
2327 3275 2391 3313 ea
2425 3260 2626 3326 dicitis,
2660 3276 2781 3330 qua:
2811 3277 2910 3315 nec
2937 3261 3137 3330 scripta
3166 3262 3296 3329 sint,
3325 3278 3424 3318 nec
3461 3263 3545 3318 fas

1976 3350 2046 3405 sit
2087 3349 2371 3418 cogitare?
2398 3348 2663 3404 Omnibus
2711 3350 2857 3404 enim
2906 3350 3175 3406 haereticis
3217 3353 3543 3409 sententiam

1977 3440 2390 3508 suppeditabitis
2411 3440 2810 3509 itnpiissimam,
2840 3457 3001 3510 quam
3031 3443 3199 3496 tenuit
3225 3444 3354 3498 olim
3382 3447 3428 3500 is
3451 3446 3544 3516 qui

1977 3528 2268 3585 Rbetorius
2300 3532 2593 3584 vocabatur
2618 3532 2809 3601 ;cujus
2837 3533 3165 3602 impietatem
3192 3533 3394 3591 referre
3417 3537 3545 3592 bor-

1977 3632 2059 3677 ret
2099 3623 2336 3678 animus.
2364 3623 2471 3677 Aut
2520 3623 2686 3694 igitur
2716 3624 2930 3679 divinas
2979 3635 3170 3695 negate
3199 3625 3544 3698 Scripturas:

1980 3725 2073 3770 aut
2101 3716 2145 3770 si
2172 3730 2268 3770 eas
2293 3715 2600 3780 admittitis,
2627 3731 2695 3770 ne
2721 3726 2913 3786 prmter
2931 3733 2995 3772 ea
3018 3733 3138 3787 quae
3167 3719 3366 3789 scripta
3395 3731 3544 3788 sunt,

1971 3807 2080 3861 alia
2113 3806 2355 3876 proferre
2383 3807 2697 3878 excogitetis
2744 3808 3064 3864 insanabilis
3096 3807 3328 3865 fallaciae
3353 3811 3544 3869 verba.

1981 3899 2085 3956 Sed
2109 3915 2326 3954 rursum
2363 3900 2544 3956 dicitis
2572 3917 2587 3955 :
2619 3899 2728 3955 Nos
2762 3910 3064 3957 creaturam
3090 3917 3199 3957 non
3227 3903 3543 3960 adoramus.

1979 3989 2023 4046 Ο
2054 3992 2242 4045 stulti!
2285 4007 2384 4047 cur
2425 4008 2528 4045 non
2575 3993 2858 4062 cogitatis,
2903 4007 3099 4063 corpus
3143 3993 3363 4050 Domini
3400 3996 3549 4066 quod

1981 4081 2182 4138 factum
2221 4092 2304 4138 est
2330 4082 2695 4139 adorationem
2722 4100 2830 4138 non
2857 4085 3071 4155 exigere
3099 4101 3221 4156 quae
3243 4087 3319 4142 rei
3353 4097 3552 4144 creatae

1980 4175 2275 4229 debeatur?
2298 4173 2431 4229 Nam
2483 4176 2707 4230 increati
2753 4174 2917 4229 Verbi
2955 4191 3153 4247 corpus
3193 4175 3394 4234 factum
3432 4188 3545 4235 est:

1983 4282 2046 4320 ac
2073 4266 2174 4336 ipsi
2200 4266 2357 4337 cujus
2379 4282 2579 4337 corpus
2606 4267 2812 4322 factum
2840 4277 2923 4323 est
2947 4269 3314 4325 adorationem
3345 4272 3553 4329 aﬂ'ertis

1981 4367 2240 4412 vestram.
2283 4357 2467 4413 Debita
2509 4374 2636 4430 ergo
2669 4369 2724 4414 et
2747 4359 2929 4414 divina
2961 4361 3280 4419 adoratione
3311 4366 3547 4421 colitur:

1986 4447 2128 4503 Deus
2153 4449 2298 4504 enim
2343 4458 2427 4504 est
2457 4448 2689 4504 Verbum
2717 4449 2877 4519 cujus
2902 4467 3101 4522 corpus
3125 4465 3208 4509 est
3233 4456 3550 4527 proprium:

303 4539 564 4604 γυναῖκες
573 4535 868 4606 τῷΚυρίῳ,
885 4534 1195 4588 διακωλύων
1219 4534 1395 4601 ἔλεγε,
1418 4532 1468 4585 Μ
1477 4532 1512 4599 ii
1524 4551 1642 4602 μου
1660 4533 1868 4587 ἅπτου⁴

1983 4540 2182 4611 quippe
2229 4555 2354 4595 cum
2391 4547 2739 4596 accesserunt
2767 4541 3022 4599 mulieres
3059 4543 3124 4598 ad
3151 4544 3458 4611 Dominum,
3482 4548 3551 4600 il-

303 4628 473 4684 οὔπω
498 4627 608 4696 γὰρ
636 4627 972 4694 ἀναϐέϐηκα
1010 4627 1159 4694 πρὸς
1203 4625 1308 4679 τὸν
1337 4623 1565 4692 Πατέρα
1607 4643 1748 4693 μου,
1783 4640 1880 4695 ση-

305 4719 536 4789 μαίνων,
591 4719 672 4770 ὅτι
720 4719 876 4789 χρεία
914 4716 1249 4781 ἀναϐάσεως,
1288 4717 1382 4769 καὶ¹
1411 4716 1492 4768 ὅτι
1524 4715 1622 4784 μία
1659 4715 1811 4769 ἔσται
1844 4716 1878 4786 ή

382 4872 428 4901 ⁸⁸
467 4871 676 4927 Coloss.
705 4887 785 4934 Ill,
822 4871 886 4936 9;
917 4869 1114 4940 Ephes.
1149 4886 1219 4931 Iv,
1246 4869 1334 4922 21.
1415 4869 1460 4899 ιι
1497 4867 1694 4922 lJoan.
1738 4887 1774 4930 ι,
1825 4871 1872 4923 1.

381 5018 600 5103 (θὸυεη
637 5019 1107 5103 Seguerz‘dnglic.
1132 5018 1346 5102 Qobler.
1375 5027 1427 5103 et
1459 5019 1602 5103 Fel_c_.
1637 5021 1688 5084 1,
1709 5027 1872 5103 atque

301 5088 822 5160 siclegitNannius.
857 5088 1017 5160 Editi',
1041 5089 1345 5160 ἀφαίρεσιν.
1375 5089 1497 5160 Μρχ
1523 5088 1707 5160 iidem,
1740 5088 1874 5160 ἀπο-

301 5158 702 5231 λύτρωσιν,ιι1)ἰ
719 5160 868 5226 editi,
891 5158 1224 5230 καθαίρεσιν.
1252 5158 1391 5211 Infra
1417 5158 1602 5223 Basil.,
1619 5159 1710 5212 τοῦ
1737 5158 1875 5230 σύμ-

302 5229 510 5292 παντος
541 5229 730 5285 τόπου.

377 5299 494 5369 (69)
532 5299 700 5369 (ξοὺΙ.
722 5308 777 5354 ει
803 5298 947 5354 Felc.
982 5300 1034 5361 1,
1060 5299 1540 5369 ἐνδυσάμενος-,χαὶ
1564 5297 1868 5352 ἐπιδεικνύ-

303 5367 646 5442 μενος-ηοξ
671 5367 1292 5442 δεεηΑηᾳιὶρρῃηϐοω.
1326 5367 1552 5442 et_Felc.
1583 5370 1634 5442 i_,
1679 5370 1872 5442 γεννή-

304 5437 466 5502 σεως.
499 5437 662 5500 Editi,
695 5437 979 5507 γενέσεως.
1012 5438 1210 5507 Ibidem
1259 5439 1311 5490 in
1341 5438 1490 5507 iSeg.
1538 5439 1656 5492 solo
1696 5437 1866 5499 deest,

300 5507 656 5579 ἀνασχέσθαι.
700 5506 843 5563 Infra
878 5507 1001 5579 Seg.
1037 5506 1192 5562 Gobl.
1224 5517 1278 5562 et
1315 5506 1551 5562 Felckm.
1578 5508 1630 5572 1,
1667 5507 1867 5578 ἐζήτει.

301 5578 454 5632 Editi
481 5594 608 5633 vero
633 5588 688 5632 et
717 5580 829 5645 alii,
854 5578 1120 5647 ἀνεζήτει.

376 5647 488 5716 (70)
512 5647 638 5718 Seg.
666 5658 720 5702 et
763 5646 1302 5718 Ang_lic.,dtxci§tm;.
1336 5646 1474 5700 Eiliti
1499 5654 1553 5700 et
1575 5646 1688 5718 alii,
1715 5646 1870 5718 ἀκτί-

454 5715 829 5786 Μοίὸεειιετ.
857 5715 1009 5772 Gobl.
1037 5727 1091 5770 et
1120 5716 1354 5772 Felcknt.
1379 5719 1426 5778 1,
1457 5715 1714 5787 γεγονὼς,
1737 5716 1869 5769 καθ-

300 5785 401 5862 ᾠς.
449 5785 745 5843 Rhetorius
794 5801 959 5856 porro
1007 5787 1146 5841 infra
1187 5799 1537 5853 memoratus,
1580 5785 1870 5854 Egyptius

1985 4635 2067 4689 las
2116 4634 2202 4688 his
2242 4634 2491 4703 prohibet
2533 4634 2733 4701 verbis,
2780 4633 2908 4689 Noli
2941 4652 3021 4690 me
3060 4647 3290 4707 tangere,
3320 4644 3552 4693 nondum

1986 4726 2125 4779 enim
2148 4723 2358 4778 escendi
2376 4724 2445 4776 ad
2471 4721 2688 4778 Patrem
2712 4727 2963 4790 meum“,
2994 4726 3241 4782 indicans
3268 4743 3404 4796 opus
3430 4745 3553 4785 esse

1955 4864 2000 4894 “
2036 4860 2195 4917 Joan.
2231 4877 2326 4925 xx,
2352 4860 2441 4915 17.

1981 5027 2097 5072 erat
2129 5061 2142 5083 ,
2183 5021 2275 5088 qui
2327 5033 2571 5089 eousque
2616 5020 2841 5075 insania:
2889 5021 3157 5089 processit
3200 5029 3260 5075 ut
3311 5023 3547 5085 diceret,

1980 5105 2172 5143 omnes
2201 5089 2424 5142 omnino
2450 5090 2728 5144 haereticos
2751 5102 2893 5144 recte
2911 5091 3131 5153 sentire,
3153 5099 3207 5146 et
3230 5092 3438 5146 nullum
3459 5107 3549 5147 er-

1979 5173 2101 5213 rare
2134 5177 2147 5211 :
2177 5160 2319 5227 quod
2355 5159 2426 5212 ita
2456 5159 2749 5228 absurdum
2787 5159 3088 5228 Augustino
3116 5161 3349 5225 videtur,
3371 5169 3439 5215 .ut
3460 5163 3552 5216 vix

1981 5243 2104 5283 eum
2160 5229 2232 5282 ita
2277 5229 2510 5283 sensisse
2544 5227 2762 5282 credere
2809 5227 3000 5296 possit.
3037 5228 3171 5285 Vide
3198 5230 3550 5286 Philastrium

1983 5298 2172 5352 haeresi
2203 5313 2348 5360 κων,
2375 5309 2427 5351 et
2445 5299 2675 5366 August.
2699 5297 2890 5351 lum-esi
2922 5314 3089 5352 Luit.

2054 5367 2166 5439 (71)
2208 5368 2368 5439 Editi,
2420 5368 2504 5439 ὅτι
2547 5369 2707 5439 ήμε-ῖς
2755 5368 3032 5436 κτίσματι.
3066 5369 3119 5423 In
3149 5368 3272 5439 Seg.
3303 5370 3462 5425 Gobl.
3498 5379 3554 5428 et

1978 5436 2126 5524 Felc.
2149 5441 2200 5500 1,
2231 5438 2380 5512 deest
2415 5437 2517 5488 ὅτι.
2554 5435 2774 5500 Ibidem,
2793 5435 2942 5499 editi,
2970 5435 3266 5509 κτίσματᾶ.
3293 5445 3362 5493 At
3390 5441 3544 5512 Seg.,

1979 5523 2261 5560 κτισματι.

2051 5525 2296 5651 ἒξὲῗτέίο
2325 5574 2481 5651 Angl.
2512 5573 2668 5629 Gobl.
2689 5575 2886 5651 ﬁeld}
2907 5584 2977 5651 _et
3003 5575 3126 5647 Seg.
3153 5577 3209 5632 in
3234 5580 3361 5634 edit.
3386 5597 3555 5651 προσ-

1981 5644 2170 5719 άγεται
2201 5647 2233 5716 ἡ
2262 5644 2646 5719 προσκύνησις.
2685 5645 2806 5700 Mox
2849 5647 3009 5700 iidem
3032 5644 3553 5719 _manuscripti,'xal

1931 5771 1938 5777 _
1981 5717 2135 5785 θεῖκῇ
2184 5717 2547 5784 προσκυνήσει
2600 5719 2997 5784 προσκυνεῖται.
3032 5715 3194 5786 Editi,
3222 5715 3552 5787 καὶ’θεῖκιὶις

1982 5789 2392 5847 προσκυνεῖται.
