  <div class='ocr_page' id='page_1' title='image "/cluster/home/n/w/nwhite01/storage/ocr_20150623/26/mdp.39015019958456/570.png"; bbox 0 0 3992 6230; ppageno 0'>
   <div class='ocr_carea' id='block_1_1' title="bbox 250 323 390 379">
    <p class='ocr_par' dir='ltr' id='par_1_1' title="bbox 250 323 390 379">
     <span class='ocr_line' id='line_1_1' title="bbox 250 323 390 379; baseline 0.014 -2"><span class='ocrx_word' id='word_1_1' title='bbox 250 323 390 379; x_wconf 79' lang='grc'>1105</span> 
     </span>
    </p>
   </div>
   <div class='ocr_carea' id='block_1_2' title="bbox 1187 321 2578 380">
    <p class='ocr_par' dir='ltr' id='par_1_2' title="bbox 1187 321 2578 380">
     <span class='ocr_line' id='line_1_2' title="bbox 1187 321 2578 380; baseline -0.001 0"><span class='ocrx_word' id='word_1_2' title='bbox 1187 321 2024 380; x_wconf 55' lang='lat' dir='ltr'><strong>CONTRAAPOLLINARIUM</strong></span> <span class='ocrx_word' id='word_1_3' title='bbox 2064 323 2264 378; x_wconf 77' lang='lat' dir='ltr'><strong>LIBER</strong></span> <span class='ocrx_word' id='word_1_4' title='bbox 2304 322 2578 380; x_wconf 75' lang='lat' dir='ltr'><strong>PRIMUS.</strong></span> 
     </span>
    </p>
   </div>
   <div class='ocr_carea' id='block_1_3' title="bbox 3344 322 3482 380">
    <p class='ocr_par' dir='ltr' id='par_1_3' title="bbox 3344 322 3482 380">
     <span class='ocr_line' id='line_1_3' title="bbox 3344 322 3482 380; baseline 0.014 -2"><span class='ocrx_word' id='word_1_5' title='bbox 3344 322 3482 380; x_wconf 81' lang='grc'>1106</span> 
     </span>
    </p>
   </div>
   <div class='ocr_carea' id='block_1_4' title="bbox 252 435 1813 510">
    <p class='ocr_par' dir='ltr' id='par_1_4' title="bbox 252 435 1813 510">
     <span class='ocr_line' id='line_1_4' title="bbox 252 435 1813 510; baseline -0.001 -22"><span class='ocrx_word' id='word_1_6' title='bbox 252 435 314 500; x_wconf 83' lang='grc' dir='ltr'><strong>ἐξ</strong></span> <span class='ocrx_word' id='word_1_7' title='bbox 336 435 565 507; x_wconf 76' lang='grc' dir='ltr'>οὐρανοῦ</span> <span class='ocrx_word' id='word_1_8' title='bbox 592 437 843 507; x_wconf 85' lang='grc' dir='ltr'>λέγοντες</span> <span class='ocrx_word' id='word_1_9' title='bbox 869 437 931 492; x_wconf 83' lang='grc' dir='ltr'><strong>τδ</strong></span> <span class='ocrx_word' id='word_1_10' title='bbox 952 437 1045 492; x_wconf 82' lang='grc' dir='ltr'>τοῦ</span> <span class='ocrx_word' id='word_1_11' title='bbox 1075 438 1282 510; x_wconf 83' lang='grc' dir='ltr'>Κυρίου</span> <span class='ocrx_word' id='word_1_12' title='bbox 1328 439 1507 507; x_wconf 83' lang='grc' dir='ltr'>σῶμα.</span> <span class='ocrx_word' id='word_1_13' title='bbox 1557 439 1748 490; x_wconf 78' lang='grc' dir='ltr'>Καίτοι</span> <span class='ocrx_word' id='word_1_14' title='bbox 1794 435 1813 486; x_wconf 82' lang='grc' dir='ltr'><strong><em>ἓ</em></strong></span> 
     </span>
    </p>
   </div>
   <div class='ocr_carea' id='block_1_5' title="bbox 1912 435 3479 510">
    <p class='ocr_par' dir='ltr' id='par_1_5' title="bbox 1927 435 3479 507">
     <span class='ocr_line' id='line_1_5' title="bbox 1927 435 3479 507; baseline 0.003 -17"><span class='ocrx_word' id='word_1_15' title='bbox 1927 452 2126 507; x_wconf 87' lang='lat' dir='ltr'><strong>corpus</strong></span> <span class='ocrx_word' id='word_1_16' title='bbox 2159 454 2297 493; x_wconf 87' lang='lat' dir='ltr'><strong>esse.</strong></span> <span class='ocrx_word' id='word_1_17' title='bbox 2330 439 2496 507; x_wconf 73' lang='lat' dir='ltr'><strong>Atqui</strong></span> <span class='ocrx_word' id='word_1_18' title='bbox 2538 435 2680 507; x_wconf 89' lang='lat' dir='ltr'><strong>quod</strong></span> <span class='ocrx_word' id='word_1_19' title='bbox 2721 435 2888 490; x_wconf 86' lang='lat' dir='ltr'><strong>Adam</strong></span> <span class='ocrx_word' id='word_1_20' title='bbox 2935 453 3000 492; x_wconf 81' lang='lat' dir='ltr'><strong>ex</strong></span> <span class='ocrx_word' id='word_1_21' title='bbox 3035 435 3174 493; x_wconf 70' lang='lat' dir='ltr'><strong>caalo</strong></span> <span class='ocrx_word' id='word_1_22' title='bbox 3198 440 3249 494; x_wconf 86' lang='lat' dir='ltr'><strong>in</strong></span> <span class='ocrx_word' id='word_1_23' title='bbox 3281 448 3479 495; x_wconf 88' lang='lat' dir='ltr'><strong>terram</strong></span> 
     </span>
    </p>
   </div>
   <div class='ocr_carea' id='block_1_6' title="bbox 267 527 1822 601">
    <p class='ocr_par' dir='ltr' id='par_1_6' title="bbox 267 527 1822 601">
     <span class='ocr_line' id='line_1_6' title="bbox 267 527 1822 601; baseline 0 -21"><span class='ocrx_word' id='word_1_24' title='bbox 267 527 436 600; x_wconf 79' lang='grc' dir='ltr'>Ἀδάμ</span> <span class='ocrx_word' id='word_1_25' title='bbox 481 528 540 594; x_wconf 85' lang='grc' dir='ltr'><strong>ἐξ</strong></span> <span class='ocrx_word' id='word_1_26' title='bbox 578 529 806 600; x_wconf 80' lang='grc' dir='ltr'>οὐρανοῦ</span> <span class='ocrx_word' id='word_1_27' title='bbox 866 531 957 583; x_wconf 76' lang='grc' dir='ltr'>ἐπὶ</span> <span class='ocrx_word' id='word_1_28' title='bbox 1011 529 1108 601; x_wconf 83' lang='grc' dir='ltr'>τὴν</span> <span class='ocrx_word' id='word_1_29' title='bbox 1153 529 1255 598; x_wconf 78' lang='grc' dir='ltr'>γῆν</span> <span class='ocrx_word' id='word_1_30' title='bbox 1299 527 1646 598; x_wconf 80' lang='grc' dir='ltr'>κατενήνοχε,</span> <span class='ocrx_word' id='word_1_31' title='bbox 1689 527 1822 597; x_wconf 85' lang='grc' dir='ltr'>Χρι-</span> 
     </span>
    </p>
   </div>
   <div class='ocr_carea' id='block_1_7' title="bbox 253 611 1819 692">
    <p class='ocr_par' dir='ltr' id='par_1_7' title="bbox 253 611 1819 692">
     <span class='ocr_line' id='line_1_7' title="bbox 253 611 1819 692; baseline -0.001 -20"><span class='ocrx_word' id='word_1_32' title='bbox 253 619 376 683; x_wconf 77' lang='grc' dir='ltr'>στὸς</span> <span class='ocrx_word' id='word_1_33' title='bbox 434 621 543 673; x_wconf 81' lang='grc' dir='ltr'><strong>ἀπὸ</strong></span> <span class='ocrx_word' id='word_1_34' title='bbox 592 622 695 692; x_wconf 85' lang='grc' dir='ltr'><strong>γῆς</strong></span> <span class='ocrx_word' id='word_1_35' title='bbox 740 623 823 686; x_wconf 81' lang='grc' dir='ltr'>είς</span> <span class='ocrx_word' id='word_1_36' title='bbox 867 623 1128 692; x_wconf 83' lang='grc' dir='ltr'>οὐρανοὺς</span> <span class='ocrx_word' id='word_1_37' title='bbox 1177 611 1502 692; x_wconf 79' lang='grc' dir='ltr'>ἀνενήνοχε·</span> <span class='ocrx_word' id='word_1_38' title='bbox 1537 620 1632 672; x_wconf 83' lang='grc' dir='ltr'><strong>καὶ</strong></span> <span class='ocrx_word' id='word_1_39' title='bbox 1687 619 1819 690; x_wconf 83' lang='grc' dir='ltr'>ὅπερ</span> 
     </span>
    </p>
   </div>
   <div class='ocr_carea' id='block_1_8' title="bbox 266 711 1820 786">
    <p class='ocr_par' dir='ltr' id='par_1_8' title="bbox 266 711 1820 786">
     <span class='ocr_line' id='line_1_8' title="bbox 266 711 1820 786; baseline 0 -20"><span class='ocrx_word' id='word_1_40' title='bbox 266 712 436 783; x_wconf 73' lang='grc' dir='ltr'>Ἀδὰμ</span> <span class='ocrx_word' id='word_1_41' title='bbox 487 711 598 783; x_wconf 79' lang='grc'><strong>(85)</strong></span> <span class='ocrx_word' id='word_1_42' title='bbox 650 713 1036 786; x_wconf 80' lang='grc' dir='ltr'><strong>ἀναμάρτητον</strong></span> <span class='ocrx_word' id='word_1_43' title='bbox 1094 714 1189 768; x_wconf 73' lang='grc' dir='ltr'><strong>καὶ</strong></span> <span class='ocrx_word' id='word_1_44' title='bbox 1254 713 1682 768; x_wconf 86' lang='grc' dir='ltr'>ἀκαταδίκαστον</span> <span class='ocrx_word' id='word_1_45' title='bbox 1740 716 1820 777; x_wconf 84' lang='grc' dir='ltr'><strong>εἰς</strong></span> 
     </span>
    </p>
   </div>
   <div class='ocr_carea' id='block_1_9' title="bbox 251 803 1820 876">
    <p class='ocr_par' dir='ltr' id='par_1_9' title="bbox 251 803 1820 876">
     <span class='ocr_line' id='line_1_9' title="bbox 251 803 1820 876; baseline -0.001 -19"><span class='ocrx_word' id='word_1_46' title='bbox 251 804 459 876; x_wconf 74' lang='grc' dir='ltr'>φθορὰν</span> <span class='ocrx_word' id='word_1_47' title='bbox 487 805 580 859; x_wconf 73' lang='grc' dir='ltr'><strong>καὶ</strong></span> <span class='ocrx_word' id='word_1_48' title='bbox 613 806 910 876; x_wconf 83' lang='grc' dir='ltr'><strong>καταδίκην</strong></span> <span class='ocrx_word' id='word_1_49' title='bbox 939 805 1168 860; x_wconf 87' lang='grc' dir='ltr'>θανάτου</span> <span class='ocrx_word' id='word_1_50' title='bbox 1197 805 1542 875; x_wconf 81' lang='grc' dir='ltr'>κατενήνοχε,</span> <span class='ocrx_word' id='word_1_51' title='bbox 1587 803 1820 876; x_wconf 81' lang='grc' dir='ltr'>Χριστὸς</span> 
     </span>
    </p>
   </div>
   <div class='ocr_carea' id='block_1_10' title="bbox 129 887 1814 968">
    <p class='ocr_par' dir='ltr' id='par_1_10' title="bbox 129 887 1814 968">
     <span class='ocr_line' id='line_1_10' title="bbox 129 887 1814 968; baseline -0.001 -20"><span class='ocrx_word' id='word_1_52' title='bbox 129 887 134 892; x_wconf 57' lang='grc'><strong>’</strong></span> <span class='ocrx_word' id='word_1_53' title='bbox 246 895 408 949; x_wconf 76' lang='grc' dir='ltr'>τοῦτο</span> <span class='ocrx_word' id='word_1_54' title='bbox 459 895 732 968; x_wconf 78' lang='grc' dir='ltr'>ἄφθαρτον</span> <span class='ocrx_word' id='word_1_55' title='bbox 779 897 872 951; x_wconf 69' lang='grc' dir='ltr'>καὶ</span> <span class='ocrx_word' id='word_1_56' title='bbox 917 897 1170 968; x_wconf 75' lang='grc' dir='ltr'>λυτήριον</span> <span class='ocrx_word' id='word_1_57' title='bbox 1229 895 1456 950; x_wconf 82' lang='grc' dir='ltr'>Θανάτου</span> <span class='ocrx_word' id='word_1_58' title='bbox 1511 893 1814 959; x_wconf 77' lang='grc' dir='ltr'><strong>ἀνέδειξεν·</strong></span> 
     </span>
    </p>
   </div>
   <div class='ocr_carea' id='block_1_11' title="bbox 247 985 1815 1059">
    <p class='ocr_par' dir='ltr' id='par_1_11' title="bbox 247 985 1815 1059">
     <span class='ocr_line' id='line_1_11' title="bbox 247 985 1815 1059; baseline 0.001 -21"><span class='ocrx_word' id='word_1_59' title='bbox 247 985 390 1038; x_wconf 76' lang='grc' dir='ltr'>ὥστε</span> <span class='ocrx_word' id='word_1_60' title='bbox 426 987 570 1057; x_wconf 78' lang='grc' dir='ltr'>ἔχειν</span> <span class='ocrx_word' id='word_1_61' title='bbox 612 987 859 1053; x_wconf 73' lang='grc' dir='ltr'>ἐξουσίαν</span> <span class='ocrx_word' id='word_1_62' title='bbox 906 987 998 1040; x_wconf 72' lang='grc' dir='ltr'><strong>ἐπὶ</strong></span> <span class='ocrx_word' id='word_1_63' title='bbox 1024 989 1121 1058; x_wconf 80' lang='grc' dir='ltr'>τῆς</span> <span class='ocrx_word' id='word_1_64' title='bbox 1146 988 1248 1059; x_wconf 83' lang='grc' dir='ltr'><strong>γῆς</strong></span> <span class='ocrx_word' id='word_1_65' title='bbox 1275 987 1489 1056; x_wconf 74' lang='grc' dir='ltr'>ἀφιέναι</span> <span class='ocrx_word' id='word_1_66' title='bbox 1523 985 1815 1058; x_wconf 82' lang='grc' dir='ltr'>ἁμαρτίας,</span> 
     </span>
    </p>
   </div>
   <div class='ocr_carea' id='block_1_12' title="bbox 248 1075 1817 1150">
    <p class='ocr_par' dir='ltr' id='par_1_12' title="bbox 248 1075 1817 1150">
     <span class='ocr_line' id='line_1_12' title="bbox 248 1075 1817 1150; baseline -0.001 -21"><span class='ocrx_word' id='word_1_67' title='bbox 248 1080 314 1130; x_wconf 86' lang='grc' dir='ltr'><strong>ἐκ</strong></span> <span class='ocrx_word' id='word_1_68' title='bbox 363 1077 418 1130; x_wconf 85' lang='grc' dir='ltr'><strong>δέ</strong></span> <span class='ocrx_word' id='word_1_69' title='bbox 461 1078 632 1146; x_wconf 78' lang='grc' dir='ltr'>τάφου</span> <span class='ocrx_word' id='word_1_70' title='bbox 682 1079 778 1150; x_wconf 80' lang='grc' dir='ltr'>τὴν</span> <span class='ocrx_word' id='word_1_71' title='bbox 820 1079 1130 1150; x_wconf 82' lang='grc' dir='ltr'>ἀφθαρσίαν</span> <span class='ocrx_word' id='word_1_72' title='bbox 1174 1075 1597 1141; x_wconf 86' lang='grc' dir='ltr'>ἐπιδείκνυσθαι,</span> <span class='ocrx_word' id='word_1_73' title='bbox 1635 1077 1730 1129; x_wconf 76' lang='grc' dir='ltr'><strong>καὶ</strong></span> <span class='ocrx_word' id='word_1_74' title='bbox 1763 1077 1817 1128; x_wconf 86' lang='grc' dir='ltr'><strong>ἐν</strong></span> 
     </span>
    </p>
   </div>
   <div class='ocr_carea' id='block_1_13' title="bbox 247 1167 1816 1242">
    <p class='ocr_par' dir='ltr' id='par_1_13' title="bbox 247 1167 1816 1242">
     <span class='ocr_line' id='line_1_13' title="bbox 247 1167 1816 1242; baseline -0.001 -21"><span class='ocrx_word' id='word_1_75' title='bbox 247 1169 500 1224; x_wconf 78' lang='grc' dir='ltr'>ἐπιϐάσει</span> <span class='ocrx_word' id='word_1_76' title='bbox 549 1171 674 1242; x_wconf 70' lang='grc' dir='ltr'>ᾅδου</span> <span class='ocrx_word' id='word_1_77' title='bbox 729 1171 876 1226; x_wconf 83' lang='grc' dir='ltr'>λύειν</span> <span class='ocrx_word' id='word_1_78' title='bbox 929 1170 1178 1233; x_wconf 88' lang='grc' dir='ltr'>θάνατον,</span> <span class='ocrx_word' id='word_1_79' title='bbox 1234 1169 1329 1224; x_wconf 73' lang='grc' dir='ltr'>καὶ</span> <span class='ocrx_word' id='word_1_80' title='bbox 1367 1167 1816 1238; x_wconf 80' lang='grc' dir='ltr'>εὐαγγελίσασθαι</span> 
     </span>
    </p>
   </div>
   <div class='ocr_carea' id='block_1_14' title="bbox 246 1257 1816 1330">
    <p class='ocr_par' dir='ltr' id='par_1_14' title="bbox 246 1257 1816 1330">
     <span class='ocr_line' id='line_1_14' title="bbox 246 1257 1816 1330; baseline -0.001 -18"><span class='ocrx_word' id='word_1_81' title='bbox 246 1260 383 1312; x_wconf 82' lang='grc' dir='ltr'>πᾶσι</span> <span class='ocrx_word' id='word_1_82' title='bbox 413 1259 512 1330; x_wconf 84' lang='grc' dir='ltr'>τὴν</span> <span class='ocrx_word' id='word_1_83' title='bbox 545 1260 857 1316; x_wconf 87' lang='grc' dir='ltr'>ἀνάστασιν.</span> <span class='ocrx_word' id='word_1_84' title='bbox 896 1261 1016 1313; x_wconf 85' lang='grc' dir='ltr'><strong>Ὅτι</strong></span> <span class='ocrx_word' id='word_1_85' title='bbox 1049 1259 1261 1314; x_wconf 74' lang='grc' dir='ltr'>ἔκτισεν</span> <span class='ocrx_word' id='word_1_86' title='bbox 1292 1259 1319 1310; x_wconf 80' lang='grc' dir='ltr'><strong>ὁ</strong></span> <span class='ocrx_word' id='word_1_87' title='bbox 1342 1259 1473 1322; x_wconf 69' lang='grc' dir='ltr'><strong>Θεὸς</strong></span> <span class='ocrx_word' id='word_1_88' title='bbox 1497 1258 1588 1311; x_wconf 78' lang='grc' dir='ltr'><strong>τὸν</strong></span> <span class='ocrx_word' id='word_1_89' title='bbox 1609 1257 1816 1330; x_wconf 77' lang='grc' dir='ltr'>ἀνθρω-</span> 
     </span>
    </p>
   </div>
   <div class='ocr_carea' id='block_1_15' title="bbox 245 1347 1816 1422">
    <p class='ocr_par' dir='ltr' id='par_1_15' title="bbox 245 1347 1816 1422">
     <span class='ocr_line' id='line_1_15' title="bbox 245 1347 1816 1422; baseline 0.003 -22"><span class='ocrx_word' id='word_1_90' title='bbox 245 1365 346 1401; x_wconf 84' lang='grc' dir='ltr'><strong>πον</strong></span> <span class='ocrx_word' id='word_1_91' title='bbox 373 1350 468 1404; x_wconf 70' lang='grc' dir='ltr'><strong>ἐπὶ</strong></span> <span class='ocrx_word' id='word_1_92' title='bbox 503 1347 781 1422; x_wconf 75' lang='grc' dir='ltr'>ἀφθαρσίᾳ</span> <span class='ocrx_word' id='word_1_93' title='bbox 827 1349 961 1419; x_wconf 75' lang='grc'><strong>(8-1),</strong></span> <span class='ocrx_word' id='word_1_94' title='bbox 1005 1349 1100 1403; x_wconf 74' lang='grc' dir='ltr'><strong>καὶ</strong></span> <span class='ocrx_word' id='word_1_95' title='bbox 1146 1350 1329 1402; x_wconf 73' lang='grc' dir='ltr'>εἰκόνα</span> <span class='ocrx_word' id='word_1_96' title='bbox 1360 1349 1460 1419; x_wconf 80' lang='grc' dir='ltr'><strong>τῆς</strong></span> <span class='ocrx_word' id='word_1_97' title='bbox 1491 1349 1627 1411; x_wconf 86' lang='grc' dir='ltr'>ίδίας</span> <span class='ocrx_word' id='word_1_98' title='bbox 1653 1349 1816 1404; x_wconf 84' lang='grc' dir='ltr'>ἀϊδιό-</span> 
     </span>
    </p>
   </div>
   <div class='ocr_carea' id='block_1_16' title="bbox 241 1439 1814 1512">
    <p class='ocr_par' dir='ltr' id='par_1_16' title="bbox 241 1439 1814 1512">
     <span class='ocr_line' id='line_1_16' title="bbox 241 1439 1814 1512; baseline 0.002 -20"><span class='ocrx_word' id='word_1_99' title='bbox 241 1457 409 1511; x_wconf 84' lang='grc' dir='ltr'>τητος</span> <span class='ocrx_word' id='word_1_100' title='bbox 433 1441 688 1512; x_wconf 86' lang='grc' dir='ltr'>ἐποίησεν</span> <span class='ocrx_word' id='word_1_101' title='bbox 718 1443 898 1497; x_wconf 81' lang='grc' dir='ltr'>αὐτόν.</span> <span class='ocrx_word' id='word_1_102' title='bbox 942 1443 1146 1506; x_wconf 72' lang='grc' dir='ltr'>Φθόνῳ</span> <span class='ocrx_word' id='word_1_103' title='bbox 1191 1440 1259 1494; x_wconf 77' lang='grc' dir='ltr'>δὲ</span> <span class='ocrx_word' id='word_1_104' title='bbox 1301 1439 1584 1494; x_wconf 71' lang='grc' dir='ltr'>διαϐόλου</span> <span class='ocrx_word' id='word_1_105' title='bbox 1633 1441 1814 1495; x_wconf 60' lang='grc' dir='ltr'>θείνας</span> 
     </span>
    </p>
   </div>
   <div class='ocr_carea' id='block_1_17' title="bbox 241 1533 1815 1604">
    <p class='ocr_par' dir='ltr' id='par_1_17' title="bbox 241 1533 1815 1604">
     <span class='ocr_line' id='line_1_17' title="bbox 241 1533 1815 1604; baseline 0.001 -20"><span class='ocrx_word' id='word_1_106' title='bbox 241 1550 348 1598; x_wconf 84' lang='grc' dir='ltr'>τος</span> <span class='ocrx_word' id='word_1_107' title='bbox 400 1533 691 1602; x_wconf 70' lang='grc' dir='ltr'>εἰσῆλθεν</span> <span class='ocrx_word' id='word_1_108' title='bbox 729 1537 814 1600; x_wconf 74' lang='grc' dir='ltr'><strong>εἰς</strong></span> <span class='ocrx_word' id='word_1_109' title='bbox 864 1535 970 1587; x_wconf 81' lang='grc' dir='ltr'><strong>τὸν</strong></span> <span class='ocrx_word' id='word_1_110' title='bbox 1013 1534 1246 1603; x_wconf 79' lang='grc' dir='ltr'><strong>κόσμον</strong></span> <span class='ocrx_word' id='word_1_111' title='bbox 1269 1548 1282 1561; x_wconf 93' lang='grc'>·</span> <span class='ocrx_word' id='word_1_112' title='bbox 1315 1533 1734 1604; x_wconf 84' lang='grc' dir='ltr'>βασιλευόμενον</span> <span class='ocrx_word' id='word_1_113' title='bbox 1759 1533 1815 1586; x_wconf 84' lang='grc' dir='ltr'><strong>δέ</strong></span> 
     </span>
    </p>
   </div>
   <div class='ocr_carea' id='block_1_18' title="bbox 242 1625 1814 1700">
    <p class='ocr_par' dir='ltr' id='par_1_18' title="bbox 242 1625 1814 1700">
     <span class='ocr_line' id='line_1_18' title="bbox 242 1625 1814 1700; baseline 0.001 -21"><span class='ocrx_word' id='word_1_114' title='bbox 242 1627 351 1680; x_wconf 75' lang='grc' dir='ltr'><strong>ὑπὸ</strong></span> <span class='ocrx_word' id='word_1_115' title='bbox 379 1627 473 1681; x_wconf 83' lang='grc' dir='ltr'>τοῦ</span> <span class='ocrx_word' id='word_1_116' title='bbox 501 1627 730 1682; x_wconf 82' lang='grc' dir='ltr'>Θανάτου</span> <span class='ocrx_word' id='word_1_117' title='bbox 765 1630 844 1692; x_wconf 84' lang='grc' dir='ltr'>είς</span> <span class='ocrx_word' id='word_1_118' title='bbox 867 1625 1164 1700; x_wconf 77' lang='grc' dir='ltr'>διαφθορὰν</span> <span class='ocrx_word' id='word_1_119' title='bbox 1208 1627 1306 1697; x_wconf 75' lang='grc' dir='ltr'>οὐχ</span> <span class='ocrx_word' id='word_1_120' title='bbox 1332 1625 1608 1700; x_wconf 81' lang='grc' dir='ltr'>ὑπερεῖδεν</span> <span class='ocrx_word' id='word_1_121' title='bbox 1651 1627 1814 1691; x_wconf 81' lang='grc' dir='ltr'>αὐτὸς</span> 
     </span>
    </p>
   </div>
   <div class='ocr_carea' id='block_1_19' title="bbox 243 1717 1812 1792">
    <p class='ocr_par' dir='ltr' id='par_1_19' title="bbox 243 1717 1812 1792">
     <span class='ocr_line' id='line_1_19' title="bbox 243 1717 1812 1792; baseline 0 -22"><span class='ocrx_word' id='word_1_122' title='bbox 243 1718 538 1790; x_wconf 58' lang='grc' dir='ltr'>γενόμενος</span> <span class='ocrx_word' id='word_1_123' title='bbox 562 1717 866 1789; x_wconf 80' lang='grc' dir='ltr'>ἅνθρωπος,</span> <span class='ocrx_word' id='word_1_124' title='bbox 891 1719 950 1771; x_wconf 84' lang='grc' dir='ltr'><strong>οὐ</strong></span> <span class='ocrx_word' id='word_1_125' title='bbox 981 1717 1208 1789; x_wconf 77' lang='grc' dir='ltr'>τραπεὶς</span> <span class='ocrx_word' id='word_1_126' title='bbox 1231 1720 1310 1781; x_wconf 86' lang='grc' dir='ltr'>είς</span> <span class='ocrx_word' id='word_1_127' title='bbox 1348 1717 1634 1792; x_wconf 82' lang='grc' dir='ltr'>ἀνθρώπου</span> <span class='ocrx_word' id='word_1_128' title='bbox 1681 1735 1812 1790; x_wconf 86' lang='grc' dir='ltr'>μορ-</span> 
     </span>
    </p>
   </div>
   <div class='ocr_carea' id='block_1_20' title="bbox 241 1809 1812 1886">
    <p class='ocr_par' dir='ltr' id='par_1_20' title="bbox 241 1809 1812 1886">
     <span class='ocr_line' id='line_1_20' title="bbox 241 1809 1812 1886; baseline 0.001 -21"><span class='ocrx_word' id='word_1_129' title='bbox 241 1813 372 1884; x_wconf 72' lang='grc' dir='ltr'>φὴν,</span> <span class='ocrx_word' id='word_1_130' title='bbox 424 1813 547 1866; x_wconf 85' lang='grc' dir='ltr'><strong>οὐδέ</strong></span> <span class='ocrx_word' id='word_1_131' title='bbox 599 1812 836 1886; x_wconf 86' lang='grc' dir='ltr'>παριδὼν</span> <span class='ocrx_word' id='word_1_132' title='bbox 891 1813 992 1886; x_wconf 87' lang='grc' dir='ltr'><strong>τὴν</strong></span> <span class='ocrx_word' id='word_1_133' title='bbox 1054 1809 1160 1868; x_wconf 78' lang='grc' dir='ltr'>τοῦ.</span> <span class='ocrx_word' id='word_1_134' title='bbox 1201 1811 1484 1884; x_wconf 86' lang='grc' dir='ltr'>ἀνθρώπου</span> <span class='ocrx_word' id='word_1_135' title='bbox 1551 1811 1812 1884; x_wconf 76' lang='grc' dir='ltr'>ὓπαρξιν,</span> 
     </span>
    </p>
   </div>
   <div class='ocr_carea' id='block_1_21' title="bbox 241 1889 1814 1974">
    <p class='ocr_par' dir='ltr' id='par_1_21' title="bbox 241 1889 1814 1974">
     <span class='ocr_line' id='line_1_21' title="bbox 241 1889 1814 1974; baseline -0.001 -16"><span class='ocrx_word' id='word_1_136' title='bbox 241 1903 444 1974; x_wconf 79' lang='grc' dir='ltr'>σκιώδη</span> <span class='ocrx_word' id='word_1_137' title='bbox 493 1903 592 1974; x_wconf 80' lang='grc' dir='ltr'>τὴν</span> <span class='ocrx_word' id='word_1_138' title='bbox 641 1902 803 1969; x_wconf 80' lang='grc' dir='ltr'>δεῖξιν</span> <span class='ocrx_word' id='word_1_139' title='bbox 853 1905 1090 1958; x_wconf 82' lang='grc' dir='ltr'>ἐποιεῖτο</span> <span class='ocrx_word' id='word_1_140' title='bbox 1122 1919 1137 1934; x_wconf 88' lang='grc'><strong>·</strong></span> <span class='ocrx_word' id='word_1_141' title='bbox 1190 1902 1303 1956; x_wconf 88' lang='grc' dir='ltr'>ἀλλ’</span> <span class='ocrx_word' id='word_1_142' title='bbox 1337 1903 1365 1954; x_wconf 83' lang='grc' dir='ltr'><strong><em>ὁ</em></strong></span> <span class='ocrx_word' id='word_1_143' title='bbox 1389 1899 1466 1956; x_wconf 83' lang='grc' dir='ltr'>ὣν</span> <span class='ocrx_word' id='word_1_144' title='bbox 1493 1889 1649 1972; x_wconf 71' lang='grc' dir='ltr'>φῦσει</span> <span class='ocrx_word' id='word_1_145' title='bbox 1682 1902 1814 1968; x_wconf 77' lang='grc' dir='ltr'>Θεὸς</span> 
     </span>
    </p>
   </div>
   <div class='ocr_carea' id='block_1_22' title="bbox 237 1991 1813 2070">
    <p class='ocr_par' dir='ltr' id='par_1_22' title="bbox 237 1991 1813 2070">
     <span class='ocr_line' id='line_1_22' title="bbox 237 1991 1813 2070; baseline 0 -22"><span class='ocrx_word' id='word_1_146' title='bbox 237 1998 494 2063; x_wconf 82' lang='grc' dir='ltr'>γεννᾶται</span> <span class='ocrx_word' id='word_1_147' title='bbox 532 1995 838 2068; x_wconf 77' lang='grc' dir='ltr'>ἄνθρωπος,</span> <span class='ocrx_word' id='word_1_148' title='bbox 895 1995 960 2049; x_wconf 77' lang='grc' dir='ltr'>ἶν’</span> <span class='ocrx_word' id='word_1_149' title='bbox 1003 1991 1081 2060; x_wconf 74' lang='grc' dir='ltr'><strong>εἷς</strong></span> <span class='ocrx_word' id='word_1_150' title='bbox 1204 1995 1272 2048; x_wconf 85' lang='grc' dir='ltr'><strong>τά</strong></span> <span class='ocrx_word' id='word_1_151' title='bbox 1323 1995 1578 2064; x_wconf 78' lang='grc' dir='ltr'>ἑκάτερα,</span> <span class='ocrx_word' id='word_1_152' title='bbox 1610 1993 1813 2058; x_wconf 81' lang='grc' dir='ltr'>τέλειος</span> 
     </span>
    </p>
   </div>
   <div class='ocr_carea' id='block_1_23' title="bbox 239 2087 1812 2162">
    <p class='ocr_par' dir='ltr' id='par_1_23' title="bbox 239 2087 1812 2162">
     <span class='ocr_line' id='line_1_23' title="bbox 239 2087 1812 2162; baseline -0.004 -14"><span class='ocrx_word' id='word_1_153' title='bbox 239 2089 383 2148; x_wconf 80' lang='grc' dir='ltr'><strong>κατά</strong></span> <span class='ocrx_word' id='word_1_154' title='bbox 409 2091 605 2152; x_wconf 85' lang='grc' dir='ltr'>πάντα,</span> <span class='ocrx_word' id='word_1_155' title='bbox 644 2090 875 2162; x_wconf 80' lang='grc' dir='ltr'>φυσικὴν</span> <span class='ocrx_word' id='word_1_156' title='bbox 934 2091 1034 2143; x_wconf 64' lang='grc' dir='ltr'>καὶ·</span> <span class='ocrx_word' id='word_1_157' title='bbox 1065 2089 1441 2161; x_wconf 79' lang='grc' dir='ltr'>ἀληθεστάτην</span> <span class='ocrx_word' id='word_1_158' title='bbox 1480 2087 1577 2159; x_wconf 82' lang='grc' dir='ltr'><strong>τὴν</strong></span> <span class='ocrx_word' id='word_1_159' title='bbox 1623 2087 1812 2160; x_wconf 82' lang='grc' dir='ltr'>γέννη-</span> 
     </span>
    </p>
   </div>
   <div class='ocr_carea' id='block_1_24' title="bbox 239 2179 1810 2252">
    <p class='ocr_par' dir='ltr' id='par_1_24' title="bbox 239 2179 1810 2252">
     <span class='ocr_line' id='line_1_24' title="bbox 239 2179 1810 2252; baseline -0.002 -18"><span class='ocrx_word' id='word_1_160' title='bbox 239 2198 328 2234; x_wconf 86' lang='grc' dir='ltr'><strong>σιν</strong></span> <span class='ocrx_word' id='word_1_161' title='bbox 345 2181 458 2250; x_wconf 81' lang='lat'><strong>(85)</strong></span> <span class='ocrx_word' id='word_1_162' title='bbox 493 2179 922 2251; x_wconf 84' lang='grc' dir='ltr'>ἐπιδειξάμενος.</span> <span class='ocrx_word' id='word_1_163' title='bbox 958 2180 1048 2234; x_wconf 85' lang='grc' dir='ltr'>Διδ</span> <span class='ocrx_word' id='word_1_164' title='bbox 1078 2181 1292 2252; x_wconf 72' lang='grc' dir='ltr'>εἴρηται</span> <span class='ocrx_word' id='word_1_165' title='bbox 1313 2196 1328 2210; x_wconf 76' lang='grc' dir='ltr'><strong>ο</strong></span> <span class='ocrx_word' id='word_1_166' title='bbox 1353 2179 1465 2234; x_wconf 78' lang='grc' dir='ltr'><strong>Καὶ</strong></span> <span class='ocrx_word' id='word_1_167' title='bbox 1489 2180 1810 2249; x_wconf 82' lang='grc' dir='ltr'>ἐχαρίσατο</span> 
     </span>
    </p>
   </div>
   <div class='ocr_carea' id='block_1_25' title="bbox 234 2270 1822 2343">
    <p class='ocr_par' dir='ltr' id='par_1_25' title="bbox 234 2270 1822 2343">
     <span class='ocr_line' id='line_1_25' title="bbox 234 2270 1822 2343; baseline -0.004 -17"><span class='ocrx_word' id='word_1_168' title='bbox 234 2271 399 2338; x_wconf 74' lang='grc' dir='ltr'>αὐτῷ</span> <span class='ocrx_word' id='word_1_169' title='bbox 436 2273 624 2342; x_wconf 72' lang='grc' dir='ltr'>ὄνομα</span> <span class='ocrx_word' id='word_1_170' title='bbox 673 2272 740 2325; x_wconf 85' lang='grc' dir='ltr'>τὸ</span> <span class='ocrx_word' id='word_1_171' title='bbox 781 2271 931 2342; x_wconf 82' lang='grc' dir='ltr'>ὑπὲρ</span> <span class='ocrx_word' id='word_1_172' title='bbox 970 2271 1094 2326; x_wconf 78' lang='grc' dir='ltr'><strong>πᾶν</strong></span> <span class='ocrx_word' id='word_1_173' title='bbox 1127 2271 1335 2342; x_wconf 78' lang='grc' dir='ltr'>ὄνομα,</span> <span class='ocrx_word' id='word_1_174' title='bbox 1379 2270 1684 2343; x_wconf 85' lang='grc' dir='ltr'>βασιλεύειν</span> <span class='ocrx_word' id='word_1_175' title='bbox 1727 2271 1822 2324; x_wconf 78' lang='grc' dir='ltr'>οὐ-.</span> 
     </span>
    </p>
   </div>
   <div class='ocr_carea' id='block_1_26' title="bbox 237 2362 1458 2435">
    <p class='ocr_par' dir='ltr' id='par_1_26' title="bbox 237 2362 1458 2435">
     <span class='ocr_line' id='line_1_26' title="bbox 237 2362 1458 2435; baseline 0 -19"><span class='ocrx_word' id='word_1_176' title='bbox 237 2362 440 2435; x_wconf 83' lang='grc' dir='ltr'>ρανῶν,</span> <span class='ocrx_word' id='word_1_177' title='bbox 475 2363 570 2418; x_wconf 79' lang='grc' dir='ltr'>καὶ</span> <span class='ocrx_word' id='word_1_178' title='bbox 597 2362 843 2426; x_wconf 77' lang='grc' dir='ltr'>ἐξουσίαν</span> <span class='ocrx_word' id='word_1_179' title='bbox 877 2362 1022 2433; x_wconf 82' lang='grc' dir='ltr'>ἔχειν</span> <span class='ocrx_word' id='word_1_180' title='bbox 1057 2363 1238 2434; x_wconf 83' lang='grc' dir='ltr'>κρίσιν</span> <span class='ocrx_word' id='word_1_181' title='bbox 1265 2365 1458 2416; x_wconf 88' lang='grc' dir='ltr'>ποιεῖν.</span> 
     </span>
    </p>
   </div>
   <div class='ocr_carea' id='block_1_27' title="bbox 267 2439 1816 2525">
    <p class='ocr_par' dir='ltr' id='par_1_27' title="bbox 267 2439 1816 2525">
     <span class='ocr_line' id='line_1_27' title="bbox 267 2439 1816 2525; baseline -0.001 -18"><span class='ocrx_word' id='word_1_182' title='bbox 267 2439 270 2442; x_wconf 19' lang='grc' dir='ltr'><strong>λ</strong></span> <span class='ocrx_word' id='word_1_183' title='bbox 308 2455 361 2507; x_wconf 86' lang='grc'>8.</span> <span class='ocrx_word' id='word_1_184' title='bbox 400 2454 458 2508; x_wconf 84' lang='lat'><strong>&#39;0</strong></span> <span class='ocrx_word' id='word_1_185' title='bbox 505 2453 614 2524; x_wconf 82' lang='grc' dir='ltr'>γὰρ</span> <span class='ocrx_word' id='word_1_186' title='bbox 655 2453 761 2508; x_wconf 82' lang='grc' dir='ltr'><strong>τῶν</strong></span> <span class='ocrx_word' id='word_1_187' title='bbox 806 2453 942 2506; x_wconf 81' lang='grc' dir='ltr'>ὅλων</span> <span class='ocrx_word' id='word_1_188' title='bbox 966 2453 1296 2525; x_wconf 83' lang='grc' dir='ltr'>δημιουργὸς</span> <span class='ocrx_word' id='word_1_189' title='bbox 1317 2453 1489 2523; x_wconf 86' lang='grc' dir='ltr'><strong>Λόγος</strong></span> <span class='ocrx_word' id='word_1_190' title='bbox 1513 2452 1624 2525; x_wconf 81' lang='grc'>(86)</span> <span class='ocrx_word' id='word_1_191' title='bbox 1652 2451 1816 2525; x_wconf 77' lang='grc' dir='ltr'>ὤφθη-</span> 
     </span>
    </p>
   </div>
   <div class='ocr_carea' id='block_1_28' title="bbox 233 2542 1811 2615">
    <p class='ocr_par' dir='ltr' id='par_1_28' title="bbox 233 2542 1811 2615">
     <span class='ocr_line' id='line_1_28' title="bbox 233 2542 1811 2615; baseline -0.001 -17"><span class='ocrx_word' id='word_1_192' title='bbox 233 2547 352 2608; x_wconf 71' lang='grc' dir='ltr'>υἱὸς</span> <span class='ocrx_word' id='word_1_193' title='bbox 383 2544 694 2615; x_wconf 79' lang='grc' dir='ltr'>ἀνθρώπου,</span> <span class='ocrx_word' id='word_1_194' title='bbox 721 2544 820 2614; x_wconf 75' lang='grc' dir='ltr'>οὐχ</span> <span class='ocrx_word' id='word_1_195' title='bbox 856 2543 1043 2615; x_wconf 75' lang='grc' dir='ltr'>ἕτερός</span> <span class='ocrx_word' id='word_1_196' title='bbox 1075 2561 1160 2606; x_wconf 85' lang='grc' dir='ltr'><strong>τις</strong></span> <span class='ocrx_word' id='word_1_197' title='bbox 1186 2543 1497 2615; x_wconf 83' lang='grc' dir='ltr'>γενόμενος,</span> <span class='ocrx_word' id='word_1_198' title='bbox 1533 2544 1667 2598; x_wconf 86' lang='grc' dir='ltr'><strong>ἀλλά</strong></span> <span class='ocrx_word' id='word_1_199' title='bbox 1695 2542 1811 2597; x_wconf 83' lang='grc' dir='ltr'>δεύ-</span> 
     </span>
    </p>
   </div>
   <div class='ocr_carea' id='block_1_29' title="bbox 233 2634 1809 2707">
    <p class='ocr_par' dir='ltr' id='par_1_29' title="bbox 233 2634 1809 2707">
     <span class='ocr_line' id='line_1_29' title="bbox 233 2634 1809 2707; baseline 0.003 -20"><span class='ocrx_word' id='word_1_200' title='bbox 233 2653 394 2706; x_wconf 82' lang='grc' dir='ltr'>τερος</span> <span class='ocrx_word' id='word_1_201' title='bbox 425 2635 622 2706; x_wconf 82' lang='grc' dir='ltr'>Ἀδάμ·</span> <span class='ocrx_word' id='word_1_202' title='bbox 657 2636 742 2688; x_wconf 77' lang='grc' dir='ltr'><strong>ἵνα</strong></span> <span class='ocrx_word' id='word_1_203' title='bbox 781 2636 872 2688; x_wconf 82' lang='grc' dir='ltr'><strong>καὶ</strong></span> <span class='ocrx_word' id='word_1_204' title='bbox 923 2637 988 2689; x_wconf 86' lang='grc' dir='ltr'><strong>ἐκ</strong></span> <span class='ocrx_word' id='word_1_205' title='bbox 1033 2635 1127 2690; x_wconf 79' lang='grc' dir='ltr'>τοῦ</span> <span class='ocrx_word' id='word_1_206' title='bbox 1168 2637 1426 2706; x_wconf 79' lang='grc' dir='ltr'>ὀνόματος</span> <span class='ocrx_word' id='word_1_207' title='bbox 1454 2634 1809 2707; x_wconf 82' lang='grc' dir='ltr'>γινώσκωμεν</span> 
     </span>
    </p>
   </div>
   <div class='ocr_carea' id='block_1_30' title="bbox 232 2723 1811 2799">
    <p class='ocr_par' dir='ltr' id='par_1_30' title="bbox 232 2723 1811 2799">
     <span class='ocr_line' id='line_1_30' title="bbox 232 2723 1811 2799; baseline 0.003 -23"><span class='ocrx_word' id='word_1_208' title='bbox 232 2727 334 2795; x_wconf 75' lang='grc' dir='ltr'>τὴν</span> <span class='ocrx_word' id='word_1_209' title='bbox 356 2723 637 2796; x_wconf 84' lang='grc' dir='ltr'>ἀλήθειαν.</span> <span class='ocrx_word' id='word_1_210' title='bbox 667 2725 779 2778; x_wconf 76' lang='grc' dir='ltr'><strong>Καὶ</strong></span> <span class='ocrx_word' id='word_1_211' title='bbox 813 2725 1237 2797; x_wconf 79' lang='grc' dir='ltr'>προγενέστερον</span> <span class='ocrx_word' id='word_1_212' title='bbox 1265 2727 1505 2780; x_wconf 89' lang='grc' dir='ltr'>δείκνυσι</span> <span class='ocrx_word' id='word_1_213' title='bbox 1551 2727 1640 2780; x_wconf 83' lang='grc' dir='ltr'><strong>τὸν</strong></span> <span class='ocrx_word' id='word_1_214' title='bbox 1666 2745 1811 2799; x_wconf 83' lang='grc' dir='ltr'>πρω-</span> 
     </span>
    </p>
   </div>
   <div class='ocr_carea' id='block_1_31' title="bbox 229 2815 1804 2888">
    <p class='ocr_par' dir='ltr' id='par_1_31' title="bbox 229 2815 1804 2888">
     <span class='ocr_line' id='line_1_31' title="bbox 229 2815 1804 2888; baseline 0.003 -20"><span class='ocrx_word' id='word_1_215' title='bbox 229 2815 536 2870; x_wconf 73' lang='grc' dir='ltr'>τόπλαστον</span> <span class='ocrx_word' id='word_1_216' title='bbox 566 2817 594 2868; x_wconf 87' lang='grc' dir='ltr'>ὁ</span> <span class='ocrx_word' id='word_1_217' title='bbox 629 2815 968 2880; x_wconf 82' lang='grc' dir='ltr'>Ἀπόστολος,</span> <span class='ocrx_word' id='word_1_218' title='bbox 997 2817 1214 2888; x_wconf 82' lang='grc' dir='ltr'>πρῶτον</span> <span class='ocrx_word' id='word_1_219' title='bbox 1235 2817 1296 2870; x_wconf 74' lang='grc' dir='ltr'><strong>τὸ</strong></span> <span class='ocrx_word' id='word_1_220' title='bbox 1320 2817 1549 2888; x_wconf 78' lang='grc' dir='ltr'>ψυχικὸν</span> <span class='ocrx_word' id='word_1_221' title='bbox 1572 2819 1804 2883; x_wconf 80' lang='grc' dir='ltr'>δεικνὺς,</span> 
     </span>
    </p>
   </div>
   <div class='ocr_carea' id='block_1_32' title="bbox 1921 527 3484 594">
    <p class='ocr_par' dir='ltr' id='par_1_32' title="bbox 1921 527 3484 594">
     <span class='ocr_line' id='line_1_32' title="bbox 1921 527 3484 594; baseline 0.003 -12"><span class='ocrx_word' id='word_1_222' title='bbox 1921 527 2127 594; x_wconf 89' lang='lat' dir='ltr'><strong>detulit,</strong></span> <span class='ocrx_word' id='word_1_223' title='bbox 2165 529 2293 583; x_wconf 89' lang='lat' dir='ltr'><strong>illud</strong></span> <span class='ocrx_word' id='word_1_224' title='bbox 2332 529 2580 583; x_wconf 86' lang='lat' dir='ltr'><strong>Christus</strong></span> <span class='ocrx_word' id='word_1_225' title='bbox 2607 543 2638 583; x_wconf 88' lang='lat' dir='ltr'><strong>e</strong></span> <span class='ocrx_word' id='word_1_226' title='bbox 2673 538 2813 582; x_wconf 84' lang='lat' dir='ltr'><strong>terra</strong></span> <span class='ocrx_word' id='word_1_227' title='bbox 2860 529 2912 582; x_wconf 90' lang='lat' dir='ltr'><strong>in</strong></span> <span class='ocrx_word' id='word_1_228' title='bbox 2945 530 3140 584; x_wconf 68' lang='lat' dir='ltr'><strong>caelum</strong></span> <span class='ocrx_word' id='word_1_229' title='bbox 3176 533 3392 588; x_wconf 82' lang='lat' dir='ltr'><strong>evexit:</strong></span> <span class='ocrx_word' id='word_1_230' title='bbox 3427 543 3484 587; x_wconf 87' lang='lat' dir='ltr'><strong>et</strong></span> 
     </span>
    </p>
   </div>
   <div class='ocr_carea' id='block_1_33' title="bbox 1920 620 3479 690">
    <p class='ocr_par' dir='ltr' id='par_1_33' title="bbox 1920 620 3479 690">
     <span class='ocr_line' id='line_1_33' title="bbox 1920 620 3479 690; baseline 0.003 -16"><span class='ocrx_word' id='word_1_231' title='bbox 1920 621 2064 690; x_wconf 87' lang='lat' dir='ltr'><strong>quod</strong></span> <span class='ocrx_word' id='word_1_232' title='bbox 2093 620 2287 684; x_wconf 81' lang='lat' dir='ltr'><strong>Adam,</strong></span> <span class='ocrx_word' id='word_1_233' title='bbox 2321 636 2443 674; x_wconf 88' lang='lat' dir='ltr'><strong>cum</strong></span> <span class='ocrx_word' id='word_1_234' title='bbox 2489 620 2639 689; x_wconf 79' lang='lat' dir='ltr'><strong>prius</strong></span> <span class='ocrx_word' id='word_1_235' title='bbox 2673 621 2880 688; x_wconf 86' lang='lat' dir='ltr'><strong>peccati</strong></span> <span class='ocrx_word' id='word_1_236' title='bbox 2915 634 3107 690; x_wconf 79' lang='lat' dir='ltr'><strong>expers</strong></span> <span class='ocrx_word' id='word_1_237' title='bbox 3136 629 3190 676; x_wconf 86' lang='lat' dir='ltr'><strong>et</strong></span> <span class='ocrx_word' id='word_1_238' title='bbox 3223 623 3353 677; x_wconf 87' lang='lat' dir='ltr'><strong>nulli</strong></span> <span class='ocrx_word' id='word_1_239' title='bbox 3379 623 3479 678; x_wconf 76' lang='lat' dir='ltr'><strong>da-</strong></span> 
     </span>
    </p>
   </div>
   <div class='ocr_carea' id='block_1_34' title="bbox 1921 707 3480 776">
    <p class='ocr_par' dir='ltr' id='par_1_34' title="bbox 1921 707 3480 776">
     <span class='ocr_line' id='line_1_34' title="bbox 1921 707 3480 776; baseline 0.004 -18"><span class='ocrx_word' id='word_1_240' title='bbox 1921 707 2184 760; x_wconf 78' lang='lat' dir='ltr'><strong>mnationi</strong></span> <span class='ocrx_word' id='word_1_241' title='bbox 2213 707 2480 762; x_wconf 78' lang='lat' dir='ltr'><strong>obnoxius</strong></span> <span class='ocrx_word' id='word_1_242' title='bbox 2497 715 2658 770; x_wconf 84' lang='lat' dir='ltr'><strong>esset,</strong></span> <span class='ocrx_word' id='word_1_243' title='bbox 2679 707 2730 758; x_wconf 89' lang='lat' dir='ltr'><strong>in</strong></span> <span class='ocrx_word' id='word_1_244' title='bbox 2760 709 3158 776; x_wconf 86' lang='lat' dir='ltr'><strong>corruptionem</strong></span> <span class='ocrx_word' id='word_1_245' title='bbox 3183 719 3236 764; x_wconf 91' lang='lat' dir='ltr'><strong>et</strong></span> <span class='ocrx_word' id='word_1_246' title='bbox 3251 711 3480 766; x_wconf 86' lang='lat' dir='ltr'><strong>damna-</strong></span> 
     </span>
    </p>
   </div>
   <div class='ocr_carea' id='block_1_35' title="bbox 1921 793 3482 878">
    <p class='ocr_par' dir='ltr' id='par_1_35' title="bbox 1921 793 3482 878">
     <span class='ocr_line' id='line_1_35' title="bbox 1921 793 3482 878; baseline 0.005 -30"><span class='ocrx_word' id='word_1_247' title='bbox 1921 793 2125 850; x_wconf 87' lang='lat' dir='ltr'><strong>tionem</strong></span> <span class='ocrx_word' id='word_1_248' title='bbox 2152 798 2346 852; x_wconf 90' lang='lat' dir='ltr'><strong>mortis</strong></span> <span class='ocrx_word' id='word_1_249' title='bbox 2374 798 2589 867; x_wconf 86' lang='lat' dir='ltr'><strong>dejecit,</strong></span> <span class='ocrx_word' id='word_1_250' title='bbox 2615 798 2844 878; x_wconf 85' lang='lat' dir='ltr'><strong>idipsum</strong></span> <span class='ocrx_word' id='word_1_251' title='bbox 2873 797 3123 854; x_wconf 83' lang='lat' dir='ltr'><strong>Christus</strong></span> <span class='ocrx_word' id='word_1_252' title='bbox 3157 801 3482 870; x_wconf 78' lang='lat' dir='ltr'><strong>incorrupti-</strong></span> 
     </span>
    </p>
   </div>
   <div class='ocr_carea' id='block_1_36' title="bbox 1920 887 3480 963">
    <p class='ocr_par' dir='ltr' id='par_1_36' title="bbox 1920 887 3480 963">
     <span class='ocr_line' id='line_1_36' title="bbox 1920 887 3480 963; baseline 0.004 -23"><span class='ocrx_word' id='word_1_253' title='bbox 1920 887 2028 941; x_wconf 84' lang='lat' dir='ltr'><strong>bile</strong></span> <span class='ocrx_word' id='word_1_254' title='bbox 2064 903 2204 956; x_wconf 89' lang='lat' dir='ltr'><strong>esse,</strong></span> <span class='ocrx_word' id='word_1_255' title='bbox 2236 889 2344 942; x_wconf 92' lang='lat' dir='ltr'><strong>imo</strong></span> <span class='ocrx_word' id='word_1_256' title='bbox 2371 905 2398 942; x_wconf 89' lang='lat' dir='ltr'><strong>a</strong></span> <span class='ocrx_word' id='word_1_257' title='bbox 2432 897 2607 942; x_wconf 86' lang='lat' dir='ltr'><strong>morte</strong></span> <span class='ocrx_word' id='word_1_258' title='bbox 2639 889 2869 944; x_wconf 89' lang='lat' dir='ltr'><strong>liberare</strong></span> <span class='ocrx_word' id='word_1_259' title='bbox 2903 891 3167 951; x_wconf 84' lang='lat' dir='ltr'><strong>ostendit;</strong></span> <span class='ocrx_word' id='word_1_260' title='bbox 3203 891 3272 945; x_wconf 86' lang='lat' dir='ltr'><strong>ita</strong></span> <span class='ocrx_word' id='word_1_261' title='bbox 3313 905 3370 946; x_wconf 91' lang='lat' dir='ltr'><strong>ut</strong></span> <span class='ocrx_word' id='word_1_262' title='bbox 3391 911 3480 963; x_wconf 86' lang='lat' dir='ltr'><strong>po-</strong></span> 
     </span>
    </p>
   </div>
   <div class='ocr_carea' id='block_1_37' title="bbox 1919 980 3486 1049">
    <p class='ocr_par' dir='ltr' id='par_1_37' title="bbox 1919 980 3486 1049">
     <span class='ocr_line' id='line_1_37' title="bbox 1919 980 3486 1049; baseline 0.004 -17"><span class='ocrx_word' id='word_1_263' title='bbox 1919 986 2168 1033; x_wconf 83' lang='lat' dir='ltr'><strong>testatem</strong></span> <span class='ocrx_word' id='word_1_264' title='bbox 2221 980 2416 1034; x_wconf 85' lang='lat' dir='ltr'><strong>habeat</strong></span> <span class='ocrx_word' id='word_1_265' title='bbox 2469 981 2520 1034; x_wconf 89' lang='lat' dir='ltr'><strong>in</strong></span> <span class='ocrx_word' id='word_1_266' title='bbox 2569 989 2710 1034; x_wconf 86' lang='lat' dir='ltr'><strong>terra</strong></span> <span class='ocrx_word' id='word_1_267' title='bbox 2763 989 2982 1048; x_wconf 84' lang='lat' dir='ltr'><strong>peccata</strong></span> <span class='ocrx_word' id='word_1_268' title='bbox 3035 981 3486 1049; x_wconf 60' lang='lat' dir='ltr'><strong>dimittendi;cx=</strong></span> 
     </span>
    </p>
   </div>
   <div class='ocr_carea' id='block_1_38' title="bbox 1918 1068 3484 1138">
    <p class='ocr_par' dir='ltr' id='par_1_38' title="bbox 1918 1068 3484 1138">
     <span class='ocr_line' id='line_1_38' title="bbox 1918 1068 3484 1138; baseline 0.004 -18"><span class='ocrx_word' id='word_1_269' title='bbox 1918 1068 2189 1136; x_wconf 87' lang='lat' dir='ltr'><strong>sepulcro,</strong></span> <span class='ocrx_word' id='word_1_270' title='bbox 2217 1069 2677 1138; x_wconf 86' lang='lat' dir='ltr'><strong>incorruptionem</strong></span> <span class='ocrx_word' id='word_1_271' title='bbox 2713 1069 3032 1136; x_wconf 80' lang='lat' dir='ltr'><strong>exhibendi;</strong></span> <span class='ocrx_word' id='word_1_272' title='bbox 3075 1072 3126 1124; x_wconf 89' lang='lat' dir='ltr'><strong>in</strong></span> <span class='ocrx_word' id='word_1_273' title='bbox 3159 1087 3385 1128; x_wconf 85' lang='lat' dir='ltr'><strong>ascensu</strong></span> <span class='ocrx_word' id='word_1_274' title='bbox 3412 1089 3484 1127; x_wconf 75' lang='lat' dir='ltr'><strong>ex</strong></span> 
     </span>
    </p>
   </div>
   <div class='ocr_carea' id='block_1_39' title="bbox 1917 1153 3480 1223">
    <p class='ocr_par' dir='ltr' id='par_1_39' title="bbox 1917 1153 3480 1223">
     <span class='ocr_line' id='line_1_39' title="bbox 1917 1153 3480 1223; baseline 0.004 -15"><span class='ocrx_word' id='word_1_275' title='bbox 1917 1153 2150 1220; x_wconf 80' lang='lat' dir='ltr'><strong>inferno,</strong></span> <span class='ocrx_word' id='word_1_276' title='bbox 2181 1168 2408 1212; x_wconf 85' lang='lat' dir='ltr'><strong>mortem</strong></span> <span class='ocrx_word' id='word_1_277' title='bbox 2441 1158 2704 1223; x_wconf 87' lang='lat' dir='ltr'><strong>solvendi,</strong></span> <span class='ocrx_word' id='word_1_278' title='bbox 2730 1167 2784 1212; x_wconf 89' lang='lat' dir='ltr'><strong>et</strong></span> <span class='ocrx_word' id='word_1_279' title='bbox 2817 1161 3270 1216; x_wconf 81' lang='lat' dir='ltr'><strong>resurrectionem</strong></span> <span class='ocrx_word' id='word_1_280' title='bbox 3299 1161 3480 1216; x_wconf 90' lang='lat' dir='ltr'><strong>omni-</strong></span> 
     </span>
    </p>
   </div>
   <div class='ocr_carea' id='block_1_40' title="bbox 1913 1249 3480 1318">
    <p class='ocr_par' dir='ltr' id='par_1_40' title="bbox 1913 1249 3480 1318">
     <span class='ocr_line' id='line_1_40' title="bbox 1913 1249 3480 1318; baseline 0.004 -16"><span class='ocrx_word' id='word_1_281' title='bbox 1913 1249 2020 1303; x_wconf 83' lang='lat' dir='ltr'><strong>bus</strong></span> <span class='ocrx_word' id='word_1_282' title='bbox 2072 1251 2452 1306; x_wconf 87' lang='lat' dir='ltr'><strong>annuntiandi.</strong></span> <span class='ocrx_word' id='word_1_283' title='bbox 2499 1249 2638 1318; x_wconf 82' lang='lat' dir='ltr'><strong>Quia</strong></span> <span class='ocrx_word' id='word_1_284' title='bbox 2671 1251 2813 1307; x_wconf 88' lang='lat' dir='ltr'><strong>Deus</strong></span> <span class='ocrx_word' id='word_1_285' title='bbox 2846 1253 3122 1308; x_wconf 87' lang='lat' dir='ltr'><strong>hominem</strong></span> <span class='ocrx_word' id='word_1_286' title='bbox 3175 1255 3376 1309; x_wconf 82' lang='lat' dir='ltr'><strong>creavit</strong></span> <span class='ocrx_word' id='word_1_287' title='bbox 3421 1254 3480 1310; x_wconf 85' lang='lat' dir='ltr'><strong>in</strong></span> 
     </span>
    </p>
   </div>
   <div class='ocr_carea' id='block_1_41' title="bbox 1916 1339 3490 1414">
    <p class='ocr_par' dir='ltr' id='par_1_41' title="bbox 1916 1339 3490 1414">
     <span class='ocr_line' id='line_1_41' title="bbox 1916 1339 3490 1414; baseline 0.004 -21"><span class='ocrx_word' id='word_1_288' title='bbox 1916 1339 2376 1410; x_wconf 84' lang='lat' dir='ltr'><strong>incorruptionem</strong></span> <span class='ocrx_word' id='word_1_289' title='bbox 2434 1351 2486 1396; x_wconf 90' lang='lat' dir='ltr'><strong>et</strong></span> <span class='ocrx_word' id='word_1_290' title='bbox 2515 1345 2804 1414; x_wconf 83' lang='lat' dir='ltr'><strong>imaginem</strong></span> <span class='ocrx_word' id='word_1_291' title='bbox 2847 1344 3164 1399; x_wconf 64' lang='lat' dir='ltr'><strong>aeternitatis</strong></span> <span class='ocrx_word' id='word_1_292' title='bbox 3193 1359 3304 1399; x_wconf 75' lang='lat' dir='ltr'><strong>sua:</strong></span> <span class='ocrx_word' id='word_1_293' title='bbox 3328 1345 3490 1400; x_wconf 85' lang='lat' dir='ltr'><strong>illum</strong></span> 
     </span>
    </p>
   </div>
   <div class='ocr_carea' id='block_1_42' title="bbox 1916 1429 3479 1490">
    <p class='ocr_par' dir='ltr' id='par_1_42' title="bbox 1916 1429 3479 1490">
     <span class='ocr_line' id='line_1_42' title="bbox 1916 1429 3479 1490; baseline 0.003 -5"><span class='ocrx_word' id='word_1_294' title='bbox 1916 1430 2065 1486; x_wconf 80' lang='lat' dir='ltr'><strong>fecit.</strong></span> <span class='ocrx_word' id='word_1_295' title='bbox 2095 1429 2305 1485; x_wconf 79' lang='lat' dir='ltr'><strong>Invidia</strong></span> <span class='ocrx_word' id='word_1_296' title='bbox 2339 1443 2512 1487; x_wconf 84' lang='lat' dir='ltr'><strong>autem</strong></span> <span class='ocrx_word' id='word_1_297' title='bbox 2559 1435 2758 1488; x_wconf 81' lang='lat' dir='ltr'><strong>diaboli</strong></span> <span class='ocrx_word' id='word_1_298' title='bbox 2794 1451 2934 1488; x_wconf 83' lang='lat' dir='ltr'><strong>mors</strong></span> <span class='ocrx_word' id='word_1_299' title='bbox 2979 1435 3194 1489; x_wconf 80' lang='lat' dir='ltr'><strong>intravit</strong></span> <span class='ocrx_word' id='word_1_300' title='bbox 3231 1437 3286 1490; x_wconf 77' lang='lat' dir='ltr'><strong>in</strong></span> <span class='ocrx_word' id='word_1_301' title='bbox 3327 1453 3479 1490; x_wconf 84' lang='lat' dir='ltr'><strong>mun-</strong></span> 
     </span>
    </p>
   </div>
   <div class='ocr_carea' id='block_1_43' title="bbox 1915 1511 3480 1594">
    <p class='ocr_par' dir='ltr' id='par_1_43' title="bbox 1915 1511 3480 1594">
     <span class='ocr_line' id='line_1_43' title="bbox 1915 1511 3480 1594; baseline 0.001 -18"><span class='ocrx_word' id='word_1_302' title='bbox 1915 1511 2043 1576; x_wconf 69' lang='lat' dir='ltr'><strong>dum</strong></span> <span class='ocrx_word' id='word_1_303' title='bbox 2067 1523 2135 1588; x_wconf 73' lang='grc'>⁸⁸,</span> <span class='ocrx_word' id='word_1_304' title='bbox 2166 1538 2326 1591; x_wconf 89' lang='lat' dir='ltr'><strong>quem</strong></span> <span class='ocrx_word' id='word_1_305' title='bbox 2357 1524 2551 1578; x_wconf 92' lang='lat' dir='ltr'><strong>mortis</strong></span> <span class='ocrx_word' id='word_1_306' title='bbox 2583 1525 2810 1594; x_wconf 87' lang='lat' dir='ltr'><strong>imperio</strong></span> <span class='ocrx_word' id='word_1_307' title='bbox 2853 1539 3170 1594; x_wconf 86' lang='lat' dir='ltr'><strong>oppressum</strong></span> <span class='ocrx_word' id='word_1_308' title='bbox 3209 1523 3264 1579; x_wconf 89' lang='lat' dir='ltr'><strong>in</strong></span> <span class='ocrx_word' id='word_1_309' title='bbox 3289 1540 3480 1580; x_wconf 89' lang='lat' dir='ltr'><strong>corru-</strong></span> 
     </span>
    </p>
   </div>
   <div class='ocr_carea' id='block_1_44' title="bbox 1913 1608 3479 1681">
    <p class='ocr_par' dir='ltr' id='par_1_44' title="bbox 1913 1608 3479 1681">
     <span class='ocr_line' id='line_1_44' title="bbox 1913 1608 3479 1681; baseline 0.004 -21"><span class='ocrx_word' id='word_1_310' title='bbox 1913 1608 2176 1676; x_wconf 90' lang='lat' dir='ltr'><strong>ptionem,</strong></span> <span class='ocrx_word' id='word_1_311' title='bbox 2207 1624 2314 1662; x_wconf 89' lang='lat' dir='ltr'><strong>non</strong></span> <span class='ocrx_word' id='word_1_312' title='bbox 2344 1611 2579 1680; x_wconf 85' lang='lat' dir='ltr'><strong>neglexit</strong></span> <span class='ocrx_word' id='word_1_313' title='bbox 2602 1613 2713 1681; x_wconf 91' lang='lat' dir='ltr'><strong>ipse</strong></span> <span class='ocrx_word' id='word_1_314' title='bbox 2731 1611 2906 1666; x_wconf 78' lang='lat' dir='ltr'><strong>factus</strong></span> <span class='ocrx_word' id='word_1_315' title='bbox 2928 1613 3089 1666; x_wconf 90' lang='lat' dir='ltr'><strong>homo</strong></span> <span class='ocrx_word' id='word_1_316' title='bbox 3117 1631 3132 1666; x_wconf 88' lang='lat'><strong>:</strong></span> <span class='ocrx_word' id='word_1_317' title='bbox 3155 1627 3262 1668; x_wconf 89' lang='lat' dir='ltr'><strong>non</strong></span> <span class='ocrx_word' id='word_1_318' title='bbox 3285 1627 3479 1668; x_wconf 85' lang='lat' dir='ltr'><strong>versus</strong></span> 
     </span>
    </p>
   </div>
   <div class='ocr_carea' id='block_1_45' title="bbox 1865 1697 3481 1772">
    <p class='ocr_par' dir='ltr' id='par_1_45' title="bbox 1865 1697 3481 1772">
     <span class='ocr_line' id='line_1_45' title="bbox 1865 1697 3481 1772; baseline 0.002 -22"><span class='ocrx_word' id='word_1_319' title='bbox 1865 1765 1873 1772; x_wconf 20' lang='grc' dir='ltr'><em>ᾖ</em></span> <span class='ocrx_word' id='word_1_320' title='bbox 1914 1697 1969 1750; x_wconf 89' lang='lat' dir='ltr'><strong>in</strong></span> <span class='ocrx_word' id='word_1_321' title='bbox 1995 1697 2233 1753; x_wconf 91' lang='lat' dir='ltr'><strong>hominis</strong></span> <span class='ocrx_word' id='word_1_322' title='bbox 2265 1697 2532 1756; x_wconf 88' lang='lat' dir='ltr'><strong>formam:</strong></span> <span class='ocrx_word' id='word_1_323' title='bbox 2559 1717 2732 1772; x_wconf 89' lang='lat' dir='ltr'><strong>neque</strong></span> <span class='ocrx_word' id='word_1_324' title='bbox 2756 1701 3062 1770; x_wconf 87' lang='lat' dir='ltr'><strong>despiciens</strong></span> <span class='ocrx_word' id='word_1_325' title='bbox 3089 1701 3329 1758; x_wconf 87' lang='lat' dir='ltr'><strong>hominis</strong></span> <span class='ocrx_word' id='word_1_326' title='bbox 3346 1701 3481 1757; x_wconf 72' lang='lat' dir='ltr'><strong>sul)-</strong></span> 
     </span>
    </p>
   </div>
   <div class='ocr_carea' id='block_1_46' title="bbox 1843 1771 3480 1862">
    <p class='ocr_par' dir='ltr' id='par_1_46' title="bbox 1843 1771 3480 1862">
     <span class='ocr_line' id='line_1_46' title="bbox 1843 1771 3480 1862; baseline 0.002 -19"><span class='ocrx_word' id='word_1_327' title='bbox 1843 1771 1892 1826; x_wconf 79' lang='grc' dir='ltr'><strong>Β·</strong></span> <span class='ocrx_word' id='word_1_328' title='bbox 1915 1789 2191 1854; x_wconf 83' lang='lat' dir='ltr'><strong>stantiam,</strong></span> <span class='ocrx_word' id='word_1_329' title='bbox 2216 1792 2374 1860; x_wconf 89' lang='lat' dir='ltr'><strong>quasi</strong></span> <span class='ocrx_word' id='word_1_330' title='bbox 2402 1807 2497 1862; x_wconf 89' lang='lat' dir='ltr'><strong>per</strong></span> <span class='ocrx_word' id='word_1_331' title='bbox 2515 1771 2762 1848; x_wconf 83' lang='lat' dir='ltr'><strong>umbram</strong></span> <span class='ocrx_word' id='word_1_332' title='bbox 2783 1802 2837 1847; x_wconf 84' lang='lat' dir='ltr'><strong>et</strong></span> <span class='ocrx_word' id='word_1_333' title='bbox 2863 1793 3097 1862; x_wconf 86' lang='lat' dir='ltr'><strong>speciem</strong></span> <span class='ocrx_word' id='word_1_334' title='bbox 3131 1803 3338 1849; x_wconf 87' lang='lat' dir='ltr'><strong>tantum</strong></span> <span class='ocrx_word' id='word_1_335' title='bbox 3361 1807 3480 1848; x_wconf 91' lang='lat' dir='ltr'><strong>sese</strong></span> 
     </span>
    </p>
   </div>
   <div class='ocr_carea' id='block_1_47' title="bbox 1915 1881 3478 1951">
    <p class='ocr_par' dir='ltr' id='par_1_47' title="bbox 1915 1881 3478 1951">
     <span class='ocr_line' id='line_1_47' title="bbox 1915 1881 3478 1951; baseline 0.004 -17"><span class='ocrx_word' id='word_1_336' title='bbox 1915 1881 2186 1936; x_wconf 88' lang='lat' dir='ltr'><strong>ostendit:</strong></span> <span class='ocrx_word' id='word_1_337' title='bbox 2222 1882 2314 1937; x_wconf 92' lang='lat' dir='ltr'><strong>sed</strong></span> <span class='ocrx_word' id='word_1_338' title='bbox 2345 1883 2441 1951; x_wconf 88' lang='lat' dir='ltr'><strong>qui</strong></span> <span class='ocrx_word' id='word_1_339' title='bbox 2475 1891 2670 1938; x_wconf 89' lang='lat' dir='ltr'><strong>natura</strong></span> <span class='ocrx_word' id='word_1_340' title='bbox 2694 1883 2838 1941; x_wconf 87' lang='lat' dir='ltr'><strong>Deus</strong></span> <span class='ocrx_word' id='word_1_341' title='bbox 2863 1893 2965 1950; x_wconf 91' lang='lat' dir='ltr'><strong>est,</strong></span> <span class='ocrx_word' id='word_1_342' title='bbox 3001 1883 3167 1938; x_wconf 86' lang='lat' dir='ltr'><strong>homo</strong></span> <span class='ocrx_word' id='word_1_343' title='bbox 3213 1885 3478 1948; x_wconf 88' lang='lat' dir='ltr'><strong>nascitur,</strong></span> 
     </span>
    </p>
   </div>
   <div class='ocr_carea' id='block_1_48' title="bbox 1913 1971 3479 2048">
    <p class='ocr_par' dir='ltr' id='par_1_48' title="bbox 1913 1971 3479 2048">
     <span class='ocr_line' id='line_1_48' title="bbox 1913 1971 3479 2048; baseline 0.003 -22"><span class='ocrx_word' id='word_1_344' title='bbox 1913 1981 1973 2026; x_wconf 87' lang='lat' dir='ltr'><strong>ut</strong></span> <span class='ocrx_word' id='word_1_345' title='bbox 2011 1971 2126 2028; x_wconf 69' lang='lat' dir='ltr'><strong>haec</strong></span> <span class='ocrx_word' id='word_1_346' title='bbox 2147 1973 2307 2028; x_wconf 84' lang='lat' dir='ltr'><strong>ambo</strong></span> <span class='ocrx_word' id='word_1_347' title='bbox 2351 1975 2461 2030; x_wconf 89' lang='lat' dir='ltr'><strong>sint</strong></span> <span class='ocrx_word' id='word_1_348' title='bbox 2487 1991 2652 2044; x_wconf 90' lang='lat' dir='ltr'><strong>unus,</strong></span> <span class='ocrx_word' id='word_1_349' title='bbox 2681 1977 2735 2030; x_wconf 92' lang='lat' dir='ltr'><strong>in</strong></span> <span class='ocrx_word' id='word_1_350' title='bbox 2776 1977 3032 2032; x_wconf 89' lang='lat' dir='ltr'><strong>omnibus</strong></span> <span class='ocrx_word' id='word_1_351' title='bbox 3056 1976 3349 2048; x_wconf 80' lang='lat' dir='ltr'><strong>perfectus,</strong></span> <span class='ocrx_word' id='word_1_352' title='bbox 3385 1979 3479 2046; x_wconf 87' lang='lat' dir='ltr'><strong>qui</strong></span> 
     </span>
    </p>
   </div>
   <div class='ocr_carea' id='block_1_49' title="bbox 1913 2065 3480 2123">
    <p class='ocr_par' dir='ltr' id='par_1_49' title="bbox 1913 2065 3480 2123">
     <span class='ocr_line' id='line_1_49' title="bbox 1913 2065 3480 2123; baseline 0.004 -7"><span class='ocrx_word' id='word_1_353' title='bbox 1913 2065 2216 2118; x_wconf 85' lang='lat' dir='ltr'><strong>naturalem</strong></span> <span class='ocrx_word' id='word_1_354' title='bbox 2251 2075 2306 2118; x_wconf 85' lang='lat' dir='ltr'><strong>et</strong></span> <span class='ocrx_word' id='word_1_355' title='bbox 2331 2066 2674 2121; x_wconf 85' lang='lat' dir='ltr'><strong>verissimam</strong></span> <span class='ocrx_word' id='word_1_356' title='bbox 2708 2066 3043 2122; x_wconf 82' lang='lat' dir='ltr'><strong>nativitatem</strong></span> <span class='ocrx_word' id='word_1_357' title='bbox 3083 2068 3320 2122; x_wconf 82' lang='lat' dir='ltr'><strong>exhibet.</strong></span> <span class='ocrx_word' id='word_1_358' title='bbox 3356 2067 3480 2123; x_wconf 80' lang='lat' dir='ltr'><strong>Ideo</strong></span> 
     </span>
    </p>
   </div>
   <div class='ocr_carea' id='block_1_50' title="bbox 1911 2153 3480 2227">
    <p class='ocr_par' dir='ltr' id='par_1_50' title="bbox 1911 2153 3480 2227">
     <span class='ocr_line' id='line_1_50' title="bbox 1911 2153 3480 2227; baseline 0.003 -19"><span class='ocrx_word' id='word_1_359' title='bbox 1911 2153 2116 2208; x_wconf 87' lang='lat' dir='ltr'><strong>dictum</strong></span> <span class='ocrx_word' id='word_1_360' title='bbox 2147 2164 2231 2210; x_wconf 89' lang='lat' dir='ltr'><strong>est</strong></span> <span class='ocrx_word' id='word_1_361' title='bbox 2255 2173 2268 2210; x_wconf 91' lang='lat'><strong>:</strong></span> <span class='ocrx_word' id='word_1_362' title='bbox 2301 2153 2370 2208; x_wconf 85' lang='lat' dir='ltr'><strong>Et</strong></span> <span class='ocrx_word' id='word_1_363' title='bbox 2395 2157 2537 2210; x_wconf 81' lang='lat' dir='ltr'><strong>dedit</strong></span> <span class='ocrx_word' id='word_1_364' title='bbox 2567 2156 2650 2212; x_wconf 82' lang='lat' dir='ltr'><strong>illi</strong></span> <span class='ocrx_word' id='word_1_365' title='bbox 2677 2173 2864 2211; x_wconf 85' lang='lat' dir='ltr'><strong>nomen</strong></span> <span class='ocrx_word' id='word_1_366' title='bbox 2889 2157 3028 2226; x_wconf 82' lang='lat' dir='ltr'><strong>quod</strong></span> <span class='ocrx_word' id='word_1_367' title='bbox 3050 2167 3126 2211; x_wconf 82' lang='lat' dir='ltr'><strong>est</strong></span> <span class='ocrx_word' id='word_1_368' title='bbox 3153 2174 3308 2227; x_wconf 83' lang='lat' dir='ltr'><strong>super</strong></span> <span class='ocrx_word' id='word_1_369' title='bbox 3329 2174 3480 2212; x_wconf 69' lang='grc' dir='ltr'>οηιαιε</span> 
     </span>
    </p>
   </div>
   <div class='ocr_carea' id='block_1_51' title="bbox 1911 2246 3480 2320">
    <p class='ocr_par' dir='ltr' id='par_1_51' title="bbox 1911 2246 3480 2320">
     <span class='ocr_line' id='line_1_51' title="bbox 1911 2246 3480 2320; baseline 0.004 -22"><span class='ocrx_word' id='word_1_370' title='bbox 1911 2261 2094 2299; x_wconf 82' lang='lat' dir='ltr'><strong>nomen</strong></span> <span class='ocrx_word' id='word_1_371' title='bbox 2121 2246 2187 2313; x_wconf 73' lang='grc'>⁸⁸,</span> <span class='ocrx_word' id='word_1_372' title='bbox 2231 2257 2289 2302; x_wconf 85' lang='grc' dir='ltr'><strong>ιιι</strong></span> <span class='ocrx_word' id='word_1_373' title='bbox 2314 2257 2564 2317; x_wconf 81' lang='lat' dir='ltr'><strong>regnaret</strong></span> <span class='ocrx_word' id='word_1_374' title='bbox 2593 2249 2646 2302; x_wconf 92' lang='lat' dir='ltr'><strong>in</strong></span> <span class='ocrx_word' id='word_1_375' title='bbox 2681 2249 2854 2313; x_wconf 80' lang='lat' dir='ltr'><strong>caelis,</strong></span> <span class='ocrx_word' id='word_1_376' title='bbox 2885 2257 2939 2304; x_wconf 88' lang='lat' dir='ltr'><strong>et</strong></span> <span class='ocrx_word' id='word_1_377' title='bbox 2963 2257 3281 2320; x_wconf 86' lang='lat' dir='ltr'><strong>potestatem</strong></span> <span class='ocrx_word' id='word_1_378' title='bbox 3311 2249 3480 2305; x_wconf 86' lang='lat' dir='ltr'><strong>habe-</strong></span> 
     </span>
    </p>
   </div>
   <div class='ocr_carea' id='block_1_52' title="bbox 1910 2337 2518 2408">
    <p class='ocr_par' dir='ltr' id='par_1_52' title="bbox 1910 2337 2518 2408">
     <span class='ocr_line' id='line_1_52' title="bbox 1910 2337 2518 2408; baseline 0.002 -17"><span class='ocrx_word' id='word_1_379' title='bbox 1910 2345 1994 2392; x_wconf 85' lang='lat' dir='ltr'><strong>ret</strong></span> <span class='ocrx_word' id='word_1_380' title='bbox 2021 2337 2279 2393; x_wconf 89' lang='lat' dir='ltr'><strong>reddendi</strong></span> <span class='ocrx_word' id='word_1_381' title='bbox 2303 2337 2518 2408; x_wconf 87' lang='lat' dir='ltr'><strong>judicii.</strong></span> 
     </span>
    </p>
   </div>
   <div class='ocr_carea' id='block_1_53' title="bbox 1979 2447 3479 2522">
    <p class='ocr_par' dir='ltr' id='par_1_53' title="bbox 1979 2447 3479 2522">
     <span class='ocr_line' id='line_1_53' title="bbox 1979 2447 3479 2522; baseline 0.002 -18"><span class='ocrx_word' id='word_1_382' title='bbox 1979 2449 2044 2506; x_wconf 81' lang='lat'><strong>8..</strong></span> <span class='ocrx_word' id='word_1_383' title='bbox 2059 2447 2194 2505; x_wconf 86' lang='lat' dir='ltr'><strong>Nam</strong></span> <span class='ocrx_word' id='word_1_384' title='bbox 2223 2449 2483 2516; x_wconf 82' lang='lat' dir='ltr'><strong>Verbum,</strong></span> <span class='ocrx_word' id='word_1_385' title='bbox 2523 2451 2670 2522; x_wconf 92' lang='lat' dir='ltr'><strong>quod</strong></span> <span class='ocrx_word' id='word_1_386' title='bbox 2719 2452 2903 2507; x_wconf 89' lang='lat' dir='ltr'><strong>omnia</strong></span> <span class='ocrx_word' id='word_1_387' title='bbox 2950 2453 3178 2520; x_wconf 86' lang='lat' dir='ltr'><strong>creavit,</strong></span> <span class='ocrx_word' id='word_1_388' title='bbox 3207 2451 3352 2508; x_wconf 82' lang='lat' dir='ltr'><strong>ﬁlius</strong></span> <span class='ocrx_word' id='word_1_389' title='bbox 3381 2452 3479 2507; x_wconf 89' lang='lat' dir='ltr'><strong>ho-</strong></span> 
     </span>
    </p>
   </div>
   <div class='ocr_carea' id='block_1_54' title="bbox 1907 2543 3478 2614">
    <p class='ocr_par' dir='ltr' id='par_1_54' title="bbox 1907 2543 3478 2614">
     <span class='ocr_line' id='line_1_54' title="bbox 1907 2543 3478 2614; baseline 0 -16"><span class='ocrx_word' id='word_1_390' title='bbox 1907 2543 2071 2599; x_wconf 88' lang='lat' dir='ltr'><strong>minis</strong></span> <span class='ocrx_word' id='word_1_391' title='bbox 2115 2544 2382 2614; x_wconf 88' lang='lat' dir='ltr'><strong>apparuit,</strong></span> <span class='ocrx_word' id='word_1_392' title='bbox 2407 2558 2516 2598; x_wconf 92' lang='lat' dir='ltr'><strong>non</strong></span> <span class='ocrx_word' id='word_1_393' title='bbox 2564 2543 2810 2611; x_wconf 87' lang='lat' dir='ltr'><strong>alienus,</strong></span> <span class='ocrx_word' id='word_1_394' title='bbox 2861 2543 2953 2599; x_wconf 89' lang='lat' dir='ltr'><strong>sed</strong></span> <span class='ocrx_word' id='word_1_395' title='bbox 2981 2543 3255 2599; x_wconf 91' lang='lat' dir='ltr'><strong>secundus</strong></span> <span class='ocrx_word' id='word_1_396' title='bbox 3303 2543 3478 2599; x_wconf 76' lang='lat' dir='ltr'><strong>factus</strong></span> 
     </span>
    </p>
   </div>
   <div class='ocr_carea' id='block_1_55' title="bbox 1905 2634 3474 2704">
    <p class='ocr_par' dir='ltr' id='par_1_55' title="bbox 1905 2634 3474 2704">
     <span class='ocr_line' id='line_1_55' title="bbox 1905 2634 3474 2704; baseline 0.001 -16"><span class='ocrx_word' id='word_1_397' title='bbox 1905 2634 2120 2701; x_wconf 80' lang='lat' dir='ltr'><strong>Adam;</strong></span> <span class='ocrx_word' id='word_1_398' title='bbox 2151 2642 2210 2688; x_wconf 90' lang='lat' dir='ltr'><strong>ut</strong></span> <span class='ocrx_word' id='word_1_399' title='bbox 2237 2649 2306 2689; x_wconf 77' lang='grc' dir='ltr'>ει</span> <span class='ocrx_word' id='word_1_400' title='bbox 2347 2635 2467 2703; x_wconf 88' lang='lat' dir='ltr'><strong>ipso</strong></span> <span class='ocrx_word' id='word_1_401' title='bbox 2515 2634 2739 2689; x_wconf 90' lang='lat' dir='ltr'><strong>nomine</strong></span> <span class='ocrx_word' id='word_1_402' title='bbox 2783 2649 3145 2704; x_wconf 82' lang='lat' dir='ltr'><strong>agnoscamus</strong></span> <span class='ocrx_word' id='word_1_403' title='bbox 3178 2635 3474 2690; x_wconf 81' lang='lat' dir='ltr'><strong>veritatem.</strong></span> 
     </span>
    </p>
   </div>
   <div class='ocr_carea' id='block_1_56' title="bbox 1907 2725 3479 2797">
    <p class='ocr_par' dir='ltr' id='par_1_56' title="bbox 1907 2725 3479 2797">
     <span class='ocr_line' id='line_1_56' title="bbox 1907 2725 3479 2797; baseline 0.001 -16"><span class='ocrx_word' id='word_1_404' title='bbox 1907 2727 2196 2796; x_wconf 86' lang='lat' dir='ltr'><strong>ipsumque</strong></span> <span class='ocrx_word' id='word_1_405' title='bbox 2252 2725 2488 2796; x_wconf 86' lang='lat' dir='ltr'><strong>priorem</strong></span> <span class='ocrx_word' id='word_1_406' title='bbox 2541 2740 2663 2781; x_wconf 89' lang='lat' dir='ltr'><strong>esse</strong></span> <span class='ocrx_word' id='word_1_407' title='bbox 2729 2727 3121 2796; x_wconf 83' lang='lat' dir='ltr'><strong>protOplastum</strong></span> <span class='ocrx_word' id='word_1_408' title='bbox 3185 2727 3479 2797; x_wconf 82' lang='lat' dir='ltr'><strong>Apostolus</strong></span> 
     </span>
    </p>
   </div>
   <div class='ocr_carea' id='block_1_57' title="bbox 1907 2817 3479 2888">
    <p class='ocr_par' dir='ltr' id='par_1_57' title="bbox 1907 2817 3479 2888">
     <span class='ocr_line' id='line_1_57' title="bbox 1907 2817 3479 2888; baseline 0.001 -16"><span class='ocrx_word' id='word_1_409' title='bbox 1907 2817 2164 2884; x_wconf 81' lang='lat' dir='ltr'><strong>ostendit,</strong></span> <span class='ocrx_word' id='word_1_410' title='bbox 2183 2817 2274 2872; x_wconf 90' lang='lat' dir='ltr'><strong>ubi</strong></span> <span class='ocrx_word' id='word_1_411' title='bbox 2301 2817 2536 2887; x_wconf 91' lang='lat' dir='ltr'><strong>primum</strong></span> <span class='ocrx_word' id='word_1_412' title='bbox 2570 2817 2806 2872; x_wconf 89' lang='lat' dir='ltr'><strong>animale</strong></span> <span class='ocrx_word' id='word_1_413' title='bbox 2831 2826 3116 2880; x_wconf 86' lang='lat' dir='ltr'><strong>memorat,</strong></span> <span class='ocrx_word' id='word_1_414' title='bbox 3145 2817 3343 2874; x_wconf 89' lang='lat' dir='ltr'><strong>dehinc</strong></span> <span class='ocrx_word' id='word_1_415' title='bbox 3368 2819 3479 2888; x_wconf 86' lang='lat' dir='ltr'><strong>spi-</strong></span> 
     </span>
    </p>
   </div>
   <div class='ocr_carea' id='block_1_58' title="bbox 231 2907 1813 2983">
    <p class='ocr_par' dir='ltr' id='par_1_58' title="bbox 231 2907 1808 2983">
     <span class='ocr_line' id='line_1_58' title="bbox 231 2907 1808 2983; baseline 0.004 -23"><span class='ocrx_word' id='word_1_416' title='bbox 231 2907 427 2962; x_wconf 77' lang='grc' dir='ltr'>ἕπειτα</span> <span class='ocrx_word' id='word_1_417' title='bbox 453 2908 513 2960; x_wconf 83' lang='grc' dir='ltr'><strong>τὸ</strong></span> <span class='ocrx_word' id='word_1_418' title='bbox 541 2909 930 2980; x_wconf 88' lang='grc' dir='ltr'>πνευματικόν.</span> <span class='ocrx_word' id='word_1_419' title='bbox 956 2909 1201 2980; x_wconf 81' lang='grc' dir='ltr'>Ψυχικόν</span> <span class='ocrx_word' id='word_1_420' title='bbox 1232 2910 1288 2963; x_wconf 86' lang='grc' dir='ltr'>δὲ</span> <span class='ocrx_word' id='word_1_421' title='bbox 1312 2911 1407 2964; x_wconf 75' lang='grc' dir='ltr'>καὶ</span> <span class='ocrx_word' id='word_1_422' title='bbox 1437 2913 1808 2983; x_wconf 78' lang='grc' dir='ltr'>πνευματικὸν</span> 
     </span>
    </p>
   </div>
   <div class='ocr_carea' id='block_1_59' title="bbox 1912 2907 3478 2983">
    <p class='ocr_par' dir='ltr' id='par_1_59' title="bbox 1912 2909 3478 2981">
     <span class='ocr_line' id='line_1_59' title="bbox 1912 2909 3478 2981; baseline 0.001 -16"><span class='ocrx_word' id='word_1_423' title='bbox 1912 2910 2124 2966; x_wconf 89' lang='lat' dir='ltr'><strong>rituale.</strong></span> <span class='ocrx_word' id='word_1_424' title='bbox 2181 2909 2318 2966; x_wconf 90' lang='lat' dir='ltr'><strong>Cum</strong></span> <span class='ocrx_word' id='word_1_425' title='bbox 2364 2919 2546 2966; x_wconf 89' lang='lat' dir='ltr'><strong>autem</strong></span> <span class='ocrx_word' id='word_1_426' title='bbox 2609 2911 2846 2965; x_wconf 87' lang='lat' dir='ltr'><strong>animale</strong></span> <span class='ocrx_word' id='word_1_427' title='bbox 2885 2922 2939 2966; x_wconf 84' lang='lat' dir='ltr'><strong>et</strong></span> <span class='ocrx_word' id='word_1_428' title='bbox 2991 2911 3272 2981; x_wconf 84' lang='lat' dir='ltr'><strong>spirituale</strong></span> <span class='ocrx_word' id='word_1_429' title='bbox 3328 2913 3478 2976; x_wconf 84' lang='lat' dir='ltr'><strong>dicit,</strong></span> 
     </span>
    </p>
   </div>
   <div class='ocr_carea' id='block_1_60' title="bbox 231 2999 1813 3074">
    <p class='ocr_par' dir='ltr' id='par_1_60' title="bbox 231 2999 1806 3074">
     <span class='ocr_line' id='line_1_60' title="bbox 231 2999 1806 3074; baseline 0.004 -22"><span class='ocrx_word' id='word_1_430' title='bbox 231 3000 429 3068; x_wconf 73' lang='grc' dir='ltr'>λέγων,</span> <span class='ocrx_word' id='word_1_431' title='bbox 460 2999 558 3070; x_wconf 80' lang='grc' dir='ltr'><strong>οὐχ</strong></span> <span class='ocrx_word' id='word_1_432' title='bbox 584 2999 771 3072; x_wconf 74' lang='grc' dir='ltr'>ἕτερον</span> <span class='ocrx_word' id='word_1_433' title='bbox 802 3001 898 3054; x_wconf 73' lang='grc' dir='ltr'><strong>καὶ</strong></span> <span class='ocrx_word' id='word_1_434' title='bbox 930 2999 1116 3074; x_wconf 78' lang='grc' dir='ltr'>ἕτερον</span> <span class='ocrx_word' id='word_1_435' title='bbox 1155 3001 1394 3055; x_wconf 80' lang='grc' dir='ltr'>δείκνυσι</span> <span class='ocrx_word' id='word_1_436' title='bbox 1445 3001 1621 3074; x_wconf 86' lang='grc' dir='ltr'>σῶμα,</span> <span class='ocrx_word' id='word_1_437' title='bbox 1671 3003 1806 3060; x_wconf 81' lang='grc' dir='ltr'><strong>ἀλλά</strong></span> 
     </span>
    </p>
   </div>
   <div class='ocr_carea' id='block_1_61' title="bbox 1912 2999 3478 3074">
    <p class='ocr_par' dir='ltr' id='par_1_61' title="bbox 1912 3001 3478 3072">
     <span class='ocr_line' id='line_1_61' title="bbox 1912 3001 3478 3072; baseline -0.001 -14"><span class='ocrx_word' id='word_1_438' title='bbox 1912 3019 2018 3058; x_wconf 92' lang='lat' dir='ltr'><strong>non</strong></span> <span class='ocrx_word' id='word_1_439' title='bbox 2065 3004 2295 3058; x_wconf 88' lang='lat' dir='ltr'><strong>alterum</strong></span> <span class='ocrx_word' id='word_1_440' title='bbox 2330 3011 2383 3058; x_wconf 87' lang='lat' dir='ltr'><strong>et</strong></span> <span class='ocrx_word' id='word_1_441' title='bbox 2422 3001 2654 3056; x_wconf 89' lang='lat' dir='ltr'><strong>alterum</strong></span> <span class='ocrx_word' id='word_1_442' title='bbox 2686 3016 2886 3072; x_wconf 85' lang='lat' dir='ltr'><strong>corpus</strong></span> <span class='ocrx_word' id='word_1_443' title='bbox 2926 3002 3184 3067; x_wconf 88' lang='lat' dir='ltr'><strong>ostendit,</strong></span> <span class='ocrx_word' id='word_1_444' title='bbox 3214 3003 3307 3058; x_wconf 89' lang='lat' dir='ltr'><strong>sed</strong></span> <span class='ocrx_word' id='word_1_445' title='bbox 3336 3003 3478 3057; x_wconf 87' lang='lat' dir='ltr'><strong>idem</strong></span> 
     </span>
    </p>
   </div>
   <div class='ocr_carea' id='block_1_62' title="bbox 229 3090 1813 3172">
    <p class='ocr_par' dir='ltr' id='par_1_62' title="bbox 229 3090 1807 3166">
     <span class='ocr_line' id='line_1_62' title="bbox 229 3090 1807 3166; baseline 0.003 -22"><span class='ocrx_word' id='word_1_446' title='bbox 229 3093 295 3144; x_wconf 67' lang='grc' dir='ltr'><strong>τὸ</strong></span> <span class='ocrx_word' id='word_1_447' title='bbox 323 3090 453 3144; x_wconf 80' lang='grc' dir='ltr'>αὐτὸ</span> <span class='ocrx_word' id='word_1_448' title='bbox 486 3091 643 3162; x_wconf 80' lang='grc' dir='ltr'>σῶμα</span> <span class='ocrx_word' id='word_1_449' title='bbox 668 3107 682 3120; x_wconf 87' lang='grc'><strong>·</strong></span> <span class='ocrx_word' id='word_1_450' title='bbox 721 3091 782 3143; x_wconf 81' lang='grc' dir='ltr'>τὸ</span> <span class='ocrx_word' id='word_1_451' title='bbox 833 3091 930 3160; x_wconf 85' lang='grc' dir='ltr'><strong>μὲν</strong></span> <span class='ocrx_word' id='word_1_452' title='bbox 971 3091 1186 3163; x_wconf 83' lang='grc' dir='ltr'>πρῶτον</span> <span class='ocrx_word' id='word_1_453' title='bbox 1231 3095 1286 3146; x_wconf 88' lang='grc' dir='ltr'><strong>ἐν</strong></span> <span class='ocrx_word' id='word_1_454' title='bbox 1314 3093 1424 3165; x_wconf 83' lang='grc'><strong>(87)</strong></span> <span class='ocrx_word' id='word_1_455' title='bbox 1455 3095 1670 3166; x_wconf 74' lang='grc' dir='ltr'>ἐξουσίᾳ</span> <span class='ocrx_word' id='word_1_456' title='bbox 1713 3096 1807 3150; x_wconf 72' lang='grc' dir='ltr'><strong>καὶ</strong></span> 
     </span>
    </p>
   </div>
   <div class='ocr_carea' id='block_1_63' title="bbox 1912 3090 3480 3172">
    <p class='ocr_par' dir='ltr' id='par_1_63' title="bbox 1912 3093 3480 3166">
     <span class='ocr_line' id='line_1_63' title="bbox 1912 3093 3480 3166; baseline -0.001 -15"><span class='ocrx_word' id='word_1_457' title='bbox 1912 3097 2089 3166; x_wconf 89' lang='lat' dir='ltr'><strong>ipsum</strong></span> <span class='ocrx_word' id='word_1_458' title='bbox 2115 3111 2353 3166; x_wconf 90' lang='lat' dir='ltr'><strong>corpus:</strong></span> <span class='ocrx_word' id='word_1_459' title='bbox 2381 3093 2620 3166; x_wconf 88' lang='lat' dir='ltr'><strong>primum</strong></span> <span class='ocrx_word' id='word_1_460' title='bbox 2655 3094 2875 3162; x_wconf 83' lang='lat' dir='ltr'><strong>quidem</strong></span> <span class='ocrx_word' id='word_1_461' title='bbox 2921 3093 2974 3147; x_wconf 89' lang='lat' dir='ltr'><strong>in</strong></span> <span class='ocrx_word' id='word_1_462' title='bbox 3013 3095 3253 3163; x_wconf 89' lang='lat' dir='ltr'><strong>potentia</strong></span> <span class='ocrx_word' id='word_1_463' title='bbox 3282 3104 3337 3149; x_wconf 91' lang='lat' dir='ltr'><strong>et</strong></span> <span class='ocrx_word' id='word_1_464' title='bbox 3379 3111 3480 3149; x_wconf 89' lang='lat' dir='ltr'><strong>na-</strong></span> 
     </span>
    </p>
   </div>
   <div class='ocr_carea' id='block_1_64' title="bbox 233 3181 1806 3258">
    <p class='ocr_par' dir='ltr' id='par_1_64' title="bbox 233 3181 1806 3258">
     <span class='ocr_line' id='line_1_64' title="bbox 233 3181 1806 3258; baseline 0.001 -22"><span class='ocrx_word' id='word_1_465' title='bbox 233 3183 398 3254; x_wconf 73' lang='grc' dir='ltr'>φύσει</span> <span class='ocrx_word' id='word_1_466' title='bbox 431 3183 632 3253; x_wconf 80' lang='grc' dir='ltr'>ψυχῆς,</span> <span class='ocrx_word' id='word_1_467' title='bbox 661 3181 741 3234; x_wconf 84' lang='grc' dir='ltr'><strong>διὸ</strong></span> <span class='ocrx_word' id='word_1_468' title='bbox 765 3181 996 3252; x_wconf 81' lang='grc' dir='ltr'>ψυχικόν</span> <span class='ocrx_word' id='word_1_469' title='bbox 1015 3200 1027 3212; x_wconf 90' lang='grc'><strong>·</strong></span> <span class='ocrx_word' id='word_1_470' title='bbox 1060 3182 1121 3236; x_wconf 82' lang='grc' dir='ltr'><strong>τὸ</strong></span> <span class='ocrx_word' id='word_1_471' title='bbox 1139 3182 1196 3236; x_wconf 86' lang='grc' dir='ltr'>δὲ</span> <span class='ocrx_word' id='word_1_472' title='bbox 1215 3183 1464 3255; x_wconf 87' lang='grc' dir='ltr'>δεύτερον</span> <span class='ocrx_word' id='word_1_473' title='bbox 1501 3187 1557 3239; x_wconf 91' lang='grc' dir='ltr'><strong>ἐν</strong></span> <span class='ocrx_word' id='word_1_474' title='bbox 1587 3185 1806 3258; x_wconf 75' lang='grc' dir='ltr'>ἐξουσίᾳ</span> 
     </span>
    </p>
   </div>
   <div class='ocr_carea' id='block_1_65' title="bbox 233 3269 1808 3344">
    <p class='ocr_par' dir='ltr' id='par_1_65' title="bbox 233 3269 1808 3344">
     <span class='ocr_line' id='line_1_65' title="bbox 233 3269 1808 3344; baseline 0.003 -19"><span class='ocrx_word' id='word_1_475' title='bbox 233 3274 329 3326; x_wconf 77' lang='grc' dir='ltr'>καὶ</span> <span class='ocrx_word' id='word_1_476' title='bbox 359 3271 520 3340; x_wconf 76' lang='grc' dir='ltr'>φύσει</span> <span class='ocrx_word' id='word_1_477' title='bbox 546 3269 884 3342; x_wconf 80' lang='grc' dir='ltr'>Πνεύματος,</span> <span class='ocrx_word' id='word_1_478' title='bbox 916 3271 996 3324; x_wconf 83' lang='grc' dir='ltr'><strong>διὸ</strong></span> <span class='ocrx_word' id='word_1_479' title='bbox 1018 3274 1411 3342; x_wconf 84' lang='grc' dir='ltr'>πνευματικόν·</span> <span class='ocrx_word' id='word_1_480' title='bbox 1431 3275 1670 3344; x_wconf 77' lang='grc' dir='ltr'>Πνεῦμα</span> <span class='ocrx_word' id='word_1_481' title='bbox 1697 3275 1808 3344; x_wconf 77' lang='grc' dir='ltr'><strong>γὰρ</strong></span> 
     </span>
    </p>
   </div>
   <div class='ocr_carea' id='block_1_66' title="bbox 231 3363 1809 3437">
    <p class='ocr_par' dir='ltr' id='par_1_66' title="bbox 231 3363 1809 3437">
     <span class='ocr_line' id='line_1_66' title="bbox 231 3363 1809 3437; baseline -0.001 -17"><span class='ocrx_word' id='word_1_482' title='bbox 231 3367 268 3420; x_wconf 79' lang='grc' dir='ltr'><em>ό</em></span> <span class='ocrx_word' id='word_1_483' title='bbox 292 3365 435 3430; x_wconf 82' lang='grc' dir='ltr'><strong>Θεὸς</strong></span> <span class='ocrx_word' id='word_1_484' title='bbox 455 3365 673 3433; x_wconf 73' lang='grc' dir='ltr'><strong>Λόγος·</strong></span> <span class='ocrx_word' id='word_1_485' title='bbox 705 3363 846 3416; x_wconf 80' lang='grc' dir='ltr'>οὕτω</span> <span class='ocrx_word' id='word_1_486' title='bbox 877 3365 985 3436; x_wconf 82' lang='grc' dir='ltr'>γὰρ</span> <span class='ocrx_word' id='word_1_487' title='bbox 1018 3365 1110 3418; x_wconf 74' lang='grc' dir='ltr'><strong>καὶ</strong></span> <span class='ocrx_word' id='word_1_488' title='bbox 1153 3365 1216 3418; x_wconf 79' lang='grc' dir='ltr'>τὸ</span> <span class='ocrx_word' id='word_1_489' title='bbox 1239 3365 1322 3433; x_wconf 80' lang='grc' dir='ltr'><strong>ἐφ’</strong></span> <span class='ocrx_word' id='word_1_490' title='bbox 1361 3367 1488 3436; x_wconf 77' lang='grc' dir='ltr'>ἡμῖν</span> <span class='ocrx_word' id='word_1_491' title='bbox 1521 3367 1809 3437; x_wconf 77' lang='grc' dir='ltr'>εἰρημένον</span> 
     </span>
    </p>
   </div>
   <div class='ocr_carea' id='block_1_67' title="bbox 233 3453 1809 3526">
    <p class='ocr_par' dir='ltr' id='par_1_67' title="bbox 233 3453 1809 3526">
     <span class='ocr_line' id='line_1_67' title="bbox 233 3453 1809 3526; baseline 0.001 -18"><span class='ocrx_word' id='word_1_492' title='bbox 233 3455 354 3508; x_wconf 81' lang='grc' dir='ltr'>ἔστι</span> <span class='ocrx_word' id='word_1_493' title='bbox 405 3455 652 3516; x_wconf 85' lang='grc' dir='ltr'>συνιδεῖν,</span> <span class='ocrx_word' id='word_1_494' title='bbox 701 3457 758 3508; x_wconf 86' lang='grc' dir='ltr'><strong>ἐν</strong></span> <span class='ocrx_word' id='word_1_495' title='bbox 803 3453 881 3526; x_wconf 79' lang='grc' dir='ltr'>τῷ</span> <span class='ocrx_word' id='word_1_496' title='bbox 910 3455 1089 3524; x_wconf 85' lang='grc' dir='ltr'>λέγειν</span> <span class='ocrx_word' id='word_1_497' title='bbox 1129 3472 1142 3485; x_wconf 90' lang='grc'>·</span> <span class='ocrx_word' id='word_1_498' title='bbox 1203 3456 1266 3508; x_wconf 91' lang='lat'><strong>&#39;0</strong></span> <span class='ocrx_word' id='word_1_499' title='bbox 1317 3455 1385 3508; x_wconf 80' lang='grc' dir='ltr'>δὲ</span> <span class='ocrx_word' id='word_1_500' title='bbox 1412 3455 1809 3525; x_wconf 79' lang='grc' dir='ltr'>πνευματικὸς</span> 
     </span>
    </p>
   </div>
   <div class='ocr_carea' id='block_1_68' title="bbox 232 3546 1810 3618">
    <p class='ocr_par' dir='ltr' id='par_1_68' title="bbox 232 3546 1810 3618">
     <span class='ocr_line' id='line_1_68' title="bbox 232 3546 1810 3618; baseline 0.001 -18"><span class='ocrx_word' id='word_1_501' title='bbox 232 3549 540 3617; x_wconf 78' lang='grc' dir='ltr'>ἀνακρίνει</span> <span class='ocrx_word' id='word_1_502' title='bbox 579 3547 654 3601; x_wconf 83' lang='grc' dir='ltr'>τὰ</span> <span class='ocrx_word' id='word_1_503' title='bbox 694 3547 804 3618; x_wconf 91' lang='lat'><strong>(88)</strong></span> <span class='ocrx_word' id='word_1_504' title='bbox 852 3546 1080 3601; x_wconf 56' lang='grc' dir='ltr'>πάν-ταν</span> <span class='ocrx_word' id='word_1_505' title='bbox 1120 3547 1380 3618; x_wconf 69' lang='grc' dir='ltr'><strong>ψυχικὸς</strong></span> <span class='ocrx_word' id='word_1_506' title='bbox 1408 3547 1476 3601; x_wconf 79' lang='grc' dir='ltr'>δὲ</span> <span class='ocrx_word' id='word_1_507' title='bbox 1505 3547 1810 3618; x_wconf 81' lang='grc' dir='ltr'>ἄνθρωπος</span> 
     </span>
    </p>
   </div>
   <div class='ocr_carea' id='block_1_69' title="bbox 233 3638 1810 3709">
    <p class='ocr_par' dir='ltr' id='par_1_69' title="bbox 233 3638 1810 3709">
     <span class='ocr_line' id='line_1_69' title="bbox 233 3638 1810 3709; baseline -0.001 -14"><span class='ocrx_word' id='word_1_508' title='bbox 233 3642 309 3695; x_wconf 80' lang='grc' dir='ltr'>οὐ</span> <span class='ocrx_word' id='word_1_509' title='bbox 343 3639 576 3709; x_wconf 81' lang='grc' dir='ltr'>δέχεται</span> <span class='ocrx_word' id='word_1_510' title='bbox 610 3638 684 3692; x_wconf 83' lang='grc' dir='ltr'>τὰ</span> <span class='ocrx_word' id='word_1_511' title='bbox 711 3639 818 3694; x_wconf 87' lang='grc' dir='ltr'>τοῦ</span> <span class='ocrx_word' id='word_1_512' title='bbox 866 3641 1228 3708; x_wconf 81' lang='grc' dir='ltr'>Πνεύματος.</span> <span class='ocrx_word' id='word_1_513' title='bbox 1268 3639 1461 3693; x_wconf 86' lang='grc' dir='ltr'>Καίτοι</span> <span class='ocrx_word' id='word_1_514' title='bbox 1497 3639 1615 3704; x_wconf 87' lang='grc' dir='ltr'>ἐνὸς</span> <span class='ocrx_word' id='word_1_515' title='bbox 1659 3639 1810 3702; x_wconf 78' lang='grc' dir='ltr'>δντος</span> 
     </span>
    </p>
   </div>
   <div class='ocr_carea' id='block_1_70' title="bbox 235 3729 1811 3802">
    <p class='ocr_par' dir='ltr' id='par_1_70' title="bbox 235 3729 1811 3802">
     <span class='ocr_line' id='line_1_70' title="bbox 235 3729 1811 3802; baseline 0 -18"><span class='ocrx_word' id='word_1_516' title='bbox 235 3731 521 3802; x_wconf 79' lang='grc' dir='ltr'>ἑκατέρων</span> <span class='ocrx_word' id='word_1_517' title='bbox 552 3730 646 3784; x_wconf 80' lang='grc' dir='ltr'>τοῦ</span> <span class='ocrx_word' id='word_1_518' title='bbox 674 3729 942 3802; x_wconf 80' lang='grc' dir='ltr'>σώματος,</span> <span class='ocrx_word' id='word_1_519' title='bbox 977 3733 1036 3784; x_wconf 81' lang='grc' dir='ltr'><strong>τὸ</strong></span> <span class='ocrx_word' id='word_1_520' title='bbox 1070 3731 1166 3802; x_wconf 80' lang='grc' dir='ltr'>μὲν</span> <span class='ocrx_word' id='word_1_521' title='bbox 1211 3731 1304 3784; x_wconf 79' lang='grc' dir='ltr'><strong>τοῦ</strong></span> <span class='ocrx_word' id='word_1_522' title='bbox 1339 3730 1650 3802; x_wconf 82' lang='grc' dir='ltr'>Πνεύματος</span> <span class='ocrx_word' id='word_1_523' title='bbox 1685 3731 1811 3802; x_wconf 82' lang='grc' dir='ltr'>μέτ-</span> 
     </span>
    </p>
   </div>
   <div class='ocr_carea' id='block_1_71' title="bbox 233 3823 1810 3896">
    <p class='ocr_par' dir='ltr' id='par_1_71' title="bbox 233 3823 1810 3896">
     <span class='ocr_line' id='line_1_71' title="bbox 233 3823 1810 3896; baseline -0.001 -19"><span class='ocrx_word' id='word_1_524' title='bbox 233 3841 361 3895; x_wconf 80' lang='grc' dir='ltr'>οχον</span> <span class='ocrx_word' id='word_1_525' title='bbox 405 3823 638 3878; x_wconf 81' lang='grc' dir='ltr'>νοεῖσθαι</span> <span class='ocrx_word' id='word_1_526' title='bbox 683 3825 1052 3896; x_wconf 84' lang='grc' dir='ltr'>πνευματικὸν</span> <span class='ocrx_word' id='word_1_527' title='bbox 1087 3823 1346 3890; x_wconf 83' lang='grc' dir='ltr'>δείκνυσι,</span> <span class='ocrx_word' id='word_1_528' title='bbox 1377 3824 1467 3878; x_wconf 82' lang='grc' dir='ltr'><strong>τὸν</strong></span> <span class='ocrx_word' id='word_1_529' title='bbox 1489 3823 1545 3877; x_wconf 84' lang='grc' dir='ltr'>δὲ</span> <span class='ocrx_word' id='word_1_530' title='bbox 1569 3827 1634 3895; x_wconf 81' lang='grc' dir='ltr'>τῇ</span> <span class='ocrx_word' id='word_1_531' title='bbox 1662 3824 1810 3888; x_wconf 79' lang='grc' dir='ltr'>ἐξου-</span> 
     </span>
    </p>
   </div>
   <div class='ocr_carea' id='block_1_72' title="bbox 236 3913 1812 3988">
    <p class='ocr_par' dir='ltr' id='par_1_72' title="bbox 236 3913 1812 3988">
     <span class='ocr_line' id='line_1_72' title="bbox 236 3913 1812 3988; baseline 0.003 -22"><span class='ocrx_word' id='word_1_532' title='bbox 236 3915 332 3986; x_wconf 66' lang='grc' dir='ltr'>σίᾳ.</span> <span class='ocrx_word' id='word_1_533' title='bbox 359 3917 458 3984; x_wconf 84' lang='grc' dir='ltr'><strong>τῆς</strong></span> <span class='ocrx_word' id='word_1_534' title='bbox 483 3913 656 3986; x_wconf 72' lang='grc' dir='ltr'>ψυχῆς</span> <span class='ocrx_word' id='word_1_535' title='bbox 695 3916 830 3988; x_wconf 76' lang='grc' dir='ltr'>μόνῃ</span> <span class='ocrx_word' id='word_1_536' title='bbox 861 3915 1196 3987; x_wconf 87' lang='grc' dir='ltr'>ἐμμείναντα</span> <span class='ocrx_word' id='word_1_537' title='bbox 1230 3916 1339 3986; x_wconf 86' lang='grc'>(39)</span> <span class='ocrx_word' id='word_1_538' title='bbox 1363 3915 1672 3969; x_wconf 85' lang='grc' dir='ltr'>δείκνυσθαι</span> <span class='ocrx_word' id='word_1_539' title='bbox 1711 3915 1812 3984; x_wconf 78' lang='grc' dir='ltr'><strong>ψυ-</strong></span> 
     </span>
    </p>
   </div>
   <div class='ocr_carea' id='block_1_73' title="bbox 231 4006 1816 4082">
    <p class='ocr_par' dir='ltr' id='par_1_73' title="bbox 231 4006 1816 4082">
     <span class='ocr_line' id='line_1_73' title="bbox 231 4006 1816 4082; baseline 0 -22"><span class='ocrx_word' id='word_1_540' title='bbox 231 4006 408 4082; x_wconf 83' lang='grc' dir='ltr'>χικόν.</span> <span class='ocrx_word' id='word_1_541' title='bbox 430 4007 527 4060; x_wconf 85' lang='grc' dir='ltr'>Διά</span> <span class='ocrx_word' id='word_1_542' title='bbox 546 4007 598 4059; x_wconf 89' lang='grc' dir='ltr'><strong>τί</strong></span> <span class='ocrx_word' id='word_1_543' title='bbox 623 4007 678 4060; x_wconf 78' lang='grc' dir='ltr'><strong>δὲ</strong></span> <span class='ocrx_word' id='word_1_544' title='bbox 699 4007 853 4072; x_wconf 81' lang='grc' dir='ltr'>ὅλως,</span> <span class='ocrx_word' id='word_1_545' title='bbox 880 4011 927 4060; x_wconf 77' lang='grc' dir='ltr'>εἰ</span> <span class='ocrx_word' id='word_1_546' title='bbox 952 4007 1071 4060; x_wconf 80' lang='grc' dir='ltr'>καθ’</span> <span class='ocrx_word' id='word_1_547' title='bbox 1097 4009 1238 4079; x_wconf 82' lang='grc' dir='ltr'>ὑμᾶς</span> <span class='ocrx_word' id='word_1_548' title='bbox 1266 4008 1432 4072; x_wconf 79' lang='grc' dir='ltr'>ἐστιν,</span> <span class='ocrx_word' id='word_1_549' title='bbox 1465 4009 1584 4078; x_wconf 71' lang='grc' dir='ltr'>οὐχὶ</span> <span class='ocrx_word' id='word_1_550' title='bbox 1605 4006 1816 4079; x_wconf 80' lang='grc' dir='ltr'>ἀνθρω-</span> 
     </span>
    </p>
   </div>
   <div class='ocr_carea' id='block_1_74' title="bbox 233 4098 1814 4171">
    <p class='ocr_par' dir='ltr' id='par_1_74' title="bbox 233 4098 1814 4171">
     <span class='ocr_line' id='line_1_74' title="bbox 233 4098 1814 4171; baseline 0.001 -19"><span class='ocrx_word' id='word_1_551' title='bbox 233 4117 338 4162; x_wconf 82' lang='grc' dir='ltr'>πος</span> <span class='ocrx_word' id='word_1_552' title='bbox 369 4098 526 4170; x_wconf 83' lang='grc' dir='ltr'>μόνον</span> <span class='ocrx_word' id='word_1_553' title='bbox 572 4099 787 4168; x_wconf 78' lang='grc' dir='ltr'>λέγεται</span> <span class='ocrx_word' id='word_1_554' title='bbox 821 4103 848 4153; x_wconf 85' lang='grc' dir='ltr'>ὁ</span> <span class='ocrx_word' id='word_1_555' title='bbox 875 4101 1108 4168; x_wconf 84' lang='grc' dir='ltr'>Χριστὸς</span> <span class='ocrx_word' id='word_1_556' title='bbox 1137 4101 1212 4164; x_wconf 83' lang='grc' dir='ltr'><strong>ὡς</strong></span> <span class='ocrx_word' id='word_1_557' title='bbox 1244 4101 1430 4164; x_wconf 79' lang='grc' dir='ltr'>καινός</span> <span class='ocrx_word' id='word_1_558' title='bbox 1454 4117 1538 4164; x_wconf 85' lang='grc' dir='ltr'>τις</span> <span class='ocrx_word' id='word_1_559' title='bbox 1567 4099 1626 4166; x_wconf 85' lang='grc' dir='ltr'><strong>ἐξ</strong></span> <span class='ocrx_word' id='word_1_560' title='bbox 1658 4100 1814 4171; x_wconf 77' lang='grc' dir='ltr'>οὐρα-</span> 
     </span>
    </p>
   </div>
   <div class='ocr_carea' id='block_1_75' title="bbox 233 4190 1812 4264">
    <p class='ocr_par' dir='ltr' id='par_1_75' title="bbox 233 4190 1812 4264">
     <span class='ocr_line' id='line_1_75' title="bbox 233 4190 1812 4264; baseline 0.001 -20"><span class='ocrx_word' id='word_1_561' title='bbox 233 4191 347 4244; x_wconf 86' lang='grc' dir='ltr'><strong>νῶν</strong></span> <span class='ocrx_word' id='word_1_562' title='bbox 375 4190 743 4261; x_wconf 79' lang='grc' dir='ltr'>ἐπιδημήσας,</span> <span class='ocrx_word' id='word_1_563' title='bbox 779 4191 915 4244; x_wconf 77' lang='grc' dir='ltr'><strong>ἀλλά</strong></span> <span class='ocrx_word' id='word_1_564' title='bbox 944 4191 1059 4254; x_wconf 83' lang='grc' dir='ltr'>υἱὸς</span> <span class='ocrx_word' id='word_1_565' title='bbox 1103 4191 1389 4264; x_wconf 86' lang='grc' dir='ltr'>ἀνθρώπου</span> <span class='ocrx_word' id='word_1_566' title='bbox 1429 4191 1649 4260; x_wconf 83' lang='grc' dir='ltr'>γέγονεν</span> <span class='ocrx_word' id='word_1_567' title='bbox 1683 4209 1700 4258; x_wconf 89' lang='grc'>;</span> <span class='ocrx_word' id='word_1_568' title='bbox 1749 4191 1812 4246; x_wconf 82' lang='grc' dir='ltr'><strong>Εἰ</strong></span> 
     </span>
    </p>
   </div>
   <div class='ocr_carea' id='block_1_76' title="bbox 239 4279 1814 4356">
    <p class='ocr_par' dir='ltr' id='par_1_76' title="bbox 239 4279 1814 4356">
     <span class='ocr_line' id='line_1_76' title="bbox 239 4279 1814 4356; baseline 0 -20"><span class='ocrx_word' id='word_1_569' title='bbox 239 4283 344 4350; x_wconf 85' lang='grc' dir='ltr'>μὲν</span> <span class='ocrx_word' id='word_1_570' title='bbox 371 4279 464 4337; x_wconf 77' lang='grc' dir='ltr'><strong>οὖν</strong></span> <span class='ocrx_word' id='word_1_571' title='bbox 491 4284 582 4335; x_wconf 71' lang='grc' dir='ltr'>ἐπὶ</span> <span class='ocrx_word' id='word_1_572' title='bbox 607 4285 708 4353; x_wconf 85' lang='grc' dir='ltr'><strong>γῆς</strong></span> <span class='ocrx_word' id='word_1_573' title='bbox 729 4283 952 4352; x_wconf 78' lang='grc' dir='ltr'>γέγονεν</span> <span class='ocrx_word' id='word_1_574' title='bbox 986 4283 1102 4347; x_wconf 79' lang='grc' dir='ltr'>υίὸς</span> <span class='ocrx_word' id='word_1_575' title='bbox 1129 4282 1440 4356; x_wconf 80' lang='grc' dir='ltr'>ἀνθρώπου,</span> <span class='ocrx_word' id='word_1_576' title='bbox 1495 4283 1669 4338; x_wconf 87' lang='grc' dir='ltr'>καίτοι</span> <span class='ocrx_word' id='word_1_577' title='bbox 1711 4283 1814 4336; x_wconf 84' lang='grc' dir='ltr'><strong>οὐκ</strong></span> 
     </span>
    </p>
   </div>
   <div class='ocr_carea' id='block_1_77' title="bbox 235 4375 1818 4448">
    <p class='ocr_par' dir='ltr' id='par_1_77' title="bbox 235 4375 1818 4448">
     <span class='ocr_line' id='line_1_77' title="bbox 235 4375 1818 4448; baseline 0 -20"><span class='ocrx_word' id='word_1_578' title='bbox 235 4379 304 4429; x_wconf 85' lang='grc' dir='ltr'><strong>ἐκ</strong></span> <span class='ocrx_word' id='word_1_579' title='bbox 340 4377 650 4447; x_wconf 79' lang='grc' dir='ltr'>σπέρματος</span> <span class='ocrx_word' id='word_1_580' title='bbox 690 4376 904 4448; x_wconf 74' lang='grc' dir='ltr'>ἀνδρὸς,</span> <span class='ocrx_word' id='word_1_581' title='bbox 926 4375 1038 4430; x_wconf 86' lang='grc' dir='ltr'>ἀλλ’</span> <span class='ocrx_word' id='word_1_582' title='bbox 1073 4379 1136 4432; x_wconf 86' lang='grc' dir='ltr'><strong>ἐκ</strong></span> <span class='ocrx_word' id='word_1_583' title='bbox 1173 4376 1490 4448; x_wconf 82' lang='grc' dir='ltr'>Πνεύματος</span> <span class='ocrx_word' id='word_1_584' title='bbox 1513 4377 1625 4446; x_wconf 87' lang='grc'><strong>(90)</strong></span> <span class='ocrx_word' id='word_1_585' title='bbox 1655 4377 1818 4446; x_wconf 70' lang='grc' dir='ltr'>ἁγίου,</span> 
     </span>
    </p>
   </div>
   <div class='ocr_carea' id='block_1_78' title="bbox 1905 3181 3481 3255">
    <p class='ocr_par' dir='ltr' id='par_1_78' title="bbox 1905 3181 3481 3255">
     <span class='ocr_line' id='line_1_78' title="bbox 1905 3181 3481 3255; baseline -0.003 -13"><span class='ocrx_word' id='word_1_586' title='bbox 1905 3181 2027 3242; x_wconf 84' lang='lat' dir='ltr'><strong>tura</strong></span> <span class='ocrx_word' id='word_1_587' title='bbox 2052 3185 2282 3251; x_wconf 69' lang='lat' dir='ltr'><strong>animae,</strong></span> <span class='ocrx_word' id='word_1_588' title='bbox 2318 3194 2372 3240; x_wconf 87' lang='lat' dir='ltr'><strong>et</strong></span> <span class='ocrx_word' id='word_1_589' title='bbox 2401 3193 2686 3255; x_wconf 86' lang='lat' dir='ltr'><strong>propterea</strong></span> <span class='ocrx_word' id='word_1_590' title='bbox 2727 3183 2962 3239; x_wconf 85' lang='lat' dir='ltr'><strong>animale</strong></span> <span class='ocrx_word' id='word_1_591' title='bbox 2984 3202 2997 3238; x_wconf 91' lang='lat'>:</span> <span class='ocrx_word' id='word_1_592' title='bbox 3022 3185 3262 3240; x_wconf 85' lang='lat' dir='ltr'><strong>secundo</strong></span> <span class='ocrx_word' id='word_1_593' title='bbox 3301 3195 3481 3240; x_wconf 87' lang='lat' dir='ltr'><strong>autem</strong></span> 
     </span>
    </p>
   </div>
   <div class='ocr_carea' id='block_1_79' title="bbox 1907 3275 3480 3348">
    <p class='ocr_par' dir='ltr' id='par_1_79' title="bbox 1907 3275 3480 3348">
     <span class='ocr_line' id='line_1_79' title="bbox 1907 3275 3480 3348; baseline -0.003 -15"><span class='ocrx_word' id='word_1_594' title='bbox 1907 3279 1961 3333; x_wconf 88' lang='lat' dir='ltr'><strong>in</strong></span> <span class='ocrx_word' id='word_1_595' title='bbox 2009 3277 2254 3348; x_wconf 87' lang='lat' dir='ltr'><strong>potentia</strong></span> <span class='ocrx_word' id='word_1_596' title='bbox 2289 3289 2343 3332; x_wconf 88' lang='lat' dir='ltr'><strong>et</strong></span> <span class='ocrx_word' id='word_1_597' title='bbox 2384 3285 2579 3332; x_wconf 89' lang='lat' dir='ltr'><strong>natura</strong></span> <span class='ocrx_word' id='word_1_598' title='bbox 2624 3275 2899 3347; x_wconf 89' lang='lat' dir='ltr'><strong>Spiritus,</strong></span> <span class='ocrx_word' id='word_1_599' title='bbox 2932 3277 3136 3332; x_wconf 86' lang='lat' dir='ltr'><strong>idcirco</strong></span> <span class='ocrx_word' id='word_1_600' title='bbox 3181 3277 3480 3347; x_wconf 86' lang='lat' dir='ltr'><strong>spirituale.</strong></span> 
     </span>
    </p>
   </div>
   <div class='ocr_carea' id='block_1_80' title="bbox 1910 3367 3484 3440">
    <p class='ocr_par' dir='ltr' id='par_1_80' title="bbox 1910 3367 3484 3440">
     <span class='ocr_line' id='line_1_80' title="bbox 1910 3367 3484 3440; baseline -0.003 -14"><span class='ocrx_word' id='word_1_601' title='bbox 1910 3367 2143 3440; x_wconf 79' lang='lat' dir='ltr'><strong>Spiritus</strong></span> <span class='ocrx_word' id='word_1_602' title='bbox 2165 3369 2302 3424; x_wconf 86' lang='lat' dir='ltr'><strong>enim</strong></span> <span class='ocrx_word' id='word_1_603' title='bbox 2331 3378 2410 3422; x_wconf 80' lang='lat' dir='ltr'><strong>est</strong></span> <span class='ocrx_word' id='word_1_604' title='bbox 2430 3369 2571 3424; x_wconf 84' lang='lat' dir='ltr'><strong>Deus</strong></span> <span class='ocrx_word' id='word_1_605' title='bbox 2607 3369 2833 3424; x_wconf 84' lang='lat' dir='ltr'><strong>Verbum</strong></span> <span class='ocrx_word' id='word_1_606' title='bbox 2857 3369 2962 3436; x_wconf 75' lang='lat'><strong>“‘;</strong></span> <span class='ocrx_word' id='word_1_607' title='bbox 2995 3368 3064 3423; x_wconf 89' lang='lat' dir='ltr'><strong>ita</strong></span> <span class='ocrx_word' id='word_1_608' title='bbox 3091 3371 3234 3424; x_wconf 90' lang='lat' dir='ltr'><strong>enim</strong></span> <span class='ocrx_word' id='word_1_609' title='bbox 3269 3369 3484 3438; x_wconf 83' lang='lat' dir='ltr'><strong>etquod</strong></span> 
     </span>
    </p>
   </div>
   <div class='ocr_carea' id='block_1_81' title="bbox 1909 3456 3484 3531">
    <p class='ocr_par' dir='ltr' id='par_1_81' title="bbox 1909 3456 3484 3531">
     <span class='ocr_line' id='line_1_81' title="bbox 1909 3456 3484 3531; baseline -0.003 -15"><span class='ocrx_word' id='word_1_610' title='bbox 1909 3461 1976 3516; x_wconf 88' lang='lat' dir='ltr'><strong>dc</strong></span> <span class='ocrx_word' id='word_1_611' title='bbox 2013 3460 2170 3516; x_wconf 84' lang='lat' dir='ltr'><strong>nobis</strong></span> <span class='ocrx_word' id='word_1_612' title='bbox 2215 3459 2434 3526; x_wconf 88' lang='lat' dir='ltr'><strong>dicitur,</strong></span> <span class='ocrx_word' id='word_1_613' title='bbox 2467 3461 2874 3531; x_wconf 82' lang='lat' dir='ltr'><strong>intelligendum</strong></span> <span class='ocrx_word' id='word_1_614' title='bbox 2915 3467 3016 3522; x_wconf 88' lang='lat' dir='ltr'><strong>est,</strong></span> <span class='ocrx_word' id='word_1_615' title='bbox 3049 3475 3170 3513; x_wconf 87' lang='lat' dir='ltr'><strong>cum</strong></span> <span class='ocrx_word' id='word_1_616' title='bbox 3212 3459 3289 3512; x_wconf 85' lang='lat' dir='ltr'><strong>ait</strong></span> <span class='ocrx_word' id='word_1_617' title='bbox 3333 3456 3484 3512; x_wconf 84' lang='lat' dir='ltr'><strong>Scri—</strong></span> 
     </span>
    </p>
   </div>
   <div class='ocr_carea' id='block_1_82' title="bbox 1909 3550 3492 3623">
    <p class='ocr_par' dir='ltr' id='par_1_82' title="bbox 1909 3550 3492 3623">
     <span class='ocr_line' id='line_1_82' title="bbox 1909 3550 3492 3623; baseline -0.003 -16"><span class='ocrx_word' id='word_1_618' title='bbox 1909 3561 2104 3623; x_wconf 87' lang='lat' dir='ltr'><strong>ptura:</strong></span> <span class='ocrx_word' id='word_1_619' title='bbox 2141 3550 2454 3620; x_wconf 81' lang='lat' dir='ltr'><strong>Spiritualis</strong></span> <span class='ocrx_word' id='word_1_620' title='bbox 2495 3551 2707 3622; x_wconf 84' lang='lat' dir='ltr'><strong>judicat</strong></span> <span class='ocrx_word' id='word_1_621' title='bbox 2754 3553 2977 3616; x_wconf 87' lang='lat' dir='ltr'><strong>omnia;</strong></span> <span class='ocrx_word' id='word_1_622' title='bbox 3019 3551 3266 3604; x_wconf 75' lang='lat' dir='ltr'><strong>animalis</strong></span> <span class='ocrx_word' id='word_1_623' title='bbox 3310 3559 3492 3608; x_wconf 78' lang='lat' dir='ltr'><strong>autem.</strong></span> 
     </span>
    </p>
   </div>
   <div class='ocr_carea' id='block_1_83' title="bbox 1909 3641 3482 3714">
    <p class='ocr_par' dir='ltr' id='par_1_83' title="bbox 1909 3641 3482 3714">
     <span class='ocr_line' id='line_1_83' title="bbox 1909 3641 3482 3714; baseline -0.003 -17"><span class='ocrx_word' id='word_1_624' title='bbox 1909 3660 2012 3698; x_wconf 86' lang='lat' dir='ltr'><strong>non</strong></span> <span class='ocrx_word' id='word_1_625' title='bbox 2034 3643 2250 3714; x_wconf 80' lang='lat' dir='ltr'><strong>percipit</strong></span> <span class='ocrx_word' id='word_1_626' title='bbox 2265 3660 2326 3697; x_wconf 90' lang='lat' dir='ltr'><strong>ea</strong></span> <span class='ocrx_word' id='word_1_627' title='bbox 2342 3659 2459 3714; x_wconf 71' lang='lat' dir='ltr'><strong>qua:</strong></span> <span class='ocrx_word' id='word_1_628' title='bbox 2475 3652 2597 3697; x_wconf 86' lang='lat' dir='ltr'><strong>sunt</strong></span> <span class='ocrx_word' id='word_1_629' title='bbox 2623 3643 2860 3713; x_wconf 79' lang='lat' dir='ltr'><strong>Spiritus</strong></span> <span class='ocrx_word' id='word_1_630' title='bbox 2877 3643 2942 3696; x_wconf 69' lang='grc'><strong>⁸⁷.</strong></span> <span class='ocrx_word' id='word_1_631' title='bbox 2959 3641 3281 3708; x_wconf 75' lang='lat' dir='ltr'><strong>Quanquam</strong></span> <span class='ocrx_word' id='word_1_632' title='bbox 3313 3657 3482 3696; x_wconf 91' lang='lat' dir='ltr'><strong>unum</strong></span> 
     </span>
    </p>
   </div>
   <div class='ocr_carea' id='block_1_84' title="bbox 1911 3732 3498 3804">
    <p class='ocr_par' dir='ltr' id='par_1_84' title="bbox 1911 3732 3498 3804">
     <span class='ocr_line' id='line_1_84' title="bbox 1911 3732 3498 3804; baseline -0.004 -15"><span class='ocrx_word' id='word_1_633' title='bbox 1911 3733 1983 3789; x_wconf 90' lang='lat' dir='ltr'><strong>sit</strong></span> <span class='ocrx_word' id='word_1_634' title='bbox 2021 3747 2225 3804; x_wconf 85' lang='lat' dir='ltr'><strong>corpus</strong></span> <span class='ocrx_word' id='word_1_635' title='bbox 2269 3733 2553 3788; x_wconf 88' lang='lat' dir='ltr'><strong>amborum</strong></span> <span class='ocrx_word' id='word_1_636' title='bbox 2602 3733 2771 3802; x_wconf 88' lang='lat' dir='ltr'><strong>quod,</strong></span> <span class='ocrx_word' id='word_1_637' title='bbox 2801 3739 3070 3802; x_wconf 89' lang='lat' dir='ltr'><strong>quatenus</strong></span> <span class='ocrx_word' id='word_1_638' title='bbox 3119 3732 3356 3801; x_wconf 84' lang='lat' dir='ltr'><strong>Spiritus</strong></span> <span class='ocrx_word' id='word_1_639' title='bbox 3402 3741 3498 3786; x_wconf 88' lang='lat' dir='ltr'><strong>est.</strong></span> 
     </span>
    </p>
   </div>
   <div class='ocr_carea' id='block_1_85' title="bbox 1911 3824 3485 3898">
    <p class='ocr_par' dir='ltr' id='par_1_85' title="bbox 1911 3824 3485 3898">
     <span class='ocr_line' id='line_1_85' title="bbox 1911 3824 3485 3898; baseline -0.003 -18"><span class='ocrx_word' id='word_1_640' title='bbox 1911 3827 2206 3898; x_wconf 82' lang='lat' dir='ltr'><strong>particeps,</strong></span> <span class='ocrx_word' id='word_1_641' title='bbox 2239 3825 2522 3895; x_wconf 84' lang='lat' dir='ltr'><strong>spirituale</strong></span> <span class='ocrx_word' id='word_1_642' title='bbox 2554 3824 2780 3896; x_wconf 73' lang='lat' dir='ltr'><strong>intelligi</strong></span> <span class='ocrx_word' id='word_1_643' title='bbox 2807 3824 3066 3888; x_wconf 88' lang='lat' dir='ltr'><strong>ostendit,</strong></span> <span class='ocrx_word' id='word_1_644' title='bbox 3092 3831 3363 3894; x_wconf 85' lang='lat' dir='ltr'><strong>quatenus</strong></span> <span class='ocrx_word' id='word_1_645' title='bbox 3383 3839 3485 3877; x_wconf 90' lang='lat' dir='ltr'><strong>au-</strong></span> 
     </span>
    </p>
   </div>
   <div class='ocr_carea' id='block_1_86' title="bbox 1911 3912 3492 3986">
    <p class='ocr_par' dir='ltr' id='par_1_86' title="bbox 1911 3912 3492 3986">
     <span class='ocr_line' id='line_1_86' title="bbox 1911 3912 3492 3986; baseline -0.005 -13"><span class='ocrx_word' id='word_1_646' title='bbox 1911 3927 2021 3973; x_wconf 89' lang='lat' dir='ltr'><strong>tem</strong></span> <span class='ocrx_word' id='word_1_647' title='bbox 2069 3915 2123 3972; x_wconf 88' lang='lat' dir='ltr'><strong>in</strong></span> <span class='ocrx_word' id='word_1_648' title='bbox 2169 3917 2410 3986; x_wconf 89' lang='lat' dir='ltr'><strong>potentia</strong></span> <span class='ocrx_word' id='word_1_649' title='bbox 2459 3915 2726 3970; x_wconf 88' lang='lat' dir='ltr'><strong>duntaxat</strong></span> <span class='ocrx_word' id='word_1_650' title='bbox 2761 3915 2955 3970; x_wconf 63' lang='lat' dir='ltr'><strong>anima:</strong></span> <span class='ocrx_word' id='word_1_651' title='bbox 2997 3914 3290 3978; x_wconf 90' lang='lat' dir='ltr'><strong>immanet,</strong></span> <span class='ocrx_word' id='word_1_652' title='bbox 3323 3912 3492 3986; x_wconf 60' lang='lat'><strong>751</strong></span> 
     </span>
    </p>
   </div>
   <div class='ocr_carea' id='block_1_87' title="bbox 1913 4005 3485 4072">
    <p class='ocr_par' dir='ltr' id='par_1_87' title="bbox 1913 4005 3485 4072">
     <span class='ocr_line' id='line_1_87' title="bbox 1913 4005 3485 4072; baseline -0.003 -10"><span class='ocrx_word' id='word_1_653' title='bbox 1913 4007 2148 4063; x_wconf 86' lang='lat' dir='ltr'><strong>animale</strong></span> <span class='ocrx_word' id='word_1_654' title='bbox 2173 4009 2303 4062; x_wconf 90' lang='lat' dir='ltr'><strong>illud</strong></span> <span class='ocrx_word' id='word_1_655' title='bbox 2328 4008 2584 4062; x_wconf 89' lang='lat' dir='ltr'><strong>declarat.</strong></span> <span class='ocrx_word' id='word_1_656' title='bbox 2615 4007 2724 4062; x_wconf 86' lang='lat' dir='ltr'><strong>Cur</strong></span> <span class='ocrx_word' id='word_1_657' title='bbox 2757 4016 2960 4072; x_wconf 90' lang='lat' dir='ltr'><strong>autem,</strong></span> <span class='ocrx_word' id='word_1_658' title='bbox 2990 4007 3037 4061; x_wconf 89' lang='lat' dir='ltr'><strong>si</strong></span> <span class='ocrx_word' id='word_1_659' title='bbox 3069 4007 3141 4060; x_wconf 87' lang='lat' dir='ltr'><strong>ita</strong></span> <span class='ocrx_word' id='word_1_660' title='bbox 3167 4021 3224 4060; x_wconf 91' lang='lat' dir='ltr'><strong>se</strong></span> <span class='ocrx_word' id='word_1_661' title='bbox 3257 4021 3347 4060; x_wconf 90' lang='lat' dir='ltr'><strong>res</strong></span> <span class='ocrx_word' id='word_1_662' title='bbox 3383 4005 3485 4059; x_wconf 86' lang='lat' dir='ltr'><strong>ha-</strong></span> 
     </span>
    </p>
   </div>
   <div class='ocr_carea' id='block_1_88' title="bbox 1910 4097 3484 4165">
    <p class='ocr_par' dir='ltr' id='par_1_88' title="bbox 1910 4097 3484 4165">
     <span class='ocr_line' id='line_1_88' title="bbox 1910 4097 3484 4165; baseline -0.003 -11"><span class='ocrx_word' id='word_1_663' title='bbox 1910 4100 2023 4165; x_wconf 84' lang='lat' dir='ltr'><strong>bet,</strong></span> <span class='ocrx_word' id='word_1_664' title='bbox 2053 4109 2113 4156; x_wconf 91' lang='lat' dir='ltr'><strong>ut</strong></span> <span class='ocrx_word' id='word_1_665' title='bbox 2139 4115 2237 4154; x_wconf 80' lang='lat' dir='ltr'><strong>vos</strong></span> <span class='ocrx_word' id='word_1_666' title='bbox 2265 4097 2474 4165; x_wconf 89' lang='lat' dir='ltr'><strong>dicitis,</strong></span> <span class='ocrx_word' id='word_1_667' title='bbox 2503 4113 2610 4153; x_wconf 91' lang='lat' dir='ltr'><strong>non</strong></span> <span class='ocrx_word' id='word_1_668' title='bbox 2645 4099 2812 4153; x_wconf 91' lang='lat' dir='ltr'><strong>homo</strong></span> <span class='ocrx_word' id='word_1_669' title='bbox 2850 4105 3061 4152; x_wconf 88' lang='lat' dir='ltr'><strong>tantum</strong></span> <span class='ocrx_word' id='word_1_670' title='bbox 3090 4097 3290 4151; x_wconf 76' lang='lat' dir='ltr'><strong>dicitur</strong></span> <span class='ocrx_word' id='word_1_671' title='bbox 3324 4097 3484 4151; x_wconf 84' lang='lat' dir='ltr'><strong>Chri-</strong></span> 
     </span>
    </p>
   </div>
   <div class='ocr_carea' id='block_1_89' title="bbox 1913 4188 3485 4262">
    <p class='ocr_par' dir='ltr' id='par_1_89' title="bbox 1913 4188 3485 4262">
     <span class='ocr_line' id='line_1_89' title="bbox 1913 4188 3485 4262; baseline -0.003 -17"><span class='ocrx_word' id='word_1_672' title='bbox 1913 4200 2052 4258; x_wconf 92' lang='lat' dir='ltr'><strong>stus,</strong></span> <span class='ocrx_word' id='word_1_673' title='bbox 2078 4191 2234 4262; x_wconf 87' lang='lat' dir='ltr'><strong>quasi</strong></span> <span class='ocrx_word' id='word_1_674' title='bbox 2265 4205 2438 4246; x_wconf 83' lang='lat' dir='ltr'><strong>novus</strong></span> <span class='ocrx_word' id='word_1_675' title='bbox 2472 4189 2692 4260; x_wconf 90' lang='lat' dir='ltr'><strong>quidam</strong></span> <span class='ocrx_word' id='word_1_676' title='bbox 2725 4189 2892 4245; x_wconf 89' lang='lat' dir='ltr'><strong>homo</strong></span> <span class='ocrx_word' id='word_1_677' title='bbox 2923 4191 3014 4259; x_wconf 89' lang='lat' dir='ltr'><strong>qui</strong></span> <span class='ocrx_word' id='word_1_678' title='bbox 3048 4190 3115 4244; x_wconf 91' lang='lat' dir='ltr'><strong>de</strong></span> <span class='ocrx_word' id='word_1_679' title='bbox 3145 4188 3297 4243; x_wconf 81' lang='lat' dir='ltr'><strong>caelis</strong></span> <span class='ocrx_word' id='word_1_680' title='bbox 3323 4188 3485 4242; x_wconf 78' lang='lat' dir='ltr'><strong>adre-</strong></span> 
     </span>
    </p>
   </div>
   <div class='ocr_carea' id='block_1_90' title="bbox 1915 4278 3500 4349">
    <p class='ocr_par' dir='ltr' id='par_1_90' title="bbox 1915 4278 3500 4349">
     <span class='ocr_line' id='line_1_90' title="bbox 1915 4278 3500 4349; baseline -0.002 -14"><span class='ocrx_word' id='word_1_681' title='bbox 1915 4280 2097 4347; x_wconf 89' lang='lat' dir='ltr'><strong>nerit;</strong></span> <span class='ocrx_word' id='word_1_682' title='bbox 2129 4281 2221 4336; x_wconf 91' lang='lat' dir='ltr'><strong>sed</strong></span> <span class='ocrx_word' id='word_1_683' title='bbox 2262 4289 2315 4336; x_wconf 90' lang='lat' dir='ltr'><strong>et</strong></span> <span class='ocrx_word' id='word_1_684' title='bbox 2339 4280 2485 4336; x_wconf 80' lang='lat' dir='ltr'><strong>ﬁlius</strong></span> <span class='ocrx_word' id='word_1_685' title='bbox 2514 4280 2754 4335; x_wconf 91' lang='lat' dir='ltr'><strong>hominis</strong></span> <span class='ocrx_word' id='word_1_686' title='bbox 2783 4279 2962 4335; x_wconf 81' lang='lat' dir='ltr'><strong>factus</strong></span> <span class='ocrx_word' id='word_1_687' title='bbox 2994 4281 3115 4335; x_wconf 89' lang='lat' dir='ltr'><strong>est?</strong></span> <span class='ocrx_word' id='word_1_688' title='bbox 3148 4279 3204 4332; x_wconf 84' lang='lat' dir='ltr'><strong>Si</strong></span> <span class='ocrx_word' id='word_1_689' title='bbox 3238 4278 3404 4349; x_wconf 83' lang='lat' dir='ltr'><strong>igitur</strong></span> <span class='ocrx_word' id='word_1_690' title='bbox 3430 4279 3500 4334; x_wconf 89' lang='lat' dir='ltr'><strong>in.</strong></span> 
     </span>
    </p>
   </div>
   <div class='ocr_carea' id='block_1_91' title="bbox 1919 4373 3488 4441">
    <p class='ocr_par' dir='ltr' id='par_1_91' title="bbox 1919 4373 3488 4441">
     <span class='ocr_line' id='line_1_91' title="bbox 1919 4373 3488 4441; baseline -0.002 -10"><span class='ocrx_word' id='word_1_691' title='bbox 1919 4386 2062 4432; x_wconf 91' lang='lat' dir='ltr'><strong>terra</strong></span> <span class='ocrx_word' id='word_1_692' title='bbox 2092 4375 2268 4431; x_wconf 84' lang='lat' dir='ltr'><strong>factus</strong></span> <span class='ocrx_word' id='word_1_693' title='bbox 2295 4381 2380 4429; x_wconf 90' lang='lat' dir='ltr'><strong>est</strong></span> <span class='ocrx_word' id='word_1_694' title='bbox 2411 4374 2556 4432; x_wconf 80' lang='lat' dir='ltr'><strong>ﬁlius</strong></span> <span class='ocrx_word' id='word_1_695' title='bbox 2579 4374 2838 4441; x_wconf 86' lang='lat' dir='ltr'><strong>hominis,</strong></span> <span class='ocrx_word' id='word_1_696' title='bbox 2874 4373 3000 4429; x_wconf 88' lang='lat' dir='ltr'><strong>licet</strong></span> <span class='ocrx_word' id='word_1_697' title='bbox 3030 4389 3138 4428; x_wconf 90' lang='lat' dir='ltr'><strong>non</strong></span> <span class='ocrx_word' id='word_1_698' title='bbox 3183 4389 3248 4428; x_wconf 85' lang='lat' dir='ltr'><strong>ex</strong></span> <span class='ocrx_word' id='word_1_699' title='bbox 3279 4374 3488 4429; x_wconf 83' lang='lat' dir='ltr'><strong>semine</strong></span> 
     </span>
    </p>
   </div>
   <div class='ocr_carea' id='block_1_92' title="bbox 234 4461 1813 4540">
    <p class='ocr_par' dir='ltr' id='par_1_92' title="bbox 234 4465 1811 4540">
     <span class='ocr_line' id='line_1_92' title="bbox 234 4465 1811 4540; baseline 0.002 -21"><span class='ocrx_word' id='word_1_700' title='bbox 234 4465 542 4538; x_wconf 78' lang='grc' dir='ltr'>γεννηθεὶς,</span> <span class='ocrx_word' id='word_1_701' title='bbox 571 4467 690 4532; x_wconf 84' lang='grc' dir='ltr'>ἐνὸς</span> <span class='ocrx_word' id='word_1_702' title='bbox 710 4466 862 4531; x_wconf 77' lang='grc' dir='ltr'>ὄντος</span> <span class='ocrx_word' id='word_1_703' title='bbox 892 4467 984 4521; x_wconf 79' lang='grc' dir='ltr'>τοῦ</span> <span class='ocrx_word' id='word_1_704' title='bbox 1016 4469 1444 4538; x_wconf 86' lang='grc' dir='ltr'>πρωτοπλάστου</span> <span class='ocrx_word' id='word_1_705' title='bbox 1487 4467 1656 4540; x_wconf 77' lang='grc' dir='ltr'>Ἀδὰμ</span> <span class='ocrx_word' id='word_1_706' title='bbox 1697 4467 1811 4534; x_wconf 82' lang='grc' dir='ltr'>υίὸς</span> 
     </span>
    </p>
   </div>
   <div class='ocr_carea' id='block_1_93' title="bbox 1912 4461 3511 4540">
    <p class='ocr_par' dir='ltr' id='par_1_93' title="bbox 1913 4465 3511 4538">
     <span class='ocr_line' id='line_1_93' title="bbox 1913 4465 3511 4538; baseline 0 -16"><span class='ocrx_word' id='word_1_707' title='bbox 1913 4467 2037 4534; x_wconf 81' lang='lat' dir='ltr'><strong>viri,</strong></span> <span class='ocrx_word' id='word_1_708' title='bbox 2063 4467 2156 4524; x_wconf 91' lang='lat' dir='ltr'><strong>sed</strong></span> <span class='ocrx_word' id='word_1_709' title='bbox 2184 4483 2250 4524; x_wconf 80' lang='lat' dir='ltr'><strong>ex</strong></span> <span class='ocrx_word' id='word_1_710' title='bbox 2281 4465 2484 4538; x_wconf 87' lang='lat' dir='ltr'><strong>Spiritu</strong></span> <span class='ocrx_word' id='word_1_711' title='bbox 2517 4475 2707 4523; x_wconf 87' lang='lat' dir='ltr'><strong>sancto</strong></span> <span class='ocrx_word' id='word_1_712' title='bbox 2731 4476 2898 4522; x_wconf 85' lang='lat' dir='ltr'><strong>natus</strong></span> <span class='ocrx_word' id='word_1_713' title='bbox 2925 4467 3016 4532; x_wconf 85' lang='lat' dir='ltr'><strong>sit,</strong></span> <span class='ocrx_word' id='word_1_714' title='bbox 3045 4467 3365 4538; x_wconf 79' lang='lat' dir='ltr'><strong>protoplasti</strong></span> <span class='ocrx_word' id='word_1_715' title='bbox 3392 4465 3511 4536; x_wconf 56' lang='lat' dir='ltr'><strong>qui-</strong></span> 
     </span>
    </p>
   </div>
   <div class='ocr_carea' id='block_1_94' title="bbox 309 4640 1813 4714">
    <p class='ocr_par' dir='ltr' id='par_1_94' title="bbox 309 4640 1813 4714">
     <span class='ocr_line' id='line_1_94' title="bbox 309 4640 1813 4714; baseline -0.002 -17"><span class='ocrx_word' id='word_1_716' title='bbox 309 4643 358 4675; x_wconf 77' lang='grc'><strong>’⁵⁵</strong></span> <span class='ocrx_word' id='word_1_717' title='bbox 396 4641 525 4714; x_wconf 88' lang='lat' dir='ltr'><strong>Sap.</strong></span> <span class='ocrx_word' id='word_1_718' title='bbox 559 4659 618 4710; x_wconf 90' lang='grc' dir='ltr'><strong>ιι,</strong></span> <span class='ocrx_word' id='word_1_719' title='bbox 643 4643 734 4698; x_wconf 66' lang='grc'><strong>24.</strong></span> <span class='ocrx_word' id='word_1_720' title='bbox 807 4645 855 4676; x_wconf 70' lang='grc'>⁸⁸</span> <span class='ocrx_word' id='word_1_721' title='bbox 891 4641 1124 4714; x_wconf 85' lang='lat' dir='ltr'><strong>Philipp.</strong></span> <span class='ocrx_word' id='word_1_722' title='bbox 1165 4658 1226 4707; x_wconf 86' lang='grc' dir='ltr'><strong>ιι,</strong></span> <span class='ocrx_word' id='word_1_723' title='bbox 1259 4644 1313 4698; x_wconf 91' lang='lat'><strong>9.</strong></span> <span class='ocrx_word' id='word_1_724' title='bbox 1389 4643 1454 4682; x_wconf 71' lang='grc'><strong>⁸⁶⁹</strong></span> <span class='ocrx_word' id='word_1_725' title='bbox 1488 4640 1648 4698; x_wconf 80' lang='lat' dir='ltr'><strong>Joan.</strong></span> <span class='ocrx_word' id='word_1_726' title='bbox 1683 4659 1756 4710; x_wconf 82' lang='lat' dir='ltr'><strong>IV,</strong></span> <span class='ocrx_word' id='word_1_727' title='bbox 1783 4640 1813 4694; x_wconf 73' lang='grc' dir='ltr'>Ξ</span> 
     </span>
    </p>
   </div>
   <div class='ocr_carea' id='block_1_95' title="bbox 1912 4640 2450 4714">
    <p class='ocr_par' dir='ltr' id='par_1_95' title="bbox 1951 4641 2450 4708">
     <span class='ocr_line' id='line_1_95' title="bbox 1951 4641 2450 4708; baseline 0 -12"><span class='ocrx_word' id='word_1_728' title='bbox 1951 4643 1996 4674; x_wconf 73' lang='grc'><strong>⁸⁷</strong></span> <span class='ocrx_word' id='word_1_729' title='bbox 2035 4641 2056 4696; x_wconf 85' lang='grc'><strong>1</strong></span> <span class='ocrx_word' id='word_1_730' title='bbox 2085 4643 2210 4698; x_wconf 86' lang='lat' dir='ltr'><strong>Cor.</strong></span> <span class='ocrx_word' id='word_1_731' title='bbox 2245 4657 2305 4708; x_wconf 86' lang='grc' dir='ltr'><strong>ιι,</strong></span> <span class='ocrx_word' id='word_1_732' title='bbox 2340 4641 2450 4704; x_wconf 63' lang='lat' dir='ltr'><strong>ﬂ-</strong></span> 
     </span>
    </p>
   </div>
   <div class='ocr_carea' id='block_1_96' title="bbox 315 4797 1814 4876">
    <p class='ocr_par' dir='ltr' id='par_1_96' title="bbox 315 4797 1814 4876">
     <span class='ocr_line' id='line_1_96' title="bbox 315 4797 1814 4876; baseline -0.004 -17"><span class='ocrx_word' id='word_1_733' title='bbox 315 4803 432 4876; x_wconf 75' lang='lat'><strong>(83)</strong></span> <span class='ocrx_word' id='word_1_734' title='bbox 453 4800 716 4876; x_wconf 13' lang='lat' dir='ltr'><strong>Alta__Seg_._</strong></span> <span class='ocrx_word' id='word_1_735' title='bbox 739 4798 986 4876; x_wconf 83' lang='lat' dir='ltr'><strong>G_obl.__ct</strong></span> <span class='ocrx_word' id='word_1_736' title='bbox 1020 4799 1258 4876; x_wconf 78' lang='lat' dir='ltr'><strong>Felc._i,_</strong></span> <span class='ocrx_word' id='word_1_737' title='bbox 1291 4799 1484 4876; x_wconf 67' lang='lat' dir='ltr'><strong>sicque</strong></span> <span class='ocrx_word' id='word_1_738' title='bbox 1504 4800 1634 4876; x_wconf 70' lang='lat' dir='ltr'><strong>legit</strong></span> <span class='ocrx_word' id='word_1_739' title='bbox 1669 4797 1814 4876; x_wconf 85' lang='lat' dir='ltr'><strong>Nan-</strong></span> 
     </span>
    </p>
   </div>
   <div class='ocr_carea' id='block_1_97' title="bbox 237 4869 1814 4944">
    <p class='ocr_par' dir='ltr' id='par_1_97' title="bbox 237 4869 1814 4944">
     <span class='ocr_line' id='line_1_97' title="bbox 237 4869 1814 4944; baseline -0.004 -14"><span class='ocrx_word' id='word_1_740' title='bbox 237 4869 391 4930; x_wconf 71' lang='grc' dir='ltr'>ιιὶιὶε.</span> <span class='ocrx_word' id='word_1_741' title='bbox 413 4869 650 4944; x_wconf 67' lang='grc' dir='ltr'>Ἀῐιειὶε.</span> <span class='ocrx_word' id='word_1_742' title='bbox 675 4869 870 4944; x_wconf 59' lang='grc' dir='ltr'>Καίτοι</span> <span class='ocrx_word' id='word_1_743' title='bbox 901 4871 1134 4944; x_wconf 69' lang='grc' dir='ltr'>Χριστὸς</span> <span class='ocrx_word' id='word_1_744' title='bbox 1149 4870 1285 4944; x_wconf 38' lang='grc' dir='ltr'>ἀπὸ-</span> <span class='ocrx_word' id='word_1_745' title='bbox 1307 4871 1408 4944; x_wconf 71' lang='grc' dir='ltr'><strong>γῇς</strong></span> <span class='ocrx_word' id='word_1_746' title='bbox 1439 4871 1520 4944; x_wconf 76' lang='grc' dir='ltr'><strong>εἰς</strong></span> <span class='ocrx_word' id='word_1_747' title='bbox 1554 4871 1814 4944; x_wconf 44' lang='lat' dir='ltr'><strong>cupenci);</strong></span> 
     </span>
    </p>
   </div>
   <div class='ocr_carea' id='block_1_98' title="bbox 233 4887 1817 5014">
    <p class='ocr_par' dir='ltr' id='par_1_98' title="bbox 233 4887 1817 5014">
     <span class='ocr_line' id='line_1_98' title="bbox 237 4887 1814 4992; baseline -0.004 -62"><span class='ocrx_word' id='word_1_748' title='bbox 237 4887 391 4930; x_wconf 78' lang='lat' dir='ltr'><strong>mus.</strong></span> <span class='ocrx_word' id='word_1_749' title='bbox 436 4887 650 4944; x_wconf 70' lang='lat' dir='ltr'><strong>Anglic.</strong></span> <span class='ocrx_word' id='word_1_750' title='bbox 676 4887 870 4923; x_wconf 62' lang='lat' dir='ltr'><strong>nemo:</strong></span> <span class='ocrx_word' id='word_1_751' title='bbox 901 4887 1134 4941; x_wconf 68' lang='lat' dir='ltr'><strong>Aptd&#39;tog</strong></span> <span class='ocrx_word' id='word_1_752' title='bbox 1165 4887 1286 4950; x_wconf 68' lang='lat' dir='ltr'><strong>ano</strong></span> <span class='ocrx_word' id='word_1_753' title='bbox 1307 4887 1408 4992; x_wconf 43' lang='grc' dir='ltr'><strong>γης</strong></span> <span class='ocrx_word' id='word_1_754' title='bbox 1441 4887 1520 4932; x_wconf 84' lang='grc' dir='ltr'>εις</span> <span class='ocrx_word' id='word_1_755' title='bbox 1554 4887 1814 4940; x_wconf 88' lang='grc' dir='ltr'>ουρανους</span> 
     </span>
     <span class='ocr_line' id='line_1_99' title="bbox 233 4939 1817 5014; baseline -0.003 -16"><span class='ocrx_word' id='word_1_756' title='bbox 233 4945 566 5014; x_wconf 51' lang='grc' dir='ltr'>ἀνενῄνοχες</span> <span class='ocrx_word' id='word_1_757' title='bbox 599 4939 701 5014; x_wconf 76' lang='grc' dir='ltr'><strong>καὶ</strong></span> <span class='ocrx_word' id='word_1_758' title='bbox 744 4939 894 5014; x_wconf 61' lang='grc' dir='ltr'>ᾇπερ</span> <span class='ocrx_word' id='word_1_759' title='bbox 923 4940 1111 5010; x_wconf 84' lang='grc' dir='ltr'>Ἀδάμ.</span> <span class='ocrx_word' id='word_1_760' title='bbox 1141 4941 1336 5014; x_wconf 39' lang='grc' dir='ltr'><strong>-Ει11ιι,Δ</strong></span> <span class='ocrx_word' id='word_1_761' title='bbox 1395 4939 1533 5014; x_wconf 78' lang='grc' dir='ltr'>αίτρι</span> <span class='ocrx_word' id='word_1_762' title='bbox 1578 4942 1606 4992; x_wconf 88' lang='grc' dir='ltr'>ὁ</span> <span class='ocrx_word' id='word_1_763' title='bbox 1645 4940 1817 5014; x_wconf 67' lang='grc' dir='ltr'>Ἀδάμ</span> 
     </span>
    </p>
   </div>
   <div class='ocr_carea' id='block_1_99' title="bbox 235 5008 1816 5085">
    <p class='ocr_par' dir='ltr' id='par_1_99' title="bbox 235 5008 1816 5085">
     <span class='ocr_line' id='line_1_100' title="bbox 235 5008 1816 5085; baseline -0.003 -19"><span class='ocrx_word' id='word_1_764' title='bbox 235 5015 300 5085; x_wconf 62' lang='grc' dir='ltr'><strong>ἐξ</strong></span> <span class='ocrx_word' id='word_1_765' title='bbox 333 5008 568 5085; x_wconf 59' lang='grc' dir='ltr'>οὐρανοῦ</span> <span class='ocrx_word' id='word_1_766' title='bbox 594 5011 686 5063; x_wconf 80' lang='grc' dir='ltr'>ἐπὶ</span> <span class='ocrx_word' id='word_1_767' title='bbox 706 5011 805 5080; x_wconf 82' lang='grc' dir='ltr'><strong>τῆς</strong></span> <span class='ocrx_word' id='word_1_768' title='bbox 829 5008 936 5085; x_wconf 56' lang='grc' dir='ltr'><strong>ᾗς</strong></span> <span class='ocrx_word' id='word_1_769' title='bbox 963 5008 1284 5085; x_wconf 79' lang='grc' dir='ltr'>κατενήνοχε</span> <span class='ocrx_word' id='word_1_770' title='bbox 1314 5009 1711 5085; x_wconf 66' lang='grc' dir='ltr'>ἀναμάρτητον.</span> <span class='ocrx_word' id='word_1_771' title='bbox 1737 5008 1816 5085; x_wconf 73' lang='grc' dir='ltr'><strong>1ιρ-</strong></span> 
     </span>
    </p>
   </div>
   <div class='ocr_carea' id='block_1_100' title="bbox 235 5025 1810 5202">
    <p class='ocr_par' dir='ltr' id='par_1_100' title="bbox 235 5025 1810 5202">
     <span class='ocr_line' id='line_1_101' title="bbox 235 5025 1810 5133; baseline -0.003 -66"><span class='ocrx_word' id='word_1_772' title='bbox 235 5025 300 5082; x_wconf 79' lang='grc' dir='ltr'><strong>εξ</strong></span> <span class='ocrx_word' id='word_1_773' title='bbox 333 5025 562 5085; x_wconf 75' lang='grc' dir='ltr'>οὐρανου</span> <span class='ocrx_word' id='word_1_774' title='bbox 594 5025 686 5063; x_wconf 76' lang='lat' dir='ltr'><strong>sm</strong></span> <span class='ocrx_word' id='word_1_775' title='bbox 706 5027 805 5080; x_wconf 81' lang='grc' dir='ltr'>της</span> <span class='ocrx_word' id='word_1_776' title='bbox 829 5026 940 5133; x_wconf 58' lang='grc' dir='ltr'><strong>⁸(τῇ</strong></span> <span class='ocrx_word' id='word_1_777' title='bbox 963 5025 1284 5090; x_wconf 77' lang='grc' dir='ltr'>κατενηνοχε</span> <span class='ocrx_word' id='word_1_778' title='bbox 1314 5025 1711 5132; x_wconf 44' lang='grc' dir='ltr'>αναμοᾶτητον.</span> <span class='ocrx_word' id='word_1_779' title='bbox 1737 5025 1810 5062; x_wconf 83' lang='lat' dir='ltr'><strong>lu-</strong></span> 
     </span>
     <span class='ocr_line' id='line_1_102' title="bbox 235 5079 1810 5202; baseline -0.003 -64"><span class='ocrx_word' id='word_1_780' title='bbox 235 5083 350 5148; x_wconf 75' lang='lat' dir='ltr'><strong>fra,</strong></span> <span class='ocrx_word' id='word_1_781' title='bbox 380 5083 706 5156; x_wconf 82' lang='grc' dir='ltr'>κατενήνοχε</span> <span class='ocrx_word' id='word_1_782' title='bbox 735 5089 861 5136; x_wconf 85' lang='lat' dir='ltr'><strong>ante</strong></span> <span class='ocrx_word' id='word_1_783' title='bbox 945 5080 1126 5162; x_wconf 72' lang='grc' dir='ltr'>ριστός</span> <span class='ocrx_word' id='word_1_784' title='bbox 1159 5080 1351 5162; x_wconf 72' lang='lat' dir='ltr'><strong>legitur</strong></span> <span class='ocrx_word' id='word_1_785' title='bbox 1385 5095 1440 5160; x_wconf 74' lang='grc' dir='ltr'><strong>ιιι</strong></span> <span class='ocrx_word' id='word_1_786' title='bbox 1537 5094 1597 5160; x_wconf 46' lang='grc' dir='ltr'>ἐς</span> <span class='ocrx_word' id='word_1_787' title='bbox 1651 5079 1810 5202; x_wconf 49' lang='grc' dir='ltr'>Αηὲι.</span> 
     </span>
     <span class='ocr_line' id='line_1_103' title="bbox 237 5147 1810 5202; baseline 0 0"><span class='ocrx_word' id='word_1_788' title='bbox 237 5153 404 5202; x_wconf 79' lang='lat' dir='ltr'><strong>Gabi.</strong></span> <span class='ocrx_word' id='word_1_789' title='bbox 433 5163 486 5202; x_wconf 84' lang='lat' dir='ltr'><strong>et</strong></span> <span class='ocrx_word' id='word_1_790' title='bbox 509 5151 654 5202; x_wconf 87' lang='lat' dir='ltr'><strong>Felc.</strong></span> <span class='ocrx_word' id='word_1_791' title='bbox 693 5151 745 5202; x_wconf 87' lang='grc'><strong>1.</strong></span> <span class='ocrx_word' id='word_1_792' title='bbox 767 5151 1026 5202; x_wconf 85' lang='lat' dir='ltr'><strong>deestaue</strong></span> <span class='ocrx_word' id='word_1_793' title='bbox 1047 5167 1100 5202; x_wconf 86' lang='lat' dir='ltr'><strong>In</strong></span> <span class='ocrx_word' id='word_1_794' title='bbox 1133 5151 1254 5202; x_wconf 88' lang='lat' dir='ltr'><strong>alus</strong></span> <span class='ocrx_word' id='word_1_795' title='bbox 1294 5158 1347 5202; x_wconf 90' lang='lat' dir='ltr'><strong>et</strong></span> <span class='ocrx_word' id='word_1_796' title='bbox 1383 5165 1436 5202; x_wconf 88' lang='grc' dir='ltr'><strong>ιιι</strong></span> <span class='ocrx_word' id='word_1_797' title='bbox 1465 5149 1647 5202; x_wconf 79' lang='lat' dir='ltr'><strong>edttts.</strong></span> <span class='ocrx_word' id='word_1_798' title='bbox 1671 5147 1728 5202; x_wconf 86' lang='lat' dir='ltr'><strong>In</strong></span> <span class='ocrx_word' id='word_1_799' title='bbox 1758 5163 1810 5202; x_wconf 83' lang='lat' dir='ltr'><strong>ra</strong></span> 
     </span>
    </p>
   </div>
   <div class='ocr_carea' id='block_1_101' title="bbox 237 5147 1818 5220">
    <p class='ocr_par' dir='ltr' id='par_1_101' title="bbox 237 5147 1818 5220">
     <span class='ocr_line' id='line_1_104' title="bbox 237 5147 1818 5220; baseline -0.003 -10"><span class='ocrx_word' id='word_1_800' title='bbox 237 5147 404 5210; x_wconf 85' lang='lat' dir='ltr'><strong>Gobl.</strong></span> <span class='ocrx_word' id='word_1_801' title='bbox 433 5163 486 5208; x_wconf 92' lang='lat' dir='ltr'><strong>et</strong></span> <span class='ocrx_word' id='word_1_802' title='bbox 509 5147 746 5215; x_wconf 58' lang='lat' dir='ltr'><strong>Félcl‘i,</strong></span> <span class='ocrx_word' id='word_1_803' title='bbox 767 5147 1026 5220; x_wconf 78' lang='lat' dir='ltr'><strong>deestque</strong></span> <span class='ocrx_word' id='word_1_804' title='bbox 1047 5151 1100 5204; x_wconf 92' lang='lat' dir='ltr'><strong>in</strong></span> <span class='ocrx_word' id='word_1_805' title='bbox 1133 5147 1254 5204; x_wconf 86' lang='lat' dir='ltr'><strong>aliis</strong></span> <span class='ocrx_word' id='word_1_806' title='bbox 1294 5158 1347 5204; x_wconf 91' lang='lat' dir='ltr'><strong>et</strong></span> <span class='ocrx_word' id='word_1_807' title='bbox 1383 5149 1436 5202; x_wconf 87' lang='lat' dir='ltr'><strong>in</strong></span> <span class='ocrx_word' id='word_1_808' title='bbox 1465 5147 1647 5205; x_wconf 83' lang='lat' dir='ltr'><strong>editis.</strong></span> <span class='ocrx_word' id='word_1_809' title='bbox 1671 5147 1818 5206; x_wconf 77' lang='lat' dir='ltr'><strong>Infra</strong></span> 
     </span>
    </p>
   </div>
   <div class='ocr_carea' id='block_1_102' title="bbox 238 5221 807 5294">
    <p class='ocr_par' dir='ltr' id='par_1_102' title="bbox 238 5221 807 5294">
     <span class='ocr_line' id='line_1_105' title="bbox 238 5221 807 5294; baseline -0.004 -14"><span class='ocrx_word' id='word_1_810' title='bbox 238 5226 398 5294; x_wconf 68' lang='lat'><strong>565.,</strong></span> <span class='ocrx_word' id='word_1_811' title='bbox 433 5223 497 5294; x_wconf 74' lang='grc' dir='ltr'><strong>ἐκ</strong></span> <span class='ocrx_word' id='word_1_812' title='bbox 519 5239 580 5277; x_wconf 85' lang='grc' dir='ltr'><strong>τε</strong></span> <span class='ocrx_word' id='word_1_813' title='bbox 611 5221 807 5294; x_wconf 50' lang='grc' dir='ltr'>τάφου..</span> 
     </span>
    </p>
   </div>
   <div class='ocr_carea' id='block_1_103' title="bbox 312 5288 1813 5364">
    <p class='ocr_par' dir='ltr' id='par_1_103' title="bbox 312 5288 1813 5364">
     <span class='ocr_line' id='line_1_106' title="bbox 312 5288 1813 5364; baseline -0.003 -16"><span class='ocrx_word' id='word_1_814' title='bbox 312 5288 427 5364; x_wconf 60' lang='grc' dir='ltr'>(ει)</span> <span class='ocrx_word' id='word_1_815' title='bbox 467 5293 591 5363; x_wconf 83' lang='lat' dir='ltr'><strong>ch.</strong></span> <span class='ocrx_word' id='word_1_816' title='bbox 625 5288 782 5364; x_wconf 76' lang='lat' dir='ltr'><strong>Gobl.</strong></span> <span class='ocrx_word' id='word_1_817' title='bbox 805 5289 1012 5364; x_wconf 32' lang='lat' dir='ltr'><strong>Felcai</strong></span> <span class='ocrx_word' id='word_1_818' title='bbox 1044 5289 1494 5364; x_wconf 58' lang='lat' dir='ltr'><strong>et__Angli_c.,_s1tl.</strong></span> <span class='ocrx_word' id='word_1_819' title='bbox 1515 5288 1813 5364; x_wconf 66' lang='grc' dir='ltr'>ἀφθαρσίᾳ.</span> 
     </span>
    </p>
   </div>
   <div class='ocr_carea' id='block_1_104' title="bbox 237 5357 1819 5431">
    <p class='ocr_par' dir='ltr' id='par_1_104' title="bbox 237 5357 1819 5431">
     <span class='ocr_line' id='line_1_107' title="bbox 237 5357 1819 5431; baseline -0.001 -14"><span class='ocrx_word' id='word_1_820' title='bbox 237 5357 388 5420; x_wconf 74' lang='grc' dir='ltr'>Εεῐίῑί</span> <span class='ocrx_word' id='word_1_821' title='bbox 407 5357 573 5428; x_wconf 57' lang='lat' dir='ltr'><strong>&#39;vero&#39;,</strong></span> <span class='ocrx_word' id='word_1_822' title='bbox 609 5363 700 5415; x_wconf 75' lang='grc' dir='ltr'>ἐπὶ</span> <span class='ocrx_word' id='word_1_823' title='bbox 733 5361 1064 5431; x_wconf 72' lang='grc' dir='ltr'>ἀφθαρσίαν.</span> <span class='ocrx_word' id='word_1_824' title='bbox 1095 5357 1248 5416; x_wconf 55' lang='lat' dir='ltr'><strong>Ibid:</strong></span> <span class='ocrx_word' id='word_1_825' title='bbox 1269 5359 1478 5431; x_wconf 76' lang='lat' dir='ltr'><strong>Anglic.</strong></span> <span class='ocrx_word' id='word_1_826' title='bbox 1515 5357 1732 5416; x_wconf 80' lang='lat' dir='ltr'><strong>Gobler.</strong></span> <span class='ocrx_word' id='word_1_827' title='bbox 1763 5357 1819 5415; x_wconf 74' lang='lat' dir='ltr'><strong>et</strong></span> 
     </span>
    </p>
   </div>
   <div class='ocr_carea' id='block_1_105' title="bbox 234 5431 1003 5498">
    <p class='ocr_par' dir='ltr' id='par_1_105' title="bbox 234 5431 1003 5498">
     <span class='ocr_line' id='line_1_108' title="bbox 234 5431 1003 5498; baseline -0.008 -8"><span class='ocrx_word' id='word_1_828' title='bbox 234 5433 389 5490; x_wconf 77' lang='lat' dir='ltr'><strong>Felc.</strong></span> <span class='ocrx_word' id='word_1_829' title='bbox 423 5435 474 5498; x_wconf 88' lang='grc'><strong>1,</strong></span> <span class='ocrx_word' id='word_1_830' title='bbox 504 5435 596 5486; x_wconf 78' lang='grc' dir='ltr'><strong>καὶ</strong></span> <span class='ocrx_word' id='word_1_831' title='bbox 621 5432 808 5497; x_wconf 83' lang='grc' dir='ltr'>εἰκόνι,</span> <span class='ocrx_word' id='word_1_832' title='bbox 843 5431 1003 5486; x_wconf 84' lang='lat' dir='ltr'><strong>male.</strong></span> 
     </span>
    </p>
   </div>
   <div class='ocr_carea' id='block_1_106' title="bbox 315 5499 1808 5576">
    <p class='ocr_par' dir='ltr' id='par_1_106' title="bbox 315 5499 1808 5576">
     <span class='ocr_line' id='line_1_109' title="bbox 315 5499 1808 5576; baseline -0.003 -17"><span class='ocrx_word' id='word_1_833' title='bbox 315 5503 430 5576; x_wconf 84' lang='lat'><strong>(85)</strong></span> <span class='ocrx_word' id='word_1_834' title='bbox 471 5503 564 5576; x_wconf 82' lang='lat' dir='ltr'><strong>Sic</strong></span> <span class='ocrx_word' id='word_1_835' title='bbox 611 5501 735 5576; x_wconf 77' lang='lat' dir='ltr'><strong>Seg.</strong></span> <span class='ocrx_word' id='word_1_836' title='bbox 784 5500 946 5576; x_wconf 49' lang='grc' dir='ltr'><strong>(ἔποιιίζ</strong></span> <span class='ocrx_word' id='word_1_837' title='bbox 971 5499 1198 5576; x_wconf 87' lang='lat' dir='ltr'><strong>et_Felc.</strong></span> <span class='ocrx_word' id='word_1_838' title='bbox 1229 5501 1449 5576; x_wconf 80' lang='lat' dir='ltr'><strong>l._Edit_i_</strong></span> <span class='ocrx_word' id='word_1_839' title='bbox 1481 5501 1808 5576; x_wconf 46' lang='lat' dir='ltr'><strong>rer0,_y§vef</strong></span> 
     </span>
    </p>
   </div>
   <div class='ocr_carea' id='block_1_107' title="bbox 238 5569 1810 5643">
    <p class='ocr_par' dir='ltr' id='par_1_107' title="bbox 238 5569 1810 5643">
     <span class='ocr_line' id='line_1_110' title="bbox 238 5569 1810 5643; baseline -0.002 -15"><span class='ocrx_word' id='word_1_840' title='bbox 238 5569 352 5638; x_wconf 73' lang='grc' dir='ltr'>σιν,</span> <span class='ocrx_word' id='word_1_841' title='bbox 379 5569 588 5631; x_wconf 80' lang='lat' dir='ltr'><strong>omisso</strong></span> <span class='ocrx_word' id='word_1_842' title='bbox 616 5569 872 5643; x_wconf 70' lang='lat' dir='ltr'><strong>arficulo.</strong></span> <span class='ocrx_word' id='word_1_843' title='bbox 913 5569 1080 5627; x_wconf 85' lang='lat' dir='ltr'><strong>Paulo</strong></span> <span class='ocrx_word' id='word_1_844' title='bbox 1105 5584 1243 5643; x_wconf 87' lang='lat' dir='ltr'><strong>post,</strong></span> <span class='ocrx_word' id='word_1_845' title='bbox 1275 5573 1328 5626; x_wconf 91' lang='lat' dir='ltr'><strong>in</strong></span> <span class='ocrx_word' id='word_1_846' title='bbox 1370 5573 1548 5638; x_wconf 87' lang='lat' dir='ltr'><strong>editis,</strong></span> <span class='ocrx_word' id='word_1_847' title='bbox 1585 5569 1734 5643; x_wconf 75' lang='grc' dir='ltr'>αὐτῷ</span> <span class='ocrx_word' id='word_1_848' title='bbox 1781 5573 1810 5625; x_wconf 84' lang='grc' dir='ltr'>ὁ</span> 
     </span>
    </p>
   </div>
   <div class='ocr_carea' id='block_1_108' title="bbox 235 5641 1806 5716">
    <p class='ocr_par' dir='ltr' id='par_1_108' title="bbox 235 5641 1806 5716">
     <span class='ocr_line' id='line_1_111' title="bbox 235 5641 1806 5716; baseline -0.002 -17"><span class='ocrx_word' id='word_1_849' title='bbox 235 5645 375 5716; x_wconf 61' lang='lat' dir='ltr'><strong>Osce</strong></span> <span class='ocrx_word' id='word_1_850' title='bbox 398 5645 619 5716; x_wconf 67' lang='lat' dir='ltr'><strong>bvopa._</strong></span> <span class='ocrx_word' id='word_1_851' title='bbox 647 5641 1121 5716; x_wconf 58' lang='lat' dir='ltr'><strong>scd_in__Seguer.&#39;</strong></span> <span class='ocrx_word' id='word_1_852' title='bbox 1147 5652 1198 5696; x_wconf 80' lang='lat' dir='ltr'><strong>et</strong></span> <span class='ocrx_word' id='word_1_853' title='bbox 1239 5653 1384 5698; x_wconf 79' lang='lat' dir='ltr'><strong>textu</strong></span> <span class='ocrx_word' id='word_1_854' title='bbox 1423 5643 1608 5698; x_wconf 59' lang='lat' dir='ltr'><strong>Graeco</strong></span> <span class='ocrx_word' id='word_1_855' title='bbox 1657 5641 1806 5698; x_wconf 78' lang='lat' dir='ltr'><strong>deest</strong></span> 
     </span>
    </p>
   </div>
   <div class='ocr_carea' id='block_1_109' title="bbox 235 5709 1076 5784">
    <p class='ocr_par' dir='ltr' id='par_1_109' title="bbox 235 5709 1076 5784">
     <span class='ocr_line' id='line_1_112' title="bbox 235 5709 1076 5784; baseline 0 -15"><span class='ocrx_word' id='word_1_856' title='bbox 235 5713 458 5784; x_wconf 67' lang='lat'><strong>6.936;,</strong></span> <span class='ocrx_word' id='word_1_857' title='bbox 477 5709 542 5781; x_wconf 67' lang='grc' dir='ltr'><strong>¹ἔτι</strong></span> <span class='ocrx_word' id='word_1_858' title='bbox 575 5713 654 5770; x_wconf 83' lang='lat' dir='ltr'><strong>sic</strong></span> <span class='ocrx_word' id='word_1_859' title='bbox 679 5713 804 5782; x_wconf 71' lang='lat' dir='ltr'><strong>legit</strong></span> <span class='ocrx_word' id='word_1_860' title='bbox 835 5709 1076 5768; x_wconf 78' lang='lat' dir='ltr'><strong>Nannius</strong></span> 
     </span>
    </p>
   </div>
   <div class='ocr_carea' id='block_1_110' title="bbox 2017 4794 3479 4871">
    <p class='ocr_par' dir='ltr' id='par_1_110' title="bbox 2017 4794 3479 4871">
     <span class='ocr_line' id='line_1_113' title="bbox 2017 4794 3479 4871; baseline -0.003 -15"><span class='ocrx_word' id='word_1_861' title='bbox 2017 4800 2206 4871; x_wconf 22' lang='lat' dir='ltr'><strong>86);]n</strong></span> <span class='ocrx_word' id='word_1_862' title='bbox 2248 4799 2422 4857; x_wconf 33' lang='lat' dir='ltr'><strong>editis.</strong></span> <span class='ocrx_word' id='word_1_863' title='bbox 2455 4802 2610 4858; x_wconf 84' lang='lat' dir='ltr'><strong>deest</strong></span> <span class='ocrx_word' id='word_1_864' title='bbox 2656 4798 2850 4868; x_wconf 81' lang='grc' dir='ltr'><strong>Λόγος,</strong></span> <span class='ocrx_word' id='word_1_865' title='bbox 2877 4797 2970 4852; x_wconf 89' lang='lat' dir='ltr'><strong>sed</strong></span> <span class='ocrx_word' id='word_1_866' title='bbox 3000 4797 3229 4852; x_wconf 84' lang='lat' dir='ltr'><strong>habetur</strong></span> <span class='ocrx_word' id='word_1_867' title='bbox 3257 4796 3316 4850; x_wconf 90' lang='lat' dir='ltr'><strong>in</strong></span> <span class='ocrx_word' id='word_1_868' title='bbox 3351 4794 3479 4867; x_wconf 68' lang='lat' dir='ltr'><strong>Seg.</strong></span> 
     </span>
    </p>
   </div>
   <div class='ocr_carea' id='block_1_111' title="bbox 1921 4869 3482 5010">
    <p class='ocr_par' dir='ltr' id='par_1_111' title="bbox 1921 4869 3482 5010">
     <span class='ocr_line' id='line_1_114' title="bbox 1921 4869 2345 4928; baseline -0.005 -2"><span class='ocrx_word' id='word_1_869' title='bbox 1921 4869 2258 4928; x_wconf 50' lang='lat' dir='ltr'><strong>Gobl.&#39;Felc.</strong></span> <span class='ocrx_word' id='word_1_870' title='bbox 2291 4871 2345 4924; x_wconf 88' lang='grc'><strong>1.</strong></span> 
     </span>
     <span class='ocr_line' id='line_1_115' title="bbox 1994 4933 3482 5010; baseline -0.003 -16"><span class='ocrx_word' id='word_1_871' title='bbox 1994 4940 2106 5010; x_wconf 86' lang='grc'>(87)</span> <span class='ocrx_word' id='word_1_872' title='bbox 2145 4940 2202 4995; x_wconf 89' lang='lat' dir='ltr'><strong>ln</strong></span> <span class='ocrx_word' id='word_1_873' title='bbox 2250 4939 2397 4996; x_wconf 86' lang='lat' dir='ltr'><strong>Felc.</strong></span> <span class='ocrx_word' id='word_1_874' title='bbox 2432 4939 2484 5004; x_wconf 90' lang='grc'><strong>1,</strong></span> <span class='ocrx_word' id='word_1_875' title='bbox 2519 4937 2683 5010; x_wconf 69' lang='lat' dir='ltr'><strong>Gobl.</strong></span> <span class='ocrx_word' id='word_1_876' title='bbox 2715 4937 2841 5008; x_wconf 84' lang='lat' dir='ltr'><strong>Seg.</strong></span> <span class='ocrx_word' id='word_1_877' title='bbox 2889 4937 2964 4988; x_wconf 85' lang='grc' dir='ltr'><strong>ἐν.</strong></span> <span class='ocrx_word' id='word_1_878' title='bbox 2999 4935 3169 5002; x_wconf 86' lang='lat' dir='ltr'><strong>deest,</strong></span> <span class='ocrx_word' id='word_1_879' title='bbox 3198 4933 3292 4990; x_wconf 82' lang='lat' dir='ltr'><strong>sed</strong></span> <span class='ocrx_word' id='word_1_880' title='bbox 3321 4933 3482 4999; x_wconf 87' lang='lat' dir='ltr'><strong>male,</strong></span> 
     </span>
    </p>
   </div>
   <div class='ocr_carea' id='block_1_112' title="bbox 1921 5009 2792 5078">
    <p class='ocr_par' dir='ltr' id='par_1_112' title="bbox 1921 5009 2792 5078">
     <span class='ocr_line' id='line_1_116' title="bbox 1921 5009 2792 5078; baseline -0.008 -12"><span class='ocrx_word' id='word_1_881' title='bbox 1921 5019 1982 5066; x_wconf 89' lang='lat' dir='ltr'><strong>ut</strong></span> <span class='ocrx_word' id='word_1_882' title='bbox 2006 5009 2192 5066; x_wconf 67' lang='lat' dir='ltr'><strong>ridere</strong></span> <span class='ocrx_word' id='word_1_883' title='bbox 2219 5023 2303 5066; x_wconf 84' lang='lat' dir='ltr'><strong>est</strong></span> <span class='ocrx_word' id='word_1_884' title='bbox 2329 5010 2383 5064; x_wconf 91' lang='lat' dir='ltr'><strong>in</strong></span> <span class='ocrx_word' id='word_1_885' title='bbox 2417 5009 2792 5078; x_wconf 77' lang='lat' dir='ltr'><strong>sequentibus.</strong></span> 
     </span>
    </p>
   </div>
   <div class='ocr_carea' id='block_1_113' title="bbox 1991 5071 3484 5150">
    <p class='ocr_par' dir='ltr' id='par_1_113' title="bbox 1991 5071 3484 5150">
     <span class='ocr_line' id='line_1_117' title="bbox 1991 5071 3484 5150; baseline -0.006 -16"><span class='ocrx_word' id='word_1_886' title='bbox 1991 5080 2104 5150; x_wconf 90' lang='lat'><strong>(88)</strong></span> <span class='ocrx_word' id='word_1_887' title='bbox 2143 5083 2202 5134; x_wconf 83' lang='grc' dir='ltr'>ιιι</span> <span class='ocrx_word' id='word_1_888' title='bbox 2235 5071 2549 5150; x_wconf 42' lang='grc' dir='ltr'>δεκηίίεεὲι</span> <span class='ocrx_word' id='word_1_889' title='bbox 2577 5079 2665 5150; x_wconf 75' lang='grc' dir='ltr'><strong>τά.</strong></span> <span class='ocrx_word' id='word_1_890' title='bbox 2700 5077 2823 5150; x_wconf 73' lang='lat' dir='ltr'><strong>Mox</strong></span> <span class='ocrx_word' id='word_1_891' title='bbox 2849 5073 3008 5150; x_wconf 42' lang='lat' dir='ltr'><strong>edinti,</strong></span> <span class='ocrx_word' id='word_1_892' title='bbox 3029 5071 3254 5150; x_wconf 57' lang='grc' dir='ltr'>ψυχικὸς</span> <span class='ocrx_word' id='word_1_893' title='bbox 3295 5072 3352 5150; x_wconf 76' lang='grc' dir='ltr'>δὲ</span> <span class='ocrx_word' id='word_1_894' title='bbox 3389 5073 3484 5127; x_wconf 82' lang='grc' dir='ltr'>άν-</span> 
     </span>
    </p>
   </div>
   <div class='ocr_carea' id='block_1_114' title="bbox 1913 5141 3484 5232">
    <p class='ocr_par' dir='ltr' id='par_1_114' title="bbox 1913 5141 3484 5232">
     <span class='ocr_line' id='line_1_118' title="bbox 1913 5141 3484 5232; baseline -0.006 -25"><span class='ocrx_word' id='word_1_895' title='bbox 1913 5141 2147 5232; x_wconf 62' lang='grc' dir='ltr'>θρῲπος,</span> <span class='ocrx_word' id='word_1_896' title='bbox 2179 5152 2272 5206; x_wconf 90' lang='lat' dir='ltr'><strong>sed</strong></span> <span class='ocrx_word' id='word_1_897' title='bbox 2301 5141 2581 5220; x_wconf 70' lang='grc' dir='ltr'>ἄνθρωπος</span> <span class='ocrx_word' id='word_1_898' title='bbox 2641 5149 2696 5201; x_wconf 90' lang='lat' dir='ltr'><strong>in</strong></span> <span class='ocrx_word' id='word_1_899' title='bbox 2756 5148 2881 5212; x_wconf 80' lang='lat' dir='ltr'><strong>Seg.</strong></span> <span class='ocrx_word' id='word_1_900' title='bbox 2913 5141 3069 5197; x_wconf 34' lang='lat' dir='ltr'><strong>Gobl’.</strong></span> <span class='ocrx_word' id='word_1_901' title='bbox 3107 5141 3250 5198; x_wconf 82' lang='lat' dir='ltr'><strong>Felc.</strong></span> <span class='ocrx_word' id='word_1_902' title='bbox 3297 5143 3322 5195; x_wconf 89' lang='grc'><strong>1</strong></span> <span class='ocrx_word' id='word_1_903' title='bbox 3375 5157 3484 5197; x_wconf 87' lang='lat' dir='ltr'><strong>non</strong></span> 
     </span>
    </p>
   </div>
   <div class='ocr_carea' id='block_1_115' title="bbox 1918 5221 3481 5361">
    <p class='ocr_par' dir='ltr' id='par_1_115' title="bbox 1918 5221 3481 5361">
     <span class='ocr_line' id='line_1_119' title="bbox 1918 5221 3481 5361; baseline -0.005 -17"><span class='ocrx_word' id='word_1_904' title='bbox 1918 5221 2298 5361; x_wconf 40' lang='grc' dir='ltr'><strong>ιθῗὲὥΐοΜόι-γι</strong></span> <span class='ocrx_word' id='word_1_905' title='bbox 2327 5287 2682 5361; x_wconf 59' lang='grc' dir='ltr'>ἐμμείναντα</span> <span class='ocrx_word' id='word_1_906' title='bbox 2699 5283 3062 5361; x_wconf 59' lang='grc' dir='ltr'>δείκνρᾳθαι.</span> <span class='ocrx_word' id='word_1_907' title='bbox 3093 5281 3184 5337; x_wconf 83' lang='lat' dir='ltr'><strong>Sic</strong></span> <span class='ocrx_word' id='word_1_908' title='bbox 3205 5297 3481 5361; x_wconf 72' lang='lat' dir='ltr'><strong>manuscr.</strong></span> 
     </span>
    </p>
   </div>
   <div class='ocr_carea' id='block_1_116' title="bbox 1914 5352 3483 5474">
    <p class='ocr_par' dir='ltr' id='par_1_116' title="bbox 1914 5352 3483 5474">
     <span class='ocr_line' id='line_1_120' title="bbox 1914 5352 3483 5474; baseline -0.007 -59"><span class='ocrx_word' id='word_1_909' title='bbox 1914 5352 2134 5430; x_wconf 72' lang='lat' dir='ltr'><strong>quidam</strong></span> <span class='ocrx_word' id='word_1_910' title='bbox 2160 5377 2176 5428; x_wconf 92' lang='lat'><strong>;</strong></span> <span class='ocrx_word' id='word_1_911' title='bbox 2211 5352 2478 5421; x_wconf 45' lang='lat' dir='ltr'><strong>inncd&#39;il&#39;is,</strong></span> <span class='ocrx_word' id='word_1_912' title='bbox 2502 5355 2835 5426; x_wconf 86' lang='grc' dir='ltr'>ἐμμείναντα</span> <span class='ocrx_word' id='word_1_913' title='bbox 2861 5353 3118 5417; x_wconf 89' lang='grc' dir='ltr'>δείκνυσι,</span> <span class='ocrx_word' id='word_1_914' title='bbox 3160 5355 3368 5406; x_wconf 82' lang='lat' dir='ltr'><strong>omisso</strong></span> <span class='ocrx_word' id='word_1_915' title='bbox 3384 5352 3483 5474; x_wconf 55' lang='lat'><strong>:4-</strong></span> 
     </span>
     <span class='ocr_line' id='line_1_121' title="bbox 1915 5423 3483 5474; baseline 0 0"><span class='ocrx_word' id='word_1_916' title='bbox 1915 5447 1999 5474; x_wconf 74' lang='lat' dir='ltr'><strong>mn_</strong></span> <span class='ocrx_word' id='word_1_917' title='bbox 2036 5430 2148 5474; x_wconf 79' lang='lat' dir='ltr'><strong>Mm</strong></span> <span class='ocrx_word' id='word_1_918' title='bbox 2179 5427 2313 5474; x_wconf 68' lang='grc' dir='ltr'><strong>ὅλως</strong></span> <span class='ocrx_word' id='word_1_919' title='bbox 2342 5429 2492 5474; x_wconf 76' lang='lat' dir='ltr'><strong>deest</strong></span> <span class='ocrx_word' id='word_1_920' title='bbox 2525 5429 2580 5474; x_wconf 89' lang='lat' dir='ltr'><strong>in</strong></span> <span class='ocrx_word' id='word_1_921' title='bbox 2611 5425 2833 5474; x_wconf 71' lang='lat' dir='ltr'><strong>Sezuer.</strong></span> <span class='ocrx_word' id='word_1_922' title='bbox 2859 5423 3029 5474; x_wconf 81' lang='lat' dir='ltr'><strong>Paulo</strong></span> <span class='ocrx_word' id='word_1_923' title='bbox 3055 5431 3198 5474; x_wconf 84' lang='lat' dir='ltr'><strong>nost.</strong></span> <span class='ocrx_word' id='word_1_924' title='bbox 3227 5423 3356 5474; x_wconf 84' lang='lat' dir='ltr'><strong>editi</strong></span> <span class='ocrx_word' id='word_1_925' title='bbox 3421 5437 3483 5474; x_wconf 79' lang='lat' dir='ltr'><strong>a-</strong></span> 
     </span>
    </p>
   </div>
   <div class='ocr_carea' id='block_1_117' title="bbox 1915 5423 3484 5501">
    <p class='ocr_par' dir='ltr' id='par_1_117' title="bbox 1915 5423 3484 5501">
     <span class='ocr_line' id='line_1_122' title="bbox 1915 5423 3484 5501; baseline -0.006 -18"><span class='ocrx_word' id='word_1_926' title='bbox 1915 5423 2000 5501; x_wconf 70' lang='grc' dir='ltr'><strong>νῃ.</strong></span> <span class='ocrx_word' id='word_1_927' title='bbox 2031 5423 2313 5492; x_wconf 57' lang='grc' dir='ltr'>Μοιίόλως</span> <span class='ocrx_word' id='word_1_928' title='bbox 2342 5429 2492 5501; x_wconf 85' lang='lat' dir='ltr'><strong>deest</strong></span> <span class='ocrx_word' id='word_1_929' title='bbox 2510 5423 2591 5501; x_wconf 65' lang='lat' dir='ltr'><strong>in</strong></span> <span class='ocrx_word' id='word_1_930' title='bbox 2611 5425 2833 5501; x_wconf 67' lang='lat' dir='ltr'><strong>seguer.</strong></span> <span class='ocrx_word' id='word_1_931' title='bbox 2859 5423 3029 5501; x_wconf 67' lang='lat' dir='ltr'><strong>Paulo</strong></span> <span class='ocrx_word' id='word_1_932' title='bbox 3055 5431 3198 5494; x_wconf 89' lang='lat' dir='ltr'><strong>post,</strong></span> <span class='ocrx_word' id='word_1_933' title='bbox 3227 5423 3356 5501; x_wconf 71' lang='lat' dir='ltr'><strong>editi</strong></span> <span class='ocrx_word' id='word_1_934' title='bbox 3384 5423 3484 5501; x_wconf 69' lang='lat' dir='ltr'><strong>ha—</strong></span> 
     </span>
    </p>
   </div>
   <div class='ocr_carea' id='block_1_118' title="bbox 1917 5491 3478 5570">
    <p class='ocr_par' dir='ltr' id='par_1_118' title="bbox 1917 5491 3478 5570">
     <span class='ocr_line' id='line_1_123' title="bbox 1917 5491 3478 5570; baseline -0.006 -15"><span class='ocrx_word' id='word_1_935' title='bbox 1917 5491 2044 5556; x_wconf 73' lang='grc' dir='ltr'>Ιιὲηι</span> <span class='ocrx_word' id='word_1_936' title='bbox 2072 5501 2252 5570; x_wconf 81' lang='grc' dir='ltr'>μόνος,</span> <span class='ocrx_word' id='word_1_937' title='bbox 2291 5491 2382 5552; x_wconf 86' lang='lat' dir='ltr'><strong>sed</strong></span> <span class='ocrx_word' id='word_1_938' title='bbox 2419 5497 2577 5552; x_wconf 83' lang='lat' dir='ltr'><strong>male.</strong></span> <span class='ocrx_word' id='word_1_939' title='bbox 2639 5491 2856 5548; x_wconf 77' lang='lat' dir='ltr'><strong>Gobler.</strong></span> <span class='ocrx_word' id='word_1_940' title='bbox 2897 5491 3122 5564; x_wconf 56' lang='lat' dir='ltr'><strong>Seglttir.</strong></span> <span class='ocrx_word' id='word_1_941' title='bbox 3155 5501 3209 5547; x_wconf 87' lang='lat' dir='ltr'><strong>et</strong></span> <span class='ocrx_word' id='word_1_942' title='bbox 3238 5491 3387 5547; x_wconf 86' lang='lat' dir='ltr'><strong>Felc.</strong></span> <span class='ocrx_word' id='word_1_943' title='bbox 3424 5493 3478 5556; x_wconf 88' lang='grc'><strong>1,</strong></span> 
     </span>
    </p>
   </div>
   <div class='ocr_carea' id='block_1_119' title="bbox 1919 5571 3486 5708">
    <p class='ocr_par' dir='ltr' id='par_1_119' title="bbox 1919 5571 3486 5708">
     <span class='ocr_line' id='line_1_124' title="bbox 1991 5587 2098 5623; baseline 0.009 -1"><span class='ocrx_word' id='word_1_944' title='bbox 1991 5587 2098 5623; x_wconf 83' lang='grc' dir='ltr'>νον.</span> 
     </span>
     <span class='ocr_line' id='line_1_125' title="bbox 1919 5571 3486 5708; baseline -0.005 -14"><span class='ocrx_word' id='word_1_945' title='bbox 1919 5571 2100 5708; x_wconf 75' lang='grc' dir='ltr'><strong>μό(90)</strong></span> <span class='ocrx_word' id='word_1_946' title='bbox 2141 5637 2480 5706; x_wconf 79' lang='grc' dir='ltr'>Πνεύματος,</span> <span class='ocrx_word' id='word_1_947' title='bbox 2519 5651 2709 5691; x_wconf 85' lang='lat' dir='ltr'><strong>omnes</strong></span> <span class='ocrx_word' id='word_1_948' title='bbox 2761 5649 3036 5689; x_wconf 75' lang='lat' dir='ltr'><strong>tttanuscr.</strong></span> <span class='ocrx_word' id='word_1_949' title='bbox 3101 5631 3288 5699; x_wconf 66' lang='lat' dir='ltr'><strong>Editi,</strong></span> <span class='ocrx_word' id='word_1_950' title='bbox 3319 5632 3486 5704; x_wconf 45' lang='grc' dir='ltr'>σπείρῃ</span> 
     </span>
    </p>
   </div>
   <div class='ocr_carea' id='block_1_120' title="bbox 1915 5725 2810 5780">
    <p class='ocr_par' dir='ltr' id='par_1_120' title="bbox 1915 5725 2810 5780">
     <span class='ocr_line' id='line_1_126' title="bbox 1915 5725 2810 5780; baseline -0.001 -17"><span class='ocrx_word' id='word_1_951' title='bbox 1915 5725 2100 5780; x_wconf 82' lang='grc' dir='ltr'>ματος.</span> <span class='ocrx_word' id='word_1_952' title='bbox 2803 5731 2810 5736; x_wconf 58' lang='grc' dir='ltr'>ν</span> 
     </span>
    </p>
   </div>
  </div>
