3992 6230
540 286 675 350 I107

1209 289 1265 345 S.
1310 288 1678 346 ATIIANASII
1716 289 1865 346 OPP.
1909 287 2091 344 PARS
2124 286 2166 343 I.
2207 316 2275 327 —-
2312 283 2681 340 IIISTORICA
2716 283 2806 339 ΕΤ
2845 280 3259 339 DOGMATICA.

539 420 682 460 unus
713 412 817 468 est,
835 403 1029 469 Adam,
1062 402 1204 458 ﬁlius
1233 401 1581 474 intelligetur.
1604 402 1942 474 Nequeenim
1966 419 2095 475 pra:-

2205 402 2546 474 νοηθήσεται.
2574 398 2648 453 Οὑ
2674 398 2781 471 γὰρ
2809 396 2991 469 ἕτερός
3015 413 3100 461 τις
3124 396 3537 468 ἀναγέγραπται
3564 394 3758 466 ἀνθρω-

542 503 626 547 ter
648 492 938 557 Adamum,
969 484 1061 564 qui
1110 509 1177 549 ex
1213 503 1353 548 terra
1392 500 1497 559 est,
1524 492 1663 549 alius
1692 494 1962 564 quispiam
2004 494 2101 549 de-

540 586 778 655 scriptus
822 594 905 641 est
929 585 1117 652 homo,
1149 587 1243 657 qui
1284 586 1339 641 in
1369 585 1509 642 caelo
1539 585 1722 653 fuerit,
1757 596 1814 639 ιιι
1848 602 1912 640 ex
1949 587 2101 643 caelis

537 691 737 748 corpus
765 678 958 734 habeat
984 678 1255 742 Christus,
1274 690 1328 733 et
1348 677 1493 732 ﬁlius
1520 677 1757 733 hominis
1786 678 1875 741 sit,
1901 691 1966 732 ex
1993 678 2100 733 alio

538 766 606 820 ab
650 767 879 823 Adamo.
937 767 1278 838 Quapropter
1330 767 1613 822 Matthmus
1667 768 1884 838 quidem
1929 768 2096 822 ﬁlium

534 858 808 913 Abraham
855 868 911 915 et
948 858 1119 915 David
1160 858 1311 915 illum
1356 858 1632 925 describit,
1658 862 1956 920 secundum
1981 874 2100 915 car-

536 965 658 1005 nem
690 950 907 1017 ;Lucas
934 966 1064 1007 vero
1094 966 1220 1005 eum
1266 950 1397 1006 Adae
1430 960 1483 1006 et
1516 949 1608 1005 Dei
1636 949 1829 1005 Filium
1860 959 2097 1007 enarrat.

537 1037 594 1094 Si
618 1040 804 1111 itaque
821 1040 1233 1113 Evangeliorum
1255 1040 1507 1111 discipuli
1535 1040 1688 1107 estis,
1709 1056 1778 1096 ne
1802 1039 2098 1111 loquamini

534 1128 802 1187 adversus
835 1129 1005 1186 Deum
1040 1131 1406 1200 iniquitatem,
1437 1131 1530 1187 sed
1575 1129 1882 1202 Scripturas
1905 1145 2099 1200 resque

535 1227 717 1289 gestas
767 1222 1077 1276 sectamini.
1127 1219 1286 1288 Quod
1333 1223 1377 1276 si
1431 1228 1626 1291 praeter
1654 1235 1717 1275 ea
1756 1236 1876 1289 quae
1898 1219 2100 1289 scripta

533 1317 681 1371 sunt,
707 1309 810 1363 alia
841 1309 988 1380 loqui
1017 1310 1072 1366 in
1104 1310 1288 1365 animo
1316 1310 1407 1373 sit,
1441 1325 1538 1364 cur
1563 1309 1849 1364 adversum
1885 1323 1984 1364 nos
2004 1308 2098 1362 de-

530 1400 774 1467 certatis,
813 1400 908 1470 qui
957 1400 1107 1458 nulla
1153 1402 1362 1468 audire,
1388 1402 1472 1455 vel
1526 1400 1705 1471 eloqui
1766 1400 2097 1457 sustinemus

534 1500 723 1554 praeter
763 1504 827 1544 ea
873 1506 995 1561 quae
1035 1491 1238 1562 scripta
1269 1492 1431 1546 sunt?
1461 1507 1582 1546 cum
1625 1490 1888 1546 Dominus
1916 1489 2092 1546 dicat:

535 1575 592 1630 Si
620 1581 920 1636 mameritie
949 1581 1007 1635 in
1031 1597 1265 1637 sermone
1287 1598 1421 1648 meo,
1446 1598 1559 1637 vere
1584 1581 1733 1637 liberi
1754 1582 1902 1636 eritis
1920 1581 1986 1637 ⁸⁸.

604 1665 656 1721 9.
683 1664 804 1735 Quo
825 1677 985 1738 pacto
1005 1670 1170 1743 igitur
1200 1680 1296 1726 aut
1322 1670 1510 1727 ﬁdeles
1537 1676 1632 1726 aut
1666 1668 1963 1726 Christiani
1997 1669 2095 1725 hac

2206 511 2308 559 πος
2330 496 2387 546 ὲν
2408 490 2619 565 οὐρανῷ
2642 490 2889 561 ὑπάρξας
2921 487 3070 561 παρὰ
3093 487 3183 541 τὸν
3209 489 3275 541 ὲκ
3305 487 3407 557 γῆς
3436 485 3606 557 Ἀδὰμ
3627 485 3758 548 (9|),

2208 584 2295 638 ἵνα
2317 584 2410 637 καὶ
2440 582 2499 649 ἐξ
2524 579 2764 655 οὑρανῶν
2795 581 2892 651 ἔχῃ
2926 580 2987 631 τὸ
3013 578 3192 648 σῶμα,
3219 576 3313 630 καὶ
3338 577 3451 642 υἱὸς
3474 574 3760 648 ἀνθρώπου

2201 672 2236 749 ᾗ
2272 674 2423 746 παρά
2444 673 2535 727 τὸν
2561 673 2745 742 Ἀδάμ.
2774 671 2862 724 Διὸ
2882 673 2910 725 ὁ
2937 669 3034 741 μὲν
3054 669 3328 732 Ματθαῖος
3349 669 3461 722 υἱὸν
3506 666 3758 738 Ἀϐραὰμ

2209 767 2302 820 καὶ
2333 766 2495 819 Δαὸὶδ
2543 764 2842 836 ἀναγράφει
2886 764 2947 817 τὸ
2982 762 3122 816 κατά
3158 761 3365 833 σάρκα·
3404 763 3433 815 ό
3456 761 3516 815 δὲ
3544 761 3761 824 Λουκᾶς

2208 858 2323 912 υἱὸν
2358 856 2517 911 αὑτὸν
2543 854 2654 927 (92)
2678 855 2771 908 τοῦ
2802 854 2972 926 Ἀδὰμ
3009 853 3102 907 καὶ
3124 853 3215 906 τοῦ
3250 852 3385 906 Θεοῦ
3432 851 3759 922 γενεαλογεῖ.

2210 950 2275 1003 EI
2311 949 2488 1001 τοίνυν
2517 946 2750 1019 μαθηταί
2775 948 2896 1000 ἐστε
2919 945 3027 1000 τῶν
3053 945 3418 1014 Εὐαγγελίων,
3452 944 3526 1016 μὴ
3550 944 3763 997 λαλεῖτε

2205 1041 2345 1095 κατὰ
2372 1039 2464 1093 τοῦ
2501 1040 2634 1093 Θεοῦ
2656 1040 2866 1095 ἀδικίαν
2896 1058 2909 1071 ·
2934 1039 3068 1093 ἀλλά
3094 1039 3350 1108 στοιχεῖτε
3376 1038 3488 1100 τοῖς
3515 1052 3765 1106 γεγραμ-

2209 1131 2393 1203 μένοις
2421 1131 2516 1185 κα).
2537 1130 2845 1202 γενομένοις
2879 1130 3011 1200 (9'5).
3043 1130 3105 1182 Ei
3138 1129 3196 1183 δὲ
3217 1129 3379 1200 ἔτερα
3401 1126 3549 1197 παρὰ
3569 1125 3645 1179 τὰ
3671 1141 3767 1194 γε-

2200 1227 2493 1296 γραμμένα
2514 1222 2693 1278 λαλεῖν
2719 1220 2992 1293 βούλεσθε,
3014 1220 3067 1274 τί
3088 1220 3222 1291 πρὸς
3242 1221 3390 1291 ἡμᾶς
3407 1216 3765 1288 διαμάχεσθε.

2197 1315 2325 1378 τοὺς
2350 1315 2486 1386 μήτε
2515 1312 2731 1368 ἀκούειν
2757 1315 2892 1385 μήτε
2922 1310 3098 1382 λέγειν
3121 1311 3230 1383 (94)
3254 1310 3402 1382 παρὰ
3419 1309 3488 1364 τὰ
3516 1325 3768 1380 γεγραμμ-

2203 1402 2341 1474 μένα
2372 1400 2771 1473 πειθομένους;
2813 1401 3061 1471 λέγοντος
3095 1399 3188 1454 τοῦ
3222 1399 3446 1471 Κυρίου,
3487 1399 3569 1452 ὃτι
3620 1398 3767 1452 Ἐὰν

2202 1491 2371 1562 ὑμεῖς
2399 1491 2641 1560 μείνητε
2671 1491 2740 1544 ἐν
2767 1490 2848 1557 τῷ
2870 1491 3029 1560 λόγῳ
3052 1488 3132 1555 τῷ
3164 1487 3304 1558 ἐμῷ,
3356 1486 3542 1553 ὅντως
3590 1488 3765 1542 ἐλεύ-

2200 1586 2358 1652 θεροι
2391 1583 2625 1638 ἔσεσθε.

2269 1678 2328 1733 9.
2368 1674 2495 1739 Πῶς
2519 1669 2613 1728 οὖν
2641 1673 2719 1726 ἔτι
2761 1671 2941 1727 πιστοὶ
2976 1671 3009 1742 ἢ
3043 1670 3360 1741 Χριστιανοὶ
3390 1670 3764 1743 νομισθείητε,

535 1759 791 1824 Ιιειιιιιὶηἰ,
829 1761 920 1831 qui
953 1775 1132 1833 neque
1160 1762 1459 1818 secundum
1502 1762 1669 1816 verba
1696 1761 1989 1831 Scripturae
2013 1762 2095 1817 in-

2199 1768 2248 1821 οἰ
2296 1769 2434 1839 μήτε
2466 1767 2578 1830 τοῖς
2622 1765 2827 1835 ῥήμασι
2873 1765 2985 1826 τοῖς
3034 1761 3437 1833 γεγραμμένοις
3491 1760 3770 1832 ποιχοῦν-

531 1851 747 1917 ceditis,
782 1868 958 1922 neque
986 1853 1149 1910 rebus
1179 1853 1344 1924 gestis
1379 1853 1541 1909 ﬁdem
1574 1853 1814 1918 habetis;
1861 1853 1953 1907 sed
1996 1868 2095 1907 au-

532 1938 672 1995 detis
706 1957 770 1996 ea
817 1958 939 2012 quae
968 1958 1134 2013 supra
1167 1954 1419 2000 naturam
1474 1952 1604 2000 sunt
1632 1945 1902 1999 delinire?
1935 1943 2094 1998 Nun-

530 2033 658 2106 quid
710 2050 899 2104 parum
957 2035 1100 2091 vobis
1137 2046 1213 2090 est
1246 2037 1490 2091 molestos
1541 2053 1652 2091 esse
1697 2037 2014 2103 hominibus,
2045 2047 2096 2092 et

532 2143 628 2181 cur
656 2127 859 2183 molesti
887 2128 1013 2181 estis
1040 2126 1264 2181 Domino
1297 2127 1342 2159 ἰ’
1367 2128 1390 2181 ?
1437 2126 1573 2183 Nam
1609 2129 1655 2184 si
1684 2129 1778 2199 qui
1817 2131 2097 2201 prophetis

535 2232 641 2270 non
670 2215 1016 2284 crediderint,
1061 2219 1409 2275 condemnati
1463 2230 1608 2284 sunt,
1663 2230 1871 2293 quanto
1922 2222 2097 2293 magis

533 2304 626 2373 qui
662 2321 766 2360 non
796 2307 1144 2363 crediderunt
1164 2309 1269 2380 ipsi
1292 2309 1564 2366 Domino?
1589 2309 1805 2367 Etenim
1836 2328 1960 2384 quae
1982 2314 2099 2383 ipse

534 2402 722 2466 voluit,
751 2411 805 2458 et
832 2419 954 2474 quas
978 2404 1093 2476 ipse
1115 2406 1378 2462 arbitratu
1403 2423 1504 2463 suo
1541 2408 1652 2478 egit
1687 2409 1754 2463 ad
1786 2409 2097 2481 abrogatio-

534 2510 654 2549 nem
681 2497 888 2566 peccati
920 2506 974 2554 et
998 2499 1214 2568 mortis,
1259 2517 1357 2556 cur
1406 2502 1515 2557 alio
1566 2512 1621 2557 et
1667 2502 1881 2558 diverso
1933 2504 2096 2560 modo

532 2596 790 2637 enarrare
822 2592 915 2639 aut
939 2585 1179 2655 cogitare
1212 2589 1464 2645 audetis?
1505 2589 1559 2644 Si
1593 2590 1915 2646 conﬁtemur
1945 2609 2092 2661 eum,

531 2684 584 2728 et
610 2676 724 2745 ipse
770 2679 1115 2736 conﬁtebitur
1157 2699 1293 2740 nos:
1341 2685 1387 2740 si
1426 2701 1710 2757 negamus,
1739 2696 1793 2743 et
1836 2690 1953 2760 ipse
1995 2705 2096 2745 nos

533 2767 782 2834 negabit:
813 2770 861 2826 si
894 2768 1054 2826 ﬁdem
1088 2772 1165 2828 illi
1197 2788 1305 2829 non
1338 2776 1626 2845 habemus,
1662 2779 1753 2833 ille
1783 2779 1958 2834 ﬁdelis
1981 2796 2097 2836 ma-

533 2866 644 2922 net,
674 2859 913 2930 seipsum
964 2864 1111 2919 enim
1144 2880 1342 2935 negare
1396 2870 1603 2939 nequit.
1635 2869 1895 2936 Quaenam
1932 2871 2096 2940 igitur

533 2950 841 3019 huiusmodi
868 2966 1049 3016 vestra
1093 2959 1360 3017 immensa
1394 2963 1645 3031 stultitia,
1693 2974 1753 3019 ut
1793 2965 2096 3036 loquamini

2194 1875 2285 1922 τες
2313 1855 2421 1927 (95)
2443 1895 2457 1919 ,
2494 1856 2630 1928 μήτε
2662 1856 2773 1917 τοῖς
2808 1851 3119 1923 γενομένοις
3151 1851 3494 1922 πειθόμενοι,
3530 1852 3667 1905 ἀλλὰ
3696 1850 3768 1905 τά

2195 1949 2335 2023 ὑπὲρ
2369 1947 2528 2019 φύσιν
2558 1944 2759 2019 ὁρίζειν
2786 1944 3122 2016 τολμῶντες;
3156 1939 3228 1999 Ἦ
3250 1944 3465 2013 μικρὸν
3490 1943 3636 2015 ὑμῖν
3660 1944 3768 2000 ἀν-

2196 2040 2450 2109 θρώποις
2507 2038 2786 2108 παρέχειν
2844 2036 3070 2108 ἀγῶνα,
3130 2037 3230 2091 καί
3286 2036 3413 2103 πῶς
3472 2035 3765 2107 παρέχετε

2196 2134 2396 2206 ἀγῶνα
2429 2134 2656 2202 Κυριῳ;
2688 2134 2752 2186 Εί
2781 2132 2889 2204 γὰρ
2933 2134 2982 2185 οἱ
3020 2132 3324 2203 προφήταις
3360 2131 3766 2208 ἀπιστῄσαντες

2197 2224 2632 2298 κατεκρίθησαν,
2698 2225 2848 2294 πόσῳ
2919 2223 3117 2294 μᾶλλον
3182 2225 3231 2276 οἱ
3304 2224 3377 2294 μὴ
3450 2222 3762 2294 πειθόμενοι

2195 2317 2345 2390 αὑτῷ
2381 2316 2490 2389 (96)
2517 2316 2595 2388 τῷ
2626 2316 2902 2393 Δεσπότης
2942 2316 3008 2369 ’Λ
3045 2316 3153 2387 γὰρ
3194 2315 3356 2379 αὑτδς
3387 2314 3621 2386 ἠθέλησε
3667 2315 3766 2368 καὶ

2196 2410 2483 2479 εὐδόκησεν
2514 2410 2594 2472 είς
2626 2407 2878 2479 ἀθέτησιν
2915 2407 3012 2477 τῆς
3042 2407 3315 2478 ἁμαρτίας
3347 2407 3440 2460 καὶ
3472 2405 3567 2460 τοῦ
3600 2406 3763 2461 θανά-

2197 2519 2310 2565 του,
2342 2500 2456 2565 πῶς
2486 2501 2644 2572 ὑμεῖς
2674 2499 2834 2571 ἕτερα
2875 2497 2990 2552 ἀνθ’
3027 2499 3227 2568 ἑτέρων
3268 2498 3446 2566 λέγειν
3475 2497 3510 2569 ἢ
3546 2501 3762 2568 φρονεῖν

2195 2592 2426 2663 τολμᾶτε
2446 2607 2461 2655 ;
2485 2570 2548 2644 Ei
2568 2570 2956 2663 ὁμολογοῦμεν,
2980 2590 3226 2652 κάκεῖνος
3247 2588 3571 2659 ὁμολογήσει
3592 2589 3757 2658 ἡμᾶς’

2196 2684 2242 2736 εί
2272 2681 2599 2756 ἀρνούμεθα.
2629 2684 2877 2746 κάκεῖνος
2904 2682 3198 2753 ἀρνήσεται
3230 2682 3374 2752 ἡμᾶς
3394 2698 3408 2711 ·
3432 2681 3478 2732 εί
3505 2678 3763 2734 ἀπιστοῦ-

2200 2792 2319 2847 μεν,
2373 2775 2577 2838 ἐκεῖνος
2624 2773 2813 2837 πιστὸς
2866 2773 3046 2845 μένεν
3088 2770 3424 2844 ἀρνήσασθαι
3477 2770 3588 2841 γὰρ
3638 2771 3763 2823 ἑαυ-

2196 2867 2286 2921 τὸν
2307 2866 2416 2938 (97)
2441 2868 2499 2920 οὐ
2525 2866 2766 2921 δύναται.
2803 2867 2899 2930 Τίς
2922 2861 3014 2920 οὖν
3043 2865 3198 2938 ὑμῶν
3220 2867 3252 2937 ἡ
3277 2864 3512 2937 τοσαύτη
3536 2865 3762 2917 ἀπόνοια

2202 2960 2299 3031 τῆς
2331 2960 2621 3032 ἀμετρίας,
2653 2958 2832 3013 λαλεῖν
2872 2957 2940 3012 τά
2987 2956 3060 3028 μὴ
3098 2955 3478 3027 γεγραμμένα,
3510 2954 3605 3009 καὶ
3633 2971 3763 3025 φρο-

533 3058 654 3109 quae
699 3046 899 3116 scripta
930 3065 1039 3104 non
1072 3060 1199 3107 sunt
1230 3092 1246 3115 ,
1288 3061 1342 3109 et
1371 3053 1462 3108 illa
1498 3055 1747 3112 sentiatis
1778 3071 1901 3127 qua
1919 3057 2095 3112 aliena

2199 3056 2306 3107 νεῖν
2337 3053 2591 3124 ἀλλότρια
2616 3053 2715 3123 τῆς
2747 3049 3059 3119 εὑσεϐείας;
3084 3048 3195 3102 Καὶ
3225 3047 3334 3119 γὰρ
3358 3048 3455 3100 καὶ
3481 3044 3763 3116 όμοοὺσιον

534 3142 662 3188 sunt
687 3150 716 3188 a
751 3137 986 3204 pietate?
1034 3138 1246 3196 Etenim
1279 3159 1502 3201 carnem
1537 3144 1807 3200 divinitati
1854 3148 2095 3203 consub-

2199 3144 2294 3217 τὴν
2324 3145 2504 3218 σάρκα
2534 3145 2633 3216 τῆς
2661 3143 2911 3213 θεότητος
2945 3141 3122 3211 λέγειν
3150 3141 3472 3211 ἐπιχειρεῖτε
3491 3179 3507 3202 ,
3539 3138 3602 3190 οὑ
3638 3153 3761 3189 συν-

532 3228 834 3283 stantialem
859 3230 1039 3288 dicere
1067 3235 1299 3301 audetis,
1331 3251 1436 3291 non
1471 3236 1816 3297 advertentes
1837 3240 1890 3294 in
1918 3239 2096 3312 dupli—

528 3336 649 3377 cem
704 3338 802 3378 vos
848 3324 1103 3382 incidisse
1163 3327 1519 3398 impietatem.
1579 3327 1788 3387 Idcirco
1836 3332 1981 3391 enim
2038 3333 2095 3389 in

533 3411 674 3468 hanc
712 3417 1033 3472 sententiam
1068 3418 1310 3474 animum
1335 3422 1643 3491 appulistis,
1673 3431 1734 3478 ut
1764 3423 1848 3479 vel
1873 3439 2095 3481 carnem

529 3505 756 3583 negetis.
785 3508 867 3561 vcl
902 3508 955 3562 in
998 3507 1258 3567 Deitatem
1318 3512 1707 3583 blasphemetis
1731 3557 1746 3579 ,
1797 3517 2039 3574 dicentes
2077 3535 2092 3573 :

529 3590 687 3648 Certe
709 3609 807 3649 nos
834 3611 956 3651 eum
998 3600 1089 3668 qui
1117 3614 1183 3655 ex
1212 3599 1379 3656 Maria
1411 3611 1572 3659 natus
1597 3613 1698 3673 est,
1725 3607 2094 3672 consubstan-

530 3682 708 3743 tialem
756 3685 903 3743 Patri
962 3689 1217 3747 dicimus.
1271 3692 1442 3749 Porro
1490 3695 1609 3752 haec
1645 3706 1823 3754 vestra
1852 3741 1867 3765 ,
1929 3715 2094 3770 quam

530 3775 844 3842 praeclaram
905 3781 1252 3847 existimatis,
1283 3784 1542 3854 loquendi
1570 3787 1730 3853 ratio,
1772 3798 1866 3844 aut
1907 3805 2096 3860 super-

530 3867 660 3932 ﬂua,
690 3878 785 3927 aut
819 3873 986 3930 stulta
1017 3876 1481 3945 comprobabitur.
1520 3878 1731 3938 Etenim
1761 3881 1888 3952 quis
1915 3896 1946 3936 e
1974 3881 2097 3944 ﬁde-

537 3958 677 4015 libus
708 3977 814 4019 non
882 3964 1204 4025 conﬁteatur
1242 3966 1410 4023 Deum
1437 3968 1699 4038 Verbum,
1726 3972 1821 4042 qui
1855 3973 2093 4040 advenit,

529 4059 584 4104 ct
611 4069 676 4105 cx
698 4063 894 4109 sancta
921 4053 1143 4128 Virgine
1182 4057 1353 4116 Maria
1380 4060 1547 4116 homo
1582 4062 1804 4132 prodiit,
1838 4061 2097 4134 Patrique

527 4142 1010 4200 consubstantialis
1038 4156 1142 4214 est,
1167 4163 1234 4203 ex
1257 4150 1468 4205 semine
1493 4151 1747 4216 Abrahae,
1772 4153 1927 4223 cujus
1954 4152 2098 4208 ﬁlius

529 4236 859 4299 recehsetur,
894 4237 1170 4292 hominem
1214 4255 1335 4296 esse
1376 4240 1577 4298 factum
1612 4260 1625 4296 :
1677 4252 1771 4297 aut
1815 4244 2046 4304 Verbum
2077 4286 2094 4311 ,

531 4321 641 4377 Deo
677 4327 1162 4395 consubstantiale,
1195 4334 1496 4393 secundum
1528 4349 1745 4390 carnem
1776 4334 1948 4390 ﬁlium
1989 4333 2094 4390 Da-

2195 3237 2426 3309 ορῶντες
2470 3235 2661 3307 διπλῆν
2706 3235 2833 3305 ὑμῖν
2870 3233 3165 3306 γενομένην
3198 3232 3313 3303 (98)
3332 3232 3429 3303 τὴν
3457 3229 3771 3298 ἁπάντησιν’

2194 3327 2296 3398 τῆς
2337 3327 2609 3392 ἀσεϐείας.
2649 3325 2831 3381 Ταῦτα
2860 3327 2967 3398 γὰρ
3004 3326 3132 3396 ὑμῖν
3169 3324 3507 3394 ἐπινενόηται
3545 3320 3756 3388 λέγειν,

2197 3418 2284 3475 ἵνα
2320 3419 2354 3490 ἢ
2386 3418 2484 3491 τὴν
2513 3419 2689 3491 σάρκα
2715 3415 3043 3490 ἀρνήσησθε,
3070 3415 3103 3487 ἢ
3136 3414 3233 3488 τὴν
3266 3415 3491 3486 θεότητα
3524 3412 3757 3482 βλασφη-

2198 3513 2429 3583 μήσητε,
2464 3511 2732 3580 λέγοντες,
2761 3510 2923 3580 φησίν
2941 3528 2956 3541 ο
2995 3509 3182 3579 Ἡμεῖς
3209 3507 3298 3560 τὸν
3325 3508 3390 3560 ὲκ
3431 3505 3651 3579 Μαρίας
3678 3504 3759 3557 λέ-

2195 3615 2361 3673 γομεν
2401 3599 2680 3671 ὀμοούσιον
2720 3599 2828 3670 (99)
2864 3598 2957 3652 τοῦ
2991 3597 3224 3670 Πατρός.
3254 3594 3403 3667 Αὕτη
3443 3595 3502 3648 δὲ
3541 3594 3695 3665 ὑμῶν
3725 3596 3759 3665 ἡ

2194 3690 2517 3767 νομιζομένη
2547 3691 2682 3762 εὑιρη
2690 3691 2785 3762 μία
2805 3688 3145 3763 δειχθήσεται
3165 3687 3198 3761 ἢ
3221 3688 3511 3760 περίεργος
3531 3686 3565 3757 ἥ
3597 3687 3754 3755 ἀνόη-

2193 3801 2302 3848 τος.
2366 3784 2535 3842 Ἐπεὶλ
2563 3784 2647 3847 τίς
2687 3783 2796 3836 τῶν
2841 3782 3046 3836 πιστῶν
3103 3782 3204 3835 οὑκ
3240 3779 3306 3835 ἂν
3353 3779 3755 3852 ὁμολογήσειεν,

2193 3876 2275 3928 ὅτι
2302 3877 2330 3929 ὁ
2361 3875 2700 3949 ἐπιδημήσας
2731 3874 2863 3938 Θεὸς
2892 3873 3060 3942 Λόγος
3081 3912 3095 3938 ,
3131 3873 3224 3926 καὶ
3256 3873 3321 3926 ἐκ
3347 3872 3626 3941 Παρθένου
3666 3872 3759 3940 τῆς

2194 3965 2356 4035 ἁγίας
2383 3966 2601 4038 Μαρίας
2634 3963 2910 4037 προελθὼν
2934 3963 3235 4034 ἅνθρωπος,
3258 3960 3537 4032 όμοούσιος
3564 3960 3642 4013 ὢν
3669 3958 3757 4012 τοῦ

2197 4058 2429 4134 Πατρὸς,
2465 4059 2530 4111 ἐκ
2564 4058 2872 4128 σπέρματος
2926 4055 3177 4128 Ἀϐραὰμ
3205 4053 3427 4122 γέγονεν
3454 4052 3755 4124 ἄνθρωπος,

2193 4145 2255 4204 οὗ
2298 4150 2389 4202 καὶ
2418 4149 2533 4212 υἱὸς
2564 4149 2973 4225 ἀναγέγραπται
3045 4146 3139 4199 καὶ
3174 4146 3254 4198 ὅτι
3298 4146 3327 4197 ό
3357 4144 3640 4215 ὁμοούσιος
3668 4142 3755 4196 τοῦ

2195 4240 2330 4293 Θεοῦ
2364 4240 2533 4310 Λόγος
2580 4240 2764 4308 γέγονε
2797 4238 2937 4293 κατά
2968 4236 3145 4308 σάρκα
3177 4237 3290 4299 υίὸς
3322 4235 3415 4288 τοῦ
3449 4238 3645 4300 Δαϐἐδ;
3675 4238 3757 4290 Διὸ

2198 4331 2294 4385 καὶ
2318 4332 2382 4384 ἐκ
2412 4331 2722 4405 σπέρματος
2745 4330 2837 4387 τοῦ
2866 4330 3026 4384 Δαϐὶδ
3053 4329 3329 4403 προφῆται
3361 4331 3456 4384 καὶ
3476 4328 3756 4382 ἀπόστολοι

529 4412 615 4466 vid
640 4412 843 4471 factum
869 4418 1030 4472 esse?
1059 4417 1184 4476 Ideo
1230 4422 1528 4493 praphetae,
1564 4424 1816 4493 apostoli,
1849 4434 1903 4480 et
1926 4439 2094 4483 evan-

2199 4427 2294 4480 καὶ
2327 4425 2710 4494 εὐαγγελισταὶ
2738 4423 3115 4494 γενεαλογοῦσι
3142 4424 3234 4478 τὸν
3271 4424 3507 4495 Χριστὸν
3534 4422 3595 4476 τὸ
3628 4422 3759 4476 κατᾶ

528 4497 732 4571 gelistie
757 4503 1038 4561 Christum
1068 4523 1133 4562 ex
1158 4511 1369 4565 semine
1417 4509 1585 4567 David
1626 4512 1925 4567 secundum
1978 4528 2098 4573 car.-

530 4611 652 4649 nem
679 4605 862 4652 ortum
895 4599 1119 4656 duxisse
1145 4611 1389 4657 narrant.
1434 4603 1721 4670 Quomodo
1748 4605 1942 4676 igitur,
1972 4620 2095 4661 cum

531 4686 646 4744 hzec
661 4688 880 4754 dicatis,
912 4690 1022 4744 n'on
1048 4693 1369 4750 erubescitis
1396 4710 1616 4750 carnem
1641 4712 1763 4766 quae
1799 4713 1861 4750 cx
1892 4697 2098 4752 semine

603 4802 648 4834 ⁸⁸
680 4802 838 4858 Joan.
875 4820 998 4870 vm,
1029 4807 1118 4870 55,
1154 4806 1242 4861 36.
1318 4805 1364 4842 δ’
1406 4808 1507 4863 Isa.
1536 4825 1631 4873 vn,
1661 4808 1743 4862 i5.

603 4922 713 4992 (91)
738 4921 851 4975 Τὸν
875 4923 943 4976 ἐκ
965 4919 1078 4991 γῆς
1101 4920 1306 4991 Ἀδάμ.
1334 4921 1427 4979 Sic
1450 4922 1573 4994 Seg.
1603 4922 1759 4978 Gobl.
1792 4922 1933 4979 Felc.
1965 4927 2014 4989 l,
2039 4927 2092 4980 in

525 4994 688 5048 editis
718 4994 871 5048 deest
902 4995 966 5046 ἐκ
991 4994 1115 5061 γῆς.

597 5063 714 5132 (92)
749 5064 941 5125 Αὐτόν,
954 5062 1156 5132 βοεὶιη
1185 5071 1241 5117 et
1289 5062 1367 5118 sic
1390 5061 1655 5127 Nannius,
1686 5062 1870 5131 sicque
1917 5063 2095 5132 legen-

525 5134 657 5214 du_m
691 5131 920 5189 videtur.
951 5131 1094 5187 Editi
1123 5143 1179 5187 et
1204 5134 1423 5203 quidam
1457 5147 1735 5192 manuscr.
1766 5131 2091 5193 habentqu-

525 5221 715 5356 c0295)
750 5274 866 5356 βα)
897 5272 1208 5344 γενομένοις
1236 5273 1387 5328 deest
1413 5272 1467 5328 in
1496 5272 1643 5343 Seg.,
1668 5285 1770 5328 nec
1796 5271 1992 5327 lectum
2010 5282 2095 5330 est

525 5361 556 5486 ἦ
866 5413 1005 5486 S_eg._
1032 5427 1191 5486 quem
1226 5412 1417 5486 secuti
1438 5427 1647 5486 sumus.
1689 5410 1861 5486 Editi,
1891 5411 2090 5486 λέγειν.

524 5480 703 5539 Paulo"
721 5491 847 5553 post
873 5482 1030 5538 Gobl.
1052 5480 1121 5553 et
1151 5481 1293 5537 Felc.
1316 5485 1367 5546 l,
1392 5484 1482 5542 ὅτι
1507 5484 1569 5537 Εἰ
1601 5483 1777 5553 ὑμεῖς.
1813 5480 1931 5553 Mox
1965 5482 2090 5553 seg.

714 5552 874 5636 .Felc.
912 5553 934 5604 I
986 5562 1039 5607 et
1079 5551 1298 5609 Graecus
1321 5554 1614 5623 Scriptura:
1644 5551 1849 5615 trxtus,
1881 5551 2087 5605 ἔσεσθε.

526 5622 687 5679 ιτὶαίιί.
712 5623 855 5677 ἐστέ.
1450 5622 1461 5623 ί

601 5693 713 5763 (9‘5)
753 5692 828 5747 Ita
867 5690 990 5762 Seg.
1021 5691 1256 5747 Gobl.et
1281 5690 1424 5747 Fclc.
1451 5693 1500 5746 1.
1541 5689 1680 5746 Editi

570 5820 627 5841 -θι

1780 5708 1856 5757 ro,
1881 5692 1928 5743 οἱ
1955 5692 2088 5763 μήτε

2202 4520 2401 4590 σάρκα.
2437 4517 2562 4581 Πῶς
2588 4513 2680 4572 οὖν
2714 4517 2885 4571 ταῦτα
2910 4515 3154 4586 λέγοντες
3186 4516 3286 4571 οὐκ
3323 4516 3633 4589 ὲρυθριᾶτε,

2198 4608 2379 4679 σάρκα
2399 4647 2415 4673 ,
2448 4608 2544 4679 τὴν
2586 4610 2651 4661 ὲκ
2684 4607 2995 4680 σπέρματος
3030 4606 3194 4661 Δαϐὶδ
3235 4606 3754 4677 γενεαλογουμένην,

2199 4700 2482 4772 όμοούσιον
2513 4701 2607 4754 τοῦ
2654 4700 2825 4770 Λόγου
2864 4700 3319 4770 ἀποφαινόμενοις
3352 4699 3423 4753 Ἢ
3457 4699 3653 4762 πάλιν,
3690 4699 3758 4760 ὡς

2199 4931 2309 4991 τοῖς
2339 4925 2739 5007 γεγραμμένοις
2771 4923 3102 4994 πειθόμενοι,
3139 4924 3274 4995 μήτε
3314 4924 3427 4985 τοῖς
3456 4923 3756 4993 γενομένοις

2202 5014 2552 5066 στοιχουντες.

2272 5068 2386 5134 (96)
2427 5065 2519 5121 Sic
2547 5081 2735 5121 omnes
2762 5080 2893 5124 mss.
2926 5071 3122 5134 praeter
3146 5061 3293 5134 Felc.
3314 5061 3372 5134 2.
3393 5061 3446 5115 in
3468 5077 3602 5134 quo,
3622 5072 3689 5134 fut
3709 5070 3755 5115 et

2198 5138 2251 5193 in
2280 5130 2473 5196 editis.
2504 5135 2651 5205 αὑτῷ
2678 5137 2848 5191 deest.
2883 5130 3024 5189 Infra
3050 5130 3194 5204 ‘Seg.
3225 5132 3384 5188 Gobl.
3413 5142 3468 5185 et
3492 5131 3673 5188 Felck.
3708 5135 3752 5192 l,

2199 5206 2399 5275 ἐτέρων
2432 5206 2466 5275 ἢ
2498 5205 2675 5273 λέγειν
2701 5206 2756 5275 ἢ.
2784 5274 2789 5275 ί
2829 5273 2837 5275 _
2980 5237 3005 5275 ς
3100 5273 3110 5275 _
3169 5271 3181 5275 _

2238 5244 2397 5347 "(533'
2422 5244 2583 5330 ὅοῖιῖῘ
2597 5244 2675 5329 “.1;
2703 5244 2941 5329 IFelckm.
2973 5273 3025 5336 ι,
3053 5271 3234 5326 αὐτόν.

2272 5346 2381 5391 (98)
2422 5345 2570 5391 Sam-
2591 5345 2901 5391 γινομένην.
2944 5341 3164 5391 Ibidem-
3197 5342 3323 5391 Sen-
3353 5340 3511 5391 Gobl.
3555 5341 3698 5391 Felc.
3728 5339 3747 5391 I

2272 5340 2381 5417 (98)
2422 5345 2570 5425 ξος..
2591 5345 2901 5428 γινομένην.
2944 5341 3164 5405 Ibidem,
3197 5342 3323 5423 βεδε.
3353 5340 3511 5396 Gobl.
3555 5341 3698 5421 Fflc.
3728 5340 3747 5391 Ι

2196 5425 2248 5469 et
2279 5415 2635 5486 Anglicanus,
2665 5414 2763 5486 τὴν
2799 5413 3089 5486 απάτησιν.
3117 5412 3257 5467 Editi
3288 5426 3416 5466 vero
3448 5420 3503 5468 et
3534 5410 3752 5481 aliqﬁ‘v

2199 5484 2524 5557 ἀπάντησιν,
2551 5484 2731 5557 dubia
2745 5484 2927 5557 Iectig.

2272 5548 2546 5625 (99)'Seg.
2584 5554 2741 5610 Gobl.
2775 5563 2828 5608 et
2867 5552 3104 5609 Felckm.
3142 5552 3192 5619 I,
3235 5550 3481 5622 λέγοντες
3514 5548 3580 5621 δὴ
3604 5551 3753 5621 iuni:

2196 5625 2286 5678 τὸν
2321 5629 2382 5678 ὲκ
2408 5626 2622 5696 Μαρίας
2654 5625 2952 5696 ὁμοούσιον.

3626 280 3757 337 1108
3811 323 3820 332 .

3932 1764 3937 2007 ι
