3992 6230
295 226 429 281 “09

1241 236 1525 293 CONTRA
1558 238 2072 298 APOLLINARIUM
2115 245 2313 302 LIBER
2354 197 2630 306 PRIMUS.

3384 259 3515 313 Mill

293 343 516 434 ἔφαμεν,
557 345 797 418 ἀνοήτως
835 348 1007 404 ταῦτα
1047 351 1254 422 λέγετε,
1288 355 1349 408 ού
1379 356 1643 420 νοοῦντες,
1671 358 1752 410 ὅτι
1795 357 1854 410 τὸ

1972 361 2134 417 David
2162 375 2278 420 orta
2333 376 2606 434 narratur,
2635 370 3152 426 consubstantialem
3194 369 3336 425 Patri
3373 389 3507 429 asse-

289 433 572 506 όμοούσιον
603 437 701 509 τὴν
746 439 843 509 μὲν
885 441 1188 514 ταυτότητα
1219 444 1316 515 τῆς
1361 443 1574 514 φύσεως
1617 446 1726 517 ἔχει
1757 447 1855 517 (1),

289 527 389 597 τὴν
446 527 504 580 δὲ
561 527 696 583 ίδίαν
749 531 1061 604 τελειότητα
1125 535 1183 586 ὲν
1241 536 1418 606 ἑαυτῷ
1471 538 1854 594 ἐπιδείκνυται.

291 618 504 691 Ὥσπερ
552 619 660 691 γὰρ
704 623 734 675 6
785 623 931 688 Υἱὸς,
981 624 1265 696 ὁμοούσιος
1321 628 1458 700 πρὸς
1507 631 1598 685 τὸν
1641 632 1858 704 Πατέρα

289 710 718 784 ὁμολογούμενος
745 713 839 785 (2),
874 715 1076 782 τέλειος
1105 719 1242 790 πρὸς
1264 719 1468 774 τέλειον
1495 722 1855 793 ὁμολογεῖται,

290 801 433 855 καθά
464 804 557 856 καὶ
589 805 649 858 τὸ
679 807 831 876 ἅγιον
861 806 1086 880 Πνεῦμα
1105 827 1119 840 ⁸
1151 810 1432 883 ὁμοούσιος
1462 814 1570 886 γὰρ
1601 815 1634 886 ἡ
1665 816 1854 887 Τριάς.

289 896 496 949 Δώσετε
524 894 616 951 οὖν
639 901 734 952 καὶ
754 903 818 971 τῇ
840 902 1107 975 ὁμοουσίῳ
1134 908 1298 978 σαρκὶ
1320 905 1396 977 (5)
1425 908 1522 980 τὴν
1550 908 1858 964 τελειότητα

289 988 426 1058 πρὸς
471 991 536 1060 τῇ
569 990 664 1044 τοῦ
706 992 878 1061 Λόγου
913 995 1207 1068 τελειότητι
1228 1015 1242 1030 ο
1279 998 1428 1054 ἔσται
1459 1000 1516 1053 δὲ
1557 1000 1679 1054 καθ’
1716 1003 1859 1073 ὑμᾶς

284 1080 483 1150 τετρὰς
530 1082 650 1136 ἀντὶ
693 1083 920 1156 Τριόιδος
977 1089 1472 1163 καταγγελλομένη.
1527 1093 1637 1146 Καὶ
1689 1091 1792 1159 τίς;
1820 1096 1854 1164 ἡ

283 1173 519 1244 τοσαύτη
549 1175 760 1230 ἐπίνοια
792 1177 890 1248 τῆς
923 1179 1211 1247 ἀσεϐείαςς
1262 1247 1264 1249 ς

355 1462 440 1516 10.
496 1464 656 1519 Ἀλλά
687 1465 873 1535 λέγετε
894 1487 908 1500 ·
958 1468 1272 1542 ὐμοούσιος
1304 1473 1492 1542 γέγονε
1528 1472 1604 1544 (4)
1638 1472 1728 1529 τοῦ
1752 1475 1857 1530 Λό-
1923 1530 1932 1538 ,

280 1570 382 1621 γου
424 1556 458 1624 ἡ
495 1555 648 1627 σάρξ.
677 1557 803 1621 Πῶς
836 1559 1058 1629 γέγονεν
1084 1561 1397 1632 ὁμοούσιος;
1430 1562 1654 1618 Είπατε.
1687 1565 1859 1634 Λόγος

279 1644 526 1713 γέγονεν,
547 1647 684 1700 ἀλλά
712 1650 806 1702 καὶ
831 1649 1054 1722 Πνεῦμα
1074 1652 1313 1722 γέγονεν.
1341 1655 1404 1708 Εἰ
1426 1655 1483 1708 δὲ
1497 1655 1631 1721 ὅλως
1650 1656 1857 1726 γίνεται

280 1711 474 1807 θεότης
502 1738 566 1790 ὲκ
602 1711 1011 1810 μεταποιήσεως
1049 1711 1097 1812 ἡ.
1115 1711 1189 1814 pi)
1223 1742 1383 1812 φύσει
1409 1740 1544 1798 οῦσα
1567 1711 1778 1817 θέότης,
1805 1748 1858 1802 τί
1890 1711 1932 1766 Β

279 1826 460 1881 τοίνυν
491 1829 768 1900 μέμφεσθε
816 1832 1132 1904 ’Λρειανοῖς,
1159 1835 1364 1906 ταύτην
1403 1836 1532 1908 περ)⁹
1559 1836 1652 1890 τοῦ
1684 1838 1857 1907 Λόγου

279 1920 740 1993 προϐαλλομένοις
768 1924 867 1995 τὴν
896 1924 1136 1992 έννοιαν;
1165 1927 1360 1981 Καίτοι
1383 1929 1484 2000 τῆς
1515 1929 1738 2001 Γραφῆς
1772 1931 1861 1985 λε-

276 2009 483 2082 γούσης
522 2010 634 2082 (5),
678 2013 731 2065 '0
755 2013 945 2082 Λόγος
981 2013 1138 2084 σὰρξ
1168 2016 1452 2086 γέγονεν,
1481 2017 1601 2088 οὐχ).
1641 2019 1705 2073 Ἦ
1726 2018 1859 2092 σὰρξ

275 2100 452 2171 Λόγος
467 2103 707 2171 γέγονεν,
743 2104 800 2158 ’0
833 2106 1002 2174 Λόγος
1018 2105 1074 2159 δὲ
1099 2107 1232 2180 σάρξ
1260 2108 1503 2178 γέγονεν,
1527 2111 1741 2181 εἴρηται
1759 2111 1857 2183 (6)°

273 2189 360 2243 ὅτι
391 2189 487 2244 τοῦ
519 2191 693 2260 Λόγου
721 2194 942 2262 γέγονεν
966 2196 998 2267 ὴ
1031 2194 1189 2269 σὰρξ,
1217 2198 1312 2251 καὶ
1341 2198 1440 2253 οὐκ
1465 2199 1752 2272 ἀνθρώπου
1780 2219 1862 2255 τι-

274 2282 368 2344 νός
391 2301 404 2314 ·
430 2283 708 2336 τουτέστιν
735 2284 764 2336 6
794 2284 924 2350 Θεὸς
947 2285 1233 2359 ἄνθρωπος
1259 2289 1448 2360 γέγονε
1469 2308 1482 2321 ·
1507 2293 1602 2346 καὶ
1621 2292 1858 2362 λέγεται,

273 2373 422 2446 Σάρξ
453 2375 704 2443 γέγονεν,
746 2377 832 2431 ἵνα
880 2379 954 2449 μὴ
992 2380 1385 2453 παραδράμητε
1422 2383 1523 2454 τῆς
1556 2385 1758 2458 σαρκὸς
1800 2387 1862 2441 τὸ

271 2462 468 2534 δνομα.
509 2466 571 2518 El
597 2466 776 2519 τοίνυν
814 2468 887 2539 μὴ
928 2469 1184 2540 ἀρκεῖσθε
1223 2475 1286 2544 τῇ
1319 2473 1608 2546 ἀσυγχύτῳ
1643 2475 1719 2547 (7)
1755 2492 1858 2544 φυ-

275 2555 403 2624 σι-κῇ
434 2552 622 2607 ὲνώσει
653 2555 755 2610 τοῦ·
777 2557 954 2626 Λόγου
984 2559 1122 2631 πρὸς
1148 2561 1246 2633 τὴν
1281 2562 1416 2616 ἰδίαν
1441 2563 1604 2630 αὐτοῦ
1635 2565 1861 2637 γενομέ-

270 2663 374 2715 νην
406 2647 618 2718 σάρκα·
667 2648 763 2702 καὶ
791 2650 874 2703 ὅτι
918 2651 955 2702 6‘
995 2651 1125 2716 Θεὸς
1169 2652 1457 2726 ἄνθρωπος
1495 2657 1717 2726 γέγονε·
1766 2658 1861 2714 νῦν

269 2738 399 2792 οὕτε
427 2729 676 2804 ἀκούετε,
707 2740 828 2795 οῦτε
855 2743 1133 2798 πιστεύειν
1158 2744 1432 2816 βούλεσθε,
1465 2751 1566 2804 οὐκ
1589 2751 1861 2825 ἀρκούμε-

268 2848 355 2885 νοι
381 2831 522 2903 ὑπὲρ
549 2834 728 2888 πᾶσιν
745 2835 986 2890 ἐπίνοιαν
1001 2837 1277 2908 εὐφημίας
1307 2839 1464 2911 σῶμα
1481 2841 1613 2895 Θεοῦ
1635 2843 1862 2901 ἀκούον-

269 2939 386 2987 τες,
442 2922 583 2977 κατά
633 2925 722 2979 τὸν
763 2925 1025 3001 λέγοντα·
1079 2931 1184 2996 Ὃς
1237 2935 1754 3004 μετασχηματίσει
1794 2936 1858 2990 τὸ

1960 459 2195 513 verare?
2247 457 2342 513 Vel
2377 476 2618 527 rursum,
2667 471 2726 515 ut
2757 461 3057 530 aiebamus,
3104 463 3218 518 haec
3247 464 3407 519 stulte
3438 465 3502 519 di-

1960 549 2105 614 citis,
2139 566 2244 606 non
2282 550 2665 621 intelligentes,
2717 551 2859 620 quod
2909 561 2993 607 est
3036 555 3517 618 consubstantiale.

1959 641 2208 696 eamdem
2238 642 2454 712 quidem
2480 651 2728 699 naturam
2765 644 2963 700 habere
2989 663 3003 712 ;
3032 647 3308 714 propriam
3338 655 3518 702 tamen

1959 731 2345 803 perfectionem
2381 735 2436 789 in
2474 735 2652 804 scipso
2676 735 2952 791 exhibere.
2987 734 3138 790 Sicut
3174 738 3317 792 enim
3351 737 3520 792 Filius

1961 828 2052 899 qui
2089 827 2570 885 consubstantialis
2597 827 2742 881 Patri
2793 828 3122 894 declaratur,
3157 829 3429 898 perfectus
3464 830 3520 884 in

1959 919 2199 992 perfecto
2225 920 2569 992 agnoscitur;
2607 920 2688 974 sic
2717 929 2770 974 et
2823 919 3060 988 Spiritus
3087 929 3307 976 sanctus
3341 940 3353 974 :
3385 937 3518 974 con-

1962 1013 2336 1070 substantialis
2367 1013 2512 1068 enim
2544 1024 2628 1068 est
2677 1009 2935 1067 Trinitas.
2983 1011 3190 1067 Dabitis
3232 1028 3360 1079 ergo
3390 1028 3521 1068 con-

1959 1104 2305 1162 substantiali
2336 1104 2507 1168 carni,
2546 1101 2706 1175 742
2735 1102 3118 1173 perfectionem
3162 1114 3356 1174 praeter
3396 1103 3522 1158 Filii

1961 1194 2348 1265 perfectionem
2387 1214 2401 1249 :
2452 1205 2506 1250 et
2558 1195 2855 1250 secundum
2906 1211 3004 1250 vos
3045 1196 3381 1265 quaternitas
3426 1212 3523 1265 pro

1961 1283 2228 1340 Trinitate
2260 1284 2665 1356 pradicabitur.
2727 1282 3082 1354 Ecquodnam
3124 1282 3258 1338 illud
3313 1294 3520 1338 tantum

1961 1375 2256 1446 impietatis
2285 1374 2699 1430 commentum?

2034 1468 2122 1526 10.
2148 1466 2254 1524 Sed
2277 1466 2493 1522 dicitis:
2521 1465 2662 1522 Caro
2685 1465 2828 1520 facta
2855 1473 2941 1521 est
2967 1463 3148 1520 Verbo
3167 1463 3527 1520 consubstan-

1966 1561 2131 1616 tialis.
2163 1561 2284 1629 Qua
2311 1561 2525 1615 ratione
2572 1557 2714 1614 facta
2755 1569 2837 1614 est
2866 1557 3390 1614 consubstantialis?
3417 1556 3526 1611 Bc-

1964 1654 2248 1724 spondete.
2273 1651 2506 1707 Verbum
2534 1653 2674 1706 facta
2718 1658 2824 1716 est,
2876 1652 2971 1704 sed
3012 1656 3068 1703 et
3116 1645 3353 1718 Spiritus
3387 1646 3526 1701 facta

1960 1754 2066 1803 est.
2105 1745 2250 1800 Sane
2278 1744 2323 1800 si
2351 1760 2416 1800 ea
2455 1759 2577 1814 quae
2616 1750 2810 1797 natura
2842 1757 2941 1797 sua
2981 1740 3238 1797 divinitas
3272 1753 3380 1793 non
3423 1749 3527 1802 est,

1958 1855 2054 1910 per
2088 1837 2445 1894 mutationem
2475 1836 2731 1892 divinitas
2756 1833 3040 1898 efﬁciatur,
3064 1849 3162 1888 cur
3191 1831 3358 1902 igitur
3374 1830 3530 1884 Aria-

1961 1943 2062 1983 nos
2090 1925 2340 1996 arguitis,
2369 1925 2463 1995 qui
2487 1923 2628 1979 hanc
2649 1925 2714 1978 de
2743 1921 2922 1978 Verbo
2945 1920 3270 1977 sententiam
3313 1919 3367 1972 in
3409 1934 3524 1972 me-

1962 2019 2112 2074 dium
2139 2016 2414 2073 afferunt?
2437 2015 2588 2072 Licet
2611 2014 2892 2086 Scriptura
2923 2014 3070 2070 dicat
3098 2054 3112 2078 ,
3162 2011 3385 2066 Verbum
3402 2027 3527 2064 caro

1963 2112 2166 2182 factum
2201 2121 2280 2166 est
2315 2111 2384 2174 '°,
2421 2124 2528 2165 non
2555 2107 2764 2164 dictum
2807 2116 2910 2172 est,
2949 2105 3090 2163 Caro
3114 2105 3354 2161 Verbum
3385 2105 3528 2160 facta

1959 2212 2064 2270 est,
2097 2203 2212 2270 sed,
2240 2201 2477 2258 Verbum
2496 2218 2626 2258 caro
2653 2200 2856 2256 factum
2889 2209 2972 2255 est
2995 2218 3008 2254 :
3031 2198 3158 2270 quia
3189 2197 3352 2254 Verbi
3387 2196 3525 2253 facta

1960 2305 2044 2353 est
2071 2312 2219 2363 caro,
2253 2305 2308 2350 et
2345 2309 2454 2350 non
2490 2293 2736 2350 hominis.
2767 2291 3088 2361 cujusdam;
3134 2289 3187 2346 id
3233 2300 3315 2345 est
3339 2329 3354 2354 ,
3383 2287 3554 2348 Deus,

1962 2390 2127 2444 homo
2148 2386 2324 2442 factus
2348 2394 2464 2443 cst:
2496 2395 2550 2440 et
2570 2384 2793 2449 dicitur,
2819 2382 2960 2440 Caro
2984 2382 3160 2439 factus
3188 2391 3292 2448 est,
3318 2398 3385 2437 ne
3409 2398 3522 2438 car-

1960 2482 2050 2537 nis
2092 2495 2288 2535 nomen
2320 2477 2824 2550 praetermitteretis.
2884 2475 2942 2529 Si
2993 2476 3175 2546 itaque
3219 2475 3376 2531 vobis
3417 2491 3554 2538 non,

1963 2572 2160 2630 sufﬁcit
2213 2570 2480 2626 naturalis
2525 2569 2618 2624 illa
2667 2568 2785 2624 sine
2833 2565 3156 2624 confusione
3194 2563 3359 2619 Verbi
3401 2579 3526 2618 cum

1960 2666 2181 2738 propria
2209 2681 2373 2720 carne
2402 2663 2567 2720 unio:
2599 2670 2655 2718 et
2678 2659 2825 2733 quod
2851 2661 2992 2722 Deus
3018 2659 3184 2721 homo
3209 2656 3384 2713 factus
3423 2658 3525 2723 sit;

1963 2768 2108 2816 certe
2128 2758 2243 2830 jam
2281 2771 2459 2826 neque
2501 2754 2916 2823 attdire,,,nequ,e
2945 2751 3165 2806 credere
3203 2749 3390 2817 vultis,
3429 2765 3529 2803 nec
3584 2748 3592 2756 '

1962 2851 2099 2907 satis
2140 2849 2296 2906 vobis
2335 2857 2441 2914 est,
2472 2861 2595 2904 cum
2633 2845 2686 2900 id
2724 2845 2868 2917 quod
2914 2857 3131 2897 omnem
3182 2841 3530 2898 commenda-

1965 2943 2163 2999 tionem
2199 2950 2420 3012 superat
2446 2979 2463 3005 ,
2498 2953 2701 3010 corpus
2740 2936 2949 2996 scilicet
2984 2933 3103 3000 Dei,
3130 2933 3401 3003 audiatis,
3438 2931 3530 2986 ubi

270 3013 449 3110 σῶμα
477 3014 587 3084 τῆς
611 3019 1019 3088 ταπεινώσεως
1044 3019 1234 3091 ἡμῶν,
1264 3025 1352 3091 είς
1378 3024 1444 3078 τὸ
1475 3025 1752 3095 γενέσθαι
1783 3027 1858 3100 (8)

1964 3035 2198 3092 dicitur:
2241 3033 2348 3110 Qui
2393 3033 2791 3102 transformabit
2835 3046 3022 3104 corpus
3073 3026 3388 3082 humilitatis
3434 3040 3530 3078 no-

269 3107 424 3161 αῠτὸ
472 3109 827 3180 σύμμορφον
866 3112 949 3179 τῷ
990 3115 1218 3186 σώματι
1261 3115 1376 3187 τῆς
1413 3117 1598 3188 δόξης
1632 3121 1850 3177 αὐτοῦ·

269 3200 398 3270 ἥτις
436 3199 554 3254 ἐστὶ
587 3203 829 3274 σημασία
857 3205 951 3259 τοῦ
990 3207 1274 3278 μέλλοντος
1300 3209 1516 3276 αἰῶνος,
1543 3213 1638 3267 καὶ
1664 3212 1744 3268 ἔτι
1770 3214 1857 3269 λέ-

267 3306 433 3358 γεται
467 3291 626 3362 σῶμα
651 3294 749 3364 τῆς
773 3293 929 3366 δόξης
950 3297 1135 3352 αὐτοῦ.
1165 3299 1278 3353 Καὶ
1301 3301 1330 3355 6
1354 3301 1559 3374 Κύριος
1587 3303 1643 3357 δὲ
1670 3303 1852 3374 λέγει·

271 3385 458 3437 Ὅταν
502 3383 649 3453 ἔλθῃ
683 3390 715 3440 ὁ
750 3388 882 3454 Υἱὸς
923 3390 1028 3444 τοῦ
1074 3391 1417 3461 ἀνθρώπου·
1464 3395 1555 3450 τὸν
1603 3396 1730 3452 Υίδν
1760 3398 1855 3452 τοῦ

268 3477 412 3531 Θεοῦ
454 3478 566 3531 υἱὸν
602 3478 890 3552 ἀνθρώπου
926 3481 1215 3554 γενόμενον
1247 3483 1395 3553 λέγει
1429 3486 1506 3558 (9)
1527 3505 1540 3518 ·
1571 3489 1762 3561 κριτήν
1795 3508 1855 3543 τε

268 3569 405 3624 ὅντα
434 3571 649 3636 ζώντων
673 3573 768 3626 καὶ
792 3574 1024 3646 νεκρῶν,
1057 3576 1152 3630 κα).
1183 3575 1406 3647 βασιλέα
1436 3579 1529 3632 καὶ
1560 3580 1856 3652 Δεσπότην,

269 3664 375 3725 καὶ
408 3662 541 3717 Θεὸν
573 3663 846 3735 ἀληθινόν.
903 3666 1063 3720 Ἀλλά
1091 3667 1333 3741 ἀναιρεῖν
1373 3669 1629 3740 βούλεσθε
1671 3673 1732 3726 τὸ
1762 3673 1857 3725 τοῦ

274 3753 532 3826 σώματος
577 3755 771 3827 ὄνομα,
817 3755 852 3828 ἢ
896 3756 958 3810 τὸ
1002 3755 1084 3811 ἔτι
1134 3757 1388 3828 λέγεσθαι
1433 3760 1718 3833 ἄνθρωπον
1765 3763 1882 3827 τὸν,

270 3846 538 3917 Χριστόν.
581 3847 706 3912 Πῶς
752 3847 832 3902 ἔτι
871 3847 969 3914 τὰς
1006 3849 1155 3914 θείας
1197 3850 1420 3921 Γραφὰς
1468 3851 1861 3921 ἀναγινώσκειν

269 3937 544 4004 δύνασθε;
577 3939 669 3992 τοῦ
713 3941 810 4011 μὲν
845 3940 1128 3994 Ματθαίου
1152 3943 1454 4014 γράφοντος
1474 3962 1486 3974 ·
1514 3945 1732 4013 Βίϐλος
1770 3963 1877 4016 τεο.

269 4031 506 4097 ⁴νέσεως
537 4033 740 4101 Ἰησοῦ
761 4033 1039 4104 Χριστοῦ,
1056 4035 1192 4089 υίοῦ
1211 4037 1410 4101 Δαϐὶδ,
1434 4039 1567 4093 υἱοῦ
1595 4039 1860 4110 Ἀϐραάμ*

269 4123 374 4177 τοῦ
402 4124 458 4178 δὲ
502 4126 747 4180 Ἰωάννου
772 4143 785 4156 ·
831 4128 927 4181 Ἐν
951 4125 1110 4196 ἀρχῇ
1139 4123 1218 4199 ἦν
1247 4131 1280 4182 ὁ
1311 4130 1523 4199 Λόγος,
1545 4131 1642 4184 καὶ
1679 4133 1711 4184 ὁ
1747 4133 1859 4185 Λό-

1964 3138 2111 3193 strtz,
2154 3137 2212 3182 ut
2263 3127 2334 3181 sit
2382 3125 2768 3196 conﬁguratum
2819 3123 3027 3193 corpori
3075 3119 3260 3190 gloria:
3307 3133 3415 3171 sua
3438 3116 3528 3171 “z

1964 3237 2086 3293 quae
2113 3226 2197 3276 est
2224 3218 2393 3275 futuri
2429 3217 2610 3273 saeculi
2640 3216 2986 3287 significatio.
3032 3213 3100 3269 Et
3145 3222 3405 3284 praeterea
3451 3211 3532 3264 di-

1962 3315 2142 3378 citur,
2172 3327 2374 3382 corpus
2406 3311 2591 3380 gloria:
2613 3310 2779 3365 illius.
2831 3309 2950 3378 ipse
2998 3321 3217 3378 quoque
3271 3303 3555 3358 Dominus.

1961 3405 2075 3471 ait:
2109 3402 2244 3458 Cum
2286 3403 2478 3458 venerit
2510 3399 2931 3463 Filiushominis
2964 3398 3010 3429 “
3040 3414 3055 3463 ;
3092 3394 3289 3450 Filium
3319 3392 3434 3459 Dei,
3471 3393 3532 3445 ﬁ-

1967 3495 2099 3551 lium
2126 3493 2368 3548 hominis
2397 3491 2602 3546 factum
2633 3490 2766 3548 dicit
2791 3507 2806 3543 :
2831 3489 3082 3562 ,j‘udicem
3116 3500 3332 3556 quoque
3377 3483 3531 3537 vivo-

1965 3601 2083 3640 rum
2098 3591 2152 3639 et
2169 3592 2531 3647 mortuorum,
2545 3596 2628 3647 _ac
2643 3595 2820 3650 regem
2839 3578 3257 3646 Dominumquc,
3286 3583 3338 3630 et
3366 3573 3530 3628 Deum

1965 3692 2174 3732 verum.
2219 3674 2323 3728 Sed
2355 3673 2603 3750 corporis
2628 3685 2826 3726 nomen
2853 3685 2884 3724 e
2910 3667 3089 3722 medio
3130 3665 3317 3720 tollere
3347 3664 3529 3728 vultis,
3561 3723 3568 3729 _

1965 3779 2128 3839 atque
2156 3767 2222 3830 id
2241 3765 2480 3835 assequi,
2519 3773 2579 3819 ut
2603 3778 2672 3818 ne
2698 3762 2840 3824 ultra
2870 3761 3080 3816 dicatur
3095 3757 3373 3814 Christum
3409 3770 3553 3818 esse,

1963 3859 2260 3916 hominem.
2313 3858 2432 3924 Quo
2461 3855 2690 3926 potestis
2733 3852 2917 3907 animo
2961 3849 3173 3912 divinas
3219 3847 3533 3922 Scripturas

1960 3953 2137 4008 adhuc
2198 3950 2418 4022 legere?
2473 3946 2612 4003 Cum
2669 3943 2956 4000 Matthmus
3005 3939 3226 4012 quidem
3279 3938 3529 4022 scribat:

1958 4040 2115 4095 Liber
2140 4021 2491 4111 generationis
2512 4033 2643 4089 Iesu
2669 4031 2890 4097 Christi,
2911 4027 3011 4098 ﬁlii
3034 4025 3228 4092 David,
3247 4024 3347 4094 lilii
3365 4021 3533 4076 Abra-

1961 4133 2183 4202 ham";
2217 4131 2456 4187 Joannes
2499 4144 2668 4184 vero:
2719 4124 2786 4179 In
2837 4121 3097 4193 principio
3126 4129 3238 4173 erat
3286 4114 3532 4178 Verbum,

272 4234 386 4290 TOC
413 4212 492 4288 ἦν
517 4217 667 4286 πρὸς
700 4217 804 4273 τὸν
834 4221 1012 4275 Θεόν·
1050 4221 1149 4278 καὶ
1179 4221 1325 4289 Θεὸς
1352 4219 1499 4293 ἧκε).
1521 4225 1736 4295 ΛόκροςΓ
1761 4224 1863 4279 Λό-

1969 4225 2277 4283 εικ-ιῖετὸαηι
2307 4234 2423 4278 erat
2451 4221 2590 4290 apud
2613 4219 2802 4282 Deum,
2826 4227 2872 4271 et
2899 4215 3042 4269 Deus
3069 4220 3184 4266 erat
3219 4208 3444 4264 Verbum
3463 4208 3532 4262 ⁸⁵.

349 4395 398 4428 ⁵ο
438 4393 596 4452 Joan.
625 4412 664 4462 ι,
707 4396 790 4450 14.
870 4398 913 4429 ⁸³
951 4396 1186 4470 Philipp.
1218 4414 1298 4462 ιιι,
1333 4399 1424 4455 21.
1507 4401 1551 4432 ⁵¹
1590 4399 1759 4458 Marc.
1788 4416 1863 4456 νη

1964 4401 2030 4456 i8.
2109 4400 2158 4434 ⁸³
2195 4398 2383 4454 Matth.
2419 4412 2458 4462 ι,
2494 4396 2544 4453 Ι.
2613 4394 2658 4426 ⁵⁸
2695 4392 2856 4446 Joan.
2891 4407 2928 4454 ι,
2956 4391 3030 4452 1.,

353 4558 428 4636 (1)
471 4557 641 4636 Editi,
658 4557 759 4636 τῆς
779 4557 994 4636 φύσεως
1015 4558 1318 4636 ἀδιαίρετον
1344 4559 1476 4630 ἔχει.
1511 4560 1616 4618 Sed
1647 4563 1712 4627 in,
1728 4562 1883 4636 Seg._

273 4628 440 4687 GObl.
471 4640 524 4701 et
553 4628 790 4701 Felclsm.
826 4631 850 4684 1
883 4629 1035 4701 deest
1067 4628 1390 4701 ἀδιαίρετονζ

355 4701 432 4769 (2)
475 4698 862 4770 seguerianus,
895 4698 1143 4768 θεολογού
1153 4698 1331 4770 μενος.

354 4768 429 4841 (5)
476 4768 553 4849 Τῇ
576 4768 1215 4849 ,ὁμοοῃσίῳσαρκίκδιε
1232 4768 1383 4849 Seg.,
1401 4778 1455 4824 et
1471 4771 1543 4824 ita
1562 4771 1688 4849 legit
1715 4771 1859 4849 Nan-

273 4839 432 4915 nius.
465 4839 534 4894 At
574 4842 628 4893 in
673 4840 834 4895 editis
882 4839 1098 4911 legitur,
1131 4841 1198 4910 τῇ
1235 4839 1328 4892 τοῦ
1358 4839 1640 4910 ὀμοουσίοῦ
1675 4844 1886 4915 σαρκί,

276 4912 469 4966 minus
503 4920 666 4965 recte.

357 4979 434 5051 (4)
477 4978 602 5050 Seg.
641 4978 811 5051 Gobl,_
830 4988 883 5034 et
910 4978 1144 5051 Felckm.
1182 4979 1235 5043 1,
1257 4980 1546 5051 Δὁμοούσιον
1573 4981 1858 5051 γεγονέναι

275 5048 700 5176 (δεςζᾶέγονε).
729 5048 849 5114 Πῶς
871 5050 1086 5121 ἐγένετο
1108 5048 1420 5122 (imbutae;
1444 5048 1676 5117 Εἴπατε,
1698 5061 1753 5107 ει
1784 5053 1857 5106 ita

277 5122 416 5176 leuit
491 5123 707 5176 annius.

301 5123 416 5192 egit
442 5123 709 5192 Nannius.
821 5190 841 5192 ᾼ
913 5181 917 5185 ,

356 5190 434 5262 (5)
478 5191 603 5246 Haec
629 5191 793 5247 refert
814 5190 1053 5252 Joannes
1087 5191 1394 5262 Maxentius
1413 5192 1468 5246 in
1499 5208 1596 5248 sua
1618 5193 1686 5249 de
1704 5193 1858 5248 Chri-

279 5261 375 5318 εισ
415 5262 775 5332 Ρνοίεεείωιθ,
811 5263 911 5316 sub
947 5264 1182 5325 initium,
1219 5261 1304 5315 bis
1335 5263 1515 5317 verbis
1551 5281 1566 5317 :
1598 5263 1856 5318 Beatissi-

280 5351 373 5387 mo
403 5333 585 5397 simul,
607 5345 761 5404 atque
788 5334 1097 5404 doctissimo,
1116 5333 1404 5404 Athanasio
1427 5333 1662 5388 dicente:
1692 5352 1710 5385 ι
1732 5332 1860 5404 Ver-

281 5405 411 5458 bum
440 5421 585 5470 caro,
616 5423 634 5454 ι
663 5402 766 5458 non
814 5420 937 5456 caro
983 5403 1200 5458 Verbum
1256 5419 1274 5451 ι
1306 5402 1505 5471 factum
1543 5413 1640 5458 est.
1670 5423 1690 5458 ι
1729 5402 1861 5458 Ver-

283 5479 410 5527 bum
441 5484 618 5528 autem
635 5490 756 5528 caro
793 5475 992 5542 factum
1020 5474 1232 5544 dicitur,
1259 5474 1385 5540 quia
1421 5472 1574 5544 Verbi
1601 5475 1745 5544 facta
1784 5484 1860 5528 est

279 5561 430 5609 caro,
461 5555 510 5598 et
533 5560 640 5597 non
656 5544 881 5613 alicujus
905 5544 1129 5601 hominis
1152 5557 1171 5596 :
1195 5542 1288 5595 hoc
1313 5552 1410 5609 est,
1438 5543 1576 5598 Deus
1601 5542 1758 5598 homo
1778 5545 1862 5613 fa-

280 5624 399 5666 ctus
429 5629 527 5672 est.
548 5625 598 5668 et
622 5615 817 5667 dicitur
839 5631 982 5678 caro,
1019 5615 1424 5683 neprwtereatis
1445 5617 1626 5676 paruis
1654 5632 1886 5677 uomen._

288 5683 398 5739 Cur
423 5702 545 5757 ergo
581 5700 691 5738 non.
715 5685 898 5754 suﬁicit
924 5687 1086 5738 nobis.
1111 5684 1372 5738 naturalis
1412 5685 1577 5742 unitio
1617 5684 1768 5740 Verbi
1793 5689 1860 5738 ad

1959 4563 2226 4634 propriam
2260 4577 2492 4634 carnem,
2521 4568 2569 4614 et
2593 4557 2719 4630 quia
2749 4553 3074 4634 Deusltomo
3107 4555 3278 4624 [actus
3305 4560 3403 4606 est.
3426 4548 3506 4605 Νυ

1963 4627 2224 4701 ιε,ἠοὺὶε
2261 4632 2549 4700 irrepsisse
2584 4627 2682 4701 pro
2709 4627 2874 4682 vobis.

2034 4703 2118 4775 (6),
2142 4704 2213 4775 '_H_
2230 4691 2389 4770 σὰρξ
2411 4691 2601 4775 Λόγορςἶ
2622 4698 2868 4768 εἴρηται.
2900 4693 2992 4775 Sic
3024 4694 3172 4757 editi,
3204 4691 3422 4746 omissis
3452 4691 3536 4742 in-

1965 4767 2276 4843 terpositis,
2291 4767 2938 4843 _quaeAe)_i,_Seg._m_ut_uati
2969 4779 3182 4843 sumus.
3233 4828 3246 4843 '

2036 4826 2212 4915 (ἥγιη
2248 4826 2373 4915 Se'g.
2407 4826 2568 4915 Gobl.
2589 4826 2657 4903 ,εἶ
2685 4835 3012 4915 _Felck_m.nl,
3041 4828 3330 4915 ἀσυγχύτξρ
3357 4826 3531 4915 deest.

1966 4899 2112 4976 Mox:
2149 4899 2821 4982 abcoﬁ'kevouévnvdeest
2844 4906 2898 4960 in
2928 4903 3051 4982 Seg.
3083 4901 3140 4956 In
3163 4899 3322 4982 ’Q‘obll.
3352 4905 3533 4982 autem

1966 4919 2112 4976 Mox,
2149 4919 2313 4966 αὑτοῦ
2347 4919 2821 4982 γενομένην-σεεμ
2844 4921 2898 4960 tu
2928 4919 3051 5024 δεέ.
3083 4919 3140 4956 In
3167 4919 3322 4955 υυυι.
3352 4919 3532 4950 autem

1965 4995 2020 5037 et
2052 4981 2291 5038 Felckm.
2326 4981 2349 5035 1
2387 4980 2542 5036 deest
2574 4989 2786 5035 tantum
2827 4991 2994 5044 γενομ
3025 4988 3145 5042 νην.
3184 4967 3354 5022 Paulo
3390 4978 3532 5035 post,

1968 5052 2091 5108 Sea.
2127 5051 2366 5106 ἀκούειν.

2010 5071 2845 5193 Ε(ἒΰέἅυεπῖἕ).(γενέσθαιςηόεεει
2895 5110 3151 5193 in_Gobl.
3208 5106 3445 5193 Felcltm.
3469 5107 3532 5193 Ὦς,

1965 5177 2248 5264 8εξζίΡοεὶ
2282 5177 2562 5264 μέλλοντος
2585 5185 2780 5248 αἰῶνος
2808 5182 3322 5264 ηουτεεξοιιηοεενὲιιι
3339 5177 3534 5264 inedi-

1963 5247 2197 5334 tisfqua:
2221 5247 2679 5334 mutuatiisu'mus
2709 5247 2775 5310 es
2807 5247 2928 5324 δὸς.
2951 5251 3108 5308 Gobl.
3135 5259 3189 5306 et
3214 5247 3450 5304 Felckm.
3478 5247 3530 5310 l,

1971 5328 2146 5404 usque
2178 5334 2245 5404 ad
2275 5331 2369 5404 και
2401 5333 2430 5384 ὁ
2454 5328 2678 5404 Κύριος.
2762 5393 2810 5404 __
2915 5394 2925 5404 _

2040 5387 2314 5473 (9)ἶΛέγει
2340 5401 2493 5473 deest
2521 5387 2575 5452 ἰῖι
2603 5387 2726 5467 Seg.
2750 5393 2884 5473 Mox
2915 5394 3056 5447 idem
3098 5393 3256 5473 habet
3277 5387 3396 5473 statin
3409 5395 3535 5473 ante

1969 5456 2204 5538 ζώῊων.
2224 5456 2277 5526 In
2306 5471 2494 5526 eodem
2519 5456 2761 5538 ωοιῖὶαί
2781 5466 3081 5538 deestaute
3102 5461 3233 5538 Θεὸν
3265 5456 3532 5538 ἀληθινόν.

1969 5527 2110 5606 intra
2154 5542 2305 5607 editi,
2337 5540 2447 5594 xeo.
2477 5537 2614 5602 πῶς.
2647 5537 2749 5591 Sed
2779 5534 3061 5607 xaiabest
3085 5547 3115 5585 a
3144 5531 3267 5601 Sag.
3315 5527 3532 5587 G'oblet'.

1971 5602 2208 5668 Felrkm.
2241 5602 2422 5676 l,'nec
2454 5611 2651 5663 lectum
2685 5616 2766 5661 est
2797 5624 2824 5659 a
2853 5602 3082 5659 Nannio.
