3992 6230
437 203 566 261 1111

1031 208 1087 263 S.
1127 207 1497 264 ATllANASll
1534 208 1683 270 OBP.
1725 207 1906 263 PARS
1943 209 1986 263 1.
2025 233 2097 249 -
2134 204 2502 262 HISTORICA
2542 204 2630 263 ET
2668 203 3084 264 DOGMATICA.

3510 201 3644 258 1112

436 322 672 382 Verbum
703 337 906 391 autem,
944 335 1000 382 et
1023 325 1192 382 Deum
1229 336 1283 382 et
1310 326 1480 381 ﬁlium
1510 326 1675 382 David
1702 367 1717 393 ,
1766 329 1813 383 si
1856 326 1984 383 divi-

2093 343 2176 396 γον
2205 327 2260 380 δὲ
2290 328 2381 382 καὶ
2413 329 2544 382 Θεὸν
2572 328 2683 399 (10)
2713 329 2805 383 καὶ
2837 326 2949 381 υἱὸν
2982 324 3146 379 Δαὸὶδ
3179 324 3227 378 εἰ
3270 323 3411 379 κατὰ
3440 324 3642 395 διαίρε-

436 416 539 473 sim
571 416 916 473 considerare
959 416 1240 473 volueritis
1271 459 1288 484 ,
1334 418 1442 472 duo
1483 432 1551 472 ex
1590 427 1768 473 meme
1814 425 1993 473 vestra

435 509 579 567 dicta
610 509 840 578 fuerint;
887 509 971 567 sin
1016 526 1047 565 a
1080 510 1281 566 divinis
1305 511 1482 566 edocti
1526 509 1842 581 Scripturis,
1876 524 1994 565 ονε-

435 600 679 657 dideritis
713 600 947 657 Verbum
995 617 1119 658 cum
1154 600 1295 658 Deus
1343 610 1509 667 esset,
1543 601 1712 655 ﬁlium
1758 601 1994 656 hominis

434 691 639 748 factum
669 708 820 760 esse;
854 693 1159 765 agnoscetis
1186 693 1444 764 quoniam
1477 709 1620 748 unus
1647 692 1993 748 estChristus

435 795 489 837 et
517 768 681 848 Deus,
710 784 804 855 qui
838 792 893 840 et
917 784 1033 855 ipse
1062 786 1228 840 homo
1258 794 1372 849 est;
1412 793 1472 838 ut
1508 785 1707 853 duplex
1733 784 1994 854 praedica-

438 873 512 929 tio
548 871 666 943 ejus
698 875 963 930 adventus
989 874 1144 929 facile
1168 874 1494 943 persuadere
1522 883 1706 944 posset
1731 873 1849 943 ejus
1873 888 1988 943 pas-

434 965 643 1020 sionem
703 973 757 1019 et
785 965 1297 1035 impassibilitatem.
1344 965 1416 1020 Ut
1450 980 1572 1019 cum
1600 963 1733 1019 dicit
1758 963 1991 1034 Aposto-

435 1058 554 1113 lus:
594 1055 766 1110 Homo
811 1056 1051 1110 Christus
1083 1056 1239 1111 Jesus
1269 1097 1285 1120 ,
1340 1058 1432 1124 qui
1483 1056 1624 1110 dedit
1661 1057 1991 1126 semetipsum

433 1148 836 1217 redemptionem
864 1166 958 1217 pro
987 1148 1152 1211 nobis,
1197 1148 1286 1218 qui
1332 1158 1408 1202 est
1456 1164 1611 1218 super
1642 1148 1818 1202 omnia
1853 1146 1991 1201 Deus
2024 1218 2034 1225 .

435 1241 734 1297 benedictus
768 1243 821 1294 in
868 1241 1082 1295 swcula.
1109 1240 1271 1295 Amen
1305 1241 1373 1292 ⁸⁵.
1418 1239 1484 1294 Et
1524 1240 1591 1294 ad
1644 1238 1990 1295 Timotheum

432 1330 678 1385 scribens
702 1330 775 1383 ait
802 1347 814 1381 :
854 1329 1053 1383 Mrmor
1073 1341 1184 1383 esto
1215 1330 1498 1385 Dominum
1521 1330 1703 1385 Iesum
1723 1331 1991 1387 Christum

431 1436 497 1475 ex
534 1422 726 1475 semine
759 1420 927 1474 David
978 1423 1324 1476 resurrexisse
1352 1440 1382 1475 a
1409 1423 1629 1475 mortuis
1658 1423 1722 1476 ⁸⁸.
1766 1421 1833 1477 Et
1876 1423 1992 1493 ipse

433 1513 626 1567 iterum
677 1513 891 1584 inquit:
924 1511 1147 1567 Mortem
1178 1513 1289 1582 ejus
1319 1514 1694 1567 annuntiamus
1726 1514 1887 1568 donec
1907 1530 1992 1570 ve-

434 1605 546 1656 niat
578 1605 641 1656 ".

2101 436 2183 472 σιν
2229 418 2479 489 βούλεσθε
2523 422 2778 495 θεωρεῖν,
2813 420 2906 474 δύο
2937 418 3057 473 καθ’
3088 418 3229 488 ὑμᾶς
3275 417 3341 471 ἂν
3375 417 3646 486 λέγοιντο·

2095 512 2144 565 εί
2176 511 2232 564 δὲ
2271 511 2571 566 πιστεύοιτε
2594 555 2606 573 ,
2633 512 3004 583 διδασκόμενοι
3042 508 3150 565 ἀπὸ
3182 508 3288 562 τῶν
3324 507 3482 561 θείων
3514 508 3652 579 Γρα-

2096 602 2241 674 φῶν,
2273 605 2353 658 ὅτι
2386 603 2517 668 Θεὸς
2548 603 2622 658 ὢν
2662 607 2691 659 6
2735 605 2905 673 Λόγος
2945 601 3059 668 υίὸς
3103 600 3387 674 ἀνθρώπου
3431 600 3650 669 γέγονε,

2094 698 2387 769 γνώσεσθε,
2415 699 2497 752 ὅτι
2521 693 2601 762 εἷς
2630 698 2777 750 ἐστιν
2803 699 2832 751 6
2860 696 3113 767 Χριστὸς,
3140 694 3234 748 καὶ
3277 693 3409 756 Θεὸς
3441 692 3534 745 καὶ
3558 692 3652 743 ἄν-

2095 790 2308 863 θρωπος
2330 791 2359 843 6
2380 790 2540 855 αὑτός
2563 808 2576 820 ·
2604 790 2692 844 ἵνα
2716 789 2776 842 τὸ
2803 787 3024 843 διπλοῦν
3060 788 3320 858 κήρυγμα
3351 785 3452 854 τῆς
3482 782 3647 838 αὐτοῦ

2095 882 2390 954 ἐπιδημίας
2415 882 2526 953 (11)
2570 880 2948 935 εὐαπόδεικτον
2976 878 3075 949 ἔχῃ
3103 876 3202 949 τὴν
3235 877 3528 946 πεισμονὴν
3554 874 3652 927 τοῦ

2092 989 2153 1026 τε
2182 972 2386 1036 πάθους
2416 972 2511 1026 καὶ
2540 972 2636 1043 τῆς
2661 970 2948 1034 ἀπαθείας.
2987 969 3073 1031 Ὧς
3099 968 3224 1022 ὃταν
3251 967 3398 1035 λέγει
3428 967 3456 1020 6
3499 964 3657 1017 ‘Art6-

2096 1064 2280 1128 στολος
2305 1082 2318 1095 ·
2354 1065 2683 1133 Ἄνθρωπος
2716 1060 2968 1131 Χριστὸς
3008 1057 3266 1127 Ἰησοῦς,
3293 1060 3326 1110 ό
3353 1055 3496 1121 δοὺς
3517 1056 3658 1108 ἑαυ-

2094 1156 2201 1209 τὸν
2219 1156 2575 1223 ἀντίλυτρον
2601 1153 2709 1224 (12)
2734 1152 2883 1222 ὑπὲρ
2904 1148 3092 1222 ἡμῶν,
3132 1153 3165 1203 ό
3189 1149 3272 1203 ὢν
3291 1148 3390 1201 ἐπὶ
3413 1147 3659 1201 πάντων

2097 1246 2240 1313 Θεὸς
2268 1245 2590 1316 εὐλογητὸς
2622 1247 2709 1311 εἰς
2749 1244 2888 1309 τοὺς
2920 1240 3155 1306 αἰῶνας.
3198 1238 3391 1310 Ἀμήν.
3423 1238 3531 1292 Καὶ
3560 1238 3659 1289 Τι-

2097 1338 2273 1410 μοθέῳ
2307 1337 2362 1392 δὲ
2391 1337 2613 1408 γράφων
2651 1335 2821 1402 ἔλεγε·
2862 1333 3212 1401 Μνημόνευε
3251 1328 3503 1398 Χριστὸν
3551 1329 3661 1395 Ἰη-

2094 1427 2250 1482 σοῦν
2276 1425 2672 1496 ἐγηγερμένον
2705 1424 2773 1477 ἐκ
2818 1421 3047 1491 νεκρῶν
3077 1422 3146 1475 ἐκ
3190 1420 3526 1488 σπέρματος
3554 1420 3661 1471 Δα-

2094 1519 2189 1572 ϐίδ
2209 1535 2223 1548 ο
2256 1518 2351 1571 καὶ
2377 1517 2405 1568 6
2431 1516 2592 1578 αὐτὸς
2630 1514 2688 1568 δὲ
2711 1512 2873 1567 πάλιν
2899 1512 3027 1583 (15)·
3062 1510 3171 1565 Τὸν
3193 1509 3448 1565 θάνατον
3470 1509 3659 1564 αὑτοῦ

2095 1607 2596 1677 καταγγέλλομεν,
2629 1605 2802 1676 ἄχρις
2825 1599 2897 1660 οὗ
2928 1602 3096 1671 ἔλθῃ.

506 1690 589 1744 ll.
642 1689 696 1745 Si
735 1692 900 1763 igitur
951 1708 1019 1748 ex
1065 1692 1410 1751 confessione
1473 1694 1990 1761 consubstantialis,

2164 1699 2251 1752 11.
2293 1699 2354 1752 Εἰ
2380 1694 2473 1751 οὖν
2510 1698 2575 1752 ὲκ
2605 1697 2703 1768 τῆς
2734 1694 3023 1766 ὁμολογίας
3047 1693 3140 1747 τοῦ
3173 1694 3457 1764 ὁμοουσίου
3502 1696 3669 1748 ἁναι-ιν

432 1784 615 1840 carnis
645 1801 842 1840 nomen
871 1785 937 1840 de
966 1785 1144 1841 medio
1176 1786 1386 1851 tollitis,
1433 1793 1488 1840 et
1512 1785 1835 1840 sententiam
1870 1800 1993 1856 quae

430 1875 561 1931 dicit
614 1874 894 1932 Christum
930 1892 1050 1932 esse
1094 1877 1403 1945 hominem;
1456 1885 1551 1932 aut
1596 1893 1705 1934 non
1760 1878 1993 1949 amplius

431 1976 661 2024 mortem
711 1968 831 2038 ejus
887 1970 1223 2025 annuntiatis
1267 1970 1440 2026 donec
1489 1969 1693 2037 veniat,
1739 1970 1990 2041 atquein

431 2058 536 2117 hoc
569 2058 879 2129 Scripturas
907 2061 1179 2133 abrogatis
1217 2080 1230 2116 :
1282 2070 1378 2118 aut
1417 2063 1546 2119 licet
1576 2070 1806 2119 mortem
1858 2076 1991 2117 con-

430 2151 805 2208 substantialis
824 2150 974 2208 Patri
1013 2161 1068 2208 et
1107 2151 1334 2224 Spiritui
1387 2163 1576 2210 sancto
1631 2152 1988 2218 annuntietis,

429 2242 476 2298 si
504 2259 612 2298 non
644 2244 1010 2300 conﬁteamini
1032 2260 1159 2300 eum
1183 2259 1348 2301 carne
1376 2261 1600 2316 passum
1626 2261 1767 2311 esse,
1813 2245 1989 2316 ipsam

431 2330 608 2388 Patris
637 2343 692 2389 et
724 2332 961 2405 Spiritus
1006 2335 1178 2390 sancti
1214 2335 1468 2391 deitatem
1518 2351 1768 2407 capacem
1797 2334 1992 2391 mortis

428 2441 550 2481 esse
582 2425 809 2482 dicetis:
848 2443 914 2483 ac
963 2427 1209 2483 omnium
1260 2428 1636 2483 haereticorum
1680 2427 1991 2498 impiissimi

428 2517 587 2590 ’143
631 2521 904 2576 evasistis.
948 2519 1094 2576 Mors
1137 2520 1336 2591 quippe
1380 2521 1597 2586 carnis,
1630 2519 1992 2576 consubstan-

426 2612 572 2666 tialis
602 2609 763 2667 Verbi
799 2628 948 2668 mors
981 2610 1103 2667 fuit.
1136 2610 1320 2683 Neque
1372 2612 1517 2668 enim
1564 2610 1723 2667 Pater
1768 2626 1987 2667 carnem

426 2700 674 2769 gestavit,
708 2717 883 2767 neque
914 2701 1150 2773 Spiritus
1183 2711 1425 2767 sanctus,
1462 2711 1522 2757 ut
1551 2701 1715 2772 impie
1745 2702 1990 2757 somnia~

428 2799 553 2844 runt
589 2789 985 2859 Valentiniani;
1019 2793 1112 2849 sed
1157 2790 1375 2848 Verbum
1409 2809 1534 2847 caro
1574 2792 1774 2862 factum
1808 2802 1885 2847 est
1918 2793 1985 2846 ⁸⁸.

427 2878 550 2934 ideo
571 2896 691 2946 nos,
723 2881 852 2937 dum
886 2883 1209 2938 conﬁtemur
1241 2882 1410 2938 Deum
1435 2892 1489 2939 et
1524 2883 1799 2940 hominem
1832 2883 1992 2939 Chri-

425 2978 568 3025 stum
595 2986 736 3036 esse,
773 2988 1116 3044 nequaquam
1146 2973 1429 3029 divisionis
1469 2990 1635 3029 causa
1682 2976 1798 3031 haec
1853 2973 1990 3030 dici-

2099 1790 2239 1859 ρεῖτε
2283 1787 2383 1857 τῆς
2419 1786 2617 1858 σαρκὸς
2661 1785 2722 1839 τὸ
2764 1784 2966 1856 ὄνομα,
3001 1784 3095 1838 καὶ
3137 1783 3198 1837 τὸ
3235 1783 3518 1854 ἄνθρωπον
3565 1783 3660 1836 λέ-

2092 1878 2283 1948 γεσθαι
2300 1877 2390 1930 τὸν
2406 1876 2637 1948 Χριστόν
2653 1893 2669 1909 ο
2695 1875 2729 1947 ἢ
2755 1875 2939 1928 οὐκέτι
2964 1874 3055 1928 τὸν
3082 1873 3306 1928 θάνατον
3334 1872 3497 1928 αὐτοῦ
3527 1891 3664 1927 κατ-

2092 1970 2405 2040 αγγέλλετε,
2439 1969 2596 2039 ἄχρις
2632 1961 2692 2023 οὗ
2728 1966 2878 2038 ἔλθῃ,
2916 1965 3261 2037 ἀναιροῦντες
3288 1968 3383 2029 τὰς
3412 1966 3659 2036 Γραφάς·

2091 2062 2125 2134 ἢ
2158 2063 2248 2116 τὸν
2281 2060 2508 2115 θάνατον
2541 2058 2997 2127 καταγγέλλοντες
3021 2057 3142 2111 καθ’
3169 2058 3312 2127 ὑμᾶς
3338 2055 3431 2109 τοῦ
3464 2059 3661 2128 ὁμοου-

2094 2155 2208 2209 σίου
2245 2151 2357 2225 (14)
2388 2151 2483 2207 τοῦ
2511 2150 2724 2222 Πατρός
2759 2151 2850 2204 καὶ
2887 2149 2978 2205 τοῦ
3023 2149 3179 2218 ἁγίου
3205 2149 3551 2219 Πνεύματος’
3582 2147 3661 2220 μὴ

2089 2242 2479 2316 ὁμολογοῦντες
2508 2241 2673 2313 σαρκὶ
2706 2239 3029 2294 πεπονθέναι
3055 2239 3144 2293 τὸν
3167 2239 3422 2311 Χριστὸν,
3452 2238 3547 2292 καὶ
3567 2239 3665 2292 αὐ-

2089 2336 2187 2407 τὴν
2214 2334 2309 2390 τοῦ
2336 2333 2547 2405 Πατρὸς
2571 2333 2670 2404 τὴν
2709 2330 2937 2401 θεότητα
2963 2331 3057 2384 καὶ
3082 2328 3176 2384 τοῦ
3204 2329 3360 2398 ἁγίου
3402 2328 3661 2400 Πνεύμο-

2087 2444 2180 2492 τος
2213 2428 2388 2496 ἐρεῖτε
2422 2423 2673 2495 δεκτικὴν
2696 2417 2833 2476 εἶναι
2859 2421 3086 2476 θανάτου
3108 2438 3122 2453 ’
3149 2421 3240 2475 καὶ
3266 2421 3523 2490 γεγόνατε
3546 2421 3661 2492 (15)

2089 2516 2436 2588 ἀσεϐέστεροι
2461 2515 2678 2570 πάντων
2709 2514 2817 2568 τῶν
2848 2512 3160 2585 αἱρετικῶν.
3204 2514 3265 2564 ὐ
3292 2512 3401 2584 γὰρ
3432 2512 3663 2577 θάνατος

2087 2609 2189 2680 τῆς
2212 2608 2442 2681 σαρκὸς,
2466 2605 2656 2676 γέγονε
2679 2605 2772 2660 τοῦ
2798 2604 3081 2676 ὁμοουσίου
3110 2603 3307 2673 Λόγου.
3335 2603 3469 2657 Οὐδὲ
3497 2602 3606 2675 γὰρ
3630 2605 3662 2657 6

2089 2702 2280 2774 Πατὴρ
2309 2701 2487 2773 σάρκα
2520 2698 2802 2770 ὲφόρεσεν,
2835 2696 2955 2752 οὐδὲ
2981 2695 3042 2750 τὸ
3064 2695 3217 2765 ἅγιον
3234 2692 3480 2765 Πνεῦμα,
3506 2695 3582 2757 ὡς
3608 2695 3661 2749 οε

2089 2795 2231 2848 κατὰ
2267 2791 2620 2848 Οὑαλεντῖνον
2670 2788 2993 2853 ἀσεϐοῦντες
3037 2786 3398 2858 φαντάζονται
3417 2803 3434 2818 ο
3471 2786 3583 2840 ἀλλ’
3626 2789 3663 2841 ό

2088 2889 2279 2957 Λόγος
2311 2884 2467 2954 σὰρξ
2495 2882 2752 2954 ἐγένετο.
2783 2881 2871 2936 Διδ
2898 2883 3080 2953 ἡμεῖς,
3115 2879 3501 2951 ὁμολογοῦντες
3526 2877 3662 2931 Θεὸν

2090 2979 2184 3032 καὶ
2221 2977 2502 3048 ἄνθρωπον
2549 2975 2642 3029 τὸν
2682 2973 2950 3046 Χριστὸν,
3003 2973 3063 3025 οὐ
3111 2970 3425 3042 διαιρέσεως
3475 2969 3661 3024 ἕνεκεν

425 3077 570 3126 mus,
604 3062 783 3129 absit;
818 3063 911 3119 sed
941 3077 1051 3134 quo
1077 3062 1375 3134 Scripturis
1406 3063 1842 3134 obtemperernus
1868 3083 1882 3119 :
1928 3072 1988 3119 ut

2093 3070 2258 3124 ταῦτα
2290 3044 2555 3140 λέγομεν,
2606 3068 2681 3141 μὴ
2721 3044 2964 3136 γένοιτοι
3017 3063 3151 3119 ἀλλὰ
3188 3064 3348 3118 πάλιν
3389 3062 3529 3118 κατὰ
3560 3062 3661 3126 τὰς

426 3153 681 3221 passione
712 3154 831 3223 ejus
863 3169 988 3210 vere
1015 3163 1132 3210 acta
1156 3163 1211 3210 et
1236 3156 1562 3211 annuntiata
1586 3157 1758 3212 donec
1783 3156 1983 3224 veniat;

426 3245 480 3298 in
508 3243 669 3300 carne
700 3245 918 3316 quidem
943 3244 1127 3312 Verbi,
1154 3247 1467 3318 passionem
1507 3257 1558 3302 et
1592 3257 1826 3303 mortem
1857 3264 1989 3304 con-

425 3332 724 3403 ﬁteamnr;
785 3335 964 3406 ipsum
1024 3345 1204 3395 tamen
1248 3337 1488 3395 Verbum
1551 3339 1889 3396 immutabile
1931 3347 1987 3395 et

426 3422 745 3480 invariabile
788 3426 1114 3483 credamus:
1152 3427 1301 3499 quod
1334 3427 1479 3485 idem
1534 3430 1712 3500 ipsum
1759 3445 1983 3500 passum

423 3524 525 3574 est.
561 3527 614 3569 et
659 3530 767 3571 non
824 3532 1068 3587 passum,
1117 3518 1374 3590 quodque
1414 3519 1599 3576 divina
1639 3521 1857 3591 quidem
1889 3537 1988 3578 na-

426 3618 545 3663 tura
594 3608 964 3679 impassibile,
1006 3611 1346 3666 immutabile
1398 3621 1454 3666 et
1501 3612 1824 3669 invariabile
1855 3622 1985 3669 est:

424 3714 588 3755 carne
617 3708 794 3756 tamen
829 3717 1048 3772 passum
1086 3711 1190 3767 est,
1223 3711 1283 3757 ut
1323 3703 1461 3759 dixit
1499 3702 1716 3772 Petrus,
1749 3713 1803 3760 et
1839 3721 1986 3760 mor-

425 3801 530 3845 tem
563 3802 783 3863 gustare
809 3794 1014 3849 voluit:
1051 3794 1181 3865 quia
1212 3794 1392 3851 factus
1442 3804 1527 3851 est
1579 3797 1841 3851 mediator
1890 3796 1985 3853 Dei

423 3892 471 3935 et
498 3882 786 3951 hominum,
818 3886 970 3941 homo
1008 3884 1291 3953 Christus,
1338 3889 1428 3959 qui
1471 3887 1616 3944 dedit
1654 3891 1987 3961 semetipsum

426 3975 828 4045 redemptionem
850 3994 946 4047 pro
976 3977 1123 4033 nobis
1151 3979 1233 4047 ";
1259 3988 1314 4036 et
1348 3995 1568 4036 rursum
1591 3998 1604 4034 :
1651 3980 1788 4048 Quia
1814 3982 1985 4051 factus

2090 3162 2331 3235 Γραφὰς.
2365 3162 2450 3214 ἵνα
2477 3159 2682 3224 πάθους
2714 3158 2807 3215 καὶ
2834 3156 3063 3212 θανάτου
3084 3148 3376 3225 γενομένου
3407 3154 3502 3207 καὶ
3528 3170 3662 3208 κατ-

2090 3250 2522 3322 αγγελλομένου,
2569 3251 2729 3322 ἄχρις
2777 3242 2839 3302 οὗ
2884 3245 3015 3318 ἔλθῃ
3072 3244 3205 3317 (16),
3259 3245 3350 3297 ἐπὶ
3390 3244 3488 3314 μὲν
3561 3242 3663 3314 τῆς

2091 3344 2289 3416 σαρκὸς
2325 3341 2418 3396 τοῦ
2455 3342 2628 3411 Λόγου
2660 3339 2722 3394 τὸ
2756 3340 2926 3404 πάθος
2970 3335 3176 3392 καὶτὸν
3210 3336 3438 3390 θάνατον
3465 3335 3659 3407 ὁμολο-

2086 3434 2306 3507 γῶμεν,
2367 3432 2531 3488 αὐτὸν
2575 3433 2632 3486 δὲ
2665 3432 2757 3487 τὸν
2789 3431 2990 3501 Λόγον,
3039 3428 3306 3501 ἄτρεπτον
3357 3428 3450 3481 καὶ
3501 3426 3664 3480 ἀναλ-

2087 3527 2306 3583 λοίωτον
2346 3523 2714 3595 πιστεύωμεν.
2748 3522 2841 3576 Διὸ
2888 3519 3052 3585 αὐτός
3087 3521 3233 3573 ἐστιν
3271 3520 3300 3571 6
3343 3516 3532 3571 παθὼν
3568 3516 3663 3570 καὶ

2092 3615 2166 3688 μὴ
2198 3612 2384 3669 παθών
2403 3628 2417 3643 ⁶
2444 3615 2509 3684 τῇ
2540 3614 2635 3683 μὲν
2660 3612 2816 3683 θεῖκῇ
2847 3609 3005 3681 φύσει
3033 3608 3248 3680 ἀπαθὴς
3275 3606 3663 3679 καϊᾶτρεπτος

2090 3707 2184 3759 καὶ
2215 3703 2565 3767 ἀναλλοίωτος
2601 3700 2676 3756 ὣν
2691 3743 2706 3768 ,
2736 3704 2802 3773 τῇ
2838 3700 2895 3755 δὲ
2940 3701 3103 3772 σαρκὶ
3139 3700 3347 3765 παθὼν,
3391 3699 3466 3765 ὡς
3508 3694 3662 3752 εἶπεν

2090 3799 2120 3852 6
2161 3797 2384 3870 Πέτρος,
2413 3795 2506 3849 καὶ
2534 3793 2760 3850 θανάτου
2792 3793 3087 3865 γεύσασθαι
3119 3792 3349 3864 θελήσας
3387 3790 3497 3864 (17)
3519 3808 3532 3821 ·
3578 3792 3661 3844 ὅτι

2092 3890 2282 3959 γέγονε
2321 3888 2576 3958 μεσίτης
2613 3886 2763 3942 Θεοῦ
2809 3885 2906 3941 καὶ
2958 3882 3280 3955 ἀνθρώπων
3297 3924 3312 3948 ,
3351 3883 3659 3951 ἅνθρωπος

2091 3980 2363 4051 Χριστὸς.
2388 3982 2421 4034 ό
2448 3979 2592 4047 δοὺς
2629 3977 2846 4033 ἑαυτὸν
2871 3978 3226 4047 ἀντίλυτρον
3264 3974 3416 4044 ὑπὲρ
3454 3972 3623 4043 ἡμῶν
3642 3989 3655 4005 ο

492 4203 537 4234 ⁵⁸
579 4199 599 4253 l
632 4196 772 4253 Tim.
807 4218 867 4267 ιι,
896 4202 959 4268 6;
997 4201 1042 4257 ll
1074 4201 1203 4258 Cor.
1238 4217 1325 4270 ιι,
1352 4203 1441 4258 51.
1523 4204 1569 4234 ⁸⁸
1606 4203 1647 4257 ll
1678 4202 1819 4259 Tim.
1850 4219 1913 4272 ιι,
1937 4205 1991 4260 8.

2093 4205 2111 4235 ’
2150 4203 2171 4258 ι
2203 4203 2330 4275 cor.
2362 4220 2439 4271 χι,
2465 4203 2556 4259 26.
2632 4204 2680 4235 ⁵⁸
2711 4200 2868 4258 Joan.
2900 4221 2939 4268 ι,
2976 4202 3060 4256 14.
3136 4201 3182 4234 ⁵⁸
3222 4199 3240 4253 1
3274 4199 3419 4256 Tim.
3447 4215 3511 4263 ιι,
3539 4197 3595 4253 5.

499 4494 612 4568 (19)
651 4493 742 4568 _Sic
771 4493 1082 4568 Se_g.‘Gobl.
1111 4505 1164 4550 et
1194 4493 1434 4568 Felclgm.
1464 4496 1518 4552 1.
1540 4495 1683 4568 Editi
1711 4511 1862 4568 vero,
1885 4496 1985 4550 Λό-
2016 4503 2062 4558 ι)

428 4563 526 4637 γον
554 4565 612 4620 δὲ
642 4563 971 4637 Θεόνηιίιΐιιι
996 4563 1120 4637 Seg.
1160 4566 1534 4622 πιστεύοιτε...
1564 4566 1691 4621 ἀπό.
1720 4566 1826 4620 Alii
1860 4581 1984 4622 cum

424 4635 608 4701 editis,
633 4635 934 4690 πιστεύετε.
947 4676 983 4690 ..
1019 4635 1142 4689 ὑπό.

495 4707 606 4778 (11)
648 4705 747 4778 S_i_c_
772 4720 961 4778 omnes
987 4705 1098 4778 fere
1123 4706 1501 4778 manuscripti.
1521 4704 1670 4778 Editi
1692 4721 1840 4778 vero,
1854 4707 1989 4760 ἀπο-

424 4774 644 4846 δημίας.
675 4775 810 4831 Ibid.
852 4775 976 4845 Seg.
1003 4774 1159 4846 Coll].
1182 4786 1231 4846 et
1256 4774 1493 4831 Felck'm.
1512 4776 1564 4841 1,
1582 4776 1984 4831 εὐαπόδεικτον.

510 4847 590 4912 ili,
621 4844 999 4918 εὐαπόδεκτον.
1035 4845 1181 4918 Μοκλ
1209 4844 1335 4918 ch.
1365 4846 1523 4918 Gobl.
1554 4856 1608 4901 et
1657 4846 1904 4918 Felckm.
1932 4847 1983 4912 1,

423 4917 746 4989 πεισμονήν.
776 4916 917 4989 Editi
943 4930 1094 4989 vero,
1123 4916 1304 4970 πίστιν
1332 4916 1521 4989 μόνην,
1558 4918 1833 4972 mendose.
1861 4916 1983 4972 Mox

429 4985 752 5058 Segéf’Oiqw
776 4985 910 5058 λέγῃ
939 4986 1122 5058 μόνην,
1147 4985 1425 5058 mendose.

488 5055 609 5182 $12)
660 5055 997 5140 Ἀντίλυτρον
1021 5055 1171 5138 deest
1194 5057 1393 5139 in'Seg.
1419 5055 1576 5139 Gobl.
1602 5066 1652 5110 et
1680 5056 1916 5112 Felckm.
1936 5056 1989 5137 1,

552 5126 853 5182 habeturm
881 5127 1022 5182 alus.
1048 5141 1103 5179 In
1136 5127 1428 5182 editisnue.
1455 5136 1511 5181 et
1540 5143 1594 5181 In
1629 5126 1818 5182 Graeco
1842 5126 1989 5181 Scri-

427 5126 519 5183 sed
552 5126 863 5197 habeturin
881 5126 1022 5197 aliis,
1048 5126 1103 5179 in
1136 5126 1428 5197 editisque,
1455 5136 1511 5181 et
1540 5127 1594 5181 in
1629 5126 1818 5182 Graeco
1842 5126 1992 5181 Scri-

424 5204 599 5267 ptum
631 5203 818 5267 textui:
848 5195 906 5249 δέ
934 5207 1059 5267 post
1089 5195 1337 5267 Τιμοθέῳ
1363 5196 1515 5267 deest
1546 5197 1600 5249 in
1636 5197 1849 5267 iisdem.

497 5250 608 5337 (is)
649 5250 889 5337 δίοδος.
918 5250 1075 5320 dom.
1094 5250 1417 5337 efren-itm;
1434 5250 1487 5319 ι.
1504 5250 1651 5321 Eam
1675 5274 1732 5320 et
1756 5266 1868 5337 alii,
1886 5266 1993 5318 πά-

424 5335 527 5408 liv,
544 5335 693 5408 φησί.
714 5335 834 5390 Mox
846 5335 951 5408 om
961 5349 1058 5390 nes
1088 5336 1513 5408 fere_manuscr.,
1531 5336 1988 5408 καταγγέλλομεν.

429 5402 1134 5475 Εόίιί,’καταγγελλόμενος.
1171 5404 1293 5459 Mox
1321 5405 1449 5475 editi
1496 5414 1552 5460 et
1593 5402 1813 5475 quidam
1852 5402 1987 5460 mss.

427 5484 489 5545 u_t
519 5477 570 5528 in
605 5473 777 5545 textu.
804 5473 1012 5545 Anglic.
1053 5490 1200 5545 vero,
1228 5476 1355 5545 Seg.
1380 5473 1536 5531 Gobl.
1567 5473 1627 5531 ei
1646 5474 1824 5531 Felck.
1861 5475 1990 5535 1,Ἢ

424 5538 523 5668 ριῦἶ
552 5546 617 5649 τῇ
646 5538 922 5615 ὁμολογίᾳῖ
954 5542 1121 5599 Paulo
1154 5538 1719 5614 pnst,'Seguerianus,
1748 5546 1780 5615 ἢ
1807 5546 1868 5598 τό
1896 5561 1992 5614 pro

467 5629 501 5666 α
554 5630 629 5667 τδ.

467 5629 523 5666 αι
554 5629 629 5667 το.

2160 4496 2269 4566 (14)
2308 4495 2497 4559 BasiL,
2540 4495 2995 4566 καταγγέλλοντες
3039 4495 3180 4550 κατὰ
3208 4492 3313 4566 rei?
3334 4494 3647 4566 _6p.ooualou.

2095 4562 2318 4637 Seguer.
2351 4566 2569 4637 Gobler.
2596 4574 2650 4621 et
2682 4562 2934 4637 AFelc‘km.
2962 4568 3035 4637 1,7
3060 4562 3516 4637 καταγγέλλοντες
3559 4565 3650 4621 τοῦ

2090 4633 2394 4708 ὀμόουσίου,
2452 4636 2526 4708 μὴ
2578 4634 2981 4706 ὁμολογοῦντες.
3020 4636 3080 4688 In
3133 4633 3322 4689 eodem
3366 4651 3513 4703 mox,
3561 4637 3651 4689 τὸν

2144 4706 2324 4777 ριστόν
2357 4706 2525 4761 deest.

2163 4776 2274 4847 (15)
2312 4776 2389 4831 Ita
2417 4775 2639 4845 Seguer.
2672 4775 2828 4831 Gobl.
2864 4784 2919 4831 et
2949 4773 3187 4830 Felckm.
3224 4775 3276 4830 1.
3304 4773 3469 4839 Editi,
3496 4774 3650 4844 γεγό-

2091 4863 2273 4988 Υαῖῗίξ)
2312 4914 2500 4982 Basil.,
2529 4917 2686 4988 ἄχρις
2711 4914 2777 4969 ἂν
2816 4915 2964 4988 ἔλθῃ.
3001 4913 3491 4988 Seg._paulo_post,
3521 4916 3647 4988 ῥμο..

2086 4981 2395 5056 lofoii'pevt
2409 4995 2463 5039 et
2489 4981 2654 5056 mai,
2679 4981 3025 5056 πιστεύομεν.
3054 4981 3296 5056 ibidem,
3326 4981 3491 5056 llas“.
3517 4981 3645 5056 Sex.

2089 5051 2327 5111 Goblfet
2355 5054 2499 5110 Felc.
2532 5056 2585 5119 1,
2614 5054 2711 5108 διό.
2746 5054 2889 5108 Editi
2910 5051 2921 5055 ⁷
2940 5064 2992 5109 et
3021 5054 3136 5118 alii,
3167 5052 3321 5107 διότι.
3351 5051 3471 5107 Mox
3516 5051 3644 5116 haec,

2089 5126 2305 5197 ἀπαθὴς
2322 5126 2449 5197 Ακαί,
2476 5128 2674 5197 desunt
2697 5127 2754 5197 in
2785 5124 2924 5197 Seg._
2941 5124 3078 5197 solo.

2162 5190 2407 5282 (l7)'vSic
2450 5190 3029 5282 Sgg.fGobl.Aet'Felc.
3145 5190 3287 5282 ξάίξί
3314 5207 3465 5282 vero,
3484 5194 3523 5282 ‘6
3546 5193 3647 5282 Πέῖ

2090 5267 2334 5391 ’δεῖὶὲέ
2342 5262 3539 5405 ᾕῗὲἓμέῖζυπέοῗὲἔῗῗςδτῖᾞῖγένίέῗέυῗὲΞξῖις
3557 5261 3647 5387 ἐξ.θῖ

2096 5403 2389 5484 quentibus
2420 5403 2693 5484 collarrere
2720 5403 3019 5484 nequeunt,
3056 5403 3178 5457 ideo
3211 5403 3545 5484 spperiorem
3575 5405 3647 5484 le-

2096 5470 2330 5556 ctionem
2353 5475 2717 5558 praetulimus.
2748 5470 3207 5558 IbidemnSe‘guer:
3234 5470 3389 5558 esui.
3415 5482 3477 5558 ἐι
3504 5470 3641 5558 Fcis;

2096 5546 2325 5631 primus,
2350 5541 2432 5598 ὅτι
2462 5544 2650 5625 γέγονε
2695 5543 2915 5625 μεσίτης
2942 5541 3077 5597 Θεοῦ
3126 5542 3218 5595 καὶ
3260 5541 3646 5614 ἀνθρώπων.⁹ο

2098 5615 2153 5668 οὲ
2191 5615 2434 5688 μεσίτης.
2463 5629 2682 5670 omissrs
2710 5614 2900 5670 medus
