3992 6230
314 257 448 315 1115

1253 266 1529 322 CONTRA
1566 271 2079 332 APOLLINARIUM
2120 276 2320 334 LIBER
2358 277 2637 337 PRlMUS.

3406 284 3544 341 MM

309 372 400 427 καὶ
431 373 624 428 πάλιν·
661 377 789 431 Ὅτι
820 378 1026 448 γέγονε
1051 383 1308 451 μεσίτης
1342 386 1489 441 Θεοῦ
1522 386 1621 443 καὶ
1653 389 1844 457 ἀνθρώ

1975 403 2053 446 est
2083 395 2342 449 mediator
2368 395 2467 449 Dei
2511 405 2562 449 et
2591 395 2878 450 hominum.
2925 396 3187 452 Mediator
3228 414 3346 454 vero
3383 401 3542 455 unius

305 485 449 562 πων.
485 472 539 524 '0
560 471 628 524 δὲ
642 473 896 543 μεσίτης
915 473 1055 541 ἐνὸς
1078 479 1188 531 οὐκ
1212 478 1413 534 ἔστιν’
1439 486 1472 537 o'
1498 483 1567 536 δὲ
1590 486 1732 552 Θεὸς
1758 487 1865 562 (18)

302 556 390 630 εἷς
413 563 604 616 ἐστιν.

378 652 462 707 12.
493 654 582 706 Διὸ
613 653 913 710 πλανῶνται
946 659 1038 711 καὶ
1060 661 1108 712 οἱ
1138 661 1406 729 λέγοντες,
1434 664 1516 718 ὅτι
1537 666 1690 732 ἄλλος
1721 669 1868 722 ἐστὶν

311 743 334 794 6
367 741 550 794 παθὼν
588 743 732 809 Υἱὸς,
768 748 858 799 καὶ
889 746 1045 811 ἄλλος
1081 752 1107 802 6
1145 751 1218 822 μὴ
1252 752 1458 807 παθών.
1500 757 1572 808 υὺ
1614 759 1720 831 γάρ
1751 761 1866 813 ἓτε-

312 833 402 904 ρός
438 835 551 887 ἐστι
585 837 733 907 παρὰ
757 839 847 891 τὸν
872 842 1042 911 Λόγον
1083 844 1216 914 (19),
1244 848 1272 899 6
1298 847 1388 900 τὸν
1422 847 1653 904 θάνατον
1689 855 1865 909 καὶτὸ

302 925 471 988 πάθος
499 927 947 1000 ἀναδεδεγμένοςο
976 935 1089 988 ἀλλ’
1119 937 1280 1003 αὐτὸς
1315 942 1343 994 6
1370 941 1585 1012 ἀπαθὴς
1625 948 1718 1000 καὶ
1751 949 1861 1020 (20)

296 1017 584 1089 ἀσώματος
615 1023 805 1091 Λόγος,
837 1027 1099 1093 γενέσεως
1122 1031 1320 1103 σαρκὸς
1352 1034 1696 1109 ἀνθρωπίνης
1735 1017 1862 1094 diva;-

295 1111 574 1182 σχόμενος,
606 1115 674 1168 τά
705 1117 881 1171 πάντα
902 1119 1277 1192 πεπλήρωκεν,
1301 1125 1389 1179 ἵνα
1424 1127 1521 1201 ἔχῃ
1544 1147 1616 1194 τι,
1639 1131 1667 1184 ὃ
1704 1150 1863 1205 προσ-

291 1203 489 1276 ενέγκῃ
522 1205 660 1276 ὑπὲρ
700 1207 877 1278 ήμῶν.
916 1211 1025 1263 Καὶ
1057 1211 1271 1281 λέγεται
1319 1219 1581 1290 κρείττων
1636 1203 1861 1296 γενόμε-

288 1313 381 1360 νος
406 1297 512 1350 τῶν
540 1299 783 1366 ἀγγέλων
817 1302 928 1371 (21)
949 1318 961 1330 ·
988 1305 1085 1357 οὐκ
1117 1307 1278 1370 αὐτὸς
1309 1309 1338 1360 6
1371 1312 1599 1384 ποιητὴς
1628 1314 1734 1368 τῶν
1762 1319 1862 1386 ἀγ-

284 1387 462 1455 γέλων
488 1389 658 1458 Λόγος
694 1392 953 1462 κρείττων
989 1397 1228 1464 γέγονεν,
1264 1399 1338 1463 ὡς
1376 1403 1555 1472 ἥττων
1597 1404 1670 1460 ὥν
1705 1424 1856 1473 ποτε,

285 1478 425 1532 ἀλλὰ
464 1483 495 1551 ἡ
547 1482 726 1554 μορφὴ
766 1484 859 1536 τοῦ
899 1485 1105 1550 δούλου,
1153 1490 1220 1561 ἢν
1251 1493 1412 1556 αὐτὸς
1448 1498 1477 1547 6
1515 1497 1686 1566 Λόγος
1731 1499 1856 1552 ἰδιο-

285 1573 550 1641 ποιήσατο
612 1579 811 1648 φυσικῇ
877 1581 1159 1648 γεννήσει,
1220 1585 1482 1654 κρείττων
1535 1591 1856 1646 άνατείλασα

285 1664 354 1715 ἐκ
385 1664 486 1733 τῆς
508 1666 600 1719 τοῦ
635 1671 1058 1740 πρωτοπλάστου
1081 1674 1364 1742 γενέσεως,
1391 1681 1487 1734 καὶ
1513 1683 1660 1753 ἡμᾶς
1688 1701 1856 1756 προσ-

281 1756 601 1821 οικειοῦται,
638 1759 713 1822 ὡς
745 1763 979 1834 εἴρηται,
1029 1768 1361 1836 συμπολίτας
1405 1772 1513 1827 τῶν
1555 1776 1724 1842 ἁγίων
1763 1777 1859 1830 καὶ

276 1848 516 1913 οἰκείους
541 1850 674 1903 Θεοῦ
707 1856 1027 1924 γενομένους
1050 1859 1160 1928 (‘22)
1183 1878 1196 1890 ·
1233 1863 1328 1915 καὶ
1367 1864 1506 1917 κατὰ
1541 1866 1699 1936 φύσιν
1721 1868 1856 1922 Θεοῦ

276 1937 532 2007 γέγονεν,
573 1941 676 1994 ἰδία
727 1945 822 2015 οὐχ
864 1947 1145 2017 ὁμοούσιος
1185 1947 1317 2006 οὖσα
1368 1955 1400 2025 ἡ
1451 1955 1586 2027 σάρξ
1622 1959 1720 2030 τῆς
1761 1960 1855 2013 τοῦ

276 2030 455 2100 Λόγου
489 2033 773 2104 θεότητος,
814 2039 890 2102 ὡς
922 2042 1188 2106 συνατδιος
1212 2061 1223 2072 ·
1268 2045 1402 2100 ἀλλὰ
1439 2048 1542 2102 ἰδία
1587 2051 1726 2104 κατά
1754 2053 1855 2122 φύ-

280 2140 370 2176 σιν
401 2129 689 2200 γενομένη,
732 2133 823 2184 καὶ
850 2133 1151 2208 ἀδιαίρετος
1177 2138 1319 2192 κατὰ
1347 2141 1556 2206 ἕνωσιν,
1588 2145 1650 2197 ὲκ
1686 2146 1854 2218 σπέρ-

279 2232 453 2308 ματος
486 2220 667 2284 Δαϐὶδ,
699 2224 791 2276 καὶ
818 2225 912 2278 τοῦ
953 2228 1222 2301 Ἀϐραάμ,
1257 2233 1349 2285 καὶ
1380 2232 1472 2287 τοῦ
1515 2235 1683 2306 Ἀδάμ
1718 2238 1851 2308 (25),

274 2305 334 2372 ἐξ
369 2299 429 2359 οὗ
472 2309 563 2361 καὶ
607 2312 767 2382 ἡμεῖς
799 2299 1194 2388 γεγεννήμεθα.
1244 2322 1306 2374 El
1351 2322 1408 2376 δὲ
1445 2299 1733 2395 ὀμοούσιοςι
1759 2299 1850 2380 τοῦ

272 2398 452 2467 Λόγου
479 2403 510 2472 ἡ
544 2403 678 2475 σὰρξ
709 2408 803 2459 καὶ
835 2411 1118 2476 συναίδιος,
1149 2415 1214 2466 ὲκ
1237 2413 1425 2468 τούτου
1457 2418 1631 2487 ἐρεῖτε
1661 2419 1753 2473 καὶ
1784 2419 1851 2473 τά

272 2490 457 2546 πάντα
481 2495 753 2565 κτίσματα
778 2502 1018 2555 συναῒδια
1040 2503 1116 2574 τῷ
1141 2505 1208 2559 τὰ
1234 2505 1410 2560 πάντα
1436 2509 1681 2562 κτίσαντι
1711 2510 1846 2581 Θεῷ.

270 2584 388 2637 Καὶ
414 2585 530 2650 πῶς
559 2587 634 2639 ἔτι
669 2589 1004 2659 Χριστιανοὶ,
1029 2596 1077 2647 οἱ
1106 2597 1382 2662 τοιαύταις
1415 2600 1848 2673 συμπλεκόμενοι

272 2676 697 2747 στραγγαλιαῖς;
749 2680 821 2732 Τὸ
871 2683 980 2754 γὰρ
1031 2685 1313 2755 ὁμοούσιον
1357 2689 1451 2742 καὶ
1493 2690 1700 2755 ἀπαθὲς
1755 2695 1848 2746 καὶ

269 2765 624 2822 ἀνεπίδεκτον
660 2770 910 2837 θανάτου,
946 2775 1080 2846 πρὸς
1109 2777 1220 2846 (24)
1255 2779 1316 2832 τὸ
1345 2780 1626 2851 ὀμοούσιον
1656 2784 1847 2839 ἕνωσιν

265 2859 395 2912 καθ’
430 2862 726 2916 ὑπόστασιν
758 2866 858 2917 οὐκ
899 2867 1276 2939 ἐπιδεχόμενόν
1311 2873 1458 2925 ἐστιν
1479 2914 1492 2936 ,
1529 2873 1664 2928 ἀλλὰ
1707 2876 1848 2930 κατὰ

267 2952 463 3021 φύσιν·
496 2956 617 3007 καθ’
665 2957 960 3013 ὑπόστασιν
994 2959 1049 3013 δὲ
1090 2961 1188 3032 τὴν
1234 2963 1365 3017 ἰδίαν
1406 2966 1715 3039 τελειότητα
1757 2971 1848 3022 ὲκ-

263 3043 617 3114 δεικνύμενον
657 3047 790 3117 (25).
824 3048 984 3102 Ὥστε
1019 3053 1085 3121 τῇ
1123 3049 1451 3126 νομιζομένῃ
1492 3055 1644 3125 ὑμῶν
1677 3057 1846 3130 εὐφή-

1980 501 2080 539 non
2105 496 2181 540 est
2203 505 2220 540 .·
2247 487 2385 542 Deus
2409 499 2582 541 autem
2617 503 2752 541 unus
2778 498 2853 541 est
2884 489 2949 543 °°.

1977 711 1988 727 ,
2053 660 2140 714 12.
2171 660 2510 732 Quapropter
2562 671 2750 716 errant
2801 663 2895 731 qui
2948 663 3154 731 dicunt,
3199 665 3364 720 alium
3419 681 3536 723 esse

1977 751 2068 820 qui
2102 767 2296 821 passus
2333 763 2417 807 est
2449 752 2642 817 Filius,
2675 762 2728 808 et
2754 753 2919 807 alium
2949 755 3042 824 qui
3072 771 3267 824 passus
3296 773 3403 813 non
3432 766 3534 813 est.

1974 840 2091 895 Non
2143 843 2286 896 enim
2339 843 2479 898 alius
2525 852 2607 898 est
2660 858 2822 913 quam
2871 843 3048 912 ipsum
3107 843 3359 912 Verbum,
3390 849 3535 918 quod

1977 931 2284 1000 passionem
2309 940 2363 985 et
2399 941 2627 986 mortem
2662 934 2984 1002 susceperit.
3033 933 3137 988 Sed
3163 935 3293 990 illud
3335 938 3534 1006 ipsum,

1979 1022 2358 1091 incorporeum
2411 1031 2467 1077 et
2511 1023 2847 1094 impassibile
2904 1023 3162 1090 Verbum,
3203 1043 3327 1081 eum
3379 1045 3539 1098 gene-

1969 1113 2237 1170 rationem
2273 1115 2456 1171 carnis
2487 1117 2673 1172 subire
2705 1116 2985 1188 dignatum
3009 1127 3174 1183 esset,
3215 1120 3399 1173 omnia
3437 1121 3540 1174 im-

1971 1206 2154 1276 plevit,
2186 1215 2246 1261 ut
2274 1208 2498 1264 haberet
2543 1207 2688 1278 quod
2735 1223 2833 1278 pro
2878 1210 3038 1264 nobis
3072 1209 3308 1265 oll‘erret.
3357 1209 3422 1264 Et
3462 1211 3539 1264 di-

1969 1297 2132 1362 citur,
2181 1299 2375 1354 melius
2413 1299 2622 1370 angelis
2655 1297 3037 1363 factum,non
3099 1302 3243 1371 quod
3298 1301 3533 1358 Verbum

1970 1389 2144 1445 factor
2177 1392 2492 1462 angelorum
2523 1434 2539 1459 ,
2593 1392 2789 1449 melius
2834 1393 3038 1448 factum
3095 1395 3197 1462 sit,
3246 1396 3401 1464 quasi
3437 1396 3538 1448 ali-

1966 1482 2189 1550 quando
2217 1483 2400 1538 minus
2430 1483 2538 1540 illis
2567 1482 2760 1539 fuerit:
2818 1485 2911 1540 sed
2951 1484 3128 1541 forma
3163 1487 3326 1552 servi,
3365 1502 3530 1556 quam

1967 1573 2146 1642 ipsum
2190 1571 2421 1628 Verbum
2453 1577 2732 1646 propriam
2773 1577 2876 1631 sibi
2905 1577 3140 1632 naturali
3183 1578 3532 1646 generatione

1967 1665 2219 1730 reddidit,
2247 1667 2440 1722 melior
2482 1683 2549 1722 ex
2597 1670 2916 1740 protoplasti
2963 1670 3310 1740 generatione
3340 1683 3531 1725 exorta

1891 1755 1934 1810 Β
1964 1766 2069 1823 εει,
2096 1773 2306 1828 nosque
2340 1759 2416 1812 illi
2448 1759 2632 1816 amnes
2663 1761 2917 1825 reddidit,
2942 1771 3002 1816 ut
3025 1762 3230 1816 dictum
3253 1770 3357 1827 est,
3384 1762 3529 1818 cives

1965 1859 2304 1914 sanctorum,
2333 1859 2386 1906 et
2418 1851 2719 1908 familiares
2753 1852 2864 1908 Deo
2893 1854 3147 1910 effectos:
3173 1871 3300 1911 caro
3335 1871 3531 1911 secun-~

1961 1939 2088 1994 dum
2149 1951 2398 1996 naturam
2451 1944 2670 2013 prOpria
2721 1943 2831 2000 Deo
2859 1944 2999 2000 facta
3045 1957 3168 2016 est,
3221 1965 3319 2004 nec
3349 1957 3528 2003 tamen

1959 2031 2441 2090 consubstantialis
2496 2045 2580 2089 est
2630 2034 2792 2091 Verbi
2836 2038 3064 2106 deitati,
3113 2043 3269 2110 quasi
3311 2041 3386 2094 illi
3440 2056 3530 2096 co-

1959 2133 2158 2178 aeterna
2204 2135 2369 2181 esset.
2404 2125 2510 2181 Sed
2563 2129 2782 2198 propria
2833 2131 2910 2184 illi
2945 2132 3242 2186 secundum
3275 2143 3526 2186 naturam

1957 2215 2121 2280 facta,
2156 2226 2211 2271 et
2252 2217 2598 2273 indivisibilis
2625 2230 2845 2290 propter
2891 2222 3148 2278 unionem
3176 2237 3191 2277 :
3220 2239 3287 2278 ex
3321 2223 3527 2278 semine

1958 2303 2152 2373 David,
2206 2308 2436 2364 Abrahae
2459 2349 2474 2376 ,
2529 2320 2583 2365 et
2621 2311 2769 2378 Adae,
2808 2327 2872 2367 ex
2902 2330 3012 2383 quo
3041 2322 3092 2369 et
3127 2330 3230 2371 nos
3258 2315 3526 2386 progeniti

1956 2414 2169 2454 sumus.
2203 2400 2357 2466 Quod
2410 2404 2456 2458 si
2502 2403 2685 2460 Verbo
2718 2406 3206 2463 eonsubstantialis
3239 2417 3324 2463 est
3373 2406 3520 2472 caro,

1953 2497 2006 2542 et
2053 2499 2356 2561 coaeterna;
2406 2494 2518 2564 jam
2570 2496 2701 2552 hinc
2744 2498 2938 2554 dicetis
2997 2513 3188 2555 omnes
3240 2508 3522 2554 creatur-as

1954 2582 2198 2637 omnium
2253 2588 2489 2642 creatori
2541 2586 2651 2644 Deo
2705 2598 3005 2646 coaternas
3059 2605 3201 2646 esse.
3254 2591 3322 2646 At
3374 2592 3518 2661 qui,

1951 2690 2159 2743 quaaso,
2208 2676 2386 2733 adhuc
2409 2679 2705 2736 Christiani
2729 2681 2901 2746 eritis,
2940 2683 3034 2753 qui
3080 2683 3281 2738 talibus
3310 2698 3406 2738 vos
3441 2681 3522 2737 la-

1952 2767 2108 2836 queis
2142 2767 2472 2838 implieatis?
2523 2770 2656 2826 Nam
2692 2773 2838 2844 quod
2874 2775 3361 2841 consubstantiale,
3412 2774 3519 2828 im-

1950 2859 2229 2928 passibile,
2291 2870 2346 2915 et
2403 2865 2599 2920 mortis
2650 2865 2876 2936 incapax
2934 2875 3036 2932 est,
3087 2867 3342 2922 unionem
3393 2882 3518 2922 cum

1950 2952 2406 3008 consubstantiali
2433 2972 2541 3010 non
2572 2958 2808 3012 admittit
2836 2960 3134 3014 secundum
3168 2960 3510 3031 hypostasin,

1950 3041 2043 3096 sed
2079 3043 2382 3097 secundum
2407 3055 2697 3102 naturam:
2733 3064 2898 3117 porro
2931 3049 3228 3103 secundum
3261 3049 3517 3118 byposta-

264 3153 356 3207 μῳ
396 3115 702 3208 ἐφευρέσει,
794 3141 891 3210 τὴν
926 3144 990 3194 ὲκ
1013 3115 1111 3212 τῆς
1134 3115 1546 3215 Παρθένου
1577 3115 1842 3202 Θεοτόκόυ

1951 3132 2055 3199 sin,
2101 3136 2382 3204 pr0priam
2433 3115 2824 3206 perfectionem
2884 3141 3124 3195 exhibet.
3186 3115 3372 3210 Itaque
3424 3157 3518 3210 per

262 3230 448 3300 σάρκα
473 3231 746 3300 ἀρνεῖσθε,
781 3231 813 3303 ἢ
847 3232 945 3303 τὴν
979 3233 1210 3305 θεότητα
1245 3235 1634 3307 βλασφημεῖτε.
1677 3240 1740 3292 Ei
1786 3241 1843 3293 δὲ

255 3320 408 3376 οὕτω
441 3323 536 3376 καὶ
570 3326 660 3378 τὸν
701 3325 827 3378 Υἱὸν
869 3327 1179 3396 ὁμολογεῖτε
1215 3329 1498 3399 ὀμοούσιον
1546 3331 1622 3402 τῷ
1669 3334 1843 3404 Πατρὶ

256 3416 359 3470 καὶ
390 3415 450 3468 τὸ
482 3415 706 3489 Πνεῦμα
736 3417 799 3470 τὸ
831 3417 1006 3486 ἅγιον,
1047 3419 1122 3483 ὡς
1158 3421 1259 3491 τὴν
1303 3423 1483 3493 σάρκα
1514 3423 1613 3494 τὴν
1643 3424 1843 3478 παθοῦ-

256 3525 365 3562 σαν
415 3509 555 3579 (26)·
600 3511 695 3563 καὶ
725 3510 780 3563 τί
825 3510 903 3564 ἔτι
950 3513 1098 3583 ἡμᾶς
1151 3515 1458 3585 μέμφεσθε,
1505 3516 1580 3581 ὼς
1609 3519 1841 3590 τετράδα

252 3600 385 3653 ἀντὶ
417 3599 642 3671 Τριάδος
673 3601 958 3669 λέγοντας,
993 3602 1146 3656 αὐτοὶ
1185 3605 1416 3676 τετράδα
1454 3607 1573 3659 ἀντὶ
1615 3607 1840 3679 Τριάδος

251 3693 355 3746 καὶ
383 3691 605 3756 ἄκοντες
647 3694 1032 3765 ὁμολογοῦντες
1050 3734 1065 3756 ,
1095 3696 1344 3765 λέγοντες
1371 3698 1660 3768 ὁμοουσίαν
1700 3696 1838 3754 εἶναι

247 3785 320 3856 τῇ
359 3784 551 3856 Τριάδι
577 3784 675 3855 τὴν
705 3786 914 3856 σάρκας
950 3788 1140 3841 Τοίνυν
1177 3789 1380 3859 ματαία
1408 3791 1441 3860 ἡ
1477 3789 1657 3852 πίστις
1687 3791 1838 3861 ὑμῶν

247 3880 436 3932 ἐστιν’
495 3877 585 3932 ἴσα
640 3878 748 3949 γάρ
802 3884 1046 3952 φρονεῖτε
1094 3881 1204 3936 τῶν
1255 3882 1467 3936 ἀσεὸὦν
1524 3883 1835 3955 Ἀρειανῶν,

247 3968 446 4032 κακῶς
499 3969 936 4040 ἐκλαμϐάνοντες
985 3971 1080 4035 τὸ,
1144 3972 1197 4025 Ὁ
1261 3975 1450 4042 Λόγος
1502 3974 1659 4043 σὰρξ
1711 3975 1837 4045 ἐγέ-

243 4077 395 4113 νετο
425 4059 558 4129 (Ἦ).
597 4061 654 4112 '0
673 4060 842 4129 Λόγος
868 4061 924 4113 δὲ
952 4060 1088 4131 σὰρξ
1115 4062 1349 4130 ἐγένετο,
1380 4063 1476 4133 οὐχ
1495 4063 1580 4116 ἵνα
1607 4067 1635 4118 6
1665 4065 1838 4134 Λόγος

247 4147 515 4221 μηκέτιῇ
545 4151 716 4218 Λόγος
736 4167 748 4181 ·
781 4151 894 4206 ἀλλ’
924 4153 1012 4206 ἵνα
1049 4154 1108 4206 ὲν
1140 4155 1301 4226 σαρκὶ
1411 4158 1438 4208 6
1477 4155 1665 4224 Λόγος,
1700 4157 1834 4230 σὰρξ

243 4242 494 4310 ἐγένετο,
529 4242 616 4296 ἵνα
662 4243 754 4295 καὶ
805 4246 833 4296 6
863 4245 1032 4313 Λόγος
1077 4243 1227 4318 ἀεὶῇ
1266 4246 1469 4314 Λόγος,
1513 4249 1608 4302 καὶ
1656 4251 1833 4322 σάρκα

241 4335 354 4408 ἔχῃ
399 4336 428 4387 6
461 4335 650 4403 Λόγος,
683 4338 740 4389 ἐν
771 4330 890 4409 ᾖτὺ
931 4337 1101 4402 πάθος
1133 4340 1225 4392 καὶ
1261 4340 1353 4393 τὸν
1395 4340 1621 4394 θάνατον
1650 4342 1831 4395 ἀνεδέ-

1946 3225 2286 3297 religiosum,
2348 3238 2406 3283 ut
2468 3231 2773 3297 mstimatis,
2832 3244 3074 3288 vestrum
3124 3243 3516 3297 commentum,

1945 3325 2042 3370 aut
2070 3333 2288 3373 carnem
2321 3336 2387 3374 ex
2431 3319 2652 3392 Virgine
2701 3332 2756 3378 et
2799 3324 3026 3395 Deipara
3057 3335 3391 3395 assumptam
3425 3343 3520 3380 ne-

1944 3408 2098 3475 gatis,
2145 3420 2240 3464 aut
2284 3411 2341 3465 in
2390 3412 2646 3469 deitatem
2695 3415 3105 3486 blasphematis.
3141 3415 3197 3471 Si
3235 3429 3414 3472 autem
3447 3433 3514 3473 eo

1945 3503 2110 3556 modo
2136 3503 2357 3572 Filium,
2386 3520 2598 3560 necnon
2641 3506 2902 3576 Spiritum
2933 3517 3178 3562 sanctum
3209 3507 3353 3562 Patri
3382 3525 3515 3563 eon-

1945 3592 2358 3648 substantialem
2384 3594 2776 3661 conﬁteamini,
2810 3610 2920 3664 quo
2945 3611 3162 3650 carnem
3197 3612 3318 3665 quae
3346 3609 3511 3665 passa

1943 3693 2028 3738 est
2056 3702 2069 3738 :
2105 3683 2301 3756 ecquid
2330 3700 2461 3755 ergo
2488 3700 2589 3739 nos
2624 3686 2803 3741 adhuc
2830 3687 3122 3752 accusatis,
3164 3696 3223 3740 ut
3253 3688 3346 3756 qui
3377 3701 3513 3756 qua-

1945 3776 2253 3832 ternitatem
2290 3792 2388 3846 pro
2415 3775 2680 3832 Trinitate
2711 3778 2981 3843 dicamus,
3012 3794 3136 3832 cum
3167 3779 3265 3848 ipsi
3297 3787 3513 3848 quater-

1943 3867 2167 3922 nitatem
2201 3883 2301 3938 pro
2332 3867 2602 3925 Trinitate
2635 3869 2719 3924 vel
2762 3871 2912 3924 inviti
2953 3869 3345 3932 confiteamini,
3379 3868 3506 3922 dum

1941 3959 2149 4023 dicitis,
2205 3963 2727 4017 consubstantialem
2754 3962 3008 4016 Trinitati
3058 3975 3278 4016 carnem
3331 3961 3512 4016 esse?

1939 4049 2125 4122 Itaque
2170 4067 2310 4107 vana
2361 4062 2446 4107 est
2494 4053 2626 4108 ﬁdes
2654 4063 2836 4108 vestra
2870 4069 2883 4106 :
2932 4053 3084 4122 paria
3118 4053 3260 4106 enim
3297 4052 3509 4106 sentitis

1939 4158 2063 4198 cum
2110 4145 2292 4214 impiis
2333 4144 2572 4207 Arianis,
2607 4145 2747 4200 male
2775 4146 3105 4214 accipientes
3143 4144 3273 4198 illud
3308 4164 3320 4198 ε
3377 4142 3507 4198 Ver-

1940 4233 2061 4287 bum
2097 4251 2220 4287 caro
2249 4235 2445 4303 factum
2495 4245 2591 4289 est.
2641 4234 2814 4290 Porro
2862 4234 3096 4290 Verbum
3138 4250 3265 4289 caro
3306 4234 3504 4289 factum

1938 4335 2040 4389 est,
2074 4342 2182 4381 non
2217 4337 2277 4380 ut
2308 4325 2544 4381 Verbum
2587 4344 2695 4383 non
2755 4329 2990 4398 amplius
3047 4326 3283 4382 Verbum
3315 4337 3460 4383 esset
3489 4345 3504 4396 ;

238 4426 385 4494 ξατο
414 4429 471 4479 ἐν
504 4431 682 4499 μορφῇ
718 4431 784 4498 τῇ
817 4429 1148 4504 ἀνθρωπίνῃ,
1182 4431 1342 4503 μέχρι
1383 4435 1553 4502 τάφου
1585 4436 1677 4488 καὶ
1703 4434 1829 4506 ᾇδου

1951 4415 2030 4470 sed
2061 4414 2322 4480 Verbum,
2359 4426 2418 4471 ut
2451 4418 2505 4470 in
2553 4433 2718 4472 carne
2763 4427 2936 4485 esset,
2982 4433 3112 4473 caro
3147 4414 3347 4472 factum
3399 4427 3504 4482 est,

235 4519 472 4584 ὲπιῦὰς,
510 4523 566 4574 ὲν
669 4522 764 4574 καὶ
799 4521 896 4592 τὴν
930 4523 1222 4576 ἀνάστασιν
1248 4525 1346 4596 τὴν
1388 4529 1451 4579 ὲκ
1491 4527 1698 4598 νεκρῶν
1726 4545 1822 4580 πε-

233 4613 494 4683 ποίηται,
530 4612 728 4684 σαρκὸς
755 4614 850 4666 καὶ
889 4613 1118 4685 αἵματος
1154 4615 1247 4668 καὶ
1283 4617 1458 4687 ψυχῆς
1486 4619 1584 4688 τὴν
1629 4619 1827 4672 ἐπίδει-

326 4724 376 4755 ⁶⁹
417 4721 592 4778 Galat.
635 4738 717 4786 ιιι,
751 4721 840 4776 20.

353 4862 437 4926 18)
464 4863 555 4933 Sic
589 4861 711 4933 Seg.
729 4873 779 4916 et
799 4862 973 4933 Graec.
990 4861 1201 4933 (εει-ιρι.
1229 4872 1425 4917 textus.
1456 4863 1596 4918 Editi
1625 4881 1770 4929 vero,
1793 4869 1822 4920 6

226 4933 298 4992 δὲ
330 4931 487 4998 Υἱός.
520 4931 685 4999 Infra,
715 4943 836 5003 post
857 4931 1066 4999 παθών,
1096 4931 1287 5003 legitur
1310 4934 1422 4998 υἱός
1446 4934 1498 4988 in
1524 4936 1699 5001 editis,
1727 4940 1820 4992 sed

227 5008 405 5061 deest
433 5005 486 5058 in
521 5005 644 5072 Seg.
1052 5071 1059 5072 ί
1712 5042 1716 5048 .

315 5074 452 5149 (ιθ)-
480 5074 569 5130 Sic
592 5071 719 5149 _Se_g.
752 5073 912 5149 βυδι.
949 5081 1005 5127 et
1040 5071 1184 5127 Felc.
1218 5073 1268 5127 1.
1315 5073 1455 5128 Editi
1489 5091 1638 5141 vero,
1673 5077 1820 5149 παρὰ

224 5144 337 5199 τὸν
367 5145 497 5198 Υίὸν
525 5145 618 5198 τοῦ
644 5144 800 5198 Θεοῦ.

313 5215 432 5286 (20)
462 5216 583 5288 Καί
609 5217 761 5288 deest
793 5216 845 5288 in
868 5214 1015 5288 Seg.7;
1033 5221 1088 5268 et
1117 5213 1172 5288 in_
1199 5213 1388 5268 eodem
1418 5212 1580 5288 infra,
1609 5215 1819 5288 ἀνθρω-

221 5283 766 5357 πίνηςᾴεθειηΜοχ
799 5283 961 5357 idem,
991 5283 1172 5357 ἔχῃ-τί
1213 5285 1567 5357 προσενέγκῃ.

313 5353 429 5426 (21)
450 5356 572 5427 Seg.
615 5355 772 5411 Gobl.
817 5353 1134 5416 Felckal,
1159 5353 1444 5425 γενόμενος
1471 5353 1734 5425 ἀγγέλων,
1755 5359 1815 5410 οὐ

219 5427 465 5491 πάντως
493 5429 522 5479 6
551 5445 620 5479 πο
628 5428 802 5496 ιητής.

307 5497 429 5565 (22)
471 5497 596 5568 Seg.
627 5494 683 5568 et
708 5494 892 5568 Gobl.,
935 5496 1011 5558 ὡς
1043 5494 1257 5568 είρηται
1293 5494 1439 5568 *πρὸς
1458 5496 1588 5568 ⁸τῶν
1623 5497 1811 5566 ἁγίων,

213 5569 337 5625 καὶ
367 5565 568 5622 οἰκεῖοί
589 5566 777 5637 (Gobl.
813 5567 906 5619 καὶ
947 5565 1198 5635 οἰκείους)
1227 5565 1320 5618 τοῦ
1350 5565 1506 5634 Θεοῦ,
1547 5570 1639 5621 καὶ
1674 5565 1810 5623 Θεοῦ

217 5638 381 5694 κατὰ
409 5637 570 5706 φύσιν
593 5637 812 5705 γέγονεν
845 5637 966 5706 ἰδία.

309 5705 429 5774 (‘23)
468 5707 613 5770 iber,
651 5707 742 5759 καὶ
787 5705 877 5758 τοῦ
922 5708 1108 5774 Ἀδάμ,
1140 5707 1334 5762 desunt
1381 5708 1432 5761 in
1482 5708 1602 5773 Sea.
1649 5709 1803 5764 Gobl.

1939 4517 1998 4562 ut
2031 4517 2085 4563 et
2118 4507 2355 4564 Verbum
2390 4524 2604 4580 semper
2637 4508 2877 4564 Verbum
2929 4520 3074 4566 esset
3106 4551 3122 4576 ,
3171 4522 3224 4566 et
3268 4510 3504 4566 Verbum

1932 4614 2158 4654 carnem
2211 4599 2467 4667 haberet;
2497 4602 2551 4654 in
2585 4615 2693 4670 qua
2722 4601 3032 4670 passionem
3062 4611 3114 4656 et
3147 4611 3375 4657 mortem
3403 4602 3504 4656 sub

1924 4879 1977 4925 et
2003 4869 2242 4925 Felckm.
2284 4869 2334 4922 1.
2367 4867 2538 4923 Paulo
2559 4877 2702 4939 post,
2733 4869 2785 4922 in
2824 4868 3036 4931 iisdem,
3067 4865 3160 4919 τοῦ
3189 4866 3362 4933 Λόγου
3405 4865 3497 4919 dc-

1923 4939 2185 5016 estuliiog
2211 4939 2393 5016 iidern,
2420 4941 2484 4993 ὲκ
2506 4939 2958 5016 τοῦτου-ἐρεῖτε...
2994 5005 3006 5016 .
3043 5004 3056 5016 _
3187 5006 3200 5016 _
3335 5005 3344 5016 .

1999 5009 2108 5080 (21)
2153 5009 2469 5081 Seguerian.
2497 5004 2807 5065 Goblerian.
2840 5017 2893 5062 et
2918 5004 3202 5060 Felckm.l
3240 5005 3496 5066 omittunt

1924 5081 2078 5152 πρός.

2000 5151 2100 5162 ιΑιιι
2150 5149 2183 5162 η
2357 5152 2368 5162 ο
2571 5151 2583 5162 ι
2665 5147 2689 5162 ιδ

1993 5151 2106 5215 (25)
2150 5149 2533 5220 Seguerianus,
2567 5147 2966 5220 ἐπιδεχόμενον.

1966 5221 2100 5297 ’(26)
2144 5215 2266 5290 Βρέ.
2301 5220 2455 5297 Gobl.
2491 5230 2543 5297 et
2570 5215 2807 5297 Felekrrl,
2838 5217 2889 5279 1,
2921 5215 3025 5297 τὴν
3053 5215 3228 5297 σάρκα
3255 5215 3352 5297 τὴν
3384 5232 3488 5297 παῖ

1919 5287 2138 5373 ροῦσαν,
2171 5287 2373 5360 ματαία
2399 5293 2431 5359 ἡ
2465 5289 2642 5351 πίστις
2678 5287 2850 5357 ὑμῶν,
2873 5287 3057 5342 multis
3090 5287 3330 5350 omissis,
3356 5294 3490 5340 utet

1916 5358 2272 5507 Na(';1il)u_sSeg.
2307 5428 2463 5507 G_ob|_.
2499 5438 2551 5507 et
2585 5425 2820 5507 Felckm;
2864 5426 2990 5507 i,_'0
3011 5427 3188 5507 Λόγος.
3213 5425 3349 5507 σὰρξ
3373 5425 3486 5507 ὲγὲτ

1916 5492 2828 5634 ιτῖῑῖιεδκιῖνιέιγξυάξξάιι-κξξέἐξ
2860 5492 3485 5634 eraserim

1916 5569 2154 5624 Felckm.
2187 5569 2237 5632 1,
2273 5569 2500 5636 Λόγου),
2533 5569 2644 5620 ἀλλ’
2679 5569 2828 5652 Eva};
2862 5569 2994 5638 σὰρξ
3019 5569 3430 5692 ξὶδΛόγοςοἈλῖ
3452 5569 3480 5618 6

1915 5641 2085 5707 Λόγος
2115 5638 2249 5708 σὰρξ
2266 5639 2499 5711 ἐγένετο,
2526 5639 2609 5711 ἵνα
2641 5638 2733 5690 καὶ
2760 5657 2787 5692 ο
2817 5637 3002 5706 Λόγος.
3077 5637 3198 5692 aulo
3232 5647 3373 5708 post,
3401 5637 3480 5702 ὲν,

1916 5719 2042 5764 ante
2083 5711 2282 5770 υοοφῆ,
2312 5709 2458 5763 deest
2485 5709 2536 5762 in
2573 5709 2695 5770 Seu.
