3992 6230
436 264 579 323 1115

997 262 1056 317 S.
1097 261 1476 317 ATHANASII
1518 261 1670 319 OPP.
1709 263 1891 319 PARS
1924 264 1964 321 1.
2003 295 2072 305 -—
2112 265 2482 324 lllSTORlCA
2520 268 2607 323 ET
2641 269 3054 327 DOGMATICA.

3530 273 3663 326 1116

435 381 601 453 744
632 381 868 437 humana
921 379 1096 436 forma
1138 381 1474 450 susciperet,
1519 397 1583 436 ac
1615 399 1790 452 usque
1819 385 1886 438 ad
1921 400 1998 438 se-

2109 386 2189 452 ξιν
2221 389 2586 460 ποιησάμενος
2614 391 2642 442 6
2679 389 2809 453 Θεὸς
2837 391 3004 460 Λόγος
3026 389 3112 443 διὰ
3147 391 3278 454 ἰδίας
3311 391 3400 444 καὶ
3427 390 3661 462 ἀδιαιρέ-

434 472 682 540 pulcrum
713 480 768 523 et
816 468 1090 524 infernum
1143 469 1534 535 descenderet;
1571 470 1623 523 in
1665 486 1769 538 qua
1815 483 1868 524 et
1920 487 2007 525 re-

436 561 830 616 surrectionem
888 575 955 614 ex
1009 561 1239 614 mortuis
1299 559 1556 629 perfecit,
1625 561 1916 630 carnisque
1952 571 2006 617 et

437 653 720 722 sanguinis
750 661 914 721 atque
962 651 1158 704 animae
1195 651 1392 706 indicia
1435 652 1666 720 praebuit
1694 651 1836 708 Deus
1869 651 2005 708 Ver-

436 743 588 808 bum,
620 757 717 811 per
745 741 1022 810 propriam
1055 753 1108 794 et
1141 741 1583 810 inseparabilem,
1631 749 1693 795 ut
1739 745 2004 812 scriptum

435 843 536 893 est.
567 849 809 896 carnem,
834 849 898 886 ex
929 831 1136 888 semine
1158 831 1346 886 David.
1369 831 1507 898 Quid
1531 833 1676 886 enim
1710 834 1852 888 aliud
1870 836 2009 890 dixit

436 923 676 979 Marcion
721 939 883 994 quam
928 939 1050 993 qua
1109 937 1204 978 vos
1238 922 1533 992 profertis?
1579 923 1767 980 Nonne
1812 941 2010 997 corpus

436 1015 582 1084 quod
639 1030 707 1071 ex
757 1016 896 1070 coelo
939 1014 1190 1084 apparuit
1249 1014 1302 1067 in
1361 1015 1712 1069 similitudine
1752 1016 2008 1083 humana,

2112 495 2204 530 του
2247 478 2466 549 σαρκὸς,
2493 479 2568 542 ὡς
2597 479 2934 551 γέγραπται,
2963 483 3025 532 ἐκ
3055 481 3364 550 σπέρματος
3387 480 3562 532 Δαϐίδ.
3599 483 3664 534 Ti

2111 569 2220 640 γὰρ
2249 570 2432 640 ἕτερον
2466 571 2597 642 παρ’
2632 572 2774 642 ὑμᾶς
2815 573 2998 642 εἴρηκε
3026 573 3317 642 Μαρκίων;
3347 572 3480 642 Οὐχὶ
3505 574 3665 643 ούρα-

2112 661 2339 728 νοφανὲς
2378 661 2438 714 τὸ
2477 661 2634 731 σῶμα
2671 663 2728 714 ἐν
2759 662 3008 733 ὁμοιώσει
3039 663 3346 735 ἀνθρωπίνῃ
3394 663 3524 732 (28),
3572 665 3667 717 καὶ

2111 749 2210 802 ούκ
2237 748 2506 820 ἀληθείᾳ;
2533 751 2598 802 Τί
2631 751 2686 804 δὲ
2725 750 2850 805 ἄλλο
2891 753 3074 823 εἴρηκε
3102 753 3424 822 Μανιχαῖος;
3448 753 3519 804 Ού
3553 753 3666 805 θεο-

2111 839 2283 902 ειδές,
2333 840 2394 892 ού
2435 841 2495 893 τὸ
2535 841 2692 911 σῶμα
2726 843 2782 894 ἐν
2811 841 3148 913 ὁμοιώσειτῇ
3183 842 3301 895 καθ’
3341 845 3485 912 ἡμᾶς
3510 843 3662 914 μόνῃ,

2114 930 2390 1001 ἀλλότριον
2411 930 2467 984 δὲ
2490 933 2686 1003 σαρκὸς
2712 934 3080 1006 ἀνθρωπίνης,
3103 930 3168 1006 ἧς
3191 935 3287 1006 τὴν
3313 937 3470 1006 φύσιν
3496 938 3668 1007 ἀμαρ-

2117 1021 2236 1074 τὶαν
2263 1021 2410 1088 λέγει
2433 1022 2661 1088 ἀσεϐῶν,
2693 1022 2787 1077 καὶ
2816 1023 2875 1077 ού
2903 1023 3002 1095 τὴν
3029 1023 3255 1094 πρᾶξιν;
3284 1024 3513 1096 Τοιαύτη
3543 1025 3666 1078 τού-

436 1113 630 1160 etnon
689 1105 742 1160 in
797 1105 1062 1160 veritate?
1095 1102 1235 1170 Quid
1286 1105 1413 1160 item
1474 1106 1619 1160 aliud
1660 1107 1871 1164 locutus
1927 1117 2002 1164 est

2117 1128 2222 1164 των
2255 1112 2288 1179 ἡ
2322 1111 2560 1168 ἀσέϐεια.

437 1196 806 1252 Manichacus?
854 1196 1045 1251 Nonne
1085 1197 1267 1252 divina
1340 1198 1518 1267 specie
1584 1213 1802 1268 corpus,
1861 1201 1976 1255 sola
2040 1201 2392 1257 similitudine
2451 1218 2686 1271 corpus,
2727 1203 2793 1258 ab
2865 1203 3102 1257 humana
3179 1217 3341 1258 carne
3387 1203 3662 1260 alienum:

437 1287 595 1356 cujus
652 1295 900 1343 naturam
953 1296 1008 1342 et
1057 1288 1170 1342 non
1220 1289 1592 1358 operationem
1637 1329 1652 1356 ,

437 1382 630 1451 pietas.

511 1476 596 1529 15.
628 1474 988 1540 Quamobrem
1025 1474 1177 1530 nefas
1206 1485 1291 1531 est
1318 1475 1467 1546 pium
1498 1477 1774 1534 hominem
1807 1480 2001 1550 hujus-

439 1569 584 1621 modi
622 1567 913 1621 verborum
947 1570 1272 1623 commentis
1297 1569 1415 1624 uti:
1455 1569 1548 1624 sed
1577 1570 1868 1625 dicendum
1919 1580 2004 1626 est

445 1661 672 1714 Verbum
701 1661 846 1730 quod
894 1668 1018 1715 ante
1062 1662 1257 1717 saecula
1288 1663 1755 1718 eonsuhstantiale
1783 1673 1866 1720 est
1907 1663 2007 1719 Pa-

441 1754 530 1818 tri,
566 1755 617 1807 in
645 1755 903 1810 extremis
938 1755 1292 1826 temporibus,
1341 1772 1405 1811 ex
1461 1766 1650 1811 sancta
1689 1767 1745 1811 et
1775 1757 2001 1827 Deipara

440 1845 684 1916 Virgine,
710 1847 838 1900 Adze
871 1848 1079 1916 plasma
1105 1858 1158 1902 et
1180 1849 1456 1916 opiﬁcium
1483 1865 1680 1903 novum
1735 1849 2004 1904 restituis-

438 1953 518 2002 se,
555 1954 679 1993 cum
710 1938 841 1992 illud
889 1939 991 1992 sibi
1037 1955 1133 2009 per
1174 1941 1431 1994 unionem
1484 1943 1761 2008 proprium
1787 1939 1999 1995 eﬂ'ecit:

439 2036 604 2098 atque
651 2031 724 2084 ita
758 2031 908 2084 visus
968 2039 1050 2086 est
1101 2032 1264 2085 homo
1299 2031 1571 2094 Christus,
1602 2035 1695 2100 qul
1725 2041 1852 2084 ante
1897 2045 2002 2084 sm-

437 2120 560 2174 cula
589 2119 732 2175 Deus
769 2131 906 2174 erat.
953 2121 1021 2174 Et
1049 2135 1151 2176 nos
1188 2122 1432 2177 membra
1460 2122 1666 2177 Christi
1697 2138 1907 2186 sumus,
1945 2130 2006 2176 ut

439 2214 702 2282 scriptum
726 2224 828 2280 est,
858 2231 922 2269 ex
957 2231 1122 2270 carne
1144 2223 1198 2270 et
1223 2233 1287 2270 ex
1315 2217 1534 2273 ossibus
1567 2217 1705 2286 ejus.
1730 2216 2003 2282 Quorsum

440 2301 606 2372 igitur
641 2305 757 2360 haec
805 2316 1111 2362 vestrarum
1171 2307 1544 2363 inventionum
1597 2309 1911 2375 contentio;
1945 2317 2005 2363 ut

330 2411 341 2422 ·
438 2407 536 2462 per
558 2393 851 2449 humanam
885 2397 1232 2466 sapientiam,
1265 2413 1329 2452 ea
1373 2414 1494 2468 qua
1525 2398 1816 2452 humanam
1849 2399 2005 2453 intel-

439 2485 716 2556 ligentiam
740 2502 1002 2556 superant
1051 2489 1349 2556 deﬁniatis,
1384 2491 1511 2544 dum
1542 2491 1746 2555 dicitis,
1781 2493 1900 2547 vice
1921 2492 2004 2547 in-

441 2577 660 2631 tet-ieris
683 2580 858 2632 nostri
894 2581 1152 2644 hominis,
1186 2590 1422 2636 mentem
1459 2584 1734 2638 caelestem
1762 2584 1815 2637 in
1838 2583 1999 2638 Chri-

439 2673 525 2717 sto
548 2662 752 2719 fuisse?
796 2666 838 2720 0
871 2668 1130 2721 nefariam
1180 2669 1529 2734 sententiam,
1563 2681 1618 2725 et
1664 2671 1878 2726 inﬁrma
1922 2672 2004 2726 in-

439 2755 754 2824 deeoraque
787 2758 999 2813 verba:
1054 2759 1335 2813 hominum
1393 2776 1522 2815 sane
1563 2762 1652 2831 qui
1698 2778 1804 2816 non
1852 2762 2005 2833 prius

442 2847 894 2910 animadvertere,
927 2849 1200 2904 Christum
1230 2867 1337 2906 non
1365 2852 1711 2924 singulariter
1751 2855 1878 2921 dici,
1908 2857 2002 2910 sed

441 2939 495 2990 in
525 2938 619 2992 illo
649 2939 768 3008 ipso
800 2943 1019 2996 nomine
1050 2945 1193 3013 quod
1243 2945 1466 3000 unicum
1498 2956 1600 3011 est,
1649 2961 1761 3000 rem
1790 2956 2001 3000 utram-

1714 1301 1996 1360 peccatum
2063 1308 2183 1350 esse
2243 1296 2407 1365 impie
2453 1295 2722 1351 affirmat?
2774 1294 3096 1364 Huiusmodi
3141 1307 3224 1350 est
3283 1295 3495 1350 illorum
3565 1301 3666 1351 im-

2179 1480 2265 1536 15.
2305 1478 2396 1539 Διὸ
2426 1477 2488 1530 οὺ
2530 1477 2612 1530 δεῖ
2642 1477 2734 1530 τὸν
2766 1475 3088 1530 εὐσεϐοῦντα
3127 1477 3395 1542 τοιαύταις
3433 1479 3665 1550 χρῆσθαι

2108 1571 2400 1634 ἐπινοίαιςο
2435 1569 2552 1623 ἀλλ’
2580 1572 2662 1623 ὅτι
2691 1571 2718 1622 6
2752 1569 2856 1640 πρὸ
2888 1570 2994 1623 τῶν
3028 1567 3234 1624 αἰώνων
3271 1571 3546 1641 ὁμοούσιος
3589 1569 3665 1624 ῶν

2110 1663 2279 1730 Λόγος
2302 1659 2379 1730 τῷ
2399 1660 2592 1731 Ila-cpi,
2616 1661 2700 1712 ἐπ’
2721 1658 2961 1729 ἐσχάτων
2980 1661 3044 1712 ἐκ
3069 1659 3168 1729 τῆς
3196 1660 3352 1729 ἁγίας
3372 1661 3464 1715 καὶ
3485 1661 3666 1714 Θεοτό-

2107 1773 2204 1809 κου
2231 1753 2506 1826 Παρθένου
2541 1752 2648 1824 (29)
2672 1753 2769 1824 τὴν
2792 1751 2886 1806 τοῦ
2929 1751 3097 1823 Ἀδὰμ
3119 1751 3310 1806 πλάσιν
3331 1753 3424 1806 καὶ
3450 1753 3666 1822 ποίησιν

2105 1845 2295 1916 καινὴν
2325 1846 2676 1915 ἀνεστήσατο,
2710 1843 3168 1913 ἱδιοποιησὰμενος
3192 1843 3310 1896 καθ’
3333 1844 3542 1897 ἕνωσιν·
3569 1846 3663 1897 καὶ

2103 1936 2273 1998 οὕτως
2326 1933 2479 2004 ῶφθη
2527 1933 2807 2005 ἄνθρωπος
2849 1936 2877 1986 ὁ
2914 1935 3180 2004 Χριστὸς,
3225 1937 3252 1987 6
3304 1935 3416 2006 πρὸ·
3454 1934 3678 1988 αἰώνων..

2103 2026 2253 2090 Θεός.
2291 2025 2398 2078 Καί
2429 2026 2593 2095 ἐσμεν
2615 2025 2774 2095 ἡμεῖς
2803 2025 2934 2094 μέλη
2963 2025 3218 2096 Χριστοῦ,
3241 2025 3315 2088 ὡς
3335 2025 3661 2096 γέγραπται,

2105 2121 2168 2172 ἐκ
2205 2121 2302 2188 τῆς
2335 2117 2533 2188 σαρκὸς
2565 2115 2728 2170 αὑτοῦ
2759 2119 2854 2170 καὶ
2887 2119 2951 2169 ἐκ
2981 2117 3088 2170 τῶν
3117 2117 3314 2170 ὀστέων
3345 2117 3525 2171 αὐτοῦ.
3565 2118 3662 2182 Τίς

2103 2203 2246 2278 οὖνὴ
2273 2206 2506 2274 τοσαύτη
2530 2206 2558 2258 ύ
2567 2205 2680 2276 μῶν
2710 2204 3004 2275 φιλονεικία
3017 2204 3124 2259 τῶν
3143 2207 3498 2277 ἐφευρέσεων,
3520 2205 3660 2260 ὥστε

2104 2298 2415 2370 ἀνθρωπίνῃ
2459 2297 2717 2369 φρονήσει
2760 2297 2897 2367 ὑπὲρ
2945 2296 3042 2368 τὴν
3093 2297 3434 2368 ἀνθρωπίνην
3479 2300 3662 2370 νόησιν

2102 2388 2407 2461 ὁρίζεσθαι,
2439 2389 2717 2457 λέγοντες·
2761 2389 2906 2442 Ἀντὶ
2940 2388 3032 2441 τοῦ
3066 2389 3264 2443 ἔσωθεν
3296 2393 3351 2443 ἐν
3385 2391 3496 2464 (30)
3532 2393 3662 2463 ἡμῖν

2104 2480 2386 2553 ἀνθρώπου
2415 2480 2536 2542 νοῦς
2565 2480 2880 2552 ἐπουράνιος
2912 2483 2970 2534 ἐν
3010 2481 3261 2554 Χριστῷς
3295 2484 3358 2535 Ὢ
3403 2483 3503 2554 τῆς
3538 2485 3663 2538 ἀθέ-

2106 2590 2241 2643 σμου
2275 2571 2518 2643 γνώμης,
2558 2573 2769 2625 καὶτῶν
2800 2571 3038 2626 ἀσθενῶν
3076 2574 3167 2626 καὶ
3194 2573 3452 2646 ἀπρεπῶν
3487 2577 3664 2646 ῥημά-

2103 2683 2228 2728 των,
2271 2663 2378 2716 τῶν
2411 2665 2484 2735 μὴ
2526 2662 2784 2716 νοούντων
2836 2663 3047 2734 πρῶτον
3092 2664 3276 2726 τοῦτο,
3307 2666 3387 2718 ὃτι
3429 2667 3663 2742 Χριστὸς

2107 2757 2449 2826 μονοτρόπως
2482 2755 2541 2808 ού
2582 2753 2823 2821 λέγεται,
2871 2752 2984 2806 ἀλλ’
3035 2756 3094 2807 ἐν
3132 2755 3279 2826 αύτῷ
3323 2757 3402 2828 τῷ
3440 2757 3661 2826 ὀνόματι

2103 2846 2183 2899 ἐνὶ
2201 2847 2310 2899 ὄντι
2335 2847 2604 2917 ἑκατέρων
2624 2846 2731 2900 τῶν
2753 2845 3086 2918 πραγμάτων
3105 2846 3372 2902 δείκνυται
3399 2849 3660 2918 σημασία,

2105 2938 2351 3008 θεότητός
2377 2956 2436 2991 τε
2460 2937 2566 3009 (51)
2589 2939 2682 2992 καὶ
2707 2937 3133 3008 ἀνθρωπότητος.
3161 2939 3251 2991 Διὸ
3270 2941 3362 2994 καὶ
3382 2939 3662 3012 ἄνθρωπος

439 3043 547 3096 que
579 3030 899 3099 signiﬁcari,
929 3033 1265 3089 divinitatem
1291 3051 1484 3105 nempe
1505 3045 1559 3090 et
1583 3037 1996 3092 humanitatem.

2104 3032 2315 3098 λέγεται
2343 3031 2370 3083 ὁ
2407 3029 2666 3102 Χριστὸς,
2697 3030 2792 3083 καὶ
2819 3028 2948 3093 Θεὸς
2977 3028 3190 3097 λέγεται
3221 3030 3248 3082 ὁ
3276 3030 3541 3100 Χριστὸς,
3570 3033 3661 3086 καὶ

441 3117 676 3188 ideoque
709 3123 872 3178 homo
899 3123 1100 3178 dicitur
1134 3124 1405 3194 Christus,
1452 3127 1594 3183 Deus
1643 3145 1860 3198 quoque
1919 3130 2002 3184 di-

442 3214 587 3264 citur
632 3211 909 3281 Christus,
951 3231 1015 3271 ac
1053 3216 1196 3272 Deus
1229 3227 1283 3272 et
1317 3219 1477 3274 homo
1521 3229 1606 3274 est
1649 3219 1920 3286 Christus,
1949 3231 2004 3275 et

444 3317 588 3358 unus
617 3313 700 3359 est
732 3305 1005 3363 Christus.
1050 3306 1264 3363 Vanum
1291 3310 1473 3380 itaque
1517 3320 1600 3366 est
1643 3321 1880 3366 vestrum
1913 3327 2003 3366 so-

442 3393 679 3462 phisma,
713 3411 823 3464 quo
873 3399 1018 3453 aliud
1060 3399 1114 3452 in
1153 3401 1372 3456 Christo
1421 3412 1611 3471 prazter
1639 3403 1816 3472 ipsum
1847 3404 2004 3458 Chri-

443 3493 586 3538 stum
618 3488 933 3556 conspicere
969 3491 1226 3546 nitimini.
1258 3492 1337 3546 Illi
1368 3494 1587 3562 quidem
1636 3495 1729 3564 qui
1780 3484 2004 3550 abuSive

445 3573 704 3630 dicuntur
743 3575 968 3646 Christi,
1003 3581 1157 3644 forte,
1202 3581 1357 3652 juxta
1401 3585 1722 3638 sententiam
1765 3596 2000 3640 vestram

445 3667 681 3732 spectari
716 3681 970 3736 possent:
1009 3673 1103 3740 qui
1135 3688 1261 3726 vero
1290 3688 1387 3742 per
1419 3683 1668 3728 naturam
1714 3675 1866 3731 solus
1909 3691 2002 3730 ve-

444 3767 538 3808 rus
581 3764 665 3810 est
695 3756 967 3823 Christus,
1019 3776 1126 3814 non
1182 3761 1251 3816 ab
1301 3762 1537 3817 humana
1567 3765 1776 3820 ratione
1801 3765 2004 3820 descri-

444 3845 620 3907 betur,
655 3849 799 3917 quod
830 3866 927 3905 vos
951 3861 1153 3908 temere
1186 3855 1424 3918 tentatis,
1455 3854 1702 3911 homines
1753 3871 1883 3912 sane
1916 3871 2004 3910 ar-

445 3939 690 4006 rogantia
727 3941 1048 4009 plenissimi.
1086 3943 1272 4014 Neque
1321 3945 1464 3999 enim
1498 3947 1787 4016 propheta,
1829 3962 2005 4016 neque

441 4031 751 4097 apostolus,
794 4049 968 4103 neque
1033 4028 1490 4105 evangelistarum
1551 4038 1859 4108 quispiam,
1915 4038 2004 4092 illa

442 4121 690 4186 protulit,
725 4139 844 4192 quae
873 4140 970 4180 vos
1002 4126 1302 4196 impudenti
1328 4128 1487 4198 plane
1510 4129 1694 4184 animo
1721 4131 1867 4199 loqui
1901 4145 2000 4184 au—

440 4209 602 4266 detis.
642 4211 698 4265 Si
751 4215 893 4268 enim
941 4218 1076 4271 alter
1111 4227 1193 4272 est
1222 4218 1474 4274 Christus
1516 4234 1546 4272 a
1576 4221 1781 4275 ctelesti
1825 4229 2006 4275 mente

442 4299 500 4353 in
535 4315 600 4355 eo
631 4301 755 4368 sita,
792 4305 1142 4376 perfectaque
1168 4318 1251 4362 est
1277 4325 1428 4365 mens
1453 4310 1565 4375 illa,
1595 4311 1704 4364 duo
1740 4326 1892 4380 ergo,
1920 4328 2005 4365 se-

2103 3122 2234 3186 Θεδς
2267 3124 2360 3176 καὶ
2383 3121 2664 3193 ἄνθρωπός
2698 3123 2842 3173 ἐστιν
2883 3122 2911 3172 ὁ
2939 3121 3192 3192 Χριστὸς,
3224 3121 3317 3174 καὶ
3352 3117 3432 3186 εἷς
3467 3125 3612 3177 ἐστιν
3634 3126 3661 3177 6

2102 3215 2350 3286 Χριστός.
2377 3213 2616 3268 Μάταιον
2635 3207 2727 3267 οὖν
2748 3214 2777 3267 ὑ
2785 3212 2899 3284 μῶν
2918 3212 2978 3265 τὸ
2999 3213 3233 3284 σόφισμα
3256 3215 3660 3288 ἐπιχειρούντων

2101 3307 2288 3378 ἕτερόν
2305 3325 2354 3360 τι
2369 3305 2513 3379 παρά
2525 3305 2614 3358 τὸν
2630 3305 2859 3378 Χριστὸν
2876 3305 2932 3358 ἐν
2949 3305 3093 3375 αύτῷ
3110 3305 3349 3376 θεωρεῖν.
3368 3308 3428 3359 Oi
3445 3308 3542 3376 μὲν
3555 3309 3660 3379 γάρ

2103 3397 2552 3469 καταχρηστικῶς
2579 3397 2855 3467 λεγόμενοι
2881 3397 3122 3468 Χριστοὶ,
3145 3396 3273 3459 ἴσως
3293 3396 3412 3450 καθ’
3435 3399 3576 3468 ὑμᾶς
3598 3400 3661 3453 ἂν

2103 3491 2412 3563 θεωροῖντο·
2450 3492 2480 3543 ὁ
2513 3490 2568 3543 δὲ
2612 3490 2751 3543 κατὰ
2781 3490 2938 3558 φύσιν
2970 3489 3126 3560 μόνος
3163 3489 3407 3560 ἀληθινὸς
3434 3493 3662 3562 Χριστὸς

2101 3585 2198 3654 οὔχ
2225 3583 2328 3638 ὑπὸ
2352 3582 2686 3654 ἀνθρωπίνου
2717 3582 2975 3652 λογισμοῦ
3005 3582 3448 3653 διαγραφήσεται,
3475 3584 3662 3655 ὥσπερ

2103 3676 2258 3745 ὑμεῖς
2285 3675 2516 3745 τολμᾶτε
2545 3674 2676 3744 (5‘2),
2699 3673 2792 3726 καὶ
2823 3671 3070 3734 αὐθάδεις
3094 3671 3369 3740 γεγόνατε.
3399 3672 3533 3725 Ούδέ
3555 3674 3661 3742 γάρ

2103 3766 2407 3836 προφήτης,
2442 3763 2560 3817 ούδέ
2579 3763 2889 3827 ἀπόστολος,
2912 3761 3034 3816 οὔτε
3057 3779 3139 3825 τις
3149 3760 3255 3835 τῶν
3267 3761 3661 3830 εύαγγελιστῶν

2101 3853 2271 3908 ταῦτα
2301 3854 2614 3924 ἐφθέγξατο,
2631 3855 2664 3908 ἂ
2689 3856 2841 3926 ὑμεῖς
2863 3854 3038 3908 λαλεῖν
3065 3855 3406 3924 ἐπιχειρεῖτε,
3431 3853 3660 3916 ἀναιδεξ

2102 3946 2199 4017 τὴν
2229 3947 2404 4018 ψυχὴν
2431 3947 2540 4017 (53)
2569 3947 2864 4015 γεγονότες.
2893 3948 2956 4004 Εἰ
2977 3945 3084 4019 γὰρ
3106 3946 3290 4016 ἐτερός
3313 3946 3458 3998 ἐστιν
3479 3945 3507 3998 ὁ
3530 3946 3661 4016 Χρι-

2105 4039 2226 4099 στὸς
2250 4037 2398 4108 παρά
2422 4036 2512 4089 τὸν
2535 4035 2847 4108 ἐπουράνιον
2868 4036 2988 4090 νοῦν
3011 4036 3098 4089 τὸν
3117 4038 3174 4088 ἐν
3189 4037 3334 4107 αύτῷ
3349 4037 3656 4108 γενόμενον,

2102 4129 2302 4192 τέλειος
2329 4129 2385 4181 δὲ
2413 4128 2504 4181 καὶ
2535 4130 2562 4181 ὁ
2595 4127 2737 4191 νοῦς,
2768 4127 2860 4181 δύο
2893 4127 3002 4198 ἄρα,
3028 4127 3147 4182 καθ’
3183 4129 3356 4198 ὑμᾶς·
3394 4130 3487 4182 καὶ
3525 4129 3658 4198 ὅπερ

2102 4220 2402 4290 δυσφημεῖν
2433 4219 2541 4291 (54)
2571 4219 2796 4284 δοκεῖτε,
2827 4219 2982 4273 τοῦτο
3007 4219 3290 4290 ἐλέγχεσθε
3317 4219 3653 4291 φρονοῦντες.

2104 4311 2246 4364 Νοῦν
2285 4311 2340 4364 δὲ
2368 4310 2684 4384 ἐπουράνιον
2722 4312 2814 4365 καὶ
2857 4313 2908 4364 οἱ
2950 4313 3222 4383 προφῆται
3257 4315 3578 4384 ἐσχήκασιν,
3606 4314 3656 4366 oi

441 4391 680 4443 cundum
717 4409 833 4456 vos,
868 4405 1074 4451 erunt:
1115 4406 1168 4451 et
1213 4399 1292 4453 sic
1337 4399 1388 4453 in
1423 4415 1540 4454 eam
1590 4401 1824 4455 reciditis
1876 4416 2002 4455 seu-

2105 4401 2175 4455 τά
2203 4401 2496 4472 ἐπουράνια
2527 4401 2620 4454 xa‘l
2644 4401 2712 4454 τὰ
2746 4402 3003 4473 μέλλοντα
3028 4403 3103 4466 ὠς
3133 4403 3370 4474 παρόντα
3396 4403 3657 4476 λαλήσαν-

442 4483 691 4548 tentiam,
732 4500 896 4554 quam
934 4489 1192 4542 videmini
1237 4492 1538 4546 maledictis
1567 4494 1852 4548 insectare.
1883 4494 2004 4549 (Ζω-

441 4571 631 4628 lcstem
684 4590 814 4630 vero
871 4587 1105 4633 mentem
1158 4582 1435 4651 prophetae
1479 4598 1696 4652 quoque
1744 4584 2000 4650 habuere,

441 4680 536 4732 qui
573 4665 812 4720 coelestia
859 4677 913 4722 et
947 4668 1150 4730 futura,
1187 4673 1343 4740 quasi
1396 4674 1685 4742 praasentia
1727 4674 1956 4730 fuissent
1983 4716 1997 4738 ,

437 4755 853 4824 eloquebantur.
905 4759 1046 4826 Quid
1098 4763 1264 4832 igitur
1303 4765 1418 4818 haec
1473 4767 1698 4822 omnino
1733 4766 1913 4822 dicere
1946 4767 2000 4822 in

509 4887 620 4960 (28)
664 4890 819 4946 Prius
847 4895 975 4949 editi
1005 4897 1222 4963 habent,
1247 4899 1344 4952 ἀνθ
1386 4900 1560 4971 ωπίνη
1590 4900 1743 4972 μόνῃ,
1783 4901 1871 4953 sed
1903 4903 2000 4971 μό-

535 4960 704 5023 abest,
733 4974 786 5016 et
813 4965 1029 5023 quidem
1068 4979 1230 5023 recte.
1267 4986 1296 5023 a
1329 4917 1452 5023 Spes.
1479 4959 1633 5023 bel.
1662 4986 1714 5023 et
1741 4970 1918 5023 Felrk.
1951 4976 1996 5023 I.

437 4974 504 5034 νη
535 4960 704 5034 abest,
733 4974 786 5016 et
813 4965 1029 5032 quidem
1068 4960 1230 5026 recte,
1267 4986 1296 5023 a
1329 4960 1452 5034 Sag.
1479 4960 1633 5024 Gob'l.
1662 4960 1918 5025 eirFelck'.
1951 4976 1996 5024 I.

437 5027 605 5112 Paulo
634 5044 789 5112 post,
821 5027 963 5112 editi
987 5037 1185 5112 habent
1210 5041 1266 5112 ἐν
1295 5027 1547 5112 ὁμοιώσει
1586 5044 1650 5112 τῇ
1677 5041 1826 5112 *καθ’
1855 5045 1886 5112 ᾖ
1897 5043 2002 5111 μᾶς

441 5092 689 5169 μόνῃ.Ᾱι
739 5092 872 5168 haec,
903 5108 968 5177 τῇ
999 5107 1120 5160 καθ’
1150 5092 1554 5180 ἡμᾶς,⁶‹ιρευιιι
1580 5092 1799 5182 ίιϊδέε.
1841 5092 1996 5166 (ἔδυιῖ

441 5180 493 5223 et
517 5167 752 5224 Felckm.
791 5175 838 5226 l.

437 5184 493 5223 el
517 5184 752 5224 I‘EICKm.
791 5184 838 5226 Ι.

507 5238 630 5312 (291λ
658 5241 930 5312 Παρθένου
964 5246 1112 5301 deest
1148 5246 1198 5300 in
1229 5247 1385 5302 Gobl.
1411 5259 1463 5302 et.
1489 5249 1727 5304 Felckm.
1756 5251 1801 5304 l.
1833 5249 2000 5304 Paulo

438 5318 582 5388 post,
613 5309 759 5388 sicis...
782 5329 876 5388 pro
902 5315 1246 5381 καθ’ἐνωσιν,
1278 5320 1436 5373 habet
1470 5321 1608 5373 κατὰ
1637 5320 1814 5388 φύσιν,
1843 5327 2000 5387 atque

441 5379 513 5430 ita
551 5380 676 5448 legit
701 5379 965 5439 Nannius.

441 5447 624 5569 “(32g
661 5449 752 5569 lSic
780 5467 968 5510 omnes
995 5453 1106 5509 fere
1137 5459 1506 5528 manuscripti.
1529 5459 1583 5512 In
1608 5460 1766 5514 editis
1795 5469 1995 5524 autem,

585 5561 592 5566 .
629 5534 654 5569 s
683 5558 697 5569 .

585 5534 697 5572 δεδι.

445 5650 462 5677 τ
751 5587 879 5677 §eg.
913 5610 971 5677 τε
1002 5594 1169 5677 deest.
1199 5595 1348 5677 infra
1368 5597 1538 5677 _Go’bl._
1565 5607 1618 5652 et
1674 5597 1909 5677 F_el_t_-km.
1930 5599 1994 5677 .l,

447 5660 655 5718 Λέγεται
691 5660 718 5712 ὀ
749 5660 976 5729 Χριστὸς
1012 5664 1102 5716 καί
1123 5665 1272 5728 Θεὸς,
1299 5668 1389 5720 καὶ
1424 5661 1500 5731 εἷς
1523 5671 1665 5720 ἐστιν
1695 5670 1722 5720 ὁ
1749 5667 1992 5739 Χριστός.

2103 4511 2212 4558 τες.
2261 4493 2414 4546 Διατι
2460 4494 2517 4546 δὲ
2556 4493 2689 4556 ὅλως
2717 4492 2889 4546 ταῦτα
2932 4493 3107 4562 λέγειν
3133 4496 3415 4559 ἐπινοεῖτε,
3457 4497 3530 4562 ὡς
3563 4497 3653 4549 τοῦ

2103 4582 2300 4640 ἔσωθεν
2331 4583 2440 4648 (55)
2476 4581 2628 4652 ἡμῶν
2667 4583 2950 4659 ἀνθρώπου
2991 4583 3088 4656 ούχ
3129 4584 3554 4654 ὁμολογουμένου
3598 4587 3653 4637 ἐν

2101 4673 2355 4745 Χριστῷ;
2404 4674 2468 4725 Τί
2507 4669 2599 4726 οὖν
2631 4673 2759 4744 περὶ
2791 4673 2888 4742 τῆς
2926 4673 3102 4743 ψυχῆς
3140 4675 3333 4744 ἐρεῖτε,
3370 4677 3450 4728 ὅτι
3480 4677 3572 4729 καὶ
3596 4677 3653 4728 τὺ

2104 4764 2264 4834 σῶμα
2296 4764 2389 4816 καὶ
2417 4765 2450 4833 ἡ
2478 4762 2627 4836 ψυχὴ¹
2649 4765 2694 4832 ιὸ
2733 4761 2927 4828 ἔξωθέν
2958 4764 3104 4816 ἐστιν
3131 4763 3442 4834 ἄνθρωπος,
3489 4767 3564 4829 ὼς
3589 4766 3658 4828 ἂν,

2103 4895 2265 4967 Basil.
2300 4895 2411 4967 hiec
2441 4895 2658 4967 omittit,
2685 4897 2777 4954 καὶ
2809 4890 2891 4967 εἷς
2919 4895 3070 4967 ἐστιν
3102 4897 3130 4948 ὁ
3157 4897 3404 4967 Χριστός.

2173 4965 2282 5036 (52)
2325 4965 2548 5035 Seguer.
2580 4963 2735 5036 Gobl.
2767 4976 2820 5019 et
2853 4964 3088 5036 Felckm.
3118 4967 3169 5031 1,
3202 4963 3454 5036 τολμᾶτε.
3493 4968 3644 5028 Editi.

2101 5036 2283 5111 minus
2334 5044 2499 5111 recte,
2529 5035 2810 5111 τολμηταί.
2855 5035 3192 5111 hlo;_i_ident,
3225 5035 3358 5090 Οὔτε
3387 5039 3496 5111 γὰρ
3527 5057 3649 5110 προ-

2103 5107 2345 5176 φήτης...
2373 5103 2494 5157 οὔτε
2527 5103 2884 5176 ἀπόστολος...
2911 5106 3029 5158 ούδέ
3061 5123 3160 5167 τις·

2173 5176 2284 5246 (55)
2326 5175 2709 5244 Seguerianus,
2735 5178 2800 5246 τῇ
2828 5177 2991 5246 ψυχῇ.
3017 5177 3076 5229 In
3111 5175 3299 5229 eodem
3328 5191 3476 5242 mox,
3506 5179 3644 5232 ὲτειν

2100 5246 2286 5384 deﬁgi.)
2325 5312 2490 5386 Editi,
2515 5315 2812 5386 δύσφημον.
2843 5312 2951 5386 Nos
3145 5315 3327 5386 secuti
3345 5333 3533 5370 sumus
3558 5317 3641 5385 qui

2101 5383 2286 5450 habet,
2316 5383 2638 5455 δυσφημεῖν,
2671 5383 2722 5437 et
2755 5388 2824 5438 ita
2855 5383 3275 5455 legitNannius.
3312 5384 3452 5438 Infra
3501 5383 3640 5455 Sag,

2098 5454 2420 5533 ?&_o'§ptha
2451 5452 2542 5506 καὶ
2567 5456 2633 5507 τὰ
2661 5452 2937 5524 μέλλοντα.
2966 5452 3085 5508 Mox
3117 5453 3271 5508 Gobl.
3297 5466 3351 5510 et
3383 5452 3640 5514 Fclckfl.

2099 5524 2400 5587 λαλοῦντες.

2100 5593 2281 5678 ,,(5ἕ)
2323 5593 2620 5678 Segnior».
2656 5593 2818 5649 Paulo
2853 5603 2989 5664 post,
3025 5592 3148 5665 Seg.
3175 5593 3330 5649 Gobl.
3363 5606 3417 5650 et
3446 5591 3638 5656 Fclc.l,

2100 5665 2164 5716 Ti.
2183 5659 2280 5717 οὖν
2309 5659 2570 5734 καῖ’περί.
