3992 6230
389 297 526 369 ιιι-ι

1337 298 1612 355 CONTRA
1653 293 2182 350 APOLLINARIUM
2213 291 2412 348 LIBER
2449 289 2723 346 PRIMUS.

3491 283 3628 340 1113

384 423 528 477 stator.
559 437 662 482 τις,
697 419 758 470 τὺ
795 412 930 488 αἷμα
971 419 1066 470 καὶ
1097 417 1191 487 τὴν
1221 416 1436 484 σάρκας
1493 413 1632 466 Ἀλλ’
1684 411 1874 482 ὥσπερ
1903 409 1964 462 τὸ

2078 408 2311 464 animum
2358 405 2692 473 induxistis,
2739 405 2898 476 quasi
2951 419 3078 460 vero
3123 402 3178 458 in
3227 399 3478 458 confesso
3515 413 3626 455 non

386 503 548 585 σῶμα
577 511 668 564 καὶ
693 509 752 563 τὸ
781 504 918 579 αἷμα
941 510 1000 562 οὐ
1027 507 1372 576 διαφεύγουσι
1401 505 1496 578 τὴν
1525 503 1835 576 ψηλάφησιν
1862 504 1956 555 καὶ

385 607 484 674 τὴν
505 601 708 674 τρῶσιν
735 599 910 673 ὁρατὰ
943 600 1092 666 ὅντα,
1121 599 1329 664 δείξατε
1365 600 1494 669 ἡμῖν
1529 597 1623 650 καὶ
1651 595 1750 666 τὴν
1781 594 1962 664 ψυχὴν

389 695 464 765 μὴ
490 690 886 762 διαφεύγουσαν
911 689 1103 754 ταῦτα,
1131 689 1225 742 καὶ
1245 687 1444 758 ὁρατὴν
1472 681 1652 739 οὖσαν.
1686 685 1776 748 Ἦ,
1805 685 1854 736 εί
1883 683 1956 753 μὴ

385 784 612 838 δύνασθε
641 783 845 846 δεῖξαι,
891 782 1123 852 φανερός
1149 783 1296 834 ἐστιν
1323 780 1350 830 ὁ
1376 777 1553 845 λόγος,
1582 778 1664 830 ὅτι
1687 774 1808 828 οὔτε
1831 776 1960 846 ὁρᾶ-

387 892 475 929 ται
496 872 663 944 ψυχὴ,
691 871 812 925 οὔτε
838 871 1212 924 ἁποκτείνεται
1244 869 1348 922 ὑπὸ
1370 867 1654 939 ἀνθρώπου
1686 866 1873 936 ὥσπερ
1900 863 1960 917 τὸ

391 965 568 1036 σῶμα,
605 963 784 1028 καθὼς
814 963 1033 1035 εἴρηκεν
1067 962 1178 1033 (56)
1215 964 1244 1015 ὁ
1285 961 1511 1033 Κύριος.
1543 957 1807 1030 Πείσθητε
1843 953 1956 1021 οὖν,

387 1057 470 1110 ὃτι
513 1057 541 1108 ὁ
575 1054 777 1108 ἔσωθεν
825 1052 980 1124 ἡμῶν
1019 1051 1303 1122 ἄνθρωπός
1335 1051 1481 1103 ἐστιν
1513 1051 1545 1121 ἡ
1595 1048 1777 1119 ψυχή·
1807 1045 1962 1100 τοῦτο

389 1147 608 1216 καὶτῆς
642 1145 862 1217 πρώτης
905 1143 1156 1207 πλάσεως
1185 1141 1554 1212 δεικνυούσης,
1587 1141 1681 1194 καὶ
1716 1141 1812 1210 τῆς
1838 1139 1958 1192 δευ-

389 1239 554 1312 τέρας
585 1237 880 1300 διαλύσεως
912 1234 1204 1307 δηλούσης·
1257 1235 1318 1288 οὐ
1371 1234 1528 1306 μόνον
1562 1235 1644 1301 ἐφ’
1680 1234 1809 1301 ἡμῖν
1842 1230 1964 1284 τού-⁹

389 1351 497 1388 των
525 1330 884 1400 δεικνυμένων
903 1370 916 1394 ,
956 1328 1090 1382 ἀλλὰ
1123 1328 1218 1382 καὶ
1245 1329 1302 1380 ἐν
1335 1324 1482 1396 αὐτῷ
1511 1323 1590 1394 τῷ
1619 1323 1831 1392 θανάτῳ
1867 1322 1960 1374 τοῦ

389 1421 624 1495 Χριστοῦ
651 1421 920 1474 ἐδείκνυτο
939 1438 952 1451 ·
987 1419 1046 1473 τὸ
1081 1419 1178 1490 μέν
1205 1436 1307 1482 τοι,
1337 1417 1496 1490 μέχρι
1523 1417 1695 1485 τάφου
1730 1415 1958 1485 φθάσαν·

389 1517 424 1586 ἠ
451 1515 528 1578 δὲ,
561 1513 720 1584 μέχρι
760 1513 886 1585 ᾆδον
929 1511 1180 1566 διαϐᾶσα.
1231 1509 1523 1583 Διαιρετῶν
1551 1509 1609 1562 δὲ
1646 1508 1812 1563 ὅντων
1855 1508 1962 1560 τῶν

387 1608 568 1660 τόπων
599 1605 777 1676 πολλῷ
806 1605 883 1676 τῷ
916 1605 1119 1676 μέτρῳ,
1151 1603 1244 1657 καὶ
1271 1602 1364 1657 τοῦ
1403 1603 1499 1674 μὲν
1523 1602 1692 1672 τάφου
1730 1619 1964 1672 σωματι-

393 1697 492 1769 κὴν
538 1698 920 1769 ἐπιδεχομένου
969 1695 1068 1768 τὴν
1123 1695 1408 1762 ἐπίϐασιν,
1461 1694 1641 1747 ἐκεῖσε
1680 1694 1860 1765 παρῆν
1905 1693 1966 1748 τὸ

393 1791 572 1862 σῶμα,
601 1789 695 1844 τοῦ
721 1791 777 1844 δὲ
805 1789 930 1861 ᾅδου
957 1786 1265 1858 ἀσώματον.

2063 506 2262 564 esset,
2317 495 2632 552 interiorem
2688 501 2934 550 nostrum
2987 492 3261 546 hominem
3321 491 3376 544 in
3409 489 3630 544 Christo

2065 603 2188 644 esse
2213 588 2236 640 ?
2271 587 2383 642 Cur
2417 588 2518 643 hoc
2536 586 2604 642 de
2636 585 2818 640 anima
2857 598 3074 654 quoque
3103 581 3409 653 loquimini,
3439 595 3632 650 nempe

2071 695 2272 751 corpus
2323 687 2379 734 et
2429 678 2682 734 animam
2733 691 2856 732 esse
2893 675 3216 734 exteriorem
3249 675 3546 733 hominem.
3573 683 3635 728 ut

2061 753 2134 828 de
2172 771 2440 842 sanguine
2461 780 2516 826 et
2545 783 2711 826 carne
2759 769 2884 838 quis
2919 765 3156 822 dixerit?
3187 765 3292 821 Sed
3339 767 3481 822 sicut
3511 781 3636 822 cor-

2083 881 2186 937 pus
2219 873 2274 920 et
2309 864 2530 934 sanguis
2555 869 2860 918 contactum
2889 867 2943 914 et
2969 858 3196 914 vulnera
3234 873 3340 912 non
3372 859 3636 930 ell‘ugiunt

2081 973 2206 1013 cum
2237 957 2349 1012 sint
2389 955 2658 1020 visibilis;
2697 953 2964 1010 ostendite
3004 951 3164 1006 nobis
3210 952 3445 1010 animam
3504 965 3638 1022 quo—

2070 1066 2180 1120 que
2231 1051 2328 1104 illa
2372 1055 2481 1104 non
2541 1049 2778 1117 effugere
2824 1055 2878 1100 et
2925 1045 3190 1100 visibilem
3232 1059 3372 1100 esse.
3435 1045 3543 1100 Aut
3589 1045 3636 1098 si

2081 1144 2368 1200 ostendere
2395 1157 2504 1196 non
2535 1142 2782 1212 potestis,
2816 1137 3165 1193 manifestum
3213 1145 3318 1202 est,
3353 1151 3529 1205 neque
3555 1137 3639 1189 vi-

2069 1238 2186 1292 deri
2245 1237 2508 1298 animam,
2541 1249 2717 1303 neque
2755 1235 2824 1287 ab
2869 1232 3088 1286 homine
3119 1232 3260 1286 sicut
3301 1244 3499 1299 corpus
3545 1244 3638 1283 oc-

2075 1327 2184 1384 cidi
2221 1341 2401 1397 posse,
2440 1334 2499 1378 ut
2524 1324 2663 1379 dixit
2694 1322 2974 1378 Dominus.
3027 1319 3256 1376 Credite
3283 1318 3450 1388 igitur
3501 1319 3640 1372 inte—

2077 1420 2274 1474 riorem
2305 1425 2552 1471 nostrum
2579 1414 2854 1469 hominem
2892 1426 3012 1468 esse
3033 1411 3305 1466 animam:
3331 1409 3476 1479 quod
3509 1425 3642 1463 sane

2077 1519 2132 1566 et
2159 1509 2336 1579 prima
2367 1506 2620 1562 formatio
2664 1503 2999 1574 comprobat,
3035 1512 3088 1558 et
3136 1515 3368 1571 sequens
3397 1501 3640 1556 dissolu—

2077 1601 2156 1656 tio
2211 1599 2494 1670 propalam
2555 1596 2728 1652 i'acit:
2783 1605 2944 1665 atque
2981 1609 3092 1649 non
3149 1592 3327 1648 solum
3363 1591 3419 1646 in
3457 1591 3640 1656 nobis,

2077 1692 2170 1746 sed
2211 1691 2342 1746 etin
2397 1691 2516 1761 ipsa
2563 1688 2770 1744 Christi
2803 1695 2981 1742 morte
3030 1685 3189 1758 ’145
3221 1685 3454 1754 idipsum
3493 1701 3644 1740 com-

1998 1783 2042 1838 B
2079 1792 2450 1839 monstratur:
2479 1782 2699 1852 quando
2726 1795 2923 1850 corpus
2973 1778 3192 1848 quidem
3223 1792 3394 1847 usque
3441 1777 3506 1830 ad
3551 1791 3642 1830 se-

389 1883 640 1953 pulcrum
679 1891 888 1938 tantum
925 1880 1170 1952 pervenit
1209 1896 1222 1932 :
1267 1878 1448 1931 anima
1497 1892 1626 1930 vero
1673 1876 1738 1930 ad
1792 1874 2060 1930 infernum
2113 1890 2286 1945 usque
2315 1873 2702 1929 transmeavit:
2754 1872 2999 1940 locisque
3028 1870 3199 1924 multo
3225 1869 3401 1939 spatio
3431 1869 3644 1924 distan-

390 1979 556 2044 tibus,
591 1978 900 2048 sepulcrum
937 1976 1154 2047 quidem
1199 1974 1540 2043 corporalem
1575 1973 1870 2029 adventum
1922 1970 2155 2039 excepit,
2211 1985 2276 2026 ac
2322 1970 2395 2025 ibi
2432 1983 2632 2038 corpus
2671 1965 2840 2022 adfuit
2870 2008 2885 2031 ,
2920 1963 3166 2019 infernus
3218 1978 3347 2018 vero
3391 1963 3645 2031 incorpo-

391 2089 544 2130 reum
571 2075 807 2128 admisit.

469 2171 552 2226 14.
587 2169 712 2234 Πῶς
745 2169 854 2240 (37)
885 2171 1000 2222 ἐκεῖ
1023 2167 1214 2238 παρὼν
1239 2171 1266 2221 ὁ
1299 2166 1502 2239 Κύριος
1534 2164 1856 2236 ἀσωμάτως,
1891 2163 1966 2227 ὡς

393 2261 678 2334 ἄνθρωπος
713 2259 972 2332 ἐνομίσθη
1030 2260 1134 2312 ὑπὸ
1185 2257 1279 2312 τοῦ
1326 2257 1592 2321 θανάτους
1655 2257 1740 2308 ἵνα
1768 2254 1966 2325 ψυχαῖς

392 2355 510 2417 ταῖς
543 2354 603 2406 ἐν
625 2353 842 2421 δεσμοῖς
891 2349 1304 2420 κατεχομέναις,
1361 2345 1570 2419 μορφὴν
1621 2346 1750 2408 ἰδίας
1793 2343 1969 2414 ψυχῆς

393 2442 740 2496 ἀνεπίδεκτον
788 2441 862 2504 ὡς
895 2437 1146 2509 δεκτικὴν
1191 2435 1298 2490 τῶν
1327 2433 1540 2506 δεσμῶν
1595 2432 1687 2486 τοῦ
1737 2431 1966 2484 θανάτου

393 2533 786 2604 παραστήσας,
851 2529 1129 2602 παροῦσαν
1190 2525 1524 2598 παρούσαις,
1585 2521 1849 2595 διαρῤήξῃ
1900 2519 1966 2574 τὰ

392 2623 570 2696 δεσμά
594 2623 780 2695 ψυχῶν
801 2622 908 2676 τῶν
935 2625 992 2674 ἐν
1019 2621 1122 2694 ᾄδῃ
1154 2618 1555 2690 κατεχομένων,
1591 2616 1680 2670 τὸν
1705 2617 1802 2685 τῆς
1839 2615 1969 2666 ἁνα-

398 2717 638 2780 στάσεως
683 2713 1085 2786 διαπηξάμενος
1137 2713 1290 2782 ὅρονε
1350 2709 1437 2762 ἵνα
1483 2709 1512 2760 ὁ
1571 2707 1816 2777 πλάστης
1878 2703 1970 2756 καὶ

395 2809 624 2880 ποιητὴς
646 2806 740 2862 τοῦ
769 2805 1078 2878 ἀνθρώπου,
1119 2805 1212 2858 καὶ
1255 2799 1520 2871 καταδίκῃ
1559 2799 1744 2852 τοῦτον
1767 2796 1972 2850 ὑποϐα-

395 2901 526 2963 λὼν,
558 2900 718 2964 αὐτὸς
742 2898 949 2971 παρὼν,
983 2895 1321 2968 ἐλευθερώσῃ
1350 2894 1415 2947 δι’
1437 2891 1630 2946 ἐαυτοῦ
1655 2891 1713 2956 ἐξ
1749 2888 1972 2958 ὁλοκλή-

402 3011 496 3064 ρου
523 2992 612 3046 τὸν
638 2991 921 3063 ἄνθρωπον
959 2991 1018 3042 ἐν
1075 2990 1254 3060 μορφῇ
1299 2988 1364 3056 τῇ
1409 2982 1624 3037 ἑαυτοῦ.
1680 2979 1818 3034 Οὔτε
1861 2978 1968 3051 γὰρ

401 3083 630 3147 θάνατος
658 3080 1030 3154 ὑπερισχύσας
1056 3079 1370 3150 ὑπηγάγετο
1419 3073 1597 3144 ἐαυτῷ
1633 3073 1732 3143 τὴν
1767 3069 1975 3140 ἁνθρω-
2003 3069 2044 3126 C

402 3175 568 3244 πίνην
589 3175 685 3227 τοῦ
745 3174 916 3242 Λόγου
944 3172 1056 3240 ('58)
1091 3171 1270 3242 ψυχὴν
1331 3169 1412 3232 εἰς
1445 3165 1658 3236 δεσμῶν
1715 3162 1972 3233 κατοχήν’

400 3269 526 3321 οὔτε
551 3266 708 3320 πάλιν
736 3267 770 3335 ἡ
799 3262 972 3334 φθορὰ
989 3259 1322 3334 τυραννικῶς
1356 3256 1700 3328 διαρπάσασα
1725 3253 1784 3306 τὸ
1821 3251 1978 3322 σῶμα

403 3361 616 3430 ἐνεργεῖ
665 3359 744 3420 είς
785 3352 1102 3425 διαφθορὰν,
1157 3351 1230 3414 ὡς
1279 3349 1627 3420 ἀπρονοήτων
1659 3345 1826 3398 ὄντων
1871 3340 1978 3394 τῶν

405 3450 766 3523 πραγμάτων.
793 3446 976 3510 υῦτως
1005 3446 1112 3516 γὰρ
1159 3445 1358 3498 ἐννοεῖν
1390 3443 1450 3494 τὸ
1499 3439 1736 3494 τοιοῦτον
1763 3435 1976 3498 ἀσεϐέςο

403 3544 520 3598 ἀλλ’
554 3543 582 3596 ὁ
613 3541 712 3612 τὴν
761 3539 1008 3604 ἐξέτασιν
1039 3538 1138 3608 τῆς
1192 3533 1473 3607 παρακοῆς
1503 3529 1866 3602 ποιησάμενος
1887 3526 1982 3579 καὶ

405 3637 585 3708 κρίσιν
611 3629 906 3701 ἐπαγαγὼν
933 3628 1066 3700 (59.),
1084 3627 1278 3696 διπλῆν
1305 3625 1406 3695 τῆς
1439 3621 1705 3695 τιμωρίας
1729 3618 1826 3690 τὴν
1851 3617 1983 3672 ἁπό-

405 3705 574 3796 φασιν
615 3711 834 3778 δέδωκε·
871 3719 951 3791 τῷ
987 3720 1085 3791 μὲν
1122 3717 1294 3788 γηΐνῳ
1343 3713 1594 3785 εἰρηκώς·
1634 3709 1722 3779 Γῆ
1766 3705 1838 3773 εἴ,
1881 3708 1981 3762 καί

403 3822 494 3885 είς
521 3816 636 3887 γῆν
659 3813 993 3881 ἀπελεύσῃ·
1031 3811 1126 3865 καὶ
1153 3809 1324 3872 οὕτως
1360 3806 1680 3875 ὑποδέχεται
1713 3800 1888 3874 φθορά
1919 3800 1983 3854 τὺ

409 3913 570 3983 σῶμα
588 3953 602 3976 ,
629 3907 899 3962 Δεσπὸτου
929 3900 1371 3973 ἀποφηναμένουο
1395 3899 1461 3967 τῇ
1488 3895 1542 3948 δὲ
1563 3895 1726 3965 ψυχῇ·
1746 3889 1986 3958 Θανάτῳ

407 3981 700 4068 ἀποθανῇ·
743 3999 836 4052 καὶ
873 3995 1044 4057 οὕτως
1087 3991 1212 4063 διχῆ
1259 3989 1545 4058 διαιρεῖται
1601 3985 1628 4036 ὁ
1681 3981 1982 4068 ἄνθρωπος,

407 4095 505 4149 καὶ
537 4096 592 4147 ἐν
625 4067 744 4145 δυσὶ
773 4090 958 4150 τόποις
991 4081 1231 4158 οἴχεσθαι
1275 4075 1692 4140 καταδικάζεται
1726 4072 1861 4143 (40).
1889 4067 1988 4122 Διά

405 4187 566 4241 τοῦτο
603 4183 760 4256 χρεία
824 4179 1016 4249 γέγονε
1077 4173 1170 4228 τοῦ
1212 4168 1656 4241 ἀποφηναμένου,
1700 4164 1786 4218 ἵνα
1827 4161 1988 4223 αὐτὸς

408 4281 476 4333 δι’
509 4275 699 4332 ἐαυτοῦ
729 4274 868 4346 λύσῃ
900 4272 1000 4342 τὴν
1035 4266 1226 4322 ἑαυτοῦ
1259 4263 1552 4331 ἀπόφασιν.
1602 4259 1659 4310 ἐν
1688 4255 1864 4327 μορφῇ
1892 4250 1985 4304 τοῦ

411 4367 897 4428 καταδικασθέντος
974 4356 1391 4425 ἅκαταδικάστῳ
1459 4352 1553 4406 καὶ
1622 4343 1989 4416 ἀναμαρτήτῳ

672 4459 757 4512 ἵνα
801 4420 894 4510 καῖ
929 4458 962 4526 ἡ
1008 4449 1318 4520 καταλλαγὴ
1365 4420 1460 4499 τοῦ
1523 4440 1657 4532 Θεοῦ
1713 4437 1848 4508 πρὸς
1893 4433 1984 4532 τὸν
2013 4420 2060 4477 ι)

409 4525 695 4622 ἄνθρωπον
719 4525 962 4618 γένηται,
999 4543 1092 4598 καὶ
1123 4543 1156 4612 ἡ
1199 4535 1476 4608 ἐλευθερία
1519 4531 1614 4586 τοῦ
1653 4528 1852 4589 παντὸς
1893 4525 1984 4577 ἀν-

413 4645 631 4724 θρώπου
664 4643 729 4696 δι’
756 4641 1042 4712 ἀνθρώπου
1076 4635 1186 4708 (41)
1219 4630 1456 4703 ὑπάρξῃ,
1513 4630 1569 4680 ἐν
1609 4627 1674 4696 τῇ
1709 4621 1984 4691 καινότητι

488 4761 530 4804 ἰ
565 4757 702 4816 Gen.
729 4771 811 4819 ιιι,
837 4753 924 4807 19.
1003 4751 1046 4782 θ’
1069 4748 1204 4804 Gen.
1237 4761 1297 4811 ιι,
1332 4743 1418 4796 18.

490 4871 600 4940 (36)
641 4867 792 4938 δεθείη
826 4864 1184 4940 προεί-ρηκενι
1199 4857 1322 4940 Mox
1356 4853 1638 4923 Anglican.
1673 4848 1795 4918 Seg.
1827 4845 1982 4902 Gobl.

417 4929 742 5018 Fuisse}?
770 4929 935 5018 δὲἀω
969 4929 1123 5015 ire
1156 4929 1497 5018 ἀῖιθιφῖῖξῆε

491 4989 746 5080 (arma;
764 4989 1045 5080 ίιδριςιιιίίδο,
1063 5001 1231 5080 iam)
1259 4989 1414 5080 ’ψυχὴ
1435 4994 1501 5062 τῇ
1618 4989 1832 5080 ἰεῗὲξῗῧὲ
1853 5003 1988 5080 κὲἷ·

417 5055 654 5154 εχδμέίθῃ
685 5055 1000 5148 magis:
1031 5055 1225 5138 ’ABa‘tp."
1247 5055 1501 5139 μδρξἧνξ
1519 5061 1598 5142 sic
1627 5055 1852 5128 Seguer.
1880 5055 1987 5110 G0-

421 5155 536 5190 hlar
591 5161 638 5190 m
672 5149 812 5190 Fato,
860 5149 912 5190 1-
949 5143 1040 5190 sed
1083 5139 1360 5190 mendose.
1389 5145 1447 5186 ut
1482 5132 1712 5185 Videtur.
1741 5127 1884 5190 Mox,
1914 5125 1989 5188 ὡς

421 5143 556 5208 1ιΪθὶ·.
591 5143 912 5210 ρίἜθιο.’1,
949 5143 1040 5200 sed
1083 5143 1360 5200 mendose,
1389 5145 1447 5186 ut
1482 5143 1712 5185 Videllll‘.
1741 5143 1884 5190 mox,
1914 5143 1989 5188 ως

419 5221 675 5292 δεκτικήν
692 5218 834 5292 quod
854 5217 910 5292 in
933 5210 1294 5292 editis_('leerat
1312 5247 1328 5274 ,
1355 5202 1817 5292 te:

423 5273 651 5352 inimus:
670 5273 728 5344 ei
748 5289 827 5345 sic
854 5273 1545 5355 legerat'NanniusdPaulo
1571 5277 1713 5355 post,
1739 5273 1992 5355 (παρουσα

427 5337 1038 5433 παρουσῖν,”εἷο-ίῦ1εω
1083 5365 1216 5405 mss.
1265 5337 1718 5417 perperameox
1739 5337 1988 5407 Segner.,

421 5432 608 5572 ᾂδῗὲἒ)
635 5499 742 5554 Τοῦ
781 5497 966 5572 ᾼόγρυ.
986 5493 1153 5572 ἀείδει.
1189 5491 1266 5572 ίιεη
1284 5481 1569 5572 editis?
1572 5479 1859 5572 ‘E‘i‘fszx
1873 5490 1991 5572 .‘31‘:

424 5545 1023 5654 primiirtivin-La'tinis,
1047 5545 1107 5616 et
1142 5561 1195 5613 in
1233 5553 1561 5627 Segueriano
1589 5549 1834 5634 habetur.
1871 5545 1992 5600 Mox

429 5645 568 5690 nlem
619 5657 742 5690 crtm
774 5637 990 5690 Gohler.
1032 5641 1085 5687 et
1119 5628 1355 5686 Felckm.
1393 5627 1443 5688 1,
1471 5623 1504 5690 ἢ
1539 5619 1703 5674 πάλιν
1725 5621 1759 5690 ἠ
1799 5616 1989 5688 φθορά.

429 5623 990 5700 ῧιέὶῖὲὲηῆεοιηεν.
1012 5623 1085 5687 ὀι
1119 5623 1355 5686 Felckrﬁ.
1393 5627 1443 5688 1,
1539 5623 1703 5674 πάλιν
1725 5623 1759 5690 ἠ
1799 5623 1989 5688 φθορά.

429 5713 554 5771 Mox
603 5713 852 5781 Segucrr,
880 5703 1042 5760 αὐτοῦ
1086 5701 1146 5754 τὸ
1179 5699 1357 5771 σῶμα.
1410 5693 1544 5750 lbtd.
1595 5704 1784 5746 omnes
1833 5701 1990 5754 mss.,

2149 2159 2233 2212 14.
2263 2154 2378 2222 Qua
2419 2157 2630 2208 ratione
2655 2151 2839 2222 igitur,
2874 2163 2999 2203 cum
3023 2145 3286 2202 Dominus
3321 2145 3432 2200 illic
3457 2145 3644 2199 incor-

2077 2251 2337 2323 poraliter
2368 2248 2601 2311 adesset,
2639 2247 2801 2298 homo
2829 2251 3011 2296 tamen
3039 2255 3068 2294 a
3099 2249 3270 2294 morte
3299 2237 3646 2294 existimatus

2074 2355 2158 2401 est
2185 2343 2207 2397 ?
2237 2350 2299 2396 ut
2333 2339 2620 2396 animabus
2645 2337 2698 2392 in
2732 2335 2962 2391 vinculis
2989 2333 3241 2394 detentis,
3273 2329 3505 2400 propriae
3526 2329 3644 2382 ani-

2077 2451 2180 2490 mae
2221 2433 2454 2488 formam
2475 2473 2491 2497 ,
2524 2430 2834 2500 incapacem
2863 2425 3202 2498 vinculorum
3231 2421 3424 2477 mortis
3443 2463 3458 2488 ,
3486 2419 3645 2490 quasi

2074 2542 2330 2599 capacem
2357 2525 2639 2588 exhibens,
2669 2520 3026 2590 prtesentibus
3055 2525 3396 2588 praesentem,
3423 2512 3644 2566 vincula

2075 2622 2382 2677 animarum
2419 2619 2472 2672 in
2504 2615 2716 2671 inferno
2755 2615 3098 2669 detenlarum
3133 2610 3520 2677 disrumperet,
3553 2621 3644 2660 re-

2075 2712 2540 2780 surrectionisque
2568 2708 2862 2763 terminum
2897 2705 3208 2776 designaret
3245 2721 3258 2757 :
3289 2710 3348 2756 ut
3373 2699 3642 2763 conditur,

2077 2814 2131 2860 et
2169 2803 2342 2858 factor
2371 2801 2631 2863 hominis,
2656 2809 2710 2854 et
2737 2799 2829 2868 qui
2856 2797 3132 2852 hominem
3157 2791 3491 2850 damnationi
3516 2790 3644 2844 sub-

2074 2897 2314 2966 iecerat,
2347 2895 2462 2963 ipse
2481 2906 2718 2962 praesens
2753 2905 2850 2958 per
2875 2889 3114 2958 seipsum
3137 2929 3151 2952 ,
3179 2885 3452 2940 hominem
3487 2880 3648 2951 plane

2079 2991 2132 3045 in
2157 3005 2252 3044 sua
2274 2987 2446 3057 ipsius
2461 2984 2637 3040 forma
2659 2983 2933 3038 liberaret.
2957 2978 3308 3049 Nequaquam
3328 2975 3472 3032 enim
3495 2983 3646 3028 tanta

2078 3083 2270 3139 mortis
2313 3081 2394 3134 vis
2425 3077 2528 3133 fuit
2555 3118 2568 3139 .
2599 3085 2660 3130 ιιι
2699 3074 2995 3143 subiiceret
3023 3071 3126 3126 sibi
3157 3070 3452 3124 humanam
3481 3065 3646 3122 Verbi

2077 3173 2338 3235 animam,
2367 3183 2431 3223 ac
2465 3181 2584 3221 eam
2619 3165 2674 3218 in
2707 3162 2940 3218 vinculis
2961 3159 3225 3214 detineret
3261 3175 3273 3210 :
3311 3171 3490 3225 neque
3515 3171 3644 3210 rur-

2079 3278 2198 3318 sum
2246 3259 2525 3329 corruptio
2563 3256 2900 3328 tyrannicam
2935 3253 2990 3306 in
3026 3264 3224 3320 corpus
3250 3248 3370 3318 ejus
3397 3249 3504 3302 vim
3541 3246 3648 3301 sibi

2079 3350 2351 3419 arrogavit
2373 3388 2387 3412 ,
2445 3355 2502 3400 ut
2533 3343 2894 3415 putrefaceret
2925 3341 3102 3410 ipsum
3129 3381 3144 3407 ,
3197 3338 3351 3408 quasi
3381 3351 3468 3391 res
3497 3335 3646 3390 nulla

2081 3441 2418 3512 providentia
2443 3445 2780 3509 gererentur.
2841 3432 2917 3487 lta
2947 3432 3089 3486 enim
3115 3446 3176 3484 ea
3199 3430 3266 3484 de
3293 3443 3352 3482 re
3385 3427 3648 3496 cogitare,

2081 3536 2305 3605 impium
2347 3532 2546 3596 fuerit;
2581 3529 2674 3586 sed
2724 3528 2815 3597 qui
2847 3527 2914 3580 de
2947 3523 3188 3578 hominis
3231 3517 3644 3588 inobsequentia

2082 3623 2433 3694 quazstionem
2463 3618 2686 3684 habuit,
2728 3615 2992 3687 judicium
3027 3613 3210 3679 dedit,
3240 3626 3350 3681 quo
3375 3609 3645 3679 duplicem

2081 3729 2256 3784 poena:
2286 3709 2611 3766 sententiam
2645 3705 2896 3777 protulit,
2929 3712 3145 3758 terreno
3173 3700 3389 3770 corpori
3419 3701 3644 3754 dicens:

2087 3807 2246 3862 Terra
2290 3822 2341 3859 es
2370 3846 2385 3872 ,
2418 3815 2464 3858 et
2498 3804 2552 3856 in
2587 3811 2780 3855 terram
2803 3797 3070 3853 reverteris
3093 3795 3136 3826 ⁶¹
3168 3811 3182 3860 ;
3212 3803 3374 3862 atque
3405 3794 3476 3846 ita
3501 3833 3516 3858 ,
3541 3789 3649 3844 Do-

2083 3881 2236 3954 mino
2269 3895 2590 3952 sententiam
2625 3891 2861 3954 ferente,
2889 3887 3164 3958 corruptio
3194 3901 3393 3956 corpus
3417 3885 3647 3954 excipit;

2087 3989 2282 4044 anima:
2307 3994 2510 4050 autem,
2546 3983 2714 4037 Morte
2747 3981 2986 4036 morieris
3009 3980 3053 4011 ⁶²
3085 3997 3098 4046 ;
3131 3989 3186 4033 et
3216 3979 3294 4032 sic
3323 3977 3376 4030 in
3400 3975 3537 4032 duas
3567 3975 3650 4030 di-

2085 4080 2289 4134 viditur
2317 4084 2496 4148 partes
2521 4075 2706 4138 homo,
2738 4071 3136 4138 danmaturque
3165 4067 3232 4122 ad
3262 4067 3370 4122 duo
3399 4064 3648 4120 secedere

2085 4174 2225 4228 loca.
2255 4169 2522 4238 Quocirca
2549 4181 2686 4236 Opus
2716 4163 2816 4218 fuit
2844 4162 3148 4232 iudicante,
3179 4168 3238 4213 ut
3263 4158 3377 4228 ipse
3404 4171 3500 4227 per
3531 4171 3650 4212 sese

2087 4281 2248 4321 suum
2293 4263 2523 4318 solveret
2553 4260 2828 4315 decretum
2853 4295 2868 4322 ,
2923 4255 3053 4310 dum
3083 4253 3136 4307 in
3178 4251 3350 4306 forma
3385 4249 3649 4314 damnati;

2092 4357 2425 4420 indcmnata,
2449 4360 2504 4407 et
2529 4350 2732 4421 peccati
2759 4355 2978 4418 experte
3004 4347 3150 4402 visus
3175 4353 3288 4410 est;
3318 4351 3378 4398 ut
3395 4352 3448 4397 et
3469 4357 3652 4396 recon-

2087 4445 2291 4501 ciliatio
2329 4441 2423 4498 Dei
2471 4455 2595 4496 cum
2647 4438 2868 4492 homine
2903 4435 3090 4499 ﬁeret,
3139 4441 3190 4486 ct
3235 4429 3454 4484 libertas
3489 4426 3653 4482 totius

2085 4535 2322 4593 hominis
2345 4548 2440 4603 per
2477 4531 2750 4586 hominem
2787 4529 3018 4582 oriretur
3049 4525 3102 4579 in
3133 4522 3374 4577 novitate
3401 4517 3653 4588 imaginis

2089 4628 2212 4683 Filii
2240 4625 2359 4696 eius
2381 4624 2507 4680 Jcsu
2539 4621 2742 4677 Christi
2774 4618 2988 4674 Domini
3019 4614 3210 4672 nostri.
3265 4611 3415 4680 Quod
3443 4610 3488 4664 si
3518 4607 3654 4663 mihi

2087 4838 2398 4918 διαφθοράν.
2425 4843 2590 4918 Edili_,
2617 4838 3088 4918 oraeopdemale.

2162 4901 2526 4990 (3%)):Segtier.
2551 4901 2854 4990 Colile'rfet
2881 4908 3060 4990 Fel_ek.
3098 4907 3149 4968 1,
3176 4901 3475 4990 ἐξαγαγών.
3506 4902 3649 4990 Infra

2090 4973 2592 5054 οιιῖιὶ,’ὑποδέχεται
2637 4981 2830 5052 φθορά,
2887 4977 2988 5054 δερ
3025 4991 3126 5054 νοις
3168 4973 3340 5042 φθοοά
3391 4973 3544 5027 abest
3595 4974 3649 5027 in

2094 5045 2343 5128 Seguer.)
2379 5045 2478 5128 nec
2505 5045 2866 5128 expressaest
2886 5064 2914 5101 a
2945 5045 3176 5128 Napnio.

2165 5111 2276 5198 (λθ)
2311 5111 2386 5181 lia
2411 5111 2646 5198 Seguer.
2672 5121 2890 5198 (ξιοξήωι-Σ
2916 5114 3148 5198 etfelg.
3182 5113 3230 5166 1.
3265 5111 3565 5198 Editl‘iyero
3597 5121 3651 5164 et

2094 5181 2207 5262 alii,
2234 5181 2659 5262 ἐκαταδικᾶσθη,
2687 5190 2829 5242 lnl‘ra
2863 5187 3072 5262 Anglic.
3101 5182 3322 5262 Seguer.
3355 5181 3568 5262 Golden.
3597 5193 3653 5262 et

2271 5269 2323 5332 1,
2368 5251 2832 5332 ἅκαταδικάστῳς-
2854 5255 2946 5310 καὶ
2968 5251 3396 5332 ἀναμαρτήτως.
3423 5251 3562 5332 Ed_iti
3583 5261 3653 5332 Aet

2095 5339 2206 5397 alii,
2237 5322 2650 5400 ἀκαταδικάστῳ
2691 5329 2782 5382 καὶ
2809 5322 3194 5396 ἀναμαρτήτῳ,
3225 5322 3454 5393 ultraque
3495 5322 3653 5376 lectio

2094 5409 2362 5481 quadrare
2392 5404 2624 5481 videtur:

2169 5459 2560 5549 (iiii-lieekat‘
2595 5465 2900 5549 ἀνθρωπου,
2937 5466 3149 5549 desum.
3176 5464 3228 5518 in
3277 5462 3498 5542 Seguer:
3527 5459 3656 5549 ξος

2096 5530 2230 5604 bler.
2261 5530 2314 5600 et
2345 5530 2586 5599 Felckm.
2631 5530 2822 5592 1.’Μοιι
2856 5530 3046 5590 oinnes
3079 5535 3188 5589 fere
3215 5530 3375 5604 mss;
3404 5531 3495 5586 τοῦ
3527 5530 3656 5584 Υίοῦ

2100 5602 2264 5674 αὐτοῦ
2308 5613 2500 5684 Ἰησοῦ.
2529 5611 2695 5676 ΕιΙίιί,
2729 5606 2822 5660 τοῦ
2854 5605 2981 5659 Υἱοῦ
3007 5605 3099 5658 τοῦ
3134 5602 3324 5679 Ἰησοῦ.
