3992 6230
381 284 520 344 1119

951 285 1010 341 S.
1051 282 1429 340 ATIlANASll
1468 283 1620 342 OPP.
1663 285 1843 340 PARS
1877 286 1918 340 l.
1957 315 2022 327 —-
2063 286 2431 346 IllSTORlCA
2479 292 2562 346 ET
2602 292 3016 353 DOGMATICA.

3481 299 3615 353 “30

377 401 544 457 alium
573 398 938 456 damnationis
967 399 1171 463 locum,
1201 413 1396 469 praeter
1418 400 1520 454 hos
1545 400 1684 454 duos
1708 399 1933 455 indicart

2049 401 2150 472 τῆς
2175 405 2380 469 εἰκόνος
2398 405 2490 458 τοῦ
2524 407 2655 460 Υἱοῦ
2678 406 2840 460 αὑτοῦ
2887 408 3060 480 Ἰησοῦ
3111 409 3346 480 Χριστοῦ
3384 412 3480 465 τοῦ
3506 415 3614 465 Κυ-

375 493 568 550 valetis
589 532 605 559 ,
633 493 833 548 merito
864 492 1114 548 dixeritis
1147 492 1199 546 in
1232 503 1340 547 tres
1369 502 1552 562 partes
1578 492 1744 547 dividi
1769 494 1950 548 homi-

379 599 500 640 nem
537 592 630 638 :et
667 599 734 639 ex
759 583 975 639 duobus
1015 584 1234 654 quidem
1266 583 1399 638 locis
1434 584 1835 638 revocationem
1868 583 1952 638 fa-

376 684 518 730 ctam
538 689 693 740 esse;
718 675 773 729 in
796 674 957 729 tertio
983 691 1108 729 vero
1128 675 1338 728 tertiam
1364 683 1569 744 partem
1590 690 1809 730 manere
1832 676 1950 730 vin-

375 765 516 822 culis
547 765 880 837 colligatam.
906 764 963 820 Si
987 780 1115 820 ver-o
1139 766 1345 820 nullum
1372 765 1536 821 alium
1565 767 1745 822 locum
1773 777 1948 822 osten-

374 858 503 914 dere
550 859 813 929 potestis,
857 868 1053 928 pra-ter
1083 861 1395 930 sepulcrum
1440 870 1493 916 et
1527 862 1832 931 infernum,
1880 879 1946 920 ex

374 951 574 1024 quibus
593 951 758 1007 homo
788 951 1023 1022 perfecte
1051 962 1267 1022 ereptus
1293 954 1363 1008 sit
1392 953 1634 1025 (Christo
1663 973 1756 1024 per
1789 972 1942 1011 suam

374 1044 668 1116 perfectam
707 1056 760 1101 et
792 1046 1134 1100 verissimam
1169 1045 1400 1100 formam
1449 1041 1648 1102 nostrae
1687 1050 1940 1117 similem,

374 1153 476 1193 nos
506 1137 808 1209 liberante),
835 1154 934 1192 cur
957 1137 1134 1193 adhuc
1161 1139 1285 1192 talia
1318 1137 1590 1208 profertis,
1621 1142 1775 1208 quasi
1801 1141 1944 1196 Deus

375 1230 616 1284 humano
638 1231 821 1298 generi
845 1231 1082 1286 nondum
1119 1232 1503 1287 reconciliatus
1526 1233 1635 1289 sit?
1659 1232 1942 1298 Quomodo

373 1322 539 1391 igitur
567 1321 816 1376 Salvator
849 1323 1103 1377 advenit?
1141 1339 1208 1377 an
1234 1325 1378 1393 quod
1410 1341 1516 1378 non
1544 1336 1727 1394 posset
1767 1336 1940 1381 totum

373 1414 584 1468 solvere
615 1413 922 1468 hominem?
943 1431 1010 1469 an
1034 1415 1177 1485 quod
1209 1424 1444 1471 mentem
1477 1433 1597 1484 qua:
1623 1419 1788 1473 semel
1817 1435 1942 1488 pec-

372 1507 578 1560 caverit
611 1507 680 1560 sit
705 1509 1061 1562 exsecratus?
1090 1524 1157 1562 an
1185 1509 1343 1578 quasi
1375 1511 1609 1574 timeret,
1643 1527 1710 1566 ne
1733 1521 1786 1566 et
1826 1513 1940 1582 ipse

369 1599 576 1667 peccati
609 1599 878 1668 particeps
905 1609 1070 1663 esset,
1097 1601 1172 1666 si,
1198 1617 1321 1655 cum
1352 1601 1495 1658 Deus
1525 1602 1629 1668 sit,
1665 1603 1938 1674 perfectus

370 1693 536 1747 homo
562 1693 758 1747 ﬁeret?
785 1692 888 1748 Sed
914 1694 1206 1764 impietatis
1235 1696 1376 1765 pleni
1402 1706 1560 1759 sunt,
1597 1697 1688 1766 qui
1730 1697 1842 1752 haec
1865 1699 1935 1751 ita

368 1785 628 1854 cogitant.
688 1786 861 1851 Quam
898 1788 1041 1840 enim
1071 1796 1294 1855 peccato
1321 1788 1691 1843 definitionem
1740 1790 1938 1843 tribui-

367 1881 459 1944 tis,
489 1878 581 1948 qui
614 1878 728 1933 haec
759 1879 1066 1949 loquimini,
1096 1891 1374 1950 peccatum
1412 1881 1618 1938 aientes
1649 1899 1713 1937 ex
1744 1892 1939 1938 natura

365 1984 488 2024 esse
508 2011 522 2037 ,
549 1978 608 2025 ut
633 1970 768 2024 dixit
796 1970 1158 2042 impiissimus
1185 1971 1561 2028 Manichacus?

437 2137 525 2192 15.
550 2135 674 2193 Haec
697 2137 826 2193 dum
849 2138 924 2192 ita
953 2138 1168 2194 sentitis
1186 2179 1202 2205 ,
1230 2138 1495 2194 creatoris
1521 2146 1728 2193 naturae
1755 2137 1940 2192 crimi-

367 2237 586 2285 natores
611 2230 766 2286 estis.
797 2230 933 2285 Cum
963 2232 1032 2285 ab
1056 2231 1212 2286 initio
1240 2231 1383 2288 Deus
1407 2233 1578 2287 Adam
1611 2233 1936 2298 eil‘ormavit,

366 2339 496 2378 num
522 2325 768 2379 innatum
794 2325 898 2396 ipsi
922 2334 1204 2396 peccatum
1224 2326 1432 2382 effecit?
1454 2325 1591 2393 Quid
1617 2327 1782 2398 igitur
1801 2342 1939 2397 prae-

365 2431 522 2489 cepto
551 2435 688 2490 opus
727 2419 874 2474 fuit?
909 2435 1008 2475 cur
1029 2421 1182 2476 illum
1217 2420 1497 2474 damnavit
1534 2419 1680 2490 quod
1711 2434 1935 2490 peccas-

365 2511 486 2566 set?
504 2526 614 2582 quo
635 2521 793 2582 pacto
813 2511 984 2567 Adam
1010 2522 1136 2568 ante
1159 2512 1579 2568 inohedientiam
1604 2527 1711 2566 non
1736 2527 1938 2582 cogno-

362 2605 502 2660 verit
530 2605 732 2660 bonum
764 2614 819 2662 et
847 2606 1092 2661 malum?
1123 2606 1294 2672 Quem
1325 2605 1531 2660 scilicet
1562 2604 1701 2659 Deus
1731 2605 1937 2659 creavit

363 2696 420 2752 in
467 2697 900 2769 incorruptione,
940 2709 995 2754 et
1032 2699 1098 2754 ad
1131 2699 1421 2770 imaginem
1453 2713 1564 2753 suae
1592 2698 1930 2761 teternitatis,

361 2789 612 2843 eumdem
648 2799 842 2843 natura
871 2791 1080 2859 peccati
1113 2798 1351 2858 experte,
1383 2799 1438 2842 et
1461 2785 1742 2842 voluntate
1765 2787 1935 2841 libera

362 2879 586 2934 donavit
609 2899 624 2935 :
652 2880 866 2934 Invidia
887 2890 1062 2934 autem
1083 2880 1282 2934 diaboli
1306 2897 1444 2935 mors
1467 2881 1685 2934 intravit
1707 2882 1762 2933 in
1782 2897 1936 2933 mun-

361 2973 486 3026 dum
504 2973 568 3040 “,
610 2989 732 3028 cum
765 2973 928 3045 746
954 2974 999 3029 is
1024 2974 1477 3043 transgressionis
1502 2972 1693 3027 artifex
1718 2981 1934 3028 auctor-

2051 493 2167 566 ρίου
2202 497 2376 565 ἡμῶν.
2413 498 2557 551 Εἰδέ
2594 501 2686 553 καλ⁸
2720 500 2905 571 ἕτερον
2923 501 3084 554 τόπον
3120 503 3419 574 καταδίκης
3449 503 3613 568 δεῖξαι

2047 585 2295 650 δύνασθε,
2323 589 2547 653 εἰκότως
2584 589 2650 644 ἂν
2695 591 2901 661 λέγοιτε
2937 592 3048 660 (42)
3099 594 3259 666 τριχῆ
3294 595 3613 666 διαιρεῖσθαι

2046 678 2140 731 τὸν
2164 679 2466 751 ἄνθρωπον⁸
2517 682 2611 736 καὶ
2660 683 2725 736 ἐκ
2764 683 2861 754 μὲν
2888 683 2997 736 τῶν
3029 684 3120 739 δύο
3157 687 3337 740 τόπων
3360 689 3458 759 τὴν
3487 688 3615 741 ἀνά-

2047 770 2239 841 κλησιν
2261 773 2559 840 γεγονέναι,
2587 776 2642 827 ἐν
2673 775 2728 828 δὲ
2764 775 2841 847 τῷ
2891 776 3059 846 τρίτῳ
3094 778 3276 844 μένειν
3313 781 3370 832 ἐν
3400 780 3613 850 δεσμοῖς

2044 863 2104 915 τὸ
2133 863 2431 933 δεδεμένον.
2467 866 2529 917 Εἰ
2573 866 2629 919 δέ
2698 867 2772 939 μὴ
2804 867 2952 938 ἔχετε
2999 869 3168 933 δεῖξαι
3230 871 3414 942 ἕτερον
3454 874 3614 925 τόπον

2045 954 2195 1024 παρὰ
2237 955 2329 1006 τὸν
2361 956 2528 1023 τάφον
2581 959 2675 1010 καὶ
2723 957 2812 1010 τὸν
2846 956 2997 1028 ᾅδην,
3039 958 3098 1023 ἐξ
3147 952 3222 1012 ὧν
3246 959 3613 1030 ἡλευθέρωται

2040 1045 2258 1108 τελείως
2287 1048 2314 1099 6
2343 1047 2644 1117 ἄνθρωπος,
2701 1048 2935 1118 Χριστοῦ
2979 1048 3440 1122 ἐλευθερώσαντος
3469 1054 3614 1120 ἡμᾶς

2041 1138 2098 1188 ἐν
2127 1139 2191 1208 τῇ
2251 1137 2444 1190 ἑαυτοῦ
2497 1138 2618 1192 καθ’
2655 1141 2802 1210 ἡμᾶς
2866 1143 3049 1212 μορφῇ
3115 1141 3296 1212 τελεία
3337 1144 3432 1194 καὶ
3485 1143 3612 1212 ἀλη-

2041 1228 2291 1302 Θεστάτῃ·
2336 1231 2453 1294 πῶς
2481 1232 2558 1284 ἔτι
2591 1233 2764 1287 ταῦτα
2803 1233 3010 1302 λέγετε,
3051 1235 3125 1298 ὡς
3172 1236 3382 1289 οὐδέπω
3415 1236 3612 1289 καταλ-

2041 1321 2295 1389 λαγέντος
2323 1325 2388 1393 τῇ
2419 1323 2794 1395 άνθρωπότητι
2837 1325 2946 1395 (43)
2983 1326 3077 1378 τοῦ
3126 1326 3301 1393 Θεοῦ;
3361 1328 3485 1390 Πῶς
3521 1324 3612 1381 οὖν

2040 1414 2382 1486 ἐπεδήμησεν
2416 1417 2444 1468 6
2473 1417 2697 1486 Σωτήρ;
2746 1415 2778 1485 ἢ
2803 1416 2877 1478 ὼς
2901 1415 3158 1480 ἀδύνατος
3205 1416 3297 1469 τὸν
3323 1417 3611 1488 σύμπαντα

2039 1505 2194 1559 λῦσαι
2219 1507 2502 1578 ἄνθρωπον
2528 1526 2542 1573 ;
2569 1508 2601 1578 ἤ
2632 1509 2706 1572 ὡς
2731 1507 3118 1579 βδελυξάμενος
3139 1509 3228 1562 τὸν
3272 1508 3418 1573 ἆπαξ
3445 1511 3613 1581 ἀμαρ-

2036 1600 2274 1669 τήσαντα
2301 1601 2457 1664 νοῦνς
2485 1601 2517 1672 ἢ
2547 1601 2622 1664 ὼς
2645 1599 2899 1664 δεδοικὼς
2940 1602 3013 1671 μὴ
3053 1601 3146 1655 καὶ
3191 1602 3354 1664 αὐτὸς
3391 1602 3611 1672 μέτοχος

2037 1691 2261 1762 γένηται
2289 1693 2386 1762 τῆς
2415 1693 2702 1762 ἁμαρτίας,
2731 1695 2778 1745 εί
2811 1693 3010 1756 τέλειος
3059 1694 3279 1762 γένηται
3307 1692 3610 1760 ἄνθρωπος,

2041 1782 2172 1846 Θεὸς
2204 1782 2310 1848 ὥν;
2357 1783 2494 1836 Ἀλλ’
2518 1785 2772 1848 ἀσεϐείας
2801 1784 3024 1855 ἔμπλεοι
3050 1787 3097 1837 οἱ
3122 1784 3292 1837 ταῦτα
3323 1783 3492 1846 οὕτως
3523 1784 3581 1836 ἐν
3599 1812 3612 1822 -

2043 1874 2303 1939 νοοῦντες.
2324 1875 2388 1927 Τί
2413 1875 2521 1947 γὰρ
2542 1877 2668 1946 περὶ
2694 1875 2794 1946 τῆς
2815 1877 3084 1948 ἁμαρτίας
3111 1875 3414 1946 ὁριζόμενοι
3440 1877 3612 1930 ταῦτα

2041 1963 2270 2030 λαλεῖτε,
2307 1966 2541 2037 φυσικὴν
2567 1961 2826 2036 εἶναιτὴν
2859 1967 3137 2038 ἁμαρτίαν
3171 1966 3441 2034 λέγοντες,
3471 1966 3612 2020 κατά

2039 2055 2130 2110 τὸν
2157 2057 2514 2110 ἀσεϐέστατον
2543 2059 2871 2129 Μανιχαῖον;

2112 2147 2196 2201 15.
2240 2147 2424 2201 Ταῦτα
2461 2147 2634 2212 οὕτως
2677 2151 2923 2219 φρονεῖτε
2978 2149 3276 2221 κατήγοροι
3337 2150 3612 2220 γινόμενοι

2037 2239 2130 2294 τοῦ
2178 2240 2508 2313 δημιουργοῦ
2565 2242 2663 2312 τῆς
2713 2241 2928 2312 φύσεως
2962 2241 3094 2313 (44).
3129 2243 3257 2295 Ὅτε
3305 2244 3396 2296 τὸν
3443 2243 3614 2313 Ἀδὰμ

2037 2332 2275 2404 ἀρχῆθεν
2297 2333 2527 2388 ἔπλασεν
2562 2336 2590 2386 6
2624 2333 2787 2397 Θεὸς,
2848 2335 3046 2404 μήτιγε
3122 2333 3398 2405 σύμφυτον
3462 2335 3612 2404 αὐτῷ

2035 2426 2232 2479 δέδωκε
2254 2427 2352 2498 τὴν
2391 2427 2692 2498 ἀμαρτίαν;
2721 2427 2816 2490 Τίς
2837 2422 2928 2480 οὖν
2960 2426 3039 2478 ἔτι
3061 2425 3218 2500 χρεία
3235 2422 3305 2498 ἦν
3324 2427 3442 2494 τῆς·
3462 2429 3609 2483 ἐντο-

2036 2517 2165 2588 λῆς;
2201 2518 2316 2583 πῶς
2335 2518 2392 2571 δὲ
2422 2520 2582 2572 αὑτὸν
2639 2519 2995 2572 κατεδίκασεν
3044 2521 3470 2591 ἁμαρτήσαντας
3494 2519 3610 2583 πῶς

2035 2609 2092 2662 δὲ
2121 2609 2215 2663 καὶ
2248 2611 2353 2681 πρὸ
2381 2612 2479 2681 τῆς
2510 2612 2795 2682 παρακοῆς
2856 2612 2956 2664 οὐκ
2995 2613 3257 2681 ἐγίνωσκε
3308 2613 3471 2665 καλὸν
3517 2615 3608 2666 καὶ

2035 2700 2268 2772 πονηρὸν
2299 2703 2326 2754 6
2365 2701 2564 2772 Ἀδάμ;
2605 2702 2700 2754 Ὃν
2729 2700 2960 2754 ἔπλασεν
2993 2700 3171 2764 ὁΘεὸς
3207 2702 3300 2754 ἐπὶ
3330 2703 3608 2773 ἀφθαρσίᾳ

2035 2790 2127 2843 καὶ
2150 2790 2316 2844 είκόνι
2339 2790 2449 2861 (45)
2490 2790 2591 2860 τῆς
2618 2790 2750 2852 ίδίας
2781 2790 3100 2861 άῐδιότητος,
3150 2791 3403 2862 ἐποίησεν
3449 2794 3608 2846 αὑτὸν

2035 2883 2194 2952 φύσιν
2224 2883 2628 2955 ἀναμάρτητον,
2663 2885 2756 2936 καὶ
2783 2883 3000 2953 θέλησιν
3025 2883 3388 2949 αὐτεξούσιον·
3410 2887 3611 2952 Φθόνῳ

2032 2971 2100 3025 δὲ
2133 2972 2413 3028 διαϐόλου
2442 2973 2699 3040 θάνατος
2744 2975 3134 3043 εισεῆλθενεὶς
3186 2975 3292 3028 τὸν
3344 2978 3604 3044 κόσμον,

363 3082 470 3135 que
506 3065 628 3120 fuit.
694 3066 758 3121 Et
803 3069 882 3122 sic
929 3083 995 3122 ex
1052 3069 1487 3138 transgressione
1522 3069 1774 3139 prmeepti
1814 3069 1929 3137 Dei,

2037 3064 2337 3136 εὑραμένου
2364 3066 2463 3138 τῆς
2485 3067 2848 3138 παραϐάσεως
2875 3067 2973 3138 τὴν
3009 3067 3271 3120 ἐπίνοιαν.
3296 3069 3408 3120 Καὶ
3439 3067 3607 3130 οὕτως

361 3158 537 3213 factus
571 3167 656 3213 est
688 3159 851 3213 homo
889 3174 1057 3228 capax
1092 3159 1296 3214 inducti
1328 3160 1397 3214 ab
1427 3161 1649 3215 inimico
1681 3157 1926 3217 seminis.

360 3249 710 3319 Aedeinceps
735 3259 1018 3320 peccatum
1045 3252 1098 3305 in
1124 3252 1361 3306 hominis
1393 3262 1587 3306 natura
1614 3254 1681 3307 ad
1710 3267 1928 3308 omnem

358 3340 855 3411 concupiscentiam
889 3343 1137 3396 movebat
1164 3362 1176 3395 :
1207 3359 1312 3397 non
1342 3345 1486 3413 quod
1521 3343 1773 3398 diabolus
1800 3359 1922 3399 eam

359 3432 415 3486 in
444 3432 535 3487 illo
563 3442 811 3487 naturam
833 3432 1192 3500 eﬂormasset,
1222 3436 1394 3490 absit!
1428 3452 1601 3506 neque
1631 3437 1777 3491 enim
1809 3436 1927 3491 dia—

359 3524 516 3578 bolus
550 3533 757 3579 natura:
786 3535 1002 3582 creator
1053 3525 1253 3592 fuerit,
1287 3537 1346 3583 ut
1377 3527 1796 3583 Manichaeorum
1825 3531 1930 3582 fert

359 3616 608 3686 impietas
632 3634 646 3682 ;
680 3616 774 3672 sed
801 3633 865 3672 ex
892 3618 1361 3688 prtevaricatione,
1391 3629 1595 3672 naturae
1623 3619 1930 3688 perversio-

361 3724 480 3764 nem
504 3708 680 3764 eﬂ'ecit
706 3728 718 3764 :
744 3711 931 3781 sicque
957 3712 1200 3783 regnavit
1224 3726 1370 3766 mors
1396 3712 1448 3766 in
1470 3712 1725 3767 omnibus
1753 3714 1928 3769 homi-

361 3801 540 3856 nibus.
574 3798 641 3855 In
665 3803 781 3866 hoc,
817 3803 1025 3872 inquit,
1059 3805 1196 3857 venit
1227 3802 1400 3856 Filius
1426 3802 1560 3869 Dei,
1590 3814 1647 3857 ut
1675 3804 1928 3858 dissolvat

359 3909 515 3962 opera
543 3891 742 3946 diaboli
765 3893 830 3947 “.
862 3893 1119 3961 Quaenam
1146 3911 1308 3965 opera
1335 3895 1535 3950 diaboli
1559 3897 1805 3952 dissolvit
1838 3896 1928 3972 Fi-

358 3985 463 4038 lius
498 3983 630 4038 Dei?
664 4000 824 4054 quam
862 3985 991 4040 fecit
1032 3985 1176 4041 Deus
1229 3999 1477 4041 naturam
1524 3988 1642 4043 sine
1682 3997 1925 4057 peccato,

357 4091 477 4129 eam
512 4077 684 4146 ipsam
719 4078 786 4132 ad
818 4081 1304 4150 transgressionem
1346 4081 1584 4134 mandati
1619 4080 1750 4146 Dei,
1800 4097 1927 4151 per-

359 4167 516 4221 vertit
548 4169 799 4224 diabolus
823 4211 838 4236 ,
889 4179 942 4225 et
987 4172 1054 4225 ad
1087 4171 1454 4226 inventionem
1483 4173 1689 4242 peccati
1736 4174 1927 4229 mortis

355 4260 602 4313 eamdem
633 4261 735 4314 sibi
764 4261 864 4330 ipsi
901 4265 1224 4318 restauravit
1251 4263 1396 4319 Deus
1417 4264 1676 4331 Verbum,
1703 4265 1927 4335 incapa-

354 4365 472 4403 cem
507 4351 788 4406 diabolicae
814 4356 1177 4422 perversionis
1198 4398 1212 4419 ,
1244 4365 1298 4410 et
1338 4357 1670 4412 inventionis
1697 4357 1924 4426 peccati.

2031 3157 2097 3210 ἐκ
2153 3158 2437 3229 παρακοῆς
2496 3157 2714 3228 ἐντολῆς
2781 3157 2914 3210 Θεοῦ
2965 3156 3185 3225 γέγονεν
3235 3161 3263 3211 6
3325 3158 3607 3230 ἄνθρωπος

2029 3249 2272 3313 δεκτικὸς
2304 3250 2402 3320 τῆς
2428 3251 2730 3321 ἐπισπορᾶς
2755 3247 2848 3302 τοῦ
2879 3249 3090 3323 ἐχθροῦ.
3113 3252 3222 3304 Καὶ
3254 3252 3472 3322 ἐνήργει
3497 3250 3606 3320 (46)

2029 3341 2212 3394 λοιπὸν
2242 3343 2276 3412 ἡ
2329 3341 2573 3412 ἁμαρτία
2621 3341 2678 3393 ἐν
2708 3343 2773 3412 τῇ
2811 3339 2970 3410 φύσει
3017 3339 3110 3393 τοῦ
3154 3340 3442 3410 ἀνθρώπου
3475 3340 3605 3411 πρὸς

2029 3434 2208 3485 πᾶσαν
2234 3431 2546 3502 ἐπιθυμίανο
2565 3431 2627 3484 οὐ
2663 3430 2824 3501 φύσιν
2851 3432 2907 3483 ἐν
2931 3431 3080 3502 αὐτῷ
3112 3432 3485 3503 ἐργασαμένου
3513 3430 3625 3484 τοῦ.

2027 3523 2292 3590 διαϐόλου,
2324 3525 2398 3596 μὴ
2431 3523 2668 3592 γένοιτοε
2717 3523 2837 3577 οὐδὲ
2880 3523 2992 3594 γάρ.
3039 3522 3252 3592 φύσεως
3295 3523 3362 3577 ἂν
3404 3525 3486 3594 εἵη
3514 3524 3621 3594 δη-.

2032 3616 2290 3687 μιουργὸς
2312 3619 2340 3669 6
2366 3615 2630 3680 διάϐολος,
2677 3615 2822 3670 κατὰ
2845 3615 2942 3685 τὴν
2976 3614 3084 3668 τῶν
3134 3616 3453 3685 Μανιχαίων
3479 3615 3602 3668 ἀσέ-

2029 3707 2202 3761 ϐειανο
2244 3706 2381 3760 ἀλλά
2411 3708 2625 3776 φύσεως
2654 3707 2761 3778 (47)
2782 3705 3137 3778 παρατροπὴν
3161 3709 3225 3760 ἐκ
3249 3706 3602 3778 παραϐάσεως

2027 3800 2341 3871 είργάσατο·
2367 3802 2461 3854 καὶ
2483 3800 2654 3865 οὕτως
2685 3800 3029 3854 ἐϐασίλευσεν
3073 3803 3100 3854 6
3133 3799 3358 3862 θάνατος
3389 3800 3601 3853 πάντων

2027 3891 2348 3964 ἀνθρώπων.
2394 3892 2497 3946 Διὰ
2561 3891 2736 3944 τοῦτο
2767 3888 2899 3954 οὖν,
2936 3893 3118 3964 φησὶν,
3167 3888 3356 3961 ἦλθεν
3405 3894 3437 3944 ὁ
3475 3890 3600 3954 Υἱὸς

2027 3983 2133 4037 τσῦ
2160 3984 2326 4049 Θεοῦ,
2362 3985 2463 4038 ἵνα
2507 3985 2671 4051 λύσῃ
2722 3983 2794 4036 τὰ
2850 3982 2992 4052 ἔργα
3024 3982 3130 4035 τοῦ
3161 3982 3442 4035 διαϐόλου
3468 3979 3597 4048 (48).

2027 4078 2162 4130 Ποῖα
2179 4077 2312 4148 ἔργα
2335 4075 2427 4131 τοῦ
2481 4076 2726 4131 διαϐόλου
2756 4075 2939 4129 ἔλυσεν
2967 4078 2994 4128 6
3022 4076 3146 4139 Υἱὸς
3170 4073 3264 4127 τοῦ
3292 4072 3427 4127 Θεοῦ
3451 4090 3465 4136 ;
3523 4073 3600 4123 ὅτι

2029 4167 2208 4236 φύσιν,
2238 4169 2304 4239 ἢν
2344 4168 2598 4238 ἐποίησεν
2625 4169 2652 4220 ὁ
2677 4167 2806 4230 Θεὸς
2829 4165 3229 4236 ἀναμάρτητον,
3264 4160 3598 4248 παρέτρειξεν

2026 4261 2054 4313 6
2081 4259 2323 4323 διάϐολος
2352 4261 2433 4323 είς
2471 4258 2778 4330 παράϐασιν
2812 4257 3030 4326 ἐντολῆς
3077 4254 3233 4318 Θεοῦ,
3267 4253 3359 4306 καὶ
3389 4254 3599 4321 εὕρεσιν

2027 4351 2298 4423 ἁμαρτίας
2328 4351 2580 4416 θανάτου,
2614 4351 2818 4422 ταύτην
2852 4349 3028 4420 ἐαυτῷ
3055 4349 3388 4416 ἀνεστήσατο
3421 4348 3448 4398 6
3471 4342 3599 4406 Θεὸς

354 4441 585 4513 Ideoque
613 4444 789 4499 aiebat
814 4443 1076 4500 Dominus
1103 4465 1117 4500 :
1156 4445 1304 4500 Venit
1339 4449 1580 4517 princeps
1614 4449 1795 4502 mundi
1821 4451 1921 4502 htt-

2037 4445 2220 4513 Λόγος,
2289 4443 2640 4498 ἀνεπίδεκτον
2687 4443 2785 4513 τῆς
2817 4442 2908 4495 τοῦ
2946 4440 3190 4495 διαϐόλου
3243 4435 3598 4508 παρατροπῆς

345 4535 458 4604 jus,
489 4545 538 4590 et
573 4538 629 4590 in
653 4553 733 4591 me
757 4554 858 4591 non
885 4538 1080 4593 invenit
1101 4541 1386 4610 quidquam
1415 4541 1478 4592 ⁸⁵.
1512 4541 1667 4607 Quod
1696 4542 1740 4595 si
1775 4541 1925 4611 prin-

351 4643 478 4698 ceps
519 4630 706 4684 mundi
746 4630 910 4701 hujus
954 4630 1089 4685 nihil
1119 4647 1343 4701 operum
1378 4648 1600 4687 suorum
1628 4633 1681 4686 in
1708 4632 1925 4689 Christo

352 4721 592 4789 invenit,
623 4721 795 4776 multo
839 4722 1012 4793 magis
1051 4723 1303 4780 Christus
1344 4725 1478 4779 nilnl
1511 4741 1574 4780 ex
1617 4725 1730 4780 suis
1769 4725 1925 4795 opili-

425 4832 469 4864 ⁶³
497 4830 625 4903 Sap.
657 4850 715 4899 ιι,
747 4834 835 4887 24.
879 4833 970 4888 ⁸⁸1
1003 4834 1162 4890 Joan.
1198 4851 1282 4900 ιιι,
1311 4836 1366 4890 8.
1433 4837 1477 4868 ⁶⁵
1506 4837 1663 4892 Joan.
1695 4855 1806 4903 xw,
1831 4840 1920 4893 50.

422 4945 659 5020 (42)»Sie
693 4947 916 5020 Seguer.
965 4949 1053 5004 cui
1100 4951 1371 5006 consentit
1406 4949 1673 5006 Nannius.
1720 4950 1777 5005 ln
1810 4953 1924 5007 edi-

349 5015 442 5082 tis,
458 5087 469 5092 _
491 5015 737 5092 Xéyoteo,
760 5015 886 5092 liqu
917 5020 1062 5092 idem
1101 5021 1349 5092 segnem,
1371 5021 1468 5092 τὴν
1502 5022 1799 5092 ἀνάκλησιν
1833 5039 1926 5090 γε·

385 5087 580 5163 ονέναι,
614 5091 671 5142 ἐν
698 5088 754 5163 δέ
783 5089 1068 5163 τῷητρίτῳ
1104 5087 1286 5163 μένειν
1319 5094 1375 5145 ἐν
1403 5087 1618 5163 δεσμοῖς
1660 5087 1721 5145 τὸ
1764 5087 1920 5146 δεδ...

392 5160 517 5232 aulo
547 5174 704 5232 secus
727 5161 780 5214 in
816 5160 997 5225 editis,
1028 5160 1121 5232 qui
1152 5162 1374 5230 habent,
1404 5160 1509 5232 τὴν
1529 5162 1734 5217 ἀνάκ...
1765 5179 1922 5230 γενο-

351 5227 596 5300 μένην...
630 5229 799 5298 μένει,
831 5239 937 5286 etc.

679 5300 1056 5386 ἀνθρωπόξητι
1091 5302 1245 5386 deest
1266 5303 1338 5386 εἰη
1370 5302 1594 5386 ‘S~egtt'er.
1631 5304 1766 5386 snolo.
1799 5301 1923 5386 Mox

350 5363 572 5444 Seguet‘.
602 5363 817 5444 Gobler.
852 5363 1074 5444 ειΕριο.
1111 5375 1158 5439 1,
1190 5374 1223 5444 ἢ
1359 5363 1617 5444 ἀδυῗνάτου
1647 5373 1798 5444 ὄντος
1831 5372 1924 5444 λῦ-

351 5453 441 5514 σαι
464 5437 560 5514 τὸν
589 5437 1273 5514 σύμπαντα-ἄνθρωπονζῆ
1309 5443 1380 5514 ὡς
1419 5441 1802 5514 βδελυξαμένου
1833 5442 1922 5496 τὸν

353 5506 831 5584 ἁμαρτήσανταμῆ
859 5512 936 5574 ὼς
966 5506 1272 5584 δεδοικότος
1301 5513 1373 5584 μὴ
1398 5506 1492 5566 καὶ
1525 5506 1646 5568 αὑ-τ.

423 5574 692 5655 (Μὶςῌζξεο
727 5574 1030 5655 aii‘e'runtur
1049 5583 1100 5636 in
1130 5574 1339 5655 synodo
1362 5574 1797 5654 'Constautinop.
1834 5599 1924 5648 ιιι,

355 5646 814 5719 tom_.__Vl_Concil.
841 5667 893 5719 p.
937 5652 1038 5704 76‘2
1059 5661 1113 5705 et
1141 5646 1262 5706 812.

425 5717 536 5785 (45)
571 5717 660 5773 Sic
693 5717 915 5788 Seguer.
953 5722 1171 5778 Gobler.
1205 5732 1255 5776 et
1283 5722 1516 5778 Fclckm.
1554 5725 1603 5789 1,
1639 5733 1690 5778 et
1726 5723 1917 5792 synod.

2027 4535 2120 4588 καὶ
2154 4535 2420 4605 εὑρέσεως
2447 4532 2721 4605 ἁμαρτίας
2761 4532 2890 4602 (49).
2926 4531 3036 4583 Καὶ
3089 4531 3176 4582 διὰ
3221 4527 3378 4581 τοῦτο
3419 4527 3598 4594 ἔλεγεν

2025 4628 2054 4678 6
2079 4625 2299 4696 Κύριος
2357 4626 2633 4694 Ἔρχεται
2659 4628 2692 4678 ό
2721 4623 2922 4692 ἄρχων
2965 4621 3070 4675 τοῦ
3106 4621 3334 4688 κόσμου
3364 4619 3594 4678 τούτου,

2026 4717 2124 4771 καὶ
2175 4718 2247 4771 ἐν
2296 4716 2426 4786 ἐμοὶ
2481 4717 2746 4786 εὑρίσκει
2785 4713 2984 4770 οὐδέν.
3040 4714 3102 4766 Εἰ
3156 4712 3218 4766 δέ
3245 4713 3273 4764 6
3297 4711 3478 4782 ἄρχων
3504 4705 3609 4767 τοῦ·

2024 4953 2332 5028 Constant";
2362 4955 2413 5028 i_n
2437 4955 2616 5022 editis,
2632 4952 2944 5028 ἀφθαρσίαν
2979 4950 3076 5028 καὶ,
3108 4948 3315 5028 εἰκόναὲ
3335 5016 3367 5028 υ
3401 5019 3411 5028 _

2097 5023 2208 5089 (46)
2247 5015 2842 5096 Ita_Seguer.'Gobler.
2890 5033 2944 5096 et
2967 5021 3156 5096 _Felc.h
3181 5018 3232 5070 1.
3273 5015 3415 5096 Εάἱιξ
3447 5032 3591 5096 vero,

2025 5087 2263 5179 ἐνήργει.
2573 5099 2648 5179 ,τῇ
2684 5091 3096 5179 ερύσει,ηῃεὶιειιι
3125 5087 3348 5158 Seguer.
3377 5088 3590 5173 Gohler.

2024 5176 2078 5220 et
2108 5162 2254 5219 Felc.
2291 5168 2340 5219 1.
2381 5165 2544 5231 Editi,
2570 5162 3029 5235 ἐνίλιτῇξπροθέσειἶ
3142 5231 3155 5235 _
3497 5171 3499 5173 ’

2096 5236 2208 5307 (47)
2239 5236 2311 5290 Ita
2355 5231 2919 5308 Seguer.iGobleI-'._et_
2941 5231 3084 5308 Eelc.
3131 5231 3593 5308 leonsequenter

2024 5305 2090 5360 ad
2105 5299 2455 5379 superior-ein
2485 5307 2790 5379 lectionem.
2826 5303 2986 5379 Editi,
3020 5299 3345 5379 προθέσειΒῇ

2098 5368 2206 5447 (48)
2234 5376 2450 5432 Gobler.
2484 5387 2537 5432 et
2563 5376 2706 5430 Felc.
2744 5375 2796 5442 l,
2823 5373 2914 5428 τοῦ
2948 5368 3378 5424 διαϐόλου.“Ποῖα
3401 5382 3589 5428 ταυτα,

2025 5447 2107 5500 ὅτι
2133 5447 2313 5500 φύσιν.

2352 5516 2574 5585 Seguer.
2619 5514 2904 5586 Anglican.
2935 5510 3153 5586 Cobler.
3185 5516 3238 5562 et
3268 5505 3409 5560 Fele.
3435 5506 3500 5586 ,1.
3535 5503 3587 5555 In

2025 5576 2201 5657 editis,
2247 5589 2394 5641 deest
2424 5576 2900 5657 ’ἁμαρτίαςΪ-Μοχ
2954 5581 3143 5657 τοῦτ-ος.)
3211 5586 3330 5657 post
3347 5576 3587 5657 “it-66:10.9.)
3632 5647 3634 5651 Ι

2025 5604 2184 5641 ιιίιιιιε
2247 5604 2394 5641 tteest
2438 5605 2554 5657 αμα
2593 5604 2728 5648 τιας.
2780 5604 2900 5639 mox
2954 5604 3143 5635 τουτου
3213 5604 3330 5647 post
3390 5604 3587 5645 ιιυυμυυ

2025 5656 2174 5709 deest
2204 5657 2254 5709 in
2294 5658 2514 5726 Seguer.
2555 5604 2688 5711 rbitl.
2739 5653 2962 5723 Seguer.
2993 5651 3210 5708 Goblcr.
3254 5655 3307 5700 et
3347 5645 3495 5701 Felc.
3539 5643 3588 5707 ia

2027 5727 2262 5798 eupﬁsan
