3992 6230
376 350 507 405 1121

1329 349 1603 404 CONTRA
1649 349 2158 405 APOLLINARIUM
2201 349 2402 404 LIBER
2439 346 2720 404 PRIMUS.

3488 347 3626 402 1122

373 462 579 532 κόσμου
608 462 795 513 τούτου
817 459 964 512 οὐδὲν
989 458 1096 512 τῶν
1121 457 1310 512 ἑαυτοῦ
1335 460 1673 530 πραγμάτων
1694 461 1953 531 ηὕρισκεν

2070 461 2155 518 :iis
2193 463 2411 534 reliquit
2447 463 2678 534 principi
2713 462 2898 517 mundi
2930 463 3112 532 hujus.
3138 463 3429 518 Autetiam
3463 479 3526 518 ea
3560 464 3628 520 de

375 558 434 608 ὲν
462 553 538 624 τῷ
572 551 809 623 Χριστῷ,
836 551 1009 621 πολλῷ
1044 550 1240 622 μᾶλλον
1298 553 1326 603 ὁ
1373 551 1604 622 Χριστὸς
1653 552 1804 604 ούδὲν
1850 551 1950 622 τῆς

378 647 512 710 ιδίας
544 647 813 714 ποιήσεως
849 643 1247 714 προσκατέλιπε
1271 643 1347 714 τῷ
1371 645 1588 715 ἄρχοντι
1617 643 1708 696 τοῦ
1743 643 1948 714 κόσμου

371 736 585 789 τούτου.
614 736 685 786 Ἢ
713 735 805 786 καὶ
825 733 913 787 διὰ
938 731 1090 786 τοῦτο
1111 733 1262 787 οὐδὲν
1283 732 1541 804 ηὕρισκεν
1568 735 1624 786 ὲν
1646 734 1794 806 αύτῷ
1813 733 1949 805 (50),

373 827 584 880 τελείαν
615 824 710 896 τὴν
750 824 1041 894 καινότητα
1093 824 1501 895 ἐπιδειξαμένου
1551 824 1644 878 τοῦ
1695 824 1950 897 Χριστοῦ,

375 918 459 970 ἵνα
478 916 685 969 τελείαν
713 917 813 986 τὴν
842 915 1112 986 σωτηρίαν
1142 917 1550 986 κατεργάσηται
1580 915 1700 970 ὅλου
1733 916 1826 969 τοῦ
1861 919 1954 970 ἀν-

374 1009 614 1081 θρώπου,
640 1009 817 1078 ψυχῆς
869 1007 1094 1078 λογικῆς
1135 1009 1231 1062 καὶ
1278 1007 1548 1078 σώματος,
1583 1009 1668 1062 ἵνα
1711 1003 1950 1081 τελείαῇ

373 1103 467 1156 καὶ
527 1102 840 1163 ἀνάστασις.
903 1099 1094 1170 Μάτην
1162 1095 1253 1152 οῦν
1307 1101 1572 1170 Ἀρειανοὶ
1619 1101 1950 1171 σοφίζονται,

375 1193 552 1262 σάρκα
587 1190 753 1260 μόνην
784 1190 1160 1260 ὑποτιθέμενοι
1199 1186 1546 1260 ἀνειληφέναι
1585 1191 1674 1246 τὸν
1701 1193 1950 1264 Σωτῆρα,

372 1286 470 1355 τὴν
500 1283 557 1336 δὲ
583 1282 675 1336 τοῦ
728 1281 932 1345 πάθους
983 1282 1168 1352 νόησιν
1196 1283 1288 1334 ἐπὶ
1342 1281 1440 1353 τὴν
1498 1283 1679 1354 ἀπαθῆ
1728 1283 1956 1355 θεότητα

375 1375 737 1448 ἀναφέροντες
757 1373 990 1437 ἀσεϐῶς.
1021 1375 1211 1446 Μάτην
1233 1373 1295 1446 δὴ
1323 1375 1415 1428 καὶ
1441 1376 1598 1444 ὑμεῖς
1624 1376 1744 1430 καθ’
1766 1377 1955 1450 ἑτέραν

373 1468 615 1521 ἐπίνοιαν
653 1467 785 1538 (51),
810 1465 876 1518 τά
903 1467 992 1519 ἴσα
1020 1465 1228 1530 τούτοις
1269 1466 1610 1539 φρονοῦντες,
1652 1467 1838 1537 λέγετε
1879 1469 1958 1542 τῷ

375 1559 683 1631 περιέχοντι
722 1559 979 1630 σχήματι,
1025 1560 1271 1612 τουτέστι
1304 1559 1379 1630 τῷ
1414 1559 1690 1632 όργανικῷ
1725 1579 1959 1634 προσκε-

374 1650 632 1722 χρῆσθαι·
661 1651 781 1704 ἀντὶ
801 1649 856 1702 δὲ
891 1649 984 1702 τοῦ
1010 1649 1210 1704 ἔσωθεν
1239 1654 1296 1704 ἐν
1341 1654 1473 1722 ἡμῖν
1501 1652 1807 1725 ἀνθρώπου,
1836 1653 1958 1719 νοῦς

374 1741 695 1811 ἐπουράνιος
724 1740 782 1792 ἐν
816 1739 1058 1812 Χριστῷ.
1111 1740 1221 1795 Καὶ
1255 1741 1368 1806 πῶς
1404 1737 1472 1813 ἦν
1501 1742 1840 1814 λυπούμενος
1865 1745 1957 1800 καὶ

2057 571 2219 611 causa
2262 557 2394 610 nihil
2427 556 2633 610 invenit
2668 555 2721 609 in
2776 555 2934 624 ipso,
2988 554 3278 624 perfectam
3333 555 3626 610 novitatem

2053 647 2341 702 exhibente
2374 645 2592 701 Christo
2613 684 2630 712 ,
2667 654 2727 700 ut
2753 643 3047 714 perfectam
3073 646 3298 700 salutem
3337 647 3501 701 totius
3528 648 3628 700 ho-

2053 737 2250 801 minis,
2285 737 2482 792 animae
2518 752 2712 806 nempe
2741 745 2794 791 et
2819 738 3063 806 corporis
3087 777 3102 801 ,
3140 747 3493 804 operaretur:
3519 751 3630 806 quo

2053 827 2291 900 perfecta
2339 843 2556 899 quoque
2606 827 2746 882 foret
2794 827 3140 882 resurrectio.
3199 825 3421 882 Frustra
3464 827 3630 899 igitur

2054 921 2240 976 Ariani
2267 922 2496 993 argutiis
2525 928 2752 976 utuntur
2774 961 2789 986 ,
2839 920 2966 974 dum
3001 917 3337 974 Salvatorem
3362 959 3376 983 ,
3407 934 3630 973 carnem

2056 1013 2226 1067 solam
2256 1011 2619 1082 assumpsisse
2674 1018 2958 1074 statuunt,
2994 1026 3058 1064 ac
3096 1010 3366 1080 passionis
3411 1023 3632 1064 sensum

2057 1104 2122 1158 ad
2172 1101 2560 1172 impassibilem
2595 1102 2848 1156 deitatem
2885 1100 3048 1171 impie
3083 1099 3342 1154 referunt.
3402 1096 3633 1153 Frustra

2057 1211 2274 1265 quoque
2305 1209 2424 1259 vos,
2456 1194 2564 1248 alio
2587 1199 2892 1246 commento
2915 1192 3022 1256 usi,
3050 1191 3198 1261 paria
3221 1204 3344 1244 cum
3371 1187 3480 1242 illis
3509 1203 3638 1242 sen-

2057 1289 2190 1352 titis,
2226 1287 2495 1350 dicentes,
2529 1284 2705 1355 ipsum
2740 1299 2847 1351 qua
2882 1282 3321 1337 circumdabatur
3349 1278 3548 1345 forma,
3579 1277 3635 1332 id

2058 1389 2142 1435 est
2187 1378 2444 1446 organica
2503 1395 2661 1433 usum
2711 1377 2882 1432 fuisse
2917 1394 2930 1429 :
2962 1375 3080 1429 vice
3133 1383 3312 1428 autem
3355 1369 3636 1424 interioris

2059 1473 2231 1527 nostri
2259 1471 2515 1533 hominis,
2541 1471 2818 1525 cmlestem
2847 1476 3083 1522 mentem
3112 1465 3168 1519 in
3195 1464 3412 1519 Christo
3441 1460 3633 1516 fuisse.

2060 1562 2178 1630 Quo
2213 1573 2370 1633 pacto
2402 1563 2563 1634 igitur
2596 1562 2830 1625 dolebat,
2877 1559 3073 1614 anxius
3102 1565 3237 1622 erat,
3269 1551 3635 1625 precabatur?

2063 1655 2337 1726 Scriptum
2383 1663 2466 1709 est
2505 1654 2650 1708 enim
2687 1672 2700 1707 :
2736 1652 2805 1706 Et
2843 1651 3184 1705 conturbatus
3213 1659 3290 1703 est
3322 1651 3515 1720 spiritu
3543 1647 3640 1704 Je-

2059 1763 2148 1800 sus
2173 1745 2236 1798 ⁶⁶.
2269 1742 2395 1799 Haec
2425 1753 2604 1798 autem
2631 1758 2807 1812 neque
2837 1743 3020 1796 carnis
3046 1749 3224 1794 mente
3257 1740 3516 1806 carentis,
3552 1755 3644 1794 ne-

373 1807 689 1904 ἀδημονῶν,
719 1833 813 1887 καὶ
851 1807 1318 1905 προσευχόμενος;
1362 1807 1494 1897 Καὶ,
1539 1807 1868 1906 Ἐταράχθη
1895 1837 1954 1889 δὲ

2070 1851 2166 1906 que
2205 1834 2559 1889 immutabilis
2589 1807 2804 1888 deitatis
2829 1831 3029 1886 fuerint
3055 1849 3068 1884 :
3095 1831 3188 1886 sed
3217 1829 3414 1885 animm
3447 1829 3617 1884 intelli

375 1923 455 1990 τῷ
479 1926 770 1995 πνεύματι
800 1928 833 1979 ό
878 1923 1127 1992 Ἰησοῦς,
1155 1924 1486 1996 γέγραπται.
1533 1926 1712 1981 Ταῦτα
1741 1928 1798 1981 δὲ
1830 1927 1952 1982 οὔτε

376 2018 577 2088 σαρκὸς
624 2019 852 2088 ἀνοήτου
907 2016 972 2070 ἂν
1027 2017 1133 2088 εἴη,
1169 2015 1293 2070 οὔτε
1349 2017 1600 2089 θεότητος
1660 2019 1951 2090 ἀτρέπτου,

2060 1928 2236 1999 gentia
2261 1927 2515 1997 praedita},
2540 1925 2794 1987 dolentis,
2823 1923 3180 1988 conturbatus,
3209 1923 3407 1986 anxiae,
3435 1933 3488 1977 et
3519 1937 3644 1994 quae

2059 2035 2182 2074 eum
2212 2017 2561 2088 intelligentia
2590 2016 2899 2086 passionem
2935 2015 3190 2070 senserit.

375 2109 510 2162 ἀλλά
542 2109 719 2180 ψυχῆς
743 2162 749 2168 ,
773 2111 955 2180 νόησιν
1011 2110 1260 2181 ἐχούσης,
1307 2109 1652 2182 λυπουμένης
1683 2112 1815 2183 (52),
1855 2115 1948 2168 καὶ
1986 2114 2429 2186 ταραττομένης,
2470 2112 2564 2165 καὶ
2591 2108 2986 2181 ἀδημονούσης,
3027 2109 3122 2162 καὶ
3155 2108 3358 2179 νοητῶς
3391 2105 3648 2162 ἐπαισθα-

373 2203 607 2274 νομένης
639 2203 732 2256 τοῦ
771 2204 996 2268 πάθους.

450 2292 536 2345 16.
575 2293 636 2345 Εἰ
667 2292 723 2345 δὲ
759 2293 936 2346 τοίνυν
972 2291 1142 2347 ταῦτα
1196 2293 1339 2348 οὕτω
1383 2297 1524 2348 νοεῖν
1579 2295 1639 2348 ού
1681 2295 1957 2366 βούλεσθε,

373 2381 543 2453 τριῶν
616 2383 1027 2454 προσκειμένων
1101 2384 1418 2455 νοημάτων,
1493 2387 1796 2455 φαντασίας
1867 2389 1962 2442 καὶ

380 2474 729 2546 βλασφημίας
786 2475 882 2526 καὶ
924 2473 1203 2547 ἀληθείας,
1269 2475 1428 2530 ποίαν
1479 2476 1685 2531 ’έλοισθε
1722 2478 1815 2544 άν;
1875 2477 1964 2550 Τῷ

375 2567 486 2638 γὰρ
518 2568 760 2620 ὑπονοεῖν
785 2567 1002 2639 δοκήσει
1027 2568 1360 2640 εἰρῆσθαιτά
1377 2571 1663 2642 εἰρημένα,
1695 2572 1964 2640 φαντασία

376 2660 444 2712 ἂν
477 2658 756 2730 νομισθείη
792 2661 888 2712 καὶ
937 2659 1005 2713 τά
1037 2660 1318 2732 γενόμενα.
1373 2651 1434 2714 Et
1494 2661 1550 2716 δὲ
1601 2663 1689 2716 ἐπ’
1711 2663 1966 2736 ἀληθείας

379 2750 616 2820 εἴρηται,
642 2750 894 2820 ἀλλοτρία
920 2750 977 2804 δὲ
1013 2749 1125 2824 (55)
1183 2751 1411 2805 καθόλου
1462 2755 1494 2824 ἡ
1525 2752 1672 2826 ψυχὴ
1703 2753 1799 2808 τοῦ
1855 2756 1968 2808 Κυ-

382 2841 500 2913 ρίου
532 2842 771 2909 ἐγεγόνει
828 2842 928 2912 τῆς
970 2842 1101 2907 ἰδίας
1159 2845 1420 2916 νοήσεως,
1469 2845 1601 2898 Θεὸν
1652 2845 1742 2899 τὸν
1797 2846 1967 2916 Λόγον

2132 2295 2218 2351 16.
2252 2293 2409 2362 Quod
2443 2293 2488 2350 si
2528 2293 2640 2348 hinc
2666 2291 2934 2348 sententia
2974 2307 3080 2345 non
3115 2291 3320 2361 placet,
3368 2306 3492 2344 cum
3541 2290 3644 2344 tria

2060 2387 2114 2442 in
2151 2395 2402 2456 promptu
2431 2385 2540 2440 sint
2567 2398 2628 2438 ea
2659 2383 2725 2439 de
2754 2398 2812 2437 re
2854 2381 3082 2452 judicia,
3124 2383 3426 2451 phantasia!
3446 2421 3460 2446 ,
3493 2381 3644 2435 blas-

2060 2478 2322 2551 phemiae,
2359 2486 2412 2532 et
2445 2476 2688 2532 veritatis
2708 2518 2723 2542 ,
2775 2473 3053 2546 quodnam
3082 2474 3398 2536 elegeritis?
3429 2471 3564 2526 Nam
3601 2471 3649 2527 si

2061 2570 2412 2640 suspicemini
2441 2569 2533 2623 illa
2557 2569 2620 2622 de
2652 2568 2766 2623 sola
2798 2576 2851 2641 et
2877 2581 3028 2620 mera
3058 2567 3238 2634 specie
3268 2565 3409 2619 dicta
3451 2563 3647 2629 fuisse,

2067 2678 2128 2717 ea
2164 2676 2285 2734 quae
2317 2670 2465 2734 gesta
2497 2669 2624 2716 sunt
2651 2660 2938 2730 phantasia
2967 2673 3186 2728 quoque
3219 2656 3520 2711 existimari
3552 2658 3647 2710 de-

2070 2755 2350 2811 bentzsin
2393 2763 2570 2808 autem
2625 2753 2679 2805 in
2716 2751 2942 2805 veritate
2989 2751 3130 2804 dicta
3165 2751 3309 2814 sint,
3361 2748 3651 2818 alienaque

2071 2847 2298 2903 omnino
2327 2845 2469 2900 facta
2501 2853 2583 2899 est
2614 2843 2796 2898 anima
2825 2842 3038 2896 Domini
3075 2857 3101 2895 a
3127 2843 3348 2910 proprio
3373 2840 3650 2910 cogitandi

379 2933 578 3003 ἔχουσα
600 2933 746 2997 νοῦν,
780 2933 1080 3006 τετράφθαι
1139 2935 1200 2988 τὸ
1233 2936 1500 3008 ἄτρεπτον
1537 2938 1616 3000 εἰς
1642 2937 1842 3009 λύπην,
1873 2938 1962 2992 καὶ

2071 2940 2255 3002 modo,
2285 2954 2409 2993 cum
2439 2937 2557 2992 vice
2593 2936 2791 2990 mentis
2823 2934 2992 2992 Deum
3015 2933 3252 2988 Verbum
3283 2932 3517 2998 habeat;
3544 2932 3651 2984 im-

377 3025 696 3095 ἀδημονίαν,
730 3026 824 3078 καὶ
859 3025 1100 3098 ταραχὴν
1133 3027 1270 3097 (54),
1305 3027 1365 3081 τὸ
1388 3030 1588 3082 ἐννοεῖν
1610 3029 1805 3094 ἀσεϐές
1828 3032 1964 3083 ἐστι·

2075 3031 2386 3086 mutabilem
2441 3044 2659 3084 versum
2693 3028 2861 3084 fuisse
2890 3028 2944 3082 in
2995 3026 3261 3090 dolorem,
3299 3025 3652 3088 anxietatem,

379 3115 488 3169 xiv
517 3115 650 3189 λέγῃ
701 3115 769 3170 τά
825 3117 1150 3186 Εύαγγέλια,
1205 3119 1286 3171 ὄτι
1347 3120 1669 3191 Ἐταράχθη
1732 3122 1962 3190 Ἰησοῦς

2070 3133 2118 3180 et
2147 3123 2631 3194 perturbationem,
2663 3122 2888 3193 impium
2916 3133 2998 3176 est
3025 3120 3282 3190 cogitare.
3309 3117 3375 3172 Et
3401 3119 3444 3172 si
3471 3116 3651 3172 Evan-

379 3207 463 3272 τῷ
492 3211 801 3279 πνεύματα
839 3209 974 3264 ἀλλά
999 3210 1240 3264 δείκνυσι
1288 3212 1377 3266 τὸν
1406 3213 1530 3266 νοῦν
1569 3213 1680 3285 (55)
1709 3216 1736 3268 ὁ
1761 3214 1964 3286 Κύριος

380 3299 638 3370 εἰρηκώς·
711 3303 766 3355 Η
798 3301 968 3370 ψυχή
1017 3320 1137 3371 μου
1179 3301 1546 3372 τετάρακται.
1604 3306 1667 3358 Et
1702 3305 1764 3377 δὴ
1789 3305 1966 3378 ψυχῆς

384 3392 523 3454 ιδίας
546 3391 728 3463 νόησιν
759 3396 787 3446 ὁ
819 3393 1022 3464 Κύριος
1055 3397 1443 3459 ἐπιδείκνυται,
1488 3399 1568 3463 είς
1623 3398 1966 3470 συμπάθειαν

378 3484 483 3554 τῆς
513 3485 788 3558 ἡμετέρας
813 3485 1014 3558 ψυχῆς,
1041 3488 1130 3542 ἵνα
1161 3487 1304 3542 οὕτω
1349 3491 1445 3544 καὶ
1495 3491 1660 3544 αὐτοῦ
1686 3494 1968 3565 νοήσωμεν

382 3573 522 3630 εἶναι
555 3577 663 3647 (56)
687 3579 749 3631 τὸ
797 3578 988 3643 πάθος,
1025 3580 1118 3634 καὶ
1170 3580 1331 3633 αὐτὸν
1365 3580 1548 3652 ἀπαθῆ
1596 3583 1964 3655 ὁμολογῶμεν.

384 3668 594 3740 Ὠσπερ
618 3669 722 3740 γὰρ
747 3669 824 3741 τῷ
856 3671 1044 3742 αἵματι
1079 3671 1175 3742 τῆς
1200 3671 1401 3742 σαρκὸς
1433 3672 1595 3725 αὐτοῦ
1630 3673 1969 3745 ἐλυτρώσατο

382 3761 554 3830 ἡμᾶς,
584 3762 725 3815 οὕτω
747 3763 840 3816 καὶ
873 3766 937 3833 τῇ
969 3764 1149 3833 νοήσει
1174 3765 1272 3834 τῆς
1305 3763 1480 3835 ψυχῆς
1507 3765 1671 3818 αὑτοῦ
1695 3765 1790 3836 τὴν
1815 3767 1968 3836 νίκην

384 3854 529 3924 ὑπὲρ
575 3855 729 3925 ἡμῶν
781 3856 1170 3918 ἐπιδείκνυται,
1220 3855 1415 3924 λέγων’
1487 3857 1634 3926 Ἐγὼ
1685 3858 1970 3925 νενίκηκα

382 3945 494 3998 τὸν
513 3948 760 4014 κόσμον·
808 3951 902 4000 καὶ
927 3947 1157 4016 ἀλλαχοῦ
1206 3946 1280 4000 δέ·
1317 3947 1544 4001 Διδόντι
1574 3949 1682 4018 (57)
1734 3949 1877 4018 ἡμῖν
1903 3949 1969 4002 τὸ

384 4035 572 4102 νῖκος.
618 4038 755 4090 Ἀλλ’
811 4038 1001 4111 ῶσπερ
1063 4039 1125 4090 τὸ
1184 4033 1324 4107 αἷμα
1375 4039 1474 4091 ούκ
1510 4038 1574 4092 ἂν
1627 4040 1804 4093 κοινὸν
1859 4042 1970 4102 τοῖς

385 4128 638 4180 εὐσεϐέσι
669 4130 906 4202 νοηθείη,
929 4131 1117 4203 ῶσπερ
1169 4133 1280 4194 τοῖς
1335 4130 1602 4194 ἀπίστοις,
1637 4131 1771 4184 ἀλλά
1801 4132 1972 4201 σωτή-

389 4234 527 4288 ριον’
563 4219 734 4284 οὕτως
767 4223 860 4275 καὶ
899 4225 931 4293 ἡ
965 4225 1146 4296 νόησις
1195 4224 1482 4294 λεγομένη,
1525 4224 1624 4275 οὐκ
1661 4222 1971 4294 ἀνθρωπίνῃ

386 4308 644 4383 ἀσθενείᾳ
693 4315 1047 4386 περικειμένη
1093 4315 1226 4387 (58),
1263 4314 1398 4368 ἀλλά
1442 4312 1578 4368 Θεοῦ
1637 4313 1798 4384 φύσιν
1847 4315 1967 4367 ἐπι-

384 4399 731 4474 δεικνυμένη.
763 4407 872 4459 Καὶ
903 4406 1075 4470 οὓτως
1121 4407 1186 4460 ἂν
1229 4408 1440 4476 λέγοιτο
1472 4405 1676 4469 τέλειος
1700 4405 1833 4469 Θεὸς
1877 4406 1970 4458 καὶ

384 4491 594 4556 τέλειος
643 4495 924 4568 ἄνθρωπος
947 4500 974 4551 ὁ
998 4498 1246 4569 Χριστός·
1280 4500 1378 4570 οὐχ
1428 4498 1504 4561 ὡς
1548 4498 1644 4568 τῆς
1671 4495 1860 4567 θεῖκῆς
1887 4513 1972 4550 τε·

2069 3213 2202 3283 gelia
2235 3211 2460 3265 dicant:
2497 3209 2865 3264 Turbatus.est
2893 3208 3049 3264 Iesus
3095 3210 3330 3279 spiritu;
3388 3207 3436 3261 id
3473 3216 3653 3262 tamen

2067 3306 2306 3360 declarat
2331 3303 2593 3358 Dominus
2615 3303 2680 3356 de
2702 3302 2881 3355 anima
2909 3301 3311 3370 intelligendum
3351 3313 3496 3360 esse,
3522 3299 3653 3352 dum

2068 3398 2143 3451 ait
2177 3415 2190 3450 :
2222 3398 2415 3449 Anima
2453 3411 2566 3448 mea
2597 3393 2809 3446 turbata
2833 3402 2908 3446 est
2932 3393 2995 3447 ⁸⁷.
3051 3392 3205 3458 Quod
3237 3392 3282 3445 si
3315 3407 3427 3445 suae
3461 3389 3653 3445 Domi-

2070 3505 2175 3542 nus
2210 3488 2405 3541 anima:
2437 3484 2819 3556 cogitationem
2850 3482 3186 3546 manifestat,
3220 3482 3271 3535 id
3307 3483 3418 3551 agit
3452 3490 3510 3534 ut
3537 3479 3654 3533 ani-

2070 3595 2173 3634 mae
2199 3589 2401 3634 nostra:
2427 3593 2564 3650 sese
2587 3585 2905 3646 attemperet
2936 3595 2949 3629 :
2981 3590 3091 3645 quo
3133 3575 3214 3628 sic
3242 3583 3297 3628 et
3328 3575 3448 3644 ejus
3492 3571 3652 3626 intel-

2071 3673 2302 3741 ligamus
2336 3671 2645 3740 passionem
2674 3710 2689 3735 ,
2737 3675 2790 3722 et
2816 3683 2940 3722 eum
2973 3667 3359 3736 impassibilem
3391 3663 3653 3718 confitea-

2071 3779 2212 3817 mur.
2247 3762 2398 3816 Sicut
2431 3763 2573 3816 enim
2607 3761 2870 3832 sanguine
2896 3759 3078 3814 carnis
3101 3773 3212 3813 suae
3244 3773 3344 3812 nos
3375 3755 3604 3811 redemit
3635 3775 3647 3810 :

2071 3855 2151 3909 sic
2179 3854 2505 3924 cogitatione
2541 3853 2738 3908 mentis
2763 3866 2875 3905 suae
2897 3892 2912 3916 ,
2959 3865 3121 3918 quam
3148 3862 3247 3918 pro
3281 3847 3435 3901 nobis
3466 3862 3653 3916 repor-

2072 3947 2203 4001 tavit
2226 3946 2508 3998 victoriam
2547 3944 2632 3998 his
2669 3944 2909 3998 declarat
2959 3941 3139 3996 verbis
3171 3957 3184 3994 :
3224 3938 3335 4009 Ego
3365 3940 3466 3991 vici
3499 3929 3648 3990 utun-

2071 4038 2197 4090 dum
2219 4037 2298 4102 ⁶⁸;
2331 4045 2384 4090 et
2414 4036 2541 4090 alibi
2571 4055 2582 4090 :
2624 4036 2728 4100 Qui
2759 4035 2905 4088 dedit
2936 4033 3082 4087 nobis
3114 4032 3390 4086 victoriam
3420 4030 3485 4084 θ’.
3546 4027 3651 4084 Sed

2072 4130 2213 4184 sicut
2239 4128 2461 4199 sanguis
2503 4128 2592 4184 ille
2637 4144 2734 4198 pro
2765 4127 2972 4198 vulgari
2997 4141 3026 4180 a
3050 4126 3152 4196 piis
3180 4123 3490 4178 hominibus
3513 4137 3654 4176 nun-

2072 4237 2236 4292 quam
2261 4221 2476 4276 habitus
2504 4221 2683 4285 fuerit,
2701 4219 2842 4290 quod
2870 4229 3047 4273 tamen
3075 4218 3317 4271 infideles
3333 4224 3648 4281 autumant,

2074 4315 2166 4369 sed
2199 4328 2297 4384 pro
2326 4313 2550 4367 salutari
2587 4313 2884 4383 sanguine;
2941 4310 3023 4366 sic
3059 4326 3214 4365 mens
3257 4309 3346 4362 illa
3406 4324 3514 4361 non
3552 4309 3653 4360 hu-

2075 4420 2234 4459 mana
2267 4404 2579 4459 infirmitate
2621 4404 2864 4458 induitur
2887 4444 2900 4469 ,
2954 4403 3112 4476 747
3149 4402 3243 4457 sed
3273 4400 3368 4454 Dei
3401 4411 3651 4453 naturatu

2075 4497 2314 4551 exhibet.
2347 4495 2547 4566 Sicque
2585 4496 2849 4550 dicendus
2880 4494 3043 4551 fuerit
3074 4494 3348 4557 Christus,
3378 4491 3652 4562 perfectus

467 4615 510 4646 ³⁸
539 4615 694 4672 Joau.
729 4634 806 4684 ιι,
837 4617 924 4670 55.
1004 4618 1045 4648 ⁸⁷
1079 4617 1237 4670 Joan.
1266 4633 1361 4680 xu,
1391 4617 1482 4670 '27.
1558 4616 1603 4646 °"
1633 4613 1793 4669 Joan.
1818 4630 1932 4680 xw,
1959 4616 1962 4663 ἒ

2126 4612 2170 4643 ⁶⁹
2204 4611 2226 4664 l
2254 4611 2380 4668 Cor.
2414 4628 2504 4679 xv,
2539 4612 2626 4668 57.

465 4731 576 4801 (50)
605 4731 699 4802 Sic
745 4731 968 4802 Seguer.
1014 4731 1229 4786 Gobler.
1278 4739 1330 4784 et
1365 4730 1507 4802 Felc.
1545 4729 1595 4783 1.
1624 4727 1774 4802 ⁸Εὐίιί
1815 4744 1963 4788 vero.

391 4797 592 4872 ἑαυτῷ.
621 4801 765 4856 Infra
805 4797 858 4855 iit
895 4801 1122 4872 Seguer.
1152 4801 1584 4872 λογικῆςᾼάρθεῑ.
1620 4797 1788 4872 ιέιιιιο
1818 4808 1961 4867 post,

392 4867 618 4940 Seguer.
659 4872 874 4927 Gobler.
917 4867 1147 4927 etﬁFelc.
1180 4867 1237 4934 1,
1262 4867 1802 4940 σοφίζωνταιηΕιηίἱ,
1833 4885 1965 4937 φαν-

387 4938 662 5008 τάζονται.
693 4941 812 4995 Mox
841 4943 976 5005 lucc,
1009 4938 1349 5012 ἀνειληφέναι
1374 4941 1464 4992 τὸν
1495 4938 1742 5008 Σωτῆρα,
1768 4939 1965 4994 desunt

390 5015 450 5068 in
478 5013 668 5067 iisdem
696 5013 998 5066 codicibus.

473 5083 583 5153 (51)
612 5082 774 5145 Editi,
803 5082 1080 5143 ἀπόνοιαν,
1116 5091 1171 5153 at
1200 5079 1421 5153 Seguer.
1454 5077 1617 5153 _Basil.
1653 5078 1871 5133 Gobler.
1908 5087 1960 5134 et

391 5148 538 5210 Felc.
567 5148 625 5216 ⁷1,
651 5152 913 5217 ἐπίνοιαν,
940 5161 994 5206 et
1029 5153 1100 5204 ita
1129 5152 1254 5220 legit
1283 5148 1559 5220 Nannius.

467 5223 580 5296 (52)
624 5223 714 5296 _Sic
749 5222 975 5296 Seguer.
1024 5217 1243 5296 Gobler.
1288 5230 1340 5274 et
1387 5217 1529 5296 lfelc.
1575 5219 1624 5272 1.
1674 5217 1730 5296 In
1783 5217 1964 5296 editis,

391 5287 758 5364 λυπουμένην,
789 5287 884 5364 καὶ
907 5290 1314 5364 ταραττομένην
1342 5288 1435 5364 κα).
1459 5289 1558 5359 ἀδη
1568 5287 1851 5364 μονοῦσαν,
1875 5290 1968 5364 καὶ

391 5359 602 5434 νοητῶς
633 5359 1118 5432 ἐπαισθανομένην.
1148 5359 1298 5434 ilbid.
1349 5360 1508 5434 iidem
1561 5359 1773 5434 codices
1812 5359 1975 5412 omit-

393 5428 539 5498 tulit,
573 5436 622 5487 εί
666 5433 742 5498 δέ,
791 5428 949 5501 cujus
995 5428 1112 5485 loco
1153 5431 1381 5493 habent,
1430 5428 1551 5501 xiv.
1604 5429 1764 5501 Iidem
1817 5444 1968 5501 mox,

393 5497 576 5582 Τριῶν
599 5497 776 5556 τοίνυν
799 5497 1172 5582 προκειμένων
1193 5501 1498 5582 νοημάτων.
1527 5497 1580 5582 In
1609 5499 1678 5582 e_d
1681 5499 1766 5552 itis
1782 5499 1968 5582 “dce-st,

392 5567 575 5628 τόίνυν
612 5582 665 5628 et
709 5567 1016 5643 vomuitva
1077 5569 1198 5625 Mox
1256 5567 1416 5625 iidem
1464 5571 1584 5624 cod.
1633 5567 1839 5621 ἕλοισθε
1881 5567 1966 5622 ἄν.

397 5645 539 5697 Editi
570 5660 720 5706 vero,
754 5641 823 5696 ἂν
850 5641 1055 5695 ἕλεσθε.

470 5715 584 5782 (53)
616 5713 689 5766 Ita
737 5713 961 5782 Seguer.
998 5711 1215 5782 Gobler.
1267 5719 1320 5782 et
1370 5709 1514 5765 Felc.
1549 5711 1606 5782 1.
1648 5706 1790 5782 Editi
1841 5725 1971 5764 vero

398 5779 525 5840 cuin
556 5784 712 5850 aliis,
741 5779 888 5836 Εἰδὲ
923 5784 980 5836 ὲν
1003 5780 1225 5854 ἀληθείᾳ.
1260 5779 1500 5853 εἴρηνται
1528 5781 1620 5834 καὶ
1665 5780 1971 5849 γεγόνασιν,

2073 4729 2328 4802 ἀλλότρια
2360 4731 2437 4785 δέ.

2142 4785 2520 4882 {$4)_Seguer.
2555 4797 2772 4852 Gobler.
2807 4804 2860 4882 e't
2889 4793 3143 4882 Ι·⁷ρ1‹ι.¹1,⁸
3163 4785 3648 4882 ταξάξῖεξιθλαέᾷέξ

2070 4871 2198 4924 editi
2236 4855 2288 4925 et
2316 4855 2407 4925 alii
2444 4885 2604 4932 mss.,
2641 4867 2887 4938 ταραχήν
2909 4855 3167 4938 ,_ntelius,
3196 4855 3376 4938 ,ἐι-μη
3402 4855 3648 4938 Nan-nius

2072 4939 2217 5008 legit.
2253 4939 2376 4996 Mox
2400 4925 2738 5009 Basitiéitsisf,
2771 4925 2863 4988 {at
2894 4925 3120 5009 ειλέχει
3148 4925 3400 5009 gutum,
3425 4927 3644 4984 Gobler.

2067 4996 2292 5066 etvFelc.
2327 5015 2378 5074 1,
2405 5011 2466 5064 τὸ
2496 4996 2852 5076 Εὑαγγέλιον,
2869 5013 2923 5058 et
2953 5003 3024 5056 ita
3049 4996 3194 5076 legit
3218 4996 3483 5076 Nannius.

2161 5065 2385 5152 55)Τριὲ
2417 5079 2540 5134 νοῦν
2567 5065 2716 5152 deest
2746 5077 2798 5152 in
2821 5072 3043 5152 Seguer.
3064 5065 3279 5124 Gobler.
3307 5077 3360 5121 et
3387 5065 3565 5121 Felclt.
3593 5067 3644 5121 1.

2162 5142 2251 5220 56)
2286 5147 2441 5205 Εἶναι
2472 5148 2716 5220 (ιεεξι-ἱιι
2755 5142 3106 5220 Segttei°iano:

2160 5206 2248 5290 57)
2280 5220 2529 5292 chucr.,
2556 5217 2772 5292 (jobler.
2815 5206 3103 5292 é'tj‘elcnl
3131 5250 3146 5275 ,
3173 5206 3250 5279 τῷ
3287 5207 3641 5292 δόντιτγΤειι.

2066 5277 2243 5360 Graec:
2275 5277 2474 5360 Script.
2517 5277 2595 5360 τῷ
2633 5285 2856 5360 διδόντι..
2881 5281 3182 5360 vulgataha
3207 5277 3297 5360 Qui
3329 5277 3645 5360 deditﬂlox

2085 5349 2413 5432 Seguernou'
2446 5349 2621 5432 κοινὸν
2654 5359 2766 5432 τοῖς
2806 5349 3075 5407 εὐσεϐέσι.
3110 5349 3330 5413 Ibidem,
3360 5349 3639 5420 Anglican.

2072 5425 2352 5503 νομισθείη
2374 5445 2474 5500 pro
2502 5425 2738 5503 νοηθείη.

2142 5487 2256 5572 (58)
2287 5487 2533 5572 δὲιξιιρξνη
2561 5487 3056 5572 οξύκμάνθρωπίνῃν
3111 5490 3417 5572 ἀσθένειαν.
3451 5487 3606 5572 _lufra
3625 5528 3641 5547 .

2071 5559 2206 5634 haec,
2239 5559 2544 5632 ’καὶοῦτως
2577 5567 2642 5620 ἂν
2675 5559 2883 5633 λέγοιτο
2929 5559 3166 5625 τέλειος,
3215 5571 3346 5634 εις..
3378 5559 3646 5634 habentur

2070 5629 2211 5764 εἰρυιί
2249 5629 2538 5762 ξλροηιίιιιιὶ
2571 5629 2794 5708 Βμαηί.
2835 5635 2928 5690 lib.
2977 5651 2992 5689 I
3033 5642 3216 5686 contra
3261 5629 3572 5704 Nestorium
3594 5639 3644 5682 et

2126 5721 2365 5764 utuccen.

2126 5728 2365 5781 utycnen.
