  <div class='ocr_page' id='page_1' title='image "/cluster/home/n/w/nwhite01/storage/ocr_20150623/26/mdp.39015019958456/579.png"; bbox 0 0 3992 6230; ppageno 0'>
   <div class='ocr_carea' id='block_1_1' title="bbox 406 397 540 454">
    <p class='ocr_par' dir='ltr' id='par_1_1' title="bbox 406 397 540 454">
     <span class='ocr_line' id='line_1_1' title="bbox 406 397 540 454; baseline 0.022 -3"><span class='ocrx_word' id='word_1_1' title='bbox 406 397 540 454; x_wconf 66' lang='grc'><strong>1125</strong></span> 
     </span>
    </p>
   </div>
   <div class='ocr_carea' id='block_1_2' title="bbox 995 380 2985 451">
    <p class='ocr_par' dir='ltr' id='par_1_2' title="bbox 995 380 2985 451">
     <span class='ocr_line' id='line_1_2' title="bbox 995 380 2985 451; baseline -0.008 0"><span class='ocrx_word' id='word_1_2' title='bbox 995 396 1053 451; x_wconf 90' lang='lat' dir='ltr'><strong>S.</strong></span> <span class='ocrx_word' id='word_1_3' title='bbox 1090 393 1455 449; x_wconf 66' lang='lat' dir='ltr'><strong>ATHANASH</strong></span> <span class='ocrx_word' id='word_1_4' title='bbox 1494 392 1642 448; x_wconf 82' lang='lat' dir='ltr'><strong>OPP.</strong></span> <span class='ocrx_word' id='word_1_5' title='bbox 1684 387 1863 444; x_wconf 71' lang='lat' dir='ltr'><strong>PARS</strong></span> <span class='ocrx_word' id='word_1_6' title='bbox 1891 385 2017 439; x_wconf 86' lang='grc'><strong>1.-</strong></span> <span class='ocrx_word' id='word_1_7' title='bbox 2048 380 2412 438; x_wconf 78' lang='lat' dir='ltr'><strong>HISTORICA</strong></span> <span class='ocrx_word' id='word_1_8' title='bbox 2448 381 2536 437; x_wconf 83' lang='grc' dir='ltr'>ΕΤ</span> <span class='ocrx_word' id='word_1_9' title='bbox 2567 381 2985 438; x_wconf 72' lang='lat' dir='ltr'><strong>DOGMATICA.</strong></span> 
     </span>
    </p>
   </div>
   <div class='ocr_carea' id='block_1_3' title="bbox 3486 384 3621 439">
    <p class='ocr_par' dir='ltr' id='par_1_3' title="bbox 3486 384 3621 439">
     <span class='ocr_line' id='line_1_3' title="bbox 3486 384 3621 439; baseline 0.015 -2"><span class='ocrx_word' id='word_1_10' title='bbox 3486 384 3621 439; x_wconf 66' lang='grc'><strong>1121</strong></span> 
     </span>
    </p>
   </div>
   <div class='ocr_carea' id='block_1_4' title="bbox 399 497 1960 582">
    <p class='ocr_par' dir='ltr' id='par_1_4' title="bbox 399 504 1955 582">
     <span class='ocr_line' id='line_1_4' title="bbox 399 504 1955 582; baseline -0.004 -16"><span class='ocrx_word' id='word_1_11' title='bbox 399 512 559 573; x_wconf 84' lang='lat' dir='ltr'><strong>Deus.</strong></span> <span class='ocrx_word' id='word_1_12' title='bbox 588 518 642 566; x_wconf 89' lang='lat' dir='ltr'><strong>et</strong></span> <span class='ocrx_word' id='word_1_13' title='bbox 665 509 936 581; x_wconf 79' lang='lat' dir='ltr'><strong>perfectus</strong></span> <span class='ocrx_word' id='word_1_14' title='bbox 960 512 1125 566; x_wconf 87' lang='lat' dir='ltr'><strong>homo</strong></span> <span class='ocrx_word' id='word_1_15' title='bbox 1154 530 1167 566; x_wconf 89' lang='lat'><strong>:</strong></span> <span class='ocrx_word' id='word_1_16' title='bbox 1194 525 1301 566; x_wconf 90' lang='lat' dir='ltr'><strong>non</strong></span> <span class='ocrx_word' id='word_1_17' title='bbox 1325 510 1470 582; x_wconf 91' lang='lat' dir='ltr'><strong>quod</strong></span> <span class='ocrx_word' id='word_1_18' title='bbox 1494 509 1673 564; x_wconf 86' lang='lat' dir='ltr'><strong>divina</strong></span> <span class='ocrx_word' id='word_1_19' title='bbox 1699 504 1955 578; x_wconf 78' lang='lat' dir='ltr'><strong>perfectio</strong></span> 
     </span>
    </p>
   </div>
   <div class='ocr_carea' id='block_1_5' title="bbox 2064 497 3624 582">
    <p class='ocr_par' dir='ltr' id='par_1_5' title="bbox 2064 497 3624 573">
     <span class='ocr_line' id='line_1_5' title="bbox 2064 497 3624 573; baseline -0.001 -21"><span class='ocrx_word' id='word_1_20' title='bbox 2064 500 2325 573; x_wconf 67' lang='grc' dir='ltr'>λειότητος</span> <span class='ocrx_word' id='word_1_21' title='bbox 2352 501 2431 564; x_wconf 75' lang='grc' dir='ltr'><strong>εἰς</strong></span> <span class='ocrx_word' id='word_1_22' title='bbox 2451 498 2794 569; x_wconf 71' lang='grc' dir='ltr'><strong>ἀνθρωπίνην</strong></span> <span class='ocrx_word' id='word_1_23' title='bbox 2814 498 3121 568; x_wconf 77' lang='grc' dir='ltr'>τελειότητα</span> <span class='ocrx_word' id='word_1_24' title='bbox 3151 497 3624 569; x_wconf 79' lang='grc' dir='ltr'>μεταποιηθείσης,</span> 
     </span>
    </p>
   </div>
   <div class='ocr_carea' id='block_1_6' title="bbox 394 598 1958 673">
    <p class='ocr_par' dir='ltr' id='par_1_6' title="bbox 394 598 1958 673">
     <span class='ocr_line' id='line_1_6' title="bbox 394 598 1958 673; baseline -0.005 -14"><span class='ocrx_word' id='word_1_25' title='bbox 394 605 451 659; x_wconf 90' lang='lat' dir='ltr'><strong>in</strong></span> <span class='ocrx_word' id='word_1_26' title='bbox 472 603 767 659; x_wconf 84' lang='lat' dir='ltr'><strong>humanam</strong></span> <span class='ocrx_word' id='word_1_27' title='bbox 800 601 1186 673; x_wconf 77' lang='lat' dir='ltr'><strong>perfectionem</strong></span> <span class='ocrx_word' id='word_1_28' title='bbox 1212 610 1420 657; x_wconf 84' lang='lat' dir='ltr'><strong>mutata</strong></span> <span class='ocrx_word' id='word_1_29' title='bbox 1447 602 1541 668; x_wconf 85' lang='lat' dir='ltr'><strong>sit,</strong></span> <span class='ocrx_word' id='word_1_30' title='bbox 1564 600 1708 671; x_wconf 89' lang='lat' dir='ltr'><strong>quod</strong></span> <span class='ocrx_word' id='word_1_31' title='bbox 1735 598 1958 668; x_wconf 85' lang='lat' dir='ltr'><strong>impium</strong></span> 
     </span>
    </p>
   </div>
   <div class='ocr_carea' id='block_1_7' title="bbox 395 691 1962 764">
    <p class='ocr_par' dir='ltr' id='par_1_7' title="bbox 395 691 1962 764">
     <span class='ocr_line' id='line_1_7' title="bbox 395 691 1962 764; baseline -0.004 -14"><span class='ocrx_word' id='word_1_32' title='bbox 395 703 481 751; x_wconf 90' lang='lat' dir='ltr'><strong>est</strong></span> <span class='ocrx_word' id='word_1_33' title='bbox 508 696 687 751; x_wconf 83' lang='lat' dir='ltr'><strong>dicere</strong></span> <span class='ocrx_word' id='word_1_34' title='bbox 711 712 725 749; x_wconf 90' lang='lat'><strong>:</strong></span> <span class='ocrx_word' id='word_1_35' title='bbox 748 710 851 751; x_wconf 91' lang='lat' dir='ltr'><strong>nec</strong></span> <span class='ocrx_word' id='word_1_36' title='bbox 879 695 1042 751; x_wconf 91' lang='lat' dir='ltr'><strong>etiam</strong></span> <span class='ocrx_word' id='word_1_37' title='bbox 1062 736 1078 762; x_wconf 97' lang='lat'><strong>,</strong></span> <span class='ocrx_word' id='word_1_38' title='bbox 1106 694 1250 764; x_wconf 93' lang='lat' dir='ltr'><strong>quod</strong></span> <span class='ocrx_word' id='word_1_39' title='bbox 1283 695 1405 748; x_wconf 80' lang='lat' dir='ltr'><strong>duae</strong></span> <span class='ocrx_word' id='word_1_40' title='bbox 1441 691 1801 763; x_wconf 77' lang='lat' dir='ltr'><strong>perfectiones</strong></span> <span class='ocrx_word' id='word_1_41' title='bbox 1838 705 1870 744; x_wconf 88' lang='lat' dir='ltr'><strong>a</strong></span> <span class='ocrx_word' id='word_1_42' title='bbox 1901 704 1962 745; x_wconf 85' lang='lat' dir='ltr'><strong>se</strong></span> 
     </span>
    </p>
   </div>
   <div class='ocr_carea' id='block_1_8' title="bbox 395 781 1960 855">
    <p class='ocr_par' dir='ltr' id='par_1_8' title="bbox 395 781 1960 855">
     <span class='ocr_line' id='line_1_8' title="bbox 395 781 1960 855; baseline -0.003 -16"><span class='ocrx_word' id='word_1_43' title='bbox 395 785 626 840; x_wconf 86' lang='lat' dir='ltr'><strong>invicem</strong></span> <span class='ocrx_word' id='word_1_44' title='bbox 677 783 865 842; x_wconf 76' lang='lat' dir='ltr'><strong>divisae</strong></span> <span class='ocrx_word' id='word_1_45' title='bbox 904 785 1189 849; x_wconf 80' lang='lat' dir='ltr'><strong>dicantur,</strong></span> <span class='ocrx_word' id='word_1_46' title='bbox 1243 785 1388 855; x_wconf 91' lang='lat' dir='ltr'><strong>quod</strong></span> <span class='ocrx_word' id='word_1_47' title='bbox 1420 798 1450 837; x_wconf 94' lang='lat' dir='ltr'><strong>a</strong></span> <span class='ocrx_word' id='word_1_48' title='bbox 1483 783 1680 853; x_wconf 90' lang='lat' dir='ltr'><strong>pietate</strong></span> <span class='ocrx_word' id='word_1_49' title='bbox 1724 781 1960 836; x_wconf 86' lang='lat' dir='ltr'><strong>alienum</strong></span> 
     </span>
    </p>
   </div>
   <div class='ocr_carea' id='block_1_9' title="bbox 394 871 1963 947">
    <p class='ocr_par' dir='ltr' id='par_1_9' title="bbox 394 871 1963 947">
     <span class='ocr_line' id='line_1_9' title="bbox 394 871 1963 947; baseline -0.004 -16"><span class='ocrx_word' id='word_1_50' title='bbox 394 885 479 932; x_wconf 90' lang='lat' dir='ltr'><strong>est</strong></span> <span class='ocrx_word' id='word_1_51' title='bbox 505 892 520 930; x_wconf 91' lang='lat'><strong>:</strong></span> <span class='ocrx_word' id='word_1_52' title='bbox 554 891 730 947; x_wconf 90' lang='lat' dir='ltr'><strong>neque</strong></span> <span class='ocrx_word' id='word_1_53' title='bbox 759 892 854 947; x_wconf 88' lang='lat' dir='ltr'><strong>per</strong></span> <span class='ocrx_word' id='word_1_54' title='bbox 876 876 1271 932; x_wconf 86' lang='lat' dir='ltr'><strong>incrementum</strong></span> <span class='ocrx_word' id='word_1_55' title='bbox 1303 875 1541 939; x_wconf 89' lang='lat' dir='ltr'><strong>virtutis,</strong></span> <span class='ocrx_word' id='word_1_56' title='bbox 1566 882 1622 928; x_wconf 91' lang='lat' dir='ltr'><strong>et</strong></span> <span class='ocrx_word' id='word_1_57' title='bbox 1651 871 1963 928; x_wconf 85' lang='lat' dir='ltr'><strong>accessione</strong></span> 
     </span>
    </p>
   </div>
   <div class='ocr_carea' id='block_1_10' title="bbox 391 965 1964 1041">
    <p class='ocr_par' dir='ltr' id='par_1_10' title="bbox 391 965 1964 1041">
     <span class='ocr_line' id='line_1_10' title="bbox 391 965 1964 1041; baseline -0.002 -18"><span class='ocrx_word' id='word_1_58' title='bbox 391 970 647 1041; x_wconf 71' lang='lat' dir='ltr'><strong>justitiae,</strong></span> <span class='ocrx_word' id='word_1_59' title='bbox 680 970 857 1026; x_wconf 84' lang='lat' dir='ltr'><strong>absit!</strong></span> <span class='ocrx_word' id='word_1_60' title='bbox 901 970 994 1026; x_wconf 92' lang='lat' dir='ltr'><strong>sed</strong></span> <span class='ocrx_word' id='word_1_61' title='bbox 1026 970 1237 1025; x_wconf 88' lang='lat' dir='ltr'><strong>ratione</strong></span> <span class='ocrx_word' id='word_1_62' title='bbox 1266 969 1596 1025; x_wconf 64' lang='lat' dir='ltr'><strong>exsistentia:</strong></span> <span class='ocrx_word' id='word_1_63' title='bbox 1648 965 1964 1022; x_wconf 83' lang='lat' dir='ltr'><strong>indeiicien-</strong></span> 
     </span>
    </p>
   </div>
   <div class='ocr_carea' id='block_1_11' title="bbox 394 1063 1959 1137">
    <p class='ocr_par' dir='ltr' id='par_1_11' title="bbox 394 1063 1959 1137">
     <span class='ocr_line' id='line_1_11' title="bbox 394 1063 1959 1137; baseline -0.001 -17"><span class='ocrx_word' id='word_1_64' title='bbox 394 1066 487 1122; x_wconf 90' lang='lat' dir='ltr'><strong>tis.</strong></span> <span class='ocrx_word' id='word_1_65' title='bbox 522 1064 593 1121; x_wconf 87' lang='lat' dir='ltr'><strong>Ut</strong></span> <span class='ocrx_word' id='word_1_66' title='bbox 622 1076 849 1137; x_wconf 84' lang='lat' dir='ltr'><strong>utraque</strong></span> <span class='ocrx_word' id='word_1_67' title='bbox 892 1081 1034 1121; x_wconf 89' lang='lat' dir='ltr'><strong>unus</strong></span> <span class='ocrx_word' id='word_1_68' title='bbox 1062 1065 1192 1129; x_wconf 88' lang='lat' dir='ltr'><strong>sint,</strong></span> <span class='ocrx_word' id='word_1_69' title='bbox 1222 1065 1447 1119; x_wconf 91' lang='lat' dir='ltr'><strong>omnino</strong></span> <span class='ocrx_word' id='word_1_70' title='bbox 1472 1063 1744 1136; x_wconf 79' lang='lat' dir='ltr'><strong>perfectus</strong></span> <span class='ocrx_word' id='word_1_71' title='bbox 1763 1103 1778 1129; x_wconf 90' lang='lat'><strong>,</strong></span> <span class='ocrx_word' id='word_1_72' title='bbox 1818 1063 1959 1118; x_wconf 89' lang='lat' dir='ltr'><strong>idem</strong></span> 
     </span>
    </p>
   </div>
   <div class='ocr_carea' id='block_1_12' title="bbox 396 1152 1962 1214">
    <p class='ocr_par' dir='ltr' id='par_1_12' title="bbox 396 1152 1962 1214">
     <span class='ocr_line' id='line_1_12' title="bbox 396 1152 1962 1214; baseline -0.003 -4"><span class='ocrx_word' id='word_1_73' title='bbox 396 1155 540 1214; x_wconf 87' lang='lat' dir='ltr'><strong>Deus</strong></span> <span class='ocrx_word' id='word_1_74' title='bbox 571 1166 625 1214; x_wconf 90' lang='lat' dir='ltr'><strong>et</strong></span> <span class='ocrx_word' id='word_1_75' title='bbox 650 1158 829 1213; x_wconf 87' lang='lat' dir='ltr'><strong>homo.</strong></span> <span class='ocrx_word' id='word_1_76' title='bbox 859 1155 993 1212; x_wconf 87' lang='lat' dir='ltr'><strong>Nam</strong></span> <span class='ocrx_word' id='word_1_77' title='bbox 1021 1156 1220 1211; x_wconf 91' lang='lat' dir='ltr'><strong>idcirco</strong></span> <span class='ocrx_word' id='word_1_78' title='bbox 1237 1154 1496 1211; x_wconf 84' lang='lat' dir='ltr'><strong>Dominus</strong></span> <span class='ocrx_word' id='word_1_79' title='bbox 1517 1154 1728 1211; x_wconf 90' lang='lat' dir='ltr'><strong>dicebat</strong></span> <span class='ocrx_word' id='word_1_80' title='bbox 1759 1172 1772 1209; x_wconf 91' lang='lat'><strong>:</strong></span> <span class='ocrx_word' id='word_1_81' title='bbox 1806 1152 1962 1208; x_wconf 85' lang='lat' dir='ltr'><strong>Nunc</strong></span> 
     </span>
    </p>
   </div>
   <div class='ocr_carea' id='block_1_13' title="bbox 395 1240 1959 1314">
    <p class='ocr_par' dir='ltr' id='par_1_13' title="bbox 395 1240 1959 1314">
     <span class='ocr_line' id='line_1_13' title="bbox 395 1240 1959 1314; baseline -0.001 -11"><span class='ocrx_word' id='word_1_82' title='bbox 395 1250 576 1304; x_wconf 80' lang='lat' dir='ltr'><strong>anima</strong></span> <span class='ocrx_word' id='word_1_83' title='bbox 606 1266 718 1305; x_wconf 80' lang='lat' dir='ltr'><strong>mea</strong></span> <span class='ocrx_word' id='word_1_84' title='bbox 752 1249 963 1302; x_wconf 87' lang='lat' dir='ltr'><strong>turbata</strong></span> <span class='ocrx_word' id='word_1_85' title='bbox 997 1259 1094 1303; x_wconf 78' lang='lat' dir='ltr'><strong>est.</strong></span> <span class='ocrx_word' id='word_1_86' title='bbox 1147 1240 1279 1302; x_wconf 84' lang='lat' dir='ltr'><strong>illud</strong></span> <span class='ocrx_word' id='word_1_87' title='bbox 1314 1258 1493 1303; x_wconf 89' lang='lat' dir='ltr'><strong>autem</strong></span> <span class='ocrx_word' id='word_1_88' title='bbox 1517 1290 1530 1314; x_wconf 92' lang='lat'><strong>,</strong></span> <span class='ocrx_word' id='word_1_89' title='bbox 1563 1264 1698 1301; x_wconf 85' lang='lat' dir='ltr'><strong>nunc</strong></span> <span class='ocrx_word' id='word_1_90' title='bbox 1719 1287 1733 1309; x_wconf 89' lang='lat'><strong>,</strong></span> <span class='ocrx_word' id='word_1_91' title='bbox 1775 1247 1825 1302; x_wconf 90' lang='lat' dir='ltr'><strong>id</strong></span> <span class='ocrx_word' id='word_1_92' title='bbox 1856 1255 1959 1314; x_wconf 92' lang='lat' dir='ltr'><strong>est,</strong></span> 
     </span>
    </p>
   </div>
   <div class='ocr_carea' id='block_1_14' title="bbox 395 1335 1958 1410">
    <p class='ocr_par' dir='ltr' id='par_1_14' title="bbox 395 1335 1958 1410">
     <span class='ocr_line' id='line_1_14' title="bbox 395 1335 1958 1410; baseline -0.003 -16"><span class='ocrx_word' id='word_1_93' title='bbox 395 1354 520 1395; x_wconf 92' lang='lat' dir='ltr'><strong>cum</strong></span> <span class='ocrx_word' id='word_1_94' title='bbox 549 1339 668 1410; x_wconf 92' lang='lat' dir='ltr'><strong>ipse</strong></span> <span class='ocrx_word' id='word_1_95' title='bbox 697 1340 881 1394; x_wconf 90' lang='lat' dir='ltr'><strong>voluit.</strong></span> <span class='ocrx_word' id='word_1_96' title='bbox 930 1338 998 1393; x_wconf 85' lang='lat' dir='ltr'><strong>At</strong></span> <span class='ocrx_word' id='word_1_97' title='bbox 1028 1350 1201 1405; x_wconf 88' lang='lat' dir='ltr'><strong>certe,</strong></span> <span class='ocrx_word' id='word_1_98' title='bbox 1232 1339 1379 1409; x_wconf 89' lang='lat' dir='ltr'><strong>quod</strong></span> <span class='ocrx_word' id='word_1_99' title='bbox 1410 1346 1559 1404; x_wconf 89' lang='lat' dir='ltr'><strong>erat,</strong></span> <span class='ocrx_word' id='word_1_100' title='bbox 1585 1335 1958 1409; x_wconf 81' lang='lat' dir='ltr'><strong>signiﬁcabat;</strong></span> 
     </span>
    </p>
   </div>
   <div class='ocr_carea' id='block_1_15' title="bbox 395 1430 1960 1500">
    <p class='ocr_par' dir='ltr' id='par_1_15' title="bbox 395 1430 1960 1500">
     <span class='ocr_line' id='line_1_15' title="bbox 395 1430 1960 1500; baseline -0.003 -14"><span class='ocrx_word' id='word_1_101' title='bbox 395 1448 509 1488; x_wconf 88' lang='lat' dir='ltr'><strong>rem</strong></span> <span class='ocrx_word' id='word_1_102' title='bbox 538 1432 682 1488; x_wconf 88' lang='lat' dir='ltr'><strong>enim</strong></span> <span class='ocrx_word' id='word_1_103' title='bbox 720 1445 827 1485; x_wconf 91' lang='lat' dir='ltr'><strong>non</strong></span> <span class='ocrx_word' id='word_1_104' title='bbox 864 1431 1252 1497; x_wconf 84' lang='lat' dir='ltr'><strong>exsistentem,</strong></span> <span class='ocrx_word' id='word_1_105' title='bbox 1288 1430 1444 1500; x_wconf 90' lang='lat' dir='ltr'><strong>quasi</strong></span> <span class='ocrx_word' id='word_1_106' title='bbox 1466 1437 1785 1499; x_wconf 61' lang='lat' dir='ltr'><strong>praesentem</strong></span> <span class='ocrx_word' id='word_1_107' title='bbox 1818 1444 1960 1483; x_wconf 90' lang='lat' dir='ltr'><strong>nun-</strong></span> 
     </span>
    </p>
   </div>
   <div class='ocr_carea' id='block_1_16' title="bbox 396 1518 1960 1595">
    <p class='ocr_par' dir='ltr' id='par_1_16' title="bbox 396 1518 1960 1595">
     <span class='ocr_line' id='line_1_16' title="bbox 396 1518 1960 1595; baseline -0.004 -16"><span class='ocrx_word' id='word_1_108' title='bbox 396 1539 559 1595; x_wconf 89' lang='lat' dir='ltr'><strong>quam</strong></span> <span class='ocrx_word' id='word_1_109' title='bbox 590 1523 964 1577; x_wconf 89' lang='lat' dir='ltr'><strong>nominasset:</strong></span> <span class='ocrx_word' id='word_1_110' title='bbox 991 1537 1091 1578; x_wconf 91' lang='lat' dir='ltr'><strong>nec</strong></span> <span class='ocrx_word' id='word_1_111' title='bbox 1127 1522 1284 1593; x_wconf 89' lang='lat' dir='ltr'><strong>quasi</strong></span> <span class='ocrx_word' id='word_1_112' title='bbox 1313 1523 1380 1577; x_wconf 92' lang='lat' dir='ltr'><strong>de</strong></span> <span class='ocrx_word' id='word_1_113' title='bbox 1423 1521 1620 1587; x_wconf 86' lang='lat' dir='ltr'><strong>rebus,</strong></span> <span class='ocrx_word' id='word_1_114' title='bbox 1663 1518 1799 1590; x_wconf 66' lang='lat' dir='ltr'><strong>quae}</strong></span> <span class='ocrx_word' id='word_1_115' title='bbox 1844 1520 1960 1575; x_wconf 84' lang='lat' dir='ltr'><strong>sola</strong></span> 
     </span>
    </p>
   </div>
   <div class='ocr_carea' id='block_1_17' title="bbox 396 1611 1960 1686">
    <p class='ocr_par' dir='ltr' id='par_1_17' title="bbox 396 1611 1960 1686">
     <span class='ocr_line' id='line_1_17' title="bbox 396 1611 1960 1686; baseline -0.004 -16"><span class='ocrx_word' id='word_1_116' title='bbox 396 1615 576 1686; x_wconf 88' lang='lat' dir='ltr'><strong>specie</strong></span> <span class='ocrx_word' id='word_1_117' title='bbox 628 1614 971 1680; x_wconf 78' lang='lat' dir='ltr'><strong>exsisterent,</strong></span> <span class='ocrx_word' id='word_1_118' title='bbox 1018 1626 1198 1668; x_wconf 87' lang='lat' dir='ltr'><strong>sermo</strong></span> <span class='ocrx_word' id='word_1_119' title='bbox 1249 1611 1547 1667; x_wconf 89' lang='lat' dir='ltr'><strong>habebatur</strong></span> <span class='ocrx_word' id='word_1_120' title='bbox 1595 1629 1610 1666; x_wconf 89' lang='lat'><strong>:</strong></span> <span class='ocrx_word' id='word_1_121' title='bbox 1649 1611 1767 1666; x_wconf 59' lang='lat' dir='ltr'><strong>haec</strong></span> <span class='ocrx_word' id='word_1_122' title='bbox 1814 1611 1960 1665; x_wconf 90' lang='lat' dir='ltr'><strong>enim</strong></span> 
     </span>
    </p>
   </div>
   <div class='ocr_carea' id='block_1_18' title="bbox 394 1708 1565 1777">
    <p class='ocr_par' dir='ltr' id='par_1_18' title="bbox 394 1708 1565 1777">
     <span class='ocr_line' id='line_1_18' title="bbox 394 1708 1565 1777; baseline -0.006 -13"><span class='ocrx_word' id='word_1_123' title='bbox 394 1709 578 1764; x_wconf 90' lang='lat' dir='ltr'><strong>omnia</strong></span> <span class='ocrx_word' id='word_1_124' title='bbox 610 1708 926 1763; x_wconf 87' lang='lat' dir='ltr'><strong>naturaliter</strong></span> <span class='ocrx_word' id='word_1_125' title='bbox 951 1715 1005 1764; x_wconf 90' lang='lat' dir='ltr'><strong>et</strong></span> <span class='ocrx_word' id='word_1_126' title='bbox 1037 1722 1222 1763; x_wconf 85' lang='lat' dir='ltr'><strong>revera</strong></span> <span class='ocrx_word' id='word_1_127' title='bbox 1250 1713 1398 1777; x_wconf 87' lang='lat' dir='ltr'><strong>gesta</strong></span> <span class='ocrx_word' id='word_1_128' title='bbox 1420 1714 1565 1761; x_wconf 87' lang='lat' dir='ltr'><strong>sunt.</strong></span> 
     </span>
    </p>
   </div>
   <div class='ocr_carea' id='block_1_19' title="bbox 468 1787 1959 1868">
    <p class='ocr_par' dir='ltr' id='par_1_19' title="bbox 468 1787 1959 1868">
     <span class='ocr_line' id='line_1_19' title="bbox 468 1787 1959 1868; baseline -0.004 -15"><span class='ocrx_word' id='word_1_129' title='bbox 468 1799 553 1855; x_wconf 88' lang='grc'><strong>17.</strong></span> <span class='ocrx_word' id='word_1_130' title='bbox 589 1795 726 1853; x_wconf 90' lang='lat' dir='ltr'><strong>Cum</strong></span> <span class='ocrx_word' id='word_1_131' title='bbox 778 1797 941 1868; x_wconf 80' lang='lat' dir='ltr'><strong>igitur</strong></span> <span class='ocrx_word' id='word_1_132' title='bbox 984 1787 1194 1851; x_wconf 67' lang='lat' dir='ltr'><strong>natura&#39;</strong></span> <span class='ocrx_word' id='word_1_133' title='bbox 1213 1802 1268 1850; x_wconf 90' lang='lat' dir='ltr'><strong>et</strong></span> <span class='ocrx_word' id='word_1_134' title='bbox 1309 1809 1419 1850; x_wconf 89' lang='lat' dir='ltr'><strong>non</strong></span> <span class='ocrx_word' id='word_1_135' title='bbox 1451 1792 1667 1850; x_wconf 83' lang='lat' dir='ltr'><strong>ﬁctione</strong></span> <span class='ocrx_word' id='word_1_136' title='bbox 1694 1790 1959 1847; x_wconf 90' lang='lat' dir='ltr'><strong>Dominus</strong></span> 
     </span>
    </p>
   </div>
   <div class='ocr_carea' id='block_1_20' title="bbox 2063 588 3625 661">
    <p class='ocr_par' dir='ltr' id='par_1_20' title="bbox 2063 588 3625 661">
     <span class='ocr_line' id='line_1_20' title="bbox 2063 588 3625 661; baseline -0.001 -17"><span class='ocrx_word' id='word_1_137' title='bbox 2063 593 2092 644; x_wconf 79' lang='grc' dir='ltr'><strong>ὅ</strong></span> <span class='ocrx_word' id='word_1_138' title='bbox 2121 594 2264 645; x_wconf 73' lang='grc' dir='ltr'>ἐστιν</span> <span class='ocrx_word' id='word_1_139' title='bbox 2301 590 2514 654; x_wconf 75' lang='grc' dir='ltr'>ἀσεϐές·</span> <span class='ocrx_word' id='word_1_140' title='bbox 2546 588 2668 643; x_wconf 80' lang='grc' dir='ltr'>οὕτε</span> <span class='ocrx_word' id='word_1_141' title='bbox 2700 590 2803 660; x_wconf 78' lang='grc' dir='ltr'>μὴν</span> <span class='ocrx_word' id='word_1_142' title='bbox 2832 591 2907 652; x_wconf 79' lang='grc' dir='ltr'>ὡς</span> <span class='ocrx_word' id='word_1_143' title='bbox 2940 589 3032 641; x_wconf 85' lang='grc' dir='ltr'><strong>δύο</strong></span> <span class='ocrx_word' id='word_1_144' title='bbox 3085 590 3434 661; x_wconf 85' lang='grc' dir='ltr'>τελειοτήτων</span> <span class='ocrx_word' id='word_1_145' title='bbox 3490 591 3625 644; x_wconf 80' lang='grc' dir='ltr'><strong>κατά</strong></span> 
     </span>
    </p>
   </div>
   <div class='ocr_carea' id='block_1_21' title="bbox 2061 679 3626 754">
    <p class='ocr_par' dir='ltr' id='par_1_21' title="bbox 2061 679 3626 754">
     <span class='ocr_line' id='line_1_21' title="bbox 2061 679 3626 754; baseline -0.003 -17"><span class='ocrx_word' id='word_1_146' title='bbox 2061 683 2322 754; x_wconf 74' lang='grc' dir='ltr'>διαίρεσιν</span> <span class='ocrx_word' id='word_1_147' title='bbox 2378 680 2844 752; x_wconf 81' lang='grc' dir='ltr'>ὁμολογουμένων,</span> <span class='ocrx_word' id='word_1_148' title='bbox 2894 681 2923 733; x_wconf 82' lang='grc' dir='ltr'>ὅ</span> <span class='ocrx_word' id='word_1_149' title='bbox 2960 681 3108 732; x_wconf 74' lang='grc' dir='ltr'>ἐστιν</span> <span class='ocrx_word' id='word_1_150' title='bbox 3157 679 3435 752; x_wconf 79' lang='grc' dir='ltr'>ἀλλότριον</span> <span class='ocrx_word' id='word_1_151' title='bbox 3475 681 3626 733; x_wconf 70' lang='grc' dir='ltr'>εὐσε-</span> 
     </span>
    </p>
   </div>
   <div class='ocr_carea' id='block_1_22' title="bbox 2063 770 3628 843">
    <p class='ocr_par' dir='ltr' id='par_1_22' title="bbox 2063 770 3628 843">
     <span class='ocr_line' id='line_1_22' title="bbox 2063 770 3628 843; baseline -0.003 -16"><span class='ocrx_word' id='word_1_152' title='bbox 2063 774 2232 838; x_wconf 75' lang='grc' dir='ltr'>ϐείας·</span> <span class='ocrx_word' id='word_1_153' title='bbox 2261 772 2384 828; x_wconf 67' lang='grc' dir='ltr'>οὗτε</span> <span class='ocrx_word' id='word_1_154' title='bbox 2412 775 2468 827; x_wconf 87' lang='grc' dir='ltr'>δὲ</span> <span class='ocrx_word' id='word_1_155' title='bbox 2492 773 2630 826; x_wconf 82' lang='grc' dir='ltr'><strong>κατά</strong></span> <span class='ocrx_word' id='word_1_156' title='bbox 2648 771 2926 843; x_wconf 79' lang='grc' dir='ltr'>προκοπὴν</span> <span class='ocrx_word' id='word_1_157' title='bbox 2949 770 3170 842; x_wconf 77' lang='grc' dir='ltr'>ἀρετῆς,</span> <span class='ocrx_word' id='word_1_158' title='bbox 3199 772 3293 824; x_wconf 70' lang='grc' dir='ltr'><strong>καὶ</strong></span> <span class='ocrx_word' id='word_1_159' title='bbox 3330 770 3628 842; x_wconf 70' lang='grc' dir='ltr'><strong>πρόσληψιν</strong></span> 
     </span>
    </p>
   </div>
   <div class='ocr_carea' id='block_1_23' title="bbox 2061 861 3631 936">
    <p class='ocr_par' dir='ltr' id='par_1_23' title="bbox 2061 861 3631 936">
     <span class='ocr_line' id='line_1_23' title="bbox 2061 861 3631 936; baseline -0.002 -18"><span class='ocrx_word' id='word_1_160' title='bbox 2061 865 2422 936; x_wconf 76' lang='grc' dir='ltr'><strong>δικαιοσύνης,</strong></span> <span class='ocrx_word' id='word_1_161' title='bbox 2462 863 2536 934; x_wconf 85' lang='grc' dir='ltr'>μὴ</span> <span class='ocrx_word' id='word_1_162' title='bbox 2572 863 2806 932; x_wconf 78' lang='grc' dir='ltr'>γένοιτοῑ</span> <span class='ocrx_word' id='word_1_163' title='bbox 2869 861 3003 915; x_wconf 82' lang='grc' dir='ltr'><strong>ἀλλά</strong></span> <span class='ocrx_word' id='word_1_164' title='bbox 3048 863 3166 916; x_wconf 83' lang='grc' dir='ltr'>καθ’</span> <span class='ocrx_word' id='word_1_165' title='bbox 3197 863 3429 935; x_wconf 78' lang='grc' dir='ltr'>ὓπαρξιν</span> <span class='ocrx_word' id='word_1_166' title='bbox 3480 863 3631 918; x_wconf 77' lang='grc' dir='ltr'>ἀνελο</span> 
     </span>
    </p>
   </div>
   <div class='ocr_carea' id='block_1_24' title="bbox 2063 950 3627 1030">
    <p class='ocr_par' dir='ltr' id='par_1_24' title="bbox 2063 950 3627 1030">
     <span class='ocr_line' id='line_1_24' title="bbox 2063 950 3627 1030; baseline -0.002 -19"><span class='ocrx_word' id='word_1_167' title='bbox 2063 957 2214 1028; x_wconf 81' lang='grc' dir='ltr'>λιπῆ·</span> <span class='ocrx_word' id='word_1_168' title='bbox 2253 957 2338 1010; x_wconf 78' lang='grc' dir='ltr'>ἵνα</span> <span class='ocrx_word' id='word_1_169' title='bbox 2384 950 2531 1030; x_wconf 77' lang='grc' dir='ltr'><strong>εἷςῇ</strong></span> <span class='ocrx_word' id='word_1_170' title='bbox 2580 954 2650 1009; x_wconf 89' lang='grc' dir='ltr'><strong>τά</strong></span> <span class='ocrx_word' id='word_1_171' title='bbox 2701 954 2957 1026; x_wconf 80' lang='grc' dir='ltr'>ἑκάτερα,</span> <span class='ocrx_word' id='word_1_172' title='bbox 2988 953 3189 1017; x_wconf 88' lang='grc' dir='ltr'>τέλειος</span> <span class='ocrx_word' id='word_1_173' title='bbox 3238 956 3381 1008; x_wconf 86' lang='grc' dir='ltr'><strong>κατά</strong></span> <span class='ocrx_word' id='word_1_174' title='bbox 3432 955 3627 1019; x_wconf 88' lang='grc' dir='ltr'>πάντα,</span> 
     </span>
    </p>
   </div>
   <div class='ocr_carea' id='block_1_25' title="bbox 2063 1045 3629 1119">
    <p class='ocr_par' dir='ltr' id='par_1_25' title="bbox 2063 1045 3629 1119">
     <span class='ocr_line' id='line_1_25' title="bbox 2063 1045 3629 1119; baseline -0.001 -18"><span class='ocrx_word' id='word_1_175' title='bbox 2063 1048 2196 1111; x_wconf 76' lang='grc' dir='ltr'>Θεὸς</span> <span class='ocrx_word' id='word_1_176' title='bbox 2219 1048 2314 1100; x_wconf 75' lang='grc' dir='ltr'><strong>καὶ</strong></span> <span class='ocrx_word' id='word_1_177' title='bbox 2341 1046 2620 1119; x_wconf 77' lang='grc' dir='ltr'>ἄνθρωπος</span> <span class='ocrx_word' id='word_1_178' title='bbox 2648 1048 2678 1101; x_wconf 91' lang='lat'><strong>6</strong></span> <span class='ocrx_word' id='word_1_179' title='bbox 2711 1046 2889 1109; x_wconf 85' lang='grc' dir='ltr'>αὑτός.</span> <span class='ocrx_word' id='word_1_180' title='bbox 2943 1046 3041 1099; x_wconf 82' lang='grc' dir='ltr'>Διά</span> <span class='ocrx_word' id='word_1_181' title='bbox 3070 1045 3226 1099; x_wconf 77' lang='grc' dir='ltr'>τοῦτο</span> <span class='ocrx_word' id='word_1_182' title='bbox 3255 1045 3363 1118; x_wconf 79' lang='grc' dir='ltr'>γὰρ</span> <span class='ocrx_word' id='word_1_183' title='bbox 3390 1046 3485 1099; x_wconf 72' lang='grc' dir='ltr'>καὶ</span> <span class='ocrx_word' id='word_1_184' title='bbox 3518 1046 3629 1118; x_wconf 81' lang='grc'>(59)</span> 
     </span>
    </p>
   </div>
   <div class='ocr_carea' id='block_1_26' title="bbox 2062 1134 3629 1210">
    <p class='ocr_par' dir='ltr' id='par_1_26' title="bbox 2062 1134 3629 1210">
     <span class='ocr_line' id='line_1_26' title="bbox 2062 1134 3629 1210; baseline -0.001 -18"><span class='ocrx_word' id='word_1_185' title='bbox 2062 1141 2091 1191; x_wconf 97' lang='lat'><strong>6</strong></span> <span class='ocrx_word' id='word_1_186' title='bbox 2116 1137 2318 1210; x_wconf 84' lang='grc' dir='ltr'>Κύριος</span> <span class='ocrx_word' id='word_1_187' title='bbox 2366 1137 2552 1205; x_wconf 76' lang='grc' dir='ltr'>έλεγε’</span> <span class='ocrx_word' id='word_1_188' title='bbox 2608 1135 2736 1192; x_wconf 80' lang='grc' dir='ltr'><strong>Νῦν</strong></span> <span class='ocrx_word' id='word_1_189' title='bbox 2772 1138 2811 1205; x_wconf 78' lang='grc' dir='ltr'><strong><em>ἠ</em></strong></span> <span class='ocrx_word' id='word_1_190' title='bbox 2863 1134 3032 1204; x_wconf 64' lang='grc' dir='ltr'><strong>ψυχή</strong></span> <span class='ocrx_word' id='word_1_191' title='bbox 3079 1153 3197 1205; x_wconf 83' lang='grc' dir='ltr'><strong>μου</strong></span> <span class='ocrx_word' id='word_1_192' title='bbox 3261 1135 3629 1206; x_wconf 81' lang='grc' dir='ltr'><strong>τετάρακται,</strong></span> 
     </span>
    </p>
   </div>
   <div class='ocr_carea' id='block_1_27' title="bbox 2062 1226 3631 1293">
    <p class='ocr_par' dir='ltr' id='par_1_27' title="bbox 2062 1226 3631 1293">
     <span class='ocr_line' id='line_1_27' title="bbox 2062 1226 3631 1293; baseline -0.001 -10"><span class='ocrx_word' id='word_1_193' title='bbox 2062 1231 2158 1283; x_wconf 73' lang='grc' dir='ltr'><strong>καὶ</strong></span> <span class='ocrx_word' id='word_1_194' title='bbox 2193 1230 2495 1293; x_wconf 82' lang='grc' dir='ltr'>κατώδυνός</span> <span class='ocrx_word' id='word_1_195' title='bbox 2541 1230 2677 1281; x_wconf 76' lang='grc' dir='ltr'>ἐστι.</span> <span class='ocrx_word' id='word_1_196' title='bbox 2730 1226 2804 1279; x_wconf 84' lang='grc' dir='ltr'>Τὸ</span> <span class='ocrx_word' id='word_1_197' title='bbox 2845 1226 2902 1279; x_wconf 85' lang='grc' dir='ltr'>δὲ</span> <span class='ocrx_word' id='word_1_198' title='bbox 2961 1226 3097 1291; x_wconf 81' lang='grc' dir='ltr'><strong>νῦν,</strong></span> <span class='ocrx_word' id='word_1_199' title='bbox 3164 1227 3307 1281; x_wconf 82' lang='grc' dir='ltr'>τοῦτ’</span> <span class='ocrx_word' id='word_1_200' title='bbox 3332 1228 3499 1293; x_wconf 73' lang='grc' dir='ltr'>ἐστιν,</span> <span class='ocrx_word' id='word_1_201' title='bbox 3542 1230 3631 1282; x_wconf 80' lang='grc' dir='ltr'>ὅτε</span> 
     </span>
    </p>
   </div>
   <div class='ocr_carea' id='block_1_28' title="bbox 2061 1317 3633 1392">
    <p class='ocr_par' dir='ltr' id='par_1_28' title="bbox 2061 1317 3633 1392">
     <span class='ocr_line' id='line_1_28' title="bbox 2061 1317 3633 1392; baseline -0.001 -19"><span class='ocrx_word' id='word_1_202' title='bbox 2061 1319 2345 1391; x_wconf 74' lang='grc' dir='ltr'>ἠθέλησεν.</span> <span class='ocrx_word' id='word_1_203' title='bbox 2378 1320 2567 1391; x_wconf 83' lang='grc' dir='ltr'><strong>Ὅμως</strong></span> <span class='ocrx_word' id='word_1_204' title='bbox 2599 1319 2781 1391; x_wconf 89' lang='grc' dir='ltr'>μέντοι</span> <span class='ocrx_word' id='word_1_205' title='bbox 2838 1318 2902 1371; x_wconf 82' lang='grc' dir='ltr'><strong>τὸ</strong></span> <span class='ocrx_word' id='word_1_206' title='bbox 2931 1317 2991 1371; x_wconf 76' lang='grc' dir='ltr'>ὃν</span> <span class='ocrx_word' id='word_1_207' title='bbox 3019 1318 3383 1371; x_wconf 76' lang='grc' dir='ltr'>ἐπεδείκνυτο·</span> <span class='ocrx_word' id='word_1_208' title='bbox 3416 1319 3478 1371; x_wconf 87' lang='grc' dir='ltr'><strong>οὐ</strong></span> <span class='ocrx_word' id='word_1_209' title='bbox 3524 1321 3633 1392; x_wconf 81' lang='grc' dir='ltr'>γὰρ</span> 
     </span>
    </p>
   </div>
   <div class='ocr_carea' id='block_1_29' title="bbox 2061 1408 3632 1481">
    <p class='ocr_par' dir='ltr' id='par_1_29' title="bbox 2061 1408 3632 1481">
     <span class='ocr_line' id='line_1_29' title="bbox 2061 1408 3632 1481; baseline 0 -19"><span class='ocrx_word' id='word_1_210' title='bbox 2061 1410 2123 1463; x_wconf 79' lang='grc' dir='ltr'><strong>τὸ</strong></span> <span class='ocrx_word' id='word_1_211' title='bbox 2152 1412 2226 1481; x_wconf 85' lang='grc' dir='ltr'>μὴ</span> <span class='ocrx_word' id='word_1_212' title='bbox 2255 1410 2314 1463; x_wconf 85' lang='grc' dir='ltr'>ὃν</span> <span class='ocrx_word' id='word_1_213' title='bbox 2344 1409 2419 1473; x_wconf 86' lang='grc' dir='ltr'>ὡς</span> <span class='ocrx_word' id='word_1_214' title='bbox 2447 1409 2618 1481; x_wconf 83' lang='grc' dir='ltr'>παρὸν</span> <span class='ocrx_word' id='word_1_215' title='bbox 2670 1409 2972 1480; x_wconf 80' lang='grc' dir='ltr'><strong>ὠνόμαζεν,</strong></span> <span class='ocrx_word' id='word_1_216' title='bbox 3010 1408 3087 1472; x_wconf 87' lang='grc' dir='ltr'>ὼς</span> <span class='ocrx_word' id='word_1_217' title='bbox 3135 1408 3354 1480; x_wconf 79' lang='grc' dir='ltr'>δοκήσει</span> <span class='ocrx_word' id='word_1_218' title='bbox 3405 1410 3515 1481; x_wconf 87' lang='grc'>(60)</span> <span class='ocrx_word' id='word_1_219' title='bbox 3544 1410 3632 1463; x_wconf 86' lang='grc' dir='ltr'>λε-</span> 
     </span>
    </p>
   </div>
   <div class='ocr_carea' id='block_1_30' title="bbox 2062 1500 3636 1573">
    <p class='ocr_par' dir='ltr' id='par_1_30' title="bbox 2062 1500 3636 1573">
     <span class='ocr_line' id='line_1_30' title="bbox 2062 1500 3636 1573; baseline 0 -17"><span class='ocrx_word' id='word_1_220' title='bbox 2062 1503 2305 1573; x_wconf 87' lang='grc' dir='ltr'>γομένων</span> <span class='ocrx_word' id='word_1_221' title='bbox 2330 1501 2439 1555; x_wconf 84' lang='grc' dir='ltr'><strong>τῶν</strong></span> <span class='ocrx_word' id='word_1_222' title='bbox 2466 1502 2781 1573; x_wconf 71' lang='grc' dir='ltr'>γινομένων*</span> <span class='ocrx_word' id='word_1_223' title='bbox 2834 1501 2992 1571; x_wconf 85' lang='grc' dir='ltr'>φύσει</span> <span class='ocrx_word' id='word_1_224' title='bbox 3041 1500 3150 1573; x_wconf 85' lang='grc' dir='ltr'>γὰρ</span> <span class='ocrx_word' id='word_1_225' title='bbox 3180 1504 3274 1555; x_wconf 64' lang='grc' dir='ltr'><strong>καί⁵</strong></span> <span class='ocrx_word' id='word_1_226' title='bbox 3316 1501 3541 1573; x_wconf 69' lang='grc' dir='ltr'>ἀληθείᾳ</span> <span class='ocrx_word' id='word_1_227' title='bbox 3567 1503 3636 1556; x_wconf 70' lang='grc' dir='ltr'>τὰ</span> 
     </span>
    </p>
   </div>
   <div class='ocr_carea' id='block_1_31' title="bbox 2064 1592 2503 1662">
    <p class='ocr_par' dir='ltr' id='par_1_31' title="bbox 2064 1592 2503 1662">
     <span class='ocr_line' id='line_1_31' title="bbox 2064 1592 2503 1662; baseline 0 -17"><span class='ocrx_word' id='word_1_228' title='bbox 2064 1592 2242 1647; x_wconf 88' lang='grc' dir='ltr'>πάντα</span> <span class='ocrx_word' id='word_1_229' title='bbox 2267 1592 2503 1662; x_wconf 76' lang='grc' dir='ltr'>ἐγένετο.</span> 
     </span>
    </p>
   </div>
   <div class='ocr_carea' id='block_1_32' title="bbox 2136 1784 3630 1861">
    <p class='ocr_par' dir='ltr' id='par_1_32' title="bbox 2136 1784 3630 1861">
     <span class='ocr_line' id='line_1_32' title="bbox 2136 1784 3630 1861; baseline -0.001 -17"><span class='ocrx_word' id='word_1_230' title='bbox 2136 1789 2220 1844; x_wconf 88' lang='grc'><strong>17.</strong></span> <span class='ocrx_word' id='word_1_231' title='bbox 2247 1788 2408 1842; x_wconf 80' lang='grc' dir='ltr'>Φύσει</span> <span class='ocrx_word' id='word_1_232' title='bbox 2444 1784 2536 1843; x_wconf 79' lang='grc' dir='ltr'><strong>οὖν</strong></span> <span class='ocrx_word' id='word_1_233' title='bbox 2566 1790 2660 1842; x_wconf 78' lang='grc' dir='ltr'><strong>καὶ</strong></span> <span class='ocrx_word' id='word_1_234' title='bbox 2695 1790 2758 1842; x_wconf 82' lang='grc' dir='ltr'><strong>οὐ</strong></span> <span class='ocrx_word' id='word_1_235' title='bbox 2792 1789 2937 1843; x_wconf 82' lang='grc' dir='ltr'>θέσει</span> <span class='ocrx_word' id='word_1_236' title='bbox 2969 1788 3063 1843; x_wconf 80' lang='grc' dir='ltr'>τοῦ</span> <span class='ocrx_word' id='word_1_237' title='bbox 3105 1788 3308 1861; x_wconf 80' lang='grc' dir='ltr'>Κυρίου</span> <span class='ocrx_word' id='word_1_238' title='bbox 3342 1789 3630 1861; x_wconf 81' lang='grc' dir='ltr'>ἀνθρώπου</span> 
     </span>
    </p>
   </div>
   <div class='ocr_carea' id='block_1_33' title="bbox 354 1868 1960 1957">
    <p class='ocr_par' dir='ltr' id='par_1_33' title="bbox 354 1874 1959 1957">
     <span class='ocr_line' id='line_1_33' title="bbox 354 1874 1959 1957; baseline -0.004 -14"><span class='ocrx_word' id='word_1_239' title='bbox 354 1950 359 1953; x_wconf 28' lang='grc' dir='ltr'><em>ι</em></span> <span class='ocrx_word' id='word_1_240' title='bbox 397 1889 561 1943; x_wconf 85' lang='lat' dir='ltr'><strong>homo</strong></span> <span class='ocrx_word' id='word_1_241' title='bbox 589 1874 894 1955; x_wconf 69' lang='lat' dir='ltr'><strong>factussit;</strong></span> <span class='ocrx_word' id='word_1_242' title='bbox 929 1901 1105 1957; x_wconf 90' lang='lat' dir='ltr'><strong>neque</strong></span> <span class='ocrx_word' id='word_1_243' title='bbox 1137 1885 1435 1942; x_wconf 91' lang='lat' dir='ltr'><strong>secundum</strong></span> <span class='ocrx_word' id='word_1_244' title='bbox 1466 1892 1749 1946; x_wconf 89' lang='lat' dir='ltr'><strong>naturam,</strong></span> <span class='ocrx_word' id='word_1_245' title='bbox 1783 1897 1959 1952; x_wconf 89' lang='lat' dir='ltr'><strong>neque</strong></span> 
     </span>
    </p>
   </div>
   <div class='ocr_carea' id='block_1_34' title="bbox 2064 1868 3637 1957">
    <p class='ocr_par' dir='ltr' id='par_1_34' title="bbox 2064 1878 3637 1953">
     <span class='ocr_line' id='line_1_34' title="bbox 2064 1878 3637 1953; baseline 0 -19"><span class='ocrx_word' id='word_1_246' title='bbox 2064 1879 2369 1951; x_wconf 84' lang='grc' dir='ltr'>γενομένου,</span> <span class='ocrx_word' id='word_1_247' title='bbox 2391 1878 2514 1933; x_wconf 76' lang='grc' dir='ltr'>οὔτε</span> <span class='ocrx_word' id='word_1_248' title='bbox 2534 1880 2673 1934; x_wconf 86' lang='grc' dir='ltr'><strong>κατά</strong></span> <span class='ocrx_word' id='word_1_249' title='bbox 2695 1879 2876 1951; x_wconf 91' lang='grc' dir='ltr'>φύσιν,</span> <span class='ocrx_word' id='word_1_250' title='bbox 2889 1879 3012 1934; x_wconf 74' lang='grc' dir='ltr'>οὔτε</span> <span class='ocrx_word' id='word_1_251' title='bbox 3028 1879 3169 1935; x_wconf 86' lang='grc' dir='ltr'><strong>κατά</strong></span> <span class='ocrx_word' id='word_1_252' title='bbox 3187 1880 3386 1953; x_wconf 76' lang='grc' dir='ltr'>πρᾶξιν</span> <span class='ocrx_word' id='word_1_253' title='bbox 3403 1880 3637 1935; x_wconf 86' lang='grc' dir='ltr'>ἀνθυπο-</span> 
     </span>
    </p>
   </div>
   <div class='ocr_carea' id='block_1_35' title="bbox 397 1974 1958 2048">
    <p class='ocr_par' dir='ltr' id='par_1_35' title="bbox 397 1974 1958 2048">
     <span class='ocr_line' id='line_1_35' title="bbox 397 1974 1958 2048; baseline -0.004 -14"><span class='ocrx_word' id='word_1_254' title='bbox 397 1978 695 2035; x_wconf 88' lang='lat' dir='ltr'><strong>secundum</strong></span> <span class='ocrx_word' id='word_1_255' title='bbox 725 1977 1114 2048; x_wconf 86' lang='lat' dir='ltr'><strong>operationem,</strong></span> <span class='ocrx_word' id='word_1_256' title='bbox 1143 1984 1423 2046; x_wconf 88' lang='lat' dir='ltr'><strong>peccatum</strong></span> <span class='ocrx_word' id='word_1_257' title='bbox 1453 1974 1507 2029; x_wconf 92' lang='lat' dir='ltr'><strong>in</strong></span> <span class='ocrx_word' id='word_1_258' title='bbox 1529 1974 1842 2029; x_wconf 88' lang='lat' dir='ltr'><strong>Creatorem</strong></span> <span class='ocrx_word' id='word_1_259' title='bbox 1871 1987 1958 2027; x_wconf 88' lang='lat' dir='ltr'><strong>re-</strong></span> 
     </span>
    </p>
   </div>
   <div class='ocr_carea' id='block_1_36' title="bbox 394 2065 1960 2141">
    <p class='ocr_par' dir='ltr' id='par_1_36' title="bbox 394 2065 1960 2141">
     <span class='ocr_line' id='line_1_36' title="bbox 394 2065 1960 2141; baseline -0.003 -18"><span class='ocrx_word' id='word_1_260' title='bbox 394 2069 534 2125; x_wconf 82' lang='lat' dir='ltr'><strong>ferre</strong></span> <span class='ocrx_word' id='word_1_261' title='bbox 562 2085 872 2141; x_wconf 88' lang='lat' dir='ltr'><strong>possumus.</strong></span> <span class='ocrx_word' id='word_1_262' title='bbox 903 2066 1037 2123; x_wconf 89' lang='lat' dir='ltr'><strong>Nam</strong></span> <span class='ocrx_word' id='word_1_263' title='bbox 1078 2070 1132 2123; x_wconf 90' lang='lat' dir='ltr'><strong>in</strong></span> <span class='ocrx_word' id='word_1_264' title='bbox 1167 2077 1351 2123; x_wconf 85' lang='lat' dir='ltr'><strong>nostra</strong></span> <span class='ocrx_word' id='word_1_265' title='bbox 1384 2065 1603 2137; x_wconf 87' lang='lat' dir='ltr'><strong>quidem</strong></span> <span class='ocrx_word' id='word_1_266' title='bbox 1635 2073 1829 2119; x_wconf 89' lang='lat' dir='ltr'><strong>natura</strong></span> <span class='ocrx_word' id='word_1_267' title='bbox 1856 2104 1871 2128; x_wconf 94' lang='lat'><strong>,</strong></span> <span class='ocrx_word' id='word_1_268' title='bbox 1904 2070 1960 2119; x_wconf 90' lang='lat' dir='ltr'><strong>et</strong></span> 
     </span>
    </p>
   </div>
   <div class='ocr_carea' id='block_1_37' title="bbox 394 2144 1957 2231">
    <p class='ocr_par' dir='ltr' id='par_1_37' title="bbox 394 2144 1957 2231">
     <span class='ocr_line' id='line_1_37' title="bbox 394 2144 1957 2231; baseline -0.004 -16"><span class='ocrx_word' id='word_1_269' title='bbox 394 2161 724 2217; x_wconf 77' lang='lat' dir='ltr'><strong>inventionis</strong></span> <span class='ocrx_word' id='word_1_270' title='bbox 754 2144 933 2231; x_wconf 84' lang='lat' dir='ltr'><strong>pugna</strong></span> <span class='ocrx_word' id='word_1_271' title='bbox 968 2160 1131 2215; x_wconf 89' lang='lat' dir='ltr'><strong>etiam</strong></span> <span class='ocrx_word' id='word_1_272' title='bbox 1163 2175 1307 2214; x_wconf 90' lang='lat' dir='ltr'><strong>nunc</strong></span> <span class='ocrx_word' id='word_1_273' title='bbox 1348 2158 1736 2222; x_wconf 88' lang='lat' dir='ltr'><strong>committitur,</strong></span> <span class='ocrx_word' id='word_1_274' title='bbox 1792 2165 1843 2211; x_wconf 85' lang='lat' dir='ltr'><strong>et</strong></span> <span class='ocrx_word' id='word_1_275' title='bbox 1875 2155 1957 2209; x_wconf 81' lang='lat' dir='ltr'><strong>in-</strong></span> 
     </span>
    </p>
   </div>
   <div class='ocr_carea' id='block_1_38' title="bbox 393 2246 1960 2323">
    <p class='ocr_par' dir='ltr' id='par_1_38' title="bbox 393 2246 1960 2323">
     <span class='ocr_line' id='line_1_38' title="bbox 393 2246 1960 2323; baseline -0.004 -14"><span class='ocrx_word' id='word_1_276' title='bbox 393 2254 542 2309; x_wconf 90' lang='lat' dir='ltr'><strong>ducti</strong></span> <span class='ocrx_word' id='word_1_277' title='bbox 570 2252 793 2309; x_wconf 90' lang='lat' dir='ltr'><strong>seminis</strong></span> <span class='ocrx_word' id='word_1_278' title='bbox 814 2293 830 2318; x_wconf 96' lang='lat'><strong>,</strong></span> <span class='ocrx_word' id='word_1_279' title='bbox 877 2262 1097 2323; x_wconf 86' lang='lat' dir='ltr'><strong>propter</strong></span> <span class='ocrx_word' id='word_1_280' title='bbox 1123 2260 1363 2308; x_wconf 90' lang='lat' dir='ltr'><strong>nostram</strong></span> <span class='ocrx_word' id='word_1_281' title='bbox 1406 2249 1826 2307; x_wconf 85' lang='lat' dir='ltr'><strong>imbecillitatem</strong></span> <span class='ocrx_word' id='word_1_282' title='bbox 1851 2289 1866 2315; x_wconf 92' lang='lat'><strong>,</strong></span> <span class='ocrx_word' id='word_1_283' title='bbox 1899 2246 1960 2303; x_wconf 85' lang='lat' dir='ltr'><strong>ﬁt</strong></span> 
     </span>
    </p>
   </div>
   <div class='ocr_carea' id='block_1_39' title="bbox 395 2343 1959 2402">
    <p class='ocr_par' dir='ltr' id='par_1_39' title="bbox 395 2343 1959 2402">
     <span class='ocr_line' id='line_1_39' title="bbox 395 2343 1959 2402; baseline -0.005 0"><span class='ocrx_word' id='word_1_284' title='bbox 395 2346 636 2402; x_wconf 90' lang='lat' dir='ltr'><strong>accessio</strong></span> <span class='ocrx_word' id='word_1_285' title='bbox 666 2365 679 2400; x_wconf 89' lang='lat'><strong>:</strong></span> <span class='ocrx_word' id='word_1_286' title='bbox 712 2343 872 2400; x_wconf 80' lang='lat' dir='ltr'><strong>Verbi</strong></span> <span class='ocrx_word' id='word_1_287' title='bbox 904 2352 1085 2399; x_wconf 90' lang='lat' dir='ltr'><strong>autem</strong></span> <span class='ocrx_word' id='word_1_288' title='bbox 1132 2343 1433 2399; x_wconf 81' lang='lat' dir='ltr'><strong>incarnatio</strong></span> <span class='ocrx_word' id='word_1_289' title='bbox 1471 2343 1770 2397; x_wconf 91' lang='lat' dir='ltr'><strong>secundum</strong></span> <span class='ocrx_word' id='word_1_290' title='bbox 1800 2348 1959 2395; x_wconf 88' lang='lat' dir='ltr'><strong>natu-</strong></span> 
     </span>
    </p>
   </div>
   <div class='ocr_carea' id='block_1_40' title="bbox 394 2431 1959 2505">
    <p class='ocr_par' dir='ltr' id='par_1_40' title="bbox 394 2431 1959 2505">
     <span class='ocr_line' id='line_1_40' title="bbox 394 2431 1959 2505; baseline -0.005 -13"><span class='ocrx_word' id='word_1_291' title='bbox 394 2452 510 2492; x_wconf 90' lang='lat' dir='ltr'><strong>ram</strong></span> <span class='ocrx_word' id='word_1_292' title='bbox 538 2437 631 2492; x_wconf 88' lang='lat' dir='ltr'><strong>Dei</strong></span> <span class='ocrx_word' id='word_1_293' title='bbox 661 2434 801 2491; x_wconf 77' lang='lat' dir='ltr'><strong>facta</strong></span> <span class='ocrx_word' id='word_1_294' title='bbox 821 2477 836 2503; x_wconf 93' lang='lat'><strong>,</strong></span> <span class='ocrx_word' id='word_1_295' title='bbox 865 2433 1092 2505; x_wconf 76' lang='lat' dir='ltr'><strong>incapax</strong></span> <span class='ocrx_word' id='word_1_296' title='bbox 1121 2432 1224 2489; x_wconf 81' lang='lat' dir='ltr'><strong>fuit</strong></span> <span class='ocrx_word' id='word_1_297' title='bbox 1245 2448 1425 2488; x_wconf 89' lang='lat' dir='ltr'><strong>rerum</strong></span> <span class='ocrx_word' id='word_1_298' title='bbox 1459 2448 1580 2504; x_wconf 70' lang='lat' dir='ltr'><strong>quae</strong></span> <span class='ocrx_word' id='word_1_299' title='bbox 1609 2433 1664 2487; x_wconf 91' lang='lat' dir='ltr'><strong>in</strong></span> <span class='ocrx_word' id='word_1_300' title='bbox 1707 2431 1867 2486; x_wconf 90' lang='lat' dir='ltr'><strong>nobis</strong></span> <span class='ocrx_word' id='word_1_301' title='bbox 1891 2445 1959 2484; x_wconf 81' lang='lat' dir='ltr'><strong>ex</strong></span> 
     </span>
    </p>
   </div>
   <div class='ocr_carea' id='block_1_41' title="bbox 393 2525 1959 2600">
    <p class='ocr_par' dir='ltr' id='par_1_41' title="bbox 393 2525 1959 2600">
     <span class='ocr_line' id='line_1_41' title="bbox 393 2525 1959 2600; baseline -0.003 -17"><span class='ocrx_word' id='word_1_302' title='bbox 393 2538 661 2586; x_wconf 76' lang='lat' dir='ltr'><strong>vetustate</strong></span> <span class='ocrx_word' id='word_1_303' title='bbox 706 2530 886 2587; x_wconf 88' lang='lat' dir='ltr'><strong>adhuc</strong></span> <span class='ocrx_word' id='word_1_304' title='bbox 931 2528 1649 2600; x_wconf 83' lang='lat' dir='ltr'><strong>gerebantur:quapropter</strong></span> <span class='ocrx_word' id='word_1_305' title='bbox 1695 2525 1959 2582; x_wconf 89' lang='lat' dir='ltr'><strong>docemur</strong></span> 
     </span>
    </p>
   </div>
   <div class='ocr_carea' id='block_1_42' title="bbox 393 2616 1957 2689">
    <p class='ocr_par' dir='ltr' id='par_1_42' title="bbox 393 2616 1957 2689">
     <span class='ocr_line' id='line_1_42' title="bbox 393 2616 1957 2689; baseline -0.004 -11"><span class='ocrx_word' id='word_1_306' title='bbox 393 2634 594 2678; x_wconf 83' lang='lat' dir='ltr'><strong>exuere</strong></span> <span class='ocrx_word' id='word_1_307' title='bbox 638 2631 873 2677; x_wconf 85' lang='lat' dir='ltr'><strong>veterem</strong></span> <span class='ocrx_word' id='word_1_308' title='bbox 898 2662 914 2689; x_wconf 90' lang='lat'><strong>,</strong></span> <span class='ocrx_word' id='word_1_309' title='bbox 962 2629 1018 2677; x_wconf 91' lang='lat' dir='ltr'><strong>et</strong></span> <span class='ocrx_word' id='word_1_310' title='bbox 1069 2619 1292 2675; x_wconf 89' lang='lat' dir='ltr'><strong>induere</strong></span> <span class='ocrx_word' id='word_1_311' title='bbox 1326 2633 1548 2674; x_wconf 85' lang='lat' dir='ltr'><strong>novum.</strong></span> <span class='ocrx_word' id='word_1_312' title='bbox 1608 2616 1675 2673; x_wconf 88' lang='lat' dir='ltr'><strong>Et</strong></span> <span class='ocrx_word' id='word_1_313' title='bbox 1703 2630 1790 2672; x_wconf 86' lang='lat' dir='ltr'><strong>res</strong></span> <span class='ocrx_word' id='word_1_314' title='bbox 1818 2616 1957 2672; x_wconf 90' lang='lat' dir='ltr'><strong>mira</strong></span> 
     </span>
    </p>
   </div>
   <div class='ocr_carea' id='block_1_43' title="bbox 394 2708 1960 2783">
    <p class='ocr_par' dir='ltr' id='par_1_43' title="bbox 394 2708 1960 2783">
     <span class='ocr_line' id='line_1_43' title="bbox 394 2708 1960 2783; baseline -0.003 -15"><span class='ocrx_word' id='word_1_315' title='bbox 394 2729 544 2779; x_wconf 83' lang='lat' dir='ltr'><strong>sane,</strong></span> <span class='ocrx_word' id='word_1_316' title='bbox 581 2711 724 2783; x_wconf 80' lang='lat' dir='ltr'><strong>quod</strong></span> <span class='ocrx_word' id='word_1_317' title='bbox 754 2710 899 2768; x_wconf 90' lang='lat' dir='ltr'><strong>Deus</strong></span> <span class='ocrx_word' id='word_1_318' title='bbox 928 2711 1094 2766; x_wconf 88' lang='lat' dir='ltr'><strong>homo</strong></span> <span class='ocrx_word' id='word_1_319' title='bbox 1116 2708 1292 2766; x_wconf 81' lang='lat' dir='ltr'><strong>factus</strong></span> <span class='ocrx_word' id='word_1_320' title='bbox 1319 2709 1424 2774; x_wconf 90' lang='lat' dir='ltr'><strong>sit,</strong></span> <span class='ocrx_word' id='word_1_321' title='bbox 1450 2717 1503 2764; x_wconf 91' lang='lat' dir='ltr'><strong>et</strong></span> <span class='ocrx_word' id='word_1_322' title='bbox 1523 2708 1730 2779; x_wconf 87' lang='lat' dir='ltr'><strong>absque</strong></span> <span class='ocrx_word' id='word_1_323' title='bbox 1767 2722 1960 2778; x_wconf 86' lang='lat' dir='ltr'><strong>pecca-</strong></span> 
     </span>
    </p>
   </div>
   <div class='ocr_carea' id='block_1_44' title="bbox 394 2798 1958 2875">
    <p class='ocr_par' dir='ltr' id='par_1_44' title="bbox 394 2798 1958 2875">
     <span class='ocr_line' id='line_1_44' title="bbox 394 2798 1958 2875; baseline -0.003 -16"><span class='ocrx_word' id='word_1_324' title='bbox 394 2816 483 2871; x_wconf 92' lang='lat' dir='ltr'><strong>to;</strong></span> <span class='ocrx_word' id='word_1_325' title='bbox 516 2804 770 2875; x_wconf 85' lang='lat' dir='ltr'><strong>quodque</strong></span> <span class='ocrx_word' id='word_1_326' title='bbox 809 2802 994 2859; x_wconf 89' lang='lat' dir='ltr'><strong>omnia</strong></span> <span class='ocrx_word' id='word_1_327' title='bbox 1025 2817 1166 2857; x_wconf 90' lang='lat' dir='ltr'><strong>nova</strong></span> <span class='ocrx_word' id='word_1_328' title='bbox 1200 2800 1343 2857; x_wconf 80' lang='lat' dir='ltr'><strong>facta</strong></span> <span class='ocrx_word' id='word_1_329' title='bbox 1383 2800 1527 2863; x_wconf 91' lang='lat' dir='ltr'><strong>sint,</strong></span> <span class='ocrx_word' id='word_1_330' title='bbox 1562 2809 1622 2855; x_wconf 89' lang='lat' dir='ltr'><strong>ut</strong></span> <span class='ocrx_word' id='word_1_331' title='bbox 1648 2798 1776 2853; x_wconf 89' lang='lat' dir='ltr'><strong>hinc</strong></span> <span class='ocrx_word' id='word_1_332' title='bbox 1807 2809 1958 2870; x_wconf 88' lang='lat' dir='ltr'><strong>pote-</strong></span> 
     </span>
    </p>
   </div>
   <div class='ocr_carea' id='block_1_45' title="bbox 392 2891 1959 2966">
    <p class='ocr_par' dir='ltr' id='par_1_45' title="bbox 392 2891 1959 2966">
     <span class='ocr_line' id='line_1_45' title="bbox 392 2891 1959 2966; baseline -0.004 -14"><span class='ocrx_word' id='word_1_333' title='bbox 392 2905 506 2952; x_wconf 83' lang='lat' dir='ltr'><strong>stas</strong></span> <span class='ocrx_word' id='word_1_334' title='bbox 550 2897 668 2966; x_wconf 86' lang='lat' dir='ltr'><strong>ejus</strong></span> <span class='ocrx_word' id='word_1_335' title='bbox 704 2895 984 2966; x_wconf 81' lang='lat' dir='ltr'><strong>explorata</strong></span> <span class='ocrx_word' id='word_1_336' title='bbox 1012 2902 1176 2949; x_wconf 91' lang='lat' dir='ltr'><strong>esset.</strong></span> <span class='ocrx_word' id='word_1_337' title='bbox 1243 2891 1309 2948; x_wconf 86' lang='lat' dir='ltr'><strong>Et</strong></span> <span class='ocrx_word' id='word_1_338' title='bbox 1353 2891 1571 2963; x_wconf 88' lang='lat' dir='ltr'><strong>quidem</strong></span> <span class='ocrx_word' id='word_1_339' title='bbox 1620 2905 1959 2963; x_wconf 70' lang='lat' dir='ltr'><strong>quascunque</strong></span> 
     </span>
    </p>
   </div>
   <div class='ocr_carea' id='block_1_46' title="bbox 392 2983 1958 3058">
    <p class='ocr_par' dir='ltr' id='par_1_46' title="bbox 392 2983 1958 3058">
     <span class='ocr_line' id='line_1_46' title="bbox 392 2983 1958 3058; baseline -0.003 -17"><span class='ocrx_word' id='word_1_340' title='bbox 392 2987 509 3058; x_wconf 88' lang='lat' dir='ltr'><strong>ipse</strong></span> <span class='ocrx_word' id='word_1_341' title='bbox 535 3002 636 3043; x_wconf 88' lang='lat' dir='ltr'><strong>sua</strong></span> <span class='ocrx_word' id='word_1_342' title='bbox 666 2987 944 3042; x_wconf 90' lang='lat' dir='ltr'><strong>voluntate</strong></span> <span class='ocrx_word' id='word_1_343' title='bbox 978 2985 1035 3040; x_wconf 90' lang='lat' dir='ltr'><strong>in</strong></span> <span class='ocrx_word' id='word_1_344' title='bbox 1064 2993 1258 3040; x_wconf 89' lang='lat' dir='ltr'><strong>natura</strong></span> <span class='ocrx_word' id='word_1_345' title='bbox 1284 2983 1583 3050; x_wconf 82' lang='lat' dir='ltr'><strong>ordinavit;</strong></span> <span class='ocrx_word' id='word_1_346' title='bbox 1632 2999 1694 3039; x_wconf 91' lang='lat' dir='ltr'><strong>ea</strong></span> <span class='ocrx_word' id='word_1_347' title='bbox 1716 3022 1731 3049; x_wconf 92' lang='lat'><strong>,</strong></span> <span class='ocrx_word' id='word_1_348' title='bbox 1783 2998 1958 3053; x_wconf 90' lang='lat' dir='ltr'><strong>quan-</strong></span> 
     </span>
    </p>
   </div>
   <div class='ocr_carea' id='block_1_47' title="bbox 391 3075 1952 3147">
    <p class='ocr_par' dir='ltr' id='par_1_47' title="bbox 391 3075 1952 3147">
     <span class='ocr_line' id='line_1_47' title="bbox 391 3075 1952 3147; baseline -0.002 -13"><span class='ocrx_word' id='word_1_349' title='bbox 391 3089 508 3134; x_wconf 92' lang='lat' dir='ltr'><strong>tum</strong></span> <span class='ocrx_word' id='word_1_350' title='bbox 534 3078 722 3145; x_wconf 90' lang='lat' dir='ltr'><strong>voluit,</strong></span> <span class='ocrx_word' id='word_1_351' title='bbox 759 3078 814 3133; x_wconf 90' lang='lat' dir='ltr'><strong>in</strong></span> <span class='ocrx_word' id='word_1_352' title='bbox 851 3092 911 3133; x_wconf 90' lang='lat' dir='ltr'><strong>se</strong></span> <span class='ocrx_word' id='word_1_353' title='bbox 929 3077 1187 3147; x_wconf 90' lang='lat' dir='ltr'><strong>suscepit,</strong></span> <span class='ocrx_word' id='word_1_354' title='bbox 1220 3075 1558 3131; x_wconf 85' lang='lat' dir='ltr'><strong>nativitatem</strong></span> <span class='ocrx_word' id='word_1_355' title='bbox 1598 3090 1664 3131; x_wconf 77' lang='lat' dir='ltr'><strong>ex</strong></span> <span class='ocrx_word' id='word_1_356' title='bbox 1707 3076 1952 3144; x_wconf 87' lang='lat' dir='ltr'><strong>muliere,</strong></span> 
     </span>
    </p>
   </div>
   <div class='ocr_carea' id='block_1_48' title="bbox 393 3166 1954 3239">
    <p class='ocr_par' dir='ltr' id='par_1_48' title="bbox 393 3166 1954 3239">
     <span class='ocr_line' id='line_1_48' title="bbox 393 3166 1954 3239; baseline -0.002 -15"><span class='ocrx_word' id='word_1_357' title='bbox 393 3179 742 3239; x_wconf 79' lang='lat' dir='ltr'><strong>augmentum</strong></span> <span class='ocrx_word' id='word_1_358' title='bbox 775 3177 1024 3232; x_wconf 66' lang='lat' dir='ltr'><strong>staturae,</strong></span> <span class='ocrx_word' id='word_1_359' title='bbox 1052 3182 1321 3223; x_wconf 90' lang='lat' dir='ltr'><strong>annorum</strong></span> <span class='ocrx_word' id='word_1_360' title='bbox 1350 3181 1662 3232; x_wconf 90' lang='lat' dir='ltr'><strong>numerum,</strong></span> <span class='ocrx_word' id='word_1_361' title='bbox 1688 3166 1954 3231; x_wconf 89' lang='lat' dir='ltr'><strong>laborem,</strong></span> 
     </span>
    </p>
   </div>
   <div class='ocr_carea' id='block_1_49' title="bbox 392 3255 1958 3328">
    <p class='ocr_par' dir='ltr' id='par_1_49' title="bbox 392 3255 1958 3328">
     <span class='ocr_line' id='line_1_49' title="bbox 392 3255 1958 3328; baseline 0 -17"><span class='ocrx_word' id='word_1_362' title='bbox 392 3259 658 3322; x_wconf 82' lang='lat' dir='ltr'><strong>esuriem,</strong></span> <span class='ocrx_word' id='word_1_363' title='bbox 690 3266 743 3312; x_wconf 88' lang='lat' dir='ltr'><strong>et</strong></span> <span class='ocrx_word' id='word_1_364' title='bbox 775 3257 954 3328; x_wconf 77' lang='lat' dir='ltr'><strong>sitim,</strong></span> <span class='ocrx_word' id='word_1_365' title='bbox 984 3256 1271 3323; x_wconf 73' lang='lat' dir='ltr'><strong>somnum;</strong></span> <span class='ocrx_word' id='word_1_366' title='bbox 1296 3255 1537 3311; x_wconf 86' lang='lat' dir='ltr'><strong>dolorem</strong></span> <span class='ocrx_word' id='word_1_367' title='bbox 1563 3297 1579 3323; x_wconf 93' lang='lat'><strong>,</strong></span> <span class='ocrx_word' id='word_1_368' title='bbox 1604 3265 1868 3324; x_wconf 90' lang='lat' dir='ltr'><strong>mortem,</strong></span> <span class='ocrx_word' id='word_1_369' title='bbox 1904 3264 1958 3311; x_wconf 88' lang='lat' dir='ltr'><strong>et</strong></span> 
     </span>
    </p>
   </div>
   <div class='ocr_carea' id='block_1_50' title="bbox 390 3347 1960 3420">
    <p class='ocr_par' dir='ltr' id='par_1_50' title="bbox 390 3347 1960 3420">
     <span class='ocr_line' id='line_1_50' title="bbox 390 3347 1960 3420; baseline -0.001 -15"><span class='ocrx_word' id='word_1_370' title='bbox 390 3353 865 3406; x_wconf 80' lang='lat' dir='ltr'><strong>resurrectionem.</strong></span> <span class='ocrx_word' id='word_1_371' title='bbox 884 3349 1121 3420; x_wconf 89' lang='lat' dir='ltr'><strong>Ideoque</strong></span> <span class='ocrx_word' id='word_1_372' title='bbox 1141 3349 1231 3404; x_wconf 88' lang='lat' dir='ltr'><strong>ubi</strong></span> <span class='ocrx_word' id='word_1_373' title='bbox 1254 3357 1570 3420; x_wconf 84' lang='lat' dir='ltr'><strong>corruptum</strong></span> <span class='ocrx_word' id='word_1_374' title='bbox 1585 3347 1762 3404; x_wconf 79' lang='lat' dir='ltr'><strong>fuerat</strong></span> <span class='ocrx_word' id='word_1_375' title='bbox 1783 3348 1960 3404; x_wconf 87' lang='lat' dir='ltr'><strong>homi-</strong></span> 
     </span>
    </p>
   </div>
   <div class='ocr_carea' id='block_1_51' title="bbox 393 3441 1959 3513">
    <p class='ocr_par' dir='ltr' id='par_1_51' title="bbox 393 3441 1959 3513">
     <span class='ocr_line' id='line_1_51' title="bbox 393 3441 1959 3513; baseline 0 -17"><span class='ocrx_word' id='word_1_376' title='bbox 393 3442 481 3499; x_wconf 88' lang='lat' dir='ltr'><strong>nis</strong></span> <span class='ocrx_word' id='word_1_377' title='bbox 508 3457 706 3513; x_wconf 90' lang='lat' dir='ltr'><strong>corpus</strong></span> <span class='ocrx_word' id='word_1_378' title='bbox 725 3483 740 3508; x_wconf 94' lang='lat'><strong>,</strong></span> <span class='ocrx_word' id='word_1_379' title='bbox 765 3458 831 3499; x_wconf 89' lang='lat' dir='ltr'><strong>eo</strong></span> <span class='ocrx_word' id='word_1_380' title='bbox 855 3441 1013 3498; x_wconf 84' lang='lat' dir='ltr'><strong>Jesus</strong></span> <span class='ocrx_word' id='word_1_381' title='bbox 1042 3456 1240 3513; x_wconf 90' lang='lat' dir='ltr'><strong>corpus</strong></span> <span class='ocrx_word' id='word_1_382' title='bbox 1269 3457 1427 3497; x_wconf 90' lang='lat' dir='ltr'><strong>suum</strong></span> <span class='ocrx_word' id='word_1_383' title='bbox 1476 3441 1756 3497; x_wconf 89' lang='lat' dir='ltr'><strong>immittit:</strong></span> <span class='ocrx_word' id='word_1_384' title='bbox 1781 3449 1835 3496; x_wconf 91' lang='lat' dir='ltr'><strong>et</strong></span> <span class='ocrx_word' id='word_1_385' title='bbox 1868 3441 1959 3497; x_wconf 92' lang='lat' dir='ltr'><strong>ubi</strong></span> 
     </span>
    </p>
   </div>
   <div class='ocr_carea' id='block_1_52' title="bbox 391 3534 1961 3601">
    <p class='ocr_par' dir='ltr' id='par_1_52' title="bbox 391 3534 1961 3601">
     <span class='ocr_line' id='line_1_52' title="bbox 391 3534 1961 3601; baseline -0.001 -9"><span class='ocrx_word' id='word_1_386' title='bbox 391 3536 576 3592; x_wconf 87' lang='lat' dir='ltr'><strong>anima</strong></span> <span class='ocrx_word' id='word_1_387' title='bbox 612 3536 848 3592; x_wconf 88' lang='lat' dir='ltr'><strong>humana</strong></span> <span class='ocrx_word' id='word_1_388' title='bbox 880 3536 934 3590; x_wconf 91' lang='lat' dir='ltr'><strong>in</strong></span> <span class='ocrx_word' id='word_1_389' title='bbox 978 3546 1149 3591; x_wconf 87' lang='lat' dir='ltr'><strong>morte</strong></span> <span class='ocrx_word' id='word_1_390' title='bbox 1178 3535 1552 3601; x_wconf 88' lang='lat' dir='ltr'><strong>detinebatur,</strong></span> <span class='ocrx_word' id='word_1_391' title='bbox 1602 3534 1677 3590; x_wconf 88' lang='lat' dir='ltr'><strong>ibi</strong></span> <span class='ocrx_word' id='word_1_392' title='bbox 1708 3534 1961 3591; x_wconf 88' lang='lat' dir='ltr'><strong>Christus</strong></span> 
     </span>
    </p>
   </div>
   <div class='ocr_carea' id='block_1_53' title="bbox 393 3624 1961 3696">
    <p class='ocr_par' dir='ltr' id='par_1_53' title="bbox 393 3624 1961 3696">
     <span class='ocr_line' id='line_1_53' title="bbox 393 3624 1961 3696; baseline -0.002 -14"><span class='ocrx_word' id='word_1_393' title='bbox 393 3627 632 3682; x_wconf 89' lang='lat' dir='ltr'><strong>animam</strong></span> <span class='ocrx_word' id='word_1_394' title='bbox 662 3626 955 3680; x_wconf 89' lang='lat' dir='ltr'><strong>humanam</strong></span> <span class='ocrx_word' id='word_1_395' title='bbox 994 3624 1099 3681; x_wconf 88' lang='lat' dir='ltr'><strong>sibi</strong></span> <span class='ocrx_word' id='word_1_396' title='bbox 1134 3625 1411 3696; x_wconf 86' lang='lat' dir='ltr'><strong>propriam</strong></span> <span class='ocrx_word' id='word_1_397' title='bbox 1437 3624 1673 3681; x_wconf 90' lang='lat' dir='ltr'><strong>ostendit</strong></span> <span class='ocrx_word' id='word_1_398' title='bbox 1702 3643 1715 3679; x_wconf 90' lang='lat'><strong>:</strong></span> <span class='ocrx_word' id='word_1_399' title='bbox 1749 3635 1809 3679; x_wconf 90' lang='lat' dir='ltr'><strong>ut</strong></span> <span class='ocrx_word' id='word_1_400' title='bbox 1841 3633 1961 3679; x_wconf 84' lang='lat' dir='ltr'><strong>tan-</strong></span> 
     </span>
    </p>
   </div>
   <div class='ocr_carea' id='block_1_54' title="bbox 392 3716 1962 3791">
    <p class='ocr_par' dir='ltr' id='par_1_54' title="bbox 392 3716 1962 3791">
     <span class='ocr_line' id='line_1_54' title="bbox 392 3716 1962 3791; baseline -0.001 -17"><span class='ocrx_word' id='word_1_401' title='bbox 392 3734 558 3791; x_wconf 88' lang='lat' dir='ltr'><strong>quam</strong></span> <span class='ocrx_word' id='word_1_402' title='bbox 590 3719 754 3773; x_wconf 90' lang='lat' dir='ltr'><strong>homo</strong></span> <span class='ocrx_word' id='word_1_403' title='bbox 781 3719 1031 3784; x_wconf 84' lang='lat' dir='ltr'><strong>adesset,</strong></span> <span class='ocrx_word' id='word_1_404' title='bbox 1062 3718 1156 3788; x_wconf 92' lang='lat' dir='ltr'><strong>qui</strong></span> <span class='ocrx_word' id='word_1_405' title='bbox 1197 3718 1248 3772; x_wconf 91' lang='lat' dir='ltr'><strong>in</strong></span> <span class='ocrx_word' id='word_1_406' title='bbox 1275 3726 1451 3773; x_wconf 88' lang='lat' dir='ltr'><strong>morte</strong></span> <span class='ocrx_word' id='word_1_407' title='bbox 1477 3716 1707 3773; x_wconf 90' lang='lat' dir='ltr'><strong>detineri</strong></span> <span class='ocrx_word' id='word_1_408' title='bbox 1728 3734 1836 3773; x_wconf 79' lang='lat' dir='ltr'><strong>non</strong></span> <span class='ocrx_word' id='word_1_409' title='bbox 1864 3734 1962 3789; x_wconf 91' lang='lat' dir='ltr'><strong>po-</strong></span> 
     </span>
    </p>
   </div>
   <div class='ocr_carea' id='block_1_55' title="bbox 393 3808 1959 3880">
    <p class='ocr_par' dir='ltr' id='par_1_55' title="bbox 393 3808 1959 3880">
     <span class='ocr_line' id='line_1_55' title="bbox 393 3808 1959 3880; baseline -0.003 -14"><span class='ocrx_word' id='word_1_410' title='bbox 393 3818 550 3878; x_wconf 84' lang='lat' dir='ltr'><strong>terat,</strong></span> <span class='ocrx_word' id='word_1_411' title='bbox 582 3810 882 3880; x_wconf 82' lang='lat' dir='ltr'><strong>mortisque</strong></span> <span class='ocrx_word' id='word_1_412' title='bbox 924 3808 1211 3879; x_wconf 88' lang='lat' dir='ltr'><strong>imperium</strong></span> <span class='ocrx_word' id='word_1_413' title='bbox 1251 3808 1513 3874; x_wconf 80' lang='lat' dir='ltr'><strong>solveret,</strong></span> <span class='ocrx_word' id='word_1_414' title='bbox 1557 3815 1743 3878; x_wconf 91' lang='lat' dir='ltr'><strong>utpote</strong></span> <span class='ocrx_word' id='word_1_415' title='bbox 1768 3809 1911 3865; x_wconf 85' lang='lat' dir='ltr'><strong>Deus</strong></span> <span class='ocrx_word' id='word_1_416' title='bbox 1944 3827 1959 3862; x_wconf 87' lang='lat'><strong>:</strong></span> 
     </span>
    </p>
   </div>
   <div class='ocr_carea' id='block_1_56' title="bbox 393 3902 1961 3973">
    <p class='ocr_par' dir='ltr' id='par_1_56' title="bbox 393 3902 1961 3973">
     <span class='ocr_line' id='line_1_56' title="bbox 393 3902 1961 3973; baseline -0.001 -15"><span class='ocrx_word' id='word_1_417' title='bbox 393 3913 454 3958; x_wconf 92' lang='lat' dir='ltr'><strong>ut</strong></span> <span class='ocrx_word' id='word_1_418' title='bbox 482 3903 573 3958; x_wconf 88' lang='lat' dir='ltr'><strong>ubi</strong></span> <span class='ocrx_word' id='word_1_419' title='bbox 602 3902 867 3958; x_wconf 86' lang='lat' dir='ltr'><strong>seminata</strong></span> <span class='ocrx_word' id='word_1_420' title='bbox 898 3911 1016 3957; x_wconf 86' lang='lat' dir='ltr'><strong>erat</strong></span> <span class='ocrx_word' id='word_1_421' title='bbox 1043 3903 1321 3973; x_wconf 89' lang='lat' dir='ltr'><strong>corruptio</strong></span> <span class='ocrx_word' id='word_1_422' title='bbox 1339 3943 1355 3969; x_wconf 93' lang='lat'><strong>,</strong></span> <span class='ocrx_word' id='word_1_423' title='bbox 1380 3902 1492 3968; x_wconf 85' lang='lat' dir='ltr'><strong>illic</strong></span> <span class='ocrx_word' id='word_1_424' title='bbox 1514 3903 1752 3958; x_wconf 89' lang='lat' dir='ltr'><strong>oriretur</strong></span> <span class='ocrx_word' id='word_1_425' title='bbox 1775 3903 1961 3958; x_wconf 90' lang='lat' dir='ltr'><strong>incor-</strong></span> 
     </span>
    </p>
   </div>
   <div class='ocr_carea' id='block_1_57' title="bbox 393 3993 1963 4066">
    <p class='ocr_par' dir='ltr' id='par_1_57' title="bbox 393 3993 1963 4066">
     <span class='ocr_line' id='line_1_57' title="bbox 393 3993 1963 4066; baseline 0.001 -17"><span class='ocrx_word' id='word_1_426' title='bbox 393 3995 574 4066; x_wconf 90' lang='lat' dir='ltr'><strong>ruptio</strong></span> <span class='ocrx_word' id='word_1_427' title='bbox 598 4013 613 4050; x_wconf 90' lang='lat'><strong>:</strong></span> <span class='ocrx_word' id='word_1_428' title='bbox 639 4004 692 4052; x_wconf 90' lang='lat' dir='ltr'><strong>et</strong></span> <span class='ocrx_word' id='word_1_429' title='bbox 719 3994 811 4048; x_wconf 88' lang='lat' dir='ltr'><strong>ubi</strong></span> <span class='ocrx_word' id='word_1_430' title='bbox 839 4005 1158 4066; x_wconf 76' lang='lat' dir='ltr'><strong>regnaverat</strong></span> <span class='ocrx_word' id='word_1_431' title='bbox 1185 4009 1332 4050; x_wconf 88' lang='lat' dir='ltr'><strong>mors</strong></span> <span class='ocrx_word' id='word_1_432' title='bbox 1357 3994 1411 4048; x_wconf 92' lang='lat' dir='ltr'><strong>in</strong></span> <span class='ocrx_word' id='word_1_433' title='bbox 1438 3993 1611 4050; x_wconf 82' lang='lat' dir='ltr'><strong>forma</strong></span> <span class='ocrx_word' id='word_1_434' title='bbox 1636 3995 1832 4051; x_wconf 70' lang='lat' dir='ltr'><strong>animae</strong></span> <span class='ocrx_word' id='word_1_435' title='bbox 1858 3996 1963 4052; x_wconf 92' lang='lat' dir='ltr'><strong>hu-</strong></span> 
     </span>
    </p>
   </div>
   <div class='ocr_carea' id='block_1_58' title="bbox 394 4089 1959 4161">
    <p class='ocr_par' dir='ltr' id='par_1_58' title="bbox 394 4089 1959 4161">
     <span class='ocr_line' id='line_1_58' title="bbox 394 4089 1959 4161; baseline 0.003 -20"><span class='ocrx_word' id='word_1_436' title='bbox 394 4103 599 4156; x_wconf 67' lang='lat' dir='ltr'><strong>manae,</strong></span> <span class='ocrx_word' id='word_1_437' title='bbox 633 4089 708 4144; x_wconf 90' lang='lat' dir='ltr'><strong>ibi</strong></span> <span class='ocrx_word' id='word_1_438' title='bbox 736 4090 1060 4145; x_wconf 82' lang='lat' dir='ltr'><strong>immortalis</strong></span> <span class='ocrx_word' id='word_1_439' title='bbox 1084 4090 1174 4146; x_wconf 91' lang='lat' dir='ltr'><strong>ille</strong></span> <span class='ocrx_word' id='word_1_440' title='bbox 1203 4104 1440 4161; x_wconf 68' lang='lat' dir='ltr'><strong>praesens</strong></span> <span class='ocrx_word' id='word_1_441' title='bbox 1499 4089 1959 4145; x_wconf 89' lang='lat' dir='ltr'><strong>immortalitatem</strong></span> 
     </span>
    </p>
   </div>
   <div class='ocr_carea' id='block_1_59' title="bbox 395 4179 1966 4252">
    <p class='ocr_par' dir='ltr' id='par_1_59' title="bbox 395 4179 1966 4252">
     <span class='ocr_line' id='line_1_59' title="bbox 395 4179 1966 4252; baseline 0.004 -21"><span class='ocrx_word' id='word_1_442' title='bbox 395 4179 675 4234; x_wconf 79' lang='lat' dir='ltr'><strong>exhiberet</strong></span> <span class='ocrx_word' id='word_1_443' title='bbox 700 4200 713 4235; x_wconf 88' lang='lat'><strong>:</strong></span> <span class='ocrx_word' id='word_1_444' title='bbox 742 4181 927 4251; x_wconf 89' lang='lat' dir='ltr'><strong>sicque</strong></span> <span class='ocrx_word' id='word_1_445' title='bbox 952 4197 1053 4237; x_wconf 89' lang='lat' dir='ltr'><strong>nos</strong></span> <span class='ocrx_word' id='word_1_446' title='bbox 1081 4197 1195 4236; x_wconf 84' lang='lat' dir='ltr'><strong>suae</strong></span> <span class='ocrx_word' id='word_1_447' title='bbox 1215 4180 1639 4252; x_wconf 83' lang='lat' dir='ltr'><strong>incorruptionis</strong></span> <span class='ocrx_word' id='word_1_448' title='bbox 1656 4191 1711 4237; x_wconf 89' lang='lat' dir='ltr'><strong>et</strong></span> <span class='ocrx_word' id='word_1_449' title='bbox 1740 4181 1966 4237; x_wconf 87' lang='lat' dir='ltr'><strong>immor-</strong></span> 
     </span>
    </p>
   </div>
   <div class='ocr_carea' id='block_1_60' title="bbox 395 4271 1965 4344">
    <p class='ocr_par' dir='ltr' id='par_1_60' title="bbox 395 4271 1965 4344">
     <span class='ocr_line' id='line_1_60' title="bbox 395 4271 1965 4344; baseline 0.001 -18"><span class='ocrx_word' id='word_1_450' title='bbox 395 4271 619 4327; x_wconf 88' lang='lat' dir='ltr'><strong>talitatis</strong></span> <span class='ocrx_word' id='word_1_451' title='bbox 643 4273 932 4343; x_wconf 86' lang='lat' dir='ltr'><strong>participes</strong></span> <span class='ocrx_word' id='word_1_452' title='bbox 952 4276 1334 4341; x_wconf 90' lang='lat' dir='ltr'><strong>constitueret,</strong></span> <span class='ocrx_word' id='word_1_453' title='bbox 1362 4275 1414 4329; x_wconf 92' lang='lat' dir='ltr'><strong>in</strong></span> <span class='ocrx_word' id='word_1_454' title='bbox 1443 4288 1536 4344; x_wconf 90' lang='lat' dir='ltr'><strong>spe</strong></span> <span class='ocrx_word' id='word_1_455' title='bbox 1551 4273 1965 4330; x_wconf 86' lang='lat' dir='ltr'><strong>resurrectionis</strong></span> 
     </span>
    </p>
   </div>
   <div class='ocr_carea' id='block_1_61' title="bbox 396 4365 1968 4436">
    <p class='ocr_par' dir='ltr' id='par_1_61' title="bbox 396 4365 1968 4436">
     <span class='ocr_line' id='line_1_61' title="bbox 396 4365 1968 4436; baseline 0.001 -16"><span class='ocrx_word' id='word_1_456' title='bbox 396 4379 463 4420; x_wconf 79' lang='lat' dir='ltr'><strong>ex</strong></span> <span class='ocrx_word' id='word_1_457' title='bbox 502 4365 770 4432; x_wconf 89' lang='lat' dir='ltr'><strong>mortuis;</strong></span> <span class='ocrx_word' id='word_1_458' title='bbox 800 4373 859 4419; x_wconf 93' lang='lat' dir='ltr'><strong>ut</strong></span> <span class='ocrx_word' id='word_1_459' title='bbox 891 4372 945 4420; x_wconf 90' lang='lat' dir='ltr'><strong>et</strong></span> <span class='ocrx_word' id='word_1_460' title='bbox 984 4366 1335 4436; x_wconf 88' lang='lat' dir='ltr'><strong>corruptibile</strong></span> <span class='ocrx_word' id='word_1_461' title='bbox 1364 4367 1470 4422; x_wconf 89' lang='lat' dir='ltr'><strong>hoc</strong></span> <span class='ocrx_word' id='word_1_462' title='bbox 1507 4366 1755 4422; x_wconf 87' lang='lat' dir='ltr'><strong>indueret</strong></span> <span class='ocrx_word' id='word_1_463' title='bbox 1788 4367 1968 4421; x_wconf 87' lang='lat' dir='ltr'><strong>incor-</strong></span> 
     </span>
    </p>
   </div>
   <div class='ocr_carea' id='block_1_62' title="bbox 395 4456 1964 4526">
    <p class='ocr_par' dir='ltr' id='par_1_62' title="bbox 395 4456 1964 4526">
     <span class='ocr_line' id='line_1_62' title="bbox 395 4456 1964 4526; baseline 0 -15"><span class='ocrx_word' id='word_1_464' title='bbox 395 4456 725 4526; x_wconf 88' lang='lat' dir='ltr'><strong>ruptionem,</strong></span> <span class='ocrx_word' id='word_1_465' title='bbox 752 4465 804 4510; x_wconf 82' lang='lat' dir='ltr'><strong>ct</strong></span> <span class='ocrx_word' id='word_1_466' title='bbox 836 4458 1063 4512; x_wconf 88' lang='lat' dir='ltr'><strong>mortale</strong></span> <span class='ocrx_word' id='word_1_467' title='bbox 1080 4458 1183 4513; x_wconf 86' lang='lat' dir='ltr'><strong>hoc</strong></span> <span class='ocrx_word' id='word_1_468' title='bbox 1211 4459 1458 4513; x_wconf 90' lang='lat' dir='ltr'><strong>indueret</strong></span> <span class='ocrx_word' id='word_1_469' title='bbox 1485 4457 1964 4524; x_wconf 87' lang='lat' dir='ltr'><strong>immortalitatem,</strong></span> 
     </span>
    </p>
   </div>
   <div class='ocr_carea' id='block_1_63' title="bbox 2065 1970 3633 2044">
    <p class='ocr_par' dir='ltr' id='par_1_63' title="bbox 2065 1970 3633 2044">
     <span class='ocr_line' id='line_1_63' title="bbox 2065 1970 3633 2044; baseline 0.001 -19"><span class='ocrx_word' id='word_1_470' title='bbox 2065 1971 2249 2044; x_wconf 87' lang='grc' dir='ltr'>φέρειν</span> <span class='ocrx_word' id='word_1_471' title='bbox 2297 1972 2442 2043; x_wconf 82' lang='grc' dir='ltr'>ὑμᾶς</span> <span class='ocrx_word' id='word_1_472' title='bbox 2485 1971 2595 2042; x_wconf 93' lang='grc'>(61)</span> <span class='ocrx_word' id='word_1_473' title='bbox 2661 1970 2882 2026; x_wconf 85' lang='grc' dir='ltr'>δυνατὸν</span> <span class='ocrx_word' id='word_1_474' title='bbox 2930 1971 3028 2043; x_wconf 84' lang='grc' dir='ltr'>τὴν</span> <span class='ocrx_word' id='word_1_475' title='bbox 3100 1971 3373 2044; x_wconf 84' lang='grc' dir='ltr'>ἁμαρτίαν</span> <span class='ocrx_word' id='word_1_476' title='bbox 3440 1973 3500 2025; x_wconf 79' lang='grc' dir='ltr'>ὲν</span> <span class='ocrx_word' id='word_1_477' title='bbox 3557 1973 3633 2044; x_wconf 82' lang='grc' dir='ltr'>τῷ</span> 
     </span>
    </p>
   </div>
   <div class='ocr_carea' id='block_1_64' title="bbox 2063 2063 3633 2137">
    <p class='ocr_par' dir='ltr' id='par_1_64' title="bbox 2063 2063 3633 2137">
     <span class='ocr_line' id='line_1_64' title="bbox 2063 2063 3633 2137; baseline 0 -18"><span class='ocrx_word' id='word_1_478' title='bbox 2063 2064 2407 2137; x_wconf 84' lang='grc' dir='ltr'>Δημιουργῷ.</span> <span class='ocrx_word' id='word_1_479' title='bbox 2441 2063 2529 2117; x_wconf 87' lang='grc' dir='ltr'>Ἐν</span> <span class='ocrx_word' id='word_1_480' title='bbox 2555 2065 2651 2136; x_wconf 81' lang='grc' dir='ltr'>μὲν</span> <span class='ocrx_word' id='word_1_481' title='bbox 2673 2063 2781 2137; x_wconf 82' lang='grc' dir='ltr'>γὰρ</span> <span class='ocrx_word' id='word_1_482' title='bbox 2822 2067 2888 2137; x_wconf 78' lang='grc' dir='ltr'>τῇ</span> <span class='ocrx_word' id='word_1_483' title='bbox 2921 2064 3164 2137; x_wconf 77' lang='grc' dir='ltr'>ἡμετέρᾳ</span> <span class='ocrx_word' id='word_1_484' title='bbox 3207 2064 3366 2135; x_wconf 78' lang='grc' dir='ltr'>φύσει</span> <span class='ocrx_word' id='word_1_485' title='bbox 3406 2067 3500 2120; x_wconf 80' lang='grc' dir='ltr'>καὶ</span> <span class='ocrx_word' id='word_1_486' title='bbox 3534 2066 3633 2136; x_wconf 79' lang='grc' dir='ltr'>τῆς</span> 
     </span>
    </p>
   </div>
   <div class='ocr_carea' id='block_1_65' title="bbox 2063 2153 3631 2230">
    <p class='ocr_par' dir='ltr' id='par_1_65' title="bbox 2063 2153 3631 2230">
     <span class='ocr_line' id='line_1_65' title="bbox 2063 2153 3631 2230; baseline 0.003 -23"><span class='ocrx_word' id='word_1_487' title='bbox 2063 2155 2329 2226; x_wconf 83' lang='grc' dir='ltr'>εὑρέσεως</span> <span class='ocrx_word' id='word_1_488' title='bbox 2357 2155 2391 2226; x_wconf 87' lang='grc' dir='ltr'><strong>ή</strong></span> <span class='ocrx_word' id='word_1_489' title='bbox 2424 2155 2570 2226; x_wconf 86' lang='grc' dir='ltr'>μάχη</span> <span class='ocrx_word' id='word_1_490' title='bbox 2601 2154 2680 2209; x_wconf 75' lang='grc' dir='ltr'>ἐτι</span> <span class='ocrx_word' id='word_1_491' title='bbox 2703 2156 2931 2224; x_wconf 85' lang='grc' dir='ltr'>γίνεται,</span> <span class='ocrx_word' id='word_1_492' title='bbox 2981 2156 3076 2209; x_wconf 76' lang='grc' dir='ltr'>καὶ</span> <span class='ocrx_word' id='word_1_493' title='bbox 3127 2157 3225 2227; x_wconf 81' lang='grc' dir='ltr'><strong>τῆς</strong></span> <span class='ocrx_word' id='word_1_494' title='bbox 3264 2153 3567 2230; x_wconf 80' lang='grc' dir='ltr'>ὲπισπορᾶς</span> <span class='ocrx_word' id='word_1_495' title='bbox 3599 2161 3631 2229; x_wconf 87' lang='grc' dir='ltr'><strong>ή</strong></span> 
     </span>
    </p>
   </div>
   <div class='ocr_carea' id='block_1_66' title="bbox 2065 2246 3630 2320">
    <p class='ocr_par' dir='ltr' id='par_1_66' title="bbox 2065 2246 3630 2320">
     <span class='ocr_line' id='line_1_66' title="bbox 2065 2246 3630 2320; baseline 0.002 -20"><span class='ocrx_word' id='word_1_496' title='bbox 2065 2246 2443 2320; x_wconf 83' lang='grc' dir='ltr'>προσχὼρησις</span> <span class='ocrx_word' id='word_1_497' title='bbox 2478 2247 2587 2319; x_wconf 76' lang='grc'>(62)</span> <span class='ocrx_word' id='word_1_498' title='bbox 2638 2247 2727 2301; x_wconf 83' lang='grc' dir='ltr'>διὰ</span> <span class='ocrx_word' id='word_1_499' title='bbox 2784 2247 2845 2301; x_wconf 81' lang='grc' dir='ltr'><strong>τὸ</strong></span> <span class='ocrx_word' id='word_1_500' title='bbox 2886 2248 3041 2320; x_wconf 83' lang='grc' dir='ltr'>ήμῶν</span> <span class='ocrx_word' id='word_1_501' title='bbox 3091 2247 3333 2312; x_wconf 68' lang='grc' dir='ltr'>ἀσθενές*</span> <span class='ocrx_word' id='word_1_502' title='bbox 3365 2251 3399 2320; x_wconf 85' lang='grc' dir='ltr'><strong>ή</strong></span> <span class='ocrx_word' id='word_1_503' title='bbox 3443 2250 3501 2303; x_wconf 86' lang='grc' dir='ltr'>δὲ</span> <span class='ocrx_word' id='word_1_504' title='bbox 3537 2249 3630 2303; x_wconf 78' lang='grc' dir='ltr'>τοῦ</span> 
     </span>
    </p>
   </div>
   <div class='ocr_carea' id='block_1_67' title="bbox 2065 2337 3630 2412">
    <p class='ocr_par' dir='ltr' id='par_1_67' title="bbox 2065 2337 3630 2412">
     <span class='ocr_line' id='line_1_67' title="bbox 2065 2337 3630 2412; baseline 0.001 -20"><span class='ocrx_word' id='word_1_505' title='bbox 2065 2338 2237 2406; x_wconf 87' lang='grc' dir='ltr'>Λόγου</span> <span class='ocrx_word' id='word_1_506' title='bbox 2266 2338 2540 2409; x_wconf 88' lang='grc' dir='ltr'>σάρκωσις</span> <span class='ocrx_word' id='word_1_507' title='bbox 2567 2339 2708 2393; x_wconf 84' lang='grc' dir='ltr'><strong>κατά</strong></span> <span class='ocrx_word' id='word_1_508' title='bbox 2753 2337 2912 2408; x_wconf 87' lang='grc' dir='ltr'>φύσιν</span> <span class='ocrx_word' id='word_1_509' title='bbox 2955 2338 3090 2395; x_wconf 76' lang='grc' dir='ltr'>Θεοῦ</span> <span class='ocrx_word' id='word_1_510' title='bbox 3121 2340 3412 2412; x_wconf 85' lang='grc' dir='ltr'>γενομένη,</span> <span class='ocrx_word' id='word_1_511' title='bbox 3441 2342 3630 2395; x_wconf 81' lang='grc' dir='ltr'>ἀνεπί-</span> 
     </span>
    </p>
   </div>
   <div class='ocr_carea' id='block_1_68' title="bbox 2064 2426 3630 2501">
    <p class='ocr_par' dir='ltr' id='par_1_68' title="bbox 2064 2426 3630 2501">
     <span class='ocr_line' id='line_1_68' title="bbox 2064 2426 3630 2501; baseline 0.003 -22"><span class='ocrx_word' id='word_1_512' title='bbox 2064 2426 2249 2490; x_wconf 86' lang='grc' dir='ltr'>δεκτος</span> <span class='ocrx_word' id='word_1_513' title='bbox 2280 2426 2469 2496; x_wconf 89' lang='grc' dir='ltr'>γέγονε</span> <span class='ocrx_word' id='word_1_514' title='bbox 2493 2426 2602 2481; x_wconf 85' lang='grc' dir='ltr'>τῶν</span> <span class='ocrx_word' id='word_1_515' title='bbox 2656 2429 2713 2483; x_wconf 82' lang='grc' dir='ltr'>ὲν</span> <span class='ocrx_word' id='word_1_516' title='bbox 2743 2429 2872 2500; x_wconf 83' lang='grc' dir='ltr'>ἡμῖν</span> <span class='ocrx_word' id='word_1_517' title='bbox 2903 2428 2969 2482; x_wconf 84' lang='grc' dir='ltr'>ὲκ</span> <span class='ocrx_word' id='word_1_518' title='bbox 3023 2428 3120 2501; x_wconf 84' lang='grc' dir='ltr'>τῆς</span> <span class='ocrx_word' id='word_1_519' title='bbox 3166 2429 3524 2501; x_wconf 77' lang='grc' dir='ltr'><strong>παλαιότητος</strong></span> <span class='ocrx_word' id='word_1_520' title='bbox 3555 2430 3630 2484; x_wconf 84' lang='grc' dir='ltr'>ἔτι</span> 
     </span>
    </p>
   </div>
   <div class='ocr_carea' id='block_1_69' title="bbox 2066 2517 3630 2590">
    <p class='ocr_par' dir='ltr' id='par_1_69' title="bbox 2066 2517 3630 2590">
     <span class='ocr_line' id='line_1_69' title="bbox 2066 2517 3630 2590; baseline 0.003 -19"><span class='ocrx_word' id='word_1_521' title='bbox 2066 2517 2494 2588; x_wconf 83' lang='grc' dir='ltr'>πολιτευομένων</span> <span class='ocrx_word' id='word_1_522' title='bbox 2524 2517 2882 2590; x_wconf 85' lang='grc' dir='ltr'>πραγμάτων·</span> <span class='ocrx_word' id='word_1_523' title='bbox 2921 2520 3015 2575; x_wconf 76' lang='grc' dir='ltr'>καὶ</span> <span class='ocrx_word' id='word_1_524' title='bbox 3062 2519 3150 2575; x_wconf 91' lang='grc' dir='ltr'><strong>διά</strong></span> <span class='ocrx_word' id='word_1_525' title='bbox 3188 2520 3345 2575; x_wconf 79' lang='grc' dir='ltr'>τοῦτο</span> <span class='ocrx_word' id='word_1_526' title='bbox 3383 2521 3630 2576; x_wconf 71' lang='grc' dir='ltr'>διδασκόσ</span> 
     </span>
    </p>
   </div>
   <div class='ocr_carea' id='block_1_70' title="bbox 2069 2608 3629 2683">
    <p class='ocr_par' dir='ltr' id='par_1_70' title="bbox 2069 2608 3629 2683">
     <span class='ocr_line' id='line_1_70' title="bbox 2069 2608 3629 2683; baseline 0.004 -23"><span class='ocrx_word' id='word_1_527' title='bbox 2069 2609 2207 2681; x_wconf 88' lang='grc' dir='ltr'>μεθα</span> <span class='ocrx_word' id='word_1_528' title='bbox 2227 2608 2632 2664; x_wconf 84' lang='grc' dir='ltr'>ἀπεκδύσασθαι</span> <span class='ocrx_word' id='word_1_529' title='bbox 2653 2608 2742 2663; x_wconf 78' lang='grc' dir='ltr'><strong>τὸν</strong></span> <span class='ocrx_word' id='word_1_530' title='bbox 2760 2609 2985 2665; x_wconf 81' lang='grc' dir='ltr'>παλαιὸν</span> <span class='ocrx_word' id='word_1_531' title='bbox 3006 2609 3099 2664; x_wconf 72' lang='lat' dir='ltr'><strong>xui.</strong></span> <span class='ocrx_word' id='word_1_532' title='bbox 3117 2610 3508 2665; x_wconf 69' lang='grc' dir='ltr'>ἐπενδύσασθαι</span> <span class='ocrx_word' id='word_1_533' title='bbox 3523 2611 3629 2683; x_wconf 82' lang='grc'>(65)</span> 
     </span>
    </p>
   </div>
   <div class='ocr_carea' id='block_1_71' title="bbox 2063 2697 3631 2774">
    <p class='ocr_par' dir='ltr' id='par_1_71' title="bbox 2063 2697 3631 2774">
     <span class='ocr_line' id='line_1_71' title="bbox 2063 2697 3631 2774; baseline 0.001 -21"><span class='ocrx_word' id='word_1_534' title='bbox 2063 2698 2155 2754; x_wconf 76' lang='grc' dir='ltr'>τὸν</span> <span class='ocrx_word' id='word_1_535' title='bbox 2176 2699 2313 2753; x_wconf 86' lang='grc' dir='ltr'>νέον.</span> <span class='ocrx_word' id='word_1_536' title='bbox 2332 2698 2444 2753; x_wconf 74' lang='grc' dir='ltr'>Καὶ</span> <span class='ocrx_word' id='word_1_537' title='bbox 2469 2700 2529 2751; x_wconf 83' lang='grc' dir='ltr'>ἐν</span> <span class='ocrx_word' id='word_1_538' title='bbox 2562 2697 2734 2769; x_wconf 83' lang='grc' dir='ltr'>τούτῳ</span> <span class='ocrx_word' id='word_1_539' title='bbox 2762 2698 2824 2751; x_wconf 83' lang='grc' dir='ltr'><strong>τὸ</strong></span> <span class='ocrx_word' id='word_1_540' title='bbox 2846 2698 3177 2771; x_wconf 84' lang='grc' dir='ltr'>θαυμαστὸν,</span> <span class='ocrx_word' id='word_1_541' title='bbox 3193 2700 3275 2754; x_wconf 83' lang='grc' dir='ltr'>ὅτι</span> <span class='ocrx_word' id='word_1_542' title='bbox 3302 2702 3396 2754; x_wconf 76' lang='grc' dir='ltr'><strong>καὶ</strong></span> <span class='ocrx_word' id='word_1_543' title='bbox 3428 2701 3631 2774; x_wconf 80' lang='grc' dir='ltr'>ἅνθρω-</span> 
     </span>
    </p>
   </div>
   <div class='ocr_carea' id='block_1_72' title="bbox 2066 2788 3629 2863">
    <p class='ocr_par' dir='ltr' id='par_1_72' title="bbox 2066 2788 3629 2863">
     <span class='ocr_line' id='line_1_72' title="bbox 2066 2788 3629 2863; baseline 0.001 -18"><span class='ocrx_word' id='word_1_544' title='bbox 2066 2807 2166 2854; x_wconf 84' lang='grc' dir='ltr'><strong>πος</strong></span> <span class='ocrx_word' id='word_1_545' title='bbox 2191 2791 2413 2859; x_wconf 80' lang='grc' dir='ltr'>γέγονεν</span> <span class='ocrx_word' id='word_1_546' title='bbox 2436 2792 2465 2843; x_wconf 94' lang='lat'><strong>6</strong></span> <span class='ocrx_word' id='word_1_547' title='bbox 2496 2788 2719 2862; x_wconf 84' lang='grc' dir='ltr'>Κύριος,</span> <span class='ocrx_word' id='word_1_548' title='bbox 2749 2791 2841 2843; x_wconf 76' lang='grc' dir='ltr'><strong>καὶ</strong></span> <span class='ocrx_word' id='word_1_549' title='bbox 2872 2791 3041 2863; x_wconf 79' lang='grc' dir='ltr'>χωρὶς</span> <span class='ocrx_word' id='word_1_550' title='bbox 3075 2791 3369 2863; x_wconf 83' lang='grc' dir='ltr'>ἁμαρτίας·</span> <span class='ocrx_word' id='word_1_551' title='bbox 3414 2794 3496 2846; x_wconf 83' lang='grc' dir='ltr'>ὃτι</span> <span class='ocrx_word' id='word_1_552' title='bbox 3521 2810 3629 2846; x_wconf 81' lang='grc' dir='ltr'>και·</span> 
     </span>
    </p>
   </div>
   <div class='ocr_carea' id='block_1_73' title="bbox 2063 2880 3626 2953">
    <p class='ocr_par' dir='ltr' id='par_1_73' title="bbox 2063 2880 3626 2953">
     <span class='ocr_line' id='line_1_73' title="bbox 2063 2880 3626 2953; baseline 0.001 -17"><span class='ocrx_word' id='word_1_553' title='bbox 2063 2882 2338 2953; x_wconf 82' lang='grc' dir='ltr'>νότηςὸλη</span> <span class='ocrx_word' id='word_1_554' title='bbox 2372 2882 2614 2951; x_wconf 85' lang='grc' dir='ltr'>γέγονεν,</span> <span class='ocrx_word' id='word_1_555' title='bbox 2652 2881 2739 2936; x_wconf 76' lang='grc' dir='ltr'><strong>ἶνα</strong></span> <span class='ocrx_word' id='word_1_556' title='bbox 2757 2880 3054 2953; x_wconf 76' lang='grc' dir='ltr'>ἐνδείξηται</span> <span class='ocrx_word' id='word_1_557' title='bbox 3097 2883 3158 2936; x_wconf 78' lang='grc' dir='ltr'>τὸ</span> <span class='ocrx_word' id='word_1_558' title='bbox 3188 2883 3626 2938; x_wconf 79' lang='grc' dir='ltr'>δυνατὸναὺτοῦ.</span> 
     </span>
    </p>
   </div>
   <div class='ocr_carea' id='block_1_74' title="bbox 2064 2972 3627 3047">
    <p class='ocr_par' dir='ltr' id='par_1_74' title="bbox 2064 2972 3627 3047">
     <span class='ocr_line' id='line_1_74' title="bbox 2064 2972 3627 3047; baseline 0.002 -20"><span class='ocrx_word' id='word_1_559' title='bbox 2064 2974 2172 3027; x_wconf 73' lang='grc' dir='ltr'>Καὶ</span> <span class='ocrx_word' id='word_1_560' title='bbox 2197 2975 2297 3028; x_wconf 84' lang='grc' dir='ltr'>ὅσα</span> <span class='ocrx_word' id='word_1_561' title='bbox 2324 2974 2422 3046; x_wconf 82' lang='grc' dir='ltr'>μὲν</span> <span class='ocrx_word' id='word_1_562' title='bbox 2450 2974 2611 3037; x_wconf 83' lang='grc' dir='ltr'>αὐτὸς</span> <span class='ocrx_word' id='word_1_563' title='bbox 2639 2972 2892 3038; x_wconf 83' lang='grc' dir='ltr'>συνέταξε</span> <span class='ocrx_word' id='word_1_564' title='bbox 2942 2973 3171 3046; x_wconf 82' lang='grc' dir='ltr'>θελήσας</span> <span class='ocrx_word' id='word_1_565' title='bbox 3215 2978 3281 3047; x_wconf 84' lang='grc' dir='ltr'>τῇ</span> <span class='ocrx_word' id='word_1_566' title='bbox 3331 2975 3512 3045; x_wconf 87' lang='grc' dir='ltr'>φύσει,</span> <span class='ocrx_word' id='word_1_567' title='bbox 3553 2979 3627 3040; x_wconf 88' lang='grc' dir='ltr'>εἰς</span> 
     </span>
    </p>
   </div>
   <div class='ocr_carea' id='block_1_75' title="bbox 2065 3063 3629 3136">
    <p class='ocr_par' dir='ltr' id='par_1_75' title="bbox 2065 3063 3629 3136">
     <span class='ocr_line' id='line_1_75' title="bbox 2065 3063 3629 3136; baseline 0.002 -18"><span class='ocrx_word' id='word_1_568' title='bbox 2065 3064 2253 3120; x_wconf 76' lang='grc' dir='ltr'>ἑαυτὸν</span> <span class='ocrx_word' id='word_1_569' title='bbox 2325 3063 2641 3130; x_wconf 82' lang='grc' dir='ltr'>ἀνεδέξατο,</span> <span class='ocrx_word' id='word_1_570' title='bbox 2712 3066 2812 3119; x_wconf 87' lang='grc' dir='ltr'>ὅσα</span> <span class='ocrx_word' id='word_1_571' title='bbox 2871 3064 3135 3136; x_wconf 76' lang='grc' dir='ltr'>ἠθέλησε,</span> <span class='ocrx_word' id='word_1_572' title='bbox 3194 3067 3441 3120; x_wconf 85' lang='grc' dir='ltr'>τουτέστι</span> <span class='ocrx_word' id='word_1_573' title='bbox 3513 3084 3629 3136; x_wconf 87' lang='grc' dir='ltr'>γεν-</span> 
     </span>
    </p>
   </div>
   <div class='ocr_carea' id='block_1_76' title="bbox 2068 3156 3627 3230">
    <p class='ocr_par' dir='ltr' id='par_1_76' title="bbox 2068 3156 3627 3230">
     <span class='ocr_line' id='line_1_76' title="bbox 2068 3156 3627 3230; baseline 0.001 -20"><span class='ocrx_word' id='word_1_574' title='bbox 2068 3159 2272 3228; x_wconf 89' lang='grc' dir='ltr'>νήσεως</span> <span class='ocrx_word' id='word_1_575' title='bbox 2299 3157 2409 3229; x_wconf 69' lang='grc'>(61)</span> <span class='ocrx_word' id='word_1_576' title='bbox 2438 3157 2538 3228; x_wconf 83' lang='grc' dir='ltr'><strong>τῆς</strong></span> <span class='ocrx_word' id='word_1_577' title='bbox 2579 3160 2644 3211; x_wconf 82' lang='grc' dir='ltr'>ὲκ</span> <span class='ocrx_word' id='word_1_578' title='bbox 2675 3156 2951 3226; x_wconf 87' lang='grc' dir='ltr'>γυναικὸς,</span> <span class='ocrx_word' id='word_1_579' title='bbox 2988 3156 3267 3229; x_wconf 77' lang='grc' dir='ltr'>αὐξήσεως</span> <span class='ocrx_word' id='word_1_580' title='bbox 3294 3175 3354 3212; x_wconf 86' lang='grc' dir='ltr'><strong>τε</strong></span> <span class='ocrx_word' id='word_1_581' title='bbox 3400 3158 3627 3230; x_wconf 79' lang='grc' dir='ltr'>ἡλικίας,</span> 
     </span>
    </p>
   </div>
   <div class='ocr_carea' id='block_1_77' title="bbox 2058 3249 3628 3323">
    <p class='ocr_par' dir='ltr' id='par_1_77' title="bbox 2058 3249 3628 3323">
     <span class='ocr_line' id='line_1_77' title="bbox 2058 3249 3628 3323; baseline 0.003 -22"><span class='ocrx_word' id='word_1_582' title='bbox 2058 3249 2193 3303; x_wconf 82' lang='grc' dir='ltr'>ἐτῶν</span> <span class='ocrx_word' id='word_1_583' title='bbox 2244 3249 2611 3321; x_wconf 85' lang='grc' dir='ltr'>ἀριθμήσεως,</span> <span class='ocrx_word' id='word_1_584' title='bbox 2667 3251 2857 3317; x_wconf 80' lang='grc' dir='ltr'>κόπου,</span> <span class='ocrx_word' id='word_1_585' title='bbox 2908 3252 3003 3304; x_wconf 75' lang='grc' dir='ltr'>καὶ</span> <span class='ocrx_word' id='word_1_586' title='bbox 3050 3250 3275 3322; x_wconf 79' lang='grc' dir='ltr'>πείνης,</span> <span class='ocrx_word' id='word_1_587' title='bbox 3324 3252 3419 3306; x_wconf 75' lang='grc' dir='ltr'>καὶ</span> <span class='ocrx_word' id='word_1_588' title='bbox 3453 3252 3628 3323; x_wconf 75' lang='grc' dir='ltr'>δίψης,</span> 
     </span>
    </p>
   </div>
   <div class='ocr_carea' id='block_1_78' title="bbox 2059 3341 3629 3414">
    <p class='ocr_par' dir='ltr' id='par_1_78' title="bbox 2059 3341 3629 3414">
     <span class='ocr_line' id='line_1_78' title="bbox 2059 3341 3629 3414; baseline 0.003 -18"><span class='ocrx_word' id='word_1_589' title='bbox 2059 3343 2152 3396; x_wconf 73' lang='grc' dir='ltr'>καὶ</span> <span class='ocrx_word' id='word_1_590' title='bbox 2178 3341 2367 3407; x_wconf 79' lang='grc' dir='ltr'>ὕπνου,</span> <span class='ocrx_word' id='word_1_591' title='bbox 2392 3343 2485 3396; x_wconf 72' lang='grc' dir='ltr'><strong>καὶ</strong></span> <span class='ocrx_word' id='word_1_592' title='bbox 2514 3341 2710 3414; x_wconf 80' lang='grc' dir='ltr'>λύπης,</span> <span class='ocrx_word' id='word_1_593' title='bbox 2729 3344 2824 3396; x_wconf 71' lang='grc' dir='ltr'>καὶ</span> <span class='ocrx_word' id='word_1_594' title='bbox 2856 3342 3106 3407; x_wconf 87' lang='grc' dir='ltr'>θανάτου,</span> <span class='ocrx_word' id='word_1_595' title='bbox 3140 3344 3235 3396; x_wconf 59' lang='grc' dir='ltr'><strong>καὶ⁸</strong></span> <span class='ocrx_word' id='word_1_596' title='bbox 3266 3343 3629 3408; x_wconf 79' lang='grc' dir='ltr'>ἀναστάσεως.</span> 
     </span>
    </p>
   </div>
   <div class='ocr_carea' id='block_1_79' title="bbox 2060 3430 3628 3509">
    <p class='ocr_par' dir='ltr' id='par_1_79' title="bbox 2060 3430 3628 3509">
     <span class='ocr_line' id='line_1_79' title="bbox 2060 3430 3628 3509; baseline 0 -21"><span class='ocrx_word' id='word_1_597' title='bbox 2060 3433 2158 3488; x_wconf 85' lang='grc' dir='ltr'>Διά</span> <span class='ocrx_word' id='word_1_598' title='bbox 2178 3433 2334 3487; x_wconf 74' lang='grc' dir='ltr'>τοῦτο</span> <span class='ocrx_word' id='word_1_599' title='bbox 2360 3434 2454 3487; x_wconf 74' lang='grc' dir='ltr'><strong>καὶ</strong></span> <span class='ocrx_word' id='word_1_600' title='bbox 2479 3435 2612 3488; x_wconf 82' lang='grc' dir='ltr'>ὅπου</span> <span class='ocrx_word' id='word_1_601' title='bbox 2636 3433 2900 3507; x_wconf 85' lang='grc' dir='ltr'>διεφθάρη</span> <span class='ocrx_word' id='word_1_602' title='bbox 2934 3434 2996 3488; x_wconf 81' lang='grc' dir='ltr'>τὺ</span> <span class='ocrx_word' id='word_1_603' title='bbox 3024 3430 3116 3487; x_wconf 82' lang='grc' dir='ltr'>τοῦ</span> <span class='ocrx_word' id='word_1_604' title='bbox 3143 3430 3628 3509; x_wconf 60' lang='grc' dir='ltr'>ἀνθρώπουρῶμα,</span> 
     </span>
    </p>
   </div>
   <div class='ocr_carea' id='block_1_80' title="bbox 2060 3522 3631 3597">
    <p class='ocr_par' dir='ltr' id='par_1_80' title="bbox 2060 3522 3631 3597">
     <span class='ocr_line' id='line_1_80' title="bbox 2060 3522 3631 3597; baseline -0.002 -18"><span class='ocrx_word' id='word_1_605' title='bbox 2060 3527 2177 3579; x_wconf 77' lang='grc' dir='ltr'>ἐκεῖ</span> <span class='ocrx_word' id='word_1_606' title='bbox 2219 3525 2468 3597; x_wconf 75' lang='grc' dir='ltr'>προΐεται</span> <span class='ocrx_word' id='word_1_607' title='bbox 2521 3523 2729 3595; x_wconf 80' lang='grc' dir='ltr'>Ἰησοῦς</span> <span class='ocrx_word' id='word_1_608' title='bbox 2787 3524 2848 3579; x_wconf 86' lang='grc' dir='ltr'><strong>τὸ</strong></span> <span class='ocrx_word' id='word_1_609' title='bbox 2902 3524 3033 3578; x_wconf 79' lang='grc' dir='ltr'>ἴδιον</span> <span class='ocrx_word' id='word_1_610' title='bbox 3093 3522 3278 3595; x_wconf 82' lang='grc' dir='ltr'>σῶμα·</span> <span class='ocrx_word' id='word_1_611' title='bbox 3341 3524 3436 3578; x_wconf 76' lang='grc' dir='ltr'>καὶ</span> <span class='ocrx_word' id='word_1_612' title='bbox 3500 3523 3631 3576; x_wconf 83' lang='grc' dir='ltr'>ὅπου</span> 
     </span>
    </p>
   </div>
   <div class='ocr_carea' id='block_1_81' title="bbox 2061 3615 3636 3690">
    <p class='ocr_par' dir='ltr' id='par_1_81' title="bbox 2061 3615 3636 3690">
     <span class='ocr_line' id='line_1_81' title="bbox 2061 3615 3636 3690; baseline -0.003 -18"><span class='ocrx_word' id='word_1_613' title='bbox 2061 3619 2365 3690; x_wconf 84' lang='grc' dir='ltr'>κεκράτητο</span> <span class='ocrx_word' id='word_1_614' title='bbox 2394 3619 2427 3688; x_wconf 77' lang='grc' dir='ltr'>ἡ</span> <span class='ocrx_word' id='word_1_615' title='bbox 2454 3617 2600 3688; x_wconf 81' lang='grc' dir='ltr'>ψυχὴ</span> <span class='ocrx_word' id='word_1_616' title='bbox 2632 3615 2744 3688; x_wconf 81' lang='grc'>(65)</span> <span class='ocrx_word' id='word_1_617' title='bbox 2770 3617 2803 3688; x_wconf 79' lang='grc' dir='ltr'>ἡ</span> <span class='ocrx_word' id='word_1_618' title='bbox 2836 3615 3149 3688; x_wconf 81' lang='grc' dir='ltr'>ἀνθρωπίνη</span> <span class='ocrx_word' id='word_1_619' title='bbox 3182 3619 3239 3669; x_wconf 81' lang='grc' dir='ltr'>ὲν</span> <span class='ocrx_word' id='word_1_620' title='bbox 3262 3615 3497 3687; x_wconf 84' lang='grc' dir='ltr'>θανάτῳ,</span> <span class='ocrx_word' id='word_1_621' title='bbox 3520 3616 3636 3668; x_wconf 82' lang='grc' dir='ltr'>ἐκεῖ</span> 
     </span>
    </p>
   </div>
   <div class='ocr_carea' id='block_1_82' title="bbox 2062 3704 3635 3779">
    <p class='ocr_par' dir='ltr' id='par_1_82' title="bbox 2062 3704 3635 3779">
     <span class='ocr_line' id='line_1_82' title="bbox 2062 3704 3635 3779; baseline -0.003 -17"><span class='ocrx_word' id='word_1_622' title='bbox 2062 3708 2429 3762; x_wconf 77' lang='grc' dir='ltr'>ἐπιδείκνυται</span> <span class='ocrx_word' id='word_1_623' title='bbox 2468 3709 2496 3761; x_wconf 92' lang='lat'><strong>6</strong></span> <span class='ocrx_word' id='word_1_624' title='bbox 2524 3706 2758 3779; x_wconf 77' lang='grc' dir='ltr'>Χριστὸς</span> <span class='ocrx_word' id='word_1_625' title='bbox 2786 3706 2887 3778; x_wconf 83' lang='grc' dir='ltr'>τὴν</span> <span class='ocrx_word' id='word_1_626' title='bbox 2929 3704 3273 3778; x_wconf 90' lang='grc' dir='ltr'>ἀνθρωπίνην</span> <span class='ocrx_word' id='word_1_627' title='bbox 3296 3705 3472 3779; x_wconf 80' lang='grc' dir='ltr'>ψυχὴν</span> <span class='ocrx_word' id='word_1_628' title='bbox 3503 3705 3635 3760; x_wconf 69' lang='grc' dir='ltr'>ἰδίαν</span> 
     </span>
    </p>
   </div>
   <div class='ocr_carea' id='block_1_83' title="bbox 2061 3795 3633 3871">
    <p class='ocr_par' dir='ltr' id='par_1_83' title="bbox 2061 3795 3633 3871">
     <span class='ocr_line' id='line_1_83' title="bbox 2061 3795 3633 3871; baseline -0.002 -19"><span class='ocrx_word' id='word_1_629' title='bbox 2061 3795 2247 3861; x_wconf 71' lang='grc' dir='ltr'>οὖσαν,</span> <span class='ocrx_word' id='word_1_630' title='bbox 2279 3799 2366 3853; x_wconf 77' lang='grc' dir='ltr'>ἵνα</span> <span class='ocrx_word' id='word_1_631' title='bbox 2390 3799 2484 3852; x_wconf 76' lang='grc' dir='ltr'>καὶ</span> <span class='ocrx_word' id='word_1_632' title='bbox 2537 3800 2684 3870; x_wconf 81' lang='grc' dir='ltr'>παρῇ</span> <span class='ocrx_word' id='word_1_633' title='bbox 2728 3797 2804 3862; x_wconf 85' lang='grc' dir='ltr'>ὡς</span> <span class='ocrx_word' id='word_1_634' title='bbox 2856 3796 3141 3869; x_wconf 80' lang='grc' dir='ltr'>ἄνθρωπος</span> <span class='ocrx_word' id='word_1_635' title='bbox 3185 3798 3214 3850; x_wconf 89' lang='grc' dir='ltr'><strong>ό</strong></span> <span class='ocrx_word' id='word_1_636' title='bbox 3244 3797 3549 3871; x_wconf 85' lang='grc' dir='ltr'>ἀκράτητος</span> <span class='ocrx_word' id='word_1_637' title='bbox 3576 3798 3633 3850; x_wconf 81' lang='grc' dir='ltr'><strong>ἐν</strong></span> 
     </span>
    </p>
   </div>
   <div class='ocr_carea' id='block_1_84' title="bbox 2064 3882 3635 3962">
    <p class='ocr_par' dir='ltr' id='par_1_84' title="bbox 2064 3882 3635 3962">
     <span class='ocr_line' id='line_1_84' title="bbox 2064 3882 3635 3962; baseline -0.001 -21"><span class='ocrx_word' id='word_1_638' title='bbox 2064 3889 2299 3959; x_wconf 83' lang='grc' dir='ltr'>θανάτῳ,</span> <span class='ocrx_word' id='word_1_639' title='bbox 2327 3890 2422 3944; x_wconf 82' lang='grc' dir='ltr'><strong>καὶ</strong></span> <span class='ocrx_word' id='word_1_640' title='bbox 2450 3889 2591 3962; x_wconf 81' lang='grc' dir='ltr'>λύσῃ</span> <span class='ocrx_word' id='word_1_641' title='bbox 2648 3889 2747 3960; x_wconf 81' lang='grc' dir='ltr'>τὴν</span> <span class='ocrx_word' id='word_1_642' title='bbox 2803 3890 3068 3960; x_wconf 88' lang='grc' dir='ltr'>κράτησιν</span> <span class='ocrx_word' id='word_1_643' title='bbox 3128 3886 3223 3942; x_wconf 81' lang='grc' dir='ltr'>τοῦ</span> <span class='ocrx_word' id='word_1_644' title='bbox 3263 3887 3515 3948; x_wconf 87' lang='grc' dir='ltr'>θανάτου,</span> <span class='ocrx_word' id='word_1_645' title='bbox 3560 3882 3635 3951; x_wconf 83' lang='grc' dir='ltr'><strong>ὡς</strong></span> 
     </span>
    </p>
   </div>
   <div class='ocr_carea' id='block_1_85' title="bbox 2063 3978 3632 4051">
    <p class='ocr_par' dir='ltr' id='par_1_85' title="bbox 2063 3978 3632 4051">
     <span class='ocr_line' id='line_1_85' title="bbox 2063 3978 3632 4051; baseline -0.002 -18"><span class='ocrx_word' id='word_1_646' title='bbox 2063 3979 2194 4044; x_wconf 84' lang='grc' dir='ltr'>Θεός</span> <span class='ocrx_word' id='word_1_647' title='bbox 2226 3979 2359 4050; x_wconf 81' lang='grc'>(66)’</span> <span class='ocrx_word' id='word_1_648' title='bbox 2391 3980 2478 4034; x_wconf 80' lang='grc' dir='ltr'>ἵνα</span> <span class='ocrx_word' id='word_1_649' title='bbox 2510 3981 2643 4034; x_wconf 85' lang='grc' dir='ltr'>ὅπου</span> <span class='ocrx_word' id='word_1_650' title='bbox 2679 3979 2892 4051; x_wconf 81' lang='grc' dir='ltr'>ὲσπάρη</span> <span class='ocrx_word' id='word_1_651' title='bbox 2915 3981 2949 4050; x_wconf 86' lang='grc' dir='ltr'><strong>ή</strong></span> <span class='ocrx_word' id='word_1_652' title='bbox 3004 3978 3199 4051; x_wconf 83' lang='grc' dir='ltr'>φθορὰ,</span> <span class='ocrx_word' id='word_1_653' title='bbox 3234 3979 3350 4031; x_wconf 77' lang='grc' dir='ltr'>ἐκεῖ</span> <span class='ocrx_word' id='word_1_654' title='bbox 3380 3978 3632 4047; x_wconf 80' lang='grc' dir='ltr'>ἀνατείλῃ</span> 
     </span>
    </p>
   </div>
   <div class='ocr_carea' id='block_1_86' title="bbox 2065 4070 3632 4144">
    <p class='ocr_par' dir='ltr' id='par_1_86' title="bbox 2065 4070 3632 4144">
     <span class='ocr_line' id='line_1_86' title="bbox 2065 4070 3632 4144; baseline -0.004 -18"><span class='ocrx_word' id='word_1_655' title='bbox 2065 4072 2421 4144; x_wconf 81' lang='grc' dir='ltr'>ἡάφθαρσία·</span> <span class='ocrx_word' id='word_1_656' title='bbox 2481 4073 2575 4125; x_wconf 74' lang='grc' dir='ltr'><strong>καὶ</strong></span> <span class='ocrx_word' id='word_1_657' title='bbox 2625 4071 2758 4125; x_wconf 85' lang='grc' dir='ltr'>ὅπου</span> <span class='ocrx_word' id='word_1_658' title='bbox 2820 4070 3168 4125; x_wconf 72' lang='grc' dir='ltr'>ἐϐασίλευσεν</span> <span class='ocrx_word' id='word_1_659' title='bbox 3224 4073 3253 4124; x_wconf 94' lang='lat'><strong>6</strong></span> <span class='ocrx_word' id='word_1_660' title='bbox 3301 4070 3528 4134; x_wconf 86' lang='grc' dir='ltr'>θάνατος</span> <span class='ocrx_word' id='word_1_661' title='bbox 3576 4071 3632 4121; x_wconf 78' lang='grc' dir='ltr'><strong>έν</strong></span> 
     </span>
    </p>
   </div>
   <div class='ocr_carea' id='block_1_87' title="bbox 2068 4160 3632 4235">
    <p class='ocr_par' dir='ltr' id='par_1_87' title="bbox 2068 4160 3632 4235">
     <span class='ocr_line' id='line_1_87' title="bbox 2068 4160 3632 4235; baseline -0.003 -19"><span class='ocrx_word' id='word_1_662' title='bbox 2068 4166 2247 4235; x_wconf 80' lang='grc' dir='ltr'>μορφῇ</span> <span class='ocrx_word' id='word_1_663' title='bbox 2267 4164 2443 4234; x_wconf 75' lang='grc' dir='ltr'>ψυχῆς</span> <span class='ocrx_word' id='word_1_664' title='bbox 2463 4161 2829 4234; x_wconf 86' lang='grc' dir='ltr'>ἀνθρωπίνης,</span> <span class='ocrx_word' id='word_1_665' title='bbox 2871 4161 3058 4233; x_wconf 87' lang='grc' dir='ltr'>παρὼν</span> <span class='ocrx_word' id='word_1_666' title='bbox 3081 4164 3110 4215; x_wconf 90' lang='lat'><strong>6</strong></span> <span class='ocrx_word' id='word_1_667' title='bbox 3146 4160 3411 4225; x_wconf 86' lang='grc' dir='ltr'>ἀθάνατος</span> <span class='ocrx_word' id='word_1_668' title='bbox 3437 4160 3632 4215; x_wconf 73' lang='grc' dir='ltr'>ἐπιδεί-</span> 
     </span>
    </p>
   </div>
   <div class='ocr_carea' id='block_1_88' title="bbox 2067 4252 3632 4326">
    <p class='ocr_par' dir='ltr' id='par_1_88' title="bbox 2067 4252 3632 4326">
     <span class='ocr_line' id='line_1_88' title="bbox 2067 4252 3632 4326; baseline -0.003 -19"><span class='ocrx_word' id='word_1_669' title='bbox 2067 4254 2220 4326; x_wconf 81' lang='grc' dir='ltr'>ξηται</span> <span class='ocrx_word' id='word_1_670' title='bbox 2251 4253 2347 4325; x_wconf 84' lang='grc' dir='ltr'>τὴν</span> <span class='ocrx_word' id='word_1_671' title='bbox 2370 4253 2686 4309; x_wconf 83' lang='grc' dir='ltr'>ἀθανασίαν·</span> <span class='ocrx_word' id='word_1_672' title='bbox 2719 4254 2814 4308; x_wconf 78' lang='grc' dir='ltr'>καὶ</span> <span class='ocrx_word' id='word_1_673' title='bbox 2851 4252 3021 4317; x_wconf 78' lang='grc' dir='ltr'>οὕτως</span> <span class='ocrx_word' id='word_1_674' title='bbox 3057 4255 3205 4325; x_wconf 78' lang='grc' dir='ltr'>ἡμᾶς</span> <span class='ocrx_word' id='word_1_675' title='bbox 3247 4253 3505 4326; x_wconf 69' lang='grc' dir='ltr'>μετόχους</span> <span class='ocrx_word' id='word_1_676' title='bbox 3532 4269 3632 4306; x_wconf 62' lang='grc' dir='ltr'>καη</span> 
     </span>
    </p>
   </div>
   <div class='ocr_carea' id='block_1_89' title="bbox 2065 4323 3633 4417">
    <p class='ocr_par' dir='ltr' id='par_1_89' title="bbox 2065 4323 3633 4417">
     <span class='ocr_line' id='line_1_89' title="bbox 2065 4323 3633 4417; baseline -0.003 -19"><span class='ocrx_word' id='word_1_677' title='bbox 2065 4323 2315 4417; x_wconf 15' lang='grc' dir='ltr'>ταστήσῃή</span> <span class='ocrx_word' id='word_1_678' title='bbox 2344 4346 2443 4413; x_wconf 82' lang='grc' dir='ltr'>τῆς</span> <span class='ocrx_word' id='word_1_679' title='bbox 2491 4343 2684 4397; x_wconf 77' lang='grc' dir='ltr'>ἑαυτοῦ</span> <span class='ocrx_word' id='word_1_680' title='bbox 2747 4342 3052 4416; x_wconf 87' lang='grc' dir='ltr'>ἀφθαρσίας</span> <span class='ocrx_word' id='word_1_681' title='bbox 3081 4323 3203 4397; x_wconf 24' lang='grc' dir='ltr'>νκα).</span> <span class='ocrx_word' id='word_1_682' title='bbox 3249 4323 3547 4408; x_wconf 71' lang='grc' dir='ltr'>ιῖθανασίας</span> <span class='ocrx_word' id='word_1_683' title='bbox 3576 4345 3633 4394; x_wconf 79' lang='grc' dir='ltr'>ἐν</span> 
     </span>
    </p>
   </div>
   <div class='ocr_carea' id='block_1_90' title="bbox 2067 4431 3634 4504">
    <p class='ocr_par' dir='ltr' id='par_1_90' title="bbox 2067 4431 3634 4504">
     <span class='ocr_line' id='line_1_90' title="bbox 2067 4431 3634 4504; baseline -0.001 -18"><span class='ocrx_word' id='word_1_684' title='bbox 2067 4433 2240 4486; x_wconf 74' lang='grc' dir='ltr'>ἐλπίδι</span> <span class='ocrx_word' id='word_1_685' title='bbox 2267 4433 2612 4496; x_wconf 86' lang='grc' dir='ltr'>ἀναστάσεως</span> <span class='ocrx_word' id='word_1_686' title='bbox 2643 4433 2741 4503; x_wconf 81' lang='grc' dir='ltr'>τῆς</span> <span class='ocrx_word' id='word_1_687' title='bbox 2760 4435 2825 4486; x_wconf 81' lang='grc' dir='ltr'>ὲκ</span> <span class='ocrx_word' id='word_1_688' title='bbox 2872 4432 3099 4504; x_wconf 87' lang='grc' dir='ltr'>νεκρῶν·</span> <span class='ocrx_word' id='word_1_689' title='bbox 3135 4433 3283 4497; x_wconf 81' lang='grc' dir='ltr'>ὅπως</span> <span class='ocrx_word' id='word_1_690' title='bbox 3331 4431 3399 4488; x_wconf 80' lang='grc' dir='ltr'><strong>ἂν</strong></span> <span class='ocrx_word' id='word_1_691' title='bbox 3445 4435 3538 4487; x_wconf 73' lang='grc' dir='ltr'>καὶ</span> <span class='ocrx_word' id='word_1_692' title='bbox 3572 4432 3634 4485; x_wconf 80' lang='grc' dir='ltr'>τὸ</span> 
     </span>
    </p>
   </div>
   <div class='ocr_carea' id='block_1_91' title="bbox 397 4523 1960 4618">
    <p class='ocr_par' dir='ltr' id='par_1_91' title="bbox 397 4523 1960 4618">
     <span class='ocr_line' id='line_1_91' title="bbox 397 4523 1960 4618; baseline 0.001 -18"><span class='ocrx_word' id='word_1_693' title='bbox 397 4523 853 4617; x_wconf 78' lang='lat' dir='ltr'><strong>quemadmodum</strong></span> <span class='ocrx_word' id='word_1_694' title='bbox 898 4547 1159 4618; x_wconf 88' lang='lat' dir='ltr'><strong>scriptum</strong></span> <span class='ocrx_word' id='word_1_695' title='bbox 1205 4557 1289 4604; x_wconf 90' lang='lat' dir='ltr'><strong>est</strong></span> <span class='ocrx_word' id='word_1_696' title='bbox 1323 4568 1338 4604; x_wconf 89' lang='lat'><strong>:</strong></span> <span class='ocrx_word' id='word_1_697' title='bbox 1375 4557 1466 4614; x_wconf 91' lang='lat' dir='ltr'><strong>ut,</strong></span> <span class='ocrx_word' id='word_1_698' title='bbox 1498 4550 1632 4603; x_wconf 80' lang='lat' dir='ltr'><strong>sicut</strong></span> <span class='ocrx_word' id='word_1_699' title='bbox 1663 4565 1756 4618; x_wconf 76' lang='lat' dir='ltr'><strong>per</strong></span> <span class='ocrx_word' id='word_1_700' title='bbox 1801 4523 1960 4604; x_wconf 76' lang='lat' dir='ltr'><strong>unum</strong></span> 
     </span>
    </p>
   </div>
   <div class='ocr_carea' id='block_1_92' title="bbox 2064 4523 3701 4618">
    <p class='ocr_par' dir='ltr' id='par_1_92' title="bbox 2069 4523 3701 4615">
     <span class='ocr_line' id='line_1_92' title="bbox 2069 4523 3701 4615; baseline 0 -37"><span class='ocrx_word' id='word_1_701' title='bbox 2069 4525 2304 4596; x_wconf 85' lang='grc' dir='ltr'>φθαρτὸν</span> <span class='ocrx_word' id='word_1_702' title='bbox 2364 4523 2522 4578; x_wconf 81' lang='grc' dir='ltr'>τοῦτο</span> <span class='ocrx_word' id='word_1_703' title='bbox 2581 4524 2866 4596; x_wconf 80' lang='grc' dir='ltr'>ἐνδύσηται</span> <span class='ocrx_word' id='word_1_704' title='bbox 2898 4523 3009 4595; x_wconf 88' lang='grc'>(67)</span> <span class='ocrx_word' id='word_1_705' title='bbox 3056 4523 3383 4594; x_wconf 86' lang='grc' dir='ltr'>ἀφθαρσίαν,</span> <span class='ocrx_word' id='word_1_706' title='bbox 3444 4524 3633 4579; x_wconf 75' lang='grc' dir='ltr'>καὶτὸ</span> <span class='ocrx_word' id='word_1_707' title='bbox 3696 4606 3701 4615; x_wconf 13' lang='grc' dir='ltr'>ψ</span> 
     </span>
    </p>
   </div>
   <div class='ocr_carea' id='block_1_93' title="bbox 399 4638 1954 4711">
    <p class='ocr_par' dir='ltr' id='par_1_93' title="bbox 399 4638 1954 4711">
     <span class='ocr_line' id='line_1_93' title="bbox 399 4638 1954 4711; baseline 0.003 -20"><span class='ocrx_word' id='word_1_708' title='bbox 399 4638 659 4693; x_wconf 77' lang='lat' dir='ltr'><strong>hominem</strong></span> <span class='ocrx_word' id='word_1_709' title='bbox 693 4647 965 4703; x_wconf 82' lang='lat' dir='ltr'><strong>peccatum</strong></span> <span class='ocrx_word' id='word_1_710' title='bbox 1002 4640 1220 4694; x_wconf 81' lang='lat' dir='ltr'><strong>intravit</strong></span> <span class='ocrx_word' id='word_1_711' title='bbox 1259 4641 1315 4694; x_wconf 81' lang='lat' dir='ltr'><strong>in</strong></span> <span class='ocrx_word' id='word_1_712' title='bbox 1342 4641 1620 4707; x_wconf 84' lang='lat' dir='ltr'><strong>mundum,</strong></span> <span class='ocrx_word' id='word_1_713' title='bbox 1653 4651 1704 4698; x_wconf 83' lang='lat' dir='ltr'><strong>et</strong></span> <span class='ocrx_word' id='word_1_714' title='bbox 1729 4657 1818 4711; x_wconf 89' lang='lat' dir='ltr'><strong>per</strong></span> <span class='ocrx_word' id='word_1_715' title='bbox 1840 4658 1954 4711; x_wconf 83' lang='lat' dir='ltr'><strong>pec-</strong></span> 
     </span>
    </p>
   </div>
   <div class='ocr_carea' id='block_1_94' title="bbox 397 4725 1963 4796">
    <p class='ocr_par' dir='ltr' id='par_1_94' title="bbox 397 4725 1963 4796">
     <span class='ocr_line' id='line_1_94' title="bbox 397 4725 1963 4796; baseline 0.006 -20"><span class='ocrx_word' id='word_1_716' title='bbox 397 4733 578 4777; x_wconf 78' lang='lat' dir='ltr'><strong>catum</strong></span> <span class='ocrx_word' id='word_1_717' title='bbox 623 4725 861 4792; x_wconf 64' lang='lat' dir='ltr'><strong>more&quot;;</strong></span> <span class='ocrx_word' id='word_1_718' title='bbox 893 4726 974 4781; x_wconf 91' lang='lat' dir='ltr'><strong>sic</strong></span> <span class='ocrx_word' id='word_1_719' title='bbox 1001 4734 1055 4781; x_wconf 91' lang='lat' dir='ltr'><strong>et</strong></span> <span class='ocrx_word' id='word_1_720' title='bbox 1102 4742 1196 4796; x_wconf 87' lang='lat' dir='ltr'><strong>per</strong></span> <span class='ocrx_word' id='word_1_721' title='bbox 1232 4744 1401 4783; x_wconf 90' lang='lat' dir='ltr'><strong>unum</strong></span> <span class='ocrx_word' id='word_1_722' title='bbox 1448 4730 1729 4785; x_wconf 90' lang='lat' dir='ltr'><strong>hominem</strong></span> <span class='ocrx_word' id='word_1_723' title='bbox 1775 4729 1963 4786; x_wconf 85' lang='lat' dir='ltr'><strong>Jesum</strong></span> 
     </span>
    </p>
   </div>
   <div class='ocr_carea' id='block_1_95' title="bbox 398 4808 1964 4889">
    <p class='ocr_par' dir='ltr' id='par_1_95' title="bbox 398 4808 1964 4889">
     <span class='ocr_line' id='line_1_95' title="bbox 398 4808 1964 4889; baseline 0.004 -21"><span class='ocrx_word' id='word_1_724' title='bbox 398 4814 675 4869; x_wconf 83' lang='lat' dir='ltr'><strong>Christum</strong></span> <span class='ocrx_word' id='word_1_725' title='bbox 725 4808 898 4884; x_wconf 81' lang='lat' dir='ltr'><strong>gratia</strong></span> <span class='ocrx_word' id='word_1_726' title='bbox 949 4826 1196 4887; x_wconf 80' lang='lat' dir='ltr'><strong>regnaret</strong></span> <span class='ocrx_word' id='word_1_727' title='bbox 1247 4834 1342 4888; x_wconf 92' lang='lat' dir='ltr'><strong>per</strong></span> <span class='ocrx_word' id='word_1_728' title='bbox 1384 4819 1650 4889; x_wconf 82' lang='lat' dir='ltr'><strong>justitiam</strong></span> <span class='ocrx_word' id='word_1_729' title='bbox 1692 4822 1745 4875; x_wconf 90' lang='lat' dir='ltr'><strong>in</strong></span> <span class='ocrx_word' id='word_1_730' title='bbox 1797 4823 1964 4876; x_wconf 83' lang='lat' dir='ltr'><strong>vitam</strong></span> 
     </span>
    </p>
   </div>
   <div class='ocr_carea' id='block_1_96' title="bbox 471 4926 910 4992">
    <p class='ocr_par' dir='ltr' id='par_1_96' title="bbox 471 4926 910 4992">
     <span class='ocr_line' id='line_1_96' title="bbox 471 4926 910 4992; baseline 0.005 -12"><span class='ocrx_word' id='word_1_731' title='bbox 471 4927 517 4959; x_wconf 78' lang='grc' dir='ltr'><strong>’⁷ο</strong></span> <span class='ocrx_word' id='word_1_732' title='bbox 544 4926 703 4984; x_wconf 81' lang='lat' dir='ltr'><strong>Rom.</strong></span> <span class='ocrx_word' id='word_1_733' title='bbox 733 4944 787 4992; x_wconf 92' lang='lat' dir='ltr'><strong>v,</strong></span> <span class='ocrx_word' id='word_1_734' title='bbox 823 4928 910 4983; x_wconf 78' lang='grc'><strong>12.</strong></span> 
     </span>
    </p>
   </div>
   <div class='ocr_carea' id='block_1_97' title="bbox 473 5038 1967 5112">
    <p class='ocr_par' dir='ltr' id='par_1_97' title="bbox 473 5038 1967 5112">
     <span class='ocr_line' id='line_1_97' title="bbox 473 5038 1967 5112; baseline 0.003 -18"><span class='ocrx_word' id='word_1_735' title='bbox 473 5039 582 5112; x_wconf 86' lang='lat'><strong>(59)</strong></span> <span class='ocrx_word' id='word_1_736' title='bbox 600 5038 737 5112; x_wconf 58' lang='lat' dir='ltr'><strong>iiaac</strong></span> <span class='ocrx_word' id='word_1_737' title='bbox 772 5039 1069 5112; x_wconf 75' lang='lat' dir='ltr'><strong>afferuntur</strong></span> <span class='ocrx_word' id='word_1_738' title='bbox 1105 5057 1135 5096; x_wconf 88' lang='lat' dir='ltr'><strong>a</strong></span> <span class='ocrx_word' id='word_1_739' title='bbox 1172 5041 1506 5098; x_wconf 88' lang='lat' dir='ltr'><strong>Damasceno</strong></span> <span class='ocrx_word' id='word_1_740' title='bbox 1548 5045 1641 5098; x_wconf 87' lang='lat' dir='ltr'><strong>lib.</strong></span> <span class='ocrx_word' id='word_1_741' title='bbox 1676 5061 1729 5098; x_wconf 82' lang='lat' dir='ltr'><strong>IV</strong></span> <span class='ocrx_word' id='word_1_742' title='bbox 1757 5045 1831 5101; x_wconf 85' lang='lat' dir='ltr'><strong>De</strong></span> <span class='ocrx_word' id='word_1_743' title='bbox 1880 5063 1967 5098; x_wconf 85' lang='lat' dir='ltr'><strong>or-</strong></span> 
     </span>
    </p>
   </div>
   <div class='ocr_carea' id='block_1_98' title="bbox 402 5109 1968 5185">
    <p class='ocr_par' dir='ltr' id='par_1_98' title="bbox 402 5109 1968 5185">
     <span class='ocr_line' id='line_1_98' title="bbox 402 5109 1968 5185; baseline 0.004 -22"><span class='ocrx_word' id='word_1_744' title='bbox 402 5109 546 5163; x_wconf 81' lang='lat' dir='ltr'><strong>thod.</strong></span> <span class='ocrx_word' id='word_1_745' title='bbox 567 5109 699 5179; x_wconf 73' lang='lat' dir='ltr'><strong>ﬁde.</strong></span> <span class='ocrx_word' id='word_1_746' title='bbox 730 5125 855 5185; x_wconf 63' lang='lat' dir='ltr'><strong>cap.</strong></span> <span class='ocrx_word' id='word_1_747' title='bbox 882 5110 970 5163; x_wconf 69' lang='grc'><strong>23.</strong></span> <span class='ocrx_word' id='word_1_748' title='bbox 1000 5110 1359 5185; x_wconf 39' lang='grc' dir='ltr'>ιϋὶόεηιηγάρ</span> <span class='ocrx_word' id='word_1_749' title='bbox 1390 5112 1831 5185; x_wconf 63' lang='lat' dir='ltr'><strong>xaideestapud</strong></span> <span class='ocrx_word' id='word_1_750' title='bbox 1862 5116 1968 5170; x_wconf 85' lang='lat' dir='ltr'><strong>Da-</strong></span> 
     </span>
    </p>
   </div>
   <div class='ocr_carea' id='block_1_99' title="bbox 402 5180 1964 5252">
    <p class='ocr_par' dir='ltr' id='par_1_99' title="bbox 402 5180 1964 5252">
     <span class='ocr_line' id='line_1_99' title="bbox 402 5180 1964 5252; baseline 0.005 -18"><span class='ocrx_word' id='word_1_751' title='bbox 402 5195 736 5252; x_wconf 83' lang='lat' dir='ltr'><strong>mascenum,</strong></span> <span class='ocrx_word' id='word_1_752' title='bbox 764 5180 1091 5252; x_wconf 74' lang='grc' dir='ltr'>καίιιιιιῑυηι</span> <span class='ocrx_word' id='word_1_753' title='bbox 1132 5183 1185 5236; x_wconf 90' lang='lat' dir='ltr'><strong>in</strong></span> <span class='ocrx_word' id='word_1_754' title='bbox 1227 5180 1448 5252; x_wconf 44' lang='lat' dir='ltr'><strong>seg‘uer.</strong></span> <span class='ocrx_word' id='word_1_755' title='bbox 1474 5183 1643 5238; x_wconf 87' lang='lat' dir='ltr'><strong>deest.</strong></span> <span class='ocrx_word' id='word_1_756' title='bbox 1674 5180 1797 5240; x_wconf 79' lang='lat' dir='ltr'><strong>Mox</strong></span> <span class='ocrx_word' id='word_1_757' title='bbox 1832 5187 1964 5249; x_wconf 64' lang='grc' dir='ltr'>ῐιειξο,</span> 
     </span>
    </p>
   </div>
   <div class='ocr_carea' id='block_1_100' title="bbox 402 5249 1963 5327">
    <p class='ocr_par' dir='ltr' id='par_1_100' title="bbox 402 5249 1963 5327">
     <span class='ocr_line' id='line_1_100' title="bbox 402 5249 1963 5327; baseline 0.004 -24"><span class='ocrx_word' id='word_1_758' title='bbox 402 5249 826 5327; x_wconf 28' lang='grc' dir='ltr'>καιλκατώδυνός</span> <span class='ocrx_word' id='word_1_759' title='bbox 858 5251 995 5327; x_wconf 71' lang='grc' dir='ltr'>ἐστι,</span> <span class='ocrx_word' id='word_1_760' title='bbox 1023 5252 1219 5327; x_wconf 81' lang='lat' dir='ltr'><strong>absunt</strong></span> <span class='ocrx_word' id='word_1_761' title='bbox 1241 5249 1524 5327; x_wconf 77' lang='lat' dir='ltr'><strong>a_Seguer.</strong></span> <span class='ocrx_word' id='word_1_762' title='bbox 1558 5252 1720 5310; x_wconf 85' lang='lat' dir='ltr'><strong>Basil.</strong></span> <span class='ocrx_word' id='word_1_763' title='bbox 1753 5255 1963 5327; x_wconf 80' lang='lat' dir='ltr'><strong>Anglic.</strong></span> 
     </span>
    </p>
   </div>
   <div class='ocr_carea' id='block_1_101' title="bbox 403 5319 1553 5393">
    <p class='ocr_par' dir='ltr' id='par_1_101' title="bbox 403 5319 1553 5393">
     <span class='ocr_line' id='line_1_101' title="bbox 403 5319 1553 5393; baseline 0.003 -21"><span class='ocrx_word' id='word_1_764' title='bbox 403 5329 457 5372; x_wconf 92' lang='lat' dir='ltr'><strong>et</strong></span> <span class='ocrx_word' id='word_1_765' title='bbox 486 5319 758 5393; x_wconf 49' lang='lat' dir='ltr'><strong>patriast;</strong></span> <span class='ocrx_word' id='word_1_766' title='bbox 790 5322 844 5374; x_wconf 87' lang='lat' dir='ltr'><strong>in</strong></span> <span class='ocrx_word' id='word_1_767' title='bbox 871 5321 993 5393; x_wconf 73' lang='lat' dir='ltr'><strong>aliis</strong></span> <span class='ocrx_word' id='word_1_768' title='bbox 1017 5331 1071 5393; x_wconf 78' lang='lat' dir='ltr'><strong>et</strong></span> <span class='ocrx_word' id='word_1_769' title='bbox 1093 5323 1252 5393; x_wconf 82' lang='lat' dir='ltr'><strong>editis</strong></span> <span class='ocrx_word' id='word_1_770' title='bbox 1283 5319 1553 5393; x_wconf 87' lang='lat' dir='ltr'><strong>leguntur.</strong></span> 
     </span>
    </p>
   </div>
   <div class='ocr_carea' id='block_1_102' title="bbox 444 5389 1960 5513">
    <p class='ocr_par' dir='ltr' id='par_1_102' title="bbox 444 5389 1960 5513">
     <span class='ocr_line' id='line_1_102' title="bbox 444 5389 1960 5513; baseline 0.004 -71"><span class='ocrx_word' id='word_1_771' title='bbox 444 5389 915 5513; x_wconf 46' lang='lat' dir='ltr'><strong>mghgzyseguer.,ﬂ</strong></span> <span class='ocrx_word' id='word_1_772' title='bbox 942 5390 1017 5455; x_wconf 87' lang='grc' dir='ltr'>ὡς</span> <span class='ocrx_word' id='word_1_773' title='bbox 1041 5391 1181 5447; x_wconf 86' lang='grc' dir='ltr'>δοκ-.</span> <span class='ocrx_word' id='word_1_774' title='bbox 1210 5389 1460 5449; x_wconf 65' lang='grc' dir='ltr'>υλιηέεθ.</span> <span class='ocrx_word' id='word_1_775' title='bbox 1480 5392 1637 5461; x_wconf 89' lang='lat' dir='ltr'><strong>ibid.,</strong></span> <span class='ocrx_word' id='word_1_776' title='bbox 1654 5393 1960 5483; x_wconf 85' lang='grc' dir='ltr'>γενομένων</span> 
     </span>
    </p>
   </div>
   <div class='ocr_carea' id='block_1_103' title="bbox 403 5473 1871 5528">
    <p class='ocr_par' dir='ltr' id='par_1_103' title="bbox 403 5473 1871 5528">
     <span class='ocr_line' id='line_1_103' title="bbox 403 5473 1871 5528; baseline 0.002 -18"><span class='ocrx_word' id='word_1_777' title='bbox 403 5473 508 5513; x_wconf 88' lang='grc' dir='ltr'><strong>των</strong></span> <span class='ocrx_word' id='word_1_778' title='bbox 530 5473 642 5528; x_wconf 78' lang='grc' dir='ltr'>λεγ.</span> <span class='ocrx_word' id='word_1_779' title='bbox 1870 5478 1871 5483; x_wconf 68' lang='lat'>‘</span> 
     </span>
    </p>
   </div>
   <div class='ocr_carea' id='block_1_104' title="bbox 496 5527 1462 5604">
    <p class='ocr_par' dir='ltr' id='par_1_104' title="bbox 496 5527 1462 5604">
     <span class='ocr_line' id='line_1_104' title="bbox 496 5527 1462 5604; baseline -0.007 0"><span class='ocrx_word' id='word_1_780' title='bbox 496 5527 585 5604; x_wconf 63' lang='grc' dir='ltr'><strong>ξε)</strong></span> <span class='ocrx_word' id='word_1_781' title='bbox 604 5527 1063 5604; x_wconf 58' lang='grc' dir='ltr'><strong>ἔδειιθνηέξμᾷςο</strong></span> <span class='ocrx_word' id='word_1_782' title='bbox 1091 5530 1264 5604; x_wconf 78' lang='lat' dir='ltr'><strong>Editi.</strong></span> <span class='ocrx_word' id='word_1_783' title='bbox 1298 5533 1462 5604; x_wconf 73' lang='grc' dir='ltr'>ὑμᾶς.</span> 
     </span>
    </p>
   </div>
   <div class='ocr_carea' id='block_1_105' title="bbox 496 5598 1709 5675">
    <p class='ocr_par' dir='ltr' id='par_1_105' title="bbox 496 5598 1709 5675">
     <span class='ocr_line' id='line_1_105' title="bbox 496 5598 1709 5675; baseline 0.002 -20"><span class='ocrx_word' id='word_1_784' title='bbox 496 5598 588 5675; x_wconf 63' lang='grc' dir='ltr'><strong>(ξὲ)</strong></span> <span class='ocrx_word' id='word_1_785' title='bbox 619 5598 841 5675; x_wconf 66' lang='lat' dir='ltr'><strong>§eguer.</strong></span> <span class='ocrx_word' id='word_1_786' title='bbox 874 5598 1038 5675; x_wconf 26' lang='lat' dir='ltr'><strong>Basii‘.</strong></span> <span class='ocrx_word' id='word_1_787' title='bbox 1073 5598 1310 5675; x_wconf 53' lang='lat' dir='ltr'><strong>Anglic”</strong></span> <span class='ocrx_word' id='word_1_788' title='bbox 1338 5598 1709 5675; x_wconf 59' lang='grc' dir='ltr'>προχωρησις.</span> 
     </span>
    </p>
   </div>
   <div class='ocr_carea' id='block_1_106' title="bbox 474 5654 1968 5740">
    <p class='ocr_par' dir='ltr' id='par_1_106' title="bbox 474 5654 1968 5740">
     <span class='ocr_line' id='line_1_106' title="bbox 474 5654 1968 5740; baseline 0.005 -18"><span class='ocrx_word' id='word_1_789' title='bbox 474 5654 841 5740; x_wconf 47' lang='grc' dir='ltr'>(πιδείξω.</span> <span class='ocrx_word' id='word_1_790' title='bbox 874 5654 1087 5739; x_wconf 63' lang='lat' dir='ltr'><strong>Anglic.</strong></span> <span class='ocrx_word' id='word_1_791' title='bbox 1108 5654 1414 5728; x_wconf 49' lang='lat' dir='ltr'><strong>causa</strong></span> <span class='ocrx_word' id='word_1_792' title='bbox 1429 5654 1598 5729; x_wconf 58' lang='lat' dir='ltr'><strong>me:</strong></span> <span class='ocrx_word' id='word_1_793' title='bbox 1613 5654 1709 5739; x_wconf 65' lang='grc' dir='ltr'><strong>’ίῖ</strong></span> <span class='ocrx_word' id='word_1_794' title='bbox 1740 5675 1968 5730; x_wconf 76' lang='grc' dir='ltr'>ἐνδύσα-</span> 
     </span>
    </p>
   </div>
   <div class='ocr_carea' id='block_1_107' title="bbox 409 5734 1372 5801">
    <p class='ocr_par' dir='ltr' id='par_1_107' title="bbox 409 5734 1372 5801">
     <span class='ocr_line' id='line_1_107' title="bbox 409 5734 1372 5801; baseline 0.008 -13"><span class='ocrx_word' id='word_1_795' title='bbox 409 5734 551 5789; x_wconf 81' lang='grc' dir='ltr'>σθαι.</span> <span class='ocrx_word' id='word_1_796' title='bbox 569 5734 723 5801; x_wconf 69' lang='grc' dir='ltr'>Ἐιϋιῗ</span> <span class='ocrx_word' id='word_1_797' title='bbox 744 5749 800 5794; x_wconf 89' lang='lat' dir='ltr'><strong>et</strong></span> <span class='ocrx_word' id='word_1_798' title='bbox 822 5740 934 5801; x_wconf 88' lang='lat' dir='ltr'><strong>alii,</strong></span> <span class='ocrx_word' id='word_1_799' title='bbox 960 5734 1372 5796; x_wconf 62' lang='grc' dir='ltr'>ἐπενδύσασθαι.</span> 
     </span>
    </p>
   </div>
   <div class='ocr_carea' id='block_1_108' title="bbox 478 5804 1968 5897">
    <p class='ocr_par' dir='ltr' id='par_1_108' title="bbox 478 5804 1968 5897">
     <span class='ocr_line' id='line_1_108' title="bbox 478 5804 1968 5897; baseline 0.009 -39"><span class='ocrx_word' id='word_1_800' title='bbox 478 5804 590 5876; x_wconf 72' lang='grc'>(64)</span> <span class='ocrx_word' id='word_1_801' title='bbox 620 5805 1090 5897; x_wconf 58' lang='lat' dir='ltr'><strong>Seguer._Cobler.</strong></span> <span class='ocrx_word' id='word_1_802' title='bbox 1115 5821 1169 5865; x_wconf 89' lang='lat' dir='ltr'><strong>et</strong></span> <span class='ocrx_word' id='word_1_803' title='bbox 1197 5809 1341 5866; x_wconf 84' lang='lat' dir='ltr'><strong>Felc.</strong></span> <span class='ocrx_word' id='word_1_804' title='bbox 1378 5812 1426 5881; x_wconf 89' lang='grc'><strong>1,</strong></span> <span class='ocrx_word' id='word_1_805' title='bbox 1452 5814 1777 5897; x_wconf 64' lang='grc' dir='ltr'>γεννήσεως.</span> <span class='ocrx_word' id='word_1_806' title='bbox 1805 5815 1968 5887; x_wconf 85' lang='lat' dir='ltr'><strong>Editi,</strong></span> 
     </span>
    </p>
   </div>
   <div class='ocr_carea' id='block_1_109' title="bbox 2070 4613 3629 4686">
    <p class='ocr_par' dir='ltr' id='par_1_109' title="bbox 2070 4613 3629 4686">
     <span class='ocr_line' id='line_1_109' title="bbox 2070 4613 3629 4686; baseline -0.001 -17"><span class='ocrx_word' id='word_1_807' title='bbox 2070 4614 2262 4685; x_wconf 83' lang='grc' dir='ltr'>θνητὸν</span> <span class='ocrx_word' id='word_1_808' title='bbox 2290 4614 2447 4668; x_wconf 84' lang='grc' dir='ltr'>τοῦτο</span> <span class='ocrx_word' id='word_1_809' title='bbox 2482 4613 2768 4686; x_wconf 75' lang='grc' dir='ltr'>ἐνδύσηται</span> <span class='ocrx_word' id='word_1_810' title='bbox 2818 4613 3138 4679; x_wconf 87' lang='grc' dir='ltr'>ἀθανασίαν,</span> <span class='ocrx_word' id='word_1_811' title='bbox 3183 4614 3260 4678; x_wconf 87' lang='grc' dir='ltr'>ὡς</span> <span class='ocrx_word' id='word_1_812' title='bbox 3302 4614 3629 4686; x_wconf 85' lang='grc' dir='ltr'>γέγραπται’</span> 
     </span>
    </p>
   </div>
   <div class='ocr_carea' id='block_1_110' title="bbox 2066 4704 3633 4775">
    <p class='ocr_par' dir='ltr' id='par_1_110' title="bbox 2066 4704 3633 4775">
     <span class='ocr_line' id='line_1_110' title="bbox 2066 4704 3633 4775; baseline 0 -15"><span class='ocrx_word' id='word_1_813' title='bbox 2066 4706 2153 4771; x_wconf 82' lang='grc' dir='ltr'>ἵν’,</span> <span class='ocrx_word' id='word_1_814' title='bbox 2192 4704 2393 4774; x_wconf 83' lang='grc' dir='ltr'>ὥσπερ</span> <span class='ocrx_word' id='word_1_815' title='bbox 2427 4705 2499 4758; x_wconf 85' lang='grc' dir='ltr'>δι’</span> <span class='ocrx_word' id='word_1_816' title='bbox 2537 4704 2673 4772; x_wconf 83' lang='grc' dir='ltr'><strong>ἐνὸς</strong></span> <span class='ocrx_word' id='word_1_817' title='bbox 2720 4704 3031 4774; x_wconf 82' lang='grc' dir='ltr'>ἀνθρώπου</span> <span class='ocrx_word' id='word_1_818' title='bbox 3062 4706 3101 4771; x_wconf 78' lang='grc' dir='ltr'><strong><em>ἠ</em></strong></span> <span class='ocrx_word' id='word_1_819' title='bbox 3129 4705 3383 4775; x_wconf 78' lang='grc' dir='ltr'>ἁμαρτία</span> <span class='ocrx_word' id='word_1_820' title='bbox 3416 4708 3506 4771; x_wconf 80' lang='grc' dir='ltr'><strong>εις</strong></span> <span class='ocrx_word' id='word_1_821' title='bbox 3531 4706 3633 4760; x_wconf 73' lang='grc' dir='ltr'><strong>τὸν</strong></span> 
     </span>
    </p>
   </div>
   <div class='ocr_carea' id='block_1_111' title="bbox 2065 4796 3628 4868">
    <p class='ocr_par' dir='ltr' id='par_1_111' title="bbox 2065 4796 3628 4868">
     <span class='ocr_line' id='line_1_111' title="bbox 2065 4796 3628 4868; baseline 0 -15"><span class='ocrx_word' id='word_1_822' title='bbox 2065 4800 2293 4868; x_wconf 81' lang='grc' dir='ltr'>κόσμον</span> <span class='ocrx_word' id='word_1_823' title='bbox 2314 4797 2584 4868; x_wconf 70' lang='grc' dir='ltr'>εἰσῆλθε,</span> <span class='ocrx_word' id='word_1_824' title='bbox 2615 4797 2713 4852; x_wconf 74' lang='grc' dir='ltr'>καὶ</span> <span class='ocrx_word' id='word_1_825' title='bbox 2735 4796 2833 4851; x_wconf 83' lang='grc' dir='ltr'>διὰ</span> <span class='ocrx_word' id='word_1_826' title='bbox 2864 4796 2974 4865; x_wconf 82' lang='grc' dir='ltr'>τῆς</span> <span class='ocrx_word' id='word_1_827' title='bbox 2999 4797 3284 4866; x_wconf 77' lang='grc' dir='ltr'>ἁμαρτιας</span> <span class='ocrx_word' id='word_1_828' title='bbox 3304 4801 3337 4853; x_wconf 82' lang='grc' dir='ltr'><em>ὁ</em></span> <span class='ocrx_word' id='word_1_829' title='bbox 3359 4800 3628 4866; x_wconf 80' lang='grc' dir='ltr'>θάνατος,</span> 
     </span>
    </p>
   </div>
   <div class='ocr_carea' id='block_1_112' title="bbox 2066 5052 3630 5124">
    <p class='ocr_par' dir='ltr' id='par_1_112' title="bbox 2066 5052 3630 5124">
     <span class='ocr_line' id='line_1_112' title="bbox 2066 5052 3630 5124; baseline 0.003 -18"><span class='ocrx_word' id='word_1_830' title='bbox 2066 5054 2350 5124; x_wconf 79' lang='grc' dir='ltr'>γενέσεως.</span> <span class='ocrx_word' id='word_1_831' title='bbox 2390 5054 2461 5124; x_wconf 76' lang='lat' dir='ltr'><strong>Te</strong></span> <span class='ocrx_word' id='word_1_832' title='bbox 2487 5061 2609 5124; x_wconf 86' lang='lat' dir='ltr'><strong>post</strong></span> <span class='ocrx_word' id='word_1_833' title='bbox 2641 5052 2917 5123; x_wconf 79' lang='grc' dir='ltr'>αὐξήσεως</span> <span class='ocrx_word' id='word_1_834' title='bbox 2949 5054 3100 5110; x_wconf 90' lang='lat' dir='ltr'><strong>deest</strong></span> <span class='ocrx_word' id='word_1_835' title='bbox 3121 5054 3178 5124; x_wconf 89' lang='lat' dir='ltr'><strong>in_</strong></span> <span class='ocrx_word' id='word_1_836' title='bbox 3210 5054 3401 5110; x_wconf 89' lang='lat' dir='ltr'><strong>iisdem</strong></span> <span class='ocrx_word' id='word_1_837' title='bbox 3434 5056 3630 5113; x_wconf 73' lang='lat' dir='ltr'><strong>codici-</strong></span> 
     </span>
    </p>
   </div>
   <div class='ocr_carea' id='block_1_113' title="bbox 2067 5122 3628 5194">
    <p class='ocr_par' dir='ltr' id='par_1_113' title="bbox 2067 5122 3628 5194">
     <span class='ocr_line' id='line_1_113' title="bbox 2067 5122 3628 5194; baseline 0.002 -15"><span class='ocrx_word' id='word_1_838' title='bbox 2067 5126 2190 5194; x_wconf 79' lang='lat' dir='ltr'><strong>bus.</strong></span> <span class='ocrx_word' id='word_1_839' title='bbox 2224 5123 2349 5177; x_wconf 81' lang='lat' dir='ltr'><strong>Mox</strong></span> <span class='ocrx_word' id='word_1_840' title='bbox 2397 5122 2644 5194; x_wconf 78' lang='lat' dir='ltr'><strong>Seguer.,</strong></span> <span class='ocrx_word' id='word_1_841' title='bbox 2682 5122 3127 5194; x_wconf 78' lang='grc' dir='ltr'>ἀπαριθμήσεως.</span> <span class='ocrx_word' id='word_1_842' title='bbox 3160 5122 3386 5194; x_wconf 85' lang='lat' dir='ltr'><strong>Ibidem,</strong></span> <span class='ocrx_word' id='word_1_843' title='bbox 3417 5124 3628 5182; x_wconf 87' lang='lat' dir='ltr'><strong>Gobler.</strong></span> 
     </span>
    </p>
   </div>
   <div class='ocr_carea' id='block_1_114' title="bbox 2067 5192 3632 5268">
    <p class='ocr_par' dir='ltr' id='par_1_114' title="bbox 2067 5192 3632 5268">
     <span class='ocr_line' id='line_1_114' title="bbox 2067 5192 3632 5268; baseline 0 -19"><span class='ocrx_word' id='word_1_844' title='bbox 2067 5203 2126 5268; x_wconf 72' lang='lat' dir='ltr'><strong>et</strong></span> <span class='ocrx_word' id='word_1_845' title='bbox 2151 5193 2294 5250; x_wconf 88' lang='lat' dir='ltr'><strong>Felc.</strong></span> <span class='ocrx_word' id='word_1_846' title='bbox 2340 5196 2388 5268; x_wconf 82' lang='lat' dir='ltr'><strong>i_,</strong></span> <span class='ocrx_word' id='word_1_847' title='bbox 2416 5192 2605 5268; x_wconf 75' lang='grc' dir='ltr'>κόπου,</span> <span class='ocrx_word' id='word_1_848' title='bbox 2631 5192 2837 5262; x_wconf 79' lang='grc' dir='ltr'>πείνης,</span> <span class='ocrx_word' id='word_1_849' title='bbox 2866 5192 3045 5263; x_wconf 79' lang='grc' dir='ltr'>δίψης,</span> <span class='ocrx_word' id='word_1_850' title='bbox 3080 5194 3270 5261; x_wconf 77' lang='grc' dir='ltr'>ὕπνου,</span> <span class='ocrx_word' id='word_1_851' title='bbox 3305 5192 3505 5268; x_wconf 86' lang='grc' dir='ltr'>λύπης,</span> <span class='ocrx_word' id='word_1_852' title='bbox 3539 5197 3632 5250; x_wconf 74' lang='grc' dir='ltr'>θαι</span> 
     </span>
    </p>
   </div>
   <div class='ocr_carea' id='block_1_115' title="bbox 2067 5263 2770 5328">
    <p class='ocr_par' dir='ltr' id='par_1_115' title="bbox 2067 5263 2770 5328">
     <span class='ocr_line' id='line_1_115' title="bbox 2067 5263 2770 5328; baseline -0.006 -10"><span class='ocrx_word' id='word_1_853' title='bbox 2067 5264 2251 5328; x_wconf 87' lang='grc' dir='ltr'>νάτου,</span> <span class='ocrx_word' id='word_1_854' title='bbox 2284 5263 2377 5317; x_wconf 76' lang='grc' dir='ltr'><strong>καὶ</strong></span> <span class='ocrx_word' id='word_1_855' title='bbox 2406 5263 2770 5325; x_wconf 86' lang='grc' dir='ltr'>ἀναστάσεως.</span> 
     </span>
    </p>
   </div>
   <div class='ocr_carea' id='block_1_116' title="bbox 2159 5331 3423 5415">
    <p class='ocr_par' dir='ltr' id='par_1_116' title="bbox 2159 5331 3423 5415">
     <span class='ocr_line' id='line_1_116' title="bbox 2159 5331 3423 5415; baseline 0 0"><span class='ocrx_word' id='word_1_856' title='bbox 2159 5333 2248 5415; x_wconf 65' lang='lat'><strong>9.5.)</strong></span> <span class='ocrx_word' id='word_1_857' title='bbox 2278 5331 2525 5415; x_wconf 61' lang='grc' dir='ltr'>ξβειιενη</span> <span class='ocrx_word' id='word_1_858' title='bbox 2548 5332 2891 5415; x_wconf 45' lang='lat' dir='ltr'><strong>“metm</strong></span> <span class='ocrx_word' id='word_1_859' title='bbox 2916 5332 3233 5415; x_wconf 57' lang='grc' dir='ltr'><strong>ἐνείρωπὲνη</strong></span> <span class='ocrx_word' id='word_1_860' title='bbox 3255 5334 3423 5415; x_wconf 63' lang='grc' dir='ltr'><strong>ψυχῆς</strong></span> 
     </span>
    </p>
   </div>
   <div class='ocr_carea' id='block_1_117' title="bbox 2164 5401 3629 5476">
    <p class='ocr_par' dir='ltr' id='par_1_117' title="bbox 2164 5401 3629 5476">
     <span class='ocr_line' id='line_1_117' title="bbox 2164 5401 3629 5476; baseline 0.001 -19"><span class='ocrx_word' id='word_1_861' title='bbox 2164 5401 2375 5476; x_wconf 67' lang='grc' dir='ltr'>66)1ιιῐ</span> <span class='ocrx_word' id='word_1_862' title='bbox 2391 5401 2643 5476; x_wconf 73' lang='lat' dir='ltr'><strong>Seguer.,</strong></span> <span class='ocrx_word' id='word_1_863' title='bbox 2674 5410 2731 5456; x_wconf 95' lang='lat' dir='ltr'><strong>ut</strong></span> <span class='ocrx_word' id='word_1_864' title='bbox 2753 5411 2808 5457; x_wconf 92' lang='lat' dir='ltr'><strong>et</strong></span> <span class='ocrx_word' id='word_1_865' title='bbox 2829 5401 2961 5476; x_wconf 73' lang='lat' dir='ltr'><strong>legit</strong></span> <span class='ocrx_word' id='word_1_866' title='bbox 2981 5401 3248 5476; x_wconf 71' lang='lat' dir='ltr'><strong>Nannius,</strong></span> <span class='ocrx_word' id='word_1_867' title='bbox 3271 5401 3435 5476; x_wconf 61' lang='lat' dir='ltr'><strong>et‘i-jie</strong></span> <span class='ocrx_word' id='word_1_868' title='bbox 3456 5403 3629 5476; x_wconf 74' lang='lat' dir='ltr'><strong>legen-</strong></span> 
     </span>
    </p>
   </div>
   <div class='ocr_carea' id='block_1_118' title="bbox 2067 5471 3630 5542">
    <p class='ocr_par' dir='ltr' id='par_1_118' title="bbox 2067 5471 3630 5542">
     <span class='ocr_line' id='line_1_118' title="bbox 2067 5471 3630 5542; baseline 0.001 -15"><span class='ocrx_word' id='word_1_869' title='bbox 2067 5471 2198 5527; x_wconf 85' lang='lat' dir='ltr'><strong>dum</strong></span> <span class='ocrx_word' id='word_1_870' title='bbox 2228 5471 2554 5542; x_wconf 61' lang='lat' dir='ltr'><strong>videtur,&#39;ex</strong></span> <span class='ocrx_word' id='word_1_871' title='bbox 2596 5473 2681 5542; x_wconf 80' lang='lat' dir='ltr'><strong>his</strong></span> <span class='ocrx_word' id='word_1_872' title='bbox 2719 5471 2995 5542; x_wconf 64' lang='lat' dir='ltr'><strong>sequentis</strong></span> <span class='ocrx_word' id='word_1_873' title='bbox 3035 5472 3244 5542; x_wconf 64' lang='lat' dir='ltr'><strong>paginae</strong></span> <span class='ocrx_word' id='word_1_874' title='bbox 3271 5475 3486 5540; x_wconf 88' lang='lat' dir='ltr'><strong>verbis,</strong></span> <span class='ocrx_word' id='word_1_875' title='bbox 3511 5471 3630 5537; x_wconf 63' lang='grc' dir='ltr'><strong>πῶς</strong></span> 
     </span>
    </p>
   </div>
   <div class='ocr_carea' id='block_1_119' title="bbox 2069 5540 3625 5614">
    <p class='ocr_par' dir='ltr' id='par_1_119' title="bbox 2069 5540 3625 5614">
     <span class='ocr_line' id='line_1_119' title="bbox 2069 5540 3625 5614; baseline 0.001 -19"><span class='ocrx_word' id='word_1_876' title='bbox 2069 5545 2103 5613; x_wconf 85' lang='grc' dir='ltr'><strong>ή</strong></span> <span class='ocrx_word' id='word_1_877' title='bbox 2136 5543 2397 5614; x_wconf 82' lang='grc' dir='ltr'>κράτησις</span> <span class='ocrx_word' id='word_1_878' title='bbox 2447 5540 2541 5596; x_wconf 79' lang='grc' dir='ltr'>τοῦ</span> <span class='ocrx_word' id='word_1_879' title='bbox 2590 5540 2839 5614; x_wconf 80' lang='grc' dir='ltr'>θανάτου.</span> <span class='ocrx_word' id='word_1_880' title='bbox 2886 5540 3051 5604; x_wconf 70' lang='grc' dir='ltr'><strong>Εάὶῑί,</strong></span> <span class='ocrx_word' id='word_1_881' title='bbox 3095 5540 3439 5614; x_wconf 66' lang='grc' dir='ltr'>κατάκρισιν.</span> <span class='ocrx_word' id='word_1_882' title='bbox 3487 5542 3625 5614; x_wconf 69' lang='lat' dir='ltr'><strong>Mox,</strong></span> 
     </span>
    </p>
   </div>
   <div class='ocr_carea' id='block_1_120' title="bbox 2068 5611 3625 5682">
    <p class='ocr_par' dir='ltr' id='par_1_120' title="bbox 2068 5611 3625 5682">
     <span class='ocr_line' id='line_1_120' title="bbox 2068 5611 3625 5682; baseline 0.001 -16"><span class='ocrx_word' id='word_1_883' title='bbox 2068 5611 2306 5682; x_wconf 64' lang='grc' dir='ltr'>ἔσπάρηζ</span> <span class='ocrx_word' id='word_1_884' title='bbox 2334 5612 2415 5667; x_wconf 90' lang='lat' dir='ltr'><strong>sic</strong></span> <span class='ocrx_word' id='word_1_885' title='bbox 2439 5612 2790 5680; x_wconf 89' lang='lat' dir='ltr'><strong>manuscripti</strong></span> <span class='ocrx_word' id='word_1_886' title='bbox 2824 5625 3012 5667; x_wconf 89' lang='lat' dir='ltr'><strong>omnes</strong></span> <span class='ocrx_word' id='word_1_887' title='bbox 3037 5621 3089 5667; x_wconf 92' lang='lat' dir='ltr'><strong>et</strong></span> <span class='ocrx_word' id='word_1_888' title='bbox 3122 5613 3252 5667; x_wconf 89' lang='lat' dir='ltr'><strong>edit.</strong></span> <span class='ocrx_word' id='word_1_889' title='bbox 3277 5611 3543 5670; x_wconf 79' lang='lat' dir='ltr'><strong>Commel.</strong></span> <span class='ocrx_word' id='word_1_890' title='bbox 3571 5613 3625 5667; x_wconf 80' lang='grc' dir='ltr'>ιιι</span> 
     </span>
    </p>
   </div>
   <div class='ocr_carea' id='block_1_121' title="bbox 2068 5681 2967 5751">
    <p class='ocr_par' dir='ltr' id='par_1_121' title="bbox 2068 5681 2967 5751">
     <span class='ocr_line' id='line_1_121' title="bbox 2068 5681 2967 5751; baseline -0.004 -12"><span class='ocrx_word' id='word_1_891' title='bbox 2068 5683 2197 5739; x_wconf 83' lang='lat' dir='ltr'><strong>edit.</strong></span> <span class='ocrx_word' id='word_1_892' title='bbox 2222 5681 2424 5751; x_wconf 80' lang='lat' dir='ltr'><strong>Paris.,</strong></span> <span class='ocrx_word' id='word_1_893' title='bbox 2458 5682 2663 5751; x_wconf 86' lang='grc' dir='ltr'>σπάρη,</span> <span class='ocrx_word' id='word_1_894' title='bbox 2690 5682 2967 5751; x_wconf 77' lang='lat' dir='ltr'><strong>mendose.</strong></span> 
     </span>
    </p>
   </div>
   <div class='ocr_carea' id='block_1_122' title="bbox 2068 5749 3625 5879">
    <p class='ocr_par' dir='ltr' id='par_1_122' title="bbox 2068 5749 3625 5879">
     <span class='ocr_line' id='line_1_122' title="bbox 2068 5749 3625 5879; baseline 0.001 -74"><span class='ocrx_word' id='word_1_895' title='bbox 2068 5820 2110 5879; x_wconf 54' lang='grc' dir='ltr'>Γ</span> <span class='ocrx_word' id='word_1_896' title='bbox 2141 5752 2252 5877; x_wconf 48' lang='grc' dir='ltr'><strong>(δέ)</strong></span> <span class='ocrx_word' id='word_1_897' title='bbox 2283 5750 2462 5874; x_wconf 52' lang='grc' dir='ltr'>Τοιῦτο</span> <span class='ocrx_word' id='word_1_898' title='bbox 2484 5749 2825 5819; x_wconf 73' lang='grc' dir='ltr'>ἐνδύσηται.</span> <span class='ocrx_word' id='word_1_899' title='bbox 2858 5749 2979 5808; x_wconf 69' lang='lat' dir='ltr'><strong>Haec</strong></span> <span class='ocrx_word' id='word_1_900' title='bbox 3019 5751 3217 5808; x_wconf 84' lang='lat' dir='ltr'><strong>desunt</strong></span> <span class='ocrx_word' id='word_1_901' title='bbox 3237 5751 3300 5807; x_wconf 82' lang='lat' dir='ltr'><strong>in</strong></span> <span class='ocrx_word' id='word_1_902' title='bbox 3333 5752 3547 5810; x_wconf 84' lang='lat' dir='ltr'><strong>Gobler.</strong></span> <span class='ocrx_word' id='word_1_903' title='bbox 3576 5759 3625 5808; x_wconf 85' lang='lat' dir='ltr'><strong>et</strong></span> 
     </span>
     <span class='ocr_line' id='line_1_123' title="bbox 2113 5837 2395 5877; baseline -0.007 0"><span class='ocrx_word' id='word_1_904' title='bbox 2113 5838 2139 5877; x_wconf 85' lang='lat' dir='ltr'><strong>e</strong></span> <span class='ocrx_word' id='word_1_905' title='bbox 2166 5838 2192 5875; x_wconf 69' lang='grc' dir='ltr'><strong>(τ</strong></span> <span class='ocrx_word' id='word_1_906' title='bbox 2236 5837 2306 5875; x_wconf 80' lang='grc' dir='ltr'>ιιι.</span> <span class='ocrx_word' id='word_1_907' title='bbox 2380 5858 2395 5875; x_wconf 93' lang='grc'><strong>.</strong></span> 
     </span>
    </p>
   </div>
   <div class='ocr_carea' id='block_1_123' title="bbox 2113 5837 2395 5877">
    <p class='ocr_par' dir='ltr' id='par_1_123' title="bbox 2113 5837 2395 5877">
     <span class='ocr_line' id='line_1_124' title="bbox 2113 5837 2395 5877; baseline -0.007 0"><span class='ocrx_word' id='word_1_908' title='bbox 2113 5837 2306 5877; x_wconf 72' lang='lat' dir='ltr'><strong>CICKID.</strong></span> <span class='ocrx_word' id='word_1_909' title='bbox 2344 5837 2366 5874; x_wconf 87' lang='grc' dir='ltr'><strong>ι</strong></span> <span class='ocrx_word' id='word_1_910' title='bbox 2380 5858 2395 5875; x_wconf 75' lang='grc' dir='ltr'><strong>ο</strong></span> 
     </span>
    </p>
   </div>
  </div>
