3992 6230
376 373 514 427 H25

1317 366 1594 423 CONTRA
1634 364 2151 420 APOLLlNARlUM
2190 367 2394 422 LIBER
2439 368 2715 425 PRIMUS.

3466 366 3603 422 H26

374 482 543 548 οὕτως
579 485 674 538 καὶ
711 485 778 538 δι’
812 485 928 547 ἐνὸς
957 481 1240 554 ἀνθρώπου
1281 480 1455 550 Ἰησοῦ
1489 479 1722 551 Χριστοῦ
1751 477 1860 547 (68)
1896 479 1929 548 ή

2039 487 2286 534 maternam
2309 523 2324 548 ,
2360 491 2416 536 ut
2448 484 2706 553 scriptum
2737 492 2836 538 est.
2875 485 2983 537 Cur
3026 499 3153 552 ergo
3185 484 3364 540 dicitis
3389 499 3486 552 pro
3514 484 3602 537 in-

372 574 531 647 χάρις
559 576 849 647 βασιλεύσῃ
901 575 986 628 διὰ
1011 573 1365 643 ’δικαιοσύνης
1404 574 1483 635 είς
1534 570 1675 642 ζωὴν
1701 570 1930 632 αἰώνιον,

373 663 554 727 καθὼς
585 664 912 736 γέγραπται.
937 663 1060 726 Πῶς
1096 659 1187 715 οὖν
1237 661 1446 729 λέγετε,
1487 659 1630 711 Ἀντὶ
1674 657 1767 711 τοῦ
1799 656 1932 710 ἔσω·

373 754 464 809 θεν
483 754 769 828 ἀνθρώπου
806 753 898 808 τοῦ
927 755 984 808 ἐν
1020 755 1169 824 ήμῖν,
1202 751 1325 815 νοῦς
1371 751 1689 821 ἐπουράνιος
1714 751 1770 801 ὲν
1803 749 1938 818 Χρι-

374 849 516 919 στῷ;
558 850 786 921 Μήτιγε,
817 848 938 918 δι.χῆ
981 846 1206 917 μερίσας
1233 845 1294 898 τὸ
1320 843 1516 908 ἔξωθεν
1563 843 1657 896 καὶ
1705 842 1768 895 τὸ
1811 840 1938 892 ἐσω-

373 940 463 994 θεν
491 940 620 1010 (69),
645 942 737 993 καὶ
769 940 826 992 ὲν
852 939 1007 1008 τάφῳ
1030 936 1371 990 ἐπεδείκνυτο
1400 935 1493 988 καὶ
1518 936 1575 987 ἐν
1611 934 1746 1006 ᾆδῃς
1791 932 1927 986 Ἀλλ’

371 1031 469 1100 οὐχ
499 1024 608 1083 οἷόν
636 1048 694 1084 τε
745 1025 811 1100 ἦν
852 1029 961 1100 (70)
1013 1029 1196 1099 ἕτερον
1239 1029 1357 1081 ἀνθ’
1407 1027 1592 1096 ἑτέρου
1631 1023 1929 1078 ἀντιδοῦναι

371 1119 579 1193 λύτρον·
623 1120 756 1173 ἀλλὰ
790 1119 946 1189 σῶμα
979 1119 1099 1172 ἀντὶ
1137 1117 1404 1188 σώματος,
1440 1116 1533 1169 καὶ
1573 1115 1747 1186 ψυχὴν
1811 1114 1931 1170 ἀντὶ

370 1212 544 1284 ψυχῆς
567 1211 787 1277 δέδωκε,
819 1209 914 1264 καὶ
941 1210 1153 1262 τελείαν
1210 1208 1440 1278 ὓπαρξιν
1491 1209 1630 1279 ὑπὲρ
1677 1208 1796 1260 ὅλου
1841 1207 1933 1259 ἀν-

370 1303 608 1376 θρώπου’
659 1304 917 1358 τοῦτ’ἐστι
964 1304 1025 1357 τὸ
1073 1302 1424 1372 ἀντάλλαγμα
1477 1300 1570 1354 τοῦ
1618 1297 1875 1372 Χριστοῦ,
1905 1297 1934 1350 ὃ

367 1389 646 1444 ὠνείδισαν
679 1391 772 1445 ἐπὶ
804 1390 897 1444 τοῦ
933 1389 1162 1462 σταυροῦ
1193 1392 1240 1443 oi
1269 1389 1454 1460 ἐχθροὶ
1502 1391 1598 1460 τῆς
1622 1387 1764 1459 ζωῆς
1806 1388 1934 1440 ’ῐου-

365 1479 504 1532 δαῐοι
535 1480 643 1550 (71)
675 1481 1200 1552 παραπορευόμενοι,
1242 1482 1337 1534 καὶ
1386 1479 1658 1543 κινοῦντες
1711 1478 1808 1541 τὰς
1851 1495 1935 1532 κε-

2032 572 2230 628 teriore
2251 582 2440 628 nostro
2465 573 2704 636 homine,
2736 580 2966 628 mentem
3003 576 3276 628 caelestem
3309 577 3361 628 in
3385 574 3602 628 Christo

2030 664 2188 719 esse?
2209 681 2334 718 num
2363 666 2489 735 quia
2515 666 2761 720 bifariam
2785 665 2959 718 diviso
2980 671 3246 720 exteriore
3271 676 3324 720 et
3347 666 3603 720 interiore

2032 753 2270 818 homine,
2307 763 2358 807 et
2385 754 2436 807 in
2465 755 2715 824 sepulcro
2736 795 2750 817 ,
2786 763 2839 808 et
2868 756 2922 808 in
2949 751 3162 809 inferno
3195 755 3482 824 apparuit?
3535 757 3604 810 At

2033 860 2142 898 non
2199 853 2410 914 poterat
2457 847 2687 902 alterum
2738 861 2838 915 pro
2885 847 3054 901 altero
3081 847 3136 901 in
3170 848 3597 917 redemptionem

2034 936 2148 991 dari
2177 955 2190 990 :
2219 938 2309 992 sed
2337 953 2534 1006 corpus
2558 952 2654 1008 pro
2683 953 2930 1015 corpore,
2957 946 3009 993 et
3027 939 3265 993 animam
3293 954 3392 1008 pro
3417 940 3603 993 anima

2035 1027 2200 1090 dedit,
2236 1043 2299 1081 ac
2327 1028 2616 1098 perfectam
2654 1029 3057 1084 subsistentiam
3089 1047 3187 1100 pro
3218 1039 3329 1084 toto
3358 1031 3599 1084 homine.

2037 1115 2162 1172 Haec
2193 1127 2274 1172 est
2295 1118 2492 1172 Christi
2517 1120 2890 1184 commutatio,
2922 1135 3082 1189 quam
3129 1119 3184 1173 in
3207 1134 3370 1174 cruce
3395 1120 3604 1189 probris

2037 1207 2262 1262 aﬂecere
2286 1211 2407 1263 vitae
2434 1209 2641 1264 inimici
2670 1208 2861 1276 Judaei,
2889 1219 3273 1280 praetereuntes
3295 1221 3348 1265 et
3378 1226 3602 1265 moven-

2036 1306 2120 1354 tes
2149 1299 2326 1369 capita
2359 1315 2482 1355 sua.
2514 1298 2698 1370 Neque
2720 1302 2861 1354 enim
2888 1300 3045 1355 nudae
3068 1300 3291 1356 Deitatis
3319 1317 3600 1356 accessum

2041 1389 2286 1446 infernus
2323 1391 2488 1463 748
2519 1391 2873 1448 sustinuisset
2906 1411 2918 1447 :
2953 1393 3058 1448 hoc
3111 1401 3165 1448 et
3226 1393 3498 1462 prophetae
3549 1401 3604 1447 et

2034 1479 2266 1548 apostoli
2301 1487 2586 1534 testantur.

368 1571 544 1639 φαλὰς
570 1571 766 1624 αὐτῶν.
812 1571 946 1624 οὔτε
995 1572 1103 1642 γὰρ
1153 1573 1182 1625 6
1221 1570 1354 1643 ᾅδης
1398 1571 1626 1642 ἤνεγκεν
1685 1567 2149 1640 άπαρακαλύπτου
2205 1569 2456 1640 θεότητος
2509 1568 2778 1623 ἐπίϐασιν·
2835 1570 2992 1624 τοῦτο
3046 1572 3139 1624 καὶ¹
3193 1574 3465 1644 προφῆται
3509 1574 3602 1626 καὶ

366 1661 650 1715 ἀπόστολοι
686 1662 1071 1734 μαρτυροῦσιν.
1131 1719 1133 1721 ,

441 1753 524 1808 18.
553 1755 704 1807 Ἔστι
723 1754 778 1807 δὲ
806 1756 898 1807 καὶ
937 1756 1030 1809 ἐπὶ
1060 1756 1159 1825 τῆς
1203 1754 1297 1808 τοῦ
1347 1753 1578 1825 σταυροῦ
1627 1752 1932 1823 οἰκονομίας

2109 1747 2193 1801 l8.
2228 1744 2381 1811 Quod
2412 1727 2589 1803 autem
2618 1747 2821 1802 dictum
2853 1755 2974 1812 est,
3007 1749 3061 1802 in
3091 1751 3271 1806 crucis
3299 1756 3602 1809 oeconomia

368 1845 594 1898 συνιδεῖν
616 1845 676 1898 τὸ
702 1846 1009 1918 λεγόμενον
1053 1848 1200 1910 ὅπως
1230 1850 1258 1901 6
1303 1845 1505 1918 Κύριος
1537 1848 1602 1916 τῇ
1651 1846 1746 1916 μὲν
1802 1861 1934 1914 προ-

2039 1839 2465 1895 animadvertere
2512 1841 2636 1894 licet
2672 1858 2684 1894 :
2719 1855 2828 1910 quo
2875 1851 3033 1911 pacto
3081 1844 3288 1898 scilicet
3335 1845 3600 1903 Dominus

367 1935 494 2006 ϐολῇ
523 1936 616 1989 τοῦ
670 1938 897 2008 αἵματος
935 1939 1035 2010 τὴν
1085 1939 1403 2009 βεϐαιότητα
1436 1939 1536 2007 τῆς
1581 1936 1780 2008 σαρκὸς
1837 1937 1935 1988 ἐπ-

367 2027 658 2081 εδείκνυτο⁰
703 2033 766 2100 τῇ
797 2030 852 2082 δὲ
882 2030 1157 2102 προσθήκῃ
1189 2029 1282 2082 τοῦ
1319 2029 1504 2092 ὓδατος
1532 2026 1627 2098 τὴν
1675 2027 1937 2098 ἄχραντον

365 2117 708 2190 καθαρότητα
728 2121 936 2192 ἐδήλου,
975 2122 1069 2175 καὶ
1111 2123 1193 2174 ὅτι
1221 2119 1313 2174 τοῦ
1345 2120 1477 2174 Θεοῦ
1510 2119 1568 2172 τὸ
1602 2117 1776 2187 σῶμα·
1805 2118 1935 2188 κρά-

368 2210 465 2274 ξας
495 2210 550 2262 δὲ
584 2211 676 2264 καὶ
709 2211 894 2275 κλίνας
939 2213 1037 2277 τὴν
1099 2211 1358 2282 κεφαλὴν,
1409 2211 1503 2264 καὶ
1552 2209 1823 2280 παραδοὺς
1877 2209 1938 2261 τὸ

369 2300 605 2371 πνεῦμα,
637 2302 695 2355 τὸ
721 2301 919 2356 ἔσωθεν
945 2303 1040 2357 τοῦ
1069 2303 1199 2356 ἰδίου
1249 2302 1517 2372 σώματος,
1562 2301 1801 2353 τουτέστι
1839 2302 1936 2371 τὴν

365 2386 545 2460 ψυχήν
575 2390 828 2460 ὲσήμανε·
890 2390 1018 2462 περὶ
1070 2385 1136 2461 ἧς
1171 2389 1263 2442 καὶ
1319 2390 1558 2459 εἴρηκεν,
1607 2386 1687 2439 ὅτι
1741 2386 1937 2453 Τίθημι

361 2481 519 2549 ὑπὲρ
592 2480 710 2534 τῶν
794 2482 1100 2550 προϐάτων
1173 2480 1292 2534 τῶν
1361 2478 1536 2548 ἐμῶν.
1614 2478 1772 2529 Ὥστε
1838 2477 1936 2546 τὴν

365 2573 654 2626 ἕκπνευσιν
679 2573 779 2626 οὐκ
796 2573 860 2627 ἄν
882 2590 966 2637 τις
991 2573 1133 2625 είποι
1151 2570 1398 2641 θεότητος
1431 2569 1770 2641 μετάστασιν,
1801 2566 1937 2620 ἀλλὰ

362 2661 544 2732 ψυχῆς
577 2661 944 2734 ἀποχώρησιν.
979 2663 1041 2715 Et
1067 2663 1174 2732 γὰρ
1211 2660 1350 2714 κατὰ
1395 2662 1720 2731 μετάστασιν
1753 2657 1938 2726 θεότη-

367 2769 459 2816 τος
485 2756 511 2805 ὀ
531 2753 756 2817 θάνατος
785 2753 971 2822 γέγονε
1006 2754 1099 2807 καὶ
1142 2757 1175 2825 ή
1232 2753 1326 2806 τοῦ
1360 2752 1606 2823 σώματος
1653 2753 1934 2822 νέκρωσις,

367 2843 498 2896 ἴδιον
530 2843 636 2914 ἄρα
657 2845 882 2898 θάνατον
912 2845 1166 2908 ἀπέθανε,
1201 2847 1294 2897 καὶ
1323 2843 1434 2915 (72)
1455 2845 1513 2896 οὐ
1540 2843 1630 2896 τὸν
1652 2843 1933 2913 ἡμέτερον.

366 2935 482 2989 Καὶ
513 2935 629 2999 πῶς
675 2938 757 2998 εἰς
785 2936 908 3008 ᾅδου
937 2936 1198 3008 κατῆλθεν
1231 2935 1679 3008 ἀπαρακαλύπτῳ
1713 2937 1779 3005 τῇ
1821 2933 1938 2986 θεό-

365 3042 524 3097 τητις
557 3027 666 3080 Ποῦ
693 3024 784 3081 οὖν
833 3031 865 3100 ή
923 3029 1087 3100 ψυχὴ,
1127 3030 1192 3099 ἢν
1226 3027 1589 3100 ἐπηγγείλατο
1647 3029 1674 3080 6
1735 3024 1936 3096 Κύριος

363 3117 568 3171 τιθέναι
608 3119 749 3191 ὑπὲρ
776 3119 881 3172 τῶν
916 3118 1224 3191 προϐάτων,
1275 3120 1404 3190 περὶ
1447 3115 1513 3190 ἦς
1535 3119 1628 3170 καὶ
1664 3118 1935 3190 προφῆται

2037 1931 2328 1984 emissione
2354 1931 2635 2001 sanguinis
2659 1931 2840 1987 carnis
2859 1948 3041 1987 veram
3063 1935 3431 2007 exsistentiam
3454 1954 3603 1992 com-

2038 2021 2353 2075 monstrarit
2389 2039 2402 2074 :
2435 2030 2488 2075 et
2544 2037 2699 2090 aqua:
2750 2020 3056 2086 additione,
3113 2023 3600 2080 incontaminatam

2035 2112 2324 2180 puritatem
2352 2151 2367 2176 ,
2419 2125 2482 2165 ac
2518 2126 2706 2165 verum
2741 2125 2862 2165 esse
2895 2127 3092 2180 corpus
3134 2110 3228 2166 Dei
3261 2116 3555 2171 ostenderit
3584 2134 3599 2170 :

2037 2205 2320 2257 clamando
2362 2212 2539 2258 autem
2576 2211 2627 2258 et
2657 2202 2967 2258 inclinando
3000 2214 3194 2274 caput,
3245 2206 3604 2276 spiritumque

2035 2294 2340 2359 reddendo;
2369 2295 2509 2363 quod
2544 2293 2683 2347 intra
2715 2295 2994 2364 proprium
3024 2309 3221 2364 corpus
3248 2305 3396 2361 erat,
3423 2297 3475 2351 id
3497 2309 3602 2360 est,

2038 2386 2295 2448 animam,
2331 2384 2670 2454 signiﬁcarit.
2702 2385 2768 2440 de
2795 2400 2902 2456 qua
2934 2394 2988 2440 et
3017 2385 3228 2440 dixerat
3259 2405 3272 2440 :
3302 2385 3452 2440 Pouo
3486 2406 3604 2441 eam

2037 2494 2128 2546 pro
2156 2478 2332 2530 ovibus
2366 2479 2492 2530 meis
2520 2479 2562 2510 '”
2603 2498 2615 2532 :
2651 2480 2722 2533 ita
2751 2489 2806 2533 ut
2839 2479 3260 2549 exspirationem
3303 2495 3463 2533 nemo
3516 2482 3604 2533 di-

2038 2567 2175 2622 xerit
2203 2568 2419 2622 deitatis
2455 2569 3016 2637 transmigratiouem,
3055 2569 3147 2622 sed
3176 2569 3372 2622 anima:
3400 2570 3624 2632 disces-_

2036 2674 2178 2714 sum.
2213 2658 2344 2712 Nam
2382 2659 2427 2713 si
2466 2659 2580 2729 {per
2628 2660 3160 2728 transmigrationem
3196 2661 3413 2716 deitatis
3459 2678 3604 2715 mors

2035 2760 2089 2806 et
2141 2751 2381 2821 corporis
2421 2751 2708 2806 exstinctio
2758 2753 3108 2820 contigisset,
3165 2753 3382 2822 propria
3431 2763 3606 2806 morte

2035 2840 2279 2906 obiisset,
2315 2850 2368 2895 et
2397 2857 2502 2894 non
2529 2849 2734 2896 nostra.
2762 2840 2824 2896 Et
2852 2842 2967 2912 qui,
3013 2843 3229 2908 amabo,
3263 2859 3369 2897 non
3393 2843 3605 2898 obtecta

2035 2930 2232 2986 deitate
2255 2931 2308 2985 in
2345 2932 2616 2986 infernum
2640 2933 3047 2987 descendisset?
3070 2931 3300 2988 Ubinam
3327 2933 3489 3001 igitur
3516 2936 3606 2990 illa

2037 3022 2215 3076 anima
2244 3063 2258 3086 ,
2297 3039 2458 3091 quam
2497 3024 2824 3093 promiserat
2866 3022 3132 3078 Dominus
3166 3041 3224 3080 se
3271 3041 3368 3094 pro
3411 3026 3606 3081 ovibus

2037 3114 2151 3169 suis
2189 3116 2494 3183 positurum
2515 3157 2530 3180 ,
2557 3114 2622 3168 de
2658 3130 2765 3184 qua
2798 3124 2851 3168 et
2882 3115 3158 3184 propheta:
3193 3115 3400 3184 praefati
3429 3119 3606 3171 sunt?

367 3209 806 3281 προμηνύουσιν;
837 3213 884 3264 εί
919 3211 976 3264 δὲ
1022 3211 1200 3282 ψυχῆς
1223 3210 1566 3282 ἀποχώρησις
1599 3210 1806 3278 γέγονε,
1849 3208 1936 3262 διά

2039 3203 2095 3259 Si
2136 3221 2264 3260 vero
2311 3207 2508 3260 animre
2559 3207 2834 3261 discessus
2887 3205 3023 3270 fuit,
3076 3207 3195 3262 ideo
3246 3209 3447 3262 dictum
3501 3219 3604 3273 est,

366 3300 528 3355 τοῦτο
558 3301 791 3374 εἴρηται,
825 3303 906 3355 ὅτι
943 3301 1034 3354 τὸν
1074 3302 1336 3372 ἡμέτερον
1383 3299 1666 3366 ἀνεδέξατο
1691 3299 1937 3360 θάνατον,

366 3395 612 3448 τουτέστι
637 3396 732 3466 τῆς
755 3394 1031 3466 καθ’ήμᾶς
1053 3393 1341 3458 διαλύσεως
1358 3393 1740 3464 ἀνασχόμενος,
1755 3391 1899 3445 ὥσπε
1907 3409 1939 3462 ρ

364 3485 466 3538 καὶ
496 3486 795 3556 γεννήσεως
828 3485 961 3556 (75).

444 3579 528 3632 19.
558 3579 798 3632 Μάταιον
827 3573 920 3632 οῦν
948 3577 1100 3649 ὑμῶν
1142 3577 1203 3630 τὸ
1235 3579 1491 3648 σόφισμα·
1531 3579 1651 3631 ἐπεὶ
1700 3579 1815 3642 πῶς
1873 3580 1939 3634 ἂν

364 3668 400 3718 ὁ
446 3665 670 3730 θάνατος
695 3667 952 3737 ἐγεγόνει,
1004 3668 1052 3720 εί
1096 3666 1169 3737 μὴ
1209 3669 1302 3720 καὶ
1348 3667 1439 3720 τὸν
1486 3667 1685 3721 ἔσωθεν
1728 3671 1940 3722 καὶτὸν

368 3756 570 3823 ἔξωθεν
621 3759 981 3830 συνεστήσατο
1033 3757 1208 3828 ἑαυτῷ
1238 3758 1266 3809 6
1318 3757 1485 3826 Λόγος
1512 3758 1645 3829 (74),
1696 3759 1939 3812 τουτέστι

373 3845 533 3915 σῶμα
562 3846 655 3899 κει)⁸
681 3845 890 3917 ψυχήν;
918 3847 1041 3909 Πῶς
1061 3846 1115 3898 δὲ
1152 3847 1245 3900 καὶ
1276 3847 1416 3918 ὑπὲρ
1443 3847 1534 3900 τοῦ
1567 3849 1764 3912 παντὸς
1789 3849 1940 3902 ἀντέ-

365 3935 540 3988 δωκεν
577 3937 917 4008 ἀν,τίλυτρον;
954 3937 986 4008 ἢ
1039 3936 1155 4000 πῶς
1199 3940 1233 4008 ἡ
1283 3939 1544 4009 κράτησις
1568 3939 1661 3991 τοῦ
1710 3928 1937 3994 θανάτου

371 4025 584 4078 τελείαν
616 4026 884 4096 ἐλάμϐανε
932 4025 1028 4096 τὴν
1055 4024 1227 4087 λύσιν,
1286 4027 1335 4077 εί
1390 4027 1450 4078 τὸ
1493 4026 1633 4079 κατὰ
1681 4029 1940 4097 φρόνησιν

371 4109 840 4181 ἀμαρτῆσαν,τὴν
874 4109 1048 4180 ψυχὴν
1093 4109 1226 4180 (75),
1276 4110 1505 4181 Χριστὸς
1563 4111 1940 4182 ἀναμάρτητον

373 4201 438 4252 οὐ
476 4201 833 4270 συνεστήσατο
865 4204 921 4253 ἐν
963 4200 1170 4271 ὲαυτῷς
1206 4203 1324 4255 Ἔτι
1364 4198 1456 4255 οῦν
1495 4201 1763 4272 βασιλεύει
1787 4206 1814 4256 6
1844 4203 1938 4256 θά-

372 4308 536 4355 νατος
580 4291 673 4344 τοῦ
728 4291 927 4346 ἔσωθεν
965 4292 1273 4364 ἀνθρώπου’
1322 4294 1466 4356 τίνος
1503 4293 1611 4364 γὰρ
1640 4294 1797 4347 ἄλλου
1848 4294 1941 4346 καὶ

378 4384 690 4438 ἐϐασίλευσέ
721 4400 870 4449 ποτε,
898 4385 1018 4454 οὐχ).
1059 4385 1234 4456 ψυχῆς
1275 4386 1372 4455 τῆς
1405 4387 1460 4437 ὲν
1487 4387 1740 4457 φρονήσει
1764 4387 1941 4456 ἁμαρ-

373 4477 656 4547 τησάσης;
708 4475 888 4538 καθὼς
933 4475 1164 4546 εἴρηται·
1197 4477 1371 4545 Ψυχὴ
1428 4477 1538 4547 (76)
1597 4478 1634 4544 ἡ
1685 4475 1939 4546 ἁμαρτά-

375 4583 594 4632 νουσα,
638 4567 788 4635 αὕτη
828 4566 926 4621 καὶ
968 4566 1361 4621 datadari-ritur
1395 4567 1534 4638 ὑπὲρ
1577 4563 1642 4640 ἦς
1673 4568 1770 4636 τὴν
1806 4568 1939 4621 ἰδίαν

375 4658 555 4730 ψυχὴν
607 4657 848 4712 τέθεικεν
883 4659 912 4710 6
943 4657 1172 4727 Χριστὸς
1203 4657 1394 4728 λύτρον
1450 4659 1562 4728 (77)
1624 4659 1938 4722 ἀντιδιδούς.

454 4775 497 4804 ⁷¹
527 4772 682 4828 Joan.
714 4790 770 4838 χ,
797 4774 884 4828 15.
963 4774 1008 4804 ⁷³
1038 4772 1236 4826 Elech.
1268 4789 1426 4838 mu,
1456 4772 1510 4826 4.

457 4885 566 4955 (68)
613 4886 860 4956 Seguer.,
891 4883 958 4956 δι’
987 4883 1104 4956 ενός
1144 4882 1426 4954 ἀνθρώπου
1467 4883 1640 4954 Ἰησοῦ
1684 4885 1940 4956 Χριστοῦ.

380 4953 444 5009 lu
469 4953 630 5026 editis
658 4953 807 5009 deest
833 4953 1137 5026 ἀνθρώπου.

460 5025 568 5096 (69)
586 5023 818 5096 _Segt_ier.
851 5021 1076 5096 βάδισις.
1105 5021 1422 5096 e4t_Felckm.
1442 5025 1502 5096 _l,
1531 5022 1593 5075 τὸ
1618 5021 1818 5096 ἔξωθεν
1851 5025 1944 5078 καὶ

383 5094 447 5147 τὸ
469 5091 693 5149 ἔσωθενξ
714 5093 772 5148 In
801 5094 980 5160 editis,
1008 5092 1098 5146 τὸν
1125 5091 1339 5156 ἔξωθεν,
1370 5094 1463 5146 καὶ
1488 5095 1545 5145 ὲν
1569 5093 1746 5162 τάφῳ,
1775 5095 1948 5149 omis-

385 5165 467 5220 sis
495 5166 706 5219 mediis.

461 5235 568 5302 (70)
599 5230 706 5287 Ἦν
734 5234 885 5289 deest
928 5232 983 5287 in
1031 5232 1251 5301 Seguer.
1281 5233 1425 5287 Idem
1456 5233 1625 5302 paulo
1651 5240 1789 5300 post,
1825 5233 1948 5302 ἀντὶ

388 5300 656 5375 σώματος,
691 5313 745 5359 et
789 5304 870 5359 sic
907 5300 1189 5372 legendum
1220 5303 1448 5357 videtur.
1465 5300 1639 5365 ’Editi,
1673 5302 1809 5373 ὑπὲρ
1843 5301 1950 5354 σώ-

469 5392 558 5427 τος
565 5413 577 5426 .

388 5391 712 5515 “381-71;
763 5441 907 5515 ζωῆς
931 5440 1222 5515 -Ἰουδέίοι,
1250 5439 1518 5515 in_editis_
1548 5442 1816 5515 omissum
1831 5481 1844 5503 ,
1881 5457 1946 5515 ex

386 5509 525 5569 mss.
552 5509 777 5584 'Seguer.
811 5509 1055 5584 Goblaet
1084 5510 1263 5584 lfelck.
1310 5511 1332 5562 l
1369 5512 1753 5581 supplevimus.
1785 5509 1950 5566 Paulo

385 5594 535 5654 post,
565 5580 810 5654 segnem,
838 5580 1178 5654 ἦνεγίὶειζάνἶ

463 5654 574 5723 (72)
607 5649 697 5708 Sic
717 5649 1024 5723 Golden—et
1046 5649 1224 5723 Felek.
1261 5650 1308 5704 1.
1337 5649 1476 5704 Editi
1502 5666 1648 5723 vero,
1683 5651 1776 5704 καὶ
1806 5651 1946 5723 οὐχί,

385 5720 512 5777 Mox
558 5720 701 5777 edit.
762 5722 931 5776 Paris.
989 5721 1279 5784 mendose,
1329 5720 1752 5792 παρακαλύπτῳ.
1809 5721 1948 5777 Editi

393 5809 523 5850 vero
554 5793 815 5848 Commcl.
842 5803 893 5846 et
925 5806 1111 5846 omnes
1146 5805 1302 5858 mss.,
1327 5791 1794 5861 ἀπαρακαλύπτῳ.

2039 3312 2161 3351 eum
2191 3307 2432 3352 nostram
2468 3309 2698 3352 mortem
2728 3299 3057 3368 suscepisse,
3093 3299 3197 3352 hoc
3222 3309 3324 3363 est,
3362 3308 3605 3354 nostram

2039 3388 2458 3446 dissolutionem
2481 3389 2851 3456 sustinuisse,
2903 3400 2962 3444 ut
2989 3401 3042 3444 et
3079 3397 3321 3444 nostram
3347 3391 3603 3445 nascendi

2041 3477 2327 3531 rationem.

2110 3565 2195 3619 19.
2239 3563 2451 3619 Vanum
2499 3565 2662 3635 igitur
2701 3575 2784 3622 est
2833 3577 3074 3623 vestrum
3117 3569 3396 3638 sophisma
3433 3585 3601 3624 :nam

2040 3657 2153 3726 qui,
2192 3671 2397 3726 quaeso,
2433 3672 2581 3711 mors
2615 3658 2958 3725 advenisset,
2992 3659 3093 3714 nisi
3123 3669 3176 3713 et
3203 3661 3516 3714 interiorem
3550 3670 3605 3715 et

2041 3745 2362 3800 exteriorem
2417 3746 2691 3800 hominem
2725 3745 2961 3800 Verbum
3013 3748 3068 3801 iu
3108 3764 3166 3803 se
3208 3750 3600 3814 constituisset,

2041 3831 2094 3886 id
2120 3840 2203 3886 est
2233 3847 2430 3901 corpus
2453 3843 2505 3886 et
2530 3834 2811 3887 animam?
2850 3833 2954 3900 Qui
2988 3851 3087 3904 pro
3119 3845 3234 3890 toto
3267 3837 3486 3891 homine
3519 3855 3604 3892 re-

2040 3922 2366 3989 demptionis
2410 3923 2643 3991 pretium
2671 3924 2921 3978 dederit?
2955 3933 3050 3979 aut
3103 3927 3378 3995 quomodo
3412 3930 3604 3982 mortis

2042 4015 2327 4084 imperium
2377 4016 2532 4085 plene
2585 4017 2907 4086 abrogatum
2953 4016 3143 4082 fuerit,
3200 4021 3242 4072 si
3281 4021 3409 4073 illud
3458 4021 3603 4088 quod

2040 4120 2134 4174 per
2165 4105 2571 4174 intelligentiam
2603 4115 2881 4174 peccat-at,
2918 4107 3152 4160 animam
3195 4124 3413 4177 nempe,
3440 4107 3604 4162 Chri-

2041 4206 2158 4251 stus
2186 4197 2239 4251 in
2269 4211 2390 4251 sese
2419 4197 2825 4266 impeccabilem
2857 4211 2964 4251 non
2996 4198 3412 4254 constituisset?
3461 4198 3604 4268 Ergo

2042 4304 2188 4342 mors
2216 4288 2378 4342 etiam
2409 4304 2554 4342 nunc
2586 4290 2638 4341 in
2676 4289 2929 4343 interiore
2982 4290 3201 4343 homine
3251 4291 3599 4350 dominatur;

2043 4381 2095 4432 in
2124 4396 2360 4448 quonam
2399 4381 2543 4435 enim
2577 4381 2684 4435 alio
2717 4397 2960 4451 unquam
2991 4393 3351 4453 regnaverat,
3407 4385 3510 4438 nisi
3550 4387 3605 4441 in

2043 4474 2245 4539 anima,
2268 4489 2390 4543 qua:
2419 4473 2763 4543 intelligendo
2789 4475 3143 4543 peccaverat?
3168 4483 3226 4528 ut
3251 4476 3454 4530 dictum
3484 4487 3566 4531 est
3591 4497 3604 4532 :

2045 4565 2235 4618 Anima
2256 4580 2372 4635 qua
2393 4566 2700 4633 peccaverit,
2722 4567 2836 4632 ipsa
2864 4565 3173 4618 morietur"
3201 4583 3212 4618 :
3237 4580 3338 4634 pro
3355 4582 3457 4633 qua
3485 4581 3608 4635 pro-

2039 4658 2213 4727 priam
2257 4654 2494 4710 animam
2536 4654 2791 4711 Christus
2841 4656 2897 4709 in
2946 4655 3178 4725 pretium
3221 4657 3606 4726 redel‘nptiouis

2115 4894 2225 4977 (75)
2241 4894 2328 4977 ,ιω
2357 4895 2580 4965 Seguer.
2608 4893 2824 4977 Gobler.
2854 4901 2905 4947 et
2938 4893 3175 4947 Fclckm.
3210 4893 3259 4946 1.
3299 4891 3441 4945 Editi
3479 4907 3606 4946 vero

2042 4975 2096 5020 et
2126 4964 2345 5034 quidam
2379 4964 2537 5026 mss.,
2570 4964 2852 5031 γενέσεως.

2118 5029 2225 5105 (74)
2259 5035 2332 5088 Ita
2358 5029 2591 5102 Anglic.‘
2613 5035 2843 5105 Seguer,
2877 5031 3172 5105 Cobler._et
3199 5029 3431 5105 Fclckm.
3466 5029 3604 5105 l._lu

2043 5098 2217 5160 edi'tis'
2237 5105 2428 5158 desunt
2447 5098 2598 5165 haec,
2624 5098 2800 5171 ἐαυτῷ
2823 5103 2850 5153 6
2876 5101 3065 5169 Λόγος,
3093 5099 3213 5171 Mox
3242 5101 3463 5170 Seguer.
3498 5098 3605 5155 Go-

2045 5175 2178 5230 bler.
2213 5185 2267 5229 et
2290 5173 2522 5227 Fclckm.
2559 5174 2607 5235 1,
2631 5170 2856 5223 δέδωκεν
2886 5186 2982 5240 pro
3011 5170 3324 5240 ἀντέδωκεν.

2117 5245 2226 5315 (75)
2249 5243 2363 5315 ,Τὴν
2392 5244 2580 5315 ψυχήν
2596 5241 2757 5315 deest
2786 5241 2839 5294 in
2886 5239 3106 5315 δας-ηενρ
3140 5239 3307 5315 Paulo
3328 5249 3460 5315 post
3510 5241 3607 5315 Sg-

2083 5308 2852 5380 υἱεῖ(Αηξζιὶὁειϊζϐοωθνίεη.
2881 5319 2934 5380 et
2964 5308 3198 5380 Fclckm.
3238 5312 3287 5373 l,
3323 5308 3380 5362 ἓν
3404 5310 3605 5380 ἐαυτῷ.

2083 5332 2200 5370 uer.
2230 5332 2512 5380 angtlcan.
2543 5332 2852 5364 UUDICI‘Ia".
2881 5332 2934 5364 Cl.
2965 5332 3198 5363 ιἐιίίςηι.
3238 5332 3287 5373 ι,
3323 5332 3380 5362 εν
3411 5332 3605 5379 εαυτῳ.

2045 5332 2207 5449 Editi,
2239 5381 2434 5451 ἐαυτῷ,
2464 5381 2665 5451 omissa
2691 5395 2860 5451 prajp.
2886 5378 3107 5451 Ibidem,
3137 5379 3357 5451 seguer.
3389 5379 3606 5451 Gobler,

2045 5465 2097 5510 et
2127 5447 2362 5508 Fclckm.
2387 5447 2432 5504 ’1
2459 5490 2472 5512 ,
2503 5450 2621 5519 Ἔτι
2657 5448 2749 5504 οὖν
2783 5447 3050 5519 βασιλεύει
3101 5452 3130 5502 6
3175 5448 3420 5511 θάνατος.
3467 5447 3610 5503 Editi

2047 5540 2174 5579 vero
2204 5533 2257 5577 et
2298 5522 2408 5583 alii,
2438 5520 2502 5574 Τί
2547 5513 2638 5571 οῦν
2672 5513 2792 5572 καθς
2825 5520 2968 5588 ὑμᾶς
3004 5519 3272 5588 βασιλεύει
3303 5522 3331 5572 6
3363 5519 3607 5581 θάνατος.

2119 5540 2174 5577 ro
2204 5537 2257 5577 et
2298 5537 2408 5583 am,
2438 5537 2502 5574 ἰι
2547 5537 2638 5571 ουν
2672 5537 2789 5572 καυ·
2825 5538 2852 5571 υ
2905 5537 2968 5583 ας
3004 5537 3139 5588 pact,

2119 5594 2229 5663 (76)
2263 5591 2636 5663 Seguerianus
2660 5591 2828 5663 solus,
2860 5537 2940 5663 ἔτι
2961 5589 3139 5663 ψυχή.

2121 5657 2233 5729 (77)
2265 5657 2489 5732 δυέυειο.
2541 5658 2757 5732 (ξοὺιοιο.
2791 5667 2845 5732 et
2886 5657 3123 5732 Fclckiin;_
3160 5660 3210 5732 l,
3257 5658 3550 5732 ἀντέθηκεν
3582 5657 3614 5710 ὁ

2049 5727 2277 5806 Χριστὸς
2305 5727 2496 5804 λύτρον
2525 5727 2769 5800 (δθςιιεν.
2802 5729 3135 5802 ἀντίλυτρον)
3164 5727 3427 5790 ἀντιδούς.
