3992 6230
441 441 581 500 1127

1041 442 1098 498 S.
1143 442 1511 498 ATHANASII
1550 442 1700 498 OPP.
1741 441 1923 497 PARS
1961 441 2002 498 l.
2036 473 2106 484 —-
2147 441 2512 499 HISTORICA
2554 444 2641 499 ET
2677 444 3091 501 DOGMATICA.

3525 448 3658 504 1128

438 557 642 627 posuit.
715 557 1018 624 Quemnam
1077 564 1255 610 autem
1307 556 1376 611 ab
1423 554 1580 610 initio
1629 553 2001 610 condemnavit

2106 555 2262 619 Τίνος
2291 557 2348 610 δὲ
2373 557 2465 610 καὶ
2487 556 2724 627 ἀρχῆθεν
2755 557 2996 624 κατέγνω
3025 559 3053 610 ὁ
3095 556 3262 622 Θεός;
3292 559 3391 629 τῆς
3420 558 3663 624 πλάσεως

441 639 620 703 Deus?
649 662 784 718 opus
814 647 1048 718 opificis,
1085 663 1154 702 an
1189 647 1456 703 actionem
1492 647 1735 717 opiﬁcii?
1791 645 1847 700 Si
1871 661 2008 716 opus

440 738 651 809 opiﬁcis
681 741 1093 806 condemnavit,
1142 741 1380 810 seipsum
1412 740 1793 795 condemnavit
1823 738 1964 794 Deus
1990 756 2004 794 :

440 831 654 901 eritque
687 826 997 886 hominibus
1030 832 1242 887 similis.
1294 832 1449 898 Quod
1477 832 1522 888 si
1558 831 1782 901 impium
1806 833 1875 887 sit
1904 832 2008 886 hoc

441 923 510 979 de
537 921 647 978 Deo
675 924 930 994 cogitare,
961 931 1016 978 et
1045 924 1088 978 si
1119 924 1232 994 ipse
1253 925 1522 980 actionem
1545 924 1744 993 Opificii
1774 924 2004 978 damna-

441 1014 546 1078 vit,
586 1013 762 1070 aufert
793 1015 957 1085 igitur
986 1016 1278 1082 actionem,
1330 1024 1384 1070 et
1423 1015 1647 1070 innovat
1683 1015 1956 1086 Opilicium
1988 1031 2002 1068 :

443 1122 568 1161 nam
594 1107 714 1177 ejus
741 1121 879 1176 opus
909 1122 1098 1163 sumus
1121 1145 1136 1170 ,
1176 1107 1344 1162 creati
1378 1107 1446 1162 ad
1487 1108 1622 1162 bene
1649 1107 2003 1176 operandam.

511 1289 600 1343 20.
638 1287 743 1342 Sed
771 1304 988 1343 rursum
1020 1287 1229 1342 dicitis:
1259 1285 1370 1342 Nos
1409 1285 1577 1341 Deum
1616 1286 1849 1342 dicimus
1881 1300 2004 1340 eum

441 1381 536 1448 qui
566 1395 632 1434 ex
661 1379 825 1434 Maria
856 1387 1015 1434 natus
1046 1389 1169 1446 est;
1226 1393 1324 1433 cur
1373 1379 1553 1447 itaque
1580 1377 1789 1440 dicitis,
1841 1376 2004 1431 veluti

442 1469 703 1535 Marcion,
741 1470 909 1526 Deum
944 1471 1259 1535 advenisse,
1290 1485 1355 1526 ac
1385 1470 1553 1525 Deum
1585 1469 1814 1524 intactili
1843 1469 2005 1523 modo

444 1565 913 1633 accessisse,quod
939 1573 1184 1617 naturam
1210 1564 1404 1619 habeat
1425 1563 1606 1618 carnis
1631 1564 1881 1617 humanae
1895 1578 2003 1616 non

443 1671 696 1727 capacem
719 1657 742 1710 ?
774 1655 880 1710 Aut
905 1671 1001 1711 cur
1027 1654 1195 1710 Deum
1233 1657 1382 1710 illum
1408 1655 1589 1710 dicitis
1614 1655 1772 1710 sicuti
1803 1653 2003 1709 Paulus

447 1748 885 1806 Samosatensis?
948 1765 1011 1804 ea
1044 1753 1187 1805 enim
1222 1762 1304 1806 est
1347 1749 1490 1806 illius
1524 1749 1813 1818 impietatis
1842 1748 2000 1810 ratio,

443 1850 502 1894 ut
528 1838 697 1895 Deum
729 1841 1053 1896 confiteatur
1086 1857 1209 1897 eum
1240 1842 1331 1911 qui
1369 1857 1436 1895 ex
1485 1839 1656 1895 Maria
1703 1846 1863 1892 natus
1898 1845 2001 1904 est,

2106 645 2198 700 τοῦ
2227 647 2544 711 πλάσαντος,
2575 648 2608 718 ἢ
2640 648 2739 716 τῆς
2773 646 3021 718 πράξεως
3070 649 3160 702 τοῦ
3211 648 3560 720 πλάσματοςς
3601 653 3664 704 Εἰ

2107 742 2204 811 τῆς
2232 741 2475 803 πλάσεως
2507 739 2600 792 τοῦ
2634 742 2933 805 πλάσαντος
2980 742 3226 810 κατέγνω
3265 743 3418 804 Θεὸς,
3475 742 3664 798 ἑαυτοῦ

2107 833 2371 900 κατέγνω·
2411 835 2503 886 καὶ
2543 833 2695 885 ἔσται
2745 834 2818 896 ὡς
2851 835 2900 887 οί
2954 834 3244 906 ἄνθρωποι.
3293 835 3356 886 Ei
3390 834 3446 886 δὲ
3479 834 3666 898 ἀσεϐὲς

2104 925 2260 978 τοῦτο
2292 927 2416 997 περὶ
2442 924 2573 977 Θεοῦ
2636 927 2852 989 ἐννοεῖν,
2903 926 3147 993 κατέγνω
3181 925 3237 977 δὲ
3290 926 3388 996 τῆς
3418 925 3666 994 πράξεως

2103 1015 2198 1068 τοῦ
2265 1015 2598 1086 πλάσματος,
2642 1021 2912 1088 περιαιρεῖ
2958 1017 3133 1070 τοίνυν
3157 1018 3255 1088 τὴν
3309 1018 3506 1087 πρᾶξιν
3533 1018 3665 1088 (78),

2105 1107 2198 1160 καὶ
2233 1110 2531 1160 καινοποιεῖ
2554 1109 2651 1177 τὴν
2678 1107 2890 1160 πλάσιν
2926 1108 3086 1161 αὐτοῦ
3112 1107 3220 1180 γάρ
3246 1111 3410 1178 ἐσμεν
3440 1109 3666 1180 ποίημα,

2106 1198 2410 1260 κτισθέντες
2441 1198 2531 1249 ἐπὶ
2561 1197 2738 1268 ἔργοις
2759 1197 3000 1265 ἀγαθοῖς.

2174 1288 2262 1342 20.
2317 1289 2474 1342 Ἀλλὰ
2503 1289 2662 1342 πάλιν
2694 1288 2896 1356 λέγετε⁹
2941 1289 3131 1359 Ἡμεῖς
3160 1288 3290 1341 Θεὸν
3322 1289 3552 1358 λέγομεν
3578 1288 3670 1340 τὸν

2106 1383 2170 1433 ἐκ
2193 1382 2428 1452 Μαρίας.
2463 1381 2586 1443 Πῶς
2639 1380 2815 1433 τοίνυν
2863 1381 3069 1448 λέγετε,
3117 1381 3190 1443 ὡς
3246 1381 3510 1450 Μαρκίων
3533 1379 3666 1450 (79),

2105 1474 2235 1527 Θεὸν
2279 1475 2710 1545 ἐπιδημήσαντα,
2756 1473 2851 1527 καὶ
2908 1473 3040 1526 Θεὸν
3086 1472 3289 1541 ἀθιγῶς
3340 1471 3670 1543 προσεληλυ-

2105 1565 2253 1629 θότα,
2287 1566 2445 1634 φύσιν
2471 1565 2659 1636 ἔχοντα
2692 1564 3033 1618 ἀνεπίδεκτον
3059 1565 3258 1638 σαρκὸς
3289 1563 3666 1635 ἀνθρωπίνης;

2108 1657 2178 1710 Ἢ
2209 1656 2325 1720 πῶς
2345 1656 2529 1724 λέγετε
2554 1655 2704 1720 Θεὸν,
2725 1657 2800 1719 ὡς
2819 1655 3025 1719 Παῦλος
3052 1658 3079 1709 ό
3107 1657 3478 1726 Σαμοσατεύς;
3512 1655 3670 1708 τοῦτο

2104 1749 2212 1820 γὰρ
2260 1749 2357 1818 τῆς
2405 1749 2608 1801 ἐκείνου
2654 1748 2905 1811 ἀσεϐείας
2949 1747 3010 1801 τὸ
3038 1748 3329 1819 πρόσχημα
3359 1747 3491 1818 (80),
3539 1745 3670 1799 Θεὸν

2105 1841 2382 1911 ὁμολογεῖν
2421 1841 2512 1893 τὸν
2540 1842 2603 1894 ἐκ
2635 1840 2872 1911 Μαρίας,
2914 1841 3016 1910 πρὸ
3065 1838 3272 1894 αἰώνων
3326 1840 3422 1910 μὲν
3452 1856 3670 1910 προορι-

440 1933 533 2002 qui
567 1941 692 1987 ante
733 1933 928 1988 saecula
963 1933 1182 2003 quidem
1215 1933 1513 2002 praefinitus
1547 1931 1616 1986 sit
1647 1949 1659 1984 :
1685 1931 1776 2000 qui
1823 1938 2001 1984 tamen

2106 1932 2319 1997 σθέντα,
2377 1934 2440 1987 ἐκ
2495 1932 2551 1984 δὲ
2599 1931 2814 2003 Μαρίας
2869 1932 2966 2003 τὴν
3019 1932 3191 2003 ἀρχὴν
3235 1933 3333 2002 τῆς
3386 1930 3671 2002 ὑπάρξεως

439 2037 502 2075 ex
530 2021 693 2080 Maria
719 2022 930 2076 initium
951 2023 1241 2077 exsistendi
1271 2022 1537 2077 habuerit.
1569 2023 1798 2076 Verbum
1824 2030 2003 2075 autem

440 2114 623 2170 efﬁcax
654 2130 685 2170 e
718 2115 855 2171 ctelo
879 2157 895 2182 ,
929 2125 986 2172 et
1019 2115 1332 2186 sapientiam
1383 2115 1438 2168 in
1467 2115 1561 2169 illo
1589 2114 1875 2169 conﬁtetur
1919 2112 2006 2183 (ac

441 2206 563 2275 plus
589 2222 749 2277 quam
784 2222 881 2263 vos
901 2247 918 2275 ,
954 2206 1031 2260 illi
1061 2222 1154 2277 per
1185 2223 1337 2261 suam
1368 2207 1699 2277 impietatem
1738 2204 2003 2273 attribuit)

445 2308 502 2351 ut
527 2315 624 2354 vos
645 2299 826 2356 dicitis
855 2308 1092 2355 mentem
1113 2299 1386 2355 caelestem
1410 2300 1466 2354 in
1492 2315 1719 2370 corpore
1741 2299 2001 2354 animato.

443 2387 640 2445 Verum
677 2407 776 2445 nec
805 2405 1006 2460 corpus
1033 2392 1335 2446 animatum
1378 2407 1444 2447 eo
1485 2391 1604 2462 ipso
1633 2382 2006 2461 homo'perl'e-

441 2495 562 2538 ctus
590 2493 670 2538 est
706 2502 718 2538 :
756 2499 931 2554 neque
979 2501 1132 2539 mens
1185 2485 1446 2552 caelestis,
1477 2500 1542 2540 eo
1575 2485 1693 2555 ipso
1724 2483 1865 2539 Deus
1898 2492 2000 2539 est.

441 2575 572 2630 Nam
603 2592 802 2646 corpus
833 2577 1129 2630 animatum
1171 2578 1397 2643 dicitur,
1427 2578 1481 2632 in
1508 2587 1771 2648 quantum
1806 2593 2004 2631 nomen

438 2669 634 2722 anima:
681 2685 775 2737 per
819 2669 1037 2724 modum
1073 2669 1419 2726 subsistentis
1456 2671 1510 2725 in
1539 2671 1630 2726 illo
1658 2670 2001 2741 exprimitur.

437 2759 648 2830 Corpus
666 2769 848 2815 autem
867 2761 1125 2829 hominis,
1141 2777 1336 2832 corpus
1357 2763 1553 2817 dicitur
1574 2772 1626 2817 et
1648 2776 1756 2816 non
1781 2763 1960 2816 anima
1988 2779 2000 2814 :

438 2859 491 2905 ct
527 2852 705 2905 anima
755 2853 993 2909 hominis
1015 2895 1030 2919 ,
1086 2855 1269 2909 anima
1309 2855 1506 2909 dicitur
1535 2861 1587 2908 et
1620 2869 1726 2908 non
1759 2867 1957 2922 corpus
1986 2870 1999 2906 :

439 2941 665 2996 alterum
689 2943 754 2996 ad
776 2943 1025 3009 alterum,
1059 2944 1110 2998 id
1138 2953 1222 2998 est
1269 2945 1492 3012 spiritus
1521 2943 1586 2997 ad
1609 2958 1826 3010 corpus.
1869 2941 2000 3006 Quis

439 3044 635 3098 autem,
666 3035 740 3090 ait
771 3034 1074 3107 Scriptura,
1099 3037 1241 3091 novit
1269 3045 1488 3089 mentem
1517 3035 1725 3088 Domini
1743 3035 1787 3065 ⁷³
1810 3035 1832 3087 ?
1853 3032 2004 3087 Mens

439 3123 675 3189 Domini,
704 3127 944 3181 nondum
975 3125 1281 3193 Dominus;
1325 3125 1418 3180 sed
1470 3123 1682 3178 Domini
1729 3123 2000 3189 voluntas,

439 3310 621 3364 animo
655 3310 768 3364 haec
801 3310 1052 3381 profertis
1083 3309 1268 3376 verba,
1306 3308 1588 3376 verbisque
1620 3305 2004 3361 commentitiis

441 3401 678 3458 Verbum
713 3401 808 3458 Dei
845 3402 1205 3459 adulteratis?
1257 3401 1420 3471 Atqui
1457 3400 1551 3456 Dei
1593 3399 1835 3455 Ecclesia
1857 3439 1872 3464 ,
1905 3413 2003 3456 ne-

440 3509 546 3564 que
573 3495 645 3548 ita
677 3494 916 3564 accepit,
947 3507 1125 3564 neque
1154 3494 1225 3547 ita
1274 3491 1536 3558 tradidit;
1585 3492 1714 3555 sed,
1757 3500 1819 3545 ut
1865 3491 2004 3546 scri-

438 3597 590 3660 ptum
625 3598 726 3654 est,
773 3587 942 3642 Deum
976 3585 1213 3642 Verbum
1242 3585 1336 3656 qui
1357 3595 1474 3641 erat
1499 3584 1639 3655 apud
1674 3583 1842 3639 Deum
1879 3591 2005 3638 ante

440 3681 635 3735 saecula
659 3681 713 3734 in
735 3681 1205 3737 consummatione
1231 3679 1557 3735 saeculorum
1583 3678 1868 3733 advenisse
1894 3696 1908 3732 :
1935 3691 2000 3732 ac

437 3788 502 3826 ex
527 3773 694 3828 Maria
713 3773 956 3843 Virgine,
984 3781 1038 3828 et
1057 3788 1121 3827 ex
1155 3771 1362 3842 Spiritu
1393 3781 1581 3827 sancto
1603 3771 1842 3840 genitum
1879 3782 2003 3824 esse

441 3863 635 3918 Filium
667 3864 923 3925 hominis,
949 3872 1007 3918 ut
1039 3862 1300 3933 scriptum
1328 3871 1445 3929 est,
1474 3860 1648 3915 Donec
1681 3862 1876 3930 peperit
1911 3858 2002 3913 Fi-

439 3958 571 4012 lium
594 3972 746 4008 suum
780 3955 1186 4025 primogenitum
1213 3953 1260 3984 ⁷³
1293 3972 1305 4007 :
1336 3961 1395 4006 ut
1430 3953 1581 4005 tieret
1611 3949 2001 4020 primogenitus

438 4049 496 4102 in
529 4047 714 4102 multis
742 4047 1028 4113 fratribus,
1064 4061 1186 4101 cum
1221 4054 1397 4100 tamen
1447 4043 1588 4098 Deus
1617 4059 1777 4097 verus
1805 4050 1949 4097 esset
1983 4058 1996 4094 :

439 4148 499 4195 ut
527 4152 580 4195 et
599 4150 866 4209 quatenus
903 4141 1063 4194 homo
1096 4154 1193 4209 pro
1238 4138 1396 4193 nobis
1427 4147 1726 4208 pateretur,
1770 4143 1824 4190 et
1872 4150 2001 4204 qua-

439 4242 596 4289 tcnus
629 4233 770 4290 Deus
796 4276 810 4300 ,
846 4249 912 4288 ex
948 4242 1121 4288 morte
1156 4241 1210 4287 et
1261 4233 1516 4302 passione
1550 4248 1651 4286 nos
1685 4231 1994 4286 redimeret.

438 4325 712 4381 Incassum
763 4327 924 4395 igitur
965 4324 1339 4394 imaginamini
1365 4363 1380 4390 ,
1412 4340 1510 4378 vos
1543 4339 1701 4394 posse
1733 4324 1850 4394 ejus
1904 4323 1998 4392 qui

439 4416 686 4485 intclligit
730 4427 783 4470 et
826 4431 1042 4470 carnem
1083 4417 1220 4486 agit,
1265 4416 1557 4470 novitatem
1588 4415 1643 4468 in
1677 4414 1830 4469 vobis
1865 4414 1998 4484 ipsis

436 4503 670 4569 efficere,
692 4504 1065 4559 existimantes
1087 4520 1182 4573 per
1202 4505 1557 4559 imitationem
1584 4504 1635 4558 id
1663 4504 1777 4557 fieri
1801 4519 1992 4571 posse:

2103 2026 2390 2097 ἐσχηκότα.
2431 2024 2597 2092 Λόγον
2631 2023 2688 2076 δὲ
2715 2023 2907 2094 ἐνεργῆ
2935 2025 2993 2088 ἐξ
3011 2023 3238 2095 οὐρανοῦ
3273 2024 3368 2076 καὶ
3397 2024 3587 2092 σοφίαν
3613 2024 3670 2076 ἐν

2103 2116 2251 2188 αὐτῷ
2280 2118 2548 2186 ὁμολογεῖ,
2586 2115 2766 2168 πλεῖον
2787 2117 2916 2186 παρ’
2945 2115 3089 2185 ὑμᾶς
3140 2115 3492 2186 χαριζόμενος
3530 2115 3669 2168 κατά

2102 2209 2198 2280 τὴν
2255 2207 2446 2261 ἐαυτοῦ
2505 2207 2791 2263 ἀσέϐειαν·
2855 2207 3042 2276 ὥσπερ
3092 2208 3246 2277 ὑμεῖς
3301 2207 3486 2276 λέγετε
3546 2203 3669 2259 νοῦν

2102 2300 2422 2371 ἐπουράνιον
2463 2300 2520 2353 ἐν
2565 2297 2774 2368 σώματι
2816 2299 3061 2369 ἐμψύχῳ.
3107 2295 3242 2350 Οὗτε
3267 2297 3324 2350 δέ
3371 2297 3528 2368 σῶμα
3574 2298 3669 2368 ἐμ-

2101 2392 2270 2462 ψυχον
2292 2393 2391 2463 ήδη
2421 2391 2704 2461 ἄνθρωπος
2743 2391 2945 2454 τέλειος
2976 2390 3108 2462 (81),
3136 2389 3257 2444 οὔτε
3289 2390 3412 2454 νοῦς
3446 2392 3670 2463 ἐπουρά-

2102 2502 2214 2548 νιος
2241 2485 2340 2555 ἧδη
2368 2485 2518 2548 Θεός.
2553 2483 2719 2555 Σῶμα
2775 2485 2884 2556 γὰρ
2943 2483 3183 2555 ἔμψυχον
3228 2484 3464 2552 λέγεται,
3521 2478 3669 2554 ἐφίἷ)

2103 2575 2478 2639 ἐνυποστάτως
2509 2575 2570 2628 τὸ
2609 2576 2708 2647 τῆς
2733 2575 2908 2647 ψυχῆς
2935 2576 3153 2647 φέρεται
3201 2577 3390 2646 ὄνομα.
3425 2577 3590 2647 Σῶμα
3614 2577 3668 2629 δὲ

2102 2667 2386 2741 ἀνθρώπου
2420 2668 2574 2740 σῶμα
2596 2667 2830 2737 λέγεται,
2871 2670 2964 2723 καὶ
2991 2671 3052 2722 οὺ
3091 2669 3256 2741 ψυχή’
3289 2671 3383 2722 καὶ
3406 2670 3551 2740 ψυχὴ
3579 2672 3669 2722 ἅν·

2103 2761 2320 2834 θρώπου
2364 2762 2597 2830 λέγεται,
2657 2763 2752 2815 καὶ
2805 2763 2866 2814 οὐ
2907 2762 3084 2834 σῶμα,
3113 2763 3296 2834 ἕτερον
3330 2763 3461 2833 πρὸς
3485 2763 3665 2833 ἕτερον

2102 2853 2182 2919 ὃν,
2199 2855 2441 2908 τουτέστι
2469 2855 2580 2926 (8‘2)
2617 2855 2832 2926 πνεῦμα
2861 2856 2997 2927 πρὸς
3031 2855 3207 2927 σῶμα.
3244 2857 3339 2923 Τίς
3364 2856 3451 2920 δὲ,
3485 2857 3662 2926 φησὶν,

2103 2945 2255 3016 ἔγνω
2309 2948 2458 3002 ’νοῦν
2513 2948 2776 3015 Κυρίου;
2823 2947 2966 3012 Νοῦς
3001 2949 3203 3021 Κυρίου
3249 2947 3400 3001 οῦπω
3447 2949 3664 3019 Κύριος,

2102 3038 2238 3091 ἀλλά
2253 3038 2456 3110 Κυρίου
2474 3037 2710 3109 θέλησις,
2735 3040 2767 3111 ἢ
2789 3040 2969 3110 βουλὴ,
2988 3040 3020 3110 ἢ
3038 3039 3283 3111 ἐνέργεια
3304 3039 3439 3105 πρός
3454 3056 3527 3090 τι.
3552 3038 3664 3102 Πῶς

2103 3125 2195 3183 οῦν
2239 3129 2411 3182 ταῦτα
2457 3129 2636 3185 λαλεῖν
2699 3130 2812 3201 (85)
2860 3133 3142 3197 ἐπινοεῖτε,
3194 3131 3450 3194 πλαστοῖς
3496 3129 3666 3198 λόγοις

345 3245 348 3248 -
439 3218 748 3283 consilium,
777 3218 941 3290 749
961 3225 1055 3272 aut
1080 3216 1315 3273 efficacia
1344 3217 1410 3271 ad
1438 3215 1662 3284 aliquid.
1693 3213 1812 3280 Quo
1841 3214 2001 3285 igitur

2108 3221 2502 3293 καπηλεύοντες
2532 3221 2621 3276 τὸν
2644 3223 2814 3291 Λόγον
2841 3221 2933 3276 τοῦ
2963 3222 3096 3276 Θεοῦ
3119 3240 3133 3288 ;
3191 3223 3328 3283 Ἀλλ’
3362 3224 3395 3294 ἡ
3421 3221 3512 3276 τοῦ
3537 3216 3664 3276 Θεοῦ

2119 3313 2412 3385 Ἐκκλησία
2444 3312 2566 3367 οὕτε
2602 3314 2745 3368 οὕτω
2779 3315 3136 3386 παρείληφεν,
3188 3314 3310 3368 οὔτε
3352 3314 3495 3368 οὕτω
3537 3331 3668 3384 παρ-

2105 3405 2305 3459 έδωκεν
2341 3405 2452 3476 (84)
2472 3422 2486 3435 ·
2517 3405 2676 3472 ἀλλὰ,
2706 3405 2889 3469 καθὼς
2913 3406 3240 3477 γέγραπται,
3267 3407 3358 3459 τὸν
3403 3406 3536 3460 Θεὸν
3581 3406 3668 3458 καὶ

2103 3496 2292 3564 Λόγον,
2342 3495 2432 3549 τὸν
2463 3495 2588 3548 ὄντα
2643 3497 2778 3568 πρὸς
2820 3497 2913 3550 τὸν
2965 3497 3095 3551 Θεὸν
3155 3497 3260 3570 πρὸ
3302 3495 3546 3559 αἰώνων,
3581 3496 3670 3548 ἐπὶ

2105 3587 2379 3659 συντελείᾳ
2411 3588 2521 3641 τῶν
2553 3587 2762 3643 αἰώνων
2817 3590 3245 3662 ἐπιδημήσαντα,
3282 3590 3375 3642 καὶ
3426 3587 3485 3654 ἐξ
3514 3590 3669 3657 ἁγίας

2103 3679 2397 3750 Παρθένου,
2427 3680 2519 3732 καὶ
2539 3681 2603 3732 ἐκ
2629 3680 2946 3752 Πνεῦματος
2996 3682 3153 3750 ἁγίου
3192 3681 3518 3752 γεννηθέντα
3546 3681 3668 3734 Υἱὸν

2101 3769 2404 3843 ἀνθρώπου,
2439 3771 2513 3835 ὡς
2536 3772 2866 3843 γέγραπται·
2906 3774 3059 3839 Ἕως
3101 3769 3172 3829 οὗ
3219 3775 3383 3826 ἔτεκε
3413 3773 3519 3826 τὸν
3540 3772 3668 3826 Υἱὸεν

2099 3861 2289 3930 αὐτῆς
2338 3862 2444 3916 τὸν
2495 3863 2886 3931 πρωτότοκον·
2931 3865 3016 3917 ἵνα
3067 3865 3290 3936 γένηται
3332 3865 3667 3936 πρωτότοκος

2100 3956 2158 4008 ἐν
2207 3954 2418 4018 πολλοῖς
2463 3954 2733 4025 ἀδελφοῖς,
2771 3956 2929 4019 αὐτὸς
2982 3954 3056 4009 ὣν
3088 3954 3218 4019 Θεὸς
3259 3955 3538 4026 ἀληθινός·
3584 3955 3664 4006 ἵνα

2099 4047 2193 4098 καὶ
2217 4045 2363 4118 πάθῃ
2395 4047 2533 4117 ὑπὲρ
2575 4045 2752 4117 ἡμῶν,
2795 4047 2870 4110 ὡς
2904 4045 3206 4117 ἄνθρωπος,
3262 4049 3355 4100 καὶ
3393 4045 3666 4116 λυτρώση-

2098 4154 2186 4190 ται
2216 4138 2360 4208 ὴμᾶς
2386 4138 2450 4190 ἐκ
2485 4137 2686 4201 πάθους
2729 4139 2821 4190 καὶ
2872 4138 3121 4203 θανάτου,
3169 4138 3244 4201 ὡς
3292 4138 3440 4201 Θεός.
3478 4139 3663 4208 Μάτην

2097 4224 2190 4281 οῦν
2241 4225 2593 4296 φαντάζεσθε,
2627 4228 2720 4282 τοῦ
2777 4229 3099 4298 φρονοῦντος
3150 4229 3244 4282 καὶ
3294 4229 3516 4296 ἄγοντος
3571 4228 3662 4298 τὴν

2100 4323 2276 4392 σάρκα
2296 4322 2369 4373 ,ἐν
2413 4322 2620 4382 ἑαυτοῖς
2649 4319 2904 4374 δύνασθαι
2944 4319 3052 4389 (85)
3082 4319 3178 4390 τὴν
3213 4319 3502 4388 καινότητα
3547 4335 3661 4372 κατ-

2098 4412 2442 4484 εργάζεσθαι,
2477 4413 2711 4482 οἰόμενοι
2734 4413 2822 4466 διὰ
2851 4414 3150 4484 μιμήσεως·
3191 4415 3250 4464 οὐ
3289 4412 3556 4475 νοοῦντες,
3579 4413 3660 4464 ὅτι

2102 4509 2349 4579 μίμησις,
2379 4505 2720 4578 προαγούσης
2751 4504 3130 4575 πραγματείας
3159 4503 3367 4571 γίνεται
3417 4505 3660 4574 μίμησις

437 4613 538 4652 nec
586 4597 863 4651 advertitis
911 4596 1304 4662 imitationem,
1345 4597 1612 4665 praemissi
1663 4595 1843 4664 Operis
1876 4609 1999 4650 esse

2103 4578 2347 4653 ἐπεὶοὺκ
2377 4599 2440 4651 ἂν
2472 4598 2679 4666 λέγοιτο
2716 4597 2963 4668 μίμησις.
3004 4596 3088 4648 Ἐν
3113 4595 3169 4648 δὲ
3202 4595 3438 4665 Χριστῷ,
3470 4594 3662 4665 σαρκὸς

436 4690 818 4753 imitationem,
841 4689 1080 4757 alioquin
1106 4701 1214 4742 non
1243 4688 1516 4743 diceretur
1551 4688 1802 4743 imitatio.
1859 4687 1997 4742 Dum

433 4793 616 4840 autem
653 4783 707 4837 in
751 4781 970 4836 Christo
1004 4781 1174 4837 solius
1209 4781 1389 4837 carnis
1439 4782 1733 4836 novitatem
1777 4783 1999 4838 conﬁte-

505 4920 552 4952 ⁷³
588 4919 745 4972 Rom.
778 4935 853 4982 Il,
881 4918 970 4972 54.
1045 4919 1090 4949 ’⁷⁸
1124 4917 1311 4972 Matth.
1345 4934 1383 4980 t,
1416 4916 1505 4971 25.

507 5077 618 5166 (78)
651 5077 868 5147 Seguer.
909 5075 1122 5130 Gobler.
1151 5083 1206 5130 et
1231 5073 1469 5131 Felckm.
1504 5074 1554 5137 1,
1590 5072 1864 5144 περιαίρει
1893 5071 1998 5125 τοί-

433 5164 739 5288 Ὴῖῒὲῗνὲὶο
767 5217 989 5285 Seguer.
1015 5213 1545 5288 Εόίιί-νοτο,λλέγετε
1570 5213 1719 5288 Θεὸν,
1748 5213 1822 5276 ὼς
1852 5213 1999 5288 Μαρ-

434 5283 585 5371 κίων.
601 5283 739 5371 '_Mox
757 5283 1001 5359 Seguer"
1020 5285 1442 5359 προεληλυθότα.
1461 5284 1624 5346 Infra,
1648 5283 1833 5352 λέγετε
1850 5283 1998 5338 deest

435 5377 487 5412 m
507 5360 846 5498 (cegeﬂsu,
868 5429 927 5482 τὸ
963 5427 1275 5500 πρόϐλημα.
1306 5425 1505 5500 Ibidem
1539 5421 1787 5500 _S_cguer._
1809 5422 1956 5477 solus
1980 5461 1994 5483 ,

435 5492 728 5568 ὁμολογεῖν,
753 5502 844 5554 ubi
867 5492 1082 5554 editi'et
1109 5492 1221 5563 alii,
1247 5496 1513 5568 όμολογεῖ.
1542 5492 1685 5568 Mor,
1721 5494 1841 5568 μέν,
1878 5503 1998 5562 post

432 5565 662 5634 α’ίὼνων,
689 5570 837 5624 deest
863 5569 917 5623 in
951 5569 1131 5634 editis,
1159 5584 1221 5622 ex
1251 5565 1475 5636 Seguer.
1502 5565 1888 5634 supplevimus.

451 5638 458 5643 “
503 5640 612 5708 (81)
638 5641 872 5703 Τέλειος,
897 5641 1046 5704 deest
1071 5640 1124 5692 in
1163 5636 1514 5760 Seiueriano.
1660 5703 1684 5715 η
1756 5699 1764 5707 _

503 5708 612 5760 (82)
647 5710 869 5760 Senuer.
902 5709 1116 5760 Gobler.
1163 5715 1216 5760 et
1263 5705 1484 5760 ‘elckm.
1534 5705 1584 5760 1.
1619 5721 1764 5760 σῶμα

503 5703 612 5778 (82)
647 5710 869 5778 Seguer.
902 5703 1116 5764 Gobler.
1163 5715 1216 5778 et
1240 5703 1484 5778 Felckm.
1534 5705 1584 5778 _l,
1619 5703 1777 5778 σῶμα
1815 5703 1872 5757 δέ
1905 5704 1996 5756 ἀν-

432 5775 649 5847 θρώπου
685 5775 919 5846 λὲγεται’
952 5778 1046 5830 καὶ
1069 5777 1233 5847 ψυχὴ,
1257 5775 1590 5846 ἓτερονπρδς
1622 5775 1997 5847 ἕτερον,ῖουτ-

432 5845 566 5898 έστμ

2105 4692 2269 4763 μόνης
2303 4689 2589 4758 καινότητα
2622 4687 3024 4758 ὁμολογοῦντες,
3070 4687 3407 4758 πλανώμενοι
3431 4688 3664 4760 βλασφη-

2105 4788 2272 4858 μεῖτε.
2303 4784 2493 4854 Εἰγάρ
2519 4785 2611 4837 τοῦ
2641 4785 2864 4854 ἄγοντος
2911 4782 3024 4852 (86)
3079 4781 3178 4852 τὴν
3231 4783 3409 4851 σάρκα
3445 4782 3662 4834 δυνατὸν

2171 5070 2282 5142 (85)
2323 5069 2414 5123 Sic
2443 5069 2565 5137 Seg.
2593 5067 2739 5142 ΔΕςὶίιὶ
2774 5083 2921 5142 vero,
2955 5067 3156 5142 καλεῖν.

2172 5132 2284 5212 (84)
2326 5132 2657 5212 Basilieiisis,
2685 5137 3083 5212 παραᾷέδωκ-εν.
3121 5135 3244 5212 Mth
3292 5135 3426 5208 haec,
3455 5134 3548 5188 καί
3572 5132 3660 5186 Λό-

2101 5207 2214 5282 γον,
2241 5207 2438 5265 desunt
2469 5211 2521 5263 in
2565 5207 2872 5282 Se_g._bel.
2904 5218 2956 5282 et
2988 5207 3132 5282 Felc.
3166 5207 3213 5258 1.

2172 5272 2546 5366 (85)‘Seguer.
2581 5272 2763 5366 οδω.
2810 5288 2884 5366 et‘
2915 5277 3058 5362 Felc.
3099 5277 3148 5338 1,
3168 5273 3534 5366 Ἁφαιντάςεσθὶ
3551 5272 3656 5366 ,τοῦ

2101 5371 2136 5422 φ
2179 5344 2423 5414 ’νοῦντοξ
2452 5352 2544 5404 καὶ
2574 5349 2795 5417 ἄγοντος
2834 5348 2931 5419 τὴν
2960 5349 3136 5417 σάρκα
3165 5345 3222 5396 ἐν
3251 5346 3462 5407 ἑαυτοῖς
3506 5344 3657 5396 δόνα-

2101 5371 2246 5486 σὲιῖι,
2277 5433 2330 5476 et
2357 5422 2435 5477 sic
2461 5421 2744 5489 legendum
2775 5434 2896 5473 esse
2919 5434 2981 5471 ex
3012 5425 3266 5489 contextu
3301 5423 3538 5489 apparet.
3561 5413 3655 5465 Per

2099 5483 2454 5554 illudautem,
2478 5483 2912 5563 τόῦφρονοῦντος
2943 5487 3286 5563 καῖ-ἄγοντος
3334 5483 3432 5563 τηεν
3463 5484 3651 5563 σάρκα,

2101 5564 2337 5636 animam
2373 5554 2650 5636 intelligit.
2671 5559 2835 5636 Editi,
2861 5554 3541 5636 φαντάζεσθεηςρονοῦντες
3561 5554 3652 5624 τὴν

2102 5634 2278 5705 σάρκα
2308 5634 2468 5705 ἑαυτῇ
2486 5627 2778 5705 ρύνασθαι,
2810 5627 2967 5705 longe
2997 5627 3247 5705 dissimili
3273 5627 3560 5705 sententia.

2168 5692 2282 5770 (86)
2325 5692 2630 5773 Seg."Gobl.
2661 5711 2713 5773 et
2740 5698 2884 5752 Fclc.
2907 5692 2979 5773 ’1.
3001 5697 3207 5773 γίνεται
3235 5695 3483 5773 μίμησις,
3514 5692 3569 5744 ἐν
3593 5707 3648 5773 is

2099 5762 2336 5849 Χριστιῖϋ
2373 5762 2570 5849 σαρκὸς
2626 5771 2791 5849 μόνης
2833 5762 3119 5849 καινότητα
3156 5762 3557 5837 ὁμολογοῦντες.
3592 5762 3646 5814 Et

2102 5842 2210 5916 γάρ
2242 5842 2332 5897 τοῦ
2367 5842 2608 5912 ἄγοντος,
2643 5842 2825 5895 multis
2855 5842 3092 5895 omissis.
