3956 6230
321 344 454 403 11ἓῖ

1200 345 1479 402 CONTRA
1517 345 2041 406 APOLLINARIUM
2082 351 2284 407 LIBER
2323 353 2704 410 SECUNDUS.

3423 367 3561 424 1133

318 477 402 531 τοι
428 461 728 530 γεγονέναι,
759 461 856 531 τὴν
876 460 970 513 τοῦ
995 461 1194 526 πάθους
1218 463 1422 534 νόησιν,
1454 465 1546 517 κα).
1562 465 1659 536 τὴν
1693 466 1752 531 ἐξ
1767 466 1893 537 ξιδου

1997 471 2154 525 nitati
2175 473 2449 529 ascribere
2469 457 2683 540 ausus.,
2713 474 2983 535 Sabellius
3004 491 3182 536 autem
3203 481 3355 539 Pauli
3379 483 3567 539 Samo-

316 556 610 611 ἀνύιστασιν
646 559 712 627 τῇ
747 555 958 626 θεότητι
1004 558 1298 627 προσάγειν
1342 557 1573 628 τολμῶν.
1611 558 1895 624 Σαῦἐλλιος

317 648 374 701 δὲ
406 647 497 702 τοῦ
538 648 899 719 Σαμοσατέως
928 649 1143 702 Παύλου
1182 650 1275 702 καὶ
1302 650 1408 704 τῶν
1446 653 1564 704 κατ’
1599 653 1757 705 αὑτὸν
1779 654 1894 704 επι-

314 737 579 791 δέδεικται
620 738 718 808 τὴν
745 736 970 808 γνώμην
990 754 1003 768 ·
1039 736 1290 801 δεδοικὼς
1322 738 1428 811 γὰρ
1455 741 1551 810 τὴν
1585 740 1643 805 ἐξ
1688 742 1894 813 Ἀρείου

313 829 592 902 διαίρεσιν,
613 833 678 901 τῇ
710 830 1025 901 ἀναιρετικῇ
1053 832 1448 885 καταπέπτωκε
1474 833 1668 904 πλάνη.
1710 835 1896 904 Ὑμεῖς

311 921 368 974 δὲ
397 919 502 974 τίνι
530 912 878 991 πρόσκεισθε,
915 919 947 989 ἢ
983 920 1087 971 τίνι
1133 919 1345 991 βοηθεῖν
1378 919 1664 991 βούλεσθες
1703 923 1794 986 Ἥ,
1830 922 1893 975 τὸ

312 1012 625 1082 λεγόμενον,
660 1009 940 1080 πάμφυλοι
981 1009 1092 1080 (22)
1127 1010 1426 1078 γεγόνατες
1469 1011 1610 1064 Πᾶσι
1644 1011 1750 1083 γὰρ
1783 1015 1895 1075 τοῖς

312 1103 731 1174 προειρημένοις
766 1104 1061 1172 αἱρετικοῖς
1095 1102 1472 1174 συνηνέχθητε,
1501 1105 1894 1174 ἀπιστήσαντες

311 1198 379 1268 τῇ
409 1193 600 1248 ἑνώσει
623 1211 637 1226 ο
672 1195 764 1247 καὶ
797 1191 1166 1260 ἀντιλέγοντες
1205 1197 1270 1265 τῇ
1306 1193 1605 1265 πληρώσει,
1637 1197 1717 1257 είς
1746 1196 1894 1248 ἀναίο

315 1303 463 1359 ρεσιν
484 1287 858 1356 κεχωρήκατε,
894 1285 1209 1356 διαιρέσεως
1251 1285 1450 1338 δειλίαν
1479 1285 1588 1356 (25)
1625 1303 1893 1358 προφασιο-

311 1377 550 1448 ζόμενοι.
588 1377 798 1446 ’Ὠσπερ
835 1375 890 1427 δὲ
941 1376 990 1428 οἱ
1031 1373 1358 1447 διαιροῦντες
1391 1377 1685 1447 μεμήνασι,
1718 1377 1809 1428 κα).
1843 1377 1894 1429 οἱ

310 1467 708 1541 παραιροῦντες
765 1465 1170 1538 πεπλάνηνται,
1224 1465 1396 1530 οὕτως
1445 1469 1493 1520 oi.
1545 1467 1894 1540 ἀναιροῦντες

308 1561 670 1616 ἀπόλλυνται·
730 1557 990 1629 ἀληθινῆς
1039 1559 1138 1629 τῆς
1179 1559 1490 1629 οἰκονομίας
1520 1560 1894 1631 γεγενημένης

311 1652 446 1723 (24),
473 1653 565 1705 κα).
590 1650 690 1720 τῆς
719 1651 974 1721 ἀληθείας
1024 1649 1450 1723 φανερωθείσης,
1490 1652 1582 1704 καὶ
1608 1651 1707 1722 τῆς
1739 1652 1895 1725 χάρι-

308 1761 399 1809 τος
436 1742 907 1817 μαρτυρουμένης.

1997 561 2251 624 satensis,
2279 561 2505 633 ejusque
2528 565 2842 635 sequacium
2875 571 3194 626 sententiam
3217 573 3445 643 probat:
3471 591 3565 630 ve-

1996 651 2132 706 ritus
2168 654 2310 706 enim
2345 653 2458 708 Arii
2485 654 2827 725 divisionem,
2859 659 2910 712 in
2941 674 3182 716 errorem
3221 664 3313 733 qui
3346 665 3561 734 (perso-

1996 742 2115 812 nas)
2147 742 2212 796 de
2239 743 2417 798 medio
2442 744 2578 799 tollit
2607 745 2862 816 delapsus
2885 757 2987 803 est.
3015 747 3123 805 Vos
3145 761 3324 807 autem
3343 755 3558 809 cuinam

1994 833 2304 900 adhaeretis,
2335 834 2420 888 vel
2449 836 2663 890 cuinam
2691 837 2944 905 opitulari
2974 840 3138 895 vultis
3162 842 3184 895 ?
3211 841 3348 897 Num
3367 885 3382 910 ,
3415 845 3560 914 quod

1995 925 2282 995 proverbio
2315 924 2509 994 fertur,
2535 927 2835 997 Cujuslibet
2864 930 3038 986 tribus
3064 932 3234 987 estis?
3261 931 3395 988 Nam
3431 935 3560 989 dum

1997 1015 2184 1070 unioni
2222 1016 2381 1072 ﬁdem
2414 1019 2656 1088 negatis,
2686 1018 2814 1074 dum
2853 1021 3174 1091 pleuitudini
3210 1027 3525 1095 repugnatis
3547 1068 3562 1089 .

1995 1122 2119 1160 cum
2168 1108 2424 1163 onmihus
2461 1125 2627 1179 supra
2662 1111 2981 1167 memoratis
3016 1113 3285 1170 haereticis
3326 1129 3562 1170 consen-

1997 1197 2108 1252 titis
2143 1215 2156 1251 :
2194 1208 2450 1269 metuque
2478 1200 2781 1268 divisionis,
2811 1211 2869 1257 ut
2898 1204 3307 1272 causiﬁcamini,
3329 1206 3395 1261 ad
3414 1206 3562 1277 (per-

1995 1289 2180 1358 sonas)
2215 1289 2536 1348 auferendas
2560 1294 2801 1348 animum
2830 1295 3134 1364 appulistis.
3163 1294 3361 1352 Verum
3387 1305 3446 1352 ut
3466 1297 3559 1369 qui

1993 1381 2272 1446 dividunt,
2305 1382 2586 1438 insaniunt
2609 1425 2622 1447 ,
2655 1394 2709 1440 et
2738 1386 2830 1455 qui
2865 1387 3183 1454 detrahunt,
3224 1396 3441 1455 errant;
3482 1389 3563 1445 sic

1993 1473 2084 1542 qui
2123 1472 2189 1527 de
2217 1472 2399 1527 medio
2433 1473 2659 1541 tollunt,
2703 1475 2756 1528 in
2809 1476 3103 1543 perniciem
3149 1487 3280 1532 eunt
3309 1495 3322 1532 :
3348 1492 3473 1533 cum
3509 1479 3564 1532 et

1993 1578 2119 1616 vera
2150 1562 2452 1618 incarnatio
2483 1562 2642 1628 facta,
2673 1573 2727 1618 et
2747 1566 2950 1622 veritas
2974 1567 3109 1633 visa,
3144 1567 3315 1640 gratia
3346 1583 3565 1640 quoque

1993 1655 2306 1710 testimonio
2337 1656 2687 1725 comprobata
2726 1655 2909 1713 fuerit.

379 1835 442 1889 4..
468 1836 533 1888 Τί
574 1835 753 1888 τοίνυν
804 1834 1261 1907 προφασιζόμενοι
1299 1831 1618 1904 σοφίζεσθες
1655 1833 1707 1886 τί
1755 1834 1889 1887 ὑπο-

2060 1827 2112 1882 4.
2137 1827 2248 1882 Cur
2271 1830 2454 1902 itaque
2475 1833 2704 1904 argutiis
2729 1835 3262 1907 sophismatibusque
3281 1837 3562 1893 contendi-

306 1927 616 1999 κρινόμενοι
659 1928 1072 1982 ὑποκαλύπτετε
1104 1927 1250 1998 (25),
1292 1927 1384 1980 καὶ
1418 1926 1477 1978 οὐ
1521 1923 1773 1996 φανερῶς
1806 1925 1891 1978 λέ-

306 2035 456 2087 γετε,
501 2021 581 2073 ὅτι
612 2021 731 2090 ούχὶ
763 2019 943 2074 λαϐὼν
970 2019 1155 2072 δούλου
1194 2019 1408 2090 μορφὴν
1431 2019 1652 2086 γέγονεν
1679 2016 1890 2088 ἄνθρω-

305 2126 430 2175 πος,
481 2110 698 2166 ἀλλ’ὅτι
741 2111 896 2183 ὤφθη
926 2112 1000 2176 ὼς
1046 2112 1362 2183 ἄνθρωπος;
1417 2108 1620 2180 ταύτην
1660 2109 1887 2181 παρέχει

305 2203 406 2275 τὴν
435 2202 625 2257 πεῦσιν
650 2203 804 2273 ὑμῶν
833 2202 945 2272 (26)
975 2203 1004 2254 6
1041 2202 1218 2272 λόγος,
1266 2200 1534 2272 προφάσει
1572 2199 1838 2269 λεγόντων
1861 2203 1889 2253 ὁ

305 2293 467 2359 αὐτὸς
492 2295 586 2348 καὶ
616 2295 644 2346 6
666 2295 845 2358 αὑτός.
874 2295 972 2348 Διά
997 2294 1155 2348 τοῦτο
1181 2293 1502 2362 καταλέγειν
1527 2295 1626 2363 τῆς
1656 2291 1889 2364 ἀληθοῦς

304 2387 617 2458 οἰκονομίας
640 2389 962 2459 ἐπιχειρεῖτε
988 2385 1466 2456 συκοφαντοῦντες,
1491 2386 1584 2441 καὶ
1601 2385 1885 2454 λέγοντεςσ

307 2478 629 2550 ’Ἄνθρωπον
669 2479 886 2547 λέγουσι
917 2480 1007 2533 τὸν
1039 2479 1273 2552 Χριστὸν
1329 2477 1733 2548 θεοποιηθέντα.
1779 2475 1889 2530 Καὶ

305 2569 411 2622 ποῦ
439 2571 519 2634 τὸ,
559 2572 655 2624 Ἐν
677 2570 836 2641 ἀρχῇ
868 2570 978 2642 (2Ἱ)
1005 2570 1086 2639 ἦν
1117 2573 1148 2625 d
1179 2571 1410 2640 Λόγοςς
1442 2569 1537 2625 καὶ
1573 2569 1654 2622 ὅτι
1681 2566 1891 2623 Λαϐὼν

302 2662 544 2733 μορφὴν
593 2663 816 2718 δούλου
856 2664 1072 2732 ἐγένετο
1123 2662 1442 2734 ἀνθρωπος;
1506 2661 1539 2734 ἢ
1601 2659 1888 2731 ἄνθρωπόν

305 2769 442 2824 φησι
473 2754 610 2825 μετὰ
632 2754 767 2807 Θεοῦ
794 2754 944 2819 ὄντα,
965 2755 996 2826 ἢ
1014 2753 1296 2826 ἄνθρωπόν
1321 2771 1454 2824 φησι
1470 2753 1589 2825 θεῷ
1614 2752 1724 2824 (28)
1752 2770 1889 2822 συμα

305 2845 604 2909 πλακέντα,
637 2845 670 2916 ἢ
700 2846 986 2916 ἄνθρωπον
1017 2847 1155 2918 ὑπὲρ
1180 2847 1384 2916 κόσμου
1409 2845 1767 2909 ἀποθανόντα,
1794 2844 1896 2898 καὶ⁴

308 2935 477 3006 μέρος
504 2935 598 2988 τοῦ
628 2935 831 3006 κόσμου
854 2936 1005 3001 ὄντα,
1039 2935 1072 3006 ἢ
1100 2936 1381 3007 ἄνθρωπον
1411 2937 1508 3007 τῆς
1531 2935 1803 3006 ἁμαρτίας
1825 2935 1886 2988 οὐ

305 3025 665 3098 χωρισθέντα,
700 3025 732 3096 ἥ
773 3026 1055 3098 ἄνθρωπον
1087 3027 1331 3095 ἀγγέλων
1360 3025 1707 3092 δεσπόζοντα,
1741 3026 1888 3097 ἢᾶν-

305 3118 526 3188 θρωπον
553 3118 658 3170 ὑπὸ
679 3119 778 3188 τῆς
810 3118 1038 3182 κτίσεως
1076 3119 1565 3190 προσκυνούμενον,
1609 3119 1643 3189 ἢ
1677 3117 1880 3189 ἀνθρω-

307 3227 410 3262 πον
443 3208 648 3280 Κύριον
681 3207 828 3271 ὄντα,
858 3209 952 3262 τοῦ
995 3211 1314 3264 Ἀποστὸλου
1338 3211 1614 3280 λέγοντος·
1646 3210 1888 3277 Παῦλος

304 3295 529 3362 δοῦλος
571 3296 766 3363 Ἰησοῦ
792 3297 1050 3364 Χριστοῦ
1069 3314 1084 3329 ·
1109 3298 1142 3371 ἢ
1177 3299 1461 3372 ἄνθρωπον
1484 3299 1885 3371 σταυρωθέντα,

304 3387 401 3441 καὶ
443 3388 646 3459 Κύριον
674 3388 774 3458 τῆς
817 3385 975 3458 δόξης
1011 3387 1159 3454 ὄντα,
1192 3391 1226 3461 ἢ
1261 3391 1546 3461 ἄνθρωπον
1579 3391 1882 3445 ἀκούοντα’

305 3477 504 3534 Κάθου
532 3479 601 3531 ἐκ
639 3477 852 3542 δεξιῶν
880 3496 1030 3549 μου·
1065 3480 1098 3553 ἦ
1133 3480 1416 3552 ἄνθρωπον
1442 3481 1730 3552 ἐρχόμενον
1765 3481 1888 3555 κρί-

306 3585 394 3622 σιν
438 3571 636 3641 κρῖναι.
668 3569 818 3640 Αὕτη
847 3572 996 3625 ἐστὶν
1028 3572 1182 3643 ὑμῶν
1233 3575 1272 3641 ἡ
1307 3573 1522 3639 θολερὰ
1558 3571 1890 3640 ἀνατροπὴ,

304 3661 374 3730 ἦν
410 3661 660 3724 ποτίζετε
709 3661 834 3724 τοὺς
862 3661 1202 3734 ἀνθρώπους,
1239 3663 1334 3716 καὶ
1369 3661 1692 3733 μεθύσκετε.
1723 3664 1888 3736 Ἐρω-

302 3753 508 3825 τήσατε
543 3753 720 3808 τοίνυν
765 3753 1067 3821 Ἰουδαίους,
1098 3755 1207 3820 ἵνα,
1239 3755 1413 3810 ταῦτα
1453 3758 1582 3828 παρ’
1617 3756 1795 3810 αὐτῶν
1827 3758 1888 3811 ἀ-

305 3845 601 3932 κούσαντες
634 3846 705 3900 τὰ
751 3849 970 3918 ῥήματα
1016 3847 1157 3902 κατά
1199 3847 1435 3920 Χριστοῦ
1471 3849 1755 3920 λεγόμενα,
1793 3849 1889 3902 καὶ

303 3935 415 3992 τῶν
447 3939 527 4002 είς
564 3938 725 3992 αὑτὸν
764 3939 1224 4003 πεπιστευκότων,
1257 3940 1614 4012 ἐρυθριάσητε
1635 3958 1648 3971 ο
1687 3941 1887 4012 μάθετε

302 4029 364 4082 δὲ
389 4029 484 4084 καὶ
515 4032 668 4104 παρά
709 4031 816 4084 τῶν
849 4031 1023 4086 ἄλλων
1062 4032 1373 4102 αίρετικῶν,
1406 4032 1477 4086 τά
1504 4033 1642 4088 αὐτὰ
1664 4033 1886 4088 λαλούν-

301 4137 416 4175 των
444 4124 540 4176 κα).
579 4126 936 4195 φρονούντων.
967 4123 1286 4195 Προκείσθω
1323 4125 1501 4179 τοίνυν
1529 4122 1636 4177 τῶν
1677 4126 1884 4196 αἱρετι-

303 4215 418 4268 κῶν
455 4216 524 4270 τὰ
552 4215 794 4288 δόγματα
824 4217 957 4288 (29),
995 4219 1088 4271 καὶ
1126 4218 1226 4290 τῆς
1266 4217 1538 4289 ὑμετέρας
1571 4220 1886 4290 φρονήσεως

301 4309 337 4374 ἡ
365 4303 582 4376 γνώμη,
617 4307 826 4377 καὶτῆς
855 4307 1130 4378 ἡμετέρας
1152 4308 1386 4370 πίστεως
1419 4309 1447 4361 6
1472 4306 1646 4377 λόγος,
1670 4309 1764 4362 κα).
1790 4307 1884 4361 τοῦ

302 4397 642 4466 Εὑαγγελίου
673 4401 702 4452 ὁ
736 4399 879 4471 ὅρος,
907 4400 1000 4452 καὶ
1026 4398 1136 4452 τῶν
1174 4399 1484 4453 ἀποστόλων
1510 4399 1572 4452 τὸ
1605 4400 1882 4471 κήρυγμα,

1990 1921 2108 1975 tis?
2156 1938 2263 1992 qua
2295 1924 2362 1979 de
2397 1939 2564 1981 causa
2593 1927 2940 1982 simulatione
2971 1930 3230 1985 utimini?
3290 1939 3344 1986 et
3394 1945 3564 2001 quare

1988 2011 2166 2082 palam
2201 2030 2309 2070 non
2340 2017 2543 2083 dicitis,
2573 2033 2722 2084 eum,
2757 2035 2864 2075 non
2892 2031 3170 2090 assumpta
3201 2023 3340 2077 servi
3367 2021 3561 2090 forma,

1987 2100 2267 2159 hominem
2301 2104 2505 2162 factum
2545 2106 2744 2175 fuisse,
2776 2111 2870 2166 sed
2894 2110 3052 2180 quasi
3081 2111 3358 2166 hominem
3394 2127 3562 2183 appa-

1988 2191 2211 2248 ruisse?
2245 2210 2309 2250 ea
2341 2197 2540 2267 quippe
2576 2206 2664 2253 est
2698 2199 3144 2269 interrogationis
3172 2209 3365 2256 vestra:
3397 2202 3565 2273 signi-

1988 2284 2187 2349 ﬁcatio,
2207 2302 2314 2356 qua
2341 2285 2730 2354 fraudulenter,
2750 2289 2884 2358 ipse,
2907 2297 2962 2344 et
2985 2289 3120 2360 ipse,
3145 2291 3339 2346 iterato
3361 2291 3560 2348 dicitis.

1985 2376 2218 2446 Ideoque
2239 2393 2380 2432 verae
2399 2377 2762 2434 incarnationi
2785 2379 3062 2436 adversari
3088 2381 3338 2448 studetis,
3355 2397 3564 2452 nosque

1988 2468 2278 2525 calumniis
2310 2470 2671 2540 oppugnatis,
2702 2470 2994 2542 dieitisque
3025 2490 3039 2527 :
3072 2470 3331 2528 Homines
3371 2473 3449 2527 illi
3479 2474 3565 2528 di-

1987 2570 2117 2616 cunt
2148 2559 2424 2616 Christum
2454 2575 2575 2616 esse
2611 2561 2885 2617 hominem
2932 2564 3027 2633 qui
3074 2561 3215 2619 Deus
3259 2561 3434 2620 factus
3467 2565 3559 2620 sit.

1988 2647 2194 2721 Ecquid
2218 2650 2324 2706 sibi
2353 2651 2469 2705 vult
2493 2650 2624 2706 illud
2653 2669 2667 2706 :
2697 2650 2765 2706 In
2794 2653 3054 2722 principio
3091 2665 3206 2709 erat
3244 2643 3564 2710 Verbum“?

1987 2749 2074 2805 et,
2113 2739 2378 2795 Formam
2425 2743 2561 2796 servi
2614 2742 2876 2813 accipiens
2897 2743 2946 2774 ⁸⁸
2974 2784 2989 2808 ,
3026 2742 3203 2800 factus
3244 2752 3328 2800 est
3363 2743 3566 2798 homo?

1987 2845 2174 2900 quam,
2207 2838 2303 2884 aut
2331 2830 2631 2897 hominem,
2663 2831 2849 2898 aiunt,
2891 2849 3015 2887 cum
3047 2832 3160 2888 Deo
3184 2834 3560 2900 exsistentem,

1987 2931 2083 2977 aut
2111 2921 2388 2977 hominem
2416 2921 2528 2977 Deo
2572 2923 2954 2992 complicatum
2979 2967 2995 2991 ,
3030 2935 3123 2979 aut
3150 2925 3424 2981 hominem
3464 2941 3564 2996 pro

1987 3013 2192 3070 mundo
2224 3023 2530 3081 mortuum,
2560 3022 2615 3068 et
2641 3015 2736 3085 qui
2765 3030 2894 3085 pars
2918 3017 3104 3072 mundi
3130 3019 3200 3074 sit
3229 3027 3363 3074 :aut
3387 3019 3564 3073 homi-

1989 3122 2112 3163 nem
2160 3107 2369 3178 peccati
2400 3123 2508 3163 non
2537 3117 2811 3180 expertem
2847 3128 2862 3166 :
2891 3121 2987 3166 aut
3034 3111 3307 3168 hominem
3357 3113 3565 3184 angelis

1989 3199 2342 3269 imperantem
2371 3217 2385 3254 :
2413 3210 2512 3256 aut
2554 3202 2828 3258 hominem
2879 3203 2973 3273 qui
3004 3219 3034 3257 a
3080 3204 3344 3260 creaturis
3371 3207 3565 3260 adore-

1991 3299 2116 3344 tur:
2145 3299 2238 3346 aut
2270 3289 2544 3346 hominem
2591 3292 2686 3362 qui
2721 3291 2984 3348 Dominus
3016 3294 3118 3357 sit,
3168 3292 3383 3348 dicente
3417 3291 3562 3363 Apo-

1987 3381 2128 3436 stolo
2157 3399 2171 3435 :
2205 3380 2407 3436 Paulus
2441 3399 2617 3436 servus
2643 3382 2772 3437 Jesu
2804 3382 3004 3439 Christi
3027 3384 3074 3419 ⁸⁸
3108 3403 3122 3438 :
3153 3393 3246 3439 aut
3285 3384 3557 3439 hominem

1987 3472 2306 3527 cruciﬁxum
2329 3513 2344 3537 ,
2377 3475 2470 3543 qui
2501 3473 2765 3530 Dominus
2791 3476 2860 3530 sit
2889 3476 3075 3547 gloria
3110 3497 3124 3531 :
3156 3486 3249 3532 aut
3282 3477 3558 3533 hominem

1986 3563 2078 3634 qui
2111 3564 2227 3619 haec
2261 3564 2446 3618 audiat
2473 3583 2486 3619 :
2518 3563 2649 3618 Sede
2681 3582 2714 3619 a
2747 3567 2949 3620 dextris
2983 3569 3112 3622 meis
3136 3567 3180 3600 ⁸⁷
3210 3587 3224 3624 :
3256 3578 3351 3624 aut
3385 3571 3561 3625 horni-

1985 3670 2110 3710 nem
2144 3655 2240 3724 qui
2267 3664 2528 3710 venturus
2563 3656 2656 3723 sit,
2682 3665 2740 3712 ut
2763 3658 3028 3712 mundum
3053 3659 3278 3729 judicct.
3325 3659 3451 3717 Haec
3475 3673 3560 3718 est

1985 3745 2159 3800 lutosa
2189 3753 2366 3800 vestra
2389 3745 2808 3814 subversio,.qua
2832 3747 3080 3802 homines
3125 3750 3324 3819 potatis
3365 3760 3420 3805 et
3472 3751 3559 3806 in-

1985 3835 2285 3892 ebrialis”.
2311 3835 2644 3907 luterrogate
2671 3852 2799 3907 ergo
2819 3836 3055 3903 Judazos,
3077 3849 3135 3894 ut
3155 3856 3277 3895 cum
3304 3840 3416 3896 haec
3443 3843 3560 3912 ipsa

1987 3930 2149 3986 verba
2179 3940 2367 3988 contra
2401 3930 2679 3987 Christum
2701 3973 2717 3999 ,
2745 3940 2799 3987 et
2826 3941 3015 3988 contra
3043 3931 3246 3989 Christi
3279 3934 3462 3992 ﬁdeles
3489 3937 3560 3992 ab

1984 4023 2091 4079 illis
2124 4024 2330 4093 prolata
2365 4023 2646 4080 audieritis
2667 4063 2684 4088 ,
2713 4023 3070 4081 erubescatis.
3118 4024 3321 4082 Discite
3342 4041 3563 4098 quoque

1985 4116 2054 4170 ah
2079 4117 2201 4172 aliis
2235 4117 2501 4171 haereticis
2521 4158 2534 4184 ,
2563 4118 2657 4187 qui
2681 4117 2866 4172 eadem
2902 4133 3024 4188 quae
3054 4135 3151 4174 vos
3185 4121 3479 4190 loquuntur
3506 4130 3561 4176 et

1985 4209 2244 4264 sentiunt.
2264 4207 2323 4263 In
2346 4208 2579 4264 medium
2603 4208 2944 4264 adducantur
2967 4210 3147 4282 itaque
3180 4212 3559 4267 haereticorum

1983 4302 2256 4369 dogmata,
2280 4312 2460 4360 vestra
2493 4305 2778 4371 sententia,
2811 4305 2934 4360 ﬁdei
2965 4313 3166 4359 nostrae
3190 4305 3350 4368 ratio,
3380 4301 3560 4358 Evan-

1985 4393 2105 4463 gelii
2127 4392 2388 4460 deﬁnitio,
2413 4397 2784 4466 apostolorum
2809 4397 3144 4467 praedicatio,
3168 4396 3558 4467 prophetarum

303 4494 402 4545 καὶ
425 4491 534 4545 τῶν
555 4491 901 4565 προφητῶνή
933 4492 1227 4563 μαρτυρία,
1257 4492 1352 4546 καὶ
1376 4493 1477 4564 τῆς
1502 4490 1884 4566 πληρωθείσης

1994 4488 2357 4542 testimonium
2378 4527 2394 4553 ,
2428 4498 2482 4544 et
2530 4499 2763 4560 peractae
2813 4487 3131 4545 oeconomiae
3163 4501 3328 4544 verus
3362 4488 3561 4543 modus

302 4585 617 4655 οἰκονομίας
649 4587 681 4654 ἡ
711 4583 1058 4652 κατανόησις.

379 4677 432 4731 5.
465 4677 668 4730 Εἴπατε
697 4677 895 4739 τοίνυν,
916 4675 1033 4739 πῶς
1047 4674 1232 4744 λέγετε
1254 4675 1384 4728 Θεὸν
1412 4676 1475 4728 ἐκ
1495 4675 1750 4748 Ναζαρὲτ
1765 4676 1879 4748 (⁸50)

301 4769 654 4840 γεγενῆσθαι,
685 4769 780 4839 τῆς
821 4767 1070 4836 θεότητος
1099 4766 1174 4831 ὼς
1213 4766 1384 4837 ἀρχὴν
1421 4766 1682 4833 γενέσεως
1712 4767 1881 4836 ἀπαγ-

302 4858 588 4926 γέλλοντες
619 4859 763 4912 κατά
804 4857 1014 4912 Παῦλον
1045 4859 1137 4910 τὸν
1166 4857 1505 4928 Σαμοσατέα,
1541 4856 1574 4925 ἢ
1612 4857 1712 4927 τῆς
1753 4875 1882 4930 σαρ-

1986 4595 2221 4650 veraque
2248 4582 2406 4636 ratio.

2057 4673 2109 4728 5.
2151 4671 2490 4744 Respondete
2543 4675 2744 4746 igitur,
2793 4690 2900 4747 qua
2930 4675 3144 4730 ratione
3175 4671 3357 4728 dicitis
3389 4671 3556 4725 Deum

1986 4780 2052 4819 ex
2100 4764 2332 4820 Nazaret
2373 4765 2578 4822 factum
2616 4765 2809 4833 fuisse,
2839 4767 3132 4835 deitatique
3171 4762 3386 4818 initium
3412 4761 3557 4815 exsi-

1987 4857 2162 4913 stendi
2183 4857 2339 4929 juxta
2372 4857 2596 4914 Paulum
2630 4857 3072 4914 Samosatensem
3103 4853 3415 4920 ascribitis;
3464 4859 3557 4906 aut

376 4974 424 5007 ⁸⁸
460 4971 616 5028 Joan.
650 4988 689 5039 l,
721 4973 772 5028 1.
847 4974 892 5004 ⁸⁵
929 4970 1162 5042 Philipp.
1194 4987 1256 5038 ιι,
1284 4971 1334 5025 7.
1410 4971 1455 5002 ⁸⁸
1497 4969 1656 5026 Rom.
1690 4987 1730 5037 ι,
1760 4973 1810 5026 1.
1886 4973 1903 5006 ⁸

1994 4974 2120 5030 ’sal.
2157 4992 2268 5041 crx,
2299 4977 2349 5030 1.
2427 4978 2471 5009 ³³
2512 4976 2715 5032 Hahae.
2744 4976 2920 5040 ",15.

379 5090 492 5163 (22)
533 5091 820 5163 Πάμφυλοι
849 5091 1130 5163 γεγόνατε,
1154 5104 1344 5144 omnes
1359 5087 1469 5144 fere
1495 5091 1872 5158 manuscripti.

306 5162 450 5232 Editi
480 5161 634 5232 vero,
670 5162 936 5232 πάμφιλοι
963 5161 1241 5232 γεγόνατε.

378 5231 490 5300 (25)
535 5231 658 5301 Seg.
699 5226 985 5301 Anglican:
1014 5231 1169 5286 Gobl.
1218 5236 1273 5283 et
1312 5226 1551 5283 Felckm.
1589 5229 1650 5298 1,.
1669 5229 1874 5301 διαιρέ-

307 5318 445 5364 σεως
477 5301 732 5363 διάνοιαν,
767 5304 945 5356 minus
970 5312 1133 5354 recte.

381 5372 492 5437 (24)
536 5371 660 5441 ξμς.
695 5371 853 5427 Gobl.
889 5380 943 5441 et
971 5370 1216 5441 Felckm.
1251 5368 1314 5441 1,Δ
1329 5368 1646 5440 γενομένης.

385 5441 496 5512 (25)
537 5437 702 5512 Ba'sil.
747 5441 871 5512 ch.
908 5439 1063 5512 Gobl.
1098 5451 1149 5493 ct
1176 5437 1492 5512 elcltmzd',
1523 5437 1878 5512 ξπικαλύπτεο

301 5507 402 5566 τεξ
433 5511 555 5564 Mox
594 5513 646 5564 in
680 5511 795 5567 haec
822 5507 1007 5576 Qerba,
1038 5511 1118 5563 ὅτι
1155 5510 1273 5578 οὐχὶ
1318 5507 1494 5561 λαϐὼν
1524 5509 1709 5562 δούλου
1744 5527 1876 5633 μορ-

303 5583 436 5633 φὴν.
465 5584 492 5633 6
515 5581 878 5633 δοεαπάτοης.
902 5583 1148 5633 aliusuue
1189 5579 1508 5633 scholiastes
1536 5580 1590 5632 in
1619 5579 1738 5633 Felc
1783 5621 1796 5633 .
1819 5579 1876 5633 2.

303 5583 437 5654 φὴν,
465 5584 492 5634 6
515 5581 878 5652 δοξαπάτρης,
902 5583 1148 5648 aliusque
1189 5579 1508 5634 scholiastes
1536 5580 1590 5632 in
1619 5579 1796 5634 Felck.
1819 5579 1876 5644 2,

304 5654 411 5718 δρα
439 5651 721 5705 καὶτοῦτο
767 5652 954 5718 (quod
994 5651 1200 5706 scilicet
1246 5649 1403 5718 quasi
1448 5649 1609 5701 homo
1637 5659 1798 5712 esset,
1847 5651 1875 5702 6

307 5667 411 5724 ορα
439 5667 534 5705 και
561 5667 721 5705 τουτο
767 5667 954 5720 (quon
994 5667 1200 5706 scurcet
1246 5667 1403 5718 quasi
1448 5667 1609 5701 nomo
1637 5667 1798 5712 esset,
1847 5667 1872 5702 ο

307 5724 501 5791 Λόγος,
533 5722 862 5790 apparuerit)
890 5717 1046 5791 οἶμαι
1066 5720 1154 5776 τὸν
1176 5719 1420 5787 θεόλογον
1448 5717 1713 5789 δέχεσθαι.
1740 5720 1872 5777 Ibid.

308 5794 461 5866 503.,
493 5793 711 5864 ἐγένετο
736 5791 1036 5862 ἄνθρωπος.

2050 5094 2162 5172 (26)
2203 5095 2423 5172 Ταύτην-
2450 5095 2572 5172 -γάρ
2601 5096 2740 5172 ἔχει.
2767 5093 2892 5172 τὴν.
2909 5091 3102 5172 πεῦσιν
3189 5091 3349 5172 λόγος
3377 5094 3551 5172 Digby,

1982 5163 2104 5233 ch.
2141 5164 2291 5229 Item,
2328 5163 2484 5220 οδω.
2521 5163 2574 5218 et
2599 5163 2836 5218 Felckm.
2872 5164 2896 5216 1
2942 5163 3165 5226 habent,
3189 5163 3400 5219 πεῦσιν.
3419 5163 3554 5219 Edi-

1979 5236 2039 5300 li,
2065 5235 2271 5307 ταύτην
2300 5236 2526 5307 παρέχει
2553 5235 2651 5307 τὴν
2679 5233 2922 5307 πνεῦσιν.

2185 5277 2662 5375 sarissas
2685 5277 3025 5375 ξδ’ἐῖάὶρχῇ.

2078 5372 2168 5445 28)
2210 5372 2593 5445 Ἢάνθρωπον
2613 5372 2780 5445 -Θεῷη
2799 5372 2922 5441 Seg.

2058 5439 2170 5517 (‘29)
2214 5446 2368 5500 Gobl.
2410 5439 2462 5498 et
2486 5439 2724 5517 F_e_lckn1.
2761 5443 2812 5507 1,
2845 5439 3325 5517 παρὰ-τῷνΔᾶλλων
3351 5445 3555 5513 αἱρετι-

1987 5516 2097 5569 κών
2125 5511 2194 5569 τὰ
2222 5511 2658 5587 δόγματαη-Μοκ-
2677 5511 2825 5587 S_c_g.,
2861 5511 2946 5587 τὰς
2961 5511 3099 5587 αὐτά
3123 5512 3273 5587 ὑμῖν.

2059 5588 2170 5643 ('50)
2213 5580 2336 5654 Segl
2366 5583 2578 5654 Anglic.
2620 5580 2864 5654 Gobll_et
2907 5580 3229 5654 Eelckm.’i,
3265 5583 3330 5636 ἐκ
3370 5583 3554 5654 Ναζα-

1992 5656 2107 5779 ρέῗπ
2135 5651 2386 5779 Egieth'év
2423 5651 2696 5725 Ναζαρέτ.
2741 5651 2865 5708 Mox
2918 5651 3014 5721 ὡς,
3049 5662 3176 5707 ante
3221 5653 3416 5724 ἀρχὴν,
3459 5651 3556 5711 (1ο-

1992 5741 2043 5779 es
2095 5743 2149 5779 tu
2256 5742 2314 5779 ε..

1985 5725 2068 5781 est
2095 5726 2149 5779 in
2185 5725 2314 5796 Seg.
