3956 6230
1000 345 1058 402 S.
1107 339 1477 400 ATIIANASH
1516 337 1666 395 OPP.
1701 329 1882 388 PARS
1916 327 1965 388 ι.
1993 356 2066 370 --
2105 325 2470 388 lilSTORlCA
2509 330 2597 386 ET
2628 324 3045 386 DOGMATICA.

403 475 585 530 carnis
614 471 1019 544 generationem
1059 469 1299 539 negatis,
1342 465 1501 536 juxta
1544 459 1875 515 Marcionem
1919 461 1972 507 et

2095 453 2172 515 ιὸς
2216 453 2317 524 τὴν
2362 455 2619 524 γέννησιν
2651 451 2763 521 (51)
2813 449 3131 521 ἀρνούμενοι
3158 442 3297 499 κατὰ
3335 440 3631 513 Μαρκίωνα

403 568 538 623 alios
576 566 856 621 haereticos
881 578 1039 630 ;'nec
1075 562 1129 615 in
1158 557 1375 616 statutis
1403 549 1729 623 evangelicis
1758 546 1968 603 incedi-

403 661 494 722 tis,
524 657 619 713 sed
646 656 810 711 vultis
833 670 900 708 ex
921 652 1139 722 propria
1163 650 1313 720 loqui
1343 645 1648 705 sententia?
1673 642 1799 697 Ideo
1823 639 1967 694 enim

401 749 604 812 dicitis,
631 746 800 802 Deum
825 762 890 800 ex
925 743 1147 814 Virgine
1179 750 1367 798 natum
1402 753 1544 803 esse,
1575 751 1640 790 ac
1666 748 1775 788 non
1797 730 1967 784 Deum

403 849 457 893 et
494 838 800 899 hominem.
843 835 997 906 juxta
1047 833 1413 904 evangelicam
1465 827 1831 884 deﬁnitionem
1863 841 1875 876 :
1904 836 1972 877 ne

404 928 446 986 si
475 929 657 985 ean-nis
684 929 1089 998 generationem
1123 922 1485 980 conﬁteamini
1504 961 1519 987 ,
1553 921 1725 989 ipsam
1752 924 1972 970 natura-

405 1023 507 1076 lem
538 1020 825 1076 admittere
849 1017 1116 1092 cogamini
1135 1057 1151 1082 ,
1179 1016 1339 1086 753
1374 1030 1481 1085 qua
1516 1027 1646 1070 sane
1677 1010 1730 1064 in
1758 1024 1817 1063 re
1846 1019 1974 1062 vere

404 1114 690 1181 diceretis;
710 1113 802 1168 sed
821 1111 988 1167 Deum
1012 1109 1252 1180 genitum
1272 1103 1571 1166 allirmatis,
1589 1101 1680 1172 qui
1699 1098 1972 1170 propriam

406 1218 626 1259 carnem
674 1202 853 1274 specie
891 1209 1104 1256 tantum
1133 1197 1461 1254 exhibuerit.
1501 1193 1620 1249 Non
1649 1192 1798 1248 enim
1831 1189 1975 1245 Deus

408 1297 622 1350 initium
664 1294 922 1351 nascendi
969 1309 1035 1347 ex
1067 1290 1299 1346 Nazaret
1336 1288 1560 1345 sortitus
1586 1294 1661 1340 est
1695 1303 1709 1338 :
1739 1283 1830 1339 sed
1879 1282 1975 1352 qui

407 1388 621 1443 exsistit
647 1396 771 1443 ante
795 1385 996 1442 saecula
1014 1378 1253 1440 Verbum
1278 1381 1440 1447 Deus,
1474 1396 1539 1434 ex
1562 1377 1793 1432 Nazaret
1813 1376 1977 1430 homo

410 1480 564 1535 visus
584 1489 669 1535 est
693 1496 708 1534 :
734 1488 896 1534 natus
911 1494 979 1533 ex
995 1476 1171 1533 Maria.
1185 1474 1425 1545 Virgine,
1452 1481 1506 1527 et
1535 1470 1741 1541 Spiritu
1764 1478 1975 1531 sancto,

413 1570 468 1623 in
500 1567 783 1623 Bethleem
831 1565 1158 1636 Judzeae,|ex
1194 1566 1402 1622 semine
1432 1562 1634 1627 David,
1657 1559 1890 1616 Abrahae
1925 1566 1991 1612 et

410 1660 559 1725 Adae,
586 1660 663 1714 uti
697 1659 959 1729 scriptum
989 1668 1072 1714 est
1093 1677 1115 1726 ;.
1130 1658 1421 1726 omniaque
1441 1652 1737 1723 assumpsit
1760 1667 1826 1707 ex
1854 1647 1978 1704 Vir-

411 1751 537 1818 gine
558 1789 573 1816 ,
608 1766 946 1821 quaecunque
980 1751 1048 1805 ab
1080 1751 1232 1804 initio
1264 1747 1408 1804 Deus
1444 1747 1511 1802 ad
1536 1744 1974 1802 constitutionem

2072 546 2164 599 καὶ
2196 547 2320 609 τοὺς
2344 545 2534 608 ἄλλους
2564 543 2893 616 αἰρετικοὸς,
2933 540 2992 593 οὑ
3024 537 3101 608 τῷ
3143 533 3478 604 εὑαγγελικῷ
3504 549 3636 585 στοι-

2072 634 2292 707 χοῦντες
2323 636 2453 706 ὅρῳ,
2485 633 2598 688 ἀλλ’
2632 636 2696 687 ἐκ
2726 631 2834 685 τῶν
2859 628 3002 683 ἰδίων
3032 625 3209 680 λαλεῖν
3242 622 3511 685 θέλοντες;
3539 619 3638 673 Διὰ

2071 727 2226 781 τοῦτο
2258 727 2366 797 γὰρ
2390 726 2575 794 λέγετε
2601 724 2733 778 Θεὸν
2756 718 3116 791 γεγεννῆσθαι
3131 718 3197 770 ὲκ
3223 713 3517 787 Παρθένου,
3543 713 3640 765 καὶ

2073 820 2194 890 οὐχὶ
2225 819 2355 873 Θεὸν
2391 819 2485 873 καὶ
2522 818 2634 888 (52)
2674 815 2953 886 ἄνθρωπον
2985 809 3124 864 κατά
3160 808 3250 862 τὸν
3293 801 3641 875 εὑαγγελικὸν

2073 913 2196 985 ὅρον
2216 929 2230 942 α
2267 912 2355 964 ἴνα
2395 912 2624 981 μήποτε,
2666 907 2915 978 γέννησιν
2954 903 3151 974 σαρκὸς
3189 900 3643 971 ὁμολογήσαντες,

2076 1004 2308 1075 φυσικὴν
2341 1003 2509 1073 αὐτὴν
2526 1000 2737 1070 εἴπητε,
2760 994 3182 1067 ὲπαληθεύοντες
3209 990 3287 1062 τῷ
3303 989 3444 1058 λόγῳ
3464 1005 3478 1018 ·
3505 985 3645 1041 ἀλλὰ

2075 1096 2206 1149 Θεὸν
2236 1093 2579 1165 γεννηθέντα,
2615 1090 2752 1145 ἰδίαν
2776 1089 2833 1142 δὲ
2864 1087 3040 1160 σάρκα
3067 1086 3180 1157 (55)
3208 1082 3452 1147 δείξαντα
3480 1080 3554 1142 ὡς
3584 1080 3650 1131 ἐν

2075 1188 2312 1257 δοκήσει.
2338 1186 2412 1239 οὑ
2437 1184 2543 1255 γὰρ
2577 1182 2750 1253 ἀρχὴν
2773 1180 3076 1249 γεννήσεως
3114 1177 3176 1229 ὲκ
3196 1173 3448 1245 Ναζαρὲτ
3465 1174 3493 1226 6
3512 1170 3650 1234 Θεὸς

2076 1277 2442 1331 ἐπιδείκνυται
2461 1292 2475 1305 ·
2510 1274 2623 1327 ἀλλ’
2655 1275 2683 1326 6
2730 1271 2991 1342 ὑπάρχων
3027 1266 3133 1339 πρὸ
3166 1265 3274 1319 τῶν
3297 1262 3505 1319 αίώνων
3536 1260 3645 1315 A6-

2077 1387 2172 1439 γος
2202 1368 2335 1433 Θεὸς
2366 1369 2432 1421 ὲκ
2466 1365 2720 1437 Ναζαρὲτ
2753 1362 3036 1433 ἅνθρωπος
3064 1358 3238 1431 ὤφθη,
3274 1353 3553 1426 γεννηθεὶς
3581 1355 3653 1406 ἐκ

2076 1459 2293 1530 Μαρίας
2321 1457 2422 1527 τῆς
2461 1454 2741 1528 Παρθένου
2786 1452 2880 1508 καὶ
2912 1449 3224 1522 Πνεύματος
3262 1448 3417 1516 ἁγίου
3451 1446 3561 1513 (54)
3588 1446 3653 1498 ὲν

2079 1549 2328 1621 Βηθλεὲμ
2354 1548 2456 1619 τῆς
2484 1546 2765 1611 Ἰουδαίας,
2807 1545 2872 1597 ὲκ
2907 1541 3219 1612 σπέρματος
3240 1538 3403 1592 Δασὶδ
3436 1537 3528 1590 καὶ
3560 1537 3652 1589 ‘A-

2078 1640 2286 1715 ὁραὰμ,
2308 1640 2403 1694 καὶ
2426 1637 2519 1693 τοῦ
2557 1637 2746 1715 Ἀδὰμ,
2780 1635 2857 1697 ὡς
2881 1633 3188 1705 γέγραπται
3211 1648 3225 1661 ·
3266 1630 3444 1685 πάντα
3472 1626 3659 1681 λαεὼνι

2082 1734 2192 1803 (55)
2237 1736 2301 1787 ἐκ
2327 1714 2623 1804 Παρθένοὺ,
2663 1731 2763 1783 ὅσα
2794 1726 3029 1800 ἀρχῆθεν
3063 1727 3092 1781 6
3125 1724 3257 1788 Θεὸς
3279 1725 3360 1787 είς
3393 1722 3654 1775 σύστασιν

412 1813 652 1898 hominis
673 1813 976 1898 efformavit
1005 1850 1059 1898 et
1088 1840 1351 1906 condidit,
1384 1847 1610 1907 excepto
1632 1843 1875 1907 peccato.
1909 1831 1982 1888 Ut

2095 1823 2366 1900 ὶνθρὼπου
2403 1824 2601 1878 ἔπλασε
2641 1824 2734 1876 καὶ
2779 1820 3001 1889 ἐποίησε
3033 1816 3203 1889 χωρὶς
3239 1814 3545 1888 ἁμαρτίας·

413 1935 709 2006 Apostolus
758 1949 975 2006 Quoque
1004 1934 1081 1989 ait
1111 1952 1124 1988 :
1161 1931 1265 1987 Pro
1296 1929 1642 1986 similitudine
1669 1944 1760 1998 per
1781 1928 1979 1992 omnia,

414 2035 608 2095 prwter
661 2036 934 2097 peccatum
958 2025 1002 2057 ⁸³
1038 2042 1053 2091 ;
1084 2038 1184 2079 nec
1241 2022 1539 2077 divinitatis
1604 2019 1979 2083 mutationem,

416 2116 513 2172 sed
545 2116 901 2173 humanitatis
939 2116 1341 2172 innovationem
1378 2113 1605 2170 arbitrio
1644 2127 1751 2169 suo
1772 2111 1980 2173 eﬂ'ecit;

416 2225 528 2279 quo
552 2218 740 2281 gentes
771 2210 991 2266 Christo
1018 2208 1417 2279 concorporales
1445 2218 1494 2262 et
1521 2206 1917 2276 comparticipes
1937 2205 1991 2238 οδ

419 2302 649 2365 tierent,
703 2299 1162 2372 quemadmodum
1215 2298 1405 2356 scribit
1451 2296 1785 2368 Apostolus:
1822 2304 1987 2366 ulque

420 2392 585 2448 homo
640 2408 829 2448 revera
879 2392 1143 2467 Deustet
1192 2394 1335 2451 Deus
1370 2410 1555 2451 revera
1599 2395 1761 2449 homo
1793 2391 1933 2447 foret
1969 2410 1984 2447 ι

419 2493 671 2555 essetque
699 2484 788 2540 ille
819 2499 946 2541 vere
978 2485 1142 2541 homo
1166 2527 1182 2552 ,
1212 2496 1267 2541 et
1308 2500 1433 2541 vere
1481 2484 1623 2542 Deus
1657 2502 1671 2540 :
1707 2499 1814 2539 non
1844 2483 1987 2553 quod

419 2573 591 2628 homo
606 2576 749 2644 apud
774 2573 941 2631 Deum
967 2584 1135 2644 esset,
1164 2586 1223 2632 ut
1255 2592 1353 2632 vos
1377 2576 1803 2642 calumniantes,
1826 2574 1953 2630 Chri
1971 2604 1987 2617 ο

420 2664 839 2736 stianorumque
882 2669 1145 2738 mysterio
1199 2668 1565 2724 obtrectantes
1622 2667 1803 2724 dicitis
1844 2685 1859 2721 :
1894 2666 1987 2721 sed

421 2756 570 2825 quod
602 2754 722 2812 Deo.
750 2758 1029 2828 unigenito
1059 2759 1324 2828 placuerit
1345 2800 1360 2826 ,
1392 2759 1726 2830 plenitudine
1754 2774 1866 2814 suae
1904 2757 1990 2812 di-

421 2848 666 2904 vinitatis
691 2849 966 2921 archetypi
992 2849 1227 2905 hominis
1251 2859 1517 2919 naturam,
1541 2865 1850 2919 novumque
1874 2849 1990 2917 opi.

424 2941 608 2995 licium
638 2981 652 3004 ,
691 2956 759 2996 ex
789 2949 943 2996 utero
978 2939 1218 3012 Virginis
1253 2943 1306 2996 in
1336 2943 1517 3014 seipso
1561 2958 1659 3014 per
1690 2942 1989 2997 naturalem

422 3033 867 3101 generationem,
911 3044 965 3090 et
999 3034 1428 3090 indissolubilem
1482 3035 1738 3089 unionem
1786 3044 1991 3089 restau-

2082 1920 2176 1973 καὶ
2206 1920 2235 1971 6
2272 1915 2586 1979 Ἀπόστολος
2615 1914 2792 1982 λέγει’
2815 1909 2951 1966 Καθ’
2978 1908 3292 1978 ὁμοιότητα
3324 1903 3476 1958 κατὰ
3512 1900 3660 1956 πάν-

2082 2027 2155 2065 τα
2182 2009 2319 2081 (56),
2348 2007 2525 2077 χωρίς
2549 2004 2858 2076 ἁμαρτιας,
2881 2002 2942 2056 οὑ
2967 2001 3066 2070 τῆς
3088 2000 3337 2071 θεότητος
3362 1996 3658 2069 μεταποίη·

2087 2119 2170 2156 σιν
2190 2100 2615 2171 ἐπιδειξάμενος,
2641 2096 2776 2150 ἀλλὰ
2795 2094 2896 2165 τῆς
2916 2091 3334 2163 ἀνθρωπότητος
3356 2088 3668 2159 καινοποέηο

2087 2213 2171 2250 σιν
2199 2195 2591 2266 ἐργασάμενος,
2622 2186 2764 2243 κατὰ
2786 2187 2846 2240 τὸ
2870 2183 3035 2240 αὑτοῦ
3070 2183 3281 2253 θέλημα
3302 2198 3316 2212 ι
3347 2179 3489 2234 ὥστε
3518 2175 3669 2234 εἶναι

2085 2285 2160 2340 τά.
2173 2284 2299 2357 ἔθνη
2324 2285 2640 2351 σύσσωμα,
2674 2278 2771 2333 καὶ
2797 2274 3138 2346 συμμέτοχα
3171 2272 3265 2327 τοῦ
3300 2269 3561 2343 Χριστοῦ,
3582 2271 3666 2333 ὡς

2088 2377 2182 2431 καὶ
2210 2378 2239 2430 6
2283 2371 2599 2435 Ἀπόστολος
2626 2370 2859 2442 γράφειο
2902 2369 2990 2423 ἵνα
3036 2367 3131 2420 καὶ
3175 2366 3205 2418 6
3232 2363 3516 2436 ἄνθρωπος
3545 2358 3663 2433 (57)

2086 2464 2122 2539 ᾖ
2148 2466 2278 2530 Θεὸς
2307 2464 2540 2537 άληθῶς,
2582 2462 2677 2516 καὶ
2710 2464 2740 2516 6
2769 2461 2899 2526 Θεὸς
3002 2456 3285 2530 ἄνθρωπος
3312 2453 3547 2525 άληθῶς,
3574 2454 3669 2508 ἵνα

2088 2555 2122 2632 ᾗ
2157 2558 2250 2612 καὶ
2275 2556 2556 2628 ἅνθρωπος
2591 2553 2805 2624 ἀληθῶς
2842 2551 2937 2605 καὶ
2969 2550 3100 2613 Θεὸς
3132 2545 3347 2618 άληθῶς
3366 2563 3380 2576 ·
3413 2545 3538 2616 οὐχ),
3566 2545 3666 2598 ἀν-

2092 2651 2312 2723 θρώπου
2335 2649 2471 2723 πρὸς
2502 2648 2593 2702 τὸν
2621 2646 2754 2702 Θεὸν
2783 2645 2956 2710 ὄντος,
2976 2642 3053 2707 th;
3079 2643 3236 2714 ὑμεῖς
3269 2637 3665 2710 συκοφαντοῦν-

2089 2761 2180 2808 τες
2205 2742 2411 2811 λέγετε,
2443 2739 2787 2810 διασύροντες
2819 2736 2881 2790 τὸ
2921 2735 3031 2789 τῶν
3064 2731 3402 2805 Χριστιανῶν
3452 2730 3666 2801 μυστή-

2097 2851 2207 2906 ριον
2233 2852 2245 2864 ·
2289 2832 2423 2889 ἀλλὰ
2469 2830 2601 2885 Θεοῦ
2640 2828 2731 2883 τοῦ
2792 2824 3109 2899 μονογενοῦς
3157 2824 3544 2894 εὑδοκήσαντος
3585 2821 3670 2892 τῷ

2094 2925 2418 2998 πληρώματι
2454 2923 2554 2993 τῆς
2590 2922 2842 2993 θεότητος
2876 2918 3041 2973 αὑτοῦ
3083 2917 3178 2988 τὴν
3217 2916 3309 2971 τοῦ
3355 2916 3666 2988 ἀρχετύπου

2095 3018 2289 3072 πλάσιν
2333 3013 2645 3088 ἀνθρώπου,
2678 3014 2772 3067 καὶ
2825 3012 3041 3082 ποίησιν
3074 3009 3285 3079 καινὴν,
3337 3010 3402 3062 ἐκ
3450 3009 3669 3079 μήτρας

428 3138 583 3190 rare;
618 3132 679 3179 ut
716 3132 773 3178 et
802 3099 903 3194 pro
943 3124 1256 3179 hominibus
1286 3124 1523 3179 salutare
1548 3124 1821 3193 negotium
1866 3138 1989 3193 per—

2095 3107 2366 3180 Παρθένου
2395 3106 2801 3177 ἁναστήσασθαι
2838 3100 3035 3172 ἑαυτῷ,
3060 3103 3259 3171 φυσικῇ
3294 3101 3544 3171 γεννήσει
3571 3099 3669 3152 καὶ

429 3218 636 3281 ticeret,
664 3217 828 3287 inque
865 3217 1136 3287 passione,
1168 3228 1341 3273 morte
1361 3228 1417 3273 et
1448 3218 1866 3284 resurrectione,
1895 3220 1991 3273 ho-

426 3308 638 3363 minum
660 3308 1088 3380 redemptionem
1126 3309 1451 3366 absolveret.

502 3576 554 3631 6.
582 3575 686 3633 Sed
720 3578 998 3649 objicitis:
1025 3578 1083 3635 Si
1112 3583 1294 3637 omnia
1316 3581 1542 3651 accepit,
1571 3596 1709 3638 sane
1734 3591 1787 3637 et
1813 3582 1998 3637 huma-

431 3685 533 3724 nas
562 3672 921 3742 cogitationes
946 3673 1134 3729 habuit
1159 3693 1175 3730 :
1198 3674 1531 3745 impossibile
1556 3684 1736 3731 autem
1758 3684 1861 3741 est,
1894 3676 1991 3730 hu-

431 3763 617 3818 manis
639 3764 1061 3834 cogitationibus
1085 3782 1191 3821 non
1214 3766 1394 3823 inesse
1420 3776 1697 3837 peccatum
1732 3782 2000 3837 :quomo-

431 3853 503 3907 do
534 3854 697 3925 igitur
721 3853 971 3912 Christus
996 3856 1202 3927 absque
1224 3865 1449 3925 peccato
1466 3857 1568 3912 erit
1588 3857 1611 3911 ί
1639 3857 1753 3911 lmo
1777 3870 1999 3926 respon-

430 3943 554 4000 dete
598 3961 696 4001 vos
745 3947 847 4018 ipsi
904 3965 920 4003 :
971 3946 1028 4002 Si
1061 3949 1377 4003 vitiosarum
1425 3948 1815 4019 cogitationum
1856 3948 1999 4003 Deus

431 4048 649 4094 creator
673 4040 858 4106 fuerit,
892 4042 1292 4112 adjungendum
1325 4042 1435 4098 Deo
1465 4051 1548 4099 est
1572 4041 1849 4112 proprium
1878 4040 1998 4110 opi-

434 4129 615 4184 licium
647 4148 660 4187 :
693 4133 843 4188 venit
872 4132 1019 4187 enim
1044 4142 1103 4188 ut
1126 4134 1403 4204 proprium
1434 4148 1571 4203 opus
1609 4132 1712 4188 sibi
1743 4131 2003 4202 adiunge-

433 4229 538 4275 ret.
563 4219 670 4277 Sed
697 4236 763 4276 eo
786 4233 946 4292 pacto
990 4222 1196 4293 injusto
1255 4238 1387 4278 sane
1407 4222 1615 4293 judicio
1637 4230 1886 4292 peccator
1907 4221 2004 4275 da-
2028 4244 2033 4247 -

435 4323 671 4367 mnatur.
707 4310 840 4367 Nam
862 4315 907 4369 si
938 4314 1165 4370 vitiosas
1204 4315 1563 4386 cogitationes
1607 4313 1813 4369 creavit
1837 4311 1999 4377 Deus,

433 4402 565 4471 quid
593 4411 678 4457 est
697 4403 842 4473 quod
875 4415 1188 4473 peccantem
1216 4405 1578 4461 condemnet?
1601 4413 1693 4460 aut
1712 4404 1804 4475 qui
1830 4411 2005 4472 potest

2092 3199 2273 3270 ἀλύτῳ
2296 3197 2483 3253 ὲνὼσει
2505 3198 2644 3268 (58)·
2666 3197 2753 3250 ἴνα
2776 3195 2873 3266 τὴν
2903 3195 3042 3265 ὑπὲρ
3070 3192 3369 3265 ἀνθρώπων
3398 3193 3671 3264 σωτήριον

2095 3286 2473 3360 πραγματείαν
2514 3287 2829 3358 ποιήσηται,
2875 3285 2935 3336 ὲν
2970 3282 3131 3336 πάθει
3173 3283 3270 3336 καὶ
3308 3281 3523 3353 θανάτῳ
3572 3282 3668 3335 καὶ

2095 3379 2389 3436 ἀναστάσει
2418 3379 2516 3449 τὴν
2560 3377 2831 3449 σωτηρίαν
2868 3374 2978 3430 τῶν
3007 3373 3307 3448 ἀνθρώπων
3329 3373 3665 3446 κατεργαζό-

2102 3489 2281 3543 μενος.

2165 3560 2219 3615 6.
2252 3559 2413 3617 Ἀλλὰ
2448 3560 2657 3630 λέγετε,
2695 3560 2799 3626 ὅτι,
2833 3559 2883 3611 εί
2917 3558 3092 3612 πάντα
3133 3555 3314 3622 ἕλαὸε,
3339 3556 3558 3618 πάντως
3575 3555 3672 3626 δή·

2098 3671 2198 3709 που
2229 3653 2325 3708 καί¹
2365 3654 2491 3717 τοὺς
2536 3650 2906 3724 ἀνθρωπίνους
2931 3649 3222 3720 λογισμοὺς
3254 3642 3427 3717 εἶχεν·
3474 3646 3673 3701 ἀδύνα-

2097 3763 2189 3800 τον
2212 3745 2269 3799 δέ
2290 3747 2434 3799 ἐστιν
2464 3745 2523 3799 ἐν
2553 3744 2829 3814 λογισμοῖς
2851 3741 2960 3816 (59)
2994 3739 3350 3812 ἀνθρωπίνοις
3396 3738 3669 3808 ἁμαρτίαν

2102 3837 2176 3910 μὴ
2204 3833 2344 3893 εἷναι
2367 3853 2380 3865 ·
2408 3837 2502 3890 καὶ
2534 3835 2648 3899 πῶς
2677 3834 2830 3888 ἔσται
2851 3833 3018 3907 χωρὶς
3050 3832 3319 3904 ἁμαρτίας
3340 3833 3371 3885 6
3399 3830 3668 3902 Χριστὸςς

2098 3932 2301 3985 Εἴπατε
2333 3930 2544 3984 τοίνυν·
2583 3930 2646 3984 Εἰ
2687 3927 2795 3983 τῶν
2836 3926 3224 3999 ἁμαρτητικιῖΝ
3271 3924 3548 3995 λογισμῶν
3580 3923 3671 3993 δη-

2103 4023 2361 4096 μιουργὸς
2397 4023 2426 4075 6
2457 4021 2611 4086 Θεὸς,
2658 4019 2991 4092 προσακτέον
3022 4018 3100 4090 τῷ
3135 4016 3252 4089 Θεῷ
3279 4016 3379 4088 τὴν
3414 4017 3552 4070 ἰδίαν
3580 4015 3674 4087 δη-

2104 4116 2389 4187 μιουργίαν
2412 4131 2427 4145 ⁸
2460 4109 2591 4186 ἦλθε
2621 4113 2728 4185 γὰρ
2753 4110 3121 4183 προσάγεσθαι
3145 4109 3242 4181 τὴν
3270 4110 3406 4163 ίδίαν
3431 4110 3667 4179 ποίησιν.

2115 4205 2275 4261 Ἀλλά
2305 4207 2485 4270 ἄδικος
2534 4205 2685 4259 ἔσται
2718 4205 2880 4259 πάλιν
2928 4205 2961 4275 ἡ
3006 4204 3184 4275 κρίσις
3238 4203 3672 4268 καταδικάζουσα

2104 4298 2216 4370 (40)
2260 4298 2351 4354 τὸν
2383 4299 2776 4370 ἁμαρτήσαντα
2795 4314 2809 4327 ·
2851 4299 2899 4352 εί
2931 4295 3039 4369 γάρ
3093 4295 3499 4367 ἁμαρτητικοὺς
3527 4294 3673 4363 λογι-

2108 4391 2279 4463 σμοὺς
2317 4388 2744 4461 ἐδημιούργησεν
2790 4390 2819 4442 6
2871 4387 3023 4451 Θεὸς,
3053 4386 3170 4450 πῶς
3202 4383 3550 4450 καταδικάζει
3582 4387 3671 4439 τὸν

433 4508 464 4548 a
491 4492 600 4549 Deo
618 4494 931 4564 huiusmodi
946 4495 1209 4564 judicium
1235 4496 1542 4567 proﬁcisci?
1563 4474 1783 4562 Quodsi
1807 4495 1989 4560 Adam,

2110 4483 2530 4554 άμαρτήσαντα;
2567 4480 2661 4533 καὶ
2704 4477 2822 4543 πῶς
2853 4474 2962 4533 οἷόν
2990 4495 3050 4532 τε
3080 4476 3231 4548 παρὰ
3254 4474 3388 4530 Θεοῦ
3418 4475 3671 4545 τοιαύτην

433 4591 725 4653 antequam
758 4582 853 4639 Dei
880 4583 1193 4640 mandatum
1223 4586 1711 4657 transgrederetur,
1732 4584 2000 4644 eiusmodi

504 4717 550 4753 "
590 4716 752 4775 Hebr.
779 4734 853 4784 ιν,
881 4718 981 4796 15..
1046 4719 1093 4752 ⁹⁰
1129 4717 1328 4790 Ephes.
1364 4735 1447 4783 ut,
1480 4719 1533 4776 6.

508 4831 622 4901 (51)
664 4835 738 4906 ita
786 4828 1015 4906 Anglic.
1048 4833 1180 4906 _Seg.
1219 4833 1379 4890 Gohl.
1412 4847 1459 4906 et
1492 4835 1732 4892 Felrkm.
1774 4834 1825 4890 1.
1861 4836 2006 4891 Editi

435 4918 587 4988 vero,
614 4905 850 4975 γένεσιν.
880 4904 1019 4961 Mox
1048 4904 1238 4972 Basil.,
1271 4907 1397 4969 τούς
1427 4905 1618 4983 ἄλλους
1652 4906 1758 4961 τῶν
1800 4907 2000 4978 αἱρετιο

437 4991 571 5030 κων.

510 5043 623 5117 (52)
660 5046 791 5117 καί.
822 5046 974 5117 deest
1005 5048 1057 5100 in
1087 5045 1243 5101 Gobl.
1285 5055 1337 5099 et
1369 5045 1608 5101 Felckm.
1631 5047 1696 5117 j.
1725 5044 1846 5101 Mox
1876 5047 2001 5115 Seg.

435 5115 683 5190 GphLet
712 5115 950 5190 Felekm.
991 5118 1042 5182 1,
1090 5118 1341 5189 γέννησιν
1368 5118 1589 5190 σαρκός.
1630 5115 1774 5171 Editi
1806 5127 1860 5171 et
1887 5118 2001 5181 alii,

436 5189 650 5258 γένεσιν
674 5187 895 5258 σαρκός.

512 5256 622 5320 (55)
664 5256 887 5323 Seguer.
921 5256 1076 5313 Gohl.
1111 5266 1166 5311 et
1194 5256 1434 5313 Felekm.
1467 5259 1517 5321 1,
1550 5256 1686 5311 ἰδίαν
1718 5274 1776 5310 τε
1803 5256 2002 5327 σάρκα.

439 5326 577 5383 Editi
609 5335 662 5381 et
683 5326 968 5399 alii._t6lav
993 5328 1049 5381 δὲ
1076 5327 1275 5399 σάρκα.
1302 5327 1419 5382 Mox
1452 5329 1593 5383 idem
1617 5344 1741 5382 eum
1770 5326 2001 5395 Anglia,

437 5399 759 5467 γεννήσεως.
791 5394 953 5464 Edili,
981 5394 1264 5467 γενέσεως.

512 5399 759 5522 vacem.
791 5399 953 5471 Edili,
981 5399 1264 5465 γενέσεως.

512 5472 530 5536 (
608 5469 640 5550 )_
665 5465 885 5550 Go‘bler.
913 5477 966 5522 et
995 5466 1231 5550 Feick'm.
1273 5469 1326 5532 1,
1358 5469 1451 5523 καί
1482 5470 1796 5541 σπέρματος
1824 5465 2004 5535 ἁγίου.

439 5534 588 5607 Seg..
609 5534 687 5607 ἐκ
721 5537 1036 5600 Πνεύματος
1067 5538 1245 5606 ἁγίου.

510 5606 623 5674 (55)
664 5606 814 5676 Seg.,
853 5608 1025 5662 πάντα
1053 5607 1263 5661 ἐλαϐεν.

486 5676 629 5748 -ίξίῇ
666 5675 825 5748 15m
841 5677 1047 5748 πάντα.
1082 5679 1234 5748 deest
1268 5678 1322 5732 in
1355 5677 1477 5748 Seg.

516 5743 629 5815 (57)
668 5742 793 5813 Seg.
826 5745 981 5800 Golel.
1020 5757 1075 5802 et
1117 5746 1352 5802 Peli-km.
1392 5742 1451 5815 ιζ
1494 5749 1582 5803 ἵνα
1614 5749 1707 5802 καὶ
1732 5752 1762 5803 6
1794 5750 2003 5821 ἂνθρω-

2108 4576 2287 4651 κρίσιν
2327 4572 2621 4643 γενέσθαι;
2654 4573 2716 4627 El
2754 4572 2811 4626 δὲ
2845 4573 2940 4626 καὶ
2974 4573 3004 4626 6
3048 4569 3219 4641 Ἀδὰμ
3264 4568 3524 4624 ὑπέκειτο
3561 4571 3672 4633 τοῖς

2105 4837 2270 4965 ποςάᾖ
2300 4839 2432 4904 Θεὸς
2465 4835 2709 4910 άληθῶς·
2742 4837 2862 4908 οὐχὶ
2896 4834 3204 4907 ἀνθρώπου,
3248 4833 3468 4890 omissis
3508 4833 3669 4889 inter-

2107 4928 2192 4965 me
2235 4928 2321 4965 ns.

2107 4928 2321 4966 meuns.

2184 4928 2519 5051 ’Basil.,
2553 4978 2646 5033 και
2670 4975 2947 5051 evagato.
2962 4973 3105 5051 Mos,
3128 4974 3392 5051 σωτῄριον
3428 4973 3589 5051 deest
3613 4973 3663 5025 in

2104 5042 2286 5116 editis,
2319 5052 2410 5107 sed
2462 5051 2656 5119 legitur
2681 5042 3132 5119 in_Seg._Aiiglic.
3162 5042 3331 5119 G_oh_’l._
3348 5054 3401 5098 et
3427 5042 3663 5119 Felckm.

2106 5103 2690 5191 primofpauloupost
2718 5103 2870 5191 ⁸διιεῖ
2889 5103 3141 5191 Goliuet
3191 5103 3429 5168 Felckm.
3451 5117 3527 5191 ut,
3570 5113 3664 5191 τῂν

2104 5183 2479 5262 ἆπολύτρωσιν
2508 5183 2617 5262 τῶν
2636 5183 2974 5262 ανθρώπων..
2996 5184 3136 5262 Ε.ᾱίιί
3175 5184 3531 5262 νθηοιιζιριίί..
3574 5183 3665 5250 τὴν

2107 5252 2377 5335 σωτηρίαν
2402 5258 2520 5344 ,τῶν
2562 5252 2881 5330 ἀνθρώπων.
2927 5256 3053 5310 Mox
3107 5252 3418 5317 Ιιειε,’Δλλὰ
3464 5252 3664 5323 λέγετε,

2105 5333 2375 5387 habentur
2402 5348 2453 5386 tn
2484 5330 2676 5387 svnod.
2703 5343 2778 5387 νι.
2811 5336 2916 5382 act.
2946 5326 2998 5380 8.

2125 5343 2375 5387 labentur
2402 5343 2453 5386 tn
2484 5343 2676 5391 SYIIOCI.
2703 5343 2778 5391 νι,
2811 5343 2916 5382 aCl.
2946 5343 2998 5380 δ.

2182 5348 2375 5387 nentur
2402 5348 2453 5386 m
2484 5348 2676 5402 synou.
2703 5348 2778 5391 νι,
2811 5348 2916 5382 aet.
2946 5348 2998 5380 ο.

2178 5402 2290 5472 (59)
2332 5402 2442 5472 Sic_
2456 5399 2580 5472 εῖτ-ε.
2609 5398 2768 5472 ςιεω.
2800 5405 2855 5451 et
2884 5394 3123 5472 feh‘krn.
3158 5396 3210 5454 Ι.
3245 5404 3409 5472 atque
3446 5394 3520 5449 ita
3547 5392 3665 5461 legit

2105 5461 2370 5527 Nannius.
2404 5461 2566 5533 Editi',
2597 5467 2854 5523 ἀδύνατον
2879 5466 2935 5519 δὲ
2962 5461 3029 5536 ἦν
3057 5461 3355 5536 λογισμοῖς.

2161 5543 2291 5611 ’(40)
2332 5531 2684 5611 Anglicanus,
2730 5531 3180 5611 δημιουργίαν.Ὴ
3218 5531 3412 5611 ’κρίσις
3457 5531 3666 5611 καταδι-

2107 5602 2367 5678 κάζουσα.
2394 5602 2529 5666 lhid.
2550 5608 2700 5680 Seg.,
2717 5602 3157 5682 προσαγαγέσθαι
3188 5602 3306 5678 την.
3337 5602 3459 5659 Mox
3482 5602 3663 5667 Basil.,

2106 5683 2287 5739 ἄδικός
2313 5681 2448 5736 ἐστι.

2174 5697 2287 5750 ικος
2313 5697 2448 5736 εστι.
