3956 6230
387 317 528 377 1247

975 317 1033 373 S.
1076 316 1447 373 A'l'll.\NASll
1487 317 1640 374 ΟΡΡ.
1680 319 1861 376 PARS
1894 323 1935 376 1.

2082 319 2450 377 HISTORICA
2489 320 2577 375 ET
2614 321 3032 383 DOGMATLCA.

3490 321 3623 380 1118

386 439 582 502 suapte
610 439 802 486 natura
836 439 891 486 et
920 431 1138 495 virtute,
1170 446 1229 486 se
1265 432 1468 501 peccati
1497 441 1772 503 expertem
1808 434 1959 490 exhi-

2064 436 2127 506 τῇ
2166 433 2260 488 τοῦ
2302 435 2476 505 Λόγου
2502 435 2714 506 θεότητι
2749 438 2973 505 ὀφθεῖσα
3013 439 3046 508 ἡ
3079 437 3173 492 τοῦ
3205 437 3391 492 δούλου
3423 438 3619 510 μορφὴ,

388 522 503 588 bet,
544 532 831 592 postquam
877 522 1220 577 necessitatis
1258 522 1646 589 conditionem,
1671 534 1727 579 et
1754 526 1959 594 peccati

387 615 560 687 legem
596 616 865 683 dissolvit,
899 626 955 671 et
979 616 1311 685 captivitatis
1340 626 1627 689 tyrannum
1658 618 1709 671 in
1735 620 1961 688 captivi-

384 717 551 767 tatem
601 710 860 773 adduxit,
904 720 963 766 nt
992 712 1068 767 ait
1114 711 1376 781 propheta
1413 728 1428 765 :
1465 710 1763 766 Ascendisli
1795 713 1849 766 in
1878 711 1962 766 al-

387 809 518 865 tum.
557 803 740 872 repiin
775 804 1132 873 captivitatem
1148 804 1195 857 ⁸.
1220 802 1353 857 Nam
1386 819 1510 858 cum
1554 804 1783 859 formam
1817 806 1959 861 servi

388 895 613 949 inimico
645 894 879 950 Verbum
925 896 1204 963 objecerit.
1231 910 1325 964 per
1351 912 1476 949 eum
1505 897 1597 965 qui
1626 896 1756 950 olim
1785 898 1960 954 victus

386 986 585 1046 fuerat.
613 988 890 1043 victoriam
921 996 1244 1043 consecutus
1269 998 1371 1043 est.
1397 986 1657 1054 Quocirca
1681 1004 1776 1059 per
1799 1005 1961 1045 omne

386 1081 703 1135 tentationis
755 1095 926 1150 genus
981 1080 1328 1149 pertransivit
1378 1080 1557 1145 Jesus,
1600 1085 1727 1150 quia
1777 1083 1959 1138 omnia

386 1169 648 1239 sumpsit,
685 1170 737 1223 in
785 1186 907 1239 quae
938 1172 1252 1225 tentatiouis
1295 1172 1724 1240 experimentum
1768 1173 1961 1228 cadere

384 1259 581 1328 possit,
612 1261 811 1329 quibus
854 1260 1137 1316 victoriam
1170 1276 1269 1330 pro
1300 1261 1611 1315 hominibus
1645 1263 1958 1330 reportavit,

384 1352 627 1420 dicitque
664 1372 678 1406 :
711 1350 992 1421 Con/idite,
1025 1368 1118 1422 ego
1148 1354 1247 1407 vici
1282 1353 1533 1407 mundum
1577 1355 1619 1407 ".
1654 1353 1817 1425 756
1857 1352 1960 1407 Ne-

383 1458 492 1514 que
521 1444 666 1498 enim
699 1454 888 1499 contra
923 1444 1202 1509 deitatem,
1234 1460 1397 1515 quam
1428 1446 1481 1499 in
1515 1447 1606 1499 illo
1634 1461 1740 1499 non
1783 1456 1957 1512 norat,

382 1533 584 1589 bellum
612 1536 852 1604 suscepit
871 1535 1149 1600 diabolus;
1175 1551 1514 1606 nequaquam
1541 1536 1685 1590 enim
1711 1536 1762 1591 id
1791 1552 1962 1593 ausus

383 1631 549 1689 esset,
606 1623 835 1694 ideoque
863 1626 1041 1680 aiebat
1073 1643 1085 1678 :
1118 1625 1179 1680 Si
1215 1624 1389 1680 Filius
1421 1626 1515 1681 Dei
1544 1644 1598 1681 ει
1622 1627 1677 1693 ’ς
1715 1629 1807 1682 sed
1838 1644 1963 1683 con-

383 1725 467 1769 tra
499 1716 795 1779 hominem,
830 1733 992 1787 quem
1035 1718 1164 1773 olim
1212 1718 1265 1773 in
1302 1733 1541 1773 errorem
1571 1719 1838 1775 deducere
1869 1737 1961 1775 va-

2062 528 2163 580 οὐκ
2210 527 2424 599 ἀνάγκη
2474 526 2831 600 ὑποκειμένη,
2864 529 2999 586 ἀλλὰ
3031 533 3189 601 φύσει
3225 534 3319 585 καὶ
3360 532 3580 603 δυνάμει
3603 573 3619 596 ,

2062 617 2160 689 τὴν
2188 619 2603 690 ὰναμαρτησίαν
2642 622 3039 688 ἐπιδείκνυται,
3082 623 3381 679 διαλύσασα
3412 624 3503 678 τὸν
3529 626 3624 696 τῆς

2062 709 2304 781 ἀνάγκης
2334 710 2478 781 ὅρον,
2506 713 2599 765 καὶ
2635 713 2729 767 τὸν
2760 714 2859 784 τῆς
2898 714 3169 786 ἁμαρτίας
3193 717 3374 787 νόμον,
3413 718 3507 771 καὶ
3534 718 3624 772 τὸν

2060 803 2160 871 τῆς
2193 802 2566 873 αἰχμαλωσίας
2608 804 2868 876 τύραννον
2897 805 3624 877 αίχμαλωτεύσασα(67),ῶς

2062 909 2227 963 φησιν
2260 894 2289 945 6
2335 896 2651 966 προφήτης’
2714 897 2956 964 Ἀνέὄης
2991 901 3079 964 είς
3122 898 3308 967 ὕψος,
3350 898 3626 968 unus»

2060 1001 2276 1051 τευσας
2314 988 2747 1055 αἰχμαλωσίαν.
2775 988 2886 1058 Τὴν
2926 989 3034 1062 γὰρ
3063 989 3273 1062 μορφὴν
3304 990 3398 1044 τοῦ
3438 990 3625 1046 δούλου

2060 1076 2201 1130 κατᾶ
2229 1076 2323 1129 τοῦ
2356 1075 2555 1147 ἐχθροῦ
2590 1077 3023 1149 προϐαλλόμενος
3050 1083 3078 1135 6
3105 1082 3297 1150 Λόγος,
3335 1080 3433 1152 τὴν
3471 1081 3626 1154 νίκην

2060 1167 2354 1239 πεποίηται
2386 1167 2474 1222 διὰ
2516 1160 2609 1222 τοῦ
2656 1171 2786 1224 ποτὲ
2829 1170 3168 1242 ἡττηθέντος.
3206 1172 3303 1226 Διά
3334 1173 3494 1227 τοῦτο
3532 1173 3628 1229 καὶ

2061 1259 2238 1313 πάντα
2280 1260 2370 1312 τὸν
2423 1261 2731 1334 πειρασμὸν
2777 1264 3134 1319 συνετέλεσεν.
3169 1267 3197 1319 6
3253 1266 3460 1337 Ἰησοῦς
3485 1307 3501 1330 ,
3543 1268 3627 1324 ὁτι

2060 1350 2236 1402 πάντα
2268 1349 2428 1404 ἔλαϐε
2451 1351 2518 1405 τὰ
2549 1353 2857 1424 πειρασμοῦ
2890 1357 3085 1425 πεῖραν
3122 1357 3413 1428 ἐσχηκότα,
3455 1358 3522 1411 δι’
3550 1352 3627 1413 ὧν

2058 1437 2156 1508 τὴν
2186 1438 2327 1510 ὑπὲρ
2370 1438 2670 1511 ἀνθρώπων
2702 1442 2861 1515 νίκην
2909 1445 3199 1517 πεποίηται
3233 1445 3382 1517 (68),
3417 1447 3621 1516 λέγων’

2062 1530 2363 1598 Θαρσεῖτε,
2396 1530 2511 1601 ἐγὼ
2534 1534 2821 1601 νενίκηκα
2845 1537 2951 1589 τὸν
2975 1539 3226 1607 κόσμον.
3254 1539 3328 1591 Οὐ
3356 1539 3464 1611 γὰρ
3489 1538 3627 1610 πρὸς

2060 1620 2288 1694 θεότητα
2318 1624 2487 1694 ἤρατο
2511 1623 2603 1677 τὸν
2632 1625 2864 1697 πόλεμον
2884 1628 2913 1680 ὀ
2939 1627 3201 1694 διάϐολος,
3238 1629 3306 1700 ην
3337 1630 3626 1701 ἠγνόησεν,

2062 1713 2183 1767 οὺδέ
2211 1714 2319 1786 γὰρ
2347 1715 2551 1783 ἐτόλμα
2571 1733 2585 1747 ·
2617 1715 2707 1770 διὰ
2725 1717 2881 1771 τοῦτο
2901 1718 3010 1790 (69)
3033 1719 3245 1790 ἔλεγενο
3283 1722 3350 1773 El
3378 1722 3462 1775 σὺ
3495 1717 3556 1775 εἷ
3578 1723 3615 1777 6

384 1805 504 1868 luit,
551 1821 616 1859 ex
646 1823 756 1876 quo
788 1808 839 1862 in
872 1823 1063 1863 omnes
1093 1809 1341 1864 homines
1389 1809 1608 1864 malitia:
1636 1825 1749 1866 suae
1780 1810 1957 1865 ellica~

2071 1804 2201 1872 Υἱός
2234 1806 2341 1862 τοῦ
2395 1808 2545 1863 Θεοῦ
2568 1825 2582 1838 ⁸
2617 1808 2753 1863 ἀλλὰ
2791 1809 2927 1881 πρὸς
2985 1810 3268 1883 ἄνθρωπον
3294 1853 3308 1878 ,
3359 1811 3420 1865 όν
3462 1812 3628 1868 πάλαι

387 1898 529 1951 ciam
568 1900 881 1968 propagavit
937 1899 1073 1954 Cum
1102 1910 1281 1955 autem
1310 1900 1440 1956 Adze
1471 1901 1651 1955 anima
1683 1901 1736 1955 in
1766 1904 1956 1960 mortis

381 1989 836 2047 condciunatiune
881 1993 1240 2057 detineretur,
1275 2009 1339 2048 ac
1376 2003 1637 2063 perpetuo
1666 1995 1732 2049 ad
1768 1994 1955 2051 Domi—

380 2098 512 2137 num
561 2098 721 2138 suum
758 2086 1017 2139 clamaret
1048 2102 1061 2138 :
1105 2086 1229 2140 item
1264 2101 1387 2141 cum
1423 2088 1454 2141 ii
1486 2088 1578 2157 qui
1606 2086 1715 2143 Deo
1743 2089 1959 2159 placue-

383 2184 527 2237 tant,
560 2186 614 2229 et
646 2176 737 2245 qui
771 2176 823 2229 in
853 2176 966 2245 lege
992 2178 1224 2232 naturali
1253 2178 1520 2247 justitiam
1567 2181 1802 2235 assecuti
1839 2181 1957 2237 fue-

381 2275 525 2331 rant,
558 2282 664 2321 uua
709 2282 834 2323 cum
867 2267 1077 2324 Adamo
1121 2269 1513 2336 detinerentur,
1544 2286 1608 2326 ac
1637 2272 1799 2326 simul
1829 2286 1955 2328 cum

382 2357 477 2411 illo
505 2358 752 2428 lugerent
779 2360 1220 2431 clamarentque,
1252 2359 1540 2427 Dominus,
1571 2377 1732 2433 quem
1773 2362 1960 2418 condi—

380 2449 537 2503 derat
588 2449 863 2504 hominem
923 2452 1238 2516 miseratus,
1286 2452 1456 2509 voluit
1502 2469 1598 2523 per
1641 2455 1958 2524 mysterium

379 2541 526 2609 quoi
575 2540 975 2605 manilestavit,
1008 2560 1201 2599 novam
1232 2545 1462 2599 salutem
1497 2546 1733 2600 humano
1776 2545 1959 2617 generi

380 2632 695 2696 conciliare,
727 2634 1117 2705 inimicumque
1151 2635 1244 2705 qui
1278 2651 1371 2705 per
1397 2635 1651 2690 invidiam
1684 2637 1958 2691 hominem

378 2721 666 2792 deceperat
700 2723 989 2813 profligare
1026 2742 1039 2777 :
1079 2726 1460 2780 enitationein
1490 2736 1669 2781 autem
1702 2726 1958 2792 hominis,

381 2813 586 2869 unione
619 2815 710 2869 illa
746 2824 801 2871 et
830 2816 1327 2871 communicatione
1366 2832 1490 2871 cum
1528 2815 1809 2870 Altissimo
1843 2816 1963 2885 (na-

381 2911 506 2958 tura
556 2912 612 2958 et
661 2903 738 2959 rei
784 2907 1028 2977 veritate)
1077 2907 1334 2975 majorem
1383 2923 1548 2977 quam
1581 2923 1703 2977 qua
1738 2909 1961 2979 intelligi

379 2994 556 3065 possit
582 2996 839 3053 exhibere
868 2994 1123 3066 dignatus
1151 3006 1256 3054 est.

451 3171 540 3229 10.
573 3171 863 3243 Propterea
910 3174 1059 3228 venit
1093 3173 1324 3230 Verbum
1352 3174 1499 3244 quod
1544 3177 1685 3230 Deus
1726 3176 1872 3238 erat',
1902 3179 1957 3228 et

382 3266 547 3336 primi
580 3266 817 3321 hominis
844 3275 1079 3332 creator,
1138 3277 1197 3323 ut
1238 3269 1400 3322 homo
1442 3267 1613 3330 ﬁeret,
1652 3282 1760 3335 quo
1796 3267 1958 3321 homo

383 3358 605 3426 quidem
643 3358 1012 3424 revivisceret,
1042 3358 1264 3429 iniquus
1294 3369 1475 3414 autem
1506 3358 1677 3413 hostis
1706 3357 1958 3428 prodiga--

383 3462 536 3508 retur
568 3469 584 3507 :
613 3453 757 3523 quod
794 3463 981 3507 natum
1025 3468 1091 3507 ex
1120 3452 1369 3517 muliere,
1397 3468 1460 3506 ex
1494 3452 1668 3522 prima
1701 3451 1958 3505 eﬂ‘ortnao

382 3547 529 3601 tione
561 3545 792 3601 l'ormam
843 3544 1080 3599 hominis
1119 3545 1173 3597 in
1220 3544 1401 3613 scipso
1440 3542 1699 3605 restituit,
1736 3557 1956 3597 carnem

378 3652 510 3692 vero
543 3652 699 3693 suam
732 3636 938 3706 absque
961 3635 1275 3690 carnalibus
1302 3635 1725 3705 cupiditatibus,
1759 3642 1813 3687 et
1836 3633 1962 3687 abs.

379 3742 488 3798 que
532 3727 784 3782 humanis
827 3727 1267 3798 cOgitationibus.
1313 3727 1366 3780 in
1422 3725 1657 3796 imagine
1704 3725 1960 3780 novitatis

381 3821 650 3875 exhibuit.
705 3819 971 3875 Voluntas
1021 3821 1165 3874 enim
1217 3819 1387 3875 solius
1438 3817 1736 3872 divinitatis
1785 3824 1955 3870 erat:

379 3911 649 3980 siquidem
697 3921 888 3966 natura
919 3920 1027 3966 tota
1074 3909 1234 3965 Verbi
1269 3910 1488 3975 aderat,
1517 3908 1618 3963 sub
1666 3908 1960 3977 specimine

370 4001 637 4060 humana:
691 4002 900 4067 formae.
950 4019 1158 4058 necnon
1209 4002 1461 4064 visibilis,
1517 4001 1737 4056 secundi
1787 4000 1957 4054 Adam

380 4097 562 4153 carnis
595 4114 611 4151 :
642 4111 748 4150 non
796 4096 848 4150 in
899 4096 1164 4150 divisione
1195 4108 1570 4164 personarum,
1606 4094 1698 4147 sed
1731 4093 1782 4146 in
1815 4092 1960 4147 exsi-

380 4190 575 4243 stentia
611 4189 912 4244 divinitatis
955 4197 1011 4244 et
1060 4187 1436 4241 humanitatis.
1466 4184 1805 4255 Quapropter
1841 4184 1959 4239 dia-

379 4278 539 4333 bolos
565 4280 631 4333 ad
664 4277 848 4335 Jesum
872 4289 930 4334 ut
956 4280 1021 4333 ad
1055 4280 1328 4333 hominem
1355 4278 1644 4333 accedebat
1670 4294 1684 4330 :
1715 4278 1807 4331 sed
1831 4291 1957 4330 cum

380 4369 439 4424 in
472 4385 539 4425 eo
571 4370 780 4440 antiqui
814 4370 1185 4441 superindncti
1225 4368 1450 4424 seminis
1482 4368 1706 4437 vestigia
1736 4382 1843 4422 non
1872 4380 1959 4419 rc-

2058 1897 2329 1968 πλανῆσαι
2360 1901 2567 1971 ἴσχυσε,
2599 1901 2690 1955 καὶ
2728 1901 2788 1965 ἐξ
2828 1902 3035 1956 ἐκείνου
3064 1905 3144 1968 είς
3170 1904 3379 1968 πάντας
3406 1903 3621 1977 ἀνθρώ‹

2058 2007 2193 2055 πους
2222 1991 2453 2055 ἐξέτεινε
2480 1992 2581 2061 τῆς
2616 1994 2817 2058 κακίας
2845 1993 3009 2048 αὑτοῦ
3038 1994 3136 2066 τὴν
3166 1996 3469 2068 ἐνέργειαν.
3515 1997 3627 2065 τῆς

2056 2079 2115 2134 δὲ
2140 2081 2233 2135 τοῦ
2279 2082 2448 2154 Ἀδάμ
2474 2085 2584 2154 (70)
2623 2084 2801 2155 ψυχῆς
2826 2087 2882 2138 ὲν
2929 2086 3193 2159 καταδίκῃ
3223 2086 3457 2141 θανάτου
3490 2104 3625 2142 κατ-

2057 2172 2331 2244 εχομένης
2360 2214 2377 2239 ,
2439 2176 2533 2230 καὶ
2579 2174 2788 2248 βοώσης
2833 2178 2970 2248 πρὸς
2999 2178 3091 2232 τὸν
3129 2178 3330 2250 ἑαυτῆς
3360 2179 3627 2250 δεσπότην

2057 2263 2348 2329 διαπαντὸς
2377 2265 2511 2335 (71),
2558 2268 2652 2320 καὶ
2686 2266 2794 2320 τῶν
2827 2267 3308 2340 εὐαρεστησάντων
3347 2268 3426 2339 τῷ
3466 2266 3586 2339 Θεῷ
3606 2306 3627 2335 ,

2058 2353 2152 2407 καὶ
2189 2354 2589 2411 δικαιωθέντων
2621 2357 2680 2409 ἐν
2710 2357 2789 2427 τῷ
2833 2357 3047 2429 φυσικῷ
3091 2358 3260 2429 νόμῳ,
3307 2375 3635 2429 συγκατεκο-

2064 2448 2238 2518 μένων
2266 2446 2345 2519 τῷ
2385 2448 2577 2518 Ἀδὰμ,
2624 2446 3074 2518 συμπενθούντων
3104 2465 3166 2502 τε
3209 2449 3303 2505 κα)⁵
3351 2448 3634 2519 συμῦοών-

2059 2551 2167 2589 των
2189 2536 2323 2606 (72),
2363 2537 2591 2610 ἐλεήσας
2611 2540 2640 2592 ὁ
2669 2537 2803 2602 Θεὸς
2826 2540 2917 2593 τὸν
2939 2539 3243 2612 ἄνθρωπον,
3271 2540 3331 2594 δν
3352 2541 3630 2610 ἐποίησεν,

2059 2627 2327 2698 ηὑδόκησε
2378 2627 2465 2682 διὰ
2518 2629 2823 2701 μυστηρίου
2868 2629 3263 2703 φανερώσεως,
3314 2631 3634 2703 καινότητος

2063 2720 2334 2791 σωτηρίαν
2365 2721 2807 2793 κατεργάσασθαι
2837 2721 2915 2792 τῷ
2945 2724 3094 2791 γένει
3140 2721 3248 2776 τῶν
3283 2722 3584 2794 ἀνθρώπων
3611 2763 3627 2786 ,

2063 2812 2157 2865 καὶ
2187 2810 2504 2883 καθαίρεσιν
2533 2813 2631 2881 μὲν
2662 2813 2988 2884 ποιήσασθαι
3033 2813 3128 2866 τοῦ
3176 2813 3263 2867 διὰ
3293 2813 3489 2882 φθόνον
3519 2814 3629 2885 (73)

2069 2903 2446 2971 ἀπατήσαντος
2473 2902 2690 2973 ἐχθροῦ,
2716 2903 2921 2973 ὓψωσιν
2940 2905 2995 2958 δὲ
3018 2903 3397 2973 ἀσυλλόγιστον
3429 2903 3632 2957 ἀναδεῖ-

2063 2990 2148 3057 ξαι
2170 2992 2263 3045 τοῦ
2315 2992 2600 3064 ἀνθρώπου
2630 2997 2696 3065 τῇ
2727 2994 2864 3065 πρὸς
2893 2995 2983 3049 τὸν
3008 2995 3268 3065 Ὕψιστον
3299 2994 3505 3050 ἐνῶσεν
3528 2994 3632 3053 καὶ

2062 3084 2315 3155 κοινωνίᾳ
2344 3085 2501 3154 φύσει
2529 3086 2623 3140 καὶ
2651 3086 2897 3158 ἀληθείᾳ.

2130 3175 2218 3231 10.
2263 3176 2363 3231 Διὰ
2406 3177 2563 3231 τοῦτο
2605 3173 2767 3249 ἦλθεν
2800 3180 2828 3232 6
2855 3179 3026 3247 Λόγος
3073 3178 3206 3243 Θεὸς
3235 3178 3351 3243 ὢν,.
3378 3180 3475 3234 καὶ
3533 3178 3630 3236 τοῦ

2059 3266 2279 3339 πρώτου
2327 3267 2619 3340 ἀνθρώπου
2653 3270 3002 3341 δημιουργὸς,
3036 3269 3289 3340 γενέσθαι
3325 3270 3630 3343 ἄνθρωπος,

2059 3361 2140 3424 είς
2166 3358 2495 3431 ζωοποίησιν
2522 3361 2621 3432 μὲν
2649 3361 2743 3416 τοῦ
2771 3360 3080 3433 ἀνθρώπου,
3107 3360 3424 3433 καθαίρεσιν
3448 3361 3505 3414 δὲ
3533 3358 3628 3415 τοῦ

2059 3451 2246 3507 ἀδίκου
2290 3452 2486 3526 ἐχθροῦ
2516 3468 2529 3482 ’
2572 3454 2668 3507 καὶ
2714 3454 2976 3524 ἐγεννήθη
3008 3455 3074 3508 ἐκ
3110 3453 3388 3523 γυναικὸς,
3423 3455 3488 3507 ἐκ
3529 3453 3629 3524 τῆς

2059 3543 2286 3617 πρώτης
2340 3545 2589 3609 πλάσεως
2641 3546 2740 3618 τὴν
2798 3546 3085 3619 ἀνθρώπου
3142 3546 3355 3619 μορφὴν
3404 3547 3462 3601 ἐν
3518 3547 3631 3619 (⁵18)

2060 3636 2238 3707 ἐαυτῷ
2287 3637 2733 3708 ἀναστησάμενος
2766 3676 2782 3700 ,
2821 3638 2881 3690 ἐν
2927 3637 3184 3706 ἐπιδείξει
3247 3637 3452 3710 σαρκὸς
3507 3637 3635 3710 δίχα

2060 3726 2340 3797 σαρκικῶν
2374 3727 2692 3798 θελημάτων
2725 3727 2821 3782 καὶ
2841 3726 3526 3799 λογισμῶνιάνθρωπίνων,
3571 3730 3631 3782 ἐν

2060 3819 2227 3872 εἰκόνι
2275 3820 2605 3888 καινότητος.
2669 3819 2733 3873 Ἡ
2788 3818 2898 3892 γὰρ
2948 3818 3166 3891 θέλησις
3223 3818 3479 3891 θεότητος
3532 3819 3632 3890 μό-

2061 3928 2158 3981 νης
2193 3911 2303 3980 (75)
2327 3928 2340 3941 °
2370 3911 2557 3984 ἐπειδὴ
2608 3912 2702 3965 κα)⁵
2732 3912 2895 3980 φύσις
2927 3911 3022 3983 ὅλη
3052 3910 3165 3965 τοῦ-
3178 3911 3373 3980 Λόγου,
3422 3913 3485 3964 ἐν
3513 3912 3633 3965 ἐπι.

2058 4000 2224 4067 δείξει
2256 4003 2472 4075 μορφῆς
2497 4002 2598 4073 τῆς
2638 4002 2985 4075 ἀνθρωπίνης
3017 4002 3111 4057 καὶ
3141 4002 3253 4074 (76)
3296 4002 3498 4075 σαρκὸς
3533 4003 3630 4073 τῆς

2057 4094 2339 4165 ὁρῶμέν-ης
2368 4093 2462 4147 τοῦ
2487 4093 2737 4165 δευτέρου
2765 4093 2955 4163 Ἀδὰμ,
2974 4094 3073 4148 οὐκ
3095 4096 3154 4147 ἐν
3174 4092 3437 4165 διαιρέσει
3460 4110 3631 4166 προσ·

2059 4183 2245 4249 ὡπων,
2305 4183 2419 4239 ἀλλ’
2450 4187 2508 4238 ἐν
2551 4182 2780 4257 ὑπάρξει
2828 4183 3081 4258 θεότητος
3128 4186 3222 4240 καὶ
3266 4185 3622 4258 ἀνθρωπότηο

2057 4293 2171 4341 τος.
2199 4276 2298 4331 Διὰ
2324 4275 2479 4330 τοῦτο
2503 4276 2612 4348 γὰρ
2642 4277 2868 4349 προσῄει
2905 4277 3016 4347 (77)
3042 4278 3073 4331 6
3101 4276 3347 4343 διάϐολος
3393 4278 3474 4350 τῷ
3522 4279 3630 4351 Ἰη-

2060 4367 2179 4433 σοῦ,
2203 4368 2279 4431 ὡς
2310 4366 2603 4439 ἀνθρώπῳ,
2632 4369 2708 4440 μὴ
2741 4368 3013 4441 εὑρίσκων
3038 4368 3096 4423 δὲ
3126 4371 3183 4422 ἐν
3210 4368 3358 4441 αὐτῷ
3384 4370 3483 4442 τῆς
3525 4387 3628 4424 πα-

379 4463 613 4537 perirct,
666 4479 842 4534 neque
894 4463 1063 4518 ullum
1109 4464 1163 4518 in
1213 4461 1465 4533 praesenti
1504 4460 1799 4516 tentatione
1828 4474 1956 4530 pro-

2064 4460 2221 4526 λαιᾶς
2268 4459 2433 4515 αὑτοῦ
2486 4460 2789 4533 tmen-095;
2831 4458 3118 4533 γνώρισμα
3162 4460 3298 4532 (78),
3350 4460 3627 4541 μηδὲ-’τῆς

450 4575 475 4610 ⁸
509 4575 654 4631 Psal.
686 4594 856 4642 van,
892 4576 980 4632 l9.
1053 4576 1074 4608 '
1112 4573 1270 4631 Joan.
1304 4590 1418 4639 xw,
1446 4573 1535 4630 53.
1611 4573 1634 4606 ⁸
1673 4572 1865 4629 Matth.
1899 4590 1975 4639 tv,
2001 4575 2056 4629 ὃ.

451 4672 563 4745 (67)
602 4672 682 4728 ita
718 4671 843 4745 Sest.
886 4671 1097 4737 Anglic.
1130 4667 1287 4745 Gobl.
1324 4676 1379 4745 et
1430 4666 1666 4745 Fidelem:
1709 4667 1757 4720 l.
1814 4666 1955 4745 [εξειίιί

378 4735 511 4802 vei-0
552 4735 613 4799 et
654 4742 829 4798 caeteri
881 4735 1271 4808 manuscripti,
1298 4736 1785 4808 iaixpalmveooac.
1831 4735 1957 4792 Mox

383 4817 506 4883 Seg.
542 4814 697 4870 Gobl.
730 4823 783 4867 et
812 4810 1051 4883 Ριιιιτμηι.
1086 4811 1137 4883 1.
1166 4807 1399 4883 Αᾲνέϐηέ
1422 4807 1558 4883 [:Jditi
1605 4818 1658 4883 e_t
1700 4807 1813 4883 alii,
1854 4808 1960 4883 ,ἀν-

380 4876 531 4958 έόης,
564 4896 728 4958 recte.
763 4882 1050 4958 |I_id_._Seg.
1065 4880 1237 4958 gobl.
1272 4876 1587 4958 et'lt'elt-km.
1623 4878 1671 4958 l_.
1700 4876 1958 4958 ᾐχμαλώ-

377 4948 588 5012 τευσεν.
622 4954 752 5009 lhi-l.
790 4952 833 5008 G
877 4953 951 5006 bl.
980 4948 1033 5005 et
1065 4949 1242 5006 Felrk.
1274 4949 1327 5013 1,
1356 4949 1454 5021 τὴν
1488 4949 1727 5021 μορφήν,
1748 4948 1956 5002 omisso

378 5027 508 5099 γάρ.
520 5025 660 5099 ΑΜΨ
691 5023 806 5099 Seg
823 5065 839 5087 ,
851 5095 860 5099 _
873 5022 1293 5099 προϐαλόμενος.

455 5075 1270 5166 (681'Sbg'gtéuifetenim:
1300 5090 1351 5152 ι,
1384 5090 1484 5166 τὴν
1518 5089 1658 5166 ὺπέρ
1685 5087 1841 5166 ῂμῶν
1868 5087 1947 5142 νί-

380 5159 504 5239 κην.
556 5159 744 5239 ΒιιείῙ.,
780 5164 921 5239 ὑπὲρ
966 5163 1308 5239 ᾴνθρωπίνην
1356 5159 1529 5233 νίκην.
1564 5159 1706 5214 Edili
1731 5159 1868 5214 vero
1898 5166 1954 5214 et

379 5233 493 5302 alii,
521 5237 620 5307 τὴν
650 5237 790 5307 ὑπὲρ
819 5233 1119 5307 ἀνθρῴπων
1152 5234 1327 5307 νίκην.

451 5310 562 5377 (69)
578 5303 588 5307 ”
605 5303 935 5377 Βιιείιῖθιιςὶξ,
963 5303 1052 5377 διὰ
1081 5303 1269 5377 ταῦτα.

445 5369 762 5459 pulpita.
799 5386 853 5457 et
928 5376 996 5459 eli.
1008 5374 1118 5429 km.
1148 5376 1201 5441 1,
1235 5371 1463 5437 ἐξέτεινε
1496 5371 1594 5443 τὴν
1619 5369 1818 5425 κακίαν
1848 5369 1950 5424 αὐ·

379 5446 501 5519 τοῦ.
530 5448 641 5519 Τῆς
668 5448 726 5502 δὲ
748 5446 842 5500 τοῦ
881 5446 1068 5519 Ἀδάμ.

475 5517 562 5584 7l)
597 5512 951 5585 'Angliranus,
986 5512 1250 5585 δεσπότην
1277 5512 1557 5585 διηνεκῶς.

478 5580 567 5656 72)
767 5586 922 5656 Gubl.
947 5595 1012 5656 ct
1035 5580 1271 5656 Felckni.
1303 5580 1360 5651 l,
1386 5583 1479 5638 καὶ
1513 5580 1776 5656 βοώντων.

511 5648 567 5724 5)
598 5648 753 5729 Sci.
784 5654 876 5729 διά
898 5655 1110 5729 φθόνου.
1138 5653 1309 5710 Paulo
1342 5648 1485 5724 post
1513 5648 1713 5721 'Basil.,
1739 5648 1945 5723 ἀνθρώ-

386 5724 490 5781 που
526 5726 623 5778 κα)⁷
655 5726 788 5792 πρὸς
817 5724 927 5779 τόν.

2133 4668 2246 4739 (74)
2286 4669 2363 4739 ita
2391 4665 2515 4739 Seg.
2551 4666 2609 4721 ln
2647 4666 2827 4739 editis,
2857 4667 2916 4722 ἐν
2939 4667 3111 4739 deest.

2132 4736 2245 4809 (75)
2287 4736 2950 4809 δραυοιῆιιηιιεηθεότητος
2980 4738 3139 4809 μόνη,
3169 4737 3262 4793 sed
3292 4744 3514 4807 prestat
3531 4752 3622 4793 an-

2058 4808 2204 4878 tiqua
2237 4806 2415 4878 lectio.
2442 4820 2632 4877 estque
2664 4806 2948 4862 Athanasii
2975 4806 3263 4870 sententia,
3295 4806 3618 4862 voluntatem

2059 4877 2129 4932 iu
2160 4877 2376 4933 Christo
2418 4880 2490 4931 ita
2540 4879 2711 4933 solius
2740 4878 3038 4933 divinitatis
3081 4893 3219 4941 esse,
3255 4885 3313 4932 ut
3356 4893 3422 4931 ex
3452 4878 3620 4932 divini

2059 4946 2220 5004 Verbi
2271 4947 2588 5014 voluntate,
2650 4962 2840 5003 omnes
2893 4950 2946 5003 in
2996 4946 3214 5003 Christo
3266 4948 3620 5018 cegitationes

2058 5027 2323 5088 actusque
2367 5019 2683 5088 prodirent;
2725 5019 2795 5070 ita
2826 5027 2884 5072 ut
2910 5018 3053 5072 nulla
3087 5020 3139 5073 in
3174 5033 3240 5072 eo
3261 5017 3498 5088 carnalis
3524 5032 3618 5073 cu-

2058 5086 2276 5158 piditas,
2328 5086 2472 5142 nulla
2526 5089 2760 5142 humana
2810 5089 3097 5157 cogitatio,
3144 5089 3336 5143 vitiosa
3393 5086 3623 5154 scilicet,

2057 5157 2309 5213 oriretur.
2345 5157 2453 5213 Nec
2505 5159 2804 5225 humanam
2848 5168 3025 5215 tamen
3074 5161 3249 5213 iuesSe
3286 5159 3502 5213 Christo
3530 5171 3620 5209 vo-

2056 5228 2318 5285 luntatem
2367 5238 2544 5297 negat,
2576 5244 2737 5298 quam
2778 5229 2981 5285 diserte
3027 5229 3298 5300 superius,
3332 5242 3458 5300 pag.
3491 5226 3613 5296 709',

2056 5300 2293 5355 admittit
2322 5307 2543 5353 sanctus
2571 5301 2782 5352 doctor.

2128 5369 2238 5436 (76)
2279 5369 2355 5424 lta
2387 5368 2511 5438 Seg.
2541 5368 2595 5422 In
2625 5368 2807 5432 editis,
2838 5368 2929 5423 καί
2957 5369 3127 5438 deest.

2130 5440 2242 5512 (r777)
2285 5441 2431 5512 seg..
2465 5435 2711 5512 προσῄει.
2743 5438 2900 5495 Gobl.
2929 5448 2984 5494 ct
3016 5437 3253 5495 Felckm.
3287 5439 3337 5502 1,
3366 5435 3613 5510 προσείη.

2055 5507 2231 5569 Edili.
2253 5507 2519 5580 πρόσεισιξ

2124 5579 2233 5649 (78)
2272 5572 2422 5651 βεδε..
2442 5581 2824 5651 γνωρίσματα.
2856 5577 2994 5651 Εέίίιί
3015 5593 3184 5651 Ανετο-
3213 5586 3270 5633 et
3307 5577 3428 5651 alii,

2054 5643 2581 5723 9tdgd._[bid._Seg.'
2609 5643 2850 5723 Goltl._ct
2892 5647 3128 5723 Felcknt.
3164 5647 3411 5723 l,_p.lyre.
3447 5643 3611 5723 Eiliti,

2057 5714 2210 5805 μηδέ.
2244 5717 2364 5775 Mox
2399 5716 2552 5775 Gobl.
2583 5730 2631 5776 et
2660 5717 2894 5775 Fclrkm.
2932 5719 2979 5785 l,
3032 5714 3434 5789 προσχώρησιν.
3473 5714 3613 5773 Εόίιί
