3956 6230
408 389 529 443 1151
988 386 1045 441 S.
1086 382 1458 440 ATHANASII
1495 383 1645 440 OPP.
1690 381 1873 439 PARS
1911 383 1953 438 l.

2061 412 2066 422 -
2104 381 2474 438 HISTOIHCA
2511 379 2598 433 ΕΤ
2640 378 3058 437 υοαιιΑτιεΑ.
3497 374 3635 432 1153

404 523 506 563 tem
537 519 737 575 egenus
765 502 939 560 factus
972 513 1054 559 est
1084 503 1265 559 Deus?
1301 503 1436 571 Quia
1458 518 1681 574 egenam
1717 513 1955 557 naturam

2069 502 2154 555 ὅτι
2187 502 2287 572 τὴν
2324 498 2717 570 πτωχεύσασαν
2755 496 2915 566 φύσιν
2942 499 2999 550 ὲν
3023 495 3201 567 ἐαυτῷ
3238 493 3548 557 ἀνελάϐετο,
3577 496 3635 550 ἑν

402 613 455 652 ιη
490 597 669 665 seipse
697 596 1026 665 assumpsit;
1066 611 1329 666 eamque,
1359 597 1485 652 dum
1528 598 1642 667 ipsa
1673 597 1726 652 in
1752 596 1964 666 justitia

400 686 635 757 degeret,
668 701 766 757 pro
789 687 1121 751 hominibus,
1154 688 1432 757 suppliciis
1464 686 1685 757 obiecit,
1717 702 1839 757 quas
1870 688 1965 741 ho-

399 780 641 834 minibus
674 780 941 847 superior,
962 796 1027 834 ex
1049 780 1360 836 hominibus
1390 789 1736 850 apparUerat,
1762 779 1965 851 Deique

399 879 511 925 tota
541 870 678 926 facta
724 870 916 925 fuerat.
948 870 1005 925 Si
1035 873 1176 926 enim
1216 874 1608 944 primogenitus
1646 872 1820 928 factus
1854 888 1964 929 non

396 970 541 1015 esset
567 961 620 1015 in
658 962 841 1016 multis
874 960 1168 1027 fratribus,
1205 965 1601 1033 quomodonam
1636 965 1966 1034 primOgeni-

399 1061 487 1106 tus
515 1068 579 1107 ex
615 1055 844 1108 mortuis
869 1054 1019 1109 visus
1041 1054 1218 1110 esset?
1246 1055 1358 1110 Cur
1384 1056 1566 1125 itaque
1595 1057 1794 1123 dicitis,
1822 1056 1964 1112 Deus

397 1142 492 1211 qui
524 1158 619 1212 per
651 1159 866 1198 carnem
901 1159 1095 1212 passus
1117 1153 1220 1208 est,
1251 1157 1304 1196 et
1339 1145 1672 1198 resurrexit?
1703 1142 1747 1199 Ο
1772 1146 1965 1200 absur-

397 1232 620 1287 ditatem
677 1242 731 1288 et
772 1234 1195 1303 blasphemiam!
1247 1233 1405 1289 Tales
1452 1245 1579 1289 sunt
1636 1233 1960 1289 Arianorum

399 1335 587 1377 ausus.
618 1321 696 1376 llli
728 1324 870 1377 enim
902 1324 1170 1393 ejusmodi
1199 1324 1589 1394 blasphemiam
1620 1326 1962 1395 impudenter

398 1411 700 1481 proferunt,
745 1415 838 1483 qui
872 1414 966 1468 Dei
1010 1414 1205 1470 Filium
1254 1415 1506 1472 simulate
1553 1416 1720 1472 Deum
1754 1432 1964 1472 nuncu-

397 1516 526 1571 pare
549 1504 855 1558 didirerunt
882 1521 895 1557 :
926 1506 1151 1561 docente
1181 1508 1304 1563 licet
1334 1506 1633 1578 Scriptura,
1670 1524 1767 1579 per
1790 1507 1961 1563 Deum

398 1595 454 1648 in
499 1610 661 1651 carne
693 1596 811 1666 ejus
841 1600 1145 1667 passionem
1193 1600 1508 1672 contigisse,
1552 1616 1725 1671 neque
1779 1610 1959 1656 tamen

397 1685 563 1742 Deum
593 1688 845 1764 in'carne
875 1706 1095 1760 passum
1120 1708 1261 1750 esse.

465 1781 552 1835 12.
597 1780 699 1848 Qui
747 1783 910 1853 igitur
954 1785 1528 1841 consubstantialitatis
1561 1784 1955 1843 confessionem

2077 591 2186 663 ἰδίᾳ
2227 591 2544 663 δικαιοσύνῃ
2590 588 2795 658 ταύτην
2858 584 3295 658 προϐαλλόμενος
3344 583 3453 654 (88)
3497 583 3637 657 ὑπὲρ

2072 680 2373 754 ἀνθρώπων
2425 683 2739 751 πάσχουσαν
2786 678 2880 732 καὶ
2914 678 3056 747 ὑπὲρ
3093 676 3413 749 ἀνθρώπους
3453 671 3638 739 οὖσαν,

2071 771 2167 826 καὶ
2190 770 2251 837 ἐξ
2281 769 2377 825 ἀνθ
2388 770 2582 843 ρώπων
2608 767 3012 841 φανερωθεῖσαν
3038 807 3053 832 ,
3087 768 3182 821 καὶ
3217 765 3351 820 Θεοῦ
3378 764 3507 837 ὅλην
3543 781 3636 833 γε-

2071 866 2320 936 νομένην.
2356 864 2418 919 Ei
2447 861 2556 934 γὰρ
2588 862 2660 933 μὴ
2687 862 3029 935 πρωτότοκος
3059 859 3301 929 ἐγεγόνει
3334 860 3392 912 ἐν
3425 856 3639 922 πολλοῖς

2071 956 2318 1026 ἀδελφοῖς
2351 996 2366 1020 ,
2416 955 2534 1019 πῶς
2580 955 2645 1008 ἂν
2699 954 2809 1026 (89)
2857 954 3201 1023 πρωτότοκος
3239 951 3392 1021 ὤφθη
3433 952 3498 1003 ἐκ
3527 950 3637 1003 τῶν

2069 1048 2311 1120 νεκρῶνς
2353 1048 2477 1111 Πῶς
2515 1042 2606 1100 οὖν
2634 1046 2842 1115 λέγετε,
2878 1047 2907 1099 6
2949 1044 3082 1108 Θεὸς
3107 1046 3138 1097 6
3176 1042 3265 1096 διὰ
3298 1042 3498 1114 σαρκὸς
3530 1057 3637 1093 πα-

2070 1140 2178 1195 θὼν
2210 1141 2306 1195 καὶ
2332 1139 2569 1204 ἀναστάς
2594 1157 2610 1206 ;
2642 1138 2748 1192 Φεῦ
2776 1141 2876 1209 τῆς
2893 1137 3120 1200 ἀτοπίας
3147 1136 3240 1190 καὶ
3268 1135 3367 1206 τῆς
3398 1134 3640 1205 βλασφη-

2073 1235 2234 1305 μίαςῑ
2278 1232 2568 1306 Ἀρειανῶν
2613 1232 2681 1287 τὰ
2726 1231 2948 1285 τοιαῦτα
3006 1228 3354 1298 τολμήματα.
3413 1228 3638 1281 Ἐκεῖνοι

2069 1326 2179 1398 γάρ
2223 1325 2322 1396 τὴν
2360 1322 2612 1394 τοιαύτην
2649 1322 2992 1393 βλασφημίαν
3025 1319 3417 1408 προὸάλλονται
3443 1317 3635 1383 ἀδεῶς,

2070 1417 2447 1492 προσποιητῶς
2490 1413 2599 1485 (90)
2629 1412 2912 1485 ὀνομάζειν
2941 1412 3075 1465 Θεὸν
3107 1413 3198 1465 τὸν
3223 1407 3349 1464 Υἷὸν
3379 1409 3473 1464 τοῦ
3501 1407 3633 1463 Θεοῦ

2071 1509 2452 1583 μεμαθηκότες
2478 1525 2493 1538 ·
2526 1506 2700 1561 καίτοι
2745 1506 2843 1577 τῆς
2878 1504 3099 1576 Γραφῆς
3137 1501 3633 1571 διδασκούσης,’ὄτι

2067 1601 2156 1655 διὰ
2204 1599 2339 1655 Θεοῦ
2384 1601 2441 1653 ὲν
2487 1598 2651 1671 σαρκὶ⁵
2715 1596 2875 1652 αύτοῦ
2931 1595 2992 1648 τὸ
3038 1594 3208 1660 πάθος
3256 1594 3446 1664 γέγονε
3468 1634 3485 1659 ,
3537 1591 3635 1648 καὶ

2067 1693 2189 1765 οὐχὶ
2221 1692 2353 1756 Θεὸς
2390 1691 2476 1746 διὰ
2507 1690 2707 1762 σαρκὸς
2730 1688 2949 1743 ἔπαθεν.

2138 1783 2226 1838 12.
2256 1785 2317 1836 Oi
2364 1782 2541 1835 τοίνυν
2592 1781 2689 1851 τῆς
2735 1779 3151 1851 όμοουσιότητος
3197 1777 3296 1849 τὴν
3346 1775 3634 1847 ὁμολογίαν

394 1886 489 1927 vos
522 1874 761 1943 profiteri
807 1877 959 1945 prius
993 1876 1332 1941 declarastis,
1365 1875 1640 1946 quomodo
1668 1878 1955 1933 indivisum

2066 1870 2593 1945 προῦπισχνούμενοι
2629 1868 2745 1933 πῶς
2763 1871 2843 1934 είς
2869 1868 3040 1932 πάθος
3060 1867 3351 1922 καθέλκετε
3378 1866 3439 1920 τὸ
3464 1865 3635 1920 ἀδιαί-

394 1977 591 2017 nomen
624 1966 689 2019 ad
723 1967 1030 2035 passionem
1060 1967 1314 2022 trahitis?
1340 1968 1637 2037 eademque
1663 1983 1846 2039 opera,
1880 1970 1965 2024 in-

392 2055 719 2111 divisibilem
765 2069 1040 2122 naturam,
1076 2057 1399 2111 inellabilem
1440 2058 1697 2113 deitatem
1720 2098 1734 2121 ,
1766 2059 1964 2113 immu-

394 2148 615 2202 tabilem
665 2157 718 2204 et
766 2149 1136 2203 invariabilem
1191 2150 1842 2217 consubstantialitatem,
1895 2155 1964 2206 ad

394 2241 704 2309 passionem
766 2242 1032 2297 deducitis
1081 2250 1134 2297 et
1183 2242 1550 2297 resurrexisse
1595 2243 1964 2298 confitemini?

394 2327 453 2383 Si
500 2332 645 2385 enim
684 2329 945 2396 Verbum,
976 2348 1097 2388 cum
1127 2348 1345 2388 carnem
1383 2350 1448 2389 ex
1476 2335 1655 2404 seipso
1680 2344 1960 2390 transmu-

394 2433 592 2487 tasset,
639 2412 707 2479 ad
759 2425 1065 2496 passionem
1120 2442 1294 2497 usque
1332 2427 1601 2497 perrexit,
1654 2443 1778 2483 cum
1827 2428 1962 2481 nihil

394 2515 667 2584 passibile,
696 2525 789 2570 aut
812 2518 1229 2573 resurrectionis
1258 2532 1425 2586 capax
1460 2519 1512 2572 in
1544 2533 1602 2573 se
1633 2521 1964 2586 assumpsis-

393 2615 506 2673 sct;
536 2608 712 2677 ipsum
760 2619 906 2664 certe
943 2607 1175 2663 Verbum
1225 2607 1385 2664 fuerit
1424 2609 1567 2679 quod
1610 2625 1830 2688 passum
1856 2617 1958 2677 est,

387 2707 443 2753 et
473 2715 537 2754 ex
574 2701 802 2756 mortuis
835 2702 1130 2756 resurrexit
1160 2718 1173 2754 :
1198 2701 1407 2773 eritque
1433 2702 1587 2772 juxta
1621 2701 1958 2758 Valentinum

389 2792 572 2860 passio
599 2790 849 2846 Trinitati
877 2794 1204 2860 communis,
1234 2792 1671 2864 quandoquidem
1695 2792 1956 2860 Verbum,

387 2883 684 2938 secundum
720 2884 956 2938 divinam
991 2893 1239 2939 naturam
1274 2900 1306 2939 a
1334 2884 1493 2940 Patre
1528 2900 1637 2939 non
1663 2885 1959 2941 estdistin-

387 2984 560 3029 ctum.
588 2975 744 3041 Quod
777 2977 822 3031 si
861 2977 973 3031 haec
1004 2977 1079 3030 ita
1115 2974 1410 3046 intelligere
1436 2976 1492 3030 in
1527 2977 1769 3030 animum
1797 2976 1958 3030 indu-

387 3065 529 3132 citis,
559 3082 805 3137 quzenam
848 3068 960 3130 illa,
996 3082 1200 3138 quaeso,
1227 3067 1611 3137 prophetarum
1644 3066 1954 3138 promissio,

388 3165 482 3210 aut
504 3157 955 3226 evangelistarum
986 3158 1199 3227 generis
1220 3157 1525 3227 descriptio,
1556 3166 1652 3212 aut
1675 3159 1954 3228 apostolo-

388 3262 509 3300 rum
556 3247 899 3302 testilicatio?
947 3262 1045 3302 cur
1089 3247 1258 3303 Maria
1301 3259 1473 3304 mater
1515 3250 1638 3306 istic
1680 3249 1958 3305 adhibita?

388 3352 651 3407 quorsum
688 3339 819 3393 illud
866 3339 1040 3394 aetatis
1080 3348 1409 3409 staturaeque
1445 3343 1838 3411 augmentum?
1863 3353 1957 3399 aut

385 3428 736 3485 comestionis
774 3430 1087 3499 specimen?
1115 3438 1209 3485 aut
1242 3429 1333 3485 illa
1362 3430 1417 3484 in
1448 3433 1703 3488 omnibus
1727 3435 1957 3488 commi-

387 3519 677 3576 serationis
725 3521 1024 3586 exhibitio,
1074 3521 1159 3575 vel
1204 3522 1445 3577 nominis
1498 3523 1814 3593 impositio?
1862 3535 1958 3579 aut

385 3625 648 3679 quorsum
682 3611 812 3665 illud
839 3627 853 3664 :
884 3610 1055 3667 Filius
1079 3610 1172 3666 Dei
1203 3611 1347 3667 iilius
1369 3613 1604 3669 hominis
1636 3613 1811 3671 factus
1837 3616 1957 3671 est?

384 3703 466 3756 vel
493 3703 621 3757 illud
655 3722 669 3757 :
703 3701 876 3758 Homo
922 3703 1165 3758 Christus
1194 3703 1372 3771 Jesus,
1408 3705 1500 3774 qui
1547 3706 1691 3759 dedit
1726 3708 1955 3777 seipsum

385 3795 785 3864 redemptionem
820 3810 915 3864 pro
947 3796 1094 3851 nobis
1114 3797 1196 3850 "?
1226 3796 1423 3850 illudre
1454 3815 1468 3852 :
1501 3796 1716 3868 Oportet
1747 3797 1954 3854 Filium

382 3884 609 3940 hominis
651 3886 877 3940 multum
918 3889 1054 3958 pati,
1097 3897 1147 3942 et
1191 3889 1443 3960 interﬁci,
1483 3899 1534 3945 et
1581 3891 1736 3945 tertia
1779 3891 1865 3946 die
1890 3907 1955 3946 ea:

383 3979 605 4030 mortuis
652 3994 922 4049 resurgere
968 3979 1050 4033 ul?
1083 3979 1239 4046 Quod
1275 3981 1318 4036 si
1353 3980 1627 4037 Christum
1686 3990 1953 4052 quatenus

383 4067 545 4122 homo
568 4078 671 4132 est,
701 4071 1010 4139 passibilem
1034 4110 1050 4135 ,
1085 4081 1355 4141 quatenus
1381 4089 1511 4128 vero
1541 4073 1683 4128 Deus
1713 4084 1818 4138 est,
1851 4076 1953 4129 im-

381 4158 689 4227 passibilem
739 4176 846 4215 non
895 4162 1151 4225 creditis,
1197 4163 1291 4218 sed
1334 4164 1401 4218 ad
1435 4166 1715 4235 angustias
1746 4164 1949 4219 redacti

381 4250 632 4318 cogitatis
669 4264 683 4301 :
714 4251 759 4305 si
795 4250 1163 4306 confiteamini
1189 4253 1468 4308 Christum
1495 4252 1662 4309 Deum
1690 4263 1744 4309 et
1774 4254 1952 4309 homi-

382 4352 502 4390 nem
536 4353 688 4405 esse;
716 4355 822 4394 non
856 4357 1045 4407 unum,
1076 4342 1167 4396 sed
1197 4342 1331 4397 duos
1361 4358 1457 4397 vos
1482 4344 1700 4423 dicere;
1728 4359 1951 4399 necesse

378 4432 544 4500 igitur
575 4439 659 4486 est
686 4438 804 4499 Vos,
832 4443 925 4489 aut
962 4435 1254 4505 passionis,
1289 4438 1562 4499 mortiset
1596 4441 1950 4522 resurrectio-

2068 1980 2225 2036 ρετον
2254 1963 2424 2035 δνομα
2456 1978 2470 2028 ;
2503 1962 2603 2035 τὴν
2650 1962 2944 2033 ἀμέριστον
2974 1960 3136 2030 φύσιν
3158 2000 3174 2025 ,
3213 1960 3313 2032 τὴν
3359 1960 3635 2031 ἄφραστον

2066 2058 2315 2128 θεότητα,
2347 2055 2446 2128 τὴν
2474 2057 2738 2126 ἄτρεπτον
2759 2055 2854 2108 καὶ
2869 2053 3221 2108 ἀναλλοίωτον
3245 2054 3643 2125 όμοουσιότητα

2065 2152 2144 2214 εἰς
2176 2148 2348 2213 πάθος
2374 2147 2755 2212 καθέλκοντες,
2790 2146 2885 2201 καὶ
2935 2146 2993 2213 ὲξ
3045 2145 3392 2209 ἀναστάσεως
3438 2144 3633 2216 ὁμολο-

2063 2240 2318 2310 γοῦντες;
2350 2241 2414 2293 Εἰ
2464 2240 2562 2311 μὲν
2606 2238 2717 2309 γὰρ
2761 2238 2819 2305 ἐξ
2863 2236 3058 2292 ἑαυτοῦ
3105 2236 3212 2309 (91)
3261 2237 3634 2309 μεταποιήσας

2065 2333 2242 2406 σάρκα
2274 2334 2304 2386 ό
2327 2331 2500 2401 Λόγος
2535 2331 2696 2404 μέχρι
2726 2331 2932 2394 πάθους
2975 2329 3258 2402 κεχώρηκε
3278 2368 3293 2392 ,
3333 2329 3497 2400 μηδὲν
3526 2345 3633 2382 παι

2066 2424 2285 2495 θητικὸν
2315 2424 2348 2496 ἢ
2375 2424 2667 2479 ἀνάστασιν
2699 2421 3082 2494 ἐπιδεχόμενον
3115 2422 3173 2474 ὲν
3203 2419 3381 2491 ἑαυτῷ
3403 2419 3634 2492 προσλα-

2063 2517 2125 2570 66
2132 2533 2313 2588 μενος,
2335 2515 2496 2579 αὐτὸς
2524 2514 2590 2568 ἀν
2615 2514 2699 2586 εἴη
2721 2514 2830 2585 (92)
2851 2516 2879 2567 6
2895 2512 3082 2568 παθὼν
3101 2513 3192 2567 καὶ
3205 2511 3442 2576 ἀναστάς
3461 2513 3526 2565 ὲκ
3546 2528 3635 2564 νε-

2061 2607 2209 2681 κρῶν
2224 2625 2237 2638 ·
2257 2607 2408 2661 ἔσται
2422 2606 2479 2661 δὲ
2496 2606 2670 2661 κοινὸν
2693 2607 2790 2676 τῆς
2808 2605 3036 2678 Τριάδος
3057 2606 3118 2660 τὸ
3146 2604 3316 2670 πάθος
3336 2604 3478 2660 κατά
3492 2606 3633 2659 Ούα-

2059 2699 2313 2764 λεντῖνον,
2329 2698 2634 2769 ἀδιαιρέτου
2649 2700 2714 2751 ἐκ
2734 2698 2947 2769 Πατρὸς
2967 2697 3062 2752 τοῦ
3080 2697 3250 2767 Λόγου
3273 2698 3628 2768 τυγχάνοντος

2060 2791 2203 2845 κατά
2218 2791 2316 2863 τὴν
2334 2789 2442 2861 (95)
2460 2789 2610 2843 θείαν
2635 2788 2817 2860 φύσιν.
2845 2790 2908 2842 Ei
2926 2789 2983 2842 δὲ
3002 2788 3175 2842 ταῦτα
3202 2787 3343 2842 οὕτω
3356 2791 3498 2843 νοεῖν
3517 2786 3632 2859 βούο

2058 2885 2236 2951 λεσθε,
2270 2885 2354 2950 τίς
2377 2888 2410 2958 ἡ
2436 2884 2524 2938 διὰ
2556 2883 2662 2939 τῶν
2698 2882 2993 2956 προφητῶν
3041 2881 3341 2951 ἐπαγγελία
3369 2920 3386 2946 ,
3428 2881 3463 2953 ἢ
3518 2881 3633 2934 τῶν

2060 2977 2458 3049 εὐαγγελιστῶν
2489 2979 2522 3049 ἡ
2550 2974 2941 3046 γενεαλογία,ἢ
2970 2974 3077 3029 τῶν
3103 2974 3468 3045 ἀποστόλωνὴ
3496 2990 3631 3046 μαρ-

2057 3072 2238 3145 τυρία,
2278 3070 2440 3143 ῆτῆς
2470 3069 2676 3141 μητρὸς
2720 3069 2945 3140 Μαρίας
2977 3071 3010 3140 ἡ
3054 3068 3416 3141 παράστασις,
3450 3067 3486 3138 ἢ
3529 3067 3635 3139 τῆς

2058 3162 2277 3235 ἡλικίας
2316 3163 2351 3235 ἡ
2395 3160 2644 3232 αὔξησις,
2688 3160 2722 3231 ἢ
2772 3160 2873 3231 τῆς
2915 3158 3232 3232 βρώσεωςή
3278 3155 3555 3224 ἐπίδειξις,
3588 3159 3622 3229 ἢ

2057 3254 2157 3326 τῆς
2186 3253 2329 3308 κατά
2360 3254 2538 3308 πάντα
2583 3251 2927 3324 συμπαθείας
2959 3254 2992 3322 ἡ
3021 3249 3261 3316 ἔνδειξις.
3295 3250 3328 3322 ἢ
3376 3248 3468 3304 τοῦ
3513 3249 3633 3304 ὀνό-

2060 3363 2228 3420 ματος
2258 3345 2369 3417 (94)
2400 3348 2443 3419 ήί
2468 3343 2825 3418 προσαγωγὴ,
2848 3343 2880 3416 ἤ
2917 3344 2998 3398 ὅτι
3021 3346 3050 3396 6
3076 3343 3202 3407 Υἱὸς
3230 3341 3324 3396 τοῦ
3350 3341 3485 3396 Θεοῦ
3513 3340 3626 3406 υίὸς

2057 3437 2343 3510 ἀνθρώπου
2433 3437 2653 3506 γέγονεν
2686 3476 2701 3501 ,
2760 3436 2795 3508 ἢ
2860 3437 2942 3491 ὅτι
2996 3436 3304 3503 ἅνθρωπος
3380 3431 3630 3502 Ἰησοῦς

2054 3524 2329 3595 Χριστός,
2356 3527 2390 3580 ὁ
2419 3524 2563 3591 δοὺς
2598 3523 2815 3579 ἑαυτὸν
2856 3525 3216 3592 ἀντίλυτρον
3241 3520 3395 3592 ὑπὲρ
3419 3520 3623 3592 oper,-

2055 3616 2088 3687 ἢ
2119 3617 2201 3670 ὅτι
2231 3616 2324 3670 δεῖ
2362 3616 2469 3670 τὸν
2507 3617 2642 3670 Υίὸν
2677 3614 2785 3670 τοῦ
2825 3613 3138 3683 ἀνθρώπου
3171 3613 3372 3668 πολλὰ
3414 3612 3627 3667 παθεῖν

2052 3709 2151 3761 καὶ
2177 3706 2643 3776 ἀποκτανθῆναι,
2671 3705 2770 3763 καὶ
2795 3704 2871 3776 τῇ
2900 3706 3064 3775 τρίτῃ
3088 3704 3279 3776 ἡμέρᾳ
3308 3705 3375 3758 ἐκ
3397 3701 3624 3772 νεκρῶν

2052 3797 2427 3867 ἀναστῆναι;
2471 3799 2535 3851 Εἰ
2574 3797 2631 3851 δὲ
2683 3796 2759 3869 μὴ
2810 3796 3115 3863 πιστεύετε,
3170 3798 3252 3851 ὅτι
3301 3797 3544 3870 παθητὸς
3594 3799 3623 3851 ό

2052 3889 2307 3962 Χριστὸς,
2343 3889 2528 3961 ἐπειδὴ
2566 3887 2847 3961 ἄνθρωπος
2873 3888 3024 3961 (95)·
3058 3888 3277 3962 ἀπαθὴς
3302 3889 3394 3954 δὲ,
3432 3888 3623 3960 ἐπειδὴ

2052 3980 2220 4044 Θεός·
2271 3979 2406 4033 ἀλλά
2456 3980 2943 4052 στενοχωρούμενοι
2977 3981 3287 4051 λογίζεσθε,
3342 3982 3425 4035 ὅτι
3452 4021 3468 4045 ,
3524 3979 3625 4035 ἐὰν

2052 4071 2425 4144 ὁμολογήσητε
2473 4070 2606 4125 Θεὸν
2640 4070 2734 4125 καὶ
2772 4072 3056 4145 ἄνθρωπον
3101 4072 3192 4127 τὸν
3235 4073 3489 4145 Χριστὸν,
3523 4074 3620 4125 οὐκ

2051 4160 2132 4214 ἔτι
2154 4162 2270 4227 ἕνα,
2297 4161 2435 4216 άλλά
2458 4160 2549 4214 δύο
2575 4162 2760 4231 λέγετε
2787 4180 2799 4193 ·
2836 4164 3048 4233 ἀνάγκη
3090 4164 3234 4235 ὑμᾶς
3274 4163 3307 4234 ἢ
3345 4162 3444 4234 τὴν
3475 4164 3610 4215 οἱκο-

2052 4253 2244 4324 νομίαν
2275 4252 2368 4306 τοῦ
2404 4253 2606 4318 πάθους
2633 4254 2729 4307 καὶ
2752 4252 2846 4308 τοῦ
2883 4253 3111 4309 θανάτου
3140 4255 3354 4326 καὶτῆς
3387 4254 3620 4309 ἀναστά-

2052 4363 2191 4409 σεως
2213 4345 2433 4417 δόκησιν
2465 4344 2663 4414 λέγειν,
2702 4347 2844 4400 κατά
2883 4346 3184 4418 Μαρκίωνα
3217 4347 3310 4399 καὶ
3349 4345 3481 4409 τοὺς
3522 4341 3617 4399 άλ-

2049 4436 2175 4500 λους
2206 4434 2534 4508 αίρετικοὺς,
2577 4434 2610 4504 ἢ
2654 4433 2754 4505 τὴν
2810 4434 3041 4507 θεότητα
3083 4434 3177 4488 τοῦ
3216 4435 3389 4503 Λόγου
3437 4434 3617 4502 παθη-

378 4525 464 4577 nis
511 4526 894 4593 (economiam,
943 4542 1149 4581 meram
1196 4529 1430 4598 speciem
1472 4528 1761 4596 al'lirmare,
1790 4530 1944 4599 juxta

2061 4527 2147 4600 τὴν
2196 4526 2480 4598 ὀνομάζειν
2508 4570 2523 4594 ,
2579 4525 2724 4580 κατά
2761 4527 2976 4599 Ἀρειον
3032 4526 3128 4581 καὶ
3174 4528 3301 4591 τοὺς
3351 4529 3473 4581 κατ’
3522 4527 3621 4581 αὐ-

377 4613 703 4671 l'llarcionem
727 4625 781 4672 et
806 4618 942 4672 alios
963 4617 1283 4686 haereticos;
1315 4630 1411 4675 aut
1441 4620 1799 4687 divinitatem,
1825 4638 1943 4690 pas-

376 4709 912 4775 sibilem,secundum
925 4710 1112 4764 Arium
1129 4711 1356 4781 ejusque
1372 4728 1652 4781 sequaces,
1671 4716 1971 4771 nominare.

447 4804 488 4839 ⁸⁷
528 4803 550 4857 l
580 4803 722 4859 Tim.
751 4820 812 4869 ιι,
840 4805 892 4861 5.
970 4804 1015 4837 ¹⁸
1051 4803 1183 4861 Luc.
1214 4822 1366 4870 xxiv,
1395 4806 1467 4860 ‘26
1495 4815 1550 4861 et
1572 4807 1726 4862 alibi.

448 4918 560 4992 (88)
601 4917 825 4992 Segtter.
861 4915 1024 4992 Gobl.
1051 4927 1106 4992 et
1152 4918 1388 4992 Felckm.
1428 4920 1480 4983 1,
1513 4919 1934 4992 προϐαλόμενος.

376 4989 516 5043 Editi
563 4998 616 5041 et
659 4989 777 5059 alii,
804 4987 1267 5059 atpo‘iauopavog.
1292 4990 1408 5041 Mox
1446 4987 1635 5043 omnes
1669 4987 1780 5046 fere
1822 5007 1939 5045 ma-

376 5059 660 5129 nuscripti,
691 5058 832 5129 ὑπὲρ
851 5057 1192 5129 ἀνθρώπους.
1230 5058 1368 5112 Εειίιί
1419 5076 1541 5113 cum
1587 5061 1934 5126 quibusdam.

376 5130 514 5200 ύπὲρ
538 5127 852 5200 κάνθρωπον.
875 5127 1003 5200 Mox
1042 5130 1172 5200 _Seg.
1220 5131 1379 5185 Gobl.
1408 5139 1463 5184 et
1489 5129 1727 5187 Felckm.
1762 5132 1812 5194 1,
1843 5131 1938 5185 καὶ

373 5197 506 5262 Θεὸς
533 5197 662 5269 ὅλην
690 5198 1006 5269 γενομένην..
1041 5197 1224 5254 Lectio
1251 5200 1436 5269 dubia.

446 5270 557 5336 (89)
598 5267 651 5321 In
688 5268 936 5336 Segner.._
966 5267 1030 5321 ἄν
1074 5269 1243 5324 deest.
1275 5268 1634 5325 Goblerianus
1675 5280 1853 5323 autem
1884 5281 1938 5325 et

372 5334 610 5462 Felclgm.
641 5337 698 5403 Ξ,
730 5334 847 5401 πῶς
879 5334 989 5393 οὖν.
1019 5336 1189 5394 Paulo
1220 5349 1360 5408 post,
1398 5339 1545 5409 Seg.,
1576 5341 1657 5393 ὅτι
1694 5340 1825 5404 Θεὸς
1850 5341 1938 5394 διά

376 5425 513 5462 σαοκ
548 5425 594 5462 ς.

376 5425 594 5472 σαρκος.

445 5426 966 5552 ῗξόἶξεκιιενῇαηιιε
999 5476 1160 5552 habet
1185 5477 1279 5552 καί
1304 5487 1430 5534 ante
1456 5479 1856 5552 προσποιητῶς.

468 5548 558 5615 9|)
600 5548 988 5617 Segucrianus,
1014 5547 1074 5611 ἐξ
1093 5548 1286 5604 ἀύτοῦ.

468 5548 558 5615 9|)
600 5548 988 5617 Segucrianus,
1014 5547 1286 5611 ὲξαύτοῢ.
1502 5547 1514 5552 ⁷
1715 5547 1726 5552 ⁷

404 5547 555 5737 [ἑθῆ
593 5617 671 5672 ita
698 5633 888 5672 omnes
918 5618 1295 5688 manuscripti.
1328 5620 1471 5676 Editi
1500 5634 1651 5686 vero,
1686 5619 1933 5683 αύτὸςῶν

374 5699 477 5740 ειη.

422 5700 555 5826 1’(95)
595 5754 687 5812 Sic
728 5770 921 5814 omnes
962 5756 1338 5828 manuscripti.
1371 5759 1429 5814 in
1466 5760 1625 5817 editis
1653 5776 1800 5827 vero,
1829 5762 1931 5833 τήν

2044 4621 2136 4675 τόν
2167 4619 2299 4692 (96).

2040 4921 2211 4975 deest.
2241 4919 2364 4973 Mox
2394 4919 2626 4972 multum
2659 4916 3425 4987 variantdmanuscripti,nam
3451 4919 3606 4980 Gobl.

2044 4989 2166 5057 Seg.
2196 4999 2250 5045 et
2275 4989 2512 5044 Felckm.
2552 4988 2602 5050 1,
2644 4985 2818 5040 ταῦτα
2848 4985 2990 5040 οὕτω
3017 4990 3155 5041 νοεῖν
3182 4985 3452 5045 πείθεσθε.
3496 4991 3607 5045 An-

2040 5056 2306 5129 glicanus,
2322 5059 2492 5114 ταῦτα
2519 5058 2658 5112 οὕτω
2688 5059 2828 5109 νοεῖν
2847 5058 2908 5110 οὐ
2932 5056 3201 5114 πείθεσθε.
3228 5059 3415 5125 Basi|.,
3435 5061 3605 5120 ταῦτα

2038 5128 2182 5182 οὕτω
2235 5134 2375 5184 νοεῖν
2418 5130 2480 5182 ού
2522 5125 2793 5199 βούλεσθε.
2831 5126 2971 5181 Editi
3000 5136 3054 5183 et
3086 5129 3198 5195 alii,
3245 5128 3419 5185 ταῦτα
3465 5131 3606 5185 οὕτω

2138 5148 2182 5182 ω
2235 5147 2375 5184 νοειν
2418 5147 2480 5182 ου
2522 5147 2793 5195 ΡουΑεσυε.
2831 5147 2971 5181 Lall]
3000 5147 3054 5183 ει
3086 5147 3198 5195 ιιιιι,
3245 5147 3379 5182 ταυτ

2040 5204 2178 5252 νοεῖν
2214 5198 2489 5271 βούλεσθε.

2109 5266 2223 5342 (94)
2260 5270 2416 5325 Gobl.
2447 5279 2500 5323 et
2526 5266 2764 5342 Felckm.
2797 5267 2850 5332 1,
2883 5269 2915 5339 ή
2943 5266 3199 5342 ἐπίδειξις
3216 5270 3255 5342 fi)
3274 5268 3383 5342 Δτοῦ
3409 5270 3600 5342 ὀνόμα-

2038 5338 2147 5403 τος.
2194 5341 2331 5393 Infra
2371 5354 2561 5394 omnes
2588 5338 3114 5409 iere_manuscripti,
3140 5338 3350 5409 γκαῑὸτι
3392 5338 3599 5409 ἄνθρω-

2036 5408 2663 5482 ποςηΧριστὸςᾲἸησούς.
2693 5407 2832 5482 ξΞιΙίιὶ
2855 5417 2936 5482 _et_
2963 5409 3092 5482 _alii,
3122 5408 3287 5482 i163,
3320 5419 3426 5482 etc.
3456 5407 3595 5473 Mox,

2036 5476 2367 5553 ἀντίλυτρον,
2399 5476 2561 5553 deest
2583 5478 2635 5553 in
2688 5476 2810 5553 δεῖς,
2844 5476 2998 5535 Gobl.
3028 5487 3083 5533 et
3131 5478 3369 5534 Fclckm.
3400 5480 3454 5549 1,
3500 5496 3598 5553 pro

2036 5565 2147 5618 quo
2186 5547 2519 5615 Anglicanus
2546 5548 2726 5618 habet,
2749 5547 2960 5618 λύτρον.

2037 5616 2069 5744 e—
2108 5619 2217 5691 (95)
2261 5618 2485 5690 Seguer.
2532 5616 2687 5672 Gobl.
2717 5627 2772 5673 et
2818 5616 3055 5674 Felckm.
3089 5619 3141 5683 1,
3168 5618 3355 5692 ἐπειδὴ
3383 5620 3478 5676 καὶ
3502 5620 3594 5676 ἀν-

2074 5707 2273 5744 οωπος.
3426 5724 3431 5727 τ

2156 5708 2273 5743 πος.
3426 5724 3431 5727 .

2074 5707 2407 5831 ρέὶξῖςὸοιιι.
2443 5767 2496 5815 et
2523 5757 2756 5814 Felckm.
2797 5759 2845 5825 l,
2883 5760 3007 5823 τοὺς
3037 5762 3155 5814 κατ’
3193 5760 3358 5816 αὐτὸν
3395 5724 3594 5834 αἰρεσιν
