3956 6230
414 333 556 388 1153

1279 330 1555 386 CONTRA
1596 332 2113 390 APOLLINARIUM
2153 335 2352 391 LIBER
2396 337 2784 396 SECUNDUS.

3491 339 3631 398 “5i

483 450 568 501 15.
606 447 668 500 Εἰ
693 447 822 515 γὰρ,
853 447 1314 515 ἀναγινώσκοντες
1359 449 1456 512 τὰς
1501 448 1651 511 θείας
1703 450 1965 522 Γραφὰς,

2143 451 2305 521 758
2333 452 2418 505 15.
2451 450 2505 506 Si
2530 454 2670 508 enim
2701 454 2908 512 divinas
2933 457 3240 528 Seripturas
3261 460 3489 532 legendo
3515 463 3635 516 ani-

410 541 771 609 κατενοήσατε
817 539 964 601 ὅπως
1007 542 1062 591 ἐν
1097 539 1243 608 νόμῳ
1276 541 1371 590 καὶ
1403 540 1708 608 προφήταις
1730 582 1744 604 ,
1799 541 1975 610 Εὐαγ-

409 631 608 699 γελίοις
641 647 698 682 τε
734 629 826 682 καὶ
859 629 1173 692 ἀποστόλοις
1202 629 1476 698 πανταχοῦ
1520 630 1732 700 πρῶτον
1766 631 1972 703 ἄνθρω-

411 739 510 776 πον
539 721 998 793 προσαγορεύουσι
1027 723 1118 774 τὸν
1148 721 1380 793 Κύριον,
1424 723 1516 775 καὶ
1550 723 1668 774 τότε
1700 723 1759 775 τὸ
1802 724 1971 789 πάθος

408 815 776 885 προσάγουσιν
828 814 961 884 (97),
998 815 1084 866 ἴνα
1133 816 1340 885 μήποτε
1390 814 1528 867 κατὰ
1575 815 1672 884 τῆς
1723 816 1971 886 θεότητος

409 908 726 984 βλάσςοημον
776 906 1219 978 πρόωνταιρἧα
1249 906 1366 957 θ’διὸ
1403 905 1524 958 οῦτε
1573 907 1826 978 γέννησιν
1873 909 1970 978 τῆς

405 997 499 1052 τοῦ
529 999 699 1067 Λόγου
726 998 975 1068 θεότητος
1019 999 1324 1068 εἰρήκασιν,
1357 997 1493 1052 ἀλλὰ
1521 1000 1735 1070 Πατέρα
1775 999 1968 1070 ὁμολο·

405 1091 560 1159 γοῦσι
587 1130 602 1154 ,
646 1092 738 1143 καὶ
774 1090 866 1143 τὸν
908 1089 1033 1142 Υἱὸν
1078 1090 1470 1160 κηρύττουσιν·
1531 1093 1593 1144 ἐκ
1636 1093 1693 1144 δὲ
1750 1091 1967 1164 Μαρίας

404 1183 517 1235 υίὸν
553 1182 713 1235 Δαὸὶδ
742 1181 836 1234 καὶ
855 1180 954 1256 *τοῦ
991 1182 1184 1251 Ἰωσήφ
1213 1182 1588 1250 γενεαλογοῦσι
1611 1185 1700 1236 τὸν
1733 1184 1964 1256 Χριστὸν

401 1275 462 1327 τὸ
495 1273 636 1327 κατὰ
678 1273 856 1344 σάρκα
899 1275 964 1343 τῇ
1001 1273 1301 1343 προσλήψει
1340 1277 1437 1344 τῆς
1470 1275 1563 1328 τοῦ
1597 1275 1784 1328 δούλου
1832 1292 1963 1348 μορο

404 1367 528 1436 φῆς,
556 1366 643 1418 ἵνα
663 1364 722 1416 τὸ
743 1363 1078 1436 ἀνθρώπινον
1094 1364 1256 1442 αὑτοῦ
1274 1364 1332 1428 ἐξ
1352 1365 1651 1435 ἀνθρώπων
1679 1367 1961 1438 πιστευθῇ,

402 1457 496 1509 καὶ
524 1457 586 1509 ἐκ
620 1455 832 1525 Πατρὸς
863 1454 997 1508 Θεοῦ
1045 1455 1176 1519 Θεὸς
1215 1457 1384 1524 Λόγος
1427 1455 1752 1527 ὁμολογηθῇ,
1784 1457 1962 1528 φέρων

395 1549 470 1603 τὰ
492 1550 632 1621 ὑπὲρ
665 1546 965 1620 ἀνθρώπων
1015 1547 1182 1618 πάθη,
1223 1548 1300 1618 τῷ
1349 1547 1408 1612 ἐξ
1445 1547 1744 1619 ἀνθρώπων
1794 1549 1963 1618 παθη-

398 1641 535 1712 τικῷ
565 1639 890 1712 μορφώματι
919 1642 976 1692 ἐν
1004 1638 1082 1708 τῷ
1123 1638 1382 1709 πάσχοντι
1428 1638 1638 1708 σώματι
1681 1640 1778 1709 τὴν
1828 1639 1964 1693 ἁπά-

399 1733 549 1786 θειαν
579 1731 1036 1801 ἐπιδεικνύμενος,
1068 1730 1160 1784 καὶ
1193 1732 1250 1784 ἐν
1282 1729 1360 1800 τῷ
1403 1729 1688 1800 θνήσκοντι
1714 1731 1812 1801 τὴν
1839 1730 1970 1804 ὰθαο,

2078 543 2438 598 madvcrtistis
2467 544 2518 597 in
2546 545 2658 614 lege
2680 553 2733 598 et
2762 548 3058 616 prophetis,
3085 550 3138 603 in
3173 550 3476 622 Evangeliis
3507 567 3636 622 quo-

2078 648 2181 700 que
2209 642 2260 686 et
2289 638 2652 702 apostolorum
2689 637 2858 699 libris,
2891 639 3089 708 ubique
3114 639 3372 696 Dominus
3395 643 3628 710 primum

2076 724 2240 778 bomo
2286 729 2624 794 pranlicatnr,
2665 743 2727 783 ac
2769 730 2962 783 deinde
3002 732 3183 799 passio
3213 744 3537 788 enarratur:
3572 745 3632 788 ut

2076 831 2142 869 ne
2191 817 2536 886 blasphemia:
2583 821 2743 873 verba
2785 830 2971 876 contra
3016 822 3346 877 divinitatem
3392 840 3628 895 unquam

2074 906 2433 974 proferantur.
2471 909 2806 979 Quapropter
2852 926 3025 980 neque
3074 916 3469 981 generationem
3513 918 3621 972 dei-

2075 998 2199 1052 tatis
2243 998 2396 1052 Verbi
2439 1010 2794 1067 enarrarunt;
2831 1003 2923 1056 sed
2956 1002 3166 1057 Patrem
3202 1005 3544 1071 coulitentur,
3576 1016 3631 1063 et

2072 1088 2266 1143 Filium
2316 1093 2649 1160 praedicant:
2683 1109 2748 1146 ex
2790 1092 2958 1148 Maria
3005 1103 3207 1158 autem,
3237 1095 3524 1150 Dominum
3563 1100 3620 1152 li-

2071 1181 2199 1234 lium
2255 1181 2450 1246 David,
2501 1193 2554 1237 ct
2598 1182 2794 1252 Joseph
2841 1187 3134 1239 secundum
3184 1203 3400 1241 carnem
3449 1197 3626 1242 ortum

2071 1270 2327 1333 referunt,
2359 1272 2448 1338 qui
2474 1273 2612 1326 servi
2639 1271 2866 1326 formam
2895 1275 3206 1343 assumpsit,
3237 1285 3296 1329 ut
3319 1277 3628 1332 humanitas

2069 1360 2186 1429 ejus
2219 1376 2282 1414 ex
2315 1360 2622 1417 hominibus
2653 1378 2770 1418 esse
2801 1364 3131 1427 crederetur,
3163 1376 3216 1419 et
3248 1383 3311 1420 ex
3342 1366 3499 1423 Patre
3527 1385 3627 1423 suo

2070 1451 2178 1506 Deo
2207 1451 2433 1506 Verbum
2468 1451 2609 1507 Deus
2637 1463 3034 1524 agnosceretur,
3065 1456 3156 1525 qni
3187 1472 3284 1524 pro
3318 1457 3626 1515 hominibus

2067 1546 2338 1599 cruciatus
2366 1545 2636 1611 toleraret,
2667 1561 2761 1615 per
2786 1545 3014 1600 formam
3041 1548 3346 1617 passibilem
3372 1565 3534 1618 quam
3559 1568 3626 1608 ex

2069 1636 2378 1691 hominibus
2409 1646 2712 1706 acceperat,
2767 1637 2818 1691 in
2856 1639 3093 1706 patiente
3123 1655 3346 1708 corpore
3376 1641 3627 1709 impassi-

2067 1726 2327 1780 bilitatcm
2366 1727 2689 1790 ostenderet,
2749 1727 2800 1780 in
2834 1729 3094 1783 moriente
3123 1730 3576 1786 immortalitatem
3606 1774 3624 1800 ,

396 1824 607 1886 νασίαν,
659 1823 844 1890 καὶζὲν
891 1821 968 1892 τῷ
1012 1821 1335 1893 θαπτομένῳ
1369 1822 1467 1892 τὴν
1500 1822 1824 1894 ἀφθαρσίαν,
1871 1824 1964 1876 καὶ

2064 1828 2115 1872 et
2151 1818 2203 1872 in
2247 1817 2457 1886 sepulto
2492 1817 3076 1887 incorruptibilitatem,
3127 1819 3181 1873 in
3228 1829 3429 1875 tentato
3460 1823 3626 1876 victo-

396 1914 454 1965 ἐν
501 1912 580 1982 τῷ
623 1911 970 1983 πειρασθέντι
1005 1911 1102 1982 τήν
1132 1912 1309 1980 νίκην.
1354 1913 1447 1964 καὶ
1499 1913 1559 1964 tv
1602 1912 1680 1982 τῷ
1721 1912 1961 1965 παλαιω-

393 2004 546 2058 θέντι
588 2005 686 2076 τήν
737 2003 1030 2074 καινότητα
1054 2016 1094 2066 ;ο
1154 2005 1236 2056 ὅτι
1302 2006 1330 2056 6
1387 2003 1615 2068 παλαιὸς
1665 2004 1824 2075 ἡμῶν
1870 2004 1962 2058 ἄν·

395 2094 613 2164 θρωπος
644 2094 1058 2166 συνεσταυρώθη
1083 2111 1098 2124 ⁸
1151 2093 1290 2166 αῦτη
1335 2096 1444 2166 γάρ
1491 2098 1637 2149 ἐστιν
1671 2099 1702 2168 ή
1761 2098 1918 2169 χάρις
1942 2113 1954 2126 ο

395 2186 631 2258 οὐδαμοῦ
659 2187 715 2241 δέ
739 2187 926 2258 θεὸτης
961 2187 1071 2258 (98)
1104 2187 1274 2251 πάθος
1324 2190 1609 2260 προσίεται
1669 2189 1791 2260 δίχα
1853 2192 1960 2246 πά-

398 2294 616 2347 σχοντος
683 2276 964 2348 σώματος’
1029 2277 1153 2330 οὔτε
1176 2278 1418 2349 ταραχὴν
1465 2281 1557 2332 καὶ
1606 2279 1782 2350 λύπην
1836 2284 1958 2335 ἐπι-

393 2366 661 2420 δείκνυται
693 2366 812 2437 δίχα
833 2366 1008 2437 ψυχῆς
1034 2367 1375 2437 λυπουμένης
1402 2369 1495 2421 καὶ
1527 2371 1956 2442 ταραττομένηςο

393 2457 515 2512 οὒτε
549 2458 807 2529 ἀδημονεί
849 2458 943 2512 καὶ
985 2459 1343 2529 προσεύχεται
1385 2459 1508 2530 δίχα
1555 2463 1793 2532 νοήσεως
1829 2464 1960 2536 ἁδη·

398 2551 662 2621 μονούσης
688 2551 782 2604 καὶ
811 2553 1250 2622 προσευχομένης
1273 2569 1286 2582 ·
1329 2552 1462 2607 ἀλλὰ
1493 2553 1600 2624 γὰρ
1631 2554 1733 2608 κᾶν
1762 2557 1836 2627 μὴ
1871 2559 1964 2628 ἠτ-

392 2645 593 2715 τήματι
636 2643 745 2714 (99)
775 2643 986 2712 φύσεως
1020 2643 1298 2698 συνέϐαινε
1352 2645 1421 2698 τὰ
1477 2643 1741 2716 λεγόμενα
1770 2685 1786 2711 ,
1842 2647 1958 2702 ἀλλ’

393 2736 647 2803 ἐπιδείξει
697 2735 982 2806 ὑπάρξεως
1043 2736 1344 2804 ἐπράττετο
1389 2736 1457 2790 τὰ
1509 2738 1802 2808 γινόμενα·
1840 2739 1959 2803 πῶς

391 2822 484 2880 οὖν
529 2827 864 2898 γεγράφατε,
908 2829 989 2881 ὅτι
1033 2828 1166 2892 Θεὸς
1191 2829 1220 2882 6
1251 2827 1340 2881 διὰ
1385 2827 1589 2900 σαρκὸς
1633 2829 1820 2882 παθὼν
1862 2831 1958 2886 καὶ

391 2920 666 2982 ἁναστάς;
696 2921 744 2972 εἰ
775 2919 884 2992 γὰρ
925 2919 1056 2985 Θεὸς
1091 2922 1121 2974 6
1157 2920 1245 2975 διὰ
1277 2920 1477 2991 σαρκὸς
1509 2921 1584 2990 (1)
1633 2922 1820 2976 παθὼν
1861 2924 1957 2979 καὶ

390 3011 647 3074 ἀναστὰς,
682 3011 921 3082 παθητὸν
971 3013 1148 3084 ἐρεῖτε
1182 3013 1276 3067 καὶ
1317 3013 1407 3066 τὸν
1442 3013 1684 3084 Πατέρα,
1729 3014 1822 3068 καὶ
1864 3015 1956 3069 τὸν

389 3105 785 3176 Παράκλητον,
819 3104 936 3168 ἐνὸς
990 3104 1142 3170 ὄντος
1182 3105 1276 3158 τοῦ
1334 3103 1634 3175 ὀνόματος,
1681 3107 1774 3161 καὶ
1824 3108 1954 3178 μιᾶς

387 3193 490 3265 ’ἧς
513 3195 662 3258 θείας
696 3193 927 3264 φύσεως.

460 3287 548 3342 ﬂ.
597 3288 690 3340 Ἐκ
727 3288 784 3341 δὲ
815 3290 912 3358 τῆς
938 3288 1147 3360 ρήσεως
1170 3285 1371 3358 ταύτης
1401 3287 1512 3341 ἔστι
1544 3289 1772 3342 συνιδεῖν
1799 3288 1952 3360 ὑμῶν

387 3379 485 3450 τὴν
512 3379 769 3444 διάνοιαν,
803 3379 919 3432 οἷαν
948 3379 1023 3443 ὼς
1062 3379 1136 3450 μὴ
1179 3379 1525 3451 φοϐουμένων
1562 3380 1638 3450 (2)
1667 3380 1758 3433 τὸν
1798 3380 1949 3445 Θεὸν,

391 3472 528 3542 μήτε
561 3469 896 3539 πειθομένων
923 3473 1043 3533 ταῖς
1069 3469 1237 3532 θείαις
1259 3471 1502 3541 Γραφαῖς
1520 3487 1532 3500 ·
1566 3469 1660 3523 τοῦ
1695 3470 1792 3540 μὲν
1824 3472 1952 3524 Μω-

387 3561 527 3624 σέως
560 3561 686 3630 περὶ
718 3559 851 3612 Θεοῦ
908 3560 1228 3631 γράφοντος,
1273 3560 1353 3612 ὅτι
1397 3560 1457 3612 '0
1498 3559 1641 3625 Θεὸς
1665 3559 1832 3628 ἡμῶν
1872 3559 1950 3631 (5)

385 3652 504 3719 πῦρ
538 3651 1016 3705 καταναλίσκον·
1063 3651 1192 3723 περὶ
1233 3651 1290 3704 δὲ
1333 3650 1432 3720 τῆς
1478 3652 1535 3703 tv
1574 3652 1736 3722 σαρκὶ
1786 3650 1952 3705 αὑτοῦ

384 3745 698 3816 ἐπιδημίας,
748 3745 1034 3816 προφήτην
1079 3746 1143 3797 ἐκ
1186 3741 1294 3796 τῶν
1324 3742 1569 3811 ἀδελφῶν
1605 3741 1758 3812 ὑμῶν
1805 3741 1952 3810 λέγει

383 3833 820 3904 ἀναστησόμενον
855 3832 943 3887 τὸν
977 3831 1198 3904 Κύριον,
1249 3831 1345 3884 καὶ
1398 3831 1495 3902 τὴν
1538 3829 1682 3900 ζωὴν
1726 3831 1818 3883 ἐπὶ
1859 3829 1950 3894 ξύ-

382 3927 476 3978 λου
503 3924 850 3996 κρεμαμένην
870 3923 1068 3977 ὼσανεὶ
1093 3923 1185 3977 τοῦ
1209 3921 1459 3993 σώματος
1488 3923 1582 3976 τοῦ
1611 3920 1839 3992 Κυρίου,
1866 3923 1947 3984 είς

384 4017 530 4088 ζωὴν
556 4019 687 4088 ἡμῖν
710 4015 993 4086 γινομένου
1015 4014 1110 4084 (4)·
1131 4015 1223 4068 καὶ
1246 4015 1473 4078 Ἡσαΐας
1495 4015 1551 4068 δέ
1575 4015 1674 4086 βοᾷ
1696 4016 1824 4084 περὶ
1848 4014 1947 4085 μὲν

381 4107 517 4160 Θεοῦ
540 4107 730 4175 λέγων·
759 4105 902 4171 Θεὸς
924 4109 956 4159 ὀ
972 4106 1176 4176 μέγας,
1195 4108 1226 4158 d
1241 4105 1496 4171 αἰώνιος,
1517 4108 1549 4159 ὁ
1573 4103 1947 4158 κατασκευά-

2061 1910 2218 1972 riam,
2289 1917 2342 1960 et
2392 1906 2446 1960 in
2495 1915 2862 1962 veterascente
2911 1911 3222 1963 novitatem.
3279 1909 3414 1976 Quia
3469 1924 3624 1968 vetus

2059 2011 2243 2057 noster
2271 2000 2436 2054 bomo
2466 2015 2586 2053 eum
2633 1999 2726 2054 illo
2766 2001 3056 2055 crucilixus
3085 2010 3166 2056 est
3201 2017 3215 2052 :
3257 2003 3310 2056 in
3346 2004 3447 2059 boc
3476 2005 3622 2058 enim

2060 2095 2162 2148 sita
2209 2102 2293 2147 est
2338 2093 2530 2161 gratia.
2573 2090 2754 2146 Deitas
2793 2099 2971 2146 autem
3019 2108 3119 2147 nec
3159 2091 3362 2163 absqbe
3394 2109 3624 2164 corpore

2058 2185 2294 2254 patiente
2338 2182 2644 2252 passionem
2683 2198 2922 2252 unquam
2970 2182 3226 2245 admittit,
3273 2199 3371 2238 nec
3418 2185 3623 2254 absque

2058 2277 2239 2331 anima
2269 2275 2483 2329 dolente
2508 2281 2562 2328 et
2588 2274 2919 2344 perturbata,
2955 2274 3410 2344 perturbationem
3439 2284 3491 2328 et
3520 2275 3620 2328 do-

2058 2367 2226 2420 lerent
2256 2365 2476 2420 exhibet
2511 2382 2524 2418 :
2557 2380 2732 2434 neque
2757 2365 2959 2432 absque
2989 2374 3166 2419 mente
3190 2366 3349 2420 anxia
3379 2373 3432 2418 et
3461 2380 3621 2419 oran-

2059 2466 2130 2522 te,
2171 2457 2329 2510 anxia
2361 2464 2442 2510 est
2487 2464 2582 2510 aut
2626 2464 2764 2510 orat.
2811 2454 3102 2510 Enimvero
3141 2456 3265 2510 licet
3311 2472 3432 2526 qua:
3477 2457 3619 2513 dicta

2059 2559 2186 2605 sunt
2231 2563 2339 2602 non
2379 2555 2588 2603 natura:
2633 2546 2840 2602 delectu
2887 2548 3244 2616 contigerint;
3279 2558 3514 2603 attamen
3551 2551 3619 2604 ad

2057 2641 2385 2695 exsistentize
2418 2642 2709 2705 indicium,
2738 2641 2851 2695 ba:c
2877 2640 2949 2695 ita
2982 2641 3323 2710 gerebantur.
3355 2638 3462 2695 Cur
3489 2656 3619 2710 ergo

2057 2732 2370 2800 scripsistis.
2399 2731 2567 2788 Deum
2598 2747 2718 2787 esse
2765 2731 2858 2802 qui
2908 2730 2961 2784 in
3007 2747 3168 2786 carne
3200 2747 3394 2802 passus
3440 2741 3523 2786 est
3565 2743 3620 2787 et

2055 2822 2390 2877 resurrexit?
2421 2823 2465 2878 si
2493 2823 2635 2877 enim
2669 2822 2810 2878 Deus
2839 2824 2908 2877 sit
2935 2824 3026 2892 qui
3054 2837 3146 2892 per
3171 2838 3387 2877 carnem
3423 2839 3618 2892 passus

2056 2913 2126 2967 sit
2149 2928 2212 2967 ac
2235 2914 2610 2977 resurrexerit,
2637 2913 2946 2983 passibilem
2976 2928 3103 2983 ergo
3128 2913 3306 2968 dicitis
3324 2924 3376 2968 et
3403 2914 3614 2968 Patrem

2054 3014 2108 3060 et
2139 3004 2501 3073 Paraeletum,
2523 3021 2648 3061 cum
2684 3020 2848 3059 unum
2879 3004 2950 3060 sit
2978 3019 3194 3072 nomen,
3217 3018 3270 3059 et
3303 3022 3406 3060 una
3434 3005 3616 3060 divina

2055 3103 2268 3150 natura.

2121 3291 2206 3347 14.
2255 3290 2331 3344 Ex
2382 3292 2482 3345 bac
2531 3298 2708 3344 autem
2759 3289 3048 3356 sententia,
3094 3298 3327 3344 mentem
3376 3297 3611 3345 vestram

2047 3399 2338 3456 agnoscere
2365 3385 2511 3450 licet,
2542 3400 2662 3453 quae
2688 3398 2819 3438 sane
2843 3398 2952 3438 non
2978 3391 3061 3439 est
3091 3383 3391 3438 timentium
3419 3382 3610 3449 Deum,

2047 3491 2222 3546 neque
2273 3475 2470 3529 divinis
2507 3475 2802 3544 Seripturis
2842 3476 3330 3543 obtemperantium
3371 3493 3384 3528 :
3429 3473 3612 3546 Moyse

2053 3567 2269 3636 quidem
2303 3568 2372 3620 de
2402 3566 2513 3620 Deo
2539 3567 2806 3622 scribente
2837 3581 2854 3620 :
2882 3565 3021 3620 Deus
3050 3575 3225 3619 noster
3263 3565 3397 3635 igm's
3423 3581 3614 3618 consu-

2054 3675 2196 3711 mens
2219 3666 2294 3711 est
2312 3658 2352 3689 ⁸³
2378 3674 2390 3708 :
2413 3658 2478 3711 de
2502 3658 2701 3710 carnali
2729 3669 2908 3711 autem
2931 3657 3048 3725 ejus
3071 3657 3299 3710 adventu
3326 3696 3339 3717 ,
3372 3657 3606 3724 prolibe-

2052 3758 2160 3803 tam
2184 3749 2258 3802 ait
2285 3765 2350 3804 ex
2374 3746 2632 3802 fratribus
2655 3750 2847 3801 vestris
2867 3763 2897 3802 a
2924 3746 3152 3802 Domino
3176 3747 3516 3800 excitandum
3539 3746 3607 3811 ὀς

2051 3845 2106 3893 et
2135 3838 2299 3893 vitam
2341 3839 2391 3891 in
2435 3837 2580 3907 ligno
2615 3851 2931 3906 suspensam
2967 3837 3032 3902 ¹¹,
3071 3836 3228 3905 quasi
3274 3851 3468 3904 corpus
3507 3835 3612 3889 De-

2053 3929 2184 3982 mini
2233 3928 2298 3982 ad
2346 3929 2508 3981 vitam
2555 3928 2711 3982 nobis
2743 3927 2929 3980 dattnn
2973 3927 3059 3982 sit.
3095 3925 3160 3979 Et
3193 3926 3356 3980 Isaias
3401 3927 3466 3981 de
3497 3925 3608 3981 Deo
3700 3981 3711 3993 ,

2051 4019 2266 4088 quidem
2299 4018 2492 4072 clamat
2525 4019 2711 4072 dicens
2741 4033 2754 4065 τ
2792 4017 2928 4070 Deus
2971 4024 3209 4086 magnus,
3243 4028 3488 4080 wternus,
3518 4019 3606 4086 qui

2053 4109 2344 4160 construxit
2389 4108 2718 4160 summitates
2751 4119 2904 4160 terra:
2944 4108 3010 4169 “,
3055 4121 3154 4159 non
3193 4109 3403 4170 esuriet,
3447 4120 3606 4174 neque

380 4214 499 4266 σας
512 4199 583 4253 τὰ
598 4199 751 4267 ἄκρα
763 4197 871 4266 τῆς
883 4196 1014 4266 γῆς,
1028 4199 1098 4251 οὐ
1115 4195 1384 4251 πεινάσει
1403 4196 1545 4252 οὐδὲ
1567 4196 1944 4268 κοπιάσει(5),

2058 4198 2380 4268 fatigabitur,
2403 4208 2506 4253 etc.
2534 4215 2548 4263 ;
2577 4199 2642 4253 de
2666 4198 2918 4269 passione
2959 4207 3138 4252 autem
3171 4215 3184 4249 :
3222 4194 3393 4249 Homo
3432 4198 3520 4265 qui
3550 4199 3605 4248 in

461 4364 504 4394 ¹⁹
541 4362 694 4416 Deut.
729 4376 804 4425 tv,
839 4359 930 4412 24.
979 4353 1052 4390 ’¹⁰
1093 4356 1250 4413 Deut.
1286 4373 1440 4420 xnu,
1479 4356 1565 4410 18.
1641 4357 1683 4388 ²¹
1724 4356 1881 4411 Deut.
1917 4373 1965 4410 x:

2058 4372 2108 4417 ιι.
2144 4356 2230 4411 66.
2309 4358 2354 4388 ¹¹
2393 4355 2496 4412 Isa.
2534 4373 2622 4421 XL,
2649 4355 2740 4410 28.

377 4475 529 4538 κούς.
565 4469 687 4526 Mox
725 4469 848 4540 Seg.
881 4470 1037 4526 Gobl.
1076 4481 1130 4526 et
1157 4471 1392 4525 Felekm.
1423 4471 1474 4534 1,
1503 4469 1600 4532 τὰς
1630 4469 1778 4541 θείας
1801 4471 1940 4541 ,Γρα-

379 4547 506 4613 φάς.
543 4541 680 4595 Editi
708 4539 836 4596 vero
861 4552 913 4596 et
941 4543 1054 4609 alii,
1079 4542 1178 4605 τὰς
1198 4542 1358 4610 ἁγίας
1382 4541 1620 4611 Γραφάς.
1640 4539 1934 4610 Mox'Seg.,

379 4615 497 4664 πῶς
522 4615 580 4664 ἐν
609 4612 777 4664 νόμω.

377 4615 497 4670 πῶς
522 4615 580 4666 ἐν
609 4615 777 4670 νόμω.

598 4629 1543 4754 ἴῆοίὸιὲὸὶγιουσινᾏδίο-δεευενίοηηε
1570 4687 1624 4754 et
1653 4679 1724 4733 ita
1755 4680 1938 4754 legen-

373 4747 504 4808 dum
545 4747 716 4805 nobis
763 4747 993 4806 videtur.
1037 4749 1200 4814 Editi,
1228 4747 1760 4821 προσαγορεύουσιν.
1812 4747 1934 4804 Mox

375 4824 500 4893 Seg.
528 4821 684 4893 Gobl.
715 4830 772 4893 et
818 4821 1060 4893 Felckm-._
1090 4821 1142 4893 I_,
1177 4817 1449 4893 γέννησιν.
1490 4817 1629 4893 Eiliti
1660 4829 1712 4893 et
1755 4821 1934 4893 cazteri

374 4887 749 4960 ttizﬁtuscripti,
779 4891 1007 4960 γένεσιν.
1043 4887 1198 4944 Infra
1215 4889 1278 4960 τό
1302 4887 1429 4960 ante
1450 4887 1796 4960 “castigata
1839 4890 1935 4960 de-

371 4975 457 5017 est
482 4963 536 5016 in
572 4957 696 5031 Sag.
723 4957 878 5031 Gdbl.
908 4971 961 5016 et
987 4960 1223 5015 Felckm.
1259 4958 1310 5012 1.
1342 4957 1485 5011 Infra
1520 4957 1634 5022 alii,
1664 4957 1797 5023 Θεὸς
1828 4960 1873 5012 Λ

369 5030 984 5104 γοςηιιιίίίᾼόγοςᾷεός
1011 5031 1227 5104 habent.
1348 5097 1380 5104 _
1425 5098 1472 5104 __
1613 5091 1621 5104 ί

443 5095 554 5169 (98)
593 5095 841 5171 Οὐδαμοῦ
864 5101 920 5154 δὲ
948 5101 1156 5171 θεότης,
1189 5098 1312 5169 Seg.
1340 5097 1495 5171 Gobl.
1524 5107 1578 5151 et
1610 5095 1849 5171 elckm.
1870 5099 1928 5171 j.

366 5168 718 5225 AtDamasc.
743 5168 908 5241 apud
941 5168 1103 5241 quem
1136 5171 1249 5241 bare
1273 5168 1589 5241 referuntur
1635 5169 1730 5221 lib.
1761 5184 1828 5241 It_t_
1855 5168 1931 5241 De

368 5241 509 5294 ortlt.
541 5241 665 5309 ﬁde,
698 5237 816 5310 cap.
842 5240 932 5304 23,
957 5237 1080 5310 eum
1104 5239 1265 5310 editis
1286 5239 1463 5295 habet.
1481 5237 1760 5310 θεότητος.
1792 5237 1926 5310 Ibid.

369 5311 484 5373 alii,
508 5308 781 5391 ρύδαμοῦ,
801 5310 912 5377 alii,
944 5308 1211 5381 οὐδαμῶς.
1251 5308 1383 5362 Ibid.
1436 5308 1494 5361 δέ
1532 5309 1683 5363 deest
1731 5309 1786 5361 in
1832 5309 1929 5362 Se-

408 5396 648 5434 HBI‘IIIIIO.

367 5397 648 5452 guertauo.

441 5450 553 5517 (99)
596 5449 670 5502 Ita
703 5449 824 5518 Seg.
860 5449 1026 5504 Basil.
1071 5446 1353 5518 Anglican.
1389 5454 1442 5499 et
1482 5445 1729 5502 Damasc.
1783 5447 1924 5504 Editi

365 5515 500 5572 vero
531 5515 585 5572 et
615 5519 726 5583 alii,
754 5515 1044 5643 ἠττέξιασι.
1091 5515 1208 5570 Mox
1246 5515 1517 5578 Damasc.,
1547 5517 1825 5570 συνέϐαινε
1857 5519 1926 5572 τὰ

365 5587 645 5643 γινόμενα.
694 5589 845 5643 lbid..
895 5589 998 5643 ‘eaz.
1034 5587 1190 5642 Gobl.
1223 5585 1458 5640 Felckm.
1493 5586 1516 5638 1
1551 5598 1604 5640 et
1645 5588 1920 5643 Damasc..

365 5585 845 5660 waﬁptyaalbid”
874 5585 998 5660 Seg.
1034 5587 1190 5660 Gobl.
1223 5585 1458 5660 lj‘elclim.
1493 5586 1516 5638 1
1551 5598 1609 5660 et
1645 5588 1920 5652 Damasc.,

364 5657 620 5732 ἐπιδείξει
653 5658 932 5730 ὑπάρξεως
954 5657 1166 5728 ἐγίνετο
1192 5657 1276 5712 τά.
1325 5657 1549 5722 Ibidem,
1579 5658 1727 5730 Seg.,
1766 5659 1918 5726 γενόο

371 5743 527 5799 μενα.

2110 4471 2184 4542 (Ι)
2226 4472 2373 4544 διξεη
2406 4473 2434 4524 6
2461 4473 2549 4544 διὰ
2575 4474 2774 4544 σαρκὸς
2807 4475 3026 4544 πάσχει,
3059 4472 3217 4528 male.
3249 4471 3374 4528 Hmc
3401 4483 3604 4538 autem,

2039 4543 2088 4594 εί
2117 4545 2224 4612 γὰρ
2257 4543 2388 4614 Θεὸς
2413 4545 2442 4596 6
2479 4543 2567 4596 διὰ
2595 4543 2792 4614 σαρκὸς
2833 4546 3057 4614 πάσχων
3100 4544 3193 4597 καὶ
3229 4545 3482 4606 ἀναστάς,
3511 4547 3606 4596 de-

2035 4622 2167 4734 ls‘unt
2199 4615 2268 4691 _in
2302 4612 2626 4667 Gobleriano
2655 4612 2708 4668 et
2739 4612 2978 4668 Febkni.
3014 4614 3063 4679 Ι,
3115 4629 3214 4667 nec
3248 4616 3383 4668 lecta
3419 4623 3541 4668 sum
3569 4630 3600 4666 a

2085 4696 2270 4734 annm.

2085 4698 2190 4818 ἀεί
2199 4696 2277 4803 ΙΙ(ίᾷ
2297 4748 2579 4818 Seg.Gobl.
2601 4768 2728 4806 vero
2743 4764 2793 4815 et
2808 4752 3043 4808 Felekm.
3059 4752 3115 4812 2.
3134 4751 3390 4815 διάνοιαν,
3407 4744 3601 4814 οῗονὼς

2037 4819 2112 4892 μὴ
2139 4820 2501 4890 φοόουμένων.
2536 4820 2697 4885 Editi,
2730 4824 2986 4888 διάνοιαν,
3015 4823 3089 4892 μὴ
3120 4819 3484 4890 φοϐουμένων.
3504 4821 3600 4873 Ibi-

2032 4891 2154 4944 dem
2190 4889 2412 4957 chuer.
2447 4891 2603 4946 Gobl.
2640 4904 2695 4947 et
2738 4892 2974 4948 Felektn.
3011 4893 3061 4954 I,
3097 4891 3234 4960 μήτε
3270 4888 3600 4960 πειθομένων

2032 4908 2154 4944 uem
2191 4908 2412 4957 δείξειεν.
2447 4908 2603 4946 boui.
2640 4908 2695 4947 et
2738 4908 2974 4948 reti-xui.
3011 4908 3061 4954 1,
3097 4908 3234 4960 μητε
3270 4908 3598 4960 πεισομενων

2030 4963 2154 5044 ταῖς
2191 4960 2366 5045 θείαις
2401 4961 2660 5032 1¹ραφαίς.
2706 4963 2848 5016 Editi
2875 4972 2928 5017 et
2955 4963 3066 5022 alii,
3097 4959 3220 5012 οὔτε
3265 4959 3598 5030 πειθομένων

2030 5047 2150 5094 ταις
2181 5045 2381 5098 αγιαις.

2105 5103 2181 5168 (5)
2225 5097 2372 5168 Seg..
2399 5101 2428 5151 6
2451 5099 2583 5164 Θεὸς
2611 5100 2782 5170 ὑμῶν.
2809 5099 2928 5154 Mox
2963 5097 3086 5167 Seg.
3125 5098 3336 5167 Anglic.
3363 5097 3520 5154 Gobl.
3543 5108 3598 5153 et

2031 5167 2285 5240 Felekma
2307 5173 2358 5232 1,
2389 5170 2488 5238 τῆς
2519 5171 2800 5240 ὲνσάρκου.
2836 5169 2976 5223 Editi
3016 5179 3071 5222 et
3096 5171 3277 5223 caeteri
3306 5184 3464 5232 tnss.,
3497 5169 3596 5238 τῆς

2255 5208 2283 5238 οἱ
2312 5200 2358 5232 ι,
2390 5200 2486 5238 ἰη’
2519 5200 2800 5238 ενυαίιιδιυυ.
2836 5200 2976 5223 υιιιιι
3016 5200 3071 5222 υι
3096 5200 3277 5223 πιπτει
3306 5200 3464 5232 ιυθθι,
3498 5200 3565 5238 ᾟΙλ

2392 5308 2700 5394 γενομένρυ.
2733 5307 2873 5394 Ibid.-
2910 5307 3186 5394 ‘Seg.,.xat
3219 5305 3446 5394 :Hggt‘iaf
3494 5306 3592 5394 ut?

2029 5379 2127 5450 βοᾷ.
2159 5375 2656 5450 περὶίΘεοῦενϐοιιι.
2696 5391 2747 5434 et
2788 5375 3023 5450 Felckni.
3060 5378 3112 5440 I,
3147 5376 3241 5430 καὶ
3285 5377 3508 5450 Ἠσαίας
3535 5375 3593 5431 δὲ

2029 5445 2128 5520 βοᾷ
2148 5447 2276 5520 περὶ
2293 5445 2448 5520 Θερῦ,
2470 5446 2693 5520 Praestat
2719 5460 2873 5504 vetus
2899 5449 3075 5520 Iectio_,
3096 5463 3258 5520 quam
3287 5447 3588 5520 sequuntur.

2025 5515 2158 5592 Ibid.
2192 5515 2314 5592 Segi.
2350 5515 2507 5592 (ξω-ιι..
2535 5528 2587 5592 et
2621 5517 2858 5592 Felckm.
2895 5519 2946 5584 I,
2973 5521 3002 5570 6
3037 5515 3168 5579 Θεὸς
3208 5518 3238 5571 ό
3287 5515 3460 5586 μέγας
3497 5515 3594 5569 καὶ

2023 5588 2255 5666 αίιὲ).γ,ιοξτ
2289 5583 2344 5666 '3!
2378 5585 2538 5649 '4“,
2566 5587 2594 5638 ὁ
2623 5588 2798 5666 μέτες
2830 5588 2996 5666 διερειτ

2058 5658 2171 5780 ιέᾷ)
2211 5652 2529 5724 Ιιαβθευον.
2564 5652 2790 5714 etLXX.
2830 5659 2966 5712 Infra
2992 5657 3318 5726 Seguer.,Ti
3340 5653 3393 5707 δέ
3419 5655 3586 5719 ἐστιν,

2025 5745 2048 5780 ε
2105 5743 2196 5792 ως.
