3956 6230
385 331 516 388 Ηὗῖ

1239 326 1515 384 CONTRA
1561 322 2070 380 APOLLINARIUM
2111 321 2310 374 LIBER
2353 318 2739 376 SECUNDUS.

3483 317 3618 372 1158

381 447 502 506 ταῖς
524 442 721 514 ψυχαῖς
743 439 1119 513 εὐηγγελίζετο
1136 457 1149 471 ·
1183 442 1240 494 ἐν
1261 440 1318 493 δὲ
1351 437 1562 505 σώματι
1582 435 1815 510 Χριστοῦ
1831 437 1942 507 (15)

2064 435 2334 490 mimahus
2367 433 2716 502 praedicatum
2749 441 2865 496 est;
2900 432 2951 486 in
2986 449 3214 504 corpore
3251 442 3429 488 autem
3459 432 3619 491 Chri-

385 539 418 607 ή
445 535 620 606 φθορά
652 537 996 606 κατηργείτο,
1019 533 1109 586 καὶ
1133 533 1165 602 ή
1192 531 1468 601 ἀφθαρσία
1521 532 1585 583 ἐκ
1613 530 1784 598 τάφου
1812 528 1948 580 ἐδεί-

384 643 565 682 κνυτο.
599 627 756 678 Ὥστε
810 625 909 678 οὐκ
939 623 1221 696 ἄνθρωπος
1268 621 1402 674 Θεοῦ
1459 618 1767 692 ἐχωρίζετο,
1827 617 1948 671 οὔτε

385 719 516 782 Θεὸς
545 718 679 790 πρὸς
706 717 986 788 ἄνθρωπον
1032 713 1412 783 ἐγκατάλειψιν
1456 713 1721 783 διηγεῖτο,
1767 709 1947 781 οῦτεή

385 809 648 878 νέκρωσις
681 807 778 859 nl
799 806 890 859 τοῦ
918 804 1228 876 πνεύματος
1270 802 1618 874 ἀποχώρησις
1659 802 1770 872 (14)
1815 800 1949 854 Θεοῦ

384 901 492 954 ἀπὸ
513 898 762 970 σώματος
792 894 858 968 ἧν
890 898 1234 967 μετάστασις,
1258 895 1390 948 ἀλλὰ
1411 895 1586 964 ψυχῆς
1611 893 1718 946 ἀπὸ
1768 891 1952 961 σώμα-

383 1009 476 1055 τος
499 989 803 1062 χωρισμός·
837 987 866 1038 ὁ
912 987 1018 1059 γάρ
1055 987 1318 1058 ἡμέτερος
1350 988 1465 1038 ἐκεῖ
1507 984 1826 1056 διεγράφετο
1858 983 1953 1036 θά-

386 1099 560 1145 νατος.
595 1083 656 1134 El
685 1080 740 1133 δὲ
771 1082 799 1133 ὁ
823 1079 954 1141 Θεὸς
984 1077 1252 1150 ἐχωρίσθη
1283 1077 1374 1130 τοῦ
1409 1075 1656 1146 σώματος
1675 1115 1689 1138 ,
1725 1076 1818 1128 καὶ
1859 1072 1952 1126 οῦ-

385 1191 492 1237 τως
530 1172 638 1242 (15)
665 1172 698 1241 ἡ
723 1170 986 1241 νέκρωσις
1010 1169 1301 1230 ἐδείκνυτο,
1325 1167 1441 1230 πῶς
1467 1166 1529 1219 τὸ
1565 1166 1719 1236 σῶμα
1745 1204 1758 1227 ,
1788 1182 1952 1235 χωρι-

389 1265 512 1320 σθὲν
543 1264 636 1317 τοῦ
659 1263 937 1333 ,ἀφθάρτου
962 1259 1116 1324 Θεοῦ,
1136 1261 1234 1330 τὴν
1253 1257 1557 1329 ἀφθαρσίαν
1577 1257 1915 1310 ἐπεδείκνυτο
1937 1273 1951 1321 ;

388 1356 504 1419 πῶς
530 1355 586 1408 δέ
617 1354 764 1408 κα).τὸ
795 1354 962 1422 Λόγος
984 1353 1080 1422 τὴν
1102 1353 1181 1414 είς
1210 1351 1333 1423 ᾇδου
1358 1351 1605 1404 ἐπίϐασιν
1629 1351 1951 1421 tamquam;

389 1449 422 1518 ἢ
457 1448 574 1510 πῶς
601 1446 698 1516 τὴν
731 1445 789 1509 ἐξ
813 1444 938 1516 ᾅδου
999 1443 1292 1498 ἀνάστασιν
1343 1441 1716 1505 ἐπεδείκνυτος
1762 1445 1954 1512 μήτιγε

388 1536 548 1599 αὐτὸς
571 1536 689 1589 ἀντὶ
711 1535 812 1603 τῆς
838 1533 1109 1604 ἡμετέρας
1132 1532 1306 1603 ψυχῆς
1327 1532 1576 1585 ἀνίστατο
1593 1539 1607 1594 (
1623 1530 1726 1601 lli).
1755 1530 1840 1583 ἵνα
1861 1531 1956 1600 τῆς

388 1627 663 1698 ἡμετέρας
715 1624 1060 1688 ἀναστάσεως
1092 1624 1189 1694 τὴν
1241 1624 1422 1677 εἰκόνα
1457 1624 1798 1694 ἀρμόσηται;
1847 1623 1956 1674 Καὶ

2050 523 2140 584 sti,
2175 522 2446 591 corruptio
2466 522 2664 575 abolita
2697 531 2807 585 εει,
2829 529 2882 574 et
2905 522 3238 591 incorrup:io
3276 539 3341 578 ex
3383 523 3504 594 ipso
3532 540 3620 580 se—

2050 613 2237 682 pulcro
2260 613 2501 667 emicuit.
2535 611 2741 682 Itaque,
2776 629 2876 666 nec
2913 613 3075 667 homo
3101 632 3130 669 a
3159 615 3268 672 Deo
3298 619 3620 690 segregaba-

2051 712 2156 762 tur.
2193 718 2295 756 nec
2337 701 2480 757 Deus
2517 703 2746 766 homini,
2787 719 2846 756 se
2867 719 2994 758 eum
3030 707 3365 761 deserturum
3403 726 3619 764 aimun-

2053 793 2240 856 tiabat,
2273 807 2447 861 neque
2489 793 2692 855 obitus,
2743 793 3077 863 spiritusque
3105 796 3387 864 discessio,
3441 810 3622 856 trans-

2054 883 2160 937 itus
2189 895 2304 938 erat
2335 882 2428 936 Dei
2459 899 2487 936 a
2509 899 2733 952 corpore
2758 900 2772 948 ;
2805 885 2899 939 sed
2931 886 3126 940 anima:
3152 902 3179 939 a
3205 903 3427 957 corpore
3457 907 3617 960 sepa-

2052 978 2192 1029 ratio
2219 992 2231 1027 :
2268 987 2452 1030 nostra
2478 978 2622 1030 enim
2652 978 2722 1032 ibi
2756 994 2904 1032 mors
2930 979 3200 1048 descripta
3233 979 3352 1034 fuit.
3381 982 3532 1048 Quod
3569 984 3620 1040 si

2059 1067 2254 1121 Deusa
2286 1083 2514 1136 corpore
2565 1079 2850 1138 separatus
2899 1081 3003 1130 est,
3053 1086 3228 1140 coque
3282 1075 3442 1126 modo
3471 1090 3620 1130 mors

2053 1160 2297 1230 conligit,
2322 1161 2595 1229 quomodo
2623 1176 2825 1227 corpus
2841 1161 2908 1214 ab
2943 1161 3342 1231 incorruptibili
3385 1167 3492 1219 Ι)θο
3529 1181 3619 1220 se-

2054 1262 2353 1321 gregatum,
2384 1251 2794 1321 iucorruptibilo
2818 1255 3102 1322 apparuit?
3152 1256 3426 1324 quomodo
3456 1257 3620 1312 etiam

2055 1341 2290 1397 Verbum
2326 1345 2647 1398 descensum
2703 1359 2862 1399 suum
2917 1347 2980 1400 ad
3025 1346 3224 1403 inferos
3257 1350 3500 1418 peregit?
3528 1360 3625 1404 aut

2055 1449 2163 1504 quo
2191 1445 2348 1503 pacto
2376 1435 2443 1488 ab
2471 1435 2660 1490 iul'eris
2690 1439 3140 1493 resurrectionem
3177 1441 3459 1494 exhibuit?
3480 1439 3626 1495 Nun-

2055 1523 2184 1591 quid
2223 1523 2471 1592 ipsevice
2497 1525 2691 1579 anima:
2717 1535 2916 1580 nostra;
2945 1531 3261 1591 resurrexit,
3314 1539 3372 1583 ut
3423 1538 3625 1584 nostra:

2057 1613 2473 1668 resurrectionis
2529 1614 2818 1684 imaginem
2849 1617 3248 1672 concinnaret?
3275 1619 3345 1672 At
3378 1620 3472 1688 qui
3505 1619 3624 1674 ﬁeri

387 1719 502 1782 πῶς
525 1713 636 1772 οἷόν
672 1735 730 1770 τε
764 1717 888 1787 περὶ
915 1716 1048 1769 Θεοῦ
1084 1715 1254 1768 ταῦτα
1299 1718 1530 1776 ἐννοεῖν;
1601 1715 1954 1786 Ἀσύμφωνος

2064 1715 2330 1774 potest,ut
2360 1707 2484 1760 talia
2515 1707 2580 1761 de
2611 1708 2715 1761 Deo
2747 1710 3086 1776 COgitemus?
3120 1708 3308 1764 Vestra
3335 1711 3498 1782 igitur
3524 1715 3624 1767 de-

385 1809 564 1865 τοίνυν
584 1811 700 1873 ταῖς
729 1785 910 1876 άγίάις
937 1808 1180 1878 Γραφαίς
1215 1809 1243 1860 ὁ
1278 1808 1401 1879 ὅρος
1444 1805 1616 1876 ὑμῶν,
1652 1806 1747 1860 καὶ
1785 1804 1952 1875 ἀνάρ-

2064 1794 2228 1850 [initio
2256 1811 2286 1850 a
2307 1797 2477 1851 sacris
2505 1795 2802 1865 Scripturis
2823 1799 2996 1852 aliena
3019 1808 3101 1854 est
3135 1819 3148 1854 :
3180 1811 3467 1871 vestraque
3496 1817 3623 1856 seu-

389 1917 583 1973 μοστος
604 1901 702 1972 τῆς
742 1899 1119 1972 πληρωθείσης
1156 1899 1520 1970 οἰκονομία.ςὴ
1550 1895 1741 1968 γνώμη
1777 1896 1950 1966 ὑμῶν.

385 1996 495 2050 Καὶ
546 1995 646 2058 τὸ,
706 1993 902 2048 Κάθου
970 1993 1039 2047 ἐκ
1092 1992 1305 2054 δεξιῶν
1347 2009 1466 2062 μου
1504 2032 1518 2056 ,
1579 1992 1679 2044 οὐκ
1743 1987 1954 2060 ἀνθρώ-

385 2102 488 2139 που
527 2086 623 2156 μὲν
654 2085 716 2138 τὸ
753 2084 984 2155 ἀξίωμά,
1015 2083 1150 2137 ἀλλὰ
1175 2083 1328 2136 Θεοῦ.
1383 2081 1520 2134 Ἀλλ’
1547 2080 1732 2152 ἐπειδὴ
1769 2079 1830 2133 τὸ
1859 2079 1953 2132 τοῦ

385 2177 518 2231 Θεοῦ
550 2177 764 2248 ἀξίωμα
792 2175 1077 2248 ἀνθρώπου
1107 2175 1321 2246 ἀξίωμα
1349 2174 1568 2243 γέγονεν
1595 2214 1610 2237 ,
1648 2173 1733 2226 ἵνα
1776 2173 1836 2225 τὸ
1860 2171 1954 2225 τοῦ

387 2267 670 2341 ἀνθρώπου
709 2268 922 2338 ἀξίωμα
942 2266 1074 2320 Θεοῦ
1107 2266 1321 2339 ἀξίωμα
1348 2265 1607 2337 πιστευθῇ
1639 2265 1770 2336 (17),
1800 2267 1954 2337 εἰρη-

384 2377 474 2414 ται
491 2376 506 2391 ο
534 2359 730 2412 Κάθου
762 2359 830 2412 ἐκ
851 2357 1065 2423 δεξιῶν
1084 2376 1224 2427 μου,
1265 2357 1377 2421 καὶ,
1407 2358 1678 2422 Δόξασόν
1698 2374 1774 2426 με
1794 2397 1808 2422 ,
1835 2357 1955 2411 Πά-

385 2466 505 2520 τερ,
531 2448 606 2518 τῇ
632 2449 800 2515 ἀϊδίῳ
826 2450 995 2520 δόξῃ.
1038 2452 1112 2505 Οὐ
1143 2451 1430 2523 χωρισθεὶς
1461 2453 1560 2524 τῆς
1613 2452 1770 2522 δόξης
1800 2451 1956 2505 τοῦτο

385 2540 553 2610 λέγει,
579 2540 692 2594 ἀλλ’
722 2543 780 2594 ἐν
827 2541 996 2612 ἀδόξῳ
1047 2543 1254 2614 σώματι
1285 2543 1543 2613 γεγονὼς,
1581 2544 1665 2597 ἵνα
1720 2543 1868 2617 δείξῃ
1894 2543 1955 2597 οὐ

387 2633 760 2706 χωριζομένην
786 2634 886 2704 τῆς
925 2636 1110 2707 θεῖκῆς
1137 2636 1292 2707 δόξης
1328 2637 1428 2709 τὴν
1461 2637 1555 2690 τοῦ
1588 2636 1772 2690 δούλου
1822 2653 1956 2708 μορο

388 2723 515 2794 φὴν,
541 2723 676 2778 ἀλλά
723 2724 925 2797 ταύτην
978 2725 1442 2798 ἐπιδεικνυμένην.
1486 2728 1575 2780 Διὸ
1621 2727 1797 2795 λέγει’
1847 2727 1955 2781 Καὶ

389 2813 672 2879 ἐδόξασα,
707 2816 805 2869 καὶ
830 2816 1030 2871 πάλιν
1064 2817 1320 2884 δοξάσω,
1349 2819 1474 2889 μίαν
1504 2821 1600 2890 τὴν
1634 2819 1738 2890 πρὸ
1773 2818 1957 2889 σώμα-

391 2923 480 2971 τος
503 2909 594 2961 καὶ
626 2909 682 2960 ἐν
708 2907 915 2978 σώματι
958 2909 1114 2975 δόξαν
1165 2909 1396 2973 δεικνὺς,
1428 2909 1503 2972 ὥς
1533 2926 1693 2981 φησιν
1719 2911 1748 2963 ὁ
1797 2910 1956 2963 Ἀπό-

392 2999 574 3062 στολος
597 3018 610 3029 ·
643 3001 912 3068 Τοσούτῳ
933 3000 1043 3071 (l8)
1073 3002 1351 3069 κρείττων
1375 3002 1691 3071 γενόμενος
1712 3000 1830 3053 τῶν
1856 3001 1959 3070 dr-

331 3089 351 3118 '
391 3089 604 3158 γέλων,
645 3089 794 3144 ὅσον
821 3090 1249 3160 διαφορώτερον
1293 3093 1429 3158 παρ’
1473 3089 1695 3157 αὐτοὺς
1740 3091 1951 3158 κεκλη-
1983 3120 2024 3178 C

379 3177 720 3246 ρονόμηκεν
755 3178 961 3248 ὄνομα.
998 3181 1118 3233 Τίνι
1149 3179 1258 3249 τὰρ
1281 3177 1411 3234 εἷπέ
1445 3193 1590 3233 ποτε
1631 3178 1749 3232 τῶν
1785 3177 1956 3249 ἀττέ-

387 3271 512 3322 λων
529 3285 543 3298 ⁸
578 3268 774 3323 Κάθου
799 3270 868 3322 ἐκ
904 3269 1114 3334 δεξιῶν
1134 3287 1289 3340 μου-ς
1315 3272 1387 3324 Οὐ
1412 3271 1627 3333 πάντως
1675 3271 1703 3322 ὁ
1733 3271 1959 3342 ποιητὴς

387 3357 496 3410 τῶν
557 3357 802 3426 ἀγγέλων
852 3359 1024 3427 Λόγος
1056 3359 1319 3430 κρείττων
1372 3360 1612 3429 γέγονεν,
1649 3359 1725 3422 ὡς
1780 3360 1958 3429 ἥττων

378 3449 464 3502 ’ὢν
492 3448 635 3520 (19)·
667 3449 800 3502 ἀλλά
833 3449 928 3520 τὴν
960 3451 1017 3502 ἐν
1064 3449 1209 3520 αὐτῷ
1249 3450 1602 3504 ἁνατείλασαν
1636 3449 1727 3502 τοῦ
1772 3449 1957 3502 δούλου

389 3539 604 3611 μορφὴν
634 3539 939 3611 ,κρείττονα
991 3541 1100 3594 τῶν
1146 3541 1410 3610 ἀγγέλων,
1443 3541 1476 3612 ἣ
1509 3541 1604 3595 καὶ
1636 3541 1816 3612 πάσης
1860 3541 1959 3611 τῆς

390 3630 616 3695 κτίσεως
653 3631 1094 3703 ἐπιδειξάμενος·
1149 3612 1467 3703 ἐπειδήπερ,
1525 3631 1686 3686 εἰκὼν
1738 3631 1812 3684 ὢν
1865 3631 1957 3684 τοῦ

389 3717 525 3771 Θεοῦ
576 3719 670 3772 τοῦ
707 3720 959 3790 ἀοράτου,
999 3721 1090 3774 καὶ
1127 3721 1464 3793 πρωτότοκος
1495 3723 1674 3792 πάσης
1711 3722 1808 3794 τῆς
1841 3722 1959 3775 κτίς

391 3825 528 3873 σεως
575 3810 794 3878 γέγονεν
819 3851 834 3875 ,
869 3811 943 3875 ὼς
990 3812 1296 3883 γέγραπται
1345 3813 1438 3867 καὶ
1468 3816 1525 3866 ἐν
1572 3813 1920 3882 Εὑαγγελίοις
1942 3831 1957 3846 ·

392 3899 542 3966 Ἕως
573 3897 643 3957 οὗ
679 3901 846 3956 ἔτεκε
877 3902 986 3956 τὸν
1023 3905 1158 3957 Υίὸν
1184 3903 1375 3972 αὐτῆς
1419 3905 1526 3958 τὸν
1565 3906 1957 3972 πρωτότοκον.

391 3992 484 4044 Διὸ
515 3995 608 4046 καὶ
638 3995 697 4046 ἐν
724 3993 872 4065 αὑτῷ
896 3995 1119 4068 ἐκτίσθη
1144 3995 1212 4049 τά
1246 3996 1451 4060 πάντα,
1498 3997 1593 4050 καὶ
1625 3999 1682 4049 ἐν
1709 3996 1855 4068 αὐτῷ
1901 3997 1962 4050 τὸ

392 4082 563 4148 πάθος
584 4085 792 4154 γέγονε,
825 4089 918 4139 καὶ
941 4087 1100 4151 αὑτός
1129 4089 1275 4140 ἐστιν
1297 4091 1325 4140 ὁ
1354 4088 1720 4159 ὲλευθερωτὴς
1740 4089 1830 4142 τοῦ
1859 4089 1963 4142 πά-

390 4175 516 4241 θους
542 4178 636 4230 καὶ
660 4177 753 4231 τοῦ
783 4178 1036 4242 θανάτου,
1062 4180 1155 4234 καὶ
1175 4181 1241 4233 δι’
1267 4181 1429 4234 αὐτοῦ
1449 4181 1516 4234 τὰ
1546 4182 1720 4235 πάντα
1747 4183 1959 4250 γέγονε,

389 4267 487 4322 καὶ
519 4268 679 4332 αὐτός
707 4269 852 4322 ἐστιν
882 4273 915 4342 ὴ
941 4271 1151 4342 κεφαλὴ
1188 4270 1282 4324 τοῦ
1314 4270 1565 4342 σώματος
1596 4273 1696 4343 τῆς
1739 4273 1962 4346 Ἐκκλη-

391 4358 535 4424 ciae,
574 4359 632 4422 ὃς
664 4361 781 4414 ἐστι
810 4362 1149 4432 πρωτότοκος
1176 4363 1241 4416 ἐκ
1269 4365 1511 4436 νεκρῶν,
1546 4365 1648 4420 ἵνα
1693 4365 1956 4436 γένηται,

389 4449 579 4522 φησιν,
607 4451 678 4505 ἐν
713 4451 902 4508 πᾶσιν
931 4454 1113 4521 αὐτὸς
1140 4457 1462 4523 πρωτεύων.

463 4541 550 4606 16.
573 4543 697 4608 Πῶς
718 4540 812 4598 οὖν
840 4545 932 4599 τὸν
955 4546 1284 4618 δημιουργὸν
1317 4548 1426 4602 τῶν
1471 4549 1701 4619 λογικῶν
1741 4548 1956 4618 φύσεων

391 4634 565 4706 Λόγον
591 4635 799 4706 λέγετε,
835 4638 1012 4710 σάρκα
1045 4639 1221 4710 ἐαυτῷ
1256 4642 1692 4713 συγκεράσαντα,
1743 4640 1958 4708 λογικὸν

388 4725 673 4798 ἄνθρωπον
701 4730 1009 4799 γεγονέναι;
1060 4731 1155 4784 καὶ
1185 4731 1302 4795 πῶς
1333 4734 1598 4805 ἄτρεπτος
1653 4733 1750 4788 καὶ
1796 4734 1959 4788 ἀναλ-

390 4954 412 4996 ι
464 4867 690 4996 ἶιθΡειιΙ.
718 4887 828 4935 cxx,
867 4872 918 4926 1.
997 4873 1039 4904 ³⁸
1077 4872 1233 4928 Joan.
1274 4888 1404 4936 xvn,
1433 4873 1485 4927 5.

468 5028 578 5101 (t5)
619 5031 742 5099 Seg.
775 5031 1058 5100 Anglican.
1089 5043 1143 5088 et
1168 5033 1404 5088 Felckm.
1441 5034 1492 5096 1.
1519 5033 1677 5088 Θεοῦ.
1704 5033 1841 5088 Editi
1872 5051 1956 5091 ve-

394 5114 479 5174 ro,
507 5103 921 5174 ειοηλΧριστοῦ.
956 5104 1094 5157 Intra
1126 5103 1508 5172 Seguerianus,
1541 5114 1599 5158 ιιι
1647 5104 1770 5171 legit
1808 5104 1954 5159 Nan-

395 5170 1041 5251 nius-,stpog‘ﬁvfl‘iptonov,
1067 5182 1121 5228 et
1146 5170 1220 5228 ita
1246 5174 1528 5245 legendum
1556 5170 1784 5230 videtur.
1819 5175 1956 5230 Editi

393 5248 451 5295 et
481 5243 592 5301 alii,
626 5243 759 5312 πρὸς
787 5243 938 5296 Θεὸν.
1307 5243 1319 5245 ’

473 5311 579 5380 (14)
623 5314 769 5384 Οὔτε
786 5313 823 5380 ἡ
836 5314 1120 5384 νέκρωσις
1140 5313 1350 5382 καὶῖτοῦ
1365 5314 1699 5381 πνεύματος
1722 5315 1955 5384 ἀποχώο

387 5398 572 5454 gnari;
602 5383 761 5454 680:2
782 5384 900 5454 dab
927 5383 1217 5451 σώματος.
1260 5395 1362 5437 etc.
1399 5385 1489 5454 Sic
1511 5387 1633 5451 Sag.
1665 5387 1950 5454 Anglican.

392 5448 613 5526 Goliler.
641 5463 693 5505 et
727 5452 960 5526 Felckm.
992 5448 1048 5526 il.
1076 5454 1229 5526 _l£diti
1263 5469 1406 5526 vero,
1437 5453 1556 5506 οὔτε
1587 5448 1638 5524 ’νή
1691 5448 1958 5526 νέκρωσις

397 5519 745 5592 ἀποχώρησις
790 5523 944 5586 Θεοῦ,
984 5522 1016 5591 ἢ
1065 5524 1190 5590 ἀπό,
1224 5534 1329 5578 etc.
1376 5519 1688 5579 BasilicuSis
1735 5519 1954 5592 ibidem,

395 5589 752 5644 ἀπογώοισις.

473 5607 752 5661 εοχωρισις.

473 5660 584 5730 (15)
626 5660 696 5714 Ita
735 5661 855 5733 Seg.
887 5663 1091 5731 Anglic.
1129 5662 1283 5717 Gobl.
1317 5675 1366 5716 et
1401 5663 1635 5720 Felrkm.
1677 5667 1723 5720 1.
1760 5665 1813 5720 1η
1845 5665 1958 5720 edi-

396 5728 550 5784 tis'et
576 5736 785 5787 caneris
810 5728 1216 5804 inaltuscriptis,
1247 5733 1413 5797 οὕτως
1441 5738 1607 5801 deest.

1987 4471 2038 4530 Β

1581 4873 1625 4905 ³³
1657 4872 1814 4928 Joau.
1852 4891 1954 4941 xu,
1979 4875 2070 4931 28.
2151 4877 2196 4908 “
2235 4876 2396 4932 Hebr.
2439 4893 2478 4944 ι,
2507 4877 2563 4941 4,
2599 4877 2651 4932 5.

2057 1888 2222 1943 tentia
2249 1905 2373 1943 cum
2399 1898 2610 1958 peracta
2643 1889 2696 1942 in
2734 1889 2956 1945 Christo
2988 1895 3293 1946 oeconomia
3334 1910 3442 1947 nou
3486 1909 3623 1948 con-

2055 1982 2238 2037 sentit.
2268 1981 2333 2034 Et
2363 1981 2491 2035 illud
2525 1997 2538 2032 :
2576 1979 2708 2035 Sede
2746 1998 2778 2034 a
2809 1982 3009 2036 dextris
3050 1989 3175 2038 meis
3207 1985 3273 2050 ³¹,
3312 2000 3418 2039 non
3451 1986 3626 2042 homi-

2055 2073 2141 2128 nis
2169 2073 2405 2143 dignitas
2425 2082 2526 2138 est,
2560 2073 2651 2128 sed
2687 2073 2796 2126 Dei.
2845 2074 2910 2128 At
2937 2076 3372 2144 quamloquidcm
3422 2077 3511 2132 1ιεί
3544 2079 3627 2134 di-

2057 2162 2254 2232 gnitas,
2300 2162 2535 2216 hominis
2563 2161 2799 2231 dignitas
2827 2161 2964 2214 facta
2992 2172 3073 2216 est
3103 2181 3116 2229 ;
3165 2174 3220 2216 ut
3259 2163 3492 2219 hominis
3543 2163 3630 2218 di-

2054 2255 2234 2324 gnitas
2268 2254 2358 2307 Dei
2381 2254 2615 2324 dignitas
2652 2254 2982 2316 crederetur,
3017 2255 3220 2308 dictum
3265 2263 3390 2309 est:
3427 2253 3559 2310 Sede
3595 2273 3630 2309 ιι

2055 2345 2256 2398 dextris
2292 2344 2459 2396 meis:
2494 2351 2548 2398 ct
2577 2360 2591 2396 :
2634 2343 2888 2412 Cleri/ica
2938 2362 3039 2409 me,
3073 2344 3254 2409 l’aler,
3287 2357 3482 2400 wlerua
3512 2346 3628 2416 glo-

2056 2436 2141 2489 ria
2173 2437 2238 2488 ".
2267 2433 2376 2491 Nec
2399 2437 2502 2490 hoc
2524 2436 2676 2499 dicit,
2703 2438 2847 2506 quod
2894 2437 3063 2506 gloria
3108 2438 3354 2507 privatus
3397 2439 3496 2503 sit;
3533 2438 3628 2492 sed

2057 2529 2201 2598 quod
2229 2529 2282 2582 in
2318 2528 2552 2598 inglorio
2576 2543 2806 2598 corpore
2829 2529 3046 2598 degeret
3074 2545 3089 2594 ;
3126 2537 3184 2582 ut
3217 2529 3395 2597 palam
3427 2529 3630 2584 faceret

2057 2635 2166 2673 non
2190 2629 2490 2688 separatam
2519 2635 2549 2673 a
2589 2619 2770 2674 divina
2821 2619 2992 2689 gloria
3024 2635 3144 2675 esse
3183 2621 3322 2674 servi
3366 2617 3629 2685 formam,

2059 2710 2151 2764 sed
2179 2710 2425 2764 eamdem
2465 2709 2690 2779 gloriam
2729 2725 2837 2778 pra:
2871 2725 2928 2764 se
2951 2707 3110 2763 ferre.
3133 2709 3473 2778 Quapmpter
3504 2710 3580 2764 ait
3609 2728 3626 2763 :

2058 2801 2127 2854 Et
2154 2801 2466 2872 gloriﬁcavi,
2488 2813 2533 2854 et
2558 2817 2766 2854 rursum
2790 2800 3100 2871 gloriﬁcabo
3136 2800 3200 2852 ³³.
3237 2799 3434 2870 Sicque
3463 2816 3628 2855 unam

2057 2897 2432 2965 eamdemque,
2455 2905 2508 2950 et
2524 2904 2647 2951 ante
2662 2911 2862 2964 corpus
2883 2904 3244 2965 assumptum,
3264 2907 3316 2950 ct
3337 2896 3387 2948 in
3401 2909 3632 2963 corpore

2059 2989 2284 3058 gloriam
2317 2987 2486 3042 fuisse
2509 2987 2766 3050 ostendit,
2792 2995 2851 3040 ut
2873 2987 2949 3040 ait
2968 2988 3260 3056 Apostolus
3287 3005 3302 3041 :
3339 2986 3507 3041 Tanto
3527 3003 3633 3043 me-

2060 3081 2164 3134 lior
2191 3078 2389 3149 angelis
2412 3079 2647 3148 eﬁ‘ectus,
2671 3089 2866 3149 quanto
2904 3079 3240 3132 excellentius
3265 3095 3374 3148 prae
3402 3079 3508 3132 illis
3531 3095 3630 3132 no-

2061 3188 2174 3226 men
2205 3172 2558 3226 Itazreditavit.
2593 3169 2693 3224 Cui
2730 3171 2870 3223 enim
2906 3166 3040 3224 diiit
3084 3171 3372 3240 aliquando
3421 3170 3635 3242 angelo-

2060 3281 2177 3319 rum
2205 3279 2224 3317 :
2277 3262 2407 3319 Sede
2452 3281 2484 3319 a
2521 3264 2722 3318 dextris
2759 3265 2886 3317 meis
2911 3264 2996 3316 “1'
3024 3262 3133 3318 Nec
3163 3279 3294 3319 sane
3315 3265 3630 3335 angelorum

2060 3353 2239 3424 opifex
2272 3352 2532 3418 Verbum,
2599 3355 2792 3409 melius
2821 3353 3019 3409 factum
3045 3364 3149 3419 est,
3198 3357 3353 3425 quasi
3405 3356 3632 3412 inferius

2060 3459 2185 3501 ante
2215 3445 2408 3501 fuisset
2439 3463 2451 3498 :
2486 3445 2578 3500 sed
2615 3446 2668 3499 iu
2707 3462 2765 3501 se
2802 3456 2978 3500 ortam
3011 3448 3152 3501 servi
3196 3447 3424 3501 formam
3463 3464 3632 3517 ange-

2061 3539 2151 3602 lis,
2184 3539 2275 3593 sed
2305 3540 2506 3607 potius,
2541 3538 2689 3592 omni
2729 3548 2979 3594 creatura
3015 3540 3445 3609 praestantiorem
3471 3542 3632 3594 exhi-

2062 3628 2180 3683 buit
2211 3647 2223 3682 :
2256 3628 2695 3697 quandoquidem
2723 3643 2847 3682 cum
2885 3629 3064 3697 imago
3098 3640 3242 3685 esset
3264 3629 3353 3684 Dei
3389 3631 3634 3706 invisibif

2061 3718 2149 3781 lis,
2188 3717 2586 3786 primo-genitus
2635 3719 2816 3772 oumis
2867 3727 3130 3774 creaturae
3165 3719 3365 3774 factum
3422 3730 3543 3785 est,
3573 3730 3635 3776 ut

2061 3811 2320 3879 scriptum
2354 3809 2516 3879 760
2539 3818 2622 3863 est
2649 3809 2700 3861 in
2735 3808 3037 3879 Evangeliis
3063 3827 3078 3862 :
3116 3811 3286 3865 Donec
3312 3814 3507 3880 peperit
3535 3811 3634 3866 Fi-

2061 3901 2193 3954 lium
2222 3915 2374 3953 suum
2395 3900 2799 3969 primogenitum
2825 3900 2890 3954 ³⁵.
2921 3899 3044 3954 Ideo
3073 3901 3124 3954 iu
3153 3902 3270 3969 ipso
3296 3912 3476 3956 creata
3504 3911 3635 3957 sunt

2062 3994 2264 4052 omnia,
2295 3992 2350 4044 in
2376 3991 2494 4060 ipso
2545 3992 2727 4059 passio
2780 3992 2956 4046 locum
3015 3992 3247 4046 habuit:
3300 3994 3521 4066 ipseque
3547 4003 3634 4048 est

2061 4085 2154 4153 qui
2182 4099 2212 4137 a
2244 4083 2497 4152 passione
2525 4092 2577 4137 et
2605 4092 2778 4137 morte
2809 4083 3023 4139 liberat.
3073 4083 3268 4137 Omnia
3324 4099 3417 4154 per
3450 4085 3630 4155 ipsum

2061 4173 2201 4228 facta
2236 4186 2383 4239 sunt,
2409 4182 2464 4229 et
2491 4175 2605 4240 ipse
2631 4184 2716 4228 est
2750 4186 2912 4242 caput
2941 4177 3190 4245 corpoz'is
3220 4176 3494 4241 Ecclesiae,
3533 4176 3630 4246 qui

2062 4271 2144 4319 est
2176 4265 2570 4335 primogenitus
2601 4281 2668 4320 ex
2692 4267 2941 4332 min-tuis,
2966 4278 3023 4321 ut
3050 4268 3117 4321 sit
3149 4269 3202 4321 in
3232 4267 3475 4324 omnibus
3497 4309 3513 4336 ,
3549 4269 3633 4323 in-

2061 4356 2199 4426 quit,
2234 4357 2341 4427 ipse
2362 4359 2648 4427 primatum
2675 4367 2851 4412 tenens
2883 4359 2951 4416 ³⁸.

2138 4556 2222 4611 16.
2257 4555 2368 4611 Cur
2391 4556 2571 4626 itaque
2593 4559 2940 4613 rationalium
2983 4569 3298 4616 naturarum
3334 4572 3632 4618 creatorem

2067 4645 2324 4708 Verbum,
2358 4648 2536 4702 dicitis
2561 4663 2779 4702 carnem
2827 4651 2928 4704 sibi
2979 4652 3080 4719 ipsi
3110 4653 3545 4719 commiscuissc,
3575 4665 3631 4706 et

2068 4740 2385 4795 rationalem
2442 4742 2717 4796 hominem
2772 4741 2974 4798 factum
3031 4744 3194 4798 esse?
3246 4753 3300 4798 et
3356 4745 3632 4814 quomodo

2759 4878 2802 4910 ³⁸
2841 4878 3028 4932 Matth.
3067 4893 3105 4940 ι,
3138 4878 3230 4932 9.5.
3333 4878 3379 4910 ⁸⁸
3415 4879 3628 4938 Coloss.

2133 5039 2245 5110 (16)
2285 5039 2670 5109 Seguerianus,
2695 5040 2997 5110 ἀνίσταται.

2134 5107 2245 5178 (17)
2287 5107 2383 5163 Ita"
2407 5110 2630 5179 Seguer.
2662 5111 2943 5177 Anglican.
2979 5107 3194 5179 Gobicr.
3229 5117 3282 5163 et
3312 5109 3547 5179 Felckm.
3577 5111 3628 5168 1.

2063 5177 2202 5252 Editi
2230 5177 2300 5234 et
2347 5177 2543 5252 cmterir
2575 5179 2951 5248 manuscripti,
2984 5178 3070 5230 ἵνα
3100 5178 3160 5230 τὸ
3195 5179 3289 5232 τοῦ
3340 5178 3630 5252 ἀνθρώπου

2063 5251 2278 5318 ἀξίωμα
2305 5249 2570 5319 πιστωθῇἸ

2133 5317 2243 5388 (18)
2283 5320 2439 5373 Gohl.
2477 5317 2793 5372 c-t‘Felckm.
2829 5318 2878 5380 1,
2922 5317 3194 5389 τοσοῦτον.
3236 5318 3357 5373 Mox
3397 5317 3624 5389 Segucr.

2062 5387 2185 5462 cum
2205 5389 2392 5462 Graeco
2412 5390 2897 5462 Scripturaehtextu,
2917 5388 3026 5459 ὅσῳ
3051 5387 3297 5462 i_Seguer.
3323 5387 3490 5452 addit,
3515 5389 3632 5462 καί)

2062 5457 2475 5529 διαφορώτερον.
2494 5456 2670 5529 _Ei|iti,
2699 5456 3260 5529 aaovotaoo‘ptbfcspov.

2135 5527 2244 5598 (l9)
2286 5527 2672 5599 Seguerianus,
2722 5527 3274 5599 κρείττωνίγέγονεν,
3327 5527 3404 5592 ὡς
3453 5528 3633 5599 ἥττων

2063 5595 2158 5658 ὢν,
2188 5595 2239 5651 οι
2289 5599 2369 5651 sic
2427 5598 2552 5666 legit
2602 5595 2862 5654 Nannius.
2912 5599 3074 5664 Editi,
3100 5595 3364 5669 κρείττων
3395 5595 3633 5666 γεγονὼς

2065 5669 2321 5739 ἡττόνων,
2356 5671 2630 5724 mendose.
