  <div class='ocr_page' id='page_1' title='image "/cluster/home/n/w/nwhite01/storage/ocr_20150623/26/nnc1.0046978577/012.png"; bbox 0 0 3850 6218; ppageno 0'>
   <div class='ocr_carea' id='block_1_1' title="bbox 194 269 3468 357">
    <p class='ocr_par' dir='ltr' id='par_1_1' title="bbox 198 273 3464 353">
     <span class='ocr_line' id='line_1_1' title="bbox 236 280 1203 293; baseline 0.005 -5"><span class='ocrx_word' id='word_1_1' title='bbox 236 280 1203 293; x_wconf 62' lang='lat'><strong><em>-.___________.-_____</em></strong></span> 
     </span>
     <span class='ocr_line' id='line_1_2' title="bbox 3120 298 3353 305; baseline 0 -1"><span class='ocrx_word' id='word_1_2' title='bbox 3120 298 3353 305; x_wconf 43' lang='grc' dir='ltr'><strong><em>..η-..φ</em></strong></span> 
     </span>
     <span class='ocr_line' id='line_1_3' title="bbox 198 273 3464 353; baseline 0.005 -28"><span class='ocrx_word' id='word_1_3' title='bbox 1580 317 1817 323; x_wconf 43' lang='grc' dir='ltr'><strong>ἢ</strong></span> <span class='ocrx_word' id='word_1_4' title='bbox 1828 318 2223 326; x_wconf 52' lang='grc' dir='ltr'>Μ</span> <span class='ocrx_word' id='word_1_5' title='bbox 2374 322 2617 329; x_wconf 52' lang='grc' dir='ltr'>μμ</span> <span class='ocrx_word' id='word_1_6' title='bbox 2624 324 3027 331; x_wconf 58' lang='grc' dir='ltr'>Μ</span> 
     </span>
    </p>
   </div>
   <div class='ocr_carea' id='block_1_2' title="bbox 1437 466 2256 586">
    <p class='ocr_par' dir='ltr' id='par_1_2' title="bbox 1437 466 2256 586">
     <span class='ocr_line' id='line_1_4' title="bbox 1437 466 2256 586; baseline 0.006 -5"><span class='ocrx_word' id='word_1_7' title='bbox 1437 466 2256 586; x_wconf 83' lang='grc' dir='ltr'><strong><em>ΑΒΜΟΝΙΤΙΟ</em></strong></span> 
     </span>
    </p>
   </div>
   <div class='ocr_carea' id='block_1_3' title="bbox 450 697 3176 850">
    <p class='ocr_par' dir='ltr' id='par_1_3' title="bbox 450 697 3176 850">
     <span class='ocr_line' id='line_1_5' title="bbox 450 697 3176 850; baseline 0.007 -62"><span class='ocrx_word' id='word_1_8' title='bbox 450 699 588 850; x_wconf 16' lang='grc' dir='ltr'><strong><em>ΙΝ.</em></strong></span> <span class='ocrx_word' id='word_1_9' title='bbox 661 697 1238 808; x_wconf 82' lang='lat' dir='ltr'><strong><em>QUATUOR</em></strong></span> <span class='ocrx_word' id='word_1_10' title='bbox 1311 699 2021 798; x_wconf 81' lang='lat' dir='ltr'><strong><em>ORATIONES</em></strong></span> <span class='ocrx_word' id='word_1_11' title='bbox 2091 706 2573 801; x_wconf 80' lang='lat' dir='ltr'><strong><em>CONTRA</em></strong></span> <span class='ocrx_word' id='word_1_12' title='bbox 2642 711 3176 809; x_wconf 83' lang='lat' dir='ltr'><strong><em>ABIANOS</em></strong></span> 
     </span>
    </p>
   </div>
   <div class='ocr_carea' id='block_1_4' title="bbox 257 1059 3474 1136">
    <p class='ocr_par' dir='ltr' id='par_1_4' title="bbox 257 1059 3474 1136">
     <span class='ocr_line' id='line_1_6' title="bbox 257 1059 3474 1136; baseline 0.001 -21"><span class='ocrx_word' id='word_1_13' title='bbox 257 1059 427 1134; x_wconf 73' lang='lat'><strong><em>318</em></strong></span> <span class='ocrx_word' id='word_1_14' title='bbox 451 1059 495 1116; x_wconf 88' lang='lat' dir='ltr'><strong><em>l.</em></strong></span> <span class='ocrx_word' id='word_1_15' title='bbox 516 1060 776 1117; x_wconf 76' lang='lat' dir='ltr'><strong><em>Historia:</em></strong></span> <span class='ocrx_word' id='word_1_16' title='bbox 795 1063 1124 1116; x_wconf 78' lang='lat' dir='ltr'><strong><em>Arianorum</em></strong></span> <span class='ocrx_word' id='word_1_17' title='bbox 1143 1063 1212 1116; x_wconf 88' lang='lat' dir='ltr'><strong><em>ad</em></strong></span> <span class='ocrx_word' id='word_1_18' title='bbox 1233 1063 1514 1117; x_wconf 78' lang='lat' dir='ltr'><strong><em>monachos</em></strong></span> <span class='ocrx_word' id='word_1_19' title='bbox 1535 1081 1566 1117; x_wconf 93' lang='lat' dir='ltr'><strong><em>a</em></strong></span> <span class='ocrx_word' id='word_1_20' title='bbox 1587 1063 1648 1118; x_wconf 91' lang='lat' dir='ltr'><strong><em>S.</em></strong></span> <span class='ocrx_word' id='word_1_21' title='bbox 1681 1064 1980 1120; x_wconf 72' lang='lat' dir='ltr'><strong><em>Athanasio</em></strong></span> <span class='ocrx_word' id='word_1_22' title='bbox 2005 1065 2180 1119; x_wconf 70' lang='lat' dir='ltr'><strong><em>missae</em></strong></span> <span class='ocrx_word' id='word_1_23' title='bbox 2201 1064 2516 1136; x_wconf 86' lang='lat' dir='ltr'><strong><em>subjungere</em></strong></span> <span class='ocrx_word' id='word_1_24' title='bbox 2531 1065 2698 1119; x_wconf 76' lang='lat' dir='ltr'><strong><em>visum</em></strong></span> <span class='ocrx_word' id='word_1_25' title='bbox 2723 1073 2798 1118; x_wconf 91' lang='lat' dir='ltr'><strong><em>est</em></strong></span> <span class='ocrx_word' id='word_1_26' title='bbox 2828 1074 3056 1135; x_wconf 80' lang='lat' dir='ltr'><strong><em>quatuor</em></strong></span> <span class='ocrx_word' id='word_1_27' title='bbox 3071 1063 3334 1120; x_wconf 88' lang='lat' dir='ltr'><strong><em>orationes</em></strong></span> <span class='ocrx_word' id='word_1_28' title='bbox 3348 1079 3474 1118; x_wconf 87' lang='lat' dir='ltr'><strong><em>con-</em></strong></span> 
     </span>
    </p>
   </div>
   <div class='ocr_carea' id='block_1_5' title="bbox 193 1152 3473 1229">
    <p class='ocr_par' dir='ltr' id='par_1_5' title="bbox 193 1152 3473 1229">
     <span class='ocr_line' id='line_1_7' title="bbox 193 1152 3473 1229; baseline 0 -21"><span class='ocrx_word' id='word_1_29' title='bbox 193 1162 279 1208; x_wconf 89' lang='lat' dir='ltr'><strong><em>tra</em></strong></span> <span class='ocrx_word' id='word_1_30' title='bbox 303 1155 560 1210; x_wconf 83' lang='lat' dir='ltr'><strong><em>Arianos.</em></strong></span> <span class='ocrx_word' id='word_1_31' title='bbox 596 1152 843 1224; x_wconf 83' lang='lat' dir='ltr'><strong><em>Namque</em></strong></span> <span class='ocrx_word' id='word_1_32' title='bbox 880 1156 948 1220; x_wconf 91' lang='lat' dir='ltr'><strong><em>si,</em></strong></span> <span class='ocrx_word' id='word_1_33' title='bbox 973 1166 1033 1208; x_wconf 85' lang='lat' dir='ltr'><strong><em>ut</em></strong></span> <span class='ocrx_word' id='word_1_34' title='bbox 1056 1155 1432 1210; x_wconf 88' lang='lat' dir='ltr'><strong><em>nonnullorum</em></strong></span> <span class='ocrx_word' id='word_1_35' title='bbox 1455 1167 1530 1210; x_wconf 89' lang='lat' dir='ltr'><strong><em>est</em></strong></span> <span class='ocrx_word' id='word_1_36' title='bbox 1562 1159 1843 1224; x_wconf 79' lang='lat' dir='ltr'><strong><em>sententia,</em></strong></span> <span class='ocrx_word' id='word_1_37' title='bbox 1872 1159 1966 1211; x_wconf 90' lang='lat' dir='ltr'><strong><em>hoc</em></strong></span> <span class='ocrx_word' id='word_1_38' title='bbox 1980 1164 2154 1229; x_wconf 85' lang='lat' dir='ltr'><strong><em>ipsum</em></strong></span> <span class='ocrx_word' id='word_1_39' title='bbox 2173 1174 2302 1229; x_wconf 85' lang='lat' dir='ltr'><strong><em>opus</em></strong></span> <span class='ocrx_word' id='word_1_40' title='bbox 2317 1167 2396 1213; x_wconf 92' lang='lat' dir='ltr'><strong><em>est</em></strong></span> <span class='ocrx_word' id='word_1_41' title='bbox 2423 1159 2561 1228; x_wconf 90' lang='lat' dir='ltr'><strong><em>quod</em></strong></span> <span class='ocrx_word' id='word_1_42' title='bbox 2581 1173 2686 1213; x_wconf 90' lang='lat' dir='ltr'><strong><em>una</em></strong></span> <span class='ocrx_word' id='word_1_43' title='bbox 2722 1173 2844 1211; x_wconf 89' lang='lat' dir='ltr'><strong><em>cum</em></strong></span> <span class='ocrx_word' id='word_1_44' title='bbox 2877 1159 3198 1212; x_wconf 82' lang='lat' dir='ltr'><strong><em>Arianorum</em></strong></span> <span class='ocrx_word' id='word_1_45' title='bbox 3227 1155 3473 1211; x_wconf 76' lang='lat' dir='ltr'><strong><em>Historia</em></strong></span> 
     </span>
    </p>
   </div>
   <div class='ocr_carea' id='block_1_6' title="bbox 188 1249 3470 1323">
    <p class='ocr_par' dir='ltr' id='par_1_6' title="bbox 188 1249 3470 1323">
     <span class='ocr_line' id='line_1_8' title="bbox 188 1249 3470 1323; baseline -0 -18"><span class='ocrx_word' id='word_1_46' title='bbox 188 1251 258 1305; x_wconf 87' lang='lat' dir='ltr'><strong><em>ad</em></strong></span> <span class='ocrx_word' id='word_1_47' title='bbox 283 1251 568 1305; x_wconf 90' lang='lat' dir='ltr'><strong><em>monachos</em></strong></span> <span class='ocrx_word' id='word_1_48' title='bbox 611 1251 756 1306; x_wconf 84' lang='lat' dir='ltr'><strong><em>misit</em></strong></span> <span class='ocrx_word' id='word_1_49' title='bbox 787 1249 846 1306; x_wconf 89' lang='lat' dir='ltr'><strong><em>S.</em></strong></span> <span class='ocrx_word' id='word_1_50' title='bbox 873 1252 1222 1315; x_wconf 81' lang='lat' dir='ltr'><strong><em>Athanasius,</em></strong></span> <span class='ocrx_word' id='word_1_51' title='bbox 1253 1254 1498 1323; x_wconf 85' lang='lat' dir='ltr'><strong><em>proprius</em></strong></span> <span class='ocrx_word' id='word_1_52' title='bbox 1520 1253 1604 1306; x_wconf 90' lang='lat' dir='ltr'><strong><em>hic</em></strong></span> <span class='ocrx_word' id='word_1_53' title='bbox 1627 1254 1741 1322; x_wconf 85' lang='lat' dir='ltr'><strong><em>ejus</em></strong></span> <span class='ocrx_word' id='word_1_54' title='bbox 1763 1253 1909 1309; x_wconf 88' lang='lat' dir='ltr'><strong><em>locus</em></strong></span> <span class='ocrx_word' id='word_1_55' title='bbox 1932 1263 2030 1309; x_wconf 89' lang='lat' dir='ltr'><strong><em>est.</em></strong></span> <span class='ocrx_word' id='word_1_56' title='bbox 2055 1253 2158 1308; x_wconf 84' lang='lat' dir='ltr'><strong><em>Sed</em></strong></span> <span class='ocrx_word' id='word_1_57' title='bbox 2188 1255 2346 1307; x_wconf 89' lang='lat' dir='ltr'><strong><em>sialii</em></strong></span> <span class='ocrx_word' id='word_1_58' title='bbox 2380 1253 2706 1322; x_wconf 83' lang='lat' dir='ltr'><strong><em>probabilius</em></strong></span> <span class='ocrx_word' id='word_1_59' title='bbox 2727 1252 3025 1306; x_wconf 85' lang='lat' dir='ltr'><strong><em>existiment</em></strong></span> <span class='ocrx_word' id='word_1_60' title='bbox 3043 1251 3168 1305; x_wconf 88' lang='lat' dir='ltr'><strong><em>illas</em></strong></span> <span class='ocrx_word' id='word_1_61' title='bbox 3207 1251 3470 1305; x_wconf 87' lang='lat' dir='ltr'><strong><em>orationes</em></strong></span> 
     </span>
    </p>
   </div>
   <div class='ocr_carea' id='block_1_7' title="bbox 188 1340 3467 1410">
    <p class='ocr_par' dir='ltr' id='par_1_7' title="bbox 188 1340 3467 1410">
     <span class='ocr_line' id='line_1_9' title="bbox 188 1340 3467 1410; baseline 0.001 -16"><span class='ocrx_word' id='word_1_62' title='bbox 188 1341 328 1395; x_wconf 87' lang='lat' dir='ltr'><strong><em>alias</em></strong></span> <span class='ocrx_word' id='word_1_63' title='bbox 353 1340 511 1410; x_wconf 83' lang='lat' dir='ltr'><strong><em>plane</em></strong></span> <span class='ocrx_word' id='word_1_64' title='bbox 531 1357 642 1396; x_wconf 89' lang='lat' dir='ltr'><strong><em>esse</em></strong></span> <span class='ocrx_word' id='word_1_65' title='bbox 670 1340 735 1394; x_wconf 93' lang='lat' dir='ltr'><strong><em>ab</em></strong></span> <span class='ocrx_word' id='word_1_66' title='bbox 759 1356 907 1409; x_wconf 89' lang='lat' dir='ltr'><strong><em>opere</em></strong></span> <span class='ocrx_word' id='word_1_67' title='bbox 935 1342 1004 1394; x_wconf 89' lang='lat' dir='ltr'><strong><em>ad</em></strong></span> <span class='ocrx_word' id='word_1_68' title='bbox 1031 1341 1312 1394; x_wconf 87' lang='lat' dir='ltr'><strong><em>monachos</em></strong></span> <span class='ocrx_word' id='word_1_69' title='bbox 1346 1343 1541 1396; x_wconf 89' lang='lat' dir='ltr'><strong><em>misso:</em></strong></span> <span class='ocrx_word' id='word_1_70' title='bbox 1581 1359 1672 1396; x_wconf 91' lang='lat' dir='ltr'><strong><em>nec</em></strong></span> <span class='ocrx_word' id='word_1_71' title='bbox 1705 1343 1902 1396; x_wconf 79' lang='lat' dir='ltr'><strong><em>idcirco</em></strong></span> <span class='ocrx_word' id='word_1_72' title='bbox 1939 1345 2271 1400; x_wconf 83' lang='lat' dir='ltr'><strong><em>incommode</em></strong></span> <span class='ocrx_word' id='word_1_73' title='bbox 2289 1345 2372 1398; x_wconf 86' lang='lat' dir='ltr'><strong><em>hic</em></strong></span> <span class='ocrx_word' id='word_1_74' title='bbox 2399 1344 2754 1398; x_wconf 84' lang='lat' dir='ltr'><strong><em>collocantur.</em></strong></span> <span class='ocrx_word' id='word_1_75' title='bbox 2785 1342 2921 1398; x_wconf 85' lang='lat' dir='ltr'><strong><em>Cum</em></strong></span> <span class='ocrx_word' id='word_1_76' title='bbox 2956 1343 3097 1397; x_wconf 90' lang='lat' dir='ltr'><strong><em>enim</em></strong></span> <span class='ocrx_word' id='word_1_77' title='bbox 3121 1352 3319 1398; x_wconf 84' lang='lat' dir='ltr'><strong><em>constet</em></strong></span> <span class='ocrx_word' id='word_1_78' title='bbox 3354 1361 3467 1398; x_wconf 58' lang='lat' dir='ltr'><strong><em>eas:</em></strong></span> 
     </span>
    </p>
   </div>
   <div class='ocr_carea' id='block_1_8' title="bbox 185 1433 3468 1508">
    <p class='ocr_par' dir='ltr' id='par_1_8' title="bbox 185 1433 3468 1508">
     <span class='ocr_line' id='line_1_10' title="bbox 185 1433 3468 1508; baseline 0.001 -21"><span class='ocrx_word' id='word_1_79' title='bbox 185 1444 303 1505; x_wconf 92' lang='lat' dir='ltr'><strong><em>post</em></strong></span> <span class='ocrx_word' id='word_1_80' title='bbox 327 1434 592 1488; x_wconf 86' lang='lat' dir='ltr'><strong><em>intrusum</em></strong></span> <span class='ocrx_word' id='word_1_81' title='bbox 623 1433 926 1506; x_wconf 84' lang='lat' dir='ltr'><strong><em>Georgium,</em></strong></span> <span class='ocrx_word' id='word_1_82' title='bbox 949 1453 984 1489; x_wconf 96' lang='lat' dir='ltr'><strong><em>a</em></strong></span> <span class='ocrx_word' id='word_1_83' title='bbox 1013 1433 1072 1490; x_wconf 90' lang='lat' dir='ltr'><strong><em>S.</em></strong></span> <span class='ocrx_word' id='word_1_84' title='bbox 1110 1436 1410 1490; x_wconf 81' lang='lat' dir='ltr'><strong><em>Athanasio</em></strong></span> <span class='ocrx_word' id='word_1_85' title='bbox 1437 1437 1492 1489; x_wconf 91' lang='lat' dir='ltr'><strong><em>in</em></strong></span> <span class='ocrx_word' id='word_1_86' title='bbox 1512 1436 1798 1491; x_wconf 81' lang='lat' dir='ltr'><strong><em>solitudine</em></strong></span> <span class='ocrx_word' id='word_1_87' title='bbox 1826 1446 1936 1490; x_wconf 89' lang='lat' dir='ltr'><strong><em>tum</em></strong></span> <span class='ocrx_word' id='word_1_88' title='bbox 1961 1438 2175 1508; x_wconf 84' lang='lat' dir='ltr'><strong><em>degente</em></strong></span> <span class='ocrx_word' id='word_1_89' title='bbox 2194 1455 2306 1492; x_wconf 89' lang='lat' dir='ltr'><strong><em>esse</em></strong></span> <span class='ocrx_word' id='word_1_90' title='bbox 2329 1447 2651 1504; x_wconf 81' lang='lat' dir='ltr'><strong><em>compositas</em></strong></span> <span class='ocrx_word' id='word_1_91' title='bbox 2677 1452 2695 1490; x_wconf 89' lang='lat'><strong><em>.&#39;</em></strong></span> <span class='ocrx_word' id='word_1_92' title='bbox 2718 1444 2887 1506; x_wconf 82' lang='lat' dir='ltr'><strong><em>potest</em></strong></span> <span class='ocrx_word' id='word_1_93' title='bbox 2911 1436 3091 1506; x_wconf 86' lang='lat' dir='ltr'><strong><em>utique</em></strong></span> <span class='ocrx_word' id='word_1_94' title='bbox 3111 1436 3228 1505; x_wconf 84' lang='lat' dir='ltr'><strong><em>ﬁeri</em></strong></span> <span class='ocrx_word' id='word_1_95' title='bbox 3262 1444 3320 1489; x_wconf 89' lang='lat' dir='ltr'><strong><em>ut</em></strong></span> <span class='ocrx_word' id='word_1_96' title='bbox 3343 1436 3468 1490; x_wconf 88' lang='lat' dir='ltr'><strong><em>illas</em></strong></span> 
     </span>
    </p>
   </div>
   <div class='ocr_carea' id='block_1_9' title="bbox 188 1525 3466 1598">
    <p class='ocr_par' dir='ltr' id='par_1_9' title="bbox 188 1525 3466 1598">
     <span class='ocr_line' id='line_1_11' title="bbox 188 1525 3466 1598; baseline -0.001 -18"><span class='ocrx_word' id='word_1_97' title='bbox 188 1526 399 1580; x_wconf 82' lang='lat' dir='ltr'><strong><em>nonnisi</em></strong></span> <span class='ocrx_word' id='word_1_98' title='bbox 425 1535 540 1595; x_wconf 89' lang='lat' dir='ltr'><strong><em>post</em></strong></span> <span class='ocrx_word' id='word_1_99' title='bbox 561 1525 839 1595; x_wconf 75' lang='lat' dir='ltr'><strong><em>epistolam</em></strong></span> <span class='ocrx_word' id='word_1_100' title='bbox 869 1536 1162 1598; x_wconf 61' lang='lat' dir='ltr'><strong><em>ceteraque</em></strong></span> <span class='ocrx_word' id='word_1_101' title='bbox 1193 1529 1262 1580; x_wconf 91' lang='lat' dir='ltr'><strong><em>ad</em></strong></span> <span class='ocrx_word' id='word_1_102' title='bbox 1291 1527 1574 1581; x_wconf 87' lang='lat' dir='ltr'><strong><em>monachos</em></strong></span> <span class='ocrx_word' id='word_1_103' title='bbox 1605 1529 1769 1582; x_wconf 87' lang='lat' dir='ltr'><strong><em>missa</em></strong></span> <span class='ocrx_word' id='word_1_104' title='bbox 1793 1543 1950 1596; x_wconf 86' lang='lat' dir='ltr'><strong><em>opera</em></strong></span> <span class='ocrx_word' id='word_1_105' title='bbox 1975 1531 2246 1598; x_wconf 88' lang='lat' dir='ltr'><strong><em>scripserit</em></strong></span> <span class='ocrx_word' id='word_1_106' title='bbox 2267 1545 2286 1593; x_wconf 92' lang='lat'><strong><em>;</em></strong></span> <span class='ocrx_word' id='word_1_107' title='bbox 2311 1545 2436 1582; x_wconf 90' lang='lat' dir='ltr'><strong><em>nam</em></strong></span> <span class='ocrx_word' id='word_1_108' title='bbox 2477 1544 2580 1597; x_wconf 90' lang='lat' dir='ltr'><strong><em>quo</em></strong></span> <span class='ocrx_word' id='word_1_109' title='bbox 2610 1527 2822 1598; x_wconf 78' lang='lat' dir='ltr'><strong><em>deﬁnite</em></strong></span> <span class='ocrx_word' id='word_1_110' title='bbox 2845 1543 2986 1581; x_wconf 86' lang='lat' dir='ltr'><strong><em>anno</em></strong></span> <span class='ocrx_word' id='word_1_111' title='bbox 3009 1525 3323 1594; x_wconf 75' lang='lat' dir='ltr'><strong><em>conscripta:</em></strong></span> <span class='ocrx_word' id='word_1_112' title='bbox 3349 1525 3466 1593; x_wconf 81' lang='lat' dir='ltr'><strong><em>[ue-</em></strong></span> 
     </span>
    </p>
   </div>
   <div class='ocr_carea' id='block_1_10' title="bbox 187 1619 3468 1693">
    <p class='ocr_par' dir='ltr' id='par_1_10' title="bbox 187 1619 3468 1693">
     <span class='ocr_line' id='line_1_12' title="bbox 187 1619 3468 1693; baseline -0.001 -19"><span class='ocrx_word' id='word_1_113' title='bbox 187 1621 316 1689; x_wconf 83' lang='lat' dir='ltr'><strong><em>rint,</em></strong></span> <span class='ocrx_word' id='word_1_114' title='bbox 356 1630 496 1674; x_wconf 91' lang='lat' dir='ltr'><strong><em>certo</em></strong></span> <span class='ocrx_word' id='word_1_115' title='bbox 521 1621 629 1674; x_wconf 90' lang='lat' dir='ltr'><strong><em>dici</em></strong></span> <span class='ocrx_word' id='word_1_116' title='bbox 652 1635 754 1675; x_wconf 89' lang='lat' dir='ltr'><strong><em>non</em></strong></span> <span class='ocrx_word' id='word_1_117' title='bbox 777 1631 966 1690; x_wconf 84' lang='lat' dir='ltr'><strong><em>potest.</em></strong></span> <span class='ocrx_word' id='word_1_118' title='bbox 999 1621 1102 1676; x_wconf 91' lang='lat' dir='ltr'><strong><em>Sed</em></strong></span> <span class='ocrx_word' id='word_1_119' title='bbox 1124 1623 1189 1675; x_wconf 90' lang='lat' dir='ltr'><strong><em>de</em></strong></span> <span class='ocrx_word' id='word_1_120' title='bbox 1209 1623 1290 1677; x_wconf 90' lang='lat' dir='ltr'><strong><em>his</em></strong></span> <span class='ocrx_word' id='word_1_121' title='bbox 1323 1622 1495 1692; x_wconf 82' lang='lat' dir='ltr'><strong><em>fusius</em></strong></span> <span class='ocrx_word' id='word_1_122' title='bbox 1524 1622 1580 1674; x_wconf 92' lang='lat' dir='ltr'><strong><em>in</em></strong></span> <span class='ocrx_word' id='word_1_123' title='bbox 1623 1619 1948 1690; x_wconf 65' lang='lat' dir='ltr'><strong><em>Prefatione</em></strong></span> <span class='ocrx_word' id='word_1_124' title='bbox 1983 1623 2246 1693; x_wconf 84' lang='lat' dir='ltr'><strong><em>generali:</em></strong></span> <span class='ocrx_word' id='word_1_125' title='bbox 2277 1633 2469 1677; x_wconf 67' lang='lat' dir='ltr'><strong><em>caetera</em></strong></span> <span class='ocrx_word' id='word_1_126' title='bbox 2500 1638 2660 1692; x_wconf 87' lang='lat' dir='ltr'><strong><em>nunc,</em></strong></span> <span class='ocrx_word' id='word_1_127' title='bbox 2687 1637 2804 1693; x_wconf 75' lang='lat' dir='ltr'><strong><em>qua:</em></strong></span> <span class='ocrx_word' id='word_1_128' title='bbox 2827 1622 2896 1675; x_wconf 86' lang='lat' dir='ltr'><strong><em>ad</em></strong></span> <span class='ocrx_word' id='word_1_129' title='bbox 2929 1620 3074 1690; x_wconf 81' lang='lat' dir='ltr'><strong><em>ipsas</em></strong></span> <span class='ocrx_word' id='word_1_130' title='bbox 3096 1620 3321 1674; x_wconf 86' lang='lat' dir='ltr'><strong><em>attinent</em></strong></span> <span class='ocrx_word' id='word_1_131' title='bbox 3344 1635 3468 1673; x_wconf 83' lang='lat' dir='ltr'><strong><em>ora-</em></strong></span> 
     </span>
    </p>
   </div>
   <div class='ocr_carea' id='block_1_11' title="bbox 187 1715 803 1784">
    <p class='ocr_par' dir='ltr' id='par_1_11' title="bbox 187 1715 803 1784">
     <span class='ocr_line' id='line_1_13' title="bbox 187 1715 803 1784; baseline -0.002 -16"><span class='ocrx_word' id='word_1_132' title='bbox 187 1715 376 1778; x_wconf 87' lang='lat' dir='ltr'><strong><em>tiones,</em></strong></span> <span class='ocrx_word' id='word_1_133' title='bbox 401 1729 803 1784; x_wconf 85' lang='lat' dir='ltr'><strong><em>prosequamur.</em></strong></span> 
     </span>
    </p>
   </div>
   <div class='ocr_carea' id='block_1_12' title="bbox 249 1807 3468 1882">
    <p class='ocr_par' dir='ltr' id='par_1_12' title="bbox 249 1807 3468 1882">
     <span class='ocr_line' id='line_1_14' title="bbox 249 1807 3468 1882; baseline 0 -18"><span class='ocrx_word' id='word_1_134' title='bbox 249 1807 318 1865; x_wconf 86' lang='lat' dir='ltr'><strong><em>ll.</em></strong></span> <span class='ocrx_word' id='word_1_135' title='bbox 357 1807 640 1864; x_wconf 72' lang='lat' dir='ltr'><strong><em>Volumina</em></strong></span> <span class='ocrx_word' id='word_1_136' title='bbox 655 1809 917 1878; x_wconf 86' lang='lat' dir='ltr'><strong><em>superiori</em></strong></span> <span class='ocrx_word' id='word_1_137' title='bbox 931 1809 1031 1882; x_wconf 86' lang='lat' dir='ltr'><strong><em>(a),</em></strong></span> <span class='ocrx_word' id='word_1_138' title='bbox 1060 1809 1116 1863; x_wconf 87' lang='lat' dir='ltr'><strong><em>in</em></strong></span> <span class='ocrx_word' id='word_1_139' title='bbox 1139 1809 1502 1864; x_wconf 89' lang='lat' dir='ltr'><strong><em>admonitione</em></strong></span> <span class='ocrx_word' id='word_1_140' title='bbox 1524 1810 1579 1864; x_wconf 91' lang='lat' dir='ltr'><strong><em>in</em></strong></span> <span class='ocrx_word' id='word_1_141' title='bbox 1597 1808 1892 1880; x_wconf 88' lang='lat' dir='ltr'><strong><em>Epistolam</em></strong></span> <span class='ocrx_word' id='word_1_142' title='bbox 1908 1810 2228 1880; x_wconf 85' lang='lat' dir='ltr'><strong><em>encyclicam</em></strong></span> <span class='ocrx_word' id='word_1_143' title='bbox 2255 1811 2325 1867; x_wconf 92' lang='lat' dir='ltr'><strong><em>ad</em></strong></span> <span class='ocrx_word' id='word_1_144' title='bbox 2345 1813 2612 1882; x_wconf 84' lang='lat' dir='ltr'><strong><em>episcopos</em></strong></span> <span class='ocrx_word' id='word_1_145' title='bbox 2633 1809 2919 1880; x_wconf 58' lang='lat' dir='ltr'><strong><em>{Egyptiet</em></strong></span> <span class='ocrx_word' id='word_1_146' title='bbox 2945 1808 3129 1879; x_wconf 68' lang='lat' dir='ltr'><strong><em>Libym</em></strong></span> <span class='ocrx_word' id='word_1_147' title='bbox 3142 1807 3262 1878; x_wconf 89' lang='lat' dir='ltr'><strong><em>jam</em></strong></span> <span class='ocrx_word' id='word_1_148' title='bbox 3289 1807 3468 1864; x_wconf 66' lang='lat' dir='ltr'><strong><em>obiter-</em></strong></span> 
     </span>
    </p>
   </div>
   <div class='ocr_carea' id='block_1_13' title="bbox 181 1905 3468 1978">
    <p class='ocr_par' dir='ltr' id='par_1_13' title="bbox 181 1905 3468 1978">
     <span class='ocr_line' id='line_1_15' title="bbox 181 1905 3468 1978; baseline -0.001 -19"><span class='ocrx_word' id='word_1_149' title='bbox 181 1907 419 1960; x_wconf 75' lang='lat' dir='ltr'><strong><em>oaeimus</em></strong></span> <span class='ocrx_word' id='word_1_150' title='bbox 453 1915 682 1975; x_wconf 83' lang='lat' dir='ltr'><strong><em>quatuor</em></strong></span> <span class='ocrx_word' id='word_1_151' title='bbox 720 1905 984 1959; x_wconf 73' lang='lat' dir='ltr'><strong><em>duntaxat</em></strong></span> <span class='ocrx_word' id='word_1_152' title='bbox 1005 1921 1118 1960; x_wconf 86' lang='lat' dir='ltr'><strong><em>esse</em></strong></span> <span class='ocrx_word' id='word_1_153' title='bbox 1148 1907 1415 1961; x_wconf 89' lang='lat' dir='ltr'><strong><em>orationes</em></strong></span> <span class='ocrx_word' id='word_1_154' title='bbox 1445 1915 1631 1959; x_wconf 87' lang='lat' dir='ltr'><strong><em>contra</em></strong></span> <span class='ocrx_word' id='word_1_155' title='bbox 1665 1907 1918 1974; x_wconf 87' lang='lat' dir='ltr'><strong><em>Arianos,</em></strong></span> <span class='ocrx_word' id='word_1_156' title='bbox 1943 1923 2047 1961; x_wconf 92' lang='lat' dir='ltr'><strong><em>non</em></strong></span> <span class='ocrx_word' id='word_1_157' title='bbox 2078 1909 2327 1978; x_wconf 88' lang='lat' dir='ltr'><strong><em>quinque,</em></strong></span> <span class='ocrx_word' id='word_1_158' title='bbox 2357 1917 2415 1961; x_wconf 90' lang='lat' dir='ltr'><strong><em>ut</em></strong></span> <span class='ocrx_word' id='word_1_159' title='bbox 2451 1906 2548 1961; x_wconf 92' lang='lat' dir='ltr'><strong><em>alii</em></strong></span> <span class='ocrx_word' id='word_1_160' title='bbox 2579 1905 2714 1960; x_wconf 83' lang='lat' dir='ltr'><strong><em>editi</em></strong></span> <span class='ocrx_word' id='word_1_161' title='bbox 2736 1905 2950 1970; x_wconf 83' lang='lat' dir='ltr'><strong><em>habent,</em></strong></span> <span class='ocrx_word' id='word_1_162' title='bbox 2989 1905 3260 1974; x_wconf 86' lang='lat' dir='ltr'><strong><em>ipsamque</em></strong></span> <span class='ocrx_word' id='word_1_163' title='bbox 3307 1917 3468 1972; x_wconf 76' lang='lat' dir='ltr'><strong><em>ency-</em></strong></span> 
     </span>
    </p>
   </div>
   <div class='ocr_carea' id='block_1_14' title="bbox 180 1993 3468 2074">
    <p class='ocr_par' dir='ltr' id='par_1_14' title="bbox 180 1993 3468 2074">
     <span class='ocr_line' id='line_1_16' title="bbox 180 1993 3468 2074; baseline -0.001 -25"><span class='ocrx_word' id='word_1_164' title='bbox 180 1995 377 2050; x_wconf 87' lang='lat' dir='ltr'><strong><em>clicam</em></strong></span> <span class='ocrx_word' id='word_1_165' title='bbox 415 1995 695 2066; x_wconf 88' lang='lat' dir='ltr'><strong><em>epistolam</em></strong></span> <span class='ocrx_word' id='word_1_166' title='bbox 720 1995 784 2050; x_wconf 91' lang='lat' dir='ltr'><strong><em>ab</em></strong></span> <span class='ocrx_word' id='word_1_167' title='bbox 812 1996 922 2051; x_wconf 87' lang='lat' dir='ltr'><strong><em>illis</em></strong></span> <span class='ocrx_word' id='word_1_168' title='bbox 951 1997 1282 2052; x_wconf 85' lang='lat' dir='ltr'><strong><em>orationibus</em></strong></span> <span class='ocrx_word' id='word_1_169' title='bbox 1304 2000 1509 2067; x_wconf 87' lang='lat' dir='ltr'><strong><em>penitus</em></strong></span> <span class='ocrx_word' id='word_1_170' title='bbox 1533 2014 1644 2053; x_wconf 88' lang='lat' dir='ltr'><strong><em>esse</em></strong></span> <span class='ocrx_word' id='word_1_171' title='bbox 1667 1999 1976 2053; x_wconf 87' lang='lat' dir='ltr'><strong><em>distinctam</em></strong></span> <span class='ocrx_word' id='word_1_172' title='bbox 1999 2014 2018 2052; x_wconf 90' lang='lat'><strong><em>:</em></strong></span> <span class='ocrx_word' id='word_1_173' title='bbox 2039 2015 2218 2053; x_wconf 84' lang='lat' dir='ltr'><strong><em>verum</em></strong></span> <span class='ocrx_word' id='word_1_174' title='bbox 2246 2015 2414 2068; x_wconf 76' lang='lat' dir='ltr'><strong><em>opera:</em></strong></span> <span class='ocrx_word' id='word_1_175' title='bbox 2429 2000 2655 2068; x_wconf 86' lang='lat' dir='ltr'><strong><em>pretium</em></strong></span> <span class='ocrx_word' id='word_1_176' title='bbox 2675 2007 2752 2052; x_wconf 86' lang='lat' dir='ltr'><strong><em>est</em></strong></span> <span class='ocrx_word' id='word_1_177' title='bbox 2772 1997 2980 2074; x_wconf 87' lang='lat' dir='ltr'><strong><em>plenius</em></strong></span> <span class='ocrx_word' id='word_1_178' title='bbox 2999 1997 3085 2050; x_wconf 91' lang='lat' dir='ltr'><strong><em>hic</em></strong></span> <span class='ocrx_word' id='word_1_179' title='bbox 3103 2012 3164 2050; x_wconf 90' lang='lat' dir='ltr'><strong><em>ea</em></strong></span> <span class='ocrx_word' id='word_1_180' title='bbox 3185 1993 3248 2048; x_wconf 89' lang='lat' dir='ltr'><strong><em>de</em></strong></span> <span class='ocrx_word' id='word_1_181' title='bbox 3273 2011 3328 2049; x_wconf 90' lang='lat' dir='ltr'><strong><em>re</em></strong></span> <span class='ocrx_word' id='word_1_182' title='bbox 3348 1994 3468 2047; x_wconf 77' lang='lat' dir='ltr'><strong><em>dis-</em></strong></span> 
     </span>
    </p>
   </div>
   <div class='ocr_carea' id='block_1_15' title="bbox 179 2087 3461 2166">
    <p class='ocr_par' dir='ltr' id='par_1_15' title="bbox 179 2087 3461 2166">
     <span class='ocr_line' id='line_1_17' title="bbox 179 2087 3461 2166; baseline -0.001 -22"><span class='ocrx_word' id='word_1_183' title='bbox 179 2104 377 2144; x_wconf 84' lang='lat' dir='ltr'><strong><em>serere.</em></strong></span> <span class='ocrx_word' id='word_1_184' title='bbox 435 2087 587 2144; x_wconf 87' lang='lat' dir='ltr'><strong><em>Inter</em></strong></span> <span class='ocrx_word' id='word_1_185' title='bbox 631 2106 687 2144; x_wconf 88' lang='lat' dir='ltr'><strong><em>se</em></strong></span> <span class='ocrx_word' id='word_1_186' title='bbox 735 2107 841 2145; x_wconf 89' lang='lat' dir='ltr'><strong><em>non</em></strong></span> <span class='ocrx_word' id='word_1_187' title='bbox 895 2093 1229 2147; x_wconf 88' lang='lat' dir='ltr'><strong><em>consentiunt</em></strong></span> <span class='ocrx_word' id='word_1_188' title='bbox 1283 2095 1639 2164; x_wconf 86' lang='lat' dir='ltr'><strong><em>manuscripti</em></strong></span> <span class='ocrx_word' id='word_1_189' title='bbox 1694 2096 1900 2148; x_wconf 78' lang='lat' dir='ltr'><strong><em>codices</em></strong></span> <span class='ocrx_word' id='word_1_190' title='bbox 1953 2095 2009 2148; x_wconf 89' lang='lat' dir='ltr'><strong><em>in</em></strong></span> <span class='ocrx_word' id='word_1_191' title='bbox 2041 2095 2366 2166; x_wconf 88' lang='lat' dir='ltr'><strong><em>ussignando</em></strong></span> <span class='ocrx_word' id='word_1_192' title='bbox 2401 2110 2616 2149; x_wconf 87' lang='lat' dir='ltr'><strong><em>numero</em></strong></span> <span class='ocrx_word' id='word_1_193' title='bbox 2645 2093 2950 2149; x_wconf 86' lang='lat' dir='ltr'><strong><em>orationum</em></strong></span> <span class='ocrx_word' id='word_1_194' title='bbox 2991 2101 3177 2146; x_wconf 84' lang='lat' dir='ltr'><strong><em>contra</em></strong></span> <span class='ocrx_word' id='word_1_195' title='bbox 3207 2089 3461 2145; x_wconf 86' lang='lat' dir='ltr'><strong><em>Arianos.</em></strong></span> 
     </span>
    </p>
   </div>
   <div class='ocr_carea' id='block_1_16' title="bbox 177 2180 3465 2260">
    <p class='ocr_par' dir='ltr' id='par_1_16' title="bbox 177 2180 3465 2260">
     <span class='ocr_line' id='line_1_18' title="bbox 177 2180 3465 2260; baseline 0.002 -23"><span class='ocrx_word' id='word_1_196' title='bbox 177 2180 539 2253; x_wconf 80' lang='lat' dir='ltr'><strong><em>Seguerianus</em></strong></span> <span class='ocrx_word' id='word_1_197' title='bbox 569 2184 783 2252; x_wconf 64' lang='lat' dir='ltr'><strong><em>optime</em></strong></span> <span class='ocrx_word' id='word_1_198' title='bbox 819 2196 961 2240; x_wconf 83' lang='lat' dir='ltr'><strong><em>notte</em></strong></span> <span class='ocrx_word' id='word_1_199' title='bbox 999 2187 1164 2241; x_wconf 89' lang='lat' dir='ltr'><strong><em>codex</em></strong></span> <span class='ocrx_word' id='word_1_200' title='bbox 1193 2189 1420 2258; x_wconf 89' lang='lat' dir='ltr'><strong><em>quinque</em></strong></span> <span class='ocrx_word' id='word_1_201' title='bbox 1455 2201 1720 2255; x_wconf 88' lang='lat' dir='ltr'><strong><em>numerat,</em></strong></span> <span class='ocrx_word' id='word_1_202' title='bbox 1745 2205 1970 2260; x_wconf 83' lang='lat' dir='ltr'><strong><em>quorum</em></strong></span> <span class='ocrx_word' id='word_1_203' title='bbox 1998 2190 2171 2259; x_wconf 90' lang='lat' dir='ltr'><strong><em>prima</em></strong></span> <span class='ocrx_word' id='word_1_204' title='bbox 2195 2199 2274 2244; x_wconf 89' lang='lat' dir='ltr'><strong><em>est</em></strong></span> <span class='ocrx_word' id='word_1_205' title='bbox 2303 2191 2529 2255; x_wconf 86' lang='lat' dir='ltr'><strong><em>epistola</em></strong></span> <span class='ocrx_word' id='word_1_206' title='bbox 2559 2189 2826 2260; x_wconf 77' lang='lat' dir='ltr'><strong><em>encyclica</em></strong></span> <span class='ocrx_word' id='word_1_207' title='bbox 2847 2189 2916 2243; x_wconf 88' lang='lat' dir='ltr'><strong><em>ad</em></strong></span> <span class='ocrx_word' id='word_1_208' title='bbox 2948 2189 3214 2258; x_wconf 86' lang='lat' dir='ltr'><strong><em>episcopos</em></strong></span> <span class='ocrx_word' id='word_1_209' title='bbox 3239 2184 3314 2243; x_wconf 60' lang='lat' dir='ltr'><em>1E</em></span> <span class='ocrx_word' id='word_1_210' title='bbox 3321 2189 3465 2257; x_wconf 81' lang='lat' dir='ltr'><strong><em>gypti</em></strong></span> 
     </span>
    </p>
   </div>
   <div class='ocr_carea' id='block_1_17' title="bbox 173 2272 1693 2352">
    <p class='ocr_par' dir='ltr' id='par_1_17' title="bbox 173 2272 1693 2349">
     <span class='ocr_line' id='line_1_19' title="bbox 173 2272 1693 2349; baseline 0.003 -21"><span class='ocrx_word' id='word_1_211' title='bbox 173 2282 225 2328; x_wconf 85' lang='lat' dir='ltr'><strong><em>et</em></strong></span> <span class='ocrx_word' id='word_1_212' title='bbox 251 2272 458 2344; x_wconf 70' lang='lat' dir='ltr'><strong><em>Libyca,</em></strong></span> <span class='ocrx_word' id='word_1_213' title='bbox 487 2273 557 2327; x_wconf 89' lang='lat' dir='ltr'><strong><em>ad</em></strong></span> <span class='ocrx_word' id='word_1_214' title='bbox 585 2274 735 2344; x_wconf 83' lang='lat' dir='ltr'><strong><em>cujus</em></strong></span> <span class='ocrx_word' id='word_1_215' title='bbox 764 2275 983 2329; x_wconf 89' lang='lat' dir='ltr'><strong><em>initium</em></strong></span> <span class='ocrx_word' id='word_1_216' title='bbox 1009 2277 1064 2329; x_wconf 90' lang='lat' dir='ltr'><strong><em>in</em></strong></span> <span class='ocrx_word' id='word_1_217' title='bbox 1086 2278 1322 2348; x_wconf 85' lang='lat' dir='ltr'><strong><em>margine</em></strong></span> <span class='ocrx_word' id='word_1_218' title='bbox 1342 2279 1453 2332; x_wconf 73' lang='lat' dir='ltr'><strong><em>haec</em></strong></span> <span class='ocrx_word' id='word_1_219' title='bbox 1479 2291 1604 2332; x_wconf 91' lang='lat' dir='ltr'><strong><em>nota</em></strong></span> <span class='ocrx_word' id='word_1_220' title='bbox 1634 2279 1693 2349; x_wconf 62' lang='lat' dir='ltr'><strong><em>leg</em></strong></span> 
     </span>
    </p>
   </div>
   <div class='ocr_carea' id='block_1_18' title="bbox 1941 2272 3461 2352">
    <p class='ocr_par' dir='ltr' id='par_1_18' title="bbox 1941 2273 3461 2352">
     <span class='ocr_line' id='line_1_20' title="bbox 1941 2273 3461 2352; baseline 0.003 -22"><span class='ocrx_word' id='word_1_221' title='bbox 1941 2297 2037 2332; x_wconf 68' lang='lat' dir='ltr'><strong><em>,am</em></strong></span> <span class='ocrx_word' id='word_1_222' title='bbox 2070 2280 2336 2335; x_wconf 88' lang='lat' dir='ltr'><strong><em>noluimus</em></strong></span> <span class='ocrx_word' id='word_1_223' title='bbox 2366 2283 2641 2336; x_wconf 89' lang='lat' dir='ltr'><strong><em>omittere:</em></strong></span> <span class='ocrx_word' id='word_1_224' title='bbox 2665 2273 2836 2345; x_wconf 76' lang='grc' dir='ltr'>Οὗτος</span> <span class='ocrx_word' id='word_1_225' title='bbox 2881 2283 2910 2335; x_wconf 86' lang='grc' dir='ltr'>ὁ</span> <span class='ocrx_word' id='word_1_226' title='bbox 2953 2279 3189 2334; x_wconf 74' lang='grc' dir='ltr'>ἐνταῦθα</span> <span class='ocrx_word' id='word_1_227' title='bbox 3244 2279 3461 2352; x_wconf 75' lang='grc' dir='ltr'>πρῶτος</span> 
     </span>
    </p>
   </div>
   <div class='ocr_carea' id='block_1_19' title="bbox 174 2368 3464 2450">
    <p class='ocr_par' dir='ltr' id='par_1_19' title="bbox 174 2368 3464 2450">
     <span class='ocr_line' id='line_1_21' title="bbox 174 2368 3464 2450; baseline 0.002 -28"><span class='ocrx_word' id='word_1_228' title='bbox 174 2368 336 2438; x_wconf 81' lang='grc' dir='ltr'>λόγος</span> <span class='ocrx_word' id='word_1_229' title='bbox 372 2369 467 2423; x_wconf 78' lang='grc' dir='ltr'><strong><em>τοῦ</em></strong></span> <span class='ocrx_word' id='word_1_230' title='bbox 489 2370 644 2438; x_wconf 83' lang='grc' dir='ltr'>ἁγίου</span> <span class='ocrx_word' id='word_1_231' title='bbox 691 2369 1009 2424; x_wconf 83' lang='grc' dir='ltr'>Ἀθανασίου</span> <span class='ocrx_word' id='word_1_232' title='bbox 1035 2371 1091 2425; x_wconf 74' lang='grc' dir='ltr'>ἐν</span> <span class='ocrx_word' id='word_1_233' title='bbox 1119 2389 1231 2426; x_wconf 82' lang='grc' dir='ltr'>τισι</span> <span class='ocrx_word' id='word_1_234' title='bbox 1259 2373 1370 2427; x_wconf 84' lang='grc' dir='ltr'>τῶν</span> <span class='ocrx_word' id='word_1_235' title='bbox 1405 2375 1758 2446; x_wconf 68' lang='grc' dir='ltr'><strong><em>ἀντιγράφων</em></strong></span> <span class='ocrx_word' id='word_1_236' title='bbox 1787 2375 2047 2449; x_wconf 78' lang='grc' dir='ltr'><strong><em>τέταρτος</em></strong></span> <span class='ocrx_word' id='word_1_237' title='bbox 2102 2375 2344 2449; x_wconf 75' lang='grc' dir='ltr'><strong><em>φέρεται.</em></strong></span> <span class='ocrx_word' id='word_1_238' title='bbox 2371 2378 2484 2431; x_wconf 74' lang='grc' dir='ltr'>Καὶ</span> <span class='ocrx_word' id='word_1_239' title='bbox 2521 2378 2760 2450; x_wconf 81' lang='grc' dir='ltr'><strong><em>Σεόἧρος</em></strong></span> <span class='ocrx_word' id='word_1_240' title='bbox 2810 2377 2867 2435; x_wconf 78' lang='grc' dir='ltr'><strong><em>δὲ</em></strong></span> <span class='ocrx_word' id='word_1_241' title='bbox 2912 2379 2941 2430; x_wconf 90' lang='grc' dir='ltr'><strong>ὀ</strong></span> <span class='ocrx_word' id='word_1_242' title='bbox 2981 2375 3246 2448; x_wconf 77' lang='grc' dir='ltr'><strong><em>δυσσεϐὴς</em></strong></span> <span class='ocrx_word' id='word_1_243' title='bbox 3273 2377 3332 2428; x_wconf 79' lang='grc' dir='ltr'>ὲν</span> <span class='ocrx_word' id='word_1_244' title='bbox 3386 2374 3464 2447; x_wconf 82' lang='grc' dir='ltr'><strong><em>τῷ</em></strong></span> 
     </span>
    </p>
   </div>
   <div class='ocr_carea' id='block_1_20' title="bbox 172 2462 3461 2540">
    <p class='ocr_par' dir='ltr' id='par_1_20' title="bbox 172 2462 3461 2540">
     <span class='ocr_line' id='line_1_22' title="bbox 172 2462 3461 2540; baseline 0.001 -21"><span class='ocrx_word' id='word_1_245' title='bbox 172 2462 412 2535; x_wconf 78' lang='grc' dir='ltr'><strong><em>είκοστῷ</em></strong></span> <span class='ocrx_word' id='word_1_246' title='bbox 439 2465 610 2534; x_wconf 82' lang='grc' dir='ltr'>τρίτῳ</span> <span class='ocrx_word' id='word_1_247' title='bbox 647 2464 926 2538; x_wconf 74' lang='grc' dir='ltr'><strong><em>κεφαλαίῳ</em></strong></span> <span class='ocrx_word' id='word_1_248' title='bbox 954 2465 1048 2518; x_wconf 77' lang='grc' dir='ltr'><strong><em>τοῦ</em></strong></span> <span class='ocrx_word' id='word_1_249' title='bbox 1073 2466 1258 2537; x_wconf 78' lang='grc' dir='ltr'><strong><em>τρίτου</em></strong></span> <span class='ocrx_word' id='word_1_250' title='bbox 1291 2466 1450 2536; x_wconf 89' lang='grc' dir='ltr'>λόγου</span> <span class='ocrx_word' id='word_1_251' title='bbox 1476 2467 1584 2521; x_wconf 82' lang='grc' dir='ltr'><strong><em>τῶν</em></strong></span> <span class='ocrx_word' id='word_1_252' title='bbox 1610 2468 1754 2524; x_wconf 74' lang='grc' dir='ltr'>κατὰ</span> <span class='ocrx_word' id='word_1_253' title='bbox 1781 2469 1876 2526; x_wconf 79' lang='grc' dir='ltr'><strong><em>τοῦ</em></strong></span> <span class='ocrx_word' id='word_1_254' title='bbox 1911 2468 2182 2540; x_wconf 82' lang='grc' dir='ltr'><strong><em>μακαρίου</em></strong></span> <span class='ocrx_word' id='word_1_255' title='bbox 2224 2468 2474 2523; x_wconf 78' lang='grc' dir='ltr'><strong><em>Ἰωάννου</em></strong></span> <span class='ocrx_word' id='word_1_256' title='bbox 2503 2469 2598 2523; x_wconf 76' lang='grc' dir='ltr'><strong><em>τοῦ</em></strong></span> <span class='ocrx_word' id='word_1_257' title='bbox 2646 2469 2946 2540; x_wconf 68' lang='grc' dir='ltr'>ἐπισκόπου</span> <span class='ocrx_word' id='word_1_258' title='bbox 2978 2466 3317 2538; x_wconf 79' lang='grc' dir='ltr'><strong><em>Καισαρείας</em></strong></span> <span class='ocrx_word' id='word_1_259' title='bbox 3344 2467 3461 2521; x_wconf 84' lang='grc' dir='ltr'><strong><em>Πα-</em></strong></span> 
     </span>
    </p>
   </div>
   <div class='ocr_carea' id='block_1_21' title="bbox 173 2555 3460 2636">
    <p class='ocr_par' dir='ltr' id='par_1_21' title="bbox 173 2555 3460 2636">
     <span class='ocr_line' id='line_1_23' title="bbox 173 2555 3460 2636; baseline 0 -26"><span class='ocrx_word' id='word_1_260' title='bbox 173 2557 460 2627; x_wconf 80' lang='grc' dir='ltr'>λαιστίνης</span> <span class='ocrx_word' id='word_1_261' title='bbox 481 2555 576 2609; x_wconf 79' lang='grc' dir='ltr'><strong><em>τοῦ</em></strong></span> <span class='ocrx_word' id='word_1_262' title='bbox 617 2557 724 2609; x_wconf 75' lang='grc' dir='ltr'><strong><em>ἀπὸ</em></strong></span> <span class='ocrx_word' id='word_1_263' title='bbox 751 2556 1158 2627; x_wconf 82' lang='grc' dir='ltr'>γραμματικῶν</span> <span class='ocrx_word' id='word_1_264' title='bbox 1184 2558 1445 2632; x_wconf 78' lang='grc' dir='ltr'>τέταρτον</span> <span class='ocrx_word' id='word_1_265' title='bbox 1477 2561 1567 2615; x_wconf 82' lang='grc' dir='ltr'><strong><em>τὸν</em></strong></span> <span class='ocrx_word' id='word_1_266' title='bbox 1624 2563 1866 2636; x_wconf 80' lang='grc' dir='ltr'>παρόντα</span> <span class='ocrx_word' id='word_1_267' title='bbox 1898 2562 2054 2630; x_wconf 86' lang='grc' dir='ltr'>λόγον</span> <span class='ocrx_word' id='word_1_268' title='bbox 2080 2559 2358 2632; x_wconf 81' lang='grc' dir='ltr'><strong><em>ὀνομάζει.</em></strong></span> <span class='ocrx_word' id='word_1_269' title='bbox 2402 2561 2460 2615; x_wconf 86' lang='grc' dir='ltr'><strong>Ὀ</strong></span> <span class='ocrx_word' id='word_1_270' title='bbox 2483 2561 2541 2616; x_wconf 82' lang='grc' dir='ltr'><strong><em>δὲ</em></strong></span> <span class='ocrx_word' id='word_1_271' title='bbox 2580 2564 2638 2615; x_wconf 81' lang='grc' dir='ltr'>ὲν</span> <span class='ocrx_word' id='word_1_272' title='bbox 2662 2562 2830 2626; x_wconf 78' lang='grc' dir='ltr'>ὁσίοις</span> <span class='ocrx_word' id='word_1_273' title='bbox 2863 2561 3138 2632; x_wconf 83' lang='grc' dir='ltr'><strong><em>Θεόδωρος</em></strong></span> <span class='ocrx_word' id='word_1_274' title='bbox 3163 2557 3460 2624; x_wconf 77' lang='grc' dir='ltr'><strong><em>ἐπίσκοπος</em></strong></span> 
     </span>
    </p>
   </div>
   <div class='ocr_carea' id='block_1_22' title="bbox 171 2649 3460 2727">
    <p class='ocr_par' dir='ltr' id='par_1_22' title="bbox 171 2649 3460 2727">
     <span class='ocr_line' id='line_1_24' title="bbox 171 2649 3460 2727; baseline 0 -24"><span class='ocrx_word' id='word_1_275' title='bbox 171 2651 277 2722; x_wconf 82' lang='grc' dir='ltr'><strong><em>τῆς</em></strong></span> <span class='ocrx_word' id='word_1_276' title='bbox 327 2651 513 2722; x_wconf 76' lang='grc' dir='ltr'>Φαρᾶν</span> <span class='ocrx_word' id='word_1_277' title='bbox 531 2693 543 2714; x_wconf 85' lang='grc'><strong><em>,</em></strong></span> <span class='ocrx_word' id='word_1_278' title='bbox 576 2649 716 2725; x_wconf 83' lang='grc' dir='ltr'>ἀνὴρ</span> <span class='ocrx_word' id='word_1_279' title='bbox 737 2649 943 2719; x_wconf 80' lang='grc' dir='ltr'>λόγιος,</span> <span class='ocrx_word' id='word_1_280' title='bbox 979 2651 1074 2705; x_wconf 78' lang='grc' dir='ltr'>καὶ</span> <span class='ocrx_word' id='word_1_281' title='bbox 1102 2653 1510 2727; x_wconf 81' lang='grc' dir='ltr'>συγγράμματα</span> <span class='ocrx_word' id='word_1_282' title='bbox 1549 2655 1955 2719; x_wconf 77' lang='grc' dir='ltr'>καταλελοιπὼς</span> <span class='ocrx_word' id='word_1_283' title='bbox 1995 2655 2321 2726; x_wconf 79' lang='grc' dir='ltr'><strong><em>ἀξιάγαστα,</em></strong></span> <span class='ocrx_word' id='word_1_284' title='bbox 2346 2657 2404 2708; x_wconf 82' lang='grc' dir='ltr'>ὲν</span> <span class='ocrx_word' id='word_1_285' title='bbox 2432 2653 2511 2726; x_wconf 81' lang='grc' dir='ltr'><strong><em>τῷ</em></strong></span> <span class='ocrx_word' id='word_1_286' title='bbox 2541 2654 2683 2713; x_wconf 77' lang='grc' dir='ltr'>κατὰ</span> <span class='ocrx_word' id='word_1_287' title='bbox 2707 2652 3009 2726; x_wconf 81' lang='grc' dir='ltr'>Ἀγνοητῶν</span> <span class='ocrx_word' id='word_1_288' title='bbox 3031 2651 3197 2708; x_wconf 79' lang='grc' dir='ltr'>αὑτοῦ</span> <span class='ocrx_word' id='word_1_289' title='bbox 3227 2649 3460 2724; x_wconf 77' lang='grc' dir='ltr'>διαλόγῳ</span> 
     </span>
    </p>
   </div>
   <div class='ocr_carea' id='block_1_23' title="bbox 169 2741 3457 2821">
    <p class='ocr_par' dir='ltr' id='par_1_23' title="bbox 169 2741 3457 2821">
     <span class='ocr_line' id='line_1_25' title="bbox 169 2741 3457 2821; baseline -0 -25"><span class='ocrx_word' id='word_1_290' title='bbox 169 2742 437 2815; x_wconf 79' lang='grc' dir='ltr'><strong><em>τέταρτον</em></strong></span> <span class='ocrx_word' id='word_1_291' title='bbox 462 2741 556 2795; x_wconf 79' lang='grc' dir='ltr'><strong><em>τοῦ</em></strong></span> <span class='ocrx_word' id='word_1_292' title='bbox 589 2741 742 2814; x_wconf 84' lang='grc' dir='ltr'>ἁγίου</span> <span class='ocrx_word' id='word_1_293' title='bbox 781 2741 1097 2796; x_wconf 81' lang='grc' dir='ltr'>Ἀθανασίου</span> <span class='ocrx_word' id='word_1_294' title='bbox 1117 2745 1262 2799; x_wconf 69' lang='grc' dir='ltr'>κατὰ</span> <span class='ocrx_word' id='word_1_295' title='bbox 1297 2743 1590 2818; x_wconf 81' lang='grc' dir='ltr'>Ἀρειανῶν</span> <span class='ocrx_word' id='word_1_296' title='bbox 1629 2747 1785 2817; x_wconf 84' lang='grc' dir='ltr'>λόγον</span> <span class='ocrx_word' id='word_1_297' title='bbox 1816 2749 2072 2821; x_wconf 79' lang='grc' dir='ltr'><strong><em>ὀνομάζει</em></strong></span> <span class='ocrx_word' id='word_1_298' title='bbox 2097 2749 2188 2802; x_wconf 84' lang='grc' dir='ltr'><strong><em>τὸν</em></strong></span> <span class='ocrx_word' id='word_1_299' title='bbox 2211 2748 2306 2808; x_wconf 71' lang='grc' dir='ltr'><strong><em>καὶ</em></strong></span> <span class='ocrx_word' id='word_1_300' title='bbox 2335 2749 2393 2801; x_wconf 79' lang='grc' dir='ltr'>ἐν</span> <span class='ocrx_word' id='word_1_301' title='bbox 2417 2745 2552 2817; x_wconf 79' lang='grc' dir='ltr'><strong><em>τῷδε</em></strong></span> <span class='ocrx_word' id='word_1_302' title='bbox 2580 2745 2660 2818; x_wconf 82' lang='grc' dir='ltr'><strong>τῷ</strong></span> <span class='ocrx_word' id='word_1_303' title='bbox 2684 2744 2866 2818; x_wconf 82' lang='grc' dir='ltr'>τεύχει</span> <span class='ocrx_word' id='word_1_304' title='bbox 2892 2745 3154 2819; x_wconf 81' lang='grc' dir='ltr'><strong><em>τέταρτον</em></strong></span> <span class='ocrx_word' id='word_1_305' title='bbox 3180 2741 3457 2816; x_wconf 71' lang='grc' dir='ltr'><strong><em>κείμενον⁹</em></strong></span> 
     </span>
    </p>
   </div>
   <div class='ocr_carea' id='block_1_24' title="bbox 169 2826 1689 2910">
    <p class='ocr_par' dir='ltr' id='par_1_24' title="bbox 169 2826 1686 2910">
     <span class='ocr_line' id='line_1_26' title="bbox 169 2826 1686 2910; baseline -0.001 -17"><span class='ocrx_word' id='word_1_306' title='bbox 169 2832 235 2893; x_wconf 67' lang='grc' dir='ltr'>οὗ</span> <span class='ocrx_word' id='word_1_307' title='bbox 268 2836 305 2908; x_wconf 75' lang='grc' dir='ltr'><strong>ἡ</strong></span> <span class='ocrx_word' id='word_1_308' title='bbox 332 2836 507 2909; x_wconf 75' lang='grc' dir='ltr'><strong><em>ἀρχήο</em></strong></span> <span class='ocrx_word' id='word_1_309' title='bbox 541 2835 605 2889; x_wconf 82' lang='grc' dir='ltr'>Οἱ</span> <span class='ocrx_word' id='word_1_310' title='bbox 642 2837 1066 2907; x_wconf 82' lang='grc' dir='ltr'><strong><em>Ἀρειομανῖται,</em></strong></span> <span class='ocrx_word' id='word_1_311' title='bbox 1099 2826 1176 2900; x_wconf 70' lang='lat' dir='ltr'><strong><em>o&#39;;</em></strong></span> <span class='ocrx_word' id='word_1_312' title='bbox 1206 2836 1372 2902; x_wconf 86' lang='grc' dir='ltr'><strong><em>ἔοικε,</em></strong></span> <span class='ocrx_word' id='word_1_313' title='bbox 1401 2839 1686 2910; x_wconf 83' lang='grc' dir='ltr'>κρίναντες</span> 
     </span>
    </p>
   </div>
   <div class='ocr_carea' id='block_1_25' title="bbox 1936 2826 3456 2910">
    <p class='ocr_par' dir='ltr' id='par_1_25' title="bbox 1936 2837 3456 2909">
     <span class='ocr_line' id='line_1_27' title="bbox 1936 2837 3456 2909; baseline -0.004 -15"><span class='ocrx_word' id='word_1_314' title='bbox 1936 2839 2191 2898; x_wconf 81' lang='grc' dir='ltr'><strong><em>ποστάται</em></strong></span> <span class='ocrx_word' id='word_1_315' title='bbox 2223 2838 2500 2909; x_wconf 63' lang='grc' dir='ltr'><strong><em>γενέσθαι</em></strong></span> <span class='ocrx_word' id='word_1_316' title='bbox 2538 2837 2606 2896; x_wconf 88' lang='lat' dir='ltr'><strong><em>Id</em></strong></span> <span class='ocrx_word' id='word_1_317' title='bbox 2637 2849 2746 2893; x_wconf 90' lang='lat' dir='ltr'><strong><em>est:</em></strong></span> <span class='ocrx_word' id='word_1_318' title='bbox 2784 2856 2805 2890; x_wconf 71' lang='grc' dir='ltr'>ι</span> <span class='ocrx_word' id='word_1_319' title='bbox 2840 2837 2991 2904; x_wconf 71' lang='lat' dir='ltr'><strong><em>Haac,</em></strong></span> <span class='ocrx_word' id='word_1_320' title='bbox 3013 2853 3134 2908; x_wconf 74' lang='lat' dir='ltr'><strong><em>qua:</em></strong></span> <span class='ocrx_word' id='word_1_321' title='bbox 3154 2837 3240 2891; x_wconf 91' lang='lat' dir='ltr'><strong><em>hic</em></strong></span> <span class='ocrx_word' id='word_1_322' title='bbox 3263 2837 3456 2890; x_wconf 81' lang='lat' dir='ltr'><strong><em>inscri-</em></strong></span> 
     </span>
    </p>
   </div>
   <div class='ocr_carea' id='block_1_26' title="bbox 170 2926 3455 3004">
    <p class='ocr_par' dir='ltr' id='par_1_26' title="bbox 170 2926 3455 3004">
     <span class='ocr_line' id='line_1_28' title="bbox 170 2926 3455 3004; baseline -0.001 -20"><span class='ocrx_word' id='word_1_323' title='bbox 170 2929 322 2984; x_wconf 76' lang='lat' dir='ltr'><strong><em>bitur</em></strong></span> <span class='ocrx_word' id='word_1_324' title='bbox 348 2929 522 2984; x_wconf 90' lang='lat' dir='ltr'><strong><em>oratio</em></strong></span> <span class='ocrx_word' id='word_1_325' title='bbox 548 2929 725 3000; x_wconf 90' lang='lat' dir='ltr'><strong><em>prima</em></strong></span> <span class='ocrx_word' id='word_1_326' title='bbox 752 2926 813 2984; x_wconf 93' lang='lat' dir='ltr'><strong><em>S.</em></strong></span> <span class='ocrx_word' id='word_1_327' title='bbox 850 2927 1133 2983; x_wconf 90' lang='lat' dir='ltr'><strong><em>Athanasii</em></strong></span> <span class='ocrx_word' id='word_1_328' title='bbox 1151 2929 1204 2983; x_wconf 89' lang='lat' dir='ltr'><strong><em>in</em></strong></span> <span class='ocrx_word' id='word_1_329' title='bbox 1233 2929 1500 3002; x_wconf 84' lang='lat' dir='ltr'><strong><em>aliquibus</em></strong></span> <span class='ocrx_word' id='word_1_330' title='bbox 1521 2932 1911 3002; x_wconf 72' lang='lat' dir='ltr'><strong><em>exemplaribus</em></strong></span> <span class='ocrx_word' id='word_1_331' title='bbox 1932 2945 2127 3004; x_wconf 88' lang='lat' dir='ltr'><strong><em>quarta</em></strong></span> <span class='ocrx_word' id='word_1_332' title='bbox 2149 2933 2372 2990; x_wconf 85' lang='lat' dir='ltr'><strong><em>dicitur.</em></strong></span> <span class='ocrx_word' id='word_1_333' title='bbox 2401 2933 2471 2987; x_wconf 84' lang='lat' dir='ltr'><strong><em>Et</em></strong></span> <span class='ocrx_word' id='word_1_334' title='bbox 2494 2949 2612 2989; x_wconf 82' lang='lat' dir='ltr'><strong><em>vero</em></strong></span> <span class='ocrx_word' id='word_1_335' title='bbox 2635 2934 2832 3004; x_wconf 87' lang='lat' dir='ltr'><strong><em>impius</em></strong></span> <span class='ocrx_word' id='word_1_336' title='bbox 2869 2930 3090 2990; x_wconf 74' lang='lat' dir='ltr'><strong><em>Seuerus</em></strong></span> <span class='ocrx_word' id='word_1_337' title='bbox 3115 2930 3172 2985; x_wconf 89' lang='lat' dir='ltr'><strong><em>in</em></strong></span> <span class='ocrx_word' id='word_1_338' title='bbox 3202 2928 3455 2983; x_wconf 84' lang='lat' dir='ltr'><strong><em>vicesimo</em></strong></span> 
     </span>
    </p>
   </div>
   <div class='ocr_carea' id='block_1_27' title="bbox 172 3013 3450 3098">
    <p class='ocr_par' dir='ltr' id='par_1_27' title="bbox 172 3013 3450 3098">
     <span class='ocr_line' id='line_1_29' title="bbox 172 3013 3450 3098; baseline -0.001 -20"><span class='ocrx_word' id='word_1_339' title='bbox 172 3025 330 3079; x_wconf 88' lang='lat' dir='ltr'><strong><em>tertio</em></strong></span> <span class='ocrx_word' id='word_1_340' title='bbox 362 3025 534 3096; x_wconf 85' lang='lat' dir='ltr'><strong><em>capite</em></strong></span> <span class='ocrx_word' id='word_1_341' title='bbox 563 3023 690 3078; x_wconf 86' lang='lat' dir='ltr'><strong><em>libri</em></strong></span> <span class='ocrx_word' id='word_1_342' title='bbox 725 3025 864 3078; x_wconf 87' lang='lat' dir='ltr'><strong><em>tertii</em></strong></span> <span class='ocrx_word' id='word_1_343' title='bbox 892 3023 1142 3080; x_wconf 87' lang='lat' dir='ltr'><strong><em>adversus</em></strong></span> <span class='ocrx_word' id='word_1_344' title='bbox 1167 3025 1426 3080; x_wconf 77' lang='lat' dir='ltr'><strong><em>Joannem</em></strong></span> <span class='ocrx_word' id='word_1_345' title='bbox 1451 3044 1483 3080; x_wconf 94' lang='lat' dir='ltr'><strong><em>a</em></strong></span> <span class='ocrx_word' id='word_1_346' title='bbox 1509 3028 1877 3098; x_wconf 84' lang='lat' dir='ltr'><strong><em>grammaticis</em></strong></span> <span class='ocrx_word' id='word_1_347' title='bbox 1905 3026 2164 3085; x_wconf 68' lang='lat' dir='ltr'><strong><em>Carsareu:</em></strong></span> <span class='ocrx_word' id='word_1_348' title='bbox 2191 3028 2246 3081; x_wconf 92' lang='lat' dir='ltr'><strong><em>in</em></strong></span> <span class='ocrx_word' id='word_1_349' title='bbox 2276 3027 2570 3084; x_wconf 65' lang='lat' dir='ltr'><strong><em>Palaestina</em></strong></span> <span class='ocrx_word' id='word_1_350' title='bbox 2601 3030 2924 3096; x_wconf 86' lang='lat' dir='ltr'><strong><em>episcopum,</em></strong></span> <span class='ocrx_word' id='word_1_351' title='bbox 2945 3033 3192 3096; x_wconf 89' lang='lat' dir='ltr'><strong><em>quartam</em></strong></span> <span class='ocrx_word' id='word_1_352' title='bbox 3224 3013 3450 3092; x_wconf 78' lang='lat' dir='ltr'><strong><em>appella&#39;</em></strong></span> 
     </span>
    </p>
   </div>
   <div class='ocr_carea' id='block_1_28' title="bbox 169 3116 3452 3192">
    <p class='ocr_par' dir='ltr' id='par_1_28' title="bbox 169 3116 3452 3192">
     <span class='ocr_line' id='line_1_30' title="bbox 169 3116 3452 3192; baseline -0.002 -20"><span class='ocrx_word' id='word_1_353' title='bbox 169 3128 485 3188; x_wconf 73' lang='lat' dir='ltr'><strong><em>prxsentem</em></strong></span> <span class='ocrx_word' id='word_1_354' title='bbox 507 3121 824 3174; x_wconf 89' lang='lat' dir='ltr'><strong><em>orationem.</em></strong></span> <span class='ocrx_word' id='word_1_355' title='bbox 855 3121 923 3174; x_wconf 86' lang='lat' dir='ltr'><strong><em>At</em></strong></span> <span class='ocrx_word' id='word_1_356' title='bbox 953 3119 1014 3176; x_wconf 89' lang='lat' dir='ltr'><strong><em>S.</em></strong></span> <span class='ocrx_word' id='word_1_357' title='bbox 1048 3117 1350 3172; x_wconf 89' lang='lat' dir='ltr'><strong><em>Theodorus</em></strong></span> <span class='ocrx_word' id='word_1_358' title='bbox 1389 3119 1661 3188; x_wconf 88' lang='lat' dir='ltr'><strong><em>episcopus</em></strong></span> <span class='ocrx_word' id='word_1_359' title='bbox 1707 3117 1944 3184; x_wconf 83' lang='lat' dir='ltr'><strong><em>Pharon,</em></strong></span> <span class='ocrx_word' id='word_1_360' title='bbox 1969 3122 2048 3175; x_wconf 84' lang='lat' dir='ltr'><strong><em>vir</em></strong></span> <span class='ocrx_word' id='word_1_361' title='bbox 2075 3121 2337 3186; x_wconf 89' lang='lat' dir='ltr'><strong><em>eruditus,</em></strong></span> <span class='ocrx_word' id='word_1_362' title='bbox 2369 3123 2459 3192; x_wconf 89' lang='lat' dir='ltr'><strong><em>qui</em></strong></span> <span class='ocrx_word' id='word_1_363' title='bbox 2479 3132 2529 3175; x_wconf 94' lang='lat' dir='ltr'><strong><em>et</em></strong></span> <span class='ocrx_word' id='word_1_364' title='bbox 2557 3122 2768 3191; x_wconf 90' lang='lat' dir='ltr'><strong><em>egregia</em></strong></span> <span class='ocrx_word' id='word_1_365' title='bbox 2807 3119 3022 3190; x_wconf 89' lang='lat' dir='ltr'><strong><em>reliquit</em></strong></span> <span class='ocrx_word' id='word_1_366' title='bbox 3051 3133 3233 3188; x_wconf 88' lang='lat' dir='ltr'><strong><em>opera,</em></strong></span> <span class='ocrx_word' id='word_1_367' title='bbox 3261 3116 3319 3168; x_wconf 91' lang='lat' dir='ltr'><strong><em>in</em></strong></span> <span class='ocrx_word' id='word_1_368' title='bbox 3355 3130 3452 3168; x_wconf 88' lang='lat' dir='ltr'><strong><em>suo</em></strong></span> 
     </span>
    </p>
   </div>
   <div class='ocr_carea' id='block_1_29' title="bbox 171 3203 3453 3282">
    <p class='ocr_par' dir='ltr' id='par_1_29' title="bbox 171 3203 3453 3282">
     <span class='ocr_line' id='line_1_31' title="bbox 171 3203 3453 3282; baseline -0.003 -17"><span class='ocrx_word' id='word_1_369' title='bbox 171 3211 428 3266; x_wconf 78' lang='lat' dir='ltr'><strong><em>adversus</em></strong></span> <span class='ocrx_word' id='word_1_370' title='bbox 453 3209 720 3282; x_wconf 81' lang='lat' dir='ltr'><strong><em>Agnoetas</em></strong></span> <span class='ocrx_word' id='word_1_371' title='bbox 747 3209 981 3282; x_wconf 85' lang='lat' dir='ltr'><strong><em>dialogo,</em></strong></span> <span class='ocrx_word' id='word_1_372' title='bbox 1010 3217 1261 3282; x_wconf 90' lang='lat' dir='ltr'><strong><em>quartam</em></strong></span> <span class='ocrx_word' id='word_1_373' title='bbox 1284 3207 1345 3266; x_wconf 89' lang='lat' dir='ltr'><strong><em>S.</em></strong></span> <span class='ocrx_word' id='word_1_374' title='bbox 1381 3209 1666 3264; x_wconf 88' lang='lat' dir='ltr'><strong><em>Athanasii</em></strong></span> <span class='ocrx_word' id='word_1_375' title='bbox 1703 3212 1997 3267; x_wconf 89' lang='lat' dir='ltr'><strong><em>orationem</em></strong></span> <span class='ocrx_word' id='word_1_376' title='bbox 2021 3224 2209 3267; x_wconf 87' lang='lat' dir='ltr'><strong><em>contra</em></strong></span> <span class='ocrx_word' id='word_1_377' title='bbox 2239 3211 2470 3268; x_wconf 83' lang='lat' dir='ltr'><strong><em>Arianos</em></strong></span> <span class='ocrx_word' id='word_1_378' title='bbox 2500 3211 2754 3282; x_wconf 82' lang='lat' dir='ltr'><strong><em>appellat,</em></strong></span> <span class='ocrx_word' id='word_1_379' title='bbox 2781 3226 2897 3280; x_wconf 76' lang='lat' dir='ltr'><strong><em>qua:</em></strong></span> <span class='ocrx_word' id='word_1_380' title='bbox 2929 3212 3057 3264; x_wconf 90' lang='lat' dir='ltr'><strong><em>item</em></strong></span> <span class='ocrx_word' id='word_1_381' title='bbox 3091 3211 3193 3264; x_wconf 90' lang='lat' dir='ltr'><strong><em>isto</em></strong></span> <span class='ocrx_word' id='word_1_382' title='bbox 3213 3208 3270 3261; x_wconf 90' lang='lat' dir='ltr'><strong><em>in</em></strong></span> <span class='ocrx_word' id='word_1_383' title='bbox 3301 3203 3453 3260; x_wconf 55' lang='lat' dir='ltr'><strong><em>volu.</em></strong></span> 
     </span>
    </p>
   </div>
   <div class='ocr_carea' id='block_1_30' title="bbox 167 3301 3451 3377">
    <p class='ocr_par' dir='ltr' id='par_1_30' title="bbox 167 3301 3451 3377">
     <span class='ocr_line' id='line_1_32' title="bbox 167 3301 3451 3377; baseline -0.002 -15"><span class='ocrx_word' id='word_1_384' title='bbox 167 3309 314 3362; x_wconf 80' lang='lat' dir='ltr'><strong><em>mine</em></strong></span> <span class='ocrx_word' id='word_1_385' title='bbox 343 3315 537 3377; x_wconf 81' lang='lat' dir='ltr'><strong><em>quarta</em></strong></span> <span class='ocrx_word' id='word_1_386' title='bbox 563 3313 662 3372; x_wconf 89' lang='lat' dir='ltr'><strong><em>est,</em></strong></span> <span class='ocrx_word' id='word_1_387' title='bbox 689 3305 840 3375; x_wconf 83' lang='lat' dir='ltr'><strong><em>cujus</em></strong></span> <span class='ocrx_word' id='word_1_388' title='bbox 871 3305 1107 3359; x_wconf 82' lang='lat' dir='ltr'><strong><em>videlicet</em></strong></span> <span class='ocrx_word' id='word_1_389' title='bbox 1137 3304 1350 3357; x_wconf 86' lang='lat' dir='ltr'><strong><em>initium</em></strong></span> <span class='ocrx_word' id='word_1_390' title='bbox 1371 3311 1447 3358; x_wconf 87' lang='lat' dir='ltr'><strong><em>est</em></strong></span> <span class='ocrx_word' id='word_1_391' title='bbox 1473 3319 1489 3357; x_wconf 86' lang='lat'><strong>:</strong></span> <span class='ocrx_word' id='word_1_392' title='bbox 1525 3322 1543 3354; x_wconf 72' lang='grc' dir='ltr'>ι</span> <span class='ocrx_word' id='word_1_393' title='bbox 1576 3301 2016 3374; x_wconf 82' lang='lat' dir='ltr'><strong><em>Quandoquidem</em></strong></span> <span class='ocrx_word' id='word_1_394' title='bbox 2049 3305 2208 3360; x_wconf 85' lang='lat' dir='ltr'><strong><em>semel</em></strong></span> <span class='ocrx_word' id='word_1_395' title='bbox 2226 3305 2440 3374; x_wconf 84' lang='lat' dir='ltr'><strong><em>Ariani,</em></strong></span> <span class='ocrx_word' id='word_1_396' title='bbox 2463 3317 2521 3358; x_wconf 90' lang='lat' dir='ltr'><strong><em>ut</em></strong></span> <span class='ocrx_word' id='word_1_397' title='bbox 2560 3304 2784 3370; x_wconf 80' lang='lat' dir='ltr'><strong><em>videtur,</em></strong></span> <span class='ocrx_word' id='word_1_398' title='bbox 2821 3304 3054 3358; x_wconf 89' lang='lat' dir='ltr'><strong><em>animum</em></strong></span> <span class='ocrx_word' id='word_1_399' title='bbox 3074 3301 3393 3356; x_wconf 85' lang='lat' dir='ltr'><strong><em>induxerunt</em></strong></span> <span class='ocrx_word' id='word_1_400' title='bbox 3417 3319 3451 3356; x_wconf 90' lang='lat' dir='ltr'><strong><em>a</em></strong></span> 
     </span>
    </p>
   </div>
   <div class='ocr_carea' id='block_1_31' title="bbox 171 3394 3447 3469">
    <p class='ocr_par' dir='ltr' id='par_1_31' title="bbox 171 3394 3447 3469">
     <span class='ocr_line' id='line_1_33' title="bbox 171 3394 3447 3469; baseline -0.002 -15"><span class='ocrx_word' id='word_1_401' title='bbox 171 3420 192 3454; x_wconf 76' lang='grc' dir='ltr'>ι</span> <span class='ocrx_word' id='word_1_402' title='bbox 214 3402 442 3456; x_wconf 79' lang='lat' dir='ltr'><strong><em>veritate</em></strong></span> <span class='ocrx_word' id='word_1_403' title='bbox 463 3401 804 3455; x_wconf 65' lang='lat' dir='ltr'><strong><em>desciscere.»</em></strong></span> <span class='ocrx_word' id='word_1_404' title='bbox 831 3398 957 3454; x_wconf 80' lang='lat' dir='ltr'><strong><em>Htec</em></strong></span> <span class='ocrx_word' id='word_1_405' title='bbox 982 3399 1077 3463; x_wconf 89' lang='lat' dir='ltr'><strong><em>ibi,</em></strong></span> <span class='ocrx_word' id='word_1_406' title='bbox 1103 3414 1220 3469; x_wconf 66' lang='lat' dir='ltr'><strong><em>qua</em></strong></span> <span class='ocrx_word' id='word_1_407' title='bbox 1247 3399 1368 3452; x_wconf 87' lang='lat' dir='ltr'><strong><em>item</em></strong></span> <span class='ocrx_word' id='word_1_408' title='bbox 1399 3397 1657 3452; x_wconf 90' lang='lat' dir='ltr'><strong><em>habentur</em></strong></span> <span class='ocrx_word' id='word_1_409' title='bbox 1682 3401 1737 3454; x_wconf 91' lang='lat' dir='ltr'><strong><em>in</em></strong></span> <span class='ocrx_word' id='word_1_410' title='bbox 1766 3400 1942 3454; x_wconf 90' lang='lat' dir='ltr'><strong><em>codice</em></strong></span> <span class='ocrx_word' id='word_1_411' title='bbox 1969 3398 2308 3466; x_wconf 85' lang='lat' dir='ltr'><strong><em>Gobleriano,</em></strong></span> <span class='ocrx_word' id='word_1_412' title='bbox 2335 3415 2498 3469; x_wconf 89' lang='lat' dir='ltr'><strong><em>eaque</em></strong></span> <span class='ocrx_word' id='word_1_413' title='bbox 2520 3397 2908 3452; x_wconf 83' lang='lat' dir='ltr'><strong><em>Felckmannus</em></strong></span> <span class='ocrx_word' id='word_1_414' title='bbox 2935 3397 3011 3449; x_wconf 90' lang='lat' dir='ltr'><strong><em>ait</em></strong></span> <span class='ocrx_word' id='word_1_415' title='bbox 3033 3411 3143 3450; x_wconf 88' lang='lat' dir='ltr'><strong><em>esse</em></strong></span> <span class='ocrx_word' id='word_1_416' title='bbox 3169 3394 3447 3464; x_wconf 89' lang='lat' dir='ltr'><strong><em>cujusdam</em></strong></span> 
     </span>
    </p>
   </div>
   <div class='ocr_carea' id='block_1_32' title="bbox 167 3487 3446 3570">
    <p class='ocr_par' dir='ltr' id='par_1_32' title="bbox 167 3487 3446 3570">
     <span class='ocr_line' id='line_1_34' title="bbox 167 3487 3446 3570; baseline -0.004 -21"><span class='ocrx_word' id='word_1_417' title='bbox 167 3495 383 3550; x_wconf 77' lang='lat' dir='ltr'><strong><em>lectoris</em></strong></span> <span class='ocrx_word' id='word_1_418' title='bbox 413 3493 632 3548; x_wconf 86' lang='lat' dir='ltr'><strong><em>Romani</em></strong></span> <span class='ocrx_word' id='word_1_419' title='bbox 664 3493 874 3547; x_wconf 88' lang='lat' dir='ltr'><strong><em>nomine</em></strong></span> <span class='ocrx_word' id='word_1_420' title='bbox 902 3491 994 3563; x_wconf 90' lang='lat' dir='ltr'><strong><em>qui</em></strong></span> <span class='ocrx_word' id='word_1_421' title='bbox 1025 3491 1257 3546; x_wconf 86' lang='lat' dir='ltr'><strong><em>codicem</em></strong></span> <span class='ocrx_word' id='word_1_422' title='bbox 1279 3489 1656 3546; x_wconf 82' lang='lat' dir='ltr'><strong><em>Goblerianum</em></strong></span> <span class='ocrx_word' id='word_1_423' title='bbox 1681 3493 1913 3562; x_wconf 89' lang='lat' dir='ltr'><strong><em>scripsit.</em></strong></span> <span class='ocrx_word' id='word_1_424' title='bbox 1943 3492 2096 3546; x_wconf 83' lang='lat' dir='ltr'><strong><em>Editi</em></strong></span> <span class='ocrx_word' id='word_1_425' title='bbox 2117 3491 2290 3548; x_wconf 85' lang='lat' dir='ltr'><strong><em>Grteci</em></strong></span> <span class='ocrx_word' id='word_1_426' title='bbox 2322 3492 2549 3555; x_wconf 88' lang='lat' dir='ltr'><strong><em>codices,</em></strong></span> <span class='ocrx_word' id='word_1_427' title='bbox 2582 3500 2632 3546; x_wconf 91' lang='lat' dir='ltr'><strong><em>et</em></strong></span> <span class='ocrx_word' id='word_1_428' title='bbox 2668 3507 2770 3546; x_wconf 89' lang='lat' dir='ltr'><strong><em>ms.</em></strong></span> <span class='ocrx_word' id='word_1_429' title='bbox 2793 3488 3144 3570; x_wconf 68' lang='lat' dir='ltr'><strong><em>Felckmanni</em></strong></span> <span class='ocrx_word' id='word_1_430' title='bbox 3183 3487 3446 3542; x_wconf 88' lang='lat' dir='ltr'><strong><em>secundus</em></strong></span> 
     </span>
    </p>
   </div>
   <div class='ocr_carea' id='block_1_33' title="bbox 166 3581 3445 3658">
    <p class='ocr_par' dir='ltr' id='par_1_33' title="bbox 166 3581 3445 3658">
     <span class='ocr_line' id='line_1_35' title="bbox 166 3581 3445 3658; baseline -0.003 -17"><span class='ocrx_word' id='word_1_431' title='bbox 166 3587 292 3645; x_wconf 88' lang='lat' dir='ltr'><strong><em>licet</em></strong></span> <span class='ocrx_word' id='word_1_432' title='bbox 316 3587 472 3642; x_wconf 87' lang='lat' dir='ltr'><strong><em>illam</em></strong></span> <span class='ocrx_word' id='word_1_433' title='bbox 501 3587 782 3658; x_wconf 89' lang='lat' dir='ltr'><strong><em>epistolam</em></strong></span> <span class='ocrx_word' id='word_1_434' title='bbox 815 3601 916 3639; x_wconf 88' lang='lat' dir='ltr'><strong><em>non</em></strong></span> <span class='ocrx_word' id='word_1_435' title='bbox 950 3585 1238 3638; x_wconf 82' lang='lat' dir='ltr'><strong><em>inscribant</em></strong></span> <span class='ocrx_word' id='word_1_436' title='bbox 1273 3583 1505 3654; x_wconf 89' lang='lat' dir='ltr'><strong><em>primam</em></strong></span> <span class='ocrx_word' id='word_1_437' title='bbox 1537 3584 1864 3650; x_wconf 84' lang='lat' dir='ltr'><strong><em>orationem;</em></strong></span> <span class='ocrx_word' id='word_1_438' title='bbox 1893 3594 2067 3638; x_wconf 89' lang='lat' dir='ltr'><strong><em>tamen</em></strong></span> <span class='ocrx_word' id='word_1_439' title='bbox 2093 3600 2209 3638; x_wconf 89' lang='lat' dir='ltr'><strong><em>eam</em></strong></span> <span class='ocrx_word' id='word_1_440' title='bbox 2244 3599 2404 3654; x_wconf 90' lang='lat' dir='ltr'><strong><em>quam</em></strong></span> <span class='ocrx_word' id='word_1_441' title='bbox 2421 3583 2538 3652; x_wconf 88' lang='lat' dir='ltr'><strong><em>jam</em></strong></span> <span class='ocrx_word' id='word_1_442' title='bbox 2562 3599 2655 3636; x_wconf 91' lang='lat' dir='ltr'><strong><em>nos</em></strong></span> <span class='ocrx_word' id='word_1_443' title='bbox 2683 3582 2911 3652; x_wconf 75' lang='lat' dir='ltr'><strong><em>primani</em></strong></span> <span class='ocrx_word' id='word_1_444' title='bbox 2951 3581 3311 3644; x_wconf 86' lang='lat' dir='ltr'><strong><em>inscribimus,</em></strong></span> <span class='ocrx_word' id='word_1_445' title='bbox 3359 3594 3445 3633; x_wconf 86' lang='lat' dir='ltr'><strong><em>se-</em></strong></span> 
     </span>
    </p>
   </div>
   <div class='ocr_carea' id='block_1_34' title="bbox 163 3671 3438 3752">
    <p class='ocr_par' dir='ltr' id='par_1_34' title="bbox 163 3671 3438 3752">
     <span class='ocr_line' id='line_1_36' title="bbox 163 3671 3438 3752; baseline -0.007 -14"><span class='ocrx_word' id='word_1_446' title='bbox 163 3683 401 3738; x_wconf 85' lang='lat' dir='ltr'><strong><em>cundam</em></strong></span> <span class='ocrx_word' id='word_1_447' title='bbox 437 3680 727 3752; x_wconf 87' lang='lat' dir='ltr'><strong><em>appellant.</em></strong></span> <span class='ocrx_word' id='word_1_448' title='bbox 776 3677 845 3734; x_wconf 84' lang='lat' dir='ltr'><strong><em>In</em></strong></span> <span class='ocrx_word' id='word_1_449' title='bbox 870 3677 1158 3734; x_wconf 83' lang='lat' dir='ltr'><strong><em>Basiliensi</em></strong></span> <span class='ocrx_word' id='word_1_450' title='bbox 1185 3677 1362 3732; x_wconf 89' lang='lat' dir='ltr'><strong><em>codice</em></strong></span> <span class='ocrx_word' id='word_1_451' title='bbox 1397 3687 1501 3731; x_wconf 89' lang='lat' dir='ltr'><strong><em>tres</em></strong></span> <span class='ocrx_word' id='word_1_452' title='bbox 1526 3676 1710 3744; x_wconf 79' lang='lat' dir='ltr'><strong><em>prima:</em></strong></span> <span class='ocrx_word' id='word_1_453' title='bbox 1743 3677 2012 3730; x_wconf 83' lang='lat' dir='ltr'><strong><em>orationes</em></strong></span> <span class='ocrx_word' id='word_1_454' title='bbox 2041 3675 2223 3729; x_wconf 90' lang='lat' dir='ltr'><strong><em>eodem</em></strong></span> <span class='ocrx_word' id='word_1_455' title='bbox 2267 3673 2472 3739; x_wconf 89' lang='lat' dir='ltr'><strong><em>ordine,</em></strong></span> <span class='ocrx_word' id='word_1_456' title='bbox 2501 3690 2601 3744; x_wconf 86' lang='lat' dir='ltr'><strong><em>quo</em></strong></span> <span class='ocrx_word' id='word_1_457' title='bbox 2618 3673 2736 3742; x_wconf 89' lang='lat' dir='ltr'><strong><em>jam</em></strong></span> <span class='ocrx_word' id='word_1_458' title='bbox 2783 3690 2815 3726; x_wconf 93' lang='lat' dir='ltr'><strong><em>a</em></strong></span> <span class='ocrx_word' id='word_1_459' title='bbox 2853 3671 3023 3736; x_wconf 89' lang='lat' dir='ltr'><strong><em>nobis,</em></strong></span> <span class='ocrx_word' id='word_1_460' title='bbox 3055 3678 3402 3726; x_wconf 87' lang='lat' dir='ltr'><strong><em>numerantur</em></strong></span> <span class='ocrx_word' id='word_1_461' title='bbox 3424 3693 3438 3716; x_wconf 71' lang='lat'><strong><em>.</em></strong></span> 
     </span>
    </p>
   </div>
   <div class='ocr_carea' id='block_1_35' title="bbox 162 3759 3442 3843">
    <p class='ocr_par' dir='ltr' id='par_1_35' title="bbox 162 3759 3442 3843">
     <span class='ocr_line' id='line_1_37' title="bbox 162 3759 3442 3843; baseline -0.006 -10"><span class='ocrx_word' id='word_1_462' title='bbox 162 3779 257 3834; x_wconf 79' lang='lat' dir='ltr'><strong><em>sed</em></strong></span> <span class='ocrx_word' id='word_1_463' title='bbox 288 3794 452 3833; x_wconf 74' lang='lat' dir='ltr'><strong><em>quam</em></strong></span> <span class='ocrx_word' id='word_1_464' title='bbox 477 3771 724 3843; x_wconf 80' lang='lat' dir='ltr'><strong><em>quartam</em></strong></span> <span class='ocrx_word' id='word_1_465' title='bbox 745 3773 1108 3838; x_wconf 87' lang='lat' dir='ltr'><strong><em>inscribimus,</em></strong></span> <span class='ocrx_word' id='word_1_466' title='bbox 1137 3771 1209 3826; x_wconf 93' lang='lat' dir='ltr'><strong><em>ibi</em></strong></span> <span class='ocrx_word' id='word_1_467' title='bbox 1235 3779 1385 3826; x_wconf 87' lang='lat' dir='ltr'><strong><em>sexta</em></strong></span> <span class='ocrx_word' id='word_1_468' title='bbox 1414 3770 1646 3835; x_wconf 87' lang='lat' dir='ltr'><strong><em>dicitur;</em></strong></span> <span class='ocrx_word' id='word_1_469' title='bbox 1670 3770 1807 3840; x_wconf 74' lang='lat' dir='ltr'><strong><em>forte</em></strong></span> <span class='ocrx_word' id='word_1_470' title='bbox 1831 3785 2013 3839; x_wconf 87' lang='lat' dir='ltr'><strong><em>nempe</em></strong></span> <span class='ocrx_word' id='word_1_471' title='bbox 2039 3769 2180 3840; x_wconf 89' lang='lat' dir='ltr'><strong><em>quod</em></strong></span> <span class='ocrx_word' id='word_1_472' title='bbox 2211 3767 2435 3838; x_wconf 88' lang='lat' dir='ltr'><strong><em>epistola</em></strong></span> <span class='ocrx_word' id='word_1_473' title='bbox 2458 3765 2723 3836; x_wconf 77' lang='lat' dir='ltr'><strong><em>encyclica</em></strong></span> <span class='ocrx_word' id='word_1_474' title='bbox 2750 3767 2819 3819; x_wconf 91' lang='lat' dir='ltr'><strong><em>ad</em></strong></span> <span class='ocrx_word' id='word_1_475' title='bbox 2851 3767 3119 3835; x_wconf 85' lang='lat' dir='ltr'><strong><em>episcopos</em></strong></span> <span class='ocrx_word' id='word_1_476' title='bbox 3149 3761 3371 3834; x_wconf 64' lang='lat' dir='ltr'><strong><em>Egypti</em></strong></span> <span class='ocrx_word' id='word_1_477' title='bbox 3391 3759 3442 3814; x_wconf 74' lang='grc' dir='ltr'><strong><em>σι</em></strong></span> 
     </span>
    </p>
   </div>
   <div class='ocr_carea' id='block_1_36' title="bbox 165 3853 3440 3942">
    <p class='ocr_par' dir='ltr' id='par_1_36' title="bbox 165 3853 3440 3942">
     <span class='ocr_line' id='line_1_38' title="bbox 165 3853 3440 3942; baseline -0.005 -16"><span class='ocrx_word' id='word_1_478' title='bbox 165 3869 373 3939; x_wconf 74' lang='lat' dir='ltr'><strong><em>Libgte,</em></strong></span> <span class='ocrx_word' id='word_1_479' title='bbox 405 3869 463 3922; x_wconf 89' lang='lat' dir='ltr'><strong><em>in</em></strong></span> <span class='ocrx_word' id='word_1_480' title='bbox 503 3868 769 3942; x_wconf 88' lang='lat' dir='ltr'><strong><em>aliquibus</em></strong></span> <span class='ocrx_word' id='word_1_481' title='bbox 818 3866 1086 3921; x_wconf 85' lang='lat' dir='ltr'><strong><em>codicibus</em></strong></span> <span class='ocrx_word' id='word_1_482' title='bbox 1121 3863 1295 3920; x_wconf 87' lang='lat' dir='ltr'><strong><em>oratio</em></strong></span> <span class='ocrx_word' id='word_1_483' title='bbox 1325 3871 1518 3934; x_wconf 91' lang='lat' dir='ltr'><strong><em>quarta</em></strong></span> <span class='ocrx_word' id='word_1_484' title='bbox 1559 3862 1614 3914; x_wconf 91' lang='lat' dir='ltr'><strong><em>in</em></strong></span> <span class='ocrx_word' id='word_1_485' title='bbox 1657 3861 1889 3915; x_wconf 85' lang='lat' dir='ltr'><strong><em>Arianos</em></strong></span> <span class='ocrx_word' id='word_1_486' title='bbox 1929 3859 2249 3930; x_wconf 84' lang='lat' dir='ltr'><strong><em>appellatur,</em></strong></span> <span class='ocrx_word' id='word_1_487' title='bbox 2275 3870 2324 3913; x_wconf 91' lang='lat' dir='ltr'><strong><em>et</em></strong></span> <span class='ocrx_word' id='word_1_488' title='bbox 2366 3860 2540 3912; x_wconf 93' lang='lat' dir='ltr'><strong><em>oratio</em></strong></span> <span class='ocrx_word' id='word_1_489' title='bbox 2577 3857 2640 3912; x_wconf 87' lang='lat' dir='ltr'><strong><em>de</em></strong></span> <span class='ocrx_word' id='word_1_490' title='bbox 2665 3856 3042 3911; x_wconf 86' lang='lat' dir='ltr'><strong><em>Incarnatione</em></strong></span> <span class='ocrx_word' id='word_1_491' title='bbox 3078 3855 3252 3920; x_wconf 85' lang='lat' dir='ltr'><strong><em>Verbi,</em></strong></span> <span class='ocrx_word' id='word_1_492' title='bbox 3286 3853 3440 3920; x_wconf 72' lang='lat' dir='ltr'><strong><em>cujus</em></strong></span> 
     </span>
    </p>
   </div>
   <div class='ocr_carea' id='block_1_37' title="bbox 165 3947 1685 4037">
    <p class='ocr_par' dir='ltr' id='par_1_37' title="bbox 165 3954 1685 4037">
     <span class='ocr_line' id='line_1_39' title="bbox 165 3954 1685 4037; baseline -0.011 -12"><span class='ocrx_word' id='word_1_493' title='bbox 165 3970 404 4033; x_wconf 88' lang='lat' dir='ltr'><strong><em>initium,</em></strong></span> <span class='ocrx_word' id='word_1_494' title='bbox 432 3967 496 4023; x_wconf 88' lang='grc' dir='ltr'><strong><em>Οἱ</em></strong></span> <span class='ocrx_word' id='word_1_495' title='bbox 521 3964 1087 4037; x_wconf 72' lang='grc' dir='ltr'><strong><em>κακοτέχνως,ιιιιὶηια</em></strong></span> <span class='ocrx_word' id='word_1_496' title='bbox 1114 3966 1442 4022; x_wconf 87' lang='lat' dir='ltr'><strong><em>numeratur,</em></strong></span> <span class='ocrx_word' id='word_1_497' title='bbox 1472 3965 1530 4010; x_wconf 92' lang='lat' dir='ltr'><strong><em>ut</em></strong></span> <span class='ocrx_word' id='word_1_498' title='bbox 1561 3957 1619 4010; x_wconf 88' lang='lat' dir='ltr'><strong><em>in</em></strong></span> <span class='ocrx_word' id='word_1_499' title='bbox 1647 3954 1685 4009; x_wconf 81' lang='lat' dir='ltr'><em>F</em></span> 
     </span>
    </p>
   </div>
   <div class='ocr_carea' id='block_1_38' title="bbox 1919 3947 3439 4037">
    <p class='ocr_par' dir='ltr' id='par_1_38' title="bbox 1919 3947 3439 4025">
     <span class='ocr_line' id='line_1_40' title="bbox 1919 3947 3439 4025; baseline -0.003 -17"><span class='ocrx_word' id='word_1_500' title='bbox 1919 3955 1988 4008; x_wconf 89' lang='lat' dir='ltr'><strong><em>mi</em></strong></span> <span class='ocrx_word' id='word_1_501' title='bbox 2018 3954 2202 4025; x_wconf 87' lang='lat' dir='ltr'><strong><em>quinto</em></strong></span> <span class='ocrx_word' id='word_1_502' title='bbox 2229 3953 2407 4008; x_wconf 88' lang='lat' dir='ltr'><strong><em>codice</em></strong></span> <span class='ocrx_word' id='word_1_503' title='bbox 2434 3968 2532 4008; x_wconf 91' lang='lat' dir='ltr'><strong><em>ms.</em></strong></span> <span class='ocrx_word' id='word_1_504' title='bbox 2554 3951 2620 4006; x_wconf 89' lang='lat' dir='ltr'><strong><em>In</em></strong></span> <span class='ocrx_word' id='word_1_505' title='bbox 2647 3951 2809 4022; x_wconf 81' lang='lat' dir='ltr'><strong><em>Regio</em></strong></span> <span class='ocrx_word' id='word_1_506' title='bbox 2835 3967 2934 4008; x_wconf 90' lang='lat' dir='ltr'><strong><em>ms.</em></strong></span> <span class='ocrx_word' id='word_1_507' title='bbox 2962 3949 3140 4004; x_wconf 88' lang='lat' dir='ltr'><strong><em>codice</em></strong></span> <span class='ocrx_word' id='word_1_508' title='bbox 3162 3947 3439 4006; x_wconf 88' lang='lat' dir='ltr'><strong><em>chartaceo</em></strong></span> 
     </span>
    </p>
   </div>
   <div class='ocr_carea' id='block_1_39' title="bbox 165 4042 3438 4132">
    <p class='ocr_par' dir='ltr' id='par_1_39' title="bbox 165 4042 3438 4132">
     <span class='ocr_line' id='line_1_41' title="bbox 165 4042 3438 4132; baseline -0.005 -15"><span class='ocrx_word' id='word_1_509' title='bbox 165 4072 272 4118; x_wconf 89' lang='lat' dir='ltr'><strong><em>tres</em></strong></span> <span class='ocrx_word' id='word_1_510' title='bbox 301 4061 492 4132; x_wconf 78' lang='lat' dir='ltr'><strong><em>prima:</em></strong></span> <span class='ocrx_word' id='word_1_511' title='bbox 520 4069 735 4113; x_wconf 86' lang='lat' dir='ltr'><strong><em>exstant</em></strong></span> <span class='ocrx_word' id='word_1_512' title='bbox 766 4059 1032 4112; x_wconf 89' lang='lat' dir='ltr'><strong><em>orationes</em></strong></span> <span class='ocrx_word' id='word_1_513' title='bbox 1062 4053 1246 4109; x_wconf 87' lang='lat' dir='ltr'><strong><em>eadem</em></strong></span> <span class='ocrx_word' id='word_1_514' title='bbox 1268 4052 1421 4118; x_wconf 86' lang='lat' dir='ltr'><strong><em>serie,</em></strong></span> <span class='ocrx_word' id='word_1_515' title='bbox 1443 4059 1501 4104; x_wconf 92' lang='lat' dir='ltr'><strong><em>ut</em></strong></span> <span class='ocrx_word' id='word_1_516' title='bbox 1532 4050 1631 4104; x_wconf 90' lang='lat' dir='ltr'><strong><em>hac</em></strong></span> <span class='ocrx_word' id='word_1_517' title='bbox 1661 4050 1714 4103; x_wconf 91' lang='lat' dir='ltr'><strong><em>in</em></strong></span> <span class='ocrx_word' id='word_1_518' title='bbox 1745 4058 1926 4103; x_wconf 91' lang='lat' dir='ltr'><strong><em>nostra</em></strong></span> <span class='ocrx_word' id='word_1_519' title='bbox 1961 4048 2212 4112; x_wconf 85' lang='lat' dir='ltr'><strong><em>editione,</em></strong></span> <span class='ocrx_word' id='word_1_520' title='bbox 2240 4055 2551 4109; x_wconf 70' lang='lat' dir='ltr'><strong><em>numeratae,</em></strong></span> <span class='ocrx_word' id='word_1_521' title='bbox 2585 4046 2676 4100; x_wconf 88' lang='lat' dir='ltr'><strong><em>sed</em></strong></span> <span class='ocrx_word' id='word_1_522' title='bbox 2705 4055 2898 4117; x_wconf 92' lang='lat' dir='ltr'><strong><em>quarta</em></strong></span> <span class='ocrx_word' id='word_1_523' title='bbox 2922 4044 3083 4099; x_wconf 85' lang='lat' dir='ltr'><strong><em>deest.</em></strong></span> <span class='ocrx_word' id='word_1_524' title='bbox 3106 4042 3174 4098; x_wconf 84' lang='lat' dir='ltr'><strong><em>In</em></strong></span> <span class='ocrx_word' id='word_1_525' title='bbox 3207 4045 3314 4100; x_wconf 82' lang='lat' dir='ltr'><strong><em>alio</em></strong></span> <span class='ocrx_word' id='word_1_526' title='bbox 3338 4045 3438 4104; x_wconf 82' lang='lat' dir='ltr'><strong><em>Re-</em></strong></span> 
     </span>
    </p>
   </div>
   <div class='ocr_carea' id='block_1_40' title="bbox 162 4139 3440 4232">
    <p class='ocr_par' dir='ltr' id='par_1_40' title="bbox 162 4139 3440 4232">
     <span class='ocr_line' id='line_1_42' title="bbox 162 4139 3440 4232; baseline -0.008 -16"><span class='ocrx_word' id='word_1_527' title='bbox 162 4161 250 4232; x_wconf 90' lang='lat' dir='ltr'><strong><em>gio</em></strong></span> <span class='ocrx_word' id='word_1_528' title='bbox 272 4161 493 4230; x_wconf 70' lang='lat' dir='ltr'><strong><em>optimc</em></strong></span> <span class='ocrx_word' id='word_1_529' title='bbox 519 4165 656 4212; x_wconf 79' lang='lat' dir='ltr'><strong><em>notae</em></strong></span> <span class='ocrx_word' id='word_1_530' title='bbox 679 4172 780 4211; x_wconf 87' lang='lat' dir='ltr'><strong><em>ms.</em></strong></span> <span class='ocrx_word' id='word_1_531' title='bbox 806 4154 1004 4220; x_wconf 89' lang='lat' dir='ltr'><strong><em>codice,</em></strong></span> <span class='ocrx_word' id='word_1_532' title='bbox 1029 4153 1118 4222; x_wconf 86' lang='lat' dir='ltr'><strong><em>qui</em></strong></span> <span class='ocrx_word' id='word_1_533' title='bbox 1148 4150 1379 4204; x_wconf 82' lang='lat' dir='ltr'><strong><em>mediam</em></strong></span> <span class='ocrx_word' id='word_1_534' title='bbox 1408 4147 1635 4218; x_wconf 89' lang='lat' dir='ltr'><strong><em>Operum</em></strong></span> <span class='ocrx_word' id='word_1_535' title='bbox 1660 4144 1718 4200; x_wconf 92' lang='lat' dir='ltr'><strong><em>S.</em></strong></span> <span class='ocrx_word' id='word_1_536' title='bbox 1745 4143 2030 4200; x_wconf 89' lang='lat' dir='ltr'><strong><em>Athanasii</em></strong></span> <span class='ocrx_word' id='word_1_537' title='bbox 2061 4151 2268 4211; x_wconf 87' lang='lat' dir='ltr'><strong><em>partem</em></strong></span> <span class='ocrx_word' id='word_1_538' title='bbox 2309 4144 2567 4207; x_wconf 84' lang='lat' dir='ltr'><strong><em>continet,</em></strong></span> <span class='ocrx_word' id='word_1_539' title='bbox 2596 4142 2720 4197; x_wconf 82' lang='lat' dir='ltr'><strong><em>duat</em></strong></span> <span class='ocrx_word' id='word_1_540' title='bbox 2753 4140 2974 4209; x_wconf 63' lang='lat' dir='ltr'><strong><em>ultimae,</em></strong></span> <span class='ocrx_word' id='word_1_541' title='bbox 3002 4139 3157 4193; x_wconf 90' lang='lat' dir='ltr'><strong><em>initio</em></strong></span> <span class='ocrx_word' id='word_1_542' title='bbox 3178 4140 3440 4194; x_wconf 85' lang='lat' dir='ltr'><strong><em>habentur</em></strong></span> 
     </span>
    </p>
   </div>
   <div class='ocr_carea' id='block_1_41' title="bbox 160 4231 3436 4320">
    <p class='ocr_par' dir='ltr' id='par_1_41' title="bbox 160 4231 3436 4320">
     <span class='ocr_line' id='line_1_43' title="bbox 160 4231 3436 4320; baseline -0.006 -14"><span class='ocrx_word' id='word_1_543' title='bbox 160 4231 589 4320; x_wconf 81' lang='lat' dir='ltr'><strong><em>orationes,quoe</em></strong></span> <span class='ocrx_word' id='word_1_544' title='bbox 613 4247 740 4302; x_wconf 87' lang='lat' dir='ltr'><strong><em>item</em></strong></span> <span class='ocrx_word' id='word_1_545' title='bbox 767 4245 958 4299; x_wconf 88' lang='lat' dir='ltr'><strong><em>ibidem</em></strong></span> <span class='ocrx_word' id='word_1_546' title='bbox 985 4241 1142 4298; x_wconf 89' lang='lat' dir='ltr'><strong><em>tertia</em></strong></span> <span class='ocrx_word' id='word_1_547' title='bbox 1159 4249 1207 4296; x_wconf 94' lang='lat' dir='ltr'><strong><em>et</em></strong></span> <span class='ocrx_word' id='word_1_548' title='bbox 1222 4247 1415 4311; x_wconf 89' lang='lat' dir='ltr'><strong><em>quarta</em></strong></span> <span class='ocrx_word' id='word_1_549' title='bbox 1442 4244 1836 4306; x_wconf 89' lang='lat' dir='ltr'><strong><em>nuncupantur.</em></strong></span> <span class='ocrx_word' id='word_1_550' title='bbox 1853 4233 1957 4287; x_wconf 87' lang='lat' dir='ltr'><strong><em>Sed</em></strong></span> <span class='ocrx_word' id='word_1_551' title='bbox 1979 4249 2042 4286; x_wconf 90' lang='lat' dir='ltr'><strong><em>ne</em></strong></span> <span class='ocrx_word' id='word_1_552' title='bbox 2071 4232 2276 4288; x_wconf 88' lang='lat' dir='ltr'><strong><em>diutius</em></strong></span> <span class='ocrx_word' id='word_1_553' title='bbox 2299 4233 2354 4286; x_wconf 92' lang='lat' dir='ltr'><strong><em>in</em></strong></span> <span class='ocrx_word' id='word_1_554' title='bbox 2376 4232 2747 4303; x_wconf 87' lang='lat' dir='ltr'><strong><em>percurrendis</em></strong></span> <span class='ocrx_word' id='word_1_555' title='bbox 2777 4233 3152 4302; x_wconf 88' lang='lat' dir='ltr'><strong><em>manuscriptis</em></strong></span> <span class='ocrx_word' id='word_1_556' title='bbox 3167 4231 3436 4286; x_wconf 88' lang='lat' dir='ltr'><strong><em>codicibus</em></strong></span> 
     </span>
    </p>
   </div>
   <div class='ocr_carea' id='block_1_42' title="bbox 160 4327 3436 4418">
    <p class='ocr_par' dir='ltr' id='par_1_42' title="bbox 160 4327 3436 4418">
     <span class='ocr_line' id='line_1_44' title="bbox 160 4327 3436 4418; baseline -0.008 -17"><span class='ocrx_word' id='word_1_557' title='bbox 160 4361 529 4418; x_wconf 58' lang='lat' dir='ltr'><strong><em>immoremur,</em></strong></span> <span class='ocrx_word' id='word_1_558' title='bbox 555 4344 668 4398; x_wconf 83' lang='lat' dir='ltr'><strong><em>vide</em></strong></span> <span class='ocrx_word' id='word_1_559' title='bbox 695 4343 1048 4410; x_wconf 79' lang='lat' dir='ltr'><strong><em>discrepantes</em></strong></span> <span class='ocrx_word' id='word_1_560' title='bbox 1081 4338 1324 4392; x_wconf 87' lang='lat' dir='ltr'><strong><em>lectiones</em></strong></span> <span class='ocrx_word' id='word_1_561' title='bbox 1353 4351 1484 4406; x_wconf 90' lang='lat' dir='ltr'><strong><em>quas</em></strong></span> <span class='ocrx_word' id='word_1_562' title='bbox 1515 4332 1751 4387; x_wconf 88' lang='lat' dir='ltr'><strong><em>studiose</em></strong></span> <span class='ocrx_word' id='word_1_563' title='bbox 1787 4329 2094 4399; x_wconf 85' lang='lat' dir='ltr'><strong><em>collegimus</em></strong></span> <span class='ocrx_word' id='word_1_564' title='bbox 2136 4327 2205 4381; x_wconf 90' lang='lat' dir='ltr'><strong><em>ad</em></strong></span> <span class='ocrx_word' id='word_1_565' title='bbox 2237 4328 2451 4382; x_wconf 87' lang='lat' dir='ltr'><strong><em>initium</em></strong></span> <span class='ocrx_word' id='word_1_566' title='bbox 2482 4327 2816 4398; x_wconf 86' lang='lat' dir='ltr'><strong><em>singularum</em></strong></span> <span class='ocrx_word' id='word_1_567' title='bbox 2847 4327 3174 4394; x_wconf 86' lang='lat' dir='ltr'><strong><em>orationum,</em></strong></span> <span class='ocrx_word' id='word_1_568' title='bbox 3208 4341 3300 4380; x_wconf 81' lang='lat' dir='ltr'><strong><em>nec</em></strong></span> <span class='ocrx_word' id='word_1_569' title='bbox 3331 4341 3436 4378; x_wconf 88' lang='lat' dir='ltr'><strong><em>non</em></strong></span> 
     </span>
    </p>
   </div>
   <div class='ocr_carea' id='block_1_43' title="bbox 158 4415 3436 4510">
    <p class='ocr_par' dir='ltr' id='par_1_43' title="bbox 158 4415 3436 4510">
     <span class='ocr_line' id='line_1_45' title="bbox 158 4415 3436 4510; baseline -0.009 -16"><span class='ocrx_word' id='word_1_570' title='bbox 158 4415 403 4510; x_wconf 68' lang='lat' dir='ltr'><strong><em>epistola</em></strong></span> <span class='ocrx_word' id='word_1_571' title='bbox 423 4435 704 4506; x_wconf 77' lang='lat' dir='ltr'><strong><em>encyclicte</em></strong></span> <span class='ocrx_word' id='word_1_572' title='bbox 733 4433 801 4488; x_wconf 89' lang='lat' dir='ltr'><strong><em>ad</em></strong></span> <span class='ocrx_word' id='word_1_573' title='bbox 838 4433 1105 4502; x_wconf 87' lang='lat' dir='ltr'><strong><em>episcopos</em></strong></span> <span class='ocrx_word' id='word_1_574' title='bbox 1129 4427 1353 4498; x_wconf 60' lang='lat' dir='ltr'><strong><em>Egypti</em></strong></span> <span class='ocrx_word' id='word_1_575' title='bbox 1377 4435 1427 4481; x_wconf 88' lang='lat' dir='ltr'><strong><em>et</em></strong></span> <span class='ocrx_word' id='word_1_576' title='bbox 1448 4424 1652 4494; x_wconf 67' lang='lat' dir='ltr'><strong><em>Libyae,</em></strong></span> <span class='ocrx_word' id='word_1_577' title='bbox 1679 4432 1729 4478; x_wconf 89' lang='lat' dir='ltr'><strong><em>et</em></strong></span> <span class='ocrx_word' id='word_1_578' title='bbox 1755 4431 2018 4476; x_wconf 87' lang='lat' dir='ltr'><strong><em>tractatus</em></strong></span> <span class='ocrx_word' id='word_1_579' title='bbox 2060 4419 2214 4474; x_wconf 92' lang='lat' dir='ltr'><strong><em>modo</em></strong></span> <span class='ocrx_word' id='word_1_580' title='bbox 2261 4422 2542 4474; x_wconf 90' lang='lat' dir='ltr'><strong><em>memorati</em></strong></span> <span class='ocrx_word' id='word_1_581' title='bbox 2575 4419 2640 4474; x_wconf 90' lang='lat' dir='ltr'><strong><em>de</em></strong></span> <span class='ocrx_word' id='word_1_582' title='bbox 2670 4417 3070 4474; x_wconf 85' lang='lat' dir='ltr'><strong><em>Incarnatione.</em></strong></span> <span class='ocrx_word' id='word_1_583' title='bbox 3105 4415 3268 4473; x_wconf 71' lang='lat' dir='ltr'><strong><em>Multi</em></strong></span> <span class='ocrx_word' id='word_1_584' title='bbox 3297 4432 3436 4486; x_wconf 71' lang='lat' dir='ltr'><strong><em>pro)-</em></strong></span> 
     </span>
    </p>
   </div>
   <div class='ocr_carea' id='block_1_44' title="bbox 161 4512 3430 4602">
    <p class='ocr_par' dir='ltr' id='par_1_44' title="bbox 161 4512 3430 4602">
     <span class='ocr_line' id='line_1_46' title="bbox 161 4512 3430 4602; baseline -0.008 -15"><span class='ocrx_word' id='word_1_585' title='bbox 161 4541 305 4586; x_wconf 88' lang='lat' dir='ltr'><strong><em>terea</em></strong></span> <span class='ocrx_word' id='word_1_586' title='bbox 341 4531 550 4602; x_wconf 90' lang='lat' dir='ltr'><strong><em>antiqui</em></strong></span> <span class='ocrx_word' id='word_1_587' title='bbox 574 4530 855 4598; x_wconf 86' lang='lat' dir='ltr'><strong><em>scriptores</em></strong></span> <span class='ocrx_word' id='word_1_588' title='bbox 879 4526 1056 4580; x_wconf 89' lang='lat' dir='ltr'><strong><em>eodem</em></strong></span> <span class='ocrx_word' id='word_1_589' title='bbox 1083 4523 1264 4578; x_wconf 88' lang='lat' dir='ltr'><strong><em>ordine</em></strong></span> <span class='ocrx_word' id='word_1_590' title='bbox 1290 4522 1414 4576; x_wconf 88' lang='lat' dir='ltr'><strong><em>illas</em></strong></span> <span class='ocrx_word' id='word_1_591' title='bbox 1449 4523 1682 4575; x_wconf 88' lang='lat' dir='ltr'><strong><em>citarunt</em></strong></span> <span class='ocrx_word' id='word_1_592' title='bbox 1709 4518 1975 4573; x_wconf 86' lang='lat' dir='ltr'><strong><em>orationes</em></strong></span> <span class='ocrx_word' id='word_1_593' title='bbox 2008 4532 2072 4569; x_wconf 93' lang='lat' dir='ltr'><strong><em>ac</em></strong></span> <span class='ocrx_word' id='word_1_594' title='bbox 2097 4532 2191 4570; x_wconf 88' lang='lat' dir='ltr'><strong><em>nos</em></strong></span> <span class='ocrx_word' id='word_1_595' title='bbox 2223 4531 2590 4577; x_wconf 84' lang='lat' dir='ltr'><strong><em>numeramus.</em></strong></span> <span class='ocrx_word' id='word_1_596' title='bbox 2629 4525 2690 4568; x_wconf 88' lang='lat' dir='ltr'><strong><em>ut</em></strong></span> <span class='ocrx_word' id='word_1_597' title='bbox 2726 4513 2962 4584; x_wconf 78' lang='lat' dir='ltr'><strong><em>Cyrillus</em></strong></span> <span class='ocrx_word' id='word_1_598' title='bbox 3013 4512 3430 4572; x_wconf 74' lang='lat' dir='ltr'><strong><em>Alexandrinus,</em></strong></span> 
     </span>
    </p>
   </div>
   <div class='ocr_carea' id='block_1_45' title="bbox 160 4606 3431 4691">
    <p class='ocr_par' dir='ltr' id='par_1_45' title="bbox 160 4606 3431 4691">
     <span class='ocr_line' id='line_1_47' title="bbox 160 4606 3431 4691; baseline -0.008 -7"><span class='ocrx_word' id='word_1_599' title='bbox 160 4629 542 4690; x_wconf 85' lang='lat' dir='ltr'><strong><em>Theodoretus,</em></strong></span> <span class='ocrx_word' id='word_1_600' title='bbox 570 4623 912 4680; x_wconf 82' lang='lat' dir='ltr'><strong><em>Justinianus</em></strong></span> <span class='ocrx_word' id='word_1_601' title='bbox 939 4623 1248 4691; x_wconf 87' lang='lat' dir='ltr'><strong><em>imperator,</em></strong></span> <span class='ocrx_word' id='word_1_602' title='bbox 1273 4614 1715 4689; x_wconf 86' lang='lat' dir='ltr'><strong><em>quemadmodum</em></strong></span> <span class='ocrx_word' id='word_1_603' title='bbox 1741 4613 1850 4668; x_wconf 88' lang='lat' dir='ltr'><strong><em>suis</em></strong></span> <span class='ocrx_word' id='word_1_604' title='bbox 1885 4614 1939 4665; x_wconf 91' lang='lat' dir='ltr'><strong><em>in</em></strong></span> <span class='ocrx_word' id='word_1_605' title='bbox 1967 4611 2097 4666; x_wconf 88' lang='lat' dir='ltr'><strong><em>locis</em></strong></span> <span class='ocrx_word' id='word_1_606' title='bbox 2121 4613 2478 4666; x_wconf 81' lang='lat' dir='ltr'><strong><em>observamus.</em></strong></span> <span class='ocrx_word' id='word_1_607' title='bbox 2509 4608 2701 4664; x_wconf 83' lang='lat' dir='ltr'><strong><em>Verum</em></strong></span> <span class='ocrx_word' id='word_1_608' title='bbox 2728 4608 2864 4662; x_wconf 84' lang='lat' dir='ltr'><strong><em>nihil</em></strong></span> <span class='ocrx_word' id='word_1_609' title='bbox 2886 4624 3016 4677; x_wconf 87' lang='lat' dir='ltr'><strong><em>opus</em></strong></span> <span class='ocrx_word' id='word_1_610' title='bbox 3049 4607 3285 4679; x_wconf 88' lang='lat' dir='ltr'><strong><em>longiore</em></strong></span> <span class='ocrx_word' id='word_1_611' title='bbox 3311 4606 3431 4658; x_wconf 78' lang='lat' dir='ltr'><strong><em>dis-</em></strong></span> 
     </span>
    </p>
   </div>
   <div class='ocr_carea' id='block_1_46' title="bbox 155 4697 3426 4792">
    <p class='ocr_par' dir='ltr' id='par_1_46' title="bbox 155 4697 3426 4792">
     <span class='ocr_line' id='line_1_48' title="bbox 155 4697 3426 4792; baseline -0.009 -16"><span class='ocrx_word' id='word_1_612' title='bbox 155 4722 452 4792; x_wconf 87' lang='lat' dir='ltr'><strong><em>putatione,</em></strong></span> <span class='ocrx_word' id='word_1_613' title='bbox 489 4734 609 4773; x_wconf 89' lang='lat' dir='ltr'><strong><em>cum</em></strong></span> <span class='ocrx_word' id='word_1_614' title='bbox 633 4717 842 4771; x_wconf 90' lang='lat' dir='ltr'><strong><em>clarum</em></strong></span> <span class='ocrx_word' id='word_1_615' title='bbox 864 4715 935 4769; x_wconf 91' lang='lat' dir='ltr'><strong><em>sit</em></strong></span> <span class='ocrx_word' id='word_1_616' title='bbox 965 4727 1030 4767; x_wconf 88' lang='lat' dir='ltr'><strong><em>ex</em></strong></span> <span class='ocrx_word' id='word_1_617' title='bbox 1064 4711 1202 4766; x_wconf 85' lang='lat' dir='ltr'><strong><em>hisce</em></strong></span> <span class='ocrx_word' id='word_1_618' title='bbox 1227 4709 1355 4781; x_wconf 89' lang='lat' dir='ltr'><strong><em>ipsis</em></strong></span> <span class='ocrx_word' id='word_1_619' title='bbox 1383 4717 1614 4779; x_wconf 90' lang='lat' dir='ltr'><strong><em>quatuor</em></strong></span> <span class='ocrx_word' id='word_1_620' title='bbox 1649 4703 1979 4759; x_wconf 89' lang='lat' dir='ltr'><strong><em>orationibus</em></strong></span> <span class='ocrx_word' id='word_1_621' title='bbox 2015 4702 2150 4756; x_wconf 88' lang='lat' dir='ltr'><strong><em>nihil</em></strong></span> <span class='ocrx_word' id='word_1_622' title='bbox 2177 4712 2274 4759; x_wconf 86' lang='lat' dir='ltr'><strong><em>eas‘</em></strong></span> <span class='ocrx_word' id='word_1_623' title='bbox 2304 4718 2578 4757; x_wconf 89' lang='lat' dir='ltr'><strong><em>commune</em></strong></span> <span class='ocrx_word' id='word_1_624' title='bbox 2607 4717 2725 4755; x_wconf 89' lang='lat' dir='ltr'><strong><em>cum</em></strong></span> <span class='ocrx_word' id='word_1_625' title='bbox 2753 4700 2864 4754; x_wconf 88' lang='lat' dir='ltr'><strong><em>ullo</em></strong></span> <span class='ocrx_word' id='word_1_626' title='bbox 2902 4701 3012 4754; x_wconf 90' lang='lat' dir='ltr'><strong><em>alio</em></strong></span> <span class='ocrx_word' id='word_1_627' title='bbox 3033 4715 3187 4770; x_wconf 91' lang='lat' dir='ltr'><strong><em>opere</em></strong></span> <span class='ocrx_word' id='word_1_628' title='bbox 3215 4697 3426 4760; x_wconf 84' lang='lat' dir='ltr'><strong><em>habere,</em></strong></span> 
     </span>
    </p>
   </div>
   <div class='ocr_carea' id='block_1_47' title="bbox 155 4792 3422 4872">
    <p class='ocr_par' dir='ltr' id='par_1_47' title="bbox 155 4792 3422 4872">
     <span class='ocr_line' id='line_1_49' title="bbox 155 4792 3422 4872; baseline -0.008 -5"><span class='ocrx_word' id='word_1_629' title='bbox 155 4813 246 4868; x_wconf 89' lang='lat' dir='ltr'><strong><em>sed</em></strong></span> <span class='ocrx_word' id='word_1_630' title='bbox 272 4813 353 4866; x_wconf 91' lang='lat' dir='ltr'><strong><em>ita</em></strong></span> <span class='ocrx_word' id='word_1_631' title='bbox 376 4812 512 4864; x_wconf 83' lang='lat' dir='ltr'><strong><em>inter</em></strong></span> <span class='ocrx_word' id='word_1_632' title='bbox 539 4825 594 4864; x_wconf 91' lang='lat' dir='ltr'><strong><em>se</em></strong></span> <span class='ocrx_word' id='word_1_633' title='bbox 622 4808 900 4872; x_wconf 75' lang='lat' dir='ltr'><strong><em>conterere,</em></strong></span> <span class='ocrx_word' id='word_1_634' title='bbox 935 4813 995 4858; x_wconf 92' lang='lat' dir='ltr'><strong><em>ut</em></strong></span> <span class='ocrx_word' id='word_1_635' title='bbox 1025 4818 1188 4857; x_wconf 89' lang='lat' dir='ltr'><strong><em>unum</em></strong></span> <span class='ocrx_word' id='word_1_636' title='bbox 1224 4803 1354 4872; x_wconf 74' lang='lat' dir='ltr'><strong><em>ipsa:</em></strong></span> <span class='ocrx_word' id='word_1_637' title='bbox 1395 4815 1526 4869; x_wconf 91' lang='lat' dir='ltr'><strong><em>opus</em></strong></span> <span class='ocrx_word' id='word_1_638' title='bbox 1551 4797 1712 4851; x_wconf 86' lang='lat' dir='ltr'><strong><em>simul</em></strong></span> <span class='ocrx_word' id='word_1_639' title='bbox 1739 4796 2048 4865; x_wconf 75' lang='lat' dir='ltr'><strong><em>conficiant,</em></strong></span> <span class='ocrx_word' id='word_1_640' title='bbox 2081 4811 2308 4865; x_wconf 88' lang='lat' dir='ltr'><strong><em>quarum</em></strong></span> <span class='ocrx_word' id='word_1_641' title='bbox 2336 4794 2510 4864; x_wconf 88' lang='lat' dir='ltr'><strong><em>prima</em></strong></span> <span class='ocrx_word' id='word_1_642' title='bbox 2543 4793 2614 4848; x_wconf 92' lang='lat' dir='ltr'><strong><em>sit</em></strong></span> <span class='ocrx_word' id='word_1_643' title='bbox 2641 4792 2988 4864; x_wconf 87' lang='lat' dir='ltr'><strong><em>principium,</em></strong></span> <span class='ocrx_word' id='word_1_644' title='bbox 3021 4799 3216 4862; x_wconf 91' lang='lat' dir='ltr'><strong><em>quarta</em></strong></span> <span class='ocrx_word' id='word_1_645' title='bbox 3244 4797 3422 4851; x_wconf 81' lang='lat' dir='ltr'><strong><em>autem</em></strong></span> 
     </span>
    </p>
   </div>
   <div class='ocr_carea' id='block_1_48' title="bbox 154 4882 3425 4971">
    <p class='ocr_par' dir='ltr' id='par_1_48' title="bbox 154 4882 3425 4971">
     <span class='ocr_line' id='line_1_50' title="bbox 154 4882 3425 4971; baseline -0.008 -13"><span class='ocrx_word' id='word_1_646' title='bbox 154 4904 392 4957; x_wconf 86' lang='lat' dir='ltr'><strong><em>omnium</em></strong></span> <span class='ocrx_word' id='word_1_647' title='bbox 414 4904 486 4957; x_wconf 90' lang='lat' dir='ltr'><strong><em>sit</em></strong></span> <span class='ocrx_word' id='word_1_648' title='bbox 509 4901 653 4971; x_wconf 80' lang='lat' dir='ltr'><strong><em>ﬁnis,</em></strong></span> <span class='ocrx_word' id='word_1_649' title='bbox 678 4915 840 4971; x_wconf 90' lang='lat' dir='ltr'><strong><em>quam</em></strong></span> <span class='ocrx_word' id='word_1_650' title='bbox 857 4913 984 4951; x_wconf 88' lang='lat' dir='ltr'><strong><em>sane</em></strong></span> <span class='ocrx_word' id='word_1_651' title='bbox 1004 4897 1068 4950; x_wconf 94' lang='lat' dir='ltr'><strong><em>ob</em></strong></span> <span class='ocrx_word' id='word_1_652' title='bbox 1095 4909 1312 4949; x_wconf 89' lang='lat' dir='ltr'><strong><em>causam</em></strong></span> <span class='ocrx_word' id='word_1_653' title='bbox 1335 4891 1451 4947; x_wconf 89' lang='lat' dir='ltr'><strong><em>sola</em></strong></span> <span class='ocrx_word' id='word_1_654' title='bbox 1481 4891 1591 4945; x_wconf 70' lang='lat' dir='ltr'><strong><em>haec</em></strong></span> <span class='ocrx_word' id='word_1_655' title='bbox 1621 4887 1814 4941; x_wconf 90' lang='lat' dir='ltr'><strong><em>ultima</em></strong></span> <span class='ocrx_word' id='word_1_656' title='bbox 1841 4885 2005 4942; x_wconf 89' lang='lat' dir='ltr'><strong><em>solita</em></strong></span> <span class='ocrx_word' id='word_1_657' title='bbox 2030 4887 2348 4941; x_wconf 86' lang='lat' dir='ltr'><strong><em>terminatur</em></strong></span> <span class='ocrx_word' id='word_1_658' title='bbox 2369 4885 2726 4941; x_wconf 89' lang='lat' dir='ltr'><strong><em>conclusione.</em></strong></span> <span class='ocrx_word' id='word_1_659' title='bbox 2758 4884 2918 4939; x_wconf 83' lang='lat' dir='ltr'><strong><em>Ratio</em></strong></span> <span class='ocrx_word' id='word_1_660' title='bbox 2949 4894 3127 4937; x_wconf 89' lang='lat' dir='ltr'><strong><em>autem</em></strong></span> <span class='ocrx_word' id='word_1_661' title='bbox 3153 4897 3248 4936; x_wconf 89' lang='lat' dir='ltr'><strong><em>cur</em></strong></span> <span class='ocrx_word' id='word_1_662' title='bbox 3270 4882 3425 4952; x_wconf 83' lang='lat' dir='ltr'><strong><em>quin-</em></strong></span> 
     </span>
    </p>
   </div>
   <div class='ocr_carea' id='block_1_49' title="bbox 154 4975 3422 5067">
    <p class='ocr_par' dir='ltr' id='par_1_49' title="bbox 154 4975 3422 5067">
     <span class='ocr_line' id='line_1_51' title="bbox 154 4975 3422 5067; baseline -0.006 -17"><span class='ocrx_word' id='word_1_663' title='bbox 154 5013 252 5067; x_wconf 85' lang='lat' dir='ltr'><strong><em>que</em></strong></span> <span class='ocrx_word' id='word_1_664' title='bbox 279 4997 531 5050; x_wconf 81' lang='lat' dir='ltr'><strong><em>adversus</em></strong></span> <span class='ocrx_word' id='word_1_665' title='bbox 559 4994 789 5050; x_wconf 84' lang='lat' dir='ltr'><strong><em>Arianos</em></strong></span> <span class='ocrx_word' id='word_1_666' title='bbox 811 4993 1074 5047; x_wconf 90' lang='lat' dir='ltr'><strong><em>orationes</em></strong></span> <span class='ocrx_word' id='word_1_667' title='bbox 1100 4990 1156 5043; x_wconf 91' lang='lat' dir='ltr'><strong><em>in</em></strong></span> <span class='ocrx_word' id='word_1_668' title='bbox 1188 4987 1370 5042; x_wconf 87' lang='lat' dir='ltr'><strong><em>multis</em></strong></span> <span class='ocrx_word' id='word_1_669' title='bbox 1402 4993 1742 5040; x_wconf 88' lang='lat' dir='ltr'><strong><em>numerentur</em></strong></span> <span class='ocrx_word' id='word_1_670' title='bbox 1772 4983 2066 5050; x_wconf 85' lang='lat' dir='ltr'><strong><em>codicibus,</em></strong></span> <span class='ocrx_word' id='word_1_671' title='bbox 2095 4982 2247 5036; x_wconf 89' lang='lat' dir='ltr'><strong><em>nulla</em></strong></span> <span class='ocrx_word' id='word_1_672' title='bbox 2285 4981 2396 5036; x_wconf 84' lang='lat' dir='ltr'><strong><em>alia</em></strong></span> <span class='ocrx_word' id='word_1_673' title='bbox 2421 4982 2650 5048; x_wconf 76' lang='lat' dir='ltr'><strong><em>videtur,</em></strong></span> <span class='ocrx_word' id='word_1_674' title='bbox 2681 4997 2842 5052; x_wconf 90' lang='lat' dir='ltr'><strong><em>quam</em></strong></span> <span class='ocrx_word' id='word_1_675' title='bbox 2872 4978 3013 5051; x_wconf 86' lang='lat' dir='ltr'><strong><em>quod</em></strong></span> <span class='ocrx_word' id='word_1_676' title='bbox 3043 4979 3100 5032; x_wconf 92' lang='lat' dir='ltr'><strong><em>in</em></strong></span> <span class='ocrx_word' id='word_1_677' title='bbox 3126 4975 3238 5031; x_wconf 89' lang='lat' dir='ltr'><strong><em>illis</em></strong></span> <span class='ocrx_word' id='word_1_678' title='bbox 3269 4976 3422 5030; x_wconf 57' lang='lat' dir='ltr'><strong><em>codiv</em></strong></span> 
     </span>
    </p>
   </div>
   <div class='ocr_carea' id='block_1_50' title="bbox 156 5071 3418 5160">
    <p class='ocr_par' dir='ltr' id='par_1_50' title="bbox 156 5071 3418 5160">
     <span class='ocr_line' id='line_1_52' title="bbox 156 5071 3418 5160; baseline -0.006 -18"><span class='ocrx_word' id='word_1_679' title='bbox 156 5091 303 5145; x_wconf 84' lang='lat' dir='ltr'><strong><em>cibus</em></strong></span> <span class='ocrx_word' id='word_1_680' title='bbox 328 5089 555 5160; x_wconf 89' lang='lat' dir='ltr'><strong><em>epistola</em></strong></span> <span class='ocrx_word' id='word_1_681' title='bbox 575 5087 842 5158; x_wconf 82' lang='lat' dir='ltr'><strong><em>encyclica</em></strong></span> <span class='ocrx_word' id='word_1_682' title='bbox 863 5086 932 5139; x_wconf 89' lang='lat' dir='ltr'><strong><em>ad</em></strong></span> <span class='ocrx_word' id='word_1_683' title='bbox 961 5087 1227 5154; x_wconf 88' lang='lat' dir='ltr'><strong><em>episcopos</em></strong></span> <span class='ocrx_word' id='word_1_684' title='bbox 1256 5081 1480 5152; x_wconf 64' lang='lat' dir='ltr'><strong><em>Afgypti</em></strong></span> <span class='ocrx_word' id='word_1_685' title='bbox 1510 5089 1560 5134; x_wconf 91' lang='lat' dir='ltr'><strong><em>et</em></strong></span> <span class='ocrx_word' id='word_1_686' title='bbox 1595 5078 1776 5149; x_wconf 72' lang='lat' dir='ltr'><strong><em>Libyae</em></strong></span> <span class='ocrx_word' id='word_1_687' title='bbox 1795 5079 2033 5148; x_wconf 86' lang='lat' dir='ltr'><strong><em>proxime</em></strong></span> <span class='ocrx_word' id='word_1_688' title='bbox 2055 5089 2169 5134; x_wconf 91' lang='lat' dir='ltr'><strong><em>erat</em></strong></span> <span class='ocrx_word' id='word_1_689' title='bbox 2193 5087 2314 5132; x_wconf 90' lang='lat' dir='ltr'><strong><em>ante</em></strong></span> <span class='ocrx_word' id='word_1_690' title='bbox 2336 5087 2566 5148; x_wconf 90' lang='lat' dir='ltr'><strong><em>quatuor</em></strong></span> <span class='ocrx_word' id='word_1_691' title='bbox 2595 5079 2884 5143; x_wconf 88' lang='lat' dir='ltr'><strong><em>orationes,</em></strong></span> <span class='ocrx_word' id='word_1_692' title='bbox 2919 5090 3038 5145; x_wconf 77' lang='lat' dir='ltr'><strong><em>qua:</em></strong></span> <span class='ocrx_word' id='word_1_693' title='bbox 3055 5071 3266 5146; x_wconf 88' lang='lat' dir='ltr'><strong><em>quidem</em></strong></span> <span class='ocrx_word' id='word_1_694' title='bbox 3298 5089 3418 5126; x_wconf 87' lang='lat' dir='ltr'><strong><em>cum</em></strong></span> 
     </span>
    </p>
   </div>
   <div class='ocr_carea' id='block_1_51' title="bbox 156 5168 2747 5254">
    <p class='ocr_par' dir='ltr' id='par_1_51' title="bbox 156 5168 2747 5254">
     <span class='ocr_line' id='line_1_53' title="bbox 156 5168 2747 5254; baseline -0.008 -15"><span class='ocrx_word' id='word_1_695' title='bbox 156 5196 202 5240; x_wconf 91' lang='lat' dir='ltr'><strong><em>et</em></strong></span> <span class='ocrx_word' id='word_1_696' title='bbox 234 5187 351 5254; x_wconf 89' lang='lat' dir='ltr'><strong><em>ipsa</em></strong></span> <span class='ocrx_word' id='word_1_697' title='bbox 389 5184 460 5238; x_wconf 90' lang='lat' dir='ltr'><strong><em>sit</em></strong></span> <span class='ocrx_word' id='word_1_698' title='bbox 481 5183 536 5235; x_wconf 89' lang='lat' dir='ltr'><strong><em>in</em></strong></span> <span class='ocrx_word' id='word_1_699' title='bbox 557 5181 784 5234; x_wconf 81' lang='lat' dir='ltr'><strong><em>Arianos</em></strong></span> <span class='ocrx_word' id='word_1_700' title='bbox 807 5179 1121 5248; x_wconf 88' lang='lat' dir='ltr'><strong><em>composita,</em></strong></span> <span class='ocrx_word' id='word_1_701' title='bbox 1144 5177 1401 5245; x_wconf 87' lang='lat' dir='ltr'><strong><em>inscripta</em></strong></span> <span class='ocrx_word' id='word_1_702' title='bbox 1423 5175 1623 5228; x_wconf 88' lang='lat' dir='ltr'><strong><em>idcirco</em></strong></span> <span class='ocrx_word' id='word_1_703' title='bbox 1649 5181 1751 5233; x_wconf 86' lang='lat' dir='ltr'><strong><em>est,</em></strong></span> <span class='ocrx_word' id='word_1_704' title='bbox 1781 5189 1799 5223; x_wconf 75' lang='grc' dir='ltr'>ι</span> <span class='ocrx_word' id='word_1_705' title='bbox 1829 5170 2016 5226; x_wconf 90' lang='lat' dir='ltr'><strong><em>Oratio</em></strong></span> <span class='ocrx_word' id='word_1_706' title='bbox 2049 5170 2224 5238; x_wconf 90' lang='lat' dir='ltr'><strong><em>prima</em></strong></span> <span class='ocrx_word' id='word_1_707' title='bbox 2255 5177 2444 5223; x_wconf 91' lang='lat' dir='ltr'><strong><em>contra</em></strong></span> <span class='ocrx_word' id='word_1_708' title='bbox 2464 5168 2747 5223; x_wconf 66' lang='lat' dir='ltr'><strong><em>Arianos.»</em></strong></span> 
     </span>
    </p>
   </div>
   <div class='ocr_carea' id='block_1_52' title="bbox 224 5262 1744 5350">
    <p class='ocr_par' dir='ltr' id='par_1_52' title="bbox 224 5271 1744 5350">
     <span class='ocr_line' id='line_1_54' title="bbox 224 5271 1744 5350; baseline -0.01 -14"><span class='ocrx_word' id='word_1_709' title='bbox 224 5280 310 5336; x_wconf 86' lang='lat' dir='ltr'><strong><em>Ill.</em></strong></span> <span class='ocrx_word' id='word_1_710' title='bbox 331 5276 751 5350; x_wconf 14' lang='lat' dir='ltr'><strong><em>‘Supersedemus</em></strong></span> <span class='ocrx_word' id='word_1_711' title='bbox 770 5275 854 5329; x_wconf 87' lang='lat' dir='ltr'><strong><em>hic</em></strong></span> <span class='ocrx_word' id='word_1_712' title='bbox 873 5291 907 5328; x_wconf 95' lang='lat' dir='ltr'><strong><em>a</em></strong></span> <span class='ocrx_word' id='word_1_713' title='bbox 926 5272 1276 5344; x_wconf 85' lang='lat' dir='ltr'><strong><em>proponendis</em></strong></span> <span class='ocrx_word' id='word_1_714' title='bbox 1302 5271 1634 5342; x_wconf 89' lang='lat' dir='ltr'><strong><em>singularum</em></strong></span> <span class='ocrx_word' id='word_1_715' title='bbox 1651 5285 1744 5322; x_wconf 87' lang='lat' dir='ltr'><strong><em>ora</em></strong></span> 
     </span>
    </p>
   </div>
   <div class='ocr_carea' id='block_1_53' title="bbox 1893 5262 3413 5350">
    <p class='ocr_par' dir='ltr' id='par_1_53' title="bbox 1893 5262 3413 5336">
     <span class='ocr_line' id='line_1_55' title="bbox 1893 5262 3413 5336; baseline -0.003 -19"><span class='ocrx_word' id='word_1_716' title='bbox 1893 5283 1954 5320; x_wconf 75' lang='lat' dir='ltr'><strong><em>;m</em></strong></span> <span class='ocrx_word' id='word_1_717' title='bbox 1975 5265 2335 5336; x_wconf 87' lang='lat' dir='ltr'><strong><em>argumentis;</em></strong></span> <span class='ocrx_word' id='word_1_718' title='bbox 2362 5281 2443 5318; x_wconf 92' lang='lat' dir='ltr'><strong><em>res</em></strong></span> <span class='ocrx_word' id='word_1_719' title='bbox 2467 5263 2605 5317; x_wconf 89' lang='lat' dir='ltr'><strong><em>enim</em></strong></span> <span class='ocrx_word' id='word_1_720' title='bbox 2629 5279 2723 5318; x_wconf 88' lang='lat' dir='ltr'><strong><em>nos</em></strong></span> <span class='ocrx_word' id='word_1_721' title='bbox 2766 5262 2972 5332; x_wconf 89' lang='lat' dir='ltr'><strong><em>longius</em></strong></span> <span class='ocrx_word' id='word_1_722' title='bbox 2991 5262 3301 5316; x_wconf 89' lang='lat' dir='ltr'><strong><em>deduceret:</em></strong></span> <span class='ocrx_word' id='word_1_723' title='bbox 3325 5263 3413 5314; x_wconf 84' lang='lat' dir='ltr'><strong><em>sed</em></strong></span> 
     </span>
    </p>
   </div>
   <div class='ocr_carea' id='block_1_54' title="bbox 157 5355 3418 5444">
    <p class='ocr_par' dir='ltr' id='par_1_54' title="bbox 157 5355 3418 5444">
     <span class='ocr_line' id='line_1_56' title="bbox 157 5355 3418 5444; baseline -0.006 -17"><span class='ocrx_word' id='word_1_724' title='bbox 157 5374 386 5444; x_wconf 76' lang='lat' dir='ltr'><strong><em>singula,</em></strong></span> <span class='ocrx_word' id='word_1_725' title='bbox 417 5385 536 5442; x_wconf 72' lang='lat' dir='ltr'><strong><em>qua:</em></strong></span> <span class='ocrx_word' id='word_1_726' title='bbox 560 5369 724 5440; x_wconf 89' lang='lat' dir='ltr'><strong><em>digna</em></strong></span> <span class='ocrx_word' id='word_1_727' title='bbox 743 5367 1099 5422; x_wconf 76' lang='lat' dir='ltr'><strong><em>observatione</em></strong></span> <span class='ocrx_word' id='word_1_728' title='bbox 1121 5365 1270 5420; x_wconf 87' lang='lat' dir='ltr'><strong><em>nobis</em></strong></span> <span class='ocrx_word' id='word_1_729' title='bbox 1303 5365 1416 5419; x_wconf 81' lang='lat' dir='ltr'><strong><em>visa</em></strong></span> <span class='ocrx_word' id='word_1_730' title='bbox 1453 5373 1576 5418; x_wconf 89' lang='lat' dir='ltr'><strong><em>sunt</em></strong></span> <span class='ocrx_word' id='word_1_731' title='bbox 1607 5364 1662 5417; x_wconf 93' lang='lat' dir='ltr'><strong><em>in</em></strong></span> <span class='ocrx_word' id='word_1_732' title='bbox 1683 5361 1856 5416; x_wconf 86' lang='lat' dir='ltr'><strong><em>indice</em></strong></span> <span class='ocrx_word' id='word_1_733' title='bbox 1879 5360 2138 5414; x_wconf 90' lang='lat' dir='ltr'><strong><em>adnotare</em></strong></span> <span class='ocrx_word' id='word_1_734' title='bbox 2176 5358 2324 5412; x_wconf 88' lang='lat' dir='ltr'><strong><em>nobis</em></strong></span> <span class='ocrx_word' id='word_1_735' title='bbox 2360 5373 2504 5412; x_wconf 72' lang='lat' dir='ltr'><strong><em>cura:</em></strong></span> <span class='ocrx_word' id='word_1_736' title='bbox 2544 5356 2666 5423; x_wconf 82' lang='lat' dir='ltr'><strong><em>fuit,</em></strong></span> <span class='ocrx_word' id='word_1_737' title='bbox 2697 5371 2835 5426; x_wconf 83' lang='lat' dir='ltr'><strong><em>qute,</em></strong></span> <span class='ocrx_word' id='word_1_738' title='bbox 2866 5357 2951 5409; x_wconf 91' lang='lat' dir='ltr'><strong><em>cui</em></strong></span> <span class='ocrx_word' id='word_1_739' title='bbox 2985 5355 3236 5423; x_wconf 86' lang='lat' dir='ltr'><strong><em>lubuerit,</em></strong></span> <span class='ocrx_word' id='word_1_740' title='bbox 3259 5355 3418 5425; x_wconf 78' lang='lat' dir='ltr'><strong><em>facile</em></strong></span> 
     </span>
    </p>
   </div>
   <div class='ocr_carea' id='block_1_55' title="bbox 224 5539 3416 5626">
    <p class='ocr_par' dir='ltr' id='par_1_55' title="bbox 224 5539 3416 5626">
     <span class='ocr_line' id='line_1_57' title="bbox 224 5539 3416 5626; baseline -0.005 -19"><span class='ocrx_word' id='word_1_741' title='bbox 224 5553 297 5626; x_wconf 82' lang='grc' dir='ltr'><strong><em>(η)</em></strong></span> <span class='ocrx_word' id='word_1_742' title='bbox 324 5554 456 5626; x_wconf 65' lang='lat' dir='ltr'><strong><em>Pax.</em></strong></span> <span class='ocrx_word' id='word_1_743' title='bbox 482 5553 610 5609; x_wconf 70' lang='grc'><strong><em>212.</em></strong></span> <span class='ocrx_word' id='word_1_744' title='bbox 635 5582 705 5594; x_wconf 91' lang='lat'><strong><em>—</em></strong></span> <span class='ocrx_word' id='word_1_745' title='bbox 728 5552 826 5626; x_wconf 84' lang='lat' dir='ltr'><strong><em>llic</em></strong></span> <span class='ocrx_word' id='word_1_746' title='bbox 857 5562 908 5606; x_wconf 88' lang='lat' dir='ltr'><strong><em>et</em></strong></span> <span class='ocrx_word' id='word_1_747' title='bbox 939 5552 1076 5606; x_wconf 75' lang='lat' dir='ltr'><strong><em>infra</em></strong></span> <span class='ocrx_word' id='word_1_748' title='bbox 1103 5566 1206 5606; x_wconf 84' lang='lat' dir='ltr'><strong><em>non</em></strong></span> <span class='ocrx_word' id='word_1_749' title='bbox 1235 5547 1424 5612; x_wconf 86' lang='lat' dir='ltr'><strong><em>semel,</em></strong></span> <span class='ocrx_word' id='word_1_750' title='bbox 1453 5563 1576 5603; x_wconf 87' lang='lat' dir='ltr'><strong><em>cum</em></strong></span> <span class='ocrx_word' id='word_1_751' title='bbox 1613 5546 1679 5602; x_wconf 83' lang='lat' dir='ltr'><strong><em>ad</em></strong></span> <span class='ocrx_word' id='word_1_752' title='bbox 1703 5545 1818 5626; x_wconf 56' lang='lat' dir='ltr'><strong><em>loca</em></strong></span> <span class='ocrx_word' id='word_1_753' title='bbox 1847 5542 2101 5626; x_wconf 48' lang='lat' dir='ltr'><strong><em>parallela</em></strong></span> <span class='ocrx_word' id='word_1_754' title='bbox 2139 5549 2428 5599; x_wconf 82' lang='lat' dir='ltr'><strong><em>revocatur</em></strong></span> <span class='ocrx_word' id='word_1_755' title='bbox 2465 5540 2659 5597; x_wconf 85' lang='lat' dir='ltr'><strong><em>Lector</em></strong></span> <span class='ocrx_word' id='word_1_756' title='bbox 2679 5582 2694 5610; x_wconf 93' lang='lat'><strong><em>,</em></strong></span> <span class='ocrx_word' id='word_1_757' title='bbox 2752 5542 2976 5614; x_wconf 74' lang='lat' dir='ltr'><strong><em>paginas</em></strong></span> <span class='ocrx_word' id='word_1_758' title='bbox 3007 5540 3272 5612; x_wconf 79' lang='lat' dir='ltr'><strong><em>intelligat</em></strong></span> <span class='ocrx_word' id='word_1_759' title='bbox 3301 5539 3416 5592; x_wconf 79' lang='lat' dir='ltr'><strong><em>edi-</em></strong></span> 
     </span>
    </p>
   </div>
   <div class='ocr_carea' id='block_1_56' title="bbox 158 5615 2148 5694">
    <p class='ocr_par' dir='ltr' id='par_1_56' title="bbox 158 5615 2148 5694">
     <span class='ocr_line' id='line_1_58' title="bbox 158 5615 2148 5694; baseline -0.004 -18"><span class='ocrx_word' id='word_1_760' title='bbox 158 5615 313 5681; x_wconf 66' lang='lat' dir='ltr'><strong><em>tionis</em></strong></span> <span class='ocrx_word' id='word_1_761' title='bbox 339 5615 564 5680; x_wconf 62' lang='lat' dir='ltr'><strong><em>veneta:</em></strong></span> <span class='ocrx_word' id='word_1_762' title='bbox 588 5638 709 5694; x_wconf 70' lang='lat' dir='ltr'><strong><em>qua!</em></strong></span> <span class='ocrx_word' id='word_1_763' title='bbox 733 5625 783 5677; x_wconf 84' lang='lat' dir='ltr'><strong><em>in</em></strong></span> <span class='ocrx_word' id='word_1_764' title='bbox 821 5632 1005 5676; x_wconf 84' lang='lat' dir='ltr'><strong><em>nostro</em></strong></span> <span class='ocrx_word' id='word_1_765' title='bbox 1039 5633 1188 5676; x_wconf 80' lang='lat' dir='ltr'><strong><em>textu</em></strong></span> <span class='ocrx_word' id='word_1_766' title='bbox 1213 5628 1691 5692; x_wconf 75' lang='lat' dir='ltr'><strong><em>repraesentantur.</em></strong></span> <span class='ocrx_word' id='word_1_767' title='bbox 1719 5615 1876 5673; x_wconf 72' lang='lat' dir='ltr'><strong><em>Enn.</em></strong></span> <span class='ocrx_word' id='word_1_768' title='bbox 1903 5615 2148 5670; x_wconf 69' lang='grc' dir='ltr'><strong><em>Ρλτιιοι..</em></strong></span> 
     </span>
    </p>
   </div>
   <div class='ocr_carea' id='block_1_57' title="bbox 466 5707 3088 5800">
    <p class='ocr_par' dir='ltr' id='par_1_57' title="bbox 466 5707 3088 5800">
     <span class='ocr_line' id='line_1_59' title="bbox 466 5707 3088 5800; baseline 0.001 -23"><span class='ocrx_word' id='word_1_769' title='bbox 466 5718 743 5778; x_wconf 65' lang='grc' dir='ltr'><strong><em>Ρλτκοι..</em></strong></span> <span class='ocrx_word' id='word_1_770' title='bbox 770 5716 1162 5798; x_wconf 46' lang='grc' dir='ltr'><strong><em>ῧιιηΧΧνΙ.</em></strong></span> <span class='ocrx_word' id='word_1_771' title='bbox 1895 5797 1897 5800; x_wconf 4' lang='grc' dir='ltr'><strong><em>γ</em></strong></span> <span class='ocrx_word' id='word_1_772' title='bbox 3055 5707 3088 5768; x_wconf 77' lang='grc'><strong>1</strong></span> 
     </span>
    </p>
   </div>
   <div class='ocr_carea' id='block_1_58' title="bbox 1342 5972 1887 6117">
    <p class='ocr_par' dir='ltr' id='par_1_58' title="bbox 1342 5972 1887 6117">
     <span class='ocr_line' id='line_1_60' title="bbox 1342 5972 1887 6088; baseline 0.011 -43"><span class='ocrx_word' id='word_1_773' title='bbox 1342 6010 1421 6088; x_wconf 73' lang='grc' dir='ltr'><strong><em>ς)</em></strong></span> <span class='ocrx_word' id='word_1_774' title='bbox 1453 5998 1534 6027; x_wconf 52' lang='grc'><strong><em>*³</em></strong></span> <span class='ocrx_word' id='word_1_775' title='bbox 1574 5988 1656 6074; x_wconf 54' lang='grc' dir='ltr'><strong><em>ζῖΞ,</em></strong></span> <span class='ocrx_word' id='word_1_776' title='bbox 1687 5981 1769 6052; x_wconf 60' lang='grc'><strong><em>³”.’</em></strong></span> <span class='ocrx_word' id='word_1_777' title='bbox 1807 5977 1830 6051; x_wconf 58' lang='grc' dir='ltr'><strong><em>ξ</em></strong></span> <span class='ocrx_word' id='word_1_778' title='bbox 1847 5972 1887 6086; x_wconf 65' lang='lat'>)</span> 
     </span>
     <span class='ocr_line' id='line_1_61' title="bbox 1350 6039 1850 6117; baseline 0 0"><span class='ocrx_word' id='word_1_779' title='bbox 1350 6089 1425 6117; x_wconf 69' lang='lat'><strong><em>,..</em></strong></span> <span class='ocrx_word' id='word_1_780' title='bbox 1488 6039 1525 6117; x_wconf 71' lang='grc' dir='ltr'>ι</span> <span class='ocrx_word' id='word_1_781' title='bbox 1581 6058 1651 6107; x_wconf 64' lang='grc' dir='ltr'><strong><em>ι.)</em></strong></span> <span class='ocrx_word' id='word_1_782' title='bbox 1727 6067 1746 6095; x_wconf 70' lang='grc' dir='ltr'>ι</span> <span class='ocrx_word' id='word_1_783' title='bbox 1814 6051 1850 6090; x_wconf 56' lang='grc' dir='ltr'>κ</span> 
     </span>
    </p>
   </div>
   <div class='ocr_carea' id='block_1_59' title="bbox 1349 6089 1425 6167">
    <p class='ocr_par' dir='ltr' id='par_1_59' title="bbox 1349 6089 1425 6167">
     <span class='ocr_line' id='line_1_62' title="bbox 1349 6089 1425 6167; baseline 0 0"><span class='ocrx_word' id='word_1_784' title='bbox 1349 6089 1425 6167; x_wconf 71' lang='lat' dir='ltr'><strong><em>’T’</em></strong></span> 
     </span>
    </p>
   </div>
  </div>
