3850 6218
469 401 540 457 15
1074 406 1131 461 S.
1172 405 1546 464 ATHANASII
1589 407 1741 466 OPP.
1778 409 1960 467 PARS
1993 409 2034 467 1.
2076 443 2145 454 -
2183 409 2560 470 HISTORICA
2597 415 2683 470 ET
2722 413 3149 477 DOCMATICA.
3663 423 3730 479 16

469 533 616 581 recte
638 525 936 582 sentientes
964 528 1373 596 commendare,
1414 528 1791 601 atiirmareque
1817 531 2037 603 Aposto-

2157 534 2382 610 ξανδρον
2412 541 2747 596 συνιστάνειν
2777 543 2853 608 ὡς
2879 543 3058 607 καλῶς
3085 542 3432 617 φρονοῦντας,
3470 543 3562 600 καὶ
3594 543 3728 617 ψεύ-

469 617 582 672 lum
609 616 747 672 falsa
778 616 888 673 illis
925 615 1220 674 aﬂinxisse.
1250 618 1450 676 Verum
1499 638 1658 678 nemo
1696 622 2046 681 Christianus

470 706 573 765 ista
602 708 682 786 vel
716 708 906 763 audire
936 709 1165 764 voluerit
1200 727 1214 764 :
1261 725 1423 766 nemo
1453 727 1600 778 eum,
1635 713 1730 783 qui
1757 714 1871 770 haec
1900 715 2048 770 ausit

468 799 672 864 dicere,
725 813 858 854 sana
890 808 1072 856 mente
1119 815 1242 856 esse
1295 803 1586 872 putaverit.
1626 803 1918 859 Enimvero
1948 820 2047 874 pro

468 889 693 946 Christo
723 889 890 946 Arius
932 891 1040 948 illis
1081 901 1184 958 est,
1221 894 1298 948 uti
1353 893 1665 951 Manichzeis
1693 895 2044 952 Manichacus.

469 981 732 1038 Similiter
783 999 882 1053 pro
935 983 1118 1056 Moyse
1167 985 1357 1068 aliisve
1404 986 1538 1042 viris
1587 988 1826 1052 sanctis,
1861 989 2046 1044 nescio

469 1091 632 1146 quem
672 1075 930 1131 Sotadem
957 1078 1051 1146 qui
1085 1077 1217 1147 ipsis
1259 1079 1555 1148 gentilibus
1584 1079 1821 1136 ludibrio
1851 1088 1955 1142 est.
1991 1087 2047 1134 et

466 1168 636 1222 tiliam
670 1167 989 1224 Herodiadis
1023 1179 1358 1239 repererunt.
1391 1169 1638 1242 Namque
1668 1181 1722 1226 et
1755 1172 1900 1226 illius
1925 1171 2040 1226 ira--

466 1270 586 1318 ctos
614 1261 1065 1332 cﬂ'eminatosque
1126 1278 1306 1318 mores
1358 1264 1543 1330 Arius,
1579 1264 1799 1320 Thalias
1830 1279 2048 1336 quoque

467 1353 584 1421 lpse
611 1351 925 1418 scribendo,
964 1353 1209 1409 imitatus
1254 1363 1370 1421 est,
1428 1364 1482 1410 et
1533 1356 1695 1423 hujus
1753 1356 2047 1413 saltatricis

467 1444 811 1500 saltationem
837 1445 956 1500 suis
991 1444 1044 1498 in
1077 1443 1369 1500 Dominum
1394 1447 1694 1503 maledictis
1725 1446 1974 1502 saltando
1996 1456 2049 1502 et

465 1535 700 1590 ludendo
734 1544 818 1591 est
847 1536 1155 1600 aemulatus,
1216 1536 1353 1593 adeo
1398 1546 1457 1592 ut
1495 1537 1590 1608 qui
1635 1541 1690 1593 in
1735 1537 2048 1607 hujusmodi

464 1627 718 1685 haeresim
768 1628 1079 1697 inciderint,
1130 1637 1311 1685 mente
1366 1631 1765 1686 conturbentur
1808 1640 1861 1686 et
1904 1631 2050 1686 desi-

463 1717 636 1788 piant,
670 1727 724 1771 et
759 1733 960 1772 nomen
991 1717 1205 1772 Domini
1241 1717 1426 1788 gloriae
1458 1727 1669 1774 mutent
1709 1719 1762 1774 in
1794 1719 2050 1775 similitu-

463 1810 648 1864 dinem
699 1809 953 1880 imaginis
983 1811 1350 1880 corruptibilis
1380 1811 1617 1866 hominis
1639 1812 1682 1878 ',
1724 1826 1788 1865 ac
1817 1811 2051 1881 denique

465 1917 566 1972 pro
619 1901 950 1957 Christianis
995 1903 1184 1956 Ariani
1239 1905 1612 1969 nominentur,
1663 1904 1878 1973 hocque
1929 1919 2044 1958 sua:
2076 1897 2118 1956 Β

465 1991 759 2062 impietatis
811 1991 1047 2046 habeant
1103 1993 1340 2063 insigne.
1386 1991 1498 2049 Nec
1527 1994 1672 2048 enim
1705 1995 1919 2064 seipsos
1951 2010 2045 2050 co-

463 2091 665 2139 nentur
689 2082 1000 2147 defendere,
1039 2099 1142 2139 nec
1168 2085 1312 2155 quod
1352 2085 1456 2141 illis
1498 2085 1698 2155 probro
1726 2095 1810 2140 est
1863 2085 1918 2140 in
1949 2100 2044 2142 eos

463 2174 603 2229 false
625 2173 942 2245 conjiciant,
969 2176 1062 2245 qui
1094 2174 1179 2229 sui
1220 2175 1429 2230 similes
1456 2192 1561 2231 non
1597 2185 1746 2240 sunt,
1787 2167 1847 2230 ιη
1874 2177 2040 2232 etiam

460 2265 806 2322 Christianos
837 2282 866 2321 a
900 2266 1137 2337 propriis
1182 2265 1460 2338 magistris
1509 2267 1680 2322 velint
1733 2267 2040 2338 appellare,

461 2374 572 2429 quo
629 2360 892 2416 nimirum
942 2361 1045 2414 hoc
1098 2371 1259 2430 pacto
1327 2360 1432 2430 ipsi
1485 2374 1705 2430 quoque
1758 2361 2046 2416 videantur

461 2449 768 2506 Christiani
800 2450 1084 2520 appellari.
1117 2450 1215 2515 Ne,
1254 2450 1502 2520 inquam,
1534 2450 1588 2504 in
1624 2459 1736 2504 tam
1776 2451 2044 2520 probroso

461 2541 569 2595 hoc
597 2554 700 2595 suo
732 2544 956 2596 nomine
981 2541 1366 2597 erubescentes
1407 2540 1576 2595 velint
1609 2542 1799 2612 nugari
1827 2559 1840 2596 :
1870 2553 1966 2597 aut
1996 2543 2041 2597 si

459 2647 589 2685 vere
625 2633 979 2697 erubescunt,
1026 2634 1111 2687 vel
1147 2647 1268 2688 sese
1303 2633 1679 2697 abscondant,
1710 2632 1794 2687 vel
1847 2649 1878 2688 a
1912 2649 2044 2702 pro-

460 2722 579 2794 pria
607 2722 859 2779 resiliant
892 2723 1188 2793 impietate.
1226 2722 1335 2779 Nec
1363 2724 1509 2778 enim
1539 2739 1779 2794 unquam
1807 2724 2042 2794 populus

461 2832 494 2870 ά
523 2816 761 2887 propriis
798 2816 1070 2888 episc0pis
1114 2832 1315 2872 nomen
1368 2817 1596 2886 accepit,
1628 2816 1720 2871 sed
1749 2831 1778 2870 a
1809 2814 2042 2872 Domino

461 2909 516 2963 in
544 2924 707 2979 quem
734 2918 788 2964 et
819 2909 977 2964 ﬁdem
995 2908 1281 2964 habemus.
1307 2908 1448 2964 Hine
1472 2909 1601 2964 licet
1624 2908 1768 2963 beati
1813 2907 2042 2979 apostoli

460 3001 712 3073 magistri
764 3000 939 3057 nostri
977 3009 1032 3056 et
1070 2999 1352 3073 Evangelii
1395 3000 1699 3056 Salvatotis
1735 2999 2041 3054 administri

462 3093 689 3161 fuerint,
728 3109 794 3152 ex
833 3095 942 3152 illis
1001 3103 1185 3151 tamen
1239 3110 1349 3150 non
1419 3096 1804 3160 nominamur,
1857 3096 1952 3151 sed
2009 3110 2042 3151 a

460 3185 684 3245 Christo
715 3187 1016 3245 Christiani
1054 3198 1108 3244 et
1139 3203 1334 3244 sumus
1361 3195 1416 3243 et
1459 3188 1718 3244 dicimur.
1763 3186 1830 3242 Hi
1854 3197 2036 3243 autem

461 3279 552 3349 qui
585 3280 655 3336 ab
679 3280 807 3338 aliis
830 3280 1034 3336 habent
1061 3295 1175 3336 suae
1197 3279 1320 3335 tldei
1346 3279 1632 3350 originem,
1673 3289 2038 3348 congruenter

460 3370 680 3425 illorum
728 3371 950 3428 nomine
994 3379 1273 3437 notantur,
1329 3379 1515 3440 utpote
1558 3369 1654 3441 qui
1703 3370 1771 3425 ad
1811 3371 2032 3427 eosdem

460 3463 790 3535 pertineant.

528 3646 582 3700 5.
613 3643 758 3702 Sane
784 3659 910 3700 cum
949 3659 1049 3700 nos
1087 3658 1280 3701 omnes
1326 3660 1357 3699 a
1399 3643 1620 3702 Christo
1651 3643 1950 3701 Christiani
1979 3658 2035 3702 et

455 3752 706 3795 essemus
755 3745 811 3792 et
858 3737 1289 3804 nominaremur,
1321 3737 1530 3807 ejectus
1579 3737 1710 3792 olim
1755 3746 1840 3792 est
1869 3737 2028 3808 321

455 3827 696 3884 Marcion
724 3827 948 3883 haeresis
981 3836 1175 3883 auctor
1205 3844 1218 3881 :
1246 3836 1408 3899 atque
1449 3829 1503 3883 hi
1536 3827 1756 3898 quidem
1784 3828 1877 3897 qui
1907 3843 2031 3883 cum

455 3921 549 3978 illo
574 3930 996 3993 permanserunt
1015 3921 1108 3992 qui
1130 3920 1463 3977 Marcionem
1490 3921 1719 3992 expulit,
1734 3920 2033 3976 Christiani

457 4029 656 4070 nomen
686 4015 1064 4080 retinuerunt;
1109 4015 1206 4085 qui
1232 4030 1362 4070 vero
1407 4016 1580 4070 secuti
1633 4023 1763 4071 sunt
1799 4012 2030 4072 Marcio-

454 4192 477 4224 ⁸
518 4187 678 4247 Rom.
711 4207 752 4258 ι,
775 4189 866 4248 25.

526 4373 640 4445 (16)
682 4373 1026 4444 Seguerian.,
1057 4373 1206 4428 ταῦτ’
1236 4374 1303 4429 ἂν
1327 4374 1576 4429 ἀκοῦσαι.
1607 4374 1828 4444 Regius,
1859 4373 2033 4429 ταῦτα

454 4443 712 4508 ἀκούσας.
741 4443 847 4500 Alii
880 4457 934 4501 et
960 4445 1110 4509 editi,
1147 4445 1320 4499 ταῦτα
1362 4445 1613 4500 ἀκοῦσαι.
1657 4443 1782 4500 Mox
1816 4445 2030 4513 Anglic.

457 4516 621 4585 Basil.
658 4515 896 4571 Felcktn.
921 4515 957 4568 2
991 4529 1043 4570 et
1065 4516 1118 4578 5,
1155 4515 1334 4583 λέγειν
1359 4515 1538 4582 τοῦτο,
1573 4515 1837 4585 ὑγιαίνειν
1859 4515 1924 4570 ἄν
1945 4531 2031 4579 τις

2145 628 2330 683 δεσθαι
2369 631 2490 685 κατ’
2521 634 2698 689 αὑτῶν
2728 633 2820 688 τὸν
2857 636 3197 694 Ἀπόστολον.
3252 637 3392 690 Ἀλλ’
3420 636 3544 691 οὔτε
3574 636 3728 692 ταῦτ’

2147 719 2214 776 ἂν
2239 722 2471 778 ἀκοῦσαι
2503 724 2613 797 (16)
2643 728 2968 799 Χριστιανὸς
2992 728 3300 799 ἀνάσχοιτο,
3337 728 3462 783 οὔτε
3492 730 3583 784 τὸν
3605 736 3728 784 τολ·

2149 812 2334 884 μῶντα
2356 815 2532 886 λέγειν
2551 819 2708 874 τοῦτο
2728 820 2990 890 ὑγιαίνειν
3013 821 3078 875 ἄν
3095 839 3178 885 τις
3191 821 3378 875 τοῦτον
3397 825 3516 884 ταῖς
3536 822 3728 894 φρεσὶν

2147 905 2426 962 ὑπολάϐοι.
2476 910 2616 963 Ἀντὶ
2667 910 2775 982 γὰρ
2807 911 3042 983 Χριστοῦ
3085 913 3215 984 παρ’
3269 914 3450 978 αὑτοῖς
3485 915 3724 984 Ἀρειος,

2145 994 2220 1058 ὡς
2255 995 2404 1066 παρὰ
2455 999 2776 1068 Μανιχαίοις
2816 1001 3149 1070 Μανιχαῖος,
3191 1000 3311 1053 ἀντὶ
3347 1000 3404 1052 δέ
3448 1000 3729 1064 Μωῦσέως

2147 1087 2242 1141 καὶ
2282 1087 2391 1141 τῶν
2419 1089 2594 1143 ἄλλων
2648 1090 2816 1160 ἁγίων
2845 1092 3096 1163 Σωτάδης
3155 1091 3267 1163 (17)
3318 1109 3402 1155 τις
3436 1090 3726 1163 ἐξεύρηται

2147 1181 2279 1250 παρ’
2314 1181 2497 1244 αὑτοῖς
2524 1182 2551 1232 ὁ
2579 1182 2674 1236 καὶ
2704 1185 2836 1254 παρ’
2869 1183 3090 1255 Ἕλλησι
3119 1181 3426 1254 γελώμενος
3461 1184 3594 1254 (18),
3630 1185 3728 1238 καὶ

2145 1273 2179 1342 ἡ
2222 1271 2467 1342 θυγάτηρ
2500 1272 2841 1342 Ἡρωδιάδος.
2873 1273 2978 1326 Τοῦ
3013 1275 3110 1345 μὲν
3135 1273 3243 1345 γὰρ
3271 1273 3335 1327 τὸ
3357 1274 3728 1346 κεκλασμένον

2148 1364 2243 1417 καὶ
2285 1363 2516 1433 θηλυκὸν
2542 1359 2672 1434 ἦθος
2724 1366 3032 1438 μεμίμηται
3078 1366 3191 1435 (19)
3231 1366 3458 1440 γράφων
3507 1370 3726 1440 Ἀρειος

2147 1455 2244 1509 καὶ
2277 1455 2438 1520 αὐτὸς
2453 1456 2654 1520 Θαλίας
2678 1473 2693 1487 ⁸
2720 1459 2820 1528 τῆς
2843 1459 2898 1512 δέ
2915 1459 3014 1530 τὴν
3038 1458 3262 1530 ὄρχησιν
3289 1461 3558 1532 ἐζήλωσεν
3581 1460 3728 1533 ἐξορ-

2149 1546 2410 1617 χούμενος
2447 1549 2543 1601 καὶ
2564 1549 2772 1615 παίζων
2805 1551 2862 1604 ἐν
2895 1554 3014 1616 ταῖς
3048 1551 3189 1605 κατὰ
3206 1551 3301 1605 τοῦ
3333 1553 3584 1625 Σωτῆρος
3599 1553 3727 1607 δυσ-

2149 1637 2383 1707 φημίαις
2431 1639 2567 1709 (20),
2604 1640 2744 1694 ὥστε
2777 1644 2904 1707 τοὺς
2930 1643 3301 1714 ἐμπίπτοντας
3335 1648 3416 1710 εἰς
3434 1647 3532 1717 τὴν
3567 1645 3722 1718 αἴρε-

2151 1745 2236 1781 σιν
2261 1729 2681 1802 διαστρέφεσθαι
2711 1735 2808 1804 μὲν
2831 1734 2923 1788 τὸν
2960 1733 3085 1789 νοῦν
3107 1738 3200 1789 καὶ
3222 1737 3494 1808 άφρονεῖν,
3526 1737 3726 1793 ἀλλάσ-

2151 1837 2263 1874 σειν
2285 1822 2340 1875 δὲ
2361 1823 2422 1876 τὸ
2453 1825 2622 1896 ὄνομα
2647 1826 2740 1880 τοῦ
2768 1827 2972 1899 Κυρίου
3009 1829 3108 1900 τῆς
3140 1828 3299 1900 δόξης
3327 1831 3384 1882 ἐν
3418 1828 3723 1900 ὁμοιώματι

2145 1913 2350 1978 εἰκόνος
2377 1915 2616 1988 φθαρτοῦ
2649 1918 2956 1990 ἀνθρώπου,
2984 1921 3077 1974 καὶ
3097 1922 3218 1974 ἀντὶ
3238 1922 3580 1992 Χριστιανῶν
3608 1921 3722 1975 λοι-

2145 2005 2247 2058 πὺν
2283 2007 2592 2078 Ἀρειανοὺς
2617 2010 2997 2081 ὀνομάζεσθαι,
3033 2013 3192 2068 τοῦτό
3217 2031 3274 2066 τε
3300 2014 3411 2084 (21)
3455 2015 3554 2085 τῆς
3591 2015 3721 2068 ἀσε-

2145 2095 2298 2161 ϐείας
2324 2097 2467 2169 ἐχειν
2487 2099 2547 2152 τὸ
2576 2099 2879 2173 γνώρισμα.
2914 2104 3005 2174 Μὴ
3034 2103 3145 2175 γὰρ
3175 2104 3720 2176 προφασιζέσθωσαν,

2148 2189 2281 2262 μηδὲ
2315 2191 2696 2263 ὀνειδιζόμενοι
2751 2194 3272 2264 καταψευδέσθωσαν
3306 2197 3446 2249 κατὰ
3477 2196 3586 2249 τῶν
3642 2197 3720 2269 μὴ

2142 2279 2311 2334 όντων
2343 2279 2418 2344 ὡς
2446 2283 2609 2345 εἰσιν,
2642 2282 2783 2335 οὕτω
2804 2283 3092 2346 καλοῦντες
3117 2282 3230 2354 (22)
3265 2285 3360 2336 καὶ
3401 2283 3553 2336 αὐτοὶ
3594 2284 3720 2348 τοὺς

2143 2367 2500 2440 Χριστιανοὺς
2547 2371 2655 2423 ἀπὸ
2685 2371 2795 2426 τῶν
2847 2372 3200 2436 διδασκάλων,
3260 2374 3346 2426 ἵνα
3393 2373 3586 2439 δόξωσι
3625 2374 3720 2428 καὶ

2143 2459 2297 2513 αὐτοὶ
2323 2459 2496 2524 οὕτως
2518 2459 2796 2515 καλεῖσθαι
2827 2462 3143 2534 Χριστιανοί
3162 2477 3176 2492 °
3230 2463 3365 2534 μηδὲ
3396 2464 3720 2535 αἰσχυνόμε-

2143 2566 2222 2602 νοι
2255 2548 2317 2602 τὸ
2348 2549 2705 2604 ἐπονείδιστον
2735 2552 2941 2607 ἑαυτῶν
2965 2552 3156 2624 δνομα,
3186 2553 3559 2618 παιζέτωσαν·
3587 2556 3634 2607 εί
3661 2556 3717 2608 δέ

2143 2641 2508 2713 αἰσχύνονται,
2531 2643 3080 2711 ἐγκαλυπτέσθωσαν,
3099 2645 3131 2716 ἦ
3153 2645 3591 2716 άποπηδάτωσαν
3609 2646 3718 2700 ἀπὸ

2141 2731 2240 2802 τῆς
2265 2731 2474 2786 ἑαυτῶν
2513 2732 2787 2798 ἀσεϐείας.
2843 2734 2977 2788 Οὑδέ
3025 2735 3246 2787 πώποτε
3300 2735 3415 2804 (25)
3451 2735 3561 2808 γὰρ
3589 2735 3718 2803 λαὸς

2142 2823 2250 2877 ἀπὸ
2292 2823 2644 2877 τῶνοίκείων
2695 2825 3007 2878 ἐπισκόπων
3046 2824 3167 2895 ἔσχε
3229 2824 3326 2897 τὴν
3375 2826 3714 2897 ἐπωνυμίαν,

2141 2913 2256 2968 ἀλλ’
2283 2914 2390 2967 ἀπὸ
2420 2913 2514 2966 τοῦ
2540 2914 2768 2986 Κυρίου,
2799 2915 2968 2978 είςσὸν
3001 2915 3095 2967 καὶ
3124 2914 3221 2986 τὴν
3260 2914 3443 2968 πίστιν
3483 2914 3680 2986 ἐχομρς
3699 2930 3720 2946 ο

2142 3005 2251 3061 τῶν
2274 3005 2404 3072 γοῦν
2427 3005 2712 3078 μακαρίων
2737 3006 3049 3059 ἀποστόλων
3071 3005 3404 3061 διδασκάλων
3441 3004 3599 3078 ήτεῷν
3629 3023 3718 3076 γε-

2141 3097 2402 3170 νομένων,
2444 3099 2540 3152 καὶ
2565 3097 2998 3170 διακονησάντων
3041 3098 3105 3152 τὸ
3155 3098 3250 3152 τοῦ
3310 3098 3563 3170 Σωτῆρος
3600 3098 3714 3171 (24)

2141 3189 2496 3259 Εὑαγγέλιον,
2527 3190 2628 3244 οὑκ
2655 3189 2715 3254 ἐξ
2738 3189 2959 3243 ἐκείνων
2983 3189 3184 3262 ἐκλήθη
3194 3207 3315 3260 μεν,
3352 3189 3465 3244 ἀλλ’
3491 3191 3600 3244 ἀπο
3619 3190 3715 3244 τοῦ

2143 3279 2381 3354 Χριστοῦ
2433 3281 2750 3354 Χριστιανοὶ
2795 3281 2888 3336 καὶ
2937 3283 3136 3353 ἐσμὲν,
3185 3283 3279 3336 καὶ
3315 3281 3710 3354 όνομαζόμεθα.

2144 3376 2208 3428 Oi
2233 3375 2289 3429 δὲ
2328 3374 2456 3446 παρ’
2497 3375 2698 3447 ἐτέρων
2735 3375 2949 3446 ἔχοντες
2987 3375 3086 3448 τὴν
3127 3376 3298 3448 ἀρχὴν
3335 3372 3403 3449 ἧς
3435 3376 3713 3446 νομίζουσι

2142 3466 2396 3529 πίστεως,
2424 3465 2644 3538 ἐκείνων
2672 3467 2897 3530 είκότως
2921 3467 3100 3538 ἔχουσι
3133 3468 3228 3520 καὶ
3253 3470 3352 3538 τὴν
3376 3467 3711 3538 ἐπωνυμίαν,

2138 3555 2214 3620 ὡς
2231 3557 2408 3612 αὑτῶν
2429 3558 2707 3630 γενόμενοι
2742 3559 2945 3631 κτῆμα.

2209 3651 2263 3705 5.
2314 3648 2528 3721 Ἀμέλει
2556 3651 2772 3704 πάντων
2809 3651 2964 3722 ἡμῶν
3007 3653 3113 3706 ἀπὸ
3151 3651 3244 3704 τοῦ
3296 3651 3532 3722 Χριστοῦ
3572 3653 3712 3725 Χρι-

2140 3740 2368 3793 στιανῶν
2389 3741 2558 3794 ὄντων
2580 3741 2673 3796 καὶ
2704 3741 3070 3814 καλουμένων,
3094 3743 3354 3816 ἐξεϐλήθη
3393 3744 3560 3798 πάλαι
3592 3745 3711 3818 (25)

2139 3827 2401 3900 Μαρκίων
2427 3829 2639 3900 αἵρεσιν
2669 3829 2945 3902 ἐφευρών·
2973 3832 3067 3885 καὶ
3103 3834 3153 3885 οἱ
3198 3835 3296 3903 μὲν
3341 3835 3717 3906 παραμείναν-

2137 3937 2229 3984 τες
2261 3922 2398 3992 μετὰ
2424 3922 2514 3975 τοῦ
2546 3923 2864 3989 ἐκϐαλόντος
2890 3927 3096 3980 ἐκεῖνον
3123 3927 3343 3998 ἔμειναν
3372 3930 3416 3981 Χ
3425 3931 3710 4000 ptatum?

2137 4015 2186 4066 οἱ
2219 4014 2262 4068 δ’
2291 4014 2756 4088 ἀκολουθήσαντες
2779 4017 3063 4090 Μαρκίωνι
3090 4019 3201 4090 (26)
3231 4020 3410 4074 οὐκέτι
3439 4021 3536 4092 μὲν
3577 4023 3716 4095 Χρι-

2211 4372 2339 4444 (19)
2362 4372 2609 4444 chuer.,
2639 4371 2857 4428 Glober.
2884 4381 2936 4428 et
2965 4371 3203 4428 Felckm.
3240 4373 3294 4436 1,
3336 4375 3604 4444 μιμεῖται,
3657 4385 3717 4430 et

2137 4443 2284 4506 ωσι,
2315 4443 2566 4508 Θαλείας.

2148 4539 2190 4594 _-_
2208 4513 2500 4594 (20thegq
2534 4513 2919 4594 βλασφημίαι-ς.
2942 4511 3064 4570 Mox
3076 4511 3333 4594 _Seguer._
3355 4513 3562 4594 englic.
3599 4513 3717 4594 G_o-

455 4584 644 4658 ἐοῦτον
680 4589 813 4655 ,ταῖς
857 4587 1048 4658 φρεσὶν
1092 4586 1372 4658 ὑπολάϐοι.
1414 4586 1513 4658 Sic_
1552 4583 1678 4640 item
1720 4586 1957 4658 Cobler.)
1983 4595 2037 4658 et

2150 4585 2287 4658 bletj.
2304 4583 2511 4658 θιὼ,
2529 4583 2618 4638 τὸν
2643 4583 2766 4658 νοῦν
2793 4585 3128 4658 καιφρονείν
3150 4583 3290 4658 παρ’
3362 4583 3440 4636 δεῖ
3465 4587 3711 4656 φρονεῖν.

455 4655 694 4712 Felckm.
729 4659 782 4719 1,
831 4655 928 4726 sed
952 4657 1139 4709 τοῦτον
1168 4657 1446 4711 omittunt.
1483 4656 1730 4726 Seguer.,
1764 4656 1923 4710 τοῦτο
1946 4655 2033 4709 λέα-

453 4743 593 4795 γειν,
625 4728 859 4799 ὑγιαίνει
901 4724 966 4799 άν
987 4743 1070 4799 τις
1099 4729 1220 4799 ταῖς
1263 4727 1454 4799 φρεσὶν
1487 4724 1766 4781 ὑπολάϐοι.
1802 4726 2029 4799 Regius.

454 4799 632 4868 λέγειν
664 4796 872 4868 τοῦτον,
893 4796 1146 4868 (ὑγιαίνει
1180 4797 1247 4850 ἂν
1275 4796 1463 4868 τοῦτον
1493 4800 1614 4868 ταῖς
1661 4797 1855 4868 φρεσὶν
1893 4798 2031 4850 ὑπο-

453 4866 626 4922 λάϐοι.
661 4867 824 4938 Editi,
848 4867 1026 4936 λέγειν
1051 4866 1239 4922 τοῦτον
1262 4867 1523 4937 ὑγιαίνειν
1549 4867 1614 4922 ἄν
1643 4866 1729 4931 τις
1753 4870 1875 4931 ταῖς
1901 4884 2033 4938 φρε-

455 4938 541 4991 σὶν
578 4937 857 4992 ὑπολάϐοι.
1343 4964 1355 4979 ·

525 5008 636 5079 (17)
671 5007 920 5078 Seguer.,
948 5005 1166 5080 Cobler.
1195 5005 1518 5080 etFelckm.
1549 5007 1598 5074 1,
1628 5007 1920 5080 Σωτςίιτης.Δ
1941 5005 2032 5062 Sic

453 5077 625 5133 etiam
647 5077 995 5150 emendatum
1020 5079 1226 5150 legitur
1258 5079 1312 5132 in
1345 5078 1666 5150 Anglicano.
1692 5077 1864 5150 Porro
1891 5077 2030 5150 duos

455 5157 642 5218 poetas
682 5149 847 5219 hujus
882 5149 1120 5204 nominis
1149 5147 1544 5219 commemorat
1574 5147 1791 5211 Suidas,
1818 5151 1884 5219 «le
1907 5148 2030 5219 qui-

455 5217 555 5291 bus
602 5219 719 5274 haec
758 5217 920 5291 habet
953 5218 1260 5291 :_2w1:¢8q;_
1298 5217 1606 5291 Ἀθηναῖος,
1647 5217 1890 5289 κωμικὸς
1920 5217 2030 5291 τῆς

456 5290 631 5370 μέσης
652 5289 944 5370 κομῳδίας.
973 5287 1194 5370 Sotades
1218 5287 1581 5370 Atheniensis,
1613 5287 1766 5370 poet}:
1793 5287 2026 5370 comicus

455 5359 642 5431 media;
677 5359 962 5414 wmwdiaz.
993 5359 1247 5431 Σωτάδης
1272 5360 1449 5431 Κρὴς,
1480 5359 1874 5431 Μαρωνείτης,
1914 5359 2029 5431 δαι-

497 5430 750 5502 ονισθεις,
781 5427 1410 5502 ίαμὸογράφος,>έγραψε
1429 5427 1682 5502 φλύακας
1705 5427 2029 5502 ἢτοιΚιναί-

511 5519 573 5564 υς
601 5499 864 5572 διαλέκτῳ
898 5499 1127 5570 Ἰωνικῇ.
1159 5499 1381 5555 Sotades
1413 5499 1695 5564 Cretensis,
1735 5500 2025 5572 Maronita,

454 5573 805 5626 iaznwniacus
823 5571 845 5635 ,7
877 5572 1173 5625 iamborum
1198 5573 1444 5639 scriptor,
1494 5572 1785 5639 composuit
1830 5571 2028 5639 Phlyu-

456 5659 538 5695 sas
577 5644 664 5712 (id
694 5653 771 5696 est
803 5641 1046 5710 scurras)
1085 5643 1190 5694 sire
1225 5643 1453 5696 ciuazdos
1479 5681 1493 5704 ,
1536 5640 1724 5694 Ionica
1766 5640 2020 5694 dialecto.

453 5713 526 5767 De
557 5715 662 5770 isto
696 5713 887 5767 ultimo
911 5727 1093 5766 sermo
1119 5712 1207 5765 hic
1232 5713 1479 5766 habetur.

520 5783 631 5854 (18)
670 5783 985 5837 Basiliensis
1005 5823 1019 5847 ,
1050 5780 1338 5854 γενόμενος
1358 5822 1372 5847 ,
1403 5794 1456 5838 et
1484 5783 1589 5837 alia
1619 5797 1782 5837 manu
1803 5821 1818 5847 ,
1857 5780 2028 5852 γελώ-

453 5850 630 5925 μενοςζ
655 5854 1008 5923 Anglicanus,
1035 5850 1358 5922 γενώμενος.

2211 4656 2321 4725 (21)
2365 4655 2454 4711 Sic
2481 4655 2706 4725 Seguer.
2739 4655 2808 4710 At
2839 4655 2928 4725 alii
2956 4654 3013 4725 et
3035 4655 3188 4718 editi,
3227 4654 3416 4708 τούτου
3443 4654 3523 4708 τεᾷ

2205 4723 2315 4848 (22)
2359 4723 2584 4796 δεευθιί
2615 4725 2834 4779 Cobler.
2872 4723 3112 4780 Felckm.
3156 4727 3208 4789 1,
3245 4726 3322 4789 ὡς
3351 4726 3488 4807 εἰσίν
3513 4725 3673 4778 αὑτοὶ
3697 4767 3714 4789 ,

2238 4814 2444 4848 οῦντες.
2473 4807 2576 4848 etc.
2609 4794 2730 4848 Mox
2763 4795 3013 4848 Semen.
3042 4793 3257 4848 δόξωσι.
3299 4796 3512 4848 Anglic.
3557 4795 3714 4848 διδά-

2133 4793 2451 4858 καλοῦντες,
2473 4807 2576 4850 etc.
2609 4794 2730 4850 Mox
2763 4795 3013 4863 Seguer.,
3042 4793 3257 4861 δόξωσι.
3299 4796 3512 4864 Anglic.
3557 4795 3714 4848 διδα-

2133 4865 2284 4930 ξωσι.
2337 4866 2478 4921 Editi
2525 4876 2578 4921 et
2609 4867 2739 4930 alii,
2778 4865 3011 4932 δείξωσι.
3050 4865 3249 4919 Ibidem
3292 4863 3518 4931 Segucr.
3569 4863 3714 4934 Reg.

2131 4937 2343 5006 Anglic.
2394 4937 2610 4992 Cobler.
2649 4935 2886 4992 Felckm.
2929 4937 2982 5000 1,
3033 4935 3315 4990 καλεῖσθαι
3361 4937 3714 5006 Χριστιανοί.

2129 5005 2241 5060 Alii
2263 5017 2316 5062 et
2345 5007 2496 5070 editi,
2529 5006 2810 5061 καλεῖσθαι
2845 5005 3126 5076 Ἀρειανοί.

2203 5077 2314 5148 (25)
2357 5078 2616 5148 Seguer..
2651 5078 2926 5132 οὐδέποτε.
2961 5076 3107 5148 l_dcm_
3153 5087 3207 5133 et
3248 5076 3406 5148 Reg.,
3446 5077 3556 5130 ἀπὸ
3581 5077 3719 5148 τῶν

2129 5145 2346 5202 οἰκείων
2406 5145 2716 5202 ἐπισκόπων
2767 5148 2924 5218 ἔσχε,
2967 5145 3208 5202 Fleckm.
3268 5149 3302 5202 5
3334 5145 3516 5218 habet
3576 5147 3716 5203 item

2131 5218 2276 5289 ἔσχε.
2318 5218 2458 5289 Editi
2488 5227 2549 5289 _et
2580 5219 2694 5282 alii,
2723 5213 2966 5289 άπὸ”τῶν
2998 5219 3312 5289 ἐπισκόπων
3340 5213 3476 5289 εἶχε.

2202 5285 2312 5360 (ﬁt)
2358 5287 2703 5360 Sicheguer.
2735 5287 2951 5360 Cobler.
2983 5296 3045 5360 et
3069 5287 3310 5360 Flecltm.
3362 5285 3426 5342 i.
3450 5289 3536 5360 At,
3569 5285 3716 5360 Reg.

2129 5357 2340 5483 anglic.
2375 5369 2428 5414 et
2459 5357 2651 5425 Basil.,
2683 5359 2744 5412 τὸ
2766 5357 2862 5412 τοῦ
2904 5357 3134 5429 Κυρίου.
3183 5358 3324 5414 Editi
3361 5368 3416 5414 et
3448 5359 3542 5414 alii
3563 5398 3580 5421 ,
3613 5359 3720 5414 τοῦ

2185 5447 2354 5483 υοιου.

2185 5448 2354 5484 υοιου.

2201 5447 2543 5570 (ἔξὼΠάλαι
2581 5500 2733 5554 deest
2781 5499 2833 5553 in
2894 5498 3119 5570 Seguer.
3177 5497 3309 5570 Reg.
3362 5498 3585 5554 Cobler.
3661 5509 3720 5556 et

2129 5568 2366 5624 Felckin.
2407 5573 2453 5624 1.
2489 5568 2594 5624 Pro
2625 5586 2690 5625 eo
2719 5571 2951 5640 Anglic,
2973 5568 3162 5623 πάλιν.

2199 5642 2310 5711 (26)
2354 5641 2673 5711 Seguerian.
2723 5637 3034 5695 Goblerian.
3075 5651 3129 5695 et
3169 5637 3404 5694 Felckm.
3431 5639 3501 5711 1,
3546 5639 3720 5710 Μαρ-

2129 5710 2529 5782 κίωνιζὲκείνῳ.
2565 5710 2685 5765 Mox
2722 5712 2881 5766 iidem
2929 5721 2984 5766 et
3024 5711 3308 5778 Anglican.
3332 5748 3347 5771 ,
3389 5710 3719 5782 Μαρκιωνι-

2130 5781 2430 5905 ἕταίᾶΕιίιιί
2459 5777 2513 5838 et
2536 5783 2650 5849 alii,
2676 5782 3078 5854 Μαρκιωνανοί.
3111 5777 3278 5836 Paulo
3306 5789 3429 5850 post
3449 5777 3717 5850 SL‘guer...

2175 5871 2262 5905 ασι
2299 5865 2462 5905 saepe.

2175 5853 2462 5925 ασιλείδης.
