3850 6218
269 229 332 282 Π
1396 231 1657 290 ORATIO
1694 233 1716 289 Ι
1749 231 2032 290 CONTRA
2068 231 2373 292 ARIANOS
3462 236 3547 294 48*

265 322 494 385 στιανοὶ,
519 322 932 394 Μαρκιωνισταὶ
945 324 1002 379 δέ
1026 326 1210 380 λοιπὸν
1231 325 1560 398 ἐκλήθησαν.
1579 326 1733 380 Οὕτω
1755 344 1825 381 κα

1953 341 2100 392 nem,
2141 327 2504 383 Marcionistae
2526 328 2784 398 deinceps
2815 335 2942 384 sunt
2963 326 3529 399 appellati..8imillter

260 413 635 478 Οὐαλεντῖνος,
665 417 759 470 καὶ
785 417 1096 490 Βασιλίδης,
1121 419 1216 472 καὶ
1245 420 1571 490 Μανιχαὶος,
1617 421 1710 474 καὶ
1759 420 1849 474 Σί-

261 525 381 578 μων
424 509 454 561 ὁ
488 509 664 581 μάγος
708 512 822 574 τοῖς
871 510 1272 584 ἀκολουθήσασι
1316 513 1718 584 μεταδεδώκασι
1751 512 1845 566 τοῦ

259 602 394 654 ίδίου
415 603 680 674 ὀνόματος
702 620 716 634 ·
744 605 839 658 καὶ
866 606 916 658 οί
955 605 1053 676 μὲν
1083 605 1519 660 Οὑαλεντινιανοὶ
1546 607 1678 678 (27),
1715 609 1763 660 oi
1787 606 1845 660 δὲ

257 693 628 748 Βασιλιδιανοὶ
650 735 665 760 ,
721 698 768 749 οἱ
797 697 854 750 δὲ
885 694 1177 768 Μανιχαῖοι
1205 738 1218 763 ,
1237 699 1476 753 κάκεῖνοι
1501 699 1842 772 Σιμωνιανοὶ,

255 784 354 838 καὶ
401 784 550 838 ἄλλοι
597 787 740 841 κατὰ
771 787 988 860 Φρύγας
1011 789 1118 842 ἀπὸ
1137 789 1376 861 Φρυγίας
1407 789 1553 862 (28),
1605 791 1700 844 καὶ
1738 789 1846 844 ἀπὸ

253 874 534 930 Νοουάτου
581 879 937 933 Νοουατιανοὶ
988 881 1508 952 προσαγορεύονται.
1555 881 1712 937 Οὕτω
1748 882 1844 936 καὶ

255 967 543 1034 Μελέτιος,
574 971 860 1043 ἐκϐληθεὶς
897 972 1047 1042 παρὰ
1075 972 1284 1046 Πέτρου
1309 974 1401 1028 τοῦ
1427 975 1726 1029 ἐπισκόπου
1747 974 1845 1031 καὶ

259 1058 562 1131 μάρτυρος,
595 1061 778 1115 οὐκέτι
804 1063 1167 1135 Χριστιανοὺς
1187 1064 1323 1119 ἀλλὰ
1348 1065 1705 1131 Μελιτιανοὺς
1730 1064 1840 1135 (29)

255 1152 488 1207 ἐκάλεσε
512 1156 640 1220 τοὺς
667 1156 830 1220 ἰδίους
851 1174 862 1185 ·
892 1157 1066 1222 οὕτως
1107 1159 1217 1230 ἄρα
1269 1159 1362 1214 καὶ
1403 1157 1497 1212 τοῦ
1537 1159 1840 1232 μακαρίτου

266 1243 620 1317 Ἀλεξάνδρου
666 1245 757 1300 τὸν
815 1249 1032 1319 Ἀρειον
1065 1248 1408 1314 ἐκϐαλόντος,
1463 1251 1512 1303 οἱ
1562 1251 1659 1320 μὲν
1702 1250 1841 1321 μετὰ

264 1340 618 1414 Ἀλεξάνδρου
679 1344 961 1413 μείναντες
1013 1341 1236 1415 ἔμειναν
1273 1343 1630 1413 Χριστιανοί’
1684 1344 1734 1395 oi
1781 1342 1839 1395 δὲ

253 1431 666 1497 συνεξελθόντες
719 1431 912 1503 Ἀρείῳ
966 1434 1028 1485 τὸ
1085 1433 1182 1504 μὲν
1212 1433 1383 1505 ὄνομα
1433 1432 1529 1486 τοῦ
1583 1432 1839 1505 Σωτῆρος

251 1522 388 1592 ἡμῖν
416 1523 524 1593 (50)
574 1525 686 1586 τοῖς
747 1523 886 1592 μετὰ
947 1524 1296 1598 Ἀλεξάνδρου
1359 1524 1835 1591 καταλελοίπασιν,
1872 1551 1877 1555 -

262 1615 534 1686 Ἀρειανοὶ
567 1615 624 1669 δὲ
654 1615 840 1670 λοιπὸν
895 1616 1203 1689 ἐκλήθησαν
1249 1619 1466 1672 ἐκεῖνοι.
1521 1619 1651 1673 Ἰδοὺ
1703 1619 1834 1689 γοῦν

1949 416 2294 486 Valentinus,
2335 419 2620 487 Basilides,
2652 419 2985 475 Manichacus
3013 428 3068 475 et
3114 416 3527 489 Simon’Magns

1945 512 2226 583 proprium
2259 528 2457 567 nomen
2487 514 2604 569 suis
2655 513 2880 569 asseclis
2911 512 3298 582 impcrtierunt
3333 511 3527 566 :‘unde

1944 603 2036 657 alii
2063 601 2456 667 Valentiniani,
2482 604 2572 658 alii
2603 603 2943 668 Basilidiani,
2973 601 3068 658 alii
3102 601 3410 666 Manichaei,
3437 598 3524 654 Si-

1945 697 2188 752 moniani
2219 697 2332 764 alii,
2367 697 2570 768 aliique
2615 697 2991 769 Cataphryges
3021 713 3052 752 a
3100 695 3359 768 Phrygia,
3397 703 3451 752 et
3493 710 3524 749 a

1941 788 2151 845 Novato
2183 788 2471 845 Novatiani
2509 775 2916 860 nuncupantur.
2949 791 3028 844 Ita
3067 787 3320 844 similiter
3361 785 3525 841 Mele-

1942 882 2049 936 tius
2074 897 2105 936 a
2137 880 2300 937 Petro
2327 882 2584 952 episcopo
2618 891 2673 937 et
2705 881 3197 954 martyre‘ejectus,
3236 895 3369 935 suos
3411 893 3520 932 non

1937 973 2050 1044 jam
2107 975 2341 1045 amplius
2386 973 2735 1032 Christianos
2791 975 2886 1029 sed
2933 973 3253 1029 Meletianos
3283 972 3520 1027 vocavit.

1944 1067 2036 1124 Sic
2070 1069 2236 1140 igitur
2271 1068 2433 1123 etiam
2460 1077 2750 1139 postquam
2787 1067 2960 1122 beatae
2985 1065 3264 1121 memoria:
3284 1065 3522 1119 Alexan-

1942 1162 2039 1217 der
2065 1162 2256 1216 Arium
2289 1161 2468 1230 ejecit,
2503 1160 2557 1216 hi
2609 1161 2704 1232 qui
2745 1176 2870 1217 cum
2921 1158 3232 1214 Alexandro
3272 1157 3522 1229 perstite-

1941 1265 2090 1322 runt,
2117 1254 2443 1322 Christiani,
2493 1265 2554 1310 ut
2598 1264 2758 1310 antea
2784 1294 2800 1320 ,
2834 1254 2963 1309 dicti
2997 1261 3160 1320 sunt;
3193 1251 3286 1322 qui
3337 1259 3519 1305 autem

1940 1364 2066 1404 cum
2110 1347 2240 1404 Ario
2264 1355 2628 1411 recesserunt,
2650 1345 2954 1402 Salvatoris
2988 1359 3186 1400 nomen
3223 1342 3400 1406 nobis,
3425 1341 3519 1412 qui

1940 1456 2064 1496 cum
2092 1438 2404 1495 Alexandro
2429 1440 2816 1504 remansimus,
2845 1437 3210 1509 reliquerunt,
3235 1445 3289 1491 et
3314 1435 3519 1505 illijam

1939 1533 2064 1588 inde
2096 1533 2285 1587 Ariani
2313 1540 2442 1588 sunt
2471 1531 2748 1602 appellati.
2786 1529 2926 1586 Hinc
2955 1545 3086 1602 ergo
3115 1530 3209 1600 qui
3246 1529 3371 1584 item
3399 1537 3521 1598 post

1938 1624 2233 1682 Alexandri
2277 1633 2509 1679 mortem
2550 1639 2675 1679 cum
2706 1622 3008 1678 Athanasio
3037 1621 3158 1692 ejus
3198 1635 3520 1676 successore

248 1705 346 1758 καὶ
375 1706 514 1775 μετὰ
539 1705 769 1762 θάνατον
799 1706 894 1760 τοῦ
931 1707 1280 1780 Ἀλεξάνδρου
1303 1749 1320 1775 ,
1363 1706 1414 1764 oi
1457 1712 1825 1776 κοινωνοῦντες

1940 1724 1994 1771 et
2014 1715 2134 1770 aliis
2160 1713 2492 1784 quibuscum
2522 1712 2636 1782 ipse
2659 1713 3054 1778 communicat,
3084 1713 3518 1773 communicant,

244 1797 325 1868 τῷ
353 1798 727 1870 διαδεξαμὲνῳ
761 1800 946 1854 τοῦτον
988 1800 1324 1872 Ἀθανασίῳ,
1359 1803 1454 1858 καὶ
1495 1798 1579 1868 οἷς
1621 1807 1648 1858 ὁ
1675 1804 1838 1869 αὐτὸς

256 1892 580 1956 Ἀθανάσιος
615 1893 728 1963 (51)
767 1895 1033 1958 κοινωνεῖ,
1063 1895 1155 1948 τὸν
1186 1895 1349 1949 αὑτὸν
1397 1895 1581 1968 ἔχουσι
1627 1895 1796 1951 τύπον
1819 1912 1834 1926 ·

245 1985 342 2039 καὶ
367 1983 490 2037 οὗτε
517 1985 738 2038 ἐκείνων
769 1985 831 2040 τὸ
855 1986 1048 2040 τούτου
1072 1987 1216 2051 τινὲς
1246 1988 1461 2058 ἔχουσιν
1485 1989 1677 2061 ὄνομα,
1712 1987 1835 2043 οὔτε

242 2073 411 2136 uaco;
449 2073 508 2138 ἐξ
545 2075 770 2128 ἐκείνων
797 2075 1142 2147 ὀνομάζεται,
1169 2078 1304 2134 ἀλλὰ
1327 2079 1528 2144 πάντες
1561 2080 1723 2134 πάλιν
1743 2081 1835 2134 καὶ

243 2163 497 2235 συνήθως
528 2165 641 2235 (52)
666 2165 983 2236 Χριστιανοὶ
1011 2168 1325 2224 καλοῦνται.
1365 2169 1487 2225 Κᾶν
1532 2170 1642 2242 γὰρ
1693 2170 1836 2225 διδα-

240 2256 464 2310 σκάλων
483 2255 760 2326 διαδόχους
787 2259 1021 2329 ἔχωμεν,
1056 2260 1149 2313 καὶ
1171 2259 1412 2331 μαθηταὶ
1437 2261 1647 2316 τούτων
1669 2261 1832 2331 γινὼ-

241 2349 391 2420 μεθα.
411 2363 424 2378 ⁶
462 2348 601 2402 ἀλλά
625 2366 690 2417 γε
721 2350 789 2404 τὰ
819 2351 914 2404 τοῦ
950 2350 1189 2422 Χριστοῦ
1216 2354 1346 2427 παρ’
1373 2354 1554 2409 αὐτῶν
1586 2354 1846 2432 διδασκόέ

243 2457 420 2512 μενοι,
451 2443 770 2514 Χριστιανοὶ
794 2443 946 2497 οὐδὲν
968 2438 1130 2517 ἦττον
1164 2447 1335 2516 ἐσμὲν
1370 2447 1466 2501 καὶ
1495 2448 1828 2520 καλούμεθα.

239 2536 309 2587 υί
335 2533 395 2587 δέ
413 2552 478 2604 γε
506 2537 619 2599 τοῖς
651 2536 948 2608 αἱρετικοϊς
985 2536 1423 2604 ἀκολουθοῦντες,
1459 2539 1561 2594 κᾶν
1606 2541 1832 2614 μυρίους

236 2624 520 2697 διαδόχους
575 2628 774 2701 ἔχωσιν
805 2629 938 2702 (55),
973 2631 1110 2686 ἀλλὰ
1152 2633 1370 2696 πάντως
1414 2632 1476 2686 τὸ
1529 2631 1702 2704 ὄνομα
1733 2633 1828 2688 τοῦ

238 2719 342 2790 τὴν
374 2721 586 2792 αἵρεσιν
616 2724 939 2796 ἐφευρόντος
967 2725 1244 2797 φέρουσιν.
1293 2724 1509 2797 Ἀμέλει
1568 2727 1824 2801 τελευτή-

239 2827 435 2875 σαντος
471 2809 702 2884 Ἀρείου,
736 2812 946 2866 πολλῶν
974 2813 1030 2866 δὲ
1067 2815 1177 2886 (54)
1200 2813 1308 2870 τῶν
1343 2815 1488 2870 ἰδίων
1527 2817 1688 2875 αὐτὸν
1714 2816 1830 2870 δια-

235 2901 572 2974 δεξαμένων,
599 2905 747 2976 ὄμως
774 2907 822 2958 oi
842 2904 910 2958 τὰ
931 2905 1138 2959 ἐκείνου
1168 2906 1491 2978 φρονοῦντες
1513 2905 1573 2972 ἐξ
1618 2908 1826 2981 Ἀρείου

235 2996 628 3068 γνωριζόμενοι
689 2999 958 3073 Ἀρειανοὶ
1011 2998 1320 3056 καλοῦνται.
1358 3001 1470 3054 Καὶ
1509 3001 1825 3072 θαυμαστόν

234 3105 301 3158 γε
335 3088 526 3143 τούτου
580 3093 916 3164 τεκμήριον,
961 3092 1012 3145 oi
1050 3093 1148 3164 μὲν
1182 3092 1242 3157 ἐξ
1287 3092 1554 3165 Ἑλλήνων
1597 3094 1689 3148 καὶ
1723 3095 1819 3150 νῦν

233 3182 319 3244 είς
337 3181 436 3253 τὴν
482 3182 808 3255 Ἐκκλησίαν
833 3185 1138 3258 ἐρχόμενοι,
1174 3186 1426 3256 ἀφιέντες
1472 3186 1572 3259 τὴν
1602 3187 1712 3242 τῶν
1747 3191 1825 3243 εἰσ

231 3273 422 3330 δὼλων
445 3276 558 3347 (55)
588 3277 1032 3350 δεισιδαιμονίαν,
1062 3279 1122 3332 οὑ
1139 3277 1249 3332 τῶν
1279 3279 1665 3350 κατηχούντων
1689 3279 1828 3352 λαμ-

229 3366 461 3422 6ἀνουσι
484 3368 581 3440 τὴν
620 3370 960 3442 ἐπωνυμίαν,
997 3368 1133 3423 ἀλλὰ
1157 3371 1255 3442 τὴν
1286 3369 1379 3423 τοῦ
1407 3369 1660 3440 Σωτῆρος
1687 3369 1826 3439 (56),

227 3459 328 3511 καὶ
371 3459 494 3513 ἀντὶ
531 3459 799 3532 Ἑλλήνων
834 3461 1091 3532 ἄρχονται
1138 3460 1459 3532 Χριστιανοὶ
1505 3459 1786 3514 καλεῖσθαι
1807 3476 1824 3493 ο

226 3551 280 3603 oi
309 3549 369 3603 δὲ
403 3549 540 3622 πρὸς
583 3552 825 3616 ἐκείνους
871 3553 1156 3628 ἀπιόντες,
1197 3551 1230 3624 ἢ
1257 3552 1372 3606 ὅσοι
1395 3551 1442 3604 δ’
1470 3551 1535 3604 ἂν
1578 3551 1686 3604 ἀπὸ
1716 3551 1816 3620 τῆς

241 3639 573 3712 Ἐκκλησίας
597 3642 734 3715 πρὸς
758 3643 854 3715 τὴν
879 3644 1088 3717 αἵρεσιν
1123 3643 1231 3717 (57)
1271 3643 1714 3716 μεταϐάλλονται,
1755 3641 1818 3695 τὸ

229 3731 334 3803 μὲν
355 3733 596 3804 Χριστοῦ
627 3735 1127 3808 καταλιμπάνουσιν
1146 3737 1334 3809 ὄνομα,
1379 3735 1474 3791 καὶ
1525 3735 1711 3789 λοιπὸν
1759 3734 1817 3787 δὲ

1935 1807 2184 1863 eamdem
2218 1805 2295 1859 illi
2351 1806 2590 1860 retinent
2632 1802 2907 1870 formam,
2948 1819 3124 1874 neque
3154 1803 3324 1878 aliqui
3375 1804 3518 1859 inter

1935 1915 2032 1955 eos
2070 1898 2295 1954 nomine
2331 1897 2452 1968 ejus
2493 1895 2888 1964 insigniuntur,
2913 1911 3089 1966 neque
3120 1896 3238 1966 ipse
3272 1896 3517 1958 illorum,

1936 1990 2031 2046 sed
2053 2003 2248 2045 omnes
2278 2003 2470 2043 rursus
2501 1995 2556 2042 et
2583 1997 2850 2044 consueto
2901 2001 3056 2042 more
3083 1985 3382 2047 Christiani
3414 2000 3516 2040 vo-

1935 2089 2150 2137 cantur.
2186 2078 2430 2134 Tametsi
2461 2079 2605 2133 enim
2641 2077 3028 2149 magistrorum
3055 2091 3400 2132 successores
3426 2076 3520 2129 ha-

1935 2172 2151 2238 bemus,
2195 2185 2430 2242 quorum
2474 2169 2740 2226 elﬁcimur
2794 2169 3048 2238 discipuli
3100 2186 3113 2223 :
3154 2175 3337 2224 tamen
3385 2167 3517 2232 quia

1933 2280 2019 2329 ea,
2051 2279 2175 2335 quae
2196 2272 2326 2319 sunt
2349 2262 2578 2326 Christi,
2603 2277 2706 2318 nos
2733 2261 2808 2316 illi
2849 2261 3069 2326 docent,
3099 2258 3396 2316 Christiani
3434 2258 3518 2312 ni—

1933 2354 2235 2411 hilominus
2262 2363 2316 2409 et
2354 2368 2546 2408 sumus
2567 2361 2622 2407 et
2663 2342 2914 2408 dicimur.
2965 2350 3037 2406 At
3063 2351 3158 2422 qui
3208 2357 3516 2420 sequuntur

1932 2447 2240 2514 haereticos,
2273 2445 2702 2502 innumerabiles
2743 2445 2870 2501 licet
2918 2457 3266 2500 successores
3306 2441 3516 2498 habue-

1930 2539 2061 2606 rint,
2093 2540 2213 2612 ejus
2267 2555 2484 2610 semper
2531 2540 2790 2606 nomine,
2845 2538 2940 2610 qui
2989 2536 3212 2592 haeresis
3262 2534 3516 2590 inventor

1931 2630 2055 2699 fuit,
2090 2631 2528 2703 appellabuntur.
2553 2630 2715 2686 Certe
2743 2628 2958 2686 etiamsi
2984 2637 3234 2684 mortuus
3263 2625 3333 2682 sit
3349 2624 3514 2682 Arius

1930 2723 2198 2794 multique
2217 2739 2282 2780 ex
2303 2725 2418 2780 suis
2434 2723 2511 2778 illi
2533 2723 2918 2786 successerint,
2937 2733 3116 2777 tamen
3133 2723 3228 2793 qui
3246 2720 3365 2790 ejus
3385 2735 3516 2790 proo

1931 2825 2176 2888 pugnant
2202 2815 2508 2886 opiniones,
2543 2831 2610 2871 ex
2652 2815 2785 2871 Ario
2829 2814 2964 2882 noti,
2998 2813 3187 2868 Ariani
3216 2819 3509 2867 vocantur.

1929 2904 1997 2962 Et
2029 2921 2160 2962 vero
2191 2923 2298 2963 non
2324 2907 2442 2963 leve
2464 2907 2696 2978 hujusce
2723 2906 2804 2962 rei
2823 2913 3210 2978 argumentum
3237 2903 3371 2958 mihi
3389 2917 3513 2958 esse

1928 2997 2162 3068 videtur,
2197 3002 2342 3070 quod
2366 3000 2460 3070 qui
2498 3014 2530 3056 e
2587 2999 2880 3071 gentilibus
2913 2999 3080 3053 etiam
3117 3011 3265 3051 nunc
3304 2994 3374 3051 ad
3402 2993 3509 3050 Ec-

1930 3093 2157 3148 clesiam
2206 3094 2496 3158 accedunt,
2527 3093 2756 3150 dimissa
2788 3089 3507 3161 idolorum,superstitione,

1927 3201 2039 3242 non
2066 3186 2282 3242 illorum
2318 3202 2349 3241 a
2377 3186 2580 3257 quibus
2630 3185 2997 3250 instruuntur,
3027 3196 3328 3253 cognomen
3361 3178 3510 3236 acci-

1926 3279 2107 3350 piunt,
2137 3279 2231 3335 sed
2255 3278 2576 3341 Salvatoris,
2604 3277 2682 3332 ita
2711 3286 2769 3332 ut
2799 3277 2892 3347 qui
2917 3275 3147 3346 gentiles
3163 3274 3507 3339 dicebantur,

1925 3370 2226 3427 Christiani
2281 3370 2548 3440 incipiant
2593 3368 2803 3424 vocari.
2861 3365 2967 3434 Qui
3026 3373 3211 3420 autem
3263 3363 3331 3418 ad
3383 3362 3509 3417 illos

1926 3461 2150 3530 abeunt,
2190 3462 2276 3517 vel
2308 3462 2624 3532 quicunque
2659 3459 2728 3515 ab
2765 3457 3010 3516 Ecclesia
3063 3457 3132 3512 ad
3160 3456 3302 3511 hanc
3342 3453 3511 3508 haere-

1922 3554 2027 3610 sim
2054 3552 2360 3619 discedunt,
2377 3549 2580 3606 Christi
2611 3550 2856 3620 deposito
2880 3547 3122 3615 nomine,
3140 3545 3330 3600 Ariani
3352 3543 3508 3598 dein-

1925 3657 2052 3711 ceps
2078 3649 2488 3710 nuncupantur,
2511 3649 2572 3694 ut
2593 3639 2688 3709 qui
2711 3636 2914 3694 Christi
2939 3638 3098 3692 tidem
3128 3651 3240 3690 non
3269 3633 3508 3705 amplius

1926 3733 2185 3798 habeant,
2212 3732 2308 3788 sed
2346 3732 2460 3786 Arii
2491 3730 2698 3786 furoris
2727 3730 2838 3785 sint
2869 3728 2998 3785 facti
3027 3727 3291 3784 haeredes.

255 3824 514 3895 Δρειανοὶ
540 3826 944 3894 καλοῦνται,ὡς
973 3829 1158 3884 οὐκέτι
1201 3829 1298 3902 τὴν
1331 3826 1567 3902 Χριστοῦ
1624 3827 1807 3881 πίστιν
1844 3824 2081 3896 ἔχοντες,
2151 3823 2286 3878 ἀλλὰ
2320 3824 2455 3895 ἢτῆς
2499 3823 2710 3895 Ἀρείου
2758 3822 3039 3893 γενόμενοι
3085 3819 3284 3891 μανίας
3334 3817 3508 3874 διάδο-

225 3934 314 3989 χοι
339 3917 474 3990 (58).

301 4145 420 4218 (27)
460 4143 552 4218 Si_c
594 4141 1022 4218 Segner._Basil.
1059 4147 1218 4218 Angl.
1257 4143 1498 4218 Felckm.
1543 4147 1567 4201 I
1605 4154 1660 4218 et
1702 4159 1811 4218 tgo-

227 4215 368 4272 διον.
394 4215 464 4269 At
499 4215 630 4286 Reg.
671 4215 726 4271 et
763 4216 930 4271 editio
958 4215 1248 4283 Comme1.,
1278 4216 1676 4271 Οὐαλεντιανοί.
1714 4216 1811 4272 Se-

224 4301 386 4358 guer.
398 4357 402 4358 ν
414 4286 636 4358 ibidem,
662 4287 858 4358 Βασιλε
867 4287 1023 4341 ιανοί.

300 4356 433 4428 (28)
456 4355 549 4428 Sic
591 4355 908 4428 Seguerian.
955 4357 1242 4428 Anglican.
1287 4356 1576 4413 Basiliens.
1610 4357 1799 4412 Goble~

223 4428 368 4482 rian.
396 4427 636 4482 Felckm.
668 4431 719 4489 1,
748 4427 783 4480 2
806 4435 862 4481 et
893 4428 948 4482 5.
986 4427 1244 4497 In'Regio
1269 4437 1384 4483 erat
1416 4443 1635 4498 quoque
1668 4427 1812 4482 κατὰ

221 4497 479 4580 apd-fati,
531 4499 625 4552 sed
658 4498 798 4580 male
827 4499 1173 4580 emendatum
1206 4508 1319 4578 est,
1362 4499 1524 4580 κατα.
1545 4497 1806 4580 Φρυγίας.

224 4567 366 4660 ἕλιξι)
388 4608 404 4634 ,
434 4568 818 4660 καταῗρύγες.
863 4567 982 4660 Mog
1018 4567 1813 4660 Segueria'n."(aolilcria’mmet

221 4637 460 4694 Felckln.
503 4640 554 4697 1,
601 4637 896 4701 Νοουάτου,
933 4637 1304 4692 Νοουατιανοί.
1349 4638 1586 4694 Felckin.
1620 4640 1672 4703 5,
1707 4641 1814 4693 Να-

221 4709 412 4770 6ἀτου,
442 4707 794 4762 Ναϐατιανοί.
842 4708 982 4762 Editi
1014 4719 1068 4764 et
1097 4711 1206 4774 alii,
1241 4710 1514 4775 Ναυάτοδ,
1539 4711 1815 4764 Ναυατια-

220 4780 322 4832 νοί.
357 4779 478 4832 Mox
512 4778 797 4834 Basilicus.
828 4779 1104 4843 Μελὲτιος.

293 4851 409 4920 (29)
440 4848 604 4922 Basil.
639 4860 693 4903 et
715 4848 965 4922 Feb-lim.
983 4851 1036 4915 5,
1071 4848 1452 4914 Μελετιανούς.
1482 4849 1652 4906 Paulo
1689 4864 1813 4922 post

221 4920 349 4983 Seg.
387 4920 690 4992 μακαρίτου
728 4920 1094 4993 Ἀλεξάνδρου.
1131 4922 1269 4976 Editi
1309 4931 1363 4975 et
1397 4922 1507 4987 alii,
1540 4920 1809 4993 μακαρίου

231 4989 582 5057 Ἀλεξάνδρου

231 4989 582 5061 Ἀλεξάνδρου

297 5062 412 5132 (50)
445 5059 537 5114 Sic
574 5059 967 5131 Seguerianus,
997 5061 1360 5118 Goblcrianus
1397 5071 1452 5118 et
1477 5062 1718 5120 Felckm.
1753 5065 1804 5119 1.

220 5130 532 5204 Editiivejo
570 5141 624 5186 et
651 5130 765 5204 alii,
803 5133 981 5204 ἡμῶν.

293 5202 410 5271 (51)
444 5198 898 5271 δοευοινὴιηυδῖιι
929 5203 1130 5271 Regius
1166 5204 1335 5259 codex
1355 5244 1369 5256 .
1401 5205 1562 5269 αὐτὸς
1592 5207 1620 5259 ὁ
1654 5205 1811 5260 Ἀθα-

293 5222 410 5271 (an)
445 5222 810 5270 oeguerianus
843 5222 898 5258 et
929 5222 1002 5257 ne
1043 5222 1130 5259 IUS
1166 5222 1369 5259 couex.
1401 5222 1562 5269 αυτος
1592 5222 1620 5259 ο
1659 5222 1808 5260 'Aua-

217 5273 427 5335 νάσιος.
461 5270 628 5327 Paulo
661 5285 782 5341 post
803 5274 969 5329 editio
997 5222 1286 5335 Commqu
1313 5274 1434 5328 οὔτε
1465 5275 1526 5340 ἐξ
1561 5276 1808 5330 ἐκείνων.

217 5342 341 5416 δειίᾷ
357 5345 428 5416 ἐκ
449 5343 608 5416 abest
637 5359 666 5398 a
700 5342 924 5416 Seguer.
955 5344 1124 5416 Regio
1152 5355 1206 5400 et
1229 5345 1465 5416 Felckm.
1494 5345 1552 5402 5.

288 5414 405 5485 (52)
444 5411 539 5485 Sic
567 5411 796 5483 Seguei-I
817 5411 1129 5470 Goblerian.
1159 5425 1213 5472 et
1236 5415 1476 5471 Felckm.
1509 5417 1560 5472 1.
1587 5418 1654 5471 At
1679 5417 1809 5472 editi

214 5495 269 5539 et
297 5483 610 5556 alii,_1cdt).tv
642 5485 906 5556 συνήθως.
954 5485 1124 5541 Paulo
1155 5495 1280 5556 post
1323 5487 1548 5556 Seguer.
1587 5487 1802 5542 Gobler.

214 5553 544 5629 et_Felc_km,
579 5557 604 5607 1
623 5553 920 5629 ,μαθηταὶ
950 5553 1173 5614 τούτωνζ
1210 5557 1349 5629 Editi
1377 5553 1431 5612 et
1459 5559 1573 5629 alii,
1607 5561 1810 5629 ἀκροα-

214 5574 269 5608 et
297 5574 544 5620 relCKlll,
579 5574 604 5607 ι
629 5596 644 5617 ,
679 5574 787 5626 μαυ
829 5574 920 5610 ται
950 5575 1173 5614 τουτων.
1210 5574 1349 5612 ιιιηιι
1377 5574 1431 5612 et
1459 5574 1573 5622 aut,
1607 5574 1807 5629 ακροα-

213 5625 305 5706 ταὶ
335 5624 576 5706 τούτων.
623 5624 746 5706 M0}
793 5574 1052 5700 gesner”
1083 5629 1150 5682 τὰ
1187 5628 1278 5682 τοῦ
1321 5628 1579 5700 Χριστοῦ.
1616 5630 1718 5684 Alii
1755 5638 1807 5684 et

216 5698 371 5752 editi.
403 5694 471 5749 τὰ
496 5697 750 5751 Χριστοῦ.

2014 4137 2103 4208 55)
2128 4136 2440 4194 Goblerian.
2464 4146 2518 4192 et
2549 4135 2878 4208 Eelckln._I,
2913 4135 3145 4208 ἔχουσιν.

2013 4202 2101 4281 54)
2137 4208 2388 4281 segnem
2421 4205 2631 4281 πολλῶν
2669 4223 2755 4281 τε.
2799 4202 3183 4281 Mox'Seguer.
3222 4202 3502 4281 Reg._G_o—_

1917 4274 2054 4336 ble‘r.
2084 4274 2156 4335 ἐι
2186 4274 2428 4334 Felckm.
2469 4280 2522 4346 1,
2567 4275 2625 4344 ἐξ
2668 4277 2878 4348 Ἀρείου
2913 4274 3323 4349 γνωριζόμενοι.
3357 4276 3502 4332 Editi

1917 4360 1972 4406 et
2001 4350 2090 4405 alii
2122 4349 2194 4416 ἐξ.
2209 4351 2485 4404 omittunt.

1990 4422 2102 4491 (55)
2134 4415 2225 4476 Sic
2253 4420 2477 4491 Segue_r.
2509 4416 2654 4491 Εόὶίί
2684 4427 2866 4491 autem
2890 4417 3065 4491 ethalii
3086 4415 3496 4491 τὴνλΕλλήνων.

1916 4485 2048 4547 Ibid.
2083 4485 2208 4561 Seg.
2254 4485 2388 4560 Reg.
2419 4485 3152 4561 Basil.“A_ngligin._Gobler.'
3187 4485 3428 4561 Felcltm.
3469 4488 3494 4542 1

1915 4573 1968 4618 et
1996 4557 2482 4684 thaé'qxoditwv.
2527 4557 2668 4615 Editi
2699 4557 2754 4614 et
2785 4559 3026 4614 Felckm.
3049 4559 3105 4625 2,
3135 4557 3499 4627 κατεχόντων,

1917 4649 2036 4684 men
2082 4649 2194 4684 ose.

1917 4649 2194 4687 mendose.

1988 4702 2100 4767 (56)
2137 4700 2564 4772 Seguel'.,&ndt
2601 4701 2695 4756 τοῦ
2736 4700 3015 4772 Σωτῆρος
3044 4699 3199 4772 Reg.)
3235 4697 3498 4772 @Mfljv

1912 4773 2008 4828 τοῦ
2036 4767 2328 4844 (Σωτῆρος.
2356 4771 2514 4844 ,Ερὶιὶ
2551 4782 2604 4826 et
2643 4773 2769 4844 alii,
2967 4771 3066 4844 τὴν
3103 4769 3225 4844 τοῦ-
3244 4767 3498 4844 Σωτῆρος

1913 4839 2231 4912 κατέχουσιῖ
2255 4842 2388 4897 Ibid.
2425 4840 2674 4910 Seguer..
2716 4841 2834 4895 ἀντὶ
2874 4839 3162 4912 Ἑλλήνων.
3188 4839 3415 4912 G_0_bler_.
3444 4847 3500 4893 et

1913 4908 2152 4970 P‘echm.
2185 4915 2208 4967 1
2235 4955 2250 4976 ,
2279 4908 2534 4974 ἀντὶ-τῶν
2572 4913 2856 4983 Ἑλλήνων,
2882 4922 2942 4967 ut
2969 4908 3031 4967 et
3060 4911 3187 4983 legit
3211 4908 3495 4983 Nannius.

1913 4984 2076 5040 Basil.
2113 4986 2398 5055 Anglican.
2430 4983 2670 5038 Felckm.
2701 4978 2760 5047 5,,
2788 4983 2896 5055 ἀπὸ
2916 4983 3027 5036 τῶν
3071 4978 3358 5055 Ἑλλήνων.
3385 4978 3496 5055 Re:

1911 5050 2528 5180 fgb'Eklﬁvwv,
2555 5065 2614 5109 nt
2658 5055 2785 5124 legit
2811 5052 3172 5109 Omnibonus.
3202 5050 3369 5116 E‘diti,
3403 5051 3498 5106 καὶ

1949 5143 2188 5251 ρχὲνται.

1952 5203 2004 5268 ξ(
2049 5197 2102 5264 7)
2132 5195 2448 5268 Seguerian.
2476 5195 2633 5268 AReg.
2676 5189 2994 5268 Goblerian.
3032 5193 3273 5268 Felckm.
3312 5191 3378 5257 I,
3414 5193 3510 5268 είςΞ

1910 5264 2012 5338 τὴν
2037 5264 2270 5338 αἵρεσίν.
2301 5265 2435 5338 Ibid.
2469 5265 2721 5338 Seguer.,
2751 5265 3176 5336 μεταϐάλωνται.
3212 5264 3369 5338 Reg.,
3398 5279 3496 5332 με-

1909 5336 2306 5393 ταϐάλλωνται.
2354 5336 2594 5392 Felckm.
2637 5337 2672 5390 2
2721 5349 2773 5391 et
2803 5338 2970 5392 editio
2998 5337 3284 5397 Commel.,
3323 5349 3494 5405 μετα-

1914 5407 2190 5487 ϐάλλουσι.
2222 5407 2329 5487 Alii
2378 5423 2539 5487 [ηε-8.,
2574 5406 3015 5487 μεταϐάλλονται.
3067 5407 3194 5487 alios
3240 5405 3493 5487 Seguera,

1912 5480 2004 5531 καὶ
2035 5479 2220 5532 λοιπὸν
2264 5478 2341 5532 δέ.
2372 5471 2682 5533 Goblerian.
2727 5488 2780 5530 et
2811 5477 3048 5532 Felrkm.
3083 5479 3135 5542 1,
3171 5471 3362 5546 ὄνομα,
3397 5471 3493 5525 καὶ

1922 5549 2188 5620 ’Ᾱρειανοὶ
2208 5547 2522 5620 (καλοῦνται.
2555 5548 2667 5620 Alii
2682 5556 2736 5600 et
2756 5549 3126 5620 editi,_l5vop.a,
3155 5545 3363 5620 λοιίιόν2
3385 5553 3491 5620 εις.

1985 5611 2096 5691 (58)
2125 5619 2367 5691 Διάδοχοι
2395 5619 2548 5675 abest
2578 5633 2606 5672 a
2636 5616 2860 5688 Seguer.
2894 5611 3120 5674 Cobler.
3145 5628 3198 5674 et
3225 5615 3401 5672 Fclck.
3438 5611 3492 5668 1.
