3850 6218
357 285 423 341 10
965 283 1025 339 S.
1068 284 1448 343 ATHANASII
1486 284 1638 343 OPP.
1678 287 1860 345 PARS
1900 304 1940 344 ι.
1982 324 2053 334 -
2084 289 2459 349 HlSTORlCA
2498 287 2586 349 ΕΤ
2628 289 3029 348 DOGMATICA
3547 290 3619 347 20

425 399 480 455 4.
509 386 653 455 Num
682 397 848 470 igitur
864 413 1082 472 arquum
1113 397 1279 457 fuerit
1306 417 1401 459 eos
1421 395 1766 462 Christianos
1790 406 1926 463 dice-

2048 406 2049 413 “
2109 410 2163 464 4.
2208 410 2333 475 Πῶς
2360 411 2541 464 τοίνυν
2573 404 2890 482 Χριστιανοὶ
2919 406 2969 461 οί
3006 407 3080 479 μὴ
3111 404 3447 481 Χριστιανοὶ,
3482 407 3618 464 ἀλλὰ

355 505 435 551 re,
469 490 564 561 qui
601 505 711 545 non
739 490 1058 555 Christiani,
1094 492 1187 547 sed
1215 491 1403 548 Ariani
1432 497 1597 550 sunt?
1621 498 1704 551 An
1736 498 1802 554 ad
1837 513 1930 554 ca-

356 581 617 638 tholicam
665 581 965 639 Ecclesiam
998 585 1077 640 illi
1103 586 1401 657 pertinent,
1438 589 1533 657 qui
1575 589 1932 660 apostolicam

356 674 517 731 tidem
553 684 936 745 excusserunt,
979 686 1034 732 et
1067 693 1336 733 novorum
1372 680 1644 735 malorum
1679 691 1934 739 auctores

356 766 617 823 fuerunt?
644 766 738 836 qui
770 767 1519 841 divinarum_Scripmrarum
1550 772 1786 828 oraculis
1807 773 1928 828 reli-

356 861 477 924 ctis,
495 860 607 914 Arii
635 859 851 916 Thalia:
880 876 1072 917 novam
1103 858 1424 933 sapientiam
1462 863 1766 935 appellant?
1787 864 1934 936 quod

353 951 574 1020 quidem
605 966 711 1006 non
749 951 1025 1007 immerito
1058 952 1212 1007 aiunt
1245 969 1259 1008 :
1286 969 1490 1009 novam
1528 955 1730 1025 quippe
1759 954 1934 1027 ἣξει-,ο-

353 1042 457 1097 sim
489 1043 837 1098 aununtiant.
871 1042 1141 1111 Quocirca
1178 1045 1367 1101 mirari
1406 1047 1573 1113 subit,
1609 1047 1757 1118 quod
1805 1062 1932 1103 cum

352 1134 509 1188 multi
539 1134 808 1204 plurimos
836 1137 1263 1194 commentarios
1288 1147 1343 1193 et
1377 1154 1663 1197 sermones
1699 1139 1934 1211 scripse-

352 1225 464 1280 rint
519 1226 571 1281 in
614 1224 786 1283 Vetus
831 1237 886 1284 et
917 1224 1130 1285 Novum
1175 1228 1611 1299 Testamentum,
1656 1248 1758 1289 nec
1787 1234 1932 1303 apud

354 1317 517 1386 ullos,
561 1319 645 1373 vel
693 1320 859 1375 etiam
919 1324 1060 1393 apud
1115 1320 1279 1394 322
1312 1321 1590 1394 graviores
1649 1323 1931 1394 gentilium

355 1420 610 1467 auctores
639 1410 831 1466 Thalia
861 1413 1189 1484 reperiatur,
1226 1415 1318 1471 sed
1343 1415 1410 1469 ab
1434 1415 1522 1471 his
1544 1415 1810 1471 duntaxat
1839 1430 1933 1472 so-

354 1509 464 1555 teat
488 1501 756 1566 adhiberi,
784 1502 876 1573 qui
909 1505 1050 1561 inter
1067 1506 1264 1576 pocula
1304 1522 1426 1562 cum
1462 1505 1658 1578 plausu
1694 1519 1748 1566 et
1785 1506 1932 1563 face-

359 1594 453 1650 tiis
487 1594 591 1650 ista
631 1597 685 1651 in
734 1596 878 1653 ludis
905 1607 1131 1665 canunt,
1164 1607 1225 1652 ut
1268 1600 1337 1655 ab
1386 1599 1508 1655 aliis
1540 1599 1876 1656 irrideantur
1913 1617 1928 1655 :

352 1685 622 1742 miriﬁcus
656 1687 822 1744 Arius
861 1689 996 1744 nihil
1028 1690 1318 1745 honestum
1354 1699 1613 1758 sectatus,
1644 1691 1755 1746 imo
1779 1692 1932 1763 igna-

351 1793 450 1832 rus
480 1778 609 1847 quid
640 1779 842 1848 probos
867 1780 1117 1837 homines
1136 1782 1346 1845 deceat,
1374 1782 1781 1853 maximamque
1808 1800 1932 1854 par-

353 1877 461 1923 tem
496 1868 729 1925 aliarum
764 1870 1034 1925 baercsum
1070 1870 1305 1935 furatus,
1335 1873 1506 1941 solius
1544 1874 1759 1929 Sotada:
1779 1891 1933 1930 scur-

351 1956 482 2015 riles
532 1957 758 2018 facetias
788 1963 1073 2019 amulatus
1103 1962 1224 2018 fuit.
1259 1964 1402 2030 Quid
1428 1967 1575 2021 enim
1614 1983 1738 2022 eum
1765 1983 1931 2039 agere

351 2052 730 2120 conveniebat,
757 2052 1061 2126 cupientem
1087 2065 1276 2111 contra
1296 2055 1582 2113 Dominum
1609 2042 1927 2129 tripudiare,

349 2158 515 2213 quam
547 2145 779 2203 miseras
827 2163 939 2202 suae
973 2146 1271 2217 impietatis
1311 2151 1535 2206 voculas
1562 2150 1844 2207 dissolutis
1872 2160 1928 2209 et

348 2234 652 2293 luxuriosis
675 2239 853 2293 modis
873 2239 1214 2309 signiﬁcare?
1239 2248 1316 2305 ut,
1339 2242 1803 2310 quemadmodum
1842 2259 1929 2297 sa-

349 2328 551 2396 pientia
578 2328 674 2393 ait,
709 2328 794 2382 Ea:
844 2331 1016 2385 verbis
1067 2333 1177 2385 suis
1212 2346 1554 2403 cognoscetur
1583 2336 1692 2403 vir;
1725 2336 1805 2390 sic
1835 2336 1928 2390 hu-

343 2419 589 2489 jusmodi
643 2421 923 2487 numeris,
970 2424 1258 2494 scriptoris
1309 2426 1528 2483 animus
1583 2426 1929 2483 effeminatus

346 2511 579 2582 ejusque
629 2513 827 2569 mentis
876 2516 1160 2587 corruptio
1208 2525 1437 2588 pateret.
1476 2516 1543 2572 Et
1595 2534 1725 2573 vero
1760 2519 1929 2576 latere

348 2620 458 2661 non
488 2605 664 2676 potuit
697 2606 862 2662 homo
900 2618 1154 2667 versutus
1180 2629 1200 2666 :
1241 2627 1431 2666 verum
1461 2613 1714 2683 quamvis
1748 2613 1931 2683 szepis-

345 2699 487 2758 sime
520 2715 642 2755 sese
669 2700 940 2771 serpentis
977 2717 1128 2771 more
1171 2720 1393 2760 sursum
1420 2705 1748 2761 deorsumve
1792 2722 1924 2761 con-

346 2780 569 2846 torserit
599 2799 653 2845 et
679 2792 931 2856 verterit,
975 2800 1156 2848 tamen
1190 2794 1245 2849 in
1300 2792 1704 2852 Pharisaeorum
1745 2797 1929 2869 lapsus

344 2894 592 2937 errorem
621 2891 725 2938 est.
756 2879 895 2937 Nam
920 2893 975 2938 ut
1014 2885 1089 2939 illi
1121 2885 1174 2940 in
1223 2887 1409 2943 animo
1462 2888 1726 2945 habentes
1756 2888 1926 2961 legem

346 2971 571 3038 violare,
603 2989 663 3029 se
692 2973 827 3045 legis
854 2972 1019 3031 verba
1046 2978 1301 3033 meditari
1346 2980 1656 3051 ﬁngebant,
1690 2996 1929 3052 cumque

346 3073 722 3136 exspectatum
765 3062 992 3137 jamque
1039 3079 1361 3139 prmsentem
1395 3068 1685 3128 Dominum
1729 3073 1929 3128 vellent

347 3172 569 3228 negare,
600 3157 934 3216 simulabant
964 3160 1134 3216 Deum
1189 3178 1313 3217 eum
1365 3164 1674 3236 appellare,
1705 3181 1927 3220 eorum—

346 3262 455 3315 quc
508 3248 869 3306 nihilominus
905 3251 1153 3306 convicta
1194 3250 1445 3322 impietas
1485 3262 1570 3310 est
1616 3270 1740 3311 cum
1774 3254 1925 3311 dice-

350 3351 491 3417 rent,
520 3357 617 3397 cur
644 3354 720 3409 tu,
764 3343 916 3398 homo
954 3362 1070 3399 cum
1102 3345 1199 3408 sis,
1228 3344 1363 3416 {acis
1403 3347 1626 3417 teipsum
1654 3347 1839 3415 Deum,
1873 3357 1928 3404 et

344 3416 521 3499 dicis,
571 3433 685 3505 Ego
721 3443 773 3490 et
801 3435 979 3507 IPater
1022 3453 1186 3491 unum
1228 3454 1412 3491 sumus
1454 3416 1529 3491 αἳ
1581 3438 1653 3493 ita
1709 3456 1926 3510 quoque

346 3526 567 3583 fucatus
598 3537 655 3583 et
688 3528 960 3586 Sotadeus
1006 3529 1173 3585 Arius
1219 3529 1446 3585 simulat
1496 3531 1717 3601 quidem
1765 3547 1823 3588 se
1860 3531 1926 3587 de

346 3617 457 3676 Deo
479 3620 648 3691 loqui,
670 3636 791 3676 eum
810 3620 1024 3693 Scriptu
1035 3638 1216 3678 rarum
1236 3624 1460 3679 vocibus
1482 3625 1686 3692 utitur;
1707 3633 1763 3679 at
1792 3623 1928 3678 nihil

345 3711 398 3766 id
424 3712 653 3783 impedit
676 3714 975 3785 quominus
1008 3715 1204 3771 atheus
1227 3724 1281 3770 et
1320 3715 1521 3786 impius
1540 3731 1662 3772 esse
1687 3716 1926 3786 undique

342 3808 722 3873 convincatur,
757 3808 961 3879 quippe
986 3809 1081 3880 qui
1111 3808 1203 3863 Dei
1234 3807 1432 3864 Filium
1465 3810 1663 3864 audeat
1706 3826 1923 3877 negare,

341 3916 578 3971 cumque
615 3902 758 3957 inter
791 3917 881 3957 res
908 3912 1122 3958 creatas
1152 3912 1498 3957 aunumeret.

412 3990 465 4044 5.
501 3988 683 4060 Ipsum
716 3992 901 4062 itaque
923 3990 1139 4046 Arianae
1171 3990 1376 4047 Thalia:
1396 4001 1446 4046 et
1473 3990 1749 4047 {utilitatis
1769 4006 1925 4046 exor-

341 4081 515 4145 dium,
545 4081 692 4151 quod
718 4098 899 4138 mores
932 4082 1191 4139 modosve
1214 4082 1557 4138 effeminatos
1584 4098 1695 4153 prae
1715 4098 1772 4139 se
1797 4082 1919 4146 fert,

341 4172 656 4242 hujusmodi
711 4179 796 4230 est
833 4192 852 4229 :
893 4192 913 4224 ι
946 4170 1112 4228 Juxta
1169 4189 1361 4229 eorum
1406 4174 1565 4228 fidem
1625 4173 1719 4244 qui
1767 4176 1920 4229 electi

342 4263 638 4333 Dei,pcriti
666 4258 783 4327 Dei,
816 4264 911 4318 lilii
940 4265 1114 4320 sancti
1142 4277 1197 4318 et
1222 4264 1521 4319 orthodoxi.
1547 4274 1696 4329 sunt,
1720 4265 1924 4335 quique

340 4363 594 4410 sanctum
628 4353 722 4409 Dei
760 4352 1026 4425 Spiritum
1061 4365 1411 4425 acceperunt,
1443 4355 1558 4411 haec
1580 4371 1682 4425 ego
1706 4354 1870 4411 didici
1892 4371 1923 4410 a

339 4446 497 4512 viris,
529 4447 624 4517 qui
651 4446 937 4519 sapientia!
957 4448 1274 4519 participes,
1315 4462 1521 4513 comes,
1551 4462 1581 4500 a
1612 4446 1723 4502 Deo
1750 4447 1918 4513 docti,

456 4638 618 4695 Joan.
652 4657 706 4707 ι,
729 4640 818 4704 55,
846 4642 942 4696 '50.

2050 498 2486 571 Ἀρειομανῖται;
2541 500 2614 553 Ἢ
2659 498 2778 565 πῶς
2806 498 2906 569 τῆς
2947 490 3240 567 καθολικῆς
3290 495 3618 569 Ἐκκλησίας

2036 591 2175 645 εἰσιν
2200 593 2248 645 οί
2272 590 2369 663 τὴν
2396 590 2760 663 άποστολικὴν
2784 589 3235 660 ἀποτιναξάμενοι
3283 587 3483 651 πίστιν,
3518 586 3617 642 καὶ

2036 683 2236 737 καινῶν
2265 681 2450 736 κακῶν
2476 683 2765 753 ἐφευρεταὶ
2802 681 3116 752 γενόμενοι,
3169 680 3218 733 οζ
3256 677 3325 732 τὰ
3380 675 3478 750 μὲν
3507 678 3617 733 τῶν

2037 775 2195 829 θείων
2225 772 2684 846 Γραφῶν³λόγια
2729 772 2839 845 (59)
2886 768 3342 840 καταλείψαντες,
3401 769 3500 834 τὰς
3557 768 3618 823 δὲ

2036 867 2288 933 Θαλείας
2302 865 2507 938 Ἀρείου
2537 865 2726 934 σοφίαν
2757 864 2946 937 καινὴν
2966 863 3344 936 ὀνομάζοντεςς
3378 856 3618 924 Είκότως

2033 956 2193 1010 τοῦτο
2224 955 2474 1025 λέγοντες
2514 954 2657 1027 (40)·
2711 956 2904 1027 καινὴν
2932 954 3042 1027 γὰρ
3076 954 3287 1027 αἵρεσιν
3335 951 3616 1021 ἀπαγγέλρ

2034 1047 2206 1105 λουσι.
2252 1049 2343 1102 Διὸ
2380 1048 2475 1103 καὶ
2502 1047 2831 1119 θαυμάσειεν
2852 1046 2915 1101 ἄν
2940 1064 3046 1111 τις,
3085 1047 3167 1099 ὅτι
3200 1043 3372 1099 πολλά
3404 1041 3617 1096 πολλῶν

2037 1142 2391 1212 συντάγματα
2450 1141 2546 1194 κα).
2604 1138 2864 1202 πλείστας
2901 1137 3120 1207 ὁμιλίας
3155 1137 3234 1201 είς
3266 1152 3329 1205 γε
3374 1134 3488 1206 (11)
3515 1133 3616 1206 τὴν

2035 1230 2277 1285 Παλαιὰν
2306 1231 2400 1284 καὶ
2432 1233 2530 1302 τὴν
2556 1229 2764 1303 Καινὴν
2790 1228 3139 1302 γραψάντων,
3185 1227 3280 1281 καὶ
3322 1225 3473 1297 παρὰ.
3513 1242 3616 1297 μη·-

2034 1325 2145 1379 δενὶ
2183 1325 2414 1389 Θαλείας
2455 1324 2871 1396 εύρισκομένης,
2919 1322 3055 1377 ἀλλὰ
3112 1321 3247 1393 μηδὲ
3295 1318 3449 1390 παρὰ
3502 1320 3616 1381 τοῖς

2038 1414 2348 1480 σπουδαίοις
2368 1415 2474 1469 τῶν
2518 1416 2809 1488 Ἑλλήνων,
2842 1415 2876 1488 ἢ
2908 1414 3059 1488 παρά
3089 1414 3270 1486 μόνοις
3298 1414 3412 1476 τοῖς
3431 1411 3614 1484 ᾅδουσι

2033 1508 2103 1563 τὰ
2133 1506 2356 1563 τοιαῦτα
2388 1506 2541 1580 παρά
2564 1509 2726 1562 πότον
2752 1508 2890 1580 μετά
2911 1507 3106 1580 κρότου
3133 1506 3229 1559 κα)⁹
3263 1504 3615 1576 σκωμμάτων

2035 1599 2092 1654 ἐν
2122 1600 2378 1663 παιδιαῖς,
2409 1598 2594 1651 ἕνεκεν
2618 1598 2711 1652 τοῦ
2743 1596 3004 1666 γελᾶσθαι
3026 1597 3156 1667 παρ’
3178 1594 3401 1666 ἑτέρων,
3423 1594 3451 1646 ὁ
3479 1593 3613 1646 θαυι

2039 1691 2243 1763 μαστὸς
2278 1691 2495 1762 Ἀρειος
2524 1688 2674 1743 οὐδὲν
2701 1690 2896 1761 σεμνὸν
2922 1688 3318 1760 μιμησάμενος,
3354 1684 3490 1740 ἀλλά
3519 1685 3615 1739 καὶ

1962 1765 2004 1822 Β
2032 1783 2101 1837 τὰ
2126 1782 2234 1837 τῶν
2266 1780 2570 1837 σπουδαίων
2603 1783 2895 1853 ἀγνοήσας,
2924 1780 3153 1834 πλεῖστά
3183 1795 3244 1831 τε
3296 1796 3407 1832 των
3434 1777 3614 1833 ἄλλων

2032 1874 2299 1947 αἱρέσεων
2350 1872 2681 1945 ὑποκλέψας,
2728 1874 2826 1946 τὴν
2868 1873 2964 1927 τοῦ
3001 1872 3248 1927 Σωτάδου
3299 1866 3411 1944 (42)
3449 1871 3613 1943 μόνου

2031 1967 2396 2037 γελοιολογίαν
2428 1964 2688 2040 ἐζήλωσε.
2724 1964 2791 2020 Τί
2822 1966 2931 2037 γὰρ
2960 1965 3166 2039 ἔπρεπε
3205 1966 3379 2019 ποιεῖν
3425 1965 3610 2027 αὑτὸν,

2030 2060 2064 2132 ἢ
2096 2059 2315 2115 θέλοντα
2337 2060 2479 2115 κατὰ
2503 2059 2597 2113 τοῦ
2625 2055 2876 2131 Σωτῆρος
2897 2055 3254 2130 ὀρχήσασθαι,
3277 2055 3347 2111 τά
3374 2055 3613 2124 δύστηνα

2032 2152 2224 2206 ἑαυτοῦ
2255 2152 2497 2224 ῥημάτια
2529 2152 2629 2223 τῆς
2656 2150 2911 2214 ἀσεϐείας
2937 2151 2994 2204 ὲν
3021 2148 3266 2212 ἐκλύτοις
3291 2149 3386 2202 καὶ
3421 2164 3614 2219 παρει-

2035 2244 2213 2317 μένοις
2248 2244 2434 2316 μέλεσι
2461 2244 2782 2315 σημαίνειν;
2814 2243 2880 2295 ἵν’
2907 2241 3093 2313 ῶσπερ
3143 2243 3177 2311 ἡ
3222 2240 3382 2310 σοφία
3423 2239 3608 2311 φησὶν,

2044 2339 2176 2392 Ἀπὸ
2229 2338 2444 2404 ἐξόδου
2486 2339 2672 2408 λόγου
2724 2331 3242 2405 ἐπιγνωσθήσεται
3282 2333 3391 2404 (45)
3430 2330 3608 2400 ἀνὴρ,

2029 2430 2203 2495 οὕτως
2229 2432 2323 2485 ἀπ’
2353 2432 2577 2485 ἐκείνων
2621 2430 2683 2482 τὸ
2713 2429 2813 2500 τῆς
2854 2427 3033 2499 ψυχῆς
3070 2427 3143 2500 μὴ
3190 2425 3476 2496 ἀνδρῶδες,
3516 2426 3611 2478 καὶ

2029 2524 2128 2594 τῆς
2157 2521 2393 2586 διανοίας
2448 2523 2482 2592 ἡ
2530 2519 2707 2593 φθορά
2741 2519 2833 2573 τοῦ
2887 2518 3195 2590 γράψαντος
3248 2517 3606 2588 γινώσκηται.

2030 2614 2140 2668 Καὶ
2167 2613 2277 2686 γὰρ
2310 2614 2430 2668 οὐδὲ
2451 2612 2639 2667 ἔλαθεν
2667 2613 2695 2666 δ
2717 2611 2890 2675 δόλιος
2929 2611 3076 2682 (44),
3108 2608 3245 2664 ἀλλὰ
3277 2609 3454 2663 καίτοι
3480 2607 3610 2660 πολ-

2028 2704 2205 2770 λάκις,
2237 2705 2313 2769 ὡς
2365 2707 2394 2759 ό
2424 2705 2581 2776 ὄφις,
2610 2705 2720 2759 ἄνω
2756 2704 2851 2758 καῖ
2899 2703 3050 2757 κάτω
3091 2702 3337 2772 στρέφων
3393 2699 3605 2763 ἑαυτὸν,

2028 2796 2176 2867 ὅμως
2199 2796 2487 2851 πέπτωκεν
2510 2798 2590 2861 είς
2612 2795 2710 2867 τὴν
2740 2795 2948 2867 πλάνην
2985 2794 3097 2847 τῶν
3126 2793 3434 2864 Φαρισαίων
3469 2789 3603 2862 (45).

2041 2889 2129 2951 Ὠς
2156 2887 2266 2960 γὰρ
2292 2888 2513 2952 ἐκεῖνοι,
2541 2887 2787 2950 θέλοντες
2806 2888 3163 2959 παρανομεῖν,
3184 2882 3609 2955 ὲσχηματίζοντο

2027 2978 2099 3033 τὰ
2126 2978 2219 3033 τοῦ
2253 2979 2420 3051 νόμου
2453 2978 2681 3050 μελετᾷν
2717 2978 2957 3049 ῥήματα,
2989 2976 3085 3030 καῖ
3135 2974 3378 3038 θέλοντες
3425 2975 3606 3046 ἀρνεῖ-

2032 3069 2156 3124 σθαι
2190 3069 2280 3123 τὺν
2333 3067 2774 3141 προσδοκηθέντα
2812 3068 2906 3122 καὶ
2941 3066 3182 3139 παρόντα
3225 3065 3428 3136 Κύριον
3451 3104 3465 3128 ,
3504 3065 3607 3118 ὑπε-

2031 3160 2308 3229 εκρίνοντο
2340 3160 2437 3231 μὲν
2464 3157 2751 3231 ὀνομάζειν
2778 3157 2869 3213 τὸν
2892 3157 3043 3221 Θεὸν,
3067 3156 3357 3226 ἠλέγχοντο
3387 3154 3442 3208 δὲ
3474 3153 3607 3225 βλασ-

2032 3249 2374 3323 σφημοῦντες
2417 3253 2476 3304 ὲν
2505 3248 2783 3321 τῷ,λέγειν
2807 3288 2821 3313 ,
2846 3247 2935 3302 διὰ
2959 3248 3012 3301 τί
3040 3246 3143 3309 σὺ,
3169 3248 3480 3316 ἅνθρωπος
3520 3246 3607 3299 ὢν

2031 3343 2179 3400 Θεὸν
2206 3343 2469 3398 σεαυτὸν
2505 3341 2714 3407 ποιεῖς,
2748 3340 2842 3394 καὶ
2869 3338 3069 3407 λέγεις,
3100 3338 3241 3407 Ἐγὼ
3276 3336 3375 3390 καὶ
3412 3340 3446 3390 ό
3484 3340 3604 3391 Παι-

2026 3436 2139 3506 τὴρ
2153 3436 2224 3491 ἓν
2245 3437 2433 3506 ἐσμεν
2448 3476 2463 3499 ,
2482 3432 2623 3488 οὕτω
2644 3434 2737 3487 καὶ
2752 3435 2780 3486 ὁ
2799 3430 3050 3502 κίϐδηλος
3070 3431 3164 3484 καὶ
3180 3428 3475 3493 Σωτάδειος
3491 3425 3605 3500 (46)

2031 3530 2248 3601 Ἀρειος
2274 3527 2624 3600 ὑποκρίνεται
2659 3525 2756 3596 μὲν
2798 3525 2873 3588 ὡς
2906 3526 3033 3596 περὶ
3066 3521 3200 3577 Θεοῦ
3224 3521 3398 3591 λέγων
3418 3561 3432 3585 ,
3464 3537 3606 3593 παρ-

2025 3620 2254 3686 εντιθεὶς
2299 3620 2411 3691 (47)
2454 3618 2557 3684 τὰς
2603 3618 2712 3671 τῶν
2758 3616 2988 3689 Γραφῶν
3009 3616 3201 3684 λέξεις,
3230 3615 3516 3686 ἐλέγχεται·
3546 3613 3605 3669 δὲ

2028 3711 2363 3784 πανταχόθεν
2388 3713 2604 3783 ’Δρειος
2627 3710 2803 3774 ἄθεος,
2840 3709 3168 3780 ἀρνούμενος
3206 3707 3297 3760 τὸν
3335 3707 3485 3773 Υίὺν,
3511 3706 3606 3760 mi.

2025 3808 2137 3869 τοῖς
2165 3805 2464 3876 ποιήμασιν
2489 3803 2649 3857 αὑτὸν
2678 3799 3045 3874 συναριθμῶν.

2097 3988 2149 4042 5.
2191 3989 2253 4041 'll
2284 3989 2383 4059 μὲν
2406 3981 2498 4040 οὖν
2519 3985 2660 4057 ἀρχὴ
2684 3984 2783 4055 τῆς
2802 3983 3082 4055 ’Δρειανῆς
3102 3984 3352 4050 Θαλείας
3375 3982 3488 4054 (48)
3509 3982 3607 4039 καί

2026 4080 2407 4150 κουφολογίας,
2442 4075 2572 4148 ἦθος
2597 4076 2794 4147 ἔχουσα
2832 4076 2927 4130 καὶ
2962 4074 3124 4146 μέλος
3151 4075 3405 4145 θηλυκὸν,
3440 4073 3600 4145 αῦτηο

2022 4189 2056 4224 ι
2092 4172 2246 4225 Κατὰ
2270 4172 2455 4224 πίστιν
2474 4167 2745 4223 ἐκλεκτῶν
2777 4166 2935 4233 Θεοῦ,
2958 4168 3191 4222 συνετῶν
3220 4166 3377 4231 Θεοῦ,
3400 4166 3604 4221 παίδων

2027 4264 2219 4333 ἁγίων,
2247 4261 2561 4335 όρθοτόμων
2586 4300 2601 4326 ,
2654 4260 2811 4329 ἆγιον
2840 4259 2977 4314 Θεοῦ
3022 4259 3239 4332 πνεῦμα
3289 4258 3558 4313 λαϐόντων
3584 4297 3602 4323 ,

2023 4355 2149 4409 τάδε
2194 4354 2396 4426 ἔμαθον
2439 4353 2614 4424 ἔγωγε
2679 4353 2784 4406 ὑπὸ
2839 4352 2950 4405 τῶν
3008 4352 3199 4422 σοφίας
3246 4351 3602 4423 μετεχόντων,

2027 4447 2279 4509 ἀστείων,
2305 4445 2678 4509 θεοδιδάκτων,
2697 4445 2836 4501 κατά
2867 4444 3043 4498 πάντα
3067 4442 3244 4513 σοφῶν
3277 4459 3354 4497 τε,
3386 4439 3606 4498 Τούτων

413 4823 526 4898 (59)
555 4821 807 4898 Seguer.,
831 4824 901 4877 τὰ
928 4823 1026 4898 μὲν
1055 4824 1292 4898 Χριστοῦ
1324 4824 1654 4898 λόγιαηΜίοχί
1677 4825 1925 4898 Seguer.,

2036 4824 2329 4898 νὼσκηται.
2366 4823 2847 4898 Πύθιῃεοηῇιιηειίο
2877 4823 2979 4898 καί
3012 4832 3134 4898 post
3159 4822 3315 4898 ,ἁνήρ
3354 4820 3421 4898 ill
3443 4818 3607 4898 editis

341 4894 645 4966 gallagtct
668 4895 1089 4966 admarginem
1110 4894 1221 4949 alia
1266 4894 1461 4966 manu,
1494 4894 1837 4961 Θαλείας,ὐι
1871 4909 1925 4950 et

340 4963 505 5087 uati?
538 4961 929 5021 'Goblerianus'
951 4975 1004 5021 ct
1050 4961 1289 5021 Felckm.
1328 4967 1382 5026 1.
1419 4965 1560 5022 Editi
1588 4982 1718 5022 vero
1744 4976 1797 5022 et
1829 4968 1924 5021 alii

387 5052 421 5087 α
478 5052 562 5087 ας.

339 5038 562 5090 Θαλίας.

412 5053 796 5180 (Ἱὸξῖῗθίοιίῐη.
830 5107 884 5180 Ei,
907 5106 1145 5180 λέγουσι.
1176 5107 1317 5180 Ibid.
1352 5105 1916 5180 Seguerian.Gobler.

338 5174 581 5253 Felck'nl.
623 5177 677 5253 1,
712 5177 906 5253 καινὴν
920 5174 1068 5253 ἡγάρᾼ,
1101 5188 1207 5233 etc.
1247 5177 1387 5233 Editi
1415 5174 1589 5253 €t__alii
1615 5179 1723 5253 γάρ
1750 5179 1918 5234 οηιίι‹

341 5254 489 5320 tunt.
508 5244 729 5320 Regius,
759 5244 986 5320 καινῦν
1003 5244 1212 5320 αἵρεσιν
1241 5244 1683 5318 καταγγέλλουσι.

413 5316 524 5390 (41)
560 5315 904 5390 segu_erian.,
933 5318 1013 5383 εἵς
1052 5315 1131 5390 τε.
1164 5317 1334 5390 Paulo
1368 5315 1491 5390 post
1520 5322 1672 5385 [idem
1722 5329 1776 5374 et
1805 5319 1917 5375 Go-

337 5386 565 5442 bleriau.
596 5396 650 5441 et
679 5386 918 5444 Felckm.
950 5393 996 5454 l,
1021 5387 1272 5453 Θαλείας.
1300 5386 1404 5445 Alii
1440 5400 1493 5446 et
1523 5392 1674 5451 editi,
1694 5391 1914 5455 Θαλείας.

411 5455 784 5529 (42LSeguer.
812 5459 1029 5514 Gobler.
1065 5471 1119 5514 et
1150 5460 1387 5518 Felckm.
1421 5462 1473 5524 1,
1505 5461 1775 5516 Σωτάτου.
1804 5463 1917 5516 An-

336 5526 757 5653 esglandim.
788 5532 825 5583 2
862 5541 917 5585 et
959 5531 1027 5596 5,
1073 5530 1349 5586 Σωσάτου.
1402 5530 1584 5588 Editio
1625 5532 1915 5602 Commel.,

376 5616 583 5652 ωταοου
590 5640 605 5655 .

408 5669 521 5737 (45)
557 5668 780 5742 Seguer.
810 5669 1024 5742 Anglic.
1055 5670 1272 5730 Gobler.
1295 5671 1539 5731 Felckm.
1564 5673 1616 5740 1,
1649 5674 1918 5742 ἐπιγνωσε

334 5739 581 5811 θήσεται.
620 5740 748 5813 Ιίρκ
797 5752 850 5799 et
896 5740 1133 5799 Felckm.
1166 5746 1219 5810 ὃ,
1256 5739 1609 5814 γινώσκεται.
1641 5739 1799 5811 Editi,
1832 5763 1917 5815 για

2418 4897 2470 4950 in
2505 4890 2728 4967 Seguer.
2777 4892 2909 4964 Reg.
2945 4890 3112 4947 Basil.
3143 4890 3355 4962 Anglic.
3382 4890 3601 4946 Gobler.

2096 5039 2211 5105 (4i)
2246 5039 2338 5092 Sic
2385 5036 2611 5107 Seguer.
2653 5034 2872 5090 Golder.
2920 5032 3159 5088 Felckm.
3203 5032 3255 5087 1.
3292 5029 3434 5085 Editi
3474 5044 3606 5085 vero

2027 5118 2077 5164 et
2114 5110 2205 5183 alii
2231 5108 2481 5183 δείλαιος.
2522 5178 2551 5183 _
2594 5177 2608 5183 _
2633 5178 2645 5183 _
2774 5174 2813 5183 ﬂ
2850 5175 2863 5183 ,
2898 5175 2912 5183 _
3064 5174 3077 5183 _
3179 5170 3205 5183 ..

2099 5180 2212 5252 (45)
2246 5178 2467 5252 Segncr.
2512 5177 2731 5233 Gobler.
2774 5174 3011 5231 Felckm.
3058 5174 3108 5237 1,
3137 5172 3247 5227 τῶν
3283 5172 3404 5226 τότε
3441 5172 3605 5243 Φαριο

2027 5249 2212 5391 “xiii
2230 5318 2457 5391 Seguer.
2484 5330 2541 5374 et
2568 5316 2702 5388 Reg.
2730 5315 3018 5379 Σωτάτιος.
3049 5313 3336 5385 Anglican.
3363 5310 3601 5367 Felckm.

2025 5391 2061 5445 Ξ
2082 5401 2136 5446 et
2165 5392 2219 5453 5,
2251 5390 2568 5455 Σωσάτειος.
3544 5450 3559 5462 θ
3587 5449 3602 5463 ο

2063 5543 2071 5545 _
2247 5459 2338 5516 Sic
2382 5460 2608 5545 Seguer.
2628 5458 2875 5545 "Galiler.
2896 5465 2985 5545 et

2025 5543 2080 5586 et
2105 5522 2224 5597 “alii,
2259 5522 2599 5602 παρατιθείς.
2626 5529 2754 5602 Mox
2781 5528 3007 5602 Seguer.
3035 5525 3320 5602 πάντοθεν,
3346 5523 3441 5593 qui
3470 5522 3602 5577 ibid.

2027 5616 2084 5657 ut
2118 5612 2177 5675 et
2199 5597 2593 5675 qulériantet
2621 5597 3150 5675 Felekm.'_i‘o_mitti_t
3184 5597 3421 5675 Ἄρειος.
3490 5662 3504 5675 ι

2097 5674 2208 5738 (48)
2240 5674 2469 5744 Segucr.
2498 5672 2717 5729 Gobler.
2762 5680 2816 5727 ct
2855 5669 3092 5726 Fciekm.
3113 5669 3166 5734 l,
3198 5662 3445 5727 Θαλείας.
3476 5662 3602 5727 Alii,

2023 5744 2240 5808 Θαλίας.
