3850 6218
399 341 470 397 23
997 341 1061 397 S.
1102 336 1476 398 ATHANASII
1509 339 1660 398 OPP.
1702 336 1885 397 PARS
1924 338 1966 398 Ι.

2114 334 2484 398 ΗΙΞΤΟΒΙΟΑ
2525 335 2612 396 ΕΤ
2652 335 3077 398 DOGMATICA.
3582 343 3657 397 ΞΑ

401 473 592 512 verum
647 449 841 514 Deum.
869 457 1005 514 Nam
1041 461 1256 516 tametsi
1305 460 1506 516 dicitur
1557 460 1723 526 Deus,
1780 460 1970 531 inquit,

2085 459 2229 526 Θινός
2264 461 2411 514 ἐστιν
2433 463 2462 514 6
2487 460 2677 530 Λόγος.
2713 461 2776 514 Ei
2794 460 2850 514 δὲ
2876 460 2971 514 xui
3000 460 3216 528 λέγεται
3249 459 3399 522 Θεὸς,
3419 457 3534 512 ἀλλ’
3556 462 3660 514 οὐκ

404 565 513 605 non
545 561 724 605 tamen
761 566 923 606 verus
955 560 1037 606 est
1073 550 1249 618 Deus;
1286 553 1381 608 sed
1419 553 1606 622 gratiae
1635 551 1812 608 factus
1856 567 1979 621 par-

403 643 575 710 ticeps
631 656 739 695 non
793 641 952 696 aliter
1011 657 1174 711 quam
1224 641 1316 697 alii
1363 657 1577 710 omnes,
1603 644 1718 712 ipse
1760 657 1978 712 quoque

405 735 626 788 nomine
691 733 957 788 duntaxat
1009 733 1212 788 dicitur
1277 733 1444 790 Deus.
1501 733 1974 800 Quemadmodum

401 821 555 888 item,
589 823 763 894 pergit
817 823 925 889 ille,
980 839 1067 878 res
1125 838 1318 878 omnes
1373 825 1672 879 secundum
1724 833 1974 878 naturam

399 915 628 970 diversa
677 923 733 970 et
778 914 1075 970 dissimiles
1121 914 1215 970 Dei
1275 924 1406 970 sunt
1451 927 1466 969 :
1521 915 1594 970 ita
1640 925 1694 971 et
1736 914 1974 970 Verbum

399 1008 624 1062 omnino
663 1007 899 1063 alienum
932 1017 986 1063 et
1023 1008 1286 1063 dissimile
1313 1016 1397 1064 est
1427 1017 1635 1064 natum
1672 1008 1972 1078 proprieta-

399 1100 536 1155 tisve
579 1099 671 1156 Dei
701 1099 901 1167 Patris,
934 1101 1026 1156 sed
1059 1101 1126 1156 ad
1155 1117 1242 1157 res
1270 1100 1444 1157 factas
1483 1111 1536 1156 et
1559 1111 1772 1156 creatas
1805 1101 1972 1170 perti-

398 1203 509 1257 net,
545 1209 778 1263 quarum
805 1209 910 1249 una
938 1194 1115 1264 ipsum
1140 1203 1242 1250 est.
1262 1197 1492 1265 Insuper
1521 1189 1842 1250 temeritatis
1865 1195 1976 1249 diae

399 1285 508 1338 boli
541 1286 713 1340 haeres
756 1283 920 1338 veluti
952 1283 1129 1340 factus
1166 1285 1388 1354 scripsit
1421 1284 1474 1338 in
1507 1282 1724 1351 Thalia,
1751 1283 1970 1340 Patrem

396 1390 426 1427 a
462 1373 603 1430 Filio
622 1374 794 1429 videri
819 1391 926 1430 non
966 1391 1147 1445 posse,
1185 1391 1358 1446 neque
1393 1375 1628 1432 Verbum
1659 1376 1894 1447 perfecte
1919 1387 1974 1432 et

398 1467 554 1534 plene
596 1481 756 1522 suum
804 1464 1020 1520 Patrem
1064 1481 1225 1536 posse
1273 1468 1471 1522 intueri
1503 1468 1586 1522 vel
1615 1482 1968 1538 cognoscere,

397 1558 493 1612 sed
523 1558 787 1628 quidquid
819 1557 1100 1629 cognoscit
1135 1569 1190 1612 et
1218 1560 1414 1622 cernit,
1444 1560 1833 1615 convenienter
1870 1574 1971 1630 pro

396 1651 512 1705 suis
543 1649 750 1705 viribus
779 1665 1113 1720 cognoscere
1144 1659 1199 1706 et
1230 1665 1475 1717 cernere,
1508 1649 1970 1721 quemadmodum

393 1749 447 1796 et
484 1756 584 1796 nos
607 1757 706 1812 pro
737 1751 921 1797 nostra
945 1741 1200 1796 facultate
1231 1742 1636 1812 cognoscimus.
1657 1741 1968 1808 Enimvero,

2083 554 2337 626 ἀληθινός
2366 557 2540 607 ὲστινο
2569 551 2704 607 ἀλλά
2742 555 2940 624 μετοχῇ
2973 553 3214 624 χάριτος,
3261 545 3448 622 ὥσπερ
3487 551 3582 604 xui
3606 553 3661 605 οε

2084 646 2233 701 ἄλλοι
2261 647 2488 710 πάντες,
2534 644 2676 698 οὕτω
2716 643 2810 698 καὶ
2840 644 3001 708 αὐτὸς
3037 645 3256 715 λέγεται
3301 643 3525 714 ὀνόματι
3563 642 3647 714 μό

2083 754 2173 790 νον
2198 737 2308 807 (59)
2339 737 2490 800 Θεός.
2521 739 2632 791 Kui
2653 738 2868 790 πάντων
2886 738 3052 803 ξένων
3079 737 3174 790 xui
3195 736 3459 807 ἀνομοίων
3489 734 3662 788 ὄντων

2082 827 2176 880 τοῦ
2213 827 2346 881 Θεοῦ
2391 828 2509 881 κατ’
2555 828 2762 890 οὐσίαν,
2815 820 2956 880 οὕτω
2984 828 3076 880 xui
3099 829 3128 880 6
3163 825 3332 895 Λόγος
3381 824 3662 894 ἀλλότριος

2085 917 2183 990 μὲν
2216 921 2310 973 xui
2356 918 2604 991 ἀνόμοιος
2631 919 2771 974 κατὰ
2813 920 2990 974 πάντα
3014 920 3113 990 τῆς
3135 918 3229 972 τοῦ
3281 916 3496 989 Πατρδς
3543 915 3659 985 (60)

2081 1011 2266 1075 οὐσίας
2294 1011 2388 1066 xui
2423 1011 2678 1083 ίδιότητός
2703 1015 2818 1066 ἐστι
2838 1027 2852 1042 ·
2881 1012 2990 1066 τῶν
3017 1012 3074 1065 δὲ
3103 1009 3348 1080 γενητῶν
3393 1009 3487 1062 xui
3537 1023 3662 1061 κτι-

2083 1104 2304 1173 σμάτων
2334 1103 2463 1168 ίδιος
2484 1106 2578 1158 xui
2597 1101 2675 1168 εἷς
2689 1105 2868 1158 αὐτῶν
2893 1103 3170 1174 τυγχάνει.
3187 1100 3341 1157 Μετά
3371 1098 3576 1154 τούτων
3596 1099 3661 1153 δὲ

2080 1192 2268 1267 ῶσπερ
2286 1195 2383 1251 xui.
2405 1195 2645 1266 διάδοχος
2671 1195 2772 1266 τῆς
2789 1196 3119 1268 προπετείας
3145 1192 3240 1248 τοῦ
3276 1190 3521 1246 διαϐόλου
3555 1207 3658 1259 γε-

2078 1287 2302 1356 νόμενος
2319 1285 2462 1358 (61),
2497 1271 2692 1358 ἔθηκεν
2735 1289 2794 1340 ὲν
2825 1291 2890 1358 τῇ
2929 1288 3166 1353 Θαλείᾳ,
3200 1285 3275 1348 ώς
3305 1283 3414 1355 ἄρα
3445 1281 3540 1337 xui
3575 1279 3659 1350 τῷ

2081 1377 2193 1448 Υἱῷ
2215 1379 2244 1431 6
2276 1377 2463 1450 Πατὴρ
2491 1379 2722 1451 ἀόρατος
2755 1379 2988 1450 ὑπάρχει
3027 1378 3161 1448 (62),
3193 1377 3288 1430 xui
3334 1373 3460 1428 οὕτε
3495 1375 3654 1445 ὁρᾷν,

2077 1466 2200 1522 οὔτε
2229 1467 2514 1538 γινώσκειν
2545 1469 2761 1534 τελείως
2787 1471 2879 1524 xui.
2911 1469 3151 1542 ἀκριϐῶς
3182 1468 3401 1522 δύναται
3421 1469 3449 1520 6
3481 1466 3656 1534 Λόγος

2076 1560 2167 1614 τὸν
2201 1560 2391 1615 ἑαυτοῦ
2424 1562 2672 1633 Πατέραο
2701 1562 2836 1616 ἀλλά
2868 1563 2962 1616 xui
2993 1560 3022 1616 ὃ
3045 1560 3303 1630 γινώσκει
3336 1560 3432 1613 xui
3473 1557 3501 1610 ὃ
3532 1558 3656 1628 βλέ-

2078 1660 2189 1711 πει,
2227 1645 2503 1718 ἀναλόγως
2535 1653 2650 1714 τοῖς
2684 1650 2832 1716 ἰδίοις
2869 1651 3088 1724 μέτροις
3115 1651 3224 1721 (65)
3259 1645 3366 1704 οἶδε
3414 1650 3507 1702 xui.
3541 1647 3660 1718 βλέ-

2079 1755 2190 1806 πει,
2218 1737 2407 1812 ὥσπερ
2424 1742 2515 1794 xui
2545 1743 2706 1813 ἡμεῖς
2730 1742 3068 1814 γινώσκομεν
3100 1728 3240 1797 κατά
3269 1742 3367 1812 τὴν
3409 1741 3540 1794 ίδίαν
3562 1739 3657 1792 δύ-

394 1833 593 1902 inquit,
631 1849 739 1887 non
783 1834 960 1888 solum
994 1833 1166 1888 Filius
1208 1832 1424 1889 Patrem
1452 1850 1560 1888 non
1592 1845 1844 1890 accurate
1874 1849 1970 1888 co-

2080 1847 2257 1901 ναμιν.
2295 1831 2404 1885 Kui.
2424 1832 2530 1904 γὰρ
2559 1833 2650 1886 xui
2675 1836 2704 1887 6
2734 1831 2880 1899 Υἱὸς,
2913 1831 3097 1906 φησὶν,
3122 1834 3184 1886 οὐ
3219 1829 3378 1904 μόνον
3419 1829 3510 1885 τὸν
3535 1831 3653 1884 Πα-

393 1925 627 1996 gnoscit,
659 1934 845 1995 utpote
883 1925 970 1980 cui
1011 1924 1501 1994 comprehendendi
1538 1923 1767 1980 facultas
1811 1924 1970 1989 desit,

391 2031 581 2072 verum
615 2032 716 2072 nec
765 2033 920 2072 suam
955 2018 1070 2087 ipse
1100 2026 1350 2072 naturam
1392 2025 1573 2070 notam
1607 2015 1786 2069 habet.
1812 2015 1975 2070 Addit

391 2110 646 2165 similiter
683 2118 878 2165 natura
915 2110 1143 2176 divisas,
1197 2110 1464 2175 diversas,
1496 2108 1797 2178 disjunctas
1841 2108 1974 2163 alie-

391 2205 602 2271 nasque
631 2217 731 2257 nec
773 2201 1007 2256 invicem
1052 2200 1342 2271 participes
1370 2215 1492 2255 esse
1523 2199 1720 2265 Patris,
1753 2199 1898 2267 Filii,
1919 2209 1973 2256 et

390 2296 566 2348 sancti
594 2291 836 2364 Spiritus
872 2291 1209 2348 substantias
1239 2309 1252 2345 :
1282 2291 1412 2361 quin
1435 2290 1622 2356 etiam,
1648 2300 1706 2345 ut
1730 2291 1844 2362 ipse
1873 2291 1968 2356 ait,

391 2383 605 2452 penitus
633 2383 779 2439 inter
803 2399 864 2440 se
893 2393 947 2439 et
972 2385 1281 2440 substantia
1315 2391 1369 2439 et
1398 2384 1569 2455 gloria
1602 2393 1730 2438 sunt
1761 2384 1972 2440 infinite

387 2475 703 2532 dissimiles.
731 2475 919 2546 Itaque
943 2477 1088 2546 quod
1114 2476 1183 2532 ad
1222 2484 1431 2530 naturae
1464 2485 1518 2530 et
1561 2475 1746 2546 gloria:
1777 2476 1972 2530 simili-

387 2568 628 2623 tudinem
685 2568 898 2632 attinet,
935 2565 1175 2622 Verbum
1224 2567 1293 2621 ab
1326 2567 1598 2636 utrisque,
1630 2565 1790 2620 Patre
1822 2565 1971 2621 vide-

386 2661 514 2715 licet
541 2671 596 2716 et
623 2660 833 2732 Spiritu
860 2669 1074 2725 sancto,
1099 2660 1340 2715 alienum
1365 2659 1591 2714 omnino
1611 2673 1738 2714 esse
1769 2658 1926 2714 docet
1952 2677 1966 2714 :

388 2748 507 2808 haec
545 2753 693 2808 enim
724 2752 840 2823 ipsa
870 2762 998 2808 sunt
1029 2752 1180 2824 impii
1214 2752 1362 2809 ilIius
1393 2751 1579 2816 verba,
1609 2751 1704 2821 qui
1741 2751 1870 2808 item
1892 2751 1970 2807 ait

388 2843 588 2900 Filium
619 2861 688 2902 es
716 2860 776 2900 se
817 2860 849 2898 a
896 2843 1058 2900 Patre
1084 2859 1208 2900 esse
1236 2843 1496 2912 divisum,
1526 2845 1785 2915 nullaque
1813 2842 1868 2897 in
1910 2859 1972 2898 re

387 2935 705 3006 participem
752 2935 872 3006 ejus
908 2950 1050 2991 esse.
1090 2954 1108 2988 ι
1143 2933 1211 2989 Ει
1243 2935 1360 2990 haec
1392 2934 1612 3002 quidem
1642 2945 1770 2992 sunt
1799 2938 1970 3006 parti-

387 3029 526 3083 cuiae
557 3027 876 3084 fabellarum
913 3043 1035 3097 quae
1082 3027 1136 3082 in
1180 3027 1410 3083 ridiculo
1432 3027 1548 3081 Arii
1577 3036 1796 3084 exstant
1814 3028 1970 3083 volu-

387 3136 556 3176 nunc.

2073 1921 2209 1993 τέρα
2247 1921 2492 1992 ἀκριϐῶς
2513 1925 2574 1977 οὐ
2600 1923 2889 1992 γινώσκει*
2925 1927 3100 1979 λείπει
3142 1925 3251 1997 γὰρ
3278 1924 3426 1994 αὐτῷ
3465 1926 3544 1988 είς
3588 1922 3657 1976 τὸ

2075 2011 2400 2067 καταλαϐεῖν
2419 2029 2432 2043 ⁶
2471 2013 2604 2068 ἀλλά
2639 2015 2734 2070 xui
2768 2013 2929 2080 αὐτὸς
2962 2016 3072 2088 (64)
3098 2019 3126 2070 6
3155 2016 3281 2075 Υἱὸς
3313 2014 3412 2086 τήν
3453 2011 3653 2067 ἑαυτοῦ

2073 2103 2259 2157 οὐσίαν
2283 2106 2384 2158 οὐκ
2415 2101 2521 2158 οἵδε
2542 2124 2554 2137 ·
2591 2108 2685 2160 xui
2711 2109 2793 2161 ὅτι
2827 2107 3225 2180 μεμερισμέναι
3247 2110 3314 2179 τῇ
3341 2106 3522 2175 φύσει,
3555 2105 3652 2158 καὶ

2071 2195 2484 2266 ἀπεξενωμέναι
2535 2199 2628 2251 xui
2655 2199 3160 2271 ἀπεσχοινισμέναι,
3213 2201 3305 2254 xui
3354 2199 3647 2270 ἀλλότριοι,

2073 2287 2167 2343 xui
2203 2289 2456 2362 άμέτοχοί
2481 2292 2619 2344 εἰσιν
2649 2292 2891 2364 ἀλλήλων
2918 2295 2974 2347 ui
2997 2293 3174 2346 οὐσίαι
3204 2292 3297 2346 τοῦ
3325 2293 3534 2364 Πατρδς
3554 2293 3648 2346 xui

2071 2379 2163 2432 τοῦ
2215 2380 2346 2434 Υίοῦ
2389 2383 2482 2435 xui
2521 2382 2616 2436 τοῦ
2657 2385 2811 2452 ἁγίου
2864 2383 3198 2456 Πνεύματος,
3232 2387 3346 2447 xui,
3379 2384 3454 2448 ώς
3487 2384 3650 2448 αὐτὸς

2071 2470 2390 2540 ἐφθέγξατο,
2417 2473 2661 2542 ἀνόμοιοι
2685 2476 2915 2546 πάμπαν
2939 2476 3183 2548 ἀλλήλων
3214 2479 3331 2539 ταῖς
3356 2493 3415 2528 τε
3441 2476 3648 2544 οὐσίαις

2072 2562 2165 2615 xui
2193 2562 2373 2629 δόξαις
2400 2566 2536 2619 εἰσὶν
2577 2567 2665 2619 ἐπ’
2686 2567 2930 2640 ἀπειρον.
2973 2570 3076 2622 Τὸν
3111 2568 3242 2638 γοῦν
3269 2570 3439 2638 Λόγον
3481 2571 3648 2641 φησὶν

2071 2654 2153 2716 είς
2178 2654 2468 2725 ὁμοιότητα
2493 2655 2650 2726 δόξης
2678 2659 2770 2710 xui
2798 2659 2986 2722 οὐσίας
3010 2659 3290 2731 ἀλλότριον
3331 2656 3470 2712 εἶναι
3513 2675 3648 2713 πανο

2069 2739 2239 2805 τελῶς
2271 2741 2548 2814 ἑκατέρων
2576 2745 2671 2798 τοῦ
2699 2762 2757 2799 τε
2780 2746 2992 2818 Πατρὸς
3016 2749 3112 2802 xui
3161 2748 3253 2802 τοῦ
3283 2749 3436 2817 ἁγίου
3477 2747 3648 2802 Πνεύι

2073 2843 2272 2904 ματος⁸
2300 2834 2508 2899 τούτοις
2533 2836 2641 2908 γάρ
2673 2837 2972 2906 ἐφθέγξατο
3017 2841 3130 2903 τοῖς
3179 2840 3418 2910 ῥήμασιν
3457 2841 3485 2892 6
3520 2839 3648 2892 ἀσε-

2069 2925 2196 2997 ϐήςο
2227 2928 2322 2980 xui
2345 2929 2667 3001 διῃρημένον
2699 2929 2756 2983 δὲ
2787 2926 2924 2985 εἶναι
2955 2931 3075 2985 καθ’
3099 2933 3290 2986 ἑαυτὸν
3309 2972 3323 2996 ,
3356 2931 3451 2985 xui
3485 2931 3647 3002 ἀμέτ·

2067 3026 2190 3088 οχον
2230 3020 2370 3073 κατὰ
2421 3020 2598 3076 πάντα
2644 3021 2738 3074 τοῦ
2787 3023 3000 3094 Πατρὸς
3046 3023 3136 3077 τὸν
3200 3023 3325 3075 Υἱὸν
3393 3022 3583 3094 ἔφησε.
3619 3041 3639 3074 ι

2067 3110 2252 3164 Ταῦτα
2281 3112 2421 3184 μέρη
2449 3112 2557 3166 τῶν
2585 3114 2645 3168 έν
2677 3112 2756 3184 τῷ
2784 3113 2976 3186 γελοίῳ
3024 3115 3412 3186 συγγράμματι
3455 3115 3643 3184 κειμέ-

456 3212 512 3267 7.
571 3210 707 3278 Quis
757 3225 887 3282 ergo
945 3211 1030 3268 his
1073 3221 1129 3268 et
1183 3213 1428 3268 carmine
1487 3211 1693 3268 Thaliae
1739 3212 1966 3280 auditis,

2080 3219 2176 3255 νων
2212 3175 2468 3274 μυθιδίων
2491 3205 2638 3258 ἐστὶν
2675 3175 2904 3279 Ἀρείου.

391 3301 580 3358 Arium
627 3301 786 3372 quasi
838 3303 892 3356 in
929 3317 1093 3358 scena
1127 3302 1194 3358 de
1223 3301 1536 3373 hujusmodi
1566 3302 1729 3360 rebus
1772 3305 1965 3374 jocan-

391 3405 494 3449 tem
520 3393 645 3463 jure
679 3408 786 3448 non
819 3394 1033 3449 oderit?
1061 3394 1196 3461 Quis
1222 3411 1328 3448 non
1358 3396 1604 3466 agnoscit
1635 3396 1811 3464 illum,
1840 3413 1964 3453 cum

389 3485 482 3542 Dei
514 3501 713 3542 nomen
753 3487 999 3556 proferre
1023 3495 1077 3542 et
1104 3487 1170 3544 de
1202 3487 1311 3543 Deo
1339 3488 1489 3559 loqui
1527 3489 1762 3557 videtur,
1793 3492 1970 3547 simil-

387 3578 576 3632 limum
599 3593 724 3634 esse
762 3578 1032 3648 serpentis
1063 3579 1276 3635 mulieri
1303 3580 1484 3637 dantis
1517 3583 1845 3638 consilium?
1871 3582 1968 3639 Eca-

386 3671 511 3740 quis
535 3684 664 3724 vero
688 3670 810 3725 aliis
825 3686 947 3741 qua:
967 3669 1166 3725 ibidem
1204 3682 1508 3742 sequuntur
1537 3675 1788 3745 perlectis
1808 3708 1826 3740 ,
1855 3691 1963 3731 non

385 3772 496 3817 tam
529 3763 676 3818 clare
707 3761 828 3834 ejus
856 3763 1117 3833 perspicit
1139 3763 1496 3833 impietatem,
1520 3781 1684 3835 quam
1717 3765 1964 3822 fraudem

385 3856 439 3908 in
490 3869 654 3924 quam
701 3869 924 3924 serpens
982 3855 1265 3909 mulierem
1299 3856 1489 3912 dolose
1527 3857 1778 3913 induxit?
1807 3857 1964 3926 Quis,

383 3961 591 4015 quaeso,
625 3947 690 4000 ad
732 3947 830 4000 has
859 3947 1165 4014 impietates
1197 3963 1308 4002 non
1335 3948 1724 4018 Obstupescat?
1754 3953 1964 4007 Caelum

384 4036 628 4105 quidem,
661 4035 826 4107 324,
860 4045 917 4089 ut
953 4037 1028 4090 ait
1059 4039 1379 4106 propheta’,
1405 4041 1708 4110 obstupuit,
1737 4053 1791 4096 et
1824 4051 1966 4098 terra

385 4129 612 4184 tremuit
657 4131 730 4184 ob
777 4131 1034 4186 violatam
1081 4133 1276 4202 legem.
1330 4133 1422 4187 Sol
1464 4142 1646 4188 autem
1677 4135 1966 4190 vehemen-

385 4226 494 4279 tius
520 4223 856 4294 indignatus,
881 4239 980 4279 nec
1012 4223 1195 4280 ferens
1226 4225 1458 4294 injurias
1484 4241 1625 4294 quas
1655 4228 1965 4283 communis

383 4316 630 4373 omnium
682 4325 932 4370 nostrum
989 4315 1254 4375 Dominus
1290 4327 1483 4387 sponte
1513 4331 1612 4386 pro
1651 4317 1810 4372 nobis
1838 4334 1962 4375 cor—

384 4425 518 4482 pore
549 4410 821 4472 toleravit,
870 4412 1141 4478 scseIipse
1176 4411 1393 4476 avertit,
1425 4411 1829 4482 contractisque
1878 4429 1966 4467 ra-

382 4503 490 4560 diis
546 4503 690 4558 diem
741 4502 893 4556 illum
951 4503 1184 4572 privavit
1231 4501 1375 4557 luce.
1410 4500 1515 4568 Qui
1540 4517 1672 4557 vero
1699 4506 1767 4559 ad
1801 4505 1966 4574 impia

460 4617 656 4674 Ierem.
707 4630 767 4684 tt,
823 4619 906 4674 l2.

455 4708 582 4782 (59)_
610 4709 700 4764 Sic
732 4709 959 4782 Segucr.
1006 4708 1075 4764 At
1089 4709 1193 4782 alii
1216 4717 1277 4782 _et
1305 4707 1434 4782 editi
1469 4709 1729 4782 omittunt
1779 4711 1958 4782 μόνον.
1993 4717 2039 4776 D

382 4781 504 4835 Mox
550 4779 775 4847 Seguer.
814 4779 1044 4836 ’Goblcr.
1089 4779 1329 4834 Felckm.
1382 4779 1403 4831 I
1451 4787 1506 4834 et
1552 4780 1606 4845 5,
1657 4779 1826 4836 ὄντων
1866 4783 1962 4836 τοῦ

381 4851 538 4905 θεοῦ.
568 4850 711 4920 Ειιίιί
743 4858 798 4905 el.
832 4851 946 4915 alii,
982 4850 1151 4902 ὄντων
1180 4848 1258 4920 τῷ
1282 4848 1421 4920 Θεῷ.

454 4921 567 4993 (60)
607 4913 1347 4993 chLAuglic.__Basil:,'10?)
1373 4913 1522 4993 ’Θεού
1558 4921 1790 4993 Πατρός.
1824 4921 1968 4977 Editi

382 5003 436 5064 et
461 4987 574 5064 alii",
602 4987 961 5064 τούίΠατρός.
989 4990 1124 5044 Ibid.
1161 4990 1386 5064 Seguer.
1411 5001 1466 5044 et
1499 4987 1966 5064 Reg._._i6t_6-:1;:o;.

385 5061 524 5116 Editi
551 5071 605 5116 et
633 5063 746 5126 alii,
801 5061 1124 5132 ἀῖδιότητος,
1172 5070 1230 5114 ut
1260 5070 1312 5115 et
1344 5061 1601 5132 legerunt
1631 5061 1878 5118 Nannius
1916 5075 1969 5119 et

384 5132 746 5188 Omnibonus.
777 5127 1015 5202 Felckm'.
1041 5127 1094 5202 5.
1130 5132 1258 5185 ibid.
1288 5127 1584 5202 γεννητῶν.

457 5202 566 5274 (61)
607 5203 829 5274 (Ξογῦιετ.
861 5213 914 5256 et
953 5200 1192 5274 Felclgn.
1215 5204 1256 5274 _I
1286 5242 1324 5274 ,_
1341 5200 1650 5274 γινόμενος.
1699 5201 1864 5258 Iidem
1917 5213 1970 5258 et

386 5271 639 5344 Seguer”
669 5272 888 5344 Θαλεὶᾳ.
931 5273 1055 5336 Alii,
1089 5272 1281 5344 Θαλία.
1309 5271 1429 5326 Mox
1474 5271 1702 5343 'Seguer.
1746 5273 1965 5330 Gobler.

385 5355 438 5416 et
456 5343 721 5416 _Felckm._
748 5344 798 5404 l.
834 5343 1088 5416 6AHcgci-‘p
1121 5343 1358 5416 ἄρρητος
1388 5345 1648 5415 ὑπάρχει.
1691 5344 1853 5409 Ibid.,
1883 5361 1971 5398 τε-

384 5414 545 5484 λείως
573 5412 666 5484 καί
692 5413 843 5484 deest
873 5413 926 5468 in
950 5407 1083 5484 Reg.

459 5483 574 5554 (62)
620 5481 754 5538 Vide
784 5482 841 5538 S.
869 5481 1162 5538 Alexandri
1190 5483 1540 5538 Alexandrini
1573 5483 1870 5554 Epistolam
1897 5485 1965 5539 ad

387 5555 593 5609 clerum
641 5554 1104 5616 Alexandrinum,
1142 5566 1332 5609 contra
1377 5555 1492 5609 Arii
1540 5554 1804 5621 fautores,
1831 5556 1963 5620 n.5,

387 5641 511 5695 qua:
536 5634 713 5695 exstat
742 5624 900 5695 Patr.
939 5623 1058 5690 Gn,
1095 5633 1132 5678 t.-
1165 5622 1354 5695 XXIII.

459 5695 572 5767 (65)
613 5694 838 5764 Seguer.
875 5694 1092 5767 Gobler.
1124 5703 1180 5767 et
1221 5693 1458 5750 Feickm.
1501 5696 1554 5763 l,
1603 5694 1700 5750 xui
1741 5694 1964 5767 βλέπει,

386 5765 666 5833 ἀναλόγως
691 5763 810 5832 τοῖς
839 5763 1030 5820 ἑαυτοῦ
1070 5765 1304 5835 μέτροις.

2143 3313 2198 3368 7.
2239 3315 2336 3379 Τίς
2363 3316 2544 3370 τοίνυν
2565 3355 2580 3381 ,
2611 3315 2720 3370 τῶν
2763 3315 3016 3371 τοιούτων
3050 3318 3144 3371 xui
3173 3317 3268 3370 τοῦ
3317 3315 3510 3387 μέλους
3547 3315 3645 3386 τῆς

2075 3406 2326 3472 Θαλείας
2350 3407 2808 3479 (65)ἀκούσας,οὑ
2833 3409 3111 3480 μισήσειεν
3139 3411 3196 3462 ἐν
3225 3407 3347 3478 δίκῃ
3383 3407 3645 3471 παίζοντα

2071 3493 2164 3551 τὸν
2203 3499 2416 3569 Ἀρειον
2455 3501 2530 3563 ὡς
2572 3499 2664 3554 ἐπὶ
2700 3502 2901 3572 σκηνῆς
2948 3501 3076 3572 περὶ
3120 3500 3407 3567 τοιούτων;
3458 3502 3554 3563 Τίς
3582 3502 3642 3555 οὺ

2073 3586 2268 3660 Θεωρεῖ
2290 3590 2476 3644 τοῦτον
2500 3591 2588 3644 διά
2612 3591 2707 3646 τοῦ
2733 3593 2909 3646 δοκεῖν
2928 3594 3215 3664 ὀνομάζειν
3242 3593 3373 3646 Θεὸν
3402 3594 3646 3666 καὶπερὶ

2071 3678 2206 3732 Θεοῦ
2246 3678 2443 3751 λέγειν,
2474 3682 2551 3743 ώς
2579 3683 2673 3736 τὸν
2701 3682 2824 3752 ὅφιν
2856 3682 3287 3754 συμϐουλεύοντα
3306 3685 3370 3753 τῇ
3392 3684 3643 3752 γυναικί;

2073 3768 2168 3835 Τίς
2209 3770 2287 3836 δὲ,
2317 3776 2429 3837 τοῖς
2485 3771 2610 3844 ἑξῆς
2665 3775 3008 3844 ἐντυγχάνων
3049 3773 3194 3845 (66),
3233 3775 3295 3827 ού
3330 3774 3515 3845 βλέπει
3545 3774 3646 3846 τὴν

2071 3861 2324 3916 ἀσέϐειαν
2345 3864 2531 3928 αὑτοῦ,
2558 3863 2748 3938 ὥσπερ
2777 3868 2869 3920 xui
2887 3867 2980 3920 τοῦ
3002 3867 3176 3938 ὄφεως
3192 3870 3289 3938 τὴν
3317 3867 3453 3939 μετὰ
3474 3867 3647 3921 ταῦτα

2071 3952 2299 4026 πλάνην,
2329 3958 2410 4019 είς
2437 3957 2504 4028 ἢν
2529 3959 2818 4030 παρήγαγε
2869 3959 3227 4031 σοφισάμενος
3257 3961 3356 4032 τὴν
3399 3959 3510 4031 (67)
3559 3976 3648 4029 τυ·

2071 4048 2232 4099 ναῖκα
2258 4060 2272 4113 ;
2308 4047 2403 4112 Τίς
2436 4050 2527 4103 ἐπὶ
2559 4053 2678 4114 ταῖς
2707 4051 2984 4116 τοιαύταις
3008 4053 3374 4125 βλασφημίαις
3401 4053 3500 4106 οὐκ
3555 4054 3646 4120 ἐξ-

2074 4139 2286 4192 ίσταται
2307 4158 2321 4204 ;
2339 4142 2397 4194 Ὀ
2421 4143 2518 4213 μὲν
2541 4139 2632 4196 οὖν
2660 4144 2907 4216 οὐρανὸς,
2941 4146 3016 4210 ὼς
3036 4147 3064 4197 ὁ
3093 4147 3379 4218 προφήτης
3407 4143 3518 4215 (68)
3547 4163 3648 4216 φη-

2073 4231 2178 4297 σὶν,
2211 4231 2548 4304 eisdem-xui
2578 4236 2610 4306 ἡ
2639 4236 2710 4308 γῆ
2740 4236 2957 4308 ἔφριξεν
2982 4238 3074 4290 ἐπὶ
3096 4239 3160 4309 τῇ
3205 4236 3510 4309 παραϐάσει
3549 4235 3644 4289 τοῦ

2071 4322 2235 4392 νόμου
2261 4341 2275 4355 ο
2302 4325 2330 4377 ὁ
2360 4325 2416 4378 δὲ
2439 4327 2589 4396 ἦλιος
2618 4327 2778 4382 πλέον
2807 4328 3128 4398 ἀγανακτῶν
3150 4369 3165 4393 ,
3215 4330 3308 4383 xui
3359 4329 3432 4400 μὴ
3465 4327 3646 4400 φέρων

2070 4415 2193 4467 τότε
2229 4416 2328 4480 τὰς
2361 4417 2502 4470 κατὰ
2516 4417 2610 4471 τοῦ
2633 4418 2812 4472 κοινοῦ
2842 4419 3058 4474 πάντων
3081 4419 3234 4490 ἡμῶν
3256 4418 3528 4472 Δεσπότου
3554 4435 3648 4486 γε-

2069 4509 2301 4579 νομένας
2342 4511 2453 4582 (69)
2488 4511 2805 4582 σωματικὰς
2833 4508 3039 4584 ὕϐρεις,
3074 4513 3140 4578 εις
3155 4512 3296 4567 ἑκὼν
3322 4511 3481 4575 αὐτὸς
3504 4510 3646 4583 ὑπὲρ

2159 4712 2250 4784 64)
2293 4713 2542 4784 §eguer.,
2570 4712 2710 4784 ἀλλά
2740 4714 2850 4784 γὰρ
2883 4715 2973 4784 xui
2997 4714 3158 4778 αὐτός
3178 4755 3192 4777 ,
3219 4722 3324 4768 etc.

2160 4779 2250 4851 65)
2295 4779 2517 4854 Seguer.
2551 4779 2770 4838 Goblcr.
2801 4779 2855 4838 et
2885 4781 3122 4838 Felckm.
3159 4787 3222 4847 I,
3259 4784 3359 4854 τῆς
3387 4783 3640 4848 Θαλείας.

2065 4852 2258 4919 Basil.,
2281 4852 2384 4924 τῆς
2407 4853 2630 4917 Θαλίας.
2665 4854 2768 4924 Alii
2794 4865 2848 4909 et
2875 4855 3028 4921 editi,
3060 4854 3278 4919 θαλίας.

2137 4924 2248 4994 (66)
2289 4923 2539 4994 Seguer.,
2572 4923 2828 4994 ἐντυχών.

2137 4992 2246 5062 (67)
2289 4992 2381 5048 Sic
2419 4992 2643 5064 Seguer.
2681 4992 2850 5049 Basil.
2877 4993 3100 5050 Gobler.
3133 5005 3184 5050 et
3209 4993 3450 5051 Felckm.
3487 4992 3536 5049 I.
3577 4993 3646 5049 At

2065 5067 2155 5119 alii
2185 5074 2238 5118 et
2267 5064 2396 5118 editi
2425 5065 2524 5134 τήν
2551 5065 2828 5119 omittunt.

2137 5134 2250 5204 (68)
2295 5133 2522 5203 Seguer.
2560 5134 2729 5191 BasiI.
2772 5134 2980 5204 Anglic.
3011 5133 3229 5190 Goblcr.
3258 5133 3562 5204 Felckmxi
3590 5144 3644 5188 et

2067 5206 2121 5277 5,
2153 5203 2235 5268 ὡς
2259 5207 2287 5259 ό
2313 5206 2622 5277 προφήτης..
2645 5204 2782 5259 Editi
2824 5203 2876 5277 et
2910 5205 3035 5277 alii,
3063 5205 3138 5277 ὡς
3163 5206 3466 5277 προφήτης.
3507 5203 3643 5277 llud.

2067 5276 2283 5331 Gohlcr.
2316 5272 2369 5328 ei
2391 5272 2630 5330 Feli'km.
2669 5277 2718 5336 Ι,
2758 5278 2790 5345 ή
2815 5275 2872 5328 δὲ
2899 5275 2971 5345 γῆ
2993 5272 3232 5345 ἔφριξεν.
3262 5272 3512 5345 Iidetnet
3545 5272 3646 5345 See

2068 5311 2283 5331 υυυιι...
2316 5311 2369 5328 ι.
2391 5311 2412 5328 ι
2434 5311 2630 5330 cum...
2673 5311 2718 5336 .,
2765 5311 2774 5327 .
2816 5311 2872 5328 υς
2910 5311 2952 5343 ι.
2993 5311 3232 5345 cyrn...“
3266 5311 3427 5329 ..υ-υ...
3457 5311 3512 5328 ι..
3546 5311 3645 5326 υ..-

2067 5363 2252 5417 guer.,
2285 5347 2377 5398 ἐπὶ
2407 5345 2483 5416 τῷ
2511 5311 2880 5416 παραϐαθέντι
2919 5311 3087 5417 νόμῳ.
3123 5346 3262 5400 ΕιΙίιί
3302 5355 3355 5400 et
3397 5344 3521 5407 alii,
3552 5344 3646 5396 ἐπὶ

2065 5416 2131 5488 τῇ
2151 5417 2468 5488 ,παραϐάσει
2491 5417 2583 5469 τοῦ
2605 5416 2788 5488 νόμου.

2139 5482 2258 5557 (69)
2291 5487 2538 5558 Seguer._,
2575 5482 2888 5556 γινομένας.
2943 5484 3098 5558 Begu,
3144 5485 3483 5558 yswouévuc.
3520 5482 3644 5539 Mox

2073 5555 2320 5627 Seguer.,
2347 5556 2443 5611 xui
2467 5556 2566 5620 τὰς
2593 5555 2816 5620 ἀκτῖνας
2848 5556 3150 5620 συστείλας,
3169 5556 3265 5627 τὴν
3284 5555 3517 5627 ἡμέραν,
3536 5564 3646 5627 etc.

2071 5625 2210 5698 Editi
2250 5637 2307 5698 et
2329 5628 2454 5694 alii,
2482 5628 2807 5698 ἀπεστράφη
2833 5627 2931 5692 τὰς
2961 5629 3180 5691 ἀκτῖνας
3209 5625 3520 5692 συστείλας,
3554 5626 3645 5678 καὶ

2070 5697 2167 5768 τὴν
2198 5697 2411 5768 ἡμέραν
