3850 6218
227 321 301 380 95
1376 318 1632 382 ORATIO
1670 324 1692 380 ι
1727 325 1834 385 C0!

1949 323 2014 378 is
2050 322 2372 380 ABIANOS.
3429 313 3502 371 26

231 439 389 508 ἡμων
418 432 733 508 ὑπέμεινεν,
778 433 1108 508 ἀπεστραφη
1131 472 1146 500 ,
1177 437 1272 491 καὶ
1314 437 1414 502 τὰς
1454 441 1681 507 ἀκτῖνας
1729 461 1824 496 συ-

1949 443 2041 497 1ι·ἰί
2077 443 2266 508 verba,
2295 441 2552 497 universa
2595 439 2881 518 hominum
2914 448 3108 494 natura
3153 446 3376 510 stupore
3400 453 3511 495 non

232 528 471 593 στείλας,
503 528 598 599 τὴν
620 523 838 600 ⁴ἡμέραν
864 528 1082 598 ἐκείνην
1114 529 1332 601 ἀνήλιον
1378 531 1576 598 ἔδειξεν
1601 553 1612 567 ·
1649 536 1742 588 ἐπὶ
1765 535 1822 590 δὲ

230 625 350 685 ταῖς
387 619 600 692 Ἀρείου
637 603 1012 691 βλασφημίαις
1046 620 1165 686 πῶς
1196 624 1256 675 οὐ
1297 625 1447 678 πᾶσα
1471 627 1581 680 τῶν
1613 628 1824 700 ἀνθρώ-

233 731 349 768 πων
384 715 418 786 ἡ
447 707 608 782 φύσις
636 711 748 782 (70)
784 714 996 785 ἀφασίᾳ.
1045 714 1411 786 πληγήσεται,
1469 716 1566 772 καὶ
1621 720 1824 776 κλείσει

235 809 335 878 μὲν
366 806 469 870 τὰς
513 805 682 869 ἀκοὰς
708 845 724 868 ,
760 805 1042 876 καμμύσει
1102 807 1159 860 δὲ
1188 809 1315 872 τοὺς
1363 809 1698 882 ὀφθαλμοὺς,
1739 814 1825 868 ἴνα

235 899 373 970 μήτε
427 897 658 951 ἀκοῦσαι
717 895 974 950 τοιούτων
999 897 1132 967 (71),
1168 899 1296 970 μήτ’
1335 899 1462 955 ἰδεῖν
1519 901 1610 957 τὸν
1651 904 1823 959 ταῦτα

235 989 524 1061 γράψαντα
549 987 787 1059 δυνηθῇς
819 989 847 1040 ὁ
880 988 936 1041 δὲ
966 987 1171 1058 Κύριος
1199 989 1362 1054 αὐτὸς
1385 992 1504 1057 πῶς
1531 995 1590 1047 οὐ
1626 995 1826 1066 μᾶλλον

235 1081 458 1146 δικαίως
493 1079 634 1135 κατά
685 1080 796 1150 (72)
832 1080 1037 1133 τούτων
1065 1122 1080 1145 ,
1136 1082 1213 1145 ὡς
1245 1083 1494 1150 ἀσεϐῶν,
1541 1086 1679 1141 ἀλλά
1731 1089 1826 1142 καὶ

235 1172 548 1244 ἀχαρίστων
581 1170 808 1242 βοήσει,
844 1169 880 1225 ἀ
920 1172 1014 1224 καὶ
1060 1171 1149 1226 διὰ
1181 1172 1276 1226 τοῦ
1329 1177 1608 1246 προφήτου
1669 1177 1826 1248 Ὠσηὲ

234 1254 587 1335 προείρηκεν,
635 1263 780 1316 Οὐαὶ
835 1265 1060 1330 αὐτοῖς,
1119 1265 1210 1319 ὅτι
1271 1265 1678 1336 ἀπεπ-ήδησαν
1722 1269 1824 1324 ἀπ’

233 1356 378 1426 ἐμοῦ
399 1373 412 1386 °
447 1355 703 1410 δείλαιοι
733 1355 846 1423 (75)
883 1358 1066 1420 εἰσιν,
1101 1357 1191 1410 ὅτι
1232 1357 1552 1425 ἠσέϐησαν
1581 1361 1668 1425 εἰς
1699 1359 1824 1429 ἐμέ.

248 1448 395 1518 Ἐγὼ
428 1447 499 1502 δὲ
517 1446 960 1517 ἐλυτρωσὰμην
988 1449 1240 1516 αὐτούς’
1271 1450 1442 1503 αὐτοὶ
1476 1449 1545 1504 δὲ
1580 1451 1830 1506 κατελάο

236 1545 443 1608 αησαν
478 1542 609 1596 κατ’
639 1540 788 1610 ἐμοῦ
819 1539 1042 1609 ψευδῆ.
1082 1539 1193 1594 Καὶ
1227 1543 1346 1612 μετ’
1372 1540 1552 1610 ὀλίγα·
1592 1543 1701 1596 Kal
1741 1542 1830 1607 εἰς

236 1631 340 1699 ἐμὲ
366 1631 735 1701 “artemo
769 1631 881 1703 (74)
905 1632 1141 1700 πονηρὰ
1163 1673 1178 1698 ,
1225 1631 1708 1702 ἀπεστράφησαν
1742 1635 1830 1700 εἰς

236 1720 434 1776 οὐδέν.
472 1722 580 1776 Τὸν
612 1723 721 1795 γὰρ
748 1721 878 1777 ὄντα
908 1721 1002 1776 τοῦ
1037 1722 1172 1777 Θεοῦ
1222 1723 1424 1792 Λόγοψ
1443 1725 1826 1797 ἀποστραφέν-

1926 536 2304 600 exhorrescat,
2344 550 2507 590 aures
2548 549 2656 588 non
2694 533 2964 599 obstruat,
2996 532 3187 588 oculos
3221 548 3329 586 non
3357 532 3512 587 clau-

1925 630 2037 694 dat,
2073 638 2259 684 utnec
2286 627 2376 682 illa
2417 627 2638 694 audiat,
2682 641 2783 682 nec
2815 641 2939 680 eum
2967 627 3060 696 qui
3108 627 3211 680 ista
3264 627 3506 681 conscri-

1927 721 2037 792 psit
2072 719 2334 790 aspiciat?
2375 719 2458 774 An
2506 735 2612 809 non
2662 718 2848 788 potius
2893 716 3017 787 jure
3073 717 3269 771 merito
3320 724 3513 771 contra

1928 815 2075 884 ipsos
2109 823 2368 883 tanquam
2404 813 2602 882 impios
2634 822 2689 866 et
2714 809 2871 864 valde
2909 810 3154 881 ingratos
3191 810 3514 865 clamaverit

1929 903 2046 973 ipse
2073 902 2362 966 Dominus,
2387 918 2509 973 qua:
2533 917 2629 972 per
2658 902 2976 972 prophetam
3005 899 3198 956 Oscam
3227 901 3514 971 praedixit:

1938 992 2030 1047 Va:
2073 995 2170 1058 eis,
2198 994 2454 1063 quoniam
2485 1001 2810 1046 recesserunt
2836 1009 2868 1046 a
2896 1009 2996 1057 me,
3027 993 3206 1045 miseri
3235 1001 3357 1046 sunt
3390 993 3518 1062 quia

1929 1083 2082 1152 impii
2114 1084 2168 1136 in
2201 1099 2281 1136 me
2305 1082 2543 1152 fuerunt.
2595 1080 2710 1152 Ego
2755 1097 2874 1135 vero
2930 1082 3128 1136 redemi
3171 1098 3258 1136 eos
3289 1098 3308 1136 :
3337 1093 3386 1136 et
3413 1083 3518 1152 ipsi

1925 1176 2091 1229 locuti
2122 1184 2242 1229 sunt
2283 1188 2471 1228 contra
2508 1190 2589 1228 me
2630 1173 2907 1227 mendacia
2929 1175 2991 1226 ιθ.
3044 1173 3111 1226 Et
3141 1174 3304 1244 paulo
3352 1184 3470 1246 post
3501 1193 3516 1229 :

1930 1265 2131 1320 Contra
2168 1281 2246 1318 me
2291 1268 2650 1335 cogitaverunt
2712 1265 2876 1328 mala,
2915 1266 2969 1318 in
3005 1265 3232 1318 nihilum
3285 1267 3520 1321 conversi

1928 1366 2050 1411 sunt
2078 1358 2143 1409 ¹¹.
2197 1355 2332 1411 Nam
2381 1367 2670 1425 postquam
2708 1373 2738 1410 a
2778 1356 2872 1410 Dei
2912 1355 3112 1422 Verbo,
3143 1357 3289 1426 quod
3338 1357 3518 1428 ipsum

1929 1461 2054 1500 vere
2108 1455 2213 1512 est,
2248 1461 2368 1501 sese
2397 1458 2664 1510 avertere,
2691 1455 2745 1500 et
2788 1463 2938 1513 cuin,
2973 1447 3068 1517 qui
3111 1462 3220 1501 non
3265 1458 3378 1514 est,
3413 1447 3520 1502 sibi

1933 1539 2271 1606 confinxere,
2299 1540 2352 1593 in
2386 1540 2617 1593 nihilum
2643 1539 2827 1608 utique
2851 1549 2979 1594 sunt
3011 1539 3114 1609 ipsi
3139 1539 3354 1609 dilapsi.
3377 1537 3521 1594 Sane

1933 1632 2049 1685 haec
2103 1647 2269 1686 causa
2319 1632 2422 1686 fuit
2473 1647 2573 1687 cur
2605 1631 2875 1701 generalis
2924 1631 3165 1702 synodus
3193 1631 3382 1685 Arium
3417 1632 3520 1686 ista

1931 1722 2266 1777 elfuticnteni
2325 1723 2588 1792 repulerit
2635 1739 2702 1778 ex
2757 1721 3037 1789 Ecclesia;
3078 1722 3238 1792 cujus
3265 1737 3390 1776 cum
3417 1722 3524 1776 im-

234 1831 342 1878 τες,
369 1815 682 1878 πλάσαντες
709 1814 766 1868 δὲ
798 1817 1015 1878 ἑαυτοῖς
1040 1815 1131 1869 τὸν
1157 1816 1256 1870 οὐκ
1283 1816 1441 1882 ὄντα,
1464 1818 1544 1880 εἰς
1571 1817 1634 1870 τὸ
1663 1816 1831 1888 μηδὲν

1949 1816 2186 1881 pietatem
2232 1813 2376 1869 ferre
2433 1829 2542 1868 non
2589 1823 2795 1884 posset,
2826 1829 2950 1868 eum
2996 1812 3344 1866 anathemate
3397 1825 3524 1881 per-

237 1905 582 1960 πεπτὼκασι.
612 1906 714 1960 Διά
744 1906 903 1960 τοῦτο
933 1906 1043 1978 γὰρ
1063 1907 1204 1979 καὶὴ
1225 1907 1578 1979 οἰκουμενικὴ
1615 1907 1829 1971 σύνοδος

235 1993 410 2051 ταῦτα
443 1997 678 2067 λέγοντα
708 1995 799 2051 τὸν
837 1999 898 2051 Ἀ
912 2012 1055 2070 ρειον
1084 1999 1307 2065 ἐξέϐαλε
1342 2001 1444 2072 τῆς
1483 2001 1828 2072 Ἐκκλησίας,

237 2089 330 2140 sui.
346 2088 742 2161 ἀνεθεμάτισεν
772 2091 833 2144 ού
867 2088 1110 2162 φέρουσα
1133 2091 1232 2162 τὴν
1261 2093 1518 2148 ἀσέϐειαν
1543 2110 1556 2123 ·
1596 2095 1688 2148 καὶ
1725 2093 1833 2146 λοι-

236 2179 337 2232 πὸν
357 2181 577 2252 αἵρεσις
597 2181 853 2253 ἐλογίσθη
877 2185 909 2254 ὴ
941 2181 1152 2255 Ἃρείου
1171 2185 1346 2258 πλάνη
1369 2186 1568 2258 ἐχουσά
1592 2205 1646 2240 τι
1669 2187 1832 2242 πλέον

237 2269 342 2325 τῶν
375 2272 558 2326 ἀλλων
591 2269 859 2345 αἱρέσεων
885 2315 900 2338 ,
930 2275 1014 2328 ὅτι
1044 2275 1138 2328 καὶ
1192 2277 1561 2348 χριστομάχος
1605 2276 1830 2349 ἐκλήθη,

239 2363 330 2416 καὶ
359 2364 674 2436 πρόδρομος
703 2365 956 2438 ἐλογίσθη
989 2364 1082 2420 τοῦ
1099 2368 1468 2440 Ἀντιχρίστου
1499 2369 1636 2440 (75).
1660 2369 1834 2423 Είκαὶ

237 2451 306 2506 τά
330 2453 570 2524 μάλιστα
588 2455 788 2520 τοίνυν,
812 2452 889 2518 ὡς
912 2461 1196 2527 προεῖπον,
1225 2459 1507 2530 αὐτάρκης
1536 2462 1570 2532 ἡ
1595 2459 1831 2532 τοσαύτη

242 2545 420 2614 κρίσις
472 2544 622 2600 κατά
676 2545 778 2616 τῆς
835 2547 1069 2613 ἀσεϐοῦς
1103 2549 1368 2620 αἱρέσεως
1406 2553 1590 2605 πεῖσαι
1629 2550 1835 2615 πάντας

242 2635 462 2705 φεύγειν
495 2639 594 2692 ἀπ’
619 2641 791 2712 αὐτῆς
811 2656 823 2670 ·
857 2642 1030 2711 ὅμως,
1055 2641 1244 2714 ἐπειδή
1285 2658 1432 2704 τινες
1465 2641 1576 2696 τῶν
1607 2642 1837 2714 λεγομέ-

241 2742 345 2782 νων
365 2731 752 2802 Χριστιανῶν,
791 2734 824 2804 ἢ
856 2733 968 2806 (76)
997 2733 1320 2803 ἀγνοοῦντες
1343 2776 1360 2802 ,
1393 2736 1426 2807 ἢ
1471 2736 1835 2807 ὑποκρινόμε-

240 2834 340 2887 νοι,
374 2824 635 2901 καθάπερ
672 2827 887 2898 εἴρηται
917 2828 1172 2899 πρόσθεν,
1207 2827 1498 2900 ἀδιάφορον
1547 2827 1685 2900 πρὸς
1736 2828 1837 2901 τὴν

241 2914 500 2986 ἀλήθειαν
530 2916 793 2987 ἡγοῦνται
823 2916 925 2990 τὴν
953 2919 1187 2990 αἵρεσιν,
1224 2920 1320 2974 καὶ
1343 2921 1472 2984 τοὺς
1499 2919 1674 2974 ταῦτα
1699 2937 1835 2990 φρο-

242 3005 465 3073 νοῦντας
503 3011 868 3082 Χριστιανοὺς
898 3011 1246 3083 ὀνομάζουσι,
1282 3011 1414 3084 φέρε
1437 3012 1581 3066 κατά
1609 3011 1837 3082 δύναμιν

243 3100 561 3170 ἐρωτῶντες
599 3103 821 3168 αὐτοὺς,
855 3104 1295 3175 ἀποκαλύψωμεν
1348 3105 1448 3176 τὴν
1503 3105 1836 3175 πανουργίαν

1935 1907 2108 1962 cussit
2145 1925 2159 1961 ι
2194 1922 2260 1961 ex
2291 1922 2401 1976 quo
2427 1906 2538 1976 jam
2573 1916 2819 1976 tempore
2847 1906 3053 1961 credita
3080 1914 3166 1960 est
3189 1905 3305 1958 Arii
3330 1904 3524 1974 impie-

1935 2007 2020 2052 tas
2054 1998 2183 2067 quid
2232 1997 2469 2066 amplius
2502 2013 2666 2066 quam
2699 2006 2923 2051 caeteras
2953 1998 3186 2051 haereses
3217 1996 3520 2064 continere,

1933 2089 2136 2160 quippe
2174 2105 2296 2158 quae
2340 2098 2394 2143 et
2419 2089 2626 2144 Christi
2658 2090 2881 2144 inimica
2899 2089 3156 2159 dictasit,
3191 2098 3245 2142 et
3275 2103 3525 2158 praenun-

1936 2182 2010 2235 tia
2043 2181 2368 2235 Antichristi
2419 2181 2490 2235 sit
2518 2181 2724 2236 habita.
2763 2180 2876 2236 Etsi
2916 2181 3100 2251 igitur,
3125 2181 3203 2235 uti
3240 2179 3352 2248 jam
3384 2180 3522 2248 dixi,

1939 2282 2050 2329 tam
2104 2274 2344 2344 amplum
2379 2275 2642 2328 adversus
2665 2274 2884 2342 impiam
2919 2273 3062 2327 hanc
3095 2273 3348 2327 haeresim
3376 2272 3526 2342 judi-

1936 2364 2084 2419 cium
2132 2363 2369 2418 maxime
2404 2364 2625 2431 sufficit,
2661 2373 2720 2418 ut
2743 2363 2860 2433 ejus
2892 2363 3087 2417 horror
3113 2364 3370 2419 omnibus
3398 2363 3525 2433 inji-

1936 2456 2114 2511 ciatur
2139 2474 2151 2509 :
2181 2465 2418 2511 attamen
2444 2459 2572 2526 quia
2609 2458 2856 2512 nonnulli
2884 2458 2976 2527 qui
3000 2456 3301 2512 Christiani
3325 2473 3527 2514 vocan-

1939 2558 2049 2616 tur,
2092 2551 2178 2605 vel
2236 2550 2555 2615 inscienter,
2595 2551 2680 2605 vel
2721 2550 3133 2606 dissimulanter
3162 2550 3323 2606 istam
3351 2550 3525 2607 imre-

1936 2643 2039 2698 sitn
2067 2642 2134 2697 ad
2168 2642 2328 2698 fidem
2364 2643 2499 2697 nihil
2543 2643 2837 2714 pertinere,
2867 2651 2926 2698 ut
2967 2651 3126 2697 antea
3161 2642 3368 2698 dictum
3418 2652 3524 2712 est,

1936 2735 2274 2802 existimant,
2322 2751 2552 2806 eosque.
2577 2737 2672 2806 qui
2729 2735 2802 2790 ita
2862 2735 3128 2802 sentiunt,
3175 2734 3526 2792 Christianos

1936 2841 2048 2881 non
2093 2827 2346 2882 dubitant
2367 2828 2671 2898 appellare;
2699 2843 2820 2900 age,
2850 2845 2962 2900 quo
2995 2838 3273 2900 retegatur
3302 2831 3527 2887 haeresis

1937 2915 2158 2983 astutia,
2209 2917 2332 2972 illos
2397 2931 2498 2987 pro
2543 2926 2730 2973 nostra
2786 2917 3047 2973 facultate
3100 2920 3524 2990 interrogemus.

1938 3005 2100 3064 Forte
2123 3008 2268 3064 enim
2291 3014 2398 3064 hoc
2425 3019 2586 3080 pacto
2609 3009 2853 3066 futurum
2883 3023 2966 3068 est
2985 3014 3256 3068 utirretiti
3288 3022 3524 3077 taceant,

1937 3106 1994 3153 et
2031 3099 2100 3154 ab
2147 3115 2211 3156 ea
2261 3116 2373 3156 non
2407 3116 2567 3158 secus
2601 3117 2766 3173 quam
2817 3119 2848 3159 a
2901 3107 3528 3188 conspectugerpentis

244 3192 341 3262 τῆς
366 3194 658 3266 αἱρέσεως.
698 3196 852 3267 Τάχα
879 3195 981 3251 κᾶν
1026 3197 1170 3251 οὕτω
1223 3196 1679 3268 συμποδισθέντες
1726 3197 1838 3268 (77)
1868 3184 1910 3239 C
1943 3189 2174 3264 fugiant.

244 3285 678 3358 ἑπιστομισθῶσι
713 3289 808 3340 καὶ
841 3287 1085 3358 φύγωσιν
1103 3290 1199 3342 ἀπ’
1231 3288 1401 3360 αὐτῆς
1429 3289 1506 3352 ὡς
1529 3287 1640 3343 ἀπὸ
1673 3305 1841 3361 προσ-

248 3375 394 3432 ,ὐπου
420 3379 628 3450 ὄφεως.

314 3508 368 3564 8.
403 3511 469 3563 El
494 3511 598 3582 μὲν
630 3505 744 3576 οὖν,
779 3511 868 3564 διά
895 3511 955 3564 τὸ
1002 3511 1178 3576 λέξεις
1208 3511 1322 3583 (78)
1361 3509 1515 3574 τινὰς
1545 3510 1646 3580 τῆς
1679 3509 1842 3579 ,θείας

243 3599 468 3674 Γραφῖκ
505 3605 567 3655 ὲν
588 3606 653 3675 τῇ
677 3605 893 3672 Θαλείᾳ
913 3603 1143 3676 γράψαι,
1162 3598 1438 3676 νομίζουσι
1468 3602 1560 3658 καὶ
1589 3603 1686 3666 τὰς
1717 3602 1848 3674 βλα-

246 3696 493 3766 σφημίας
526 3696 804 3768 εὐφημίας
847 3693 1008 3762 εἶναι,
1052 3696 1271 3760 πάντως
1317 3713 1419 3750 που
1449 3695 1560 3767 (79)
1595 3697 1688 3749 καὶ
1719 3695 1845 3757 τοὺς

241 3785 338 3841 νῦν
382 3787 680 3853 Ἰουδαίους
731 3788 968 3864 ὁρῶντες
1031 3787 1504 3858 ἀναγινώσκοντας
1543 3788 1633 3841 τὸν
1682 3786 1845 3856 νόμον

249 3882 340 3936 καὶ
376 3884 510 3946 τοὺς
541 3883 847 3953 προφήτας,
879 3881 1204 3953 ἀρνήσονται
1240 3881 1333 3934 καὶ
1365 3879 1518 3932 αὐτοὶ
1570 3878 1658 3932 διὰ
1687 3877 1845 3930 τοῦτο

248 3973 345 4026 σὺν
382 3973 622 4036 ἐκείνοις
649 3972 737 4025 τὸν
760 3973 996 4044 Χριστόν
1012 3987 1025 4000 ·
1055 3971 1346 4034 ἀκούοντες
1367 3971 1424 4024 δὲ
1448 3971 1591 4040 τάχα
1611 3969 1704 4023 καὶ
1728 3970 1846 4022 Μα-

247 4063 472 4133 νιχαίων
498 4061 770 4130 λεγόντων
807 4061 950 4133 μέρη
979 4062 1100 4115 τινὰ
1132 4060 1241 4114 τῶν
1279 4059 1646 4128 Εὑαγγελίων,
1675 4059 1845 4130 ἀρνή-

251 4168 432 4206 σονται
457 4155 561 4208 σὺν
594 4154 780 4216 αὐτοῖς
816 4154 908 4206 τὸν
931 4153 1094 4224 νόμον
1126 4152 1222 4205 καὶ
1256 4153 1383 4215 τοὺς
1434 4151 1740 4222 προφήτας.
1784 4151 1844 4204 El

248 4245 305 4298 δὲ
335 4246 664 4315 ἀγνοοῦντες
693 4245 837 4299 οὕτω
866 4245 1220 4316 χειμάζονται
1261 4244 1372 4297 καὶο
1391 4243 1619 4296 τοιαῦτα
1659 4242 1847 4313 βαττο-

250 4333 491 4406 λογοῦσι,
532 4337 855 4408 μαθέτωσαν
883 4336 992 4389 ἀπὸ
1022 4335 1132 4389 τῶν
1158 4334 1414 4406 Γραφῶν,
1447 4335 1530 4387 ὃτι
1561 4334 1658 4386 καὶ
1687 4334 1716 4385 ὁ
1744 4333 1844 4397 τὰς

252 4428 494 4500 αἱρέσεις
519 4429 817 4501 ἐπινοήσας
848 4427 959 4498 (80)
1003 4425 1246 4489 διάϐολος
1277 4424 1364 4478 διὰ
1408 4425 1509 4496 τὴν
1559 4424 1696 4478 ἰδίαν
1743 4424 1844 4495 τῆς

2017 3504 2070 3560 8.
2096 3506 2282 3578 Itaque
2321 3507 2367 3562 si
2392 3506 2600 3562 idcirco
2647 3508 2985 3562 arbitrantur
3017 3507 3240 3577 impiam
3279 3506 3526 3562 Thaliam

1945 3613 2069 3654 esse
2120 3600 2288 3671 piam,
2323 3601 2454 3672 quia
2503 3602 2714 3672 aliquot
2765 3602 2964 3657 divinae
3015 3600 3316 3673 Scriptura:
3363 3616 3528 3657 voces

1945 3692 2248 3757 contineat,
2285 3691 2530 3763 profecto
2589 3703 2848 3764 sequetur
2889 3703 2970 3759 ut,
3005 3710 3130 3748 cum
3177 3711 3324 3750 nunc
3347 3696 3531 3750 vident

1946 3781 2050 3851 legi
2079 3797 2110 3836 a
2135 3780 2338 3840 Judaeis
2370 3783 2543 3853 legem
2575 3793 2629 3840 et
2659 3785 2974 3854 prophetas,
3001 3783 3280 3840 Christum
3309 3788 3530 3855 quoque

1946 3874 2051 3944 ipsi
2115 3890 2240 3930 cum
2297 3876 2404 3931 illis
2445 3885 2659 3948 negent.
2692 3877 2834 3943 Quin
2870 3878 3034 3932 etiam
3088 3878 3134 3933 si
3181 3879 3440 3934 acciderit
3471 3888 3530 3934 nt

1947 3963 2275 4021 Manichaeos
2302 3968 2568 4036 quasdam
2603 3967 3024 4040 Evangeliorum
3067 3970 3360 4040 particulas
3390 3969 3530 4024 reci-

1946 4063 2127 4112 tantes
2160 4057 2408 4122 audiant,
2438 4059 2611 4130 legem
2653 4069 2709 4114 et
2753 4061 3048 4130 prophetas
3077 4076 3200 4116 cum
3239 4061 3346 4116 illis
3368 4076 3532 4131 repu-

1947 4149 2097 4205 dient
2142 4165 2365 4206 necesse
2414 4149 2599 4207 fuerit.
2631 4151 2790 4219 Quod
2829 4153 2875 4208 si
2917 4169 3016 4222 per
3061 4153 3426 4226 ignorantiam
3454 4153 3528 4208 ita

1946 4253 2179 4297 aestuant
2249 4253 2304 4298 et
2367 4245 2483 4300 haec
2527 4247 2798 4315 garriunt,
2853 4247 3069 4302 discant
3118 4261 3181 4300 ex
3232 4245 3531 4316 Scripturis

1947 4335 2126 4405 ipsum
2173 4336 2450 4392 diabolum
2502 4339 2774 4394 hwresum
2809 4349 3112 4405 auctorem,
3143 4341 3214 4396 ob
3245 4339 3524 4410 proprium

1947 4427 2322 4496 perversitatis
2357 4428 2609 4493 fetorem,
2637 4431 2798 4486 verba
2826 4430 3234 4502 Scripturarum
3262 4446 3528 4502 usurpare

253 4522 452 4586 κακίας
484 4521 756 4574 δυσωδίαν
793 4521 1052 4591 κιχρᾶται
1093 4520 1192 4582 τάς
1229 4517 1404 4582 λέξεις
1441 4517 1549 4570 τῶν
1587 4515 1834 4588 Γραφῶν,

1949 4520 2144 4584 solere,
2177 4529 2238 4575 ut
2279 4521 2386 4577 illis
2429 4522 2837 4592 quodammodo
2875 4525 3145 4591 obtectus,
3179 4540 3339 4580 suum
3364 4536 3529 4579 vene-

253 4614 360 4681 ῐνα,
389 4614 566 4677 αύτάς
590 4613 727 4684 ἔχων
750 4613 1133 4684 ἐπικάλυμμα,
1174 4610 1267 4665 τὸν
1308 4610 1438 4664 ἴδιον
1481 4609 1558 4662 ίὸν
1594 4607 1845 4662 ἐπισπεί-

259 4723 374 4778 ρας,
405 4707 672 4777 ἀπατήσῃ
701 4707 827 4768 τοὺς
850 4703 1160 4776 ἀκεραίους.
1191 4701 1345 4757 Οὕτω
1372 4700 1470 4772 τὴν
1508 4698 1652 4753 Εὕαν
1695 4699 1844 4770 ἡπά-

261 4821 449 4877 '°Ose.
487 4838 586 4876 vn.
623 4821 708 4875 15.
749 4822 792 4852 ¹¹
820 4818 956 4875 Ibid.
993 4819 1080 4874 15.

330 5008 445 5080 (70)
489 5009 805 5080 Seguer.,j
837 5005 1018 5080 φύσις.
1054 5004 1196 5080 Editi
1223 5012 1276 5059 et
1305 5005 1417 5064 alii.
1439 5002 1627 5080 ’φύσιςτ

329 5071 446 5149 (71)
485 5071 713 5149 Seguer.
751 5071 917 5133 Basil.
950 5086 1005 5131 et
1037 5074 1584 5147 Anglic.,-aoto:51:wv.
1617 5071 1760 5126 Editi
1789 5079 1845 5126 ct

259 5151 376 5212 alii,
404 5149 634 5203 τούτων.

332 5221 447 5293 (72)
479 5219 587 5293 δίε
620 5218 846 5293 Seguer.
875 5216 1044 5293 Basil.
1077 5213 1626 5293 Anglic._G(_)‘h_ler._‘et
1650 5211 1841 5293 'lf‘el‘ck.

261 5291 318 5345 1.
341 5281 440 5344 ’Δί
478 5291 532 5343 in
584 5281 742 5344 editis
769 5298 825 5342 et
851 5289 974 5342 aliis
1000 5289 1153 5341 deest
1168 5281 1336 5339 κατά.
1373 5283 1506 5338 lhid.
1542 5282 1705 5338 Basil.
1733 5281 1846 5336 An-

263 5361 384 5430 glic.
415 5369 471 5414 et
498 5358 736 5430 Felckm.
767 5359 822 5421 5,
849 5356 1207 5430 ἀσεϐῶνάμα
1234 5357 1328 5409 καὶ
1356 5355 1688 5430 ἀχαρίστων.

333 5431 448 5499 (75)
493 5429 585 5484 Sic
611 5428 837 5499 Seguer.
868 5429 1038 5499 Editi,
1065 5427 1296 5498 δήλαιοι,
1329 5429 1607 5499 mendose.

337 5432 428 5497 (75
493 5432 585 5484 Sic
611 5432 837 5499 Seguer.
868 5432 1033 5488 Editi.
1065 5432 1296 5498 δήλαιοι,
1329 5432 1607 5479 mendose.

337 5432 451 5574 (74)
495 5499 584 5554 Sic
599 5499 834 5574 Seguer.
865 5508 918 5553 et
943 5498 1044 5574 alii
1069 5513 1208 5574 ipss.
1237 5506 1444 5574 praeter
1465 5493 1704 5574 Peli-kin.
1737 5491 1772 5546 2
1795 5503 1850 5574 et

264 5563 400 5640 Reg.
429 5563 486 5625 in
521 5563 741 5640 quibu's,
772 5579 830 5624 ut
859 5580 914 5640 et
943 5569 995 5623 in
1019 5563 1315 5640 editis,_ita
1347 5566 1563 5640 legitur,
1597 5563 1846 5640 και-μετ’

266 5632 445 5708 ὀλίγον
469 5656 483 5671 ·
529 5632 1046 5713 καὶ-ξδουλεύσαντο
1093 5637 1273 5713 κακᾼά,
1317 5632 1521 5713 καὶίείς
1548 5635 1662 5713 ἐμὲ.
1675 5632 1848 5713 ὲὶέογίς

271 5703 430 5834 take
451 5752 465 5775 ,
497 5721 599 5767 etc.
632 5711 754 5765 Mox
789 5709 1131 5782 Seguerian.,
1164 5709 1254 5761 τὸν
1297 5703 1544 5778 παρόντα
1572 5703 1665 5758 τοῦ
1711 5703 1845 5757 Θεοῦ

271 5813 283 5833 ι
343 5799 458 5834 γον.

270 5799 458 5847 Λογον.

1951 4627 2079 4665 num
2115 4614 2286 4682 possit
2321 4614 2540 4670 facilius
2589 4631 2844 4685 spargere
2877 4615 3260 4686 simplicesque
3297 4616 3532 4671 circum-

1953 4704 2155 4759 venire.
2190 4703 2282 4761 Sic
2327 4705 2494 4762 Evam
2536 4706 2725 4764 fefellit
2753 4709 2842 4763 ille
2871 4727 2884 4762 :
2914 4708 2994 4764 sic
3019 4709 3156 4764 alias
3180 4706 3386 4763 ellinxit
3418 4707 3530 4764 hae-

2019 4996 2156 5070 (Ἱὲὲ)Δ
2177 4995 2403 5070 Seguer.
2437 4996 2994 5070 Gohlepetlr‘elg-km.
3030 4995 3081 5060 1,
3115 4995 3196 5070 δτι
3235 4997 3532 5070 χριστομά-

1947 5067 2053 5140 κοξκ
2075 5067 2505 5140 ³ςιπιὶ,πρό<ἒρομιος
2543 5067 2746 5140 ὲξιλήθη
2780 5067 3279 5140 minarum?-

2022 5139 2157 5263 (7'16)d
2180 5135 2279 5262 Sict
2301 5135 2525 5209 seguer.
2558 5135 2775 5193 Gobler.
2804 5148 2856 5192 ct
2886 5135 3125 5192 Felckin.
3157 5138 3208 5193 1.
3232 5137 3302 5192 At
3323 5135 3379 5190 in
3407 5135 3524 5192 edi-

2022 5249 2023 5254 η
2163 5224 2254 5263 ees
2285 5249 2299 5262 .

1950 5208 2040 5264 tis'
2058 5210 2090 5264 ἦ
2125 5210 2299 5263 deest.

2021 5210 2520 5349 i'i]?)(leS(ii:t.Seguer
2591 5276 2802 5349 Anglic.
2846 5275 3064 5349 Gohler.
3115 5285 3169 5332 et
3200 5274 3436 5332 Felcltm.
3477 5278 3528 5332 1.

1953 5348 2094 5403 Editi
2117 5346 2311 5403 autem
2346 5346 2404 5401 ct
2433 5347 2548 5410 alii,
2577 5346 2753 5411 οὕτως
2781 5347 3138 5410 αἰδεσθέντες.

2041 5419 2128 5490 78)
2152 5418 2443 5490 Ροιιτξςιιι.(2
2465 5427 2519 5472 et
2534 5420 2684 5490 editi.
2702 5421 2750 5490 εἰ
2772 5420 2868 5489 μὲν
2886 5417 2971 5471 διά
2995 5419 3055 5472 τὸ
3074 5417 3254 5490 λέξεις
3274 5413 3386 5472 οὖν.
3409 5415 3528 5471 Mox

1942 5487 2161 5546 Gobler.
2196 5499 2249 5544 et
2276 5487 2514 5542 Fclckm.
2554 5489 2604 5554 1,
2639 5487 2858 5557 Θαλείᾳ.
2901 5490 3028 5552 Alii,
3059 5488 3251 5557 Θαλία.

2019 5559 2132 5629 (79)
2174 5558 2407 5630 Segucr.
2432 5545 2746 5630 Goblertet
2779 5545 3026 5616 F‘clekm;
3053 5562 3116 5629 l,
3156 5545 3372 5622 πᾶντως
3403 5574 3525 5611 που.

1946 5627 2089 5685 Etlili
2113 5627 2170 5683 et
2195 5627 2307 5691 alii,
2339 5627 2557 5693 πάντως
2589 5629 2742 5697 γοῦν.

2019 5699 2130 5768 (80)
2173 5700 2265 5753 Sic
2297 5698 2522 5768 Seguer.
2555 5699 2772 5754 Gobler.
2798 5711 2851 5754 et
2878 5699 3110 5755 Felekm.
3154 5700 3200 5753 Ι.
3239 5699 3307 5754 At
3337 5699 3427 5752 alii
3468 5705 3527 5750 et

1945 5771 2093 5836 editi,
2121 5770 2198 5822 ὅτι
2236 5770 2328 5823 καὶ
2367 5769 2465 5832 τὰς
2493 5770 2729 5840 αἱρέσεις
2753 5773 2779 5825 δ
2811 5772 3120 5841 ἐπινοήσας.
