3850 6218
303 286 391 345 27-
909 293 969 350 S.
1012 293 1384 349 ATHANASII
1419 292 1571 350 OPP.
1611 292 1795 349 PARS
1833 294 1872 349 l.
1914 325 1979 335 —
2004 287 2385 350 ‘HISTORICA
2424 292 2515 349 ET
2549 291 2974 352 DOGMATICA.
3510 300 3586 358 28

301 427 453 466 roses
495 428 509 466 :
549 411 824 468 sic'etiam
856 412 962 466 hoc
992 422 1236 484 tempore
1262 415 1395 470 Ario
1417 416 1692 485 persuasit
1728 423 1788 469 ut
1834 414 1881 469 in

1993 430 2191 485 τησεν’
2240 413 2382 467 οὕτω
2429 413 2524 467 καὶ
2570 412 2671 477 τὰς
2716 412 2878 472 ἄλλας
2913 411 3154 484 αἱρέσεις
3200 413 3580 485 ἔπλασε(81)ο

304 505 539 560 haereses
562 504 680 574 ipse
705 504 1077 572 inveheretur,
1109 507 1325 577 illisque
1349 509 1628 562 adversari
1663 507 1891 562 simula-

301 605 404 663 ret,
436 611 545 667 quo
572 597 804 652 latenter
825 613 979 653 suam
1006 608 1189 669 posset
1212 599 1461 655 haeresim
1488 600 1763 654 inducere.
1784 598 1889 655 Ve-

304 694 611 740 rumtamen
662 702 732 741 ne
789 686 863 741 ita
895 687 1115 756 quidem
1160 687 1331 743 latere
1377 688 1556 757 potuit
1593 697 1883 742 veterator.

303 773 374 829 Ut
416 777 559 831 enim
593 792 748 833 suam
789 788 984 834 contra
1018 779 1113 834 Dei
1149 778 1389 834 Verbum
1420 782 1759 850 exprompsit
1789 780 1885 834 imo

301 866 582 935 pietatem,
605 867 865 923 omnibus
895 869 1081 924 statim
1113 870 1279 926 rebus
1311 870 1535 937 excidit,
1564 872 1889 942 cunctisque

297 955 459 1025 325
493 965 834 1026 compertum
860 965 946 1013 est
972 973 1097 1013 eum
1146 959 1201 1012 in
1232 960 1445 1015 caeteris
1472 975 1697 1030 quoque
1733 960 1888 1028 igna-

297 1061 418 1098 rum
449 1060 591 1112 esse,
622 1046 867 1118 nihilque
906 1050 1133 1105 omnino
1159 1051 1307 1121 quod
1338 1067 1527 1105 verum
1558 1052 1630 1106 sit
1658 1054 1884 1113 sentire,

297 1137 393 1192 sed
433 1147 642 1193 tantum
687 1140 1040 1196 simulatione
1074 1143 1169 1197 uti.
1205 1143 1309 1211 Qui
1343 1146 1503 1199 enim»
1528 1162 1654 1201 vera
1689 1147 1754 1202 de
1777 1145 1885 1200 Pa-

296 1239 378 1283 tre
420 1231 467 1285 is
502 1231 764 1301 proferat,
791 1232 885 1303 qui
916 1232 1113 1289 Filium
1137 1277 1152 1298 ,
1210 1251 1239 1290 a
1285 1252 1393 1306 quo
1423 1236 1605 1293 Patris
1646 1238 1887 1308 cognitio

295 1324 479 1378 omnis
522 1325 862 1395 impertitur,
901 1325 1063 1381 audet
1096 1329 1333 1397 negare?
1378 1328 1473 1383 Vel
1517 1329 1611 1398 qui
1644 1340 1790 1385 recte
1817 1331 1884 1386 de

298 1414 506 1483 Spiritu
540 1427 735 1469 sancto
764 1416 854 1471 ille
876 1416 1192 1486 Opinabitur
1212 1459 1227 1483 ,
1273 1418 1365 1487 qui
1417 1419 1484 1472 de
1517 1419 1657 1473 Filio
1677 1459 1692 1484 ,
1724 1437 1753 1474 a
1777 1435 1884 1491 quo

296 1511 413 1581 ipse
440 1510 621 1577 datur,
650 1511 813 1581 impie
848 1527 955 1566 non
980 1522 1198 1567 veretur
1222 1514 1415 1583 loqui?
1440 1513 1576 1580 Quis
1599 1514 1676 1570 illi
1701 1516 1887 1571 credat

294 1606 362 1658 de
393 1604 795 1660 resurrectione
824 1604 1152 1670 disserenti,
1187 1606 1282 1675 qui
1335 1605 1614 1661 Christum
1664 1618 1887 1677 prapter

295 1712 397 1752 nos
430 1697 629 1752 factum
654 1697 1075 1768 primogenitum
1100 1713 1167 1752 ex
1202 1700 1433 1752 mortuis
1466 1698 1510 1729 ¹²
1538 1699 1740 1769 negat?
1777 1699 1882 1765 Qui

1993 501 2134 555 οὕτω
2161 504 2253 555 καὶ
2278 501 2373 555 νῦν
2409 503 2624 573 Ἀρειον
2653 502 2867 555 ἔπεισεν
2887 505 3062 556 εἰπεῖν
3088 503 3183 557 καὶ
3234 505 3582 575 σχηματίσα-

1994 592 2119 645 σθαι
2149 591 2308 662 δῆθεν
2337 593 2478 646 κατὰ
2504 594 2616 647 τῶν
2664 594 2929 665 αἱρέσεων
2952 634 2965 655 ,
2999 596 3082 648 ἵνα
3125 594 3262 667 λάθῃ
3308 597 3410 668 τὴν
3445 597 3584 650 ἰδίαν

1992 685 2296 739 ἐπιϐάλλων
2323 686 2432 757 (82)
2461 687 2717 759 ,αἴρεσιν.
2748 689 2857 742 Καὶ
2899 691 3047 760 ὅμως
3080 691 3178 744 οὐκ
3221 690 3412 745 ἔλαθεν
3456 692 3585 745 οὐδὲ

1990 774 2162 840 οὕτως
2190 779 2218 829 6
2250 776 2587 850 πανοῦργος·
2625 782 2704 843 εἰς
2730 780 2838 853 γὰρ
2869 781 2958 833 τὸν
2974 781 3066 834 τοῦ
3095 782 3229 835 Θεοῦ
3251 783 3425 851 Λόγον
3451 785 3586 837 dios-

1991 868 2185 938 ΰήσας.
2223 869 2440 923 πάντων
2468 871 2629 936 εὐθὺς
2654 871 2877 937 ἐξέπεσε
2898 915 2912 938 ,
2947 874 3041 926 καὶ
3080 874 3346 929 δέδεικται
3386 877 3577 939 πᾶσιν,

1989 957 2071 1010 ὅτι
2106 958 2199 1011 καὶ
2226 960 2352 1031 περὶ
2379 960 2487 1012 τῶν
2508 960 2682 1014 ἄλλων
2704 961 2962 1032 ⁴ηγνὸησε,
2993 963 3087 1016 καὶ
3113 964 3280 1035 μηδὲν
3300 964 3437 1029 ὅλως
3463 964 3579 1036 (85)

1990 1051 2187 1120 ἀληθὲς
2227 1052 2439 1123 φρονῶν
2474 1054 2845 1124 ὑποκρίνεται.
2885 1054 3010 1119 Πῶς
3041 1056 3150 1127 γὰρ
3192 1055 3258 1110 ἂν
3300 1056 3579 1132 ὰληθεύσῃ

1992 1142 2121 1212 περὶ
2151 1142 2244 1195 τοῦ
2282 1142 2495 1214 Πατρὸς
2524 1145 2553 1196 6
2580 1143 2671 1196 τὸν
2701 1144 2830 1196 Υἱὸν
2854 1145 3208 1215 ἀρνούμενος,
3246 1146 3335 1198 τὸν
3364 1148 3580 1203 amata;

1989 1233 2260 1287 λύπτοντα
2290 1234 2418 1305 περὶ
2450 1234 2653 1299 αὐτοῦ;
2685 1236 2755 1287 Ἢ
2784 1235 2901 1299 πῶς
2939 1239 3067 1308 περὶ
3110 1237 3205 1289 τοῦ
3257 1237 3580 1309 Πνεύματος

1988 1323 2126 1396 ὀρθὰ
2177 1327 2458 1397 φρονήσει,
2491 1327 2794 1397 δυσφημῶν
2824 1329 2903 1391 είς
2927 1329 3019 1381 τὸν
3055 1328 3166 1398 (84)
3201 1329 3360 1384 τοῦτο
3407 1348 3581 1403 χορη-

1988 1420 2190 1488 γοῦντα
2209 1420 2398 1488 λόγον;
2432 1418 2526 1482 Τίς
2555 1419 2611 1472 δὲ
2648 1420 2926 1473 πιστεύσει
2966 1420 3180 1490 λέγοντι
3225 1421 3401 1493 τούτῳ
3446 1425 3579 1496 περὶ

1989 1513 2360 1577 ἀναστάσεως,
2385 1512 2709 1583 ἀρνουμένῳ
2736 1513 2825 1566 τὸν
2842 1516 2906 1566 ὲκ
2928 1513 3137 1584 νεκρῶν
3157 1514 3229 1567 δι’
3253 1516 3405 1585 ἡμᾶς
3426 1533 3579 1587 πρω-

1987 1604 2207 1657 τότοκον
2234 1605 2525 1674 γενόμενον
2550 1605 2788 1674 Χριστόν
2826 1604 2969 1675 (85);
2995 1605 3119 1669 Πῶς
3152 1605 3209 1659 δὲ
3248 1607 3347 1659 οὐκ
3366 1646 3380 1671 ,
3426 1606 3579 1661 ἄντι-

1989 1716 2126 1769 κρυς
2154 1699 2429 1769 ἀγνοήσας
2456 1697 2556 1768 τὴν
2581 1700 2645 1751 ὲκ
2670 1698 2883 1770 Πατρὸς
2910 1698 3002 1751 τοῦ
3027 1698 3158 1751 Υῐοῦ
3196 1699 3429 1768 γνησίαν
3478 1700 3578 1754 καὶ

294 1803 423 1844 vero
444 1788 558 1850 ﬁeri
591 1800 765 1858 potest
787 1799 848 1843 ut
874 1790 941 1854 is,
970 1789 1061 1858 qui
1091 1802 1405 1859 germanam
1440 1805 1505 1845 ac
1537 1806 1722 1845 Veram
1748 1790 1871 1846 Filii

1989 1788 2238 1860 ἀληθινὴν
2260 1790 2535 1859 γέννησιν,
2557 1788 2963 1859 πλανηθήσεται
2988 1792 3082 1842 καὶ
3108 1792 3235 1861 περὶ
3260 1791 3360 1861 τῆς
3378 1792 3578 1864 ἐνσάρ-

291 1898 359 1936 ex
386 1880 547 1936 Patre
580 1881 989 1952 generationem
1033 1881 1192 1951 plane
1229 1883 1479 1950 ignorat,
1538 1883 1684 1938 circa
1739 1883 1885 1954 ejus-

290 1973 415 2026 dem
468 1987 792 2041 corporeum
826 1973 1118 2027 adventum
1166 1988 1272 2027 non
1313 1975 1497 2028 erret?
1529 1974 1604 2029 Ita
1646 1975 1790 2030 enim
1830 1985 1885 2030 et

292 2064 423 2117 olim
457 2062 627 2119 Jud:ei
649 2105 663 2129 ,
699 2075 989 2134 postquam
1026 2062 1265 2118 Verbum
1323 2078 1682 2137 negaverunt,
1715 2080 1768 2122 et
1798 2069 1881 2122 di—

291 2165 513 2221 xerunt,
540 2154 663 2209 Non
699 2156 954 2210 habemus
997 2174 1167 2227 regem
1198 2159 1304 2212 nisi
1336 2157 1602 2214 Ctesarem
1628 2160 1694 2224 ⁸³,
1720 2160 1882 2215 rebus

292 2246 548 2301 omnibus
576 2248 840 2301 continuo
875 2247 1096 2317 spoliati
1132 2258 1280 2315 sunt,
1336 2264 1399 2305 ac
1428 2249 1551 2305 luce
1597 2251 1837 2307 lucernae
1864 2293 1880 2317 ,

294 2339 553 2409 unguenti
586 2338 772 2403 odore,
801 2340 1104 2408 prophetiae
1137 2341 1453 2413 cognitione
1473 2383 1489 2407 ,
1528 2342 1757 2412 ipsaque
1792 2358 1883 2395 ve-

292 2432 456 2485 ritate
483 2431 614 2485 nudi
645 2440 776 2485 sunt
797 2431 1070 2495 destituti,
1111 2433 1205 2501 qui
1246 2443 1301 2488 et
1331 2435 1492 2487 modo
1514 2434 1649 2487 nihil
1679 2434 1880 2489 intelli-

292 2532 479 2593 gentes
533 2532 793 2593 tanquam
851 2523 905 2578 in
956 2525 1193 2579 tenebris
1232 2525 1537 2579 ambulant.
1588 2524 1881 2580 Enimvero

291 2613 418 2684 quis
450 2614 579 2667 talia
630 2616 837 2668 audivit
876 2614 1164 2684 unquam?
1224 2615 1332 2669 Aut
1383 2614 1531 2670 unde
1575 2614 1657 2670 vel
1698 2630 1726 2669 a
1771 2630 1881 2685 quo

293 2705 524 2773 hujusce
553 2705 776 2761 haeresis
806 2707 1116 2762 adulatores
1143 2705 1467 2761 muneribus
1505 2707 1746 2777 corrupti
1776 2707 1880 2762 ista

291 2796 574 2852 didicere?
622 2795 757 2864 Quis
794 2797 988 2864 (illos,
1043 2812 1170 2851 cum
1220 2795 1547 2852 Christianae
1591 2796 1882 2867 religionis

292 2887 578 2945 elementis
612 2889 1073 2955 informabantur,
1102 2888 1401 2959 quidquam
1434 2888 1615 2943 simile
1643 2890 1829 2945 docuit
1857 2891 1881 2943 ’ἰ

1986 1898 2082 1934 κου
2112 1883 2415 1952 παρουσίας
2451 1882 2652 1946 αὐτοῦ;
2701 1883 2856 1935 Οῦτω
2889 1882 2995 1955 γὰρ
3043 1883 3136 1935 καὶ
3171 1885 3224 1936 οἱ
3271 1883 3394 1937 τότε
3434 1884 3573 1936 Ἰου-

1983 1975 2151 2039 δαῖοι,
2182 1975 2549 2047 ἀρνησάμενοι
2595 1976 2685 2029 τὸν
2721 1976 2893 2043 Λόγον
2927 2015 2942 2040 ,
2978 1976 3073 2029 καὶ
3120 1975 3390 2045 λέγοντες,
3444 1980 3569 2031 Οὐκ

1982 2063 2203 2133 ἔχομεν
2225 2062 2493 2129 βασιλέα
2514 2067 2565 2117 εἱ
2609 2064 2696 2134 μὴ
2730 2067 3004 2133 Καίσαρα
3027 2106 3041 2129 ,
3086 2066 3304 2119 πάντων
3356 2066 3571 2138 ἀθρόως

1982 2154 2334 2226 ἀφῃρέθησαν
2358 2195 2372 2219 ,
2423 2157 2515 2209 καὶ
2548 2155 2835 2224 γεγόνασιν
2879 2155 3076 2227 ἔρημοι
3125 2157 3303 2226 φωτὸς
3343 2157 3564 2229 λύχνου,

1981 2248 2160 2318 ὀσμῆς
2194 2248 2388 2321 μύρου,
2417 2250 2756 2322 προφητείας
2787 2248 3040 2318 γνώσεως
3067 2290 3080 2313 ,
3132 2254 3228 2306 καὶ
3267 2253 3436 2322 αὐτῆς
3468 2254 3569 2324 τῆς

1981 2341 2256 2413 ἀληθείας,
2291 2343 2385 2395 καὶ
2401 2343 2495 2396 νῦν
2524 2344 2676 2397 οὐδὲν
2707 2345 2999 2407 συνιέντες.
3025 2344 3100 2408 ὡς
3129 2346 3186 2397 ἐν
3209 2345 3392 2416 σκότῳ
3413 2364 3570 2417 περι-

1986 2417 2291 2506 πατοῦντες
2316 2435 2442 2487 είσι.
2466 2434 2565 2498 Τίς
2587 2434 2697 2506 γὰρ
2726 2436 2927 2506 ἢκουσε
2952 2433 3174 2488 πώποτε
3198 2434 3453 2501 τοιαῦτα;
3496 2435 3568 2488 Ἥ

1984 2523 2147 2576 πόθεν
2169 2523 2202 2594 ἦ
2233 2504 2383 2595 παρὰ
2407 2523 2550 2586 τίνος
2573 2525 2622 2577 οἱ
2655 2504 2887 2587 κόλακες
2915 2523 3009 2577 καὶ
3036 2522 3323 2594 δωροδόκος
3357 2522 3457 2593 τῆς
3480 2524 3567 2575 αξ-

1986 2610 2190 2682 ρέσεως
2216 2612 2455 2683 ἥκουσαν
2483 2611 2743 2678 τοιαῦτα;
2772 2614 2889 2677 Τίς,
2926 2614 3015 2666 ὅτε
3047 2611 3385 2684 κατηχοῦντο
3407 2652 3422 2677 ,
3453 2629 3567 2666 τοι-

1981 2703 2119 2758 αῦτα
2145 2703 2440 2774 λελάληκεν
2462 2704 2677 2772 αὐτοῖς;
2712 2706 2809 2769 Τίς
2840 2706 3026 2766 αὐτοῖς
3064 2704 3306 2775 εἴρηκεν,
3339 2706 3442 2767 ὅτι,
3468 2704 3567 2775 τὴν

1981 2794 2062 2856 είς
2114 2793 2213 2865 τὴν
2270 2794 2446 2847 κτίσιν
2503 2793 2616 2867 (86)
2675 2794 2929 2865 λατρείαν
2988 2794 3251 2864 ἀφέντες,
3306 2793 3565 2864 κτίσματι

1981 2883 2076 2936 καὶ
2106 2884 2369 2955 ποιήματι
2411 2883 2575 2937 πάλιν
2622 2882 2992 2956 προσέρχεσθε
3039 2882 3352 2955 λατρεύειν;
3392 2884 3457 2936 Ei
3508 2883 3565 2938 δὲ

292 2979 430 3047 Quis
471 2980 579 3035 illis
615 2981 774 3046 dixit,
825 2996 1007 3036 rerum
1035 2990 1343 3036 creatarum
1397 2980 1546 3034 cultu
1605 2979 1836 3036 dimisso
1861 3024 1876 3046 ,

1989 2977 2077 3029 καὶ
2105 2975 2257 3028 αὐτοὶ
2289 2974 2506 3046 πρῶτον
2530 2974 2626 3029 νῦν
2651 2975 3002 3046 ὁμολογοῦσιν
3033 2975 3329 3046 ἀκηκοέναι
3360 2973 3429 3028 τὰ
3455 2991 3565 3029 τοι·

291 3071 491 3125 lterum
527 3071 769 3126 accedite
808 3079 869 3126 ut
899 3086 1011 3125 rem
1062 3080 1303 3126 creatam
1329 3079 1384 3124 et
1413 3070 1609 3125 factam
1637 3071 1832 3125 colatis
1855 3072 1881 3124 ?

1989 3066 2123 3120 αῦτα
2157 3065 2291 3137 (87),
2323 3067 2396 3138 μὴ
2418 3065 2790 3138 ἀρνείσθωσαν
2823 3067 3107 3139 ἀλλοτρίαν
3132 3067 3226 3121 καὶ
3263 3067 3337 3138 μὴ
3371 3067 3436 3120 ὲκ
3460 3083 3566 3119 πα-

292 3162 448 3230 Quod
486 3163 533 3218 si
565 3164 667 3234 ipsi
710 3179 856 3219 nunc
882 3164 1120 3234 primum
1156 3165 1271 3218 liaac
1293 3178 1350 3218 se
1380 3164 1571 3219 audire
1599 3164 1839 3219 fatentur
1860 3205 1876 3230 ,

1989 3157 2151 3228 τέρων
2174 3152 2436 3226 εἶναιτὴν
2460 3155 2671 3226 αἵρεσιν
2698 3154 2924 3224 ταύτην.
2967 3155 3040 3207 Τὸ
3083 3154 3140 3207 δὲ
3194 3152 3267 3224 μὴ
3291 3154 3357 3206 ὲκ
3398 3151 3566 3206 πατὲδ

294 3272 400 3311 non
431 3257 898 3327 ergoiniicientur
920 3256 1153 3311 alienam
1197 3272 1321 3312 esse
1365 3256 1573 3311 hancce
1622 3257 1873 3311 ha'resim

1989 3264 2116 3320 ρων,
2149 3246 2283 3301 ἁλλά
2333 3245 2429 3301 νῦν
2472 3246 2765 3319 ὲφευρεθὲν
2787 3284 2802 3310 ,
2837 3245 2887 3301 τί
2916 3245 2988 3299 ἂν
3034 3245 3119 3315 εἰη
3167 3244 3279 3316 (88)
3309 3244 3497 3316 ἕτερον
3528 3242 3565 3316 ἢ

292 3363 469 3417 neque
494 3364 525 3402 a
568 3346 824 3403 Patribus
850 3347 1125 3402 traditam.
1159 3345 1313 3413 Quod
1354 3355 1534 3402 autem
1563 3362 1594 3401 a
1623 3344 1878 3401 Pati-ibus

1989 3342 2113 3413 περὶ
2147 3332 2209 3393 οὗ
2238 3339 2565 3412 προείρηκεν
2596 3341 2625 3394 6
2657 3339 2927 3411 μακάριος
2959 3337 3168 3401 Παῦλος
3187 3354 3205 3367 ’
3249 3338 3345 3391 Ἑν
3384 3336 3566 3393 ὑστέο

294 3439 552 3493 traditum
583 3454 693 3494 non
725 3448 842 3504 est,
883 3438 978 3494 sed
1020 3440 1320 3494 novissime
1348 3448 1433 3494 est
1466 3437 1830 3510 excogitatum
1859 3478 1876 3503 ,

1989 3451 2111 3501 ροις
2133 3432 2360 3502 καιροῖς
2384 3431 2842 3498 ἀποστήσονταί
2863 3448 3021 3497 τινες
3046 3429 3157 3498 τῆς
3171 3431 3565 3501 ὑγιαινούσης

293 3530 472 3598 cujus,
516 3545 740 3600 quaeso,
787 3532 1002 3599 generis
1032 3545 1155 3585 esse
1182 3531 1515 3586 censendum
1546 3540 1626 3585 est
1649 3572 1664 3596 ,
1712 3546 1874 3600 quam

1989 3525 2244 3590 πίστεως
2267 3524 2398 3596 (89),
2428 3523 2835 3593 προσέχοντες
2865 3524 3166 3592 πνεύμασι
3183 3519 3424 3586 πλάνης
3464 3517 3563 3571 καί

290 3622 411 3688 ejus
467 3621 535 3676 de
588 3636 700 3691 quo
744 3621 882 3677 dixit
927 3621 1127 3676 beatus
1175 3620 1425 3676 Paulus:
1483 3620 1552 3675 In
1596 3622 1877 3688 postremis

1989 3616 2400 3682 διδασκαλίαις
2422 3615 2764 3685 δαιμονίων,
2797 3614 2869 3668 ἐν
2914 3615 3230 3683 ὑποκρίσει
3263 3610 3562 3681 ψευδολό-

295 3712 613 3783 temporibus
655 3713 925 3768 discedent
949 3714 1166 3785 quidam
1192 3730 1224 3766 a
1244 3730 1379 3767 sana
1401 3714 1527 3783 ﬁde,
1552 3713 1876 3768 attendentes

1989 3726 2135 3781 γων,
2189 3705 2793 3777 κεκαυτηριασμένων
2822 3706 2938 3774 τὴν
2959 3705 3138 3775 ῧίδιαν
3178 3701 3562 3769 συνείδησιν,

292 3807 564 3872 spiritibus
595 3807 789 3860 erroris
833 3819 880 3860 et
911 3806 1168 3861 doctrinis
1200 3805 1605 3869 dwmoniorum,
1636 3806 1691 3858 in
1714 3805 1877 3874 hypo-

1989 3802 2079 3856 καὶ
2106 3797 2648 3869 ἀποστρεφομένων
2676 3797 2791 3862 τὴν
2815 3796 3122 3863 ἀλήθειαν.

293 3901 419 3954 crisi
443 3899 766 3968 loquentium
787 3898 1139 3964 mendacium,
1163 3907 1212 3951 et
1240 3898 1593 3951 cauteriatam
1611 3895 1915 3950 habentium
1953 3909 2109 3947 suam
2133 3892 2511 3946 conscientiam
2537 3890 2580 3921 “
2601 3931 2617 3955 ,
2653 3900 2702 3943 et
2727 3889 3070 3943 avertentium
3105 3902 3160 3940 se
3189 3903 3221 3940 a
3242 3886 3461 3940 veritate
3492 3887 3560 3939 ’⁵,

363 4021 417 4087 9.
462 4019 601 4076 Ecce
648 4020 794 4074 enim
831 4035 931 4075 nos
956 4018 1177 4089 quidem
1222 4034 1290 4072 ex
1321 4016 1523 4073 divinis
1570 3996 1870 4086 Scripturis

297 4117 470 4171 libere
490 4125 545 4170 et
573 4114 910 4170 conﬁdenter
928 4115 995 4169 de
1028 4113 1117 4183 pia
1143 4120 1401 4180 rectaque
1434 4111 1537 4165 fide
1569 4109 1868 4180 loquimur,

2048 4014 2101 4069 9.
2158 4012 2288 4067 Ἰδοὺ
2317 4012 2425 4083 γὰρ
2444 4013 2620 4083 ’ἡμεῖς
2646 4011 2742 4081 μὲν
2760 4012 2822 4065 ὲκ
2843 4010 2952 4063 τῶν
2982 4009 3141 4062 θείων
3168 4006 3399 4081 Γραφῶν
3423 4009 3565 4077 παῤ-

1982 4101 2355 4177 ρησιαζόμεθα
2381 4100 2634 4172 περὶτῆς
2664 4099 2919 4164 εὐσεϐοῦς
2954 4099 3207 4163 πίστεως,
3239 4097 3332 4151 καὶ
3365 4096 3439 4161 ὡς
3467 4097 3562 4150 λύ⁹

294 4222 459 4271 quam
487 4214 541 4260 ct
564 4213 823 4274 tanquam
853 4205 1135 4259 lucernam
1160 4217 1327 4272 super
1347 4200 1737 4257 candelabrum
1761 4199 1874 4255 col-

1989 4214 2106 4268 χνον
2135 4197 2230 4250 ἐπὶ
2258 4197 2358 4267 τῆς
2404 4192 2624 4265 λυχνίας
2667 4192 2925 4263 τιθέαμεν
2974 4190 3084 4262 (90)
3133 4190 3401 4259 λέγοντεςο
3434 4188 3565 4253 Υἱὸς

295 4300 562 4363 locamus,
586 4296 827 4351 dicentes
858 4314 871 4350 :
909 4294 1083 4351 Filius
1105 4310 1265 4349 verus
1298 4301 1493 4348 natura
1523 4302 1579 4348 et
1603 4293 1876 4365 genuinus

292 4399 379 4445 cst
406 4388 607 4451 Patris,
638 4388 869 4457 ejusque
915 4385 1239 4443 substantiae
1264 4386 1556 4456 proprius,
1595 4383 1874 4453 Sapientia

295 4482 598 4553 unigenita,
627 4478 865 4535 Verbum
905 4493 1097 4534 verum
1125 4492 1191 4533 ac
1223 4480 1445 4533 unicum
1487 4476 1581 4532 Dei
1613 4476 1730 4546 ipse
1767 4485 1874 4539 est,

296 4591 405 4630 non
446 4590 532 4630 res
565 4583 748 4629 creata
784 4574 868 4627 vel
908 4573 1081 4638 facta,
1134 4575 1230 4629 sed
1268 4572 1522 4643 proprius
1553 4568 1875 4625 substantia:

295 4666 475 4722 Patris
494 4663 660 4720 fetus.
692 4663 960 4731 Quocirca
994 4663 1137 4719 Deus
1168 4674 1253 4719 est
1289 4676 1474 4726 verus,
1505 4674 1746 4730 veroque
1769 4657 1875 4712 Pa-

376 4805 418 4836 "
458 4801 672 4857 Coloss.
714 4818 753 4862 ι,
794 4800 884 4855 l8.
957 4801 1001 4832 ’³
1040 4798 1201 4854 Joan.
1240 4815 1359 4862 XIX,
1396 4797 1482 4852 l5.
1564 4794 1610 4827 "
1648 4793 1670 4847 l
1710 4792 1851 4848 Tim.
1894 4808 1968 4858 iv,
2014 4794 2065 4847 i.

369 4920 481 4992 (ὃς)
521 4917 747 4992 Seguer.
781 4915 1004 4992 Gobier.
1036 4910 1360 4992 et-Felckm.
1395 4910 1457 4992 1,
1475 4905 1621 4992 οὕτω
1643 4903 1876 4992 ﬁgi?)-

296 4972 415 5055 λαξζ
433 4972 551 5043 κίοι
584 4972 822 5043 ﬁeickm.
855 4987 891 5041 ε
911 4995 965 5038 et
985 4983 1136 5044 editi,
1157 4982 1390 5055 ἔπλασε,
1406 4989 1466 5032 ιιι
1497 4985 1552 5029 et
1581 4976 1712 5046 legit
1735 4972 1879 5028 Nan-

300 5050 447 5123 nius,
483 5061 574 5130 qui
606 5062 767 5114 vertit
800 5057 1076 5130 conﬁnxit.
1112 5054 1238 5130 Alii,
1263 5050 1682 5130 eammeam“.-

373 5115 616 5201 (8é)'_Sic
664 5130 797 5200 lteg.
840 5115 1061 5185 Gobler.
1106 5134 1161 5178 et
1190 5120 1428 5177 Felckm.
1457 5115 1533 5171 ⁷1.
1581 5115 1687 5168 Alii
1726 5130 1876 5181 vero,

300 5198 594 5256 ἐπιϐαλών.

371 5271 484 5343 (85)
534 5269 848 5339 Seguerian.
902 5266 1191 5321 Basilicus.
1238 5272 1324 5344 et.
1346 5259 1629 5344 Anglican;
1655 5299 1670 5324 ,
1696 5256 1880 5379 ,μηδὲν

371 5360 434 5379 ...μ
494 5341 589 5379 ΔΙΞί
627 5352 679 5379 μιν
706 5340 832 5379 mliti
894 5337 1027 5379 unae
1062 5337 1217 5379 mins-
1253 5331 1387 5379 Ilnd.
1416 5329 1561 5379 Fclc.
1600 5350 1654 5379 n.
1685 5344 1719 5379 α
1751 5327 1880 5379 nos:

298 5327 681 5411 δλὼςίΑιίίῘει
706 5340 857 5411 editi,
892 5337 1027 5409 μηδὲ
1062 5337 1217 5411 δλρξ.
1252 5331 1387 5411 Ibid.
1416 5329 1561 5411 Fele.
1685 5327 1880 5411 ἀληθὲς

299 5398 509 5483 φωνῶν.
564 5409 686 5483 Mox
739 5398 1055 5483 §eguuria_n.
1090 5404 1240 5483 ΑΠῶς
1294 5402 1403 5473 γὰρ
1455 5402 1520 5454 ἂν
1583 5398 1876 5469 ἀληθεύσῃ.

299 5476 403 5537 Alii
433 5493 487 5536 ct
513 5482 664 5541 editi,
698 5476 951 5547 πῶςγάρ
976 5476 1286 5547 ἀληθεύσει.

371 5554 482 5623 (84)
510 5553 603 5606 S;c
631 5540 1113 5623 ξιιειιιὲιςξιιί-Ριοέἰ
1136 5548 1206 5598 At
1238 5542 1544 5623 gohler._et
1575 5541 1802 5623 Fele],
1834 5540 1884 5592 εί

296 5611 390 5678 τὸν
427 5611 603 5687 τοῦτο.
640 5611 779 5674 Feic.
820 5618 873 5684 5,
915 5619 995 5679 εἰς
1022 5611 1197 5669 τοῦτο.
1240 5614 1400 5687 Eiliti,
1432 5615 1512 5677 εἰς
1541 5613 1630 5666 τὸν
1672 5611 1880 5665 τοῦτον.

372 5695 483 5762 ‘85)
515 5684 826 5748 Goblerian.
859 5699 910 5743 et
931 5686 1085 5762 Felc.
1127 5689 1174 5750 l,
1205 5684 1428 5756 Κύριον.

372 5759 482 5836 (893)
518 5766 825 5835 Anglican”
853 5759 1111 5828 κτίστην..

1985 4289 2238 4361 ἀληθινὸς
2283 4289 2441 4358 φύσει
2491 4288 2586 4341 καὶ
2621 4285 2842 4357 γνήσιός
2873 4287 2991 4338 ἐστι
3034 4283 3129 4337 τοῦ
3166 4281 3400 4351 Πατρὸς,
3434 4280 3565 4344 ἴδιος

1982 4381 2082 4451 τῆς
2115 4378 2304 4441 οὐσίας
2338 4375 2525 4441 αὐτοῦ,
2554 4375 2723 4445 Σοφία
2763 4373 3076 4445 μονογενὴς,
3104 4371 3198 4424 καὶ
3228 4369 3398 4437 Λόγος
3427 4366 3565 4436 ἀληα

1984 4473 2129 4536 θινὸς
2158 4472 2251 4525 καὶ
2283 4470 2440 4542 μόνος
2474 4469 2569 4523 τοῦ
2599 4469 2735 4523 Θεοῦ
2761 4460 2916 4529 οὗτός
2943 4468 3089 4519 ἐστιν
3115 4482 3127 4495 ο
3160 4465 3261 4516 οὐκ
3294 4461 3410 4514 ἐστι
3442 4459 3564 4513 κτί-

1984 4583 2099 4636 σμα
2123 4564 2247 4618 οὐτε
2280 4565 2514 4635 ποίημα,
2543 4561 2657 4617 ἀλλ’
2696 4562 2825 4615 ἴδιον
2864 4562 2962 4632 τῆς
3002 4557 3093 4612 τοῦ
3133 4556 3345 4626 Πατρὺς
3377 4551 3566 4614 οὐσίας

1986 4659 2251 4728 γέννημα.
2286 4658 2376 4711 Διὸ
2403 4657 2535 4721 Θεός
2565 4660 2712 4711 ἐστιν
2745 4654 3016 4726 ἀληθινὸς,
3049 4649 3302 4723 ἀληθινοῦ
3351 4647 3564 4717 Ila-:96;

2146 4795 2192 4825 ίδ
2231 4792 2337 4846 Tit.
2381 4809 2418 4859 ι,
2456 4792 2507 4845 4.

2049 4903 2161 4975 (87)
2200 4901 2495 4975 Seguerian
2531 4897 2897 4975 ,fafoiaﬁra
2917 4895 3138 4950 omittit.

2049 4969 2162 5046 {88)
2197 4969 2521 5046 §eguerian.
2556 4969 2689 5046 τίδ’
2720 4969 2787 5046 διν
2811 4970 2919 5046 ein.
3054 5034 3066 5046 _
3298 5034 3325 5046 _

2049 5033 2166 5113 (89}
2196 5033 2340 5097 Felc.
2370 5042 2405 5094 2
2436 5052 2490 5094 et
2519 5041 2672 5113 editi,
2702 5040 2800 5113 τῆς
2831 5033 2965 5098 ἰδίας
2996 5034 3241 5113 ,πίστεως
3264 5034 3363 5105 τῆς
3388 5033 3564 5113 ὑγιαι-

1976 5104 2193 5184 νούσης.
2242 5114 2345 5166 Alii
2386 5127 2583 5186 omnes
2614 5111 2723 5186 ⁸τῇς
2757 5104 3119 5186 ’ὑγιαινούσης
3149 5104 3405 5186 πίστεως.
3441 5104 3565 5186 ΛΞΜ

1980 5174 2231 5256 δεειιξιση
2268 5183 2541 5256 πνεύμασι
2572 5174 2835 5256 πλάνοιςί.
2856 5174 3105 5256 idemque
3120 5185 3193 5256 _et
3219 5174 3567 5256 AilgliC.AGt)-

1979 5245 2115 5311 ble‘r.
2146 5245 2288 5309 Felc.
2314 5257 2364 5318 1,
2392 5245 2703 5322 δαιμονίων.
2734 5252 2919 5322 Alii,et
2945 5245 3408 5322 editi,§atp.6vwv.
3433 5245 3567 5322 Quae

1979 5328 2178 5381 ibidem
2226 5313 2549 5391 sequuntur,
2585 5330 2801 5376 exstant
2843 5321 2896 5372 in
2923 5332 3075 5391 mss.
3111 5313 3333 5391 Segne}.
3365 5318 3567 5391 et_An—

1979 5398 2128 5465 giie..
2165 5396 2218 5448 in
2250 5384 2371 5448 aliis
2418 5409 2548 5465 vero
2599 5403 2652 5465 et
2680 5391 2855 5465 editis
2890 5389 2972 5445 sic
3020 5388 3240 5457 legitur,
3271 5384 3565 5457 δαιμόνων,

1978 5461 2444 5537 ἀποστρεφόμενοι
2477 5462 2574 5537 τὴν
2597 5461 2873 5537 ἀλήθειαν.

2053 5524 2170 5607 (90)
2196 5524 2446 5607 segnem,
2490 5524 2593 5607 ἐπι
2614 5524 2721 5607 τὴν.
2742 5531 2941 5607 λύχνην
2972 5528 3213 5607 τίθεμεν.
3232 5527 3391 5607 idem
3433 5524 3567 5607 ibid.

1980 5617 2031 5662 et
2058 5596 2219 5661 Cobl.
2255 5596 2398 5659 Felc.
2427 5604 2450 5657 l
2486 5614 2539 5659 et
2569 5596 2926 5673 Anglic.,'3tdi
2951 5596 3192 5672 γνήσιος.
3229 5596 3367 5652 Editi
3400 5604 3454 5651 et
3481 5596 3569 5651 alii

1982 5679 2075 5733 καί
2106 5678 2387 5733 omittunt.
