3850 6218
364 288 424 338 3i
947 288 1006 346 S.
1048 289 1419 345 ATHA‘NASII
1459 289 1610 347 OPP.
1649 291 1832 348 PARS
1871 294 1910 349 Ι.
1946 323 2016 334 -
2056 292 2430 350 HISTORICA
2473 297 2562 352 ET
2603 298 3018 359 DOGMATICA.
3557 312 3634 367 52

363 407 470 490 vel,
496 404 674 460 Patris
706 383 941 461 similem
969 416 1023 461 et
1052 409 1329 477 pr0prium
1361 424 1484 464 esse
1513 428 1526 464 :
1564 425 1677 464 rem
1709 420 1947 465 creatam

2074 414 2178 465 ιατ’
2211 412 2399 466 οὐσίαν
2416 413 2511 468 τοῦ
2545 415 2779 489 Πατρὸς,
2810 417 2841 489 ἢ
2875 420 3059 490 ὅμοιον
3096 423 3189 476 καὶ
3229 425 3358 478 [διον
3396 424 3487 479 τοῦ
3517 428 3636 480 Πα-

365 479 512 563 esse,
548 499 649 563 vel,
678 515 774 568 per
808 499 985 569 ipsum
1015 515 1103 556 res
1137 509 1350 556 creatas
1377 500 1550 556 factas
1577 501 1747 557 fuisse
1777 521 1790 557 :
1819 518 1944 558 eum

2074 503 2178 574 πρὸς
2204 500 2372 559 εἶναι’
2424 507 2630 578 κτίσμα
2674 505 2842 576 εἶναι,
2868 511 2900 582 ἢ
2930 512 2996 564 δι’
3052 513 3215 567 αὐτοῦ
3259 516 3328 569 τὰ
3355 517 3636 589 κτίσματα

362 607 487 646 esse
506 590 684 646 Patris
713 588 978 656 Verbum,
995 593 1102 659 vel,
1129 594 1360 647 alterum
1381 610 1504 649 esse
1535 605 1730 664 praeter
1757 595 1946 662 istum,

367 682 656 749 ipsumque
677 697 774 750 per
797 681 927 736 illud
955 683 1104 736 aliud
1134 684 1396 746 Verbum,
1429 693 1484 738 et
1515 700 1609 754 per
1651 686 1813 739 aliam
1861 703 1949 740 sa-

364 771 626 842 pientiam
681 770 885 827 factum
933 789 1091 838 esse,
1147 776 1400 829 eumdem
1447 776 1683 847 denique
1727 779 1951 833 nomine

367 864 745 921 tantummodo
773 864 1104 935 Sapientiam
1138 879 1191 921 et
1236 867 1473 923 Verbum
1508 879 1760 925 vocatum
1787 887 1910 926 esse
1931 911 1947 936 ,

367 955 623 1026 illiusque
659 957 941 1026 sapientiae
986 959 1305 1030 participem
1334 969 1389 1015 et
1435 963 1740 1018 secundum
1780 963 1951 1020 fuisse

365 1047 592 1103 factum.

437 1148 524 1203 10.
566 1148 812 1215 Quorum
839 1150 1006 1220 igitur
1033 1152 1194 1206 verba
1235 1154 1408 1222 magis
1458 1155 1568 1210 Deo
1611 1157 1775 1228 digna
1824 1169 1953 1213 sunt

363 1248 766 1317 ostenduntque
812 1247 1102 1301 Dominum
1157 1258 1404 1303 nostrum
1449 1248 1633 1305 Jesum
1669 1252 1948 1310 Christum

367 1340 536 1394 Deum
565 1356 687 1396 esse
709 1349 761 1395 et
795 1339 993 1394 Filium
1023 1341 1235 1397 Patris?
1260 1341 1406 1396 Eanc
1428 1359 1552 1411 quae
1588 1359 1683 1399 vos
1705 1349 1951 1402 evomui-

367 1432 486 1498 stis,
514 1448 696 1487 annon
738 1433 920 1502 potius
945 1449 1008 1486 ea
1036 1449 1158 1502 quae
1196 1449 1298 1488 nos
1322 1449 1385 1490 ex
1427 1435 1727 1506 Scripturis
1779 1439 1953 1496 sacris

365 1532 422 1578 et
442 1525 724 1579 attulimus
742 1533 793 1578 et
811 1516 1130 1580 affet-imus?
1153 1529 1342 1596 Itaque
1356 1528 1398 1582 si
1419 1527 1668 1583 Salvator
1687 1545 1786 1584 nec
1813 1529 1954 1586 Deus

368 1631 471 1672 nec
532 1615 770 1670 Verbum
822 1633 923 1673 nec
977 1617 1150 1674 Filius
1198 1630 1322 1674 est:
1372 1620 1532 1674 liceat
1587 1637 1718 1675 sane
1753 1622 1950 1688 vobis,

367 1710 828 1777 quemadmodum
875 1711 1165 1780 gentilibus
1215 1721 1270 1766 et
1326 1713 1498 1766 nostri
1561 1713 1658 1767 aevi
1710 1712 1949 1778 Judaeis,

365 1799 630 1869 quidquid
666 1779 893 1854 libuerit
919 1802 1099 1856 dicere
1124 1821 1136 1856 :
1165 1803 1259 1856 sed
1285 1805 1329 1857 si
1352 1811 1407 1858 et
1439 1803 1673 1858 Verbum
1698 1803 1875 1860 Patris
1898 1817 1952 1861 et
1984 1779 2027 1834 Β

368 1887 540 1944 Filius
574 1906 735 1946 verus
762 1901 873 1958 est;
905 1894 950 1947 si
977 1893 1121 1948 Deus
1145 1903 1228 1948 est
1249 1911 1312 1948 ex
1345 1894 1474 1963 Deo,
1499 1903 1554 1950 et
1581 1912 1744 1966 super
1767 1899 1950 1953 omnia

368 1984 687 2040 benedictus
737 1986 790 2038 in
839 1987 1037 2040 saecula
1072 1989 1160 2041 ὀε
1196 2003 1264 2041 an
1295 2005 1403 2042 non
1462 2005 1689 2060 prorsus
1733 2007 1948 2061 aequum

371 2075 534 2131 fuerit
571 2077 707 2132 alias
739 2093 898 2132 voces
921 2087 976 2132 et
1010 2079 1260 2133 Arianam
1294 2079 1575 2147 Thaliam,
1629 2082 1793 2136 veluti
1835 2099 1952 2137 ma-

369 2165 547 2224 lorum
591 2168 881 2240 imaginem
914 2173 1174 2242 omnique
1208 2173 1421 2242 plenam
1449 2174 1744 2243 impietate,
1770 2173 1952 2229 delere

370 2265 424 2310 et
451 2256 805 2312 oblitteram?
829 2259 882 2313 in
903 2275 1068 2329 quam
1096 2261 1188 2330 qui
1213 2261 1482 2327 inciderit,
1510 2263 1682 2316 nescit
1707 2262 1952 2333 gigantes

371 2349 444 2402 ibi
472 2350 670 2419 perire,
707 2351 931 2420 ipseque
986 2352 1040 2406 in
1089 2351 1390 2408 inferorum
1435 2352 1648 2408 foveam
1689 2356 1949 2409 occurrit.

371 2439 480 2494 Nec
508 2457 636 2496 vero
659 2442 710 2496 id
743 2443 817 2496 illi
845 2444 1114 2513 ignorant,
1143 2445 1378 2515 hincque
1404 2446 1463 2499 fit
1485 2455 1543 2500 ut
1568 2446 1737 2510 illam,
1768 2457 1955 2516 utp0te

372 2533 576 2597 callidi,
605 2535 876 2589 occultent
901 2577 914 2601 ,
945 2549 1044 2590 nec
1066 2535 1306 2590 audeant
1333 2537 1687 2608 pervulgare,
1729 2538 1822 2592 sed
1846 2538 1953 2592 alia

370 2624 601 2678 omnino
632 2635 896 2694 usurpeut
922 2625 1107 2680 verba.
1166 2623 1304 2679 Nam
1356 2626 1402 2680 si
1454 2627 1620 2696 impia
1668 2627 1760 2681 illa
1787 2627 1953 2682 verba

374 2715 619 2786 proferre
641 2719 923 2782 auderent,
947 2733 1057 2772 non
1102 2717 1327 2774 dubium
1356 2717 1489 2788 quin
1525 2719 1957 2774 condemnaren-

376 2817 484 2862 tur.
508 2807 651 2874 Quin
677 2811 840 2864 etiam
866 2810 913 2864 si
942 2811 1025 2863 vel
1067 2809 1122 2864 in
1159 2809 1529 2879 suspicionem
1567 2809 1640 2864 ita
1686 2809 1954 2865 sentiendi

375 2901 646 2960 venirent.
676 2901 918 2971 profecto
949 2903 1192 2973 undique
1221 2902 1628 2972 Scripturarum
1665 2902 1960 2957 obrueren-

349 3001 469 3048 -tur
491 2995 930 3050 auctoritatibus.
958 2996 1166 3051 Idcirco
1202 2997 1387 3066 igitur,
1415 3005 1673 3066 tanquam
1701 2994 1800 3049 ﬁlii
1849 2995 1954 3050 hu-

375 3089 468 3159 jus
497 3091 702 3157 saeculi,
731 3092 885 3146 veriti
916 3107 984 3148 ne
1031 3107 1129 3146 sua
1179 3092 1400 3146 lucerna
1449 3091 1670 3146 oleastri
1711 3091 1830 3145 oleo
1873 3104 1959 3144 ac-

378 3198 545 3238 censa
569 3185 678 3238 cito
710 3185 1091 3256 exstinguatur
1119 3184 1268 3256 (nam
1304 3185 1398 3239 lux
1429 3186 1712 3254 impiorum
1755 3183 1960 3237 exstin-

381 3274 562 3344 guitur
587 3273 676 3345 ³ι),
701 3289 822 3328 eam
851 3276 953 3330 sub
978 3275 1138 3346 327
1181 3275 1547 3331 simulationis
1571 3273 1814 3327 modium
1838 3272 1964 3328 abs-

381 3367 660 3433 condunt,
705 3369 810 3422 alia
857 3369 1159 3438 loquuntur
1187 3410 1202 3432 ,
1265 3368 1567 3422 amicorum
1617 3366 1870 3436 praesidia
1911 3372 1967 3419 et

381 3455 687 3514 Constantii
715 3468 918 3514 metum
933 3468 1229 3522 ostentant,
1253 3469 1312 3513 ut
1333 3459 1592 3529 qui‘ipsos
1613 3457 1965 3523 conveniunt,

386 3549 578 3604 sordes
608 3549 825 3605 Arianae
861 3550 1088 3606 haeresis
1117 3561 1342 3621 propter
1392 3549 1608 3604 illorum
1661 3547 1966 3604 simulatio-

389 3657 512 3697 nem
541 3653 595 3698 et
618 3644 1040 3700 ostentationem
1085 3660 1192 3699 non
1237 3644 1692 3698 animadvertant.
1741 3641 1826 3696 An
1856 3656 1966 3695 non

388 3751 519 3806 ergo
545 3736 629 3791 vel
654 3736 756 3790 hac
781 3736 848 3790 de
872 3751 1036 3790 causa
1060 3737 1186 3791 odio
1211 3733 1588 3806 prosequenda
1617 3732 1797 3800 fuerit,
1822 3730 1968 3802 quod

389 3827 552 3881 etiam
578 3842 607 3882 a
639 3829 754 3881 suis
777 3829 1080 3883 occultetur
1103 3837 1164 3883 ut
1184 3829 1396 3894 timida,
1421 3842 1486 3882 ac
1529 3827 1694 3882 veluti
1743 3840 1970 3896 serpens

391 3919 671 3975 foveatur?
694 3918 849 3976 Unde
871 3922 1017 3974 enim
1056 3921 1157 3975 bas
1181 3921 1286 3975 sibi
1313 3927 1706 3974 coacervarunt
1725 3919 1970 3981 voculas,

391 4021 487 4065 aut
510 4027 541 4066 a
571 4026 810 4082 quonam
840 4022 1091 4081 acceptas
1111 4012 1340 4081 prodere
1363 4027 1470 4064 non
1497 4019 1624 4066 sunt
1648 4010 1844 4065 veriti?
1868 4007 1970 4062 Sa-

394 4117 462 4156 ne
489 4103 760 4156 neminem
782 4103 1065 4157 hominum
1103 4104 1196 4172 qui
1232 4103 1335 4158 sibi
1363 4103 1482 4157 illas
1535 4100 1821 4156 tradiderit
1872 4115 1973 4170 po-

393 4203 577 4249 terunt
614 4195 872 4249 indicare.
901 4195 1034 4262 Quis
1077 4195 1222 4250 enim
1268 4195 1553 4249 hominum
1601 4193 1715 4250 sive
1753 4178 1976 4248 Graecus

391 4287 509 4342 sive
557 4287 820 4343 barbarus
860 4287 974 4359 (10)
1008 4303 1168 4353 eum,
1213 4301 1375 4357 quem
1422 4284 1592 4341 Deum
1641 4283 1973 4350 conﬁtetur,

394 4395 558 4433 unam
587 4395 618 4434 e
643 4380 806 4434 rebus
827 4379 1027 4435 creatis
1052 4381 1197 4434 ausit
1228 4382 1409 4434 dicere
1433 4417 1448 4442 ,
1495 4393 1594 4433 nec
1622 4375 1792 4432 fuisse
1825 4383 1977 4429 ante-

2050 599 2411 670 γεγενῆσθαιο
2463 603 2625 655 αὐτὸν
2677 599 2816 657 εἶναι
2849 605 2938 658 τὸν
2978 607 3072 660 τοῦ
3113 609 3326 679 Πατρὸς
3360 611 3553 682 Λόγον,
3593 613 3632 684 ἢ

2052 690 2236 761 ἕτερον
2267 692 2418 763 παρὰ
2449 694 2655 759 τοῦτον,
2693 699 2784 750 καὶ
2813 699 2879 751 δι’
2908 701 3118 753 ἐκείνου
3171 701 3359 756 τοῦτον
3402 705 3637 775 γεγενῆ-

2054 782 2177 838 σθαι
2211 786 2304 838 καὶ
2347 785 2413 839 δι’
2442 786 2608 858 ἄλλης
2660 790 2886 858 σοφίας·
2924 793 3015 844 καὶ
3060 793 3136 864 (l)
3177 793 3367 848 τοῦτον
3406 796 3637 867 ὀνόματι

2057 875 2215 945 μόνον
2239 878 2436 947 Σοφίαν
2466 880 2562 934 κει)⁹
2594 881 2764 949 Λόγον
2786 882 3105 952 κεκλῆσθαι,
3141 887 3400 959 κάκείνης
3424 892 3522 960 τῆς
3545 905 3639 944 σο-

2053 968 2183 1036 φίας
2207 968 2394 1023 τοῦτον
2429 970 2657 1041 μέτοχον
2679 973 2770 1026 καὶ
2795 973 3046 1046 δεύτερον
3069 978 3418 1050 γεγενῆσθαι.

2125 1154 2212 1209 10.
2249 1154 2329 1208 Τὰ
2352 1154 2514 1210 τίνων
2547 1157 2656 1229 ἄρα
2704 1163 2925 1232 ῥήματα
2981 1161 3222 1234 θεολογεῖ
3261 1168 3356 1221 καὶ
3398 1168 3640 1224 δεικνύει

2053 1243 2185 1297 Θεὸν
2235 1241 2376 1298 εἶναι
2409 1249 2504 1302 καὶ
2535 1249 2661 1302 Υίὸν
2711 1251 2804 1304 τοῦ
2852 1254 3065 1326 Πατρὸς
3106 1256 3198 1308 τὸν
3227 1257 3430 1330 Κύριον
3476 1262 3642 1331 ἡμῶν

2067 1337 2274 1406 Ἰησοῦν
2298 1340 2532 1410 Χριστόν
2561 1357 2574 1405 ;
2607 1343 2772 1396 Ταῦθ’
2793 1344 2936 1417 ἀπερ
2960 1348 3116 1418 ὑμεῖς
3137 1350 3438 1422 ἐξημέσατε
3472 1354 3571 1425 (2),
3601 1355 3639 1426 ἢ

2055 1428 2202 1500 ἅπερ
2234 1433 2395 1500 ἡμεῖς
2419 1435 2482 1486 ὲκ
2504 1434 2610 1488 τῶν
2641 1436 2874 1506 Γραφῶν
2905 1441 3207 1512 εἰρήκαμεν
3238 1445 3332 1496 καὶ
3365 1444 3639 1516 λέγομεν;

2055 1520 2118 1574 Εί
2145 1522 2242 1590 μὲν
2272 1519 2362 1576 οὖν
2379 1524 2480 1578 οὑκ
2507 1524 2622 1580 ἔστι
2643 1527 2776 1592 Θεὸς
2801 1530 2920 1583 οὐδὲ
2949 1532 3120 1600 Λόγος
3153 1534 3275 1588 οὐδὲ
3306 1536 3432 1601 Υἱὸς
3463 1540 3490 1591 ὁ
3516 1539 3642 1592 Σω-

2054 1613 2177 1686 τὴρ,
2208 1615 2409 1681 ἐξέστω
2435 1617 2632 1687 λέγειν,
2662 1620 2850 1692 ὥσπερ
2879 1626 2992 1686 τοῖς
3025 1625 3250 1696 Ἕλλησι
3283 1629 3377 1682 καὶ
3402 1633 3514 1695 τοῖς
3539 1629 3645 1684 νῦν

2069 1705 2362 1772 Ἰουδαίοις,
2401 1709 2542 1764 οὕτω
2588 1712 2682 1766 καὶ
2710 1713 2858 1783 ὑμῖν,
2884 1713 2919 1767 ἃ
2952 1714 3204 1785 βούλεσθε
3226 1736 3239 1748 ·
3273 1721 3321 1772 εί
3362 1720 3420 1774 δὲ
3463 1723 3644 1791 Λόγος

2057 1799 2151 1852 τοῦ
2181 1802 2395 1873 Πατρὸς
2430 1804 2505 1872 (5)
2531 1806 2625 1858 καὶ
2664 1806 2790 1871 Υἱὸς
2814 1799 3064 1880 ἀληθινός
3106 1812 3243 1875 ἐστι,
3289 1813 3384 1868 καὶ
3405 1817 3470 1868 ὲκ
3498 1815 3644 1870 Θεοῦ

2057 1891 2190 1956 Θεός
2221 1895 2356 1955 ἐστι,
2391 1895 2486 1947 καὶ
2502 1897 2593 1948 ἐπὶ
2620 1898 2837 1952 πάντων
2864 1900 3230 1972 εὐλογημένος
3257 1904 3338 1967 είς
3351 1905 3478 1968 τοὺς
3501 1905 3645 1959 αἰῶ·-

2057 2002 2175 2048 νας,
2201 1984 2316 2048 πῶς
2345 1987 2445 2038 οὐκ
2497 1987 2644 2053 ἄξιον
2694 1989 2953 2058 ἀφανίσαι
2996 1993 3091 2044 καὶ
3133 1993 3431 2064 ἀπαλεῖψαι
3474 1996 3546 2054 τά
3575 2014 3644 2050 τε

2058 2076 2192 2130 ἄλλα
2220 2078 2439 2148 ῥήματα
2466 2079 2560 2132 καὶ
2585 2079 2684 2150 τὴν
2725 2080 3006 2153 Ἀρειανὴν
3039 2085 3295 2138 Θαλείαν
3318 2085 3392 2157 (4)
3412 2126 3428 2151 ,
3457 2087 3533 2148 ὡς
3558 2089 3642 2140 εί-

2060 2168 2190 2222 κόνα
2217 2169 2404 2223 κακῶν
2432 2171 2527 2225 καὶ
2566 2173 2744 2244 πάσης
2794 2173 3047 2239 ἀσεϐείας
3078 2176 3353 2246 γέμουσαν
3382 2195 3398 2242 ;
3451 2180 3547 2243 είς·
3570 2180 3643 2251 ἣν

2058 2261 2349 2331 ἐμπίπτων
2379 2263 2479 2316 οὐκ
2499 2259 2661 2327 οἶδεν,
2679 2267 2756 2319 ὅτι
2787 2270 3040 2336 γηγενεῖς
3059 2271 3186 2340 παρ’
3211 2270 3348 2340 αὐτῇ
3367 2270 3641 2334 δλλυνται,

2059 2353 2155 2406 καὶ
2179 2354 2272 2406 ἐπὶ
2301 2354 2570 2428 πέταυρον
2596 2357 2722 2428 ᾅδου
2758 2361 3012 2430 συναντᾷ.
3049 2361 3159 2413 Καὶ
3185 2359 3342 2414 τοῦτο
3374 2361 3520 2414 ῖσασι
3546 2361 3642 2414 καὶ

2061 2443 2235 2507 αὐτοὶ,
2265 2445 2359 2498 καὶ
2388 2446 2464 2510 ὡς
2492 2447 2790 2519 πανοῦργοι
2831 2449 3154 2520 κρύπτουσι,
3193 2451 3267 2522 μὴ
3312 2451 3642 2522 θαρροῦντες

2060 2535 2306 2592 ἐκλαλεῖν
2364 2538 2441 2609 (5)
2490 2540 2649 2604 αὐτὰ,
2691 2539 2802 2592 ἀλλ’
2853 2541 3016 2612 ἕτερα
3073 2541 3434 2612 φθεγγόμενοι
3487 2543 3640 2616 παρά

2061 2628 2256 2682 ταῦτα.
2297 2629 2422 2683 Ἐάν
2452 2649 2511 2684 τε
2533 2627 2890 2702 γὰρέῖπωσι,
2937 2633 3483 2706 καταγνωσθήσονται
3501 2651 3515 2665 ⁸
3541 2635 3640 2689 ὲάν

2063 2739 2121 2776 τε
2151 2722 2514 2794 ύπονοηθῶσι,
2555 2723 2911 2796 βληθήσονται
2953 2727 3105 2798 παρὰ
3142 2726 3359 2780 πάντων
3401 2729 3514 2790 τοῖς
3569 2727 3640 2782 ἐκ

2061 2814 2169 2867 τῶν
2197 2815 2270 2886 (6)
2296 2815 2528 2888 Γραφῶν
2550 2817 2810 2886 ἐλέγχοις.
2831 2819 2930 2872 Διά
2955 2818 3113 2871 τοῦτο
3141 2817 3270 2886 γοῦν
3296 2818 3372 2882 ὡς
3404 2816 3638 2874 υἱοὶίτοῦ

2063 2905 2259 2969 αἰῶνος
2309 2908 2498 2961 τούτου
2551 2908 2738 2973 ὅντες,
2773 2910 3092 2981 πανούργως
3145 2910 3233 2963 τὸν
3284 2909 3642 2982 νομιζόμενον

2064 2999 2271 3053 ἑαυτῶν
2297 3000 2486 3072 λύχνον
2507 3001 2742 3072 ἅψαντες
2764 3005 2828 3055 ὲκ
2857 3003 2957 3073 τῆς
2982 3003 3314 3074 ἀγριελαίου,
3339 3005 3434 3058 καὶ
3455 3002 3644 3074 φοϐού-

2068 3108 2219 3163 μενοι
2245 3092 2316 3163 μὴ
2348 3094 2559 3163 ταχέως
2588 3093 2919 3165 ἀποσϐεσθῇ,
2952 3093 3110 3166 (Φῶς
3131 3101 3260 3166 γὰρ,
3289 3095 3474 3167 φησὶν,
3498 3097 3644 3150 ἀσε-

2067 3183 2186 3238 ϐῶν
2206 3184 2597 3255 σϐέννυταιο)
2642 3185 2830 3238 τοῦτον
2883 3186 2980 3256 μὲν
3023 3186 3356 3258 κρύπτουσιν
3396 3187 3503 3240 ὑπὸ
3547 3187 3644 3241 τὸν

2069 3276 2250 3346 μόδιον
2302 3277 2406 3348 τῆς⁷
2456 3276 2818 3347 ὑποκρίσεως,
2869 3277 3111 3350 ἕτεραδὲ
3163 3278 3512 3348 φθέγγονται,
3550 3279 3645 3332 καὶ

2067 3365 2402 3436 προστασίας
2427 3365 2616 3434 φίλων,
2652 3367 2746 3420 καὶ
2771 3367 3148 3420 Κωνσταντίου
3180 3367 3342 3434 φόϐον
3373 3366 3644 3436 ἐπαγγέλ-

2065 3457 2267 3522 λονται,
2292 3459 2356 3512 ἵν’
2389 3459 2438 3512 οἱ
2466 3460 2834 3530 εἰσερχόμενοι
2868 3460 3005 3530 πρὸς
3033 3460 3228 3524 αὐτοὺς
3259 3459 3364 3514 ὑπὸ
3389 3459 3489 3530 τῆς
3514 3460 3648 3514 ὑπο-

2069 3551 2302 3624 κρίσεως
2329 3551 2423 3605 καὶ
2449 3551 2549 3622 τῆς
2574 3550 2907 3619 ἐπαγγελίας
2935 3550 3009 3621 μὴ
3040 3550 3279 3621 βλέπωσι
3304 3551 3404 3621 τὴν
3431 3551 3530 3622 τῆς
3559 3553 3646 3606 αῖ-

2070 3641 2275 3712 ρέσεως
2300 3641 2573 3712 ῥυπαρίαν
2609 3640 2705 3711 (7).
2742 3641 2866 3704 Πῶς
2921 3637 3014 3694 οὖν
3063 3641 3162 3694 οὐκ
3215 3640 3340 3707 ἀξία
3377 3641 3471 3694 καὶ
3503 3640 3647 3695 κατά

2069 3734 2229 3787 τοῦτο
2254 3732 2414 3787 πάλιν
2444 3734 2682 3804 μίσουςή
2705 3733 2934 3803 αἵρεσις,
2958 3733 3159 3800 ὄπουγε
3195 3733 3287 3785 καὶ
3312 3733 3442 3804 παρ’
3462 3731 3645 3785 αὐτῶν

2068 3826 2178 3880 τῶν
2211 3826 2355 3880 ίδίων
2385 3826 2459 3890 ὡς
2484 3825 2558 3898 μὴ
2592 3825 2788 3896 ἔχουσα
2819 3825 3130 3896 παρρησίαν
3161 3825 3491 3896 κρύπτεται,
3552 3825 3651 3879 καὶ

2068 3918 2144 3981 ὼς
2207 3918 2330 3986 δφις
2388 3916 2684 3982 θάλπεται;
2720 3915 2892 3969 Πόθεν
2923 3914 3031 3984 γὰρ
3085 3915 3297 3978 ἑαυτοῖς
3352 3913 3653 3985 συνεφόρη-

2074 4025 2172 4060 σαν
2205 4007 2280 4077 (8)
2304 4006 2372 4060 τὰ
2409 4005 2652 4078 ῥημάτια
2679 4005 2886 4070 ταῦτα;
2929 4007 3000 4059 Ἦ
3037 4005 3189 4076 παρά
3232 4004 3376 4068 τίνος
3411 4005 3519 4075 ἄρα
3555 4004 3654 4058 λα·

2073 4100 2278 4163 ϐόντες,
2304 4098 2530 4152 τοιαῦτα
2554 4096 2918 4170 τετολμήκασι
2937 4097 3151 4165 λέγεινς
3195 4095 3522 4168 Ἀνθρώπων
3551 4095 3654 4167 μὲν

2074 4187 2166 4244 οὖν
2201 4192 2277 4261 (9)
2311 4191 2500 4244 οὐδένα
2521 4189 2587 4242 ἂν
2612 4190 2814 4242 εἴποιεν
2839 4189 2929 4242 τὸν
2957 4188 3132 4242 ταῦτα
3162 4188 3532 4259 παρασχόντα.
3557 4188 3655 4251 Τίς

2075 4285 2184 4356 γάρ
2217 4285 2364 4337 ἐστιν
2396 4281 2696 4355 ἀνθρώπων
2721 4283 2754 4354 ἢ
2785 4281 2986 4352 Ἕλλην
3023 4281 3056 4351 ἢ
3089 4280 3392 4353 βάρὸαρος,
3421 4283 3572 4345 ὅστις
3595 4281 3656 4334 ὃν

2075 4376 2330 4446 ὁμολογεῖ
2377 4375 2532 4438 Θεὸν,
2573 4375 2762 4428 τοῦτον
2810 4375 2984 4446 τολμᾷ
3031 4374 3209 4442 λέγειν
3237 4375 3333 4426 ἕνα
3380 4368 3657 4426 εἶναιτῶν

392 4486 557 4541 quam
587 4469 760 4527 factus
787 4473 914 4527 est?
954 4472 1036 4527 vel
1065 4473 1190 4542 quis
1222 4480 1307 4526 est
1351 4470 1446 4542 qui
1484 4471 1556 4534 ei,
1591 4483 1750 4539 quem
1796 4467 1962 4521 Deum

2077 4467 2412 4537 κτισμάτων,
2448 4467 2564 4533 καὶ,
2609 4467 2724 4520 Οὐκ
2749 4463 2816 4538 ἦν
2853 4468 2980 4540 πρὶν
3012 4465 3244 4537 ποιηθῇ;
3301 4467 3334 4537 ἢ
3371 4464 3453 4529 τίς
3482 4465 3654 4525 ἐστιν,

393 4564 662 4625 credidit,
708 4562 868 4619 ﬁdem
906 4565 1130 4634 deroget
1175 4564 1379 4619 dicenti
1420 4582 1434 4617 :
1477 4582 1494 4614 ‹
1530 4561 1629 4616 Hic
1675 4567 1761 4615 est
1804 4557 1976 4613 Filius

463 4725 511 4756 ’θ
552 4723 708 4778 Rom.
751 4740 827 4785 ix,
869 4723 923 4777 5.
1003 4724 1044 4753 ²¹
1085 4719 1207 4774 Joh.
1251 4734 1407 4777 xvnt,
1441 4717 1492 4770 5.

467 4890 544 4960 (l)
573 4865 900 4960 Segiueriau.‘
926 4887 1017 4960 καί
1047 4886 1287 4960 ornitttt._
1307 4883 1451 4949 ldetn
1472 4896 1636 4960 _mox,
1675 4879 1837 4960 Basil.
1869 4875 1976 4960 βο-

398 4948 626 5032 ὴιὲιῆιιιι.
647 4948 977 5032 Ἔοιριίιη.)
1018 4957 1169 5032 et_5,
1199 4951 1644 5032 toﬁsovﬁtte‘roxoy
1674 4950 1768 5002 καὶ
1793 4948 1977 5032 δεύτεο

402 5047 514 5102 ρον.
543 5031 827 5104 Anglican:
857 5029 1046 5104 τοῦτον
1073 5027 1342 5104 δεύτερον.
1375 5018 1516 5104 Editi
1541 5018 1729 5104 τοῦτον
1755 5018 1977 5104 μέτοχον

400 5086 748 5187 γεγενῆσθαι.
797 5099 1142 5171 Seguerian.,
1185 5086 1348 5167 paulo
1386 5103 1541 5164 post,
1592 5086 1831 5158 θεολογεῖ
1883 5086 1979 5140 καὶ

399 5173 1149 5310 6mg)““Sileoguerian._Gobler.
1187 5243 1241 5310 e_t
1285 5233 1524 5310 Felckin.
1568 5233 1618 5296 l,
1657 5229 1978 5310 εξηράσατε.

404 5301 721 5374 Ὲρίςιίηιδδ,
756 5308 1069 5377 ὲξεμέςατε.
1095 5304 1421 5377 Paulopost
1451 5303 1796 5377 Seguerian.,
1843 5301 1985 5369 εἰρή-

685 5373 779 5433 mi
819 5373 1071 5448 λέγομεν.
1115 5375 1243 5448 Μυξ
1276 5373 1814 5448 hiemet—plerique
1853 5384 1981 5448 mss.

405 5438 506 5506 οὐκ
537 5438 651 5506 ἐστὶ
679 5451 810 5514 Θεὸς
835 5438 964 5502 οὺδέ
988 5451 1177 5516 Λόγος.
1205 5445 1384 5500 Felck.
1419 5446 1454 5499 2
1483 5453 1537 5499 et
1561 5438 1843 5516 {adﬂigebat
1873 5438 1988 5516 ἐστι

405 5524 539 5587 Θεὸς
595 5510 805 5590 Λόγος(
837 5519 967 5573 Ibid.
991 5510 1217 5590 Seguer.
1269 5517 1487 5590 Gybler:
1519 5523 1585 5590 _et
1623 5511 1860 5568 Felrkm.
1919 5510 1940 5561 l
1970 5547 1984 5569 ,

405 5400 584 5454 καμεν
613 5381 645 5452 ἢ

409 5585 611 5660 ἐξέστω
642 5585 844 5662 λέγειν.
873 5589 976 5643 Alii
1000 5585 1244 5662 _el.iedi_li.
1276 5585 1450 5662 ἔξεστι
1475 5585 1673 5662 λέγειν..

482 5667 559 5734 (5)
589 5650 899 5734 Anglicau.,
933 5658 1025 5734 τοῦ
1061 5658 1197 5734 θεοῦ
1234 5650 1331 5711 καῖ
1365 5650 1598 5734 ματρός.
1639 5651 1782 5734 ibid.
1839 5650 1987 5720 Seg.,

411 5722 803 5806 υἱὸςάληθὶνός
835 5722 969 5786 ἐστι.
1002 5729 1057 5784 lu
1085 5731 1204 5785 aliis
1234 5739 1285 5784 ει
1317 5722 1652 5784 ειὶίιίεἰίθοδι
1687 5722 1818 5775 ἔστι.

2082 4559 2230 4620 ὅστις
2265 4550 2310 4624 ᾧ
2351 4557 2682 4610 πεπίστευκε
2712 4555 2850 4627 Θεῷ,
2904 4557 3123 4610 ἀπιστεῖ
3177 4555 3409 4623 λέγοντι,
3467 4551 3658 4621 Οὗτός

2158 4871 2233 4943 (4)
2267 4866 2580 4943 Goblerian.
2615 4872 2668 4919 et
2693 4861 2932 4919 Fclckm.
2965 4865 3019 4931 1,
3049 4863 3300 4919 Θαλείαν.
3335 4865 3656 4936 Seguerian.

2081 4952 2137 4998 et
2169 4939 2284 4998 alii.
2314 4939 2531 4993 Θαλίαν.

2159 5009 2600 5084 (δλδίοβοε-ιξει».
2642 5005 2860 5060 Goblcr.
2901 5014 2955 5060 et
2984 5005 3221 5084 Felchm.
3259 5007 3309 5060 1.
3342 5005 3418 5084 Λι⁸
3441 5005 3661 5084 e-lttiet

2086 5075 2594 5148 οιίἰ,’λαλείν.“Μοι
2636 5093 2768 5148 mss.
2823 5093 3043 5142 omnes,
3086 5078 3208 5131 Ἐάν
3247 5093 3306 5129 τε
3355 5077 3484 5147 γάρ.
3517 5075 3662 5128 Editi

2087 5146 2235 5226 νει-ἀρ,
2271 5150 2412 5226 1W
2441 5146 2806 5226 ἐάνητεπάρι,
2842 5213 2904 5226 ..
3046 5213 3060 5226 .
3175 5214 3196 5226 .
3265 5211 3276 5226 ,
3335 5211 3348 5226 .
3431 5146 3454 5221 .

2162 5211 2240 5294 (6)
2266 5221 2490 5294 S_cg_u_er.
2516 5211 2740 5294 Gobler.
2767 5213 3003 5294 elckm.
3040 5213 3077 5266 1,
3114 5214 3224 5266 τοῖς
3253 5211 3360 5263 ἀπὸ
3389 5211 3518 5264 τῶν.

2453 5287 2732 5368 mendose,
2770 5284 3096 5368 ρυπαρίσαν.

2167 5357 2239 5434 (8)
2283 5360 2594 5434 Eelcknian.
2626 5357 2690 5434 5ι
2712 5357 3086 5434 συκεφεύρτηεα
3171 5423 3182 5434 .

2169 5423 2242 5502 (9’)
2286 5423 2726 5502 Seguerian._3§_v
2759 5423 2984 5502 ornjttit.
3014 5423 3314 5502 Mox_i_de_m
3355 5434 3416 5502 et
3439 5423 3663 5478 Goblcr.

2093 5513 2147 5560 et
2177 5495 2420 5557 ‘Felckm.
2457 5502 2508 5564 1,
2533 5499 2566 5568 ἢ
2595 5497 2790 5568 Ἕλλη.
2845 5496 2990 5551 Εάίιζ
3036 5567 3041 5568 ν
3113 5495 3205 5568 alii
3246 5496 3590 5568 ﬁontittunt.

2168 5573 2279 5644 (10)
2320 5569 2534 5644 Similia
2555 5565 2721 5644 συρτει
2750 5565 3010 5623 habentur
3033 5567 3086 5622 in
3112 5565 3338 5636 epistola
3365 5565 3428 5620 de
3457 5575 3670 5620 senten-

2100 5646 2172 5700 tia
2204 5640 2467 5711 Dionysii,
2495 5655 2644 5694 num.
2676 5640 2728 5690 2.
