3850 6218
269 288 341 344 εδ
1412 271 1672 330 ORATIO
1707 271 1723 326 ι
1765 268 2049 326 comm.
2087 265 2410 322 ARIANOS.
3485 266 3556 319 δι

268 407 446 460 ἐστιν
471 403 506 456 ό
541 400 676 466 Υἱός
699 415 817 469 μου
842 398 875 450 ό
902 392 1236 466 ἀγαπητὸς,
1257 391 1504 462 φάσκων,
1530 392 1612 444 ὅτι
1633 387 1743 461 (11)
1770 387 1870 442 οὐκ

1983 399 2129 438 meus
2152 383 2384 438 dilecuts
2417 384 2437 413 ²
2470 421 2484 443 ,
2536 399 2552 428 ›
2593 393 2830 449 eumque
2860 394 2967 433 non
3018 376 3252 444 Filium,
3302 375 3396 432 sed
3442 391 3555 430 rem

269 498 419 552 ἐστιν
454 494 594 558 υίὸς,
629 491 766 546 ἀλλά
795 489 1037 560 ποίημα;
1072 486 1242 539 Πλέον
1273 485 1385 556 γὰρ
1422 483 1865 553 ἀγανακτήσουσι

271 590 478 652 πάντες
503 587 624 640 κατ’
658 583 836 638 αὐτῶν
869 579 1099 635 τοιαῦτα
1146 578 1512 650 μαινομένων.
1565 575 1706 628 Ἀλλ’
1746 574 1867 628 οὐδὲ

273 681 339 733 ὲκ
369 677 482 730 τῶν
513 672 747 748 Γραφῶν
773 671 954 742 ἔχουσι
977 670 1075 734 τὰς
1109 669 1433 741 προφάσεις.
1486 665 1728 737 Ἐδείχθη
1760 664 1868 737 γὰρ

272 771 563 834 πολλάκις,
585 765 929 837 δειχθήσεται
949 761 1007 815 δὲ
1035 761 1130 814 καὶ
1156 759 1251 812 νῦν
1274 758 1530 829 ἀλλότρια
1555 757 1601 827 (1
1612 759 1666 825 '2)
1696 754 1870 810 ταῦτα

272 863 384 918 τῶν
415 862 586 915 θείων
613 861 830 928 λογίων.
867 852 1077 910 Οὐκοῦν
1118 851 1305 923 ἐπειδὴ
1339 850 1518 903 λείπει
1565 848 1750 902 λοιπὸν
1794 850 1872 900 εἱ-

274 959 423 1021 πεῖν,
468 956 554 1008 ὅτι
600 949 752 1024 παρὰ
801 948 895 1002 τοῦ
937 945 1186 1002 διαϐόλου
1243 943 1499 1006 λαϐόντες
1555 941 1866 1013 ἐμάνησανο

277 1049 526 1124 (τούτων
576 1046 687 1117 γὰρ
736 1045 945 1106 ἐκεῖνος
976 1040 1136 1112 μόνος
1193 1038 1310 1091 ἐστὶ
1357 1033 1665 1107 σπορεύς·)
1713 1034 1868 1104 φέρε,

278 1146 418 1217 πρὸς
451 1141 618 1196 αὐτὸν
655 1137 1024 1206 ἀντιστῶμεψ
1052 1133 1190 1206 πρὸς
1215 1133 1420 1185 ἐκεῖνον
1449 1131 1558 1202 γάρ
1580 1131 1728 1182 ἐστιν
1760 1128 1870 1217 (15)

277 1215 413 1307 ἡμῖν
442 1232 534 1286 διὰ
560 1230 766 1284 τούτων
794 1229 828 1298 ἡ
862 1227 1040 1296 πάλη·
1082 1225 1191 1288 ἵνα,
1219 1222 1314 1275 τοῦ
1357 1221 1564 1292 Κυρίου
1615 1215 1874 1288 βοηθοῦν-

278 1347 372 1392 τος
398 1369 415 1394 ,
478 1324 734 1379 κάκείνου
786 1319 1034 1391 συνήθως
1089 1317 1381 1377 πίπτοντος
1426 1315 1539 1375 τοῖς
1606 1311 1870 1381 ἐλέγχοις,

282 1417 648 1490 αίσχυνθῶσιν
671 1408 836 1476 οὗτοι,
866 1411 1156 1482 βλέποντες
1174 1407 1484 1479 ἀποροῦντα
1506 1405 1597 1458 τὸν
1619 1405 1731 1475 (14)
1745 1405 1876 1456 ἐπιη

287 1513 593 1585 σπείραντα
621 1508 720 1580 τὴν
753 1507 964 1578 αἵρεσιν
998 1504 1202 1566 αὐτοῖς,
1231 1501 1327 1555 καὶ
1359 1499 1571 1572 μάθωσι
1609 1497 1716 1552 κᾶν
1749 1496 1874 1566 ὀψέ-

285 1619 438 1667 ποτε,
473 1603 578 1664 ὅτι,
625 1597 892 1670 Ἀρειανοὶ
925 1595 1098 1659 ὄντες,
1122 1594 1229 1647 οὐκ
1258 1592 1365 1645 etot
1393 1588 1732 1662 Χριστιανοί.

357 1766 448 1821 11.
491 1763 767 1836 Είρήκατε
817 1761 910 1814 καὶ
962 1761 1208 1828 φρονεῖτε
1234 1796 1248 1820 ,

287 1858 523 1922 ἐκείνου,
557 1857 640 1910 ὅτι
669 1851 739 1927 ἦν
769 1870 922 1915 ποτε,
957 1853 1046 1906 ὅτε
1076 1851 1176 1903 οὐκ
1198 1846 1266 1920 ἦν
1306 1849 1335 1900 6
1377 1847 1505 1910 Υἱός
1529 1863 1542 1875 ·
1576 1845 1735 1899 τοῦτο
1767 1843 1878 1914 γὰρ

287 1950 509 2024 πριῖγι-ον
529 1949 682 2020 ὑμῶν
718 1948 818 2019 τῆς
845 1946 1089 2009 ἐπινοίας
1116 1945 1226 2013 (15)
1271 1941 1536 1996 ἀποδῦσαι
1573 1939 1634 1992 τὸ
1671 1938 1876 2008 ἔνδυμα

285 2043 386 2097 δεῖ.
427 2042 495 2095 Τί
522 2041 702 2095 τοίνυν
733 2036 804 2112 ἦν
829 2056 958 2093 ποτε
985 2039 1074 2090 ὅτε
1115 2039 1144 2091 ὁ
1175 2036 1303 2098 Υἱὸς
1325 2036 1426 2088 οὐκ
1453 2029 1542 2105 ἦν,
1577 2032 1790 2095 εἴπατε,
1831 2025 1878 2084 ὧ

284 2135 565 2204 δύσφημοι
593 2131 688 2185 καὶ
717 2129 1020 2192 δυσσεϐεῖς.
1057 2128 1119 2180 Ei
1149 2126 1244 2197 μὲν
1273 2121 1366 2178 οὖν
1395 2124 1486 2176 τὸν
1530 2121 1752 2192 Πατέρα
1791 2121 1878 2174 λέ-

286 2243 440 2296 γετε,
485 2225 687 2296 μείζων
712 2223 866 2294 ὑμῶν
905 2223 938 2292 ἡ
967 2217 1450 2292 βλασφημία(16)σ
1483 2216 1544 2268 οὐ
1585 2214 1694 2285 γὰρ
1719 2214 1876 2285 θέμις

288 2319 490 2379 εἰπεῖν,
524 2317 606 2369 ὃτι
633 2314 765 2368 ποτὲ
793 2308 883 2384 ἦν,
913 2313 944 2383 ἢ
982 2313 1040 2364 ὲν
1067 2310 1147 2380 τῷ
1178 2309 1310 2362 ποτὲ
1341 2305 1624 2378 σημαίνειν
1673 2306 1834 2358 αὐτόν
1859 2320 1874 2335 ·

287 2409 406 2462 ἐστι
457 2407 568 2479 γὰρ
596 2407 705 2469 ἀεὶ,
759 2406 852 2459 καὶ
878 2404 970 2457 νῦν
1001 2407 1168 2466 ἐστιν,
1196 2401 1349 2463 ὄντος
1395 2416 1454 2453 τε
1495 2399 1588 2452 καὶ
1619 2397 1714 2450 τοῦ
1748 2395 1877 2449 Υἱοῦ

287 2506 432 2567 ἐστι,
469 2502 564 2556 καὶ
591 2500 755 2564 αὐτός
778 2501 927 2552 ἐστιν
951 2497 979 2548 6
1017 2494 1092 2549 ὢν
1126 2495 1238 2567 (17)
1264 2494 1360 2548 καὶ
1384 2491 1479 2545 τοῦ
1504 2489 1636 2544 Υἰοῦ
1663 2490 1874 2560 Πατήρ.

289 2598 357 2652 Εἰ
384 2595 443 2648 δὲ
465 2594 654 2663 λέγετε
685 2593 767 2645 ὅτι
798 2591 828 2643 6
859 2589 988 2653 Υίὸς
1017 2584 1086 2660 ἦν
1127 2603 1278 2650 ποτε,
1313 2586 1402 2638 ὅτε
1440 2583 1601 2647 αὐτὸς
1633 2583 1733 2636 οὐκ
1775 2577 1843 2653 ἦν
1862 2598 1875 2610 ·

295 2686 459 2761 μωρά
489 2685 586 2740 καὶ⁹
615 2683 839 2755 ἀνόητός
871 2684 1019 2735 ἐστιν
1052 2679 1162 2752 (18)
1188 2681 1220 2749 ἡ
1253 2677 1564 2749 ἀπόκρισις.
1601 2673 1725 2737 Πῶς
1770 2673 1880 2746 γὰρ

290 2777 362 2853 ἦν
391 2779 576 2842 αὐτὸς,
601 2777 695 2830 καὶ
720 2777 821 2829 οὐκ
847 2769 914 2846 ἦν
936 2772 1098 2834 αὐτός
1121 2789 1138 2838 ;
1178 2769 1385 2824 Οὐκοῦν
1415 2771 1472 2822 ὲν
1505 2767 1716 2830 τούτοις
1743 2767 1880 2819 ἁπο-

295 2868 529 2942 ροῦντας
563 2868 708 2938 ὑμᾶς
729 2866 942 2936 ἀνάγκη
977 2862 1163 2917 λοιπὸν
1193 2861 1395 2932 λέγειν,
1429 2855 1536 2913 Ἷὶν
1582 2875 1713 2912 ποτε
1752 2856 1884 2928 χρό-

293 2979 409 3026 νος,
434 2961 525 3014 ὅτε
553 2959 655 3013 οὐκ
686 2953 755 3028 ἦν
782 2959 811 3011 6
836 2955 1042 3024 Λόγος·
1099 2952 1258 3007 τοῦτο
1290 2953 1400 3023 γὰρ
1437 2949 1598 3020 φύσει
1642 2947 1754 3020 (19)
1792 2964 1885 3019 ση-

1970 477 2170 530 factam
2194 489 2317 530 esse
2342 472 2510 527 velit?
2537 470 2744 542 Nempe
2787 471 2902 526 lieri
2945 486 3051 524 non
3078 478 3257 539 potest
3279 468 3412 538 quin
3445 482 3559 522 om-

1970 585 2069 624 nes
2093 568 2358 623 adversus
2389 567 2510 621 illos
2533 565 3036 620 adeo-insanientes
3060 563 3246 618 acrius
3273 561 3560 626 indignen-

1971 669 2080 715 tur.
2105 657 2306 714 Verum
2352 673 2454 712 nec
2490 657 2654 711 etiam
2695 656 2760 710 ad
2798 655 3110 725 Scripturas
3133 651 3425 723 confugere
3453 652 3559 705 illis

1971 749 2244 820 integrum
2281 748 2485 802 fuerit:
2535 747 2647 818 jam
2694 747 2840 800 enim
2890 747 3092 815 smpius
3137 754 3422 800 ostensum
3475 751 3560 798 est

1972 857 2212 912 moxque
2235 841 2552 897 ostendetur
2587 855 2748 896 voces
2785 840 3100 910 hujusmodi
3129 856 3160 894 a
3195 839 3397 895 divinis
3433 853 3560 894 ora-

1971 933 2112 989 culis
2139 948 2260 988 csse
2286 931 2504 1002 penitus
2529 930 2757 986 alienas.
2790 929 2977 1000 Itaque
3001 930 3223 1000 quando
3247 930 3356 984 illis
3385 938 3559 983 restat

1972 1025 2265 1081 dicendum
2299 1039 2358 1079 sc
2411 1023 2496 1079 his
2535 1038 2564 1077 a
2598 1023 2816 1078 diabolo
2864 1025 3106 1093 acceptis
3165 1024 3436 1079 insanisse
3472 1023 3559 1094 (si

1973 1119 2194 1189 quidem
2219 1125 2494 1172 tantorum
2521 1116 2791 1170 malorum
2819 1117 2970 1170 solus
3001 1117 3090 1170 ille
3117 1128 3266 1171 sator
3287 1117 3414 1184 est).
3441 1131 3561 1186 age,

1973 1208 2023 1262 ei
2049 1207 2384 1262 obsistamus
2415 1206 2676 1276 (namque
2707 1221 2834 1259 cum
2877 1206 2970 1259 illo
2997 1206 3155 1260 nobis
3182 1221 3276 1274 per
3299 1207 3426 1260 illos
3445 1221 3566 1260 cer-

1976 1308 2158 1355 tamen
2187 1301 2290 1365 est)
2317 1308 2395 1364 ut,
2424 1297 2658 1354 Domino
2682 1299 2994 1368 adjuvante,
3018 1311 3072 1354 et
3097 1299 3213 1365 illo,
3239 1309 3298 1354 ut
3321 1301 3484 1364 solet,
3511 1301 3565 1354 vi

1976 1402 2423 1462 argumentorum
2452 1399 2725 1461 prostrato
2750 1431 2763 1456 ,
2809 1389 2912 1460 ipsi
2938 1392 3158 1447 tandem
3203 1393 3564 1455 erubescant,

1977 1485 2272 1538 haerentem
2301 1484 2547 1539 videntes
2574 1484 2668 1554 qui
2716 1484 2965 1539 haeresim
3006 1484 3142 1554 ipsis
3180 1484 3565 1550 inseminavit,

1977 1575 2282 1645 saltemque
2308 1577 2391 1631 vel
2418 1591 2540 1631 sero
2569 1575 2788 1630 discant
2830 1592 2957 1641 cos,
3011 1577 3140 1646 quia
3180 1577 3370 1632 Ariani
3413 1576 3523 1632 sint
3550 1617 3566 1640 ,

1976 1667 2320 1724 Christianos
2345 1684 2452 1723 non
2479 1684 2623 1724 esse.

1305 1753 1696 1816 ὑποδάλλοντος
1747 1751 1872 1821 ὑμῖν

2049 1763 2138 1816 11.
2183 1759 2407 1815 Dixistis
2449 1762 2614 1831 igitur
2657 1772 2711 1818 et
2753 1763 2967 1818 sentitis
2996 1801 3010 1825 ,
3052 1762 3145 1816 illo
3172 1761 3327 1816 vobis
3371 1775 3568 1832 sugge-

1979 1861 2131 1906 rente
2157 1893 2173 1918 ,
2234 1851 2405 1906 fuisse
2445 1853 2770 1922 aliquando,
2807 1869 2930 1907 cum
2973 1869 3082 1907 non
3139 1861 3286 1907 esset
3339 1849 3514 1905 Filius
3550 1869 3565 1905 :

1979 1963 2104 2002 nam
2141 1948 2245 2002 hoc
2270 1948 2504 2016 primum
2531 1950 2696 2002 vestri
2723 1948 3019 2003 commenti
3051 1947 3232 2002 velum
3266 1947 3564 2001 detrahen-

1977 2041 2108 2095 dum
2135 2048 2236 2094 est.
2274 2038 2414 2104 Quid
2440 2054 2571 2110 ergo
2608 2039 2710 2094 fuit
2745 2039 3062 2109 aliquando,
3092 2054 3218 2093 cum
3253 2038 3424 2092 Filius
3449 2051 3557 2093 non

1978 2133 2160 2187 esset?
2185 2147 2311 2186 nam
2349 2132 2464 2186 haec
2499 2141 2679 2187 vestra
2727 2140 2857 2186 sunt
2901 2131 3088 2194 verba,
3122 2145 3156 2183 ο
3189 2130 3465 2184 maledicti
3513 2138 3568 2182 et

1980 2223 2152 2292 impii.
2198 2221 2254 2276 Si
2284 2221 2498 2277 Patrem
2523 2237 2646 2277 esse
2685 2222 3048 2292 respondetis,
3074 2220 3250 2289 major
3277 2228 3458 2274 vestra
3483 2229 3568 2272 est

1980 2315 2234 2384 impietas
2263 2332 2275 2368 :
2303 2312 2460 2368 nefas
2493 2314 2692 2382 quippe
2721 2323 2801 2367 est
2824 2313 2890 2368 de
2916 2313 3009 2366 illo
3048 2313 3248 2375 dicere,
3270 2311 3568 2380 aliquando

1980 2406 2102 2469 fuit,
2136 2407 2220 2460 vel
2247 2407 2499 2460 eumdem
2522 2421 2678 2468 voce,
2701 2404 3017 2473 aliquando,
3049 2403 3376 2474 signiﬁcare.
3403 2401 3570 2457 Nam-

1981 2513 2088 2569 que
2121 2507 2175 2553 et
2200 2514 2415 2568 semper
2457 2510 2510 2553 et
2535 2513 2683 2552 nunc
2716 2507 2818 2561 est,
2850 2507 2904 2552 et
2941 2497 3080 2550 Filio
3115 2495 3414 2551 exsistente
3441 2503 3527 2550 est
3554 2513 3568 2549 :

1981 2592 2098 2660 ipse
2127 2599 2212 2645 est
2237 2591 2329 2660 qui
2363 2601 2468 2655 est,
2503 2599 2557 2645 et
2595 2589 2716 2644 Filii
2758 2589 2940 2646 Pater.
2975 2589 3030 2644 Si
3061 2603 3192 2643 vero
3225 2587 3572 2658 respondetis

1979 2685 2179 2740 Filium
2208 2684 2379 2740 fuisse
2416 2685 2712 2754 aliquando
2745 2699 2866 2738 cum
2896 2683 3014 2752 ipse
3049 2696 3154 2736 non
3180 2689 3366 2747 esset,
3403 2680 3572 2734 stulta

1981 2773 2226 2846 profecto
2249 2783 2302 2829 et
2335 2772 2483 2828 fatua
2507 2785 2593 2828 est
2618 2775 2927 2843 responsio.
2984 2771 3118 2826 Nam
3158 2773 3254 2842 qui
3297 2771 3410 2826 ﬁeri
3460 2787 3563 2841 po.

1985 2875 2092 2921 test
2125 2875 2186 2921 ut
2218 2875 2273 2922 et
2299 2867 2413 2936 ipse
2437 2874 2603 2928 esset,
2627 2876 2680 2920 et
2709 2867 2852 2920 idem
2882 2866 2998 2936 ipse
3025 2880 3134 2918 non
3160 2863 3344 2919 esset?
3385 2862 3575 2934 Itaque

1984 2958 2295 3013 necessario
2345 2965 2515 3013 restat
2579 2967 2638 3012 ut
2688 2957 2778 3012 hic
2822 2957 3140 3012 hazsitantes
3189 2957 3575 3026 respondeatis

299 3054 484 3124 μαίνει
512 3052 607 3105 καὶ
629 3049 760 3104 αὐτὸ
785 3049 846 3103 τὸ
871 3046 1019 3101 ποτέ
1059 3045 1214 3118 ὑμῶν
1249 3045 1556 3147 ἐπίρρημα.
1601 3041 1712 3095 Καὶ
1743 3042 1872 3114 ὅπερ

1986 3050 2155 3106 fuisse
2202 3051 2496 3121 aliquando
2541 3059 2756 3120 tempus
2799 3066 2925 3105 cum
2973 3065 3081 3105 non
3129 3059 3273 3105 esset
3305 3047 3571 3104 Verbum.

291 3146 355 3202 δὲ
403 3144 566 3198 πάλιν
611 3141 914 3214 γράφοντες
956 3141 1236 3212 εἰρήκατε,
1269 3139 1382 3191 Οὐκ
1407 3131 1475 3208 ἦν
1523 3136 1552 3188 6
1577 3134 1706 3198 Υἱὸς
1749 3135 1872 3205 πρὶν

1986 3143 2103 3200 Ηοο
2125 3146 2271 3200 enim
2295 3155 2535 3199 vestrum
2564 3143 2884 3199 adverbium
2905 3186 2920 3211 ,
2959 3145 3272 3214 aliquando,
3301 3145 3352 3198 id
3406 3159 3473 3199 ex
3517 3159 3577 3199 se

295 3236 534 3308 γεννηθῇ
575 3235 712 3306 (20),
765 3232 961 3288 ταυτόν
999 3235 1117 3284 ἐστι
1157 3231 1337 3299 λέγειν
1379 3229 1559 3300 ὑμᾶς,
1587 3222 1698 3281 Ἦν
1747 3243 1878 3280 ποτε

295 3329 389 3386 ὅτε
413 3330 514 3382 οὐκ
547 3324 614 3399 ἦν
634 3346 646 3360 ·
680 3326 871 3398 χρόνον
898 3325 1006 3396 γὰρ
1033 3320 1171 3377 εἶναι
1205 3323 1426 3376 κάκεῖνο
1458 3321 1554 3374 καὶ
1579 3319 1737 3374 τοῦτο
1773 3320 1881 3390 πρὸ

297 3420 394 3474 τοῦ
419 3420 592 3489 Λόγου
625 3419 901 3488 σημαίνει.
937 3415 1107 3470 Πόθεν
1138 3411 1231 3468 οὖν
1274 3417 1402 3486 ὑμῖν
1438 3412 1726 3484 ἐξεύρηται
1767 3411 1879 3484 (21)

296 3511 506 3576 ταῦτα;
549 3511 666 3563 Ἵνα
698 3510 751 3562 τί
795 3509 889 3562 καὶ
924 3509 1081 3578 ὑμεῖς
1103 3547 1118 3571 ,
1153 3506 1228 3570 ὡς
1261 3505 1330 3560 τὰ
1362 3506 1512 3576 ἔθνη,
1557 3503 1880 3576 ὲφρυάξατε,

298 3607 398 3661 καὶ
449 3603 708 3676 μελετᾶτε
761 3601 896 3654 κενά
945 3601 1180 3667 λεξείδια
1213 3600 1355 3654 κατά
1397 3600 1492 3652 τοῦ
1532 3597 1738 3671 Κυρίου
1790 3599 1886 3652 καὶ

298 3697 443 3755 κατά
495 3696 590 3750 τοῦ
619 3693 857 3767 Χριστοῦ
911 3693 1112 3760 αὐτοῦ;
1144 3695 1385 3764 Οὐδεμία
1423 3694 1531 3765 γὰρ
1575 3695 1684 3748 τῶν
1715 3695 1885 3764 ἁγίων

299 3789 536 3862 Γραφῶν
560 3785 798 3841 τοιοῦτόν
827 3803 877 3839 τι
911 3786 1038 3856 περὶ
1067 3785 1160 3839 τοῦ
1194 3783 1445 3857 Σωτῆρος
1475 3784 1717 3856 εἴρηκεν,
1750 3785 1889 3839 ἀλλὰ

303 3877 507 3952 μᾶλλον
536 3876 598 3929 τὸ
622 3876 730 3938 ἀεὶ,
759 3875 820 3927 τὸ
853 3874 1020 3928 ἀΐδιον
1052 3875 1185 3946 (2‘2),
1215 3877 1308 3928 καὶ
1338 3876 1398 3928 τὸ
1433 3878 1669 3929 συνεῖναι
1697 3876 1784 3929 ἀεὶ
1809 3875 1888 3946 τῷ

300 3971 504 4040 Πατρί.
569 3969 671 4022 Ἐν
716 3965 874 4037 ἀρχῇ
917 3967 1026 4038 γὰρ
1062 3962 1144 4036 ἦν
1173 3970 1206 4021 ό
1241 3968 1429 4037 Λόγος
1452 4007 1467 4031 ,
1502 3967 1602 4021 καὶ
1633 3971 1667 4022 ό
1695 3969 1888 4038 Λόγος

299 4061 385 4136 ἦν
419 4063 571 4132 πρὸς
601 4062 709 4117 τὸν
743 4062 913 4125 Θεὸν,
942 4063 1042 4116 καὶ
1079 4061 1224 4128 Θεὸς
1249 4058 1328 4132 ἦν
1352 4065 1385 4115 ό
1431 4063 1641 4132 Λόγος.
1685 4064 1793 4116 Καὶ
1831 4065 1889 4117 ἐν

300 4159 372 4229 τῇ
427 4153 794 4224 Ἀποκαλῦψει
825 4153 949 4206 τάδε
987 4153 1169 4221 λέγει’
1216 4154 1268 4206 Ὁ
1303 4151 1390 4206 ὢν
1415 4154 1514 4206 καὶ
1542 4158 1574 4208 ό
1606 4149 1687 4223 ἦν
1723 4154 1821 4207 καί
1857 4156 1890 4208 ό

1988 3237 2275 3307 signiﬁcat.
2313 3235 2467 3303 Quod
2518 3236 2646 3290 item
2677 3251 2874 3291 rursus
2904 3234 3241 3306 scripsistis:
3280 3233 3400 3290 Non
3453 3243 3574 3290 erat

1987 3327 2160 3382 Filius
2191 3329 2510 3399 priusquam
2544 3338 2903 3394 nasceretur,
2945 3328 3088 3382 idem
3125 3326 3352 3382 omnino
3397 3335 3482 3382 est
3511 3342 3576 3382 ac

1990 3420 2121 3475 illud
2147 3421 2289 3490 quod
2318 3420 2498 3475 dicitis
2523 3439 2538 3474 :
2565 3419 2692 3475 Fuit
2720 3420 3034 3490 aliquando,
3073 3435 3200 3474 cum
3235 3433 3348 3473 non
3378 3427 3525 3473 esset
3559 3437 3574 3475 :

1991 3512 2256 3580 siquidem
2285 3521 2512 3581 uterque
2549 3512 2806 3582 loquendi
2832 3513 3028 3566 modus
3052 3524 3267 3580 tempus
3289 3521 3417 3565 ante
3442 3510 3578 3564 Ver-

1993 3604 2121 3658 bum
2151 3619 2274 3659 esse
2296 3604 2519 3659 indicat.
2549 3602 2834 3659 Uudenam
2873 3605 3037 3675 igitur
3060 3605 3175 3660 haec
3198 3620 3229 3659 a
3253 3605 3410 3660 vobis
3449 3614 3580 3659 sunt

1991 3698 2330 3766 excogitata?
2368 3696 2438 3753 Ut
2468 3699 2598 3768 quid
2644 3707 2696 3753 et
2736 3714 2856 3762 vos,
2891 3707 3151 3767 tanquam
3198 3707 3420 3768 gentes,
3469 3694 3580 3750 fre-

1993 3791 2232 3858 muistis,
2271 3800 2326 3846 et
2367 3791 2556 3846 inanes
2602 3791 2827 3846 voculas
2876 3790 3141 3844 adversus
3191 3788 3483 3843 Dominum
3524 3795 3580 3842 et

1995 3883 2284 3939 adversum
2306 3883 2586 3940 Christum
2621 3884 2742 3954 ejus
2770 3882 3110 3938 meditamini
3135 3882 3220 3935 ’3?
3244 3880 3401 3937 Nulla
3429 3881 3577 3936 enim

1995 3973 2050 4028 in
2077 3981 2233 4044 parte
2259 3982 2576 4030 sanctarum
2631 3972 3045 4043 Scripturarum
3100 3972 3207 4026 tale
3259 3971 3466 4041 aliquid
3510 3971 3580 4026 de

1997 4065 2281 4121 Salvatore
2311 4073 2512 4133 exstat,
2541 4065 2630 4122 sed
2659 4066 2843 4136 potius
2867 4082 2931 4119 ex
2967 4065 3078 4121 illis
3108 4065 3460 4135 perspicuum
3494 4073 3580 4120 est

1998 4158 2389 4228 sempiternum
2411 4174 2535 4213 eum
2559 4167 2614 4212 et
2634 4168 2894 4212 aztcrnnm
2919 4172 3060 4223 esse,
3097 4171 3421 4228 semperque
3450 4172 3576 4212 cum

302 4248 653 4316 ἐρχόμενος.
679 4242 786 4298 Τοῦ
812 4245 869 4298 δὲ
889 4246 916 4296 ό
950 4242 1136 4297 ὤνκαὶ
1161 4244 1253 4296 τοῦ
1283 4240 1392 4316 ὁῆν
1427 4244 1510 4308 τίς
1543 4244 1608 4298 ἂν
1637 4244 1872 4314 ἀφέλοιτι

1998 4251 2157 4308 Patre
2181 4252 2476 4307 exsﬁtisse.
2515 4249 2649 4305 Nam
2685 4250 2753 4304 In
2795 4251 3059 4320 principio
3092 4260 3206 4304 erat
3271 4250 3498 4305 Verbum
3527 4259 3578 4304 et

303 4341 398 4394 τὸν
421 4340 593 4393 αἲδιον
633 4337 779 4410 (2⁸5);
813 4337 983 4390 Τοῦτο
1000 4337 1109 4409 γὰρ
1140 4337 1237 4390 καὶ
1267 4339 1295 4390 6
1329 4336 1540 4401 Παῦλος
1574 4341 1630 4392 ὲν
1655 4342 1721 4410 τῇ
1754 4339 1872 4410 πρὸς

2009 4343 2232 4398 Verbum
2270 4352 2384 4396 erat
2419 4343 2559 4412 apud
2589 4343 2759 4398 Deum
2792 4353 2838 4398 et
2890 4343 3029 4397 Deus
3085 4353 3199 4397 erat
3255 4341 3477 4396 Verbum
3508 4341 3578 4392 “.

315 4429 624 4501 Ῥωμαίους
663 4428 949 4491 Ἰουδαίους
981 4427 1081 4498 μὲν
1114 4427 1310 4498 ἤλεγχε
1355 4428 1613 4499 γράφων·
1665 4428 1760 4494 Ἐξ
1803 4423 1872 4482 ὧι

2000 4435 2063 4489 Et
2090 4437 2142 4489 in
2176 4436 2500 4507 Apocalypsi
2533 4436 2648 4490 hate
2673 4437 2976 4491 habentur:
3009 4436 3228 4502 Quiest,
3253 4436 3501 4506 quierat,
3527 4443 3578 4486 et

305 4526 342 4578 ὁ
365 4523 622 4592 Χριστὸς
645 4522 711 4576 τὸ
738 4524 889 4575 κατὰ
907 4520 1122 4588 σάρκα,
1161 4523 1193 4574 ό
1225 4519 1311 4572 ὢν
1338 4521 1438 4574 ἐπὶ
1476 4521 1716 4574 πάντων
1747 4519 1872 4586 Θεὸς

1992 4529 2347 4600 ιμιίυεηειινιιε
2372 4538 2451 4583 est
2483 4530 2551 4584 ’⁵.
2583 4527 2719 4596 Quis
2746 4540 2926 4586 autem
2957 4531 3314 4585 aeternitatem
3345 4528 3392 4582 ei
3417 4569 3431 4592 ,
3482 4529 3576 4598 qui

305 4613 642 4683 εὐλογητὸς
669 4615 756 4678 εὶς
774 4611 915 4677 τοὺς
944 4609 1162 4676 αἰῶνας
1181 4628 1194 4640 ·
1226 4609 1495 4681 Ἕλληνας
1523 4611 1582 4665 δὲ
1615 4611 1872 4684 ἐντρέπωη

1996 4630 2098 4685 est,
2126 4631 2180 4675 et
2208 4621 2300 4692 qui
2345 4630 2482 4687 erat,
2511 4624 2686 4692 possit
2716 4623 3040 4679 detrahere?
3079 4623 3170 4677 Sic
3202 4623 3346 4676 enim
3378 4630 3432 4675 et
3462 4621 3578 4690 ipse

305 4709 495 4778 ελεγε⁶
530 4707 608 4762 Τὰ
630 4707 741 4776 γὰρ
770 4706 996 4774 ἀόρατα
1013 4703 1200 4759 αὐτοῦ
1228 4704 1348 4759 ἀπὸ
1378 4705 1632 4771 κτίσεως
1661 4706 1872 4774 κόσμοι

1997 4709 2221 4777 Paulus,
2239 4709 2530 4766 utJudaeos
2557 4713 2925 4777 convinceret,
2945 4712 2998 4764 in
3021 4711 3261 4782 Epistola
3283 4709 3349 4764 ad
3368 4710 3574 4763 Roma—

305 4799 435 4868 τοῖς
458 4798 751 4870 ποιήμασι
785 4799 1083 4868 νοούμενα
1121 4795 1442 4866 καθορᾶται
1463 4837 1479 4862 ,
1529 4797 1568 4866 ἢ
1605 4815 1669 4851 τε
1703 4798 1872 4864 ἀΐδιοι

1998 4817 2099 4856 nos
2125 4803 2342 4872 scripsit
2369 4821 2383 4858 ι
2425 4802 2512 4858 Ea:
2541 4804 2729 4876 quibus
2760 4805 3004 4859 Christus
3028 4804 3316 4859 secundum
3341 4819 3574 4868 carnem,

377 4945 424 4976 ”
461 4940 654 4998 Matth.
684 4956 822 5008 xvu,
857 4941 910 4996 5.
988 4939 1034 4971 ³³
1070 4937 1217 4995 Psal.
1246 4955 1307 5006 ιι,
1335 4938 1386 4992 1.
1463 4937 1509 4970 ²¹ι
1547 4935 1706 4992 Joan.
1741 4954 1796 5011 ι,
1837 4939 1860 4990 1

1983 4941 2014 4971 ²⁸
2053 4940 2225 5012 Apoc.
2272 4957 2312 5009 ι,
2347 4943 2402 4997 4.

368 5099 400 5166 λ(
408 5097 494 5167 11)
536 5099 659 5153 Ὅτι
675 5098 827 5154 deest
844 5096 897 5151 in
922 5094 1148 5165 Seguer.
1171 5097 1391 5152 Gobler.
1416 5107 1471 5152 et
1496 5095 1806 5152 Felckman'.
1830 5098 1872 5151 1.

1993 5096 2104 5161 τὸν,
2131 5097 2224 5151 καὶ
2256 5097 2350 5151 νῦν
2385 5099 2551 5158 ἐστιν,
2587 5100 2682 5152 καὶ
2714 5100 2874 5164 αὐτός
2902 5101 3048 5154 ἐστιν
3076 5099 3106 5151 6
3126 5097 3224 5154 ὧν.

381 5169 497 5236 (12)
540 5168 860 5240 Seguerian.
886 5167 962 5231 ὠς
983 5168 1258 5240 ἀλλότρια.

381 5241 490 5310 (15)
534 5238 627 5310 Sic
655 5238 881 5310 Seguer.
912 5240 966 5292 In
1003 5241 1126 5295 aliis
1157 5240 1308 5310 deest
1332 5241 1500 5292 ἐστιν.
1806 5307 1822 5310 _

2067 5167 2177 5310 (18)
2221 5167 2312 5224 Sic
2349 5168 2578 5240 Segner.
2607 5171 2664 5224 in
2706 5172 2868 5226 editis
2897 5182 2948 5224 et
2980 5171 3124 5232 aliis,
3157 5172 3309 5226 deest
3336 5171 3503 5226 ἐστιν.

2094 5239 2156 5310 l9
2219 5238 2445 5310 Seguer.
2477 5240 2699 5296 Goblcr.
2730 5251 2784 5295 et
2809 5241 3051 5297 Felckm.
3088 5243 3143 5304 1,
3179 5240 3361 5309 φύσιν.

534 5238 966 5326 SicSegu‘erJn
998 5238 1500 5326 ξιιίὶεόοεὲιὲστιν.
1608 5317 1621 5326 Δ
1693 5310 1705 5326 ⁹
1794 5307 1824 5326 ρ

2219 5238 2446 5326 ἓεςιιοιῖ
2477 5240 2701 5326 Gonlllcr;
2730 5251 2784 5295 et
2809 5241 3051 5297 Felckm.
3088 5243 3148 5326 1,
3179 5240 3361 5309 φύσιν.

304 5307 494 5436 Μαι)
537 5307 762 5381 Seguer.
787 5311 1199 5382 ἐπισπείροντα,
1229 5307 1284 5364 e't
1314 5311 1479 5379 paulo
1506 5317 1648 5378 post,
1685 5307 1872 5362 ὐποὸαι

369 5397 512 5443 ντος.

2069 5307 2179 5380 (‘20)
2223 5307 2380 5381 Reg,
2407 5311 2633 5381 γενηθῇ,
2670 5310 2919 5381 Seguer.,
2949 5307 3266 5384 γενηθῆναι.

2071 5379 2182 5448 (⁸21)
2227 5380 2452 5450 Seglter.
2485 5381 2703 5436 Gobler.
2740 5391 2795 5436 et
2823 5381 3004 5438 Felck.
3037 5385 3090 5444 1,
3128 5383 3447 5450 ὲξεύρηνται

537 5451 706 5507 Basil.
742 5451 1020 5516 ἀπονοίας,
1056 5460 1116 5506 ιιι
1143 5460 1197 5505 et
1231 5451 1395 5505 habet
1422 5449 1636 5521 Anglic.
1661 5450 1713 5502 in
1745 5465 1872 5504 mar-

346 5539 455 5575 me.

2070 5419 2182 5519 (29.)
2227 5419 2329 5505 Si:
2339 5419 2672 5518 's‘ég'ué'rﬂi'
2691 5419 3247 5523 'n‘égi‘ubs'liddéifi'f
3569 5481 3580 5494 -

2002 5519 2094 5572 λον
2123 5522 2209 5574 ἀεὶ
2231 5521 2290 5575 τὸ
2317 5523 2507 5575 ἀΐδιον.

307 5539 455 5593 gnte.
477 5592 480 5593 ν
501 5586 522 5593 _
542 5590 567 5593 ᾧ
811 5592 820 5593 7
1126 5591 1163 5593 _
1202 5589 1214 5593 _
1252 5591 1264 5593 _
1353 5591 1366 5593 _
1494 5591 1505 5593 _
1723 5590 1733 5593 Α

2004 5537 2209 5593 ΛονΑαει
2231 5537 2290 5575 το
2317 5537 2507 5575 αιοιον.

255 5600 281 5643 ξ-
308 5586 335 5593 ⁷
381 5586 759 5662 (~l6)'Seguer.
794 5592 1012 5648 Gobler.
1047 5605 1100 5648 et
1125 5589 1306 5646 Felck.
1345 5591 1395 5655 1,
1424 5595 1456 5662 ἡ
1487 5590 1790 5661 δυσφημία.

381 5664 492 5733 (Π)
539 5662 767 5735 Segne)“.
803 5665 959 5735 Ἔστι
981 5663 1090 5735 γὰρ
1123 5664 1210 5735 de}
1236 5664 1329 5735 καὶ
1356 5663 1450 5716 νῦν
1489 5665 1624 5724 ἐστι,
1649 5663 1766 5735 -καὶ
1790 5664 1890 5735 αὑ-

304 5734 398 5799 τός
437 5737 583 5790 ἐστιν
612 5735 642 5788 ό
687 5734 782 5790 ὢν.
819 5734 1039 5791 Gobler.
1064 5733 1122 5791 et
1162 5733 1344 5790 Felck.
1393 5735 1446 5798 1,
1485 5733 1772 5805 σημαίνειν
1796 5734 1893 5788 αὐ-

2073 5591 2544 5663 (25)_chuerian.
2569 5599 2622 5645 et
2650 5592 2781 5660 Reg.
2811 5593 2998 5662 ἀφέλοι
3024 5594 3082 5647 τὸ
3105 5594 3294 5647 ἀΐδιον.
3330 5593 3452 5648 Mox
3482 5591 3582 5649 θοι

1999 5661 2402 5734 δυομϐοιιιοτ.
2439 5674 2492 5718 et
2520 5663 2758 5719 Felckm.
2800 5661 3099 5729 1,“Τούτοις
3126 5664 3234 5736 γὰρ
3259 5665 3373 5718 καί.
