3850 6218
256 266 325 319 55
830 262 889 316 S.
932 257 1301 317 ATIIANASII
1344 259 1497 319 OPP.
1539 258 1721 318 PARS
1763 258 1800 316 I'.
1874 270 1879 271 '

1895 292 1911 302 -
1952 256 2328 317 msrourca
2366 255 2456 312 ET
2496 242 2923 315 DOGMA'rIcAZ

3464 256 3556 318 ’36

254 361 344 430 qui
371 367 450 412 est
473 372 632 428 super
665 358 846 412 omnia
875 356 1013 413 Deus
1061 358 1359 412 benedictus
1389 360 1444 412 in
1473 359 1641 430 328
1676 376 1825 414 sa’cu'

1945 357 2132 411 αὐτοῦ
2164 355 2423 424 δύναμις
2450 354 2547 408 καί
2574 355 2824 423 θειότης.
2845 355 2941 418 Τίς
2968 354 3025 408 δὲ
3052 356 3085 426 ὴ
3107 353 3201 408 τοῦ
3230 353 3364 408 Θεοῦ
3389 355 3545 409 δύνα-

254 450 312 504 la
339 450 405 505 ".
435 448 574 503 Cum
603 449 732 504 item
762 450 990 519 gentiles
1035 449 1365 514 confutaret,
1393 453 1470 505 ait
1499 470 1510 504 :
1542 450 1842 506 Invisibiiia

254 541 396 594 enim
437 541 604 610 ipsius
634 555 700 594 ex
743 541 1007 595 creatione
1054 541 1272 609 mundi,
1322 559 1416 611 per
1456 558 1519 596 ea
1546 558 1666 613 qua’
1699 543 1845 612 facta

256 643 412 694 sunt,
459 630 731 685 intellecta
785 631 1188 699 conspiciuntur
1216 671 1232 697 ,
1273 632 1597 701 sempiterna
1641 649 1844 703 quoque

255 725 369 786 eius
404 724 573 778 virtus
602 733 652 778 et
681 725 938 778 divinitas
977 726 1045 778 ⁸⁷.
1087 725 1221 792 Quae
1248 742 1378 781 vero
1402 726 1475 782 sit
1506 727 1682 782 virtus
1710 725 1841 792 Dei,

257 818 400 872 idem
430 818 627 871 iterum
653 817 739 871 bis
781 817 964 872 verbis
992 816 1171 883 docet,
1220 816 1469 873 Christus
1526 818 1620 872 Dei
1679 819 1844 872 virtus

255 919 306 963 et
332 907 432 962 Dei
481 909 745 978 sapientia
774 908 841 963 ³⁸.
882 906 993 965 Nec
1024 909 1171 963 enim
1215 909 1321 964 hoc
1370 908 1579 963 inloco
1626 907 1842 962 Patrem

256 1003 430 1058 voluit
467 1002 812 1072 signiﬁcare,
858 1011 918 1056 ut
968 1001 1158 1056 soletis
1204 1002 1347 1056 inter
1398 1015 1496 1055 vos
1550 1000 1840 1064 dictitare,

256 1098 467 1153 aientes
494 1114 509 1152 :
539 1096 704 1152 Pater
727 1112 826 1152 sua
852 1097 1025 1167 ipsius
1041 1105 1125 1151 est
1150 1097 1481 1166 sempiterna
1511 1095 1705 1149 virtus.
1723 1091 1841 1147 Non
1863 1154 1893 1166 ,-

255 1188 331 1242 ita
371 1204 506 1260 sane
529 1197 632 1244 est.
659 1186 769 1243 Nec
792 1189 940 1243 enim
977 1189 1134 1255 dixit,
1164 1189 1280 1258 ipse
1327 1187 1475 1243 Deus
1516 1196 1600 1241 est
1621 1186 1795 1240 virtus
1825 1227 1840 1250 ,

1953 466 2064 519 μις,
2119 448 2290 511 αὐτὸς
2346 445 2506 498 πάλιν
2565 446 2805 499 διδάσκει
2866 445 2978 515 (21)
3037 445 3241 515 λέγων·
3289 448 3550 516 Χριστὸς

1952 542 2101 596 Θεοῦ
2124 541 2404 611 δύναμις,
2427 539 2525 592 καὶ
2553 540 2700 592 θεοῦ
2723 540 2929 608 σοφία.
2957 541 3029 593 Οὐ
3062 540 3172 611 γὰρ
3199 538 3263 611 δὴ
3285 539 3443 594 τοῦτο
3464 540 3553 593 λέ-

1950 651 2063 704 γων
2095 632 2187 686 τὸν
2219 630 2444 702 Πατέρα
2481 632 2756 701 σημαίνει,
2787 630 2863 695 ὡς
2901 631 3160 695 πολλάκις
3203 631 3341 704 πρὸς
3378 631 3553 703 an"?

1949 727 2073 791 λους
2102 727 2213 799 (25)
2257 724 2611 796 ἑψιαυρίσατε
2676 723 2954 793 λέγοντες·
2992 725 3049 778 'U
3077 726 3267 797 Πατήρ
3315 727 3461 778 ἐστιν
3512 727 3552 796 ἡ

1948 821 2119 885 ἀΐδιος
2151 820 2317 874 αὐτοῦ
2373 816 2623 887 δύναμις.
2660 819 2774 871 Οὐκ
2805 818 2921 873 ἐστι
2966 818 3024 872 δὲ
3061 817 3267 882 οὕτως’
3315 819 3376 872 οὐ
3432 818 3552 889 γὰρ

1948 912 2189 987 εἴρηκεν,
2220 912 2383 976 αὐτὸς
2418 913 2448 966 ό
2481 908 2614 973 Θεὸς
2653 911 2802 964 ἐστιν
2840 913 2875 981 ή
2913 910 3177 980 δύναμις·
3215 910 3330 968 ἀλλ’
3374 909 3551 964 αὐτοῦ

1948 1006 2098 1058 ἐστιν
2128 1007 2161 1074 ἡ
2195 1004 2444 1076 δύναμις.
2480 1000 2722 1073 Εὔδηλον
2753 1003 2811 1057 δὲ
2841 1002 3004 1057 πᾶσίν
3029 1004 3197 1066 ἐστιν,
3234 1003 3309 1066 ὼς
3346 1001 3408 1055 τὸ
3439 1001 3549 1055 αὐ-

1943 1094 2039 1149 τοῦ
2088 1096 2200 1167 (26)
2251 1097 2352 1150 οὐκ
2380 1096 2526 1152 ἐστιν
2551 1094 2749 1159 αὐτὸς,
2794 1094 2911 1148 ἀλλ’
2931 1093 3050 1148 οὐδὲ
3085 1092 3233 1159 ξένον
3257 1133 3273 1158 ,
3325 1094 3453 1149 ἴδιον
3482 1095 3549 1149 δὲ

1949 1186 2149 1257 μᾶλλον
2178 1188 2366 1242 αὐτοῦ.
2402 1190 2711 1258 ’Δνάγνωτε
2742 1187 2800 1240 δὲ
2819 1186 2914 1240 καὶ
2935 1185 3033 1257 τὴν
3074 1186 3396 1240 ἀκολουθίαν
3429 1187 3546 1240 τῶν

225 1280 382 1344 -sed,
433 1280 555 1350 ejus
602 1289 687 1335 est
737 1281 935 1336 virtus.
989 1279 1204 1335 Nemini
1237 1295 1400 1351 porro
1424 1279 1650 1333 dubium
1682 1277 1815 1333 fueri

1950 1281 2212 1351 ῥημάτων
2243 1281 2378 1353 (27),
2407 1282 2499 1336 καὶ
2531 1278 2903 1354 ἐπιστρέψατε
2932 1278 3070 1348 πρὸς
3093 1278 3298 1350 Κύριον
3321 1295 3334 1307 ·
3368 1279 3453 1350 (Ὀ
3468 1277 3549 1331 δὲ

254 1372 386 1441 quin
425 1371 501 1435 id,
532 1370 678 1440 quod
704 1371 824 1440 ejus
869 1380 974 1433 est,
1006 1385 1115 1425 non
1169 1371 1314 1426 idem
1369 1371 1441 1425 sit
1477 1371 1624 1441 quod
1679 1370 1792 1437 ipse
1825 1389 1837 1425 :

255 1478 358 1519 nec
389 1471 568 1517 tamen
596 1463 699 1518 hoc
728 1463 906 1533 ipsum
933 1463 1003 1517 ab
1032 1477 1099 1517 eo
1130 1474 1215 1518 est
1246 1463 1510 1527 alienum,
1542 1464 1636 1518 sed
1658 1464 1841 1533 potius

1944 1374 2162 1441 Κύριος
2183 1373 2249 1427 τὸ
2278 1372 2523 1444 Πνεῦμα
2545 1374 2676 1429 ἐστι
2696 1373 2746 1443 ο)
2784 1371 2880 1425 καὶ
2905 1368 3101 1439 ὄψεσθε
3130 1370 3259 1441 περὶ
3289 1369 3381 1423 τοῦ
3406 1367 3542 1423 Υίοῦ

1943 1463 2084 1521 εἶναι
2117 1467 2177 1521 τὸ
2214 1468 2630 1540 σημαινόμενον.

253 1554 377 1623 ejus
404 1554 686 1625 proprium
745 1562 852 1610 est.
914 1551 1117 1609 Verum
1166 1555 1327 1624 legite
1362 1571 1484 1624 quze
1542 1565 1731 1626 postea
1783 1568 2130 1627 sequuntur,
2201 1570 2256 1614 et
2326 1561 2703 1617 convertimini
2765 1561 2833 1617 ad
2881 1555 3198 1618 Dominum,
3253 1554 3542 1625 (Domina!

253 1658 432 1704 autem
458 1648 691 1720 Spiritus
719 1660 797 1703 est
826 1651 892 1721 ")
923 1650 1165 1720 illudque
1189 1650 1256 1705 de
1285 1649 1423 1705 Filio
1455 1651 1681 1722 intelligi
1700 1649 1860 1705 facile
1897 1654 2259 1724 perspicietis.

323 1740 414 1797 12.
455 1738 660 1808 Nempe
692 1749 982 1810 postquam
1012 1739 1308 1795 creationis
1334 1740 1694 1806 meminisset,
1718 1740 1825 1793 val-

2009 1743 2096 1797 12.
2140 1744 2277 1817 Περὶ
2295 1743 2404 1816 γὰρ
2434 1743 2537 1813 τῆς
2561 1744 2791 1808 κτίσεως
2811 1740 3194 1815 μνημονεύων,
3220 1737 3538 1805 ἀκολούθως

251 1833 321 1889 de
351 1839 720 1904 congruenter
750 1831 818 1886 de
847 1830 1061 1901 opiﬁcis
1096 1830 1150 1885 in
1184 1830 1302 1901 ipsa
1336 1830 1612 1885 creatione
1640 1831 1841 1885 virtute

249 1926 525 1996 loquitur,
574 1940 697 1996 quae
752 1923 976 1995 quidem
1006 1924 1183 1979 virtus
1228 1922 1467 1978 Verbum
1502 1932 1587 1979 est
1623 1922 1715 1978 Dei
1744 1939 1839 1994 per

248 2020 397 2089 quod
425 2019 616 2073 omnia
642 2016 788 2072 facta
823 2023 975 2072 sunt.
1022 2015 1080 2070 Si
1126 2015 1293 2086 igitur
1317 2031 1501 2070 rerum
1526 2023 1834 2070 creatarum

248 2121 444 2165 natura
476 2111 647 2166 Deum
699 2125 771 2165 ex
826 2125 887 2164 se
931 2108 1047 2164 sola
1084 2109 1203 2163 sine
1232 2107 1374 2162 Filio
1420 2108 1597 2179 possit
1641 2116 1835 2163 uotum

246 2202 428 2259 facere
445 2244 461 2269 ,
488 2203 665 2258 videte
691 2218 759 2258 ne
782 2201 979 2266 ruatis,
1009 2201 1342 2256 arbitrantes
1367 2201 1532 2256 etiam
1557 2202 1675 2257 sine
1694 2200 1836 2256 Filio

246 2296 394 2350 iilam
427 2310 553 2351 esse
583 2294 805 2351 factam.
833 2293 892 2350 Si
925 2309 1092 2365 porro
1119 2293 1304 2349 omnia
1341 2309 1438 2364 per
1461 2293 1662 2348 Filium
1690 2295 1833 2349 facta

243 2396 376 2444 sunt
399 2397 455 2444 et
482 2388 538 2442 in
568 2403 633 2443 eo
657 2388 971 2444 consistunt
999 2405 1011 2441 :
1061 2386 1109 2441 is
1142 2387 1234 2456 qui
1267 2386 1368 2441 rite
1394 2394 1631 2441 creatam
1668 2394 1832 2441 natu-

241 2494 363 2533 ram
392 2478 628 2534 voluerit
654 2477 1038 2548 contemplari,
1068 2476 1307 2533 Verbum
1334 2493 1552 2549 quoque
1573 2521 1588 2545 ,
1642 2493 1672 2532 a
1722 2493 1835 2549 quo

243 2580 329 2628 est
358 2573 579 2628 condita
609 2571 918 2628 necessarie
942 2571 1410 2640 contemplabitur
1429 2611 1445 2638 ,
1507 2585 1571 2625 ac
1615 2566 1832 2625 Patrem

242 2677 341 2732 per
367 2662 545 2732 ipsam
601 2660 904 2732 intelligere
957 2660 1202 2730 incipiet.
1241 2657 1399 2724 Quod
1444 2657 1490 2712 si
1526 2656 1830 2712 secundum

244 2749 610 2821 Salvatorem,
645 2748 815 2804 Nemo
842 2750 986 2802 navit
1020 2747 1236 2803 Patrem
1268 2748 1373 2801 nisi
1408 2745 1583 2800 Filius
1606 2786 1621 2812 ,
1666 2754 1715 2799 et
1744 2747 1831 2799 cui

175 2892 179 2897 .
241 2841 470 2896 voluerit
501 2839 681 2894 Filius
716 2839 946 2895 revelare
1011 2840 1095 2907 ³ο,
1155 2839 1203 2894 si
1261 2840 1391 2894 item
1439 2836 1694 2908 Philippo
1738 2836 1833 2892 di-

242 2934 409 3001 centi,
439 2932 670 2989 Ostende
702 2933 854 2987 nobis
880 2935 1119 2997 Patrem,
1142 2946 1252 2986 non
1283 2929 1583 3000 respondit,
1616 2930 1831 2983 intuere

240 3041 332 3081 res
359 3035 597 3091 creatas,
626 3025 744 3091 sed,
765 3023 870 3089 Qui
901 3022 1035 3078 vidit
1069 3038 1172 3086 me,
1199 3022 1329 3077 vidit
1355 3020 1577 3075 Patrem
1604 3019 1649 3051 ³³
1678 3038 1691 3075 :
1731 3018 1828 3073 ad-

1941 1833 2143 1905 γράφει
2173 1836 2268 1887 καὶ
2298 1835 2424 1905 περὶ
2448 1834 2549 1904 τῆς
2579 1836 2637 1889 ὲν
2656 1837 2721 1905 τῇ
2750 1834 3038 1888 κτίσειτοῦ
3061 1829 3399 1906 δημιουργοῦ
3418 1830 3537 1902 (28)

1939 1928 2247 2000 δυνάμεως,
2276 1928 2400 1999 ἥτις
2430 1927 2576 1980 ἐστὶν
2601 1928 2630 1979 ὁ
2659 1926 2832 1995 Λόγος
2865 1926 2958 1980 τοῦ
2987 1926 3145 1993 Θεοῦ,
3163 1923 3234 1979 δι’
3267 1918 3327 1976 οὗ
3349 1922 3537 1976 καὶτὰ

1940 2021 2119 2075 πάντα
2146 2021 2391 2089 γέγονεν.
2427 2021 2490 2072 Ei
2529 2018 2627 2090 μὲν
2660 2014 2752 2073 οῦν
2789 2020 3072 2092 αὐτάρκης
3101 2016 3317 2086 ἐστὶψή
3353 2014 3534 2077 κτίσις

1938 2114 2030 2183 ἀφ’
2057 2112 2256 2183 ἑαυτῆς
2311 2113 2479 2183 μόνης
2530 2112 2705 2185 χωρὶς
2732 2110 2865 2165 Υἱοῦ
2923 2111 3191 2185 γνωρίσαι
3229 2111 3321 2166 τὸν
3370 2106 3528 2168 Θεὸν,

1938 2206 2193 2257 σκοπεῖτε
2226 2202 2301 2274 μὴ
2332 2202 2558 2274 πέσητε,
2590 2204 2905 2273 νομίζοντες
2925 2202 3020 2256 καὶ
3049 2202 3219 2274 χωρὶς
3256 2202 3387 2256 Υἱοῦ
3429 2198 3531 2268 τὴν

1935 2292 2114 2347 κτίσιν
2146 2292 2428 2363 γεγονέναι
2452 2309 2466 2323 ⁸
2494 2294 2542 2346 εί
2565 2293 2621 2345 δὲ
2648 2292 2718 2346 δι’
2748 2292 2881 2346 Υἱοῦ
2917 2293 3128 2362 γέγονε,
3157 2293 3251 2346 καὶ
3282 2296 3339 2347 ἐν
3370 2288 3531 2359 αὐτῷ

1934 2386 2003 2441 τὰ
2026 2386 2204 2440 πάντα
2233 2387 2588 2460 συνέστηκεν,
2616 2386 2675 2451 ἐξ
2692 2386 2940 2459 ἀνάγκης
2965 2388 2993 2439 ὁ
3014 2387 3111 2457 τὴν
3144 2386 3323 2440 κτίσιν
3346 2385 3528 2457 ὀρθῶς

1935 2476 2157 2550 θεωρῶν
2188 2478 2382 2549 θεωρεῖ
2411 2478 2506 2532 καὶ
2532 2476 2623 2531 τὸν
2655 2476 2860 2549 ταύτην
2890 2478 3371 2550 δημιουργήσαντα
3415 2477 3521 2531 Λό-

1932 2587 2047 2640 γον,
2079 2571 2173 2623 καὶ
2199 2570 2267 2623 δι’
2285 2570 2448 2623 αὐτοῦ
2462 2570 2550 2624 τὸν
2578 2570 2800 2642 Πατέρα
2815 2574 2955 2624 νοεῖν
2971 2571 3196 2643 ἄρχεται
3211 2588 3225 2601 ι
3269 2572 3318 2624 εί
3348 2570 3404 2624 δὲ
3424 2572 3521 2624 καὶ

1932 2662 2071 2715 κατὰ
2101 2663 2191 2715 τὸν
2215 2661 2442 2734 Σωτῆρα
2461 2661 2594 2734 (29),
2630 2662 2840 2728 Οὐδεὶς
2862 2662 3138 2732 γινώσκει
3160 2662 3270 2715 τὸν
3289 2661 3521 2728 Πατέρα

1930 2753 2083 2822 εἰμὴ
2112 2756 2145 2807 ό
2186 2753 2340 2820 Υἱὸς,
2373 2754 2472 2808 καὶ
2493 2748 2542 2820 ᾧ
2568 2754 2645 2808 ἂν
2684 2757 2717 2809 ό
2757 2755 2889 2820 Υἱὸς
2913 2756 3285 2823 ἀποκαλύψῃ
3305 2772 3320 2787 ν
3347 2753 3428 2824 τῷ
3458 2772 3517 2808 τε

1928 2846 2181 2916 Φιλίππῳ
2214 2845 2445 2914 λέγοντι,
2474 2845 2709 2911 ξΔεῖξον
2755 2848 2901 2917 ἡμῖν
2948 2847 3057 2900 τὸν
3101 2850 3336 2913 Πατέρα
3363 2887 3377 2911 ,
3416 2846 3517 2899 οὐκ

1930 2934 2101 3002 ἔλεγε,
2139 2934 2301 3005 βλέπε
2326 2935 2436 3007 (50)
2470 2936 2569 3008 τὴν
2596 2935 2773 2989 κτίσιν
2792 2976 2807 3000 ,
2849 2936 2965 2989 ἀλλ’
3020 2939 3072 2989 '0
3102 2935 3208 3005 ἐμὲ
3245 2934 3517 3004 ἑωρακὼς

1928 3023 2149 3091 ἑώρακε
2172 3024 2280 3078 τὸν
2305 3025 2538 3094 Πατέρα
2556 3041 2568 3055 ο
2603 3027 2827 3090 εἰκότως
2850 3029 2878 3080 ὁ
2915 3026 3147 3090 Παῦλος,
3193 3027 3516 3098 αἰτιώμενος

239 3124 465 3179 modum
530 3122 919 3180 convenienter
984 3119 1189 3176 Paulus
1245 3119 1473 3191 gentiles
1533 3118 1825 3188 increpans

1935 3116 2055 3178 τοὺς
2091 3114 2504 3185 Ἕλληνας,ὄτι,
2532 3114 2630 3186 τὴν
2672 3115 2937 3187 ἁρμονίαν
2975 3116 3072 3170 καὶ
3103 3115 3201 3187 τὴν
3228 3096 3383 3184 τάξιν
3411 3116 3517 3188 τῆς

236 3218 384 3286 quod
415 3223 742 3271 concentum
775 3222 831 3269 et
856 3212 1104 3270 ordinem
1139 3228 1323 3268 rerum
1353 3220 1659 3267 creatarum
1689 3227 1821 3267 con-

239 3308 580 3377 templantes,
616 3307 753 3361 nihil
810 3307 879 3361 de
946 3303 1121 3360 Verbo
1166 3320 1357 3361 earum
1389 3304 1584 3374 opilice
1616 3306 1822 3375 cogita-

237 3409 361 3457 rent
387 3400 649 3472 (namque
680 3414 769 3454 res
807 3409 1003 3454 creatae
1030 3414 1190 3454 suum
1222 3398 1466 3453 indicant
1499 3396 1773 3468 Opiﬁcem)
1801 3440 1817 3465 ,

234 3502 297 3548 ut
321 3507 416 3562 per
444 3493 592 3562 ipsas
618 3492 783 3546 etiam
814 3506 1000 3545 verum
1038 3491 1207 3546 Deum
1243 3499 1620 3561 agnoscerent,
1650 3490 1818 3544 absti-

235 3590 538 3651 nerentque
563 3596 595 3635 a
621 3596 807 3636 rerum
839 3590 1151 3636 ere-alarum
1196 3581 1369 3645 cultu,
1395 3579 1712 3641 admodum,
1739 3579 1821 3632 in-

233 3687 421 3743 quam,
448 3672 837 3728 convenienter
885 3672 1065 3736 dixit,
1111 3673 1432 3742 sempiterna
1464 3687 1666 3742 quoque
1706 3670 1819 3738 ejus

234 3764 399 3817 virtus
422 3772 475 3817 et
501 3763 752 3818 divinitas
771 3763 840 3829 ³’,
862 3774 921 3817 ιιι
953 3763 1037 3818 bis
1056 3761 1254 3819 Filium
1282 3763 1631 3833 signiﬁcaret.
1647 3760 1821 3817 Porro

233 3871 359 3909 cum
394 3854 549 3909 aiunt
600 3854 808 3918 sancti,
848 3853 953 3920 Qui
985 3855 1194 3908 exsistit
1224 3863 1345 3908 ante
1375 3853 1594 3917 sweuta,
1625 3862 1680 3908 et
1728 3869 1821 3922 per

232 3961 385 4016 quem
412 3946 535 4015 fecit
564 3944 781 4007 saecula,
812 3960 921 3999 non
949 3945 1134 3999 minus
1157 3943 1356 3997 Filium
1379 3953 1643 3998 aeternum
1676 3959 1820 3997 sem—

236 4038 623 4110 piternumque
655 4037 973 4108 pradicant,
997 4051 1235 4107 eumque
1270 4036 1371 4091 hac
1412 4037 1623 4090 ratione
1651 4033 1822 4089 Deum

229 4145 356 4186 esse
406 4128 736 4201 signiﬁcant.
777 4127 911 4183 Nam
944 4128 1112 4184 Isaias
1152 4127 1323 4183 dicit:
1377 4126 1515 4181 Deus
1542 4127 1821 4197 sempiter-

232 4239 331 4277 nus
356 4223 448 4294 qui
472 4222 672 4277 ereavit
729 4222 977 4275 terminos
1021 4231 1177 4275 terra:
1207 4220 1272 4285 ",
1319 4217 1572 4274 Susanna
1602 4231 1821 4287 quoque

1931 3206 2160 3269 κτίσεως
2189 3206 2542 3281 θεωροῦντες,
2570 3208 2630 3261 οὐ
2669 3206 3007 3261 διανοοῦνται
3040 3207 3150 3278 (51)
3191 3206 3432 3279 περὶτοῦ
3455 3209 3515 3261 ὲν

1931 3297 2068 3371 αὐτῇ
2096 3300 2429 3372 δημιουργοῦ
2454 3301 2628 3370 Λόγου
2651 3319 2664 3332 ·
2711 3300 2816 3371 (τὰ
2852 3300 2961 3372 γάρ
3009 3300 3283 3372 κτίσματα
3319 3303 3513 3374 μηνύει

1927 3392 2020 3446 τὸν
2043 3392 2250 3447 ἑαυτῶν
2286 3394 2686 3467 δημιουργόν·)
2721 3394 2807 3448 ἵνα
2835 3393 2900 3446 δι’
2934 3395 3115 3448 αὐτῶν
3146 3394 3255 3464 (52)
3292 3396 3387 3448 καὶ
3421 3395 3513 3447 τὸν

1929 3484 2180 3554 ἀληθινὸν
2224 3485 2356 3539 Θεὸν
2385 3487 2642 3558 νοήσωσι,
2675 3487 2768 3540 καὶ
2813 3487 3129 3540 παύσωνται
3162 3487 3263 3558 τῆς
3312 3489 3392 3550 είς
3444 3487 3512 3539 τὰ

1925 3578 2200 3647 κτίσματα
2226 3579 2502 3652 λατρείας,
2549 3578 2792 3652 εἴρηκεν,
2818 3579 2856 3645 ἢ
2893 3597 2958 3633 τε
2983 3579 3175 3651 ἀΐδιος
3200 3579 3388 3634 αὐτοῦ
3406 3578 3511 3633 δύ-

1924 3684 2101 3737 ναμις
2125 3668 2223 3722 καὶ
2255 3671 2487 3737 θειότης
2504 3670 2636 3739 (55),
2669 3671 2755 3723 ἵνα
2776 3669 2866 3722 τὸν
2894 3669 3021 3722 Υίὺν
3045 3671 3285 3743 σημάνῃ.
3314 3670 3513 3739 Λέγον-

1922 3776 2014 3823 τες
2047 3759 2105 3814 δὲ
2136 3761 2184 3813 οἱ
2207 3761 2371 3830 ἅγιοι,
2418 3762 2471 3814 Ὁ
2504 3760 2793 3830 ὑπάρχων
2810 3760 2925 3828 πρὸ
2953 3760 3071 3815 τῶν
3107 3761 3337 3816 αίώνων
3357 3801 3372 3825 ,
3415 3765 3511 3816 καὶ

1923 3851 1997 3907 δι’
2031 3849 2103 3910 οὗ
2136 3853 2388 3922 ἐποίησε
2409 3853 2554 3919 τοὺς
2577 3852 2817 3920 αἰῶνας,
2854 3854 3003 3908 οὐδὲν
3042 3849 3206 3925 ἦττον
3248 3853 3411 3908 πάλιν
3449 3856 3511 3908 τὸ

1922 3945 2092 4001 ἀΐδιον
2125 3945 2568 4016 εὐαγγελίζονται
2590 3945 2687 4000 τοῦ
2721 3945 2850 4001 Υίοῦ
2873 3948 2964 4002 καὶ
2987 3946 3049 4001 τὸ
3076 3944 3294 4000 αἰώνων
3313 3987 3329 4013 ,
3370 3948 3427 4000 ὲν
3464 3940 3510 4014 ᾧ

1920 4035 2015 4090 καὶ
2045 4035 2206 4089 αὐτὸν
2235 4036 2327 4089 τὸν
2351 4036 2483 4089 Θεὸν
2515 4036 2893 4107 σημαίνουσιν.
2930 4037 2985 4091 Ὁ
3009 4036 3107 4108 μὲν
3139 4037 3248 4109 γὰρ
3279 4037 3510 4100 Ἡσαΐας

1921 4126 2084 4198 φησί·
2119 4125 2265 4194 Θεὸς
2288 4125 2524 4192 αἰώνιος
2552 4126 2684 4199 (54),
2705 4130 2738 4180 ὁ
2763 4126 3231 4195 κατασκευάσας
3260 4126 3332 4180 τὰ
3353 4128 3507 4196 ἄκρα

1918 4219 2030 4289 τῆς
2060 4219 2173 4290 γῆς
2191 4238 2205 4252 ·
2234 4222 2268 4293 ή
2301 4220 2359 4273 δὲ
2388 4221 2661 4275 Σουσάννα
2686 4221 2870 4291 ἔλεγεν
2891 4241 2904 4254 ·
2933 4223 2996 4275 '0
3021 4221 3166 4287 Θεὸς
3196 4225 3228 4276 ό
3246 4221 3503 4288 αὶώνιος’

231 4274 449 4369 aiebat:
484 4313 624 4367 Deus
671 4314 983 4383 sempiterna
1012 4312 1078 4367 “.
1112 4311 1329 4367 Baruch
1384 4310 1516 4365 item
1549 4310 1771 4378 scripsit
1799 4327 1814 4363 :

2067 4274 2559 4385 Παροὺέυὲγραφε·
2605 4274 2980 4385 Κεκριίεομαι
3020 4274 3173 4384 πρὸς
3202 4274 3325 4370 *τὸν
3373 4274 3507 4370 uici)-

232 4405 490 4463 Clamabo
529 4408 601 4460 ad
635 4405 806 4460 Deum
847 4404 1221 4476 sempiternum
1266 4403 1324 4458 in
1353 4401 1538 4456 diebus
1569 4401 1697 4454 meis
1744 4399 1809 4454 ³⁵.

1935 4419 2051 4456 θιον
2078 4403 2192 4472 (55)
2240 4404 2311 4456 ἐν
2352 4403 2483 4471 ταῖς
2540 4404 2788 4474 ἡμέραις
2828 4424 2949 4475 μου
2970 4420 2983 4433 ⁵
3025 4407 3120 4459 καὶ
3168 4407 3283 4476 μετ’
3313 4405 3501 4474 ὀλίγα’

299 4592 348 4623 ³⁸
390 4588 554 4648 Rom.
594 4605 673 4655 Ix,
708 4589 763 4646 5.
837 4589 884 4622 "
926 4587 1086 4645 Rom.
1122 4604 1162 4650 ι,
1197 4587 1288 4643 20.
1347 4585 1391 4618 ’⁸
1430 4586 1452 4638 l
1498 4583 1627 4639 Cor.
1661 4600 1700 4646 I,
1732 4584 1820 4645 24,

229 4662 275 4694 ³³
299 4659 459 4717 Rom.
487 4678 524 4727 ι,
555 4661 650 4716 20.

299 4795 414 4868 (24)
457 4794 782 4868 Seguerian.
834 4789 1459 4868 AprlerianLFel‘ckm.
1524 4787 1584 4868 i,_
1636 4787 1805 4847 Basil.

226 4874 283 4922 et
309 4858 559 4939 Anglic;
580 4865 794 4939 Παῦλος
828 4863 1092 4939 διδάσκει.
1121 4861 1259 4917 Ibid.
1288 4858 1733 4939 Idasilgrpoicpwv.

320 4929 429 5009 25)
455 4929 549 5009 ξίό
574 4937 814 5009 ίδθειιοιξ
839 4933 917 5009 At
939 4934 1069 5009 editi
1103 4948 1226 5009 cum
1253 4932 1396 5009 aliis,
1430 4929 1698 5009 ἀλλήλοις.

318 5000 408 5077 26)
449 5000 681 5063 ϐοωιιιοῖ
694 5019 750 5062 et
776 5004 1015 5077 Fechtm.
1049 5004 1314 5077 1,]ιτᾶσινΔ
1334 5000 1410 5077 ᾡς
1428 5000 1707 5077 seems.

318 5070 411 5150 27)
453 5077 798 5150 seguerian.,
841 5076 949 5150 τῷν
993 5074 1193 5146 ῥητῶν.
1240 5074 1375 5130 Ibid.
1418 5070 1811 5129 Gublerian.et

223 5145 467 5204 Felckm.
503 5148 555 5212 1,
586 5150 681 5202 καὶ
710 5145 1073 5218 ἐπιγράψατεί.

294 5219 405 5292 (28)
450 5220 543 5292 Sic
577 5214 894 5292 Seguerain
922 5214 1044 5292 aiiis
1067 5231 1195 5272 vero
1234 5214 1387 5292 deest
1409 5216 1525 5292 τοῦ.

295 5285 552 5364 (2υ)βιι;Δ
587 5285 909 5364 ὃεὲιιοιήιιιι.
953 5287 1282 5364 [tegatque
1319 5285 1810 5364 it_a_legerat_Nan-

223 5355 578 5425 nius.'Editi,
614 5355 683 5415 ut
703 5370 758 5414 et.
790 5360 919 5423 legit
957 5355 1317 5428 Ouinibonus,
1347 5355 1541 5428 Λόγον,
1579 5360 1699 5428 καὶ.
1720 5356 1809 5410 οὐ-

220 5430 628 5519 ςπεὶςιγινώσκεέ,
661 5429 754 5519 τον
805 5430 1063 5519 [latet-Sea:
1093 5427 1363 5519 elevari!“
1385 5426 1637 5519 "siegng
1659 5426 1804 5519 ilice;

226 5494 448 5627 (ξρόυιὲτ.
491 5511 546 5557 et
588 5500 829 5557 Felckm.
865 5501 918 5567 ι,
955 5494 1000 5569 ᾧ
1033 5500 1098 5554 ἂν
1144 5498 1343 5562 ὁΥἱός.
1384 5494 1615 5569 Edunt}.
1655 5497 1749 5552 ἐὰν
1779 5499 1809 5549 ὁ

280 5589 296 5627 ι
330 5591 378 5627 ς.

280 5589 378 5636 ιος.

300 5643 415 5712 (50)
459 5642 710 5709 Seguer.,
736 5641 996 5703 Βλέπετε,
1016 5641 1255 5696 utetiam
1282 5641 1489 5712 legerat
1531 5639 1803 5697 Nannius.

304 5712 421 5787 (51)
465 5713 812 5787 Seguerian.,
846 5712 1170 5769 διανοεῖσθε.

1901 4585 1945 4618 ³⁸
1971 4584 2014 4639 II
2055 4584 2183 4640 Cor.
2231 4601 2313 4647 ιιι,
2356 4585 2444 4640 17.
2521 4586 2769 4644 “Matth.
2808 4589 2982 4655 κι,27.
3056 4588 3099 4621 ³⁸
3125 4586 3282 4643 Joan.
3308 4587 3497 4651 x1v,9.

748 4661 793 4692 ³³
825 4659 932 4717 Isa.
964 4676 1053 4727 XL,
1086 4658 1178 4713 28.
1254 4658 1298 4689 ³³
1331 4655 1466 4711 Dan.
1497 4671 1616 4722 xm,
1653 4656 1743 4708 42.
1822 4656 1865 4690 ³⁸
1902 4656 2025 4712 Bar.
2062 4672 2137 4721 IV,
2170 4656 2262 4722 20,
2285 4657 2373 4711 22.

1994 4790 2240 4863 (52);Sic
2284 4792 2657 4861 Seguerianus
2703 4792 2946 4862 et_Reg.,
2985 4802 3127 4849 utet
3150 4792 3501 4853 Omnibonus

1917 4861 2339 4933 legit.'Felckm.
2373 4865 2428 4928 5,
2463 4862 2531 4916 δι’
2562 4864 2745 4927 αὐτόν,
2791 4861 3251 4933 quémadmodum
3282 4868 3500 4921 videtur

1915 4931 2113 5004 legisse
2141 4931 2534 5004 Nannius,iqui
2557 4934 2740 4996 vertit,
2767 4931 2824 4987 ut
2848 4951 2940 5002 per
2961 4952 3099 4996 eum,
3127 4948 3305 4989 verum
3328 4935 3496 4991 Deum

1915 5002 2236 5077 intelligant.
2263 5002 2387 5077 M_ox
2414 5002 2637 5074 Séguer.
2668 5006 2901 5077 νοήσηςε
2925 5007 3016 5058 καὶ
3048 5005 3349 5077 παύσησθε.

1988 5072 2109 5146 (55),
2146 5072 2251 5147 ξομ
2288 5072 2611 5147 Seguerian.
2665 5072 2999 5147 Reg.Basil.
3046 5072 3331 5147 Anglican.
3385 5075 3495 5131 Go-

1914 5143 2051 5201 bler.
2080 5153 2134 5199 et
2166 5143 2403 5200 Felcktn.
2430 5144 2481 5197 1.
2515 5147 2587 5198 At
2612 5143 2762 5209 editi,
2786 5144 2995 5209 θεότης.

1987 5214 2100 5287 (54)
2138 5212 2235 5287 _Sie
2279 5214 2504 5287 Seguer.
2552 5214 2775 5287 Gobler.
2804 5212 3042 5287 Felekm.
3076 5217 3220 5287 1,7et
3249 5217 3302 5271 in
3344 5225 3492 5273 textu

1915 5284 2104 5358 graeco
2134 5284 2306 5358 Isaiae.
2341 5285 2483 5358 Editi
2507 5325 2523 5351 ,
2557 5284 2587 5337 ὁ
2615 5285 2746 5348 Θεὸς
2786 5286 2815 5337 ὁ
2845 5284 3082 5350 αἰώνιος.
3115 5286 3240 5342 Mox
3266 5287 3402 5358 Reg.
3439 5300 3494 5344 ιι

1914 5355 2098 5412 FeIck.
2131 5356 2156 5408 1
2169 5396 2182 5418 ,
2208 5356 2484 5409 Σωσάννα.

1988 5426 2104 5497 (55)
2146 5426 2238 5498 Sic
2282 5426 2507 5498 Seguer.
2560 5435 2615 5481 et
2666 5436 2846 5482 textus
2893 5425 3116 5498 Graecus
3148 5425 3486 5498 Scriptum.

1916 5495 2254 5569 Edlti,'_'t_tpbq
2284 5495 2376 5569 τὸν
2402 5497 2535 5569 Θεὸν
2560 5497 2667 5569 τὸν,
2703 5499 2947 5569 αίώνιονὲ
2983 5497 3104 5569 Mpx
3139 5495 3362 5569 Seguer.
3396 5501 3492 5553 καὶ

1990 5567 2035 5639 τέ
2066 5566 2221 5635 ὀλίγα
2243 5566 2426 5639 φησίν.
2455 5568 2532 5621 ΙΙ).
2571 5567 2694 5639 Seg.
2725 5568 2882 5639 Gobl.
2909 5567 3086 5622 FrIcIt.
3126 5569 3148 5620 1
3179 5577 3233 5622 et
3268 5567 3492 5624 (ἔκρουε

1990 5586 2019 5620 τ
2066 5586 2221 5635 οΑιγα
2243 5586 2426 5639 φησιν.
2455 5586 2532 5621 ιι).
2571 5586 2694 5637 aeg.
2725 5586 2882 5623 hom.
2909 5586 3086 5622 reicit.
3126 5586 3148 5620 ι
3179 5586 3233 5622 et
3268 5586 3490 5624 urzecus

1918 5586 2462 5719 giljptu-raertextus,
2511 5638 2619 5719 in!
2668 5638 3005 5719 ftinaitpvitp
3063 5639 3161 5719 ⁸ςίιιν
3212 5639 3490 5719 σωῃρίαν

1916 5692 2089 5779 ὑμῶς».
2126 5707 2265 5764 Editi
2288 5722 2343 5765 et
2367 5692 2480 5775 alii,
2507 5710 2599 5762 ἐπὶ
2627 5709 2705 5780 τῷ
2724 5692 2935 5779 ἀἰωνίῳ
2960 5692 3171 5780 tamab;
3201 5692 3382 5784 ήμῶόἰ
