3850 6218
173 214 228 267 ιι
911 232 918 237 ·
1287 201 1546 260 ORATIO
1581 201 1603 255 ι
1641 198 1734 256 0οἶ

1841 197 1921 254 RA
1958 197 2281 254 ABIANOS.
3327 198 3396 253 δὲ

181 325 417 400 ’Δνόητοι
450 330 543 382 καὶ
568 327 891 397 φιλόνεικοιι
920 327 968 378 εἶ
997 324 1095 396 μὲν
1123 323 1231 394 γὰρ
1270 322 1453 385 ἀϊδίως
1498 323 1734 376 συνεῖναι

1841 331 1962 371 eum
1988 315 2210 380 Filium,
2264 314 2357 372 sed
2406 314 2631 371 fratrem
2659 313 2839 370 Patris
2869 313 3068 370 dicere.
3093 312 3139 369 ο
3168 314 3398 369 stolidus

171 421 328 493 μόνον
353 420 520 475 αὐτὸν
545 420 828 490 ἐλέγομεν,
861 416 953 471 καὶ
995 416 1069 487 μὴ
1101 415 1249 478 Υίὸν,
1282 414 1479 487 πιθανή
1516 414 1627 481 (55)
1652 431 1737 477 τις

169 508 233 586 τιν
262 512 442 567 αὐτῶν
462 514 503 584 -ή
530 511 892 584 προσποίητος
925 509 1206 563 εὐλάϐεια·
1270 508 1317 561 εί
1350 508 1406 561 δὲ
1446 507 1612 560 ἀΐδιον
1652 505 1739 559 λέ-

177 621 354 676 γοντες
380 604 749 676 ὁμολογοῦμεν
789 603 951 656 αὐτὸν
997 602 1126 655 Υἱδν
1158 603 1223 655 ἐκ
1259 601 1502 671 Πατρὸς,
1553 600 1671 665 πῶς
1710 600 1737 652 6

177 698 447 770 γεννηθεὶς
485 696 709 765 ἀδελφὸς
746 696 841 749 1:06
872 695 1228 765 γεννήσαντος
1278 692 1498 746 δύναται
1526 690 1735 762 νομίζε-

169 789 323 855 σθαι;
349 789 461 843 Καὶ
488 790 538 841 εἰ
561 791 641 850 είς
673 786 889 858 Πατέρα
911 786 1006 839 κα).
1029 786 1155 838 Υἱὸν
1184 784 1339 855 ἡμῶν
1386 785 1533 837 ἐστιν
1572 786 1604 854 ή
1650 782 1740 835 πί-

169 898 304 945 στις,
336 880 462 934 ποία
493 879 790 949 ἀδελφότης
815 881 873 932 ἐν
895 877 1101 941 τούτοις
1123 876 1271 930 ἐστίν
1296 893 1311 943 ;
1363 877 1395 948 ἢ
1429 876 1546 939 πῶς
1579 875 1740 930 δύνα-

165 988 253 1025 ται
276 974 306 1025 6
330 971 499 1039 Λόγος
517 969 744 1039 ἁδελφὸς
766 967 1017 1037 λέγεσθαι
1045 967 1154 1038 (56)
1176 966 1387 1031 τούτου,
1409 961 1471 1020 οὗ
1498 966 1591 1020 κα).
1623 966 1736 1019 ἔστι

166 1061 341 1130 Λόγος
362 1077 377 1126 ;
410 1061 525 1115 οὐκ
550 1060 696 1113 ἐστιν
725 1059 1041 1130 ἀντίρρησις
1061 1056 1200 1127 αὕτη
1219 1057 1292 1121 ὡς
1316 1058 1466 1131 παρὰ
1493 1057 1740 1126 ἀγνοούν-

164 1171 272 1208 των
295 1153 565 1222 γινομένη
588 1169 601 1180 ·
621 1149 883 1222 συνορῶσι
913 1149 1021 1220 γὰρ
1045 1150 1138 1203 καὶ
1165 1149 1314 1202 αὐτο).
1336 1148 1434 1220 τὴν
1462 1147 1732 1220 ἀλήθειαν·

166 1244 302 1297 ἀλλὰ
354 1241 628 1313 πρόφασίς
677 1240 824 1292 ἐστιν
868 1238 1147 1310 Ἰουδαῖκὴ,
1203 1238 1294 1291 καὶ
1332 1236 1610 1304 θελόντων,
1661 1239 1738 1303 ὡς

163 1330 320 1389 εἶπεν
345 1336 373 1387 6
391 1332 643 1403 Σολομὼν
672 1332 807 1403 (55),
838 1331 944 1385 ἀπὸ
980 1330 1081 1402 τῆς
1110 1330 1367 1402 ἀληθείας
1390 1331 1731 1402 χωρίζεσθαι.

162 1428 241 1480 Οὐ
266 1425 379 1498 γὰρ
408 1425 473 1480 ἔκ
494 1442 639 1489 τινος
676 1424 854 1496 ἀρχῆς
886 1422 1341 1496 προϋπαρχούσης
1365 1424 1393 1476 6
1426 1423 1614 1494 Πατὴρ
1642 1423 1737 1478 καὶ

159 1520 191 1572 6
238 1518 368 1582 Υἱὸς
417 1518 805 1588 ἐγεννήθησαν,
841 1517 929 1570 ἵνα
967 1516 1061 1569 καὶ
1101 1516 1318 1585 ἀδελφοὶ
1365 1515 1692 1587 νομισθῶσιν
1716 1532 1732 1547 ο

161 1608 279 1663 ἀλλ’
307 1611 338 1662 6
369 1608 557 1679 Πατὴρ
576 1607 718 1679 ἀρχὴ
743 1606 837 1661 τοῦ
869 1607 997 1660 Υίοῦ
1028 1607 1118 1660 κα).
1139 1608 1417 1678 γεννήτωρ
1450 1606 1567 1660 ἐστὶ
1600 1606 1731 1679 (56),

160 1699 255 1752 καὶ
281 1701 311 1753 6
339 1697 528 1770 Πατὴρ
549 1699 732 1769 πατήρ
757 1699 892 1762 ἐστι,
926 1698 1019 1751 κα).
1043 1697 1140 1768 οὐχ
1188 1696 1302 1760 υἱός
1335 1713 1476 1760 τινος
1506 1697 1694 1765 γέγονε
1717 1713 1732 1729 ο

158 1790 254 1844 καὶ
274 1791 306 1842 6
337 1789 466 1853 Υἱὸς
492 1789 550 1842 δὲ
579 1788 690 1853 υίός
719 1789 856 1853 ἐστι,
891 1788 987 1842 καὶ
1013 1787 1110 1841 οὐκ
1127 1787 1369 1856 ἀδελφός.
1389 1788 1452 1840 Ei
1481 1787 1536 1840 δὲ
1566 1787 1735 1842 ἀΐδιον

156 1882 411 1952 γέννημα
439 1881 534 1936 τοῦ
562 1880 773 1949 Πατρὸς
793 1879 1029 1949 λέγεται,
1060 1879 1240 1942 καλῶς
1264 1879 1498 1947 λέγεται.
1524 1879 1599 1933 06
1628 1879 1736 1952 γὰρ

156 1971 358 2042 ἀτελὴς
386 1970 544 2024 οὐσία
559 1971 654 2024 τοῦ
681 1970 889 2041 Πατρὺς
909 1966 976 2041 ἦν
997 1986 1147 2031 ποτε,
1171 1969 1257 2023 ἵνα
1277 1970 1372 2022 καὶ
1399 1969 1461 2021 τὸ
1475 1966 1604 2021 ἴδιον
1622 1968 1733 2039 (57)

156 2061 338 2130 αὐτῆς
369 2059 745 2133 ἐπισυμϐαίνῃ
806 2058 1009 2132 ταύτῃ·
1066 2058 1186 2113 οὐδὲ
1215 2058 1291 2121 ὡς
1342 2057 1624 2129 ἄνθρωπος
1677 2055 1736 2123 ἐξ

157 2151 453 2224 ἀνθρώπου
483 2151 805 2221 γεγέννηται
832 2151 860 2203 6
884 2150 1031 2213 Υἱὸς,
1074 2150 1161 2203 ἵνα
1204 2148 1299 2202 καὶ
1333 2148 1591 2221 ὑστερίζῃ
1636 2147 1736 2217 τῆς

158 2240 424 2312 πατρῴας
472 2240 757 2311 ὑπάρξεως
780 2257 794 2271 ο
822 2239 957 2293 ἀλλά
990 2238 1124 2293 Θεοῦ
1170 2238 1415 2310 γέννημά
1460 2241 1604 2304 ἐστι,
1645 2239 1738 2292 καὶ

156 2332 237 2396 ὡς
275 2331 415 2385 Θεοῦ
446 2330 555 2403 (58)
588 2331 682 2384 τοῦ
712 2332 800 2385 ἀεὶ
829 2331 979 2395 ὄντος
1025 2330 1161 2396 -ῑδιος
1221 2330 1295 2385 ὢν
1347 2332 1505 2397 Υἱὸς,
1550 2329 1737 2395 ἀϊδίως

157 2424 423 2494 ὑπάρχει.
472 2420 798 2494 Ἀνθρώπων
826 2422 922 2493 μὲν
949 2422 1055 2493 γὰρ
1084 2423 1211 2476 ἴδιον
1239 2422 1300 2475 τὸ
1338 2422 1449 2493 (59)
1476 2424 1534 2476 ὲν
1562 2421 1737 2494 χρόνῳ

158 2516 359 2585 γεννᾷν
384 2513 474 2568 διὰ
499 2514 561 2567 τὸ
593 2515 780 2577 ἀτελὲς
811 2514 910 2585 τῆς
941 2515 1154 2584 φύσεως
1175 2532 1186 2546 '
1219 2514 1353 2569 Θεοῦ
1394 2515 1450 2569 δὲ
1482 2515 1646 2569 ἀΐδιον
1678 2514 1738 2568 τὺ

157 2605 433 2678 γέννημα,
467 2604 555 2658 διὰ
579 2605 640 2658 τὸ
668 2606 755 2659 ἀεὶ
785 2605 988 2659 τέλειον
1012 2606 1111 2676 τῆς
1143 2606 1375 2675 φύσεως.
1410 2608 1471 2660 El
1504 2607 1601 2676 μὲν
1644 2601 1736 2659 οὖν

153 2697 259 2749 οὐκ
281 2695 431 2748 ἐστιν
452 2695 598 2758 Υἱὸς,
625 2694 738 2749 ἀλλ’
758 2693 818 2759 ἐξ
845 2695 945 2748 οὐκ
966 2695 1133 2749 ὄντων
1160 2696 1286 2767 ποίη
1297 2714 1372 2766 μα
1392 2692 1599 2764 γέγονε,
1628 2695 1739 2749 δει-

156 2785 446 2840 κνύτωσαν
475 2787 756 2857 πρότερον,
801 2787 896 2840 καὶ
918 2786 992 2850 ὡς
1015 2786 1143 2857 περ).
1189 2791 1490 2858 ποιήματος
1542 2804 1740 2856 φαντα-

154 2878 380 2948 ζόμενοι
402 2876 772 2948 κραζέτωσαν,
798 2879 878 2931 ὅτι
912 2877 1019 2950 (60)
1043 2918 1058 2944 ,
1084 2865 1191 2931 Ἦν
1212 2896 1341 2932 ποτε
1373 2879 1461 2932 ὅτε
1490 2879 1588 2933 οὐκ
1635 2874 1702 2952 ἦν
1719 2894 1736 2912 ⁸

1837 407 2131 464 admodum
2154 417 2209 464 et
2232 406 2540 478 litigiososl
2574 405 2631 460 Si
2656 405 2800 460 enim
2838 419 2963 460 eum
2993 406 3062 461 ab
3101 407 3402 462 aeternitate

1840 508 2047 554 tantum
2076 494 2243 555 simul
2269 499 2546 555 exstitisse
2570 513 2694 553 cum
2726 497 2906 561 Patre,
2935 512 3035 553 nec
3062 495 3255 551 Filium
3282 511 3402 553 esse

1840 607 2303 654 asseveraremus,
2341 590 2542 661 aliquid
2571 589 2756 659 utique
2786 588 3191 659 probabilitatis
3229 587 3400 641 hahe-

1838 695 1922 738 ret
1956 684 2210 739 simulata
2250 684 2468 738 illorum
2493 683 2704 753 religio.
2757 681 2852 736 Sin
2900 690 3081 736 autem
3112 696 3236 735 cum
3274 696 3398 735 eum
3456 720 3459 727 .

1837 785 2097 833 atternum
2129 776 2383 843 dicimus,
2414 777 2664 832 eumdem
2697 776 3020 831 confitemur
3047 775 3288 845 genitum
3334 790 3400 828 ex

1838 865 1997 921 Patre
2026 864 2249 931 Filium,
2281 883 2409 938 qua,
2446 882 2652 937 quaeso,
2682 868 2896 922 ratione
2930 866 3148 936 genitus
3197 865 3403 938 genito-

1837 957 1914 1011 ris
1940 954 2106 1010 frater
2137 957 2309 1026 possit
2360 955 2717 1011 existimari?
2761 954 2818 1008 Si
2868 954 2996 1008 item
3048 963 3235 1008 nostra
3269 952 3402 1007 fides

1837 1054 1921 1101 est
1947 1046 1999 1099 in
2030 1045 2242 1100 Patrem
2266 1054 2321 1100 et
2348 1044 2581 1100 Filium:
2610 1059 2860 1114 quaenam
2891 1044 3032 1097 inter
3072 1042 3195 1097 illos
3233 1042 3403 1096 inter-

1837 1136 1980 1192 cedit
2004 1136 2241 1191 fraterna
2274 1136 2526 1206 cognatio
2554 1137 2576 1188 ‘l
2606 1146 2701 1189 aut
2749 1133 3021 1205 quomodo
3060 1141 3236 1203 potest
3269 1131 3402 1186 Ver-

1838 1229 1988 1293 bum,
2028 1229 2147 1298 ejus
2183 1227 2292 1282 dici
2343 1226 2534 1291 frater,
2583 1224 2742 1294 cujus
2800 1233 2886 1279 est
2935 1222 3173 1279 Verbum
3212 1223 3236 1276 ?
3291 1220 3400 1277 Nec

1835 1335 1962 1375 vero
2002 1321 2117 1374 haec
2149 1320 2255 1374 illis
2286 1319 2468 1387 ignota
2497 1324 2577 1372 est
2610 1317 2988 1388 repugnantia,
3045 1332 3168 1371 nam
3201 1317 3403 1371 verita—

1840 1420 1945 1464 tem
1971 1422 2025 1466 et
2050 1409 2154 1480 ipsi
2181 1408 2520 1480 perspiciunt
2548 1424 2562 1460 :
2592 1407 2685 1461 sed
2708 1417 2792 1461 est
2815 1422 2945 1462 sane
2970 1404 3198 1462 Judaica
3240 1421 3402 1462 excu-

1836 1502 1974 1556 satio
2004 1510 2057 1557 et
2086 1501 2365 1556 hominum
2396 1502 2512 1571 qui,
2550 1510 2611 1554 ut
2632 1498 2985 1555 aitSalomon
3012 1499 3079 1565 ⁵⁸,
3112 1515 3144 1555 a
3178 1499 3404 1555 veritate

1836 1594 2026 1647 volunt
2068 1593 2372 1649 discedere.
2424 1591 2610 1663 Neque
2635 1593 2779 1648 enim
2810 1607 2875 1647 ex
2912 1592 3097 1662 aliquo
3130 1592 3401 1663 principio

1836 1684 1986 1755 prius
2028 1685 2328 1740 exsistente
2370 1684 2532 1739 Pater
2581 1692 2636 1739 et
2677 1682 2849 1738 Filius
2877 1683 3044 1754 geniti
3074 1680 3319 1746 fuerunt,
3346 1692 3403 1738 ut

1835 1784 2161 1832 censeantur
2193 1790 2314 1831 esse
2346 1774 2580 1831 fratres:
2610 1775 2704 1831 sed
2746 1772 2908 1828 Pater
2946 1774 3163 1844 quidem
3198 1774 3403 1844 princi-

1833 1873 1981 1943 pium
2006 1884 2059 1928 et
2081 1872 2295 1944 genitor
2322 1882 2407 1929 est
2427 1872 2571 1937 Filii,
2607 1881 2660 1927 et
2678 1870 2839 1927 Pater
2866 1882 3021 1943 pater
3052 1879 3155 1938 est,
3185 1886 3287 1926 nec
3308 1871 3403 1925 ali-

1835 1965 1993 2036 cujus
2027 1965 2133 2020 fuit
2165 1965 2310 2020 filius
2337 1984 2350 2020 :
2376 1964 2548 2021 Filius
2573 1974 2754 2020 autem
2786 1965 2928 2019 (ilius
2955 1972 3060 2026 est,
3084 1978 3192 2018 non
3216 1962 3403 2017 frater.

1838 2053 1896 2110 Si
1922 2056 2065 2110 idem
2094 2071 2258 2126 porro
2287 2064 2525 2110 aeternus
2572 2055 2754 2111 Patris
2804 2054 2947 2111 fetus
2992 2053 3213 2120 dicitur,
3255 2063 3402 2110 recte

1837 2148 2064 2207 omnino
2114 2148 2336 2203 dicitur.
2392 2146 2528 2202 Nam
2579 2163 2688 2202 non
2737 2148 3032 2218 aliquando
3088 2145 3405 2216 imperfecta

1837 2240 1940 2294 fuit
1967 2237 2146 2293 Patris
2182 2248 2400 2302 natura,
2438 2251 2495 2291 ut
2525 2239 2670 2309 quod
2722 2238 2868 2293 illius
2896 2240 3177 2307 preprium
3235 2245 3402 2305 esset,

1836 2331 2011 2386 eidem
2049 2341 2235 2401 postea
2259 2330 2577 2385 accederet:
2614 2340 2789 2399 neque
2814 2338 2867 2384 ut
2898 2330 3064 2384 homo
3090 2345 3156 2384 ex
3184 2329 3406 2384 homine

1836 2424 2054 2496 genitus
2093 2432 2177 2479 est
2213 2424 2404 2490 Filius,
2456 2432 2519 2478 ut
2571 2423 2729 2478 Patre
2772 2423 3060 2478 exsisteret
3110 2422 3402 2499 posterior,

1838 2518 1930 2572 sed
1958 2514 2054 2571 Dei
2091 2514 2236 2571 fetus
2259 2523 2363 2579 est,
2395 2516 2511 2585 qui,
2548 2524 2736 2586 utpote
2766 2514 3022 2585 proprius
3055 2514 3151 2571 Dei
3189 2530 3406 2585 semper

1838 2607 2154 2663 exsistentis
2187 2605 2379 2673 Filius,
2437 2607 2508 2660 ab
2552 2607 2853 2661 mternitate
2910 2618 2962 2660 et
3012 2607 3131 2677 ipse
3168 2606 3403 2662 exsistit.

1838 2697 2131 2755 Hominum
2162 2699 2381 2770 quidem
2407 2698 2687 2769 proprium
2716 2706 2799 2753 est
2826 2696 2879 2751 in
2904 2708 3143 2768 tempore
3165 2698 3404 2769 gignere,

1838 2797 2059 2862 propter
2092 2797 2301 2844 natura:
2332 2788 2604 2844 defectum
2635 2807 2648 2844 :
2702 2797 2757 2843 at
2793 2798 3028 2845 aeternus
3054 2799 3141 2845 est
3193 2788 3291 2845 Dei
3329 2789 3398 2846 fe-

1840 2890 1949 2948 tus,
2001 2880 2130 2950 quia
2178 2895 2396 2951 semper
2444 2879 2839 2949 perfectissima
2893 2879 2999 2935 fuit
3036 2880 3133 2937 Dei
3187 2893 3405 2938 natura.

153 2969 262 3023 οὐκ
310 2968 442 3021 ὄντα
494 2967 603 3039 γὰρ
630 2968 818 3036 γέγονε
850 2967 919 3020 τὰ
969 2967 1189 3038 γενητά.
1229 2970 1291 3022 Εἰ
1325 2969 1383 3021 δὲ
1416 2969 1545 3033 Υίός
1577 2971 1692 3022 ἐστι
1717 2987 1732 3002 ο

1841 2969 2028 3044 Itaque
2068 2972 2114 3026 si
2149 2986 2259 3027 non
2297 2980 2382 3026 est
2422 2970 2614 3035 Filius,
2650 2972 2745 3026 sed
2790 2987 2821 3026 e
2862 2971 3035 3026 nihilo
3064 2981 3148 3027 est
3185 2972 3404 3029 factus:

150 3063 319 3117 τοῦτο
348 3061 456 3130 γὰρ
480 3062 572 3115 καὶ
600 3063 628 3116 6
659 3061 849 3132 Πατὴρ
870 3061 1037 3128 λέγει,
1072 3062 1168 3114 κα).
1201 3063 1256 3115 αἱ
1280 3062 1494 3133 Γραφα),
1527 3062 1689 3132 βοῶσι
1714 3078 1729 3093 ο

152 3156 220 3209 τὸ
274 3155 334 3208 δὲ
369 3154 493 3218 Υἱὸς
524 3152 673 3207 οὐδὲν
706 3155 889 3226 ἕτερόν
941 3156 1087 3207 ἐστιν
1133 3155 1165 3226 ἢ
1196 3155 1256 3207 τὸ
1287 3157 1351 3208 ἐκ
1379 3155 1472 3208 τοῦ
1523 3155 1734 3228 Πατρὸς

150 3244 501 3316 γεννώμενον
523 3263 539 3277 ·
567 3245 629 3298 τὸ
653 3245 709 3299 δὲ
739 3245 1075 3318 γεννώμενον
1118 3247 1184 3299 ἐκ
1222 3245 1313 3299 τοῦ
1370 3246 1481 3319 (61)
1522 3248 1734 3320 Ila-:96;

150 3337 332 3405 Λόγος
366 3337 515 3390 ἐστὶν
547 3335 710 3390 αὐτοῦ
733 3337 827 3391 καὶ
856 3338 1026 3406 Σοφία
1052 3339 1146 3392 καὶ
1168 3338 1504 3409 ἀπαύγασμα
1528 3355 1541 3369 °
1571 3340 1623 3392 τί
1655 3338 1735 3393 δεῖ

149 3427 337 3497 λέγειν
372 3428 406 3500 ἦ
436 3428 518 3482 ὅτι
556 3428 826 3497 λέγοντες,
865 3425 973 3484 ’Ἢν
1002 3447 1132 3483 ποτε
1158 3431 1246 3484 ὅτε
1289 3431 1389 3484 οὐκ
1424 3426 1493 3501 ἦν
1524 3431 1551 3483 6
1584 3429 1731 3494 Υἱὸς,

144 3520 231 3584 ὡς
256 3519 457 3591 λῃσταί
480 3536 626 3584 τινες
658 3520 965 3574 ἀποσυλῶσι
1020 3521 1134 3592 (62)
1169 3522 1261 3576 τὸν
1292 3522 1464 3591 Λόγον
1502 3522 1608 3576 ἀπὸ
1638 3523 1731 3577 τοῦ

147 3610 314 3675 Θεοῦ,
377 3612 473 3665 καὶ
514 3611 773 3683 ἄντικρυς
821 3615 940 3665 κατ’
968 3612 1131 3666 αὑτοῦ
1166 3612 1526 3683 φθέγγονται,
1555 3615 1636 3667 ὅτι
1666 3609 1735 3686 ἦν

149 3718 288 3756 ποτε
328 3701 426 3754 τοῦ
462 3702 595 3755 ίδίου
624 3703 800 3767 Λόγου
839 3704 932 3755 κα).
956 3703 1153 3773 Σοφίας
1182 3703 1291 3775 (65)
1324 3705 1512 3775 χωρὶς,
1542 3706 1636 3758 καὶ
1674 3705 1736 3759 τὸ

147 3793 269 3864 φῶς
298 3789 371 3864 ἦν
410 3809 544 3846 ποτε
590 3793 760 3865 χωρὶς
788 3794 961 3865 αὐγῆς
984 3835 998 3858 ,
1048 3796 1142 3848 καὶ
1174 3794 1365 3864 ἄγονος
1408 3791 1476 3867 ἦν
1507 3798 1540 3869 ή
1581 3798 1733 3871 πηγὴ

146 3887 248 3940 καὶ
278 3885 457 3955 ξηρά,
498 3884 619 3939 Κᾶν
644 3887 754 3957 γάρ
793 3885 854 3938 τὺ
883 3885 1053 3957 ὄνομα
1075 3885 1168 3939 τοῦ
1199 3887 1387 3958 χρόνου
1412 3888 1736 3960 προσποιούο

150 3996 307 4048 μενοι
342 3976 627 4046 φοϐεῖσθαι
653 3977 743 4030 διὰ
772 3978 896 4041 τοὺς
923 3976 1277 4042 ὀνειδίζοντας
1298 3979 1512 4043 αὐτοὺς,
1534 3979 1732 4050 λέγωσι

145 4069 263 4142 πρὸ
286 4068 500 4140 χρόνων
536 4068 697 4123 αὑτὸν
725 4064 866 4123 εἶναι
891 4088 904 4101 ι
937 4069 1052 4122 ἀλλ’
1088 4070 1238 4142 ὅμως
1276 4071 1356 4124 ὅτι
1393 4071 1733 4145 διαστήματα

142 4177 275 4216 τινα
304 4162 564 4227 διδόασιν,
605 4164 662 4216 ἐν
691 4155 773 4225 οἷς
827 4160 900 4233 μή
942 4157 1081 4215 εἶναι
1133 4162 1296 4216 αὐτὸν
1347 4164 1727 4233 φαντάζονται,

141 4252 305 4306 οὐδὲν
330 4248 495 4324 ἦττον
518 4251 741 4323 χρόνους
775 4251 1129 4323 σημαίνοντες
1148 4293 1163 4314 ,
1211 4252 1304 4305 καὶ
1333 4251 1556 4322 ἀλογίαν
1605 4256 1734 4327 περὶ

142 4341 245 4393 τὸν
271 4339 407 4393 Θεὸν
432 4341 763 4409 εἰσάγοντες,
800 4339 1049 4413 μεγάλως
1081 4339 1387 4394 ἀσεϐοῦσιν.

1835 3063 1892 3118 id
1926 3063 2164 3134 primum
2189 3063 2293 3133 ipsi
2325 3063 2579 3133 probent,
2612 3078 2676 3118 ac
2707 3064 2904 3119 deinde
2948 3063 3111 3120 liceat
3150 3066 3258 3120 illis
3290 3075 3404 3120 tau-

1835 3169 2002 3225 quam
2031 3153 2099 3208 de
2128 3168 2189 3209 re
2221 3153 2367 3208 facta
2402 3153 2709 3221 clamitare,
2756 3153 2883 3209 Fuit
2926 3155 3243 3225 aliquando,
3285 3172 3406 3212 cum

1834 3259 1944 3300 non
1967 3254 2151 3301 esset:
2186 3261 2275 3301 res
2307 3246 2508 3317 quippe
2537 3261 2658 3316 quae
2690 3245 2843 3302 facta:
2887 3256 3037 3313 sunt,
3071 3256 3228 3302 antea
3264 3255 3405 3303 certe

1834 3354 1945 3395 non
1977 3347 2150 3394 erant.
2184 3337 2289 3393 Sed
2331 3338 2376 3393 si
2406 3346 2492 3393 est
2523 3336 2719 3403 Filius,
2770 3339 2851 3391 uti
2895 3337 3055 3393 Pater
3080 3346 3313 3393 testatur
3355 3348 3404 3391 et

1837 3428 2137 3501 Scriptura:
2170 3428 2490 3499 pradicant,
2540 3427 2713 3483 Filius
2762 3437 2942 3483 autem
2981 3429 3117 3483 nihil
3145 3430 3290 3484 aliud
3323 3437 3401 3484 est

1834 3537 2000 3593 quam
2032 3523 2177 3593 quod
2204 3536 2271 3576 ex
2305 3518 2467 3574 Patre
2495 3521 2755 3591 gignitur,
2793 3520 2956 3589 idque
2980 3523 3125 3590 quod
3156 3537 3220 3577 ex
3250 3520 3409 3577 Patre

1835 3615 2096 3685 gignitur,
2127 3613 2247 3684 ejus
2271 3622 2357 3668 est
2376 3613 2616 3668 Verbum
2654 3622 2708 3669 et
2744 3612 3018 3682 Sapientia
3047 3622 3105 3669 et
3128 3614 3406 3685 splendor;

1836 3707 1966 3777 quid
2001 3706 2149 3761 aliud
2184 3705 2309 3761 inde
2346 3704 2782 3759 concludendum
2827 3713 2933 3769 est,
2977 3721 3140 3776 quam
3171 3722 3266 3761 eos
3314 3710 3409 3776 qui

1836 3797 2048 3862 dicunt,
2080 3796 2202 3852 Fuit
2233 3798 2547 3867 aliquando,
2573 3812 2696 3852 cum
2720 3811 2831 3851 non
2862 3806 3008 3853 esset
3035 3797 3229 3865 Filius,
3260 3802 3410 3856 velut

1837 3890 1985 3946 fures
2014 3891 2279 3960 quosdam
2320 3888 2561 3944 Verbum
2605 3905 2635 3945 a
2678 3890 2790 3947 Deo
2837 3890 3144 3957 detrahere,
3197 3902 3410 3963 aperte-

1835 3997 1943 4053 que
1985 3983 2251 4039 adversus
2297 3997 2422 4037 eum
2473 3983 2822 4050 contendere,
2876 3984 3053 4054 ipsum
3107 3984 3277 4039 fuisse
3306 3986 3409 4039 ali-

1835 4072 2058 4144 quando
2090 4073 2209 4127 sine
2231 4071 2553 4141 splendore,
2589 4070 2793 4128 fontem
2824 4074 3065 4129 sterilem
3111 4083 3167 4129 et
3192 4074 3407 4130 aridum

1835 4164 2000 4220 esse?
2044 4161 2178 4218 Nam
2218 4164 2434 4219 tametsi
2472 4165 2732 4235 temporis
2788 4180 3007 4226 nomen,
3045 4176 3192 4223 metu
3223 4168 3275 4223 id
3298 4168 3405 4223 sibi

1836 4254 2310 4325 exprobrantium,
2337 4253 2587 4325 refugere
2621 4255 2965 4322 simulantes,
3011 4256 3249 4313 fatentur
3278 4272 3403 4312 eum

1765 4342 1810 4398 D
1847 4358 1976 4402 ante
2017 4354 2264 4415 tempora
2296 4346 2607 4401 exstitisse:
2645 4355 2824 4401 tamen
2867 4347 2994 4416 quia
3027 4348 3271 4417 quaedam
3311 4348 3406 4403 de-

142 4432 350 4485 ﬁniunt
383 4432 686 4496 intervalla,
722 4433 776 4487 in
815 4433 1015 4502 quibus
1065 4434 1243 4502 ipsum
1291 4448 1400 4489 non
1436 4430 1608 4492 fuisse
1647 4439 1855 4506 volunt,
1919 4439 2070 4494 valde
2121 4437 2271 4508 impii
2317 4446 2445 4492 sunt
2494 4437 2747 4504 habendi,
2825 4441 2968 4510 quod
3038 4448 3279 4511 tempora
3327 4440 3404 4494 si-

144 4524 437 4590 miﬁoent,
467 4532 522 4579 et
554 4523 802 4581 Rationis
831 4526 948 4582 sive
980 4524 1140 4582 Verbi
1169 4535 1453 4598 expertem
1499 4530 1738 4589 audeant
1769 4531 1939 4589 Deum
1974 4532 2153 4603 ipsum
2182 4531 2403 4597 tingere.

225 4730 277 4762 ⁸¹
301 4727 469 4783 Prov.
498 4743 655 4791 xvm,
684 4728 734 4783 1.

223 4950 575 5075 (δῖζὰβεεὶιρ,
604 4953 915 5028 πιθανότης.
947 4955 1171 5038 Segugr.
1196 4957 1352 5024 ibid.,
1382 4957 1736 5041 ήπροσποίη-

223 5039 264 5075 :.
388 5032 484 5075 lllO
510 5021 798 5075 Commel..
818 5027 1001 5075 ήποὸς
1030 5043 1188 5075 τουτο
1214 5030 1574 5075 προσποιητὴ
1601 5029 1726 5075 Ain-

299 5021 485 5103 iiditio
510 5021 1001 5103 Commelqﬁ'npbc;
1023 5021 1188 5082 ἶτοῦτο
1214 5021 1574 5101 προσποιητή.
1600 5021 1726 5094 Alii,

140 5094 183 5163 ἡ
220 5094 360 5165 πρδς
392 5094 552 5146 τοῦτο
578 5094 962 5165 προσποίητος.

223 5161 339 5254 ςὲἑὶ
383 5161 691 5254 Ξςειξεεξίει
711 5161 952 5254 Ξεὲοὲιηο
982 5166 1036 5254 ἓν
1064 5166 1337 5254 γενέσθαιτ

223 5233 340 5308 (ἕξ)
382 5231 599 5308 ρριψετ.
624 5242 678 5287 ει
710 5234 947 5308 Felgkm.
984 5231 1037 5301 1,
1064 5231 1152 5308 ὥς
1171 5253 1303 5308 φησι
1328 5234 1594 5308 Σολομῶν.

226 5302 342 5372 (56)
386 5301 765 5377 Sic_Seguer._,
783 5305 1000 5377 Gobler.
1024 5316 1086 5377 _et
1114 5301 1352 5361 Fe'lcltm.
1385 5307 1436 5361 1.
1461 5301 1734 5377 ᾺιΑηειίε-

141 5374 686 5447 εθῃᾼτγενητήςμὲστι.
705 5374 829 5447 Alii_
831 5386 885 5430 et
904 5376 989 5430 ed.
1010 5375 1300 5447 Commcl.,
1318 5380 1579 5447 γεννητής
1595 5374 1731 5432 ἐστι.

228 5443 345 5515 (57)
391 5443 496 5515 Sic
515 5443 762 5515 Seguer.,
790 5443 1008 5501 Gobler.
1034 5455 1089 5502 et
1110 5443 1351 5504 Felckm.
1374 5446 1423 5500 1.
1446 5443 1586 5502 Editi
1609 5462 1736 5502 vero

146 5519 215 5566 et
240 5513 356 5575 alii,
388 5513 582 5567 ἀΐδιον.

228 5581 341 5657 (58)
357 5582 829 5657 segueria‘nngxg‘l
850 5585 1114 5657 ὡςᾼΘεοῦ,
1140 5595 1201 5642 ut
1223 5596 1278 5641 et
1302 5585 1548 5641 Nannius
1571 5587 1733 5657 legit:

145 5650 329 5710 Aliiet
346 5650 464 5722 ειΙᾲ
488 5653 585 5707 καὶ
598 5652 755 5707 Θεοῦ.
777 5650 1162 5712 ΜοχἘεΙεΙιω.
1182 5657 1234 5721 5,
1250 5658 1433 5721 ἀϊδίως
1451 5650 1735 5729 ὑπάρχὶυν.

477 5744 744 5808 Ριτιοι.
782 5746 901 5811 Gtt.
934 5748 1164 5811 XXVI.

1912 4956 2027 5028 (59)
2065 4957 2168 5028 Τόν
2195 4955 2345 5028 deest
2375 4955 2431 5028 in
2454 4952 2777 5028 Sgguerian,

1913 5021 2027 5095 (60)
2071 5027 2192 5081 Ὀτι
2225 5027 2375 5081 deest
2402 5025 2455 5079 in
2494 5021 2718 5096 Séguer.
2749 5022 2967 5083 Gobler.
3001 5031 3056 5077 et
3082 5021 3323 5096 Felekm.
3351 5024 3400 5079 l.

1834 5086 1983 5220 go;
2005 5086 2253 5169 Seguer.,
2287 5096 2356 5150 τὰ
2383 5086 2634 5168 γεννητᾟι.
2673 5086 2818 5150 idem
2847 5108 2996 5157 mox,
3035 5094 3194 5147 τοῦτο
3221 5095 3331 5166 γὰρ
3376 5097 3406 5149 ὁ

1885 5183 1920 5220 α
1993 5186 2042 5220 ο.

1885 5183 2042 5221 aruo.

1905 5167 2805 5308 (gigSieSeguer.,_Reg._Gobler.
2834 5243 2889 5289 et
2916 5232 3154 5291 Felcltm.
3178 5235 3231 5290 1.
3262 5233 3402 5289 Editi

1837 5303 1969 5361 vero
1997 5303 2052 5361 et
2080 5307 2191 5368 alii,
2229 5303 2295 5358 ἐκ
2330 5304 2424 5358 τοῦ
2453 5303 2609 5358 Θεοῦ.

1913 5376 2024 5447 (63‘)
2067 5376 2158 5431 Sic
2189 5374 2573 5447 Segu_eria_nus,
2604 5372 2811 5447 llegius
2841 5381 2896 5447 et
2922 5373 3100 5447 editio
3135 5372 3402 5447 Geminei.

1841 5440 1929 5500 Δι’
1955 5440 2171 5501 Goblor.
2207 5440 2286 5499 ρι’
2310 5442 2548 5498 Fclckm.
2595 5444 2648 5506 1,
2679 5440 3028 5497 ἆποσυλοῦσι.
3065 5443 3265 5501 Ibidem
3299 5442 3405 5499 Go-

1842 5516 1976 5571 bler.
2011 5527 2065 5571 et
2092 5514 2271 5571 Felck.
2304 5514 2354 5577 1,
2388 5513 2479 5567 τὸν
2507 5513 2677 5582 Λόγον
2708 5513 2813 5565 ἀπὸ
2844 5512 2999 5575 Θεοῦ.

1915 5585 2024 5658 (65)
2067 5585 2408 5655 Seguerian.,
2447 5584 2548 5653 τῆς
2569 5582 2774 5651 σοςρίας.

3129 5741 3171 5801 2
