3850 6218
486 218 551 269 ιδ

555 337 639 391 15.
682 335 836 404 Quod
884 340 928 394 si
962 336 1083 393 Filii
1139 355 1337 394 nomen
1393 350 1445 394 ct
1490 341 1593 412 ipsi
1627 343 1939 411 admittunt,
1971 360 2037 398 ne
2067 357 2109 412 Α

483 428 658 498 palam
688 430 756 484 ab
783 428 1034 485 omnibus
1059 430 1507 499 cendemncntur,
1560 434 1655 489 sed
1686 442 1867 507 tamen
1914 450 2037 488 eum

484 518 764 586 proprium
825 527 1030 573 naturae
1083 518 1260 574 Patris
1315 521 1481 576 fetum
1527 538 1647 580 esse
1709 525 2038 589 inficiantur,

482 608 639 677 quasi
666 607 821 679 331
858 610 1067 667 scilicet
1095 612 1303 682 absque
1330 613 1566 682 partium
1616 624 1669 669 et
1711 616 2039 671 divisionum

482 700 793 770 suspicione
835 701 885 755 id
942 700 1056 757 ﬁeri
1103 719 1207 757 non
1247 714 1458 774 queat;
1505 720 1637 761 sane
1674 721 1800 760 eum
1845 714 2041 776 negant

480 789 857 856 nihilominus,
887 792 1086 861 quippe
1118 794 1210 863 qui
1240 794 1393 849 illum
1429 810 1537 849 non
1574 812 1785 862 verum,
1807 797 1900 852 sed
1922 798 2040 853 solo

479 880 702 935 nomine
735 879 930 936 Filium
964 898 1085 939 esse
1126 884 1310 940 velint.
1353 885 1622 941 Caeterum
1694 903 1875 944 annon
1916 904 2041 960 gra-

479 972 618 1026 viter
646 982 852 1038 errant,
884 976 977 1044 qui
1016 977 1209 1031 eodem
1244 978 1409 1032 modo
1441 978 1507 1033 de
1537 995 1599 1033 re
1646 994 1754 1033 non
1779 995 2038 1049 corporea

478 1081 542 1119 ac
569 1066 636 1120 de
667 1081 928 1136 corporea
974 1069 1393 1134 ratiocinantur,
1442 1072 1646 1141 quique
1692 1072 1763 1126 ob
1805 1073 2041 1142 propriae

478 1167 686 1212 naturae
720 1159 1164 1227 imbecillitatem,
1200 1162 1346 1231 quod
1394 1163 1670 1232 proprium
1703 1172 1757 1219 et
1795 1166 2041 1221 naturale

477 1258 561 1302 est
578 1248 754 1304 Patris
788 1265 895 1304 non
925 1260 1180 1306 verentur
1218 1254 1460 1323 negare?
1481 1253 1733 1310 Profecto
1763 1256 1808 1312 si
1841 1256 1914 1310 ita
1935 1265 2038 1323 est,

478 1349 725 1409 superest
764 1350 822 1394 ut
868 1357 993 1396 cum
1035 1342 1259 1399 minime
1298 1345 1602 1417 intelligant
1652 1349 1933 1417 quomodo
1970 1352 2040 1407 sit

478 1428 621 1484 Deus
656 1430 738 1484 vel
769 1430 946 1500 qualis
996 1432 1067 1486 sit
1109 1431 1290 1498 Pater,
1335 1434 1585 1490 eumdem
1620 1452 1837 1508 quoque
1880 1439 2039 1508 plane

480 1529 693 1589 negent,
747 1520 1186 1590 quandoquidem
1247 1522 1418 1578 fetum
1474 1523 1653 1582 Patris
1698 1528 1916 1583 nonnisi
1968 1544 2037 1583 ex

478 1610 672 1680 seipsis
694 1610 869 1665 insani
904 1611 1219 1667 metiuntur.
1277 1612 1478 1669 Verum
1518 1616 1642 1672 illos
1681 1616 1756 1673 ita
1791 1618 2035 1687 affectos,

476 1704 910 1774 arbitrantesque
938 1721 1060 1762 esse
1090 1722 1197 1761 non
1223 1721 1380 1777 posse
1410 1707 1504 1764 Dei
1535 1708 1755 1775 Filium,
1786 1712 2034 1767 miserari

477 1809 690 1864 aequum
726 1797 859 1850 mihi
892 1797 1134 1852 videtur:
1170 1798 1311 1854 haud
1339 1807 1518 1855 tamen
1537 1802 1605 1856 ab
1632 1817 1692 1857 re
1720 1801 1884 1858 fuerit
1913 1803 2034 1859 illos

478 1886 811 1958 interrogare
836 1897 891 1943 et
914 1890 1263 1960 convincere,
1294 1891 1339 1946 si
1367 1890 1504 1948 forte
1524 1894 1609 1949 vel
1636 1895 1739 1950 hoc
1776 1904 1935 1965 pacto
1966 1895 2034 1951 ad

475 1995 695 2035 sensum
724 1989 776 2036 et
807 1983 1076 2038 rationem
1111 1994 1316 2054 queant
1342 1986 1609 2041 revocari.
1645 1985 1701 2041 Si
1734 1987 2033 2044 secundum

474 2087 573 2127 vos
596 2071 766 2125 Filius
793 2084 960 2128 estex
994 2074 1187 2142 nihilo,
1240 2091 1340 2131 nec
1389 2075 1491 2131 fuit
1539 2085 1828 2147 antequam
1871 2085 2034 2134 natus

473 2171 579 2228 est,
615 2178 840 2233 prorsus
872 2165 1123 2234 sequitur
1156 2172 1212 2221 ut
1243 2166 1357 2236 ipse
1383 2182 1601 2237 quoque
1652 2167 1870 2222 nonnisi
1908 2160 2032 2237 ﬁr-

472 2252 789 2323 ticipatione
815 2253 1005 2323 Filius,
1049 2255 1189 2312 Deus
1219 2265 1272 2312 et
1297 2255 1572 2326 Sapientia
1607 2258 1677 2313 sit
1712 2258 2029 2328 appellatus.

440 2334 441 2337 “
469 2345 606 2403 Nam
633 2349 704 2403 ita
734 2350 894 2405 etiam
929 2366 1018 2406 res
1042 2351 1161 2406 aliae
1194 2365 1385 2406 omnes
1410 2362 1536 2406 sunt
1559 2352 1889 2419 constituite,
1912 2368 2033 2422 quae

468 2447 524 2492 et
546 2440 898 2495 sanctiticatae
924 2441 1319 2511 glorificautur.
1342 2441 1512 2511 Cujus
1530 2455 1660 2510 ergo
1688 2441 1778 2495 ille
1806 2440 1876 2496 sit
1903 2456 2033 2510 par-

469 2529 663 2601 ticeps,
689 2544 788 2587 vos
820 2532 1002 2587 dicere
1056 2547 1281 2587 necesse
1337 2532 1562 2586 omnino
1592 2540 1695 2587 est.
1751 2530 1856 2587 Res
1885 2532 2031 2586 enim

468 2623 591 2677 aliae
619 2639 812 2680 omnes
846 2623 1085 2694 Spiritus
1115 2633 1243 2679 sunt
1267 2623 1596 2694 participes:
1638 2623 1814 2693 ipsum
1850 2634 2030 2677 autem

467 2714 757 2785 cuiusnam
788 2717 866 2771 rei
913 2716 1232 2787 participem
1289 2715 1520 2779 dicetis?
1556 2714 1834 2786 Spiritus?
1865 2716 2031 2786 Atqui

469 2806 586 2875 ipse
617 2805 854 2876 Spiritus
879 2822 911 2861 a
933 2806 1070 2862 Filio
1105 2808 1286 2877 potius
1323 2807 1540 2877 accipit,
1570 2819 1630 2862 ut
1670 2807 1811 2863 idem
1858 2806 2030 2864 Filius

467 2906 700 2955 testatur
730 2899 800 2965 ",
829 2897 1239 2970 absurdumque
1289 2899 1436 2954 dictu
1485 2907 1569 2954 est
1626 2899 1773 2955 hunc
1814 2898 1883 2955 ab
1926 2899 2030 2954 illo

469 2987 820 3043 sanctiﬁcari.
867 2987 1037 3060 Igitur
1092 2988 1273 3045 Patris
1328 2990 1388 3044 lit
1447 2990 1750 3059 particeps:
1802 2989 1853 3043 id
1881 2991 2026 3045 enim

468 3087 735 3149 superest,
775 3087 828 3135 et
869 3081 1175 3136 necessario
1220 3080 1533 3135 dicendum.
1587 3078 1692 3135 Sed
1744 3079 1876 3150 quid
1906 3089 2026 3135 tan-

465 3171 611 3237 dem,
656 3171 739 3225 vel
774 3170 914 3226 unde
959 3172 1089 3227 illud
1132 3180 1217 3227 est
1253 3171 1277 3225 ?
1335 3170 1392 3226 Si
1439 3172 1642 3242 aliquid
1685 3173 2027 3229 extrinsecus

463 3261 828 3333 excogitatum
863 3276 893 3317 a
918 3260 1099 3330 Patre,
1128 3277 1237 3318 non
1256 3262 1369 3334 jam
1393 3260 1572 3318 Patris
1601 3262 1704 3316 erit
1730 3264 2023 3332 particeps,

464 3353 560 3408 sed
594 3353 715 3424 ejus
746 3352 891 3423 quod
918 3353 1260 3410 extrinsecus
1300 3365 1401 3421 est,
1435 3368 1534 3409 nec
1555 3353 1785 3424 proinde
1828 3370 2027 3410 secun-

463 3443 592 3497 dum
629 3455 749 3513 post
779 3443 996 3499 Patrem
1027 3445 1210 3499 locum
1240 3445 1528 3510 obtinebit,
1565 3460 1689 3500 cum
1718 3460 1828 3499 rem
1877 3445 2025 3499 illam

464 3547 589 3591 ante
640 3552 697 3592 se
745 3538 980 3592 haheat:
1014 3553 1109 3592 nec
1142 3538 1267 3593 item
1303 3537 1479 3593 Patris
1509 3539 1612 3593 erit
1654 3539 1916 3594 dicendus
1939 3538 2031 3593 Fi-

464 3627 593 3692 lius,
632 3628 725 3684 sed
749 3628 915 3695 illius,
947 3629 1107 3698 cujus
1164 3628 1350 3684 factus
1384 3630 1678 3701 particeps,
1706 3639 1758 3684 et
1782 3629 1952 3685 Filius
1978 3639 2028 3685 et

463 3716 607 3775 Deus
651 3729 735 3775 est
768 3730 1134 3790 nuncupatus.
1176 3720 1332 3786 Quod
1371 3720 1591 3790 quidem
1635 3719 1679 3774 si
1731 3720 2028 3775 absurdum

460 3821 515 3872 et
539 3812 762 3883 impium
795 3814 993 3868 merito
1016 3813 1280 3877 videatur,
1304 3828 1427 3867 cum
1449 3813 1594 3866 dicat
1610 3811 1794 3875 Pater,
1828 3811 1931 3866 Hic
1951 3820 2030 3867 est

463 3900 642 3957 Filius
681 3920 828 3957 meus
876 3904 1098 3958 dilectus
1128 3903 1194 3970 ⁸³,
1237 3904 1464 3973 ipseque
1513 3902 1688 3958 Filius
1740 3905 2024 3974 proprium

461 4007 621 4048 suum
665 3992 879 4048 Patrem
929 3993 1099 4049 Deum
1162 4009 1283 4050 esse
1312 3994 1572 4049 amrmet:
1612 3983 1789 4064 liquet
1837 3994 2024 4064 utique

462 4084 599 4139 nihil
622 4085 984 4149 extrinsecus,
1012 4084 1107 4140 sed
1153 4100 1220 4140 ex
1265 4086 1571 4141 substantia
1594 4084 1778 4141 Patris
1816 4101 1936 4142 esse
1969 4085 2021 4140 id

462 4176 623 4246 cujus
650 4176 708 4229 iit
736 4177 1027 4247 particeps.
1060 4176 1116 4232 Si
1149 4192 1311 4247 porro
1342 4177 1489 4233 istud
1520 4176 1688 4232 fuerit
1717 4176 1863 4230 aliud
1892 4190 2025 4246 prae-

2053 3035 2097 3093 (Ζ

1037 216 1093 274 S.
1134 220 1504 278 ATHANASII
1544 221 1692 278 OPP.
1733 222 1914 282 PARS
1950 225 1992 286 ι.
2029 258 2094 267 -
2134 226 2504 285 HlSTORlCA
2549 226 2636 282 ET
2678 223 3094 282 DOGMATICA.

3612 224 3671 277 Η

2214 345 2298 399 15.
2324 346 2386 398 Ei
2414 344 2470 397 δὲ
2494 346 2589 397 καὶ
2614 344 2674 396 τὸ
2709 343 2879 413 ὄνομα
2914 341 3007 393 τοῦ
3047 339 3177 393 Υίοῦ
3227 339 3384 392 πάλιν
3418 339 3679 408 συνομολο-

2151 438 2318 507 γοῦσι,
2347 436 2435 490 διὰ
2458 437 2520 490 τὸ
2552 438 2624 508 μὴ
2672 434 2951 506 βούλεσθαι
3005 430 3250 503 φανερῶς
3313 430 3455 501 παρά
3483 431 3677 483 πάντων

2144 528 2668 599 καταγινώσκεσθαι,
2699 528 2759 581 τὸ
2784 528 2840 580 δὲ
2874 523 3011 579 εἶναι
3042 523 3230 577 τοῦτον
3257 521 3355 592 τῆς
3402 521 3578 584 οὐσίας
3597 519 3680 572 τοῦ

2142 621 2355 694 Πατρὺς
2381 621 2510 674 ἴδιον
2557 620 2803 690 γέννημα
2860 616 3168 690 ἀρνοῦνται,
3200 615 3275 677 ὡς
3303 614 3374 684 μὴ
3403 613 3507 680 (64)
3533 613 3677 665 δυνα-

2146 715 2306 786 μένου
2326 714 2512 767 τούτου
2554 709 2692 765 εἶναι
2724 710 2890 783 χωρὶς
2918 709 3017 778 τῆς
3063 709 3127 761 ἐκ
3162 705 3340 777 μερῶν
3368 705 3459 758 καὶ
3497 703 3682 776 διαιρέ-

2144 822 2281 859 σεων
2310 803 2580 867 ὑπονοίας·
2610 802 2761 855 οὐδὲν
2791 797 2952 871 ἦττον
2976 799 3134 852 πάλιν
3156 795 3436 867 ἀρνοῦνται
3463 794 3532 865 μὴ
3556 790 3681 847 εἶναι

2145 899 2241 968 μὲν
2265 894 2513 966 ἀληθινὸν
2547 895 2696 958 Υίδν,
2725 893 2947 963 ὀνόματι
2998 889 3053 943 δὲ
3092 887 3247 959 μόνον
3279 884 3519 953 λέγοντες
3546 884 3679 936 Υἱόν.

2142 986 2267 1050 Πῶς
2294 986 2351 1039 δὲ
2376 987 2435 1040 ού
2466 985 2788 1055 σφάλλονται
2824 981 3071 1054 μεγάλως
3096 980 3222 1051 περὶ
3266 976 3361 1030 τοῦ
3413 976 3683 1045 ἀσωμάτου

2138 1078 2208 1132 τὰ
2235 1078 2497 1149 σωμάτων
2545 1075 2954 1147 ἐνθυμούμενοι,
3001 1072 3094 1126 καὶ
3153 1071 3239 1124 διὰ
3274 1073 3371 1140 τὴν
3423 1065 3686 1120 ἀσθένειαν

2140 1169 2239 1240 τῆς
2266 1170 2401 1233 ἰδίας
2420 1169 2631 1238 φύσεως
2657 1165 2976 1239 ἀρνούμενοι
3004 1164 3065 1217 τὸ
3109 1161 3267 1232 φύσει
3316 1159 3410 1214 καὶ
3432 1158 3555 1211 ἴδιον
3584 1155 3685 1224 (65)

2140 1259 2232 1314 τοῦ
2259 1262 2505 1331 Πατρός;
2539 1260 2679 1330 Ὥρα
2701 1257 2808 1329 γὰρ
2851 1256 3047 1318 αὐτοὺς
3083 1253 3157 1325 μὴ
3194 1252 3443 1312 νοοῦντας
3469 1248 3560 1301 καὶ
3582 1245 3685 1307 πῶς

2140 1351 2286 1403 ἐστιν
2317 1350 2346 1401 ὁ
2382 1348 2534 1412 Θεὸς,
2560 1349 2594 1419 ἢ
2632 1347 2873 1410 ποταπός
2918 1346 3068 1397 ἐστιν
3098 1345 3125 1394 ὁ
3176 1341 3384 1411 Πατὴρ,
3421 1335 3686 1409 ἀρνεῖσθαι

2140 1440 2232 1494 καὶ
2259 1439 2438 1505 αὑτὸν,
2470 1439 2592 1492 ἐπεὶ
2611 1440 2704 1492 καὶ
2732 1437 2792 1490 τὸ
2839 1436 3083 1506 γέννημα
3125 1432 3217 1486 τοῦ
3251 1430 3464 1500 Πατρὸς
3493 1428 3549 1493 ἐξ
3576 1428 3690 1478 ἐαυ-

2138 1532 2244 1586 τῶν
2264 1530 2549 1603 μετροῦσιν
2569 1532 2617 1584 οἱ
2645 1530 2894 1601 ἄφρονες.
2929 1527 3066 1579 Ἀλλ’
3087 1524 3257 1587 οὕτως
3287 1522 3484 1581 αὐτοὺς
3505 1518 3692 1571 διακει-

2142 1623 2354 1695 μένους,
2377 1623 2470 1677 καὶ
2498 1619 2811 1693 νομίζοντας
2849 1618 2923 1691 μὴ
2958 1616 3213 1671 δύνασθαι
3250 1611 3391 1666 εἷναι
3435 1611 3560 1662 Υἱὸν
3604 1606 3690 1660 τοῦ

2069 1700 2112 1756 Β
2139 1716 2272 1771 Θεοῦ
2293 1717 2429 1787 (66),
2456 1715 2742 1786 οἰκτείρειν
2793 1713 2891 1784 μὲν
2940 1711 3107 1776 ἀξιον·
3141 1709 3350 1781 ἐρωτᾷν
3391 1705 3448 1758 δὲ
3478 1704 3571 1757 καὶ
3619 1702 3692 1754 δι-

2134 1809 2373 1879 ελέγχειν
2404 1808 2596 1871 αὐτοὺς
2626 1806 2909 1860 ἀκόλουθόν
2959 1807 3095 1867 ἐστι,
3135 1802 3273 1871 τάχα
3300 1798 3402 1853 κᾶν
3426 1796 3597 1858 οὕτως
3621 1794 3695 1856 είς

2131 1900 2382 1971 αἴσθησιν
2397 1899 2637 1953 ἔλθωσιν.
2652 1900 2714 1951 Εἰ
2738 1898 2858 1951 καθ’
2877 1896 3020 1966 ὑμᾶς
3039 1894 3098 1959 ἐξ
3122 1894 3220 1946 οὐκ
3242 1892 3415 1945 ὄντων
3433 1888 3579 1941 ἐστὶν
3595 1884 3696 1956 (67)

2132 1996 2161 2048 ὁ
2186 1993 2330 2057 Υἱὸς,
2368 1993 2463 2047 καὶ
2497 1993 2597 2046 οὐκ
2623 1987 2691 2063 ἦν
2719 1990 2848 2063 πρὶν
2869 1986 3127 2058 γεννηθῇ,
3152 1986 3371 2047 πάντως
3413 1999 3519 2034 που
3565 1975 3699 2032 κατά

2137 2086 2423 2158 μετουσίαν
2450 2085 2544 2139 καὶ
2575 2084 2736 2146 αὐτὸς
2758 2081 2903 2146 Υἱὸς,
2930 2080 3024 2133 κα)⁸
3055 2078 3205 2141 Θεὸς,
3238 2077 3333 2129 καὶ
3352 2074 3524 2143 Σοφία
3549 2069 3702 2137 ἐκλή-

2134 2177 2222 2249 θη·
2251 2177 2392 2230 οὕτω
2414 2177 2523 2246 γὰρ
2549 2175 2643 2228 καὶ
2678 2173 2747 2226 τὰ
2786 2172 2919 2226 ἄλλα
2952 2169 3129 2223 πάντα
3174 2165 3476 2237 συνέστηκέ
3499 2180 3558 2216 τε
3612 2160 3698 2214 καὶ

2133 2266 2470 2339 ἁγιαζόμενοι
2510 2265 2807 2331 δοξάζεται.
2848 2263 3003 2325 Τίνος
3058 2259 3238 2314 τοίνυν
3293 2257 3417 2309 ἐστὶ
3460 2254 3701 2325 μέτοχος,

2131 2360 2305 2412 εἰπεῖν
2338 2358 2482 2427 ὑμᾶς
2521 2356 2751 2424 ἀνάγκη.
2805 2350 2885 2405 Τά
2936 2352 3032 2421 μὲν
3063 2349 3171 2420 γὰρ
3216 2347 3355 2401 ἀλλα
3406 2344 3586 2397 πάντα
3614 2339 3702 2393 τοῦ

2130 2445 2445 2516 Πνεύματος
2483 2443 2719 2515 μετέχει,
2763 2441 2923 2503 αὐτὸς
2975 2439 3032 2491 δὲ
3078 2440 3186 2510 ἀρα
3223 2436 3347 2490 καθ’
3373 2437 3523 2506 ὑμᾶς
3570 2431 3706 2493 τίνος

2130 2535 2196 2589 ἂν
2224 2536 2307 2606 εἴη
2337 2534 2592 2605 μέτοχος;
2632 2530 2736 2585 Τοῦ
2785 2529 3130 2600 Πνεύματος;
3195 2527 3307 2580 Καὶ
3342 2525 3452 2597 μὴν
3497 2523 3630 2577 αὐτὸ
3651 2519 3707 2571 τὸ
3794 2604 3795 2609 1

2131 2626 2354 2697 Πνεῦμα
2374 2625 2581 2697 ⁴μᾶλλον
2621 2624 2771 2696 παρὰ
2811 2623 2903 2676 τοῦ
2934 2622 3063 2675 Υἱοῦ
3113 2618 3407 2689 λαμϐάνει,
3438 2615 3514 2677 ὡς
3555 2611 3708 2674 αὐτὸς

2130 2718 2340 2790 εἴρηκε,
2368 2717 2459 2769 καὶ
2491 2715 2681 2784 ἀλογόν
2744 2716 2890 2767 ἐστιν
2935 2713 3107 2766 εἰπεῖν
3154 2707 3348 2762 τοῦτον
3389 2702 3710 2773 ἀγιάζεσθαι

2128 2811 2260 2883 παρ’
2281 2809 2512 2862 ἐκείνου.
2542 2806 2749 2861 Οὐκοῦν
2778 2806 2871 2859 τοῦ
2896 2803 3107 2876 Πατρδς
3139 2801 3384 2874 μετέχειο
3412 2798 3577 2853 τοῦτο
3605 2794 3710 2865 γὰρ

2129 2899 2394 2963 λείπεται,
2421 2900 2515 2953 καὶ
2539 2898 2750 2968 ἀνάγκη
2784 2896 2984 2966 λέγειν.
3002 2894 3111 2948 Καὶ
3141 2893 3193 2946 τί
3219 2891 3386 2945 τοῦτο
3414 2892 3526 2962 ἄρα
3555 2889 3589 2959 ἢ
3620 2887 3713 2939 πό-

2130 2991 2220 3045 Θεν
2250 2990 2430 3056 ἒστίν;
2457 2992 2505 3043 εἰ
2538 2990 2635 3060 μὲν
2657 2985 2749 3042 οὖν
2788 2987 2985 3055 ἔξωθέν
3023 2988 3170 3040 ἐστιν
3220 2982 3518 3052 ὲπινοηθὲν
3565 2976 3714 3050 παρά

2128 3081 2220 3137 τοῦ
2242 3081 2473 3153 Πατρὸς,
2504 3079 2684 3134 οὐκέτι
2720 3079 2879 3134 πάλιν
2921 3077 3014 3131 τοῦ
3058 3073 3271 3144 Πατρὸς
3330 3074 3588 3145 μετέχων
3609 3069 3713 3141 (68)

2128 3173 2194 3228 ἀν
2224 3174 2329 3244 εἴη,
2347 3171 2495 3225 ἀλλὰ
2524 3171 2618 3224 τοῦ
2651 3168 2848 3235 ἔξωθεν
2880 3167 3191 3239 γενομένου,
3219 3167 3319 3218 καὶ
3338 3166 3533 3219 οὐκέτι
3558 3161 3714 3224 αὐτὸς

2126 3267 2247 3322 οὐδὲ
2271 3265 2522 3335 δεύτερος
2553 3264 2704 3318 ἔσται
2732 3261 2868 3335 μετὰ
2890 3262 2981 3314 τὸν
3001 3259 3221 3329 Πατέρα
3243 3256 3387 3329 (69),
3416 3258 3563 3328 ἔχων
3615 3250 3719 3325 πρὸ

2128 3358 2322 3415 ἑαυτοῦ
2346 3361 2539 3411 ἐκεῖνα
2567 3357 2689 3410 οὐδὲ
2708 3353 2802 3408 τοῦ
2831 3353 3044 3425 Πατρὸς
3068 3351 3195 3415 Υἱὸς
3216 3350 3284 3404 ἂν
3319 3350 3579 3421 λεχθείη,
3606 3345 3716 3401 ἀλλ’

2126 3451 2355 3516 ἐκείνου,
2382 3443 2442 3503 οῦ
2474 3449 2567 3503 καὶ
2598 3447 2837 3518 μετέχων
2864 3444 2991 3507 Υἱὸς
3030 3443 3123 3496 καὶ
3151 3442 3287 3504 Θεὸς
3319 3442 3560 3512 ἐκλήθη·
3592 3441 3641 3492 εἰ
3667 3436 3721 3490 δὲ

2124 3542 2282 3596 τοῦτο
2319 3542 2516 3596 ἄτοπον
2544 3540 2634 3593 καὶ
2658 3538 2871 3603 ἀσεϐὲς,
2904 3537 3151 3605 λέγοντος
3206 3533 3309 3604 μὲν
3341 3534 3445 3586 τοῦ
3480 3532 3719 3603 Πατρὸς,

2131 3628 2317 3699 Οὗτός
2345 3632 2517 3685 ἐστιν
2541 3633 2572 3684 ό
2603 3632 2734 3699 Υἱός
2756 3646 2867 3695 μου
2901 3630 2934 3680 ό
2977 3623 3308 3695 ἀγαπητὸς,
3378 3625 3646 3693 λέγοντος
3670 3621 3723 3673 δὲ

2126 3721 2335 3776 καὶτοῦ
2371 3720 2522 3783 Υἱοῦ,
2556 3720 2778 3790 Πατέρα
2827 3717 2954 3771 ἴδιον
2982 3711 3118 3768 εἶναι
3168 3713 3262 3765 τὸν
3319 3715 3489 3770 Θεόψ
3543 3712 3719 3783 δῆλον,

2125 3815 2208 3869 ὅτι
2240 3813 2350 3886 (70)
2379 3814 2477 3866 ούκ
2506 3810 2728 3876 ἔξωθεν,
2751 3809 2862 3864 ἀλλ’
2892 3809 2956 3861 ὲκ
2983 3806 3083 3876 τῆς
3114 3805 3310 3868 οὐσίας
3367 3807 3474 3860 τοῦ
3509 3804 3727 3875 Πατρός

2131 3903 2328 3957 ἔστιτὸ
2365 3903 2739 3974 μετεχόμενον.
2788 3897 2956 3953 Τοῦτο
2988 3896 3045 3950 δὲ
3091 3896 3252 3950 πάλιν
3314 3896 3419 3950 ἐὰν
3481 3889 3726 3968 ἕτερονῇ

2132 3993 2280 4066 παρά
2309 3993 2407 4066 τὴν
2430 3993 2615 4046 οὐσίαν
2643 3991 2736 4045 τοῦ
2756 3987 2907 4053 Υίοῦ,
2929 3988 2990 4042 τὺ
3009 3990 3121 4043 ἴσον
3148 3988 3359 4042 ἄτοπον
3391 3989 3729 4060 ἀπαντήσει,

2133 4086 2297 4156 μέσου
2322 4085 2482 4139 πάλιν
2508 4082 2891 4154 εὑρισκομένου
2925 4081 3114 4134 τούτου
3142 4077 3254 4150 (71)
3285 4079 3361 4134 ἐκ
3386 4079 3492 4133 τοῦ
3512 4079 3730 4151 [lat-rgo;

2127 4174 2345 4246 καὶτῆς
2375 4174 2560 4237 οὐσίας
2586 4171 2677 4225 τοῦ
2696 4171 2842 4229 Υἱοῦ.
2869 4172 2989 4241 ἥτις
3017 4167 3148 4221 ποτέ
3175 4168 3354 4222 ἐστιν.

464 4277 546 4321 ter
576 4265 702 4321 Filii
755 4277 1029 4334 naturam,
1064 4283 1218 4338 aeque
1269 4268 1567 4323 absurdum
1600 4267 1723 4335 erit,
1756 4282 1882 4323 cum
1918 4267 2022 4322 hoc
2058 4265 2200 4322 idem
2239 4267 2478 4322 medium
2515 4265 2647 4337 quid
2685 4263 2986 4334 reperiatur
3031 4273 3153 4315 esse
3186 4274 3254 4313 ex
3286 4257 3471 4314 Patre
3544 4271 3605 4315 ct
3667 4274 3729 4313 ex

458 4373 655 4418 natura
678 4363 802 4418 Filii
826 4378 1164 4434 quaecunque
1188 4362 1403 4417 tandem
1432 4363 1522 4417 illa
1555 4362 1644 4418 sit.

529 4453 618 4508 16.
653 4452 925 4519 Quoniam
955 4468 1084 4524 ergo
1115 4453 1215 4508 has
1237 4452 1532 4507 sententias
1566 4451 1829 4506 absurdas
1859 4458 2020 4521 atque

2196 4448 2282 4503 16.
2304 4447 2568 4502 Τοιούτων
2617 4444 2680 4517 δὴ
2732 4440 2824 4499 οῦν
2869 4443 3083 4496 ἀτόπων
3110 4441 3205 4495 κα)⁵
3241 4444 3417 4515 παρά
3446 4447 3558 4518 τὴν
3596 4444 3733 4515 ἀλιί]⁸

455 4560 486 4599 a
506 4546 731 4601 veritate
755 4536 962 4600 alienas
985 4560 1107 4600 esse
1125 4543 1347 4600 evidens
1369 4552 1470 4605 est.
1499 4542 1786 4598 dicendum
1816 4549 1902 4597 est
1924 4557 2020 4596 ne-

2126 4541 2274 4596 Θειαν
2297 4538 2733 4609 ἀναφαινομένων
2753 4534 3046 4606 λογισμῶν,
3077 4533 3298 4606 ἀνάγκη
3341 4536 3550 4606 λέγειν
3580 4537 3646 4591 τδ
3676 4536 3741 4590 ὲκ

454 4635 694 4696 cessario
718 4637 773 4692 id
789 4636 931 4707 quod
958 4643 1041 4691 est
1069 4650 1136 4690 ex
1165 4634 1470 4691 substantia
1499 4632 1695 4699 Patris,
1725 4632 2005 4703 proprium

2137 4633 2211 4703 πῆς
2238 4630 2421 4693 οὐσίας
2450 4628 2543 4682 τοῦ
2570 4628 2780 4700 Πατρὸς
2812 4627 2940 4681 ῐδιον
2968 4625 3131 4679 αὑτοῦ
3182 4624 3431 4697 σύμπαν
3461 4627 3617 4687 εἶναι
3647 4630 3738 4685 τὸν

559 4813 605 4846 ’¹
631 4812 788 4869 Joau.
814 4827 926 4876 xw,
952 4812 1038 4865 14.
1112 4811 1160 4843 ⁸³
1188 4809 1378 4865 Matth.
1414 4825 1545 4873 xvn,
1575 4808 1640 4876 5;
1666 4807 1822 4864 Joan.
1854 4824 1970 4875 vm,
1999 4808 2088 4864 54.

521 4994 641 5068 (64)
675 4992 768 5048 Sic
789 4990 1131 5068 Segni-ian...
1162 4987 1297 5059 Reg.
1334 4987 1552 5046 Gobler.
1583 4997 1638 5044 et
1675 4986 1913 5045 Felckm.
1956 4987 2007 5042 1.

452 5060 646 5120 ΔιόΙὶἱ
675 5075 731 5117 et
756 5060 885 5132 editi
911 5062 984 5132 μή
1009 5060 1282 5132 omittunt.

523 5134 637 5202 (65)
677 5132 769 5187 Sic
807 5127 1122 5202 Seguerian.
1156 5129 1225 5185 At
1268 5128 1487 5199 Regius,
1527 5128 1654 5183 ἴδιον
1702 5128 1795 5182 καὶ
1830 5127 2005 5199 φύσει.

450 5200 557 5261 Alii
578 5215 634 5258 et
662 5202 813 5266 editi,
839 5201 999 5271 φύσει
1025 5200 1172 5254 ἴδιον.

543 5273 632 5345 66)
676 5265 1063 5345 segueijianus,
1118 5269 1256 5345 Yibv_
1302 5267 1458 5345 Θεοῦ.
1513 5266 1635 5322 Mox
1690 5265 1904 5322 Gobler.
1957 5273 2013 5321 et

449 5338 691 5412 Felckhi.
719 5338 775 5406 1,
795 5341 892 5412 καὶ
930 5339 1171 5412 ἐλέγχειν
1197 5338 1413 5412 αὐτούς.

522 5414 648 5537 (€57)5
671 5402 1232 5536 lentheguerf'tlcest,
1280 5409 1447 5461 ἐστίν.
1488 5405 1730 5463 Felckm.
1773 5404 1810 5457 2
1858 5412 1912 5458 et
1952 5404 2005 5469 5,

522 5502 594 5537 τν
716 5500 742 5535 ε
773 5499 821 5537 c.

448 5486 594 5539 ἐστὶν
619 5486 648 5539 ὁ
671 5486 821 5547 Θεός.

519 5553 631 5625 (68)
651 5542 812 5608 Basil.
837 5561 892 5625 et
910 5552 1221 5625 Anglican,
1259 5549 1504 5625 μετέχονΣ
1538 5544 1657 5625 Mox
1686 5542 2009 5625 Basil.,.Go-

448 5614 673 5681 blérian.
732 5635 783 5680 et
832 5614 1065 5678 Fclckm.
1117 5621 1179 5673 1.
1231 5614 1323 5670 τοῦ
1374 5614 1569 5683 ἔξωθεν
1602 5614 2001 5684 ἐπιγενομένου.

2116 4985 2250 5074 Ibid;
2297 4985 2543 5055 δέδαεν..
2575 4983 2792 5062 Gobler.
2839 4992 2893 5038 et
2920 4981 3156 5038 Felckm.
3190 4982 3243 5045 1,
3287 4989 3401 5041 καὶ
3443 4990 3651 5045 οὐκέτι
3691 4992 3745 5045 δὲ

2116 5055 2303 5195 αυῖἓδ)
2344 5121 2588 5192 Segucr.,
2617 5122 2907 5178 Gobler.et
2930 5121 3171 5178 Fclckm.
3205 5122 3260 5187 l,
3311 5129 3475 5195 μετὰ
3502 5131 3608 5185 τοῦ
3644 5134 3750 5187 na.

2115 5193 2301 5386 τρῑξῦ)
2342 5260 2432 5317 Sic
2462 5338 2465 5343 _
2497 5261 2833 5343 Seguer_iau..
2880 5261 3191 5343 Basilicus,
3263 5264 3638 5329 Goblcrian,
3702 5282 3753 5327 et

2118 5331 2189 5386 Fe
2212 5334 2427 5386 ckman.
2461 5332 2511 5385 1.
2537 5332 2604 5386 At
2624 5332 2772 5386 editi.
2800 5330 3062 5386 δηλονότι.
3107 5330 3243 5386 llud.
3300 5334 3595 5386 Segimr__
3634 5344 3750 5386 ἁλλ’

2118 5330 2511 5409 Paegnium}.
2537 5331 2772 5409 ALediti,
2800 5330 3062 5409 δηλονότι..
3107 5330 3243 5409 lbi_t|.
3300 5334 3600 5409 SCgller.’
3634 5344 3750 5399 ἀλλ’

2110 5404 2175 5456 ἐκ
2202 5403 2300 5475 τῆς
2335 5403 2553 5475 οὐσίας,
2588 5401 2732 5475 Editi
2754 5409 2806 5454 et
2829 5403 2947 5475 alii,
2974 5402 3253 5475 50.1515);
3273 5401 3524 5475 οὐσίας.

2182 5469 2292 5556 (71)
2336 5471 2677 5556 ἓεςιιονίοιλη
2706 5469 3011 5542 Anglicum,
3035 5469 3375 5533 Goblcrian.
3403 5469 3664 5543 et'Felc.
3703 5486 3753 5546 1,

2108 5541 2312 5599 τούτου.
2338 5541 2525 5607 BaSiL,
2549 5541 2720 5595 τοῦτο.
