3850 6218
206 206 279 261 65
1337 201 1595 260 ORATIO
1633 203 1654 257 Ι
1694 199 1971 257 CONTRA
2008 198 2331 257 ARIANOS.
3376 203 3445 258 46

208 323 354 377 Υίὸν·
383 322 447 376 τὸ
472 320 581 395 γὰρ
604 321 739 385 ὅλως
775 320 1094 392 μετέχεσθαι
1115 320 1205 375 τὸν
1231 321 1384 387 Θεὸν,
1415 321 1528 375 ἴσον
1554 321 1615 372 ὲσ
1626 319 1671 372 τὶ
1703 319 1773 372 λέ·

1890 318 2116 373 omnino
2143 317 2263 388 ejus
2296 331 2418 374 esse
2444 316 2663 374 Filium.
2716 319 2887 375 Deum
2936 321 3082 376 enim
3129 323 3443 394 participari

207 431 344 484 γειν,
378 414 463 467 ὅτι
493 414 585 465 καὶ
614 413 796 482 γεννᾷ·
828 411 963 465 τὸδὲ
992 409 1217 480 τεννᾷν
1250 412 1363 483 (72)
1403 411 1459 464 τί
1529 410 1784 482 σημαίνει

205 504 241 576 ἢ
269 503 437 568 Υίόνς
475 501 650 555 Αὑτοῦ
678 501 806 571 γοῦν
833 500 926 554 τοῦ
944 501 1078 555 Υίοῦ
1106 501 1322 571 μετέχει
1349 502 1418 555 τά
1448 502 1624 555 πάντα
1646 500 1786 555 κατὰ

205 596 303 668 τὴν
334 595 430 648 τοῦ
458 592 771 664 Πνεύματος
790 593 1083 664 γινομένην
1113 593 1223 664 (73)
1254 595 1384 666 παρ’
1414 592 1580 647 αὐτοῦ
1606 593 1781 664 χάριν·

208 688 299 741 καὶ
326 687 562 758 φανερὸν
585 688 650 739 ὲκ
676 684 864 739 τούτου
892 686 1120 754 γίνεται,
1147 686 1227 739 ὅτι
1271 686 1432 749 αὐτὸς
1464 686 1561 758 μὲν
1595 687 1624 739 6
1659 686 1786 749 Υἱὸς

203 778 417 842 οὐδενὸς
443 778 676 849 μετέχει,
702 778 762 831 τὺ
802 777 859 830 δὲ
900 779 964 831 ἐκ
994 777 1088 831 τοῦ
1140 778 1354 849 Πατρὸς
1404 780 1781 850 μετεχόμενον,

203 869 363 924 τοῦτό
400 871 551 922 ἐστιν
577 871 606 923 6
642 869 789 933 Υἱός.
852 868 1026 922 Αὐτοῦ
1070 868 1179 942 γὰρ
1206 870 1299 923 τοῦ
1347 869 1476 923 Υίοῦ
1530 871 1784 942 μετέχον-

202 980 293 1027 ιιῖς
319 962 460 1033 (74),
521 960 616 1015 τοῦ
663 960 798 1020 Θεοῦ
853 960 1099 1031 μετέχειν
1141 960 1429 1032 λεγόμεθα’
1487 962 1580 1015 καὶ
1626 961 1785 1016 τοῦτό

200 1056 370 1119 ἔστιν,
402 1051 433 1107 ὃ
464 1053 649 1122 ἔλεγεν
672 1054 701 1105 6
735 1052 957 1124 Πέτρος,
989 1054 1112 1106 Ἵνα
1162 1052 1421 1121 γένησθε
1473 1053 1636 1119 θείας
1664 1070 1786 1107 κοι-

198 1147 382 1201 νωνοί
418 1148 681 1216 φύσεως,
709 1144 785 1209 ὥς
813 1162 946 1216 φησι
975 1145 1070 1197 καὶ
1090 1147 1119 1197 6
1163 1144 1483 1207 Ἀπόστολος
1501 1143 1633 1214 (75),
1664 1147 1785 1198 Οὐκ

198 1239 425 1301 οἴδατε,
462 1239 551 1293 ὅτι
578 1238 726 1304 ναὸς
751 1237 898 1291 Θεοῦ
921 1237 1062 1289 ἐστε
1071 1251 1091 1300 ;
1126 1236 1240 1300 καὶ,
1280 1235 1468 1304 Ἡμεῖς
1499 1234 1610 1304 γὰρ
1638 1235 1785 1301 ναὸς

199 1329 355 1384 Θεοῦ
388 1330 576 1398 ἐσμεν
602 1327 836 1392 ζῶντος.
867 1327 976 1380 Καὶ
1008 1325 1170 1379 αὐτὸν
1196 1326 1254 1379 δὲ
1292 1325 1381 1379 τὸν
1409 1324 1537 1379 Υίὸν
1560 1324 1779 1395 βλέπον-

198 1440 312 1487 τες,
347 1421 564 1493 ὁρῶμεν
601 1419 691 1472 τὸν
714 1418 950 1490 Πατέρα.
990 1418 1054 1471 Ἦ
1082 1417 1190 1489 γὰρ
1217 1417 1310 1471 τοῦ
1333 1415 1463 1470 Υίοῦ
1492 1417 1669 1472 ἔννοια
1692 1417 1785 1471 καὶ

198 1512 512 1582 κατάληψις
545 1510 744 1580 γνῶσίς
769 1512 885 1563 ἐστι
918 1509 1046 1580 περὶ
1072 1507 1164 1563 τοῦ
1199 1508 1433 1579 Πατρὸς,
1487 1508 1575 1562 διὰ
1621 1509 1683 1562 τὸ
1721 1510 1785 1562 ὲκ

196 1606 300 1676 τῆς
317 1603 507 1665 οὐσίας
542 1600 704 1656 αὑτοῦ
758 1600 886 1653 ἴδιον
917 1596 1054 1653 εἶναι
1103 1599 1368 1671 γέννημα.
1401 1599 1612 1671 Ὠσπερ
1641 1599 1699 1653 δὲ
1723 1599 1783 1653 τὸ

196 1694 526 1767 μετέχεσθαι
544 1694 646 1747 οὐκ
676 1693 741 1747 ἄν
768 1709 853 1755 τις
879 1691 1033 1763 ὑμῶν
1060 1689 1139 1745 έτι
1170 1691 1341 1755 πάθος
1380 1689 1523 1744 εἴποι
1560 1692 1654 1745 καὶ
1689 1708 1783 1762 με-

194 1787 397 1858 ρισμὸν
445 1786 546 1856 τῆς
589 1782 682 1838 τοῦ
732 1782 867 1838 Θεοῦ
914 1782 1119 1845 οὐσίας’
1176 1781 1503 1853 (δεδήλωται
1549 1781 1657 1854 γὰρ
1689 1782 1783 1835 καὶ

188 1878 549 1950 ὡμολόγηται
571 1875 681 1947 (76)
707 1872 1030 1947 μετέχεσθαι
1081 1872 1171 1927 τὸν
1201 1872 1354 1937 Θεὸν,
1389 1873 1484 1926 καὶ
1517 1871 1682 1925 ταὺτὸ
1708 1867 1784 1924 εῖ-

189 1988 282 2025 ναι
313 1968 639 2040 μετέχεσθαι
663 1968 757 2020 καὶ
776 1964 1011 2035 γεννᾷψ)
1036 1962 1207 2026 οὕτως
1229 1963 1289 2016 τὸ
1311 1962 1558 2033 γέννημα
1589 1961 1651 2014 οὐ
1678 1960 1783 2014 πά-

193 2063 309 2126 θος,
333 2061 457 2114 οὐδὲ
482 2059 747 2131 μερισμός
773 2059 887 2111 ἐστι
909 2058 1008 2127 τῆς
1043 2053 1318 2128 μακαρίας
1332 2053 1549 2126 ἐκείνης
1571 2052 1776 2116 οὐσίας.

187 2156 310 2208 Οὐκ
340 2153 572 2208 ἄπιστον
630 2150 738 2224 ἄρα
790 2149 938 2203 ἐστὶν
999 2148 1128 2202 Υίὸν
1176 2146 1320 2217 ἔχειν
1355 2145 1446 2200 τὸν
1503 2144 1656 2209 Θεὸν,
1683 2145 1784 2215 τῆς

188 2246 333 2310 ιδίας
355 2243 545 2308 ούσίας
568 2244 628 2297 τὸ
649 2243 810 2314 γέννη
820 2260 913 2314 μα’
932 2242 1041 2296 οὐδ’
1062 2241 1170 2312 ἄρα
1198 2239 1368 2331 παθος
1390 2237 1489 2331 καὶ
1506 2237 1782 2331 μερισμὸν

186 2339 292 2409 τῆς
324 2335 516 2399 οὐσίας
541 2335 634 2388 τοῦ
659 2333 794 2389 Θεοῦ
830 2332 1192 2404 σημαίνομεν,
1224 2327 1473 2398 λέγοντες
1506 2327 1633 2381 Υῐὸν
1689 2327 1783 2381 καὶ

184 2430 465 2499 γέννημα·
501 2425 638 2480 ἀλλὰ
669 2423 866 2496 μᾶλλον
887 2423 946 2476 τὸ
968 2423 1188 2493 γνήσιον
1217 2419 1392 2473 καὶτὸ
1413 2416 1663 2490 ἀληθινὸν
1689 2416 1783 2470 καὶ

183 2520 251 2575 τὺ
278 2518 570 2591 μονογενὲς
623 2514 718 2568 τοῦ
750 2514 889 2571 Θεοῦ,
925 2513 1034 2585 (77)
1082 2511 1463 2581 γινώσκοντες,
1511 2508 1654 2562 οὕτω
1688 2525 1781 2561 πι-

187 2611 486 2681 στεύομεν.
517 2608 717 2662 Τούτου
737 2607 794 2660 δὲ
821 2604 965 2659 οὕτω
996 2602 1346 2674 πεφασμένου
1376 2602 1471 2655 καὶ
1491 2601 1780 2672 δεικνυμέ-

182 2720 305 2768 νου,
327 2702 414 2753 ὅτι
446 2700 509 2753 τὸ
534 2701 597 2752 ὲκ
621 2697 723 2767 τῆς
751 2695 843 2750 τοῦ
864 2694 1079 2767 Πατρὸς
1142 2694 1329 2757 οὐσίας
1357 2692 1601 2763 γέννημα
1625 2691 1782 2744 τοῦτό

181 2795 344 2848 ἐστιν
376 2795 406 2845 6
429 2791 578 2856 Υἱὸς,
605 2789 779 2842 οὐδενὶ
805 2787 989 2841 λοιπὸν
1019 2784 1338 2857 ἀμφίϐολον,
1364 2782 1500 2837 ἀλλὰ
1528 2782 1623 2837 καὶ
1651 2780 1782 2853 πρό-

1886 407 2026 462 idem
2054 422 2279 478 prorsus
2308 417 2390 463 est
2417 423 2482 463 ac
2499 406 2668 463 Deum
2689 424 2965 480 generare.
2982 410 3120 478 Quid
3143 428 3303 483 porro
3318 430 3444 482 vox,

1884 512 2152 566 generare,
2187 497 2334 551 aliud
2369 497 2637 568 significat
2663 514 2826 570 quam
2873 499 3105 556 Filium?
3130 504 3315 574 itaque
3358 520 3447 561 res

1885 602 2078 642 omnes
2107 587 2230 641 Filii
2260 589 2396 642 fiunt
2422 589 2714 659 participes
2740 591 3039 648 secundum
3068 591 3300 664 Spiritus
3321 611 3446 666 gra-

1887 679 2038 743 tiam,
2066 693 2189 748 qua:
2224 678 2293 732 ab
2321 693 2387 731 eo
2417 679 2577 757 datur
2603 695 2617 731 :
2646 680 2807 751 idque
2832 681 2959 737 inde
2986 682 3046 738 ﬁt
3072 684 3443 749 manifestum,

1883 767 2029 838 quod
2053 767 2169 837 ipse
2198 766 2416 837 quidem
2447 767 2618 825 Filius
2643 771 2844 828 nullius
2865 782 2947 828 est
2970 775 3238 846 particeps
3261 794 3276 843 ;
3301 778 3447 849 quod

1885 867 2071 912 autem
2100 873 2167 913 ex
2195 857 2352 913 Patre
2373 858 2510 915 alios
2537 860 2622 915 sui
2641 861 2933 933 participes
2959 862 3108 930 facit,
3133 866 3239 923 hoc
3262 868 3443 940 ipsum

1883 957 1969 1004 est
1999 946 2190 1005 Filius.
2208 947 2317 1004 Nos
2345 950 2493 1004 enim
2528 966 2651 1006 cum
2691 953 2862 1023 ipsius
2892 952 3012 1009 Filii
3050 957 3340 1030 participes
3367 958 3447 1014 ef—

1884 1041 2122 1106 ﬁcimur,
2158 1040 2255 1096 Dei
2289 1042 2585 1112 participes
2620 1057 2744 1099 esse
2788 1044 3042 1115 dicimur,
3077 1048 3240 1118 idque
3266 1050 3444 1121 ipsum

1882 1142 1967 1188 est
1991 1133 2138 1203 quod
2163 1132 2343 1188 aiebat
2359 1131 2573 1199 Petrus,
2600 1132 2668 1189 Ut
2697 1136 2991 1205 e/ﬁciamini
3014 1139 3206 1195 divina:
3234 1157 3448 1197 consor-

1885 1230 1961 1274 tes
2001 1231 2210 1277 natura:
2249 1223 2317 1287 ³⁵,
2347 1225 2807 1294 quemadmodum
2859 1237 2914 1282 et
2959 1228 3250 1299 Apostolus
3276 1232 3447 1303 dicit,

1887 1311 2120 1368 Nescitis
2162 1315 2286 1384 quia
2317 1314 2568 1385 templum
2619 1315 2718 1371 Dei
2777 1320 2943 1375 estis?
2983 1330 3069 1390 ει,
3138 1321 3252 1378 Nos
3307 1325 3447 1380 enim

1885 1405 2135 1475 templum
2158 1406 2257 1461 Dei
2293 1408 2508 1463 viventis
2548 1426 2730 1466 sumus
2756 1412 2822 1465 ⁵⁸.
2857 1411 3037 1483 Ipsum
3067 1414 3318 1471 similiter
3355 1415 3447 1471 Fi-

1884 1496 2016 1551 lium
2044 1498 2336 1566 intuentes,
2364 1498 2580 1556 Patrem
2610 1502 2911 1561 intuemur.
2942 1505 3192 1578 Cognitio
3218 1508 3363 1563 enim
3391 1518 3445 1564 et

1884 1591 2305 1661 comprehensio
2336 1592 2486 1659 Filii,
2519 1594 2696 1651 Patris
2741 1607 2827 1653 est
2871 1600 3099 1669 agnitio,
3134 1601 3261 1671 quia
3316 1616 3445 1672 pro~

1882 1682 2036 1752 prius
2056 1693 2227 1739 estex
2260 1683 2505 1755 ejusdem
2534 1695 2728 1742 natura
2765 1687 2929 1746 fetus.
2969 1689 3140 1747 Porro
3174 1702 3235 1748 ut
3282 1710 3443 1751 nemo

1882 1782 2123 1829 vestrum
2151 1776 2265 1846 jam
2313 1777 2511 1834 dixerit
2538 1778 2633 1835 Dei
2663 1780 2979 1852 participem
3017 1782 3157 1850 ﬁeri,
3194 1800 3316 1841 esse
3358 1786 3444 1842 di-

1881 1866 2022 1922 vinae
2043 1867 2204 1939 332
2238 1877 2447 1925 naturae
2489 1870 2800 1940 passionem
2840 1882 2896 1929 et
2926 1873 3246 1931 divisionem
3298 1879 3443 1944 (nam

1880 1969 2163 2017 ostensum
2191 1971 2246 2017 et
2269 1977 2592 2018 concessum
2618 1974 2702 2020 est
2730 1963 2898 2020 Deum
2922 1969 3255 2039 participari,
3274 1969 3446 2026 idem.

1881 2068 1987 2123 que
2019 2068 2141 2109 esse
2171 2053 2326 2109 illum
2372 2055 2711 2126 participari,
2733 2073 2797 2114 ac
2822 2060 3101 2133 generare)
3139 2081 3152 2116 :
3200 2063 3276 2119 ita
3302 2080 3442 2135 quo-

1880 2161 1988 2218 que
2019 2162 2143 2203 cum
2175 2148 2418 2219 genitum
2454 2164 2486 2203 a
2512 2149 2624 2205 Deo
2652 2151 2851 2207 Filium
2881 2153 3137 2222 dicimus,
3188 2173 3291 2214 nec
3317 2175 3446 2230 pas-

1881 2240 2091 2296 sionem
2133 2240 2300 2295 ullam
2329 2256 2432 2296 nec
2476 2241 2799 2301 divisionem
2840 2245 3014 2302 beatae
3050 2248 3199 2305 illius
3234 2263 3445 2309 natum

1881 2330 2276 2402 signiﬁcamus.
2315 2330 2433 2387 Non
2475 2333 2657 2403 itaque
2700 2334 3016 2392 incredibile
3048 2347 3132 2393 est
3169 2338 3278 2396 Deo
3323 2356 3446 2398 esse

1879 2421 2076 2478 Filium
2101 2462 2116 2488 ,
2154 2423 2250 2494 qui
2289 2422 2521 2493 propriae
2548 2423 2668 2494 ejus
2701 2435 2912 2482 natura:
2938 2427 3009 2482 sit
3049 2426 3191 2485 fetus
3221 2447 3238 2485 :
3266 2446 3443 2502 neque

1877 2516 2190 2586 passionem
2223 2525 2317 2570 aut
2337 2515 2656 2573 divisionem
2675 2517 2872 2574 divina:
2899 2528 3107 2576 natura;
3140 2521 3443 2590 innuimus,

1879 2622 2002 2662 cum
2033 2606 2234 2663 Filium
2266 2616 2322 2663 et
2349 2607 2521 2665 fetum
2550 2609 2826 2675 dicimus;
2874 2612 2968 2668 sed
3001 2614 3182 2683 potius
3220 2614 3294 2673 ita
3321 2632 3437 2672 ονε-α

1878 2701 2081 2769 dimus,
2107 2701 2235 2773 quia
2260 2701 2313 2758 id
2346 2702 2494 2771 quod
2524 2702 2847 2773 genuinum,
2880 2718 3068 2760 verum
3109 2713 3162 2760 et
3193 2707 3443 2779 unigeni-

1878 2800 1993 2847 tum
2032 2792 2129 2849 Dei
2180 2802 2295 2860 est,
2327 2795 2728 2865 cognoscimus.
2777 2792 2934 2861 Quod
2964 2811 3089 2850 cum
3135 2797 3241 2853 hoc
3281 2800 3445 2859 modo

184 2886 354 2955 δηλον
389 2883 456 2936 ἂν
479 2881 587 2952 εἴη,
617 2882 699 2934 ὅτι
729 2878 887 2932 τοῦτό
920 2878 1068 2931 ἐστιν
1110 2878 1144 2945 ἡ
1192 2874 1361 2945 Σοφία
1408 2873 1504 2929 καὶ
1531 2874 1560 2926 6
1610 2873 1773 2942 Λόγος

1882 2884 2189 2953 expositum
2214 2884 2616 2955 probatumque
2645 2883 2842 2952 fuerit,
2880 2900 3076 2956 nempe
3107 2886 3181 2952 id,
3207 2890 3350 2958 quod
3376 2904 3442 2945 ex

184 2978 285 3032 τοῦ
311 2975 547 3047 Πατρὸς,
575 2974 632 3026 ἐν
661 2965 706 3040 ᾧ
737 2972 831 3024 καὶ
851 2970 917 3024 δι’
935 2963 995 3023 οὗ
1012 2969 1081 3022 τὰ
1105 2968 1281 3022 πάντα
1300 2965 1473 3031 κτίζει
1499 2966 1594 3020 καὶ
1612 2967 1773 3019 ποιεῖ·

1882 2971 2055 3029 Patris
2087 2982 2284 3029 natura
2312 2982 2397 3030 est
2437 2974 2713 3045 genitum,
2763 2975 3006 3046 ejusdem
3054 2991 3176 3034 esse
3201 2979 3441 3049 Filium;

184 3071 289 3124 καὶ
339 3066 500 3121 τοῦτό
542 3067 690 3118 ἐστιν
733 3059 915 3139 αὑτοῦ.
953 3061 1015 3114 τὸ
1078 3060 1440 3130 ἀπαύγασμα,
1495 3061 1554 3112 ἐν
1609 3051 1653 3127 ᾧ
1708 3057 1776 3114 τὰ

187 3164 375 3218 πάντα
396 3159 508 3232 (78)
528 3156 770 3227 φωτίζει,
801 3154 895 3207 καὶ
924 3150 1363 3207 ἀποκαλύπτεται
1395 3144 1476 3213 οἷς
1500 3149 1594 3203 ἐὰν
1624 3148 1773 3226 θέλῃ·

182 3254 351 3309 τοῦτό
379 3255 528 3305 ἐστιν
553 3248 716 3303 αὐτοῦ
741 3245 1023 3319 χαρακτὴρ
1051 3244 1143 3298 καὶ
1178 3241 1362 3304 εἰκὼν,
1402 3243 1462 3295 ὲν
1489 3234 1534 3310 ᾧ
1556 3241 1777 3309 θεωρεῖ-

187 3365 279 3402 ται
305 3346 405 3401 καὶ
423 3341 771 3412 γινώσκεται,
826 3339 906 3392 διὸ
959 3337 1055 3391 καὶ
1105 3335 1267 3399 αὐτὸς
1306 3334 1400 3388 καὶ
1433 3334 1462 3386 6
1500 3333 1692 3406 Πατὴρ
1717 3332 1775 3386 ἓν

182 3442 318 3494 εἰσι-
362 3437 459 3490 καὶ
485 3434 592 3506 γὰρ
634 3436 663 3487 6
692 3431 880 3485 τοῦτον
913 3429 1121 3501 βλέπων
1174 3427 1365 3499 βλέπει
1420 3424 1630 3479 καὶτὸν
1667 3425 1778 3478 Har

184 3531 344 3603 ‘tépd'
365 3527 526 3582 τοῦτό
557 3528 703 3578 ἐστιν
727 3526 756 3576 6
776 3522 1029 3594 Χριστὸς,
1053 3521 1110 3574 ὲν
1135 3512 1178 3587 ᾧ
1205 3517 1273 3571 τὰ
1306 3518 1483 3572 πάντα
1504 3515 1773 3586 λελύτρω-

184 3640 300 3681 ται.
328 3620 424 3673 καὶ
457 3617 618 3672 πάλιν
650 3616 749 3686 τὴν
776 3613 967 3684 καινὴν
1018 3610 1311 3683 εἰργάσατο
1358 3608 1555 3663 κτίσιν.
1584 3605 1690 3662 Τοῦ
1716 3607 1773 3661 δὲ

186 3712 325 3768 Υίοῦ
348 3710 463 3781 (79)
494 3709 654 3762 πάλιν
674 3705 847 3769 οὕτως
867 3705 1017 3767 ὄντος
1039 3743 1053 3767 ,
1085 3702 1186 3773 οὐχ
1220 3699 1469 3774 ἁρμόζει,
1505 3697 1640 3755 ἀλλὰ
1682 3699 1775 3752 καὶ

184 3808 313 3861 λίαν
337 3801 678 3859 ἐπικίνδυνόν
724 3800 871 3853 ἐστιν
933 3798 1106 3850 εἰπεῖν
1135 3795 1320 3849 τοῦτον
1374 3792 1433 3860 ἐξ
1478 3793 1579 3847 οὐκ
1605 3792 1773 3846 ὄντων

185 3899 428 3970 ποίημα,
450 3895 507 3965 ἥ,
538 3894 651 3949 Ούκ
675 3888 741 3963 ἦν
774 3892 902 3963 πρὶν
933 3887 1186 3960 γεννηθῇ.
1213 3887 1272 3938 '0
1303 3884 1413 3957 γὰρ
1437 3884 1499 3937 τὸ
1527 3883 1656 3937 ἴδιον
1675 3884 1774 3955 τῆς

180 3992 381 4053 οὐσίας
412 3985 508 4041 τοῦ
537 3986 748 4056 Πατρὸς
794 3982 936 4036 οὕτω
960 3981 1132 4051 λέγων
1156 3978 1250 4033 καὶ
1274 3978 1354 4041 είς
1375 3977 1536 4032 αὐτὸν
1558 3977 1649 4030 τὸν
1662 3976 1774 4029 Πα-

184 4083 323 4153 τέρα
344 4080 536 4150 φθάνει
585 4075 936 4148 βλασφημῶν,
982 4072 1052 4127 cdt
1114 4069 1354 4126 τοιαῦτα·
1397 4070 1609 4143 φρονῶν
1642 4068 1772 4142 περὶ

184 4172 382 4237 αὐτοῦ,
415 4168 504 4225 οἷα
534 4171 629 4224 καὶ
660 4166 902 4241 περὶτοῦ
933 4165 994 4232 ἐξ
1020 4165 1185 4220 αὐτοῦ
1208 4165 1542 4237 γεννήματος
1567 4182 1770 4235 φαντα-

181 4264 421 4336 ζόμενος
456 4261 867 4330 καταψεύδεται.

257 4538 351 4593 17.
387 4536 545 4589 Ἔστι
577 4533 673 4604 μὲν
700 4526 791 4587 οὖν
817 4532 913 4585 καὶ
936 4529 1092 4583 τοῦτο
1122 4528 1281 4601 μόνον
1333 4527 1513 4582 ἱκανὸν
1537 4527 1764 4600 ἀνατρέ-

176 4649 311 4686 πειν
335 4630 439 4700 τὴν
483 4626 763 4698 ’Δρειανὴν
808 4625 1036 4695 αἵρεσιν·
1063 4621 1212 4692 ὅμως
1234 4619 1291 4673 δὲ
1337 4619 1431 4674 καὶ
1480 4620 1544 4673 ἐκ
1575 4618 1762 4672 τούτου

172 4727 248 4781 ἄν
281 4740 368 4786 τις
397 4721 493 4775 [bat
518 4718 581 4772 τὸ
603 4717 880 4784 ἀλλόδοξον
911 4716 1099 4786 αὐτῆς.
1159 4714 1222 4766 Et
1265 4711 1492 4785 ποιητὴς
1536 4712 1629 4765 καὶ
1657 4711 1768 4765 κτί-

257 4865 306 4898 ⁸⁵
342 4862 529 4918 IPetr.
553 4878 592 4925 ι,
614 4859 669 4913 4.
744 4859 789 4889 ⁵³
818 4857 838 4911 1
863 4857 991 4912 Cor.
1022 4872 1105 4920 ιιι,
1132 4854 1217 4910 16.
1292 4856 1338 4889 ⁸⁸
1363 4854 1406 4907 ll
1427 4853 1555 4909 Cor.
1581 4868 1633 4917 v,
1658 4851 1747 4906 17.

253 5030 373 5172 (Ἱὲζ
418 5027 511 5111 Sic
549 5025 798 5098 Seguer.,
822 5024 913 5080 alii
941 5037 1089 5089 vero,
1117 5023 1177 5076 τὸ
1201 5021 1259 5075 δὲ
1287 5022 1473 5092 γεννᾷ.
1571 5090 1585 5103 ο

253 5102 351 5172 αξ)
415 5098 509 5172 διε
536 5097 761 5172 Seguer.
786 5094 1010 5172 gobler.
1043 5103 1097 5149 et
1122 5092 1269 5172 Felc.
1295 5091 1347 5157 1,
1369 5101 1585 5172 atque“:

252 5088 373 5172 {75)
415 5098 509 5172 Sic
536 5088 761 5172 Seguer.
786 5088 1010 5172 Qobler.
1043 5103 1097 5149 et
1122 5092 1269 5172 Felc.
1295 5088 1347 5157 1,
1369 5088 1645 5172 a_tque_ita
1673 5088 1755 5143 le-

178 5160 271 5240 αἱ(
292 5160 995 5240 Νὲιιηίιιε.ΔΕόξιί,-Πατρὸς
1027 5160 1491 5240 γενομένηνερίφς
1528 5160 1757 5240 Seguer.

1878 3062 2081 3117 nemini
2126 3061 2240 3133 jam
2272 3062 2501 3119 dubium
2531 3065 2654 3119 esse
2680 3063 2861 3129 debet,
2883 3066 2978 3121 sed
3006 3066 3118 3123 imo
3148 3068 3365 3138 planum
3389 3079 3444 3126 et

1877 3154 2227 3225 perspicuum
2248 3194 2264 3220 ,
2318 3155 2465 3209 hunc
2499 3154 2678 3225 ipsum
2703 3170 2827 3212 esse
2863 3155 3193 3228 Sapientiam
3224 3169 3278 3216 et
3317 3160 3443 3218 Ver-

1877 3245 2006 3301 bum
2039 3244 2237 3312 Patris,
2268 3245 2322 3302 in
2352 3263 2462 3317 quo
2488 3256 2543 3303 et
2574 3263 2671 3318 per
2707 3248 2850 3318 quod
2877 3250 3059 3305 omnia
3087 3258 3236 3307 creat
3265 3260 3318 3308 ει
3332 3253 3444 3311 clli-

1884 3337 1977 3393 cit.
2008 3335 2109 3393 Hic
2137 3336 2286 3407 ipse,
2331 3338 2552 3408 inquam
2580 3376 2594 3403 ,
2638 3338 2758 3409 ejus
2808 3340 3062 3411 splendor
3104 3353 3188 3397 est
3231 3342 3287 3399 in
3329 3360 3441 3415 quo

1876 3430 2061 3486 omnia
2093 3428 2396 3496 illuminat,
2433 3437 2488 3483 et
2524 3428 2722 3499 quibus
2776 3430 3011 3486 voluerit
3050 3447 3110 3487 se
3138 3433 3435 3502 patefacit:

1880 3522 1968 3578 hic
1987 3522 2104 3593 ipse
2133 3520 2305 3592 ﬁgura
2352 3535 2419 3576 ac
2444 3520 2621 3590 imago
2656 3521 2901 3591 ejusest,
2937 3523 2992 3578 in
3029 3539 3139 3596 quo
3165 3527 3439 3596 conspici-

1878 3622 1966 3668 tur
1987 3621 2041 3668 et
2065 3611 2432 3684 cognoscitur,
2465 3626 2627 3681 quam
2657 3612 2726 3667 ob
2762 3628 2983 3669 causam
3018 3624 3074 3670 et
3099 3616 3214 3685 ipse
3258 3627 3313 3671 et
3337 3616 3440 3673 Pa-

1875 3714 1959 3760 ter
1988 3719 2159 3760 unum
2194 3714 2323 3759 sunt
2353 3721 2367 3758 :
2407 3704 2495 3759 hic
2536 3703 2655 3773 ipse
2705 3704 2939 3775 denique
2972 3715 3055 3768 est
3084 3706 3359 3775 Christus,
3383 3711 3437 3766 in

1852 3812 1986 3873 quo
2008 3796 2193 3853 omnia
2225 3797 2502 3865 redempta
2526 3803 2656 3851 sunt
2675 3796 2723 3828 ⁸⁸
2745 3836 2762 3862 ,
2796 3806 2851 3854 ει
2875 3814 3071 3855 novam
3100 3816 3292 3857 rursus
3314 3818 3436 3872 pcr-

1872 3887 2005 3944 fecit
2032 3898 2364 3944 creaturam.
2395 3886 2531 3943 Cum
2566 3888 2731 3959 igitur
2771 3889 3084 3960 huiusmodi
3131 3893 3202 3948 sit
3244 3892 3437 3961 Filius,

1873 3995 1984 4037 non
2016 3980 2290 4047 convenit,
2318 3979 2430 4035 imo
2472 3980 2629 4037 valde
2670 3982 3038 4052 periculosum
3078 3995 3161 4040 est
3208 4001 3427 4043 asseve-

1872 4085 1997 4125 rare
2025 4085 2149 4125 eum
2181 4085 2247 4125 ex
2272 4069 2442 4124 nihilo
2467 4084 2588 4125 esse
2627 4068 2852 4137 factum,
2889 4072 2973 4127 vel
2997 4088 3105 4129 non
3138 4072 3307 4131 fuisse
3338 4090 3437 4130 an-

1872 4169 2091 4231 tequam
2126 4169 2288 4216 natus
2321 4168 2425 4215 εει.
2463 4160 2568 4227 Qui
2595 4161 2739 4217 enim
2786 4162 2857 4221 ita
2887 4163 2954 4218 de
2990 4179 3055 4220 eo
3085 4167 3228 4239 quod
3256 4165 3437 4225 Patris

1873 4258 2082 4306 natura
2111 4251 2390 4322 proprium
2417 4261 2501 4308 est
2537 4252 2803 4322 loquitur,
2835 4253 2890 4309 in
2926 4253 3104 4323 ipsum
3140 4255 3306 4315 etiam
3330 4255 3435 4318 Pa-

1793 4340 1840 4396 D
1871 4352 2006 4399 trem
2041 4341 2247 4413 profert
2274 4342 2690 4412 blasphemiam,
2724 4342 2912 4397 eadem
2942 4344 3009 4398 de
3039 4344 3132 4400 illo
3172 4346 3436 4413 sentiens,

1869 4449 1991 4507 quae
2019 4433 2087 4489 de
2118 4433 2237 4504 ejus
2263 4431 2377 4488 fetu
2401 4431 2536 4489 false
2558 4433 3012 4489 comminiscitur.

1941 4526 2032 4580 17.
2062 4524 2116 4580 Id
2149 4540 2282 4581 sane
2322 4540 2491 4579 unum
2526 4525 2659 4580 satis
2693 4523 2947 4580 fueritad
2976 4526 3233 4582 Arianam
3266 4528 3433 4585 haere-

1871 4619 1975 4674 sim
1998 4617 2215 4689 penitus
2238 4617 2581 4673 evertendam
2613 4635 2628 4673 :
2654 4626 3027 4673 verumtamen
3050 4635 3213 4688 quam
3235 4635 3265 4674 a
3288 4632 3434 4676 recta

1871 4708 1976 4765 ﬁde
2004 4709 2182 4765 aliena
2234 4709 2326 4765 illa
2358 4707 2463 4774 sit,
2497 4707 2624 4763 licet
2671 4709 2834 4764 etiam
2872 4724 2939 4764 ex
2992 4710 3097 4764 hoc
3146 4710 3437 4768 ratiocinio

1828 5042 1833 5046 ί
1857 5024 1912 5070 ει
1934 5012 2083 5070 Felc.
2106 5011 2159 5074 1,
2187 5010 2376 5080 Ἦμεῖς
2399 5008 2507 5079 γὰρ
2525 5005 2643 5063 ναοί
2665 5006 2833 5076 ἐσμεν
2858 5001 2994 5057 Θεοῦ
3020 4999 3242 5066 ζῶντος.
3266 4996 3431 5062 Editi.

1858 5085 1971 5144 Καὶ
2002 5084 2161 5154 ἡμεῖς
2203 5080 2321 5154 ναοί
2348 5081 2535 5154 ἐσμεν,
2556 5085 2675 5154 _e_tc.

1932 5137 2056 5225 (76f
2085 5137 2176 5225 si};
2209 5137 2435 5225 Seguer.
2470 5137 2802 5225 Gobler.,.et_
2844 5141 3027 5225 ιινςιοιε.
3065 5140 3117 5195 ι.
3161 5137 3428 5196 Editiau-

181 5212 1289 5302 5351;";ﬁeri;assesasses:
1304 5212 1491 5295 Εᾶἷίίζ
1532 5212 1762 5284 effata.

1883 5212 2045 5302 ειῂ-ει
2076 5221 2190 5302 alii,
2213 5212 2480 5302 δεδώκατε
2511 5215 2744 5302 γὰρ.καὶ
2772 5212 3180 5302 ιρμίολογὴκατε.

180 5331 274 5366 του
305 5309 604 5365 δείκνυται.

245 5381 365 5462 57:22
686 5374 877 5462 Bas“;
895 5373 1140 5462 male,
1162 5366 1685 5462 Esthusille'9
1706 5367 1759 5432 ’ν

179 5438 273 5505 τοῦ
296 5438 431 5519 Υίοῦ
465 5438 810 5519 μετέχοντες.-
833 5438 1116 5519 Ειιιίιίξτοῦ
1143 5438 1659 5519 ’Υ-ίοῦωμετέχοντοςε

1959 5293 2046 5368 ῃ)
2089 5283 2313 5368 ξεςιιηεν.
2341 5296 2395 5343 ει
2442 5283 2612 5368 Reg..."
2628 5288 2693 5339 ὲκ
2722 5283 2819 5368 τοῦ
2848 5283 3017 5368 Θεοῦ.
3043 5352 3055 5368 ‘
3089 5366 3096 5368 _
3143 5342 3171 5368 τ

1959 5294 2046 5363 77)
2089 5294 2313 5361 Seguer.
2341 5296 2395 5343 et
2442 5294 2598 5356 Reg,
2628 5294 2693 5339 ὲκ
2722 5294 2816 5338 του
2848 5294 3001 5364 ciebo.
3143 5342 3171 5368 τ

1933 5294 2046 5434 ίτϐ)
2088 5360 2180 5434 Sic
2214 5358 2438 5434 Seguer.
2475 5365 2529 5434 ει
2574 5355 2705 5434 Reg.
2739 5356 2825 5434 ⁸ᾼι
2857 5353 3007 5434 editi,
3040 5352 3098 5434 {Ly
3137 5368 3181 5418 ῳ
3230 5350 3426 5434 πάντα.

1862 5419 1984 5489 Mox
2015 5419 2203 5495 Basil.,
2233 5419 2364 5497 Reg.
2396 5436 2459 5497 ει
2478 5419 2829 5496 Αηςιίεἶ,ὲὰν
2863 5422 3010 5495 θέλῃ.
3048 5419 3299 5491 Seguen,
3335 5419 3427 5476 ἐὰν

249 5496 865 5592 ίἹὲῑίῖςᾘεξειᾟειε.
895 5515 947 5592 ᾖ,
968 5496 1045 5592 die;
1072 5513 1171 5592 κθ).
1193 5496 1756 5592 Παῦλόςφῆσινδῆίοξ

1882 5503 2041 5592 θέλῃ.
2072 5501 2235 5592 aditi,
2389 5496 2552 5592 θέλειῖ

184 5579 651 5659 δεᾲυὲωἰὶμεῖς
683 5586 790 5659 γὰρ
831 5583 958 5647 ναὸς
988 5582 1320 5659 Θεοῦ-ἐσμεν
1357 5579 1577 5659 ζῶντοῇ
1620 5585 1679 5659 tit
1706 5586 1760 5630 et

189 5647 381 5717 habent
407 5647 575 5728 aliqui
606 5647 824 5712 c'odic'cs
850 5669 985 5712 mss.
1013 5651 1147 5708 Novi
1176 5647 1513 5724 Testament.
1538 5647 1761 5706 Gobler.

1936 5562 2048 5644 (7'9")
2089 5569 2219 5640 Reg.
2245 5577 2296 5625 et
2325 5566 2509 5623 Felck.
2539 5566 2595 5629 5,
2615 5562 2707 5619 τοῦ
2733 5580 2790 5616 τε
2827 5562 2980 5616 Υἰοῦ.
