3850 6218
429 304 487 360 3|
976 304 1033 361 S.
1072 303 1440 364 ATHANASII
1479 305 1626 366 OPP.
1674 308 1853 366 PARS
1890 310 1931 367 I.
1973 339 1980 348 -

2093 304 2443 366 nsromca
2482 303 2569 363 ET
2612 286 3046 365 uocantes]
3567 304 3628 365 se

429 433 589 473 neum
616 417 770 475 valdc
800 416 981 488 fuerit,
1023 423 1187 477 vitam
1216 432 1272 479 et
1318 425 1640 496 sapientiam
1696 443 1803 483 non
1855 427 1980 497 quid

2093 428 2243 496 φίας·
2287 424 2574 481 ἀκόλουθον
2596 421 2660 480 ἂν
2692 418 2768 497 (4)
2800 426 2884 498 εἴη
2914 426 3011 498 τὴν
3037 423 3179 495 ζωὴν
3200 424 3291 479 καὶ
3318 420 3414 496 τὴν
3452 422 3631 495 σοφίαν
3702 382 3711 401 ³

430 512 688 578 alienum,
704 512 796 568 sed
826 513 1101 583 proprium
1120 527 1328 572 naturae
1348 517 1513 575 fontis
1537 535 1677 588 esse,
1700 534 1875 591 neque
1889 519 1986 573 ali-

428 605 647 673 quando
684 621 793 660 non
844 609 1152 675 exstitisse,
1205 611 1300 668 sed
1342 627 1554 683 semper
1599 612 1788 669 fuisse.
1821 611 1985 682 Atqui

429 696 543 751 haec
569 698 749 752 omnia
770 697 884 768 ipse
900 709 984 755 est
1008 700 1198 768 Filius,
1231 703 1324 773 qui
1347 703 1498 767 dicit,
1525 703 1635 776 Ego
1651 722 1766 759 sum
1791 706 1899 759 vita
1917 707 1982 770 °°,

426 796 499 850 et,
528 785 639 857 Ego
663 789 944 858 sapientia,
980 791 1157 847 habito
1180 794 1233 848 in
1285 795 1505 850 consilio
1537 795 1602 848 ⁸³.
1628 795 1707 849 An
1740 811 1845 850 non
1880 795 1983 866 igi-

427 885 515 930 tur
544 877 742 948 impius
771 880 1053 939 habendus
1073 884 1162 940 ille
1183 894 1266 940 est
1287 886 1470 956 quiait
1489 904 1502 942 :
1523 885 1646 941 Fuit
1668 887 1983 957 aliquando,

424 981 548 1022 cum
577 984 684 1023 non
724 981 865 1027 esset
892 971 1063 1030 Filius
1085 976 1111 1029 ?
1138 974 1382 1047 Namque
1414 977 1553 1033 idem
1582 988 1739 1035 estac
1765 981 1811 1035 si
1848 981 1986 1036 dice-

426 1070 593 1127 retur,
625 1059 751 1117 Fuit
769 1064 1081 1135 aliquando,
1108 1082 1229 1123 cum
1253 1067 1376 1124 fons
1400 1079 1546 1126 esset
1572 1072 1756 1127 aridus
1781 1073 1986 1142 absque

424 1150 533 1205 vita
562 1160 616 1207 et
661 1154 944 1225 sapientia.
987 1156 1150 1230 Atqui
1192 1158 1240 1214 si
1289 1161 1601 1231 hujusmodi
1659 1172 1821 1228 esset,
1862 1163 1984 1219 fons

424 1250 570 1298 certe
601 1259 707 1298 non
735 1255 878 1302 esset
908 1266 923 1316 ;
958 1263 1081 1303 nam
1131 1251 1277 1320 quod
1331 1266 1439 1308 non
1481 1268 1547 1308 ex
1578 1254 1757 1324 seipso
1791 1255 1981 1326 gignit,

425 1329 547 1388 fons
576 1333 765 1404 utique
796 1352 901 1391 non
930 1347 1031 1394 est.
1066 1340 1135 1395 At
1158 1356 1322 1411 quam
1368 1342 1510 1398 istud
1538 1343 1835 1399 absurdum
1869 1348 1979 1400 est!

425 1419 633 1477 Etenim
674 1423 817 1482 Deus
845 1442 959 1492 eos,
989 1429 1082 1500 qui
1117 1443 1231 1486 sua:
1257 1432 1431 1502 ipsius
1463 1432 1728 1489 voluntati
1771 1443 1981 1506 parent,

423 1513 690 1582 promittit
718 1515 893 1572 instar
918 1517 1084 1575 fontis
1116 1519 1377 1577 futurosa
1409 1536 1519 1593 quo
1542 1538 1822 1594 nunquam
1853 1524 1985 1579 deli-

423 1603 529 1659 ciet
551 1620 711 1676 aqua.
744 1606 836 1663 Sic
866 1610 1010 1663 enim
1042 1610 1160 1681 ipse
1186 1627 1283 1682 per
1330 1610 1525 1668 Isaiam
1552 1615 1871 1684 prophetam
1898 1613 1981 1668 lo-

422 1695 606 1765 quitur
648 1715 664 1752 :
713 1696 782 1752 Et
832 1701 1134 1770 satiaberis,
1171 1703 1610 1772 quemadmodum
1663 1706 1982 1775 concupiscit

422 1785 601 1839 anima
638 1796 822 1851 tua,et
846 1806 965 1844 ossa
1000 1801 1091 1845 tua
1127 1793 1344 1863 pinguia
1385 1795 1530 1864 ﬁent,
1569 1805 1617 1850 et
1650 1806 1800 1850 erunt
1848 1796 1981 1850 velut

421 1873 604 1929 hortus
648 1877 880 1947 irrigans
903 1920 918 1947 ,
957 1889 1008 1934 et
1060 1893 1313 1952 tanquam
1356 1884 1474 1954 fons
1519 1903 1551 1939 a
1582 1903 1683 1956 quo
1713 1903 1850 1957 aqua
1880 1904 1982 1941 non

423 1966 628 2035 deﬁciet
661 1968 727 2023 ⁸³.
756 1968 829 2022 Illi
857 1979 1036 2026 autem
1090 1971 1259 2028 Deum
1282 2015 1298 2041 ,
1331 1975 1423 2045 qui
1458 1976 1674 2046 quidem
1711 1976 1908 2033 dicitur
1930 1985 1984 2032 et

421 2065 505 2110 est
525 2054 650 2113 fons
675 2058 973 2129 sapientiai,
1015 2062 1253 2117 sterilem
1296 2075 1459 2134 atque
1489 2065 1606 2120 sine
1632 2066 1850 2136 prOpria
1884 2068 1980 2120 Sa-

420 2143 622 2213 pientia
657 2146 949 2218 aliquando
975 2149 1142 2208 fuisse
1185 2153 1587 2224 improbissime
1617 2157 1816 2213 audent
1844 2159 1982 2213 aliir-

422 2251 589 2291 mare.
640 2235 841 2294 Verum
890 2238 1025 2297 falsa
1051 2253 1180 2299 sunt
1207 2260 1328 2314 qua:
1382 2246 1450 2300 ab
1480 2247 1588 2302 illis
1610 2247 1884 2306 dicuntur.
1913 2251 1984 2306 At

421 2339 647 2385 testatur
677 2328 885 2389 Veritas
915 2332 1085 2390 Deum
1117 2338 1347 2406 propriae
1394 2336 1682 2409 Sapientiae
1720 2351 1981 2396 aeternum

421 2420 621 2478 fontem
653 2438 774 2480 esse
809 2439 826 2480 :
856 2439 923 2481 ac
939 2426 1165 2496 proinde
1187 2443 1310 2482 cum
1341 2427 1462 2486 fons
1507 2439 1740 2486 aeternus
1770 2432 1859 2498 sit,
1892 2448 1985 2488 ue-

422 2528 575 2572 cesse
605 2532 823 2587 quoque
855 2530 935 2575 est
967 2519 1299 2590 Sapientiam
1330 2528 1584 2576 aeternam
1616 2537 1757 2578 esse.
1776 2525 1835 2577 ln
1864 2524 1983 2592 ipsa

422 2605 689 2676 siquidem
720 2610 903 2665 omnia
934 2610 1073 2666 facta
1099 2620 1256 2679 sunt,
1283 2621 1344 2668 ut
1366 2613 1548 2684 psallit
1578 2612 1982 2682 David,0mnia

418 2698 475 2750 in
507 2695 783 2768 Sapientia
810 2700 981 2770 fecisti
1014 2703 1080 2758 ”.
1126 2700 1383 2758 Salomon
1412 2702 1541 2757 item
1575 2704 1670 2772 ait,
1700 2703 1838 2759 Deus
1879 2702 1982 2760 Sa-

417 2789 619 2859 pientia
649 2790 891 2861 fundavit
933 2801 1146 2860 terram,
1193 2795 1513 2864 praeparavit
1551 2793 1704 2849 celos
1751 2793 1981 2864 pruden-

421 2881 497 2934 tia
534 2879 597 2934 “.
655 2876 780 2936 Haec
825 2896 991 2951 porro
1036 2881 1312 2952 Sapientia
1358 2880 1596 2937 Verbum
1641 2890 1745 2949 est,
1790 2892 1846 2937 et
1884 2898 1981 2953 per

419 2972 622 3041 ipsum,
652 2980 712 3028 ut
755 2972 830 3026 ait
862 2972 1121 3037 Joannes,
1154 2971 1295 3028 facta
1351 2981 1478 3028 sunt
1516 2971 1732 3039 omnia,
1761 2982 1814 3028 et
1861 2972 1978 3027 sine

2089 516 2225 586 μήτε
2278 514 2402 580 ξένα
2449 516 2547 586 τῆς
2588 507 2775 579 οὐσίας
2808 517 2905 586 τῆς
2942 512 3125 584 πηγῆς
3163 510 3321 577 εἶναι,
3375 513 3486 568 ἀλλ’
3511 514 3630 580 ἴδια,

2089 607 2224 676 μήτε
2250 605 2570 677 ἀνύπαρκτά
2601 620 2730 658 ποτε
2756 599 2918 669 εἶναι,
2949 604 3066 657 ἀλλ’
3095 604 3182 657 ἀεὶ
3210 599 3368 658 εἶναι.
3410 605 3556 657 Ἔστι
3577 605 3631 659 δὲ

2084 695 2254 750 ταῦτα
2271 699 2300 750 ὁ
2325 698 2452 760 Υἱὸς
2472 697 2500 748 6
2522 697 2695 765 λέγων
2718 696 2814 767 (5),
2833 695 2978 765 Ἐγώ
2992 697 3108 761 elui.
3128 696 3166 762 ἡ
3187 694 3323 763 ζωὴ,
3348 695 3461 759 καί,
3492 696 3636 765 Ἐγὼ

2083 787 2123 854 ἡ
2154 788 2340 857 σοφία
2375 787 2805 854 κατεσκήνωσα
2846 786 3108 854 βουλήν.
3163 786 3285 850 Πῶς
3342 785 3515 838 τοίνυν
3540 786 3636 840 οὐκ

2086 878 2274 931 ἀσεϐεῖ
2298 880 2326 932 ὁ
2348 878 2541 947 λέγων,
2587 874 2694 934 Ἦν
2722 896 2850 933 ποτε
2875 880 2962 933 ὅτε
3012 879 3113 932 οὐκ
3146 874 3214 949 ἦν
3254 880 3282 930 6
3311 878 3468 945 Tidg;
3501 879 3637 931 Ἴσον

2084 968 2192 1040 γάρ
2217 970 2362 1022 ἐστιν
2387 971 2576 1033 εἰπεῖν,
2601 965 2709 1023 Ἧν
2741 987 2869 1022 ποτε
2903 969 2989 1023 ὅτε
3027 971 3060 1041 ὴ
3094 968 3244 1040 πηγὴ
3276 967 3415 1040 ξηρά
3442 965 3509 1039 ἦν
3535 986 3640 1038 χω-

2088 1060 2170 1131 ρὶς
2193 1061 2290 1129 τῆς
2321 1060 2462 1131 ζωῆς
2488 1060 2579 1113 καὶ
2606 1060 2704 1131 τῆς
2760 1061 2970 1129 σοφίας.
3009 1056 3072 1113 Ἦ
3115 1060 3171 1113 δὲ
3200 1058 3419 1130 τοιαύτη
3447 1059 3519 1132 (6)
3546 1060 3641 1112 οὐκ

2085 1151 2150 1205 ἂν
2188 1151 2273 1222 εἴη
2302 1152 2471 1223 πηγήο
2505 1151 2567 1205 τὸ
2590 1152 2698 1224 γὰρ
2722 1152 2796 1224 μὴ
2850 1150 2910 1216 ἐξ
2952 1151 3145 1206 ἑαυτοῦ
3177 1151 3380 1220 γεννῶν
3408 1151 3506 1204 οὐκ
3531 1150 3640 1203 ἐστι

2084 1243 2255 1314 πηγή.
2297 1244 2469 1314 Ὅσης
2521 1242 2578 1296 δὲ
2615 1242 2839 1306 ἀτοπίας
2862 1243 3028 1315 γέμον
3060 1245 3175 1297 ἐστὶ
3213 1242 3401 1297 τοῦτοῐ
3440 1243 3499 1296 '0
3550 1242 3643 1312 μὲν

2084 1334 2191 1406 γὰρ
2216 1333 2348 1400 Θεὸς
2360 1335 2487 1398 τοὺς
2520 1333 2803 1399 ποιοῦντας
2836 1334 2997 1388 αὐτοῦ
3032 1334 3092 1388 τὸ
3147 1334 3355 1406 θέλημα
3382 1333 3645 1402 ἐπαγγέλ-

2082 1426 2326 1490 λεταιὼς
2355 1426 2535 1498 πηγὴν
2573 1425 2812 1491 ἔσεσθαι,
2876 1426 2943 1497 ἢν
2978 1426 3054 1498 (7)
3092 1426 3166 1496 μὴ
3212 1422 3456 1491 ἐξέλιπεν
3483 1425 3642 1496 ὕδωρ,

2076 1518 2252 1587 λέγων
2272 1517 2359 1573 διὰ
2404 1518 2625 1572 Ἡσαΐου
2645 1516 2739 1571 τοῦ
2768 1519 3063 1590 προφήτου·
3086 1516 3197 1572 Καὶ
3216 1517 3642 1588 ἐμπλησθήσῃ,

2082 1608 2343 1678 καθάπερ
2366 1610 2637 1679 ἐπιθυμεῖ
2670 1611 2708 1678 ἡ
2738 1607 2906 1678 ψυχή
2939 1623 3075 1674 σου,
3110 1609 3210 1662 καὶ
3251 1607 3323 1663 τὰ
3350 1608 3502 1664 ὀστᾶ
3533 1622 3649 1663 σου

2084 1701 2471 1767 πιανθήσετιιι
2494 1692 2592 1773 (8),
2618 1702 2718 1756 καὶ
2747 1701 2917 1755 ἔσται
2939 1702 3018 1768 ὡς
3036 1701 3230 1771 κῆπος
3265 1704 3520 1772 μεθύων,
3553 1702 3650 1755 καὶ

2082 1792 2163 1857 ὡς
2189 1790 2371 1862 πηγὴ,
2414 1790 2494 1859 ἣν
2514 1791 2600 1861 μὴ
2643 1791 2922 1856 ἐξέλιπεν
2943 1792 3117 1861 ὕδωρ·
3150 1787 3293 1847 οὗτοι
3323 1793 3378 1845 δὲ
3410 1793 3502 1846 τὸν
3518 1792 3648 1846 Θεὸν

2082 1880 2370 1953 λεγόμενον
2398 1882 2490 1935 καὶ
2519 1882 2645 1935 ὄντα
2685 1884 2865 1954 πηγὴν
2898 1884 2996 1954 τῆς
3021 1882 3233 1953 σοφίας,
3269 1882 3462 1952 ἄγονον
3491 1882 3652 1935 αύτὸν

2081 1972 2172 2026 καὶ
2190 1971 2448 2042 λείψαντά
2473 1990 2601 2026 ποτε
2622 1973 2725 2043 τῆς
2749 1974 2884 2037 ἰδίας
2911 1973 3100 2043 σοφίας
3119 1973 3418 2045 δυσφημεῖν
3439 1970 3657 2043 τολμῶί

2084 2081 2185 2117 σιν.
2232 2063 2391 2117 Ἀλλά
2441 2064 2509 2118 τὰ
2542 2065 2638 2135 μὲν
2671 2064 2823 2139 παρά
2850 2065 3050 2119 τούτων
3110 2064 3226 2118 ἐστὶ
3270 2064 3462 2136 ψεύδη·
3514 2067 3549 2135 ή
3599 2064 3658 2118 δὲ

2092 2154 2347 2226 Ἀλήθεια
2381 2158 2644 2227 μαρτυρεῖ
2669 2156 2848 2228 πηγὴν
2886 2157 3050 2210 ἀΐδιον
3073 2152 3206 2211 εἶναι
3251 2155 3340 2210 τὸν
3382 2156 3518 2211 Θεὸν
3557 2157 3657 2225 τῆς

2084 2244 2219 2310 ἰδίας
2239 2246 2448 2314 σοφίας.
2477 2246 2669 2300 ’Λῖδίου
2699 2247 2756 2301 δὲ
2777 2247 2874 2318 τῆς
2906 2248 3085 2318 πηγῆς
3117 2245 3302 2317 οὔσης,
3324 2244 3383 2312 ἐξ
3409 2247 3659 2318 ἀνάγκης

2081 2337 2172 2390 καὶ
2200 2336 2298 2407 τὴν
2333 2336 2529 2405 Σοφίαν
2553 2335 2719 2389 ἀΐδιον
2742 2331 2877 2390 εἶναι
2918 2336 3016 2391 δεῖ.
3070 2337 3156 2390 Ἐν
3211 2335 3380 2407 ταύτῃ
3421 2336 3534 2406 γὰρ
3565 2336 3659 2388 καὶ

2078 2428 2148 2480 τά
2164 2430 2340 2482 πάντα
2360 2427 2601 2496 γέγονεν,
2618 2427 2694 2490 ὡς
2707 2426 2894 2497 ψάλλει
2930 2427 3108 2481 Δαϐίδ·
3135 2426 3336 2481 Πάντα
3363 2428 3436 2480 ἐν
3464 2427 3662 2495 Σοφίᾳ

2078 2520 2390 2586 ἐποίησας·
2415 2520 2508 2573 καὶ
2544 2517 2790 2590 Σολομὼν
2846 2534 3028 2589 φησιν’
3079 2519 3133 2570 '0
3160 2519 3303 2586 Θεὸς
3340 2517 3418 2587 τῇ
3467 2519 3663 2586 Σοφίᾳ

2078 2610 2431 2679 ἐθεμελίωσε
2453 2608 2567 2677 τὴν
2591 2608 2726 2679 γῆν,
2775 2609 3066 2678 ἡτοίμασε
3128 2608 3196 2661 δὲ
3235 2607 3541 2676 οὐρανοὺς
3592 2608 3663 2661 ὲν

2078 2700 2386 2769 φρονήσει.
2433 2701 2579 2771 Αὐτή
2613 2717 2671 2752 τε
2706 2698 2779 2771 (9)
2817 2702 2850 2771 ἡ
2902 2699 3071 2769 Σοφία
3096 2699 3243 2752 ἐστὶν
3270 2701 3298 2752 6
3327 2701 3528 2769 Λόγος,
3567 2700 3663 2754 καὶ

2076 2790 2141 2844 δι’
2163 2790 2350 2854 αὐτοῦ,
2378 2790 2452 2855 ὡς
2493 2791 2747 2863 Ἰωάννης
2795 2792 2978 2862 φησὶν,
3000 2791 3213 2860 ἐγένετο
3239 2789 3304 2845 τά
3335 2790 3545 2857 πάντα,
3569 2792 3664 2844 καὶ

2077 2882 2245 2953 χωρὶς
2265 2880 2427 2935 αὐτοῦ
2453 2882 2666 2951 ἐγένετο
2687 2884 2807 2937 οὐδὲ
2838 2883 2915 2938 ἓν·
2957 2883 3049 2936 καὶ
3081 2882 3241 2946 αὐτὸς
3282 2884 3433 2935 ἐστιν
3461 2884 3492 2934 ὀ
3528 2885 3666 2953 Χρι-

2079 2970 2221 3033 στός.
2256 2964 2363 3035 Εἷς
2392 2972 2503 3039 γὰρ
2531 2970 2672 3037 Θεὸς
2697 2974 2730 3025 ό
2759 2970 2960 3039 Πατὴρ
2989 2970 3120 3041 (10),
3147 2970 3215 3035 ἐξ
3243 2965 3315 3025 οὗ
3345 2969 3418 3023 τὰ
3437 2970 3665 3033 πάντα,

419 3061 539 3131 ipso
567 3059 768 3118 factum
798 3071 884 3118 est
909 3063 1043 3117 nihil
1074 3063 1141 3116 “.
1168 3061 1412 3132 Denique
1445 3063 1563 3155 ipse
1593 3073 1675 3118 est
1703 3062 1974 3119 Christus.

2093 3061 2178 3114 Ital
2210 3060 2381 3131 ἡμεῖς
2408 3064 2495 3128 εἰς
2523 3062 2725 3130 αὑτὸν,
2757 3064 2853 3117 καὶ
2875 3059 2962 3128 εἷς
2983 3063 3198 3131 Κύριος
3245 3063 3494 3130 Ἰησοῦς
3527 3065 3669 3131 Χρι-

416 3149 552 3205 Nam
578 3168 713 3207 unus
746 3151 885 3207 Deus
931 3151 1115 3217 Pater,
1148 3168 1213 3207 ex
1245 3168 1346 3223 quo
1389 3144 1588 3218 omnia,
1617 3162 1668 3207 et
1694 3169 1786 3208 nos
1823 3154 1878 3208 in
1914 3153 1980 3208 il-

416 3243 525 3295 lum
557 3258 577 3297 :
623 3244 673 3298 ei
724 3260 859 3298 unus
904 3242 1161 3297 Dominus
1194 3242 1349 3299 Iesus
1394 3242 1658 3311 Christus,
1704 3261 1796 3315 per
1829 3262 1980 3314 quem

416 3334 616 3400 omnia,
657 3344 708 3389 et
735 3350 828 3390 nos
875 3350 968 3405 per
1004 3335 1175 3405 ipsum
1224 3334 1288 3389 ".
1343 3332 1401 3389 Si
1442 3350 1605 3406 porro
1658 3336 1841 3391 omnia
1884 3351 1980 3407 per

416 3426 619 3494 ipsum,
651 3425 770 3497 ipse
797 3424 1040 3495 profecto
1068 3426 1210 3481 inter
1246 3427 1431 3481 omnia
1466 3427 1837 3483 numerandus
1868 3442 1977 3482 non

416 3525 518 3572 est.
544 3514 646 3583 Qui
671 3516 816 3571 enim
838 3533 984 3583 eum,
1006 3532 1095 3586 per
1116 3533 1267 3587 quem
1301 3518 1501 3583 omnia,
1528 3533 1696 3573 unum
1732 3518 1975 3572 omnium

415 3622 538 3662 esse
559 3606 738 3662 dicere
761 3622 929 3664 ausus
951 3605 1133 3672 fuerit,
1174 3607 1262 3662 ille
1292 3608 1359 3663 de
1387 3606 1496 3663 Deo
1514 3649 1529 3675 ,
1563 3623 1627 3662 ea:
1646 3624 1747 3678 quo
1776 3607 1975 3675 omnia,

415 3697 558 3752 idem
587 3698 744 3768 plane
760 3700 973 3754 sentiet.
999 3697 1153 3764 Quod
1178 3699 1223 3753 si
1241 3698 1364 3769 quis
1387 3699 1439 3752 id
1467 3708 1725 3769 tanquam
1745 3698 1979 3753 maxime

416 3790 712 3845 absurdum
741 3790 931 3860 procul
960 3791 1187 3861 rejiciat,
1222 3789 1507 3860 Deumque
1535 3789 1602 3844 ab
1632 3789 1887 3845 omnibus
1918 3797 1979 3843 ut

414 3881 581 3935 alium
616 3881 976 3946 discriminet,
995 3896 1340 3952 consequens
1362 3896 1494 3937 sane
1513 3879 1674 3936 fuerit
1709 3890 1764 3935 ut
1790 3880 1978 3950 unige-

417 3974 564 4028 nitus
596 3972 789 4040 Filius,
829 3974 922 4043 qui
959 3972 1139 4029 Patris
1168 3981 1379 4028 naturae
1420 3980 1505 4027 est
1529 3970 1806 4042 proprius,
1836 3970 1976 4024 alius

414 4080 632 4135 quoque
653 4065 721 4119 ab
745 4065 999 4121 omnibus
1013 4080 1134 4120 esse
1159 4071 1462 4120 censeatur.
1481 4061 1644 4132 Atqui
1666 4061 1711 4117 si
1730 4061 1844 4129 ipse
1864 4075 1974 4115 non

412 4165 497 4211 est
527 4171 594 4210 ex
622 4155 897 4219 omnibus,
926 4155 993 4211 de
1029 4155 1120 4210 illo
1165 4154 1318 4210 nefas
1356 4162 1441 4210 est
1487 4153 1687 4217 dicere,
1723 4150 1847 4206 Fuit
1875 4151 1977 4205 ali-

412 4246 654 4317 quando,
684 4262 808 4302 cum
844 4263 953 4302 non
998 4253 1176 4313 esset;
1227 4256 1301 4315 et,
1349 4244 1469 4302 Non
1515 4253 1634 4300 erat
1682 4252 1974 4313 antequam

412 4348 750 4396 nasceretur.
799 4338 1122 4410 Hujusmodi
1167 4340 1313 4396 enim
1354 4354 1516 4395 voces
1544 4338 1612 4393 de
1657 4335 1816 4393 factis
1855 4336 1977 4406 qui-

2084 3153 2247 3219 στύς,
2276 3150 2439 3209 δι’οὗ
2461 3155 2533 3208 τὰ
2556 3152 2768 3221 πάντα,
2804 3155 2901 3208 καὶ
2925 3154 3096 3225 ἡμεῖς
3136 3154 3210 3207 δι’
3240 3156 3455 3209 αὐτοῦ.
3488 3156 3556 3207 Εἰ
3609 3153 3669 3206 δὲ

2084 3243 2152 3296 τὰ
2182 3244 2355 3298 πάντα
2373 3244 2438 3298 δι’
2469 3246 2655 3311 αὐτοῦ,
2674 3246 2836 3311 αὐτὸς
2865 3247 2963 3300 ούκ
2999 3246 3065 3301 ἂν
3097 3247 3180 3317 εἴη
3211 3246 3669 3318 συναριθμούμε-

2085 3351 2173 3398 νος
2204 3337 2317 3400 τοῖς
2348 3337 2530 3391 πᾶσιν.
2568 3337 2627 3390 '0
2660 3336 2766 3408 γὰρ
2787 3336 2998 3408 τολμῶν
3037 3336 3129 3390 τὸν
3147 3336 3220 3389 δι’
3246 3333 3317 3393 οὗ
3364 3338 3445 3392 τὰ
3462 3338 3672 3392 πάντα

2083 3423 2259 3494 λέγειν
2287 3426 2381 3480 ἕνα
2415 3423 2551 3480 εἶναι
2603 3427 2709 3480 τῶν
2752 3428 2987 3491 πάντων,
3040 3427 3256 3491 πάντως
3290 3427 3354 3498 δή
3424 3446 3540 3483 που
3576 3429 3675 3483 καὶ

2085 3515 2211 3584 περὶ
2234 3514 2390 3583 Θεοῦ,
2423 3514 2492 3580 ἐξ
2516 3511 2588 3571 οὗ
2616 3514 2690 3569 τὰ
2726 3514 2938 3581 πάντα,
2967 3516 3028 3568 τὸ
3058 3514 3187 3569 αὐτὸ
3217 3515 3505 3584 λογίσεται
3534 3518 3673 3589 (Η).

2083 3604 2146 3657 Εἰ
2166 3603 2224 3656 δὲ
2256 3604 2413 3658 τοῦτο
2443 3606 2518 3669 ὡς
2544 3607 2742 3660 ἀτοπον
2773 3607 2968 3676 φεύγει
3001 3624 3103 3672 τις,
3161 3608 3254 3661 καὶ
3284 3606 3577 3678 διίστησιν
3604 3610 3683 3673 ὡς

2082 3695 2238 3748 ἄλλον
2260 3695 2369 3750 ἀπὸ
2394 3696 2502 3750 τῶν
2525 3697 2739 3752 πάντων
2761 3698 2852 3751 τὸν
2871 3699 3025 3762 Θεὸν,
3052 3697 3342 3751 ἀκόλουθον
3370 3699 3445 3753 ἂν
3473 3703 3567 3773 εἴη
3587 3702 3685 3756 καὶ

2081 3786 2173 3841 τὸν
2209 3788 2470 3859 μονογενῆ
2507 3788 2634 3842 Υὶὸν
2656 3789 2785 3843 ἴδιον
2813 3789 2942 3843 ὄντα
2967 3790 3068 3860 τῆς
3106 3790 3200 3844 τοῦ
3235 3792 3460 3864 Πατρὸς
3484 3796 3687 3860 οὐσίας

2083 3877 2238 3932 ἄλλον
2264 3879 2441 3949 λέγειν
2474 3875 2748 3935 εἶναιτῶν
2794 3881 3029 3935 πάντων·
3066 3883 3140 3955 μὴ
3196 3882 3347 3947 ὄντος
3381 3885 3448 3938 δὲ
3510 3886 3690 3939 αὐτοῦ

2083 3968 2189 4022 τῶν
2218 3969 2456 4035 πάντων,
2484 3972 2543 4023 οὐ
2571 3971 2727 4043 θέμις
2757 3974 2845 4025 ἐπ’
2872 3972 3033 4026 αὐτοῦ
3071 3974 3248 4043 λέγειν
3285 3975 3366 4040 τὸ,
3396 3972 3524 4031 τΗν
3553 3996 3694 4031 ποτε

2082 4061 2169 4113 ὅτε
2189 4062 2287 4114 οὐκ
2314 4057 2403 4134 ἦν,
2436 4063 2551 4128 καὶ,
2568 4064 2679 4116 Οὐκ
2701 4059 2790 4135 ἦν,
2825 4064 2953 4135 πρὶν
2977 4065 3208 4137 γεννηθῇ
3234 4066 3365 4139 (I2).
3394 4069 3472 4122 Δί
3496 4070 3696 4123 τοιαῦ-

2082 4169 2173 4205 ται
2218 4152 2327 4223 γάρ
2356 4154 2530 4222 φωναὶ
2552 4154 2691 4209 κατά
2732 4153 2840 4210 τῶν
2871 4157 3187 4227 ποιημάτων
3213 4157 3543 4229 ἀρμόζουσι
3595 4162 3698 4216 λέ-

2081 4238 2291 4307 γεσθαιο
2326 4241 2484 4304 αὐτὸς
2506 4241 2563 4294 δὲ
2583 4244 2610 4296 ὸ
2629 4243 2752 4306 Υίὸς
2761 4243 2996 4308 τοιοῦτός
3017 4246 3184 4310 ἐστιν,
3204 4241 3314 4310 οἷός
3334 4248 3504 4304 ἐστιν
3531 4252 3700 4306 ὁΠα-

2081 4330 2182 4402 τὴρ
2202 4330 2334 4403 (15),
2351 4327 2411 4387 οὗ
2436 4334 2527 4386 καὶ
2558 4333 2671 4388 ἔστι
2698 4335 2796 4406 τῆς
2822 4336 3007 4400 οὐσίας
3035 4337 3160 4390 [διον
3188 4337 3469 4410 γέννημα,
3490 4344 3702 4414 Λόγος,

411 4432 533 4486 dem
565 4432 728 4487 rebus
749 4442 873 4502 apte
896 4439 1230 4502 usurpantur
1258 4449 1274 4486 :
1304 4439 1361 4486 at
1391 4431 1506 4500 ipse
1522 4428 1692 4484 Filius
1715 4428 1839 4482 talis
1872 4436 1973 4494 est,

2093 4424 2175 4477 καὶ
2189 4424 2375 4493 Σοφία.
2400 4425 2567 4479 Τοῦτο
2591 4426 2697 4498 γὰρ
2713 4427 2839 4481 ἴδιον
2853 4428 2945 4482 τοῦ
2972 4426 3100 4482 Υἱοῦ
3125 4430 3259 4501 πρὸς
3302 4430 3402 4485 τὸν
3434 4435 3703 4507 Πατέρα,

410 4521 590 4592 qualis
616 4521 796 4590 Pater,
829 4524 988 4593 cujus
1026 4532 1233 4578 natura:
1264 4521 1520 4599 proprius
1547 4533 1765 4590 quoque
1786 4525 1869 4573 est
1896 4514 1975 4571 fe-

435 4632 520 4684 us,
562 4613 801 4671 Verbum
852 4631 918 4671 ac
957 4615 1254 4687 Sapientia.
1297 4612 1543 4683 Namque
1591 4611 1646 4666 id
1692 4609 1970 4681 proprium

480 4772 525 4801 ⁶⁰
548 4769 705 4825 Joan.
736 4786 847 4837 xw,
871 4769 925 4825 6.
986 4771 1024 4801 ⁶¹
1050 4767 1208 4828 Prov,
1234 4784 1349 4832 vm,
1383 4766 1469 4820 l2.
1498 4765 1588 4832 12Ἰ
1659 4764 1706 4805 αξ
1734 4763 1804 4822 Is.
1834 4776 1989 4827 Lt'm,
2017 4758 2100 4813 ll.

410 4841 454 4872 σθ
489 4839 504 4892 l
535 4840 661 4896 Cor.
679 4856 799 4906 νιιι,
830 4839 884 4899 6.

481 4981 557 5054 (4)
599 4981 776 5054 E_ditio
799 4981 1086 5054 Commcl.2
1120 4979 1205 5050 εἴη
1245 4976 1684 5054 ἀκύλού-ΟονΑᾶνκ
1710 4975 1844 5054 Ibid.
1884 4972 1983 5054 Sp-

2081 4515 2341 4570 καὶτοῦτο
2359 4517 2449 4571 τὸν
2469 4518 2687 4591 Πατέρα
2704 4520 2795 4574 τοῦ
2810 4519 2935 4574 Υἱοῦ
2951 4519 3212 4576 δείκνυσιν
3228 4522 3381 4589 ἴδιον,
3414 4526 3581 4582 ὥστε
3606 4528 3707 4600 μή·

2078 4624 2137 4660 τε
2162 4606 2276 4680 (14)
2301 4609 2389 4663 τὸν
2404 4608 2534 4663 Θεὸν
2549 4609 2723 4679 λέγειν
2739 4612 2866 4665 ποτὲ
2882 4612 3090 4682 ἄλογον,
3111 4615 3247 4684 μήτε
3261 4615 3351 4667 τὸν
3361 4615 3515 4672 Υἰὸν
3531 4620 3709 4673 ἀνύπι

2200 4761 2245 4793 ⁸³
2278 4761 2366 4818 Ps.
2392 4779 2508 4826 cm,
2542 4764 2667 4843 24..
2730 4766 2773 4797 “
2804 4766 2955 4822 Prov.
2996 4767 3176 4831 “1,19.
3278 4769 3324 4801 ⁸⁵
3349 4768 3541 4830 Joan.
3572 4792 3619 4836 ι.
3653 4777 3711 4832 5.

2162 4971 2240 5040 (8)
2281 4971 2372 5027 Sic
2408 4970 2653 5040 Seguer.,
2688 4967 2827 5040 Reg.
2855 4981 2907 5040 et
2939 4966 3108 5040 Isaiae
3133 4983 3298 5040 _I.\_'III,
3334 4968 3439 5040 Hi.
3495 4973 3715 5032 Basil..

408 5035 585 5123 gueri,
614 5035 833 5123 prler.
853 5035 916 5106 vet
948 5035 1208 5123 FelglimJ
1242 5049 1263 5102 l
1289 5089 1304 5113 ,
1330 5047 1622 5123 attoloufiov
1659 5044 1724 5101 ἂν
1756 5044 1852 5123 ἐἴη
1882 5044 1980 5123 τὴν

2093 5035 2321 5123 Anglic,
2338 5035 2574 5123 Felck'm.
2600 5041 2653 5123 5‘,
2678 5035 3049 5123 ποιῄθήσεται.
3067 5035 3232 5104 Editi,
3251 5039 3715 5112 πιανθήσονται.

409 5114 611 5207 imum}.
655 5121 824 5177 Paulo
869 5131 994 5192 post
1039 5119 1287 5191 δαμείη,
1318 5118 1431 5175 ἀλλ’
1466 5118 1648 5172 ἀΐδια.
1702 5114 1850 5189 μήτε
1890 5114 1981 5167 ἀν-

410 5211 439 5245 υ
447 5211 523 5245 πα
530 5209 665 5245 οκτα
672 5231 686 5245 ο

483 5253 558 5344 (ὅ)
603 5262 693 5316 Sic
725 5258 1156 5344 Seguer.,\§eg.:
1183 5254 1887 5344 pasil.,A_nglic;,elt'ltm.

411 5326 555 5386 Editi
580 5347 728 5393 vero,
778 5326 950 5387 ταῦτα
979 5326 1108 5393 Υἱὸξ
1128 5330 1156 5382 6
1188 5329 1380 5399 λέγων.
1427 5326 1549 5384 mox
1583 5326 1893 5383 Goblerian.
1929 5332 1983 5378 et

411 5401 648 5471 Felckm.
680 5403 730 5466 l,
757 5403 791 5471 ἡ
827 5400 995 5471 Σοφία
1027 5399 1424 5455 κατεσκεύασα.

2087 5107 2486 5182 MuiSegueL,
2583 5109 2658 5182 μὴ
2686 5107 2949 5182 tecum.

2164 5180 2239 5252 (9)
2283 5175 2414 5252 Ifeg.
2442 5191 2497 5237 et
2521 5175 2709 5252 Basil.,
2746 5176 2995 5252 aﬁtqje.
3024 5176 3263 5252 Anglic”
3298 5175 3460 5252 αὕτη
3508 5185 3604 5241 δέ,

2163 5246 2274 5323 (10)
2302 5246 2570 5323 ξόςυοτη
2600 5248 2801 5323 qmittit
2827 5250 2856 5300 6
2873 5246 3101 5323 Πατήρ,

2159 5315 2268 5395 (με)
2302 5315 2560 5395 βρέφει-ε,
2602 5318 2822 5395 Ερὺιεν.
2852 5325 2908 5372 et
2955 5315 3191 5395 Felbltm.
3241 5316 3306 5383 I,
3353 5316 3722 5395 λογίσηται,

2084 5386 2274 5456 Basili,
2302 5386 2594 5461 λογίζεται.
2642 5387 2811 5461 Paulo
2850 5395 2979 5461 post
3027 5386 3276 5456 Seguer.,
3309 5386 3437 5442 τῶν
3455 5386 3726 5449 ’πάντων

601 5469 691 5526 Sic
718 5454 946 5541 Se'guer.
978 5470 1035 5524 In
1062 5454 1322 5541 editis,qet
1349 5466 1777 5541 aliisdeeslats'
1812 5464 1980 5541 Pallio

2093 5461 2173 5541 τὸν
2187 5454 2360 5541 ._
2375 5454 2561 5541 "Editi',
2595 5458 2828 5541 πάνεων.
2837 5454 2994 5541 βεόγ.

408 5533 688 5612 ροὲιᾚςς.
720 5533 1037 5612 οιᾼῈειοὶιιη,
1065 5542 1118 5605 5,
1150 5533 1302 5612 Ei'jie
1315 5538 1577 5612 εοιαύτη.
1708 5552 1852 5612 unus
1884 5533 1982 5612 se-

407 5605 584 5682 sua...
600 5605 762 5682 ξτες..
780 5605 1042 5682 Basjl.,tE
1065 5608 1454 5682 éauto§._Edili
1480 5618 1533 5663 et
1541 5607 1678 5682 _alii,_
1704 5605 1764 5681 ἐξ
1794 5605 1977 5682 ang—.99.

409 5673 843 5806 ἐλέηεοενυοικ,
867 5676 922 5754 ᾖ.
954 5673 1101 5738 Idem
1133 5690 1186 5737 et
1206 5677 1424 5736 Gobler.
1458 5688 1509 5735 ct
1540 5674 1777 5744 Fclckui.
1820 5680 1869 5740 l,
1895 5673 1975 5740 ἐξ·

481 5767 639 5806 -ιπεν.

481 5767 639 5807 ειπεν.

2155 5531 2266 5603 (12)
2308 5521 2679 5603 Sic_Segjie_r.,
2709 5521 3135 5603 Basil..__Anglic.
3169 5534 3222 5581 et
3246 5524 3523 5587 Felt‘km.
3558 5536 3625 5591 Ξ.
3659 5537 3730 5590 At

2081 5596 2210 5673 Reg.
2222 5596 2254 5662 .’
2269 5601 2491 5671 γενηθῇ.
2510 5596 2617 5673 'Etli
2626 5599 2662 5673 ti
2674 5637 2698 5673 ,_
2716 5596 3054 5673 γεννηθῆναι.

2157 5664 2267 5747 (ᾧ)
2281 5664 2543 5747 Stagnum,
2566 5664 2781 5747 Gobler.
2796 5664 3410 5747 etfelclgmzlomittunt
3426 5672 3461 5724 ὁ
3482 5673 3730 5747 Πατήρ.

2159 5736 2268 5813 (Μ)
2310 5736 2561 5811 δι”ευετη
2594 5742 2749 5811 μήτε.
2793 5736 3019 5792 Εύὶιὶεῐ
3046 5736 3160 5799 alii,
3196 5736 3291 5807 μή.

3810 540 3814 641 ι

3811 866 3813 941 l

3810 1130 3814 1239 ⁸

3809 1264 3813 1423 l

3810 1572 3814 1691 Ι

3811 1710 3814 1849 ν

3811 2044 3813 2121 Α

3810 1130 3814 1239 ι

3809 1264 3813 1423 l

3810 1572 3814 1691 l

3811 1710 3814 1849 ν

3807 2044 3814 2135 l
