3850 6218
218 306 290 364 53
1348 314 1604 373 ORATIO
1641 314 1662 370 Ι
1699 315 1980 375 CONTRA
2012 319 2337 380 ARIANOS.

3394 342 3461 397 56

215 430 418 505 αρκτόν
462 449 593 486 ποτε
605 432 798 502 λέγειν.
842 436 990 489 Ἐπεὶ
1013 436 1102 490 διὰ
1129 435 1181 490 τί
1199 438 1322 501 Υἱὸς
1354 440 1402 491 εἰ
1437 438 1510 509 μὴ
1535 437 1592 504 ἐξ
1618 437 1781 492 αὐτοῦ

1906 450 1990 497 est
2033 442 2154 498 Filii
2187 461 2310 516 erga
2342 445 2552 503 Patrem
2573 489 2588 514 ,
2628 448 2876 522 idemque
2913 451 3127 509 Patrem
3175 455 3295 511 Filii
3330 475 3461 529 pro-

215 520 358 591 ῆδιά
381 521 438 573 τί
450 523 624 591 Λόγος
652 525 746 578 καὶ
774 527 943 595 Σοφία
967 529 1015 579 εἰ
1041 527 1118 599 μὴ
1132 528 1221 580 ἀεὶ
1233 530 1328 582 καὶ
1345 529 1471 583 ἴδιον
1486 528 1593 600 (15)
1610 530 1797 598 αὑτοῦ;

1907 535 2082 603 prium
2114 538 2367 602 ostendit,
2411 539 2485 594 ita
2517 551 2575 595 ut
2615 543 2721 597 dici
2756 555 2987 614 nequeat
3019 549 3101 602 vel
3152 549 3322 606 Deum
3357 551 3455 605 ali-

215 612 443 679 quando
470 615 589 669 sine
636 614 808 672 Verbo
838 633 933 673 seu
986 617 1216 674 Ratione
1252 619 1444 684 fuisse,
1469 623 1551 677 vel
1589 622 1788 678 Filium
1827 625 2118 694 aliquando
2175 646 2285 685 non
2337 634 2626 690 exstitisse.
2658 612 3000 707 Caeteroquin
3040 656 3140 695 cur
3185 642 3457 697 diceretur

218 697 416 802 .Filius,
453 703 558 757 nisi
590 712 738 759 esset
757 721 822 760 ex
854 706 1006 776 ipso?
1028 709 1111 763 vel
1139 724 1307 779 quare
1339 710 1571 767 Verbum
1625 722 1679 769 et
1720 712 1999 787 Sapientia
2070 720 2450 790 appellaretur,
2511 725 2614 781 nisi
2676 736 2727 783 et
2767 697 2981 799 semper
3012 738 3066 786 et
3108 732 3363 802 proprius
3392 734 3460 790 il-

217 789 343 859 lius“
358 793 545 847 esset?

288 880 381 935 20.
418 883 556 936 Πότε
582 884 712 953 γοῦν
730 886 823 940 τοῦ
861 888 990 943 ἰδίου
1018 893 1186 963 χωρὶς
1206 888 1273 965 ἦν
1325 897 1355 949 6
1395 895 1619 970 Θεόςςῆ
1681 898 1797 964 πῶς

216 989 303 1034 τις
338 973 584 1042 περὶτοῦ
640 975 791 1039 ἰδίου,
820 976 895 1041 ὡς
933 982 1060 1051 περὶ
1109 980 1261 1049 ξένου
1313 985 1407 1038 καὶ
1459 986 1795 1059 ἀλλοτριοου-

1972 904 2045 961 20
2092 904 2448 974 Quandonam
2487 910 2651 982 igitur
2683 911 2826 969 Deus
2876 915 2994 970 sine
3038 914 3131 970 illo
3167 914 3271 972 fuit
3308 919 3456 989 quod

1903 996 2075 1066 ipsius
2100 998 2376 1068 proprium
2411 1001 2526 1056 est?
2547 1001 2631 1056 vel
2658 1003 2782 1073 quis
2802 1002 2854 1058 id
2872 1004 3017 1073 quod
3049 1007 3326 1076 proprium
3350 1017 3453 1073 est,

218 1062 338 1114 σίου
371 1061 485 1134 (16)
505 1063 725 1119 δύναται
764 1067 1112 1137 λογίσασθαι;
1144 1073 1223 1126 Td
1261 1077 1359 1145 μὲν
1395 1076 1502 1148 γὰρ
1542 1077 1677 1131 ἄλλα
1706 1074 1781 1132 οἷά

1900 1061 2159 1156 tanquam
2182 1061 2312 1160 quid
2347 1100 2629 1147 externum
2646 1061 2700 1148 et
2713 1094 2857 1164 quod
2872 1061 3114 1152 diversa:
3140 1061 3210 1151 sit
3227 1061 3453 1164 naturae,

214 1150 335 1203 ἐστι
366 1150 437 1203 τὰ
464 1152 687 1224 γενητὰ,
718 1155 866 1209 οὐδὲν
898 1158 1081 1228 ὅμοιον
1114 1163 1233 1214 κατ’
1257 1162 1444 1217 οὐσίαν
1500 1163 1613 1235 ἔχει
1657 1167 1793 1238 πρὸς

212 1243 308 1295 τὸν
332 1246 684 1316 πεποιηκότα’
713 1248 826 1301 ἀλλ’
857 1250 1053 1315 ἔξωθεν
1099 1254 1262 1308 αὐτοῦ
1311 1257 1426 1310 ἐστι
1453 1255 1584 1330 (l7),
1613 1260 1793 1332 χάριτι

214 1333 312 1386 καὶ
344 1334 595 1407 βουλήσει.
621 1339 784 1392 αὑτοῦ
818 1341 897 1412 τῷ
936 1342 1095 1415 Λόγῳ
1125 1347 1415 1418 γενόμενα,
1445 1348 1586 1403 ὥστε
1633 1352 1793 1406 πάλιν

212 1420 475 1476 δύνασθαι
550 1426 645 1478 κα)⁵
722 1429 992 1484 παύεσθαί
1069 1451 1234 1498 ποτε,
1309 1438 1357 1490 εί
1434 1439 1709 1510 θελήσειεν
1764 1445 1794 1497 6

215 1515 468 1607 ποιήσας·
504 1518 707 1590 ταύτης
736 1521 844 1593 γάρ
881 1523 997 1577 ἐστι
1051 1526 1264 1593 φύσεως
1313 1529 1382 1582 τὰ
1432 1533 1634 1602 γενητά
1660 1534 1790 1607 (18).

212 1603 288 1696 T6
325 1603 381 1657 δὲ
421 1606 549 1660 ἴδιον
582 1608 697 1679 ’τῆς
745 1611 934 1676 οὐσίας
994 1614 1088 1667 τοῦ
1144 1617 1355 1690 Πατρὸς
1419 1603 1785 1696 (ὡμολόγηται

211 1694 323 1764 γὰρ
350 1696 452 1766 ἤδη
477 1697 633 1751 τοῦτο
664 1695 804 1754 εἶναι
836 1702 865 1753 6
896 1703 1057 1775 Υίός)
1082 1721 1096 1734 ·
1131 1707 1248 1770 πῶς
1280 1709 1339 1760 οὐ
1379 1710 1649 1782 τολμηρὸν
1683 1694 1783 1768 καὶ

207 1787 467 1854 δυσσεϐὲς
512 1793 683 1845 εἰπεῖν
719 1793 779 1857 ἐξ
804 1795 905 1847 οὐκ
937 1794 1125 1861 ὄντων,
1162 1800 1254 1851 καὶ
1291 1800 1373 1853 ὅτι
1409 1801 1508 1855 οὐκ
1543 1797 1611 1873 ἧν
1653 1805 1781 1876 πρὶν

208 1880 446 1952 γεννηθῇ
478 1882 611 1953 (19),
640 1883 753 1936 ἀλλ’
783 1886 1221 1959 ὲπισυμόέϐηκε,
1248 1891 1340 1944 καὶ
1362 1891 1581 1961 δύναται
1621 1896 1781 1951 πάλιν

210 1972 287 2044 μὴ
320 1966 462 2031 εἷναί
490 1992 653 2041 ποτε;
698 1975 870 2030 Τοῦτο
900 1977 958 2030 δὲ
974 1980 1081 2054 ,καὶ
1129 1980 1286 2051 μόνον
1318 1984 1346 2036 6
1383 1983 1781 2057 ἐνθυμούμενος

211 2064 571 2128 κατανοείτω,
606 2066 721 2130 πῶς
753 2067 815 2120 τὸ
841 2068 1045 2124 τέλειον
1084 2072 1178 2125 καὶ
1218 2072 1279 2125 τὸ
1320 2074 1525 2147 πλῆρες
1559 2077 1659 2148 τῆς
1688 2078 1781 2132 τοῦ

209 2151 428 2223 Πατρὸς
454 2155 643 2219 οὐσίας
668 2158 983 2229 ἀφαιρεῖται
1005 2177 1018 2190 ·
1055 2162 1150 2214 καὶ
1174 2163 1282 2235 γὰρ
1319 2165 1691 2242 φανερώτερον
1717 2169 1782 2224 ἄν

207 2258 293 2323 τις
323 2242 424 2295 ἴδοι
449 2244 612 2297 πάλιν
639 2246 701 2301 τὸ
733 2247 932 2303 ἄτοπον
964 2250 1063 2322 τῆς
1106 2253 1388 2324 αἱρέσεως,
1425 2256 1520 2310 ἐὰν
1549 2258 1783 2331 ἐνθυμη-

204 2331 299 2403 θῇ,
331 2334 413 2386 ὅτι
445 2337 474 2388 6
506 2336 631 2401 Υίὸς
669 2338 831 2392 εἰκών
868 2342 984 2394 ἐστι
1028 2343 1122 2396 καὶ
1164 2344 1502 2417 ἀπαύγασμα
1527 2349 1621 2402 105
1666 2351 1781 2404 Πα-

204 2423 356 2494 τρὸς,
384 2427 478 2478 καὶ
510 2429 815 2503 χαρακτὴρ,
847 2433 939 2486 καὶ
957 2433 1201 2503 ἀλήθεια.
1238 2436 1301 2489 Ei
1321 2437 1429 2509 γὰρ
1449 2440 1782 2512 ὑπάρχοντος

206 2518 410 2585 φωτὸς,
444 2520 591 2575 ἔστιν
622 2522 785 2577 είκὼν
822 2524 985 2578 αὐτοῦ
1023 2526 1083 2578 τὸ
1127 2527 1465 2601 ἀπαύγασμα
1503 2532 1647 2605 (20)ο
1690 2533 1784 2586 καί¹

204 2607 377 2680 οὔσης
404 2612 774 2679 ὑποστάσεως,
818 2616 933 2671 ἐστι
961 2620 1163 2691 ταύτης
1185 2625 1213 2676 6
1240 2624 1526 2695 χαρακτὴρ
1562 2624 1785 2696 ὀλόκλη-

206 2717 303 2770 ρος
321 2720 336 2732 ⁸
364 2705 457 2757 καὶ
482 2705 634 2769 ὄντος
659 2709 891 2780 Πατρὸς,
928 2711 1076 2766 ἐστιν
1106 2715 1139 2784 ἡ
1168 2715 1391 2787 ἀλήθεια
1415 2716 1545 2788 (21)·
1568 2717 1786 2771 σκοπεί-

206 2811 393 2848 τωσαν
417 2797 466 2848 οί
494 2796 592 2868 τὴν
620 2800 805 2854 εἰκόνα
827 2804 921 2858 καὶ
947 2805 1008 2856 τὸ
1037 2801 1172 2870 εἶδος
1199 2806 1299 2876 τῆς
1333 2806 1583 2877 θεότητος
1608 2809 1783 2880 χρόνῳ

207 2886 556 2958 μετροῦντες,
592 2892 672 2954 είς
703 2893 867 2947 πόσον
890 2895 1145 2961 ἀσεϐείας
1184 2898 1453 2971 βάραθρον
1476 2899 1781 2955 πίπτουσιν.

203 2978 271 3030 Εἰ
301 2977 412 3049 γὰρ
436 2979 536 3032 οὐκ
561 2976 629 3051 ἦν
661 2985 690 3034 6
719 2982 865 3049 Υἱὸς,
899 2986 1028 3056 πρὶν
1047 2988 1278 3061 γεννηθῇ
1313 2989 1449 3061 (22),
1474 2990 1573 3043 οὐκ
1598 2986 1667 3059 ἦν
1698 2991 1787 3045 ἀεὶ

1898 1179 2073 1248 possit
2106 1181 2430 1251 concipere?
2475 1181 2766 1238 Enimvero
2816 1200 2904 1241 res
2950 1185 3067 1240 aliae
3094 1187 3284 1256 quales
3327 1197 3456 1243 sunt

1897 1283 1985 1323 res
2019 1267 2193 1334 factm,
2218 1271 2353 1325 nihil
2398 1280 2592 1328 natura
2622 1274 2798 1329 simile
2831 1274 3033 1330 habent
3061 1291 3185 1331 cum
3227 1293 3327 1333 suo
3357 1293 3456 1333 au-

1895 1368 2063 1424 ctore,
2094 1361 2187 1417 sed
2226 1371 2378 1418 extra
2401 1379 2549 1430 eum,
2575 1364 2819 1434 ejusdem
2860 1366 3031 1436 gratia
3069 1375 3124 1421 et
3156 1368 3452 1432 voluntate,

1895 1464 1990 1520 per
2017 1448 2254 1507 Verbum
2280 1456 2672 1521 suntconditae,
2699 1455 2835 1511 adeo
2862 1466 2919 1511 ut
2936 1457 3146 1526 possint
3162 1459 3454 1529 aliquando

1894 1556 2021 1596 esse
2045 1541 2313 1611 desinere,
2342 1545 2388 1600 si
2415 1560 2607 1613 nempe
2641 1546 3168 1617 placueritCreatori
3201 1566 3216 1605 :
3257 1551 3456 1621 quippe

1891 1647 2015 1687 cum
2037 1647 2099 1688 ea
2134 1633 2207 1688 sit
2230 1650 2410 1689 rerum
2456 1635 2721 1692 factarum
2763 1637 2923 1709 335
2963 1648 3177 1695 natura.
3208 1639 3279 1695 At
3307 1642 3454 1710 quod
3570 1704 3576 1710 Δ

1890 1732 2100 1779 natura:
2134 1723 2312 1782 Patris
2349 1734 2432 1782 est
2453 1728 2733 1798 proprium
2761 1728 2888 1797 (hoc
2909 1730 3054 1785 enim
3097 1746 3219 1786 esse
3255 1730 3453 1786 Filium

1878 1813 1990 1885 jam
2004 1831 2323 1872 concessum
2343 1818 2466 1890 est),
2489 1835 2669 1874 annon
2695 1822 3040 1877 temerarium
3058 1830 3113 1878 et
3136 1823 3358 1893 impium
3371 1834 3455 1880 est

1880 1922 1945 1962 ex
1961 1898 2131 1963 nihilo
2146 1925 2269 1965 esse
2283 1910 2482 1974 dicere,
2500 1927 2601 1967 nec
2619 1912 2787 1969 fuisse
2807 1922 3096 1984 antequam
3121 1923 3453 1980 nasceretur,

1882 2000 1975 2055 sed
1998 2000 2345 2058 adventitium
2360 2018 2500 2072 esse,
2518 2019 2788 2076 posseque
2807 2006 3001 2061 iterum
3023 2007 3313 2077 aliquando
3329 2021 3438 2059 non

1881 2090 2205 2157 esse?Quod
2227 2093 2320 2163 qui
2353 2094 2437 2149 vel
2476 2096 2651 2150 solum
2685 2096 2908 2167 cogitat,
2942 2096 3224 2168 intelligat,
3242 2111 3450 2166 quaeso.

1883 2183 2157 2253 quomodo
2176 2184 2344 2253 possit
2365 2185 2574 2240 detrahi
2598 2187 2855 2257 perfectio
2875 2197 2930 2243 et
2952 2189 3226 2258 plenitudo
3245 2199 3454 2244 naturae

1881 2271 2078 2329 Patris.
2121 2272 2259 2329 Hinc
2286 2276 2431 2330 enim
2479 2277 2681 2333 clarius
2730 2277 2913 2334 licebit
2956 2280 3262 2350 perspicere
3286 2295 3451 2350 quam

1883 2365 2119 2421 absurda
2152 2366 2223 2421 sit
2252 2366 2453 2422 Ariana
2493 2367 2739 2434 haeresis,
2766 2370 2811 2425 si
2844 2370 3100 2425 nimirum
3140 2372 3453 2426 attendatur

1883 2453 2078 2509 Filium
2100 2453 2275 2511 Patris
2292 2456 2948 2528 imaginem,splendorem
2962 2470 3016 2515 et
3030 2460 3452 2532 ﬁguram,atque

1883 2545 2164 2600 veritatem
2199 2561 2340 2602 esse.
2373 2545 2508 2602 Nam
2537 2547 2584 2604 si
2615 2549 2909 2605 exsistente
2936 2550 3074 2618 luce,
3120 2553 3297 2622 imago
3331 2554 3452 2622 ejus

1882 2636 2100 2692 exsistit
2143 2637 2426 2707 splendor:
2450 2640 2496 2694 si
2518 2639 2644 2694 item
2666 2643 2967 2697 substantia
2979 2643 3292 2710 exsistente,
3309 2644 3451 2713 ejus-

1885 2729 2010 2785 dem
2028 2729 2241 2786 exsistit
2262 2728 2469 2801 integra
2486 2730 2652 2802 ﬁgura
2671 2750 2686 2787 :
2716 2732 2763 2789 si
2785 2733 3017 2803 denique
3038 2736 3333 2792 exsistente
3348 2735 3453 2792 Pa-

1889 2829 1989 2888 tre,
2013 2821 2229 2876 exsistit
2255 2821 2490 2889 veritas;
2525 2823 2745 2879 videant
2782 2824 2875 2893 qui
2911 2824 3211 2880 divinitatis
3259 2827 3452 2897 imagi-

1888 2929 2012 2968 nem
2033 2922 2087 2970 et
2111 2913 2340 2985 ﬁguram
2376 2925 2616 2986 tempore
2638 2917 2956 2982 metiuntur,
2988 2917 3041 2971 in
3068 2926 3325 2986 quantam
3366 2919 3451 2973 il-

1886 3006 2073 3061 cidant
2117 3007 2471 3077 impietatem.
2506 3007 2563 3063 Si
2609 3008 2754 3063 enim
2802 3024 2912 3064 non
2942 3008 3045 3063 fuit
3089 3009 3262 3070 Filius
3299 3019 3450 3065 ante-

200 3072 265 3123 ὲν
290 3070 369 3140 τῷ
401 3070 519 3142 Θεῷ
550 3074 583 3145 ἡ
615 3074 858 3145 ἀλήθεια.
901 3060 1249 3133 ἈλλάΙτοῦτο
1286 3081 1466 3150 λέγειν
1495 3083 1554 3135 οὐ
1582 3081 1740 3153 Θέμις
1764 3099 1781 3116 ο

1893 3114 2048 3169 quam
2083 3108 2419 3166 nasceretur,
2447 3115 2546 3155 nec
2577 3100 2742 3171 igitur
2769 3115 2985 3169 semper
3004 3098 3108 3155 fuit
3135 3101 3189 3154 in
3225 3100 3336 3154 Deo
3367 3116 3450 3155 ve-

200 3161 299 3215 105
332 3162 440 3234 γάρ
465 3164 678 3232 Πατρὸς
697 3167 868 3232 ὄντος,
891 3164 958 3240 ἦν
971 3171 1056 3224 ἀεὶ
1079 3172 1137 3225 ἐν
1162 3172 1309 3242 αὐτῷ
1337 3174 1447 3244 (25)
1476 3175 1508 3243 ἡ
1529 3173 1776 3245 ἀλήθεια,

196 3253 330 3323 ⁴ἥτις
360 3255 505 3308 ἐστὶν
537 3255 565 3307 6
597 3256 726 3320 Υἱὸς
765 3261 793 3312 ὁ
834 3259 1030 3329 λέγων’
1064 3262 1209 3330 Ἐγώ
1237 3265 1352 3333 ειμι
1384 3265 1421 3331 ἠ
1459 3263 1734 3331 Ἀλήθεια
1759 3282 1770 3293 ’

195 3343 301 3397 καὶ
334 3346 433 3414 τῆς
453 3346 798 3414 ὑποστάσεως
820 3352 1189 3425 ὑπαρχούσης,
1220 3355 1432 3417 πάντως
1457 3355 1616 3419 εὐθὺς
1640 3352 1780 3410 εἶναι

190 3435 287 3487 δεῖ
330 3436 421 3489 τὸν
464 3440 789 3512 χαρακτῆρα
819 3443 914 3495 καὶ
942 3443 1042 3514 τὴν
1088 3443 1273 3497 εἰκόνα
1315 3446 1516 3515 ταύτης
1536 3463 1550 3476 ο
1578 3446 1639 3498 οὐ
1671 3445 1779 3518 γὰρ

190 3523 410 3590 -ἕξωθέν
444 3528 560 3580 ἐστι
595 3532 913 3602 γραφομένη
946 3533 980 3602 ἡ
1014 3533 1123 3604 (24)
1151 3533 1245 3586 τοῦ
1275 3534 1409 3588 Θεοῦ
1438 3535 1632 3589 είκών·
1664 3536 1779 3589 ἀλλ’

188 3615 366 3680 αὐτὸς
394 3619 424 3669 6
443 3618 575 3682 Θεὸς
594 3623 856 3694 γεννητής
883 3627 998 3679 ὲστι
1024 3626 1246 3697 ταύτης,
1276 3630 1333 3681 ὲν
1427 3629 1614 3681 ἑαυτὸν
1641 3629 1781 3699 ὁρῶν

202 3711 534 3783 προσχαίρει
586 3713 780 3787 ταύτῃ,
818 3715 893 3779 ὡς
937 3716 1100 3780 αὐτὸς
1143 3719 1172 3771 6
1223 3718 1349 3783 Υἱὸς
1399 3719 1577 3788 λέγει·
1635 3719 1782 3789 Ἐγὼ

190 3802 369 3871 ἤμην
388 3798 430 3874 ᾖ
449 3804 829 3873 προσέχαιρε.
866 3808 1005 3861 Πότε
1037 3807 1167 3877 γοῦν
1191 3811 1287 3880 οὐχ
1319 3810 1466 3882 ἐώρα
1505 3813 1616 3884 (25)
1651 3814 1779 3868 ἑαυ-

188 3895 295 3947 τὸν
334 3897 363 3948 6
396 3895 583 3966 Πατὴρ
613 3900 670 3950 ὲν
702 3901 766 3969 τῇ
801 3899 995 3952 ἑαυτοῦ
1025 3902 1225 3967 είκόνι;
1258 3903 1291 3974 ἢ
1335 3904 1462 3957 πότε
1511 3907 1572 3958 οὐ
1615 3922 1783 3977 προσ-

194 3986 446 4056 έχαιρεν,
479 3986 566 4039 ἵνα
593 3986 839 4061 τολμήσῃ
859 4008 941 4053 τις
972 3993 1163 4053 εἰπεῖν,
1194 3992 1281 4059 Ἐξ
1311 3995 1411 4047 οὐκ
1437 3995 1604 4049 ὄντων
1634 3998 1781 4054 ἐστὶν

199 4078 236 4147 ἡ
268 4075 460 4140 εἰκὼν,
479 4078 593 4142 καὶ,
641 4079 755 4131 Οὐκ
781 4074 848 4149 ἦν
874 4080 1079 4150 χαίρων
1106 4084 1134 4135 6
1156 4082 1368 4155 Πατὴρ,
1407 4085 1536 4155 πρὶν
1557 4086 1781 4158 γίνηται

194 4169 237 4237 ἡ
265 4168 465 4232 είκὼν;
498 4168 623 4233 Πῶς
653 4170 710 4222 δὲ
738 4172 835 4224 καὶ
872 4172 1063 4227 ἑαυτὸν
1101 4173 1167 4226 ἂν
1211 4172 1311 4227 ἴδοι
1338 4175 1366 4227 6
1407 4177 1633 4248 ποιητὴς
1683 4178 1779 4231 καί⁹

191 4257 428 4327 κτίστης
476 4260 535 4312 ὲν
591 4264 777 4332 κτιστῇ
826 4263 920 4315 καὶ⁹
955 4261 1064 4333 (26)
1112 4265 1310 4334 γενητῇ
1371 4266 1557 4337 ούσίᾳ;
1592 4268 1783 4324 Τοιαύ-

198 4366 305 4419 την
370 4350 481 4421 γὰρ
519 4346 656 4405 εἶναι
694 4352 776 4405 δεῖ
823 4352 921 4424 τὴν
966 4353 1168 4417 εἰκόνα,
1207 4348 1321 4417 οἷός
1357 4355 1504 4408 ἐστι)
1529 4357 1783 4429 όταύτης

200 4441 419 4512 Πατήρ.

277 4532 322 4564 ⁸⁷
350 4530 510 4588 Joan.
554 4550 664 4598 xxv,
698 4535 752 4589 6.
828 4536 873 4568 ⁸⁸
903 4535 1063 4593 Prov.
1101 4549 1217 4599 VIII,
1255 4534 1345 4590 50.

236 4822 527 4948 ..ςίέἓδὸἰε
569 4824 817 4896 Seguer.,
865 4835 927 4881 ut
966 4839 1021 4882 et
1062 4830 1192 4899 legit
1238 4827 1501 4885 Nannius.
1544 4828 1687 4885 Editi
1722 4838 1778 4886 et

258 4912 319 4948 ιι.
392 4913 410 4946 ι
444 4911 541 4946 ιον.

195 4908 319 4957 atn.
354 4908 541 4946 anatov.

274 4964 397 5039 (ιβ)
452 4964 681 5039 δείσει’ἱ
704 5004 719 5027 ,
749 4965 1203 5039 ἀλλοτριοουςῇου,
1257 4967 1412 5039 Reg.,
1447 4967 1664 5025 Gobler.
1690 4978 1777 5039 iet

201 5032 445 5110 Eelcltin.
477 5032 551 5110 Al,
599 5032 1017 5110 ἀλλοτριουσίίου.
1043 5037 1243 5110 AEditi,
1274 5032 1594 5110 (ἀλλοτρίου.
1655 5038 1775 5095 Mox

200 5103 447 5158 Felckm.
474 5103 509 5156 2
540 5119 663 5157 cum
698 5103 876 5171 editis,
908 5107 1008 5160 ὅσα
1037 5108 1173 5160 ἐστί.
1200 5108 1303 5161 Alii
1336 5103 1492 5170 mssI,
1519 5104 1607 5163 οἷά
1634 5111 1771 5164 ἐστι.

277 5174 394 5245 (Π)
422 5171 512 5227 Sic
530 5172 760 5245 Seguer.
794 5174 851 5228 ln
874 5177 1035 5232 editis
1072 5185 1126 5231 et
1151 5177 1275 5233 aliis
1304 5178 1452 5234 deest
1477 5179 1611 5232 ἐστί.
1638 5178 1770 5235 Ibid.

202 5240 463 5314 segnem1
478 5240 734 5314 τῷλόγῳ
758 5245 943 5299 αὑτοῦ.

276 5311 391 5383 (18)
433 5311 807 5376 ὃὶεδεκιιειση
848 5313 1065 5370 Gobler.
1099 5326 1153 5371 et
1177 5317 1415 5372 Felckm.
1444 5318 1496 5370 l.
1538 5317 1640 5372 Alii
1671 5334 1768 5373 au-

201 5394 308 5437 tem
345 5383 563 5461 etnedi-ti
581 5424 597 5449 ,
657 5383 925 5461 Τοιαύτης
950 5386 1057 5456 γάρ
1089 5390 1207 5461 ἐστι
1236 5387 1476 5461 χρύσειος,
1497 5387 1565 5441 τὰ
1592 5390 1774 5461 γεννή-

204 5468 367 5523 ματα.
402 5450 572 5507 Paulo
602 5463 723 5522 post
750 5450 998 5523 Seguerl,
1023 5450 1180 5510 τοῦτο
1211 5450 1351 5510 εἶναι
1381 5456 1529 5521 Υἱός.

270 5520 385 5590 (l9)
412 5520 660 5601 Seguer.,
684 5520 908 5646 yav'qﬁgj.

270 5591 382 5646 (20)
426 5589 518 5645 Sic
571 5590 791 5646 Seauer.
881 5596 908 5646 d

269 5589 382 5662 (τε)
426 5589 518 5645 Sic
556 5589 975 5662 SegderﬁE‘diti
1013 5611 1141 5652 vero
1186 5605 1239 5651 ct
1284 5595 1410 5661 alii,
1440 5597 1599 5650 εἰκών
1626 5598 1772 5652 ἐστιν

198 5660 364 5734 αὺτρῦ
398 5662 494 5734 δευρὶ
518 5661 578 5734 τέ»
609 5660 966 5734 ἀξεαύγασμας
1459 5696 1465 5704 ·

270 5730 382 5801 (21)
409 5732 501 5786 Sic
529 5731 752 5801 Seguer.
782 5734 851 5786 At
872 5730 964 5786 alii
991 5742 1047 5788 et
1076 5735 1225 5804 editi,
1263 5738 1293 5808 ἡ
1318 5736 1542 5809 ἀλήθεια
1571 5739 1597 5791 6
1623 5736 1767 5799 Υἱός.

1886 3190 2041 3246 ritas.
2076 3188 2278 3246 Verum
2328 3190 2384 3245 i'd
2432 3189 2586 3246 nefas
2630 3191 2776 3246 dictu
2804 3199 2908 3246 est.
2964 3189 3242 3262 Siquidem
3291 3190 3451 3244 Patre

1884 3284 2201 3351 exsistente,
2230 3284 2332 3340 fuit
2353 3299 2568 3355 semper
2612 3284 2668 3339 in
2718 3284 2814 3340 illo
2839 3284 3062 3352 veritas,
3102 3298 3226 3354 qua:
3277 3282 3450 3339 Filius

1884 3385 1988 3444 est,
2017 3378 2181 3448 quiet
2201 3377 2340 3433 idem
2361 3377 2496 3433 dicit
2528 3395 2544 3432 :
2577 3377 2690 3449 Ego
2709 3393 2826 3432 sum
2856 3376 3062 3432 Veritas
3090 3378 3156 3429 ".
3185 3375 3449 3430 Substan-

1886 3469 1960 3522 tia
1992 3469 2240 3523 similiter
2263 3470 2577 3534 exsistente,
2623 3468 2742 3538 ejus
2795 3469 3022 3539 ﬁguram
3064 3478 3118 3521 et
3159 3466 3449 3537 imaginem

1885 3559 2144 3615 continuo
2171 3575 2293 3615 esse
2328 3575 2552 3630 prorsus
2577 3574 2799 3615 necesse
2825 3568 2925 3614 est.
2949 3558 3060 3614 Nec
3079 3558 3223 3613 enim
3244 3558 3448 3613 extrin-

1886 3666 2045 3706 secus
2065 3650 2276 3719 depicta
2308 3659 2391 3706 est
2417 3648 2512 3704 Dei
2538 3650 2738 3721 imago,
2759 3650 2852 3705 sed
2881 3650 2997 3719 ipse
3024 3648 3168 3705 Deus
3203 3648 3445 3720 ejusdem

1886 3750 1967 3796 est
1982 3740 2211 3810 genitor,
2243 3739 2298 3795 in
2327 3755 2435 3810 qua
2461 3739 2701 3810 seipsum
2732 3740 2969 3806 intuens,
2992 3739 3180 3793 eadem
3213 3738 3448 3795 delecta-

1888 3843 1994 3900 tur,
2024 3841 2082 3887 ut
2107 3833 2183 3886 ait
2227 3830 2441 3887 Filius:
2487 3831 2596 3902 Ego
2648 3846 2793 3884 eram
2836 3846 2940 3900 qua
2992 3828 3353 3883 delectabatur
3379 3831 3447 3883 ⁸⁸.

1887 3924 2242 3991 Quandonam
2265 3938 2394 3993 ergo
2436 3922 2673 3992 seipsum
2712 3920 2871 3976 Pater
2901 3936 3009 3975 non
3041 3921 3358 3975 intuebatur
3392 3922 3448 3978 in

1887 4016 1972 4072 sui
2005 4015 2174 4084 ipsius
2204 4014 2458 4084 imagine,
2494 4022 2589 4068 aut
2620 4014 2967 4083 quandonam
3003 4012 3191 4068 eadem
3222 4028 3328 4067 non
3353 4013 3439 4067 de-

1887 4108 2204 4174 lectabatur,
2234 4114 2293 4160 ut
2321 4106 2446 4175 quis
2469 4104 2648 4159 dicere
2676 4104 2949 4159 audeatex
2970 4103 3141 4158 nihilo
3167 4118 3289 4159 esse
3309 4103 3447 4158 ima-

1887 4201 2091 4271 ginem,
2120 4213 2220 4254 nec
2245 4197 2459 4252 Patrem
2476 4197 2797 4252 delectatum
2823 4211 2943 4252 esse
2964 4207 3252 4268 antequam
3273 4196 3447 4266 imago

1888 4289 2242 4344 nasceretur?
2267 4288 2371 4355 Qui
2410 4303 2538 4343 vero
2562 4287 2783 4343 eﬂ'ector
2812 4300 2864 4343 et
2890 4298 3105 4343 creator
3136 4288 3373 4357 seipsum
3395 4288 3446 4342 in

1888 4391 2071 4435 creata
2096 4390 2150 4435 et
2178 4380 2318 4436 facta
2364 4390 2556 4435 natura
2590 4388 2773 4450 posset
2808 4379 3195 4449 contemplari?
3238 4379 3444 4436 Etenim

1813 4461 1865 4522 D
1892 4472 2013 4530 talis
2037 4473 2217 4545 imago
2243 4487 2364 4528 esse
2386 4471 2567 4537 debet,
2586 4471 2764 4542 qualis
2786 4478 2871 4526 est
2897 4469 3019 4541 ejus
3048 4468 3229 4527 Pater.

1876 4827 2048 4883 Paulo
2070 4838 2192 4898 post
2225 4828 2472 4898 Seguer.,
2498 4828 2577 4898 εἰς
2602 4828 2724 4898 ὅσον
2752 4826 3021 4898 ἀσεόείας.

1949 4894 2595 4969 (22)’5εειυεῌι·ῖ,-γενηθῇ.
2629 4897 2769 4969 Idem
2801 4897 2946 4969 ibid.
2975 4909 3027 4950 et
3061 4894 3214 4965 Reg.,
3257 4897 3353 4949 οὐκ
3381 4894 3442 4969 ἧι

1878 4966 1966 5023 ἀεῖ
1987 4966 2052 5039 ἐν’
2072 4967 2150 5039 τῷ
2178 4966 2315 5039 Θεῷ.
2348 4966 2573 5039 ΕιΙίιίχει
2603 4967 2699 5039 alii
2726 4966 2812 5039 ἀεί
2843 4967 3122 5039 omittunt.

1948 5037 2059 5117 (25)
2087 5034 2175 5117 Sic
2206 5034 2455 5117 Seguer._,
2491 5036 2643 5117 Regi,
2659 5036 2950 5117 'G-oble'ne’t
2968 5035 3205 5117 [felt-km.
3306 5034 3443 5117 l‘lditj

1878 5104 2082 5171 autem,
2113 5104 2182 5171 ἦν
2215 5104 2365 5160 ἂνίὲν
2394 5104 2796 5171 αὐτῴ.Ἰι›ἱι]ειη
2826 5106 2877 5158 in
2912 5105 3126 5160 Gob'er.
3159 5115 3213 5159 et
3242 5104 3384 5160 Felc.
3422 5107 3439 5159 l

1878 5125 2082 5171 autem,
2153 5125 2182 5159 ν
2215 5125 2280 5160 αν
2308 5125 2365 5160 εν
2394 5125 2491 5159 αυτ
2545 5145 2558 5159 .
2601 5125 2796 5160 Inluem
2826 5125 2877 5158 In
2912 5125 3126 5160 uower.
3159 5125 3213 5159 et
3243 5125 3384 5160 relc.
3422 5125 3439 5159 1

1877 5125 2248 5301 gignuajnc
2276 5177 2424 5230 ἐστὶν
2453 5125 2634 5240 ὁιςἾὸς
2663 5179 2691 5230 6
2715 5175 2905 5244 λέγων’
2945 5173 3083 5244 Ἐγώ
3120 5177 3234 5245 εἰμι
3258 5177 3291 5248 ἡ
3320 5175 3441 5247 ἀλή-

1950 5316 2062 5386 (24)
2092 5315 2183 5370 Sic
2206 5312 2430 5385 Seguer.
2462 5325 2516 5370 et
2546 5314 2679 5385 Reg.
2711 5314 2768 5368 ln
2800 5314 2959 5369 editis
2986 5314 3138 5386 deest
3181 5316 3239 5386 ἡ1
3275 5312 3444 5368 Paulo

1878 5384 2001 5456 poet
2022 5386 2270 5456 Felck._2
2290 5384 2343 5438 et
2365 5385 2524 5439 editio
2552 5384 2849 5456 Coinmﬂel,
2874 5385 3063 5456 ἑαυτὸν
3089 5387 3116 5456 6
3140 5384 3301 5456 όρῶν.

1943 5457 2056 5527 (25)
2085 5456 2176 5509 Sic
2205 5454 2450 5523 Seguer.,
2467 5455 2698 5523 Anglic.,
2721 5453 2918 5509 Gobler
2941 5463 2991 5508 et
3025 5452 3203 5508 Felcli.
3226 5455 3275 5508 l.
3302 5452 3443 5508 Editi

1878 5527 2207 5673 ingeris":
2250 5594 2402 5673 abest
2435 5594 2785 5673 ali‘ellitioue
2809 5594 3072 5673 Commel.
3119 5593 3441 5673 Panionpost

1881 5661 2127 5733 Seguer..
2168 5665 2384 5718 Gobler.
2425 5664 2729 5718 cthlckm.
2766 5665 2824 5727 Ι,
2856 5664 2977 5728 Υἱός
3017 5668 3185 5718 ἐστιν.
3220 5661 3362 5718 Editi
3390 5671 3439 5715 ct

1880 5735 1989 5796 alii,
2027 5731 2099 5796 ὥς
2133 5736 2295 5786 ἐστιν.
