3850 6218
448 306 521 364 55
1009 302 1068 362 S.
1109 303 1484 383 ATHA‘NASII
1522 302 1673 358 OPP.
1715 302 1893 359 PARS
1929 303 1970 358 Ι.
2011 335 2079 347 -—
2118 302 2487 364 HISTORICA
2524 305 2613 360 ET
2654 302 3074 360 DOGMATICA.
3604 305 3671 361 50

517 425 610 480 21.
639 423 753 496 Age
781 424 984 493 itaque,
1031 437 1152 491 quae
1182 420 1249 476 ad
1281 419 1497 475 Patrem
1536 420 1805 490 pertinent
1838 420 2005 490 inspi-

2177 422 2265 477 21.
2298 423 2432 495 Φέρε
2470 423 2669 486 τοίνυν,
2707 420 2902 491 ἴδωμεν
2933 420 3003 474 τὰ
3034 418 3129 473 τοῦ
3172 420 3400 494 Πατρὸς,
3451 423 3539 475 ἵνα
3582 425 3674 477 καὶ

448 520 686 587 ciamus,
715 529 824 585 quo
846 514 1119 584 possimus
1145 513 1467 583 dignoscere
1486 521 1667 566 utrum
1691 512 1869 582 imago
1891 512 2010 581 ejus

410 680 415 683 _
449 611 541 666 sit.
569 606 830 663 IEternus
851 613 933 661 est
952 603 1128 668 Pater,
1153 603 1502 669 immortalis,
1526 614 1735 672 potens,
1758 603 1872 669 lux,
1891 619 2008 666 rex,

447 699 824 769 omnipotens,
863 699 1037 761 Deus,
1077 695 1377 761 Dominus,
1430 705 1642 752 creator
1687 703 1741 749 et
1770 693 2007 750 ell‘ector.

449 789 575 845 llaec
602 805 733 843 sane
764 788 950 843 eadem
991 789 1046 842 in
1078 787 1316 856 imagine
1348 801 1470 842 esse
1499 794 1743 855 oportet,
1796 794 1855 839 ut
1886 801 2010 840 vere

447 881 541 952 qui
564 879 759 935 Filium
792 880 1005 944 viderit,
1033 878 1210 933 videat
1239 876 1475 939 Patrem.
1506 875 1642 931 Nam
1671 877 1774 931 nisi
1801 876 1873 931 ita
1902 876 2006 942 sit;

446 971 565 1032 sed,
587 978 646 1024 ut
673 969 860 1024 Ariani
901 968 1164 1031 sentiunt,
1213 965 1389 1022 factus
1418 975 1521 1032 est,
1557 980 1665 1019 non
1701 979 1827 1019 vero
1854 973 2009 1019 aeter-

446 1077 555 1117 nus
604 1059 805 1126 Filius,
852 1073 960 1114 non
992 1068 1079 1114 est
1108 1060 1224 1113 haac
1261 1073 1387 1113 vera
1421 1060 1601 1127 imago
1638 1055 1816 1111 Patris
1841 1097 1857 1121 ,
1903 1055 2009 1111 nisi

446 1148 605 1213 forte,
621 1150 826 1217 pudore
841 1148 991 1203 omni
1018 1156 1205 1210 exuto,
1236 1147 1420 1202 dicant
1450 1146 1595 1216 quod
1628 1145 1799 1199 Filius
1830 1146 2009 1215 imago

444 1240 766 1309 appellatur,
788 1253 895 1293 non
928 1238 981 1292 id
1009 1253 1132 1292 esse
1157 1237 1354 1293 similis
1381 1238 1701 1292 substantiae
1725 1235 2004 1297 indicium,

444 1331 538 1386 sed
569 1329 689 1399 ejus
735 1328 1002 1383 duntaxat
1039 1342 1239 1382 nomen
1269 1341 1413 1382 esse.
1452 1326 1653 1398 Atqui,
1691 1342 1724 1382 ο
1756 1326 1907 1397 impii
1955 1335 2009 1379 et

445 1420 629 1477 hostes
660 1418 882 1485 Christi,
910 1418 1017 1473 hoc
1056 1433 1156 1474 nec
1186 1420 1385 1490 imago,
1419 1433 1518 1474 nec
1542 1419 1713 1488 ﬁgura
1746 1426 1850 1472 est.
1878 1416 2009 1483 Quae

447 1511 588 1565 enim
630 1508 929 1565 similitudo
970 1523 1150 1563 rerum
1183 1523 1214 1564 e
1245 1507 1414 1561 nihilo
1451 1507 1713 1562 factarum
1744 1522 1868 1563 cum
1913 1505 2009 1559 illo

442 1602 536 1670 qui
576 1615 659 1667 ca,
691 1615 812 1670 quae
841 1614 947 1654 non
985 1608 1175 1665 erant,
1206 1607 1265 1653 ut
1295 1606 1481 1654 essent
1515 1598 1752 1652 creavit?
1777 1606 1872 1651 aut
1897 1612 2008 1666 quo

443 1702 600 1764 pacto
628 1693 714 1760 id,
741 1691 889 1762 quod
921 1706 1026 1747 non
1056 1700 1157 1756 est,
1207 1691 1346 1761 ejus,
1392 1689 1486 1759 qui
1531 1698 1635 1756 est,
1679 1689 1856 1744 simile
1885 1703 2007 1743 esse

443 1757 625 1856 queat,
650 1757 807 1855 cujus
829 1784 875 1839 is
896 1782 1140 1839 defectus
1160 1757 1264 1847 est,
1290 1790 1349 1835 ut
1373 1757 1665 1851 aliquando
1689 1795 1797 1835 non
1821 1780 2003 1846 fuerit,
2038 1757 2079 1814 Β

440 1885 497 1931 et
517 1877 657 1931 inter
684 1891 773 1932 res
791 1874 964 1931 factas
990 1876 1316 1930 collocatum
1345 1873 1449 1929 sit?
1472 1872 1659 1926 Ariani
1689 1871 1854 1943 igitur
1878 1886 2002 1926 cum

442 1965 639 2024 Filium
676 1967 750 2023 ita
776 1982 898 2024 esse
924 1966 1114 2031 velint,
1145 1966 1250 2021 sibi
1284 1965 1418 2035 ipsis
1450 1963 1762 2034 hujusmodi
1786 1964 2005 2033 excogi-

441 2068 624 2115 tavere
670 2057 1022 2114 ratiunculas.
1053 2055 1111 2112 Si
1143 2055 1313 2110 Filius
1339 2095 1354 2119 ,
1409 2054 1716 2123 inquiunt,,
1760 2052 1902 2108 fetus
1951 2063 2005 2108 et

441 2150 620 2220 imago
667 2157 751 2204 est
793 2147 1017 2203 Patris:
1062 2147 1109 2202 si
1160 2144 1398 2216 perfecte
1456 2144 1649 2200 similis
1696 2154 1780 2202 est
1809 2145 1999 2202 Patri:

441 2239 602 2295 debet
625 2248 789 2305 certe,
823 2238 1279 2309 quemadmodum
1307 2237 1521 2310 genitus
1561 2245 1663 2303 est,
1694 2236 1775 2292 sic
1808 2246 1862 2291 et
1888 2238 2005 2305 ipse

441 2342 699 2398 generare
717 2326 939 2397 ﬁerique
954 2334 1009 2381 et
1037 2327 1150 2396 ipse
1170 2325 1293 2381 Filii
1316 2325 1506 2384 Pater:
1534 2324 1628 2395 qui
1654 2325 1782 2380 item
1802 2340 1869 2380 ex
1886 2326 2004 2395 ipso

440 2421 653 2488 genitus
681 2419 863 2485 fuerit,
885 2433 1142 2489 generare
1162 2429 1216 2473 et
1233 2418 1349 2487 ipse
1377 2417 1555 2483 debet,
1582 2427 1636 2474 et
1657 2417 1729 2472 ita
1752 2417 2005 2485 deinceps

441 2509 673 2569 inﬁnite.
733 2508 791 2562 ld
845 2507 1113 2577 siquidem
1168 2507 1431 2578 genitoris
1476 2507 1714 2577 genitum
1770 2506 2003 2561 similem

442 2602 695 2658 ostendit.
725 2599 1192 2670 Blasphemiarum
1228 2615 1312 2653 nae
1337 2599 1411 2653 illi
1437 2599 1766 2667 inventores,
1792 2599 1886 2670 qui
1909 2597 2003 2653 Dei

441 2695 615 2763 ipsius
639 2693 848 2758 hostes,
884 2707 953 2747 ne
982 2690 1259 2746 fateantur
1285 2689 1483 2748 Filium
1511 2689 1689 2746 Patris
1720 2706 1843 2746 esse
1868 2691 2006 2744 ima-

440 2787 641 2856 ginem,
668 2800 927 2855 corporea
949 2795 1001 2840 et
1025 2784 1301 2839 terrestria
1325 2785 1393 2840 de
1417 2786 1536 2855 ipso
1562 2783 1722 2840 Patre
1741 2784 2001 2856 cogitant,

437 2878 783 2944 excisiones,
811 2877 1143 2944 ellluentias,
1197 2877 1593 2934 inﬂuxionesve
1640 2879 1694 2934 in
1726 2879 1819 2934 illo
1842 2893 2004 2948 prave

440 2972 666 3042 ﬁngunt.
699 2970 961 3039 Equidem
990 2969 1153 3042 336
1168 2970 1215 3026 si
1239 2969 1381 3026 Deus
1404 2971 1640 3027 hominis
1669 2971 1863 3026 similis
1897 2980 1998 3035 est,

439 3063 535 3117 ﬁat
560 3061 721 3117 etiam
752 3076 819 3117 eo
845 3063 1006 3119 modo
1030 3064 1237 3133 genitor
1268 3078 1378 3133 quo
1410 3064 1604 3119 homo:
1626 3071 1686 3118 ut
1720 3060 1888 3118 Filius
1911 3063 2004 3117 ﬁat

443 3159 594 3220 pater
618 3149 862 3217 alterius,
918 3160 1080 3220 atque
1118 3151 1191 3205 ita
1225 3152 1480 3221 deinceps
1509 3151 1601 3205 alii
1625 3167 1692 3205 ex
1723 3151 1846 3206 aliis
1880 3167 2003 3221 pro-

438 3251 713 3308 creantur,
748 3252 825 3306 ut,
847 3242 1147 3299 secundum
1183 3243 1325 3306 illos.
1356 3244 1410 3297 in
1446 3245 1671 3299 deorum
1704 3243 2007 3298 multitudi-

440 3350 563 3391 nem
597 3346 808 3392 crescat
855 3351 922 3392 ea
968 3338 1277 3408 progenies.
1310 3337 1379 3390 At
1412 3337 1459 3391 si
1499 3335 1643 3391 Deus
1696 3352 1802 3390 non
1828 3344 1913 3391 est
1949 3345 2007 3390 ut

441 3425 626 3495 homo,
652 3429 731 3483 uti
756 3442 942 3483 revera
969 3441 1076 3481 non
1099 3436 1183 3484 est
1209 3445 1221 3482 :
1257 3442 1389 3482 sane
1401 3442 1500 3482 nec
1515 3426 1752 3482 humana
1764 3427 1829 3482 de
1856 3442 1923 3483 eo
1943 3427 2008 3481 li-

438 3526 523 3573 cet
543 3520 803 3589 cogitare.
827 3518 1037 3575 Etenim
1053 3520 1225 3575 brutae
1236 3520 1540 3575 animantes
1561 3527 1721 3590 atque
1741 3519 2006 3583 homines,

439 3611 489 3665 vi
508 3612 693 3681 prima:
704 3613 1011 3678 creationis,
1025 3613 1113 3668 alii
1128 3629 1191 3667 ex
1203 3613 1324 3667 aliis
1337 3612 1683 3667 successione
1696 3612 2006 3681 gignuntur,

438 3711 494 3758 et
513 3702 561 3758 is
593 3703 685 3773 qui
704 3704 960 3774 gignitur,
978 3719 1045 3758 ex
1066 3705 1247 3773 genito
1258 3710 1412 3773 patre
1426 3702 1660 3773 genitus,
1679 3702 2007 3758 convenien-

441 3800 524 3846 ter
544 3800 599 3847 et
620 3792 734 3862 ipse
764 3793 988 3847 alterius
1015 3792 1074 3847 lit
1103 3802 1277 3862 pater,
1301 3808 1421 3848 eam
1459 3793 1514 3846 in
1539 3793 1720 3862 seipso
1754 3792 2005 3846 virtutem

442 3901 472 3939 a
500 3894 651 3951 patre
682 3885 909 3950 habens,
952 3899 1017 3938 ex
1049 3900 1157 3954 qua
1197 3893 1249 3938 et
1279 3884 1396 3954 ipse
1420 3883 1598 3939 factus
1628 3873 1732 3939 est.
1770 3882 1906 3939 Hinc
1951 3882 2006 3936 in

440 3976 549 4032 illis
578 3991 687 4031 non
731 3985 816 4031 cst
862 3977 1081 4045 proprie
1119 3985 1271 4045 pater
1301 3977 1385 4031 vel
1416 3976 1635 4045 proprie
1685 3975 1848 4042 ﬁlius,
1908 3989 2009 4029 nec

446 4067 659 4123 stabilis
681 4067 765 4121 vel
795 4075 1055 4123 constans
1085 4076 1170 4123 est
1194 4069 1360 4138 patris
1382 4077 1436 4123 et
1457 4066 1551 4120 lilii
1573 4066 1831 4122 conditio.
1863 4064 2006 4120 Idem

442 4159 641 4228 quippe
667 4164 719 4211 et
744 4156 887 4214 illius
914 4167 967 4212 et
995 4168 1146 4228 pater
1169 4159 1246 4224 lit,
1271 4160 1435 4222 lilius,
1460 4158 1704 4227 inquam,
1727 4156 2008 4226 genitoris,

2110 513 2208 585 τὴν
2233 514 2414 568 εἰκόνα
2447 511 2777 582 ὲπιγνῶμεν,
2798 513 2846 564 εί
2877 511 3041 565 αὐτοῦ
3072 514 3238 566 ἐστιν.
3270 511 3444 577 Δῖδιός
3470 515 3617 566 ἐστιν
3646 516 3674 567 6

2112 605 2322 675 Πατὴρ,
2345 604 2630 666 ἀθάνατος,
2647 601 2889 666 δυνατὸς,
2911 601 3046 672 φῶς,
3074 600 3346 671 βασιλεὺς,
3366 604 3673 673 παντοκρά·

2107 712 2240 766 τωρ,
2262 695 2411 757 Θεὸς,
2438 694 2657 763 Κύριος,
2676 694 2900 762 κτίστης
2929 692 3063 763 (27),
3097 693 3191 746 καὶ
3216 696 3463 763 ποιητής.
3490 693 3674 747 Ταῦτα

2110 783 2245 842 εἶναι
2278 788 2359 840 δεῖ
2391 789 2446 839 ἐν
2471 789 2534 857 τῇ
2568 786 2756 849 εἰκόνι,
2796 786 2883 840 ἵνα
2911 785 3124 856 ἀληθῶς
3154 788 3180 839 6
3218 786 3309 839 τὸν
3343 786 3469 839 Υἱὺν
3502 789 3673 857 ἑωρα-

2111 877 2223 941 κὼς
2257 877 2343 950 ἴδῃ
2375 879 2464 931 τὸν
2494 877 2728 949 Πατέρα.
2757 878 2820 930 El
2858 877 2915 930 δὲ
2955 876 3029 948 μὴ
3058 875 3230 940 οὕτως
3257 879 3422 944 ἐστὶν,
3451 878 3564 931 ἀλλ’
3599 878 3674 942 ὡς

2108 970 2159 1022 οί
2204 968 2468 1041 Ἀρειανοὶ
2498 966 2808 1039 φρονοῦσιν,
2838 968 3065 1039 γενητός
3090 968 3225 1033 ἐστι,
3247 967 3341 1020 καὶ
3368 968 3466 1020 οὐκ
3507 967 3673 1031 α’ίὸιος

2110 1060 2140 1112 ὁ
2170 1060 2316 1123 Υἱὸς,
2350 1059 2627 1115 οὐκ.ἒστιν
2654 1057 2790 1127 αὕτη
2822 1057 2917 1111 τοῦ
2947 1057 3159 1129 Πατρὺς
3186 1057 3388 1129 ἀληθὴς
3413 1056 3596 1120 εἰκὼν,
3625 1061 3673 1111 εί

2111 1150 2186 1222 μὴ
2216 1151 2325 1223 ἄρα
2353 1150 2534 1204 λοιπὸν
2569 1149 3065 1222 ἀπερυθριάσαντες
3091 1148 3319 1202 εἴπωσιν
3338 1191 3352 1215 ,
3383 1150 3464 1202 ὅτι
3488 1151 3583 1202 καὶ
3614 1150 3675 1203 16

2107 1242 2288 1296 εἰκόνα
2338 1242 2588 1311 λέγεσθαι
2627 1241 2718 1294 τὸν
2764 1241 2910 1305 Υίὸν,
2957 1241 3055 1310 οὐχ
3086 1239 3275 1311 ὁμοίας
3321 1240 3504 1303 οὐσίας
3554 1241 3675 1293 ἐστὶ

2107 1333 2412 1407 γνώρισμα,
2443 1334 2611 1405 ὄνομα
2637 1332 2694 1385 δὲ
2730 1332 2887 1403 μόνον
2913 1332 3059 1385 ἐστὶν
3101 1332 3284 1384 αὑτοῦ.
3323 1331 3481 1384 Ἀλλὰ
3515 1330 3675 1384 τοῦτο

2107 1425 2289 1488 πάλιν,
2322 1419 2367 1477 ὦ
2392 1424 2778 1495 Χριστομάχοι,
2809 1423 2911 1476 οὐκ
2972 1422 3120 1475 ἐστιν
3147 1421 3328 1486 εἰκὼν,
3360 1422 3478 1476 οὐδὲ
3503 1438 3676 1494 χαρα-

2107 1517 2265 1587 κτήρ.
2296 1515 2432 1569 Ποία
2460 1514 2568 1584 γὰρ
2600 1515 2867 1585 ὲμφέρεια
2892 1513 2999 1567 τῶν
3027 1512 3086 1577 ἐξ
3117 1514 3215 1567 οὐκ
3236 1512 3403 1567 ὄντων
3419 1513 3553 1585 πρὸς
3581 1513 3675 1567 τὸν

2106 1606 2365 1658 κτίσαντα
2395 1604 2463 1657 τὰ
2494 1605 2592 1656 οὐκ
2615 1603 2743 1657 ὅντα
2777 1607 2856 1667 είς
2882 1603 2943 1656 16
2972 1598 3142 1668 εἷναι;
3166 1602 3199 1672 ἦ
3225 1602 3342 1666 πῶς
3371 1602 3448 1673 τῷ
3474 1603 3588 1657 ὗντι
3612 1603 3674 1656 16

2106 1696 2205 1749 οὐκ
2231 1695 2288 1751 ὃν
2312 1697 2495 1766 ὅμοιον
2520 1691 2659 1748 εἶναι
2683 1695 2921 1762 δύναται,
2960 1694 3279 1764 λειπόμενον
3312 1694 3389 1764 τῷ
3420 1711 3553 1748 ποτε
3595 1695 3673 1767 μὴ

2108 1785 2265 1847 εἶναι,
2285 1787 2468 1858 καὶτῷ
2486 1788 2618 1858 πρὸς
2633 1787 2699 1840 τὰ
2714 1786 2979 1858 γενόμενα
2987 1787 3086 1858 τὴν
3103 1786 3349 1853 σύνταξιν
3363 1785 3502 1857 ἔχειν
3521 1787 3630 1857 (28)
3654 1804 3672 1854 ;

2110 1879 2357 1933 Τοιοῦτον
2385 1878 2495 1951 γὰρ
2535 1879 2697 1933 αὐτὸν
2722 1874 2859 1931 εἶναι
2897 1877 3138 1941 θέλοντες
3179 1879 3229 1930 οἱ
3270 1878 3558 1951 Ἀρειανοὶ,
3586 1877 3677 1932 λο-

2108 1969 2339 2039 γισμοὺς
2371 1970 2585 2032 ἑαυτοῖς
2626 1969 2959 2040 ἐπενόησαν,
3005 1968 3255 2036 λέγοντες
3275 1986 3291 2003 ο
3323 1970 3386 2021 El
3424 1969 3678 2040 γέννημά

2108 2060 2253 2111 ἐστιν
2285 2061 2313 2112 6
2342 2060 2468 2123 Υἱὸς
2491 2058 2583 2113 τοῦ
2618 2059 2830 2132 Πατρδς
2861 2061 2955 2113 καὶ
2994 2058 3178 2123 εἰκὼν,
3208 2059 3302 2113 καὶ
3330 2061 3514 2128 ὅμοιός
3557 2063 3679 2116 ἐστι

2109 2150 2249 2203 κατὰ
2262 2151 2438 2206 πάντα
2452 2151 2543 2205 τοῦ
2557 2151 2788 2223 Πατρὸς,
2806 2152 3010 2221 ὀφείλει
3031 2151 3262 2215 πάντως,
3285 2152 3471 2224 ὥσπερ
3486 2154 3673 2221 γεγέν-

2108 2256 2288 2309 νηται,
2304 2242 2493 2312 γεννᾷν
2516 2241 2608 2295 καὶ
2629 2245 2658 2295 6
2679 2243 2824 2308 Υἱὸς,
2842 2243 2936 2295 καὶ
2948 2242 3188 2311 γίνεσθαι
3208 2243 3301 2296 καὶ
3317 2242 3475 2306 αὐτὸς
3493 2243 3675 2317 πατὴρ

2110 2332 2255 2385 υἱοῦ·
2293 2332 2454 2387 πάλιν
2482 2351 2542 2386 τε
2573 2337 2601 2387 6
2643 2334 2755 2407 (29)
2800 2334 2857 2400 ἐξ
2898 2334 3059 2387 αὑτοῦ
3101 2332 3436 2405 γεννώμενος
3480 2337 3680 2407 γεννᾷν

2110 2425 2205 2476 καὶ
2260 2424 2440 2489 αὐτὸς,
2499 2425 2594 2477 καὶ
2636 2424 2871 2495 καθεξῆς
2925 2426 3028 2489 ἕως
3077 2427 3157 2489 είς
3206 2425 3462 2496 ἄπειρον·
3517 2425 3680 2481 τοῦτο

2108 2515 2216 2587 γὰρ
2253 2517 2435 2587 ὅμοιον
2491 2515 2731 2569 δείκνυσι
2784 2517 2872 2571 τὸν
2906 2516 3231 2589 γεννηθέντα
3262 2517 3356 2570 τοῦ
3389 2522 3680 2591 γεννήσαν-

2108 2626 2218 2673 τος.
2236 2609 2557 2679 Ἐφευρεταὶ
2604 2608 2923 2680 δυσφημιῶν
2944 2608 3055 2680 (50)
3082 2607 3295 2687 ἀληθῶς
3321 2611 3370 2662 οί
3394 2609 3677 2682 θεομάχοι,

2108 2700 2319 2764 οἵτινες,
2352 2701 2435 2754 ἵνα
2465 2699 2538 2771 μὴ
2562 2700 2650 2753 τὸν
2673 2700 2796 2753 Υἱὸν
2829 2701 3011 2754 εἰκόνα
3040 2699 3132 2755 τοῦ
3164 2700 3379 2772 Πατρὸς
3406 2703 3680 2776 ὁμολογή-

2110 2811 2262 2857 σωσι,
2294 2793 2579 2864 σωματικὰ
2620 2795 2717 2848 καὶ
2756 2797 2917 2866 γήϊνα
2961 2797 3089 2868 περὶ
3133 2796 3297 2850 αὑτοῦ
3332 2797 3425 2850 τοῦ
3457 2797 3676 2868 Πατρὺς

2109 2884 2380 2957 φρονοῦσι.
2414 2885 2608 2956 τομὰς,
2649 2887 2743 2939 καὶ
2776 2887 3072 2958 ἀπορροίας
3102 2888 3194 2940 καὶ
3230 2889 3517 2959 ἐπιρροίας
3536 2905 3667 2942 κατ·

2108 2974 2434 3046 ηγοροῦντες
2476 2974 2597 3028 κατ’
2660 2975 2845 3028 αὐτοῦ.
2891 2976 2953 3029 Εἰ
2993 2976 3089 3045 μὲν
3135 2972 3229 3029 οὖν
3268 2976 3342 3041 ὼς
3388 2978 3677 3048 ἄνθρωπός

2106 3067 2255 3120 ἐστιν
2284 3068 2312 3119 6
2339 3065 2469 3130 Θεὸς
2497 3067 2628 3137 (51),
2658 3067 2889 3134 γινέσθω
2932 3067 3026 3119 καὶ
3058 3070 3340 3139 γεννητὴς,
3365 3069 3440 3132 ὡς
3468 3069 3680 3141 ἄνθρω-

2107 3173 2227 3219 πος,
2264 3156 2351 3209 ἵνα
2380 3156 2472 3209 καὶ
2501 3157 2530 3208 ὁ
2564 3156 2693 3218 Υἱὸς
2724 3155 2909 3224 ἑτέρου
2944 3155 3157 3224 γίνηται
3185 3157 3385 3226 πατὴρ,
3413 3156 3506 3210 κα)⁵
3533 3156 3678 3215 οὓτω

2107 3247 2338 3318 καθεξῆς
2358 3247 2414 3314 ἐξ
2444 3246 2684 3318 ἀλλήλων
2714 3247 3070 3315 γινέσθωσαν,
3111 3247 3197 3301 ἵνα
3241 3246 3335 3300 καὶ
3362 3249 3441 3310 είς
3471 3245 3678 3318 πλῆθος

2109 3337 2244 3392 θεῶν
2270 3340 2303 3409 ἡ
2334 3338 2550 3410 διαδοχὴ
2588 3342 2706 3392 κατ’
2732 3340 2929 3404 αὐτοὺς
2968 3340 3195 3411 αὑξάνῃ’
3227 3342 3277 3393 εί
3308 3339 3364 3392 δὲ
3397 3339 3497 3392 οὑκ
3529 3339 3678 3394 ἔστιν

2106 3428 2180 3492 ὡς
2209 3426 2304 3482 ἄνθ
2313 3445 2493 3500 ρωπος
2520 3428 2549 3479 6
2568 3427 2700 3492 Θεός
2718 3446 2731 3459 ·
2757 3430 2855 3482 οὐκ
2877 3429 2989 3484 ἔστι
3013 3431 3146 3503 γάρ’
3173 3430 3234 3482 οὺ
3266 3429 3348 3483 δεῖ
3369 3429 3436 3483 τὰ
3462 3428 3677 3500 ἀνθρώ.

2109 3536 2227 3571 πων
2245 3519 2331 3571 ἐπ’
2348 3517 2512 3572 αὐτοῦ
2546 3519 2660 3589 (52)
2682 3519 3009 3588 λογίζεσθαι.
3026 3520 3106 3574 Τὰ
3127 3520 3226 3591 μὲν
3246 3520 3355 3590 γὰρ
3373 3520 3541 3589 ἄλογα
3559 3519 3676 3585 ζῶα

2110 3611 2204 3663 καὶ
2234 3611 2282 3662 οἱ
2315 3609 2589 3683 ἅνθρωποι
2636 3614 2699 3664 ὲκ
2744 3610 3138 3683 δημιουργικῆς
3173 3611 3349 3683 ἀρχῆς
3383 3610 3522 3664 κατὰ
3561 3611 3680 3665 διαε-

2108 3701 2269 3772 δοχῆς
2289 3701 2530 3771 ἀλλήλων
2555 3701 2848 3770 γεννῶνται
2867 3720 2881 3733 ’
2916 3703 3010 3755 καὶ
3030 3705 3058 3756 6
3081 3702 3433 3773 γεννώμενος,
3461 3705 3526 3755 ὲκ
3555 3718 3682 3771 γεν-

2109 3792 2350 3863 νωμένου
2374 3793 2577 3864 πατρὸς
2610 3793 2910 3862 γεννηθεὶς,
2940 3795 3160 3858 εἰκότως
3187 3794 3280 3848 καὶ
3305 3794 3463 3857 αὐτὸς
3488 3794 3678 3865 ἐτέρου

2111 3884 2325 3951 γίνεται
2354 3882 2555 3953 πατὴρ,
2597 3882 2735 3953 ἔχων
2764 3885 2827 3936 ἐκ
2873 3885 3074 3954 πατρὸς
3103 3886 3161 3937 ἐν
3188 3883 3363 3954 ἑαυτῷ
3394 3882 3573 3947 τοῦτο,
3616 3883 3682 3949 ἐξ

2109 3968 2169 4027 οὗ
2192 3973 2286 4026 καὶ
2313 3972 2474 4035 αὐτὸς
2495 3972 2706 4040 γέγονε.
2745 3972 2835 4025 Διὸ
2865 3973 2983 4026 οὐδέ
3016 3975 3163 4028 ἐστιν
3196 3975 3252 4026 ὲν
3278 3977 3389 4036 τοῖς
3416 3972 3679 4037 τοιούτοις

2110 4064 2313 4134 κυρίως
2358 4062 2536 4133 πατὴρ
2563 4063 2658 4116 καὶ
2696 4063 2904 4134 κυρίως
2952 4065 3087 4127 υίὸς,
3139 4066 3259 4117 οὐδὲ
3313 4065 3542 4135 ἕστηκεν
3582 4066 3671 4117 ἐπ’

2111 4152 2289 4206 αὐτῶν
2332 4153 2392 4206 16
2425 4153 2606 4225 πατὴρ
2640 4153 2733 4206 καὶ
2765 4154 2825 4207 16
2853 4155 2965 4218 υἱός
3001 4156 3129 4226 (35)·
3164 4159 3193 4210 6
3235 4157 3343 4229 γὰρ
3375 4157 3537 4220 αὐτὸς
3562 4157 3680 4221 υἱὸς

440 4258 592 4320 pater
617 4256 795 4303 autem
820 4249 940 4319 ejus
974 4250 1064 4319 qui
1095 4265 1162 4303 ex
1189 4250 1305 4319 ipso
1333 4249 1595 4320 gignitur.
1625 4246 1824 4301 Verum
1847 4246 1901 4299 in
1925 4245 2005 4300 di-

2115 4244 2214 4315 μὲν
2240 4244 2332 4297 τοῦ
2361 4245 2740 4315 γεννήσαντος,
2775 4247 2957 4318 πατὴρ
2999 4248 3056 4300 δὲ
3098 4248 3191 4301 τοῦ
3235 4248 3574 4319 γεννωμένου
3617 4249 3681 4314 ἐξ

440 4339 666 4395 vinitate
691 4356 798 4395 non
826 4341 898 4395 ita
934 4356 991 4395 se
1017 4356 1105 4396 res
1149 4342 1331 4396 habet.
1382 4328 1669 4394 Necenim
1726 4338 2005 4392 hominum

2113 4334 2299 4389 αὐτοῦ.
2345 4336 2467 4389 Ἐπὶ
2487 4336 2545 4390 δὲ
2571 4337 2669 4407 τῆς
2689 4337 2937 4407 θεότητος
2969 4340 3067 4392 οὐκ
3092 4339 3237 4393 ἔστιν
3269 4339 3457 4404 οὕτως·
3481 4341 3542 4393 06
3568 4339 3680 4412 γὰρ

441 4431 636 4487 similis
665 4441 751 4487 est
786 4432 946 4494 Deus,
981 4448 1079 4488 nec
1125 4431 1285 4486 Pater
1317 4446 1384 4485 ex
1413 4438 1566 4498 patre
1595 4437 1699 4493 est,
1735 4430 1877 4483 unde
1909 4444 2005 4483 nec

2110 4426 2183 4490 ὡς
2212 4426 2494 4497 ἄνθρωπος
2513 4429 2542 4481 6
2570 4428 2699 4492 Θεός
2719 4446 2733 4458 ο
2777 4429 2898 4483 οὔτε
2941 4430 3049 4500 γὰρ
3093 4433 3120 4483 6
3167 4430 3348 4501 πατὴρ
3374 4430 3438 4483 ὲκ
3472 4432 3679 4502 πατρός

445 4533 652 4593 patrem
682 4524 988 4593 geniturum
1024 4524 1191 4596 gignit
1220 4543 1232 4577 :
1264 4538 1366 4577 nec
1393 4521 1565 4575 Filius
1591 4527 1675 4574 cst
1702 4534 1768 4574 ex
1792 4517 2005 4574 cllluvio

2112 4519 2226 4571 ἐστι
2250 4537 2260 4547 ·
2288 4518 2366 4570 διὸ
2398 4519 2518 4572 οὐδὲ
2542 4521 2705 4590 γεννᾷ
2748 4521 2839 4573 τὸν
2870 4521 3258 4592 γεννησόμενον
3288 4522 3395 4592 (54)
3432 4524 3675 4595 πατέρα’

518 4787 628 4857 (27)
655 4786 903 4855 Seguor.,
934 4787 1041 4859 Kal
1068 4788 1310 4859 κτίστης,
1346 4799 1399 4842 ct
1418 4788 1578 4858 paulo
1610 4798 1731 4858 post
1760 4803 1859 4857 pro
1898 4785 2002 4859 ίδῃ,

2113 4783 2606 4859 Seguernﬁohler.
2634 4792 2690 4859 et_
2714 4783 2878 4849 Felc.,
2900 4784 2951 4859 l,
2982 4780 3257 4859 ἀπορροὰς
3286 4786 3376 4859 καί
3394 4785 3678 4859 ὲπ-ιρροόις.

444 4838 1074 4930 ὶάέιιιᾼίιογὺὲιλωρακὼς
1246 4838 1310 4859 ’δ’
1418 4838 1443 4858 τ
1695 4927 1705 4930 _
1761 4838 1788 4857 Γ

2108 4923 2143 4930 _
2349 4838 2877 4930 'Sicﬁeguerianns;
2904 4838 2993 4930 At
3011 4838 3207 4930 alii'et
3238 4838 3376 4930 'edi_ti
3398 4895 3416 4930 _,
3445 4838 3501 4930 ῥ’
3526 4838 3680 4930 Ὑίόᾷ

516 4927 628 4998 (28)
659 4927 749 4982 Sic
790 4929 843 4982 in
891 4923 1332 4998 Segucr."_exstat
1373 4936 1517 4998 totus
1562 4926 1653 4998 hic
1694 4925 2005 4998 locus._Al_ii
2108 4923 2285 4998 Paulo
2303 4933 2422 4998 post
2444 4923 2923 4998 Segner._,_Basil.,
2957 4925 3172 4998 Gobler.
3201 4934 3278 4998 _et
3321 4924 3681 4998 Eelckin.,l,

445 4992 573 5068 vero
600 4992 652 5051 et
680 4998 829 5068 editi,
858 4992 993 5068 πρὸς
1022 4999 1081 5049 16
1109 4992 1265 5068 εἶναι,
1301 4997 1333 5068 ἢ
1361 4996 1477 5060 πῶς
1516 4996 1592 5068 τῷ
1617 4998 1728 5068 ὄντι
1754 4997 1813 5050 16
1842 4995 1916 5068 μὴ
1948 4995 2005 5068 ὃν

2114 4992 2565 5068 ἐτέρουήγένηται.
2602 4992 3132 5068 lbid._Se_g_uer.,_xal.
3169 4994 3308 5068 οὕτω
3331 4995 3388 5047 δὲ
3424 4993 3680 5068 καθεξῆς.

446 5066 627 5137 ὅμοιον
667 5049 829 5121 εἶναι’
853 5049 1109 5137 δυνατόν)
1148 5049 1477 5136 Λειῇόμενον
1525 5049 1617 5123 06v
1648 5067 1729 5130 16,
1772 5049 1916 5120 ’ττοῖεὲ⁸
1933 5067 2005 5137 μὴ

2184 5049 2292 5137 (ξὶ)
2312 5049 2509 5137 ,Βθεῖιη
2527 5066 2614 5137 ὲςτῖ
2641 5063 2807 5137 αθτῷ.
2826 5049 2964 5137 ΔΙῖἰοιςΔ
2983 5049 3420 5137 _Seguer.,_llcg.,
3453 5049 3679 5137 Golden.

446 5132 604 5208 εἶναι,
638 5139 732 5191 καὶ
768 5137 828 5190 16
865 5136 999 5208 πρὸς
1032 5135 1105 5208 τὰ
1135 5132 1399 5208 γενόμενα
1428 5138 1526 5208 τὴν
1561 5138 1816 5193 σύστασιν
1843 5132 2005 5206 ἕχεὶνξ

2112 5144 2167 5189 et
2188 5132 2449 5208 Felehnn,
2471 5133 2629 5208 1,.Τὰ
2658 5132 2885 5208 μὲνγὰρ
2917 5132 3048 5208 ἄλλα
3071 5132 3202 5197 ζῶα.
3236 5132 3367 5208 Post
3396 5134 3557 5208 paulo
3586 5133 3684 5189 Se-

448 5206 509 5265 !n
536 5207 743 5278 Felrk.,
770 5208 796 5260 1
831 5216 883 5260 et
910 5203 1307 5278 Coblcr._deeét
1332 5203 1424 5260 οὖν
1449 5203 1567 5276 post
1601 5203 1936 5278 λειπόμενον.

2114 5221 2289 5278 gustu,
2326 5203 2798 5278 6_yevvd{us_v0g_éx
2839 5203 3383 5278 vivonévouata1p6g.
3428 5203 3685 5278 Idemque

518 5276 633 5346 (29)
665 5278 755 5331 Sic
796 5278 1019 5345 Seguer.
1051 5285 1104 5329 ct
1136 5276 1268 5346 Reg.
1304 5280 1358 5331 In
1384 5272 1543 5333 editis
1573 5272 1817 5332 autem'b
1845 5278 2009 5329 omit-
2122 5272 2497 5346 Ξιιίιτλειξῖεᾳη
2522 5272 3103 5346 Goblerjan.,Felektn.
3140 5277 3192 5340 1,
3232 5272 3289 5329 ὲν
3313 5272 3683 5344 ὲαυτῷτοῦτο,

448 5337 597 5402 titur.
613 5337 751 5418 Πρω.
781 5346 847 5399 ad
870 5337 1180 5418 marginem
1209 5337 1319 5401 haec
1352 5348 1510 5418 habet
1553 5348 1705 5418 Reg.:
1733 5347 1832 5418 Διὰ
1858 5346 1908 5399 τί
1939 5346 2005 5417 μὴ

2119 5344 2177 5409 ἐξ
2207 5337 2287 5418 οξ.
2319 5337 2489 5418 Editi,
2514 5346 2570 5418 ἐν
2599 5343 2746 5413 αὑτῴ
2764 5345 2945 5418 10610,
2974 5355 3077 5398 etc.

449 5418 544 5489 καὶ
575 5418 603 5470 6
626 5417 753 5489 Υίὺς
778 5417 969 5489 γεννᾷἱ
1102 5416 1409 5489 καὶᾼπατὴρ
1434 5414 1489 5489 ᾗ,
1517 5411 1658 5472 ἀλλᾶ
1684 5417 1842 5487 μόνον
1869 5411 2005 5489 ἐστὶν

2192 5414 2302 5489 (ἥδ)
2353 5413 2692 5489 Seguerian.,
2819 5415 3000 5489 πατῂρ
3032 5415 3125 5489 καὶ
3169 5413 3229 5467 16
3254 5411 3596 5489 _ui0'g._Reg.,
3624 5413 3689 5467 τὸ

448 5486 612 5552 Υἰό;;
648 5486 755 5559 Cur
786 5482 889 5540 non
916 5482 1096 5559 Filius
1125 5499 1170 5559 et
1201 5487 1310 5551 ipse
1351 5482 1536 5559 gignit,
1576 5499 1631 5543 ut
1667 5482 1716 5543 et
1747 5496 1896 5557 pater
1923 5488 2005 5550 sit,

2123 5483 2326 5559 κυρίως
2342 5483 2537 5559 Απατὴρ
2569 5485 2662 5559 καὶ
2690 5483 2822 5559 υἱόςτ
2856 5482 3014 5559 Ειίῇιί.
3046 5486 3105 5559 16
3138 5486 3320 5559 ⁸πατὴρ
3349 5482 3595 5559 καιυ-ίός.

446 5559 535 5611 sed
562 5551 636 5610 est
662 5557 923 5611 duntaxat
951 5554 1126 5609 Filius
1148 5556 1215 5609 ἐν’·
1352 5551 1372 5558 ⁷
1405 5551 1426 5559 ⁷
1524 5551 1530 5553 ’
1747 5551 1779 5624 ’ν
2196 5553 2315 5624 (54)
2340 5551 2585 5624 Segue'r.,
2622 5553 3027 5624 Reg.,Anglic.,
3061 5551 3602 5624 GoblerJ'etFelckm.
3633 5552 3687 5624 Ι,

527 5626 637 5697 (⁵50)
668 5626 913 5698 Seguer.,
938 5625 1155 5680 Gobler.
1170 5634 1224 5681 et
1244 5623 1451 5698 Felck.,
1479 5626 1546 5698 1ζ
1544 5623 2005 5698 δυσφημίαςςᾲΜοι

2123 5620 2500 5698 γενησόμενον.
2532 5623 2653 5677 Mox
2689 5620 2846 5698 iidem
2887 5620 3078 5698 praeter
3109 5624 3324 5698 Anglic.
3353 5632 3406 5677 et
3436 5620 3594 5692 Reg,
3628 5623 3689 5688 ἐξ

452 5691 675 5767 Seguer.
701 5691 1026 5768 ὁμολογῶσι.
1054 5697 1357 5766 σωματικά,
1388 5705 1491 5751 etc.
1517 5691 1682 5750 Paulo
1705 5691 1830 5765 post
1854 5695 2005 5750 iidem

2122 5691 2400 5764 ἐπιρροῆς.
2436 5694 2681 5763 Segucr.,
2714 5694 2865 5759 ibid.,
2892 5691 3016 5746 οὔτε.
3045 5696 3105 5746 ὲκ
3135 5691 3470 5762 γενηθέντος.
