3850 6218
383 343 452 403 59
952 340 1012 397 S.
1052 338 1421 395 ATHANASII
1461 337 1613 392 ()PP.
1655 292 1834 389 Ρλιιε
1872 335 1917 386 1.
1957 362 2026 374 --
2066 324 2434 383 IIISTORICA
2475 319 2561 377 ET
2599 315 3018 375 DOGMATICA.
3543 290 3620 364 ϐο

387 464 724 525 nasceretur.
787 451 1113 523 Huiusmodi
1162 448 1324 505 dictis
1381 446 1687 516 tripudiant
1739 441 1952 513 inglorii

2088 454 2203 491 ουσι
2230 436 2332 504 τὴν
2349 430 2442 486 τοῦ
2472 428 2606 484 Θεοῦ
2640 427 2794 495 δόξαν
2823 428 2882 479 ὲν
2900 419 3201 495 ὁμοιώματι
3224 421 3429 484 είκόνος
3446 420 3623 492 φθαρ-

388 550 465 604 illi
503 546 776 608 homines,
809 546 1088 611 Deumque
1137 541 1369 595 similem
1407 536 1692 591 hominum
1729 536 1958 602 lingunt,

2088 529 2160 582 ποῦ
2193 525 2477 597 ἀνθρώπου
2507 520 2619 589 (45)

383 647 479 716 qui
512 660 638 701 cum
653 658 712 698 se
726 605 1067 695 Christianos
1091 651 1212 692 esse
1232 634 1544 705 praedicant,
1565 630 1658 685 Dei
1676 630 1901 700 gloriam
1924 634 2137 681 mutant
2154 626 2206 679 in
2227 619 2634 679 similitudinem
2650 612 2907 682 imaginis
2926 607 3289 679 corruptibilis
3305 605 3620 661 hominis".

2125 741 2215 795 9.3.
2274 741 2419 792 Ἔδει
2456 738 2553 809 μὲν
2604 730 2694 788 οὖν
2743 731 2905 804 μηδὲν
2952 724 3346 797 ἀποκρίνασθαι
3388 723 3525 793 πρὸς
3549 722 3624 777 τὰ

388 860 554 914 esset,
599 849 735 902 adeo
768 846 975 900 insulsa
1013 852 1140 899 sunt
1171 852 1223 896 et
1264 841 1462 910 inepta.
1500 838 1696 894 Verum
1732 854 1798 892 ne
1833 837 1954 891 illo-

2090 828 2300 892 οιαῢτα,
2338 826 2511 889 οὓτως
2545 822 2745 894 ἀνόητα
2775 820 2898 873 ὄντα
2958 819 3051 871 καὶ
3083 815 3261 887 μωράο
3315 813 3400 866 ἵνα
3446 812 3502 865 δὲ
3548 810 3627 883 μὴ

392 958 513 995 rum
541 904 794 994 diaeresis
837 937 1043 1007 aliquid
1094 904 1384 990 soliditatis
1420 932 1621 986 habere
1664 931 1910 983 videatur
1935 969 1950 994 ,

2088 923 2258 991 οκῇ,τι
2283 917 2495 988 βέϐαιον
2547 914 2686 985 ἔχειν
2708 915 2741 983 ἡ
2764 911 2971 982 αἵρεσις
2998 907 3196 969 αὐτῶν,
3229 907 3490 977 προσήκει
3521 904 3627 958 κᾶν

388 1048 484 1087 eos
516 1031 603 1085 hic
634 1031 718 1084 vel
755 997 946 1083 salleni
992 1028 1167 1081 obiter
1205 1023 1486 1078 confutare
1521 1037 1697 1091 opera:
1721 1020 1951 1090 pretium

2088 1027 2130 1073 ις
2153 1008 2262 1079 (46)
2293 1010 2357 1060 ὲκ
2386 1006 2658 1078 παρέργου
2688 1000 2952 1070 διελέγξαι
2990 1000 3084 1053 καὶ
3111 1001 3168 1051 ὲν
3193 997 3399 1059 τούτοις
3427 998 3627 1058 αὐτοὺς

390 1123 578 1185 fuerit,
614 1121 851 1175 maxime
871 1128 1087 1189 propter
1113 1116 1461 1171 mulierculas
1487 1089 1608 1183 quae
1632 1114 1699 1166 ab
1722 1089 1826 1165 illis
1847 1112 1955 1165 cir-

2088 1102 2291 1155 ιάλιστα
2330 1098 2419 1157 διά
2464 1098 2533 1151 τά
2594 1094 2833 1166 εὐχερῶς
2884 1090 3216 1160 ἀπατώμενα
3271 1089 3397 1159 παρ’
3448 1089 3628 1141 αὐτῶν

390 1212 812 1269 cumveniuntur
837 1181 1110 1262 facillime.
1139 1206 1202 1259 Et
1228 1220 1357 1260 vero
1383 1204 1480 1269 illi,
1500 1181 1592 1272 qui
1618 1204 1720 1256 ista
1744 1201 1951 1263 dicunt,

2088 1192 2398 1262 υναικάρια.
2442 1189 2590 1243 Ἔδει
2638 1188 2694 1241 δὲ
2743 1185 2854 1254 (47)
2911 1184 3081 1238 ταῦτα
3122 1183 3374 1251 λέγοντας
3406 1181 3625 1244 αὐτοὺς,

392 1302 750 1357 architectum
779 1299 940 1353 etiam
978 1298 1050 1349 ita
1094 1295 1410 1349 debuissent
1439 1271 1772 1361 interrogare
1799 1308 1812 1344 :
1842 1288 1952 1344 Po-

2091 1284 2144 1336 ad.
2176 1280 2550 1354 ἀρχιτέκτονος
2569 1276 2948 1339 πυνθάνεσθαι,
2968 1276 3029 1327 Εἰ
3051 1274 3272 1328 δύνασαι
3305 1272 3470 1343 χωρὶς
3493 1271 3629 1343 ὕλης

392 1406 546 1450 tesne
576 1392 693 1446 sine
711 1389 952 1458 subjecta
980 1387 1208 1441 materia
1233 1385 1540 1440 aedificare?
1568 1393 1626 1437 ut
1644 1392 1821 1437 autem
1844 1398 1951 1437 non

2090 1391 2240 1439 ποκει
2252 1373 2417 1444 μένης
2449 1371 2557 1441 (48)
2588 1369 2920 1440 οἰκοδομεῖν;
2968 1366 3152 1438 ῶσπερ
3189 1365 3246 1418 δὲ
3286 1365 3344 1417 οὐ
3378 1363 3629 1428 δύνασαι,

397 1490 590 1552 potes,
636 1481 716 1536 sic
760 1494 859 1533 nec
903 1478 1045 1532 Deus
1087 1477 1292 1545 absque
1335 1475 1577 1544 subjecta
1611 1474 1833 1526 materia
1870 1488 1960 1528 res

2088 1465 2196 1520 ὓτω
2232 1465 2327 1518 κα).
2356 1464 2384 1515 6
2424 1462 2556 1523 Θεὸς
2581 1462 2679 1514 οὐκ
2704 1459 2935 1529 ⁴ὴδύνατο
2962 1459 3127 1529 χωρίς
3178 1456 3307 1527 ὕλης
3332 1454 3631 1525 ὑποκειμέ-

394 1575 683 1629 universas
712 1571 883 1640 potuit
915 1569 1143 1624 edicere.
1184 1567 1507 1621 Debuissent
1532 1580 1749 1634 quoque
1781 1579 1811 1618 a
1843 1564 1959 1619 sin-

2089 1575 2155 1628 ης
2201 1557 2421 1627 ποιῆσαι
2451 1553 2520 1607 τὰ
2547 1553 2664 1606 ὅλα.
2697 1551 2843 1605 Ἔδει
2886 1551 2980 1604 καὶ
3018 1550 3246 1640 ἕκαστον
3282 1547 3389 1618 (49)
3430 1548 3633 1610 αὐτοὺς

393 1664 534 1734 gulis
559 1663 870 1716 hominibus
895 1660 1183 1722 sciscitari,
1213 1657 1293 1711 An
1328 1666 1482 1727 potes
1510 1672 1630 1712 esse
1658 1657 1775 1710 sine
1799 1655 1956 1709 loco?

2088 1647 2160 1699 ῶν
2181 1643 2478 1716 ἀνθρώπων
2510 1641 2737 1713 ἐρωτᾷν,
2774 1641 2836 1691 El
2888 1637 3111 1690 δύνασαι
3165 1631 3305 1689 εἶναι
3336 1634 3503 1704 χωρὶς
3541 1632 3634 1684 τό-

393 1757 543 1825 atqui
579 1762 637 1807 ut
671 1768 777 1807 non
810 1763 984 1823 potes,
1019 1752 1092 1805 ita
1120 1750 1284 1804 etiam
1330 1749 1473 1804 Deus
1501 1748 1555 1802 in
1586 1748 1707 1803 loco
1729 1755 1832 1802 est.
1867 1745 1958 1801 Sic

2088 1754 2200 1799 too;
2232 1735 2417 1806 ῶσπερ
2449 1734 2504 1786 δὲ
2532 1734 2590 1785 ού
2627 1732 2870 1794 δύνασαι,
2899 1728 3040 1782 οὕτω
3071 1730 3165 1781 καὶ
3186 1728 3214 1778 6
3245 1725 3377 1788 Θεὸς
3407 1726 3463 1776 ὲν
3480 1724 3636 1792 τόπῳ

394 1847 541 1900 enim
572 1844 649 1898 illi
675 1844 755 1897 vel
786 1843 974 1898 saltem
1006 1842 1076 1895 ab
1108 1841 1458 1895 audientibus
1491 1848 1814 1909 cogerentur
1839 1853 1960 1892 eru-

455 759 547 813 ‘25.
583 759 727 812 Sane
759 756 824 809 ad
861 755 963 809 ista
1012 768 1080 807 ne
1118 750 1445 820 respondere
1480 747 1698 819 quidem
1737 760 1950 815 aequum

2065 1828 2229 1881 ἐστίν’
2268 1827 2334 1880 ἵν’
2360 1826 2531 1888 οὕτως
2546 1823 2646 1877 κᾶν
2679 1822 2830 1894 παρά
2847 1821 2956 1875 τῶν
2985 1820 3286 1874 ἀκουόντων
3305 1817 3413 1888 (50)
3451 1815 3638 1887 ἐντρέ-

394 1936 637 1990 bescere.
683 1932 864 1999 Quare
904 1933 1047 1986 enim
1087 1946 1209 1986 cum
1238 1929 1430 1983 Filium
1472 1930 1582 1983 Deo
1624 1943 1746 1983 esse
1769 1928 1957 1981 audie-

394 2027 528 2090 rint,
548 2020 677 2078 ‘tum
708 2024 810 2092 ipsi
843 2022 908 2076 ad
938 2023 1149 2090 seipsos
1195 2020 1569 2090 respicientes,
1603 2035 1728 2074 eum
1759 2020 1959 2072 audent

397 2129 595 2182 negare
625 2132 637 2166 :
665 2128 789 2166 cum
816 2125 945 2164 vero
980 2109 1146 2163 Deum
1166 2124 1353 2163 creare
1378 2116 1432 2163 et
1459 2107 1637 2161 facere
1666 2107 1957 2170 audierint,

398 2216 503 2253 non
537 2199 721 2253 itidem
758 2199 992 2252 humana
1018 2197 1334 2267 opponunt?
1359 2196 1521 2266 Atqui
1545 2212 1640 2265 par
1661 2196 1958 2250 eratetiam

396 2306 490 2345 eos
522 2290 577 2345 in
605 2305 786 2343 rerum
819 2290 1090 2343 creatione
1129 2288 1492 2357 intelligenda,
1532 2290 1766 2342 humana
1814 2287 1960 2358 cogi-

399 2391 544 2447 tare,
574 2390 628 2436 et
658 2382 940 2435 materiam
970 2380 1081 2436 Deo
1113 2382 1480 2451 suppeditare,
1508 2391 1568 2434 ut
1602 2380 1770 2435 Deum
1801 2394 1956 2434 crea-

398 2480 570 2526 torem
599 2486 721 2525 esse
745 2471 1067 2535 iniiciantes,
1101 2468 1321 2524 demum
1357 2485 1480 2524 cum
1524 2468 1837 2524 Manichaeis
1862 2484 1960 2523 vo-

399 2565 723 2618 lutarentur.
750 2562 956 2629 Quodsi
989 2563 1105 2633 ipsa
1136 2562 1245 2617 Deo
1287 2562 1438 2615 notio
1466 2562 1549 2615 his
1578 2561 1782 2630 majora
1818 2561 1960 2632 cogit

398 2653 659 2723 cogitare,
691 2661 853 2722 atque
884 2653 973 2707 ubi
1004 2652 1084 2706 vel
1115 2661 1323 2706 tantum
1351 2655 1474 2720 quis
1501 2651 1754 2713 audierit,
1776 2652 1958 2705 statim

398 2743 572 2798 credit
616 2753 935 2810 certumque
981 2742 1142 2795 habet
1174 2739 1340 2794 Deum
1381 2755 1486 2793 non
1517 2752 1583 2794 eo
1628 2739 1790 2794 modo
1840 2755 1961 2795 esse

398 2848 510 2904 quo
562 2848 662 2888 nos
693 2848 904 2900 sumus,
934 2832 1027 2887 sed
1069 2846 1191 2886 esse
1222 2839 1281 2885 ut
1311 2830 1478 2884 Deum
1499 2871 1512 2893 ,
1546 2845 1645 2885 nec
1673 2845 1859 2885 creare
1901 2839 1962 2885 ut

403 2924 652 2979 homines
676 2931 884 2988 creant,
910 2923 1003 2978 sed
1030 2938 1214 2977 creare
1234 2931 1294 2977 ut
1317 2921 1484 2976 Deum
1516 2940 1529 2975 :
1562 2922 1811 2976 similiter
1831 2938 1960 2992 quo-

2065 1917 2263 1971 πεσθαι
2291 1915 2605 1987 δυνηθῶσιν.
2648 1915 2718 1967 Ἣ
2757 1913 2845 1967 διά
2874 1912 2947 1976 τί,
2977 1912 3071 1964 saw
3103 1911 3198 1981 μὲν
3229 1907 3516 1974 ἀκούωσιν,
3549 1907 3637 1959 ὅτι

2063 2008 2192 2062 Υίὸν
2220 2007 2331 2078 ἔχει
2359 2008 2387 2058 6
2423 2006 2575 2069 Θεὸς,
2614 2007 2693 2068 εἰς
2738 2003 2962 2066 ἑαυτοὺς
2986 2003 3095 2072 (51)
3120 2000 3515 2061 ἀποϐλέποντες
3536 1999 3640 2068 ἀρ-

2064 2100 2277 2156 νοῦνται
2309 2099 2515 2152 τοῦτον·
2581 2097 2675 2151 ἐὰν
2720 2098 2775 2150 δὲ
2832 2097 3118 2159 ἀκούωσιν,
3177 2095 3258 2146 ὅτι
3312 2092 3483 2156 κτίζει
3537 2092 3635 2143 καὶ

2066 2193 2231 2254 ποιεῖ,
2288 2190 2469 2243 οὐκετι
2509 2189 2576 2242 τὰ
2623 2187 2933 2260 ἀνδρώπινα
2991 2185 3383 2250 ἀντιτιθέασιν;
3440 2185 3546 2237 ἔδει
3575 2182 3636 2234 δὲ

2065 2283 2159 2336 καὶ
2181 2283 2238 2334 ὲν
2266 2281 2342 2351 τῷ
2371 2280 2573 2344 κτίζειν
2608 2279 2921 2352 ἀνθρώπινα
2950 2281 3087 2333 νοεῖν
3137 2278 3333 2339 αὐτοὺς
3370 2278 3463 2329 καὶ
3500 2275 3637 2345 ὓλην

2066 2371 2383 2426 ὑποϐάλλειν
2434 2371 2512 2441 τῷ
2540 2369 2680 2441 Θεῷ,
2724 2371 2810 2423 ἵνα
2857 2372 2951 2423 καὶ
3005 2371 3065 2422 τὸ
3095 2366 3233 2424 εἶναι
3269 2368 3490 2439 κτίστην
3542 2366 3639 2419 τὸν

2065 2459 2196 2515 Θεὸν
2243 2461 2609 2532 ἀρνήσωνται,
2662 2461 2756 2513 καὶ
2806 2458 2989 2513 λοιπὸν
3037 2458 3173 2530 μετά
3206 2457 3521 2528 Μανιχαίων
3550 2473 3645 2508 κυ-

2064 2555 2303 2608 λίωνται.
2327 2556 2390 2607 Εἰ
2438 2554 2494 2607 δὲ
2522 2553 2677 2608 ταῦθ’
2708 2552 3023 2624 ὑπερϐαίνει
3055 2553 3087 2622 ἡ
3123 2552 3253 2621 περὶ
3284 2547 3416 2603 Θεοῦ
3440 2547 3640 2611 ἔννοια,

2066 2647 2160 2699 καὶ
2185 2646 2344 2717 μόνον
2378 2664 2459 2709 τις
2507 2645 2744 2709 ἀκούσας
2770 2644 3012 2697 πιστεύει
3056 2642 3147 2696 καὶ
3171 2638 3327 2706 οἶδεν,
3375 2641 3456 2693 ὅτι
3489 2638 3643 2692 ἐστὶν

2066 2738 2162 2808 οὐχ
2189 2738 2263 2801 ὡς
2289 2741 2448 2808 ἡμεῖς
2470 2741 2655 2808 ἐσμεν,
2685 2737 2799 2791 ἔστι
2830 2736 3010 2807 μέντοι
3049 2734 3124 2797 ὡς
3153 2733 3305 2797 Θεὸς,
3336 2732 3429 2785 καὶ
3463 2730 3643 2796 κτίζει

2067 2830 2163 2899 οὐχ
2183 2829 2257 2892 ὡς
2281 2829 2554 2901 ἄνθρωποι
2577 2828 2840 2893 κτίζουσι,
2856 2828 3025 2892 κτίζει
3057 2827 3237 2897 μέντοι
3260 2825 3334 2888 ὡς
3356 2822 3637 2890 Θεός(59)·

2065 2920 2240 2990 δῆλον,
2259 2922 2341 2975 ὅτι
2378 2921 2471 2974 καὶ
2499 2922 2661 2992 γεννᾷ
2677 2921 2773 2990 οὐχ
2805 2920 2880 2984 ὡς
2908 2919 3175 2989 ἅνθρωποι
3204 2915 3449 2986 γεννῶσι,
3474 2914 3646 2983 γεννᾷ

401 3031 509 3086 que
548 3016 754 3071 clarum
790 3023 872 3070 est
889 3030 1011 3069 eum
1038 3015 1289 3085 gignere,
1315 3029 1424 3068 non
1450 3021 1507 3067 ut
1530 3013 1759 3083 gignunt
1782 3015 1961 3069 homi-

2088 3011 2252 3064 ιέντοι
2273 3012 2349 3074 ὡς
2366 3011 2515 3077 Θεόςσ
2549 3013 2609 3065 οὐ
2627 3012 2733 3084 γὰρ
2753 3014 2781 3065 6
2795 3011 2925 3075 Θεὸς
2942 3011 3222 3080 ἄνθρωπον
3243 3010 3486 3079 μιμεῖται
3502 3006 3637 3075 (55)·
3655 3052 3662 3063 .

404 3123 523 3173 nes,
559 3106 653 3161 sed
677 3113 735 3159 ut
759 3105 930 3175 gignit
957 3104 1122 3160 Deus.
1149 3103 1335 3174 Neque
1357 3104 1501 3159 enim
1525 3102 1668 3160 Deus
1682 3105 1957 3160 hominem

405 3199 692 3254 imitatur:
726 3197 821 3252 sed
866 3196 1045 3266 potius
1089 3197 1337 3251 homines
1378 3206 1597 3266 propter
1632 3196 1833 3264 Deum,
1875 3198 1968 3268 qui

402 3287 624 3358 proprie
645 3295 699 3342 et
727 3286 877 3342 solus
910 3301 1031 3340 vere
1070 3284 1230 3340 Pater
1259 3287 1343 3340 sui
1380 3285 1553 3354 ipsius
1578 3283 1701 3339 Filii
1725 3295 1827 3351 est,
1875 3301 1969 3354 pa-

405 3391 515 3436 tres
539 3395 757 3449 quoque
783 3393 1007 3433 suorum
1043 3377 1338 3432 liberorum
1366 3385 1494 3432 sunt
1528 3377 1803 3447 appellati.
1830 3375 1966 3432 Nam

405 3488 473 3527 ex
506 3473 626 3541 ipso
660 3471 829 3525 omnis
858 3471 1148 3541 paternitas
1178 3471 1233 3522 in
1262 3469 1406 3524 caelis
1447 3479 1496 3524 et
1522 3470 1576 3524 in
1609 3480 1752 3523 terra
1792 3471 1966 3523 uomi-

406 3571 567 3616 natur
601 3563 668 3616 “.
721 3560 795 3615 Ea
835 3577 999 3632 porro
1041 3577 1162 3630 quae
1205 3562 1394 3616 dicunt
1440 3561 1552 3628 illi,
1594 3561 1639 3615 si
1686 3576 1845 3615 nemo
1876 3577 1971 3615 ex-

409 3651 673 3721 penderit,
709 3653 1000 3721 prudenter
1041 3653 1421 3722 sapienterque
1462 3652 1608 3707 dicta
1654 3667 1776 3707 esse
1821 3650 1963 3706 forte

406 3741 677 3795 videbitur
703 3757 717 3793 :
754 3749 810 3794 at
835 3740 879 3794 si
909 3742 1033 3811 quis
1064 3757 1129 3796 ea
1155 3742 1366 3795 ratione
1389 3741 1802 3805 examinaverit,
1837 3741 1970 3795 nihil

2065 3102 2200 3155 ἀλλά
2231 3102 2429 3174 μᾶλλον
2467 3106 2515 3157 oi
2558 3103 2832 3175 ἄνθρωποι
2877 3102 2963 3156 διὰ
3011 3103 3102 3155 τὸν
3146 3099 3276 3152 Θεὸν
3305 3098 3508 3168 κυρίως
3545 3095 3644 3149 καὶ

2076 3193 2234 3263 μόνον
2291 3194 2505 3266 ἀληθῶς
2554 3194 2682 3248 ὄντα
2735 3194 2952 3264 Πατέρα
3000 3192 3093 3246 τοῦ
3126 3189 3317 3244 ἑαυτοῦ
3363 3189 3515 3251 Υίοῦ,
3547 3188 3646 3240 καὶ

2073 3288 2226 3340 αὐτοὶ⁹
2272 3287 2504 3357 πατέρες
2537 3287 2928 3359 ὠνομάσθησαν
2958 3285 3064 3339 τῶν
3099 3285 3242 3338 ἰδίων
3282 3284 3507 3336 τέκνων.
3552 3279 3644 3347 Ἐξ

2073 3380 2234 3433 αὑτοῦ
2283 3380 2390 3452 γὰρ
2443 3380 2609 3435 πᾶσα
2636 3379 2850 3448 πατριὰ
2875 3380 2944 3433 ὲν
2976 3377 3250 3445 οὐρανοῖς
3280 3368 3376 3427 καὶ
3396 3373 3492 3426 ἐπὶ
3530 3371 3645 3441 γῆς

2073 3472 2432 3542 ὀνομάζεται.
2465 3474 2573 3529 Ka‘t
2597 3473 2632 3528 ἃ
2659 3473 2961 3542 λέγουσιδὲ,
2985 3471 3077 3523 ἐὰν
3104 3468 3429 3532 ἀνεξέταστα
3460 3466 3644 3537 μείνῃ.

2073 3557 2149 3621 ὡς
2174 3562 2456 3634 εἰρηκότες
2469 3580 2521 3615 τι
2554 3562 2811 3634 φρόνιμον
2839 3559 3161 3630 νομίζονται*
3201 3559 3294 3610 ὲάν
3320 3555 3375 3609 δέ
3401 3572 3483 3617 τις
3506 3554 3642 3608 αὐτὸ

2073 3655 2307 3724 λογικῶς
2358 3654 2604 3727 ἐξετάσῃ,
2658 3653 2824 3706 πολὺν
2859 3650 3239 3727 εὑρεθήσονται
3289 3647 3502 3721 γέλωτα
3551 3645 3641 3699 καὶ

2076 3744 2378 3816 χλευασμὸν
2407 3744 2841 3812 ⁴Βφλισκάνοντες.
3073 3741 3076 3744 ’

408 3835 529 3910 illos
557 3837 678 3891 inde
704 3837 807 3890 nisi
833 3836 1001 3891 risum
1030 3838 1256 3892 multum
1311 3847 1364 3891 et
1384 3846 1754 3905 contemptum
1809 3836 1913 3892 sibi
1952 3840 2269 3896 conciliasse
2300 3840 2613 3910 eomperict.

477 3950 567 4004 9.4.
615 3947 861 4019 Namque
908 3952 1080 4020 prima
1125 3951 1339 4004 illorum
1394 3950 1744 4020 interrogatio
1800 3951 1965 4005 stulta

412 4040 656 4111 profecto
687 4041 1001 4110 incertaque
1037 4050 1139 4097 est.
1166 4040 1275 4097 Nec
1306 4041 1452 4095 enim
1487 4040 1728 4096 indicant
1759 4057 1864 4111 qua
1901 4041 1970 4096 de

412 4146 472 4185 re
506 4131 861 4201 interrogent,
899 4141 957 4186 ut
998 4132 1364 4201 interrogatus
1397 4142 1560 4201 queat
1598 4133 1930 4201 respondere
1953 4173 1970 4198 ,

412 4219 504 4274 sed
528 4221 775 4274 absolute
806 4221 976 4287 aiunt,
1007 4219 1147 4275 Num
1173 4222 1389 4291 quiest,
1416 4238 1540 4277 eum
1571 4223 1665 4294 qui
1698 4240 1805 4279 non
1833 4234 1970 4290 erat,

411 4318 518 4365 etc.
552 4310 686 4377 Quis
714 4326 842 4381 ergo
874 4311 962 4364 ille
995 4322 1080 4367 est
1102 4311 1194 4382 qui
1223 4322 1326 4377 est,
1360 4322 1414 4368 et
1446 4329 1568 4384 quae
1597 4322 1724 4369 sunt
1756 4331 1817 4370 ea
1849 4332 1973 4387 quae

517 4429 565 4461 ⁷ο
603 4427 762 4482 Rom.
802 4444 839 4490 t,
871 4428 961 4483 25.
1061 4429 1106 4461 τί
1134 4427 1334 4499 Ephes.
1374 4446 1459 4496 tu,
1498 4431 1586 4489 15.

2141 3954 2231 4009 24.
2267 3955 2486 4026 Πρῶτον
2519 3955 2614 4025 μὲν
2641 3953 2747 4024 γὰρ
2789 3954 2822 4024 ἡ
2857 3952 3047 4023 πρώτη
3092 3954 3183 4006 καὶ
3210 3952 3429 4024 τοιαύτη
3465 3951 3645 4005 αὐτῶν

2076 4047 2340 4119 ἐρώτησίς
2366 4050 2480 4100 ἐστι
2505 4046 2663 4119 μωρά
2688 4048 2780 4100 καὶ
2825 4047 3013 4117 ἄδηλος
3045 4046 3177 4118 (54).
3206 4046 3279 4101 Οὐ
3313 4045 3417 4117 γάρ
3449 4030 3637 4115 σημαι-

2078 4154 2225 4191 νουσι
2256 4138 2382 4208 περ),
2412 4137 2553 4200 τινος
2589 4135 2963 4200 πυνθάνονται,
2992 4137 3078 4188 ἵνα
3128 4136 3219 4189 καὶ
3240 4137 3267 4187 6
3295 4132 3645 4205 ἐρωτώμενος

2079 4228 2459 4299 ἀποκρίνηται’
2510 4227 2623 4282 ἀλλ’
2671 4226 2853 4291 ἁπλῶς
2903 4228 3170 4296 λέγουσιν,
3235 4228 3293 4280 '0
3317 4226 3392 4279 ὢν
3423 4225 3513 4278 τὸν
3572 4226 3646 4307 μη

2078 4317 2224 4372 ὄντα.
2276 4318 2372 4384 Τίς
2403 4315 2494 4373 οὖν
2547 4317 2660 4390 (55)
2686 4320 2716 4372 6
2760 4318 2855 4385 ὢν,
2890 4321 2983 4375 καὶ
3011 4320 3132 4372 τίνα
3159 4319 3227 4372 τὰ
3283 4318 3357 4390 μὴ
3413 4316 3564 4382 ὄντα,
3603 4311 3647 4371 ὦ

484 4569 616 4649 (45)
639 4569 730 4649 Si_c
763 4568 1100 4649 Seguerian_.,
1126 4572 1341 4649 Gobler.
1374 4583 1427 4649 et
1454 4573 1597 4649 Eelc.
1631 4575 1681 4649 1⁸.
1711 4573 1852 4649 Editi
1881 4591 1968 4649 an.

2088 4573 2410 4649 ἀκουόντων.
2447 4570 2627 4649 ξιῖἀὶιὶ,Δ
2643 4573 2731 4649 ἵνα
2752 4572 2923 4649 οὕτως
2953 4573 3044 4649 καί
3070 4572 3221 4644 παρά
3248 4572 3356 4627 τῶν
3382 4573 3645 4627 ἀκόντων.

417 4640 546 4715 teli},
581 4640 932 4715 8506313630:
964 4644 1019 4693 ὲν
1047 4642 1349 4715 ὁμοιώματι
1375 4645 1581 4707 εἰκόνος
1610 4644 1864 4715 φθαρτῶν
1888 4648 1983 4698 ἀν-

414 4710 665 4797 θρώπων.
698 4710 830 4764 Ibid.
865 4710 1232 4780 Seguerian.,'
1252 4713 1385 4837 μηδὲ
1432 4710 1825 4784 ἀποκρίνασθαι
1847 4716 1983 4788 πρὸς

413 4799 482 4856 τα
526 4797 718 4834 ταυτα.
766 4778 984 4836 Gobler.
1027 4791 1081 4836 et
1129 4780 1367 4839 Felcwn.
1417 4785 1467 4848 ὦ,
1520 4785 1641 4856 μηδ’
1684 4785 1982 4856 ἀποκρίνα-

417 4852 729 4991 σθῗιὶέἰῗιὲἷο
757 4918 1141 4991 Seguerianus.
1163 4921 1302 4976 Editi
1332 4938 1479 4989 vero,
1514 4923 1615 4977 κᾶν
1640 4924 1830 4989 οὕτως.
1857 4926 1978 4981 Mox

418 4990 1149 5060 SeguerianusLGoblerian.
1194 5002 1248 5046 et
1280 4991 1517 5047 Felckm.
1546 4994 1597 5058 5,
1639 4996 1732 5047 καὶ
1765 4999 1822 5049 ἐν
1852 4996 1987 5059 ξτού-

414 5053 528 5123 τοις
552 5058 767 5122 αὐτούς.
792 5053 952 5122 Editi,
980 5063 1072 5115 καὶ
1100 5062 1158 5117 ὲν
1193 5061 1398 5125 τούτοις
1430 5053 1632 5127 αὐτοῖς.

489 5129 598 5200 (47)
640 5128 733 5200 Sic
775 5128 1116 5195 Seguerian.,
1148 5131 1361 5187 Gobler.
1390 5142 1442 5187 et
1472 5133 1613 5187 Felc.
1644 5132 1693 5188 1.
1738 5133 1793 5188 In
1827 5136 1988 5192 editis

417 5199 596 5271 autem
636 5199 694 5252 δέ
729 5210 852 5270 post
887 5200 1016 5261 ἔδει,
1045 5210 1098 5255 et
1143 5203 1239 5256 καί
1270 5211 1390 5271 post
1423 5203 1616 5265 αὐτούς
1658 5204 1827 5260 deest.
1883 5207 1989 5259 [bi-

414 5269 809 5343 demJS‘egnerv
839 5271 1240 5343 ἀρχιτέκτονας.
1270 5269 1582 5341 Anglicum,
1609 5274 1984 5343 ἀρχιτέκτονα.

488 5339 599 5410 (48)
634 5338 724 5393 Sic
765 5338 1084 5408 Seguerian.
1120 5343 1190 5396 At
1210 5343 1300 5396 alii
1326 5338 1384 5396 ei
1403 5342 1531 5396 editi
1574 5338 1829 5398 onii't'tunt
1853 5347 1982 5398 ὑπο-

417 5408 886 5550 κεῖιῖξῖηὲὸεζιιβιη
904 5481 996 5532 καὶ
1017 5479 1123 5550 ἔδει
1145 5479 1392 5550 ἕκαστον·
1418 5479 1633 5535 ῧοὺιθτο
1654 5489 1707 5534 Ct
1735 5479 1982 5550 Seguer.,

415 5550 511 5671 ἒαὲ
536 5548 642 5601 ἔδει
673 5551 769 5602 καὶ
787 5548 1033 5602 ἕκαστον.
1062 5549 1195 5603 Ibid.
1220 5550 1346 5604 editi
1376 5551 1632 5604 mendose
1657 5548 1854 5606 habent
1878 5553 1982 5607 τῶν

454 5637 480 5671 ν
520 5635 720 5671 οωπον.

488 5635 511 5670 υ
554 5637 598 5669 ω
707 5657 720 5671 .

488 5635 732 5757 (ἔξωπξῖυ
778 5686 1122 5757 Seguerian.,
1166 5689 1252 5741 ubi
1299 5697 1351 5742 et
1384 5703 1572 5743 omnes
1614 5707 1744 5746 mss.
1784 5690 1984 5747 habent

2089 4645 2209 4701 Mox
2246 4643 2587 4713 Seguerian.,
2613 4644 2706 4698 ἐὰν
2736 4644 2831 4713 μὲν
2859 4643 3179 4697 ἀκούσωσιν.

2158 4713 2269 4784 (5i)
2313 4713 2404 4768 Sic
2447 4712 2831 4784 Segneriantts,
2874 4712 3190 4784 AGoblerian.
3240 4721 3295 4767 et
3323 4712 3559 4768 Felckm.
3597 4715 3646 4769 1.

2087 4780 2400 4852 Βεὶζηῖιωη
2446 4781 2610 4835 Basil.
2653 4791 2706 4835 et
2751 4781 2986 4852 Felrkm.
3038 4780 3091 4844 5,
3149 4784 3349 4837 habent
3403 4784 3647 4846 ἑαυτούς.

2085 4851 2250 4924 Editi,
2281 4854 2360 4924 εζς
2384 4853 2581 4924 αὐτοὺς
2611 4853 2708 4924 μὲν
2741 4851 3157 4924 ἀποϐλέποντες.

2159 4922 2271 4993 (52)
2313 4920 2652 4993 seguerrianl,
2687 4920 2859 4984 κτίζει
2877 4921 2947 4993 δὲ,
2979 4923 3053 4993 (bc;
3074 4921 3232 4993 Θεός.
3267 4920 3466 4977 Ibidem
3502 4920 3647 4977 Basi-

2085 4990 2268 5063 liens.,
2299 4992 2455 5063 δῆλον
2478 4992 2577 5046 ὃτι.
2608 4992 2713 5045 Alii
2738 5003 2803 5063 _et
2826 4991 2987 5063 editi,
3004 4990 3268 5063 δηλονότι.

2160 5062 2271 5134 (55)
2297 5058 2657 5134 ,S'esuerianu
2699 5058 2897 5134 of»in
2920 5058 3372 5134 Θεὸςάγβρωπον
3408 5061 3650 5134 μεμίμη-

2086 5129 2197 5185 ται.
2235 5129 2367 5186 Ibid.
2397 5129 2627 5186 ’Gobler.
2669 5141 2723 5186 et
2761 5129 2994 5184 FeICkm.
3031 5129 3081 5200 1,
3114 5129 3247 5184 ἀλλά
3286 5133 3379 5185 καὶ
3411 5129 3651 5200 μᾶλλον.

2090 5202 2365 5271 [idemque
2407 5211 2461 5256 et
2505 5202 2752 5272 Seguer.,
2794 5200 2883 5272 δια
2913 5200 3002 5272 τὸν
3030 5199 3453 5272 ΔΘεόν.78‹ιειιιιιέ.
3494 5200 3652 5259 ibid..

2092 5273 2183 5325 τὸν
2217 5268 2436 5342 κυρίως,
2469 5268 2880 5342 etc—Editi,
2906 5269 2966 5322 τὸ
2995 5269 3093 5342 τὸν
3115 5270 3265 5342 Θεόν.

2161 5339 2405 5411 (54)’5ίο
2460 5341 2681 5410 Seguer.
2718 5339 2856 5411 Editi
2892 5339 3097 5411 retualii
3144 5341 3398 5411 omittunt
3453 5339 3653 5411 αύτῶν.

2090 5408 2387 5533 ligidkmss.
2416 5408 2603 5466 οιιιιιὶτε
2629 5409 2789 5481 μωρά
2820 5410 2913 5465 καὶ
2941 5408 3151 5479 ἄδηλος.
3182 5409 3344 5476 Editi,
3378 5408 3535 5480 μωρά
3564 5412 3654 5463 καὶ

2090 5498 2114 5533 ε
2153 5498 2214 5533 οη
2249 5498 2325 5533 ος.

2088 5498 2325 5544 ευοηΛος.

2163 5499 2401 5620 (ἒέῗςὲὶυ
2450 5550 2835 5620 Seguerianus,
2886 5548 3041 5620 1303.,
3080 5548 3311 5619 Anglic,
3361 5547 3654 5602 Goble'r.el

2093 5617 2327 5676 Feb-km.
2373 5621 2392 5680 1
2426 5631 2479 5675 et
2602 5622 2655 5673 in
2690 5621 2846 5676 editis
2871 5617 3162 5675 oﬁvﬁdeest.
