3850 6218
203 327 265 384 6|
1319 339 1576 399 ORATIO
1614 343 1634 398 l
1668 344 1947 401 CONTRA
1985 348 2308 408 ARIANOS.
3357 355 3440 410 62'

215 449 483 540 ’Λρειανοί
500 450 641 520 (56);
674 453 745 508 Ἣ
775 452 856 520 τίς
883 457 912 510 6
932 456 1028 521 ὢν,
1064 459 1251 524 καὶτίς
1279 462 1308 512 6
1339 462 1523 534 μὴ’ὣν,
1546 464 1767 519 καὶτίνα

1875 482 1980 522 non
2006 479 2183 534 erant,
2227 485 2263 524 ο
2292 469 2512 525 Ariani?
2554 470 2688 537 Quis
2725 470 2814 525 ille
2843 477 2928 525 est
2962 469 3054 540 qui
3095 477 3198 533 est,
3240 469 3435 537 quisve

203 537 418 607 λέγεται
439 541 584 607 ὄντα,
618 543 651 614 ἢ
686 546 759 616 μὴ
797 546 960 614 6ντα;
995 549 1228 604 Δυνατὸν
1256 552 1364 623 γὰρ
1395 554 1486 606 καὶ
1514 555 1607 608 τὸν
1642 555 1769 609 ὄντα

205 633 380 684 ποιεῖν
405 635 498 686 καὶ
528 636 596 688 τὰ
630 636 706 707 μὴ
734 637 864 691 ὄντα
896 640 991 693 καὶ
1021 640 1092 693 τὰ
1124 641 1253 697 ὅντα
1289 644 1381 697 καὶ
1413 644 1482 697 τὰ
1511 647 1766 717 προόντα.

204 722 424 777 Τέκτων
453 726 583 793 γοῦν
608 731 702 782 καὶ
732 733 1021 804 χρυσοχόος
1051 736 1145 789 καὶ
1177 738 1449 806 κεραμεὺς
1477 737 1575 809 τὴν
1606 734 1769 794 οὖσαν

203 813 299 866 καὶ
336 815 445 886 πρὸ
472 818 650 872 αὐτῶν
684 823 1055 893 τυγχάνουσαν
1085 824 1214 897 ὓλην
1230 826 1457 890 ἕκαστος
1484 829 1626 881 κατὰ
1671 831 1759 900 τὴι

207 904 346 959 ἰδίαν
390 908 583 980 τέχνην
624 912 932 983 ἐργάζεται,
988 915 1154 969 ποιῶν
1199 915 1236 969 ἃ
1286 914 1533 985 βούλεται
1577 917 1763 988 σκεύη·

203 998 368 1061 αὐτὸς
404 1000 462 1053 δὲ
491 1002 522 1053 6
564 1002 670 1056 τῶν
709 1006 844 1058 ὅλων
889 1006 1038 1070 Θεὸς,
1081 1008 1170 1060 τὸν
1206 1007 1333 1060 ὅντα
1362 1009 1456 1061 καὶ
1483 1009 1770 1079 γενόμενον

205 1088 308 1158 ἤδη
340 1093 469 1161 παρ’
500 1093 666 1146 αὑτοῦ
699 1095 825 1164 χοῦν
858 1098 921 1149 ἐκ
957 1097 1059 1167 γῆς
1081 1095 1262 1151 λαϐὼν
1302 1096 1522 1151 πλάττει
1556 1098 1646 1152 τὸν
1674 1100 1768 1154 ἄν·

206 1179 447 1250 θρωπονο
487 1186 578 1237 καὶ
610 1185 720 1257 (57)
755 1187 925 1257 αὐτὴν
973 1190 1155 1258 μέντοι
1182 1188 1280 1260 τὴν
1312 1191 1437 1259 γῆν,
1467 1191 1567 1244 οὐκ
1605 1187 1768 1246 οὖσαν

205 1270 489 1359 πρότερον,
507 1271 730 1344 ὕστερον
759 1277 837 1339 είς
860 1274 920 1329 τὸ
946 1273 1082 1330 εἶναι
1116 1277 1378 1348 πεποίηκε
1409 1279 1496 1332 διὰ
1523 1279 1614 1332 τοῦ
1643 1279 1768 1332 ἰδίου

203 1359 398 1428 Λόγου.
435 1362 499 1414 Ei
531 1364 633 1433 μὲν
677 1360 772 1419 οὖν
822 1366 963 1420 οὕτω
1004 1368 1382 1430 πυνθάνονται,
1417 1369 1573 1439 δῆλόν
1600 1372 1766 1434 ἐστιν,

202 1453 279 1516 ὡς
310 1456 344 1525 ἡ
385 1455 483 1524 μὲν
508 1457 682 1520 κτίσις
700 1458 797 1510 οὐκ
819 1453 907 1529 ἦν,
944 1459 1073 1530 πρὶν
1100 1458 1320 1529 γένηται
1355 1459 1486 1529 (58),
1519 1462 1566 1512 οἱ
1595 1461 1651 1514 δὲ
1674 1462 1770 1515 ἄν·

203 1542 412 1613 ορωποι
440 1545 539 1615 τὴν
567 1544 730 1599 οὖσαν
752 1545 883 1619 ὓλην
912 1548 1324 1620 ἐπεργάζονται,
1349 1551 1442 1602 καὶ
1473 1550 1771 1615 ἀσύστατος

204 1635 385 1689 αὐτῶν
405 1637 434 1688 6
465 1637 621 1706 λόγος
653 1641 973 1709 φανήσεται,
1011 1640 1308 1711 γινομένων
1341 1640 1433 1694 καὶ
1463 1640 1649 1703 ὄντων,
1685 1659 1769 1711 γι-

1870 560 1960 614 ille
2008 560 2101 630 qui
2154 575 2263 615 non
2323 563 2472 616 erat?
2531 560 2786 628 Quaenam
2835 576 2958 617 esse
3019 560 3274 614 dicuntur
3343 561 3428 613 vel
3510 602 3520 643 ἱ

1869 665 1979 704 non
2039 652 2194 706 esse?
2232 650 2366 706 Nam
2406 652 2499 722 qui
2546 661 2656 717 est,
2692 652 2868 707 facere
2922 660 3096 721 potest
3139 662 3253 705 tum
3307 664 3430 717 qua:
3510 672 3521 699 ι

1869 756 1978 797 non
2020 753 2165 804 sunt,
2222 753 2334 798 tum
2369 759 2489 813 quas
2535 752 2681 808 sunt,
2737 753 2850 797 tum
2890 743 3052 797 etiam
3110 755 3231 810 quae
3278 742 3431 810 prius
3515 751 3518 754 '

1868 841 2046 890 erant.
2112 833 2387 904 Siquidem
2444 833 2613 900 faber,
2675 833 2883 887 aurifex
2937 842 2990 887 et
3035 833 3268 904 ﬁgulus,
3330 846 3433 900 pro

1872 939 1970 979 sua
2042 925 2242 994 singuli
2301 925 2519 994 propria
2573 915 2728 989 arte,
2794 925 3021 978 materia
3073 923 3205 993 ipsis
3272 924 3441 991 prius

1868 1014 2160 1069 exsistente
2206 1024 2449 1079 utuntur,
2485 1024 2540 1069 et
2570 1031 2690 1084 quae
2719 1015 2903 1069 volunt
2946 1030 3071 1068 vasa
3110 1014 3318 1084 fingunt
3360 1028 3439 1065 ex.

1873 1119 1954 1159 ea.
1980 1105 2097 1175 lpse
2119 1116 2296 1161 autem
2320 1107 2697 1161 universorum
2722 1106 2860 1160 Deus
2886 1148 2902 1172 ,
2925 1107 3144 1176 pulvere
3161 1145 3175 1167 ,
3200 1105 3421 1174 quijam

1872 1197 2195 1267 erat.338
2209 1213 2483 1267 quemque
2504 1199 2853 1267 produxerat,
2898 1212 2928 1251 e
2965 1206 3105 1251 terra
3126 1204 3431 1264 assumpto,

1874 1288 2146 1342 hominem
2195 1289 2491 1344 formavit:
2537 1304 2721 1344 verum
2787 1290 2927 1343 hanc
2977 1288 3148 1357 ipsam
3205 1295 3423 1350 terram,

1872 1395 1995 1449 quae
2028 1380 2245 1450 quidem
2273 1382 2425 1451 prius
2449 1396 2555 1435 non
2577 1391 2714 1446 erat,
2743 1396 2839 1451 per
2866 1380 3142 1449 proprium
3169 1379 3284 1447 ipse
3300 1376 3429 1431 Ver-

1873 1470 2023 1536 bum,
2057 1482 2116 1524 ut
2143 1479 2287 1525 esset
2311 1470 2457 1525 fecit.
2483 1470 2540 1525 Si
2568 1472 2732 1542 igitur
2760 1472 2864 1526 ista
2896 1471 2973 1523 illi
3000 1470 3302 1539 inquirunt,
3332 1482 3426 1536 pa-

1869 1559 1976 1614 lam
2007 1569 2091 1615 est
2135 1576 2223 1615 res
2254 1571 2465 1616 creatas
2502 1577 2607 1615 non
2655 1561 2825 1616 fuisse
2857 1570 3149 1630 antequam
3195 1559 3423 1621 ﬁerent,

1871 1647 2225 1719 hominesque
2254 1651 2331 1704 uti
2372 1652 2596 1705 materia
2631 1666 2750 1720 quae
2778 1651 2891 1720 jam
2938 1652 3010 1705 sit
3047 1668 3060 1704 :
3097 1664 3161 1704 ac
3204 1649 3427 1714 proinde

203 1726 447 1795 νομένων
471 1728 663 1799 καὶμὴ
707 1728 873 1783 ὄντων
916 1730 1048 1799 (59),
1101 1729 1287 1802 ὥσπερ
1328 1730 1579 1801 εἴπαμεν.
1612 1733 1675 1785 Εἰ
1714 1731 1767 1785 δὲ

1875 1739 2019 1793 nulla
2054 1741 2157 1795 erit
2185 1741 2400 1795 illorum
2430 1741 2589 1805 ratio,
2621 1756 2744 1794 cum
2768 1751 2822 1794 et
2853 1741 2985 1794 fiant
3011 1755 3072 1793 ea
3118 1754 3238 1808 qum
3262 1747 3424 1800 sunt,

206 1818 335 1888 περὶ
367 1818 503 1872 Θεοῦ
537 1820 631 1873 καὶ
674 1820 769 1873 τοῦ
796 1821 969 1890 Λόγου
1019 1821 1182 1874 αὑτοῦ
1216 1822 1453 1887 λαλοῦσι,
1490 1823 1767 1894 προστιθέ-

1875 1839 1926 1882 et
1949 1843 2012 1884 ea
2043 1830 2292 1885 similiter
2323 1831 2455 1886 fiant
2485 1847 2606 1900 qua:
2639 1847 2745 1886 non
2777 1840 2950 1893 erant,
2991 1845 3057 1885 eo
3088 1803 3276 1898 nempe
3314 1843 3442 1898 quo-

201 1925 384 1961 τωσαν
429 1910 500 1964 τὰ
555 1911 846 1983 λειπόμενα
889 1912 998 1983 (60)
1043 1916 1109 1984 τῇ
1162 1915 1444 1985 ἐρωτήσει,
1478 1914 1571 1966 καὶ
1601 1912 1771 1979 οὕτως

200 1998 582 2068 ἑρωτάτωσανο
625 2002 681 2055 ’0
724 2000 798 2055 ὢν
826 2002 956 2066 Θεὸς
989 1998 1057 2074 ἦν
1086 2020 1214 2056 ποτε
1247 2003 1467 2071 άλογος;
1501 2006 1615 2068 καὶ,
1651 2004 1770 2069 Φῶς

200 2087 299 2148 ὢν,
336 2091 581 2162 ἀφεγγὴς
609 2087 711 2163 ἦν;
744 2092 798 2162 ἧ,
832 2094 942 2146 Ἀεὶ
963 2089 1030 2163 ἦν
1050 2093 1141 2147 τοῦ
1174 2093 1347 2161 Λόγου
1371 2095 1587 2165 Πατήρ;
1613 2095 1645 2165 ἢ
1676 2095 1770 2148 καὶ

200 2179 365 2232 πάλιν
409 2180 599 2244 οὔτως⁵
644 2182 699 2235 Ὀ
735 2183 811 2234 ὢν
842 2182 1028 2255 Πατὴρ
1071 2183 1159 2236 τὸν
1203 2185 1371 2252 Λόγον
1416 2184 1489 2255 μὴ
1517 2185 1645 2238 ὄντα
1671 2202 1768 2238 πε-

198 2270 451 2338 ποίηκεν,
503 2271 535 2342 ἢ
568 2272 657 2324 τὸν
687 2272 857 2342 Λόγον
891 2273 1017 2327 τδιον
1065 2274 1192 2327 ὄντα
1236 2274 1335 2344 τῆς
1375 2275 1563 2337 οὐσίας
1605 2273 1768 2328 αὐτοῦ

196 2359 447 2430 γέννημα
471 2361 582 2432 ἔχει
610 2363 696 2415 ἀεὶ
725 2364 820 2416 σὺν
847 2364 1022 2435 αὐτῷ,
1055 2365 1142 2418 ἵνα
1172 2365 1505 2433 γνωσοῶσιν,
1525 2367 1606 2419 ὅτι
1633 2366 1769 2429 ὅλως

196 2451 330 2522 περὶ
356 2451 490 2505 Θεοῦ
517 2452 626 2523 (61)
662 2455 755 2507 καὶ
783 2454 877 2508 τοῦ
900 2456 958 2521 ἐξ
990 2454 1154 2509 αὐτοῦ
1187 2456 1642 2528 περιεργάζονται
1671 2458 1765 2510 κα)¹

198 2541 513 2611 σοφίζεσθαι
550 2544 809 2615 τολμῶσι.
853 2545 947 2609 Τίς
970 2546 1076 2618 γὰρ
1103 2546 1356 2610 ἀνέξεται
1386 2548 1652 2616 λεγόντων
1673 2549 1768 2602 αύ-

199 2632 308 2684 τῶν
340 2633 533 2701 ἄλογόν
587 2652 716 2688 ποτε
770 2636 859 2689 τὸν
917 2637 1078 2701 Θεόν;
1111 2637 1277 2692 Πάλιν
1302 2637 1411 2711 γὰρ
1453 2642 1530 2703 είς
1577 2640 1767 2694 ταύτὸν

195 2732 313 2792 τοῖς
351 2731 632 2802 προτέροις
671 2733 1138 2803 περιπεπτώκασι,
1165 2733 1342 2787 καίτοι
1378 2733 1600 2804 φεύγειν
1639 2735 1768 2788 αὐτὸ

200 2820 293 2875 καὶ
309 2822 527 2875 σκέπειν
541 2824 933 2888 σπουδάσαντες
946 2827 1056 2888 τοῖς
1070 2824 1280 2879 ἑαυτῶν
1296 2825 1618 2896 σοφίσμασιν
1633 2824 1763 2897 (62)·

197 2912 315 2965 ἀλλ’
349 2913 409 2967 οὐ
441 2914 767 2985 δεδύνηνται.
803 2917 990 2980 Οὐδεὶς
1044 2915 1154 2989 γὰρ
1202 2916 1339 2980 ὅλως
1385 2916 1487 2971 κᾶν
1539 2915 1767 2971 ἀκοῦσαι

197 3005 475 3077 θελήσειεν
503 3008 945 3078 ἀμφιδαλλόντων
972 3010 1169 3073 αὐτῶν,
1202 3011 1282 3063 ὅτι
1315 3012 1343 3064 6
1370 3009 1502 3073 Θεὸς
1531 3010 1641 3080 (65)
1668 3010 1768 3063 ούκ

1869 1917 2106 1974 diximus
2136 1934 2320 1975 sensu.
2351 1919 2454 1974 Sed
2479 1921 2526 1976 si
2552 1921 2617 1975 de
2643 1919 2751 1973 Deo
2777 1919 3003 1990 ejusque
3025 1917 3201 1973 Verbo
3221 1930 3439 1972 sermo-

1869 2024 1992 2063 nem
2012 2010 2233 2074 habent,
2269 2011 2471 2066 addant
2502 2026 2622 2081 quae
2637 2012 2834 2065 desunt
2858 2025 2971 2065 suae
2994 2008 3425 2077 interrogationi,

1867 2116 2096 2172 eamque
2125 2102 2179 2155 in
2209 2104 2350 2157 hunc
2376 2104 2594 2158 modum
2618 2102 2845 2157 eﬂ‘crant
2869 2120 2883 2156 :
2913 2101 2995 2156 An
3025 2101 3117 2171 qui
3151 2109 3236 2156 est
3258 2099 3423 2166 Deus,

1869 2191 1974 2247 fuit
2014 2194 2306 2263 aliquando
2348 2194 2466 2249 sine
2508 2193 2731 2248 Verbo?
2767 2195 2848 2247 An
2891 2193 2983 2262 qui
3033 2193 3125 2246 lux
3159 2198 3264 2255 est,
3307 2192 3438 2246 sine

1868 2285 2152 2354 splendore
2197 2286 2349 2339 erat?
2386 2286 2490 2352 vel,
2530 2285 2613 2339 An
2644 2300 2856 2354 semper
2899 2284 3001 2338 fuit
3029 2282 3190 2338 Verbi
3229 2282 3439 2337 Pater?‘

1867 2384 1961 2430 aut
1988 2390 2179 2430 rursus
2209 2376 2311 2431 hoc
2342 2376 2526 2443 modo,
2556 2374 2693 2428 Num
2719 2376 2813 2444 qui
2840 2385 2923 2429 est
2952 2374 3131 2438 Pater,
3164 2372 3421 2439 Verbum,

1867 2475 1990 2515 cum
2020 2469 2176 2515 antea
2206 2475 2315 2514 non
2342 2468 2506 2524 esset,
2536 2459 2694 2513 fecit?
2737 2462 2929 2513 Annon
2954 2458 3135 2526 potius
3165 2455 3421 2521 Verbum,

1867 2553 1960 2622 qui
1993 2568 2105 2608 suae
2139 2563 2347 2607 naturae
2380 2552 2633 2621 proprius
2669 2562 2753 2607 est
2786 2550 2948 2616 fetus,
2988 2563 3170 2603 secum
3211 2563 3425 2617 semper

1869 2646 2066 2701 habet?
2096 2645 2171 2700 ita
2201 2645 2343 2699 enim
2374 2644 2716 2714 perspicuum
2747 2643 2869 2708 erit,
2897 2642 3020 2696 illos
3052 2641 3119 2695 de
3147 2638 3257 2692 Deo
3283 2647 3337 2693 et
3358 2638 3426 2692 de

1866 2753 1932 2794 eo
1958 2737 2051 2807 qui
2078 2752 2143 2791 ex
2174 2735 2286 2791 Deo
2304 2746 2405 2803 est,
2430 2736 2706 2790 curiosius
2731 2749 2892 2804 quam
2924 2749 3021 2802 par
3044 2741 3126 2787 est
3145 2731 3423 2799 indagare,

1867 2826 2174 2896 audereque
2230 2826 2593 2895 sophistarum
2658 2838 2810 2878 more
2873 2823 3169 2891 disputare.
3224 2818 3424 2889 Ecquis

1866 2915 2010 2969 enim
2047 2914 2167 2969 illos
2198 2913 2366 2969 Deum
2399 2914 2516 2968 sine
2538 2910 2768 2966 Ratione
2799 2925 2892 2965 seu
2927 2908 3105 2964 Verbo
3143 2908 3311 2963 fuisse
3343 2907 3421 2961 di-

1867 3014 2050 3060 centes
2083 3005 2255 3076 possit
2281 3003 2466 3059 ferre?
2492 3002 2739 3073 Namque
2764 3003 2951 3058 eodem
2978 3016 3041 3056 ac
3064 3015 3227 3070 supra
3253 2998 3425 3054 revol-

194 3092 267 3167 ἦν
288 3098 378 3151 ἀεὶ
394 3098 600 3170 Πατὴρ,
636 3099 750 3153 ἀλλ’
777 3099 1000 3172 ὕστερον
1023 3101 1262 3169 γέγονεν,
1307 3101 1394 3154 ἵνα
1424 3103 1519 3155 καὶ
1556 3118 1758 3171 φαντα-

1875 3103 2088 3162 runtur,
2143 3096 2356 3151 etiamsi
2403 3095 2517 3150 suis
2548 3094 2778 3165 argutiis
2827 3093 3111 3162 scopulum
3148 3092 3297 3146 hunc
3330 3105 3425 3144 co-

208 3187 415 3242 σθῶσιν
432 3230 449 3253 ,
477 3190 557 3243 ὅτι
594 3191 688 3244 καὶ
714 3193 742 3244 6
768 3191 937 3260 Λόγος
963 3191 1126 3244 αὐτοῦ
1162 3209 1291 3245 ποτε
1319 3192 1420 3245 οὐκ
1463 3187 1532 3263 ἦν
1560 3192 1767 3247 πολλῶν

197 3281 369 3333 ὅντων
392 3280 498 3334 τῶν
548 3282 957 3353 προειρημένων
1004 3284 1123 3337 κατ’
1159 3282 1335 3336 αὐτῶν
1378 3282 1632 3353 ἐλέγχων,
1672 3284 1766 3336 καὶ

194 3373 291 3426 τοῦ
312 3373 412 3444 μὲν
452 3374 694 3428 Ἰωάννου
713 3374 978 3443 λέγοντος,
1014 3371 1124 3429 Ἦν
1146 3377 1179 3429 ὁ
1213 3376 1400 3445 Λόγος
1427 3374 1562 3445 (64),
1595 3373 1687 3428 τοῦ
1709 3375 1766 3428 δὲ

200 3464 417 3519 Παύλου
454 3465 753 3537 γράφοντος
781 3466 961 3530 πάλιν,
1005 3469 1101 3533 Ὃς
1137 3465 1222 3521 ὢν
1251 3467 1617 3537 ἀπαύγασμα
1655 3467 1765 3536 τῆς

197 3555 405 3623 δόξης,
445 3557 559 3621 καὶ,
588 3558 648 3610 '0
665 3555 863 3611 ὢνέπὶ
887 3556 1126 3612 πάντων
1150 3558 1291 3624 Θεὸς
1321 3557 1646 3627 εὐλογητὸς
1676 3560 1764 3626 εις

199 3647 344 3714 τοὺς
370 3647 608 3715 αἰῶνας.
645 3647 851 3718 Ἀμήν.

1871 3198 2069 3244 nentur
2093 3189 2264 3243 vitare
2286 3196 2341 3244 et
2368 3188 2641 3243 occultare
2669 3206 2684 3242 :
2718 3187 2811 3243 sed
2837 3187 3054 3243 frustra.
3086 3183 3254 3240 Nemo
3278 3183 3423 3238 enim

1870 3281 1978 3337 illis
2008 3281 2089 3335 vel
2116 3280 2308 3336 saltem
2340 3295 2502 3334 aures
2532 3280 2774 3349 praebere
2792 3278 3025 3333 voluerit
3051 3275 3437 3332 contendenti-

1866 3374 1972 3428 bus
2024 3372 2189 3428 Deum
2244 3387 2352 3427 non
2388 3387 2601 3441 semper
2640 3370 2812 3427 fuisse
2840 3370 3079 3435 Patrem,
3111 3367 3203 3423 sed
3234 3374 3439 3436 postea.

1867 3465 2070 3521 factum
2099 3480 2240 3531 esse,
2288 3474 2347 3519 ut
2393 3464 2601 3520 scilicet
2641 3464 2767 3520 inde
2807 3463 3011 3533 fingant
3034 3461 3154 3531 ejus
3184 3457 3433 3514 Verbum

1868 3558 2161 3629 aliquando
2184 3572 2293 3611 non
2324 3555 2514 3611 fuisse.
2544 3555 2736 3621 Nemo,
2772 3556 3017 3624 inquam,
3052 3554 3168 3608 haec
3197 3566 3293 3607 eos
3313 3550 3426 3605 dis-

1865 3656 2116 3720 putantes
2165 3648 2430 3718 patienter
2466 3646 2716 3715 audierit,
2758 3662 2883 3701 cum
2927 3654 3145 3716 propter
3193 3642 3434 3713 plurima

198 3756 324 3809 qua
357 3756 522 3812 supra
555 3742 817 3797 adversus
854 3742 976 3796 illos
1012 3742 1172 3797 allata
1209 3750 1338 3797 sunt
1371 3750 1711 3812 argumenta,
1748 3751 1862 3798 tum
1895 3758 2017 3799 cum
2065 3742 2302 3798 Joannes
2351 3742 2528 3808 dicat,
2577 3740 2705 3793 Erat
2748 3739 2971 3794 Verbum
3000 3740 3078 3805 ⁷⁸,
3121 3748 3174 3793 et
3226 3736 3426 3790 Paulus

196 3832 429 3897 scribat,
465 3832 570 3896 Qui
615 3842 692 3886 est
723 3833 966 3902 splendor
996 3833 1179 3904 gloria:
1201 3834 1269 3899 ",
1308 3841 1363 3888 et
1400 3833 1507 3898 Qui
1537 3842 1616 3887 est
1651 3850 1806 3903 super
1842 3836 2019 3888 omnia
2047 3833 2184 3888 Deus
2215 3834 2513 3888 benedictus
2536 3836 2593 3886 in
2612 3831 2827 3886 secula.
2852 3834 3014 3885 Amen
3032 3830 3100 3885 ".

268 3928 362 3982 25.
398 3928 507 3980 Καὶ
540 3926 744 3998 βέλτιον
775 3923 842 3999 ἦν
875 3929 972 3998 μὲν
1005 3929 1201 3992 αὐτοὺς
1236 3929 1482 4000 ἠρεμεῖνο
1520 3928 1775 4000 ἐπειδὴδὲ

194 4019 260 4071 o6
292 4018 578 4084 παύονται,
606 4017 789 4072 λοιπὸν
828 4020 963 4091 πρὸς
994 4021 1094 4092 τὴν
1131 4020 1383 4091 τοιαύτην
1424 4020 1774 4090 ἀναίσχυντον

196 4109 467 4181 ἐρώτησιν
495 4109 673 4164 αὐτῶν
694 4110 849 4164 τοῦτο
879 4111 943 4165 ἄν
968 4129 1052 4174 τις
1074 4112 1270 4183 ἐπίσης
1295 4113 1477 4175 αὐτοῖς
1501 4111 1776 4182 τολμήσας

197 4202 642 4273 ἁντερωτήσειεν·
697 4202 826 4267 ἴσως
872 4204 937 4257 ἐκ
986 4203 1093 4257 τῶν
1147 4203 1346 4273 ὁμοίων
1399 4202 1766 4273 ἀτοπημάτων

199 4293 490 4364 βλέποντες
506 4294 728 4358 ἑαυτοὺς
752 4295 1216 4365 συγκλειομένους,
1232 4295 1643 4367 ἀναχωρήσουσι
1659 4292 1770 4363 (65)

194 4466 245 4501 ⁷³
281 4424 506 4525 Ιοειιι.ἰ.
576 4471 622 4503 ⁷³
658 4468 820 4526 Hebr.
856 4485 893 4525 ι.
970 4469 1017 4502 ⁷⁸
1057 4470 1380 4539 ιὶοιη.ιχ,,5.

271 4647 383 4720 (56)
405 4646 744 4721 Seguerian.,
856 4648 1269 4721 ’ᾼρειανοίςτίς
1299 4648 1328 4701 6
1359 4648 1435 4703 ὣν
1455 4649 1492 4721 *ἢ
1523 4650 1607 4721 τίς
1633 4652 1661 4704 6
1692 4650 1764 4721 μὴ
1800 4661 1842 4716 D

196 4717 312 4771 ὢν)
344 4719 439 4789 καὶ
458 4717 600 4789 τίνα
640 4717 723 4789 τά
754 4718 828 4789 μὴ
876 4717 1005 4775 ὄντα
1032 4719 1245 4786 λέγετε;
1279 4717 1510 4789 Δυνατὸν
1540 4720 1646 4789 γάρ
1675 4717 1764 4772 τὸν

197 4790 349 4842 ὄντα.
372 4787 589 4860 Gobler.
612 4799 664 4860 et
683 4786 925 4860 Felckm.
952 4790 1004 4854 1,
1031 4789 1124 4843 καὶ
1142 4789 1262 4860 τίνα
1284 4788 1470 4860 λέγετε
1494 4786 1570 4860 μὴ
1603 4786 1761 4860 (Syra;

197 4806 349 4842 οντα.
372 4806 589 4842 uomer.
612 4806 664 4841 et
683 4806 920 4843 relcxm.
952 4806 1004 4854 ι,
1031 4806 1124 4843 και
1142 4806 1262 4842 τινα
1285 4806 1470 4857 Λεγετε
1538 4806 1570 4860 η
1603 4806 1761 4853 οντα;

195 4857 434 4911 Δυνατὸν
464 4857 573 4927 γὰρ
603 4858 693 4910 τὸν
722 4858 870 4913 ὄντα.
900 4858 1110 4927 Anglic.
1135 4866 1189 4912 et
1217 4857 1454 4913 Felckm.
1490 4806 1535 4911 5
1568 4859 1766 4927 habent

196 4942 419 4998 quoque
462 4926 665 4994 λέγετε.
709 4928 840 4998 Reg.
894 4926 1041 4998 vero,
1086 4927 1351 4998 λέγονται.
1391 4926 1515 4981 Mox
1565 4926 1764 4998 Segue-

199 4997 373 5070 fiat}:
405 4999 574 5070 ποιεῖν
598 4999 691 5070 καὶ
715 4997 890 5070 eam
922 4997 1195 5070 ὄντι-κα)
1225 4997 1294 5070 τά
1332 4998 1586 5070 προόντα.

270 5066 384 5137 (57)
426 5065 738 5137 Seguerian.
784 5065 889 5121 καῖ’
915 5068 1135 5137 οιιιὶιιίι.
1164 5067 1336 5121 Paulo
1363 5065 1486 5137 post
1532 5066 1676 5121 Felc.
1707 5066 1760 5134 5,

198 5136 497 5207 πεποίηκεν
526 5138 554 5189 ὁ
588 5136 720 5201 Θεὸς
745 5137 832 5190 διὰ
869 5136 960 5192 τοῦ
984 5137 1124 5207 ίδίου
1156 5138 1350 5207 Λόγου.

270 5204 397 5275 (58)
448 5206 537 5260 Sic
597 5207 910 5277 Seguerian.
968 5204 1277 5277 Goblerian.
1353 5214 1425 5277 et,
1469 5204 1660 5277 Felck,
1708 5207 1761 5269 1,

196 5274 525 5347 Εὐξιὶξνετο,
558 5274 691 5347 πρὶν
725 5277 756 5347 ἢ
787 5277 1030 5347 γένηται.
1056 5275 1610 5347 Mox_Seguerian.ct
1632 5274 1761 5347 Reg.

196 5294 341 5330 nam
380 5294 525 5340 vero,
555 5294 690 5360 ztpw
725 5294 756 5347 η
787 5294 1030 5400 γεἬται.
1056 5294 1175 5331 mox
1209 5294 1523 5363 aeguerlan.
1557 5294 1610 5329 et
1632 5294 1736 5359 ηοξ

463 5345 518 5410 5,
554 5346 685 5415 υλην
714 5349 887 5419 ἐπεργ
928 5345 1131 5411 ζονται.
1161 5344 1490 5416 Ειιιιηγυλην
1521 5346 1736 5415 ἀπεργα

228 5431 402 5469 ονται.

268 5485 378 5554 (59)
405 5483 463 5537 In
489 5483 805 5555 Seguerian.
823 5486 1021 5541 desunt
1041 5484 1458 5556 γινομένωνκαὶ
1483 5483 1559 5556 μὴ
1572 5482 1762 5556 όντων.

198 5550 336 5626 Ibid.
357 5550 499 5626 idem
509 5596 522 5618 ,
541 5550 890 5626 A‘uglicanus.
910 5550 1219 5611 Goblerian.
1236 5563 1290 5611 et
1315 5553 1459 5608 Felc.
1487 5550 1514 5605 1
1528 5550 1558 5617 ,⁷
1575 5550 1763 5624 ὥσπερ

196 5622 454 5696 εἴπομενζ
469 5622 852 5696 ίΕάξιίξῶσπερ
882 5627 1131 5696 εἴπαμεν.

272 5690 382 5761 (60)
423 5692 515 5764 Sic
542 5690 1025 5764 Seguer.,Gobler.
1051 5703 1103 5764 et
1137 5693 1280 5748 Felc.
1312 5693 1359 5749 1.
1392 5690 1532 5764 Editi
1560 5708 1685 5764 vero
1706 5702 1760 5746 et

196 5763 307 5832 alii,
337 5763 407 5817 τά
427 5762 698 5829 λείποντα.
726 5764 847 5821 Mox
880 5762 1219 5836 Segucriau.,
1238 5765 1330 5817 καὶ
1358 5763 1526 5825 οὕτως
1555 5763 1758 5833 ἀνερω-

1939 3929 2032 3984 25.
2074 3927 2324 3984 Profecto
2360 3928 2532 3984 satius
2578 3928 2797 3998 quidem
2846 3925 3038 3980 fuisset
3065 3938 3160 3978 eos
3198 3935 3431 3992 prorsus

1870 4020 2031 4075 silere
2057 4039 2070 4075 :
2098 4029 2154 4075 at
2184 4021 2442 4090 quoniam
2474 4020 2666 4075 nolunt
2691 4019 2989 4089 quiescere,
3018 4015 3066 4070 si
3097 4014 3221 4085 quis
3244 4013 3425 4082 impu-

1868 4111 2219 4167 dentissimas
2265 4112 2483 4166 illorum
2533 4111 2864 4181 quazstiones
2910 4108 3146 4163 refutare
3172 4105 3424 4172 voluerit,

1869 4203 2071 4259 similia
2096 4203 2334 4259 vicissim
2364 4203 2432 4258 ab
2462 4203 2567 4258 illis
2590 4203 2846 4257 audacter
2874 4202 3172 4271 perquirat.
3210 4196 3429 4253 Fortas-

1869 4292 1945 4349 sis
1977 4293 2121 4349 enim
2158 4307 2285 4348 cum
2334 4292 2543 4362 seipsos
2589 4290 2862 4347 similibus
2908 4288 3142 4345 viderint
3174 4285 3428 4343 absurdis

1865 4650 2131 4704 τάτωσαν.

1960 4719 2047 4786 61)
2085 4715 2422 4786 Seguerian.,
2452 4712 2706 4786 περὶ-τοῦ
2734 4709 2889 4786 Θεοῦ.

1960 4719 2047 4786 61)
2085 4719 2422 4785 Seguerian.,
2452 4719 2582 4784 περὶ
2612 4719 2706 4764 τοῦ
2734 4719 2889 4763 Θεοῦ.

1936 4719 2045 4860 (62)
2088 4787 2178 4841 Sic
2196 4785 2455 4860 _Seguer.,
2475 4783 2695 4838 Gobler.
2722 4790 2775 4834 et
2816 4779 2959 4834 Felc.
2998 4778 3048 4831 1.
3080 4777 3183 4831 Alii
3216 4792 3342 4831 vero
3373 4786 3426 4832 et

1864 4855 2447 4925 θάῖιί,’σπουδάσμασι.
2566 4921 2607 4925 _
2642 4921 2656 4925 _
2742 4914 2745 4917 ,

1940 4914 2050 4997 (63)
2091 4925 2212 4997 Seg.
2239 4914 2454 4997 Gdbler.
2474 4931 2542 4997 _et
2566 4914 2790 4997 _Felc_.__l.
2815 4920 2897 4972 ὅτι
2926 4914 3433 4997 ρερςκρειριοροξι

1867 4984 2110 5066 ὃεὲυθῖκ,
2144 4984 2313 5066 Λόγος
2342 4992 2523 5066 αὐτοῦ.
2567 4992 2621 5066 In
2641 4991 2772 5066 aliis
2804 4998 2857 5042 et
2883 4988 3040 5042 editis
3067 4987 3220 5066 deest
3234 4984 3418 5066 aptat"):

1934 5012 2110 5066 gnen,
2144 5011 2217 5049 ΛΟ
2254 5011 2313 5057 ος
2342 5011 2523 5047 αυτου.
2567 5011 2621 5044 In
2652 5011 2772 5044 ants
2804 5011 2857 5042 BI.
2883 5011 3040 5042 CUIUS
3067 5011 3220 5040 uacat
3234 5011 3420 5063 U-U'BUU:

1934 5066 2044 5136 (64)
2088 5065 2179 5136 Sic
2216 5011 2532 5136 Seguerian;
2578 5060 2728 5136 Editi
2758 5068 2937 5136 autem
2966 5065 3035 5136 et
3062 5053 3297 5136 aliikual.
3328 5070 3430 5136 του

1875 5122 2140 5198 Ἰωάννου,
2169 5122 2433 5203 λέγοντος*
2478 5133 2564 5183 Ἐν
2592 5131 2732 5199 ἀρχῇ
2771 5126 2859 5203 ἦν-
2883 5130 2911 5180 6
2951 5127 3144 5203 Λόγοςίζ
3180 5122 3431 5203 Nannius

1863 5222 1970 5260 non
1993 5194 2346 5274 item'legérat
2365 5194 2642 5274 ﬁvﬁpm.‘
2667 5194 2805 5274 Μδχξ
2828 5197 3072 5274 εεςιιειιχ,
3098 5194 3423 5274 ﬁobleri‘au.

1863 5285 1918 5331 et
1945 5274 2089 5329 Felc.
2137 5261 2314 5333 1,”τοῦ
2358 5272 2416 5342 δέ
2447 5261 2659 5323 Παύλου
2697 5261 3014 5342 γράφοντος.
3038 5265 3233 5342 Ibidem
3266 5261 3427 5342 πάλι)

1864 5344 2013 5399 deest
2052 5346 2106 5398 in
2157 5341 2505 5412 chuerian.,
2537 5341 2629 5409 qui
2670 5334 2919 5412 ct'ha'bet
2963 5334 3296 5412 ἀπαύγασμα
3326 5334 3423 5411 τῇς

1863 5414 2042 5485 δόξης.
2076 5415 2131 5466 In
2176 5407 2378 5485 aliiset
2404 5407 2569 5485 editis
2602 5410 2870 5485 omittitur
2904 5407 3203 5485 γράφοντος
3242 5412 3297 5485 (ξι
3322 5407 3423 5468 τῆς

1862 5471 2038 5554 δόξης.
2070 5486 2200 5554 Item
2246 5480 2376 5554 ibid.
2418 5480 2646 5554 ﬁobler.
2688 5488 2742 5534 et
2774 5471 3153 5541 Ρειο.”1,’ἐπ“ι
3204 5471 3427 5525 πάντων

1864 5545 2015 5615 Θεός.
2050 5552 2264 5604 Βέλτιον
2295 5550 2392 5619 μὲν
2415 5545 2502 5620 ἦν,
2524 5558 2636 5620 etc.

1938 5612 2047 5688 (65)
2068 5612 2408 5690 Seguerian.,
2438 5612 2653 5690 'Goble‘r.
2671 5626 2731 5690 et
2758 5617 2901 5673 Felc.
2928 5616 2977 5679 1,
3007 5612 3418 5684 ἀναχωρήσωσι.

1866 5694 1987 5749 Mox
2024 5686 2272 5762 Segucr.,
2306 5689 2432 5741 ἵλεω
2464 5687 2551 5742 τὸν
2583 5686 2730 5739 Θεόν.
