3850 6218
365 337 435 394 63
926 341 985 395 S.
1023 340 1396 396 ATHANASH
1436 341 1585 397 OPl’.
1630 341 1808 396 PARS
1840 341 1880 395 ι.
1916 370 1984 381 -
2024 336 2391 394 HISTORICA
2432 334 2519 389 ET
2560 333 2974 392 DOGMATICA.

369 452 679 521 impeditos,
712 458 930 512 tandem
968 474 1093 513 eum
1132 461 1357 514 veritate
1375 476 1617 531 pugnare
1637 462 1920 517 desistent.

2056 462 2121 531 ἧς
2158 459 2293 531 πρὸς
2316 458 2412 528 τὴν
2441 456 2695 527 ἀλήθειαν
2728 456 2927 528 μάχης.
2946 454 3121 509 Πολλά
3138 456 3314 509 τοίνυν
3332 455 3595 525 πρότερον
3662 452 3685 513 '5

368 539 550 596 Multis
578 543 744 613 igitur
780 560 905 599 cum
948 549 1201 617 precibus
1243 550 1427 605 divina
1459 551 1612 620 prius
1641 552 1927 621 implorata

370 632 676 701 clementia,
717 637 799 692 sic
830 637 959 705 ipsis
985 639 1110 707 quis
1157 641 1500 696 occurrerit:
1541 641 1680 696 Num
1712 642 1807 711 qui
1847 650 1931 696 est

371 722 536 788 Deus,
560 740 684 781 cum
714 736 870 783 antea
909 746 1016 784 non
1053 740 1222 795 esset,
1252 741 1441 800 postea
1491 732 1667 788 factus
1695 745 1801 795 est,
1844 733 1929 787 vel

370 822 523 869 estne
546 817 706 871 etiam
747 818 1061 886 priusquam
1097 823 1284 876 tieret?
1316 822 1459 892 Ergo
1490 823 1537 877 is
1581 839 1704 878 cum
1746 831 1927 889 esset,

373 905 608 974 seipsum
638 906 784 972 fecit,
815 909 899 963 vel
932 922 1015 967 est
1043 927 1107 966 ex
1138 913 1288 967 nullo
1320 922 1497 975 ortus,
1531 929 1766 983 cumque
1796 915 1931 968 nihil

373 1006 527 1051 antea
575 1008 740 1063 essct,
785 1003 968 1056 subito
1012 1006 1298 1074 apparuit?
1335 1004 1532 1060 Verum
1574 1007 1808 1061 absurda
1849 1014 1934 1062 est

374 1086 686 1155 huiusmodi
733 1094 996 1161 quaestio;
1047 1096 1119 1149 ita
1163 1096 1323 1164 plane
1355 1096 1550 1160 fateor,
1586 1098 1820 1152 absurda
1849 1106 1932 1152 est

254 1246 266 1260 .
374 1178 636 1249 valdeque
661 1182 824 1251 impia
849 1202 862 1237 :
895 1195 951 1238 at
974 1193 1055 1240 est
1084 1196 1263 1241 tamen
1285 1188 1568 1256 qumstioni
1601 1189 1839 1257 ipsorum
1867 1189 1936 1241 si-

374 1270 540 1324 milis.
577 1270 711 1325 Nam
742 1277 1008 1331 utrumvis
1038 1278 1292 1343 dixerint,
1328 1279 1381 1332 id
1412 1280 1557 1332 omni
1583 1280 1798 1348 plenum
1833 1280 1937 1332 im-

376 1359 572 1428 pietate
599 1372 699 1417 est.
733 1363 790 1416 Si
812 1381 976 1435 porro
1006 1367 1121 1422 haec
1146 1369 1212 1423 de
1240 1369 1349 1424 Deo
1369 1385 1611 1440 quaerere
1637 1371 1861 1440 impium
1881 1381 1937 1426 et

376 1466 539 1519 quam
574 1466 810 1515 maxime
861 1457 1083 1526 impium
1120 1469 1204 1513 est
1248 1478 1261 1513 :
1310 1475 1417 1513 non
1459 1461 1639 1514 minor
1672 1476 1803 1515 sane
1837 1462 1937 1515 im-

375 1540 551 1608 pietas
582 1541 744 1597 fuetit
774 1543 962 1599 eadem
999 1545 1066 1600 de
1101 1545 1281 1602 Verbo
1313 1548 1667 1617 interrogare.
1707 1547 1936 1603 Verum-

376 1640 558 1685 tamen
583 1634 648 1688 ad
685 1635 906 1690 stultam
934 1637 1073 1692 hanc
1099 1649 1153 1692 et
1179 1639 1425 1692 insanam
1457 1640 1673 1693 illorum
1711 1640 1939 1694 interro-

378 1721 646 1791 gationem
670 1727 1036 1793 evertendam,
1057 1729 1365 1783 necessaria
1391 1728 1603 1782 videtur
1623 1729 1935 1798 hujusniodi

2034 550 2192 604 ἵλεων
2234 549 2323 603 τὸν
2348 549 2480 601 θεὸν
2527 547 3007 617 ἐπικαλεσάμενος,
3060 544 3232 609 οὕτως
3279 546 3461 606 αὐτοῖς
3509 561 3598 609 τις

2033 640 2416 710 ἀπαντήσειενο
2435 642 2493 694 '0
2519 640 2594 694 ὢν
2623 640 2776 703 Θεὸς,
2810 639 2910 691 οὐκ
2941 637 3020 691 ὢν
3051 637 3272 705 γέγονεν
3286 634 3471 705 (66),ἢ
3499 635 3595 688 καὶ

2035 731 2162 801 πρὶν
2193 731 2434 801 γένηται,
2463 729 2637 793 ἕστινς
2676 730 2767 781 Ὧν
2792 724 2884 781 οὖν
2922 727 3114 781 ἐαυτὸν
3155 726 3428 793 ἐποίησεν,
3461 724 3495 790 ἦ
3535 723 3599 789 ἐξ

2034 822 2244 885 οὐδενός
2274 824 2407 881 ἐστι,
2445 822 2539 875 καὶ
2571 821 2733 891 μηδὲν
2769 819 2844 872 ὢν
2869 819 3127 890 πρότερον
3155 817 3412 886 ἐξαίφνης
3433 816 3599 879 αὐτὸς

2035 915 2236 985 ἐφάνη;
2274 914 2505 977 Ἀτοπος
2543 915 2576 983 ἠ
2613 911 2830 981 τοιαύτη
2859 910 3141 983 ἐρώτησις,
3170 910 3257 963 ναὶ
3279 908 3477 971 ἄτοπος
3502 907 3602 960 καὶ

2037 1003 2175 1059 πλέα
2228 1004 2336 1074 (67)
2394 1003 2719 1073 δυσφημίαςο
2773 1002 2885 1055 ἀλλ’
2918 1002 3078 1072 ὁμοία
3112 1018 3173 1068 γε
3213 1001 3310 1072 τῆς
3349 999 3593 1053 ἐκείνων·

2038 1097 2292 1166 ὁπότερον
2342 1094 2452 1165 γὰρ
2485 1094 2549 1148 ἂν
2587 1094 2800 1157 εἴπωσι,
2850 1093 3008 1147 τοῦτο
3038 1092 3230 1164 μεστόν
3268 1095 3385 1146 ἐστι
3417 1092 3605 1163 πάσης

2038 1188 2307 1251 ἀσεϐείας.
2335 1189 2471 1242 Είδέ
2502 1189 2561 1242 τὺ
2591 1187 2763 1251 οὓτως
2794 1187 3000 1257 ἐρωτᾷν
3034 1186 3159 1257 περὶ
3192 1184 3325 1238 Θεοῦ
3356 1184 3601 1255 βλάσφη-

2043 1295 2141 1349 μον
2162 1279 2256 1332 καὶ
2290 1278 2445 1332 πλέον
2471 1278 2723 1341 ἀσεϐείας
2747 1279 2861 1331 ἐστὶ
2887 1276 3019 1348 (68),
3067 1275 3379 1346 βλάσφημον
3415 1276 3479 1328 ἂν
3512 1275 3605 1346 εἴη

2040 1370 2135 1423 καὶ
2168 1370 2296 1440 περὶ
2333 1368 2426 1423 τοῦ
2456 1371 2625 1437 Λόγου
2651 1368 2814 1422 αὐτοῦ
2839 1366 3063 1421 τοιαῦτα
3101 1367 3326 1438 ἐρωτᾷν.
3358 1366 3611 1437 Ἀποκρίσ

2040 1460 2231 1514 νασθαι
2257 1462 2312 1514 δέ
2333 1463 2480 1532 ὅμως
2516 1461 2648 1532 πρὸς
2680 1460 2956 1529 ἀναίρεσιν
2987 1459 3086 1528 τῆς
3129 1452 3382 1527 τοιαύτης
3422 1458 3605 1510 αὐτῶν

2040 1552 2234 1619 ἀλόγου
2260 1551 2352 1604 καὶ
2384 1553 2569 1621 μωρᾶς
2595 1552 2912 1622 ἐρωτήσεως
2943 1551 3235 1615 ἀναγκαῖον
3249 1546 3440 1611 οὕτως·
3481 1548 3605 1601 Ὀτι

2040 1640 2113 1694 ὢν
2148 1644 2293 1694 ἐστιν
2326 1641 2510 1704 ἁῖδίως
2540 1644 2569 1694 6
2615 1641 2768 1703 Θεός·
2799 1641 2952 1704 ὄντος
2978 1636 3070 1694 οὖν
3105 1640 3193 1692 ἀεὶ
3231 1639 3324 1692 τοῦ
3366 1637 3605 1709 Πατρδς,

2042 1732 2155 1785 ἔστι
2183 1732 2273 1785 καὶ
2304 1732 2485 1794 ἀϊδίως
2522 1731 2628 1801 (69)
2662 1732 2834 1785 καὶτὸ
2857 1731 3044 1784 τούτου
3078 1728 3435 1800 ἀπαύγασμα,
3467 1729 3611 1799 ὅπερ

377 1816 683 1882 responsio.
728 1814 997 1871 Nimirum
1029 1835 1244 1889 semper
1269 1830 1355 1875 est
1400 1819 1575 1885 Deus;
1624 1835 1688 1876 ac
1712 1821 1938 1890 proinde

2056 1824 2183 1876 ιστὶν
2204 1826 2232 1877 6
2262 1823 2429 1891 Λόγος
2461 1823 2646 1876 αὑτοῦ·
2673 1824 2767 1877 καὶ
2801 1822 2963 1876 πάλιν
2985 1824 3014 1876 6
3045 1821 3120 1875 ὢν
3149 1819 3300 1884 Θεὸς,
3337 1819 3396 1884 ἐξ
3437 1817 3603 1873 αὐτοῦ

378 1921 501 1959 cum
531 1922 744 1975 semper
771 1908 841 1963 sit
884 1908 1063 1975 Pater,
1101 1925 1315 1980 semper
1338 1926 1555 1981 quoque
1576 1920 1661 1966 est
1691 1911 1937 1981 ejusdem

379 1997 648 2063 Splendor,
672 1999 816 2067 quod
838 2008 923 2054 est
945 2000 1115 2069 ipsius
1159 1999 1410 2055 Verbum.
1440 2002 1704 2056 Praeterea
1729 2002 1820 2071 qui
1859 2010 1941 2058 est

382 2086 544 2151 Deus,
579 2086 811 2144 Verbum
841 2091 985 2160 quod
1021 2091 1149 2147 item
1180 2100 1265 2146 est
1295 2092 1456 2146 habet
1494 2108 1556 2146 ex
1601 2093 1805 2161 seipso,
1845 2108 1939 2149 nec

378 2195 484 2249 que
512 2177 749 2234 Verbum
795 2190 880 2236 est
926 2192 1112 2251 postea
1147 2184 1431 2249 adnatnm,
1460 2185 1604 2253 quod
1636 2186 1789 2254 prius
1830 2202 1941 2239 non

378 2279 541 2337 esset,
556 2286 729 2340 neque
745 2270 853 2326 Patr
873 2287 902 2328 ι’
922 2289 1157 2342 unquam
1190 2275 1306 2329 sine
1323 2274 1500 2329 Verbo
1530 2274 1649 2330 fuit.
1675 2274 1809 2329 Nam
1845 2276 1940 2330 im-

381 2363 615 2432 pia,qua
639 2362 810 2419 Filius
833 2364 1140 2429 lacessitur,
1158 2366 1409 2433 audacia,
1433 2367 1486 2420 in
1519 2368 1695 2435 ipsum
1726 2367 1938 2422 Patrem

382 2453 667 2515 redundat,
702 2452 746 2507 si
781 2469 974 2523 nempe
1012 2455 1356 2525 sapientiam,
1401 2455 1567 2526 339
1614 2455 1846 2512 Verbum
1887 2466 1941 2511 et

380 2540 574 2599 Filium
612 2544 952 2600 extrinsecus
982 2546 1085 2599 sibi
1112 2547 1449 2615 excogitasse
1489 2549 1738 2601 dicatur:
1771 2549 1945 2618 quod-

381 2633 513 2688 libet
536 2634 683 2688 enim
715 2634 910 2689 borum
940 2635 1164 2698 dixeris,
1194 2636 1248 2689 id
1286 2637 1432 2705 quod
1464 2652 1531 2691 ex
1561 2636 1716 2691 Patre
1753 2646 1943 2692 natum

381 2733 466 2779 est
512 2725 801 2795 signiﬁcat,
854 2725 1315 2795 quemadmodum
1363 2728 1570 2783 dictum
1616 2738 1719 2784 est.
1779 2727 1944 2785 Levis

385 2815 551 2884 igitur
582 2814 861 2886 {utilisque
884 2818 998 2872 haac
1024 2817 1240 2871 illorum
1264 2826 1349 2874 est
1380 2820 1632 2889 qumstio,
1666 2829 1722 2875 et
1751 2821 1944 2875 merito

384 2904 626 2974 quidem.
665 2904 801 2961 Nam
828 2909 1086 2977 quoniam
1126 2907 1363 2964 Verbum
1391 2910 1508 2966 sive
1534 2910 1823 2966 Rationem
1848 2927 1945 2966 nec

386 3006 535 3066 gant,
566 2996 691 3051 hinc
714 2997 849 3052 nihil
884 3000 1045 3053 etiam
1082 3001 1311 3055 rationis
1338 3010 1423 3056 est
1455 3002 1510 3055 in
1541 3003 1757 3057 illorum
1797 3018 1945 3073 quae-

286 3088 301 3101 '
387 3087 587 3144 stione.
625 3086 697 3143 Ut
729 3090 873 3144 enim
911 3091 959 3147 si
993 3092 1118 3161 quis
1151 3092 1319 3148 solem
1361 3092 1630 3162 aspiciens
1662 3093 1728 3147 de
1763 3093 1944 3162 splen-

388 3180 523 3236 dore
566 3180 686 3251 ejus
712 3192 979 3251 qurereret
1018 3199 1082 3237 ac
1120 3183 1346 3249 diceret,
1376 3184 1458 3237 An
1492 3185 1585 3254 qui
1621 3193 1724 3247 est,
1765 3185 1946 3253 splen-

387 3273 577 3328 dorem
612 3289 734 3328 cum
766 3288 874 3328 non
902 3284 1066 3337 esset,
1093 3273 1239 3340 fecit,
1266 3286 1360 3330 aut
1381 3277 1475 3344 qui
1505 3277 1619 3346 jam
1649 3277 1834 3332 esset?
1859 3275 1945 3344 Ut,

391 3364 631 3432 inquam,
661 3364 708 3419 is
737 3379 845 3417 non
878 3364 1094 3435 sapiens
1118 3366 1213 3421 sed
1244 3367 1475 3423 stolidus
1502 3368 1909 3423 existimaretur
1931 3409 1947 3433 ,

390 3456 515 3523 quia
549 3456 913 3525 splendorem,
954 3456 1045 3526 qui
1077 3467 1161 3511 est
1198 3475 1265 3512 ex
1308 3459 1457 3525 luce,
1499 3468 1816 3514 extraneum
1859 3460 1950 3515 ille

391 3547 635 3615 lingeret,
670 3554 724 3600 et
753 3546 819 3599 de
844 3546 935 3601 illo
971 3557 1255 3616 quaereret,
1280 3548 1522 3618 quando,
1560 3550 1674 3612 ubi,
1709 3565 1855 3613 cum,
1896 3558 1950 3605 et

392 3636 638 3692 factusne
684 3646 856 3699 esset;
888 3638 967 3692 sic
1005 3653 1135 3693 sane
1172 3640 1265 3708 qui
1296 3639 1398 3693 ista
1442 3640 1509 3694 de
1533 3639 1672 3695 Filio
1712 3649 1765 3695 et
1794 3639 1951 3696 Patre

393 3728 616 3796 cogitat,
654 3731 857 3800 quique
930 3732 1004 3787 ita
1059 3733 1376 3802 interrogat,
1434 3733 1608 3786 multo
1651 3733 1954 3787 dementior

394 3820 697 3876 censendus
724 3832 827 3887 est,
856 3824 1058 3893 quippe
1085 3824 1179 3892 qui
1214 3824 1481 3889 Verbum,
1512 3824 1658 3893 quod
1692 3839 1760 3878 ex
1793 3823 1954 3879 Patre

394 3919 499 3975 est,
529 3921 810 3967 externum
846 3914 950 3983 ipsi
991 3916 1235 3980 inducat,
1272 3916 1435 3985 idque
1465 3916 1613 3986 quod
1641 3926 1833 3970 natura
1875 3925 1958 3971 est

395 4006 655 4073 genitum,
682 4015 938 4075 tanquam
963 4007 1090 4076 quid
1127 4006 1326 4077 factum
1353 4006 1615 4062 exhibens
1641 4006 1808 4072 dicat,
1838 4004 1956 4061 Non

396 4095 499 4151 fuit
526 4106 816 4167 antequam
842 4109 1174 4153 nasceretur.
1211 4097 1412 4153 Verum
1433 4099 1485 4153 id
1522 4100 1684 4153 etiam
1713 4099 1959 4166 responsi

396 4189 466 4244 ad
489 4204 550 4243 ea
571 4205 694 4258 quae
730 4190 1196 4260 interrogaverunt
1218 4191 1489 4260 accipiant
1513 4208 1527 4244 :
1554 4189 1710 4245 Pater
1732 4190 1951 4259 quiest,

397 4278 593 4335 Filium
625 4282 721 4350 qui
765 4288 904 4347 erat,
934 4279 1082 4335 fecit.
1128 4278 1288 4342 Nam,
1348 4278 1571 4334 Verbum
1606 4295 1729 4333 caro
1760 4279 1959 4347 factum

397 4384 474 4427 est
498 4374 567 4439 ⁷⁸,
600 4381 654 4428 et
680 4388 804 4428 cum
836 4374 950 4444 ipse
977 4381 1124 4428 esset
1149 4372 1319 4428 Filius
1349 4371 1620 4436 Dei,.eum
1653 4371 1707 4425 in
1730 4370 1835 4425 line
1856 4386 1958 4426 sae-

305 4604 309 4608 ‘
399 4527 446 4559 "
478 4525 634 4582 Joan.
667 4543 703 4591 t,
733 4527 818 4582 14.

2039 1917 2133 1969 καὶ
2161 1917 2287 1968 ὄντα
2316 1915 2428 1985 (70)
2457 1916 2547 1968 τὸν
2581 1915 2750 1983 Λόγον
2797 1914 2928 1985 ἔχει·
2969 1913 3065 1966 καὶ
3091 1911 3212 1965 οὔτε
3245 1914 3274 1965 6
3299 1911 3467 1979 Λόγος
3487 1911 3581 1962 ἐπι

2039 2006 2258 2075 γέγονεν
2288 2007 2390 2059 οὐκ
2421 2005 2495 2058 ὢν
2549 2006 2831 2077 πρότερον,
2858 2004 2979 2058 οὕτε
3017 2006 3044 2058 6
3072 2003 3258 2074 Πατὴρ
3302 2002 3492 2070 ἄλογος
3538 1996 3611 2071 ἦν

2041 2115 2188 2151 ποτε.
2229 2096 2288 2150 'll
2308 2098 2416 2169 γὰρ
2438 2098 2576 2151 κατὰ
2603 2096 2695 2151 τοῦ
2712 2097 2844 2150 Υἱοῦ
2867 2097 3038 2166 τόλμα
3057 2096 3133 2157 είς
3151 2093 3241 2147 τὸν
3270 2092 3486 2163 Πατέρα
3507 2091 3607 2163 τὴν

2042 2188 2387 2259 βλασφημίαν
2406 2188 2614 2257 ἀνάγει,
2632 2188 2748 2255 εἴγε
2776 2186 2972 2251 ἔξωθεν
2996 2185 3284 2255 ἐπενόησεν
3302 2182 3478 2253 ἑαυτῷ
3495 2181 3616 2253 (71)

3522 325 3678 431 διιξ

3661 435 3689 467 lt

2043 2281 2252 2348 σοφίαν,
2314 2278 2620 2345 καὶΛόγον,
2670 2277 2762 2330 καὶ
2816 2276 2965 2329 Υίὸν.
3035 2277 3099 2329 Ὃ
3130 2275 3240 2346 γὰρ
3283 2274 3378 2328 ἐὰν
3402 2273 3617 2327 τούτων
3678 2265 3688 2273 ’

2041 2371 2219 2440 εἴπῃς,
2246 2369 2402 2422 τοῦτο
2451 2369 2511 2421 τὸ
2539 2370 2603 2421 ἐκ
2642 2367 2737 2421 τοῦ
2783 2366 2994 2438 Πατρός
3031 2364 3274 2435 γέννημα
3333 2363 3608 2433 σημαίνει,

2041 2462 2228 2533 ὥσπερ
2256 2461 2489 2531 εἴρηται.
2544 2460 2705 2512 Ὥστε
2768 2457 3068 2520 ἀσύστατος
3097 2454 3333 2525 αὐτῶνή
3384 2453 3611 2525 τοιαύτη

2042 2550 2322 2623 ἐρώτησις,
2347 2552 2440 2604 καὶ
2470 2551 2709 2613 εἰκότως
2761 2548 3080 2621 ἀρνούμενοι
3131 2548 3240 2618 γὰρ
3277 2545 3369 2599 τὸν
3413 2546 3609 2614 Λόγον,

2042 2644 2232 2711 ἄλογον
2254 2642 2434 2712 ἔχουσι
2458 2642 2552 2695 καὶ
2583 2640 2680 2709 τὴν
2707 2639 2993 2712 ἐρώτησιν.
3028 2639 3116 2702 Ὠς
3166 2637 3275 2708 γὰρ
3312 2635 3464 2698 εἴτις
3513 2635 3608 2689 τὸν

2042 2732 2189 2802 ἥλιον
2218 2731 2356 2803 ὁρῶν
2388 2730 2703 2785 πυνθάνοιτο
2735 2730 2860 2799 περὶ
2890 2728 2985 2782 τοῦ
3017 2729 3465 2797 ἀπαυγάσματος,
3515 2726 3612 2778 καὶ

2042 2821 2208 2891 λέγοι,
2241 2822 2300 2875 '0
2319 2819 2392 2873 ὣν
2408 2821 2468 2873 τὸ
2499 2820 2572 2891 μὴ
2590 2820 2648 2873 ὃν
2665 2820 2979 2891 πεποίηκεν,
3002 2818 3034 2888 ἦ
3056 2818 3114 2872 ὃν
3130 2819 3259 2871 αὐτὸ
3282 2816 3575 2887 πεποίηκεν
3593 2832 3611 2883 ;

2043 2915 2102 2967 οὐ
2122 2913 2235 2984 σώορ
2246 2931 2370 2986 ρονα
2383 2913 2636 2984 (7ἳ).ξχειν
2655 2916 2683 2967 6
2693 2913 2927 2976 τοιοῦτος
2940 2910 3193 2981 λογισμὸν
3209 2910 3612 2981 νομισθήσεται,

2044 3004 2528 3076 ἁλλ’ἐμὸρόντητος
2558 3003 2622 3058 ἂν
2643 3005 2747 3075 εἴη,
2768 3005 2848 3057 ὅτι
2865 3003 3036 3066 ὄλωςὸ
3053 3002 3199 3055 ἐστιν
3224 3004 3287 3055 ἐκ
3304 3000 3398 3054 τοῦ
3416 3000 3612 3069 φωτὸς,

2045 3097 2201 3151 τοῦτο
2224 3095 2419 3162 ἔξωθεν
2453 3095 2564 3165 (73)
2621 3097 2826 3148 ἐπινοεῖ
2881 3095 3135 3165 καὶπερὶ
3179 3094 3337 3148 τοῦτο
3398 3096 3610 3166 ἐρωτᾷ,

2050 3190 2199 3251 πότε,
2223 3187 2313 3240 καὶ
2344 3185 2443 3238 ποῦ
2477 3187 2570 3239 καὶ
2601 3188 2709 3249 ὅτε,
2734 3188 2828 3240 καὶ
2858 3187 2906 3239 εί
2938 3186 3248 3256 πεποίηται·
3266 3184 3437 3249 οὕτως
3467 3187 3562 3239 καὶ
3585 3184 3617 3237 6

2050 3280 2177 3350 περὶ
2200 3278 2291 3331 τοῦ
2313 3277 2440 3331 Υἱοῦ
2464 3278 2558 3331 καὶ
2577 3276 2671 3330 τοῦ
2689 3276 2896 3348 Πατρός
2915 3277 3135 3332 τοιαῦτα
3149 3276 3507 3347 λογιζόμενος,
3523 3275 3615 3329 καὶ

2048 3369 2190 3425 οὕτω
2212 3368 2625 3440 πυνθανόμενος,
2648 3367 2825 3439 πολλῷ
2838 3368 3034 3438 μᾶλλον
3065 3368 3163 3440 τὴν
3185 3368 3376 3439 μανίαν
3395 3367 3616 3439 μείζονα.

2050 3462 2115 3516 ἃν
2145 3460 2255 3531 ἔχοι
2315 3460 2447 3531 (74),
2475 3461 2556 3513 ὅτι
2608 3459 2698 3513 τὸν
2722 3462 2785 3513 ἐκ
2819 3458 2913 3512 τοῦ
2970 3459 3180 3531 Πατρὺς
3205 3458 3373 3528 Λόγον
3418 3458 3615 3525 ἔξωθεν

2051 3552 2196 3623 αὐτῴ
2220 3553 2519 3621 ἐπεισάγει,
2554 3552 2649 3605 καὶ
2701 3552 2762 3604 τὸ
2808 3551 2967 3621 φύσει
3011 3552 3253 3623 γέννημα
3305 3551 3380 3615 ὡς
3407 3552 3616 3622 ποίημα

2051 3643 2348 3712 σκιαλογῶν
2378 3644 2485 3714 (75)
2506 3643 2673 3711 λέγει,
2705 3643 2816 3696 Οὐκ
2830 3639 2895 3714 ἦν
2936 3644 3064 3714 πρὶν
3101 3642 3351 3713 γεννηθῇ.
3394 3642 3615 3696 ’Λκουέ-

2051 3750 2232 3787 τωσαν
2294 3735 2348 3787 δὲ
2374 3735 2522 3806 ὅμως
2550 3734 2645 3789 καὶ
2688 3734 2823 3806 πρὸς
2852 3734 2950 3804 τὴν
2983 3733 3247 3805 ἐρώτησιν
3283 3733 3481 3799 αὐτῶν,
3529 3735 3615 3787 ὅτι

2064 3825 2123 3878 '0
2152 3824 2226 3879 ὢν
2274 3827 2464 3896 Πατὴρ
2489 3825 2581 3880 τὸν
2619 3825 2747 3878 ὄντα
2790 3825 2915 3878 Υἱὺν
2964 3826 3238 3895 ἐποίησεν.
3269 3826 3330 3878 '0
3364 3824 3472 3895 γὰρ
3497 3827 3618 3879 Λό-

2053 3933 2157 3987 γος
2186 3916 2341 3983 σὰρξ
2364 3915 2620 3984 ἐγένετο,
2645 3915 2738 3969 καὶ
2767 3914 2898 3967 ὄντα
2930 3915 3090 3968 αὑτὸν
3115 3914 3240 3969 Υίὸν
3270 3915 3402 3969 Θεοῦ
3427 3915 3619 3987 ἐποίη-

2057 4024 2149 4060 σεν
2174 4009 2266 4060 ἐπὶ
2281 4009 2560 4079 συντελείᾳ
2574 4008 2679 4061 τῶν
2698 4008 2903 4061 αἰώνων
2926 4010 3017 4061 καὶ
3033 4008 3158 4061 Υἱδν
3178 4006 3458 4078 ἀνθρώπου
3482 4008 3617 4079 (76),

2056 4099 2105 4151 εί
2140 4098 2213 4170 μὴ
2265 4098 2372 4169 ἄρα
2417 4100 2556 4153 κατὰ
2609 4100 2699 4153 τὸν
2759 4099 3074 4168 Σαμοσατέα
3104 4099 3236 4170 μηδέ
3292 4094 3428 4152 εἶναι
3456 4100 3620 4153 αὑτὸν

2056 4190 2184 4259 πρὶν
2248 4189 2528 4260 ἄνθρωπον
2584 4188 2834 4257 γενέσθαι
2881 4190 3102 4243 εἴποιεν.
3163 4190 3272 4244 Καὶ
3321 4190 3455 4259 πρὸς
3521 4192 3622 4261 μὲν

2058 4279 2157 4349 τὴν
2179 4278 2400 4351 πρώτην
2454 4279 2634 4334 αὐτῶν
2678 4277 2941 4352 ἐρώτησιν
2983 4279 3143 4335 ἱκανὰ
3170 4280 3339 4336 ταῦτα
3395 4284 3523 4352 παρ’
3554 4286 3623 4354 η-

2062 4388 2196 4442 μων.

472 4701 585 4775 ((ξϐ)
627 4701 718 4757 Sic
765 4701 922 4775 Reg,
961 4701 1269 4775 Basilicus"
1315 4700 1955 4775 Anglican.__et_l“elc.__5_.
1991 4704 2034 4758 Ι)
2063 4715 2251 4775 omnes
2303 4701 2562 4775 mss.,_"0
2581 4700 2712 4771 γάρ,
2737 4708 2842 4775 etc.
2887 4697 3066 4754 Editio
3095 4697 3379 4762 Commel.,
3424 4697 3481 4754 '0
3513 4698 3626 4771 γὰρ

401 4770 754 4837 Δι’ὃεαιιριοη
797 4770 869 4825 ’θ’
896 4773 969 4825 ὢν
1010 4772 1160 4835 Θεὸς,
1204 4770 1279 4825 ὣν
1322 4771 1535 4840 γέγονε.
1577 4771 1715 4825 Editi
1754 4780 1809 4824 et
1843 4770 1956 4834 alii,

414 4846 472 4897 '0
494 4842 568 4896 ὣν
591 4843 722 4906 θεὸς
763 4843 859 4896 καὶ
884 4844 983 4896 οὐκ
1026 4840 1101 4895 ὣν
1126 4841 1334 4909 γέγονε.
1375 4841 1544 4895 Paulo
1581 4849 1705 4909 post
1755 4840 1959 4908 Segne-

407 4915 545 4969 rian.
580 4911 794 4967 Gobler.
836 4910 981 4967 Felc.
1020 4912 1073 4974 1,
1107 4911 1330 4981 μηᾷενὸς
1361 4910 1512 4974 ὄντος
1538 4912 1817 4981 πρότερον.

475 4982 605 5053 (67)
629 4983 878 5053 Seguer._,
907 4979 1306 5053 Goliler.,_l"elc.
1328 4981 1378 5053 1,
1398 4979 1619 5053 πλείων.
1641 4979 1824 5034 Basili.
1853 4981 1954 5053 An-

407 5049 555 5122 glie.,
579 5049 728 5121 Reg:
744 5062 799 5122 et
836 5050 981 5122 Fele.
1021 5049 1075 5114 5,
1117 5050 1297 5122 πλέον.
1334 5049 1763 5122 lbid._Segner._.
1800 5049 1960 5122 ὁμοία

406 5118 470 5191 γε
497 5126 585 5193 τῇ,
611 5118 714 5193 etc.
745 5120 869 5175 Mox
912 5121 1076 5183 idem,
1110 5118 1327 5175 Gobler.
1371 5129 1426 5174 et
1466 5119 1608 5174 Felc.
1651 5122 1702 5185 1,
1744 5118 1961 5174 Ὁπότε-

408 5209 497 5264 ρον
512 5192 644 5264 [γὰρ
654 5192 874 5264 εἴπωσι.

479 5258 725 5331 (68)’8ἰο
762 5276 895 5331 mss.
921 5267 1113 5331 przeter
1143 5259 1287 5313 Felc.
1318 5258 1374 5322 ‘2,
1407 5259 1460 5331 in
1496 5274 1618 5331 quo_
1633 5266 1686 5331 et
1721 5259 1775 5331 in
1800 5259 1961 5315 editis

407 5328 622 5401 deSunt,
648 5332 712 5383 El
741 5330 798 5383 δέ
819 5330 891 5401 Δτὸ
913 5328 1084 5392 οὕτως
1107 5331 1313 5401 ἐρωτᾷν
1338 5330 1465 5400 περὶ
1488 5328 1622 5401 Θεοξ
1648 5330 1961 5399 βλάσφημον

410 5402 501 5454 καὶ
521 5400 682 5453 ’πλέον
703 5399 955 5463 ἀσεϐείας
997 5397 1471 5455 ἐστίζϐοὓιεξῆαη.
1496 5408 1551 5452 et
1582 5397 1729 5453 Felc.
1761 5397 1813 5464 1,
1848 5397 1963 5453 An-

409 5471 606 5541 glican.
636 5479 693 5541 et
721 5469 929 5541 Basili"
956 5468 1117 5541 πλέον
1134 5471 1324 5541 ,πάσης
1345 5468 1613 5541 ἀσεϐείας.

483 5539 595 5608 (69)
624 5539 718 5595 Sic
740 5538 953 5594 Gobler.
980 5551 1034 5594 et
1058 5537 1723 5606 ΡεΙο.1.Ἀιδοκιιει“ἱειι.,
1747 5537 1805 5592 όν
1824 5541 1966 5592 ἐστιν

410 5611 617 5674 ἀῖόίως.
657 5610 798 5665 Editi
821 5618 875 5664 et
900 5610 1013 5671 alii,
1045 5610 1118 5663 ὧν
1156 5612 1270 5663 ἐστι
1301 5609 1395 5662 καὶ
1418 5608 1617 5672 ἀϊδίως.

491 5680 607 5753 (79)
640 5679 897 5753 Suggen,
918 5678 1136 5753 Gobler.
1148 5687 1215 5753 et
1238 5678 1387 5753 Fclc.
1410 5677 1546 5753 l._é__5
1564 5679 1733 5753 96166
1749 5677 1899 5753 lived.

483 5747 599 5825 (71)
635 5747 873 5822 δίοδος.
910 5749 978 5805 At
1018 5749 1208 5816 Basil.,
1253 5747 1417 5818 αὐτῷ.
1440 5748 1612 5815 Editi,
1648 5748 1812 5815 αὐτῷ.
1848 5747 1968 5801 Mox

2065 4772 2182 4833 ἐάν,
2221 4779 2326 4823 etc.
2368 4770 2446 4823 lb.
2479 4769 2726 4838 Seguein.
2751 4769 2834 4823 ἄν.

2137 4840 2248 4912 (72)
2284 4839 2533 4912 segnem,
2556 4836 2619 4912 οὐ
2652 4837 2942 4912 σώφροιξις..
2964 4837 3297 4912 ΔΜοι-ξᾴειη,
3321 4836 3539 4912 Gobler.
3569 4849 3627 4894 et

2068 4905 2299 4979 Felekm.
2329 4905 2379 4972 ‘l,
2405 4905 2805 4979 νομισθήσεταί.
2839 4907 2985 4979 Ed_iti
3004 4917 3057 4979 et
3083 4907 3194 4972 alii,
3220 4905 3620 4979 λογισθήσεται.

2142 4979 2248 5048 (7'5)
2278 4977 2370 5033 Sic
2399 4975 2627 5049 Seguer.
2652 4987 2705 5031 et
2735 4977 2866 5049 Reg.
2896 4976 3034 5029 Editi
3067 4975 3621 5049 autem,froﬁ_§51305v.

2068 5045 2240 5103 Paulo
2269 5058 2390 5118 post
2432 5045 2678 5117 Ségner.,
2703 5047 2880 5118 061w;
2900 5049 2929 5098 ὁ
2948 5046 3098 5118 -περὶ
3141 5046 3233 5118 τος)
3268 5046 3416 5100 Υἰοῦ.
3437 5116 3443 5118 _
3464 5045 3622 5117 Reg.,

2064 5115 2371 5241 οὖτοξὶξαὶ
2399 5121 2426 5171 6
2468 5115 2596 5189 περὶ
2628 5118 2721 5171 τοῦ
2754 5116 2904 5170 Υἰοῦ.
2945 5115 3119 5181 Editi,
3162 5115 3333 5180 οὕτως
3364 5116 3459 5169 καὶ
3494 5115 3626 5187 περὶ

2065 5206 2157 5241 του
2255 5205 2337 5241 ου.

2065 5206 2157 5243 του
2197 5205 2219 5241 ι
2238 5205 2337 5241 ιου.

2138 5257 2249 5327 (74)
2290 5257 2382 5311 Sic
2424 5256 2649 5327 Seguer.
2690 5258 2759 5311 At
2792 5253 3379 5327 iGohlernetAFelckm.
3420 5255 3483 5327 1,
3518 5256 3625 5327 ,τὴν

2072 5324 2264 5401 μανίαν
2298 5324 2517 5401 vagare
2542 5326 2606 5380 ἂν
2628 5326 2759 5401 ἔχει-
2790 5326 2944 5401 ῐξεῖιςη
2967 5324 3142 5401 πελλῷ
3168 5324 3386 5401 μείξρνα
3410 5324 3627 5401 ἂνέτι-

2073 5394 2199 5470 μίαν
2221 5394 2530 5470 ἔχῄτλΕιΙ-ίιί,
2561 5394 2737 5470 «ang;
2762 5396 2975 5470 μᾶλλονμ
2987 5394 3084 5470 τὴν
3109 5394 3383 5470 ἐπιτιμίαν
3405 5395 3630 5465 μείζονα

2071 5464 2137 5522 ἂν
2157 5464 2497 5542 ἐχόίζζΡουιυ
2524 5476 2645 5535 post
2678 5464 3149 5542 Segtrer.,_€§_tuesv
3174 5464 3360 5542 αύτοῦ.
3410 5464 3447 5542 “.
3537 5529 3563 5542 η

2297 5531 2546 5618 ξομιξτῂ
2570 5531 3064 5618 φησιλήὦμῄίέφῂὶ
3091 5545 3144 5589 et
3171 5531 3628 5618 ‘alih'd‘XtO?OXGi'V.

2144 5599 2255 5677 (76)
2296 5599 2541 5677 Seguer.,
2565 5599 2859 5677 Goblerlet
2896 5603 3130 5677 Felckm.
3166 5604 3225 5670 1,
3255 5604 3381 5658 Υἱὸν
3423 5599 3634 5671 ἀνθρώο

2078 5673 2199 5734 που.
2221 5673 2393 5745 Εόὶιίξ
2405 5676 2529 5730 Υἱὸν
2559 5674 2725 5731 αὑτὸν
2748 5673 3051 5746 ἀνθρώπου.
