3850 6218
246 254 321 310 65
1376 252 1635 307 ORATIO
1673 253 1691 306 1
1729 252 2012 309 CONTRA
2051 253 2373 308 ARIANOS.
3405 255 3472 308 66

247 370 500 424 malorum
546 367 672 423 fecit
714 369 885 424 tilium
929 369 1211 424 hominis:
1248 371 1352 426 nisi
1385 372 1521 427 forte
1550 388 1676 428 cum
1712 372 2089 427 Samosatensi
2151 372 2515 441 reSpondeant
2562 371 2714 426 illum
2745 387 2850 425 non
2878 373 3029 442 prius
3095 370 3264 426 fuisse
3310 389 3470 441 quam

248 462 419 517 homo
447 462 615 516 tieret.
658 460 730 517 Et
773 464 886 518 haec
914 462 1132 533 quidem
1161 464 1295 519 satis
1324 466 1436 521 sint
1473 467 1540 521 ad
1574 468 1807 537 primam
1840 469 2058 522 illorum
2092 466 2598 536 interrogationem.

238 549 264 563 “
319 548 410 605 26.
452 551 639 621 Ὑμεῖς
662 550 743 615 δὲ,
775 545 820 604 ὦ
860 552 1145 623 Ἀρειανοὶ,
1172 553 1281 607 τῶν
1321 554 1462 607 ἰδίων
1492 556 1697 610 ἑαυτῶν
1727 558 1818 626 ρη-

1992 556 2082 610 26.
2122 555 2230 611 Vos
2256 565 2460 621 autem,
2495 572 2529 611 ο
2557 556 2767 620 Ariani,
2796 554 3042 625 proprias
3071 565 3278 611 vestras
3307 569 3465 609 vocu-

251 640 442 711 μάτων
489 639 600 711 (77)
641 640 1086 711 μνημονεύοντες,
1133 643 1343 696 strati-2'
1380 643 1440 696 '0
1468 642 1542 697 ὢν
1596 642 1689 696 τοῦ
1742 642 1817 714 μὴ

245 730 402 795 ὕντος
434 730 660 802 ἔχρῃζεν
687 734 766 795 είς
800 732 898 803 τὴν
946 733 1055 787 τῶν
1092 733 1308 787 πάντων
1355 733 1730 805 δημιουργίαν,
1782 733 1815 804 ἦ

243 823 403 888 ὄντος
425 824 591 878 αὑτοῦ
616 824 842 895 ἔχρῃζεν
863 842 876 888 ;
898 825 1171 897 Είρήκατε
1192 825 1320 898 γὰρ,
1354 828 1617 896 Ὄργανον
1641 825 1818 896 ἑαυτῷ

243 915 341 969 τὸν
366 915 496 968 Υίδν
524 917 591 969 ἐκ
611 915 704 969 τοῦ
741 917 815 989 μὴ
840 916 989 979 ὄντος
1009 916 1426 980 κατεσκεύασεν,
1447 916 1535 970 ἵνα
1559 917 1625 970 δι’
1653 915 1816 969 αὑτοῦ

248 1006 456 1076 ποιήσῃ
490 1002 561 1057 τὰ
588 1004 786 1057 πάντα.
824 1005 888 1057 Τί
932 1000 1024 1058 οὖν
1056 1006 1168 1057 ἐστι
1205 1004 1317 1074 (78)
1347 1003 1572 1075 βέλτιον,
1604 1005 1663 1058 τὸ
1686 1008 1818 1076 χρῇ-

249 1092 368 1157 ζον,
396 1094 432 1165 ἢ
458 1094 518 1147 τὸ
552 1095 653 1164 τὴν
699 1094 885 1167 χρείαν
932 1095 1311 1168 άναπληροῦνς
1366 1096 1398 1166 ἢ
1439 1098 1721 1168 ἀμφότερα
1749 1096 1818 1151 τά

242 1184 497 1239 ἐνδέοντα
527 1185 771 1258 ἀλλήλων
804 1188 1211 1260 ἀναπληροῦσι;
1242 1189 1477 1242 Τοιαῦτα
1494 1189 1604 1260 γὰρ
1631 1190 1817 1258 λέγον·-

248 1293 362 1341 τες,
416 1275 512 1330 τοῦ
563 1279 1065 1343 κατασκευάσαντος
1121 1281 1232 1352 (79)
1294 1280 1491 1352 μᾶλλον
1537 1280 1816 1335 ἀσθένειαν

242 1368 542 1431 δεικνύετε,
565 1372 614 1423 εί
649 1370 723 1441 μὴ
753 1371 845 1423 καὶ
877 1370 1035 1441 μόνος
1070 1371 1255 1442 ἴσχυσε
1316 1372 1716 1443 δημιουργῆσαι
1751 1371 1818 1425 τά

248 1460 452 1523 πάντα,
502 1460 614 1513 ἀλλ’
649 1460 845 1527 ἔξωθεν
883 1461 1061 1532 ἑαυτῷ
1112 1462 1335 1533 ὄργανον
1360 1466 1588 1526 ἐπινοεῖ,
1632 1464 1816 1536 ὥσπερ

244 1550 457 1605 τέκτων
490 1552 824 1623 ἢναυπηγός
862 1573 965 1619 τις,
1021 1556 1094 1627 μὴ
1119 1554 1413 1624 δυνάμενος
1443 1554 1617 1608 ὁτιοῦν
1651 1556 1817 1625 ἐργά-

249 1642 447 1696 σασθαι
478 1642 588 1714 (80)
649 1646 818 1715 χωρὶς
869 1648 1170 1717 σκεπάρνου
1203 1648 1296 1701 καὶ
1329 1648 1565 1714 πρίονος.
1615 1646 1678 1699 Τί
1725 1643 1816 1700 οὖν

241 1733 436 1786 τούτου
459 1734 843 1806 ἁσεὸέστερον;
870 1739 939 1790 Ἢ
966 1738 1017 1791 τί
1035 1738 1114 1790 δεῖ
1136 1736 1427 1808 διατρίϐειν
1451 1737 1585 1801 ὅλως
1609 1740 1666 1791 ὲν
1697 1737 1818 1791 τού-

244 1840 359 1888 τοις
387 1824 463 1888 ὡς
490 1825 703 1889 δεινοῖς,
737 1828 1023 1900 αὐταρκῶν
1054 1827 1221 1881 ὄντων
1253 1827 1360 1881 τῶν
1402 1828 1817 1900 προειρημένων

1915 647 1997 701 las
2026 648 2289 701 memoria
2321 655 2621 716 repetentes
2640 688 2657 713 ,
2688 648 2845 702 nobis
2865 648 2978 716 jam
3016 647 3474 719 interrogantibus

1914 738 2256 807 respondete.
2288 737 2391 803 Qui
2426 747 2508 793 est
2533 753 2690 804 eone,
2721 739 2814 807 qui
2849 754 2957 791 non
2992 749 3127 801 erat,
3172 738 3470 808 indigebat,

1918 836 1977 882 ut
2003 842 2092 883 res
2120 843 2306 883 omnes
2335 838 2662 897 procrearet,
2686 845 2752 882 an
2781 828 2993 895 eodem,
3018 845 3141 884 cum
3167 831 3277 898 jam
3306 839 3469 896 esset,

1914 933 2052 987 opus
2068 918 2292 973 habuit?
2322 918 2544 974 Dixistis
2569 920 2712 973 enim
2744 918 2958 975 Patrem
2979 935 3047 974 ex
3074 922 3245 975 nihilo
3270 921 3468 977 Filium

1916 1011 2018 1066 sibi
2063 1019 2323 1079 tanquam
2375 1011 2798 1064 instrumentum
2854 1025 3232 1081 comparasse.
3270 1023 3326 1068 ut
3379 1029 3471 1083 per

1915 1117 2042 1155 eum
2075 1102 2258 1156 omnia
2295 1101 2549 1161 eﬂiceret.
2599 1102 2735 1169 Quis
2786 1103 2951 1173 igitur
2986 1106 3330 1173 praestantior
3361 1106 3476 1160 est?

1915 1192 2040 1245 Isne
2087 1191 2181 1260 qui
2229 1191 2455 1262 indiget,
2489 1206 2558 1245 an
2611 1193 2703 1261 qui
2754 1194 3106 1263 indigentiam
3136 1196 3355 1263 explet?
3390 1196 3473 1251 An
3578 1244 3593 1256 .

1915 1282 2078 1336 ambo
2107 1296 2227 1351 quae
2256 1283 2362 1337 sibi
2386 1284 2599 1349 desunt,
2629 1293 2817 1338 mutuo
2857 1286 3311 1341 subministrant?
3337 1284 3473 1341 Nam

1917 1389 2039 1428 cum
2078 1375 2179 1429 ista
2213 1375 2416 1439 dicitis,
2445 1375 2585 1444 ejus,
2622 1376 2713 1445 qui
2744 1377 3160 1430 instrumentum
3187 1378 3290 1431 sibi
3320 1379 3473 1433 adhic

1917 1464 2052 1527 buit,
2083 1464 2511 1519 imbecillitatem
2540 1466 2846 1521 evidentius
2872 1467 3177 1531 ostenditis,
3211 1468 3256 1521 si
3283 1483 3473 1539 nempe

1915 1555 2065 1610 solus
2092 1555 2273 1609 omnia
2308 1570 2416 1609 non
2460 1557 2699 1625 potuerit
2729 1556 2960 1620 ellicere,
3001 1558 3095 1611 sed
3138 1560 3474 1615 extrinsecus

1917 1644 2181 1714 paraverit
2231 1645 2333 1700 sibi
2384 1644 2827 1709 instrumentum,
2864 1647 3025 1701 veluti
3075 1646 3223 1703 faber
3254 1649 3472 1718 quidam

1916 1745 2010 1787 aut
2062 1734 2281 1788 navium
2342 1732 2657 1798 fabricator,
2695 1737 2789 1803 qui
2841 1735 2977 1789 nihil
3036 1736 3155 1790 sine
3200 1739 3375 1792 securi
3421 1745 3475 1791 et

1917 1839 2067 1879 serra
2100 1834 2307 1894 queunt
2326 1824 2556 1879 eilieere.
2588 1825 2718 1891 Quae
2745 1826 2919 1896 major
2949 1829 3119 1895 possit
3143 1843 3263 1883 esse
3287 1829 3475 1897 impie-

242 1914 435 1982 δεῖξαι,
460 1916 756 1984 φαντασίαν
784 1917 939 1987 μόνον
968 1914 1109 1972 εἶναι
1144 1918 1212 1972 τὰ
1270 1919 1399 1990 παρ’
1430 1920 1643 1983 αὐτῶν;
1675 1920 1817 1990 Πρὸς

1927 1916 2036 1968 tas?
2073 1915 2163 1969 Vel
2196 1916 2326 1984 quid
2358 1916 2444 1970 hic
2469 1916 2676 1971 diutius
2704 1918 3029 1982 insistimus,
3058 1920 3214 1988 quasi
3248 1920 3362 1974 haec
3383 1936 3476 1976 es-

241 2007 305 2061 δὲ
325 2007 423 2079 τὴν
453 2008 643 2079 ἑτέραν
671 2009 850 2062 αὐτῶν
883 2010 1049 2082 εὐήθη
1101 2012 1240 2064 πάνυ
1290 2013 1381 2065 καὶ
1414 2012 1599 2084 μωρὰν
1629 2011 1814 2077 ἐξέτα-

245 2116 354 2165 σιν,
389 2102 456 2171 ἢν
482 2101 619 2172 πρὸς
636 2102 704 2157 τὰ
736 2103 1059 2175 γυναικάρια
1085 2104 1378 2167 ποιοῦνται,
1407 2104 1559 2157 οὐδὲν
1584 2105 1682 2175 μὲν
1715 2106 1817 2160 πά-

242 2187 329 2241 λιν
361 2189 482 2241 οὐδὲ
504 2190 632 2261 περὶ
684 2189 887 2261 ταύτης
940 2193 1106 2263 ὲχρῆν
1152 2192 1568 2263 ἀποκρίνασθαι,
1596 2194 1628 2263 ἢ
1661 2193 1818 2248 τοῦτο

247 2277 412 2348 μόνον
438 2278 589 2333 ὁκαὶ
632 2282 691 2333 ὲν
738 2281 850 2344 τοῖς
895 2279 1200 2353 ἔμπροσθεν
1249 2282 1573 2354 εἰρήκαμεν,
1613 2284 1693 2337 ὅτι
1742 2284 1815 2356 μὴ

239 2370 367 2423 δέον
404 2369 516 2441 (81)
544 2371 643 2443 τὴν
688 2374 752 2427 ἐκ
780 2373 874 2428 τοῦ
914 2373 1048 2427 Θεοῦ
1096 2373 1349 2445 γέννησιν
1393 2377 1724 2446 συμμετρεῖν
1748 2378 1813 2447 τῇ

238 2459 355 2514 τῶν
375 2461 675 2532 ἀνθρώπων
708 2464 882 2533 φύσει.
917 2466 1033 2519 Ἵνα.
1062 2464 1119 2517 δὲ
1144 2466 1293 2534 ὅμως
1334 2465 1427 2518 καὶ
1446 2466 1503 2518 ὲν
1522 2464 1694 2536 τούτῳ
1722 2482 1819 2519 κα-

241 2552 515 2620 ταγνῶσιν
545 2554 770 2620 ἑαυτῶν,
803 2555 964 2610 καλὸν
1018 2559 1083 2610 ὲκ
1132 2557 1238 2610 τῶν
1270 2556 1449 2610 αὐτῶν
1500 2556 1628 2627 (82).
1657 2557 1816 2612 πάλιν

239 2642 418 2708 οὕτως
443 2645 622 2709 αὐτοῖς
643 2646 971 2718 ἀπαντῆσαι.
994 2649 1167 2713 Ὄλως
1199 2651 1249 2702 εί
1286 2649 1412 2719 περὶ
1443 2648 1573 2701 Υίοῦ
1610 2650 1817 2705 πυνθά-

241 2749 426 2789 νονται
460 2736 680 2803 γονέων,
710 2737 1147 2809 ὲνθυμείσθωσαν
1177 2738 1338 2793 πόθεν
1365 2741 1483 2795 ἐστὶ
1526 2742 1588 2795 τὸ
1614 2741 1816 2810 γεννώ-

250 2843 412 2897 μενον
440 2826 646 2883 τέκνον.
682 2829 744 2881 El
776 2828 884 2901 γὰρ
914 2832 1006 2884 καὶ
1060 2832 1160 2884 οὐκ
1189 2828 1333 2902 εἶχεν
1385 2831 1415 2883 ὁ
1466 2833 1656 2900 γονεὺς
1704 2833 1816 2886 υἱὸν

244 2921 381 2992 πρὶν
400 2922 656 2993 γεννήσειν
685 2920 799 2973 ἀλλ’
825 2918 1089 2991 ἐσχηκὼς,
1144 2920 1244 2972 οὐκ
1295 2917 1491 2984 ἔξωθεν
1515 2920 1636 2973 οὐδὲ
1661 2920 1817 2974 ἀλλό-

243 3028 418 3082 τριον,
441 3010 553 3063 ἀλλ’
581 3011 641 3075 ἐξ
666 3010 854 3064 ἑαυτοῦ
895 3010 1005 3077 (85)
1052 3010 1146 3064 καὶ
1179 3010 1305 3064 ἴδιον
1354 3010 1455 3081 τῆς
1486 3012 1673 3076 οὐσίας
1725 3012 1818 3066 καὶ

1916 2014 2036 2059 sent
2065 2004 2335 2070 diﬂicilia,
2371 2021 2495 2060 eum
2526 2022 2592 2060 ex
2632 2007 2718 2062 his
2749 2023 2869 2077 qua:
2898 2025 3062 2078 supra
3099 2010 3337 2065 diximus
3365 2010 3474 2065 cla—

1916 2099 2195 2154 rissimum
2229 2100 2302 2155 sit
2343 2115 2493 2153 mera
2527 2101 2743 2154 illorum
2791 2102 2990 2158 mentis
3018 2113 3321 2157 commenta
3354 2118 3475 2158 esse

1916 2205 2254 2260 quascunque
2289 2190 2708 2260 proferunt?Ad
2731 2193 2953 2247 alteram
2994 2202 3173 2248 autem
3209 2194 3473 2251 insulsam

1917 2281 2206 2341 admodum
2226 2284 2556 2352 stultamque
2570 2297 2757 2337 eorum
2776 2285 3154 2353 quaestionem,
3169 2301 3330 2355 quam
3350 2301 3476 2356 pro-

1916 2388 2126 2443 ponunt
2156 2375 2514 2437 mulierculis,
2543 2374 2679 2427 nihil
2712 2390 2930 2444 quoque
2958 2376 3101 2429 aliud
3150 2379 3477 2446 respondere

1917 2471 2210 2529 oporteret,
2244 2478 2406 2531 quam
2455 2478 2576 2530 qua:
2633 2479 2797 2533 supra
2832 2480 2864 2518 a
2896 2464 3052 2518 nobis
3080 2465 3194 2534 jam
3233 2475 3362 2520 sunt
3397 2468 3477 2521 di-

1916 2561 2024 2615 cta,
2058 2565 2252 2619 nempe
2279 2566 2387 2604 non
2418 2550 2614 2605 debere
2644 2565 2745 2606 nos
2777 2553 3017 2617 modum,
3054 2568 3163 2622 quo
3205 2553 3346 2609 Deus
3392 2557 3474 2626 gi-

1918 2643 2053 2713 gnit.
2083 2642 2367 2697 hominum
2404 2653 2601 2699 natura
2640 2645 2840 2699 metiri.
2882 2645 2953 2700 Ut
2978 2655 3159 2699 tamen
3189 2646 3352 2700 etiam
3388 2648 3477 2703 hic

1917 2734 2127 2803 seipsos
2158 2744 2425 2803 cogantur
2453 2734 2842 2800 condemnare,
2893 2735 3038 2790 haud
3070 2737 3139 2790 ah
3173 2752 3232 2790 re
3270 2739 3375 2791 erit
3407 2754 3472 2793 ex

1918 2825 2023 2889 his,
2058 2840 2180 2895 quae
2210 2825 2311 2894 ipsi
2344 2834 2674 2894 proponunt,
2703 2826 2810 2881 illis
2840 2826 2943 2880 hoc
2974 2827 3136 2880 modo
3166 2842 3475 2883 occurrere.

1916 2913 2118 2985 Nempe
2146 2916 2193 2970 si
2228 2905 2481 2986 parentes
2521 2917 2590 2972 de
2621 2915 2759 2971 Filio
2790 2918 2956 2971 velint
2984 2932 3209 2987 prorsus
3243 2920 3469 2974 interro-

1917 3021 2064 3077 gare,
2121 3007 2425 3077 intelligant
2462 3009 2564 3078 ipsi
2609 3009 2751 3062 unde
2781 3009 2852 3063 sit
2899 3009 3043 3065 [ilius
3090 3011 3183 3079 qui
3216 3010 3474 3081 gignitur.

245 3102 664 3171 ἀπαράλλακτον
692 3102 846 3173 ἔσχεν
891 3100 1266 3166 είκόνα,«’ί›στε
1308 3102 1494 3156 τοῦτον
1543 3104 1599 3157 ὲν
1627 3104 1818 3174 ἐκείνῳ

1927 3098 2032 3154 Etsi
2062 3099 2206 3153 enim
2250 3100 2464 3170 genitor
2494 3099 2663 3153 tilium
2699 3115 2808 3153 non
2840 3100 3001 3154 habet
3032 3110 3319 3170 antequam
3350 3117 3474 3156 eum
3556 3088 3572 3098 ’

245 3193 569 3264 βλέπεσθαι,
604 3197 854 3249 κάκεῖνον
882 3196 940 3248 ὲν
962 3193 1132 3264 τούτῳ
1160 3192 1497 3265 θεωρεῖσθαι.
1536 3195 1600 3247 El
1639 3195 1817 3249 τοίνυν

1927 3191 2200 3260 genuerit:
2235 3201 2415 3246 tamen
2462 3202 2750 3260 postquam
2785 3206 2910 3246 eum
2948 3192 3217 3257 habuerit,
3267 3210 3374 3248 non
3416 3196 3477 3248 il-

244 3285 306 3337 ὲν
333 3283 445 3338 τῶν
471 3284 824 3357 ἀνθρωπίνων
852 3284 1306 3357 παραδειγμάτων
1360 3284 1470 3356 (84)
1504 3285 1597 3338 τὸν
1626 3286 1816 3357 χρόνον

1927 3279 2028 3332 lum
2059 3288 2206 3334 certe
2230 3279 2590 3343 extrinsecus,
2637 3293 2736 3333 nec
2767 3279 3025 3344 alienum,
3050 3280 3141 3336 sed
3170 3296 3241 3336 ex
3271 3283 3477 3352 seipse.

242 3375 354 3430 τῶν
376 3375 686 3444 γεννώντων
738 3376 1090 3449 λαμϐάνουσι,
1124 3377 1212 3430 διὰ
1254 3378 1307 3430 τί
1346 3376 1419 3448 μὴ
1467 3380 1531 3430 ὲκ
1570 3378 1677 3432 τῶν
1716 3379 1815 3432 αὐ-

1927 3370 2307 3440 propriumque
2359 3385 2474 3425 suae
2515 3379 2746 3433 natum,
2800 3380 2964 3440 atque
3002 3372 3086 3424 sui
3139 3371 3470 3430 simillimam

241 3466 356 3521 τῶν
385 3467 494 3538 (85)
539 3469 635 3522 καὶ
670 3468 730 3521 τὸ
762 3470 902 3523 κατὰ
928 3469 1087 3540 φύσιν
1127 3470 1221 3523 καὶ
1270 3467 1330 3521 τὸ
1369 3469 1498 3524 ἴδιον
1527 3468 1818 3541 ἐνθυμοῦν-

1927 3462 2208 3532 imaginem
2254 3461 2464 3528 habuit,
2494 3462 2567 3515 ita
2599 3471 2656 3514 ut
2698 3462 2786 3515 ille
2813 3462 2865 3514 in
2901 3462 3037 3531 ipso,
3068 3471 3121 3517 et
3151 3464 3265 3532 ipse
3289 3464 3343 3518 in
3382 3465 3474 3518 illo

236 3575 336 3612 ται
368 3557 477 3611 τῶν
502 3558 707 3612 τέκνων
730 3559 865 3631 πρὸς
911 3561 1037 3625 τοὺς
1063 3560 1275 3629 γονέας,
1329 3560 1464 3613 ἀλλὰ
1511 3561 1649 3615 κατὰ
1693 3560 1818 3625 τοὺς

1927 3553 2183 3605 rideatur.
2216 3549 2274 3603 Si
2318 3552 2482 3621 igitur
2531 3551 2787 3606 humanis
2831 3554 3093 3621 exemplis
3123 3562 3334 3624 tempus
3363 3558 3477 3627 gig-

241 3648 401 3718 ὄφεις
433 3649 593 3720 μόνον
646 3650 708 3703 τὸ
761 3651 893 3722 πρὸς
918 3651 1008 3704 τὸν
1042 3652 1118 3705 ἰὸν
1140 3651 1440 3722 ἐπιτήδειον
1472 3653 1537 3704 ἐκ
1586 3652 1683 3723 τῆς
1716 3654 1818 3724 γῆς

245 3739 580 3807 ἐκλέγονταις
603 3739 745 3792 Ἔδει
759 3740 815 3794 δὲ
831 3740 1259 3810 πυνθανομένους
1277 3741 1473 3805 αὐτοὺς
1491 3740 1689 3809 γονέων
1707 3741 1818 3813 (86)

245 3831 342 3883 καὶ
368 3829 642 3899 λέγοντας,
662 3831 774 3883 Οὐκ
802 3826 942 3901 εἶχες
966 3832 1078 3883 υἱὸν
1104 3831 1232 3902 πρὶν
1256 3832 1517 3903 γεννήσῃς
1545 3830 1822 3902 ;προσθεῖ-

246 3939 336 3975 ναι
402 3922 496 3975 καὶ
545 3922 735 3983 εἰπεῖν,
778 3922 900 3976 Ἐὰν
936 3922 993 3975 δὲ
1029 3925 1161 3993 σχῇς
1192 3923 1325 3986 υἱὸν,
1379 3918 1490 3992 ἆρά
1517 3939 1579 3992 γε
1621 3922 1818 3987 ἔξωθεν

244 4011 440 4085 ὥσπερ
464 4012 660 4076 οἰκίαν,
691 4012 800 4082 ῆτι
828 4013 1010 4084 ἕτερον
1055 4014 1237 4084 κτῆμα
1270 4012 1586 4085 άγοράζεις;
1617 4014 1704 4067 ἵνα
1737 4030 1817 4066 σοι

247 4100 632 4171 ἀποκρίνηται·
670 4102 783 4153 οὐκ
812 4100 1030 4167 ἔξωθεν,
1058 4102 1169 4155 ἀλλ’
1191 4102 1249 4168 ἐξ
1277 4101 1409 4172 ἐμοῦ
1439 4103 1574 4154 ἐστὶ.
1606 4101 1686 4154 Τὰ
1720 4102 1819 4172 μὲν

245 4189 359 4260 γὰρ
378 4187 576 4253 ἔξωθεν
598 4189 849 4259 κτήματά
875 4190 1012 4253 ἐστι,
1042 4189 1135 4242 καὶ
1161 4190 1253 4258 ἀφ’
1286 4188 1469 4261 ἐτέρου
1506 4190 1588 4252 είς
1631 4188 1821 4262 ἓτερον

250 4278 650 4350 μετέρχεται·ὁ
699 4278 756 4331 δὲ
804 4279 916 4343 υίὸς
964 4278 1023 4344 ἐξ
1077 4278 1208 4350 ἐμοῦ
1267 4281 1401 4343 ἐστι,
1431 4280 1524 4333 καὶ
1555 4279 1656 4349 τῆς
1683 4280 1821 4350 ἐμῆς

250 4371 436 4433 οὐσίας
462 4369 591 4433 ἴδιος
622 4369 715 4422 καὶ
732 4370 937 4439 ὅμοιος,
963 4372 1062 4423 οὐκ
1092 4372 1183 4440 ἀφ’
1207 4370 1393 4442 ἐτέρου
1422 4373 1503 4434 εις
1545 4371 1645 4440 ἐμὲ
1667 4387 1824 4439 γεγο·

251 4460 357 4524 νὼς
400 4460 531 4533 (87),
573 4460 685 4514 ἀλλ’
728 4459 788 4526 ἐξ
847 4459 980 4532 ἐμοῦ
1022 4462 1436 4533 γεγεννημένος·
1488 4462 1567 4516 διὸ
1616 4464 1710 4515 καὶ
1764 4464 1821 4516 έν

250 4554 445 4624 ὲκείνῳ
471 4553 589 4617 ὅλος
610 4554 747 4624 είμὶ,
777 4552 953 4624 μένων
982 4553 1142 4617 αὐτος
1171 4555 1199 4607 ὅ
1221 4556 1355 4625 ειμι.
1376 4555 1533 4608 Οὕτω
1559 4553 1666 4626 γὰρ
1683 4554 1817 4624 ἔχει’

324 4841 439 4927 (Τξ)
471 4840 718 4927 Seguer.,
742 4842 1022 4915 ῥηματίων
1044 4844 1266 4900 τούτων.
1293 4844 1449 4898 Gubl.
1478 4853 1531 4898 et
1553 4842 1731 4899 Felck.
1763 4845 1813 4907 Ι,
1848 4849 1891 4903 D

263 4912 529 4984 ρηιέᾲτιρν
560 4912 784 4984 τρύτωύ·

326 4980 440 5054 (⁷78)
467 4980 1082 5054 Sic_Seguer.,Gobler.,
1109 4983 1385 5054 Felclst
1418 4992 1472 5038 et
1499 4983 1630 5054 Reg.
1652 4982 1814 5054 Editi,

253 5048 492 5125 Τίτίνος
526 5048 618 5125 οῦν
640 5048 814 5125 ﬁgat,
844 5063 949 5125 etc.
984 5054 1157 5125 _Paulo
1187 5063 1310 5125 post
1347 5048 1616 5125 Seguer;
1629 5052 1817 5125 χρείαν

254 5121 775 5196 ᾁποπληροῦνλῒῂᾶ.
801 5124 941 5196 idem
975 5121 1223 5196 Seguerl,
1254 5121 1469 5196 Gobler.
1505 5133 1558 5177 et
1578 5121 1812 5177 Felcktn.

256 5194 311 5256 1,
336 5191 648 5266 αάμφόλιερα.
685 5191 825 5266 Εόῃί
848 5210 987 5266 vero
1016 5191 1073 5249 ei
1096 5196 1209 5266 alii,
1229 5195 1558 5266 ἀμφότεροι.

252 5259 439 5397 ζο(79)
480 5259 729 5333 ὃεὲυετη
762 5263 977 5321 Gobler.
1010 5273 1065 5320 et
1100 5259 1343 5320 Felckm.
1376 5259 1819 5329 1,“κατασκευά-

317 5348 461 5395 ντος.

284 5347 461 5395 οντος.

351 5401 446 5478 80)
485 5400 711 5478 δῆμον.
734 5412 817 5478 _et
858 5402 1033 5478 _Reg.,
1077 5403 1432 5478 ἐργάσεσθαι.
1475 5403 1727 5478 _Gobluer:
1763 5410 1819 5456 et

251 5468 493 5526 Felckm.
531 5468 584 5538 1,
615 5468 1239 5543 ὲργάσεσθεήιιὲιῶοὲο.
1266 5474 1439 5541 Editi,
1471 5472 1813 5547 ἐργάζεσθαι.

325 5542 439 5611 (81)
480 5541 731 5611 Seguer.,
758 5543 887 5598 δεῖν.

535 5559 731 5609 rguer.,
758 5559 887 5598 οειν.

329 5542 439 5613 (81)
480 5542 731 5614 Seguer.,
758 5543 887 5598 δεῖν.
1505 5542 1518 5547 ”
1554 5542 1557 5543 ⁷

329 5610 576 5686 (82)_Sic
624 5612 875 5686 segnem,
907 5611 1062 5686 Πομ
1100 5614 1263 5671 Basil.
1290 5621 1345 5669 et
1378 5612 1616 5672 Feiekm.
1660 5612 1716 5669 Β.
1760 5612 1817 5667 In

253 5682 416 5737 editis
440 5681 593 5739 deest
617 5681 815 5738 αὐτῶν.

1914 3643 2156 3696 nentiutn
2192 3640 2475 3704 deﬁniunt,
2502 3656 2601 3696 cur
2632 3658 2736 3696 non
2784 3658 2850 3697 ex
2896 3644 3085 3698 iisdem
3122 3644 3262 3700 ﬁlius
3285 3656 3475 3702 natura

1920 3734 2125 3787 similes
2153 3735 2508 3802 prapriosque
2540 3749 2765 3787 suorum
2800 3743 3082 3804 parentum
3131 3751 3251 3791 esse
3293 3738 3475 3807 perci-

1919 3823 2106 3892 piunt;
2135 3823 2229 3878 sed
2261 3823 2421 3894 3.5.0
2461 3833 2771 3892 serpentum
2819 3839 2989 3886 more,
3019 3826 3070 3878 id
3121 3827 3296 3881 solum
3327 3828 3472 3897 quod

1920 3929 2128 3969 veneno
2154 3922 2337 3983 aptum
2367 3924 2449 3969 est
2474 3923 2666 3968 eterra
2691 3914 2957 3981 seligunt?
2980 3915 3121 3970 Sane
3146 3933 3268 3970 cum
3292 3918 3366 3973 illi
3382 3934 3478 3988 pa-

1921 4014 2099 4061 rentes
2145 4006 2228 4061 his
2270 4006 2450 4061 verbis
2490 4007 2914 4077 interrogabant,
2960 4005 3276 4063 Habuistine
3305 4010 3476 4066 illium

1919 4108 2207 4167 antequam
2244 4098 2529 4169 gigneres?
2565 4100 2678 4153 lucc
2701 4107 3014 4167 oportuerat
3041 4101 3256 4168 addere,
3286 4103 3342 4157 Si
3375 4104 3475 4158 ha-

1921 4189 2017 4243 bes
2047 4188 2237 4254 tilium,
2278 4205 2408 4242 num
2438 4189 2799 4250 extrinsecus,
2830 4189 2978 4244 velut
3014 4189 3232 4246 domum
3264 4202 3357 4247 aut
3376 4192 3478 4247 ali-

1920 4279 2049 4346 quid
2088 4278 2234 4332 aliud
2276 4278 2454 4333 emis?
2491 4287 2551 4332 ut
2579 4279 2785 4333 scilicet
2808 4279 2902 4333 tibi
2946 4283 3317 4351 responderet,
3359 4282 3476 4339 Non

1919 4369 2285 4433 extrinsecus,
2314 4369 2407 4423 sed
2436 4384 2502 4423 ex
2534 4385 2619 4423 me
2648 4380 2751 4423 est.
2803 4370 2933 4437 Qua:
2965 4372 3109 4426 enim
3137 4375 3478 4432 extrinsecus

1922 4460 2208 4524 habentur,
2241 4459 2611 4528 possessiones
2644 4468 2790 4525 sunt,
2813 4470 2973 4531 atque
2995 4464 3063 4517 ab
3088 4465 3195 4520 alio
3217 4465 3283 4519 ad
3308 4465 3472 4521 alium

1924 4557 2244 4605 transeunt:
2272 4558 2327 4603 at
2347 4548 2490 4604 (ilius
2516 4565 2582 4604 ex
2617 4566 2701 4606 me
2724 4561 2824 4616 est,
2858 4567 3095 4623 meaeque
3123 4563 3331 4610 natura:
3352 4571 3477 4626 pro-

1988 4842 2098 4913 (85)
2141 4841 2365 4913 Seguer.
2389 4881 2403 4907 ,
2439 4839 2744 4913 teges—.06.
2765 4838 2925 4913 AEdAiti‘
2955 4847 3010 4894 et
3038 4839 3163 4913 alii,
3194 4840 3253 4906 ἐξ
3288 4839 3474 4897 αὐτοῦ.

1998 4908 2109 4982 (8.1)
2132 4908 2366 4984 rGo'bler.
2401 4918 2456 4965 et
2482 4908 2719 4984 F_elckm.
2754 4911 2780 4964 1
2801 4952 2815 4975 ,
2838 4909 3189 4982 ἀνθρωπίνων
3217 4913 3479 4984 πραγμά-

1921 4979 2027 5035 των
2060 4979 2658 5052 καὶ-παραδειγμάτων.

1997 5051 2108 5119 (85)
2150 5049 2240 5121 Sic
2265 5047 2404 5106 mss.
2430 5047 2769 5121 Editi‘vero,
2798 5047 2888 5121 διὰ
2915 5047 2968 5101 τί
3011 5047 3116 5121 μὴν
3145 5048 3210 5101 ὲκ
3239 5048 3348 5102 τῶν
3379 5052 3480 5106 αὒ-

1923 5114 2058 5175 τῶνο
2094 5114 2275 5175 αὐτῶν
2310 5123 2463 5175 abest
2495 5135 2525 5173 a
2557 5118 2792 5172 Felckm.
2814 5119 2867 5171 2.

1994 5191 2104 5265 (86)
2145 5191 2235 5265 S_i_c
2278 5189 2408 5265 Reg.
2440 5199 2504 5265 _et
2545 5187 2769 5265 Seguer.
2810 5189 2886 5265 At
2913 5186 3042 5242 editi
3060 5186 3313 5265 ,__t_1t?roiic
3354 5207 3481 5265 περι

1959 5258 2141 5330 ονέων.
2170 5259 2292 5314 Mox
2319 5258 2549 5330 Aiiglic.,
2590 5258 2720 5327 πρὶν
2751 5258 3019 5330 ⁸γενήσῃς.
3047 5258 3200 5330 _lbid.
3233 5258 3481 5330 Seguer'.,

1959 5278 2141 5315 ονεων.
2170 5278 2292 5314 mox
2319 5278 2549 5330 nugnc.,
2590 5278 2720 5327 πριν
2765 5278 3019 5328 γενησῃς.
3069 5278 3200 5312 ιυιιι.
3234 5278 3455 5330 aeguer.

1921 5278 2086 5402 Reg”
2111 5329 2295 5402 Ba‘silq
2331 5330 2565 5402 Anglia,
2600 5327 2931 5402 προσθεῖναι.
2968 5324 3205 5402 Fel_ckm.
3242 5330 3297 5392 5,
3319 5347 3461 5402 προσ

1925 5397 2104 5471 θῆναι.
2151 5398 2342 5471 Editio
2371 5397 3001 5471 Cornutel.,_7:poeaiv¢t.
3049 5398 3276 5470 Seguer.
3324 5397 3481 5466 ibid.,

1923 5466 2243 5554 massam:
2278 5470 2391 5522 υίδν
2417 5466 2770 5554 assuev-

1995 5519 2240 5607 (87)7§i'e
2270 5519 2404 5592 mss.
2422 5519 2571 5593 _Editi
2592 5519 3020 5607 ’νενοξγέγονεψ
3049 5535 3409 5607 Μαι-Αηειίο,
3433 5560 3482 5606 εί

1923 5605 2161 5663 Felckm.
2210 5609 2296 5693 5,”
2316 5607 2453 5670 ὅλως
2505 5607 2639 5695 εἰμί..
2698 5605 2829 5662 Ibid.
2882 5606 3132 5730 δέξησθε..
3169 5605 3385 5663 Gobler.
3432 5605 3481 5675 εί

1925 5677 2161 5730 Felekm.
2190 5678 2242 5730 1.
2269 5677 2387 5730 ολος
2409 5678 2541 5730 ειμι.
2571 5680 2724 5730 Ουτω
2751 5678 2859 5730 γὰο
2890 5694 2961 5730 κα
3018 5676 3149 5730 (yet.

1925 5677 2161 5733 Felckm.
2190 5678 2242 5739 1,
2269 5677 2387 5739 ὅλος
2409 5678 2541 5747 ειμι.
2563 5676 2724 5731 Ὀὕτω
2751 5678 2859 5749 γὰρ
2890 5676 2985 5731 καὶ
3018 5676 3149 5747 ἔχει.
