3850 6218
376 259 442 309 ιΠ
945 256 1004 310 S.
1048 249 1418 307 ATHANASII
1457 248 1606 305 OPP.
1649 244 1829 301 PARS
1863 246 1904 299 l.
1944 272 2012 282 —
2050 239 2419 298 HISTORICA
2457 240 2545 297 ET
2586 239 3010 297 DOGMATICA.
3538 238 3606 293 68

369 380 531 451 prius
584 385 668 434 est
715 393 781 433 ac
812 376 1041 440 similis,
1087 389 1198 428 non
1243 389 1306 427 ex
1351 372 1458 426 alio
1502 372 1556 425 in
1599 385 1686 424 me
1725 368 1937 435 factus,

2049 368 2145 420 κᾶν
2172 368 2201 418 6
2220 366 2409 435 γονεὺς
2438 366 2515 437 τῷ
2538 365 2717 436 χρόνῳ
2740 364 2969 435 διαφέρῃ
3009 361 3142 434 (88),
3199 363 3275 425 ὡς
3327 360 3611 434 ἄνθρωπος

340 482 347 508 ί
368 472 470 524 sed
488 486 553 524 ex
584 485 672 524 me
693 468 935 540 genitus:
959 466 1097 520 unde
1124 472 1267 518 totus
1290 471 1344 516 et
1362 463 1572 532 integer
1599 461 1653 514 in
1680 461 1772 514 illo
1793 476 1938 527 sum,

371 577 606 615 'manens
632 560 747 629 ipse
772 558 916 628 quod
945 572 1085 611 sum.
1110 553 1314 623 Nempe
1343 554 1418 607 ita
1446 569 1506 608 se
1527 568 1612 608 res
1634 552 1794 607 habet
1819 571 1832 607 :
1858 560 1942 607 ta-

372 653 537 707 .metsi
571 652 783 721 genitor
816 661 1057 717 tempore
1093 661 1123 700 a
1158 647 1270 700 ﬁlio
1297 644 1494 711 diﬂ'ert,
1528 652 1588 699 ut
1616 645 1802 709 homo,
1845 643 1938 712 qui

370 750 433 795 .et
466 742 580 810 ipse
608 752 826 809 quoque
859 740 911 790 in
949 745 1190 805 tempore
1214 742 1374 789 natus
1406 743 1519 800 est;
1563 734 1727 789 simul
1755 743 1937 790 tamen

372 847 590 900 semper
619 844 801 884 secum
833 828 1180 882 exsistcntem
1218 826 1388 880 ﬁlium
1421 827 1585 880 etiam
1624 825 1740 894 ipse
1770 824 1939 879 habe-

372 933 478 986 ‘ret,
499 922 600 976 nisi
627 920 867 975 obstaret
890 927 1322 988 repugnaretque
1347 926 1556 970 natura:
1574 916 1935 970 imbecillitas.

370 1011 513 1066 'Hinc
549 1010 672 1066 Levi
706 1020 817 1064 tum
846 1011 1064 1079 quidem
1091 1010 1143 1062 in
1177 1009 1376 1063 lumbis
1418 1009 1606 1078 proavi
1630 1016 1782 1072 erat,
1813 1023 1938 1062 cum

369 1103 616 1157 :nondum
646 1104 761 1172 ipse
789 1111 935 1155 esset
962 1101 1197 1169 genitus,
1228 1113 1461 1168 eumque
1483 1112 1616 1152 avus
1640 1096 1935 1168 genuisset.

2046 462 2105 512 έν
2132 459 2308 529 χρόνῳ
2336 460 2429 511 καὶ
2461 458 2620 520 αὐτὸς
2645 454 2901 524 γεγονώς
2950 454 3063 508 ἀλλ’
3091 454 3245 524 ἔσχεν
3279 453 3347 506 ἂν
3381 455 3475 506 καὶ
3517 454 3613 506 αὑ-

2047 549 2138 613 τὸς
2160 550 2246 602 ἀεὶ
2272 548 2610 620 συνυπάρχον
2628 547 2690 599 τὸ
2714 547 2923 610 τέκνον,
2972 547 3021 598 εί
3076 545 3150 616 μὴ
3173 547 3206 616 ἡ
3238 544 3397 613 φύσις
3431 546 3619 597 ἐνεπό-

2045 640 2159 704 διζε
2192 641 2287 694 καὶ
2313 637 2516 693 ἐκώλυε
2550 639 2611 691 τὸ
2638 636 2913 691 δύνασθαι.
2938 637 3048 689 Καὶ
3072 637 3180 707 γὰρ
3205 637 3299 689 καὶ
3325 639 3353 689 6
3383 633 3516 689 Λευῒ
3540 636 3618 689 ἑτι

2043 728 2112 801 ἦν
2144 733 2201 785 ἐν
2229 734 2293 802 τῇ
2321 731 2481 800 ὀσφύῖ
2506 728 2601 783 τοῦ
2622 731 2975 801 προπάππου,
3022 729 3151 800 πρὶν
3177 729 3339 792 αὐτὸς
3359 729 3615 799 γεννηθῇ,

2045 826 2138 878 καὶ
2165 827 2194 878 6
2225 824 2449 887 πάππος
2473 825 2728 896 γεννήσῃ.
2759 824 2920 876 Ὅταν
2970 818 3062 876 οὖν
3092 822 3201 892 (89)
3226 824 3306 886 είς
3333 821 3479 875 τοῦθ’
3503 822 3615 891 ἡλι-

2046 916 2170 979 κίας
2202 915 2312 986 (90)
2359 915 2501 969 ἔλθοι
2531 916 2560 968 6
2590 915 2892 987 ἄνθρωπος,
2946 916 3004 967 ὲν
3111 915 3206 967 καὶ
3242 914 3303 966 τὸ
3328 912 3554 967 δυνατὸν
3582 916 3617 985 ἡ

2046 1009 2206 1078 φύσις
2257 1007 2507 1080 παρέχει,
2562 1006 2720 1069 εὐθὺς
2779 1005 3151 1077 ἀνεμποδίστῳ
3193 1008 3258 1077 τῇ
3315 1006 3477 1074 φύσει
3515 1023 3619 1059 πα-

2043 1100 2148 1172 τὴρ
2168 1102 2195 1153 6
2215 1099 2497 1170 ἅνθρωπος
2523 1099 2728 1168 γίνεται
2750 1096 2843 1151 τοῦ
2876 1098 2936 1162 ἐξ
2959 1095 3147 1149 ἑαυτοῦ
3169 1095 3278 1167 (91)
3313 1095 3453 1151 υίοῦ.

368 1196 643 1264 Quocirca
674 1209 797 1248 cum
840 1194 1005 1246 homo
1033 1192 1084 1246 id
1131 1191 1306 1246 aetatis
1360 1190 1627 1260 attigerit,
1680 1190 1733 1244 in
1802 1204 1909 1259 qua
1975 1194 2265 1261 generandi
2317 1192 2626 1248 facultatem
2675 1192 2863 1246 tribuit
2910 1198 3137 1254 natura,
3182 1189 3365 1244 statim
3427 1189 3612 1256 homo,

369 1299 568 1343 natura
597 1287 665 1341 ab
691 1285 838 1341 omni
864 1284 975 1353 jam
1005 1282 1166 1336 libera
1194 1281 1599 1351 impedimento,
1621 1280 1715 1333 filii
1739 1280 1833 1349 qui
1858 1293 1925 1334 ex
1960 1281 2079 1352 ipso
2109 1291 2191 1337 est
2220 1283 2279 1336 tit
2313 1291 2481 1352 pater.

444 1383 543 1437 27.
568 1381 752 1450 Itaque
782 1379 827 1434 si
854 1386 1104 1448 parentes
1127 1377 1193 1431 de
1220 1375 1453 1445 propriis
1484 1375 1944 1444 interrogaverint

372 1474 582 1539 liberis,
614 1469 1089 1540 compererintque
1121 1469 1261 1523 lilios
1295 1467 1573 1522 naturales
1598 1483 1707 1521 non
1737 1467 1942 1521 extrin-

369 1581 536 1622 secus
586 1564 757 1628 nasci,
806 1563 900 1617 sed
931 1577 996 1615 ex
1027 1560 1375 1630 parentibus;
1416 1559 1690 1613 fateantur
1722 1573 1942 1628 quoque

2117 1377 2206 1430 27.
2243 1376 2449 1430 Οὐκοῦν
2473 1378 2521 1428 εί
2571 1375 2770 1443 γονέων
2825 1375 2953 1445 περὶ
2975 1374 3179 1427 τέκνων
3209 1372 3491 1437 ἐπύθοντο,
3525 1374 3621 1428 καὶ

2048 1469 2287 1538 ἔγνωσαν
2315 1471 2397 1522 ὅτι
2416 1468 2482 1521 τὰ
2505 1467 2663 1536 φύσει
2711 1467 2875 1519 τέκνα
2903 1466 3003 1518 οὐκ
3046 1466 3243 1532 ἔξωθεν
3268 1466 3381 1519 ἀλλ’
3415 1467 3481 1519 ὲκ
3512 1464 3621 1519 τῶν

2047 1563 2247 1630 γονέων
2276 1562 2431 1614 εἰσίν’
2467 1559 2893 1631 ὀμολογείτωσαν
2925 1559 3019 1611 καὶ
3046 1557 3287 1630 περὶτοῦ
3315 1559 3492 1627 Λόγου
3524 1558 3621 1612 τοῦ

380 1656 543 1726 igitur
568 1653 803 1708 Verbum
834 1652 927 1707 Dei
959 1663 1132 1707 totum
1164 1666 1285 1707 esse
1311 1666 1376 1705 ex
1410 1649 1592 1704 Patre.
1622 1649 1780 1716 Quod
1811 1651 1854 1704 si
1877 1650 1941 1704 de

2049 1656 2207 1717 Θεοῦ,
2240 1656 2320 1708 ὃτι
2345 1654 2479 1717 ὅλως
2509 1653 2616 1724 (9‘2)
2646 1655 2709 1705 ἐκ
2769 1652 2864 1705 τοῦ
2916 1652 3128 1724 Πατρός
3160 1653 3294 1705 ἐστι.
3328 1653 3437 1705 Kal.
3492 1654 3622 1724 περὶ

371 1756 619 1817 tempore
641 1752 858 1799 movent
883 1743 1271 1811 difﬁcultatem,
1299 1742 1661 1812 respondeant
1681 1743 1942 1811 quidnam

381 1836 497 1892 Dco'
514 1838 685 1906 possit
709 1852 827 1891 esse
853 1835 1272 1905 impedimento?
1309 1834 1413 1889 Par
1430 1835 1574 1889 enim
1609 1843 1692 1889 est
1721 1848 1838 1897 eos,
1876 1848 1942 1888 ex

374 1925 463 1979 hi‘s
491 1924 625 1993 ipsis
646 1939 766 1993 qua:
794 1924 1020 1978 ridendo
1041 1935 1313 1993 quaerunt,
1349 1923 1643 1993 impietatis
1666 1923 1938 1977 convinci.

372 2013 571 2067 Dicant
610 2015 796 2082 igitur,
857 2014 987 2083 quid
1031 2014 1289 2083 impediat
1331 2014 1628 2083 quominus
1685 2013 1826 2068 Deus
1873 2014 1944 2068 sit

379 2120 588 2173 semper
604 2104 723 2157 Filii
753 2104 947 2158 Pater?
978 2103 1109 2159 Nam
1142 2121 1458 2161 concessum
1482 2116 1584 2169 est,
1611 2107 1663 2161 id
1690 2107 1835 2176 quod
1859 2107 1940 2176 gi-

369 2196 561 2266 gnitur
592 2212 657 2251 ex
688 2205 838 2265 patre
879 2212 1020 2251 esse.
1073 2195 1145 2250 Ut
1176 2206 1357 2251 autem
1404 2197 1458 2251 bi
1492 2199 1584 2268 qui
1612 2198 1717 2253 ista
1745 2197 1812 2252 de
1836 2196 1943 2253 Deo

376 2287 656 2354 cogitant,
686 2286 740 2340 in
786 2287 996 2355 seipsos
1043 2284 1223 2341 {erant
1265 2288 1632 2342 sententiam:
1674 2288 1943 2356 quemad-

379 2373 597 2426 modum
631 2372 731 2442 ipsi
771 2373 1024 2428 mulieres
1052 2374 1119 2428 de
1142 2384 1386 2444 tempore
1412 2377 1839 2445 interrogavere,
1862 2377 1941 2431 sic

370 2465 546 2518 solem
576 2464 643 2518 de
668 2479 768 2519 suo
795 2464 1106 2534 splendore,
1130 2465 1342 2521 fontem
1373 2467 1439 2522 de
1465 2466 1629 2522 ﬂuvio
1654 2482 1722 2522 ex
1745 2483 1805 2523 se
1827 2483 1943 2521 ma-

379 2564 540 2610 nante
591 2557 943 2627 interrogent,
985 2566 1045 2612 ut
1082 2558 1297 2614 discant
1349 2559 1493 2627 haec,
1537 2561 1787 2630 quamvis
1832 2560 1943 2614 sint

367 2647 507 2716 quid
548 2656 893 2718 prognatum,
924 2663 1138 2717 semper
1168 2664 1292 2703 cum
1334 2649 1443 2705 illis
1482 2665 1606 2706 esse
1646 2667 1709 2706 ex
1744 2652 1943 2721 quibus

370 2736 529 2792 {uere
550 2747 758 2792 exorta.
773 2736 943 2793 Porro
966 2737 1011 2793 si
1036 2737 1344 2809 hujusmodi
1362 2741 1557 2796 accidit
1577 2742 1937 2813 genitoribus,

379 2836 439 2883 ut
467 2828 542 2893 id,
577 2829 721 2898 quod
754 2845 821 2884 ex
848 2830 989 2900 ipsis
1021 2831 1217 2898 oritur,
1242 2841 1297 2885 et
1334 2847 1400 2886 ex
1427 2841 1618 2887 natura
1650 2842 1703 2888 et
1727 2850 1943 2905 semper

378 2920 651 2974 habeant:
692 2937 789 2975 cur
830 2920 997 2974 Deum
1028 2923 1191 2978 rebus
1219 2922 1378 2979 factis
1419 2923 1732 2980 inferiorem
1762 2928 1943 2996 suspi-

2041 1750 2134 1803 τοῦ
2165 1750 2356 1820 χρόνου
2379 1747 2685 1818 ζητοῦντες,
2710 1746 2770 1799 τὸ
2802 1744 3087 1816 ἐμποδίζον
3114 1745 3203 1798 τὸν
3227 1744 3358 1798 Θεὸν
3382 1746 3620 1814 λεγέτω-

2044 1858 2162 1896 σαν.
2195 1841 2313 1913 Χρὴ
2343 1841 2450 1912 γάρ
2472 1841 2529 1907 ἐξ
2550 1833 2624 1894 ὧν
2649 1840 2725 1902 ὡς
2751 1836 3100 1910 χλευάζοντες
3139 1838 3518 1903 ἐπυνθάνοντο,
3556 1839 3620 1892 ἐκ

2042 1932 2245 1986 τούτων
2298 1932 2493 1995 αὐτοὺς
2540 1928 2867 1992 ἀσεϐοῦντας
2916 1927 3230 1998 διελέγχειν.
3292 1927 3621 1982 Είπάτωσαν

2041 2024 2215 2078 τοίνυν
2241 2023 2293 2076 τί
2324 2022 2383 2075 τὸ
2410 2021 2699 2093 ἐμποδίζον
2739 2021 2829 2073 τὸν
2848 2020 2997 2084 Θεὸν,
3026 2020 3111 2073 ἀεὶ
3134 2019 3227 2073 τοῦ
3252 2019 3379 2073 Υἱοῦ
3402 2021 3620 2092 Πατέρα

2042 2116 2204 2171 αὐτὸν
2225 2110 2399 2179 εἷναι;
2428 2114 2500 2166 Τὸ
2530 2114 2639 2184 γὰρ
2673 2116 2737 2166 ὲκ
2795 2111 2998 2182 πατρὸς
3029 2110 3136 2182 (95)
3164 2106 3302 2164 εἶναι
3328 2112 3389 2164 τὸ
3421 2110 3620 2180 γεννώ-

2045 2224 2203 2278 μενον
2240 2204 2602 2276 ὼμολόγηται.
2633 2205 2750 2256 Ἵνα
2802 2202 2857 2254 δὲ
2892 2203 2986 2255 καὶ
3012 2202 3148 2260 ὅλως
3177 2219 3230 2254 τι
3258 2203 3496 2255 τοιοῦτον
3533 2202 3621 2256 λο-

2041 2298 2325 2368 γισάμενοι
2352 2297 2480 2366 περὶ
2508 2295 2598 2347 τὸν
2638 2294 2789 2359 Θεὸν,
2816 2293 3157 2362 καταγνῶσιν
3181 2293 3407 2346 έαυτῶν·
3428 2292 3621 2364 ῶσπερ

2041 2389 2330 2461 ἠρώτησαν
2376 2387 2641 2455 γυναῖκας
2701 2386 2829 2456 περὶ
2878 2383 2986 2437 τῶν
3043 2384 3250 2455 χρόνων
3307 2383 3439 2455 (94),
3475 2383 3627 2464 οὕτω,

2042 2478 2492 2533 πυνθανέσθωσαν
2519 2476 2722 2531 καὶτοῦ
2744 2475 2891 2547 ἡλίου
2916 2476 3044 2548 περὶ
3071 2475 3159 2529 τοῦ
3189 2476 3621 2546 ἀπαυγάσματος

2042 2571 2229 2637 αὐτοῦ,
2260 2573 2353 2625 καὶ
2374 2572 2474 2640 τῆς
2506 2571 2688 2642 πηγῆς
2721 2569 2961 2641 περὶτοῦ
2999 2569 3057 2633 ἐξ
3095 2569 3285 2639 αὐτῆς,
3313 2570 3399 2624 ἵνα
3436 2569 3622 2640 μάθω-

2043 2680 2146 2726 σιν,
2181 2663 2287 2727 ὃτι,
2333 2660 2532 2732 καίπερ
2578 2660 2707 2739 ὄντα
2752 2661 3066 2729 γεννήματα
3113 2656 3306 2721 ταῦτα,
3343 2659 3460 2712 ἐστὶ
3505 2658 3622 2729 (95)

2042 2758 2136 2810 καὶ
2167 2756 2251 2808 ἀεὶ
2285 2756 2381 2809 σὺν
2435 2753 2682 2816 ἐκείνοις,
2717 2752 2776 2816 ἐξ
2808 2744 2882 2805 ὧν
2925 2751 3017 2804 καί
3065 2752 3219 2804 εἰσιν.
3257 2751 3320 2803 Εἰ
3349 2750 3405 2804 δὲ
3430 2751 3522 2804 καὶ
3555 2751 3622 2803 τὸ

2043 2844 2203 2914 φύσει
2233 2845 2325 2898 καὶ
2356 2844 2417 2897 τὸ
2452 2844 2538 2896 ἀεὶ
2564 2844 2612 2896 οἱ
2653 2840 2886 2895 τοιοῦτοι
2945 2844 3120 2909 γονεῖς
3148 2840 3329 2912 έχουσι
3360 2841 3496 2911 πρὸς
3546 2842 3621 2895 τὰ

2039 2936 2225 3003 τέκνα,
2259 2936 2348 2989 διὰ
2385 2935 2438 2988 τί
2467 2935 2557 2988 τὸν
2600 2934 2731 2987 Θεὸν
2764 2934 3022 2987 ἐλάττονα
3065 2934 3169 2987 τῶν
3205 2934 3447 3005 γενητῶν
3501 2934 3618 3005 (96)

370 3021 584 3077 cantes,
615 3028 721 3065 non
756 3015 994 3082 apertius
1035 3030 1187 3069 suam
1227 3017 1941 3087 expromuntimpietatem?

2049 3026 2415 3088 ὑπονοοῦντες,
2450 3025 2511 3078 οὐ
2565 3023 2939 3096 φανερώτερον
2990 3024 3196 3076 ἑαυτῶν
3233 3025 3332 3095 τὴν
3365 3022 3623 3079 ἀσέϐειαν

368 3103 586 3171 Quodsi
634 3105 686 3160 id
742 3106 917 3174 palam
965 3122 1074 3159 non
1118 3105 1321 3162 audent
1361 3109 1559 3176 dicere,
1591 3124 1941 3164 concessum-

378 3213 486 3267 que
519 3206 775 3267 praeterea
829 3206 911 3251 est
954 3197 1153 3252 Filium
1196 3214 1304 3253 non
1351 3200 1712 3265 extrinsecus,
1741 3202 1835 3256 sed
1872 3216 1940 3256 ex

371 3291 537 3347 Patre
565 3291 884 3346 naturaliter
924 3293 1096 3358 nasci,
1133 3308 1233 3348 nec
1260 3293 1495 3364 denique
1528 3294 1823 3364 quidquam
1857 3303 1943 3348 est

368 3400 488 3453 quo
522 3382 664 3438 Deus
695 3383 945 3452 impediri
990 3385 1164 3452 possit
1193 3401 1206 3437 :
1254 3384 1386 3452 (nec
1423 3385 1564 3439 enim
1595 3385 1831 3441 hominis
1866 3386 1941 3442 si-

380 3475 524 3529 milis
545 3483 629 3528 est
656 3474 795 3529 Deus
825 3492 838 3528 :
876 3475 986 3529 imo
1013 3476 1123 3530 sole
1145 3475 1318 3544 major
1340 3484 1442 3542 est,
1473 3476 1556 3530 vel
1582 3477 1765 3547 potius
1796 3477 1939 3534 Deus

377 3576 465 3623 est
493 3568 702 3635 solisz)
733 3569 1078 3639 perspicuum
1126 3583 1255 3624 sane
1298 3568 1465 3623 fuerit
1507 3579 1558 3624 et
1612 3586 1679 3624 ex
1722 3572 1839 3641 ipso
1889 3581 1943 3627 et

371 3672 504 3711 cum
536 3658 652 3727 ipso
692 3655 852 3711 Patre
884 3673 1096 3727 semper
1134 3674 1241 3712 una
1268 3660 1528 3714 exsistere
1554 3657 1814 3724 Verbum,
1847 3676 1943 3731 per

380 3750 524 3820 quod
549 3748 734 3803 omnia
760 3765 881 3819 qua:
914 3758 1071 3804 antea
1092 3765 1202 3804 non
1229 3761 1383 3806 erant
1412 3752 1538 3807 fecit
1577 3752 1735 3808 Pater
1761 3762 1821 3809 ut
1856 3770 1942 3808 es-

371 3849 519 3896 sent.
572 3841 759 3911 Itaque
797 3840 993 3909 Filium
1035 3857 1142 3896 non
1189 3857 1256 3896 ex
1295 3843 1486 3906 nihilo,
1537 3844 1630 3900 sed
1676 3854 1939 3901 aeternum

380 3940 542 4002 atque
564 3946 629 3987 ex
654 3932 812 3988 Patre
832 3949 974 3997 esse,
997 3949 1086 3988 res
1111 3934 1223 4003 ipsa
1245 3935 1604 3990 demonstrat:
1624 3946 1786 4007 atque
1807 3938 1941 3993 adeo

377 4025 470 4078 illa
494 4024 870 4079 haereticorum
894 4025 1267 4097 interrogatio,
1287 4042 1393 4097 qua
1425 4036 1676 4097 parentes
1702 4029 1935 4084 circum-

455 4201 565 4273 (88)
605 4203 696 4257 Sic
714 4199 960 4273 Seguer.,
988 4198 1121 4273 Reg.
1143 4199 1409 4273 Basil.,iet
1435 4203 1644 4269 Anglic.
1675 4205 1743 4256 At
1767 4203 1855 4258 alii
1886 4213 1941 4259 et

371 4268 999 4346 editiiﬁtarpépetszx
1030 4268 1287 4346 segnem,
1319 4272 1474 4346 ἔσχεν
1504 4268 1691 4346 καὶ
1732 4274 1941 4346 ἄνθρω-

383 4359 503 4405 πος.
533 4338 676 4396 Editi
700 4338 752 4394 et
784 4340 897 4404 alii,
922 4338 1077 4409 ἔσχεν
1105 4338 1170 4395 ἂν
1194 4344 1287 4395 καὶ
1312 4338 1473 4406 αὐτὸς
1497 4343 1602 4396 ἀεί.

455 4411 564 4481 (89)
606 4410 878 4484 Se_guer.,_
901 4411 928 4462 6
967 4408 1124 4484 Ᾱευξῐς
1167 4411 1247 4464 ἔτι
1280 4414 1336 4464 ὲν
1361 4415 1437 4484 τῇ
1470 4412 1630 4483 ὀσφύϊ
1667 4413 1759 4467 τοῦ
1802 4431 1939 4484 προ-

383 4478 609 4555 πάππου
744 4520 758 4543 ,
795 4479 1113 4555 πρὶνήαὑτός
1151 4498 1216 4549 γε
1254 4478 1485 4555 γεννήθῇ
1506 4522 1520 4544 ,
1548 4478 1644 4537 irai.
1667 4484 1695 4536 6
1720 4478 1943 4547 πάππος

376 4552 636 4677 γεννῖσῃ.
664 4547 1015 4617 ’Ὅταν’γοῧν.
1134 4606 1149 4617 _

454 4622 509 4677 (9
554 4624 569 4677 )
610 4622 699 4675 Sic
734 4621 953 4677 Settuer.
985 4618 1149 4675 Gohlc

454 4618 569 4692 (90)
589 4618 699 4675 "Sic
734 4618 1287 4692 Segue_r._Gohlcr._et
1320 4619 1557 4676 Felckm.
1594 4622 1747 4692 1.4M
1779 4623 1941 4678 Basil.

382 4688 523 4766 Reg.
542 4688 594 4745 et
618 4688 850 4766 Anglici,
885 4688 1166 4766 ἄνθρωπος
1195 4690 1228 4762 ἢ
1247 4692 1457 4766 οιαὶ-τό,
1490 4703 1594 4747 etc.
1627 4690 1789 4759 Editi,
1814 4692 1944 4766 ἔλθῃ

378 4763 421 4834 ἡ
434 4757 740 4834 ἄνθρωπος,Δ
767 4761 860 4834 atati.
890 4757 951 4834 τὸ
978 4757 1227 4834 δυηζατόν.
1247 4759 1380 4834 Ibid.
1415 4761 1661 4834 Segner.,
1692 4757 1939 4834 παρέχοιῖ

376 4828 623 4904 βοὴιεξιξη
642 4829 888 4904 Ὲεξοιίιη.
920 4830 945 4883 1
978 4838 1030 4904 et
1055 4828 1211 4904 Reg,
1241 4828 1685 4904 meéxeg.'Editi,
1708 4828 1940 4904 παρέχῃ.

383 4899 512 4973 item
546 4901 678 4956 ibid.
717 4899 1185 4973 Seguegﬂtiobler.
1230 4899 1562 4973 et__Félckm.
1601 4903 1663 4969 1,
1702 4899 1942 4973 ἀνεμπό-

376 4971 544 5040 δίστῳ
571 4975 636 5040 τῇ
672 4968 848 5040 φύσει.
875 4968 1037 5040 Etliti,
1072 4971 1492 5040 ἀνεμποδίστως.

455 5039 565 5112 (91)
609 5039 857 5112 Seguer.,_
874 5039 967 5093 τοῦ
995 5040 1257 5112 ὲξναὺτοῦ.
1293 5040 1416 5112 Mox
1445 5042 1613 5112 idem,
1644 5042 1878 5112 GoblerL
1893 5050 1946 5095 et

384 5109 618 5166 Felckm.
647 5109 704 5173 1,
733 5110 1010 5164 ἐπύθοντο.
1052 5111 1189 5165 Εόίιὶ
1211 5150 1225 5166 .
1256 5111 1631 5166 ἐπυνθάνοντο.
1675 5112 1810 5167 Ibid.
1848 5109 1946 5165 Se-

380 5195 560 5249 ευριπ,
588 5183 669 5235 ὅτι
692 5181 761 5234 τὰ
782 5180 939 5249 φύσει
966 5178 1131 5234 τέκνα
1152 5180 1252 5233 οὐκ
1274 5180 1472 5247 ἔξωθεν
1495 5182 1611 5235 ἀλλ’
1631 5185 1697 5236 ὲκ
1720 5181 1827 5234 τῶν
1854 5197 1945 5249 γο-

283 5262 286 5271 ‘
388 5247 540 5319 νέων.
577 5250 716 5305 Editi
750 5247 803 5304 et
833 5251 923 5304 alii
943 5291 958 5312 ,
991 5250 1071 5303 ὅτι
1095 5251 1165 5304 τὰ
1196 5252 1400 5319 φυσικά
1424 5252 1590 5307 τέκνα
1622 5253 1724 5306 οὐκ
1747 5247 1945 5317 ἔξωθεν

292 5346 295 5351 -
380 5318 497 5372 ἀλλ’
527 5323 591 5373 ὲκ
621 5320 716 5373 τοῦ
742 5320 961 5389 γονέως.

288 5406 295 5497 ξ
385 5389 567 5520 Ed(3:)
587 5390 847 5523 ὅῗιὲξμεικ,
867 5390 1023 5463 Reg,
1043 5389 1286 5455 Gobler.,
1305 5390 1546 5445 Felckm.
1576 5392 1601 5446 1
1635 5402 1689 5447 et
1715 5392 1943 5457 5,ὄλως.

288 5532 305 5590 ξ’
457 5529 565 5599 (95)
582 5531 675 5584 Sic
697 5529 939 5599 Seguer.,
967 5528 1182 5585 Gobier.
1208 5538 1263 5584 et
1288 5529 1525 5586 Felckm.
1552 5531 1603 5584 1.
1637 5530 1738 5584 Alii
1764 5540 1943 5585 autem

379 5608 435 5653 et
468 5598 617 5663 editi,
653 5603 718 5654 ἐκ
748 5598 839 5653 τοῦ
870 5600 1098 5664 πατρός.

331 5751 351 5760 κ
456 5670 565 5732 (94)
605 5670 734 5732 Reg.
773 5681 825 5725 et
868 5670 1102 5728 Felckm.
1149 5672 1217 5731 5,
1263 5672 1389 5724 περὶ
1419 5670 1511 5723 τὸν
1555 5672 1764 5727 γοόνον.
1802 5670 1939 5728 Ibid.

2046 3120 2356 3188 ὲξάγουσινς
2390 3118 2530 3171 Είδὲ
2561 3110 2735 3171 "cova
2744 3117 2840 3187 μὲν
2866 3117 2926 3169 οὐ
2976 3116 3247 3187 τολμῶσιν
3284 3116 3347 3168 ὲκ
3383 3116 3622 3187 φανεροῦ

2045 3211 2246 3280 λέγειν,
2272 3211 2612 3281 ὁμολογεῖται
2636 3209 2692 3261 δὲ
2719 3211 2747 3262 6
2775 3208 2904 3270 Υἱὸς
2942 3208 3014 3279 μὴ
3049 3206 3263 3272 ἔξωθεν,
3298 3207 3412 3261 ἀλλ’
3436 3210 3501 3260 ὲκ
3524 3207 3623 3261 τοῦ

2046 3303 2259 3377 Πατρὸς
2290 3300 2395 3373 (97)
2438 3296 2575 3355 εἶναι
2602 3300 2760 3369 φύσει
2816 3300 3080 3370 γέννημα,
3116 3299 3268 3352 οὐδὲν
3293 3299 3349 3351 δὲ
3381 3298 3502 3352 οὐδὲ
3558 3300 3624 3353 τὸ

2047 3393 2332 3465 ἐμποδίζον
2359 3393 2475 3447 ἐστὶ
2505 3393 2595 3445 τὸν
2641 3392 2792 3445 Θεόν·
2849 3390 2944 3462 (οὐ
2975 3392 3080 3462 γὰρ
3127 3392 3202 3454 ὡς
3247 3390 3550 3462 ἅνθρωπος,
3595 3394 3624 3446 ό

2047 3487 2198 3550 Θεὸς,
2226 3487 2359 3540 ἀλλά
2393 3485 2486 3539 καὶ
2516 3485 2676 3538 πλέον
2711 3485 2825 3537 ἐστὶ
2848 3483 2941 3536 τοῦ
2965 3483 3138 3554 ἡλίου,
3166 3482 3363 3553 μᾶλλον
3409 3483 3463 3536 δὲ
3485 3482 3623 3548 Θεός

2047 3580 2162 3632 ἐστι
2187 3577 2281 3632 τοῦ
2315 3578 2512 3649 ἡλίου·)
2544 3576 2719 3647 δῆλον,
2746 3577 2826 3629 ὅτι
2857 3576 2949 3629 καὶ
2978 3574 3035 3641 ἐξ
3066 3576 3230 3628 αὐτοῦ
3264 3576 3358 3628 καὶ
3390 3576 3474 3628 ἀεί
3502 3577 3623 3629 ἐστι

2049 3671 2404 3742 συνυπάρχων
2431 3671 2459 3721 ὁ
2488 3669 2656 3737 Λόγος
2674 3667 2751 3739 τῷ
2784 3668 2977 3740 Πατρὶ,
3011 3668 3077 3721 δι’
3112 3660 3171 3721 οὗ
3206 3667 3273 3721 τὰ
3316 3669 3493 3722 πάντα
3518 3670 3625 3722 οὐκ

2046 3758 2173 3817 ὅντα
2195 3763 2305 3835 (98)
2331 3765 2410 3826 εἰς
2435 3761 2495 3817 τὸ
2523 3756 2662 3815 εἶναι
2697 3762 2996 3832 πεποίηκεν
3044 3762 3072 3814 ὁ
3110 3761 3317 3831 Πατήρ.
3350 3760 3471 3813 Ὅτι
3522 3761 3626 3831 μὲν

2046 3847 2138 3905 οὖν
2164 3853 2191 3905 ό
2216 3852 2343 3915 Υἱὸς
2372 3850 2472 3904 οὐκ
2502 3849 2562 3914 ἐξ
2603 3850 2703 3903 οὐκ
2735 3850 2922 3914 ὄντων,
2960 3848 3071 3902 ἀλλ’
3125 3850 3294 3913 ἀῖδιός
3344 3866 3402 3901 τε
3432 3850 3527 3902 καὶ
3556 3851 3626 3903 ἐκ

2045 3941 2141 3995 τοῦ
2178 3942 2389 4012 Πατρός
2423 3942 2558 4002 ἐστι,
2591 3941 2685 3993 καὶ
2711 3940 2842 3992 αὐτὸ
2867 3939 2927 3992 τὸ
2960 3941 3192 4012 πρᾶγμα
3229 3940 3488 3993 δείκνυσι·
3528 3942 3627 3994 κοί)⁹

2039 4033 2072 4103 ἡ
2108 4030 2373 4102 ἐρώτησις
2399 4030 2456 4082 δὲ
2488 4029 2593 4082 τῶν
2619 4030 2910 4100 αἱρετικῶν
2934 4030 3071 4101 πρὸς
3111 4031 3237 4094 τοὺς
3286 4030 3477 4099 γονέας
3509 4029 3626 4111 (99)

2047 4202 2271 4279 Seguer.
2301 4244 2315 4268 ,
2360 4204 2810 4279 πυνθανέσθωσαν
2842 4208 2950 4279 lca!
2994 4207 3084 4262 τοῦ
3116 4207 3285 4279 κήλίου
3310 4210 3455 4279 Δπερὶ
3517 4208 3621 4262 τοῦ

2046 4275 2490 4344 ἀπαυγάσματος.
2518 4278 2734 4332 Gobler.
2761 4285 2814 4331 et
2842 4276 3078 4333 Felckm.
3106 4275 3167 4340 1,
3194 4275 3618 4334 πυνθανέτωσαν

1972 4369 2015 4423 D
2046 4345 2144 4423 κα)ί
2161 4345 2254 4423 του
2285 4345 2431 4415 ἡλίου
2478 4348 2584 4423 πρὸ
2622 4347 2715 4423 τοῦ
2747 4349 3205 4423 (Ξιποιυγόισμοι-ξοςζ
3240 4347 3377 4423 Editi
3411 4359 3465 4423 et
3495 4352 3616 4407 alii.

2043 4413 2508 4489 m6éq0wday_>_qu
2525 4413 2663 4489 ’περὶ
2685 4416 2778 4471 τοῦ
2819 4413 2968 4489 ἡλίου
2995 4413 3088 4470 διαὶ
3112 4417 3208 4471 τοῦ
3242 4419 3620 4489 ἀπαυγάσμα-

2040 4501 2159 4566 τος..
2197 4485 2499 4566 ιιρεηλιῃιι.
2546 4485 2770 4566 segnem
2802 4485 3125 4566 θιοοιιιεςη
3170 4488 3264 4566 κᾳὶ
3294 4485 3619 4566 τῇεπηῒῆς

2043 4554 2316 4628 περλμτοῇ.
2339 4554 2502 4628 Editi,
2537 4554 2641 4610 καῖ
2659 4558 2756 4628 τῆς
2782 4558 2966 4628 πηγῆς
2996 4558 3090 4610 καὶ
3115 4559 3241 4627 περὶ
3268 4554 3383 4628 τοῦ.

2041 4624 2223 4746 ὲ
2265 4624 2355 4680 Sic
2390 4624 2612 4696 Seguer.
2638 4624 2826 4683 At'alii
2847 4624 3105 4693 'et'editi,
3144 4624 3233 4680 ἀεὶ
3265 4626 3359 4679 σὺν
3385 4625 3625 4693 ἐκείνοις

2074 4709 2210 4747 στιν.

2113 4762 2224 4836 (9_6)
2269 4762 2360 4836 Sic
2395 4762 2619 4836 Seguer.
2666 4774 2719 4820 et
2747 4765 2878 4835 Reg.
2920 4766 3098 4830 Editi,
3145 4764 3441 4836 γεννητῶν.
3488 4764 3626 4821 Mox

2043 4833 2335 4907 Fclclgmﬂ
2365 4845 2419 4907 et
2436 4833 2585 4907 editi,
2608 4836 2785 4889 αὐτῶν
2810 4833 2907 4907 τὴν
2929 4833 3202 4890 ἀσέϐειαν.
3230 4833 3420 4907 Caeteri
3449 4851 3619 4902 mss.,

2043 4903 2673 4975 ἑαυτῶνψτὴνμὰσέϐειαν.
2710 4907 2845 4960 Ibid.
2866 4903 3131 4975 'Seguer"
3165 4905 3528 4973 διεξάγουσιν.

2115 4972 2224 5043 (97)
2241 4972 2343 5043 Sic'
2361 4972 2607 5041 Seguer.,
2630 4976 2846 5031 Gobler.
2868 4986 2924 5029 et
2942 4972 3180 5031 Felckm.
3205 4978 3256 5029 1.
3290 4972 3430 5028 Editi
3460 4990 3619 5040 vero,

2041 5042 2181 5116 ἀλλά
2223 5042 2328 5116 τοῢί
2373 5045 2625 5116 Πατρός.)
2653 5046 2823 5101 Paulo
2862 5055 2987 5116 post
3022 5045 3268 5116 Seguer.,
3292 5044 3494 5116 Goble_r
3563 5058 3625 5101 et

2042 5061 2176 5097 αΑΛα
2223 5061 2319 5095 του
2374 5061 2604 5116 ιιατρος.
2653 5061 2823 5101 l’aUIO
2937 5061 2987 5099 St
3022 5061 3494 5116 Seguer.,bonier
3563 5061 3622 5101 et

2042 5112 2359 5185 Felekm.i,
2408 5114 2541 5167 ἀλλὰ
2577 5115 2736 5168 πλέον
2760 5061 3069 5169 ὲστίῗθίὺὶιι.
3117 5116 3340 5180 Seguer.
3368 5125 3422 5167 et
3452 5113 3622 5185 Reg.,

2046 5183 2243 5256 μᾶλλον
2358 5186 2386 5236 6
2398 5184 2561 5256 βεός.
2589 5185 2749 5251 Editi,
2794 5185 2988 5256 μᾶλλον
3019 5185 3076 5237 δὲ
3103 5186 3253 5249 Θεός.

2115 5253 2239 5324 (98)
2258 5252 2359 5324 ίὸἰο
2378 5252 2616 5324 §eguer.
2665 5256 2734 5311 At
2785 5252 2876 5309 alii
2925 5266 2980 5309 et
3029 5256 3156 5309 editi
3204 5254 3462 5324 omittunt
3513 5256 3625 5308 οὐκ

2042 5322 2345 5395 ὸνταζΜοχ
2375 5322 2609 5378 Felekm.
2645 5325 2679 5395 ἓ
2711 5336 2766 5379 et
2797 5326 2960 5391 editi,
3004 5327 3086 5378 ὅτι
3130 5326 3305 5395 όᾼμὲν
3338 5322 3431 5378 οὖν
3466 5325 3620 5387 Υἱός.

2043 5392 2149 5446 Alii
2185 5409 2341 5465 mss.,
2378 5395 2460 5465 ὅτι
2492 5395 2590 5465 μὲν
2620 5391 2713 5449 οὖν
2745 5396 2774 5448 6
2805 5395 2950 5458 Υἱός.
2984 5395 3116 5449 lbid.
3163 5391 3414 5464 segnem,
3444 5395 3626 5458 ἁῒδιός

2042 5463 2223 5542 τεθκαὶ
2249 5466 2313 5516 ὲκ
2337 5463 2454 5530 τοῦ,
2490 5463 2593 5520 etc.
2627 5465 2768 5519 Editi
2797 5477 2849 5521 et
2877 5466 2998 5530 alii,
3025 5466 3190 5528 ἀϊδιός
3233 5468 3377 5531 ἐστι,
3409 5467 3502 5518 καὶ
3550 5466 3625 5520 ἐν

2042 5550 2159 5593 του,
2184 5542 2288 5588 etc.

2116 5603 2228 5674 (99)
2271 5604 2520 5675 Seguer.,
2550 5606 2583 5675 ή
2619 5604 2755 5675 πρὸς
2785 5606 2907 5670 τοὺς
2942 5605 3151 5675 γονέας.
