3850 6218
266 233 340 287 69
1388 245 1648 302 ORATIO
1684 247 1705 300 1
1743 246 2020 303 CONTRA
2055 249 2381 305 ARIANOS.
3437 265 3506 316 7U

259 351 516 425 διελέγχῃ
567 353 666 423 τὴν
718 355 1001 410 κακόνοιαν
1059 359 1257 414 αὐτῶν.
1315 362 1598 430 Ἔγνωσαν
1644 364 1750 436 γὰρ
1774 365 1817 416 τί

1935 367 2178 434 veniunt,
2205 384 2394 422 eorum
2439 371 2686 440 coarguit
2725 372 3008 428 malitiam.
3049 368 3184 431 Nam
3217 381 3362 447 quod
3403 396 3505 433 na»

260 443 403 497 κατὰ
430 441 609 510 φύσιν,
652 448 746 499 καὶ
798 447 981 502 λοιπὸν
1043 451 1137 504 καὶ
1191 453 1317 525 περὶ
1350 452 1425 525 (1)
1471 454 1580 508 τῶν
1628 455 1833 525 χρόνων

256 532 625 606 ᾐσχύνθησαν.

325 710 417 765 28.
452 712 572 765 Ὀτι
604 712 661 765 δὲ
690 712 750 766 οὐ
802 714 884 767 δεῖ
917 713 1014 786 τὴν
1050 716 1143 768 τοῦ
1169 716 1305 770 Θεοῦ
1352 717 1603 788 γέννησιν
1656 738 1834 791 παρα-

254 799 471 854 ϐάλλειν
497 804 561 872 τῇ
594 802 699 857 τῶν
733 802 1033 874 ἀνθρώπων
1067 804 1248 874 φύσει,
1276 807 1370 860 καὶ
1405 809 1639 879 νομίζειν
1668 811 1833 881 μέρος

253 884 397 942 εἶναι
420 889 516 942 τοῦ
541 889 675 944 Θεοῦ
697 892 788 944 τὸν
831 893 959 947 Υἱὸν
986 894 1175 959 αὐτοῦ,
1210 897 1242 966 ἢ
1275 896 1408 960 ὅλως
1454 916 1506 951 τι
1546 899 1715 963 πάθος
1734 917 1830 969 ση-

257 980 474 1050 μαίνειν
500 982 597 1052 τὴν
619 983 890 1053 γέννησιν,
917 984 1219 1052 φθάσαντες
1252 986 1349 1055 μὲν
1380 988 1603 1058 εἴπομεν
1633 991 1689 1042 ἐν
1720 993 1830 1053 τοῖς

258 1070 591 1143 ἔμπροσθεν,
624 1074 716 1126 καὶ
747 1074 841 1127 νῦν
863 1073 919 1127 δὲ
945 1075 1013 1129 τά
1036 1077 1175 1130 αὐτά
1204 1077 1279 1148 (2)
1313 1095 1510 1148 φαμενθ
1541 1080 1653 1133 Οὐκ
1685 1080 1829 1133 ἔστιν

250 1160 328 1225 ὡς
360 1161 645 1233 ἄνθρωπος
673 1168 700 1218 6
724 1165 874 1229 Θεός.
904 1167 1210 1238 ’Ἄνθρωποι
1242 1169 1339 1239 μὲν
1372 1170 1480 1242 γὰρ
1515 1171 1830 1237 παθητικῶς

249 1251 502 1317 γεννῶσι,
533 1253 761 1325 ῥευστὴν
794 1255 1005 1325 ἔχοντες
1027 1256 1125 1328 τὴν
1156 1257 1315 1326 φύσιν
1351 1258 1448 1330 (5),
1485 1261 1579 1313 καὶ
1608 1262 1829 1332 χρόνους

248 1342 613 1413 ἀναμένοντες
634 1345 722 1398 διὰ
754 1347 853 1416 τὴν
879 1348 1161 1404 ἀσθένειαν
1189 1351 1288 1420 τῆς
1321 1351 1455 1414 ἰδίας
1486 1352 1716 1421 φύσεως·
1736 1355 1828 1407 ἐπὶ

247 1433 307 1486 δὲ
343 1434 478 1487 Θεοῦ
504 1436 660 1490 τοῦτο
690 1437 867 1506 λέγειν
896 1439 995 1492 οὐκ
1022 1439 1191 1493 ἔστιν.
1222 1442 1295 1493 Οὐ
1329 1441 1436 1514 γὰρ
1463 1441 1536 1513 (4)
1555 1445 1618 1497 ἐκ
1645 1442 1825 1514 μερῶν

249 1526 605 1597 συγκείμενός
634 1531 801 1591 ἐστιν,
825 1529 956 1583 ἀλλὰ
982 1531 1075 1584 καὶ
1132 1532 1349 1603 ἀπαθὴς
1372 1533 1446 1587 ὣν
1480 1534 1569 1586 καὶ
1598 1533 1821 1599 ἁπλοῦς,

248 1616 479 1680 ἀπαθῶς
531 1619 623 1672 καὶ
670 1619 978 1691 ἀμερίστως
1031 1621 1125 1674 τοῦ
1166 1622 1292 1675 Υίοῦ
1332 1624 1524 1695 Πατήρ
1558 1626 1695 1677 ἐστι·
1730 1626 1824 1679 καὶ

1938 464 2072 511 turae
2098 459 2374 526 proprium
2414 467 2492 513 est
2521 460 2695 515 coacti
2735 471 2863 516 sunt
2904 464 3006 532 ipsi
3046 479 3368 536 agnoscere,
3418 468 3505 520 ni—

1935 547 2120 617 hilque
2136 549 2242 604 nisi
2270 550 2532 618 pudorem
2557 553 2792 609 retulere
2812 569 2880 607 ex
2911 556 3223 624 huiusmodi
3249 560 3497 630 quaestio-

1933 638 2115 701 nibus,
2148 655 2285 708 quas
2319 641 2464 694 circa
2503 651 2746 712 tempora
2776 646 3169 716 excogitarunt.

2003 729 2161 801 3&1
2203 730 2292 784 28.
2341 730 2503 796 Quod
2558 743 2736 788 autem
2788 735 2883 790 Dei
2926 740 3329 807 generationem
3378 756 3501 794 cum

1932 818 2173 874 humana
2220 829 2413 874 natura
2447 821 2719 886 conferre,
2750 825 2835 878 vel
2865 837 3073 895 partem
3111 827 3204 882 Dei
3234 844 3354 884 esse
3382 831 3501 899 ejus

1932 909 2127 964 Filium
2157 909 2310 965 nefas
2353 912 2422 967 sit
2451 923 2663 983 putare,
2691 931 2791 970 nec
2811 917 2978 971 ullam
3029 934 3255 988 prorsus
3285 921 3500 986 passio-

1933 1013 2056 1051 nem
2106 1001 2382 1068 generatio
2424 1002 2710 1071 signiﬁcet,
2766 1015 2926 1060 antea
2960 1008 3177 1076 quidem
3224 1009 3498 1078 diximus,

1930 1086 2229 1156 eademque
2252 1089 2413 1143 modo
2439 1091 2758 1159 repetimus,
2782 1092 2952 1148 Deum
2984 1112 3093 1150 non
3116 1112 3236 1152 esse
3259 1097 3500 1154 hominis

1930 1177 2183 1232 similem.
2213 1176 2348 1233 Nam
2380 1180 2630 1235 homines
2656 1182 2899 1251 quidem,
2930 1185 3188 1254 quiddam
3223 1189 3497 1256 patiendo,

1929 1266 2178 1337 gignunt,
2208 1269 2408 1339 quippe
2442 1271 2535 1339 qui
2590 1271 2790 1326 ﬂuxam
2840 1273 3077 1328 habeant
3119 1287 3391 1343 naturam,
3446 1287 3500 1331 et

1926 1367 2139 1428 tempus
2167 1369 2384 1429 propter
2399 1362 2628 1430 propriae
2658 1373 2864 1417 natura:
2888 1364 3255 1420 inﬁrmitatem
3275 1382 3499 1436 exspec-

1925 1457 2056 1504 tent.
2087 1450 2157 1504 At
2184 1452 2250 1505 de
2303 1450 2409 1506 Deo
2453 1453 2504 1506 id
2537 1454 2642 1507 diei
2692 1470 2801 1509 non
2850 1456 2994 1510 licet.
3030 1455 3214 1526 Neque
3257 1459 3402 1512 enim
3432 1474 3497 1513 ex

1924 1541 2172 1610 partibus
2200 1552 2282 1596 est
2327 1546 2686 1612 compositus,
2730 1547 2825 1601 sed
2877 1549 3150 1617 passionis
3178 1564 3371 1619 expers
3415 1559 3500 1606 est

1925 1640 1978 1685 et
2011 1631 2262 1701 simplex,
2291 1634 2533 1704 nihilque
2555 1637 2779 1690 omnino
2802 1639 3036 1706 patiens.
3067 1649 3119 1693 et
3151 1641 3357 1710 absque
3389 1642 3496 1697 ulla

247 1703 439 1756 τούτου
475 1705 635 1757 πάλιν
657 1707 799 1774 μέγα
851 1710 1147 1780 τεκμήριον
1192 1711 1286 1763 καὶ
1310 1711 1581 1778 ἀπόδειξις
1614 1716 1677 1766 ὲκ
1720 1715 1817 1768 τῶν

1926 1722 2213 1786 divisione,
2246 1723 2367 1778 Filii
2396 1734 2481 1780 est
2513 1725 2704 1794 Pater;
2742 1728 2898 1797 cujus
2933 1729 3120 1798 utique
3167 1731 3245 1784 rei
3285 1732 3497 1802 insigne

248 1794 409 1847 θείων
440 1789 691 1868 Γραφῶν.
735 1800 792 1851 ’0
842 1800 1013 1868 Λόγος
1046 1802 1154 1872 γὰρ
1212 1803 1239 1853 ὁ
1273 1802 1364 1856 τοῦ
1400 1803 1533 1856 Θεοῦ
1578 1805 1654 1878 (5)
1696 1807 1824 1871 Υἱός

245 1889 394 1940 ἐστιν
420 1888 608 1951 αὐτοῦ,
640 1892 735 1943 καὶ
762 1893 791 1944 ό
823 1892 950 1955 Υἱὸς
984 1893 1156 1962 Λόγος
1193 1895 1309 1947 ἐστὶ
1336 1895 1430 1947 τοῦ
1479 1896 1690 1968 Πατρὸς
1734 1900 1825 1953 καὶ

244 1981 439 2049 Σοφία’
467 1981 636 2048 Λόγος
660 1981 717 2033 δὲ
741 1983 832 2034 καὶ
861 1982 1047 2051 Σοφία,
1082 1982 1203 2036 οὔτε
1231 1986 1431 2056 κτίσμα
1458 1986 1532 2057 (6)
1581 1986 1701 2041 οὔτε
1732 1990 1823 2058 μέ-

247 2089 341 2142 ρος
365 2073 483 2125 ἐστὶ
517 2072 728 2136 τούτου,
761 2068 821 2127 οῦ
849 2075 942 2127 καὶ
965 2075 1079 2128 ἔστι
1102 2077 1293 2145 Λόγος,
1325 2076 1448 2131 οὔτε
1488 2079 1624 2132 κατὰ
1654 2081 1821 2144 πάθος

242 2164 363 2214 ἐστὶ
391 2163 658 2234 γέννημα.
694 2165 748 2216 Ἀ
759 2165 1000 2236 μφότερα
1027 2166 1157 2235 γοῦν
1187 2169 1219 2238 η
1244 2169 1432 2240 Γραφὴ
1457 2173 1818 2245 συνάπτουσα,

242 2253 373 2307 Υἰὸν
405 2257 503 2326 μὲν
542 2256 617 2326 (7)
649 2256 868 2327 ἔφησεν,
899 2258 984 2311 ἵνα
1011 2259 1072 2312 τὸ
1099 2259 1257 2329 φύσει
1314 2263 1407 2315 καὶ
1446 2264 1695 2334 ἀληθινὸν
1722 2264 1822 2334 τῆς

238 2346 429 2408 οὐσίας
451 2346 693 2416 γέννημα
716 2347 1150 2418 εὐαγγελίσηται.
1203 2349 1318 2403 Ἵνα
1364 2351 1421 2404 δὲ
1478 2353 1552 2424 μή
1592 2370 1676 2416 τις
1727 2355 1820 2407 άν-

241 2434 517 2505 θρώπινον
544 2434 803 2489 ὑπολάϐοι
845 2436 919 2507 (8)
951 2437 1011 2489 τὸ
1035 2437 1298 2509 γέννημα,
1336 2439 1496 2492 πάλιν
1517 2440 1616 2510 τὴν
1634 2440 1818 2493 οὐσίαν

238 2524 411 2579 αὐτοῦ
446 2526 744 2599 σημαίνων,
792 2529 963 2597 Λόγον
1004 2529 1164 2583 αὑτὸν
1203 2525 1342 2582 εἶναι
1378 2530 1471 2583 καὶ
1498 2530 1694 2598 Σοφίαν
1726 2532 1818 2584 καὶ

241 2617 586 2690 ἀπαύγασμά
608 2638 789 2692 φησιν.
839 2621 934 2675 Ἐκ
990 2622 1097 2694 γὰρ
1130 2622 1319 2677 τούτου
1374 2626 1466 2678 καὶ
1520 2624 1580 2677 τὸ
1612 2624 1818 2689 ἀπαθὲς

238 2709 345 2779 τῆς
373 2711 697 2782 γεννήσεως,
746 2712 839 2765 καὶ
866 2713 928 2766 τὸ
950 2714 1139 2778 άῖδιον,
1196 2716 1289 2768 καὶ
1336 2714 1414 2785 τῷ
1445 2714 1561 2785 Θεῷ
1611 2716 1817 2788 πρέπον

238 2797 591 2869 λογιζόμεθα.
621 2802 780 2856 Ποῖον
807 2798 898 2857 οὖν
928 2803 1118 2867 πάθος,
1149 2805 1181 2875 ἦ
1209 2808 1358 2858 ποῖον
1401 2806 1563 2877 μέρος
1589 2808 1702 2859 ἐστὶ
1723 2806 1815 2860 τοῦ

240 2889 457 2959 Πατρὸς
480 2892 509 2942 ό
545 2890 736 2957 Λόγος,
767 2893 860 2945 καὶ
893 2894 925 2963 ἡ
982 2894 1168 2962 Σοφία,
1204 2894 1298 2947 καὶ
1331 2895 1390 2947 τὸ
1444 2895 1812 2966 ἀπαύγασμα;

238 2983 354 3034 Καὶ
377 2985 532 3036 τοῦτο
558 2983 780 3038 δυνατὸν
836 2987 929 3039 καὶ
963 2988 1156 3051 αὐτοὺς
1194 2988 1320 3051 τοὺς
1342 2988 1578 3059 ἄφρονας
1605 2988 1811 3059 μαθεῖν.

248 3073 340 3135 Ὠς
372 3072 480 3146 γάρ
533 3076 807 3143 γυναικῶν
845 3077 1104 3131 ἐπύθοντο
1153 3078 1281 3150 περὶ
1325 3079 1460 3141 υἱοῦ,
1515 3078 1683 3143 οὕτως
1723 3080 1817 3132 καὶ
1845 3072 1888 3101 ⁸³

235 3165 439 3229 ἄνδρας
460 3167 887 3239 ἐπερωτάτωσαν
916 3170 988 3240 (9)
1018 3171 1144 3241 περὶ
1185 3170 1276 3223 τοῦ
1324 3170 1480 3238 λόγου
1504 3211 1518 3235 ,
1573 3171 1659 3224 ἵνα.
1714 3172 1817 3241 μά-

239 3258 432 3322 θωσιν,
464 3260 547 3313 ὅτι
575 3260 701 3315 οὔτε
751 3262 920 3326 πάθος
970 3262 1167 3327 αὐτῶν,
1199 3260 1320 3315 οὔτε
1354 3264 1516 3333 μέρος
1561 3263 1675 3315 ἐστὶ
1720 3261 1816 3316 τοῦ

232 3349 331 3403 νοῦ
368 3350 573 3406 τούτων
599 3356 627 3405 6
657 3353 825 3423 Λόγος
862 3354 920 3406 δν
952 3354 1334 3425 προφέρονται.
1372 3355 1430 3406 El
1474 3353 1529 3406 δὲ
1579 3353 1686 3407 τῶν
1724 3354 1818 3406 άν-

224 3440 494 3513 θρώπων,
528 3443 703 3497 καίτοι
759 3444 1016 3516 παθητῶν
1073 3443 1242 3497 ὄντων
1271 3443 1360 3497 καὶ
1413 3443 1680 3514 μεριστῶν
1726 3443 1814 3496 δν-

229 3552 367 3599 εων,
419 3536 659 3600 τοιοῦτος
685 3539 713 3590 ὁ
743 3536 936 3605 λόγος,
987 3536 1074 3590 διὰ
1118 3537 1169 3590 τί
1215 3538 1341 3609 περὶ
1378 3535 1471 3588 τοῦ
1523 3536 1809 3607 ἀσωμάτου

232 3623 333 3675 καὶ
368 3625 663 3694 ἀμερίστου
693 3624 827 3678 Θεοῦ
861 3624 1006 3694 πάθη
1044 3625 1134 3678 καὶ
1186 3625 1324 3696 μέρη
1360 3622 1808 3694 λογίζονται,ἴνα,

230 3715 394 3767 τοῦτο
425 3715 877 3787 προσποιούμενοι
909 3716 1066 3786 δῆθεν
1086 3716 1446 3778 εὐλαϐεῖσθαι,
1469 3718 1809 3788 ἀρνήσωνται

231 3807 334 3875 τὴν
368 3806 540 3878 ἀληθῆ
571 3808 663 3860 καὶ
715 3807 873 3875 φύσει
934 3809 1184 3880 γέννησιν
1244 3808 1337 3861 τοῦ
1369 3807 1534 3873 Υίοῦ;
1590 3810 1682 3861 καὶ
1726 3810 1809 3882 ὅτι

231 3898 338 3966 μὲν
361 3897 422 3949 τὸ
486 3899 550 3951 ὲκ
597 3897 690 3951 τοῦ
735 3897 868 3951 Θεοῦ
904 3899 1012 3970 (10)
1058 3894 1302 3969 γέννημα
1333 3900 1432 3952 οὐκ
1469 3899 1584 3951 ἔστι
1617 3898 1804 3964 πάθος,

228 3988 440 4053 ἱκανῶς
466 3988 553 4042 διὰ
596 3990 704 4044 τῶν
741 3990 1048 4064 ἔμπροσθεν
1106 3992 1503 4046 ἀποδέδεικταιο
1540 3992 1806 4046 δέδεικται

227 4078 289 4132 δὲ
316 4081 413 4133 καὶ
451 4080 557 4152 ἰδίᾳ
575 4083 715 4135 νῦνὸ
741 4084 906 4151 Λόγος
949 4083 1008 4136 οὐ
1051 4082 1191 4135 κατὰ
1238 4081 1409 4145 πάθος
1447 4081 1801 4152 γεννώμενος.

243 4171 619 4226 ’Δκουέτωσαν
655 4172 711 4226 δὲ
739 4175 832 4226 καὶ
854 4174 981 4246 περὶ
1030 4172 1132 4243 τῆς
1164 4173 1355 4243 σοφίας
1378 4173 1446 4225 τὰ
1499 4173 1637 4226 αὐτά
1668 4172 1800 4244 (11)·

1926 1824 2305 1883 argumentum
2352 1829 2416 1870 ac
2462 1816 2847 1870 documentum
2902 1818 3099 1872 divinae
3139 1819 3296 1874 nobis
3345 1818 3495 1875 Scri-

1924 1911 2097 1973 ptura:
2109 1906 2474 1974 suppeditant.
2496 1905 3027 1972 Nimirum,Verbum
3047 1908 3165 1976 Dei,
3185 1910 3357 1966 Filius
3374 1913 3494 1982 ejus

1922 2004 2039 2060 est;
2068 2003 2119 2048 et
2146 1995 2385 2050 vicissim
2418 1995 2611 2060 Filius,
2644 1996 2880 2052 Verbum
2904 2009 2959 2054 et
2986 1999 3260 2070 Sapientia
3283 2012 3364 2057 est
3393 2002 3495 2057 Pa-

1924 2083 2019 2137 tris
2048 2101 2063 2137 :
2098 2083 2330 2138 Verbum
2358 2101 2521 2155 porro
2549 2095 2604 2141 et
2640 2086 2916 2156 Sapientia
2948 2104 3048 2144 nec
3075 2106 3162 2146 res
3191 2101 3274 2147 est
3309 2102 3491 2149 creata

1920 2190 2022 2229 nec
2044 2191 2170 2245 pars
2196 2177 2315 2246 ejus
2343 2178 2499 2247 cujus
2521 2190 2603 2233 est
2621 2177 2877 2247 Verbum,
2903 2196 3003 2236 nec
3020 2184 3272 2252 passione
3298 2186 3484 2255 aliqua

1919 2268 2182 2322 nascitur.
2208 2269 2374 2338 Igitur
2389 2278 2680 2339 utrumque
2704 2269 2982 2340 Scriptura
3011 2275 3369 2344 conjungens,
3399 2275 3492 2330 Fi-

1918 2361 2051 2415 lium
2081 2362 2298 2431 quidem
2326 2378 2447 2418 esse
2477 2362 2791 2427 declaravit,
2818 2371 2878 2418 ut
2900 2365 3203 2419 naturalem
3223 2374 3276 2420 et
3299 2382 3488 2422 verum

1917 2468 2041 2508 esse
2066 2461 2276 2507 natura;
2303 2452 2470 2508 l'etum
2520 2455 2740 2509 doceret
2766 2474 2779 2508 :
2833 2471 2900 2510 ne
2931 2456 3055 2526 quis
3080 2466 3258 2511 autem
3291 2457 3488 2513 huma-

1917 2558 2048 2596 num
2080 2540 2253 2596 fetum
2285 2557 2407 2597 esse
2457 2543 2848 2613 suspicaretur,
2881 2559 3073 2600 rursus
3108 2546 3351 2614 ejusdem
3404 2548 3490 2601 in-

1916 2633 2062 2688 dicat
2110 2643 2363 2688 naturam
2386 2674 2403 2700 ,
2446 2649 2571 2688 cum
2606 2650 2728 2690 eum
2777 2633 3036 2700 Verbum,
3069 2635 3396 2705 Sapientiam
3433 2648 3490 2694 et

1917 2722 2258 2792 splendorem
2307 2738 2429 2779 esse
2480 2724 2629 2779 dicit.
2669 2723 2797 2780 lude
2829 2725 3099 2795 siquidem
3134 2726 3485 2798 intelligimus

1914 2812 2152 2867 divinam
2186 2815 2622 2882 generationem,
2679 2814 2951 2883 passionis
3000 2815 3296 2869 immunem
3326 2824 3484 2871 aeter-

1914 2919 2170 2974 namque,
2201 2914 2254 2959 et
2286 2903 2396 2959 Deo
2421 2905 2643 2974 dignam
2672 2921 2812 2960 esse.
2843 2904 2974 2971 Quae
2995 2906 3140 2959 enim
3168 2907 3369 2976 passio.
3398 2909 3480 2963 vel

1917 3011 2167 3066 quamam
2216 3004 2300 3050 est
2354 3012 2481 3066 pars
2515 2995 2735 3059 Patris,
2783 2995 3020 3052 Verbum
3048 3040 3063 3063 ,
3109 2997 3384 3068 Sapientia
3430 3012 3483 3054 et

1921 3087 2215 3156 Splendor?
2246 3086 2301 3140 ld
2339 3098 2483 3141 certe
2517 3086 2619 3156 ipsi
2668 3087 2831 3141 etiam
2872 3096 3115 3143 amentes
3149 3088 3359 3156 possint
3400 3090 3484 3144 di-

1920 3192 2093 3232 scere.
2146 3173 2218 3230 Ut
2251 3175 2395 3229 enim
2419 3176 2673 3230 mulieres
2697 3176 2763 3230 de
2790 3174 2929 3228 Filio
2964 3175 3382 3245 interrogavere,
3404 3174 3484 3231 sic

1918 3269 2065 3324 viros
2098 3269 2165 3323 de
2188 3269 2357 3323 verbo
2388 3269 2751 3338 interrogent,
2788 3278 2847 3322 ut
2894 3267 3191 3322 doceantur
3222 3282 3319 3321 nec
3358 3282 3483 3336 pas-

1917 3362 2123 3416 sionem
2155 3376 2253 3415 nec
2276 3369 2481 3430 partem
2514 3374 2701 3413 eorum
2733 3373 2855 3413 esse
2878 3357 3077 3412 mentis
3113 3373 3226 3412 sua:
3254 3358 3480 3411 verbum

1917 3454 2064 3523 quod
2109 3453 2415 3508 enuntiant.
2463 3451 2667 3518 Quodsi
2710 3451 3012 3515 hominum,
3048 3465 3280 3520 quorum
3338 3449 3476 3519 pati-

1912 3545 2037 3600 bilis
2066 3553 2120 3598 et
2152 3544 2371 3598 dividua
2396 3551 2480 3597 est
2513 3552 2727 3606 natura,
2770 3541 3081 3611 hujusmodi
3114 3542 3184 3596 sit
3217 3540 3477 3605 verbum;

1911 3649 2081 3705 quare
2113 3634 2166 3686 in
2195 3632 2328 3698 Deo,
2364 3632 2457 3701 qui
2484 3647 2583 3686 nec
2626 3646 2922 3700 corporeus
2955 3639 3038 3685 est
3064 3646 3164 3685 nec
3200 3628 3477 3693 dividuus,

1906 3725 2198 3794 passiones
2230 3732 2477 3793 partesve
2507 3722 2767 3802 cOgitant,
2794 3730 2852 3774 ut
2878 3722 3082 3775 scilicet
3108 3721 3160 3775 id
3190 3735 3379 3774 cavere
3404 3720 3480 3775 si-

1909 3816 2199 3876 mulantes,
2236 3829 2415 3868 veram
2444 3828 2508 3867 ac
2560 3812 2865 3866 naturalem
2915 3810 3038 3864 Filii
3074 3811 3475 3880 generationem

1908 3907 2134 3978 negent?
2158 3904 2324 3976 igitur
2354 3904 2405 3958 id
2431 3904 2575 3976 quod
2602 3919 2665 3958 ex
2707 3902 2818 3958 Deo
2852 3902 3087 3973 genitum
3125 3909 3226 3965 est,
3272 3900 3478 3969 absque

1907 3999 2015 4054 ulla
2032 3997 2285 4066 passione
2304 3994 2543 4065 genitum
2565 4009 2686 4049 esse
2704 3994 2836 4048 satis
2860 4008 3023 4062 supra
3045 3992 3329 4063 probatum
3350 4001 3436 4046 est
3459 4012 3472 4047 :

1905 4102 2053 4142 nunc
2084 4086 2247 4141 etiam
2287 4083 2568 4153 speciatim
2601 4084 2948 4138 ostendimus
2980 4080 3217 4136 Verbum
3270 4081 3478 4151 absque

1903 4177 2157 4246 passione
2190 4174 2458 4246 generari.
2483 4172 2603 4228 Jam
2632 4188 2760 4227 vero
2795 4173 2984 4227 eadem
3019 4172 3270 4227 similiter
3296 4172 3363 4226 de
3388 4186 3478 4226 sa-

223 4262 335 4316 οὑκ
356 4262 501 4315 ἔστιν
532 4262 606 4326 ὡς
637 4263 920 4335 ἄνθρωπος
942 4265 970 4316 ὁ
1002 4265 1151 4329 Θεός·
1186 4265 1260 4336 μὴ
1281 4262 1616 4336 ἀνθρώπινον
1668 4281 1802 4332 φαν-

1921 4266 2105 4320 iientia
2135 4265 2395 4320 audiant:
2424 4262 2544 4318 Non
2576 4270 2661 4318 est
2709 4263 2855 4317 Deus
2899 4270 2959 4316 ut
3005 4262 3191 4325 homo,
3224 4262 3358 4315 nihil
3389 4262 3478 4318 hic

224 4355 586 4420 ταζέσθωσαν
612 4358 705 4410 καὶ
733 4359 790 4410 ἐν
823 4357 996 4427 τούτῳ
1020 4358 1146 4429 περὶ
1179 4355 1363 4411 αὐτοῦ.
1422 4358 1532 4409 Καὶ
1563 4356 1672 4426 γὰρ
1696 4356 1803 4409 τῶν

1921 4371 2206 4410 mmanum
2252 4355 2319 4410 de
2363 4356 2459 4409 illo
2509 4353 2736 4425 ﬁngant.
2787 4353 2923 4408 Nam
2967 4354 3291 4424 sapientiam
3332 4353 3477 4407 acci-

226 4445 539 4518 ἀνθρώπων
560 4448 718 4502 πάλιν
740 4448 1002 4502 δεκτικῶν
1030 4449 1219 4517 σοφίας
1270 4448 1588 4517 γεγονότων,
1619 4451 1647 4502 6
1673 4448 1804 4512 Θεὸς

1921 4446 2066 4515 piunt
2100 4445 2349 4500 homines
2379 4464 2392 4499 :
2424 4456 2479 4499 at
2504 4444 2650 4499 Deus
2712 4445 2806 4514 qui
2841 4445 3044 4500 nullius
3093 4446 3151 4500 lit
3180 4445 3471 4515 particeps,

226 4537 451 4601 οὐδενὸς
508 4539 767 4609 μετέχων,
816 4540 976 4602 αὐτὸς
1031 4539 1130 4610 τῆς
1155 4538 1346 4592 ἑαυτοῦ
1408 4539 1597 4607 σοφίας
1627 4542 1804 4610 πατήρ

1921 4538 2028 4606 ipse
2077 4551 2190 4590 sua:
2228 4535 2507 4604 sapientiae
2555 4543 2708 4604 pater
2733 4544 2837 4597 est,
2868 4534 3029 4605 cujus
3057 4535 3149 4605 qui
3180 4535 3473 4605 participes

228 4621 490 4700 ὲστιν.ᾗς
519 4630 568 4683 οἱ
605 4630 915 4700 μετέχοντες
940 4629 1160 4683 εἰώθασι
1196 4632 1349 4699 σοφοὶ
1371 4628 1672 4683 καλεῖσθαι’
1709 4631 1805 4683 καὶ

1921 4626 2080 4691 ﬁunt,
2112 4626 2384 4681 sapientes
2427 4626 2603 4681 solent
2644 4625 2925 4697 appellari.
2979 4625 3105 4680 Haec
3154 4634 3334 4680 autem
3385 4642 3472 4682 sa-

304 4827 383 4907 (1)
425 4827 558 4907 Reg.
585 4836 640 4883 et.
666 4828 913 4907 segnem,
937 4829 1044 4907 irati
1082 4829 1285 4907 λοιπέν.
1307 4829 1400 4907 καὶ
1444 4828 1591 4907 περί.
1624 4828 1762 4907 Editi
1787 4868 1800 4892 ,

1921 4826 2189 4907 ιὼς-Σοφία
2211 4825 2335 4907 οὗτε
2365 4825 2589 4907 κτίσμα.
2808 4898 2820 4907 .
2856 4860 2863 4867 -

359 4895 557 4985 lembi
583 4895 903 4985 περίῘΙΙήᾱ.
936 4898 1069 4985 Ιεξειζ.
1110 4910 1163 4979 et
1176 4898 1434 4985 nFelfkm.
1466 4895 1532 4965 5,
1554 4899 1803 4985 περ-τόν

1972 4898 2048 4985 s22
2084 4896 2439 4985 ἓὲεβὲειεξενο
2460 4895 2725 4985 lintris
2755 4898 2852 4972 μέν
2881 4898 3050 4953 ειεεει·

229 4969 607 5041 χρόνονηΜοξ
638 4965 860 5041 Seguer.
881 5009 896 5033 ,
930 4965 1030 5041 τὴν
1057 4969 1150 5022 τοῦ
1174 4968 1307 5022 Θεοῦ
1338 4969 1608 5039 γέννησιν.
1630 4965 1798 5032 Editi,

1969 4965 2040 5041 (ξ)
2084 4965 2424 5041 Seguerian.)
2458 4965 2721 5041 ὑπολάϐῃ.

301 5056 334 5108 ν
358 5037 489 5108 περὶ
514 5038 609 5108 τοῦ
637 5028 771 5091 Θεόῦ
799 5028 1070 5108 γέννησιν.
1168 5107 1195 5108 7
1342 5028 1362 5108 ς’
1423 5106 1463 5108 _
1489 5028 1513 5108 ’ν
1783 5028 1794 5032 ⁷

1976 5028 2054 5108 (9)
2093 5028 2340 5108 δοξυενη
2363 5035 2536 5108 οὕτως
2549 5028 2747 5108 άνδρας
2766 5032 3210 5108 ὲρωτηςάτωσαν.
3231 5028 3350 5108 Dio;
3374 5028 3471 5108 ὃς·

297 5056 334 5107 ιν
358 5055 426 5090 πε
472 5055 489 5089 ι
514 5055 609 5091 του
637 5055 771 5091 υεου
799 5055 1070 5108 γεννησιν.

297 5107 384 5188 (2)
426 5055 517 5163 ἕὶο
544 5106 1029 5178 Seguer.,Gobler.
1065 5116 1119 5162 et
1157 5107 1299 5162 Felc.
1331 5106 1381 5160 1.
1422 5106 1564 5162 Editi
1600 5117 1802 5172 autem,

230 5194 427 5232 ταυτα.

304 5248 383 5317 (5)
403 5248 648 5318 Segner..,
670 5247 826 5318 Reg,
848 5246 1037 5311 Basil.,
1061 5247 1269 5316 Anglic.
1288 5254 1341 5301 et
1363 5245 1507 5302 Felc.
1524 5248 1578 5314 5,
1596 5262 1808 5317 εχοντες

228 5317 532 5390 τὴν-φύσιν.
563 5317 728 5390 Editi,
759 5317 970 5390 ἔχοντες
997 5317 1177 5390 φύ-σιν.

303 5385 380 5459 (4)
422 5388 763 5459 §eguerian.,
790 5385 866 5459 Οὐ
892 5385 1020 5459 γάρ.
1052 5387 1192 5459 Editi
1217 5394 1272 5441 et
1301 5386 1414 5459 alii.
1443 5385 1729 5459 Οςῦδὲ-γάρ.

266 5454 381 5529 ,(5)
421 5454 766 5529 Seguerian.,
806 5458 865 5529 f0
902 5454 1217 5529 Λόγοςμγὰρ
1251 5454 1349 5510 τοῦ
1366 5454 1522 5511 Θεοῦ.
1571 5455 1713 5510 Editi
1749 5464 1805 5510 et

169 5580 182 5589 ,
227 5527 367 5599 alii,
390 5529 451 5599 ’Θ
470 5527 641 5599 Λόγος
662 5527 829 5599 γὰρρ
859 5528 952 5580 τοῦ
972 5527 1130 5580 Θεοῦ.

152 5600 177 5607 “
240 5668 254 5670 _
299 5598 380 5670 (6)
398 5598 490 5653 Sic
513 5593 771 5670 segnem,
789 5597 990 5670 Regius
1006 5599 1171 5652 codex
1189 5596 1414 5670 aliique,
1438 5605 1629 5670 praeter
1652 5593 1794 5670 ἴοις.

230 5668 288 5734 2,
314 5663 485 5738 'a'quo
511 5677 564 5724 et
588 5663 665 5724 ib
692 5667 852 5727 editis
870 5663 1035 5724 'abest
1058 5668 1204 5738 quod
1246 5663 1510 5737 sequitur,
1543 5665 1711 5734 Λόγον
1741 5663 1797 5716 δὲ

1908 5169 2080 5239 πάθος
2112 5169 2290 5230 αὐτῶν
2319 5175 2464 5229 οὔτε.
2498 5175 2630 5243 Reg.
2694 5169 2822 5229 itém
2872 5172 3017 5227 οὕτε.
3058 5169 3200 5224 Editi
3239 5178 3293 5224 et
3351 5170 3465 5230 alii,

1905 5246 2226 5318 οὐδε-πάθος
2251 5245 2369 5298 οὐδὲ
2394 5246 2576 5318 μέρος.
2689 5314 2709 5318 ῃ
2859 5312 2870 5318 Δ
2996 5311 3008 5318 ί
3064 5310 3078 5318 ,
3238 5308 3263 5318 _
3315 5307 3347 5318 Α
3417 5306 3440 5315 -

2001 5316 2086 5384 10)
2127 5307 2257 5384 Reg.
2308 5325 2361 5368 et
2392 5307 2650 5384 Segner.,
2683 5314 2766 5366 ὅτι
2818 5312 2925 5384 μὲν
2963 5310 3125 5384 res);
3174 5308 3266 5384 τοῦ
3309 5307 3464 5384 Θεοῦ..

1909 5375 2123 5440 Εοῦιέτ.
2152 5375 2378 5439 εινιτειο.
2417 5375 2582 5448 Nam
2608 5375 2669 5435 τὸ
2700 5384 2765 5435 ὲκ
2793 5375 2949 5437 Θεοῦ.
2984 5380 3146 5442 Editi,
3171 5379 3253 5431 ὅτι
3286 5377 3383 5446 μὲν
3408 5375 3467 5428 τὸ

1904 5458 1969 5509 ἐκ
2016 5454 2170 5507 Θεοῦ.
2540 5521 2549 5522 ί
2646 5520 2655 5522 _
2890 5520 2976 5522 ___
3091 5518 3103 5522 _
3183 5516 3195 5522 _
3282 5513 3315 5522 ..

1920 5550 1923 5553 '
1977 5525 2086 5595 (H)
2128 5523 2218 5578 Sic
2243 5520 2744 5595 Seguer._,_Gobl_er.
2795 5529 2849 5595 et
2889 5520 3036 5595 Fele.
3069 5518 3132 5595 .l.
3170 5516 3236 5595 At
3276 5513 3462 5595 D;i_s_ili.

1902 5582 2209 5664 Anglicum,
2226 5582 2373 5664 (Reg.
2404 5601 2458 5644 et
2476 5582 2617 5664 Helo.
2647 5586 3104 5664 5._m61:a._Editi,
3126 5584 3315 5664 ταύτά.
3344 5582 3461 5636 Mox

1904 5654 2148 5734 Segiicr.,
2177 5654 2252 5733 μὴ
2278 5654 2649 5731 ἀνθρωπίνως.
2685 5658 2839 5728 Reg.,
2879 5658 2951 5726 μὴ
2989 5654 3323 5726 ἀνθρώπινα.

1910 5098 2061 5187 guer'.
2094 5098 2487 5187 ειςΒςεᾴοῦτε.
2500 5098 3234 5187 μήόίδοειὶοτᾋῖἓοιηξιζτιει
3248 5098 3463 5187 Heleni,
3556 5152 3607 5173 μ.
