  <div class='ocr_page' id='page_1' title='image "/cluster/home/n/w/nwhite01/storage/ocr_20150623/26/nnc1.0046978577/043.png"; bbox 0 0 3850 6218; ppageno 0'>
   <div class='ocr_carea' id='block_1_1' title="bbox 341 247 1926 335">
    <p class='ocr_par' dir='ltr' id='par_1_1' title="bbox 341 266 1926 335">
     <span class='ocr_line' id='line_1_1' title="bbox 341 266 1926 335; baseline -0.013 1"><span class='ocrx_word' id='word_1_1' title='bbox 341 289 406 335; x_wconf 80' lang='grc' dir='ltr'>Ἠ</span> <span class='ocrx_word' id='word_1_2' title='bbox 920 277 971 331; x_wconf 78' lang='grc' dir='ltr'>δ.</span> <span class='ocrx_word' id='word_1_3' title='bbox 1008 272 1379 328; x_wconf 68' lang='grc' dir='ltr'><strong>ΑἸἨΑΝΑΞΣΙ</strong></span> <span class='ocrx_word' id='word_1_4' title='bbox 1417 268 1567 324; x_wconf 79' lang='lat' dir='ltr'><strong>OPP.</strong></span> <span class='ocrx_word' id='word_1_5' title='bbox 1610 266 1789 319; x_wconf 75' lang='lat' dir='ltr'><strong>PARS</strong></span> <span class='ocrx_word' id='word_1_6' title='bbox 1825 266 1868 316; x_wconf 88' lang='grc' dir='ltr'><strong>ι.</strong></span> <span class='ocrx_word' id='word_1_7' title='bbox 1906 289 1926 300; x_wconf 93' lang='grc'><strong>-</strong></span> 
     </span>
    </p>
   </div>
   <div class='ocr_carea' id='block_1_2' title="bbox 2032 247 3571 335">
    <p class='ocr_par' dir='ltr' id='par_1_2' title="bbox 2032 247 3571 329">
     <span class='ocr_line' id='line_1_2' title="bbox 2032 247 3571 329; baseline -0.007 -18"><span class='ocrx_word' id='word_1_8' title='bbox 2032 255 2382 313; x_wconf 65' lang='grc' dir='ltr'>ιιδιοιιιελ</span> <span class='ocrx_word' id='word_1_9' title='bbox 2418 255 2505 310; x_wconf 75' lang='grc' dir='ltr'><strong>ετ</strong></span> <span class='ocrx_word' id='word_1_10' title='bbox 2545 250 2966 311; x_wconf 77' lang='lat' dir='ltr'><strong>DOGMATlCA.</strong></span> <span class='ocrx_word' id='word_1_11' title='bbox 3288 314 3295 329; x_wconf 28' lang='grc' dir='ltr'><em>ι</em></span> <span class='ocrx_word' id='word_1_12' title='bbox 3499 247 3571 301; x_wconf 72' lang='lat'><strong>72</strong></span> 
     </span>
    </p>
   </div>
   <div class='ocr_carea' id='block_1_3' title="bbox 338 368 1926 473">
    <p class='ocr_par' dir='ltr' id='par_1_3' title="bbox 338 388 1901 473">
     <span class='ocr_line' id='line_1_3' title="bbox 338 388 1901 473; baseline -0.01 -18"><span class='ocrx_word' id='word_1_13' title='bbox 338 400 539 473; x_wconf 86' lang='lat' dir='ltr'><strong>pientia</strong></span> <span class='ocrx_word' id='word_1_14' title='bbox 567 413 675 453; x_wconf 91' lang='lat' dir='ltr'><strong>non</strong></span> <span class='ocrx_word' id='word_1_15' title='bbox 695 398 897 469; x_wconf 84' lang='lat' dir='ltr'><strong>passio,</strong></span> <span class='ocrx_word' id='word_1_16' title='bbox 921 412 1028 450; x_wconf 88' lang='lat' dir='ltr'><strong>non</strong></span> <span class='ocrx_word' id='word_1_17' title='bbox 1052 410 1201 465; x_wconf 88' lang='lat' dir='ltr'><strong>pars,</strong></span> <span class='ocrx_word' id='word_1_18' title='bbox 1226 394 1319 448; x_wconf 90' lang='lat' dir='ltr'><strong>sed</strong></span> <span class='ocrx_word' id='word_1_19' title='bbox 1343 392 1594 463; x_wconf 90' lang='lat' dir='ltr'><strong>proprius</strong></span> <span class='ocrx_word' id='word_1_20' title='bbox 1615 388 1793 443; x_wconf 85' lang='lat' dir='ltr'><strong>Patris</strong></span> <span class='ocrx_word' id='word_1_21' title='bbox 1818 393 1901 441; x_wconf 87' lang='lat' dir='ltr'><strong>est</strong></span> 
     </span>
    </p>
   </div>
   <div class='ocr_carea' id='block_1_4' title="bbox 2032 368 3574 473">
    <p class='ocr_par' dir='ltr' id='par_1_4' title="bbox 2034 368 3574 473">
     <span class='ocr_line' id='line_1_4' title="bbox 2034 368 3574 473; baseline -0.009 -38"><span class='ocrx_word' id='word_1_22' title='bbox 2034 399 2116 435; x_wconf 86' lang='grc' dir='ltr'><strong>στι</strong></span> <span class='ocrx_word' id='word_1_23' title='bbox 2168 381 2264 435; x_wconf 79' lang='grc' dir='ltr'><strong>καὶ</strong></span> <span class='ocrx_word' id='word_1_24' title='bbox 2312 379 2448 449; x_wconf 82' lang='grc' dir='ltr'>αὐτὴ</span> <span class='ocrx_word' id='word_1_25' title='bbox 2481 378 2649 449; x_wconf 73' lang='grc'>(12)·1]</span> <span class='ocrx_word' id='word_1_26' title='bbox 2685 376 2867 445; x_wconf 81' lang='grc' dir='ltr'>σοφία,</span> <span class='ocrx_word' id='word_1_27' title='bbox 2899 374 2960 427; x_wconf 90' lang='grc' dir='ltr'><strong>οὐ</strong></span> <span class='ocrx_word' id='word_1_28' title='bbox 2994 369 3342 472; x_wconf 52' lang='grc' dir='ltr'>πάθος,-οὐδὶ</span> <span class='ocrx_word' id='word_1_29' title='bbox 3382 368 3574 473; x_wconf 50' lang='grc' dir='ltr'>μέρ-ος,</span> 
     </span>
    </p>
   </div>
   <div class='ocr_carea' id='block_1_5' title="bbox 348 485 1904 558">
    <p class='ocr_par' dir='ltr' id='par_1_5' title="bbox 348 485 1904 558">
     <span class='ocr_line' id='line_1_5' title="bbox 348 485 1904 558; baseline -0.009 -12"><span class='ocrx_word' id='word_1_30' title='bbox 348 496 511 549; x_wconf 79' lang='lat' dir='ltr'><strong>fetus.</strong></span> <span class='ocrx_word' id='word_1_31' title='bbox 544 490 754 544; x_wconf 80' lang='lat' dir='ltr'><strong>Idcirco</strong></span> <span class='ocrx_word' id='word_1_32' title='bbox 781 503 993 558; x_wconf 84' lang='lat' dir='ltr'><strong>semper</strong></span> <span class='ocrx_word' id='word_1_33' title='bbox 1017 487 1119 541; x_wconf 86' lang='lat' dir='ltr'><strong>fuit</strong></span> <span class='ocrx_word' id='word_1_34' title='bbox 1163 485 1357 550; x_wconf 88' lang='lat' dir='ltr'><strong>Pater,</strong></span> <span class='ocrx_word' id='word_1_35' title='bbox 1398 498 1504 538; x_wconf 86' lang='lat' dir='ltr'><strong>nec</strong></span> <span class='ocrx_word' id='word_1_36' title='bbox 1532 491 1737 551; x_wconf 79' lang='lat' dir='ltr'><strong>patrem</strong></span> <span class='ocrx_word' id='word_1_37' title='bbox 1781 492 1904 533; x_wconf 90' lang='lat' dir='ltr'><strong>esse</strong></span> 
     </span>
    </p>
   </div>
   <div class='ocr_carea' id='block_1_6' title="bbox 344 572 1904 653">
    <p class='ocr_par' dir='ltr' id='par_1_6' title="bbox 344 572 1904 653">
     <span class='ocr_line' id='line_1_6' title="bbox 344 572 1904 653; baseline -0.009 -15"><span class='ocrx_word' id='word_1_38' title='bbox 344 581 457 637; x_wconf 85' lang='lat' dir='ltr'><strong>Deo</strong></span> <span class='ocrx_word' id='word_1_39' title='bbox 507 590 696 653; x_wconf 85' lang='lat' dir='ltr'><strong>postea</strong></span> <span class='ocrx_word' id='word_1_40' title='bbox 750 578 966 643; x_wconf 89' lang='lat' dir='ltr'><strong>accidit,</strong></span> <span class='ocrx_word' id='word_1_41' title='bbox 1018 591 1120 632; x_wconf 88' lang='lat' dir='ltr'><strong>nec</strong></span> <span class='ocrx_word' id='word_1_42' title='bbox 1164 589 1286 631; x_wconf 89' lang='lat' dir='ltr'><strong>esse</strong></span> <span class='ocrx_word' id='word_1_43' title='bbox 1338 572 1679 629; x_wconf 75' lang='lat' dir='ltr'><strong>existimetur</strong></span> <span class='ocrx_word' id='word_1_44' title='bbox 1720 580 1904 625; x_wconf 87' lang='lat' dir='ltr'><strong>muta-</strong></span> 
     </span>
    </p>
   </div>
   <div class='ocr_carea' id='block_1_7' title="bbox 344 663 1907 734">
    <p class='ocr_par' dir='ltr' id='par_1_7' title="bbox 344 663 1907 734">
     <span class='ocr_line' id='line_1_7' title="bbox 344 663 1907 734; baseline -0.009 -4"><span class='ocrx_word' id='word_1_45' title='bbox 344 676 487 730; x_wconf 83' lang='lat' dir='ltr'><strong>bilis.</strong></span> <span class='ocrx_word' id='word_1_46' title='bbox 537 673 669 728; x_wconf 85' lang='lat' dir='ltr'><strong>Nam</strong></span> <span class='ocrx_word' id='word_1_47' title='bbox 711 674 756 730; x_wconf 92' lang='lat' dir='ltr'><strong>si</strong></span> <span class='ocrx_word' id='word_1_48' title='bbox 787 673 936 727; x_wconf 92' lang='lat' dir='ltr'><strong>illum</strong></span> <span class='ocrx_word' id='word_1_49' title='bbox 968 669 1181 724; x_wconf 84' lang='lat' dir='ltr'><strong>Patrem</strong></span> <span class='ocrx_word' id='word_1_50' title='bbox 1222 682 1364 734; x_wconf 89' lang='lat' dir='ltr'><strong>esse,</strong></span> <span class='ocrx_word' id='word_1_51' title='bbox 1409 667 1610 723; x_wconf 88' lang='lat' dir='ltr'><strong>bonum</strong></span> <span class='ocrx_word' id='word_1_52' title='bbox 1651 663 1773 731; x_wconf 89' lang='lat' dir='ltr'><strong>fuit,</strong></span> <span class='ocrx_word' id='word_1_53' title='bbox 1803 677 1907 717; x_wconf 87' lang='lat' dir='ltr'><strong>nec</strong></span> 
     </span>
    </p>
   </div>
   <div class='ocr_carea' id='block_1_8' title="bbox 343 756 1906 836">
    <p class='ocr_par' dir='ltr' id='par_1_8' title="bbox 343 756 1906 836">
     <span class='ocr_line' id='line_1_8' title="bbox 343 756 1906 836; baseline -0.006 -15"><span class='ocrx_word' id='word_1_54' title='bbox 343 781 556 836; x_wconf 86' lang='lat' dir='ltr'><strong>semper</strong></span> <span class='ocrx_word' id='word_1_55' title='bbox 585 765 688 820; x_wconf 92' lang='lat' dir='ltr'><strong>fuit</strong></span> <span class='ocrx_word' id='word_1_56' title='bbox 718 774 902 835; x_wconf 89' lang='lat' dir='ltr'><strong>pater;</strong></span> <span class='ocrx_word' id='word_1_57' title='bbox 951 777 1060 816; x_wconf 94' lang='lat' dir='ltr'><strong>non</strong></span> <span class='ocrx_word' id='word_1_58' title='bbox 1102 759 1268 831; x_wconf 85' lang='lat' dir='ltr'><strong>igitur</strong></span> <span class='ocrx_word' id='word_1_59' title='bbox 1326 774 1539 829; x_wconf 85' lang='lat' dir='ltr'><strong>semper</strong></span> <span class='ocrx_word' id='word_1_60' title='bbox 1568 756 1672 813; x_wconf 89' lang='lat' dir='ltr'><strong>fuit</strong></span> <span class='ocrx_word' id='word_1_61' title='bbox 1711 757 1764 810; x_wconf 93' lang='lat' dir='ltr'><strong>in</strong></span> <span class='ocrx_word' id='word_1_62' title='bbox 1813 756 1906 812; x_wconf 92' lang='lat' dir='ltr'><strong>illo</strong></span> 
     </span>
    </p>
   </div>
   <div class='ocr_carea' id='block_1_9' title="bbox 350 857 579 911">
    <p class='ocr_par' dir='ltr' id='par_1_9' title="bbox 350 857 579 911">
     <span class='ocr_line' id='line_1_9' title="bbox 350 857 579 911; baseline 0.004 -1"><span class='ocrx_word' id='word_1_63' title='bbox 350 857 579 911; x_wconf 88' lang='lat' dir='ltr'><strong>bonum.</strong></span> 
     </span>
    </p>
   </div>
   <div class='ocr_carea' id='block_1_10' title="bbox 414 934 1909 1014">
    <p class='ocr_par' dir='ltr' id='par_1_10' title="bbox 414 934 1909 1014">
     <span class='ocr_line' id='line_1_10' title="bbox 414 934 1909 1014; baseline -0.009 -14"><span class='ocrx_word' id='word_1_64' title='bbox 414 946 504 1000; x_wconf 72' lang='lat'><strong>29.</strong></span> <span class='ocrx_word' id='word_1_65' title='bbox 545 943 732 1014; x_wconf 81' lang='lat' dir='ltr'><strong>Atqui,</strong></span> <span class='ocrx_word' id='word_1_66' title='bbox 761 941 1040 1013; x_wconf 88' lang='lat' dir='ltr'><strong>inquiunt.</strong></span> <span class='ocrx_word' id='word_1_67' title='bbox 1090 955 1308 1010; x_wconf 82' lang='lat' dir='ltr'><strong>semper</strong></span> <span class='ocrx_word' id='word_1_68' title='bbox 1337 952 1558 1008; x_wconf 90' lang='lat' dir='ltr'><strong>quoque</strong></span> <span class='ocrx_word' id='word_1_69' title='bbox 1609 937 1752 991; x_wconf 91' lang='lat' dir='ltr'><strong>Deus</strong></span> <span class='ocrx_word' id='word_1_70' title='bbox 1806 934 1909 989; x_wconf 88' lang='lat' dir='ltr'><strong>fuit</strong></span> 
     </span>
    </p>
   </div>
   <div class='ocr_carea' id='block_1_11' title="bbox 349 1028 1906 1101">
    <p class='ocr_par' dir='ltr' id='par_1_11' title="bbox 349 1028 1906 1101">
     <span class='ocr_line' id='line_1_11' title="bbox 349 1028 1906 1101; baseline -0.008 -8"><span class='ocrx_word' id='word_1_71' title='bbox 349 1036 592 1101; x_wconf 80' lang='lat' dir='ltr'><strong>eﬂ‘ector,</strong></span> <span class='ocrx_word' id='word_1_72' title='bbox 626 1051 726 1091; x_wconf 91' lang='lat' dir='ltr'><strong>nec</strong></span> <span class='ocrx_word' id='word_1_73' title='bbox 750 1034 1016 1090; x_wconf 83' lang='lat' dir='ltr'><strong>eﬂiciendi</strong></span> <span class='ocrx_word' id='word_1_74' title='bbox 1049 1032 1278 1088; x_wconf 77' lang='lat' dir='ltr'><strong>facultas</strong></span> <span class='ocrx_word' id='word_1_75' title='bbox 1309 1032 1385 1086; x_wconf 87' lang='lat' dir='ltr'><strong>illi</strong></span> <span class='ocrx_word' id='word_1_76' title='bbox 1420 1038 1604 1101; x_wconf 89' lang='lat' dir='ltr'><strong>postea</strong></span> <span class='ocrx_word' id='word_1_77' title='bbox 1632 1028 1863 1083; x_wconf 82' lang='lat' dir='ltr'><strong>accessit</strong></span> <span class='ocrx_word' id='word_1_78' title='bbox 1891 1045 1906 1081; x_wconf 89' lang='lat'><strong>:</strong></span> 
     </span>
    </p>
   </div>
   <div class='ocr_carea' id='block_1_12' title="bbox 346 1125 1911 1198">
    <p class='ocr_par' dir='ltr' id='par_1_12' title="bbox 346 1125 1911 1198">
     <span class='ocr_line' id='line_1_12' title="bbox 346 1125 1911 1198; baseline -0.008 -13"><span class='ocrx_word' id='word_1_79' title='bbox 346 1146 476 1185; x_wconf 90' lang='lat' dir='ltr'><strong>num</strong></span> <span class='ocrx_word' id='word_1_80' title='bbox 521 1143 651 1198; x_wconf 83' lang='lat' dir='ltr'><strong>ergo</strong></span> <span class='ocrx_word' id='word_1_81' title='bbox 707 1128 836 1197; x_wconf 87' lang='lat' dir='ltr'><strong>quia</strong></span> <span class='ocrx_word' id='word_1_82' title='bbox 893 1125 1073 1196; x_wconf 67' lang='lat' dir='ltr'><strong>opifex</strong></span> <span class='ocrx_word' id='word_1_83' title='bbox 1131 1133 1239 1187; x_wconf 90' lang='lat' dir='ltr'><strong>est,</strong></span> <span class='ocrx_word' id='word_1_84' title='bbox 1280 1132 1481 1177; x_wconf 81' lang='lat' dir='ltr'><strong>:eterna</strong></span> <span class='ocrx_word' id='word_1_85' title='bbox 1522 1135 1738 1190; x_wconf 89' lang='lat' dir='ltr'><strong>quoque</strong></span> <span class='ocrx_word' id='word_1_86' title='bbox 1782 1128 1911 1174; x_wconf 81' lang='lat' dir='ltr'><strong>sum</strong></span> 
     </span>
    </p>
   </div>
   <div class='ocr_carea' id='block_1_13' title="bbox 343 1211 1912 1291">
    <p class='ocr_par' dir='ltr' id='par_1_13' title="bbox 343 1211 1912 1291">
     <span class='ocr_line' id='line_1_13' title="bbox 343 1211 1912 1291; baseline -0.008 -17"><span class='ocrx_word' id='word_1_87' title='bbox 343 1219 465 1291; x_wconf 84' lang='lat' dir='ltr'><strong>ejus</strong></span> <span class='ocrx_word' id='word_1_88' title='bbox 498 1234 681 1288; x_wconf 84' lang='lat' dir='ltr'><strong>opera,</strong></span> <span class='ocrx_word' id='word_1_89' title='bbox 719 1233 817 1271; x_wconf 84' lang='lat' dir='ltr'><strong>nec</strong></span> <span class='ocrx_word' id='word_1_90' title='bbox 849 1218 914 1270; x_wconf 86' lang='lat' dir='ltr'><strong>de</strong></span> <span class='ocrx_word' id='word_1_91' title='bbox 948 1218 1015 1271; x_wconf 89' lang='lat' dir='ltr'><strong>iis</strong></span> <span class='ocrx_word' id='word_1_92' title='bbox 1043 1216 1222 1270; x_wconf 86' lang='lat' dir='ltr'><strong>dicere</strong></span> <span class='ocrx_word' id='word_1_93' title='bbox 1248 1214 1396 1274; x_wconf 88' lang='lat' dir='ltr'><strong>licet.</strong></span> <span class='ocrx_word' id='word_1_94' title='bbox 1425 1211 1540 1265; x_wconf 84' lang='lat' dir='ltr'><strong>Non</strong></span> <span class='ocrx_word' id='word_1_95' title='bbox 1575 1220 1731 1265; x_wconf 89' lang='lat' dir='ltr'><strong>erant</strong></span> <span class='ocrx_word' id='word_1_96' title='bbox 1757 1218 1912 1264; x_wconf 83' lang='lat' dir='ltr'><strong>ante-</strong></span> 
     </span>
    </p>
   </div>
   <div class='ocr_carea' id='block_1_14' title="bbox 348 1296 1911 1379">
    <p class='ocr_par' dir='ltr' id='par_1_14' title="bbox 348 1296 1911 1379">
     <span class='ocr_line' id='line_1_14' title="bbox 348 1296 1911 1379; baseline -0.008 -16"><span class='ocrx_word' id='word_1_97' title='bbox 348 1323 513 1379; x_wconf 90' lang='lat' dir='ltr'><strong>quam</strong></span> <span class='ocrx_word' id='word_1_98' title='bbox 548 1306 768 1359; x_wconf 80' lang='lat' dir='ltr'><strong>ﬁerent?</strong></span> <span class='ocrx_word' id='word_1_99' title='bbox 798 1301 888 1356; x_wconf 67' lang='grc' dir='ltr'>Ναι</span> <span class='ocrx_word' id='word_1_100' title='bbox 918 1302 1096 1357; x_wconf 90' lang='lat' dir='ltr'><strong>insani</strong></span> <span class='ocrx_word' id='word_1_101' title='bbox 1130 1300 1346 1354; x_wconf 84' lang='lat' dir='ltr'><strong>Ariani!</strong></span> <span class='ocrx_word' id='word_1_102' title='bbox 1374 1297 1513 1364; x_wconf 86' lang='lat' dir='ltr'><strong>Quid</strong></span> <span class='ocrx_word' id='word_1_103' title='bbox 1560 1298 1704 1351; x_wconf 89' lang='lat' dir='ltr'><strong>enim</strong></span> <span class='ocrx_word' id='word_1_104' title='bbox 1737 1296 1911 1350; x_wconf 89' lang='lat' dir='ltr'><strong>simile</strong></span> 
     </span>
    </p>
   </div>
   <div class='ocr_carea' id='block_1_15' title="bbox 347 1384 1911 1459">
    <p class='ocr_par' dir='ltr' id='par_1_15' title="bbox 347 1384 1911 1459">
     <span class='ocr_line' id='line_1_15' title="bbox 347 1384 1911 1459; baseline -0.008 -8"><span class='ocrx_word' id='word_1_105' title='bbox 347 1406 431 1451; x_wconf 85' lang='lat' dir='ltr'><strong>est</strong></span> <span class='ocrx_word' id='word_1_106' title='bbox 458 1394 627 1449; x_wconf 76' lang='lat' dir='ltr'><strong>illium</strong></span> <span class='ocrx_word' id='word_1_107' title='bbox 662 1394 802 1445; x_wconf 89' lang='lat' dir='ltr'><strong>inter</strong></span> <span class='ocrx_word' id='word_1_108' title='bbox 830 1399 884 1445; x_wconf 89' lang='lat' dir='ltr'><strong>et</strong></span> <span class='ocrx_word' id='word_1_109' title='bbox 906 1406 1063 1459; x_wconf 90' lang='lat' dir='ltr'><strong>opus,</strong></span> <span class='ocrx_word' id='word_1_110' title='bbox 1118 1398 1178 1443; x_wconf 90' lang='lat' dir='ltr'><strong>ut</strong></span> <span class='ocrx_word' id='word_1_111' title='bbox 1206 1388 1393 1442; x_wconf 90' lang='lat' dir='ltr'><strong>eadem</strong></span> <span class='ocrx_word' id='word_1_112' title='bbox 1428 1387 1496 1440; x_wconf 90' lang='lat' dir='ltr'><strong>de</strong></span> <span class='ocrx_word' id='word_1_113' title='bbox 1517 1395 1669 1456; x_wconf 84' lang='lat' dir='ltr'><strong>patre</strong></span> <span class='ocrx_word' id='word_1_114' title='bbox 1698 1399 1818 1455; x_wconf 75' lang='lat' dir='ltr'><strong>qua:</strong></span> <span class='ocrx_word' id='word_1_115' title='bbox 1845 1384 1911 1438; x_wconf 89' lang='lat' dir='ltr'><strong>de</strong></span> 
     </span>
    </p>
   </div>
   <div class='ocr_carea' id='block_1_16' title="bbox 351 1480 1913 1557">
    <p class='ocr_par' dir='ltr' id='par_1_16' title="bbox 351 1480 1913 1557">
     <span class='ocr_line' id='line_1_16' title="bbox 351 1480 1913 1557; baseline -0.008 -16"><span class='ocrx_word' id='word_1_116' title='bbox 351 1485 633 1557; x_wconf 86' lang='lat' dir='ltr'><strong>opiﬁcibus</strong></span> <span class='ocrx_word' id='word_1_117' title='bbox 662 1482 882 1537; x_wconf 91' lang='lat' dir='ltr'><strong>dicant?</strong></span> <span class='ocrx_word' id='word_1_118' title='bbox 917 1480 1017 1547; x_wconf 85' lang='lat' dir='ltr'><strong>Qui</strong></span> <span class='ocrx_word' id='word_1_119' title='bbox 1056 1495 1219 1550; x_wconf 87' lang='lat' dir='ltr'><strong>porro</strong></span> <span class='ocrx_word' id='word_1_120' title='bbox 1241 1486 1528 1548; x_wconf 84' lang='lat' dir='ltr'><strong>postquam</strong></span> <span class='ocrx_word' id='word_1_121' title='bbox 1562 1486 1765 1531; x_wconf 83' lang='lat' dir='ltr'><strong>tantam</strong></span> <span class='ocrx_word' id='word_1_122' title='bbox 1791 1490 1913 1529; x_wconf 87' lang='lat' dir='ltr'><strong>esse</strong></span> 
     </span>
    </p>
   </div>
   <div class='ocr_carea' id='block_1_17' title="bbox 346 1566 1911 1643">
    <p class='ocr_par' dir='ltr' id='par_1_17' title="bbox 346 1566 1911 1643">
     <span class='ocr_line' id='line_1_17' title="bbox 346 1566 1911 1643; baseline -0.007 -13"><span class='ocrx_word' id='word_1_123' title='bbox 346 1574 493 1631; x_wconf 81' lang='lat' dir='ltr'><strong>fetus</strong></span> <span class='ocrx_word' id='word_1_124' title='bbox 522 1583 574 1629; x_wconf 90' lang='lat' dir='ltr'><strong>et</strong></span> <span class='ocrx_word' id='word_1_125' title='bbox 600 1574 781 1643; x_wconf 87' lang='lat' dir='ltr'><strong>operis</strong></span> <span class='ocrx_word' id='word_1_126' title='bbox 813 1572 1176 1628; x_wconf 71' lang='lat' dir='ltr'><strong>differentiam</strong></span> <span class='ocrx_word' id='word_1_127' title='bbox 1213 1584 1377 1639; x_wconf 82' lang='lat' dir='ltr'><strong>supra</strong></span> <span class='ocrx_word' id='word_1_128' title='bbox 1404 1578 1685 1624; x_wconf 90' lang='lat' dir='ltr'><strong>ostensum</strong></span> <span class='ocrx_word' id='word_1_129' title='bbox 1717 1575 1820 1631; x_wconf 89' lang='lat' dir='ltr'><strong>est,</strong></span> <span class='ocrx_word' id='word_1_130' title='bbox 1857 1566 1911 1620; x_wconf 90' lang='lat' dir='ltr'><strong>in</strong></span> 
     </span>
    </p>
   </div>
   <div class='ocr_carea' id='block_1_18' title="bbox 348 1659 1908 1732">
    <p class='ocr_par' dir='ltr' id='par_1_18' title="bbox 348 1659 1908 1732">
     <span class='ocr_line' id='line_1_18' title="bbox 348 1659 1908 1732; baseline -0.008 -9"><span class='ocrx_word' id='word_1_131' title='bbox 348 1668 534 1723; x_wconf 90' lang='lat' dir='ltr'><strong>eadem</strong></span> <span class='ocrx_word' id='word_1_132' title='bbox 560 1668 759 1721; x_wconf 74' lang='lat' dir='ltr'><strong>luerent</strong></span> <span class='ocrx_word' id='word_1_133' title='bbox 783 1664 1035 1719; x_wconf 85' lang='lat' dir='ltr'><strong>inscitia?</strong></span> <span class='ocrx_word' id='word_1_134' title='bbox 1065 1661 1209 1717; x_wconf 90' lang='lat' dir='ltr'><strong>Idem</strong></span> <span class='ocrx_word' id='word_1_135' title='bbox 1235 1663 1400 1732; x_wconf 82' lang='lat' dir='ltr'><strong>igitur</strong></span> <span class='ocrx_word' id='word_1_136' title='bbox 1428 1659 1780 1730; x_wconf 90' lang='lat' dir='ltr'><strong>repetendum</strong></span> <span class='ocrx_word' id='word_1_137' title='bbox 1806 1669 1908 1722; x_wconf 88' lang='lat' dir='ltr'><strong>est,</strong></span> 
     </span>
    </p>
   </div>
   <div class='ocr_carea' id='block_1_19' title="bbox 2004 460 3578 541">
    <p class='ocr_par' dir='ltr' id='par_1_19' title="bbox 2004 460 3578 541">
     <span class='ocr_line' id='line_1_19' title="bbox 2004 460 3578 541; baseline -0.009 -16"><span class='ocrx_word' id='word_1_138' title='bbox 2004 472 2139 525; x_wconf 81' lang='grc' dir='ltr'>ἀλλὰ</span> <span class='ocrx_word' id='word_1_139' title='bbox 2164 472 2409 541; x_wconf 83' lang='grc' dir='ltr'><strong>γέννημα</strong></span> <span class='ocrx_word' id='word_1_140' title='bbox 2437 470 2566 523; x_wconf 74' lang='grc' dir='ltr'>[διον</span> <span class='ocrx_word' id='word_1_141' title='bbox 2593 467 2686 521; x_wconf 80' lang='grc' dir='ltr'>τοῦ</span> <span class='ocrx_word' id='word_1_142' title='bbox 2722 465 2943 538; x_wconf 87' lang='grc' dir='ltr'>πατρός.</span> <span class='ocrx_word' id='word_1_143' title='bbox 2989 464 3089 517; x_wconf 84' lang='grc' dir='ltr'><strong>Διὰ</strong></span> <span class='ocrx_word' id='word_1_144' title='bbox 3125 461 3283 516; x_wconf 81' lang='grc' dir='ltr'>τοῦτο</span> <span class='ocrx_word' id='word_1_145' title='bbox 3323 461 3407 513; x_wconf 78' lang='grc' dir='ltr'>ἀεὶ</span> <span class='ocrx_word' id='word_1_146' title='bbox 3460 460 3578 513; x_wconf 84' lang='grc' dir='ltr'><strong>Πα-</strong></span> 
     </span>
    </p>
   </div>
   <div class='ocr_carea' id='block_1_20' title="bbox 2003 549 3580 635">
    <p class='ocr_par' dir='ltr' id='par_1_20' title="bbox 2003 549 3580 635">
     <span class='ocr_line' id='line_1_20' title="bbox 2003 549 3580 635; baseline -0.007 -19"><span class='ocrx_word' id='word_1_147' title='bbox 2003 564 2127 635; x_wconf 80' lang='grc' dir='ltr'>τὴρ,</span> <span class='ocrx_word' id='word_1_148' title='bbox 2151 563 2243 616; x_wconf 71' lang='grc' dir='ltr'><strong>καὶ</strong></span> <span class='ocrx_word' id='word_1_149' title='bbox 2268 563 2367 615; x_wconf 90' lang='grc' dir='ltr'><strong>οὐκ</strong></span> <span class='ocrx_word' id='word_1_150' title='bbox 2394 560 2676 628; x_wconf 79' lang='grc' dir='ltr'><strong>ἐπιγέγονε</strong></span> <span class='ocrx_word' id='word_1_151' title='bbox 2708 557 2783 627; x_wconf 83' lang='grc' dir='ltr'>τῷ</span> <span class='ocrx_word' id='word_1_152' title='bbox 2803 556 2921 627; x_wconf 84' lang='grc' dir='ltr'>Θεῷ</span> <span class='ocrx_word' id='word_1_153' title='bbox 2939 556 3001 608; x_wconf 88' lang='grc' dir='ltr'><strong>τὸ</strong></span> <span class='ocrx_word' id='word_1_154' title='bbox 3033 554 3235 625; x_wconf 80' lang='grc' dir='ltr'>πατὴρ,</span> <span class='ocrx_word' id='word_1_155' title='bbox 3259 552 3344 605; x_wconf 78' lang='grc' dir='ltr'>ἵνα</span> <span class='ocrx_word' id='word_1_156' title='bbox 3375 552 3450 623; x_wconf 83' lang='grc' dir='ltr'>μὴ</span> <span class='ocrx_word' id='word_1_157' title='bbox 3479 549 3580 605; x_wconf 83' lang='grc' dir='ltr'>καὶ</span> 
     </span>
    </p>
   </div>
   <div class='ocr_carea' id='block_1_21' title="bbox 2003 639 3577 727">
    <p class='ocr_par' dir='ltr' id='par_1_21' title="bbox 2003 639 3577 727">
     <span class='ocr_line' id='line_1_21' title="bbox 2003 639 3577 727; baseline -0.008 -18"><span class='ocrx_word' id='word_1_158' title='bbox 2003 655 2233 727; x_wconf 85' lang='grc' dir='ltr'>τρεπτὸς</span> <span class='ocrx_word' id='word_1_159' title='bbox 2265 648 2673 723; x_wconf 79' lang='grc' dir='ltr'>εἷναινομισθῇ.</span> <span class='ocrx_word' id='word_1_160' title='bbox 2730 652 2793 703; x_wconf 83' lang='lat' dir='ltr'><strong>Ei</strong></span> <span class='ocrx_word' id='word_1_161' title='bbox 2838 649 2945 721; x_wconf 83' lang='grc' dir='ltr'>γὰρ</span> <span class='ocrx_word' id='word_1_162' title='bbox 2971 647 3133 701; x_wconf 84' lang='grc' dir='ltr'>καλὸν</span> <span class='ocrx_word' id='word_1_163' title='bbox 3177 646 3239 699; x_wconf 87' lang='grc' dir='ltr'><strong>τὸ</strong></span> <span class='ocrx_word' id='word_1_164' title='bbox 3294 639 3433 698; x_wconf 77' lang='grc' dir='ltr'>εἶναι</span> <span class='ocrx_word' id='word_1_165' title='bbox 3462 641 3577 715; x_wconf 76' lang='grc'>(15)</span> 
     </span>
    </p>
   </div>
   <div class='ocr_carea' id='block_1_22' title="bbox 2006 733 3579 817">
    <p class='ocr_par' dir='ltr' id='par_1_22' title="bbox 2006 733 3579 817">
     <span class='ocr_line' id='line_1_22' title="bbox 2006 733 3579 817; baseline -0.007 -17"><span class='ocrx_word' id='word_1_166' title='bbox 2006 747 2166 800; x_wconf 90' lang='grc' dir='ltr'>αὐτὸν</span> <span class='ocrx_word' id='word_1_167' title='bbox 2197 746 2432 817; x_wconf 82' lang='grc' dir='ltr'><strong>Πατέρα,</strong></span> <span class='ocrx_word' id='word_1_168' title='bbox 2457 744 2557 797; x_wconf 85' lang='grc' dir='ltr'><strong>οὐκ</strong></span> <span class='ocrx_word' id='word_1_169' title='bbox 2580 744 2665 797; x_wconf 70' lang='grc' dir='ltr'>ἀεὶ</span> <span class='ocrx_word' id='word_1_170' title='bbox 2692 742 2749 795; x_wconf 81' lang='grc' dir='ltr'><strong>δὲ</strong></span> <span class='ocrx_word' id='word_1_171' title='bbox 2798 738 2865 812; x_wconf 82' lang='grc' dir='ltr'>ἦν</span> <span class='ocrx_word' id='word_1_172' title='bbox 2896 739 3098 811; x_wconf 71' lang='grc' dir='ltr'>πατήρ*</span> <span class='ocrx_word' id='word_1_173' title='bbox 3132 738 3233 792; x_wconf 86' lang='grc' dir='ltr'><strong>οὐκ</strong></span> <span class='ocrx_word' id='word_1_174' title='bbox 3258 738 3344 790; x_wconf 77' lang='grc' dir='ltr'><strong>ἀεὶ</strong></span> <span class='ocrx_word' id='word_1_175' title='bbox 3364 736 3474 808; x_wconf 77' lang='grc' dir='ltr'><strong>ἄρα</strong></span> <span class='ocrx_word' id='word_1_176' title='bbox 3514 733 3579 789; x_wconf 79' lang='grc' dir='ltr'><strong>τὸ</strong></span> 
     </span>
    </p>
   </div>
   <div class='ocr_carea' id='block_1_23' title="bbox 2006 835 2545 911">
    <p class='ocr_par' dir='ltr' id='par_1_23' title="bbox 2006 835 2545 911">
     <span class='ocr_line' id='line_1_23' title="bbox 2006 835 2545 911; baseline -0.007 -18"><span class='ocrx_word' id='word_1_177' title='bbox 2006 840 2169 894; x_wconf 86' lang='grc' dir='ltr'>καλὸν</span> <span class='ocrx_word' id='word_1_178' title='bbox 2198 835 2266 911; x_wconf 79' lang='grc' dir='ltr'>ἦν</span> <span class='ocrx_word' id='word_1_179' title='bbox 2297 840 2354 891; x_wconf 81' lang='grc' dir='ltr'>ὲν</span> <span class='ocrx_word' id='word_1_180' title='bbox 2379 836 2545 907; x_wconf 85' lang='grc' dir='ltr'>αὐτῷ.</span> 
     </span>
    </p>
   </div>
   <div class='ocr_carea' id='block_1_24' title="bbox 2076 918 3577 997">
    <p class='ocr_par' dir='ltr' id='par_1_24' title="bbox 2076 918 3577 997">
     <span class='ocr_line' id='line_1_24' title="bbox 2076 918 3577 997; baseline -0.01 -11"><span class='ocrx_word' id='word_1_181' title='bbox 2076 932 2165 986; x_wconf 76' lang='grc'><strong>29.</strong></span> <span class='ocrx_word' id='word_1_182' title='bbox 2206 931 2343 983; x_wconf 80' lang='grc' dir='ltr'>Ἀλλ’</span> <span class='ocrx_word' id='word_1_183' title='bbox 2370 929 2500 993; x_wconf 75' lang='grc' dir='ltr'>ἰδοὺ,</span> <span class='ocrx_word' id='word_1_184' title='bbox 2530 927 2685 997; x_wconf 77' lang='grc' dir='ltr'>φασὶ,</span> <span class='ocrx_word' id='word_1_185' title='bbox 2714 926 2808 979; x_wconf 76' lang='grc' dir='ltr'><strong>καὶ</strong></span> <span class='ocrx_word' id='word_1_186' title='bbox 2839 925 2926 977; x_wconf 75' lang='grc' dir='ltr'><strong>ἀεὶ</strong></span> <span class='ocrx_word' id='word_1_187' title='bbox 2960 924 3189 993; x_wconf 78' lang='grc' dir='ltr'>ποιητής</span> <span class='ocrx_word' id='word_1_188' title='bbox 3212 923 3356 974; x_wconf 75' lang='grc' dir='ltr'>ἐστιν</span> <span class='ocrx_word' id='word_1_189' title='bbox 3379 918 3577 981; x_wconf 85' lang='grc' dir='ltr'>ὁΘεὸς,</span> 
     </span>
    </p>
   </div>
   <div class='ocr_carea' id='block_1_25' title="bbox 2008 1010 3578 1088">
    <p class='ocr_par' dir='ltr' id='par_1_25' title="bbox 2008 1010 3578 1088">
     <span class='ocr_line' id='line_1_25' title="bbox 2008 1010 3578 1088; baseline -0.009 -12"><span class='ocrx_word' id='word_1_190' title='bbox 2008 1024 2101 1076; x_wconf 77' lang='grc' dir='ltr'><strong>καὶ</strong></span> <span class='ocrx_word' id='word_1_191' title='bbox 2131 1022 2230 1074; x_wconf 89' lang='grc' dir='ltr'><strong>οὐκ</strong></span> <span class='ocrx_word' id='word_1_192' title='bbox 2255 1020 2570 1088; x_wconf 82' lang='grc' dir='ltr'>ὲπιγέγονεν</span> <span class='ocrx_word' id='word_1_193' title='bbox 2609 1016 2757 1087; x_wconf 85' lang='grc' dir='ltr'>αὐτῷ</span> <span class='ocrx_word' id='word_1_194' title='bbox 2778 1014 2872 1068; x_wconf 79' lang='grc' dir='ltr'>τοῦ</span> <span class='ocrx_word' id='word_1_195' title='bbox 2897 1016 3245 1084; x_wconf 80' lang='grc' dir='ltr'><strong>δημιουργεῖν</strong></span> <span class='ocrx_word' id='word_1_196' title='bbox 3269 1014 3303 1085; x_wconf 83' lang='grc' dir='ltr'>ἡ</span> <span class='ocrx_word' id='word_1_197' title='bbox 3326 1010 3578 1080; x_wconf 83' lang='grc' dir='ltr'>δύναμις·</span> 
     </span>
    </p>
   </div>
   <div class='ocr_carea' id='block_1_26' title="bbox 2009 1098 3583 1185">
    <p class='ocr_par' dir='ltr' id='par_1_26' title="bbox 2009 1098 3583 1185">
     <span class='ocr_line' id='line_1_26' title="bbox 2009 1098 3583 1185; baseline -0.01 -18"><span class='ocrx_word' id='word_1_198' title='bbox 2009 1109 2096 1185; x_wconf 82' lang='grc' dir='ltr'><strong>ἆρ’</strong></span> <span class='ocrx_word' id='word_1_199' title='bbox 2121 1109 2235 1177; x_wconf 75' lang='grc' dir='ltr'>οὖν,</span> <span class='ocrx_word' id='word_1_200' title='bbox 2267 1110 2451 1181; x_wconf 75' lang='grc' dir='ltr'>ἐπειδὴ</span> <span class='ocrx_word' id='word_1_201' title='bbox 2479 1107 2803 1180; x_wconf 88' lang='grc' dir='ltr'>δημιουργός</span> <span class='ocrx_word' id='word_1_202' title='bbox 2838 1108 3001 1169; x_wconf 83' lang='grc' dir='ltr'>ἐστιν,</span> <span class='ocrx_word' id='word_1_203' title='bbox 3029 1104 3176 1158; x_wconf 73' lang='grc' dir='ltr'>ἀίδιά</span> <span class='ocrx_word' id='word_1_204' title='bbox 3226 1106 3340 1157; x_wconf 76' lang='grc' dir='ltr'>ἐστι</span> <span class='ocrx_word' id='word_1_205' title='bbox 3390 1102 3485 1156; x_wconf 76' lang='grc' dir='ltr'>καὶ</span> <span class='ocrx_word' id='word_1_206' title='bbox 3513 1098 3583 1153; x_wconf 82' lang='grc' dir='ltr'>τὰ</span> 
     </span>
    </p>
   </div>
   <div class='ocr_carea' id='block_1_27' title="bbox 2008 1194 3584 1277">
    <p class='ocr_par' dir='ltr' id='par_1_27' title="bbox 2008 1194 3584 1277">
     <span class='ocr_line' id='line_1_27' title="bbox 2008 1194 3584 1277; baseline -0.009 -17"><span class='ocrx_word' id='word_1_207' title='bbox 2008 1208 2307 1277; x_wconf 82' lang='grc' dir='ltr'>ποιήματα,</span> <span class='ocrx_word' id='word_1_208' title='bbox 2341 1204 2435 1257; x_wconf 72' lang='grc' dir='ltr'>καὶ</span> <span class='ocrx_word' id='word_1_209' title='bbox 2466 1202 2526 1255; x_wconf 90' lang='grc' dir='ltr'><strong>οὐ</strong></span> <span class='ocrx_word' id='word_1_210' title='bbox 2551 1201 2707 1271; x_wconf 82' lang='grc' dir='ltr'><strong>θέμις</strong></span> <span class='ocrx_word' id='word_1_211' title='bbox 2732 1201 2903 1252; x_wconf 80' lang='grc' dir='ltr'>εἰπεῖν</span> <span class='ocrx_word' id='word_1_212' title='bbox 2932 1197 3051 1251; x_wconf 83' lang='grc' dir='ltr'>οὐδὲ</span> <span class='ocrx_word' id='word_1_213' title='bbox 3083 1196 3175 1249; x_wconf 78' lang='grc' dir='ltr'>ἐπὶ</span> <span class='ocrx_word' id='word_1_214' title='bbox 3211 1194 3435 1258; x_wconf 83' lang='grc' dir='ltr'>τούτων,</span> <span class='ocrx_word' id='word_1_215' title='bbox 3466 1194 3584 1246; x_wconf 79' lang='grc' dir='ltr'>Οὐκ</span> 
     </span>
    </p>
   </div>
   <div class='ocr_carea' id='block_1_28' title="bbox 2008 1285 3586 1370">
    <p class='ocr_par' dir='ltr' id='par_1_28' title="bbox 2008 1285 3586 1370">
     <span class='ocr_line' id='line_1_28' title="bbox 2008 1285 3586 1370; baseline -0.009 -19"><span class='ocrx_word' id='word_1_216' title='bbox 2008 1296 2077 1370; x_wconf 81' lang='grc' dir='ltr'>ἦν</span> <span class='ocrx_word' id='word_1_217' title='bbox 2104 1298 2232 1370; x_wconf 63' lang='grc' dir='ltr'>πρὶν</span> <span class='ocrx_word' id='word_1_218' title='bbox 2256 1294 2490 1365; x_wconf 81' lang='grc' dir='ltr'><strong>γεννηθῇ</strong></span> <span class='ocrx_word' id='word_1_219' title='bbox 2520 1293 2630 1363; x_wconf 72' lang='lat' dir='ltr'><strong>(Li)</strong></span> <span class='ocrx_word' id='word_1_220' title='bbox 2658 1309 2672 1359; x_wconf 91' lang='lat'>;</span> <span class='ocrx_word' id='word_1_221' title='bbox 2699 1291 2963 1361; x_wconf 73' lang='grc' dir='ltr'>Ἀφρονες</span> <span class='ocrx_word' id='word_1_222' title='bbox 2988 1290 3036 1341; x_wconf 82' lang='grc' dir='ltr'><strong>οἱ</strong></span> <span class='ocrx_word' id='word_1_223' title='bbox 3081 1286 3363 1360; x_wconf 67' lang='grc' dir='ltr'>Ἀρειανοίυ</span> <span class='ocrx_word' id='word_1_224' title='bbox 3397 1285 3449 1338; x_wconf 88' lang='grc' dir='ltr'><strong>τί</strong></span> <span class='ocrx_word' id='word_1_225' title='bbox 3471 1285 3586 1356; x_wconf 82' lang='grc' dir='ltr'>γὰρ</span> 
     </span>
    </p>
   </div>
   <div class='ocr_carea' id='block_1_29' title="bbox 2010 1376 3587 1461">
    <p class='ocr_par' dir='ltr' id='par_1_29' title="bbox 2010 1376 3587 1461">
     <span class='ocr_line' id='line_1_29' title="bbox 2010 1376 3587 1461; baseline -0.01 -18"><span class='ocrx_word' id='word_1_226' title='bbox 2010 1391 2192 1461; x_wconf 82' lang='grc' dir='ltr'>ὅμοιον</span> <span class='ocrx_word' id='word_1_227' title='bbox 2226 1387 2339 1450; x_wconf 85' lang='grc' dir='ltr'>υἱὸς</span> <span class='ocrx_word' id='word_1_228' title='bbox 2370 1386 2463 1439; x_wconf 72' lang='grc' dir='ltr'><strong>καὶ</strong></span> <span class='ocrx_word' id='word_1_229' title='bbox 2495 1385 2725 1455; x_wconf 84' lang='grc' dir='ltr'>ποίημα,</span> <span class='ocrx_word' id='word_1_230' title='bbox 2745 1382 2830 1434; x_wconf 83' lang='grc' dir='ltr'><strong>ἵνα</strong></span> <span class='ocrx_word' id='word_1_231' title='bbox 2850 1380 2918 1433; x_wconf 78' lang='grc' dir='ltr'>τὰ</span> <span class='ocrx_word' id='word_1_232' title='bbox 2943 1380 3034 1433; x_wconf 78' lang='grc' dir='ltr'>ἐπὶ</span> <span class='ocrx_word' id='word_1_233' title='bbox 3060 1379 3153 1432; x_wconf 77' lang='grc' dir='ltr'>τοῦ</span> <span class='ocrx_word' id='word_1_234' title='bbox 3180 1377 3382 1450; x_wconf 84' lang='grc' dir='ltr'>πατρὸς</span> <span class='ocrx_word' id='word_1_235' title='bbox 3409 1376 3587 1429; x_wconf 79' lang='grc' dir='ltr'>ταῦτα</span> 
     </span>
    </p>
   </div>
   <div class='ocr_carea' id='block_1_30' title="bbox 2011 1469 3586 1548">
    <p class='ocr_par' dir='ltr' id='par_1_30' title="bbox 2011 1469 3586 1548">
     <span class='ocr_line' id='line_1_30' title="bbox 2011 1469 3586 1548; baseline -0.008 -14"><span class='ocrx_word' id='word_1_236' title='bbox 2011 1483 2106 1535; x_wconf 77' lang='grc' dir='ltr'>καὶ</span> <span class='ocrx_word' id='word_1_237' title='bbox 2130 1476 2225 1532; x_wconf 76' lang='grc' dir='ltr'><strong>ἐπὶ</strong></span> <span class='ocrx_word' id='word_1_238' title='bbox 2250 1478 2356 1530; x_wconf 78' lang='grc' dir='ltr'>τῶν</span> <span class='ocrx_word' id='word_1_239' title='bbox 2389 1473 2734 1548; x_wconf 79' lang='grc' dir='ltr'><strong>δημιουργῶν</strong></span> <span class='ocrx_word' id='word_1_240' title='bbox 2780 1472 2887 1544; x_wconf 87' lang='grc'>(15)</span> <span class='ocrx_word' id='word_1_241' title='bbox 2922 1471 3150 1536; x_wconf 61' lang='lat' dir='ltr'><strong>sistrum;</strong></span> <span class='ocrx_word' id='word_1_242' title='bbox 3204 1469 3327 1532; x_wconf 84' lang='grc' dir='ltr'><strong>Πῶς</strong></span> <span class='ocrx_word' id='word_1_243' title='bbox 3357 1469 3433 1531; x_wconf 82' lang='grc' dir='ltr'><strong>δὲ,</strong></span> <span class='ocrx_word' id='word_1_244' title='bbox 3489 1484 3586 1522; x_wconf 83' lang='grc' dir='ltr'>το-</span> 
     </span>
    </p>
   </div>
   <div class='ocr_carea' id='block_1_31' title="bbox 2016 1562 3586 1642">
    <p class='ocr_par' dir='ltr' id='par_1_31' title="bbox 2016 1562 3586 1642">
     <span class='ocr_line' id='line_1_31' title="bbox 2016 1562 3586 1642; baseline -0.009 -16"><span class='ocrx_word' id='word_1_245' title='bbox 2016 1572 2217 1642; x_wconf 85' lang='grc' dir='ltr'>σαύτης</span> <span class='ocrx_word' id='word_1_246' title='bbox 2241 1571 2501 1642; x_wconf 83' lang='grc' dir='ltr'>διαφορᾶς</span> <span class='ocrx_word' id='word_1_247' title='bbox 2532 1570 2590 1620; x_wconf 84' lang='grc' dir='ltr'>ὲν</span> <span class='ocrx_word' id='word_1_248' title='bbox 2624 1569 2736 1629; x_wconf 86' lang='grc' dir='ltr'>τοῖς</span> <span class='ocrx_word' id='word_1_249' title='bbox 2769 1563 3074 1636; x_wconf 73' lang='grc' dir='ltr'>ἔμπροσθεν</span> <span class='ocrx_word' id='word_1_250' title='bbox 3122 1562 3426 1633; x_wconf 77' lang='grc' dir='ltr'>δειχθείσης</span> <span class='ocrx_word' id='word_1_251' title='bbox 3454 1577 3586 1629; x_wconf 90' lang='grc' dir='ltr'>γεν-</span> 
     </span>
    </p>
   </div>
   <div class='ocr_carea' id='block_1_32' title="bbox 2015 1651 3591 1737">
    <p class='ocr_par' dir='ltr' id='par_1_32' title="bbox 2015 1651 3591 1737">
     <span class='ocr_line' id='line_1_32' title="bbox 2015 1651 3591 1737; baseline -0.009 -18"><span class='ocrx_word' id='word_1_252' title='bbox 2015 1668 2253 1737; x_wconf 81' lang='grc' dir='ltr'>νήματος</span> <span class='ocrx_word' id='word_1_253' title='bbox 2282 1662 2376 1714; x_wconf 73' lang='grc' dir='ltr'><strong>καὶ</strong></span> <span class='ocrx_word' id='word_1_254' title='bbox 2402 1663 2721 1731; x_wconf 83' lang='grc' dir='ltr'>ποιήματος,</span> <span class='ocrx_word' id='word_1_255' title='bbox 2761 1656 3057 1727; x_wconf 74' lang='grc' dir='ltr'>ἐμμένουσι</span> <span class='ocrx_word' id='word_1_256' title='bbox 3088 1656 3155 1725; x_wconf 79' lang='grc' dir='ltr'>τῇ</span> <span class='ocrx_word' id='word_1_257' title='bbox 3202 1652 3444 1724; x_wconf 58' lang='lat' dir='ltr'><strong>dumeta;</strong></span> <span class='ocrx_word' id='word_1_258' title='bbox 3472 1651 3591 1706; x_wconf 82' lang='grc' dir='ltr'><strong>Πά-</strong></span> 
     </span>
    </p>
   </div>
   <div class='ocr_carea' id='block_1_33' title="bbox 349 1737 1926 1825">
    <p class='ocr_par' dir='ltr' id='par_1_33' title="bbox 349 1750 1907 1825">
     <span class='ocr_line' id='line_1_33' title="bbox 349 1750 1907 1825; baseline -0.006 -13"><span class='ocrx_word' id='word_1_259' title='bbox 349 1758 595 1812; x_wconf 89' lang='lat' dir='ltr'><strong>videlicet</strong></span> <span class='ocrx_word' id='word_1_260' title='bbox 622 1771 758 1825; x_wconf 87' lang='lat' dir='ltr'><strong>opus</strong></span> <span class='ocrx_word' id='word_1_261' title='bbox 801 1765 952 1809; x_wconf 81' lang='lat' dir='ltr'><strong>extra</strong></span> <span class='ocrx_word' id='word_1_262' title='bbox 987 1754 1234 1824; x_wconf 90' lang='lat' dir='ltr'><strong>opilicem</strong></span> <span class='ocrx_word' id='word_1_263' title='bbox 1262 1767 1405 1818; x_wconf 88' lang='lat' dir='ltr'><strong>esse,</strong></span> <span class='ocrx_word' id='word_1_264' title='bbox 1436 1752 1514 1806; x_wconf 92' lang='lat' dir='ltr'><strong>uti</strong></span> <span class='ocrx_word' id='word_1_265' title='bbox 1548 1750 1751 1805; x_wconf 91' lang='lat' dir='ltr'><strong>dictum</strong></span> <span class='ocrx_word' id='word_1_266' title='bbox 1791 1757 1907 1817; x_wconf 87' lang='lat' dir='ltr'><strong>est,</strong></span> 
     </span>
    </p>
   </div>
   <div class='ocr_carea' id='block_1_34' title="bbox 2032 1737 3591 1825">
    <p class='ocr_par' dir='ltr' id='par_1_34' title="bbox 2032 1740 3591 1815">
     <span class='ocr_line' id='line_1_34' title="bbox 2032 1740 3591 1815; baseline -0.01 -7"><span class='ocrx_word' id='word_1_267' title='bbox 2032 1772 2093 1808; x_wconf 72' lang='lat' dir='ltr'><strong>.tv</strong></span> <span class='ocrx_word' id='word_1_268' title='bbox 2124 1749 2215 1807; x_wconf 80' lang='grc' dir='ltr'><strong>οὐν</strong></span> <span class='ocrx_word' id='word_1_269' title='bbox 2240 1752 2300 1804; x_wconf 86' lang='grc' dir='ltr'><strong>τὸ</strong></span> <span class='ocrx_word' id='word_1_270' title='bbox 2326 1750 2454 1804; x_wconf 86' lang='grc' dir='ltr'>αὐτὸ</span> <span class='ocrx_word' id='word_1_271' title='bbox 2471 1748 2709 1811; x_wconf 83' lang='grc' dir='ltr'><strong>λεκτέον,</strong></span> <span class='ocrx_word' id='word_1_272' title='bbox 2744 1747 2817 1799; x_wconf 94' lang='grc' dir='ltr'>Τὸ</span> <span class='ocrx_word' id='word_1_273' title='bbox 2848 1745 3056 1815; x_wconf 84' lang='grc' dir='ltr'>ποίημα</span> <span class='ocrx_word' id='word_1_274' title='bbox 3100 1741 3295 1809; x_wconf 75' lang='grc' dir='ltr'>ἔξωθεν</span> <span class='ocrx_word' id='word_1_275' title='bbox 3319 1740 3414 1794; x_wconf 80' lang='grc' dir='ltr'>τοῦ</span> <span class='ocrx_word' id='word_1_276' title='bbox 3464 1757 3591 1794; x_wconf 80' lang='grc' dir='ltr'>ποι-</span> 
     </span>
    </p>
   </div>
   <div class='ocr_carea' id='block_1_35' title="bbox 348 1840 1909 1919">
    <p class='ocr_par' dir='ltr' id='par_1_35' title="bbox 348 1840 1909 1919">
     <span class='ocr_line' id='line_1_35' title="bbox 348 1840 1909 1919; baseline -0.006 -17"><span class='ocrx_word' id='word_1_277' title='bbox 348 1847 510 1919; x_wconf 65' lang='grc'><strong>342</strong></span> <span class='ocrx_word' id='word_1_278' title='bbox 565 1846 736 1901; x_wconf 83' lang='lat' dir='ltr'><strong>ﬁlium</strong></span> <span class='ocrx_word' id='word_1_279' title='bbox 778 1860 908 1899; x_wconf 83' lang='lat' dir='ltr'><strong>vero</strong></span> <span class='ocrx_word' id='word_1_280' title='bbox 958 1844 1247 1914; x_wconf 86' lang='lat' dir='ltr'><strong>proprium</strong></span> <span class='ocrx_word' id='word_1_281' title='bbox 1290 1858 1412 1900; x_wconf 78' lang='lat' dir='ltr'><strong>esse</strong></span> <span class='ocrx_word' id='word_1_282' title='bbox 1459 1850 1669 1897; x_wconf 71' lang='lat' dir='ltr'><strong>natura:</strong></span> <span class='ocrx_word' id='word_1_283' title='bbox 1719 1840 1909 1894; x_wconf 89' lang='lat' dir='ltr'><strong>fetum.</strong></span> 
     </span>
    </p>
   </div>
   <div class='ocr_carea' id='block_1_36' title="bbox 350 1934 1911 2006">
    <p class='ocr_par' dir='ltr' id='par_1_36' title="bbox 350 1934 1911 2006">
     <span class='ocr_line' id='line_1_36' title="bbox 350 1934 1911 2006; baseline -0.003 -13"><span class='ocrx_word' id='word_1_284' title='bbox 350 1938 621 2005; x_wconf 82' lang='lat' dir='ltr'><strong>Quocirca</strong></span> <span class='ocrx_word' id='word_1_285' title='bbox 670 1951 892 1992; x_wconf 85' lang='lat' dir='ltr'><strong>necesse</strong></span> <span class='ocrx_word' id='word_1_286' title='bbox 954 1952 1060 1991; x_wconf 92' lang='lat' dir='ltr'><strong>non</strong></span> <span class='ocrx_word' id='word_1_287' title='bbox 1125 1952 1339 2006; x_wconf 88' lang='lat' dir='ltr'><strong>semper</strong></span> <span class='ocrx_word' id='word_1_288' title='bbox 1399 1950 1536 2005; x_wconf 90' lang='lat' dir='ltr'><strong>opus</strong></span> <span class='ocrx_word' id='word_1_289' title='bbox 1595 1934 1911 1989; x_wconf 79' lang='lat' dir='ltr'><strong>exstitisse:</strong></span> 
     </span>
    </p>
   </div>
   <div class='ocr_carea' id='block_1_37' title="bbox 352 2023 1915 2098">
    <p class='ocr_par' dir='ltr' id='par_1_37' title="bbox 352 2023 1915 2098">
     <span class='ocr_line' id='line_1_37' title="bbox 352 2023 1915 2098; baseline -0.003 -14"><span class='ocrx_word' id='word_1_290' title='bbox 352 2028 618 2098; x_wconf 83' lang='lat' dir='ltr'><strong>siquidem</strong></span> <span class='ocrx_word' id='word_1_291' title='bbox 678 2041 800 2082; x_wconf 91' lang='lat' dir='ltr'><strong>cum</strong></span> <span class='ocrx_word' id='word_1_292' title='bbox 859 2026 974 2080; x_wconf 84' lang='lat' dir='ltr'><strong>vult</strong></span> <span class='ocrx_word' id='word_1_293' title='bbox 1023 2025 1226 2096; x_wconf 81' lang='lat' dir='ltr'><strong>Opifex,</strong></span> <span class='ocrx_word' id='word_1_294' title='bbox 1264 2041 1401 2096; x_wconf 89' lang='lat' dir='ltr'><strong>opus</strong></span> <span class='ocrx_word' id='word_1_295' title='bbox 1456 2024 1606 2079; x_wconf 83' lang='lat' dir='ltr'><strong>facit.</strong></span> <span class='ocrx_word' id='word_1_296' title='bbox 1658 2023 1728 2077; x_wconf 87' lang='lat' dir='ltr'><strong>At</strong></span> <span class='ocrx_word' id='word_1_297' title='bbox 1776 2023 1915 2079; x_wconf 88' lang='lat' dir='ltr'><strong>fetus</strong></span> 
     </span>
    </p>
   </div>
   <div class='ocr_carea' id='block_1_38' title="bbox 352 2116 1918 2187">
    <p class='ocr_par' dir='ltr' id='par_1_38' title="bbox 352 2116 1918 2187">
     <span class='ocr_line' id='line_1_38' title="bbox 352 2116 1918 2187; baseline -0.003 -15"><span class='ocrx_word' id='word_1_298' title='bbox 352 2117 631 2187; x_wconf 84' lang='lat' dir='ltr'><strong>subjectus</strong></span> <span class='ocrx_word' id='word_1_299' title='bbox 683 2116 946 2170; x_wconf 81' lang='lat' dir='ltr'><strong>voluntati</strong></span> <span class='ocrx_word' id='word_1_300' title='bbox 985 2131 1091 2170; x_wconf 92' lang='lat' dir='ltr'><strong>non</strong></span> <span class='ocrx_word' id='word_1_301' title='bbox 1140 2128 1256 2179; x_wconf 88' lang='lat' dir='ltr'><strong>est,</strong></span> <span class='ocrx_word' id='word_1_302' title='bbox 1303 2116 1395 2171; x_wconf 90' lang='lat' dir='ltr'><strong>sed</strong></span> <span class='ocrx_word' id='word_1_303' title='bbox 1436 2124 1645 2169; x_wconf 61' lang='lat' dir='ltr'><strong>natura:</strong></span> <span class='ocrx_word' id='word_1_304' title='bbox 1672 2124 1754 2169; x_wconf 85' lang='lat' dir='ltr'><strong>est</strong></span> <span class='ocrx_word' id='word_1_305' title='bbox 1791 2129 1918 2184; x_wconf 89' lang='lat' dir='ltr'><strong>pro-</strong></span> 
     </span>
    </p>
   </div>
   <div class='ocr_carea' id='block_1_39' title="bbox 356 2203 1914 2278">
    <p class='ocr_par' dir='ltr' id='par_1_39' title="bbox 356 2203 1914 2278">
     <span class='ocr_line' id='line_1_39' title="bbox 356 2203 1914 2278; baseline -0.004 -16"><span class='ocrx_word' id='word_1_306' title='bbox 356 2208 581 2278; x_wconf 87' lang='lat' dir='ltr'><strong>prietas.</strong></span> <span class='ocrx_word' id='word_1_307' title='bbox 623 2205 889 2260; x_wconf 69' lang='lat' dir='ltr'><strong>Praeterea</strong></span> <span class='ocrx_word' id='word_1_308' title='bbox 928 2213 1071 2259; x_wconf 90' lang='lat' dir='ltr'><strong>recte</strong></span> <span class='ocrx_word' id='word_1_309' title='bbox 1117 2204 1295 2274; x_wconf 76' lang='lat' dir='ltr'><strong>Opifex</strong></span> <span class='ocrx_word' id='word_1_310' title='bbox 1337 2204 1459 2273; x_wconf 92' lang='lat' dir='ltr'><strong>quis</strong></span> <span class='ocrx_word' id='word_1_311' title='bbox 1499 2203 1680 2258; x_wconf 87' lang='lat' dir='ltr'><strong>vocari</strong></span> <span class='ocrx_word' id='word_1_312' title='bbox 1718 2209 1914 2271; x_wconf 90' lang='lat' dir='ltr'><strong>potest,</strong></span> 
     </span>
    </p>
   </div>
   <div class='ocr_carea' id='block_1_40' title="bbox 358 2298 1919 2367">
    <p class='ocr_par' dir='ltr' id='par_1_40' title="bbox 358 2298 1919 2367">
     <span class='ocr_line' id='line_1_40' title="bbox 358 2298 1919 2367; baseline -0.005 -12"><span class='ocrx_word' id='word_1_313' title='bbox 358 2300 572 2355; x_wconf 90' lang='lat' dir='ltr'><strong>etiamsi</strong></span> <span class='ocrx_word' id='word_1_314' title='bbox 639 2298 880 2353; x_wconf 90' lang='lat' dir='ltr'><strong>nondum</strong></span> <span class='ocrx_word' id='word_1_315' title='bbox 951 2306 1166 2352; x_wconf 76' lang='lat' dir='ltr'><strong>exstent</strong></span> <span class='ocrx_word' id='word_1_316' title='bbox 1229 2313 1446 2367; x_wconf 84' lang='lat' dir='ltr'><strong>opera:</strong></span> <span class='ocrx_word' id='word_1_317' title='bbox 1495 2304 1550 2350; x_wconf 87' lang='lat' dir='ltr'><strong>at</strong></span> <span class='ocrx_word' id='word_1_318' title='bbox 1604 2304 1757 2366; x_wconf 86' lang='lat' dir='ltr'><strong>pater</strong></span> <span class='ocrx_word' id='word_1_319' title='bbox 1817 2309 1919 2348; x_wconf 90' lang='lat' dir='ltr'><strong>nec</strong></span> 
     </span>
    </p>
   </div>
   <div class='ocr_carea' id='block_1_41' title="bbox 356 2383 1916 2458">
    <p class='ocr_par' dir='ltr' id='par_1_41' title="bbox 356 2383 1916 2458">
     <span class='ocr_line' id='line_1_41' title="bbox 356 2383 1916 2458; baseline -0.004 -13"><span class='ocrx_word' id='word_1_320' title='bbox 356 2390 463 2445; x_wconf 88' lang='lat' dir='ltr'><strong>dici</strong></span> <span class='ocrx_word' id='word_1_321' title='bbox 521 2404 620 2443; x_wconf 90' lang='lat' dir='ltr'><strong>nec</strong></span> <span class='ocrx_word' id='word_1_322' title='bbox 671 2403 794 2442; x_wconf 89' lang='lat' dir='ltr'><strong>esse</strong></span> <span class='ocrx_word' id='word_1_323' title='bbox 832 2398 1028 2458; x_wconf 86' lang='lat' dir='ltr'><strong>potest,</strong></span> <span class='ocrx_word' id='word_1_324' title='bbox 1061 2386 1281 2457; x_wconf 88' lang='lat' dir='ltr'><strong>quando</strong></span> <span class='ocrx_word' id='word_1_325' title='bbox 1329 2401 1439 2439; x_wconf 90' lang='lat' dir='ltr'><strong>non</strong></span> <span class='ocrx_word' id='word_1_326' title='bbox 1490 2384 1707 2439; x_wconf 80' lang='lat' dir='ltr'><strong>exsistit</strong></span> <span class='ocrx_word' id='word_1_327' title='bbox 1753 2383 1916 2438; x_wconf 82' lang='lat' dir='ltr'><strong>ﬁlius.</strong></span> 
     </span>
    </p>
   </div>
   <div class='ocr_carea' id='block_1_42' title="bbox 359 2475 1922 2547">
    <p class='ocr_par' dir='ltr' id='par_1_42' title="bbox 359 2475 1922 2547">
     <span class='ocr_line' id='line_1_42' title="bbox 359 2475 1922 2547; baseline -0.004 -13"><span class='ocrx_word' id='word_1_328' title='bbox 359 2480 515 2547; x_wconf 87' lang='lat' dir='ltr'><strong>Quod</strong></span> <span class='ocrx_word' id='word_1_329' title='bbox 542 2479 587 2534; x_wconf 90' lang='lat' dir='ltr'><strong>si</strong></span> <span class='ocrx_word' id='word_1_330' title='bbox 608 2479 842 2534; x_wconf 87' lang='lat' dir='ltr'><strong>scrutari</strong></span> <span class='ocrx_word' id='word_1_331' title='bbox 870 2479 1057 2543; x_wconf 80' lang='lat' dir='ltr'><strong>velint,</strong></span> <span class='ocrx_word' id='word_1_332' title='bbox 1081 2493 1180 2532; x_wconf 92' lang='lat' dir='ltr'><strong>cur</strong></span> <span class='ocrx_word' id='word_1_333' title='bbox 1204 2492 1328 2530; x_wconf 92' lang='lat' dir='ltr'><strong>cum</strong></span> <span class='ocrx_word' id='word_1_334' title='bbox 1350 2475 1493 2530; x_wconf 91' lang='lat' dir='ltr'><strong>Deus</strong></span> <span class='ocrx_word' id='word_1_335' title='bbox 1518 2490 1731 2544; x_wconf 79' lang='lat' dir='ltr'><strong>semper</strong></span> <span class='ocrx_word' id='word_1_336' title='bbox 1750 2475 1922 2545; x_wconf 85' lang='lat' dir='ltr'><strong>possit</strong></span> 
     </span>
    </p>
   </div>
   <div class='ocr_carea' id='block_1_43' title="bbox 357 2565 1920 2640">
    <p class='ocr_par' dir='ltr' id='par_1_43' title="bbox 357 2565 1920 2640">
     <span class='ocr_line' id='line_1_43' title="bbox 357 2565 1920 2640; baseline -0.004 -16"><span class='ocrx_word' id='word_1_337' title='bbox 357 2584 522 2640; x_wconf 87' lang='lat' dir='ltr'><strong>opera</strong></span> <span class='ocrx_word' id='word_1_338' title='bbox 559 2567 758 2631; x_wconf 81' lang='lat' dir='ltr'><strong>facere,</strong></span> <span class='ocrx_word' id='word_1_339' title='bbox 795 2583 901 2622; x_wconf 90' lang='lat' dir='ltr'><strong>non</strong></span> <span class='ocrx_word' id='word_1_340' title='bbox 925 2582 1138 2636; x_wconf 88' lang='lat' dir='ltr'><strong>semper</strong></span> <span class='ocrx_word' id='word_1_341' title='bbox 1163 2566 1295 2621; x_wconf 83' lang='lat' dir='ltr'><strong>facit</strong></span> <span class='ocrx_word' id='word_1_342' title='bbox 1326 2585 1339 2619; x_wconf 86' lang='lat'><strong>:</strong></span> <span class='ocrx_word' id='word_1_343' title='bbox 1373 2579 1506 2620; x_wconf 86' lang='lat' dir='ltr'><strong>sane</strong></span> <span class='ocrx_word' id='word_1_344' title='bbox 1530 2565 1920 2619; x_wconf 86' lang='lat' dir='ltr'><strong>insanientium</strong></span> 
     </span>
    </p>
   </div>
   <div class='ocr_carea' id='block_1_44' title="bbox 358 2657 1925 2727">
    <p class='ocr_par' dir='ltr' id='par_1_44' title="bbox 358 2657 1925 2727">
     <span class='ocr_line' id='line_1_44' title="bbox 358 2657 1925 2727; baseline -0.004 -12"><span class='ocrx_word' id='word_1_345' title='bbox 358 2661 641 2716; x_wconf 85' lang='lat' dir='ltr'><strong>hominum</strong></span> <span class='ocrx_word' id='word_1_346' title='bbox 674 2660 954 2715; x_wconf 86' lang='lat' dir='ltr'><strong>temeritas</strong></span> <span class='ocrx_word' id='word_1_347' title='bbox 973 2660 1074 2714; x_wconf 90' lang='lat' dir='ltr'><strong>ista</strong></span> <span class='ocrx_word' id='word_1_348' title='bbox 1098 2666 1199 2713; x_wconf 86' lang='lat' dir='ltr'><strong>est.</strong></span> <span class='ocrx_word' id='word_1_349' title='bbox 1227 2657 1356 2723; x_wconf 80' lang='lat' dir='ltr'><strong>Quis</strong></span> <span class='ocrx_word' id='word_1_350' title='bbox 1388 2658 1526 2710; x_wconf 86' lang='lat' dir='ltr'><strong>enim</strong></span> <span class='ocrx_word' id='word_1_351' title='bbox 1551 2657 1786 2727; x_wconf 83' lang='lat' dir='ltr'><strong>cognovit</strong></span> <span class='ocrx_word' id='word_1_352' title='bbox 1812 2672 1925 2709; x_wconf 74' lang='lat' dir='ltr'><strong>sen-</strong></span> 
     </span>
    </p>
   </div>
   <div class='ocr_carea' id='block_1_45' title="bbox 359 2747 1926 2820">
    <p class='ocr_par' dir='ltr' id='par_1_45' title="bbox 359 2747 1926 2820">
     <span class='ocr_line' id='line_1_45' title="bbox 359 2747 1926 2820; baseline -0.003 -15"><span class='ocrx_word' id='word_1_353' title='bbox 359 2767 478 2806; x_wconf 77' lang='lat' dir='ltr'><strong>sum</strong></span> <span class='ocrx_word' id='word_1_354' title='bbox 508 2751 743 2816; x_wconf 81' lang='lat' dir='ltr'><strong>Domini,</strong></span> <span class='ocrx_word' id='word_1_355' title='bbox 769 2759 863 2804; x_wconf 82' lang='lat' dir='ltr'><strong>aut</strong></span> <span class='ocrx_word' id='word_1_356' title='bbox 910 2751 1025 2820; x_wconf 73' lang='lat' dir='ltr'><strong>quis</strong></span> <span class='ocrx_word' id='word_1_357' title='bbox 1059 2749 1397 2803; x_wconf 79' lang='lat' dir='ltr'><strong>consiliarius</strong></span> <span class='ocrx_word' id='word_1_358' title='bbox 1427 2748 1539 2817; x_wconf 76' lang='lat' dir='ltr'><strong>ejus</strong></span> <span class='ocrx_word' id='word_1_359' title='bbox 1571 2748 1671 2818; x_wconf 79' lang='lat' dir='ltr'><strong>fuit</strong></span> <span class='ocrx_word' id='word_1_360' title='bbox 1699 2747 1789 2800; x_wconf 82' lang='lat'><strong>&quot;?</strong></span> <span class='ocrx_word' id='word_1_361' title='bbox 1817 2748 1926 2801; x_wconf 84' lang='lat' dir='ltr'><strong>Aut</strong></span> 
     </span>
    </p>
   </div>
   <div class='ocr_carea' id='block_1_46' title="bbox 362 2837 1924 2912">
    <p class='ocr_par' dir='ltr' id='par_1_46' title="bbox 362 2837 1924 2912">
     <span class='ocr_line' id='line_1_46' title="bbox 362 2837 1924 2912; baseline -0.004 -16"><span class='ocrx_word' id='word_1_362' title='bbox 362 2842 635 2912; x_wconf 87' lang='lat' dir='ltr'><strong>quomodo</strong></span> <span class='ocrx_word' id='word_1_363' title='bbox 668 2842 984 2912; x_wconf 80' lang='lat' dir='ltr'><strong>ﬁgmentum</strong></span> <span class='ocrx_word' id='word_1_364' title='bbox 1026 2840 1170 2895; x_wconf 88' lang='lat' dir='ltr'><strong>dicet</strong></span> <span class='ocrx_word' id='word_1_365' title='bbox 1210 2838 1415 2904; x_wconf 86' lang='lat' dir='ltr'><strong>lictori,</strong></span> <span class='ocrx_word' id='word_1_366' title='bbox 1445 2837 1588 2903; x_wconf 85' lang='lat' dir='ltr'><strong>Quid</strong></span> <span class='ocrx_word' id='word_1_367' title='bbox 1634 2854 1711 2891; x_wconf 85' lang='lat' dir='ltr'><strong>me</strong></span> <span class='ocrx_word' id='word_1_368' title='bbox 1755 2837 1924 2907; x_wconf 80' lang='lat' dir='ltr'><strong>fecisti</strong></span> 
     </span>
    </p>
   </div>
   <div class='ocr_carea' id='block_1_47' title="bbox 362 2930 1927 3001">
    <p class='ocr_par' dir='ltr' id='par_1_47' title="bbox 362 2930 1927 3001">
     <span class='ocr_line' id='line_1_47' title="bbox 362 2930 1927 3001; baseline -0.001 -15"><span class='ocrx_word' id='word_1_369' title='bbox 362 2935 439 2986; x_wconf 80' lang='lat' dir='ltr'><strong>sic</strong></span> <span class='ocrx_word' id='word_1_370' title='bbox 472 2934 514 2966; x_wconf 92' lang='grc'><strong>⁷⁷</strong></span> <span class='ocrx_word' id='word_1_371' title='bbox 534 2933 560 2986; x_wconf 86' lang='lat'><strong>.’</strong></span> <span class='ocrx_word' id='word_1_372' title='bbox 609 2932 808 2987; x_wconf 87' lang='lat' dir='ltr'><strong>Verum</strong></span> <span class='ocrx_word' id='word_1_373' title='bbox 854 2948 922 2988; x_wconf 92' lang='lat' dir='ltr'><strong>ne</strong></span> <span class='ocrx_word' id='word_1_374' title='bbox 950 2934 1035 2987; x_wconf 90' lang='lat' dir='ltr'><strong>vel</strong></span> <span class='ocrx_word' id='word_1_375' title='bbox 1062 2933 1162 2987; x_wconf 83' lang='lat' dir='ltr'><strong>levi</strong></span> <span class='ocrx_word' id='word_1_376' title='bbox 1204 2932 1412 3001; x_wconf 86' lang='lat' dir='ltr'><strong>abjecta</strong></span> <span class='ocrx_word' id='word_1_377' title='bbox 1438 2930 1681 2997; x_wconf 88' lang='lat' dir='ltr'><strong>ratione,</strong></span> <span class='ocrx_word' id='word_1_378' title='bbox 1712 2931 1927 2986; x_wconf 85' lang='lat' dir='ltr'><strong>silentio</strong></span> 
     </span>
    </p>
   </div>
   <div class='ocr_carea' id='block_1_48' title="bbox 365 3018 1924 3087">
    <p class='ocr_par' dir='ltr' id='par_1_48' title="bbox 365 3018 1924 3087">
     <span class='ocr_line' id='line_1_48' title="bbox 365 3018 1924 3087; baseline -0.002 -11"><span class='ocrx_word' id='word_1_379' title='bbox 365 3032 604 3087; x_wconf 88' lang='lat' dir='ltr'><strong>utamur,</strong></span> <span class='ocrx_word' id='word_1_380' title='bbox 654 3021 879 3075; x_wconf 89' lang='lat' dir='ltr'><strong>audiant</strong></span> <span class='ocrx_word' id='word_1_381' title='bbox 912 3021 989 3075; x_wconf 93' lang='lat' dir='ltr'><strong>illi</strong></span> <span class='ocrx_word' id='word_1_382' title='bbox 1030 3036 1118 3075; x_wconf 90' lang='lat' dir='ltr'><strong>res</strong></span> <span class='ocrx_word' id='word_1_383' title='bbox 1170 3018 1343 3076; x_wconf 87' lang='lat' dir='ltr'><strong>factas</strong></span> <span class='ocrx_word' id='word_1_384' title='bbox 1376 3029 1606 3074; x_wconf 81' lang='lat' dir='ltr'><strong>aeternas</strong></span> <span class='ocrx_word' id='word_1_385' title='bbox 1649 3034 1772 3075; x_wconf 90' lang='lat' dir='ltr'><strong>esse</strong></span> <span class='ocrx_word' id='word_1_386' title='bbox 1818 3034 1924 3073; x_wconf 90' lang='lat' dir='ltr'><strong>non</strong></span> 
     </span>
    </p>
   </div>
   <div class='ocr_carea' id='block_1_49' title="bbox 365 3107 1926 3184">
    <p class='ocr_par' dir='ltr' id='par_1_49' title="bbox 365 3107 1926 3184">
     <span class='ocr_line' id='line_1_49' title="bbox 365 3107 1926 3184; baseline -0.003 -16"><span class='ocrx_word' id='word_1_387' title='bbox 365 3113 629 3184; x_wconf 89' lang='lat' dir='ltr'><strong>potuisse,</strong></span> <span class='ocrx_word' id='word_1_388' title='bbox 659 3112 872 3167; x_wconf 87' lang='lat' dir='ltr'><strong>etiamsi</strong></span> <span class='ocrx_word' id='word_1_389' title='bbox 907 3127 1001 3167; x_wconf 90' lang='lat' dir='ltr'><strong>cas</strong></span> <span class='ocrx_word' id='word_1_390' title='bbox 1036 3125 1249 3181; x_wconf 89' lang='lat' dir='ltr'><strong>semper</strong></span> <span class='ocrx_word' id='word_1_391' title='bbox 1281 3110 1517 3181; x_wconf 88' lang='lat' dir='ltr'><strong>potuerit</strong></span> <span class='ocrx_word' id='word_1_392' title='bbox 1550 3109 1729 3164; x_wconf 87' lang='lat' dir='ltr'><strong>facere</strong></span> <span class='ocrx_word' id='word_1_393' title='bbox 1761 3107 1926 3164; x_wconf 87' lang='lat' dir='ltr'><strong>Dens.</strong></span> 
     </span>
    </p>
   </div>
   <div class='ocr_carea' id='block_1_50' title="bbox 366 3200 1921 3269">
    <p class='ocr_par' dir='ltr' id='par_1_50' title="bbox 366 3200 1921 3269">
     <span class='ocr_line' id='line_1_50' title="bbox 366 3200 1921 3269; baseline -0.002 -12"><span class='ocrx_word' id='word_1_394' title='bbox 366 3203 474 3258; x_wconf 71' lang='lat' dir='ltr'><strong>Illa:</strong></span> <span class='ocrx_word' id='word_1_395' title='bbox 500 3203 646 3257; x_wconf 90' lang='lat' dir='ltr'><strong>enim</strong></span> <span class='ocrx_word' id='word_1_396' title='bbox 676 3219 743 3257; x_wconf 78' lang='lat' dir='ltr'><strong>ex</strong></span> <span class='ocrx_word' id='word_1_397' title='bbox 777 3202 950 3256; x_wconf 88' lang='lat' dir='ltr'><strong>nihilo</strong></span> <span class='ocrx_word' id='word_1_398' title='bbox 980 3210 1129 3269; x_wconf 91' lang='lat' dir='ltr'><strong>sunt,</strong></span> <span class='ocrx_word' id='word_1_399' title='bbox 1162 3216 1263 3256; x_wconf 84' lang='lat' dir='ltr'><strong>nec</strong></span> <span class='ocrx_word' id='word_1_400' title='bbox 1308 3208 1466 3256; x_wconf 87' lang='lat' dir='ltr'><strong>erant</strong></span> <span class='ocrx_word' id='word_1_401' title='bbox 1494 3209 1785 3269; x_wconf 89' lang='lat' dir='ltr'><strong>antequam</strong></span> <span class='ocrx_word' id='word_1_402' title='bbox 1823 3200 1921 3254; x_wconf 82' lang='lat' dir='ltr'><strong>lie-</strong></span> 
     </span>
    </p>
   </div>
   <div class='ocr_carea' id='block_1_51' title="bbox 366 3292 1927 3364">
    <p class='ocr_par' dir='ltr' id='par_1_51' title="bbox 366 3292 1927 3364">
     <span class='ocr_line' id='line_1_51' title="bbox 366 3292 1927 3364; baseline -0.003 -14"><span class='ocrx_word' id='word_1_403' title='bbox 366 3302 489 3350; x_wconf 85' lang='lat' dir='ltr'><strong>rent</strong></span> <span class='ocrx_word' id='word_1_404' title='bbox 531 3313 545 3351; x_wconf 90' lang='lat'><strong>:</strong></span> <span class='ocrx_word' id='word_1_405' title='bbox 597 3310 719 3364; x_wconf 73' lang='lat' dir='ltr'><strong>quze</strong></span> <span class='ocrx_word' id='word_1_406' title='bbox 771 3304 951 3349; x_wconf 91' lang='lat' dir='ltr'><strong>autem</strong></span> <span class='ocrx_word' id='word_1_407' title='bbox 1000 3308 1109 3347; x_wconf 92' lang='lat' dir='ltr'><strong>non</strong></span> <span class='ocrx_word' id='word_1_408' title='bbox 1157 3301 1315 3349; x_wconf 89' lang='lat' dir='ltr'><strong>erant</strong></span> <span class='ocrx_word' id='word_1_409' title='bbox 1361 3304 1651 3362; x_wconf 90' lang='lat' dir='ltr'><strong>antequam</strong></span> <span class='ocrx_word' id='word_1_410' title='bbox 1695 3292 1927 3357; x_wconf 80' lang='lat' dir='ltr'><strong>flerent,</strong></span> 
     </span>
    </p>
   </div>
   <div class='ocr_carea' id='block_1_52' title="bbox 366 3385 1933 3459">
    <p class='ocr_par' dir='ltr' id='par_1_52' title="bbox 366 3385 1933 3459">
     <span class='ocr_line' id='line_1_52' title="bbox 366 3385 1933 3459; baseline -0.002 -18"><span class='ocrx_word' id='word_1_411' title='bbox 366 3388 637 3459; x_wconf 87' lang='lat' dir='ltr'><strong>quomodo</strong></span> <span class='ocrx_word' id='word_1_412' title='bbox 675 3387 836 3442; x_wconf 90' lang='lat' dir='ltr'><strong>simul</strong></span> <span class='ocrx_word' id='word_1_413' title='bbox 872 3401 996 3441; x_wconf 92' lang='lat' dir='ltr'><strong>cum</strong></span> <span class='ocrx_word' id='word_1_414' title='bbox 1032 3385 1164 3449; x_wconf 88' lang='lat' dir='ltr'><strong>Deo,</strong></span> <span class='ocrx_word' id='word_1_415' title='bbox 1207 3385 1304 3455; x_wconf 90' lang='lat' dir='ltr'><strong>qui</strong></span> <span class='ocrx_word' id='word_1_416' title='bbox 1337 3400 1551 3455; x_wconf 87' lang='lat' dir='ltr'><strong>semper</strong></span> <span class='ocrx_word' id='word_1_417' title='bbox 1581 3393 1683 3451; x_wconf 86' lang='lat' dir='ltr'><strong>est,</strong></span> <span class='ocrx_word' id='word_1_418' title='bbox 1723 3385 1933 3454; x_wconf 90' lang='lat' dir='ltr'><strong>possint</strong></span> 
     </span>
    </p>
   </div>
   <div class='ocr_carea' id='block_1_53' title="bbox 374 3476 1935 3547">
    <p class='ocr_par' dir='ltr' id='par_1_53' title="bbox 374 3476 1935 3547">
     <span class='ocr_line' id='line_1_53' title="bbox 374 3476 1935 3547; baseline -0.004 -13"><span class='ocrx_word' id='word_1_419' title='bbox 374 3477 681 3534; x_wconf 76' lang='lat' dir='ltr'><strong>exsistere?</strong></span> <span class='ocrx_word' id='word_1_420' title='bbox 704 3476 839 3532; x_wconf 86' lang='lat' dir='ltr'><strong>Hinc</strong></span> <span class='ocrx_word' id='word_1_421' title='bbox 866 3476 1010 3532; x_wconf 88' lang='lat' dir='ltr'><strong>Deus</strong></span> <span class='ocrx_word' id='word_1_422' title='bbox 1037 3492 1219 3531; x_wconf 88' lang='lat' dir='ltr'><strong>rerum</strong></span> <span class='ocrx_word' id='word_1_423' title='bbox 1239 3477 1478 3547; x_wconf 90' lang='lat' dir='ltr'><strong>ipsarum</strong></span> <span class='ocrx_word' id='word_1_424' title='bbox 1510 3476 1795 3530; x_wconf 91' lang='lat' dir='ltr'><strong>commodo</strong></span> <span class='ocrx_word' id='word_1_425' title='bbox 1809 3490 1935 3545; x_wconf 89' lang='lat' dir='ltr'><strong>pro-</strong></span> 
     </span>
    </p>
   </div>
   <div class='ocr_carea' id='block_1_54' title="bbox 370 3566 1931 3639">
    <p class='ocr_par' dir='ltr' id='par_1_54' title="bbox 370 3566 1931 3639">
     <span class='ocr_line' id='line_1_54' title="bbox 370 3566 1931 3639; baseline -0.001 -16"><span class='ocrx_word' id='word_1_426' title='bbox 370 3569 626 3639; x_wconf 89' lang='lat' dir='ltr'><strong>spiciens,</strong></span> <span class='ocrx_word' id='word_1_427' title='bbox 670 3581 803 3624; x_wconf 83' lang='lat' dir='ltr'><strong>tunc</strong></span> <span class='ocrx_word' id='word_1_428' title='bbox 842 3569 1027 3623; x_wconf 89' lang='lat' dir='ltr'><strong>omnia</strong></span> <span class='ocrx_word' id='word_1_429' title='bbox 1066 3566 1226 3631; x_wconf 89' lang='lat' dir='ltr'><strong>fecit,</strong></span> <span class='ocrx_word' id='word_1_430' title='bbox 1257 3584 1381 3622; x_wconf 93' lang='lat' dir='ltr'><strong>cum</strong></span> <span class='ocrx_word' id='word_1_431' title='bbox 1428 3568 1559 3622; x_wconf 88' lang='lat' dir='ltr'><strong>vidit</strong></span> <span class='ocrx_word' id='word_1_432' title='bbox 1593 3583 1748 3637; x_wconf 89' lang='lat' dir='ltr'><strong>posse</strong></span> <span class='ocrx_word' id='word_1_433' title='bbox 1790 3567 1931 3622; x_wconf 89' lang='lat' dir='ltr'><strong>facta</strong></span> 
     </span>
    </p>
   </div>
   <div class='ocr_carea' id='block_1_55' title="bbox 372 3654 1931 3727">
    <p class='ocr_par' dir='ltr' id='par_1_55' title="bbox 372 3654 1931 3727">
     <span class='ocr_line' id='line_1_55' title="bbox 372 3654 1931 3727; baseline -0.003 -14"><span class='ocrx_word' id='word_1_434' title='bbox 372 3673 711 3727; x_wconf 83' lang='lat' dir='ltr'><strong>permanere.</strong></span> <span class='ocrx_word' id='word_1_435' title='bbox 744 3657 823 3712; x_wconf 83' lang='lat' dir='ltr'><strong>Ac</strong></span> <span class='ocrx_word' id='word_1_436' title='bbox 860 3656 1316 3727; x_wconf 87' lang='lat' dir='ltr'><strong>quemadmodum</strong></span> <span class='ocrx_word' id='word_1_437' title='bbox 1363 3655 1580 3709; x_wconf 89' lang='lat' dir='ltr'><strong>tametsi</strong></span> <span class='ocrx_word' id='word_1_438' title='bbox 1631 3655 1700 3709; x_wconf 87' lang='lat' dir='ltr'><strong>ab</strong></span> <span class='ocrx_word' id='word_1_439' title='bbox 1743 3654 1931 3718; x_wconf 89' lang='lat' dir='ltr'><strong>initio,</strong></span> 
     </span>
    </p>
   </div>
   <div class='ocr_carea' id='block_1_56' title="bbox 371 3744 1934 3818">
    <p class='ocr_par' dir='ltr' id='par_1_56' title="bbox 371 3744 1934 3818">
     <span class='ocr_line' id='line_1_56' title="bbox 371 3744 1934 3818; baseline -0.004 -15"><span class='ocrx_word' id='word_1_440' title='bbox 371 3749 564 3803; x_wconf 80' lang='lat' dir='ltr'><strong>Adami</strong></span> <span class='ocrx_word' id='word_1_441' title='bbox 609 3756 704 3802; x_wconf 90' lang='lat' dir='ltr'><strong>aut</strong></span> <span class='ocrx_word' id='word_1_442' title='bbox 733 3746 847 3803; x_wconf 90' lang='lat' dir='ltr'><strong>Noe</strong></span> <span class='ocrx_word' id='word_1_443' title='bbox 876 3755 972 3801; x_wconf 87' lang='lat' dir='ltr'><strong>aut</strong></span> <span class='ocrx_word' id='word_1_444' title='bbox 998 3747 1200 3818; x_wconf 80' lang='lat' dir='ltr'><strong>Moysis</strong></span> <span class='ocrx_word' id='word_1_445' title='bbox 1236 3755 1479 3815; x_wconf 90' lang='lat' dir='ltr'><strong>tempore</strong></span> <span class='ocrx_word' id='word_1_446' title='bbox 1502 3744 1738 3800; x_wconf 84' lang='lat' dir='ltr'><strong>Verbum</strong></span> <span class='ocrx_word' id='word_1_447' title='bbox 1775 3759 1934 3798; x_wconf 90' lang='lat' dir='ltr'><strong>suum</strong></span> 
     </span>
    </p>
   </div>
   <div class='ocr_carea' id='block_1_57' title="bbox 374 3836 1935 3910">
    <p class='ocr_par' dir='ltr' id='par_1_57' title="bbox 374 3836 1935 3910">
     <span class='ocr_line' id='line_1_57' title="bbox 374 3836 1935 3910; baseline -0.003 -14"><span class='ocrx_word' id='word_1_448' title='bbox 374 3840 551 3910; x_wconf 89' lang='lat' dir='ltr'><strong>potuit</strong></span> <span class='ocrx_word' id='word_1_449' title='bbox 582 3841 814 3906; x_wconf 88' lang='lat' dir='ltr'><strong>mittere,</strong></span> <span class='ocrx_word' id='word_1_450' title='bbox 847 3855 949 3895; x_wconf 87' lang='lat' dir='ltr'><strong>nec</strong></span> <span class='ocrx_word' id='word_1_451' title='bbox 978 3851 1158 3895; x_wconf 89' lang='lat' dir='ltr'><strong>tamen</strong></span> <span class='ocrx_word' id='word_1_452' title='bbox 1183 3840 1352 3903; x_wconf 89' lang='lat' dir='ltr'><strong>misit,</strong></span> <span class='ocrx_word' id='word_1_453' title='bbox 1375 3840 1481 3892; x_wconf 89' lang='lat' dir='ltr'><strong>nisi</strong></span> <span class='ocrx_word' id='word_1_454' title='bbox 1511 3838 1565 3891; x_wconf 92' lang='lat' dir='ltr'><strong>in</strong></span> <span class='ocrx_word' id='word_1_455' title='bbox 1593 3836 1700 3892; x_wconf 83' lang='lat' dir='ltr'><strong>ﬁne</strong></span> <span class='ocrx_word' id='word_1_456' title='bbox 1722 3846 1935 3907; x_wconf 86' lang='lat' dir='ltr'><strong>tempo-</strong></span> 
     </span>
    </p>
   </div>
   <div class='ocr_carea' id='block_1_58' title="bbox 374 3928 1938 4002">
    <p class='ocr_par' dir='ltr' id='par_1_58' title="bbox 374 3928 1938 4002">
     <span class='ocr_line' id='line_1_58' title="bbox 374 3928 1938 4002; baseline -0.002 -17"><span class='ocrx_word' id='word_1_457' title='bbox 374 3947 540 3996; x_wconf 85' lang='lat' dir='ltr'><strong>rum;</strong></span> <span class='ocrx_word' id='word_1_458' title='bbox 595 3932 648 3985; x_wconf 87' lang='lat' dir='ltr'><strong>id</strong></span> <span class='ocrx_word' id='word_1_459' title='bbox 683 3932 882 4002; x_wconf 87' lang='lat' dir='ltr'><strong>quippe</strong></span> <span class='ocrx_word' id='word_1_460' title='bbox 922 3931 1190 3985; x_wconf 76' lang='lat' dir='ltr'><strong>universa:</strong></span> <span class='ocrx_word' id='word_1_461' title='bbox 1234 3938 1442 3984; x_wconf 69' lang='lat' dir='ltr'><strong>natura:</strong></span> <span class='ocrx_word' id='word_1_462' title='bbox 1479 3943 1601 3983; x_wconf 89' lang='lat' dir='ltr'><strong>esse</strong></span> <span class='ocrx_word' id='word_1_463' title='bbox 1651 3928 1783 3982; x_wconf 89' lang='lat' dir='ltr'><strong>utile</strong></span> <span class='ocrx_word' id='word_1_464' title='bbox 1840 3942 1938 3982; x_wconf 86' lang='lat' dir='ltr'><strong>no-</strong></span> 
     </span>
    </p>
   </div>
   <div class='ocr_carea' id='block_1_59' title="bbox 377 4019 1939 4089">
    <p class='ocr_par' dir='ltr' id='par_1_59' title="bbox 377 4019 1939 4089">
     <span class='ocr_line' id='line_1_59' title="bbox 377 4019 1939 4089; baseline -0.003 -14"><span class='ocrx_word' id='word_1_465' title='bbox 377 4032 526 4075; x_wconf 86' lang='lat' dir='ltr'><strong>verat</strong></span> <span class='ocrx_word' id='word_1_466' title='bbox 561 4039 574 4075; x_wconf 89' lang='lat'><strong>:</strong></span> <span class='ocrx_word' id='word_1_467' title='bbox 617 4022 689 4075; x_wconf 89' lang='lat' dir='ltr'><strong>ita</strong></span> <span class='ocrx_word' id='word_1_468' title='bbox 718 4030 770 4075; x_wconf 90' lang='lat' dir='ltr'><strong>et</strong></span> <span class='ocrx_word' id='word_1_469' title='bbox 803 4036 891 4075; x_wconf 84' lang='lat' dir='ltr'><strong>res</strong></span> <span class='ocrx_word' id='word_1_470' title='bbox 924 4019 1096 4074; x_wconf 86' lang='lat' dir='ltr'><strong>factas</strong></span> <span class='ocrx_word' id='word_1_471' title='bbox 1146 4019 1403 4089; x_wconf 80' lang='lat' dir='ltr'><strong>produxit</strong></span> <span class='ocrx_word' id='word_1_472' title='bbox 1432 4033 1553 4072; x_wconf 90' lang='lat' dir='ltr'><strong>cum</strong></span> <span class='ocrx_word' id='word_1_473' title='bbox 1584 4025 1639 4071; x_wconf 92' lang='lat' dir='ltr'><strong>et</strong></span> <span class='ocrx_word' id='word_1_474' title='bbox 1684 4019 1799 4087; x_wconf 89' lang='lat' dir='ltr'><strong>ipse</strong></span> <span class='ocrx_word' id='word_1_475' title='bbox 1845 4033 1939 4071; x_wconf 87' lang='lat' dir='ltr'><strong>vo-</strong></span> 
     </span>
    </p>
   </div>
   <div class='ocr_carea' id='block_1_60' title="bbox 378 4109 1937 4179">
    <p class='ocr_par' dir='ltr' id='par_1_60' title="bbox 378 4109 1937 4179">
     <span class='ocr_line' id='line_1_60' title="bbox 378 4109 1937 4179; baseline 0 -16"><span class='ocrx_word' id='word_1_476' title='bbox 378 4111 501 4179; x_wconf 87' lang='lat' dir='ltr'><strong>luit,</strong></span> <span class='ocrx_word' id='word_1_477' title='bbox 534 4121 587 4167; x_wconf 87' lang='lat' dir='ltr'><strong>et</strong></span> <span class='ocrx_word' id='word_1_478' title='bbox 633 4112 741 4166; x_wconf 87' lang='lat' dir='ltr'><strong>illis</strong></span> <span class='ocrx_word' id='word_1_479' title='bbox 770 4113 1143 4167; x_wconf 88' lang='lat' dir='ltr'><strong>conveniebat.</strong></span> <span class='ocrx_word' id='word_1_480' title='bbox 1190 4111 1259 4166; x_wconf 81' lang='lat' dir='ltr'><strong>At</strong></span> <span class='ocrx_word' id='word_1_481' title='bbox 1284 4125 1414 4165; x_wconf 87' lang='lat' dir='ltr'><strong>vero</strong></span> <span class='ocrx_word' id='word_1_482' title='bbox 1460 4109 1631 4163; x_wconf 84' lang='lat' dir='ltr'><strong>Filius</strong></span> <span class='ocrx_word' id='word_1_483' title='bbox 1677 4125 1801 4163; x_wconf 94' lang='lat' dir='ltr'><strong>cum</strong></span> <span class='ocrx_word' id='word_1_484' title='bbox 1831 4125 1937 4164; x_wconf 91' lang='lat' dir='ltr'><strong>non</strong></span> 
     </span>
    </p>
   </div>
   <div class='ocr_carea' id='block_1_61' title="bbox 378 4201 1941 4273">
    <p class='ocr_par' dir='ltr' id='par_1_61' title="bbox 378 4201 1941 4273">
     <span class='ocr_line' id='line_1_61' title="bbox 378 4201 1941 4273; baseline -0.001 -16"><span class='ocrx_word' id='word_1_485' title='bbox 378 4217 517 4272; x_wconf 91' lang='lat' dir='ltr'><strong>opus</strong></span> <span class='ocrx_word' id='word_1_486' title='bbox 548 4241 563 4267; x_wconf 90' lang='lat'><strong>,</strong></span> <span class='ocrx_word' id='word_1_487' title='bbox 616 4201 711 4257; x_wconf 88' lang='lat' dir='ltr'><strong>sed</strong></span> <span class='ocrx_word' id='word_1_488' title='bbox 773 4212 980 4256; x_wconf 57' lang='lat' dir='ltr'><strong>natura;</strong></span> <span class='ocrx_word' id='word_1_489' title='bbox 1042 4201 1221 4256; x_wconf 86' lang='lat' dir='ltr'><strong>Patris</strong></span> <span class='ocrx_word' id='word_1_490' title='bbox 1278 4203 1349 4257; x_wconf 91' lang='lat' dir='ltr'><strong>sit</strong></span> <span class='ocrx_word' id='word_1_491' title='bbox 1397 4203 1680 4273; x_wconf 88' lang='lat' dir='ltr'><strong>proprius,</strong></span> <span class='ocrx_word' id='word_1_492' title='bbox 1728 4218 1941 4271; x_wconf 91' lang='lat' dir='ltr'><strong>semper</strong></span> 
     </span>
    </p>
   </div>
   <div class='ocr_carea' id='block_1_62' title="bbox 381 4292 1942 4362">
    <p class='ocr_par' dir='ltr' id='par_1_62' title="bbox 381 4292 1942 4362">
     <span class='ocr_line' id='line_1_62' title="bbox 381 4292 1942 4362; baseline 0 -17"><span class='ocrx_word' id='word_1_493' title='bbox 381 4292 587 4347; x_wconf 91' lang='lat' dir='ltr'><strong>idcirco</strong></span> <span class='ocrx_word' id='word_1_494' title='bbox 625 4299 730 4348; x_wconf 88' lang='lat' dir='ltr'><strong>est.</strong></span> <span class='ocrx_word' id='word_1_495' title='bbox 761 4292 898 4346; x_wconf 87' lang='lat' dir='ltr'><strong>Cum</strong></span> <span class='ocrx_word' id='word_1_496' title='bbox 946 4293 1092 4346; x_wconf 90' lang='lat' dir='ltr'><strong>enim</strong></span> <span class='ocrx_word' id='word_1_497' title='bbox 1127 4307 1340 4362; x_wconf 86' lang='lat' dir='ltr'><strong>semper</strong></span> <span class='ocrx_word' id='word_1_498' title='bbox 1371 4293 1443 4347; x_wconf 90' lang='lat' dir='ltr'><strong>sit</strong></span> <span class='ocrx_word' id='word_1_499' title='bbox 1495 4292 1674 4357; x_wconf 88' lang='lat' dir='ltr'><strong>Pater,</strong></span> <span class='ocrx_word' id='word_1_500' title='bbox 1729 4306 1942 4360; x_wconf 85' lang='lat' dir='ltr'><strong>semper</strong></span> 
     </span>
    </p>
   </div>
   <div class='ocr_carea' id='block_1_63' title="bbox 2010 1830 3594 1910">
    <p class='ocr_par' dir='ltr' id='par_1_63' title="bbox 2010 1830 3594 1910">
     <span class='ocr_line' id='line_1_63' title="bbox 2010 1830 3594 1910; baseline -0.009 -13"><span class='ocrx_word' id='word_1_501' title='bbox 2010 1843 2196 1906; x_wconf 78' lang='grc' dir='ltr'>οὖντός</span> <span class='ocrx_word' id='word_1_502' title='bbox 2228 1844 2395 1903; x_wconf 81' lang='grc' dir='ltr'>ἐστιν,</span> <span class='ocrx_word' id='word_1_503' title='bbox 2429 1839 2616 1909; x_wconf 81' lang='grc' dir='ltr'>ὥσπερ</span> <span class='ocrx_word' id='word_1_504' title='bbox 2637 1837 2871 1910; x_wconf 80' lang='grc' dir='ltr'>εἴρηται,</span> <span class='ocrx_word' id='word_1_505' title='bbox 2905 1838 2933 1889; x_wconf 97' lang='lat'><strong>6</strong></span> <span class='ocrx_word' id='word_1_506' title='bbox 2954 1836 3012 1888; x_wconf 84' lang='grc' dir='ltr'>δὲ</span> <span class='ocrx_word' id='word_1_507' title='bbox 3044 1835 3159 1897; x_wconf 88' lang='grc' dir='ltr'>υἱὸς</span> <span class='ocrx_word' id='word_1_508' title='bbox 3193 1832 3321 1886; x_wconf 82' lang='grc' dir='ltr'>ἱδιον</span> <span class='ocrx_word' id='word_1_509' title='bbox 3355 1831 3455 1903; x_wconf 84' lang='grc' dir='ltr'>τῆς</span> <span class='ocrx_word' id='word_1_510' title='bbox 3494 1830 3594 1884; x_wconf 85' lang='grc' dir='ltr'>οὐ·</span> 
     </span>
    </p>
   </div>
   <div class='ocr_carea' id='block_1_64' title="bbox 2015 1925 3593 2003">
    <p class='ocr_par' dir='ltr' id='par_1_64' title="bbox 2015 1925 3593 2003">
     <span class='ocr_line' id='line_1_64' title="bbox 2015 1925 3593 2003; baseline -0.008 -14"><span class='ocrx_word' id='word_1_511' title='bbox 2015 1935 2133 1998; x_wconf 80' lang='grc' dir='ltr'>σίας</span> <span class='ocrx_word' id='word_1_512' title='bbox 2170 1934 2415 2003; x_wconf 74' lang='grc' dir='ltr'>γέννημα</span> <span class='ocrx_word' id='word_1_513' title='bbox 2447 1934 2582 1985; x_wconf 75' lang='grc' dir='ltr'><strong>ἐστι⁸</strong></span> <span class='ocrx_word' id='word_1_514' title='bbox 2607 1930 2686 1984; x_wconf 83' lang='grc' dir='ltr'><strong>διὸ</strong></span> <span class='ocrx_word' id='word_1_515' title='bbox 2717 1930 2810 1984; x_wconf 75' lang='grc' dir='ltr'><strong>καὶ</strong></span> <span class='ocrx_word' id='word_1_516' title='bbox 2841 1930 2902 1983; x_wconf 84' lang='grc' dir='ltr'><strong>τὸ</strong></span> <span class='ocrx_word' id='word_1_517' title='bbox 2934 1929 3031 2000; x_wconf 87' lang='grc' dir='ltr'>μὲν</span> <span class='ocrx_word' id='word_1_518' title='bbox 3059 1927 3267 2000; x_wconf 83' lang='grc' dir='ltr'>ποίημα</span> <span class='ocrx_word' id='word_1_519' title='bbox 3292 1925 3392 1980; x_wconf 90' lang='grc' dir='ltr'><strong>οὐκ</strong></span> <span class='ocrx_word' id='word_1_520' title='bbox 3415 1925 3593 1994; x_wconf 79' lang='grc' dir='ltr'>ἀνάγ-</span> 
     </span>
    </p>
   </div>
   <div class='ocr_carea' id='block_1_65' title="bbox 2013 2014 3594 2096">
    <p class='ocr_par' dir='ltr' id='par_1_65' title="bbox 2013 2014 3594 2096">
     <span class='ocr_line' id='line_1_65' title="bbox 2013 2014 3594 2096; baseline -0.006 -17"><span class='ocrx_word' id='word_1_521' title='bbox 2013 2043 2082 2096; x_wconf 86' lang='grc' dir='ltr'><strong>κη</strong></span> <span class='ocrx_word' id='word_1_522' title='bbox 2138 2024 2224 2077; x_wconf 75' lang='grc' dir='ltr'><strong>ἀεὶ</strong></span> <span class='ocrx_word' id='word_1_523' title='bbox 2272 2020 2426 2075; x_wconf 75' lang='grc' dir='ltr'>εἶναι·</span> <span class='ocrx_word' id='word_1_524' title='bbox 2462 2022 2550 2074; x_wconf 84' lang='grc' dir='ltr'><strong>ὅτε</strong></span> <span class='ocrx_word' id='word_1_525' title='bbox 2579 2020 2686 2091; x_wconf 83' lang='grc' dir='ltr'><strong>γὰρ</strong></span> <span class='ocrx_word' id='word_1_526' title='bbox 2710 2019 2954 2090; x_wconf 84' lang='grc' dir='ltr'>βούλεται</span> <span class='ocrx_word' id='word_1_527' title='bbox 2979 2019 3008 2070; x_wconf 94' lang='lat'><strong>6</strong></span> <span class='ocrx_word' id='word_1_528' title='bbox 3050 2016 3397 2088; x_wconf 83' lang='grc' dir='ltr'>δημιουργὸς,</span> <span class='ocrx_word' id='word_1_529' title='bbox 3422 2014 3594 2086; x_wconf 83' lang='grc' dir='ltr'>ὲργά-</span> 
     </span>
    </p>
   </div>
   <div class='ocr_carea' id='block_1_66' title="bbox 2015 2106 3596 2183">
    <p class='ocr_par' dir='ltr' id='par_1_66' title="bbox 2015 2106 3596 2183">
     <span class='ocr_line' id='line_1_66' title="bbox 2015 2106 3596 2183; baseline -0.008 -11"><span class='ocrx_word' id='word_1_530' title='bbox 2015 2119 2179 2183; x_wconf 80' lang='grc' dir='ltr'>ζεται·</span> <span class='ocrx_word' id='word_1_531' title='bbox 2214 2117 2273 2169; x_wconf 88' lang='grc' dir='ltr'><strong>τὸ</strong></span> <span class='ocrx_word' id='word_1_532' title='bbox 2310 2115 2366 2168; x_wconf 81' lang='grc' dir='ltr'>δὲ</span> <span class='ocrx_word' id='word_1_533' title='bbox 2413 2113 2655 2183; x_wconf 83' lang='grc' dir='ltr'>γέννημα</span> <span class='ocrx_word' id='word_1_534' title='bbox 2690 2112 2751 2165; x_wconf 88' lang='grc' dir='ltr'><strong>οὐ</strong></span> <span class='ocrx_word' id='word_1_535' title='bbox 2788 2110 3036 2183; x_wconf 81' lang='grc' dir='ltr'>βουλήσει</span> <span class='ocrx_word' id='word_1_536' title='bbox 3098 2109 3401 2173; x_wconf 83' lang='grc' dir='ltr'>ὑπόκειται,</span> <span class='ocrx_word' id='word_1_537' title='bbox 3452 2106 3596 2161; x_wconf 81' lang='grc' dir='ltr'>ἀλλὰ</span> 
     </span>
    </p>
   </div>
   <div class='ocr_carea' id='block_1_67' title="bbox 2013 2197 3595 2279">
    <p class='ocr_par' dir='ltr' id='par_1_67' title="bbox 2013 2197 3595 2279">
     <span class='ocr_line' id='line_1_67' title="bbox 2013 2197 3595 2279; baseline -0.006 -18"><span class='ocrx_word' id='word_1_538' title='bbox 2013 2209 2111 2279; x_wconf 80' lang='grc' dir='ltr'>τῆς</span> <span class='ocrx_word' id='word_1_539' title='bbox 2140 2206 2326 2268; x_wconf 80' lang='grc' dir='ltr'>οὐσίας</span> <span class='ocrx_word' id='word_1_540' title='bbox 2386 2205 2531 2258; x_wconf 72' lang='grc' dir='ltr'>ἐστὶν</span> <span class='ocrx_word' id='word_1_541' title='bbox 2584 2203 2778 2273; x_wconf 79' lang='grc' dir='ltr'>ἰδιότης</span> <span class='ocrx_word' id='word_1_542' title='bbox 2810 2201 2944 2273; x_wconf 86' lang='grc'>(16).</span> <span class='ocrx_word' id='word_1_543' title='bbox 2976 2203 3088 2256; x_wconf 75' lang='grc' dir='ltr'>Καὶ</span> <span class='ocrx_word' id='word_1_544' title='bbox 3122 2200 3349 2271; x_wconf 81' lang='grc' dir='ltr'>ποιητὴς</span> <span class='ocrx_word' id='word_1_545' title='bbox 3393 2198 3491 2269; x_wconf 81' lang='grc' dir='ltr'><strong>μὲν</strong></span> <span class='ocrx_word' id='word_1_546' title='bbox 3520 2197 3595 2252; x_wconf 81' lang='grc' dir='ltr'><strong>ἂν</strong></span> 
     </span>
    </p>
   </div>
   <div class='ocr_carea' id='block_1_68' title="bbox 2016 2290 3597 2371">
    <p class='ocr_par' dir='ltr' id='par_1_68' title="bbox 2016 2290 3597 2371">
     <span class='ocr_line' id='line_1_68' title="bbox 2016 2290 3597 2371; baseline -0.004 -18"><span class='ocrx_word' id='word_1_547' title='bbox 2016 2301 2100 2371; x_wconf 77' lang='grc' dir='ltr'><strong>εἴη</strong></span> <span class='ocrx_word' id='word_1_548' title='bbox 2140 2299 2232 2354; x_wconf 73' lang='grc' dir='ltr'><strong>καὶ</strong></span> <span class='ocrx_word' id='word_1_549' title='bbox 2262 2298 2494 2366; x_wconf 86' lang='grc' dir='ltr'>λέγοιτο,</span> <span class='ocrx_word' id='word_1_550' title='bbox 2528 2296 2630 2349; x_wconf 77' lang='grc' dir='ltr'><strong>κᾶν</strong></span> <span class='ocrx_word' id='word_1_551' title='bbox 2663 2290 2880 2368; x_wconf 81' lang='grc' dir='ltr'><strong>μήπωῇ</strong></span> <span class='ocrx_word' id='word_1_552' title='bbox 2908 2294 2977 2347; x_wconf 77' lang='grc' dir='ltr'>τὰ</span> <span class='ocrx_word' id='word_1_553' title='bbox 2997 2294 3150 2366; x_wconf 74' lang='grc' dir='ltr'>ἔργα·</span> <span class='ocrx_word' id='word_1_554' title='bbox 3182 2292 3362 2363; x_wconf 75' lang='grc' dir='ltr'>πατὴρ</span> <span class='ocrx_word' id='word_1_555' title='bbox 3393 2291 3450 2345; x_wconf 80' lang='grc' dir='ltr'>δὲ</span> <span class='ocrx_word' id='word_1_556' title='bbox 3488 2290 3597 2347; x_wconf 84' lang='grc' dir='ltr'><strong>οὐκ</strong></span> 
     </span>
    </p>
   </div>
   <div class='ocr_carea' id='block_1_69' title="bbox 2019 2382 3593 2462">
    <p class='ocr_par' dir='ltr' id='par_1_69' title="bbox 2019 2382 3593 2462">
     <span class='ocr_line' id='line_1_69' title="bbox 2019 2382 3593 2462; baseline -0.004 -17"><span class='ocrx_word' id='word_1_557' title='bbox 2019 2393 2084 2446; x_wconf 89' lang='grc' dir='ltr'><strong>ἂν</strong></span> <span class='ocrx_word' id='word_1_558' title='bbox 2106 2390 2319 2462; x_wconf 80' lang='grc' dir='ltr'>λεχθείη</span> <span class='ocrx_word' id='word_1_559' title='bbox 2355 2391 2465 2460; x_wconf 83' lang='grc'>(17)</span> <span class='ocrx_word' id='word_1_560' title='bbox 2495 2388 2601 2441; x_wconf 80' lang='grc' dir='ltr'>οὐδ’</span> <span class='ocrx_word' id='word_1_561' title='bbox 2656 2388 2721 2441; x_wconf 88' lang='grc' dir='ltr'>ἂν</span> <span class='ocrx_word' id='word_1_562' title='bbox 2774 2387 2895 2459; x_wconf 72' lang='grc' dir='ltr'>εἴη,</span> <span class='ocrx_word' id='word_1_563' title='bbox 2944 2387 3017 2458; x_wconf 83' lang='grc' dir='ltr'>μὴ</span> <span class='ocrx_word' id='word_1_564' title='bbox 3069 2385 3403 2457; x_wconf 80' lang='grc' dir='ltr'>ὑπάρχοντος</span> <span class='ocrx_word' id='word_1_565' title='bbox 3449 2382 3593 2438; x_wconf 82' lang='grc' dir='ltr'>υἱοῦ.</span> 
     </span>
    </p>
   </div>
   <div class='ocr_carea' id='block_1_70' title="bbox 2030 2474 3599 2550">
    <p class='ocr_par' dir='ltr' id='par_1_70' title="bbox 2030 2474 3599 2550">
     <span class='ocr_line' id='line_1_70' title="bbox 2030 2474 3599 2550; baseline -0.005 -15"><span class='ocrx_word' id='word_1_566' title='bbox 2030 2481 2155 2535; x_wconf 82' lang='grc' dir='ltr'><strong>Ἐὰν</strong></span> <span class='ocrx_word' id='word_1_567' title='bbox 2186 2481 2243 2533; x_wconf 87' lang='grc' dir='ltr'>δὲ</span> <span class='ocrx_word' id='word_1_568' title='bbox 2274 2478 2757 2550; x_wconf 77' lang='grc' dir='ltr'>περιεργάζωνται,</span> <span class='ocrx_word' id='word_1_569' title='bbox 2788 2476 2875 2530; x_wconf 78' lang='grc' dir='ltr'><strong>διὰ</strong></span> <span class='ocrx_word' id='word_1_570' title='bbox 2906 2476 2958 2528; x_wconf 88' lang='grc' dir='ltr'><strong>τί</strong></span> <span class='ocrx_word' id='word_1_571' title='bbox 2991 2479 3019 2529; x_wconf 89' lang='lat'><strong>6</strong></span> <span class='ocrx_word' id='word_1_572' title='bbox 3057 2475 3207 2539; x_wconf 89' lang='grc' dir='ltr'>Θεὸς,</span> <span class='ocrx_word' id='word_1_573' title='bbox 3241 2476 3327 2527; x_wconf 77' lang='grc' dir='ltr'><strong>ἀεὶ</strong></span> <span class='ocrx_word' id='word_1_574' title='bbox 3358 2474 3468 2542; x_wconf 81' lang='grc'>(18)</span> <span class='ocrx_word' id='word_1_575' title='bbox 3500 2475 3599 2528; x_wconf 84' lang='grc' dir='ltr'>δυ-</span> 
     </span>
    </p>
   </div>
   <div class='ocr_carea' id='block_1_71' title="bbox 2022 2565 3597 2639">
    <p class='ocr_par' dir='ltr' id='par_1_71' title="bbox 2022 2565 3597 2639">
     <span class='ocr_line' id='line_1_71' title="bbox 2022 2565 3597 2639; baseline -0.002 -17"><span class='ocrx_word' id='word_1_576' title='bbox 2022 2569 2254 2639; x_wconf 87' lang='grc' dir='ltr'>νάμενος</span> <span class='ocrx_word' id='word_1_577' title='bbox 2288 2570 2481 2631; x_wconf 73' lang='grc' dir='ltr'>ποιεῖν,</span> <span class='ocrx_word' id='word_1_578' title='bbox 2513 2568 2611 2620; x_wconf 82' lang='grc' dir='ltr'><strong>οὐκ</strong></span> <span class='ocrx_word' id='word_1_579' title='bbox 2657 2567 2745 2621; x_wconf 75' lang='grc' dir='ltr'>ἀεὶ</span> <span class='ocrx_word' id='word_1_580' title='bbox 2790 2567 2962 2630; x_wconf 87' lang='grc' dir='ltr'>ποιεῖ;</span> <span class='ocrx_word' id='word_1_581' title='bbox 2995 2565 3333 2636; x_wconf 83' lang='grc' dir='ltr'>μαινομένων</span> <span class='ocrx_word' id='word_1_582' title='bbox 3372 2565 3468 2635; x_wconf 80' lang='grc' dir='ltr'><strong>μὲν</strong></span> <span class='ocrx_word' id='word_1_583' title='bbox 3495 2565 3597 2619; x_wconf 75' lang='grc' dir='ltr'>καὶ</span> 
     </span>
    </p>
   </div>
   <div class='ocr_carea' id='block_1_72' title="bbox 2021 2656 3599 2730">
    <p class='ocr_par' dir='ltr' id='par_1_72' title="bbox 2021 2656 3599 2730">
     <span class='ocr_line' id='line_1_72' title="bbox 2021 2656 3599 2730; baseline -0.003 -17"><span class='ocrx_word' id='word_1_584' title='bbox 2021 2658 2160 2730; x_wconf 74' lang='grc' dir='ltr'>αὕτη</span> <span class='ocrx_word' id='word_1_585' title='bbox 2187 2661 2219 2730; x_wconf 79' lang='grc' dir='ltr'><strong>ἡ</strong></span> <span class='ocrx_word' id='word_1_586' title='bbox 2251 2658 2443 2730; x_wconf 77' lang='grc' dir='ltr'>τόλμα.</span> <span class='ocrx_word' id='word_1_587' title='bbox 2486 2660 2580 2724; x_wconf 83' lang='grc' dir='ltr'>Τίς</span> <span class='ocrx_word' id='word_1_588' title='bbox 2629 2657 2739 2727; x_wconf 78' lang='grc' dir='ltr'>γὰρ</span> <span class='ocrx_word' id='word_1_589' title='bbox 2787 2656 2938 2726; x_wconf 75' lang='grc' dir='ltr'><strong>ἔγνω</strong></span> <span class='ocrx_word' id='word_1_590' title='bbox 2968 2657 3118 2711; x_wconf 81' lang='grc' dir='ltr'><strong>νοῦν</strong></span> <span class='ocrx_word' id='word_1_591' title='bbox 3142 2657 3386 2725; x_wconf 81' lang='grc' dir='ltr'>Κυρίου,</span> <span class='ocrx_word' id='word_1_592' title='bbox 3424 2656 3462 2725; x_wconf 81' lang='grc' dir='ltr'><em>ἢ</em></span> <span class='ocrx_word' id='word_1_593' title='bbox 3500 2657 3599 2722; x_wconf 84' lang='grc' dir='ltr'><strong>τίς</strong></span> 
     </span>
    </p>
   </div>
   <div class='ocr_carea' id='block_1_73' title="bbox 2022 2747 3599 2822">
    <p class='ocr_par' dir='ltr' id='par_1_73' title="bbox 2022 2747 3599 2822">
     <span class='ocr_line' id='line_1_73' title="bbox 2022 2747 3599 2822; baseline -0.004 -16"><span class='ocrx_word' id='word_1_594' title='bbox 2022 2752 2367 2822; x_wconf 78' lang='grc' dir='ltr'>σύμϐουλος</span> <span class='ocrx_word' id='word_1_595' title='bbox 2391 2748 2577 2805; x_wconf 84' lang='grc' dir='ltr'>αὐτοῦ</span> <span class='ocrx_word' id='word_1_596' title='bbox 2612 2749 2880 2818; x_wconf 58' lang='grc' dir='ltr'>ἐγένετω</span> <span class='ocrx_word' id='word_1_597' title='bbox 2909 2748 2981 2801; x_wconf 84' lang='grc' dir='ltr'><strong>Ἦ</strong></span> <span class='ocrx_word' id='word_1_598' title='bbox 3005 2748 3121 2810; x_wconf 79' lang='grc' dir='ltr'>πῶς</span> <span class='ocrx_word' id='word_1_599' title='bbox 3145 2748 3259 2819; x_wconf 74' lang='grc' dir='ltr'>ἐρεῖ</span> <span class='ocrx_word' id='word_1_600' title='bbox 3278 2748 3339 2800; x_wconf 82' lang='grc' dir='ltr'><strong>τὸ</strong></span> <span class='ocrx_word' id='word_1_601' title='bbox 3370 2747 3599 2817; x_wconf 83' lang='grc' dir='ltr'>πλάσμα</span> 
     </span>
    </p>
   </div>
   <div class='ocr_carea' id='block_1_74' title="bbox 2022 2839 3597 2915">
    <p class='ocr_par' dir='ltr' id='par_1_74' title="bbox 2022 2839 3597 2915">
     <span class='ocr_line' id='line_1_74' title="bbox 2022 2839 3597 2915; baseline -0.003 -19"><span class='ocrx_word' id='word_1_602' title='bbox 2022 2843 2100 2914; x_wconf 83' lang='grc' dir='ltr'>τῷ</span> <span class='ocrx_word' id='word_1_603' title='bbox 2139 2845 2387 2915; x_wconf 81' lang='grc' dir='ltr'>κεραμεῖ,</span> <span class='ocrx_word' id='word_1_604' title='bbox 2429 2843 2488 2895; x_wconf 87' lang='grc' dir='ltr'><strong><em>Τί</em></strong></span> <span class='ocrx_word' id='word_1_605' title='bbox 2513 2859 2589 2910; x_wconf 86' lang='grc' dir='ltr'><strong>με</strong></span> <span class='ocrx_word' id='word_1_606' title='bbox 2612 2841 2797 2906; x_wconf 84' lang='grc' dir='ltr'>οὕτως</span> <span class='ocrx_word' id='word_1_607' title='bbox 2850 2840 3176 2908; x_wconf 82' lang='grc' dir='ltr'>ἐποίησας;</span> <span class='ocrx_word' id='word_1_608' title='bbox 3206 2840 3324 2893; x_wconf 83' lang='grc' dir='ltr'>Ἵνα</span> <span class='ocrx_word' id='word_1_609' title='bbox 3379 2840 3463 2902; x_wconf 70' lang='grc' dir='ltr'><strong>δὲ,</strong></span> <span class='ocrx_word' id='word_1_610' title='bbox 3492 2839 3597 2892; x_wconf 77' lang='grc' dir='ltr'><strong>κᾶν</strong></span> 
     </span>
    </p>
   </div>
   <div class='ocr_carea' id='block_1_75' title="bbox 2025 2931 3606 3004">
    <p class='ocr_par' dir='ltr' id='par_1_75' title="bbox 2025 2931 3606 3004">
     <span class='ocr_line' id='line_1_75' title="bbox 2025 2931 3606 3004; baseline -0.003 -17"><span class='ocrx_word' id='word_1_611' title='bbox 2025 2933 2262 3004; x_wconf 85' lang='grc' dir='ltr'>ἀμυδρόν</span> <span class='ocrx_word' id='word_1_612' title='bbox 2303 2950 2424 2986; x_wconf 89' lang='grc' dir='ltr'>τινα</span> <span class='ocrx_word' id='word_1_613' title='bbox 2475 2932 2733 3003; x_wconf 89' lang='grc' dir='ltr'>λογισμὸν</span> <span class='ocrx_word' id='word_1_614' title='bbox 2760 2932 3028 3001; x_wconf 80' lang='grc' dir='ltr'>εὑρόντες,</span> <span class='ocrx_word' id='word_1_615' title='bbox 3074 2931 3148 3001; x_wconf 82' lang='grc' dir='ltr'>μὴ</span> <span class='ocrx_word' id='word_1_616' title='bbox 3205 2932 3606 3002; x_wconf 79' lang='grc' dir='ltr'>σιωπήσωμεν,</span> 
     </span>
    </p>
   </div>
   <div class='ocr_carea' id='block_1_76' title="bbox 2029 3021 3599 3093">
    <p class='ocr_par' dir='ltr' id='par_1_76' title="bbox 2029 3021 3599 3093">
     <span class='ocr_line' id='line_1_76' title="bbox 2029 3021 3599 3093; baseline -0.002 -16"><span class='ocrx_word' id='word_1_617' title='bbox 2029 3024 2396 3077; x_wconf 79' lang='grc' dir='ltr'>ἀκουέτωσαν·</span> <span class='ocrx_word' id='word_1_618' title='bbox 2429 3024 2570 3085; x_wconf 85' lang='grc' dir='ltr'>Ὅτι,</span> <span class='ocrx_word' id='word_1_619' title='bbox 2604 3025 2653 3075; x_wconf 86' lang='grc' dir='ltr'><strong>εί</strong></span> <span class='ocrx_word' id='word_1_620' title='bbox 2682 3023 2775 3076; x_wconf 72' lang='grc' dir='ltr'><strong>καὶ</strong></span> <span class='ocrx_word' id='word_1_621' title='bbox 2807 3021 2884 3093; x_wconf 83' lang='grc' dir='ltr'>τῷ</span> <span class='ocrx_word' id='word_1_622' title='bbox 2916 3021 3034 3092; x_wconf 84' lang='grc' dir='ltr'><strong>Θεῷ</strong></span> <span class='ocrx_word' id='word_1_623' title='bbox 3051 3022 3274 3075; x_wconf 84' lang='grc' dir='ltr'>δυνατὸν</span> <span class='ocrx_word' id='word_1_624' title='bbox 3301 3023 3387 3076; x_wconf 74' lang='grc' dir='ltr'><strong>ἀεὶ</strong></span> <span class='ocrx_word' id='word_1_625' title='bbox 3403 3024 3599 3086; x_wconf 85' lang='grc' dir='ltr'>ποιεῖν,</span> 
     </span>
    </p>
   </div>
   <div class='ocr_carea' id='block_1_77' title="bbox 2030 3110 3605 3185">
    <p class='ocr_par' dir='ltr' id='par_1_77' title="bbox 2030 3110 3605 3185">
     <span class='ocr_line' id='line_1_77' title="bbox 2030 3110 3605 3185; baseline -0.001 -17"><span class='ocrx_word' id='word_1_626' title='bbox 2030 3115 2142 3169; x_wconf 82' lang='grc' dir='ltr'>ἀλλ’</span> <span class='ocrx_word' id='word_1_627' title='bbox 2163 3115 2261 3168; x_wconf 90' lang='grc' dir='ltr'><strong>οὐκ</strong></span> <span class='ocrx_word' id='word_1_628' title='bbox 2290 3115 2525 3184; x_wconf 74' lang='grc' dir='ltr'>ἠδύνατο</span> <span class='ocrx_word' id='word_1_629' title='bbox 2558 3113 2627 3166; x_wconf 82' lang='grc' dir='ltr'>τὰ</span> <span class='ocrx_word' id='word_1_630' title='bbox 2652 3115 2854 3185; x_wconf 77' lang='grc' dir='ltr'>γενητὰ</span> <span class='ocrx_word' id='word_1_631' title='bbox 2885 3113 2994 3185; x_wconf 86' lang='grc'>(19)</span> <span class='ocrx_word' id='word_1_632' title='bbox 3038 3113 3186 3168; x_wconf 80' lang='grc' dir='ltr'>ἀΐδια</span> <span class='ocrx_word' id='word_1_633' title='bbox 3217 3110 3377 3168; x_wconf 78' lang='grc' dir='ltr'>εἶναι·</span> <span class='ocrx_word' id='word_1_634' title='bbox 3409 3114 3469 3179; x_wconf 72' lang='grc' dir='ltr'>ἐξ</span> <span class='ocrx_word' id='word_1_635' title='bbox 3499 3114 3605 3167; x_wconf 85' lang='grc' dir='ltr'><strong>οὐκ</strong></span> 
     </span>
    </p>
   </div>
   <div class='ocr_carea' id='block_1_78' title="bbox 2029 3199 3604 3275">
    <p class='ocr_par' dir='ltr' id='par_1_78' title="bbox 2029 3199 3604 3275">
     <span class='ocr_line' id='line_1_78' title="bbox 2029 3199 3604 3275; baseline 0.001 -19"><span class='ocrx_word' id='word_1_636' title='bbox 2029 3203 2195 3256; x_wconf 71' lang='grc' dir='ltr'>ὄντων</span> <span class='ocrx_word' id='word_1_637' title='bbox 2222 3204 2329 3275; x_wconf 87' lang='grc' dir='ltr'>γάρ</span> <span class='ocrx_word' id='word_1_638' title='bbox 2353 3206 2487 3267; x_wconf 74' lang='grc' dir='ltr'>ἐστι,</span> <span class='ocrx_word' id='word_1_639' title='bbox 2511 3204 2605 3257; x_wconf 71' lang='grc' dir='ltr'>καὶ</span> <span class='ocrx_word' id='word_1_640' title='bbox 2635 3205 2734 3257; x_wconf 79' lang='grc' dir='ltr'><strong>οὐκ</strong></span> <span class='ocrx_word' id='word_1_641' title='bbox 2758 3199 2825 3274; x_wconf 82' lang='grc' dir='ltr'>ἦν</span> <span class='ocrx_word' id='word_1_642' title='bbox 2846 3206 2976 3275; x_wconf 69' lang='grc' dir='ltr'>πρὶν</span> <span class='ocrx_word' id='word_1_643' title='bbox 3017 3203 3257 3275; x_wconf 86' lang='grc' dir='ltr'>γένηται.</span> <span class='ocrx_word' id='word_1_644' title='bbox 3297 3205 3377 3259; x_wconf 80' lang='grc' dir='ltr'><strong>Τὰ</strong></span> <span class='ocrx_word' id='word_1_645' title='bbox 3412 3204 3469 3258; x_wconf 80' lang='grc' dir='ltr'><strong>δὲ</strong></span> <span class='ocrx_word' id='word_1_646' title='bbox 3499 3205 3604 3258; x_wconf 85' lang='grc' dir='ltr'><strong>οὐκ</strong></span> 
     </span>
    </p>
   </div>
   <div class='ocr_carea' id='block_1_79' title="bbox 2029 3294 3603 3367">
    <p class='ocr_par' dir='ltr' id='par_1_79' title="bbox 2029 3294 3603 3367">
     <span class='ocr_line' id='line_1_79' title="bbox 2029 3294 3603 3367; baseline 0.001 -19"><span class='ocrx_word' id='word_1_647' title='bbox 2029 3294 2158 3348; x_wconf 74' lang='grc' dir='ltr'>ὄντα</span> <span class='ocrx_word' id='word_1_648' title='bbox 2179 3295 2306 3365; x_wconf 79' lang='grc' dir='ltr'>πρὶν</span> <span class='ocrx_word' id='word_1_649' title='bbox 2337 3294 2575 3365; x_wconf 86' lang='grc' dir='ltr'>γένηται,</span> <span class='ocrx_word' id='word_1_650' title='bbox 2608 3294 2726 3357; x_wconf 82' lang='grc' dir='ltr'>πῶς</span> <span class='ocrx_word' id='word_1_651' title='bbox 2758 3294 2983 3363; x_wconf 79' lang='grc' dir='ltr'>ἠδύνατο</span> <span class='ocrx_word' id='word_1_652' title='bbox 3017 3295 3375 3367; x_wconf 86' lang='grc' dir='ltr'>συνυπάρχειν</span> <span class='ocrx_word' id='word_1_653' title='bbox 3407 3295 3482 3367; x_wconf 81' lang='grc' dir='ltr'>τῷ</span> <span class='ocrx_word' id='word_1_654' title='bbox 3513 3296 3603 3349; x_wconf 71' lang='grc' dir='ltr'>ἀεὶ</span> 
     </span>
    </p>
   </div>
   <div class='ocr_carea' id='block_1_80' title="bbox 2030 3386 3605 3459">
    <p class='ocr_par' dir='ltr' id='par_1_80' title="bbox 2030 3386 3605 3459">
     <span class='ocr_line' id='line_1_80' title="bbox 2030 3386 3605 3459; baseline 0.001 -18"><span class='ocrx_word' id='word_1_655' title='bbox 2030 3387 2142 3441; x_wconf 79' lang='grc' dir='ltr'>ὃντι</span> <span class='ocrx_word' id='word_1_656' title='bbox 2170 3386 2287 3457; x_wconf 78' lang='grc' dir='ltr'>Θεῷ</span> <span class='ocrx_word' id='word_1_657' title='bbox 2316 3404 2329 3452; x_wconf 93' lang='grc'>;</span> <span class='ocrx_word' id='word_1_658' title='bbox 2362 3387 2452 3440; x_wconf 88' lang='grc' dir='ltr'>Διὸ</span> <span class='ocrx_word' id='word_1_659' title='bbox 2478 3387 2572 3441; x_wconf 76' lang='grc' dir='ltr'><strong>καὶ</strong></span> <span class='ocrx_word' id='word_1_660' title='bbox 2610 3386 2744 3459; x_wconf 84' lang='grc' dir='ltr'>πρὸς</span> <span class='ocrx_word' id='word_1_661' title='bbox 2772 3386 2833 3440; x_wconf 83' lang='grc' dir='ltr'><strong>τὸ</strong></span> <span class='ocrx_word' id='word_1_662' title='bbox 2876 3386 3149 3451; x_wconf 76' lang='grc' dir='ltr'>λυσιτελὲς</span> <span class='ocrx_word' id='word_1_663' title='bbox 3176 3388 3354 3441; x_wconf 84' lang='grc' dir='ltr'>αὐτῶν</span> <span class='ocrx_word' id='word_1_664' title='bbox 3382 3387 3605 3459; x_wconf 79' lang='grc' dir='ltr'>ἀφορῶν</span> 
     </span>
    </p>
   </div>
   <div class='ocr_carea' id='block_1_81' title="bbox 2032 3473 3603 3550">
    <p class='ocr_par' dir='ltr' id='par_1_81' title="bbox 2032 3473 3603 3550">
     <span class='ocr_line' id='line_1_81' title="bbox 2032 3473 3603 3550; baseline 0 -18"><span class='ocrx_word' id='word_1_665' title='bbox 2032 3479 2232 3543; x_wconf 83' lang='grc' dir='ltr'>ὁΘεὸς,</span> <span class='ocrx_word' id='word_1_666' title='bbox 2268 3480 2354 3532; x_wconf 85' lang='grc' dir='ltr'><strong>ὅτε</strong></span> <span class='ocrx_word' id='word_1_667' title='bbox 2402 3473 2561 3542; x_wconf 78' lang='grc' dir='ltr'>εἶδεν,</span> <span class='ocrx_word' id='word_1_668' title='bbox 2595 3480 2676 3532; x_wconf 84' lang='grc' dir='ltr'>ὅτι</span> <span class='ocrx_word' id='word_1_669' title='bbox 2721 3478 2939 3532; x_wconf 81' lang='grc' dir='ltr'>δύναται</span> <span class='ocrx_word' id='word_1_670' title='bbox 2997 3479 3262 3549; x_wconf 88' lang='grc' dir='ltr'>γενόμενα</span> <span class='ocrx_word' id='word_1_671' title='bbox 3306 3479 3603 3550; x_wconf 87' lang='grc' dir='ltr'>διαμένειν,</span> 
     </span>
    </p>
   </div>
   <div class='ocr_carea' id='block_1_82' title="bbox 2032 3570 3608 3642">
    <p class='ocr_par' dir='ltr' id='par_1_82' title="bbox 2032 3570 3608 3642">
     <span class='ocr_line' id='line_1_82' title="bbox 2032 3570 3608 3642; baseline 0.001 -18"><span class='ocrx_word' id='word_1_672' title='bbox 2032 3571 2150 3624; x_wconf 85' lang='grc' dir='ltr'>τότε</span> <span class='ocrx_word' id='word_1_673' title='bbox 2182 3571 2275 3626; x_wconf 75' lang='grc' dir='ltr'><strong>καὶ</strong></span> <span class='ocrx_word' id='word_1_674' title='bbox 2331 3572 2596 3642; x_wconf 84' lang='grc' dir='ltr'>πεποίηκε</span> <span class='ocrx_word' id='word_1_675' title='bbox 2654 3570 2848 3624; x_wconf 85' lang='grc' dir='ltr'>πάντα.</span> <span class='ocrx_word' id='word_1_676' title='bbox 2910 3572 3019 3624; x_wconf 68' lang='grc' dir='ltr'>Καὶ</span> <span class='ocrx_word' id='word_1_677' title='bbox 3073 3571 3262 3642; x_wconf 82' lang='grc' dir='ltr'>ὥσπερ</span> <span class='ocrx_word' id='word_1_678' title='bbox 3308 3572 3608 3641; x_wconf 88' lang='grc' dir='ltr'>δυνάμενος</span> 
     </span>
    </p>
   </div>
   <div class='ocr_carea' id='block_1_83' title="bbox 2035 3661 3606 3734">
    <p class='ocr_par' dir='ltr' id='par_1_83' title="bbox 2035 3661 3606 3734">
     <span class='ocr_line' id='line_1_83' title="bbox 2035 3661 3606 3734; baseline -0.002 -17"><span class='ocrx_word' id='word_1_679' title='bbox 2035 3663 2129 3717; x_wconf 71' lang='grc' dir='ltr'><strong>καὶ</strong></span> <span class='ocrx_word' id='word_1_680' title='bbox 2162 3663 2270 3733; x_wconf 69' lang='grc' dir='ltr'>(ΞΟ)</span> <span class='ocrx_word' id='word_1_681' title='bbox 2298 3662 2357 3728; x_wconf 76' lang='grc' dir='ltr'>ἐξ</span> <span class='ocrx_word' id='word_1_682' title='bbox 2376 3663 2549 3734; x_wconf 78' lang='grc' dir='ltr'>ἀρχῆς</span> <span class='ocrx_word' id='word_1_683' title='bbox 2580 3663 2670 3716; x_wconf 73' lang='grc' dir='ltr'>ἐπὶ</span> <span class='ocrx_word' id='word_1_684' title='bbox 2724 3661 2819 3714; x_wconf 82' lang='grc' dir='ltr'>τοῦ</span> <span class='ocrx_word' id='word_1_685' title='bbox 2866 3661 3110 3733; x_wconf 76' lang='grc' dir='ltr'>Ἀδὰμ,ἢ</span> <span class='ocrx_word' id='word_1_686' title='bbox 3150 3663 3241 3715; x_wconf 77' lang='grc' dir='ltr'><strong>ἐπὶ</strong></span> <span class='ocrx_word' id='word_1_687' title='bbox 3265 3662 3409 3728; x_wconf 83' lang='grc' dir='ltr'>Νῶε,</span> <span class='ocrx_word' id='word_1_688' title='bbox 3443 3661 3475 3732; x_wconf 79' lang='grc' dir='ltr'>ἢ</span> <span class='ocrx_word' id='word_1_689' title='bbox 3506 3663 3606 3715; x_wconf 71' lang='grc' dir='ltr'>ἐπὶ</span> 
     </span>
    </p>
   </div>
   <div class='ocr_carea' id='block_1_84' title="bbox 2034 3749 3610 3818">
    <p class='ocr_par' dir='ltr' id='par_1_84' title="bbox 2034 3749 3610 3818">
     <span class='ocr_line' id='line_1_84' title="bbox 2034 3749 3610 3818; baseline 0 -15"><span class='ocrx_word' id='word_1_690' title='bbox 2034 3749 2309 3813; x_wconf 82' lang='grc' dir='ltr'>Μωῦσέως</span> <span class='ocrx_word' id='word_1_691' title='bbox 2339 3749 2655 3803; x_wconf 85' lang='grc' dir='ltr'>ἀποστεῖλαι</span> <span class='ocrx_word' id='word_1_692' title='bbox 2680 3750 2769 3803; x_wconf 88' lang='grc' dir='ltr'><strong>τὸν</strong></span> <span class='ocrx_word' id='word_1_693' title='bbox 2798 3749 2992 3802; x_wconf 78' lang='grc' dir='ltr'>ἑαυτοῦ</span> <span class='ocrx_word' id='word_1_694' title='bbox 3018 3750 3210 3818; x_wconf 83' lang='grc' dir='ltr'>Λόγον,</span> <span class='ocrx_word' id='word_1_695' title='bbox 3234 3752 3333 3804; x_wconf 86' lang='grc' dir='ltr'><strong>οὐκ</strong></span> <span class='ocrx_word' id='word_1_696' title='bbox 3354 3751 3610 3805; x_wconf 79' lang='grc' dir='ltr'>ἀπέστει-</span> 
     </span>
    </p>
   </div>
   <div class='ocr_carea' id='block_1_85' title="bbox 2034 3839 3609 3913">
    <p class='ocr_par' dir='ltr' id='par_1_85' title="bbox 2034 3839 3609 3913">
     <span class='ocr_line' id='line_1_85' title="bbox 2034 3839 3609 3913; baseline 0.004 -21"><span class='ocrx_word' id='word_1_697' title='bbox 2034 3839 2124 3892; x_wconf 90' lang='grc' dir='ltr'><strong>λεν</strong></span> <span class='ocrx_word' id='word_1_698' title='bbox 2150 3843 2197 3893; x_wconf 85' lang='grc' dir='ltr'>εἰ</span> <span class='ocrx_word' id='word_1_699' title='bbox 2233 3839 2306 3911; x_wconf 81' lang='grc' dir='ltr'>μὴ</span> <span class='ocrx_word' id='word_1_700' title='bbox 2336 3841 2428 3893; x_wconf 76' lang='grc' dir='ltr'>ἐπὶ</span> <span class='ocrx_word' id='word_1_701' title='bbox 2462 3840 2738 3913; x_wconf 78' lang='grc' dir='ltr'>συντελείᾳ</span> <span class='ocrx_word' id='word_1_702' title='bbox 2770 3841 2877 3895; x_wconf 84' lang='grc' dir='ltr'><strong>τῶν</strong></span> <span class='ocrx_word' id='word_1_703' title='bbox 2910 3841 3138 3896; x_wconf 76' lang='grc' dir='ltr'><strong>αἰώνωνο</strong></span> <span class='ocrx_word' id='word_1_704' title='bbox 3184 3843 3340 3895; x_wconf 77' lang='grc' dir='ltr'>τοῦτο</span> <span class='ocrx_word' id='word_1_705' title='bbox 3371 3843 3476 3913; x_wconf 85' lang='grc' dir='ltr'><strong>γὰρ</strong></span> <span class='ocrx_word' id='word_1_706' title='bbox 3498 3839 3609 3899; x_wconf 77' lang='grc' dir='ltr'>εἶδε</span> 
     </span>
    </p>
   </div>
   <div class='ocr_carea' id='block_1_86' title="bbox 2036 3930 3608 4004">
    <p class='ocr_par' dir='ltr' id='par_1_86' title="bbox 2036 3930 3608 4004">
     <span class='ocr_line' id='line_1_86' title="bbox 2036 3930 3608 4004; baseline 0.003 -21"><span class='ocrx_word' id='word_1_707' title='bbox 2036 3930 2331 3983; x_wconf 81' lang='grc' dir='ltr'>λυσιτελεῖν</span> <span class='ocrx_word' id='word_1_708' title='bbox 2361 3931 2508 4001; x_wconf 79' lang='grc' dir='ltr'>πάσῃ</span> <span class='ocrx_word' id='word_1_709' title='bbox 2541 3934 2605 4001; x_wconf 81' lang='grc' dir='ltr'>τῇ</span> <span class='ocrx_word' id='word_1_710' title='bbox 2639 3932 2830 3985; x_wconf 83' lang='grc' dir='ltr'>κτίσει·</span> <span class='ocrx_word' id='word_1_711' title='bbox 2867 3930 3008 3987; x_wconf 68' lang='grc' dir='ltr'>οὓτω</span> <span class='ocrx_word' id='word_1_712' title='bbox 3040 3938 3132 3987; x_wconf 86' lang='grc' dir='ltr'><strong>καὶ</strong></span> <span class='ocrx_word' id='word_1_713' title='bbox 3157 3932 3225 3986; x_wconf 85' lang='grc' dir='ltr'>τὰ</span> <span class='ocrx_word' id='word_1_714' title='bbox 3240 3932 3440 4003; x_wconf 82' lang='grc' dir='ltr'>γενητὰ</span> <span class='ocrx_word' id='word_1_715' title='bbox 3470 3934 3608 4004; x_wconf 67' lang='lat' dir='ltr'><strong>(El),</strong></span> 
     </span>
    </p>
   </div>
   <div class='ocr_carea' id='block_1_87' title="bbox 2037 4018 3611 4096">
    <p class='ocr_par' dir='ltr' id='par_1_87' title="bbox 2037 4018 3611 4096">
     <span class='ocr_line' id='line_1_87' title="bbox 2037 4018 3611 4096; baseline 0.001 -20"><span class='ocrx_word' id='word_1_716' title='bbox 2037 4023 2123 4076; x_wconf 83' lang='grc' dir='ltr'><strong>ὅτε</strong></span> <span class='ocrx_word' id='word_1_717' title='bbox 2155 4022 2385 4092; x_wconf 75' lang='grc' dir='ltr'>ἠθέλησε</span> <span class='ocrx_word' id='word_1_718' title='bbox 2413 4022 2509 4075; x_wconf 73' lang='grc' dir='ltr'><strong>καὶ</strong></span> <span class='ocrx_word' id='word_1_719' title='bbox 2531 4022 2802 4087; x_wconf 83' lang='grc' dir='ltr'>λυσιτελὲς</span> <span class='ocrx_word' id='word_1_720' title='bbox 2822 4018 2890 4095; x_wconf 69' lang='grc' dir='ltr'>ἦν</span> <span class='ocrx_word' id='word_1_721' title='bbox 2920 4025 3121 4089; x_wconf 86' lang='grc' dir='ltr'>αὐτοῖς,</span> <span class='ocrx_word' id='word_1_722' title='bbox 3153 4025 3424 4096; x_wconf 77' lang='grc' dir='ltr'>ἐποίησεν.</span> <span class='ocrx_word' id='word_1_723' title='bbox 3472 4025 3531 4078; x_wconf 90' lang='grc'><strong>’0</strong></span> <span class='ocrx_word' id='word_1_724' title='bbox 3549 4026 3611 4078; x_wconf 85' lang='grc' dir='ltr'><strong>δέ</strong></span> 
     </span>
    </p>
   </div>
   <div class='ocr_carea' id='block_1_88' title="bbox 2038 4110 3612 4186">
    <p class='ocr_par' dir='ltr' id='par_1_88' title="bbox 2038 4110 3612 4186">
     <span class='ocr_line' id='line_1_88' title="bbox 2038 4110 3612 4186; baseline 0.003 -23"><span class='ocrx_word' id='word_1_725' title='bbox 2038 4128 2101 4181; x_wconf 87' lang='grc' dir='ltr'><strong>γε</strong></span> <span class='ocrx_word' id='word_1_726' title='bbox 2120 4111 2265 4174; x_wconf 83' lang='grc' dir='ltr'>Υἱὸς,</span> <span class='ocrx_word' id='word_1_727' title='bbox 2299 4113 2399 4164; x_wconf 84' lang='grc' dir='ltr'><strong>οὐκ</strong></span> <span class='ocrx_word' id='word_1_728' title='bbox 2430 4110 2503 4166; x_wconf 86' lang='grc' dir='ltr'>ὣν</span> <span class='ocrx_word' id='word_1_729' title='bbox 2538 4114 2748 4183; x_wconf 80' lang='grc' dir='ltr'>ποίημα</span> <span class='ocrx_word' id='word_1_730' title='bbox 2789 4113 2902 4167; x_wconf 80' lang='grc' dir='ltr'>ἀλλ’</span> <span class='ocrx_word' id='word_1_731' title='bbox 2946 4113 3074 4178; x_wconf 73' lang='grc' dir='ltr'>ἴδιος</span> <span class='ocrx_word' id='word_1_732' title='bbox 3115 4114 3226 4185; x_wconf 75' lang='lat'><strong>(2‘2)</strong></span> <span class='ocrx_word' id='word_1_733' title='bbox 3273 4115 3371 4186; x_wconf 79' lang='grc' dir='ltr'>τῆς</span> <span class='ocrx_word' id='word_1_734' title='bbox 3422 4115 3612 4179; x_wconf 79' lang='grc' dir='ltr'>οὐσίας</span> 
     </span>
    </p>
   </div>
   <div class='ocr_carea' id='block_1_89' title="bbox 2037 4203 3612 4278">
    <p class='ocr_par' dir='ltr' id='par_1_89' title="bbox 2037 4203 3612 4278">
     <span class='ocr_line' id='line_1_89' title="bbox 2037 4203 3612 4278; baseline 0.003 -22"><span class='ocrx_word' id='word_1_735' title='bbox 2037 4203 2131 4256; x_wconf 79' lang='grc' dir='ltr'>τοῦ</span> <span class='ocrx_word' id='word_1_736' title='bbox 2162 4204 2393 4273; x_wconf 77' lang='grc' dir='ltr'>Πατρὸς,</span> <span class='ocrx_word' id='word_1_737' title='bbox 2414 4204 2501 4257; x_wconf 77' lang='grc' dir='ltr'>ἀεὶ</span> <span class='ocrx_word' id='word_1_738' title='bbox 2525 4203 2688 4260; x_wconf 77' lang='grc' dir='ltr'>ἐστιν’</span> <span class='ocrx_word' id='word_1_739' title='bbox 2717 4206 2806 4260; x_wconf 76' lang='grc' dir='ltr'>ἀεὶ</span> <span class='ocrx_word' id='word_1_740' title='bbox 2828 4206 2935 4277; x_wconf 89' lang='grc' dir='ltr'>γὰρ</span> <span class='ocrx_word' id='word_1_741' title='bbox 2967 4206 3117 4269; x_wconf 72' lang='grc' dir='ltr'>ὄντος</span> <span class='ocrx_word' id='word_1_742' title='bbox 3147 4205 3238 4259; x_wconf 76' lang='grc' dir='ltr'>τοῦ</span> <span class='ocrx_word' id='word_1_743' title='bbox 3266 4206 3497 4278; x_wconf 89' lang='grc' dir='ltr'>Πατρὸς,</span> <span class='ocrx_word' id='word_1_744' title='bbox 3524 4208 3612 4261; x_wconf 77' lang='grc' dir='ltr'>ἀεὶ</span> 
     </span>
    </p>
   </div>
   <div class='ocr_carea' id='block_1_90' title="bbox 2041 4280 3613 4370">
    <p class='ocr_par' dir='ltr' id='par_1_90' title="bbox 2041 4280 3613 4370">
     <span class='ocr_line' id='line_1_90' title="bbox 2041 4280 3613 4370; baseline 0.003 -22"><span class='ocrx_word' id='word_1_745' title='bbox 2041 4290 2179 4349; x_wconf 76' lang='grc' dir='ltr'>εἶναι</span> <span class='ocrx_word' id='word_1_746' title='bbox 2211 4295 2290 4348; x_wconf 88' lang='grc' dir='ltr'><strong>δεῖ</strong></span> <span class='ocrx_word' id='word_1_747' title='bbox 2311 4295 2403 4349; x_wconf 71' lang='grc' dir='ltr'><strong>καὶ</strong></span> <span class='ocrx_word' id='word_1_748' title='bbox 2435 4294 2494 4349; x_wconf 82' lang='grc' dir='ltr'><strong>τὸ</strong></span> <span class='ocrx_word' id='word_1_749' title='bbox 2521 4295 2649 4349; x_wconf 76' lang='grc' dir='ltr'>ἴδιον</span> <span class='ocrx_word' id='word_1_750' title='bbox 2670 4296 2768 4367; x_wconf 79' lang='grc' dir='ltr'>τῆς</span> <span class='ocrx_word' id='word_1_751' title='bbox 2802 4297 2988 4361; x_wconf 78' lang='grc' dir='ltr'>οὐσίας</span> <span class='ocrx_word' id='word_1_752' title='bbox 3023 4297 3210 4361; x_wconf 81' lang='grc' dir='ltr'>αὐτοῦ,</span> <span class='ocrx_word' id='word_1_753' title='bbox 3240 4300 3375 4370; x_wconf 84' lang='grc' dir='ltr'>ὅπερ</span> <span class='ocrx_word' id='word_1_754' title='bbox 3404 4280 3562 4353; x_wconf 59' lang='grc' dir='ltr'>ἐστὶν</span> <span class='ocrx_word' id='word_1_755' title='bbox 3581 4302 3613 4353; x_wconf 89' lang='lat'><strong>6</strong></span> 
     </span>
    </p>
   </div>
   <div class='ocr_carea' id='block_1_91' title="bbox 382 4375 1926 4460">
    <p class='ocr_par' dir='ltr' id='par_1_91' title="bbox 382 4375 1926 4454">
     <span class='ocr_line' id='line_1_91' title="bbox 382 4375 1926 4454; baseline -0.001 -17"><span class='ocrx_word' id='word_1_756' title='bbox 382 4375 601 4454; x_wconf 89' lang='lat' dir='ltr'><strong>quoque</strong></span> <span class='ocrx_word' id='word_1_757' title='bbox 649 4399 770 4439; x_wconf 90' lang='lat' dir='ltr'><strong>esse</strong></span> <span class='ocrx_word' id='word_1_758' title='bbox 814 4390 1027 4453; x_wconf 90' lang='lat' dir='ltr'><strong>oportet</strong></span> <span class='ocrx_word' id='word_1_759' title='bbox 1069 4383 1214 4453; x_wconf 90' lang='lat' dir='ltr'><strong>quod</strong></span> <span class='ocrx_word' id='word_1_760' title='bbox 1267 4384 1389 4453; x_wconf 88' lang='lat' dir='ltr'><strong>ejus</strong></span> <span class='ocrx_word' id='word_1_761' title='bbox 1442 4391 1649 4437; x_wconf 70' lang='lat' dir='ltr'><strong>natura:</strong></span> <span class='ocrx_word' id='word_1_762' title='bbox 1696 4393 1780 4437; x_wconf 91' lang='lat' dir='ltr'><strong>est</strong></span> <span class='ocrx_word' id='word_1_763' title='bbox 1816 4397 1926 4452; x_wconf 80' lang='lat' dir='ltr'><strong>pro</strong></span> 
     </span>
    </p>
   </div>
   <div class='ocr_carea' id='block_1_92' title="bbox 2032 4375 3614 4460">
    <p class='ocr_par' dir='ltr' id='par_1_92' title="bbox 2048 4386 3614 4460">
     <span class='ocr_line' id='line_1_92' title="bbox 2048 4386 3614 4460; baseline 0.003 -19"><span class='ocrx_word' id='word_1_764' title='bbox 2048 4388 2219 4456; x_wconf 85' lang='grc' dir='ltr'>Λόγος</span> <span class='ocrx_word' id='word_1_765' title='bbox 2249 4386 2413 4442; x_wconf 80' lang='grc' dir='ltr'>αὐτοῦ</span> <span class='ocrx_word' id='word_1_766' title='bbox 2477 4389 2632 4460; x_wconf 73' lang='grc' dir='ltr'>καὶὴ</span> <span class='ocrx_word' id='word_1_767' title='bbox 2670 4388 2850 4458; x_wconf 87' lang='grc' dir='ltr'>σοφία.</span> <span class='ocrx_word' id='word_1_768' title='bbox 2899 4389 3009 4442; x_wconf 75' lang='grc' dir='ltr'>Καὶ</span> <span class='ocrx_word' id='word_1_769' title='bbox 3067 4387 3134 4442; x_wconf 84' lang='grc' dir='ltr'>τὰ</span> <span class='ocrx_word' id='word_1_770' title='bbox 3188 4390 3285 4460; x_wconf 80' lang='grc' dir='ltr'><strong>μὲν</strong></span> <span class='ocrx_word' id='word_1_771' title='bbox 3333 4390 3614 4459; x_wconf 64' lang='grc' dir='ltr'>κτίσμα-ια</span> 
     </span>
    </p>
   </div>
   <div class='ocr_carea' id='block_1_93' title="bbox 452 4516 1587 4583">
    <p class='ocr_par' dir='ltr' id='par_1_93' title="bbox 452 4516 1587 4583">
     <span class='ocr_line' id='line_1_93' title="bbox 452 4516 1587 4583; baseline -0.002 -10"><span class='ocrx_word' id='word_1_772' title='bbox 452 4520 499 4551; x_wconf 82' lang='grc'><strong>⁷⁸</strong></span> <span class='ocrx_word' id='word_1_773' title='bbox 543 4518 701 4573; x_wconf 82' lang='lat' dir='ltr'><strong>Rom.</strong></span> <span class='ocrx_word' id='word_1_774' title='bbox 745 4534 822 4582; x_wconf 69' lang='grc' dir='ltr'>ιι,</span> <span class='ocrx_word' id='word_1_775' title='bbox 872 4517 963 4573; x_wconf 71' lang='grc'><strong>54.</strong></span> <span class='ocrx_word' id='word_1_776' title='bbox 1050 4518 1095 4551; x_wconf 89' lang='grc'><strong>⁷⁷</strong></span> <span class='ocrx_word' id='word_1_777' title='bbox 1153 4516 1312 4572; x_wconf 82' lang='lat' dir='ltr'><strong>Rom.</strong></span> <span class='ocrx_word' id='word_1_778' title='bbox 1358 4532 1439 4583; x_wconf 76' lang='lat' dir='ltr'><strong>rx,</strong></span> <span class='ocrx_word' id='word_1_779' title='bbox 1495 4516 1587 4571; x_wconf 75' lang='lat'><strong>20.</strong></span> 
     </span>
    </p>
   </div>
   <div class='ocr_carea' id='block_1_94' title="bbox 485 4679 1176 4750">
    <p class='ocr_par' dir='ltr' id='par_1_94' title="bbox 485 4679 1176 4750">
     <span class='ocr_line' id='line_1_94' title="bbox 485 4679 1176 4750; baseline -0.004 -15"><span class='ocrx_word' id='word_1_780' title='bbox 485 4680 565 4750; x_wconf 67' lang='lat' dir='ltr'><strong>l2)</strong></span> <span class='ocrx_word' id='word_1_781' title='bbox 607 4680 915 4736; x_wconf 78' lang='lat' dir='ltr'><strong>Felckman.</strong></span> <span class='ocrx_word' id='word_1_782' title='bbox 936 4680 989 4746; x_wconf 82' lang='lat'><strong>5,</strong></span> <span class='ocrx_word' id='word_1_783' title='bbox 1017 4679 1176 4750; x_wconf 73' lang='grc' dir='ltr'>αὐτη.</span> 
     </span>
    </p>
   </div>
   <div class='ocr_carea' id='block_1_95' title="bbox 456 4680 1944 4825">
    <p class='ocr_par' dir='ltr' id='par_1_95' title="bbox 456 4680 1944 4825">
     <span class='ocr_line' id='line_1_95' title="bbox 485 4680 1176 4750; baseline -0.004 -15"><span class='ocrx_word' id='word_1_784' title='bbox 485 4680 565 4750; x_wconf 67' lang='lat' dir='ltr'><strong>l2)</strong></span> <span class='ocrx_word' id='word_1_785' title='bbox 607 4680 915 4736; x_wconf 78' lang='lat' dir='ltr'><strong>Felckman.</strong></span> <span class='ocrx_word' id='word_1_786' title='bbox 936 4680 989 4746; x_wconf 82' lang='lat'><strong>5,</strong></span> <span class='ocrx_word' id='word_1_787' title='bbox 1017 4680 1176 4750; x_wconf 81' lang='grc' dir='ltr'>αὓτη.</span> 
     </span>
     <span class='ocr_line' id='line_1_96' title="bbox 456 4680 1944 4825; baseline -0.001 -21"><span class='ocrx_word' id='word_1_788' title='bbox 456 4680 566 4825; x_wconf 72' lang='grc'>(15)</span> <span class='ocrx_word' id='word_1_789' title='bbox 610 4752 699 4805; x_wconf 86' lang='lat' dir='ltr'><strong>Sic</strong></span> <span class='ocrx_word' id='word_1_790' title='bbox 730 4754 954 4825; x_wconf 79' lang='lat' dir='ltr'><strong>Seguer.</strong></span> <span class='ocrx_word' id='word_1_791' title='bbox 985 4760 1036 4804; x_wconf 88' lang='lat' dir='ltr'><strong>et</strong></span> <span class='ocrx_word' id='word_1_792' title='bbox 1065 4748 1192 4825; x_wconf 74' lang='lat' dir='ltr'><strong>Reg.</strong></span> <span class='ocrx_word' id='word_1_793' title='bbox 1222 4748 1382 4825; x_wconf 77' lang='lat' dir='ltr'><strong>Editi.</strong></span> <span class='ocrx_word' id='word_1_794' title='bbox 1409 4749 1568 4825; x_wconf 75' lang='grc' dir='ltr'>καλὸν</span> <span class='ocrx_word' id='word_1_795' title='bbox 1593 4751 1685 4825; x_wconf 76' lang='grc' dir='ltr'><strong>καὶ</strong></span> <span class='ocrx_word' id='word_1_796' title='bbox 1703 4750 1762 4825; x_wconf 73' lang='grc' dir='ltr'><strong>τὸ</strong></span> <span class='ocrx_word' id='word_1_797' title='bbox 1786 4747 1944 4825; x_wconf 76' lang='grc' dir='ltr'>εἶναι.</span> 
     </span>
    </p>
   </div>
   <div class='ocr_carea' id='block_1_96' title="bbox 383 4820 1947 4891">
    <p class='ocr_par' dir='ltr' id='par_1_96' title="bbox 383 4820 1947 4891">
     <span class='ocr_line' id='line_1_97' title="bbox 383 4820 1947 4891; baseline -0.001 -15"><span class='ocrx_word' id='word_1_798' title='bbox 383 4820 554 4876; x_wconf 75' lang='lat' dir='ltr'><strong>Paulo</strong></span> <span class='ocrx_word' id='word_1_799' title='bbox 594 4831 714 4890; x_wconf 86' lang='lat' dir='ltr'><strong>post</strong></span> <span class='ocrx_word' id='word_1_800' title='bbox 749 4820 996 4890; x_wconf 76' lang='lat' dir='ltr'><strong>seguer..</strong></span> <span class='ocrx_word' id='word_1_801' title='bbox 1034 4822 1187 4891; x_wconf 77' lang='grc' dir='ltr'>φησὶ,</span> <span class='ocrx_word' id='word_1_802' title='bbox 1206 4820 1324 4891; x_wconf 54' lang='lat' dir='ltr'><strong>grai.</strong></span> <span class='ocrx_word' id='word_1_803' title='bbox 1347 4820 1434 4872; x_wconf 78' lang='grc' dir='ltr'><strong>ἀεὶ</strong></span> <span class='ocrx_word' id='word_1_804' title='bbox 1476 4822 1717 4891; x_wconf 51' lang='grc' dir='ltr'>ποιητής</span> <span class='ocrx_word' id='word_1_805' title='bbox 1745 4822 1947 4891; x_wconf 15' lang='grc' dir='ltr'>ἐστινγό</span> 
     </span>
    </p>
   </div>
   <div class='ocr_carea' id='block_1_97' title="bbox 386 4887 1946 4958">
    <p class='ocr_par' dir='ltr' id='par_1_97' title="bbox 386 4887 1946 4958">
     <span class='ocr_line' id='line_1_98' title="bbox 386 4887 1946 4958; baseline -0.003 -12"><span class='ocrx_word' id='word_1_806' title='bbox 386 4892 535 4955; x_wconf 86' lang='grc' dir='ltr'>Θεὸς,</span> <span class='ocrx_word' id='word_1_807' title='bbox 572 4887 665 4945; x_wconf 74' lang='grc' dir='ltr'><strong>καὶ</strong></span> <span class='ocrx_word' id='word_1_808' title='bbox 698 4891 799 4943; x_wconf 90' lang='grc' dir='ltr'><strong>οὐκ</strong></span> <span class='ocrx_word' id='word_1_809' title='bbox 824 4887 1158 4958; x_wconf 60' lang='grc' dir='ltr'>ἐπιγέγονεν.</span> <span class='ocrx_word' id='word_1_810' title='bbox 1193 4887 1410 4944; x_wconf 73' lang='lat' dir='ltr'><strong>Gobler.</strong></span> <span class='ocrx_word' id='word_1_811' title='bbox 1443 4900 1497 4945; x_wconf 87' lang='lat' dir='ltr'><strong>et</strong></span> <span class='ocrx_word' id='word_1_812' title='bbox 1533 4888 1574 4942; x_wconf 91' lang='lat' dir='ltr'><strong>F</strong></span> <span class='ocrx_word' id='word_1_813' title='bbox 1577 4887 1674 4943; x_wconf 63' lang='lat' dir='ltr'><strong>ac;</strong></span> <span class='ocrx_word' id='word_1_814' title='bbox 1698 4889 1749 4953; x_wconf 93' lang='grc'>1,</span> <span class='ocrx_word' id='word_1_815' title='bbox 1795 4890 1946 4958; x_wconf 73' lang='grc' dir='ltr'>φασὶ,</span> 
     </span>
    </p>
   </div>
   <div class='ocr_carea' id='block_1_98' title="bbox 387 4955 1950 5030">
    <p class='ocr_par' dir='ltr' id='par_1_98' title="bbox 387 4955 1950 5030">
     <span class='ocr_line' id='line_1_99' title="bbox 387 4955 1950 5030; baseline -0.002 -16"><span class='ocrx_word' id='word_1_816' title='bbox 387 4964 480 5014; x_wconf 76' lang='grc' dir='ltr'>καὶ</span> <span class='ocrx_word' id='word_1_817' title='bbox 505 4962 645 5030; x_wconf 62' lang='lat' dir='ltr'><strong>dit-:16</strong></span> <span class='ocrx_word' id='word_1_818' title='bbox 686 4960 815 5023; x_wconf 89' lang='grc' dir='ltr'>Θεὸς</span> <span class='ocrx_word' id='word_1_819' title='bbox 849 4955 1167 5030; x_wconf 66' lang='grc' dir='ltr'>ἦν’ποιητὴς</span> <span class='ocrx_word' id='word_1_820' title='bbox 1202 4959 1295 5030; x_wconf 65' lang='grc' dir='ltr'>κα).</span> <span class='ocrx_word' id='word_1_821' title='bbox 1322 4958 1457 5030; x_wconf 66' lang='grc' dir='ltr'>ἐστι,</span> <span class='ocrx_word' id='word_1_822' title='bbox 1490 4960 1581 5013; x_wconf 75' lang='grc' dir='ltr'><strong>καὶ</strong></span> <span class='ocrx_word' id='word_1_823' title='bbox 1622 4960 1720 5012; x_wconf 88' lang='grc' dir='ltr'><strong>οὐκ</strong></span> <span class='ocrx_word' id='word_1_824' title='bbox 1766 4955 1950 5030; x_wconf 64' lang='grc' dir='ltr'>ὲὲτιγέ-</span> 
     </span>
    </p>
   </div>
   <div class='ocr_carea' id='block_1_99' title="bbox 391 5027 1947 5100">
    <p class='ocr_par' dir='ltr' id='par_1_99' title="bbox 391 5027 1947 5100">
     <span class='ocr_line' id='line_1_100' title="bbox 391 5027 1947 5100; baseline -0.001 -17"><span class='ocrx_word' id='word_1_825' title='bbox 391 5047 564 5100; x_wconf 80' lang='grc' dir='ltr'>γονεν.</span> <span class='ocrx_word' id='word_1_826' title='bbox 581 5029 735 5100; x_wconf 73' lang='lat' dir='ltr'><strong>Reg.,</strong></span> <span class='ocrx_word' id='word_1_827' title='bbox 758 5027 911 5099; x_wconf 74' lang='grc' dir='ltr'>φησὶ,</span> <span class='ocrx_word' id='word_1_828' title='bbox 935 5030 1029 5083; x_wconf 78' lang='grc' dir='ltr'>καὶ</span> <span class='ocrx_word' id='word_1_829' title='bbox 1045 5027 1178 5100; x_wconf 58' lang='grc' dir='ltr'>ἀεὶίὸ</span> <span class='ocrx_word' id='word_1_830' title='bbox 1202 5027 1333 5092; x_wconf 85' lang='grc' dir='ltr'>Θεὸς</span> <span class='ocrx_word' id='word_1_831' title='bbox 1360 5027 1425 5100; x_wconf 77' lang='grc' dir='ltr'>ἦν</span> <span class='ocrx_word' id='word_1_832' title='bbox 1447 5030 1673 5100; x_wconf 82' lang='grc' dir='ltr'>ποιητὴς</span> <span class='ocrx_word' id='word_1_833' title='bbox 1695 5030 1788 5100; x_wconf 68' lang='grc' dir='ltr'>καὶ</span> <span class='ocrx_word' id='word_1_834' title='bbox 1812 5027 1947 5100; x_wconf 65' lang='grc' dir='ltr'>ἐστι,</span> 
     </span>
    </p>
   </div>
   <div class='ocr_carea' id='block_1_100' title="bbox 388 5094 1948 5169">
    <p class='ocr_par' dir='ltr' id='par_1_100' title="bbox 388 5094 1948 5169">
     <span class='ocr_line' id='line_1_101' title="bbox 388 5094 1948 5169; baseline -0.001 -17"><span class='ocrx_word' id='word_1_835' title='bbox 388 5094 481 5153; x_wconf 71' lang='grc' dir='ltr'>καὶ</span> <span class='ocrx_word' id='word_1_836' title='bbox 508 5099 630 5153; x_wconf 80' lang='grc' dir='ltr'>οὐτε</span> <span class='ocrx_word' id='word_1_837' title='bbox 662 5094 1015 5169; x_wconf 69' lang='grc' dir='ltr'>’ἐπιγέγονεν.</span> <span class='ocrx_word' id='word_1_838' title='bbox 1059 5098 1225 5169; x_wconf 81' lang='lat' dir='ltr'><strong>Editi,</strong></span> <span class='ocrx_word' id='word_1_839' title='bbox 1275 5094 1473 5169; x_wconf 69' lang='grc' dir='ltr'>φασὶν,</span> <span class='ocrx_word' id='word_1_840' title='bbox 1498 5094 1601 5169; x_wconf 63' lang='grc' dir='ltr'>ἀεῖ</span> <span class='ocrx_word' id='word_1_841' title='bbox 1627 5094 1656 5153; x_wconf 84' lang='lat'><strong>6</strong></span> <span class='ocrx_word' id='word_1_842' title='bbox 1704 5094 1948 5169; x_wconf 61' lang='lat' dir='ltr'><strong>Babgjv</strong></span> 
     </span>
    </p>
   </div>
   <div class='ocr_carea' id='block_1_101' title="bbox 390 5167 1949 5293">
    <p class='ocr_par' dir='ltr' id='par_1_101' title="bbox 390 5167 1949 5293">
     <span class='ocr_line' id='line_1_102' title="bbox 390 5167 1949 5257; baseline 0.001 -36"><span class='ocrx_word' id='word_1_843' title='bbox 390 5169 614 5238; x_wconf 65' lang='grc' dir='ltr'>ποιητῦπς</span> <span class='ocrx_word' id='word_1_844' title='bbox 643 5171 736 5222; x_wconf 80' lang='grc' dir='ltr'>καὶ</span> <span class='ocrx_word' id='word_1_845' title='bbox 769 5171 903 5231; x_wconf 74' lang='grc' dir='ltr'>ἔστι,</span> <span class='ocrx_word' id='word_1_846' title='bbox 928 5168 1050 5222; x_wconf 74' lang='grc' dir='ltr'>οὔτε</span> <span class='ocrx_word' id='word_1_847' title='bbox 1068 5167 1550 5249; x_wconf 38' lang='grc' dir='ltr'>ὲπιγέγονενκμοχ</span> <span class='ocrx_word' id='word_1_848' title='bbox 1583 5168 1807 5257; x_wconf 56' lang='grc' dir='ltr'>Βεευεν.</span> <span class='ocrx_word' id='word_1_849' title='bbox 1835 5167 1949 5223; x_wconf 80' lang='lat' dir='ltr'><strong>Go-</strong></span> 
     </span>
     <span class='ocr_line' id='line_1_103' title="bbox 391 5217 1735 5293; baseline -0.001 -1"><span class='ocrx_word' id='word_1_850' title='bbox 391 5238 525 5293; x_wconf 76' lang='lat' dir='ltr'><strong>bler.</strong></span> <span class='ocrx_word' id='word_1_851' title='bbox 555 5217 696 5292; x_wconf 60' lang='lat' dir='ltr'><strong>Felc.</strong></span> <span class='ocrx_word' id='word_1_852' title='bbox 727 5240 747 5292; x_wconf 86' lang='lat' dir='ltr'><strong>l</strong></span> <span class='ocrx_word' id='word_1_853' title='bbox 776 5248 830 5292; x_wconf 91' lang='lat' dir='ltr'><strong>et</strong></span> <span class='ocrx_word' id='word_1_854' title='bbox 861 5239 1014 5293; x_wconf 66' lang='grc' dir='ltr'>Ιὶρει..</span> <span class='ocrx_word' id='word_1_855' title='bbox 1047 5236 1135 5293; x_wconf 79' lang='grc' dir='ltr'><strong>ἆρ’</strong></span> <span class='ocrx_word' id='word_1_856' title='bbox 1169 5234 1280 5292; x_wconf 86' lang='grc' dir='ltr'>οὖν.</span> <span class='ocrx_word' id='word_1_857' title='bbox 1322 5237 1489 5293; x_wconf 79' lang='lat' dir='ltr'><strong>Etim.</strong></span> <span class='ocrx_word' id='word_1_858' title='bbox 1514 5238 1599 5293; x_wconf 80' lang='grc' dir='ltr'><strong>ἄρ’</strong></span> <span class='ocrx_word' id='word_1_859' title='bbox 1623 5255 1735 5293; x_wconf 90' lang='grc' dir='ltr'>ουν.</span> 
     </span>
    </p>
   </div>
   <div class='ocr_carea' id='block_1_102' title="bbox 463 5256 1940 5378">
    <p class='ocr_par' dir='ltr' id='par_1_102' title="bbox 463 5256 1940 5378">
     <span class='ocr_line' id='line_1_104' title="bbox 463 5256 1735 5310; baseline -0.002 -17"><span class='ocrx_word' id='word_1_860' title='bbox 463 5256 525 5293; x_wconf 71' lang='lat' dir='ltr'><strong>3r.</strong></span> <span class='ocrx_word' id='word_1_861' title='bbox 555 5256 696 5292; x_wconf 79' lang='lat' dir='ltr'><strong>relc.</strong></span> <span class='ocrx_word' id='word_1_862' title='bbox 727 5256 747 5292; x_wconf 88' lang='grc' dir='ltr'><strong>ι</strong></span> <span class='ocrx_word' id='word_1_863' title='bbox 776 5256 830 5292; x_wconf 83' lang='lat' dir='ltr'><strong>et</strong></span> <span class='ocrx_word' id='word_1_864' title='bbox 861 5256 1014 5307; x_wconf 60' lang='grc' dir='ltr'><strong>ἤρθη</strong></span> <span class='ocrx_word' id='word_1_865' title='bbox 1047 5256 1133 5310; x_wconf 91' lang='grc' dir='ltr'><strong>αρ</strong></span> <span class='ocrx_word' id='word_1_866' title='bbox 1169 5256 1280 5292; x_wconf 85' lang='grc' dir='ltr'>ουν.</span> <span class='ocrx_word' id='word_1_867' title='bbox 1322 5256 1489 5304; x_wconf 71' lang='lat' dir='ltr'><strong>nutu,</strong></span> <span class='ocrx_word' id='word_1_868' title='bbox 1514 5256 1598 5310; x_wconf 79' lang='grc' dir='ltr'>αρ’</span> <span class='ocrx_word' id='word_1_869' title='bbox 1623 5256 1735 5293; x_wconf 83' lang='grc' dir='ltr'>ουν.</span> 
     </span>
     <span class='ocr_line' id='line_1_105' title="bbox 463 5306 1940 5378; baseline -0.001 -18"><span class='ocrx_word' id='word_1_870' title='bbox 463 5308 577 5378; x_wconf 72' lang='grc'>(14)</span> <span class='ocrx_word' id='word_1_871' title='bbox 612 5307 703 5361; x_wconf 89' lang='lat' dir='ltr'><strong>Sic</strong></span> <span class='ocrx_word' id='word_1_872' title='bbox 758 5308 978 5378; x_wconf 76' lang='lat' dir='ltr'><strong>Segucr.</strong></span> <span class='ocrx_word' id='word_1_873' title='bbox 1036 5308 1173 5378; x_wconf 80' lang='lat' dir='ltr'><strong>Edili</strong></span> <span class='ocrx_word' id='word_1_874' title='bbox 1220 5324 1367 5374; x_wconf 84' lang='lat' dir='ltr'><strong>vero,</strong></span> <span class='ocrx_word' id='word_1_875' title='bbox 1412 5319 1476 5378; x_wconf 13' lang='lat' dir='ltr'><strong>ret</strong></span> <span class='ocrx_word' id='word_1_876' title='bbox 1522 5311 1634 5374; x_wconf 85' lang='lat' dir='ltr'><strong>alii,</strong></span> <span class='ocrx_word' id='word_1_877' title='bbox 1685 5306 1940 5377; x_wconf 79' lang='grc' dir='ltr'>γεννηθῇ.</span> 
     </span>
    </p>
   </div>
   <div class='ocr_carea' id='block_1_103' title="bbox 393 5375 1941 5450">
    <p class='ocr_par' dir='ltr' id='par_1_103' title="bbox 393 5375 1941 5450">
     <span class='ocr_line' id='line_1_106' title="bbox 393 5375 1941 5450; baseline -0.003 -17"><span class='ocrx_word' id='word_1_878' title='bbox 393 5375 799 5450; x_wconf 19' lang='grc' dir='ltr'><strong>Ῑδξιιζδεελυενη</strong></span> <span class='ocrx_word' id='word_1_879' title='bbox 816 5376 1044 5450; x_wconf 65' lang='lat' dir='ltr'><strong>_Goliler.</strong></span> <span class='ocrx_word' id='word_1_880' title='bbox 1062 5388 1115 5433; x_wconf 89' lang='lat' dir='ltr'><strong>et</strong></span> <span class='ocrx_word' id='word_1_881' title='bbox 1134 5377 1276 5431; x_wconf 87' lang='lat' dir='ltr'><strong>Felc.</strong></span> <span class='ocrx_word' id='word_1_882' title='bbox 1310 5379 1362 5440; x_wconf 89' lang='grc'>1,</span> <span class='ocrx_word' id='word_1_883' title='bbox 1389 5377 1620 5450; x_wconf 75' lang='grc' dir='ltr'>ἄφρονες</span> <span class='ocrx_word' id='word_1_884' title='bbox 1650 5375 1707 5431; x_wconf 81' lang='grc' dir='ltr'>οἶ</span> <span class='ocrx_word' id='word_1_885' title='bbox 1735 5375 1941 5449; x_wconf 72' lang='grc' dir='ltr'>Ἀρειάζ-</span> 
     </span>
    </p>
   </div>
   <div class='ocr_carea' id='block_1_104' title="bbox 392 5446 1458 5519">
    <p class='ocr_par' dir='ltr' id='par_1_104' title="bbox 392 5446 1458 5519">
     <span class='ocr_line' id='line_1_107' title="bbox 392 5446 1458 5519; baseline -0.006 -14"><span class='ocrx_word' id='word_1_886' title='bbox 392 5446 491 5519; x_wconf 68' lang='lat' dir='ltr'><strong>vol.</strong></span> <span class='ocrx_word' id='word_1_887' title='bbox 528 5447 671 5519; x_wconf 53' lang='lat' dir='ltr'><strong>ﬁdit}</strong></span> <span class='ocrx_word' id='word_1_888' title='bbox 700 5448 892 5519; x_wconf 15' lang='lat' dir='ltr'><strong>etialii,</strong></span> <span class='ocrx_word' id='word_1_889' title='bbox 918 5448 1144 5518; x_wconf 81' lang='grc' dir='ltr'>ἄφρονες</span> <span class='ocrx_word' id='word_1_890' title='bbox 1166 5446 1458 5519; x_wconf 15' lang='grc' dir='ltr'>νἈρειανοί.</span> 
     </span>
    </p>
   </div>
   <div class='ocr_carea' id='block_1_105' title="bbox 467 5516 1949 5589">
    <p class='ocr_par' dir='ltr' id='par_1_105' title="bbox 467 5516 1949 5589">
     <span class='ocr_line' id='line_1_108' title="bbox 467 5516 1949 5589; baseline -0.002 -17"><span class='ocrx_word' id='word_1_891' title='bbox 467 5516 579 5589; x_wconf 79' lang='grc'>(15)</span> <span class='ocrx_word' id='word_1_892' title='bbox 622 5516 712 5572; x_wconf 88' lang='lat' dir='ltr'><strong>Sic</strong></span> <span class='ocrx_word' id='word_1_893' title='bbox 745 5516 973 5588; x_wconf 77' lang='lat' dir='ltr'><strong>Seguer.</strong></span> <span class='ocrx_word' id='word_1_894' title='bbox 997 5516 1077 5571; x_wconf 41' lang='lat' dir='ltr'><strong>‘At</strong></span> <span class='ocrx_word' id='word_1_895' title='bbox 1108 5518 1197 5572; x_wconf 85' lang='lat' dir='ltr'><strong>alii</strong></span> <span class='ocrx_word' id='word_1_896' title='bbox 1240 5516 1302 5572; x_wconf 85' lang='lat' dir='ltr'><strong>et</strong></span> <span class='ocrx_word' id='word_1_897' title='bbox 1337 5518 1491 5583; x_wconf 89' lang='lat' dir='ltr'><strong>editi,</strong></span> <span class='ocrx_word' id='word_1_898' title='bbox 1531 5516 1949 5589; x_wconf 83' lang='grc' dir='ltr'>δημιουργημά-</span> 
     </span>
    </p>
   </div>
   <div class='ocr_carea' id='block_1_106' title="bbox 394 5602 1948 5730">
    <p class='ocr_par' dir='ltr' id='par_1_106' title="bbox 394 5602 1948 5730">
     <span class='ocr_line' id='line_1_109' title="bbox 394 5602 1948 5730; baseline 0 -20"><span class='ocrx_word' id='word_1_899' title='bbox 394 5602 579 5728; x_wconf 55' lang='grc' dir='ltr'><strong>τωῖίϐ)</strong></span> <span class='ocrx_word' id='word_1_900' title='bbox 619 5656 767 5730; x_wconf 68' lang='lat' dir='ltr'><strong>Seg.,</strong></span> <span class='ocrx_word' id='word_1_901' title='bbox 799 5655 1017 5714; x_wconf 85' lang='lat' dir='ltr'><strong>Gobler.</strong></span> <span class='ocrx_word' id='word_1_902' title='bbox 1053 5666 1107 5713; x_wconf 87' lang='lat' dir='ltr'><strong>et</strong></span> <span class='ocrx_word' id='word_1_903' title='bbox 1147 5656 1291 5713; x_wconf 83' lang='lat' dir='ltr'><strong>Felc.</strong></span> <span class='ocrx_word' id='word_1_904' title='bbox 1323 5657 1375 5725; x_wconf 88' lang='grc'>1,</span> <span class='ocrx_word' id='word_1_905' title='bbox 1425 5657 1679 5729; x_wconf 85' lang='grc' dir='ltr'>ἀῖδιότης.</span> <span class='ocrx_word' id='word_1_906' title='bbox 1709 5654 1797 5728; x_wconf 64' lang='grc'>11).</span> <span class='ocrx_word' id='word_1_907' title='bbox 1821 5655 1948 5713; x_wconf 84' lang='lat' dir='ltr'><strong>editi</strong></span> 
     </span>
    </p>
   </div>
   <div class='ocr_carea' id='block_1_107' title="bbox 2052 4681 3616 4753">
    <p class='ocr_par' dir='ltr' id='par_1_107' title="bbox 2052 4681 3616 4753">
     <span class='ocr_line' id='line_1_110' title="bbox 2052 4681 3616 4753; baseline 0.001 -16"><span class='ocrx_word' id='word_1_908' title='bbox 2052 4681 2405 4753; x_wconf 12' lang='lat' dir='ltr'><strong>addunt,rixal</strong></span> <span class='ocrx_word' id='word_1_909' title='bbox 2430 4682 2531 4752; x_wconf 85' lang='grc' dir='ltr'><strong>τῆς</strong></span> <span class='ocrx_word' id='word_1_910' title='bbox 2567 4681 3033 4753; x_wconf 8' lang='grc' dir='ltr'>οὐσίαςγγέννημά</span> <span class='ocrx_word' id='word_1_911' title='bbox 3065 4683 3203 4746; x_wconf 77' lang='grc' dir='ltr'>ἐστι,</span> <span class='ocrx_word' id='word_1_912' title='bbox 3248 4699 3368 4752; x_wconf 74' lang='lat' dir='ltr'><strong>qua:</strong></span> <span class='ocrx_word' id='word_1_913' title='bbox 3412 4695 3616 4739; x_wconf 88' lang='lat' dir='ltr'><strong>aosunt</strong></span> 
     </span>
    </p>
   </div>
   <div class='ocr_carea' id='block_1_108' title="bbox 2051 4751 2837 4807">
    <p class='ocr_par' dir='ltr' id='par_1_108' title="bbox 2051 4751 2837 4807">
     <span class='ocr_line' id='line_1_111' title="bbox 2051 4751 2837 4807; baseline -0.001 -1"><span class='ocrx_word' id='word_1_914' title='bbox 2051 4752 2120 4807; x_wconf 83' lang='lat' dir='ltr'><strong>ab</strong></span> <span class='ocrx_word' id='word_1_915' title='bbox 2154 4752 2407 4806; x_wconf 89' lang='lat' dir='ltr'><strong>omnibus</strong></span> <span class='ocrx_word' id='word_1_916' title='bbox 2435 4751 2837 4807; x_wconf 83' lang='lat' dir='ltr'><strong>manuscriutis.</strong></span> 
     </span>
    </p>
   </div>
   <div class='ocr_carea' id='block_1_109' title="bbox 2148 4819 3020 4891">
    <p class='ocr_par' dir='ltr' id='par_1_109' title="bbox 2148 4819 3020 4891">
     <span class='ocr_line' id='line_1_112' title="bbox 2148 4819 3020 4891; baseline 0 -17"><span class='ocrx_word' id='word_1_917' title='bbox 2148 4820 2235 4887; x_wconf 85' lang='lat' dir='ltr'><strong>l7)</strong></span> <span class='ocrx_word' id='word_1_918' title='bbox 2270 4820 2403 4891; x_wconf 67' lang='lat' dir='ltr'><strong>Reg.</strong></span> <span class='ocrx_word' id='word_1_919' title='bbox 2435 4830 2489 4875; x_wconf 88' lang='lat' dir='ltr'><strong>et</strong></span> <span class='ocrx_word' id='word_1_920' title='bbox 2516 4819 2661 4875; x_wconf 88' lang='lat' dir='ltr'><strong>Felc.</strong></span> <span class='ocrx_word' id='word_1_921' title='bbox 2691 4819 2743 4886; x_wconf 81' lang='lat'><strong>5,</strong></span> <span class='ocrx_word' id='word_1_922' title='bbox 2774 4822 3020 4891; x_wconf 84' lang='grc' dir='ltr'>κληθείη.</span> 
     </span>
    </p>
   </div>
   <div class='ocr_carea' id='block_1_110' title="bbox 2146 4890 3618 4963">
    <p class='ocr_par' dir='ltr' id='par_1_110' title="bbox 2146 4890 3618 4963">
     <span class='ocr_line' id='line_1_113' title="bbox 2146 4890 3618 4963; baseline 0.003 -20"><span class='ocrx_word' id='word_1_923' title='bbox 2146 4891 2232 4963; x_wconf 67' lang='grc'>18)</span> <span class='ocrx_word' id='word_1_924' title='bbox 2262 4890 2711 4963; x_wconf 41' lang='grc' dir='ltr'>ὃεςιιεινηοηιὶιιίι</span> <span class='ocrx_word' id='word_1_925' title='bbox 2731 4892 2834 4946; x_wconf 84' lang='grc' dir='ltr'>ἀεί.</span> <span class='ocrx_word' id='word_1_926' title='bbox 2864 4890 2985 4945; x_wconf 80' lang='lat' dir='ltr'><strong>Mox</strong></span> <span class='ocrx_word' id='word_1_927' title='bbox 3011 4891 3174 4955; x_wconf 90' lang='lat' dir='ltr'><strong>idem,</strong></span> <span class='ocrx_word' id='word_1_928' title='bbox 3198 4890 3335 4963; x_wconf 79' lang='grc' dir='ltr'>αὓτη</span> <span class='ocrx_word' id='word_1_929' title='bbox 3358 4893 3393 4962; x_wconf 82' lang='grc' dir='ltr'>ἡ</span> <span class='ocrx_word' id='word_1_930' title='bbox 3420 4891 3618 4963; x_wconf 83' lang='grc' dir='ltr'>τόλμα.</span> 
     </span>
    </p>
   </div>
   <div class='ocr_carea' id='block_1_111' title="bbox 2054 4956 2584 5029">
    <p class='ocr_par' dir='ltr' id='par_1_111' title="bbox 2054 4956 2584 5029">
     <span class='ocr_line' id='line_1_114' title="bbox 2054 4956 2584 5029; baseline 0.002 -16"><span class='ocrx_word' id='word_1_931' title='bbox 2054 4956 2194 5015; x_wconf 81' lang='lat' dir='ltr'><strong>Editi</strong></span> <span class='ocrx_word' id='word_1_932' title='bbox 2215 4956 2276 5014; x_wconf 78' lang='grc' dir='ltr'>ἐι</span> <span class='ocrx_word' id='word_1_933' title='bbox 2306 4956 2418 5025; x_wconf 79' lang='lat' dir='ltr'><strong>alii,</strong></span> <span class='ocrx_word' id='word_1_934' title='bbox 2445 4959 2584 5029; x_wconf 77' lang='grc' dir='ltr'>αὕτη</span> 
     </span>
    </p>
   </div>
   <div class='ocr_carea' id='block_1_112' title="bbox 2127 5029 2786 5103">
    <p class='ocr_par' dir='ltr' id='par_1_112' title="bbox 2127 5029 2786 5103">
     <span class='ocr_line' id='line_1_115' title="bbox 2127 5029 2786 5103; baseline 0.002 0"><span class='ocrx_word' id='word_1_935' title='bbox 2127 5029 2234 5103; x_wconf 68' lang='lat'><strong>(19)</strong></span> <span class='ocrx_word' id='word_1_936' title='bbox 2272 5030 2431 5103; x_wconf 65' lang='lat' dir='ltr'><strong>13¢ch</strong></span> <span class='ocrx_word' id='word_1_937' title='bbox 2451 5031 2505 5093; x_wconf 78' lang='lat'><strong>5.</strong></span> <span class='ocrx_word' id='word_1_938' title='bbox 2534 5029 2786 5103; x_wconf 63' lang='grc' dir='ltr'>γεννητάες</span> 
     </span>
    </p>
   </div>
   <div class='ocr_carea' id='block_1_113' title="bbox 2126 5098 3614 5170">
    <p class='ocr_par' dir='ltr' id='par_1_113' title="bbox 2126 5098 3614 5170">
     <span class='ocr_line' id='line_1_116' title="bbox 2126 5098 3614 5170; baseline 0 -15"><span class='ocrx_word' id='word_1_939' title='bbox 2126 5098 2237 5169; x_wconf 71' lang='grc' dir='ltr'>(ευ)</span> <span class='ocrx_word' id='word_1_940' title='bbox 2279 5098 2370 5153; x_wconf 89' lang='lat' dir='ltr'><strong>Sic</strong></span> <span class='ocrx_word' id='word_1_941' title='bbox 2399 5098 2717 5168; x_wconf 72' lang='lat' dir='ltr'><strong>Seguerian.</strong></span> <span class='ocrx_word' id='word_1_942' title='bbox 2751 5099 2909 5170; x_wconf 41' lang='lat' dir='ltr'><strong>Reg”</strong></span> <span class='ocrx_word' id='word_1_943' title='bbox 2936 5099 3153 5170; x_wconf 76' lang='lat' dir='ltr'><strong>Gobler.</strong></span> <span class='ocrx_word' id='word_1_944' title='bbox 3187 5099 3427 5160; x_wconf 84' lang='lat' dir='ltr'><strong>etFelc..</strong></span> <span class='ocrx_word' id='word_1_945' title='bbox 3467 5101 3518 5157; x_wconf 86' lang='grc'>1.</span> <span class='ocrx_word' id='word_1_946' title='bbox 3554 5103 3614 5156; x_wconf 84' lang='lat' dir='ltr'><strong>In</strong></span> 
     </span>
    </p>
   </div>
   <div class='ocr_carea' id='block_1_114' title="bbox 2056 5169 3615 5241">
    <p class='ocr_par' dir='ltr' id='par_1_114' title="bbox 2056 5169 3615 5241">
     <span class='ocr_line' id='line_1_117' title="bbox 2056 5169 3615 5241; baseline 0.001 -19"><span class='ocrx_word' id='word_1_947' title='bbox 2056 5169 2176 5223; x_wconf 86' lang='lat' dir='ltr'><strong>aliis</strong></span> <span class='ocrx_word' id='word_1_948' title='bbox 2198 5180 2251 5223; x_wconf 92' lang='lat' dir='ltr'><strong>ct</strong></span> <span class='ocrx_word' id='word_1_949' title='bbox 2275 5170 2435 5224; x_wconf 87' lang='lat' dir='ltr'><strong>editis</strong></span> <span class='ocrx_word' id='word_1_950' title='bbox 2462 5170 2556 5241; x_wconf 73' lang='grc' dir='ltr'><strong>καί</strong></span> <span class='ocrx_word' id='word_1_951' title='bbox 2587 5172 2754 5241; x_wconf 87' lang='lat' dir='ltr'><strong>deest.</strong></span> <span class='ocrx_word' id='word_1_952' title='bbox 2788 5169 2906 5225; x_wconf 69' lang='lat' dir='ltr'><strong>M0:</strong></span> <span class='ocrx_word' id='word_1_953' title='bbox 2938 5169 3188 5241; x_wconf 75' lang='lat' dir='ltr'><strong>Seguer.,</strong></span> <span class='ocrx_word' id='word_1_954' title='bbox 3216 5171 3250 5241; x_wconf 83' lang='grc' dir='ltr'>ἢ</span> <span class='ocrx_word' id='word_1_955' title='bbox 3280 5172 3373 5224; x_wconf 74' lang='grc' dir='ltr'><strong>ἐπὶ</strong></span> <span class='ocrx_word' id='word_1_956' title='bbox 3408 5171 3553 5234; x_wconf 81' lang='grc' dir='ltr'>Νῶε,</span> <span class='ocrx_word' id='word_1_957' title='bbox 3580 5171 3615 5241; x_wconf 79' lang='grc' dir='ltr'>ἢ</span> 
     </span>
    </p>
   </div>
   <div class='ocr_carea' id='block_1_115' title="bbox 2056 5239 3613 5302">
    <p class='ocr_par' dir='ltr' id='par_1_115' title="bbox 2056 5239 3613 5302">
     <span class='ocr_line' id='line_1_118' title="bbox 2056 5239 3613 5302; baseline 0.001 -10"><span class='ocrx_word' id='word_1_958' title='bbox 2056 5241 2148 5292; x_wconf 76' lang='grc' dir='ltr'><strong>ἐπὶ</strong></span> <span class='ocrx_word' id='word_1_959' title='bbox 2175 5240 2472 5302; x_wconf 84' lang='grc' dir='ltr'>Μωῦσέως.</span> <span class='ocrx_word' id='word_1_960' title='bbox 2515 5240 2827 5295; x_wconf 86' lang='lat' dir='ltr'><strong>Goblerian.</strong></span> <span class='ocrx_word' id='word_1_961' title='bbox 2854 5248 2909 5294; x_wconf 91' lang='lat' dir='ltr'><strong>et</strong></span> <span class='ocrx_word' id='word_1_962' title='bbox 2936 5239 3081 5296; x_wconf 38' lang='lat' dir='ltr'><strong>Fel&#39;c.</strong></span> <span class='ocrx_word' id='word_1_963' title='bbox 3114 5242 3165 5301; x_wconf 86' lang='lat' dir='ltr'><strong>l.</strong></span> <span class='ocrx_word' id='word_1_964' title='bbox 3208 5239 3303 5295; x_wconf 72' lang='grc' dir='ltr'>καὶ</span> <span class='ocrx_word' id='word_1_965' title='bbox 3343 5242 3436 5294; x_wconf 76' lang='grc' dir='ltr'>ἐπὶ</span> <span class='ocrx_word' id='word_1_966' title='bbox 3467 5239 3613 5299; x_wconf 69' lang='grc' dir='ltr'>Νῶε,</span> 
     </span>
    </p>
   </div>
   <div class='ocr_carea' id='block_1_116' title="bbox 2052 5308 3624 5431">
    <p class='ocr_par' dir='ltr' id='par_1_116' title="bbox 2052 5308 3624 5431">
     <span class='ocr_line' id='line_1_119' title="bbox 2052 5308 3624 5431; baseline 0.001 -70"><span class='ocrx_word' id='word_1_967' title='bbox 2052 5309 2213 5431; x_wconf 68' lang='grc' dir='ltr'><strong>ἢέὲπὶ</strong></span> <span class='ocrx_word' id='word_1_968' title='bbox 2259 5310 2552 5373; x_wconf 80' lang='grc' dir='ltr'>Μωῢσέως.</span> <span class='ocrx_word' id='word_1_969' title='bbox 2582 5308 2748 5376; x_wconf 85' lang='lat' dir='ltr'><strong>Editi,</strong></span> <span class='ocrx_word' id='word_1_970' title='bbox 2785 5309 2879 5363; x_wconf 70' lang='lat' dir='ltr'><strong>ml.</strong></span> <span class='ocrx_word' id='word_1_971' title='bbox 2912 5311 3007 5365; x_wconf 73' lang='grc' dir='ltr'><strong>ἐπὶ</strong></span> <span class='ocrx_word' id='word_1_972' title='bbox 3057 5311 3181 5365; x_wconf 81' lang='grc' dir='ltr'><strong>Νῶε</strong></span> <span class='ocrx_word' id='word_1_973' title='bbox 3227 5310 3320 5363; x_wconf 78' lang='grc' dir='ltr'><strong>ἐπί</strong></span> <span class='ocrx_word' id='word_1_974' title='bbox 3346 5328 3407 5366; x_wconf 75' lang='grc' dir='ltr'><strong>τε</strong></span> <span class='ocrx_word' id='word_1_975' title='bbox 3454 5311 3624 5364; x_wconf 66' lang='lat' dir='ltr'><strong>Matii-</strong></span> 
     </span>
     <span class='ocr_line' id='line_1_120' title="bbox 2055 5396 2210 5431; baseline 0 0"><span class='ocrx_word' id='word_1_976' title='bbox 2055 5396 2087 5431; x_wconf 92' lang='grc' dir='ltr'><strong>σ</strong></span> <span class='ocrx_word' id='word_1_977' title='bbox 2115 5397 2210 5431; x_wconf 77' lang='grc' dir='ltr'>ως.</span> 
     </span>
    </p>
   </div>
   <div class='ocr_carea' id='block_1_117' title="bbox 2055 5396 2210 5443">
    <p class='ocr_par' dir='ltr' id='par_1_117' title="bbox 2055 5396 2210 5443">
     <span class='ocr_line' id='line_1_121' title="bbox 2055 5396 2210 5443; baseline 0.013 -12"><span class='ocrx_word' id='word_1_978' title='bbox 2055 5396 2210 5443; x_wconf 88' lang='grc' dir='ltr'>σεως.</span> 
     </span>
    </p>
   </div>
   <div class='ocr_carea' id='block_1_118' title="bbox 2125 5448 2878 5521">
    <p class='ocr_par' dir='ltr' id='par_1_118' title="bbox 2125 5448 2878 5521">
     <span class='ocr_line' id='line_1_122' title="bbox 2125 5448 2878 5521; baseline 0 -18"><span class='ocrx_word' id='word_1_979' title='bbox 2125 5449 2237 5521; x_wconf 64' lang='grc'>(21)</span> <span class='ocrx_word' id='word_1_980' title='bbox 2266 5448 2424 5521; x_wconf 33' lang='grc' dir='ltr'>λῈειο.</span> <span class='ocrx_word' id='word_1_981' title='bbox 2454 5448 2506 5514; x_wconf 86' lang='grc'>5,</span> <span class='ocrx_word' id='word_1_982' title='bbox 2531 5448 2602 5521; x_wconf 62' lang='grc' dir='ltr'>τὰ</span> <span class='ocrx_word' id='word_1_983' title='bbox 2624 5448 2878 5521; x_wconf 59' lang='grc' dir='ltr'>γεννητόμ</span> 
     </span>
    </p>
   </div>
   <div class='ocr_carea' id='block_1_119' title="bbox 2130 5516 3621 5589">
    <p class='ocr_par' dir='ltr' id='par_1_119' title="bbox 2130 5516 3621 5589">
     <span class='ocr_line' id='line_1_123' title="bbox 2130 5516 3621 5589; baseline -0.003 -14"><span class='ocrx_word' id='word_1_984' title='bbox 2130 5516 2503 5589; x_wconf 67' lang='lat' dir='ltr'><strong>(22)Seguer.,</strong></span> <span class='ocrx_word' id='word_1_985' title='bbox 2538 5516 2848 5574; x_wconf 47' lang='lat' dir='ltr'><strong>Goblerﬁct</strong></span> <span class='ocrx_word' id='word_1_986' title='bbox 2874 5517 3018 5573; x_wconf 83' lang='lat' dir='ltr'><strong>Fclc.</strong></span> <span class='ocrx_word' id='word_1_987' title='bbox 3044 5518 3111 5589; x_wconf 74' lang='grc'>1,</span> <span class='ocrx_word' id='word_1_988' title='bbox 3132 5518 3247 5589; x_wconf 50' lang='lat' dir='ltr'><strong>an?</strong></span> <span class='ocrx_word' id='word_1_989' title='bbox 3270 5516 3457 5589; x_wconf 71' lang='grc' dir='ltr'>ὰῖδιος.</span> <span class='ocrx_word' id='word_1_990' title='bbox 3494 5516 3621 5589; x_wconf 52' lang='lat' dir='ltr'><strong>Mos</strong></span> 
     </span>
    </p>
   </div>
   <div class='ocr_carea' id='block_1_120' title="bbox 2058 5585 3621 5660">
    <p class='ocr_par' dir='ltr' id='par_1_120' title="bbox 2058 5585 3621 5660">
     <span class='ocr_line' id='line_1_124' title="bbox 2058 5585 3621 5660; baseline -0.002 -18"><span class='ocrx_word' id='word_1_991' title='bbox 2058 5585 2230 5642; x_wconf 54' lang='lat' dir='ltr'><strong>iidem&#39;</strong></span> <span class='ocrx_word' id='word_1_992' title='bbox 2254 5599 2309 5660; x_wconf 78' lang='lat' dir='ltr'><strong>et</strong></span> <span class='ocrx_word' id='word_1_993' title='bbox 2334 5585 2551 5660; x_wconf 53' lang='lat' dir='ltr'><strong>Basili&quot;</strong></span> <span class='ocrx_word' id='word_1_994' title='bbox 2593 5590 2804 5660; x_wconf 78' lang='lat' dir='ltr'><strong>Anglic.</strong></span> <span class='ocrx_word' id='word_1_995' title='bbox 2827 5599 2881 5645; x_wconf 88' lang='lat' dir='ltr'><strong>et</strong></span> <span class='ocrx_word' id='word_1_996' title='bbox 2911 5588 3053 5660; x_wconf 86' lang='lat' dir='ltr'><strong>Felc.</strong></span> <span class='ocrx_word' id='word_1_997' title='bbox 3082 5588 3136 5651; x_wconf 79' lang='lat'><strong>5,</strong></span> <span class='ocrx_word' id='word_1_998' title='bbox 3171 5588 3264 5642; x_wconf 82' lang='grc' dir='ltr'>τοῦ</span> <span class='ocrx_word' id='word_1_999' title='bbox 3295 5588 3504 5660; x_wconf 83' lang='grc' dir='ltr'>Πατρὸς</span> <span class='ocrx_word' id='word_1_1000' title='bbox 3530 5585 3621 5644; x_wconf 78' lang='grc' dir='ltr'>ἀεί</span> 
     </span>
    </p>
   </div>
   <div class='ocr_carea' id='block_1_121' title="bbox 2055 5658 3173 5716">
    <p class='ocr_par' dir='ltr' id='par_1_121' title="bbox 2055 5658 3173 5716">
     <span class='ocr_line' id='line_1_125' title="bbox 2055 5658 3173 5716; baseline 0.004 -6"><span class='ocrx_word' id='word_1_1001' title='bbox 2055 5660 2222 5713; x_wconf 68' lang='grc' dir='ltr'>ἐστιν.</span> <span class='ocrx_word' id='word_1_1002' title='bbox 2260 5658 2319 5713; x_wconf 90' lang='lat' dir='ltr'><strong>ln</strong></span> <span class='ocrx_word' id='word_1_1003' title='bbox 2351 5659 2473 5714; x_wconf 89' lang='lat' dir='ltr'><strong>aliis</strong></span> <span class='ocrx_word' id='word_1_1004' title='bbox 2494 5668 2551 5715; x_wconf 87' lang='lat' dir='ltr'><strong>et</strong></span> <span class='ocrx_word' id='word_1_1005' title='bbox 2580 5658 2741 5716; x_wconf 87' lang='lat' dir='ltr'><strong>editis</strong></span> <span class='ocrx_word' id='word_1_1006' title='bbox 2767 5660 2855 5713; x_wconf 78' lang='grc' dir='ltr'>ἀεί</span> <span class='ocrx_word' id='word_1_1007' title='bbox 2880 5658 3173 5714; x_wconf 85' lang='lat' dir='ltr'><strong>omittitur.</strong></span> 
     </span>
    </p>
   </div>
   <div class='ocr_carea' id='block_1_122' title="bbox 2615 4961 2807 5031">
    <p class='ocr_par' dir='ltr' id='par_1_122' title="bbox 2615 4961 2807 5031">
     <span class='ocr_line' id='line_1_126' title="bbox 2615 4961 2807 5031; baseline 0.005 -17"><span class='ocrx_word' id='word_1_1008' title='bbox 2615 4961 2807 5031; x_wconf 88' lang='grc' dir='ltr'>τόλμα.</span> 
     </span>
    </p>
   </div>
  </div>
