3850 6218
168 331 218 382 ῖῦ
1278 324 1535 381 ORATIO
1570 325 1590 380 l
1623 328 1705 382 C0

1817 329 1903 382 ΚΑ
1937 329 2259 384 ARIANOS.
3309 341 3378 394 τι

168 447 254 509 κᾶν
278 448 488 518 μηδέπω
513 448 731 520 ὑπάρχῃ
764 445 900 517 (Ξ5),
949 447 1049 500 οὐκ
1085 447 1298 500 ἐλαττοῖ
1326 448 1417 501 τὸν
1451 449 1700 520 ποιητήν·

1817 448 2010 517 prium,
2043 449 2189 518 quod
2219 447 2358 503 idem
2385 456 2441 502 et
2464 445 2702 503 Verbum
2736 455 2790 502 et
2829 448 3104 518 Sapientia
3130 450 3249 519 ejus
3277 465 3379 506 εει.

165 543 260 612 ἔχει
289 542 387 611 γάρ
415 541 474 593 τὸ
504 540 757 594 δύνασθαι
789 539 1162 610 δημιουργεῖν,
1219 541 1308 594 ὅτε
1349 540 1615 611 βούλεται’
1647 541 1705 594 τὸ

1817 540 2079 596 Caeterum
2110 556 2199 597 res
2241 551 2458 609 creatae,
2483 542 2610 596 licet
2643 542 2885 596 nondum
2917 541 3213 608 exsistant,
3243 544 3380 598 nihil

163 635 208 687 δὲ
231 634 476 706 γέννημα,
510 632 602 686 ἐὰν
635 633 708 703 μὴ
737 633 823 685 ἀεὶ
871 634 1002 702 συνῇ
1057 631 1168 701 (24)
1197 632 1276 704 τῷ
1325 634 1520 704 Πατρὶ,
1555 635 1710 688 ἐλάτ-

161 743 295 796 τωμα
311 725 404 794 τῆς
423 724 753 794 τελειότητος
776 722 877 792 τῆς
919 723 1108 786 οὐσίας
1154 722 1315 776 αὐτοῦ
1355 726 1520 778 ἐστιν.
1547 725 1710 778 Ὅθεν

162 817 217 870 τὰ
252 817 339 887 μὲν
361 815 650 886 ποιήματα,
687 816 777 867 ὅτε
830 812 1114 884 ἠθέλησεν,
1171 815 1579 887 ἐδημιουργήθη
1610 816 1700 870 διὰ

162 909 235 961 τοῦ
256 908 417 975 Λόγου
440 906 603 960 αὐτοῦ
637 905 774 975 (25)·
802 908 831 959 6
861 905 918 959 δὲ
951 905 1080 969 Υἱὸς
1111 906 1200 960 ἀεί
1237 908 1384 961 ἐστιν
1425 908 1554 961 ῐδιον
1589 908 1710 977 γέν-

159 1016 283 1068 νημα
310 997 402 1066 τῆς
438 998 528 1052 τοῦ
559 997 770 1069 Πατρὸς
799 997 1004 1061 οὐσίας.

218 1176 296 1232 50.
333 1175 510 1231 Ταῦτα
548 1177 675 1240 τούς
712 1178 810 1248 μὲν
857 1179 1081 1241 πιστοὺς
1137 1178 1437 1250 εὐφραίνει,
1488 1181 1614 1243 τοὺς
1652 1179 1708 1232 δέ

160 1269 434 1341 αἱρετικοὺς
462 1267 621 1321 λυπεῖ
653 1268 947 1338 βλέποντας
975 1269 1374 1340 ἀναιρουμένην
1405 1269 1584 1323 αὐτῶν
1608 1271 1706 1341 τὴν

160 1364 352 1433 ιῖρεσιν·
383 1361 474 1415 καὶ
530 1360 640 1433 γὰρ
669 1362 896 1431 κάκείνη
938 1362 1101 1415 πάλιν
1134 1362 1314 1415 αὐτῶν
1358 1365 1391 1434 ἡ
1442 1362 1709 1434 ἐρώτησις

158 1454 201 1503 ἒν
330 1451 520 1520 λέγειν,
555 1451 613 1504 ἓν
635 1451 697 1505 τὸ
727 1452 1043 1523 ἀγέννητον,
1067 1453 1100 1523 ἥ
1130 1453 1260 1518 δύο;
1301 1454 1400 1507 οὐκ
1431 1453 1594 1525 ὀρθὴν
1615 1451 1710 1507 ἂύ-

159 1545 246 1597 τῶν
293 1544 520 1598 δείκνυσι
575 1543 674 1614 τὴν
723 1545 998 1611 διάνοιαν,
1052 1546 1166 1600 ἀλλ’
1208 1546 1448 1601 ὕποπτον
1497 1548 1590 1601 καὶ
1621 1548 1708 1602 δό-

157 1641 231 1688 λου
259 1637 468 1707 μεστήν.
494 1635 574 1691 Οὐ
597 1637 704 1708 γὰρ
727 1638 821 1690 ἐπὶ
846 1639 979 1708 τιμῇ
1007 1636 1102 1691 τοῦ
1134 1638 1348 1709 Πατρός
1372 1637 1544 1702 οὕτως
1577 1640 1712 1710 ἐρω-

158 1727 312 1790 τῶσιν,
370 1728 481 1781 ἀλλ’
520 1729 617 1782 ἐπὶ
652 1729 846 1799 ἀτιμίᾳ
891 1729 985 1781 τοῦ
1059 1729 1254 1797 Λόγου.
1288 1731 1386 1782 Ἂν
1429 1729 1559 1797 γοῦν
1606 1747 1707 1794 τις,

1812 644 1991 688 tamen
2025 649 2125 689 suo
2152 635 2446 690 detrahunt
2473 633 2734 700 eﬂ'ectori,
2759 649 2881 689 cum
2907 648 3002 689 eas
3028 649 3128 704 pro
3161 650 3262 692 sua
3287 651 3356 690 vo
3435 637 3437 639 ’

1811 722 2021 778 luntate
2062 724 2238 794 possit
2272 725 2571 792 producere
2602 743 2615 778 :
2666 733 2722 778 at
2750 723 2895 779 fetus
2929 723 3036 779 nisi
3066 739 3279 794 semper
3307 724 3382 780 si-

1812 814 1926 867 mul
1958 814 2030 869 sit
2059 830 2184 869 cum
2224 814 2404 880 Patre,
2434 815 2785 885 perfectionis
2805 816 2926 885 ejus
2957 825 3166 870 natura:
3189 832 3383 886 seque-

1812 915 1962 962 retur
1998 907 2327 963 imminutio.
2356 907 2495 964 Hinc
2527 923 2690 978 opera
2723 910 2943 979 quidem
2963 952 2979 976 ,
3015 925 3139 965 cum
3165 910 3379 974 voluit,

1812 1016 1906 1070 per
1945 1015 2104 1055 suum
2149 1001 2405 1070 produxit
2455 1000 2735 1056 Verbum:
2791 1001 2965 1058 Filius
3002 1017 3133 1058 vero
3168 1018 3380 1073 semper

1811 1099 1898 1144 est
1938 1091 2194 1160 proprius
2231 1101 2442 1147 natura;
2476 1090 2640 1146 fetus.
3399 1102 3402 1104 ‘

1884 1182 1973 1237 50.
2010 1180 2076 1237 Et
2118 1183 2234 1238 haec
2263 1183 2482 1253 quidem
2524 1182 2775 1240 ﬁdelibus
2819 1185 3058 1240 laetitiam
3085 1227 3101 1252 ,
3135 1187 3380 1243 dolorem

1813 1275 2034 1344 pariunt
2088 1274 2381 1343 haereticis,
2433 1276 2633 1346 quippe
2664 1273 2760 1347 q'ui
2800 1287 3130 1346 prostratam
3164 1279 3380 1349 penitus

1812 1382 1968 1421 suam
2011 1367 2233 1423 videant
2277 1367 2550 1423 hairesim.
2579 1367 2712 1423 Nam
2744 1370 2849 1424 alia
2885 1370 3000 1426 haec
3046 1370 3261 1426 illorum
3300 1371 3381 1426 in-

1811 1457 2126 1528 terrogatio,
2161 1473 2230 1512 an
2270 1474 2438 1514 unum
2466 1458 2538 1515 sit
2567 1473 2673 1514 non
2708 1459 2914 1515 factum
2945 1461 3030 1516 vel
3059 1463 3190 1525 duo,
3217 1477 3382 1532 argu-

1813 1559 1997 1606 mento
2040 1558 2144 1605 est.
2177 1565 2286 1605 non
2325 1561 2528 1608 rectam
2578 1567 2702 1608 esse
2736 1551 2953 1608 illorum
2994 1565 3254 1619 mentem,
3287 1556 3383 1611 sed

1812 1650 2119 1710 suspectam
2140 1656 2262 1698 esse
2289 1652 2346 1698 et
2371 1644 2495 1699 dolo
2523 1644 2758 1713 plenam.
2790 1644 2908 1699 Non
2938 1647 3084 1700 enim
3115 1647 3181 1700 ad
3210 1645 3386 1701 Patris

1815 1729 2105 1798 honorem,
2139 1731 2234 1786 sed
2281 1733 2348 1787 ad
2380 1733 2544 1788 Verbi
2575 1734 2811 1790 dedecus
2858 1737 2960 1791 ista
3010 1736 3382 1791 sciscitantur.

155 1818 337 1885 ἀγνοῶν
359 1818 455 1890 τὴν
491 1820 829 1891 πανουργίαν
882 1820 1098 1884 αὐτῶν,
1144 1821 1528 1892 ἀποκρίνηται,
1564 1821 1621 1876 ἓν
1649 1821 1705 1875 τὸ

1817 1822 1998 1894 Itaque
2039 1825 2088 1880 si
2127 1825 2254 1896 quis
2283 1827 2500 1881 illorum
2528 1828 2746 1883 artiﬁcii
2805 1829 3028 1899 ignarus
3063 1844 3230 1882 unum
3263 1844 3385 1883 esse

154 1909 385 1980 ἀγένητον
419 1911 551 1982 ('26),
589 1912 754 1976 εὐθὺς
780 1912 870 1965 τὸν
900 1913 1108 1965 ἑαυτῶν
1141 1912 1215 1966 ἱὸν
1246 1911 1501 1984 ἐξεμούσι
1531 1914 1714 1983 λέγον-

159 2018 246 2065 τεςο
268 2003 463 2057 Οὐκοῦν
482 2006 510 2056 6
543 2005 672 2069 Υἱὸς
690 2004 798 2059 τῶν
846 2006 1090 2076 γενητῶν
1123 2007 1272 2070 ἐστι,
1307 2007 1401 2059 καὶ
1433 2006 1614 2070 καλῶς
1636 2009 1714 2059 εἱ-

155 2096 394 2166 ρήκαμεν,
449 2097 565 2150 Οὐκ
602 2093 703 2168 ἦν,
756 2098 886 2169 πρὶν
930 2097 1186 2169 γεννηθῇ.
1239 2099 1425 2153 Πάντα
1469 2099 1580 2170 γὰρ
1609 2117 1713 2168 φυ-

155 2189 270 2261 ρώσι
302 2192 408 2263 (27)
460 2193 557 2246 καὶ
611 2191 875 2256 κυκῶσιν,
908 2193 996 2247 ἵνα
1028 2194 1187 2264 μόνον
1241 2193 1574 2266 διαστήσωσι
1620 2193 1713 2246 τὸν

153 2283 299 2351 Λόγον
349 2284 454 2338 ἀπὸ
510 2283 610 2337 τοῦ
661 2285 877 2356 Πατρὺς
938 2286 1032 2338 καὶ
1080 2284 1172 2338 τὸν
1217 2285 1546 2356 δημιουργὸν
1603 2285 1712 2337 τῶν

152 2374 267 2428 ὅλων
295 2373 398 2448 (28)
426 2380 538 2440 τοῖς
573 2377 842 2447 ποιήμασι
870 2375 1334 2448 συναριθμήσωσι.
1361 2376 1582 2448 Πρῶτον
1616 2377 1712 2448 μὲν

151 2462 330 2520 οὖνκαὶ
377 2469 516 2522 κατά
572 2468 734 2521 τοῦτο
785 2466 1184 2537 καταγνώσεως
1243 2469 1378 2521 εἰσιν
1437 2467 1594 2534 ἄξιοι,
1627 2469 1709 2520 ὅτι

153 2561 458 2631 μεμφόμενοι
497 2563 614 2625 τοῖς
649 2563 706 2614 ἐν
752 2561 954 2631 Νικαίᾳ
1013 2560 1355 2614 συνελθοῦσιν
1395 2561 1711 2623 ἐπισκόποις

150 2649 484 2722 ὡςάγράφοις
511 2652 882 2726 χρησαμένοις
933 2652 1132 2716 λέξεσι,
1164 2653 1342 2705 καίτοι
1379 2653 1452 2722 μὴ
1509 2652 1710 2724 δυσφή-

152 2758 280 2813 μοις,
310 2744 418 2798 ἀλλ’
448 2747 534 2798 ἐπ’
566 2744 845 2816 ἀναιρέσει
874 2743 975 2814 τῆς
1019 2741 1272 2807 ἀσεϐείας
1324 2743 1502 2796 αὐτῶν
1527 2744 1712 2814 κειμέ-

148 2851 252 2898 ναις
282 2837 408 2908 (‘29),
460 2837 847 2909 ηὐτομόλησαν
877 2838 956 2899 είς
989 2835 1086 2906 τὴν
1128 2835 1298 2908 αὐτὴν
1343 2837 1520 2890 αἰτίαν
1557 2837 1709 2889 αὐτοὶ

149 2923 202 2988 ἐξ
229 2925 477 2996 ἀγράφων
505 2927 892 2998 φθεγγόμενοι,
930 2927 1026 2980 καὶ
1074 2927 1412 2991 ἐπινοοῦντες
1445 2927 1711 3000 λοιδορίας

148 3018 272 3072 κατὰ
295 3022 382 3074 τοῦ
413 3021 646 3092 Κυρίου,
674 3021 746 3091 μὴ
784 3018 1168 3088 γινώσκοντες,
1204 3019 1344 3090 μήτε
1395 3018 1431 3073 ἃ
1467 3019 1706 3090 λέγουσι,

149 3113 271 3184 μήτε
326 3115 450 3184 περὶ
499 3113 667 3166 τίνων
726 3111 1179 3165 διαϐεϐαιοῦνται.
1252 3111 1709 3183 Ἑρωτησάτωσαν

145 3204 260 3272 γοῦν
286 3207 570 3277 Ἕλληνας,
605 3207 734 3275 παρ’
767 3198 842 3258 ὧν
893 3206 1150 3276 ἥκουσαν·
1182 3206 1243 3258 οὐ
1287 3205 1396 3278 γάρ
1436 3206 1544 3260 τῶν
1571 3207 1710 3279 Γρα-
1736 3232 1781 3292 c

146 3297 266 3364 φῶν,
294 3299 402 3352 ἀλλ’
426 3300 658 3353 ἐκείνων
686 3299 830 3351 ἐστὶν
856 3297 1067 3369 εὕρεμα
1093 3297 1226 3368 (50)·
1265 3300 1352 3353 ἴνα
1381 3299 1711 3364 ἀκούσαντες

145 3389 272 3442 πόσα
302 3391 681 3462 σημαινόμενα
727 3391 760 3460 ἡ
794 3390 937 3454 λέξις
979 3389 1114 3460 ἔχει.
1148 3389 1410 3461 μάθωσιν,
1446 3391 1528 3445 ὅτι
1566 3392 1708 3453 οὐδὲ,

145 3481 259 3550 περὶ
279 3475 350 3535 ὧν
387 3481 644 3551 λέγουσιν
694 3481 830 3552 (51),
882 3482 1199 3535 ἐπίστανται
1245 3483 1427 3546 καλῶς
1476 3485 1706 3554 ἐρωτᾷν.

143 3573 295 3643 Κάγὼ
325 3576 432 3647 γάρ
457 3575 524 3628 δι’
552 3575 754 3635 αὐτοὺς
791 3575 1072 3647 ἐπυθόμην
1093 3575 1343 3645 λέγεσθαι
1364 3576 1625 3646 ἀγένητον
1651 3577 1710 3629 τὸ

147 3664 349 3732 μηδέπω
381 3667 478 3736 μὲν
511 3665 828 3737 γενόμενον,
859 3665 1156 3737 δυνάμενον
1207 3666 1264 3719 δέ
1309 3667 1583 3735 γενέσθαι,
1633 3669 1709 3729 ὼς

141 3753 194 3806 τὸ
220 3752 363 3820 ξύλον
392 3757 454 3810 τὸ
479 3758 655 3828 μήπω
692 3757 788 3827 μὲν
812 3759 1123 3828 γενόμενον,
1152 3757 1446 3829 δυνάμενον
1473 3759 1529 3811 δέ
1557 3759 1712 3827 γενέ-

145 3844 252 3899 σθαι
275 3849 499 3918 σκάφος.
535 3847 652 3902 Καὶ
685 3845 841 3912 αὖθις
885 3849 1149 3919 ἀγένητον
1212 3849 1467 3917 λέγεσθαι
1491 3850 1602 3920 (52)
1654 3851 1715 3903 τὸ

145 3939 606 4011 μήτεγενόμενον,
646 3941 784 4011 μήτε
810 3940 1107 4012 δυνάμενον
1152 3940 1407 4009 γενέσθαι
1453 3942 1602 4004 ποτὲ,
1638 3942 1714 4005 ὡς

141 4027 195 4078 τὸ
219 4030 472 4100 τρίγωνον
501 4030 870 4102 τετράγωνον,
906 4034 1002 4087 καὶ
1026 4035 1056 4086 6
1113 4033 1300 4103 ἄρτιος
1331 4033 1563 4104 ἀριθμὸς
1602 4033 1710 4104 (55)

142 4118 392 4185 περιττός.
418 4117 561 4172 Οὔτε
607 4121 716 4190 γάρ
745 4119 808 4173 τὸ
843 4120 1104 4192 τρίγωνον
1128 4121 1318 4190 γέγονέ
1352 4139 1481 4175 ποτε
1514 4123 1711 4193 τετρά-

139 4223 313 4272 γωνον,
347 4209 469 4264 οὔτε
505 4210 707 4280 γένοιτ’
727 4211 791 4262 ἄν
843 4230 995 4265 ποτε·
1030 4213 1144 4266 ἀλλ’
1174 4211 1296 4266 οὔτε
1347 4215 1376 4266 6
1408 4215 1590 4284 ἄρτιος
1618 4214 1709 4282 γέ·-

139 4299 248 4366 γονέ
273 4319 398 4354 ποτε
424 4303 704 4374 περιττὸς,
739 4303 862 4356 οὔτε
916 4305 1113 4374 γένοιτ’
1147 4307 1212 4359 ἀν
1266 4323 1395 4359 ποτε
1431 4307 1701 4377 περιττός.

139 4391 427 4458 Λέγεταιδέ
458 4394 624 4449 πάλιν
654 4395 917 4466 ἀγένητον
969 4397 1077 4468 (54)
1118 4397 1180 4450 τὸ
1203 4397 1445 4468 ὑπάρχον
1473 4398 1588 4468 μὲν,
1629 4399 1701 4468 μὴ

200 4593 306 4668 (g5)
345 4595 437 4668 Sic
466 4595 699 4668 Seguer.
727 4606 782 4652 et
810 4597 942 4667 Reg.
992 4595 1131 4652 Editi
1164 4612 1315 4660 vero,
1336 4597 1603 4668 ὐπὰρχει.
1651 4609 1654 4612 ’

467 4664 698 4748 Seguer.
721 4668 790 4748 At
814 4664 1148 4748 edi'tietalii,
1172 4667 1361 4748 ἐάν-μη
1389 4664 1556 4748 συνῆν
1591 4669 1694 4748 ἀεί.

195 4734 306 4813 (25)
346 4735 440 4792 Sic
477 4734 710 4809 Seguer.
744 4739 815 4792 At
855 4739 924 4793 ab
959 4738 1082 4794 aliis
1123 4747 1176 4794 et
1213 4734 1374 4793 editis
1408 4734 1564 4793 abest
1601 4739 1688 4791 αὑι

133 4817 304 4946 τοῖἐθ)
337 4872 438 4949 sit:
465 4875 654 4932 Basili.
687 4885 741 4932 et
772 4878 984 4949 Anglic.
1027 4878 1109 4949 At
1129 4878 1220 4933 alii
1260 4864 1320 4933 et.
1353 4877 1506 4949 editi,
1541 4877 1702 4945 ἀγέν-

132 4943 298 5020 νητον.
337 4943 470 5020 Vide
502 4963 647 5020 qua:
670 4963 834 5020 supra
862 4943 1002 5020 'pag.
1050 4947 1174 5014 165,
1208 4964 1366 5020 num.
1400 4948 1453 5012 7,
1488 4943 1599 5020 hac»
1635 4949 1702 5002 de

132 5028 186 5066 re
211 5015 592 5095 disseruimus.
617 5015 785 5076 Paulo
813 5015 937 5092 post
954 5015 1004 5074 F
1009 5021 1109 5075 elc.
1143 5021 1198 5086 5,
1229 5021 1258 5073 6
1288 5018 1415 5081 Υἱὸς
1446 5017 1553 5072 τῶν
1577 5034 1700 5087 γεν-

131 5099 304 5234 vnlg?)
325 5087 600 5226 ὲὲἔξιιετη
626 5152 877 5226 φύρουσι.
910 5156 987 5212 Ib.
1014 5157 1181 5223 idem,
1209 5159 1365 5215 Gobl.
1395 5169 1449 5216 et
1476 5159 1620 5215 Felc.
1649 5159 1701 5222 l,

133 5237 392 5277 κυκουσιν.

156 5363 166 5368 _
201 5295 306 5365 (28)
328 5294 442 5368 Sic
464 5292 801 5368 ‘Seguerian.
844 5303 903 5349 ut
936 5303 992 5350 et
1023 5295 1153 5368 legit
1191 5295 1460 5352 Nannius.
1495 5296 1551 5351 In
1582 5299 1698 5353 edi-

136 5363 200 5417 tis
219 5374 270 5416 et
288 5363 414 5420 aliis
445 5363 602 5420 deest
623 5365 732 5419 τῶν
761 5364 919 5418 ὅλων.

200 5433 306 5506 (29)
349 5434 443 5490 Sic
478 5435 704 5505 Seguer.
736 5435 947 5500 Anglic.
977 5436 1286 5493 Goblerian.
1322 5446 1376 5492 et
1410 5435 1553 5493 Felc.
1586 5441 1609 5493 l
1648 5450 1700 5506 et

135 5501 180 5556 5.
206 5501 440 5577 :Atfedjti
474 5501 737 5577 mendose
759 5507 1062 5577 Axetpévotc.
1405 5563 1408 5568 ,
1670 5504 1682 5519 ί

164 5574 303 5658 ’(50)
351 5575 444 5631 Sic
485 5574 709 5646 Seguer.
741 5574 874 5647 Reg.
900 5586 954 5632 et
980 5576 1124 5634 Felc.
1159 5579 1183 5632 l
1214 5588 1269 5634 et
1297 5579 1348 5634 5.
1375 5577 1518 5634 Editi
1549 5594 1698 5644 vero,

136 5657 581 5787 eugrrSeguer.
621 5672 842 5771 Goble’r.
876 5727 930 5771 et
961 5717 1108 5772 Felc.
1145 5719 1198 5782 l,
1237 5718 1502 5773 θέλουσιν.
1531 5717 1701 5774 Paulo

141 5795 247 5851 post
271 5785 451 5841 iidem?
463 5795 519 5843 et
548 5785 679 5858 Reg.
710 5803 775 5842 ac
807 5786 952 5843 Felc.
985 5789 1037 5850 5,
1066 5789 1318 5857 λέγεσθαι
1345 5792 1442 5863 μὲν
1468 5791 1700 5860 ἀγέννη-

450 5881 718 5940 Pnnon.
747 5881 864 5943 Gn.
904 5882 1133 5943 XXVI.

1819 1931 1928 1969 non
1961 1915 2163 1972 factum
2195 1917 2560 1989 responderit,
2591 1921 2774 1976 statim
2805 1938 2966 1978 suum
3001 1937 3270 1978 venenum
3299 1923 3386 1978 his

1814 2009 1997 2066 verbis
2046 2009 2368 2066 eii'undunt:
2413 2010 2553 2083 Ergo
2600 2012 2772 2070 Filius
2818 2028 2849 2069 e
2891 2015 3056 2070 rebus
3092 2015 3254 2071 factis
3279 2025 3382 2078 est,

1818 2107 2071 2169 recteque
2098 2100 2480 2157 contendimus
2512 2118 2623 2158 non
2651 2103 2825 2160 fuisse
2863 2113 3153 2175 antequam
3187 2121 3384 2160 nasce-

1815 2201 1984 2246 retur.
2021 2190 2218 2248 Omnia
2267 2195 2411 2248 enim
2443 2196 2773 2252 conturbant
2801 2207 2854 2252 et
2890 2198 3138 2262 miscent,
3172 2212 3238 2252 eo
3265 2205 3385 2252 tan-

1815 2293 1928 2339 tum
1957 2285 2142 2340 animo
2182 2293 2242 2340 ut
2270 2285 2510 2342 Verbum
2539 2287 2856 2360 disiungant
2884 2304 2914 2344 a
2943 2288 3106 2344 Patre
3127 2331 3144 2355 ,
3175 2297 3230 2345 et
3267 2304 3385 2344 oui-

1814 2376 1968 2429 nium
2039 2374 2288 2444 Opiticem
2356 2375 2497 2430 inter
2542 2391 2704 2446 Opera
2759 2385 3063 2432 numerent.
3114 2375 3258 2434 Sane
3307 2377 3384 2433 illi

1812 2467 1975 2520 etiam
2025 2467 2228 2522 idcirco
2254 2467 2607 2522 damnatione
2639 2467 2789 2537 digni
2831 2466 3056 2533 fuerint,
3080 2469 3226 2538 quod
3255 2483 3378 2523 cum

1812 2559 2084 2630 episcopis
2104 2559 2301 2615 Nicaeae
2327 2559 2666 2630 congregatis
2703 2560 2919 2615 crimini
2946 2560 3076 2617 dent
3106 2562 3385 2616 vocabulis

1812 2664 1920 2703 non
1972 2649 2188 2718 scriptis
2234 2664 2365 2705 usos
2415 2665 2577 2717 esse,
2619 2651 2835 2704 tametsi
2885 2666 2992 2704 non
3043 2649 3245 2722 impiis,
3291 2652 3383 2706 sed

1813 2742 1993 2812 potius
2019 2743 2084 2798 ad
2114 2743 2330 2798 illorum
2361 2743 2690 2813 impietatem
2715 2743 3061 2799 evertendam
3102 2743 3385 2809 aptissime

1811 2835 2024 2904 positis,
2050 2836 2150 2906 ipsi
2181 2851 2281 2892 sua
2310 2845 2505 2907 sponte
2543 2836 2786 2892 eamdem
2821 2852 2929 2892 non
2961 2837 3210 2893 dubitent
3255 2834 3384 2893 sub-

1813 2925 1892 2979 ire
1933 2927 2392 2993 criminationem,
2422 2927 2552 2984 dum
2605 2944 2767 2985 voces
2809 2945 2917 2984 non
2947 2931 3180 2999 scriptas
3222 2943 3384 2983 usur-

1815 3023 1966 3084 pant,
1997 3016 2351 3087 conviciaque
2394 3017 2707 3089 excogitant
2758 3017 3027 3074 adversus
3066 3017 3382 3081 Dominum,

1815 3122 1915 3162 nec
1943 3122 2007 3163 ea
2036 3117 2373 3178 cognoscunt
2404 3124 2526 3180 quae
2575 3109 2678 3179 ipsi
2723 3110 2914 3165 dicunt
2941 3119 2996 3165 et
3045 3119 3381 3166 asseverant.

1813 3199 2146 3270 Inter-rogent
2174 3201 2355 3271 itaque
2382 3202 2628 3272 gentiles,
2661 3218 2694 3256 a
2726 3203 2926 3271 quibus
2955 3201 3263 3272 hujusmodi
3297 3203 3384 3256 di-

1815 3291 1996 3346 dicere
2024 3293 2316 3349 dictionem
2365 3295 2491 3364 (nec
2527 3294 2672 3349 enim
2715 3294 3143 3365 Scripturarnm,
3185 3291 3281 3348 sed
3313 3294 3382 3346 il—

1815 3383 1993 3438 lorum
2024 3399 2130 3440 vox
2158 3385 2263 3440 ista
2305 3397 2671 3440 commentum
2701 3394 2786 3442 est
2806 3385 2847 3458 ),
2880 3394 2938 3440 ut
2965 3384 3130 3440 variis
3164 3385 3284 3452 ejus
3308 3384 3382 3438 si-

1815 3475 2255 3545 gniﬁcationibus
2282 3475 2483 3530 auditis
2528 3475 2831 3543 intelligant
2859 3490 2917 3530 se
2947 3490 3015 3529 ne
3043 3474 3109 3530 de
3144 3474 3230 3530 his
3260 3476 3384 3545 qui-

1813 3568 1960 3634 dem,
1983 3568 2050 3623 de
2080 3568 2279 3637 quibus
2303 3568 2600 3630 disserunt,
2633 3578 2777 3623 recte
2819 3566 2979 3639 35.3
3008 3582 3172 3623 nosse
3213 3567 3382 3621 inter-

1816 3674 2025 3728 rogare.
2079 3658 2190 3727 Ego
2239 3658 2382 3714 enim
2413 3669 2633 3730 propter
2679 3659 2799 3716 illos
2832 3661 2997 3716 didici
3023 3676 3132 3717 non
3176 3657 3380 3715 factum

1811 3752 1919 3808 dici
1967 3753 2113 3822 quod
2144 3754 2383 3808 nondum
2437 3751 2640 3808 factum
2671 3761 2773 3818 est,
2814 3752 2908 3807 sed
2936 3753 3052 3807 tieri
3093 3761 3292 3823 potest,
3319 3764 3381 3808 ut

1808 3844 2038 3915 lignum,
2088 3845 2233 3914 quod
2283 3844 2502 3915 quidem
2531 3844 2772 3900 nondum
2808 3845 3009 3914 scapha
3041 3844 3380 3909 estfactum,

1809 3938 1903 3994 sed
1951 3937 2068 3993 ﬁeri
2111 3948 2307 4008 potest.
2355 3937 2571 3995 Rursus
2613 3953 2722 3994 non
2757 3938 2963 3993 factum
3010 3946 3211 3994 vocant
3232 3940 3378 4008 quod

1809 4044 1989 4100 neque
2028 4028 2233 4084 factum
2266 4040 2349 4086 est
2404 4045 2580 4100 neque
2634 4045 2872 4100 unquam
2927 4029 3044 4084 ﬁeri
3094 4037 3292 4100 potest,
3323 4040 3379 4085 ut

1813 4119 2118 4190 triangulus
2147 4121 2590 4190 quadrangulus,
2651 4128 2708 4175 et
2743 4136 3007 4177 numerus
3053 4136 3152 4191 par
3182 4121 3379 4192 impar.

1811 4209 1921 4266 Nec
1941 4210 2087 4265 enim
2115 4212 2417 4281 triangulus
2441 4211 2846 4282 quadrangulus
2872 4227 3112 4282 unquam
3139 4211 3262 4278 fuit,
3289 4222 3378 4266 aut

1811 4319 2051 4374 unquam
2079 4302 2299 4358 futurus
2325 4313 2409 4359 est
2434 4322 2445 4357 :
2484 4318 2581 4358 nec
2606 4305 2732 4358 item
2762 4319 3025 4358 numerus
3048 4319 3146 4374 par
3170 4303 3272 4358 fuit
3298 4303 3380 4358 vel

1807 4395 1912 4450 erit
1940 4411 2177 4464 unquam
2230 4397 2424 4465 impar.
2455 4395 2723 4450 Praeterea
2776 4395 2978 4450 dicitur
3024 4411 3132 4450 non
3178 4393 3378 4450 factum

1740 4580 1783 4634 D
1807 4585 1916 4648 τον.
1951 4594 2005 4648 In
2038 4593 2260 4663 Seguer.
2288 4593 2440 4647 deest
2465 4593 2582 4662 μέν.
2613 4593 2715 4646 Alii
2740 4603 2918 4648 autem
2951 4602 3005 4648 et
3037 4593 3202 4649 editio
3223 4594 3376 4650 Com-

1806 4667 1955 4729 mel.,
2001 4663 2254 4732 λέγεσθαι
2303 4663 2402 4735 μὲν
2433 4664 2744 4736 ἀγέννητον.
2780 4665 2914 4720 Ibid.
2952 4665 3295 4735 Seguerian.,
3322 4667 3375 4718 τί

1890 4754 1994 4788 πω.

1809 4737 1994 4806 μήπω.

1879 4805 1991 4875 (52)
2033 4804 2377 4875 Seguerian.,
2412 4804 2582 4876 ξύλων
2617 4805 2784 4876 μήπω
2818 4805 2918 4876 μέν
2941 4803 3227 4876 γενόμενον
3251 4806 3372 4859 σκά-

1805 4871 1926 4946 φος,
1955 4871 2251 4947 δυνάμενον
2279 4876 2336 4929 δὲ
2360 4871 2830 4947 τοῦτο-γενέσθαι.⁷
2853 4871 3008 4947 Reg},
3036 4871 3191 4947 ξύλον
3217 4879 3376 4947 μήπω

1851 4947 1909 5000 ἐν
1941 4943 2230 5016 γενόμενον
2265 4947 2491 5015 σκάφος,
2520 4944 2816 5016 δυνάμενον
2847 4945 2903 4998 δὲ
2935 4943 3375 5016 γενέσθαιτ-Πιίιί.

1851 5012 2130 5086 eguerian.
2186 5012 2698 5086 Basili.'Aiiglicaii.
2728 5014 2877 5086 Reg.
2913 5012 3150 5086 et_Fe_lc.
3201 5013 3373 5086 5,xai

1810 5081 1992 5144 πάλιν.
2025 5087 2129 5140 Alii
2159 5094 2211 5140 et
2239 5086 2366 5138 editi
2399 5081 2696 5148 καὶάὗθις.
2728 5081 2862 5138 Item
2886 5084 3026 5154 ibid.
3059 5082 3376 5154 Seguerian.

1812 5157 1942 5230 Reg.
1971 5168 2024 5212 et
2056 5156 2201 5230 Felc.
2224 5155 2290 5230 _5,
2320 5156 2634 5230 ἀγέννητον.
2659 5154 2836 5230 Editio
2869 5153 3149 5230 Comma];
3164 5164 3220 5209 et
3266 5157 3376 5230 a_|ii,

1809 5223 2092 5298 ἀγένητον.
2122 5227 2341 5281 Addunt
2370 5223 2725 5298 itemibidetn
2748 5224 3080 5298 Seguerian.
3112 5223 3242 5298 Reg.
3281 5225 3374 5298 Bri.

1808 5293 2014 5353 siliens.
2048 5297 2330 5367 Anglican.
2365 5306 2418 5351 et
2441 5295 2585 5350 Felc.
2616 5295 2668 5359 5,
2703 5293 2978 5363 λέγεσθαι,
3005 5295 3150 5365 quod
3180 5293 3237 5350 iii
3265 5297 3374 5351 edi-

1807 5369 1876 5424 tis
1905 5377 1959 5422 et
1993 5368 2116 5423 aliis
2141 5366 2314 5420 deest.

1881 5438 1992 5508 (55)
2031 5437 2123 5492 Sic
2158 5436 2360 5508 Regius
2399 5433 2935 5508 codiex.AEditiivero
2967 5443 3020 5508 et
3055 5435 3170 5500 alii,
3207 5433 3287 5508 ᾡς
3318 5435 3372 5490 τί

1807 5497 2078 5594 τρίγοὲονν
2097 5497 2461 5594 “timeas
2484 5504 2734 5594 ἀριέεξάςέ
2754 5504 2901 5594 κοῦτε
2924 5506 3055 5594 χέειν
3080 5497 3182 5594 etc?
3207 5497 3373 5594 ιῖιίίξιο

1809 5575 1932 5649 post
1961 5575 2325 5649 Seguerian...‘
2350 5575 2537 5649 06§é6
2580 5576 2876 5649 ἄρτιος...2
2907 5575 3034 5649 οὐδὲ
3063 5577 3256 5646 γένοιτ’
3289 5577 3367 5631 ἄν.

1881 5649 1992 5720 (54)
2037 5644 2374 5720 Seguerian._
2394 5644 2704 5720 Goblerian.
2737 5658 2802 5720 et
2830 5645 2978 5720 Felc.
3012 5644 3372 5720 1,“ἀγένητον,

1809 5729 1863 5774 et
1890 5715 2040 5780 mox,
2081 5715 2152 5788 μῆ
2182 5717 2428 5788 γενηθέν.
2457 5716 2598 5772 Editi
2628 5724 2682 5772 et
2715 5716 2828 5784 alii,
2869 5716 3164 5788 ἀγέννητον
3205 5715 3257 5770 et
3303 5715 3371 5787 μὶ

1809 5789 2085 5862 γεννηθέν.
