3850 6218
379 331 459 391 ’15
961 333 1018 387 S.
1059 331 1434 388 ATHANASII
1471 332 1624 389 OPP.
1662 333 1845 391 PARS
1870 325 1929 391 AI.
1968 367 2038 377 ——
2079 335 2455 393 HISTORICA
2489 334 2577 391 ET
2618 334 3040 394 DOGMATICA.
3587 333 3660 391 76'

385 451 534 523 quod
556 449 775 522 quidem
804 448 1040 516 exsistit,
1063 449 1156 504 sed
1183 464 1252 505 ex
1279 449 1432 504 nullo
1455 458 1540 505 est
1560 458 1772 517 natum,
1795 451 1957 506 nemi-

2072 453 2299 525 γενηθὲν
2320 453 2377 506 δέ
2403 453 2465 506 ἐκ
2493 470 2659 516 τινος,
2700 451 2834 524 μηδὲ
2858 450 2997 514 ὅλως
3017 449 3140 520 ἔχον
3173 449 3367 504 ἐαυτοῦ
3399 464 3524 505 τινα
3552 467 3663 506 πα-

385 561 621 616 nemque
652 559 878 615 prorsus
919 544 1003 599 sui
1034 552 1244 614 patrem
1296 543 1480 598 habet.
1527 543 1775 599 Asterius
1825 559 1964 614 quo-

387 652 517 710 que,
549 636 792 706 sophista
843 634 1172 690 vaferrimus
1203 643 1256 690 et
1303 634 1528 691 haeresis
1573 645 1859 705 patronus,
1908 636 1966 691 in

386 726 611 798 proprio
637 725 901 796 opusculo
933 725 1141 780 addidit
1172 740 1282 780 non
1314 724 1517 781 factum
1565 742 1685 784 esse
1733 727 1788 782 id
1819 727 1967 798 quod

386 833 497 872 non
529 817 865 884 estfactum,
903 818 996 874 sed
1027 819 1174 888 quod
1212 833 1428 887 semper
1453 826 1556 872 est.
1605 818 1791 889 Itaque
1828 835 1967 890 quo~

385 924 514 963 nam
561 924 726 964 sensu
769 924 960 964 vocem
993 925 1100 963 non
1149 909 1278 965 facti
1337 911 1699 981 intelligerent
1741 927 1967 967 necesse

383 1009 501 1054 erat
547 1015 665 1066 eos,
701 1001 1112 1070 interrogando,
1163 1002 1471 1071 explicare,
1521 1012 1580 1057 ut
1614 1003 1867 1059 videlicet
1917 1007 1964 1060 is

384 1091 480 1161 qui
520 1091 982 1163 interrogabatur,
1005 1093 1108 1148 rite
1128 1102 1310 1164 posset
1337 1095 1682 1164 respondere.

457 1272 548 1328 51.
565 1272 724 1339 Quod
749 1273 796 1329 si
811 1289 871 1329 se
890 1284 1033 1330 recte
1049 1283 1241 1345 putant
1267 1275 1602 1347 interrogare
1621 1291 1747 1332 cum
1770 1277 1926 1332 aiunt
1947 1295 1961 1332 :

392 1365 644 1423 Unumne
671 1377 755 1424 est
786 1384 895 1424 non
924 1369 1150 1436 factum,
1178 1386 1245 1425 an
1270 1371 1416 1426 duo?
1457 1371 1692 1440 primum
1722 1371 1964 1441 quidem,

383 1468 448 1515 ut
473 1461 712 1532 imperiti
739 1502 754 1526 ,
794 1463 1033 1518 audituri
1071 1474 1199 1520 sunt
1247 1473 1302 1520 et
1347 1465 1516 1519 multa
1559 1473 1611 1519 et
1642 1465 1774 1519 nihil
1795 1479 1961 1520 esse:

382 1552 620 1623 plurima
645 1595 661 1621 ,
714 1555 936 1625 inquam
961 1596 974 1620 ,
1025 1571 1148 1624 qua;
1184 1571 1305 1611 esse
1354 1563 1625 1624 possunt;
1665 1555 1804 1610 nihil
1835 1568 1966 1609 vero

383 1645 534 1714 quod
567 1645 686 1699 ﬁeri
731 1661 839 1700 non
881 1655 1079 1715 queat,
1111 1648 1574 1716 quemadmodum
1601 1647 1809 1702 dictum
1857 1655 1962 1702 est.

387 1736 494 1792 Sed
534 1739 603 1803 si,
633 1739 922 1795 utAsterio
952 1741 1175 1810 placuit,
1213 1756 1322 1795 non
1359 1741 1411 1795 id
1439 1741 1585 1811 quod
1620 1739 1823 1794 factum
1859 1747 1961 1804 est,

2066 545 2219 616 τέρα.
2238 542 2551 614 Προσέθηκε
2586 543 2643 595 δὲ
2676 543 2768 596 κα)⁵
2796 546 2824 596 6
2856 540 3162 612 πανοῦργος
3196 542 3454 613 σοφιστὴς
3481 543 3665 598 Ἀστέ-

2071 651 2200 706 ριος,
2232 636 2260 686 6
2295 635 2388 686 καὶ
2406 634 2505 704 τῆς
2539 632 2804 704 αἱρέσεως
2841 633 3162 702 συνήγορος,
3195 632 3254 685 ἐν
3279 631 3358 702 τῷ
3393 632 3507 703 ίδίῳ
3525 652 3661 688 συν-

2070 726 2358 796 ταγματίῳ
2395 724 2507 792 (55)
2539 725 2733 793 λέγων,
2759 724 3022 796 ἀγένητον
3059 718 3276 777 εἶναιτὸ
3301 724 3375 794 μὴ
3409 726 3660 797 ποιηθὲν,

2066 818 2179 872 ἀλλ’
2213 819 2299 870 ἀεὶ
2325 817 2404 870 ὅν.
2439 816 2595 870 Κατὰ
2615 821 2764 870 ποῖον
2794 813 2885 870 οὖν
2909 815 3307 888 σημαινόμενον
3359 817 3540 870 νοοῦσι
3603 817 3667 870 τὸ

2067 911 2347 981 ἀγένητον,
2382 909 2487 962 ἔδει
2510 910 2898 980 προστιθέντας
2935 909 3134 971 αὐτούς
3184 910 3416 979 ἐρωτᾷν,
3444 909 3533 962 ἵνα
3568 914 3664 961 καὶ

2014 1040 2022 1049 .
2066 1006 2095 1057 6
2119 1002 2469 1073 ἐρωτώμενος
2495 1002 2670 1073 ὀρθῶς
2704 1003 3082 1075 ἀποκρίνηται.

2137 1281 2226 1335 5i.
2263 1281 2325 1332 Εἰ
2350 1279 2405 1332 δέ
2433 1279 2712 1350 νομίζουσι
2745 1276 2923 1340 καλῶς
2966 1276 3197 1347 ἐρωτᾷν,
3225 1276 3284 1328 ἐν
3317 1275 3396 1346 τῷ
3453 1273 3660 1342 λέγειν,

2073 1375 2169 1428 Ἓν
2188 1374 2246 1426 τὸ
2281 1373 2541 1443 ἀγένητον
2565 1371 2699 1442 (56),
2729 1370 2761 1440 ἢ
2785 1369 2907 1434 δύο;
2934 1368 3258 1422 ἀκούσονται
3287 1367 3504 1439 πρῶτον
3537 1368 3660 1437 μὲν,

2067 1467 2142 1532 ὡς
2175 1465 2427 1538 ἀμαθεῖς,
2450 1463 2623 1517 πολλά
2642 1480 2701 1516 τε
2725 1458 2864 1515 εἶναι
2891 1462 2986 1515 καὶ
3004 1461 3178 1523 οὐδὲν,
3209 1459 3438 1512 πλεῖστα
3469 1459 3569 1530 μὲν
3590 1458 3666 1512 τά

2065 1560 2337 1630 δυνάμενα
2363 1557 2632 1626 γενέσθαι,
2673 1556 2823 1608 οὐδὲν
2851 1555 2985 1607 δὲτὸ
3021 1553 3095 1624 μὴ
3124 1553 3442 1624 δυνάμενον,
3468 1551 3664 1625 ῶσπερ

2066 1652 2302 1724 εἴρηται.
2326 1652 2388 1704 Ei
2410 1650 2485 1714 δὲ,
2509 1647 2860 1718 ὼςἈστερίῳ
2888 1647 3053 1718 ἤρεσε
3069 1645 3206 1715 (57),
3226 1647 3285 1699 τὸ
3306 1645 3381 1717 μὴ
3420 1647 3660 1715 ποίημα,

2066 1745 2282 1798 ἀλλ’ἁεὶ
2313 1742 2370 1795 ὃν
2401 1741 2665 1811 ἀγένητον
2691 1737 2849 1802 εἶναι,
2868 1739 3038 1799 οὕτως
3067 1737 3363 1810 ἐρωτῶσιν·
3385 1739 3664 1791 ἀκουέτω-

383 1828 480 1882 Sed
520 1828 663 1898 quod
695 1843 911 1899 semper
936 1805 1058 1897 est,-
1074 1805 1181 1884 non
1216 1829 1420 1885 factum
1458 1805 1610 1898 esse,
1641 1830 1721 1886 sic
1751 1829 1825 1894 illi
1861 1831 1957 1884 hoc

2068 1849 2166 1886 σαν
2195 1831 2292 1902 οὑχ
2319 1805 2483 1894 ἅπαξ,
2517 1805 2653 1884 ἀλλά
2701 1828 2981 1891 πολλάκις,
3017 1805 3110 1880 ὃτι-
3145 1829 3238 1881 καὶ
3293 1830 3321 1881 6
3355 1828 3486 1892 Υίὸς
3513 1827 3664 1881 οὕτω

383 1934 550 1974 sensu
585 1920 956 1991 interrogant;
991 1922 1216 1976 audiant
1241 1938 1340 1977 nec
1380 1923 1548 1977 semel
1595 1922 1690 1976 sed
1739 1921 1960 1990 saepius,

382 2009 580 2065 Filium
612 2013 914 2066 secundum
946 2013 1087 2067 hanc
1133 2011 1584 2082 signiﬁcationem
1613 2027 1721 2066 non
1755 2011 1961 2066 factum

380 2115 541 2172 posse
577 2101 708 2156 dici.
745 2099 993 2172 Namque
1044 2117 1145 2157 nec
1195 2111 1280 2158 est
1314 2118 1380 2158 ex
1420 2103 1582 2158 rebus
1604 2100 1766 2157 factis
1791 2143 1806 2169 ,
1864 2116 1964 2156 nec

378 2209 538 2263 opus,
575 2195 670 2248 sed
721 2207 935 2262 semper
967 2208 1076 2248 una
1115 2209 1239 2248 cum
1287 2192 1448 2249 Patre
1484 2202 1588 2260 est,
1620 2196 1695 2249 uti
1717 2194 1828 2265 jam
1861 2192 1965 2248 fuit

375 2285 689 2356 probatum,
712 2287 928 2342 etiamsi
955 2287 1136 2341 varias
1159 2286 1236 2340 illi
1267 2285 1473 2342 formas
1500 2287 1749 2354 induant,
1779 2295 1837 2342 ut
1861 2288 1962 2340 im-

374 2377 466 2447 pia
494 2376 608 2433 bazc
633 2377 897 2433 adversus
929 2377 1219 2433 Dominum
1242 2381 1455 2449 possint
1482 2377 1727 2448 proferre
1754 2377 1917 2434 verba
1945 2397 1959 2434 :

377 2468 459 2523 Ex
507 2470 680 2526 nihilo
713 2480 836 2526 est:
872 2481 947 2530 et.
980 2470 1100 2526 Non
1148 2482 1268 2525 erat
1297 2481 1588 2541 antequam
1626 2481 1959 2526 nasceretur.

383 2559 542 2629 Quod
573 2563 619 2616 si
649 2563 801 2616 omni
847 2579 912 2617 ex
961 2572 1111 2632 parte
1135 2565 1365 2634 explosi,
1398 2564 1616 2618 demum
1658 2563 1828 2618 velint
1871 2564 1962 2618 illa

372 2667 512 2708 voce
556 2654 856 2724 signiﬁcari
907 2654 962 2709 id
983 2694 999 2720 ,
1031 2656 1174 2724 quod
1221 2655 1449 2710 exsistat
1478 2653 1723 2724 quidem,
1756 2669 1864 2708 non
1892 2655 1964 2710 sit

377 2753 560 2799 autem
592 2760 658 2800 ex
689 2746 875 2816 aliquo
899 2756 1102 2815 ortum,
1127 2761 1304 2816 neque
1334 2746 1420 2801 sui
1453 2745 1626 2814 ipsius
1648 2745 1844 2800 habeat
1867 2761 1963 2815 pa-

379 2845 557 2904 trem;
588 2839 1042 2907 respondebimus
1070 2855 1196 2894 eum
1236 2853 1398 2908 quem
1433 2838 1540 2892 hoc
1579 2838 1744 2892 modo
1793 2839 1964 2909 signi-

375 2931 562 2996 ticant,
595 2945 765 2984 unum
797 2947 861 2985 ac
906 2932 1085 2987 solum
1139 2947 1260 2987 esse
1305 2946 1415 2985 non
1451 2930 1654 2986 factum
1698 2930 1956 2986 Patrem:

375 3037 486 3093 quo
517 3023 738 3092 quidem
780 3039 1047 3094 responso
1081 3025 1254 3079 nihilo
1285 3023 1460 3109 magis
1485 3033 1613 3078 sunt
1641 3021 1956 3093 profecturi.

373 3113 486 3171 Nec
528 3116 674 3171 enim
723 3132 791 3171 ex
837 3132 942 3181 eo,
1001 3118 1147 3187 quod
1211 3116 1355 3173 Deus
1416 3117 1516 3172 hac
1579 3117 1796 3172 ratione
1847 3132 1954 3171 non
1987 3145 2032 3205 ο

374 3206 554 3264 factus
580 3209 816 3274 dicatur,
866 3210 1113 3280 sequitur
1151 3208 1357 3265 factum
1387 3225 1510 3265 esse
1561 3207 1786 3277 Filium,
1831 3225 1957 3265 cum

374 3313 443 3353 ex
488 3301 864 3370 superioribus
916 3301 1252 3368 argumentis
1313 3302 1521 3356 clarum
1572 3299 1645 3354 sit
1694 3301 1803 3354 tale
1832 3315 1956 3355 esse

374 3389 639 3457 Verbum,
668 3392 849 3462 qualis
899 3400 985 3446 est
1037 3393 1132 3462 qui
1185 3394 1362 3462 ipsum
1416 3392 1624 3464 genuit.
1688 3390 1956 3458 Quocirca

373 3485 588 3540 etiamsi
633 3483 779 3539 Deus
802 3485 875 3538 sit
911 3500 1020 3538 non
1057 3484 1260 3550 factus,
1292 3499 1402 3538 non
1438 3485 1642 3540 idcirco
1688 3485 1830 3540 facta
1862 3486 1954 3539 sed

374 3591 503 3631 vere
536 3577 730 3648 genita’
747 3587 830 3632 est
875 3576 996 3647 ejus
1038 3578 1241 3648 imago,
1298 3593 1421 3647 quae
1466 3578 1587 3648 ejus
1621 3587 1676 3633 et
1717 3577 1957 3633 Verbum

393 3677 451 3724 et
482 3668 759 3738 Sapientia
801 3679 904 3724 est.
941 3668 1122 3740 Ecqua
1149 3671 1293 3725 enim
1329 3670 1614 3725 intercedit
1660 3671 1958 3726 similitudo

379 3761 524 3818 inter
567 3779 683 3818 rem
711 3762 925 3817 \l‘actam
958 3773 1010 3817 et
1053 3777 1162 3816 non
1187 3762 1425 3817 factam?
1455 3759 1589 3816 Nam
1615 3763 1804 3817 eadem
1860 3778 1962 3817 sae-

373 3854 499 3924 pius
532 3855 714 3910 dicere
748 3854 823 3908 nil
846 3868 1012 3925 grave
1039 3853 1310 3908 videatur.
1347 3851 1405 3906 Si
1431 3854 1578 3908 enim
1607 3854 1660 3908 id
1685 3854 1833 3924 quod
1871 3853 1956 3908 fa-

376 3956 524 4000 ctum
561 3954 666 4012 est,
685 3947 860 4000 velint
910 3945 1090 4000 simile
1118 3960 1240 4000 esse
1263 3945 1385 4015 ejus
1421 3946 1566 4015 quod
1609 3961 1720 4000 non
1752 3945 1954 4000 factum

371 4045 478 4104 est,
510 4037 646 4092 adeo
671 4045 729 4090 ut
749 4037 844 4106 qui
883 4052 1052 4091 unum
1077 4036 1290 4102 viderit,
1318 4037 1467 4092 aliud
1497 4051 1717 4107 quoque
1743 4038 1952 4104 videat;

372 4143 570 4198 parum
615 4133 840 4184 omnino
885 4130 1122 4186 abfuerit
1165 4129 1298 4200 quin
1329 4130 1514 4185 dicant
1562 4130 1616 4185 id
1650 4130 1799 4200 quod
1843 4145 1954 4184 non

449 4351 564 4426 ('55)
599 4351 944 4426 Segue_rian.,
971 4353 1375 4426 συνταγματίῳ.
1402 4353 1547 4426 Editi
1582 4362 1635 4408 et
1679 4353 1799 4426 aﬁi,
1830 4369 1952 4406 συν-

373 4422 634 4495 τάγματι.
669 4423 806 4478 lbid.
857 4422 1248 4495 Seguerianus,
1280 4422 1590 4495 thlerian.
1628 4433 1682 4478 et
1711 4422 1857 4495 Felc.
1897 4429 1950 4489 1,

2064 1921 2207 1976 κατὰ
2229 1920 2433 1990 ταύτην
2459 1920 2556 1990 τὴν
2603 1919 2828 1990 ἐκδοχὴν
2856 1919 3119 1990 ἀγένητος
3176 1918 3288 1990 (58)
3318 1917 3384 1972 ἂν
3415 1917 3658 1989 λεχθείη.

2064 2013 2200 2067 Οὔτε
2235 2021 2348 2084 γὰρ
2373 2013 2481 2066 τῶν
2505 2012 2772 2083 γενητῶν,
2804 2010 2928 2064 οὔτε
2967 2011 3177 2082 ποίημά
3206 2013 3374 2074 ἐστιν,
3397 2009 3535 2064 ἀλλά
3565 2011 3667 2063 καὶ

2064 2107 2251 2170 ἀῖδίως
2283 2106 2496 2159 σύνεστι
2522 2103 2601 2176 τῷ
2625 2104 2823 2175 Πατρὶ,
2847 2101 3036 2174 ὥσπερ
3096 2102 3188 2155 καὶ
3223 2103 3325 2172 ἤδη
3358 2102 3659 2159 δέδεικται.

2064 2199 2168 2252 κᾶν
2197 2197 2459 2260 πολλάκις
2491 2194 2956 2267 μεταδάλλωνται,
3009 2194 3098 2246 ἵνα
3161 2193 3322 2264 μόνον
3383 2192 3524 2246 κατά
3558 2191 3663 2245 τοῦ

2063 2292 2269 2363 Κυρίου
2298 2290 2550 2358 λέγωσιν,
2621 2285 2711 2352 Ἐξ
2754 2288 2856 2339 οὐκ
2884 2287 3052 2340 ὅντων
3104 2285 3241 2350 ἐστὶ,
3269 2286 3383 2349 καὶ,
3422 2285 3538 2338 Οὐκ
3563 2281 3659 2355 ἦν,

2063 2387 2196 2458 πρὶν
2217 2385 2470 2456 γεννηθῇ.
2513 2384 2738 2438 Πάντων
2787 2383 2850 2454 δὴ
2881 2379 2974 2435 οὖν
3005 2381 3384 2443 ἐκπίπτοντες,
3424 2379 3520 2432 ἐάν
3562 2379 3660 2432 καὶ

2062 2481 2240 2534 ἐκεῖνο
2274 2478 2383 2551 (59)
2415 2477 2684 2548 θελήσωσι
2716 2475 2900 2528 λοιπὸν
2944 2474 3154 2545 ἐρωτᾷν
3201 2471 3344 2525 κατὰ
3379 2471 3440 2524 τὸ
3473 2470 3661 2540 ὑπάρ-

2063 2589 2157 2644 χον
2193 2572 2314 2642 μὲν,
2351 2572 2487 2641 μήτε
2516 2570 2573 2622 δέ
2616 2568 2874 2639 γεννηθὲν
2915 2567 2978 2620 ἐκ
3010 2583 3175 2629 τινος,
3212 2566 3346 2637 μήτε
3380 2565 3502 2635 ἐχον
3528 2566 3658 2620 ἐαυο

2063 2665 2155 2718 τοῦ
2190 2663 2430 2736 πατέρα’
2463 2661 2784 2716 ἀκούσονται
2809 2660 2906 2730 μὲν
2931 2660 3026 2712 καὶ
3061 2660 3189 2727 παρ’
3219 2657 3378 2729 ὴμῶν
3400 2657 3492 2709 τὸν
3510 2655 3664 2709 οὕτω

2065 2755 2461 2826 σημαινόμενον
2486 2752 2581 2806 ἕνα
2605 2752 2699 2804 καὶ
2735 2750 2894 2821 μόνον
2927 2749 3188 2818 ἀγένητον
3243 2746 3353 2818 (40)
3382 2742 3522 2801 εἶναι
3562 2747 3660 2800 τὸν

2062 2847 2303 2918 Πατέρα,
2334 2846 2486 2898 οὐδὲν
2521 2845 2576 2898 δὲ
2604 2844 2764 2897 πλέον
2793 2843 3004 2908 ἕξουσιν
3035 2843 3098 2895 ἐκ
3113 2842 3210 2894 τοῦ
3233 2841 3459 2894 τοιαῦτα
3487 2841 3657 2895 ἀκού-

2063 2956 2143 2993 ειν
2165 2938 2380 3002 αὐτούς.
2417 2937 2551 2990 Οὐδὲ
2583 2935 2691 3007 γὰρ
2747 2935 2808 2988 τὸ
2867 2934 3038 2998 οὕτως
3094 2934 3357 3004 ἀγένητον
3401 2932 3662 3001 λέγεσθαι

2063 3031 2154 3084 τὸν
2179 3029 2312 3082 Θεὸν
2335 3029 2576 3082 δείκνυσι
2599 3025 2826 3096 γενητὸν
2859 3025 2970 3095 (41)
3013 3019 3151 3077 εἶναι
3194 3024 3287 3077 τὸν
3321 3023 3468 3087 Υίὸν,
3489 3023 3660 3093 δήλου

2061 3123 2214 3185 ὄντος
2241 3119 2383 3175 κατὰ
2435 3119 2535 3183 τὰς
2587 3117 2997 3192 προειρημένας
3059 3115 3363 3180 ἀποδείξεις
3410 3113 3661 3168 τοιοῦτον

2066 3203 2206 3262 εἶναι
2237 3208 2329 3261 τὸν
2361 3206 2554 3276 Λόγον,
2587 3203 2700 3269 οἷός
2724 3208 2871 3258 ἐστιν
2903 3207 2931 3259 6
2985 3207 3253 3274 γεννήσας
3305 3204 3485 3257 αὐτόν.
3511 3206 3650 3258 Οὐκ-

2066 3300 2161 3354 οῦν
2212 3302 2260 3353 εἰ
2290 3299 2558 3370 ἀγένητος
2587 3297 2702 3369 (42)
2733 3300 2760 3351 ὁ
2799 3297 2950 3362 Θεὸς,
2991 3297 3050 3350 οὐ
3085 3296 3306 3368 γενητὴ,
3367 3296 3505 3350 ἀλλά
3529 3297 3649 3364 γέν-

2065 3393 2214 3466 νημά
2241 3395 2386 3446 ἐστιν
2412 3395 2445 3461 ἡ
2469 3391 2660 3444 τούτου
2685 3388 2869 3456 εἰκὼν,
2903 3391 3026 3460 ἥτις
3057 3390 3202 3442 ἐστὶν
3229 3391 3257 3440 6
3291 3389 3461 3458 Λόγος
3481 3389 3658 3442 abte-5

2063 3487 2158 3539 καὶ
2187 3487 2221 3555 ή
2257 3484 2445 3553 Σοφία.
2471 3482 2605 3535 Ποία
2631 3482 2740 3552 γάρ
2760 3483 2961 3553 ἐμφέρε
2973 3500 3025 3535 ια
3053 3481 3130 3552 τῷ
3159 3481 3373 3552 γενητῷ
3390 3482 3498 3553 (45)
3511 3482 3656 3551 πρὸς

2064 3577 2124 3630 τὸ
2153 3577 2414 3647 ἀγένητον
2432 3593 2446 3642 ;
2467 3575 2634 3628 Πάλιν
2660 3574 2767 3646 γὰρ
2782 3574 2851 3628 τά
2877 3573 3018 3627 αὐτά
3041 3573 3222 3642 λέγειν
3245 3574 3344 3626 οὐκ
3370 3573 3652 3643 ὀκνητέονο

2065 3669 2188 3722 ἐπεὶ
2214 3671 2262 3721 εί
2282 3669 2466 3738 ὅμοιον
2495 3667 2558 3720 τὸ
2589 3667 2816 3738 γενητὸν
2862 3665 2939 3737 τῷ
2971 3667 3223 3737 ἀγενήτῳ
3257 3664 3522 3726 θέλουσιν,
3575 3665 3654 3728 ὠς

2064 3761 2156 3814 τὸν
2185 3760 2399 3832 ὁρῶντα
2429 3759 2589 3812 τοῦτο
2647 3759 2868 3830 βλέπειν
2921 3762 3116 3824 ἐκεῖνο,
3152 3760 3212 3812 οὑ
3268 3759 3485 3831 μακράν
3509 3761 3659 3814 εἰσιν

2063 3853 2258 3917 εἰπεῖν,
2277 3852 2358 3905 ὅτι
2393 3851 2487 3904 καὶ
2507 3851 2568 3904 τὸ
2601 3851 2863 3922 ἀγένητον
2890 3850 3000 3921 (44)
3027 3851 3122 3904 καὶ
3155 3851 3472 3922 κτισμάτων
3500 3852 3658 3903 ἐστὶν

2063 3945 2245 4013 εἰκὼν,
2273 3947 2365 4000 καὶ
2396 3947 2581 4000 λοιπὸν
2615 3946 2890 4017 πέφυρται
2926 3947 3104 3999 πάντα
3154 3949 3285 4016 παρ’
3317 3947 3521 4008 αὐτοῖς,
3557 3961 3650 4012 γε-

2061 4037 2238 4110 νητῶν
2266 4037 2374 4108 (45)
2407 4039 2502 4109 μὲν
2531 4037 2780 4104 ἐξίσωσις
2815 4044 2950 4106 πρὸς
2978 4036 3038 4089 τὸ
3063 4035 3346 4107 ἀγένητον,
3377 4037 3656 4106 ἀγενήτου

2060 4130 2116 4182 δὲ
2179 4129 2496 4200 καθαίρεσις
2567 4129 2932 4200 μετρουμένου
2997 4129 3132 4199 πρὸς
3192 4129 3261 4182 τά
3328 4130 3652 4198 ποιήματα,

2060 4369 2242 4434 νητον,
2273 4353 2362 4434 hic
2391 4359 2446 4407 et
2473 4367 2624 4408 mox.
2651 4352 2759 4434 Alii
2791 4367 2926 4434 gero
2952 4361 3006 4434 et
3034 4351 3187 4434 edili,
3218 4351 3535 4434 ἀγέννητον.

2132 4424 2246 4492 (41)
2268 4422 2447 4494 ,Βοςη
2478 4423 2757 4494 γεννητόν.
2787 4422 2926 4477 Editi
2956 4430 3009 4494 et
3039 4423 3151 4487 alii,
3180 4423 3424 4494 γενητόν.

370 4474 557 4564 ὶζὲἑῶν
577 4474 854 4564 5.55:...
871 4474 886 4477 ⁷
901 4474 1053 4549 (sivit?
1068 4474 1154 4547 ἓξ
1167 4474 1269 4565 ᾖ
1289 4474 1588 4565 15.50:};
1602 4474 1734 4546 ἀλλ’*
1760 4474 1950 4565 eam;

2127 4474 2242 4564 με)
2265 4474 2924 4565 aetnaea;ilignea;
2945 4474 3245 4565 cqn..-13.
3263 4474 3422 4565 Fac;
3443 4493 3496 4555 I,
3523 4494 3646 4564 ἀγέ-

373 4563 520 4637 Ed’iti
533 4573 587 4620 et
603 4565 904 4637 ῃιὶἰέλέ-γων
916 4563 1369 4637 ἀγέννητονμεῖναι
1386 4563 1447 4617 τὸ
1469 4564 1543 4637 μὴ
1563 4565 1808 4634 ποιηθὲν,
1824 4563 1954 4637 *ἀλλ’

372 4637 461 4691 ἀεὶ
493 4634 574 4690 6v.
607 4633 741 4706 Ibid.
775 4633 1183 4706 Seguerianiet
1208 4635 1364 4706 Reg,
1395 4633 1541 4688 κατά
1575 4633 1724 4688 ποῖον
1751 4634 1950 4706 τοίνυν.

371 4706 540 4772 Editi,
573 4704 716 4761 κατὰ
745 4703 896 4758 ποῖον
924 4703 1038 4760 οὖν.
1071 4707 1202 4760 Item
1229 4703 1549 4775 Séguerian.
1589 4706 1744 4766 ibid.,
1774 4705 1952 4758 νοοῦσι

371 4777 443 4849 τὸ,
470 4777 772 4849 ἀγένητον.
820 4777 992 4849 Editi,
1019 4776 1209 4849 Δνοοῦσι
1257 4779 1316 4831 τὸ
1365 4776 1679 4846 ἀγέννητον..
1727 4775 1873 4830 Felc.
1919 4775 1953 4829 5

371 4847 504 4904 ibid.
513 4887 530 4911 ,
542 4917 548 4919 ἓ
559 4846 667 4919 ἔδει
695 4846 1181 4919 προσποιηθέντας.

469 4917 558 4988 56)
602 4915 965 4988 Seguerianu'
982 4917 1264 4988 ἀγένητον.
1295 4915 1435 4972 Editi
1459 4917 1771 4988 ἀγέννητον.

466 4987 557 5057 57)
597 4987 692 5042 Sic
726 5003 861 5041 mss.
893 4998 1087 5056 praeter
1111 4987 1257 5043 Felc.
1280 4988 1336 5051 2,
1367 4991 1483 5057 qui,
1513 4996 1572 5041 ut
1603 4987 1756 5057 ειιὶιί,
1790 5002 1948 5041 men-

369 5056 504 5128 dose
540 5056 704 5113 habet
747 5057 942 5128 ἦρησε.
975 5057 1108 5112 Μοκ
1167 5056 1558 5128 seguerianus.
1607 5056 1947 5128 Basiliensis,

367 5126 727 5199 Anglicanus,
771 5123 1085 5199 Goblerian.
1118 5137 1174 5199 et
1211 5126 1356 5199 Felc.
1392 5130 1442 5190 I.
1493 5128 1756 5199 ἀγένητον
1786 5123 1945 5180 εἶναι.

365 5195 510 5270 Editi
542 5199 735 5270 etalii,
754 5198 1063 5270 ἀγέννητον
1089 5195 1252 5253 εἷναι.
1290 5198 1459 5252 Paulo
1486 5209 1608 5268 post
1631 5195 1946 5269 Anglican,

366 5269 503 5324 ἀλλά
527 5269 622 5320 καὶ
653 5267 929 5332 πολλάκις.

441 5338 576 5413 (58)-
597 5338 1256 5413 Seguerianus,_Regius,
1305 5338 1646 5413 Basiliensis,
1691 5338 1946 5413 Anglica-

364 5406 493 5475 nus,
536 5406 855 5465 Goblerian.
893 5421 947 5464 et
992 5406 1306 5464 Felckman.
1358 5415 1408 5473 1,
1444 5409 1729 5477 ἀγένητος.
1779 5406 1945 5472 Editi,

364 5477 840 5552 ἀγέννητοςηΜοχ
867 5479 1015 5552 Felc.
1052 5479 1104 5543 5,
1143 5481 1253 5534 τῶν
1282 5481 1574 5552 γεννητῶν.
1609 5480 1716 5532 Alii
1744 5490 1798 5533 et
1828 5480 1946 5533 edi-

363 5553 442 5606 tio
465 5549 756 5613 Conimel.,
783 5551 1042 5620 γενητῶν.

432 5622 548 5692 (59)
592 5620 843 5690 Seguer.,
877 5619 996 5673 κατ’
1027 5622 1221 5674 ἐκεῖνο.
1248 5619 1418 5692 Paulo
1441 5631 1565 5691 post
1595 5619 1752 5690 Reg.,
1791 5636 1947 5689 γενη-

359 5690 453 5746 θέν
481 5690 543 5745 εκ
575 5709 738 5755 τινος.
780 5692 883 5763 Alii
913 5701 967 5745 et
992 5694 1146 5748 editi.
1181 5690 1463 5763 γεννηθέν.

431 5763 542 5829 (40)
572 5764 798 5832 Seguer.
820 5761 984 5820 Basil.
1013 5759 1225 5833 Anglic.
1249 5759 1468 5817 Goblor.
1493 5771 1544 5818 et
1571 5760 1716 5817 Felc.
1745 5760 1797 5830 1,
1824 5759 1947 5829 ἀγέ-

2056 4562 2236 4635 νητος.
2259 4564 2368 4635 _Alii
2399 4573 2452 4618 et
2481 4565 2635 4626 editi,
2664 4564 2977 4633 ἀγέννητος.
3010 4562 3144 4618 Ibid.
3176 4562 3321 4618 Felc.
3347 4563 3402 4626 5,
3427 4565 3486 4616 οὐ
3515 4562 3645 4634 γεν-

2056 4633 2213 4706 νητή.
2245 4633 2436 4706 caeteri
2464 4644 2522 4706 ει
2545 4635 2696 4706 editi,
2731 4635 2792 4687 οὐ
2823 4635 3047 4706 γενητῄ.

2152 4701 2428 4789 £5)‘Felc'.
2461 4703 2516 4770 5,
2544 4704 2621 4775 τῷ
2655 4701 2922 4789 γεννητῷ.
2944 4701 3098 4758 Idem
3134 4704 3368 4789 ibidket
3409 4703 3645 4789 Regius,

2054 4775 2192 4847 πρὸς
2223 4776 2284 4828 τὸ
2301 4775 2632 4847 ἀγέννητον.
2663 4776 2861 4847 caeteri
2885 4789 3026 4847 mss._
3052 4791 3175 4828 cum
3203 4775 3443 4847 editione
3474 4775 3644 4832 Com-

2055 4844 2206 4927 tn'el.,
2255 4845 2334 4914 τῷ
2366 4844 2578 4916 γενητῷ
2631 4845 2768 4968 πρὸς
2817 4845 2878 4897 τὸ
2930 4844 3212 4916 ἀγένητον.
3255 4844 3380 4899 Mox
3428 4847 3641 4915 Segne-

2055 4932 2220 4968 rian..
2266 4918 2387 4968 ἐπεὶ
2431 4917 2634 4968 ὅμοιον.
2706 4916 2812 4968 bid.
2857 4914 3003 4968 Felc.
3041 4916 3095 4968 5.
3141 4915 3202 4968 τὸ
3257 4917 3511 4968 γεννητὸν
3561 4918 3641 4968 τῶ

2053 4917 2220 4989 rian.,
2266 4914 2634 4989 ἐπεὶ-ὅμοιον.
2678 4914 2812 4970 Ibid.
2857 4914 3102 4989 οἱα-5,
3141 4915 3202 4968 τὸ
3257 4914 3522 4989 γεννητὸν
3561 4918 3646 4989 τῷ

2053 4987 2354 5057 ἀγεννήτῳ.
2387 4984 2545 5054 Reg,
2577 4986 2640 5057 τὸ
2686 4986 2912 5057 γενητὸν
2961 4984 3039 5057 τῷ
3081 4986 3382 5057 ἀγεννήτῳ.
3409 4984 3535 5039 Alii
3590 4984 3641 5043 et

2051 5059 2218 5112 editio
2246 5055 2539 5117 Cdmlnel.,
2571 5056 2632 5110 τὸ
2663 5055 2891 5127 γενητὸν
2922 5055 2999 5125 τῷ
3031 5055 3478 5127 ἀγενήτῳςιῑθηι
3537 5057 3644 5127 ibi-

2051 5128 2176 5207 dem
2211 5128 2438 5207 Seguer.
2486 5125 2799 5207 nglerizinl
2839 5137 2900 5207 ει
2947 5128 3090 5207 Ij‘elc.
3144 5125 3195 5190 1,
3229 5125 3643 5207 ὁρῶνταὶτοῦτο

2051 5196 2270 5319 ὲθλέςςτειν
2299 5200 2492 5252 ἐκεῖνο.
2539 5198 2682 5253 Editi
2714 5206 2768 5252 et
2804 5197 2918 5262 alii,
2949 5197 3163 5270 ὁρῶντα
3190 5195 3380 5250 τοῦτον
3416 5195 3640 5267 βλέπειν

2083 5285 2277 5319 κεινον.

2083 5285 2277 5321 κεινὸν.

2123 5339 2234 5409 (44)
2265 5337 2479 5410 Regius
2524 5338 2694 5410 codex
2729 5347 2784 5392 el.
2812 5337 2979 5410 Felc.,
3003 5339 3057 5405 5,
3085 5339 3402 5410 ἀγέννητον.
3434 5337 3539 5392 Alii
3585 5349 3639 5410 et

2051 5408 2222 5464 editio
2249 5409 2541 5480 Cunmiel.,
2586 5408 3044 5480 dYéV'q‘covLIbid.
3087 5411 3180 5464 καί
3227 5408 3354 5465 ante
3401 5409 3641 5477 x1:th-

2049 5495 2155 5531 των
2189 5481 2341 5534 deest
2362 5481 2414 5532 in
2443 5479 2760 5549 Seguerian’.
2791 5490 2845 5533 et
2870 5479 3002 5549 Reg.

2123 5549 2235 5620 (45)
2277 5549 2588 5620 Felckman.
2648 5550 2700 5620 5,
2756 5549 3038 5620 γεννητοῦ.
3096 5550 3291 5605 Caeteri
3349 5561 3404 5605 et
3463 5549 3640 5604 editio

2047 5617 2337 5692 Coinniel.,
2378 5619 2638 5690 γενητῶν.
2682 5619 2816 5692 Ibid.
2864 5617 2998 5692 Reg.
3040 5631 3094 5675 et
3135 5620 3280 5674 Felc.
3317 5621 3370 5687 5,
3405 5621 3540 5692 πρὸς
3565 5620 3643 5692 -τὸ

2047 5689 2364 5762 ἀγέννητον,
2402 5689 2696 5762 ἀγεννήτου
2739 5691 2795 5744 δὲ
2828 5689 3163 5762 καθαίρεσις.
3205 5692 3308 5744 Alii
3348 5689 3470 5762 cuni
3510 5690 3640 5745 edi-

2049 5761 2196 5818 tione
2222 5761 2512 5829 Commel.,
2547 5761 2682 5834 πρὸς
2711 5761 2772 5814 τὸ
2814 5761 3097 5834 ἀγένητον,
3127 5763 3393 5832 ἀγενήτου
3417 5761 3497 5826 δέ,
3522 5771 3641 5819 etc.
