3850 6218
281 326 353 388 77
1388 329 1648 386 ORATIO
1687 332 1705 385 ι
1742 330 2017 386 CONTRA
2060 327 2383 394 ARIANOS.
3465 324 3534 380 78

279 451 368 502 ἵνα
404 446 564 520 μόνον
626 445 718 502 τὸν
748 447 875 503 Υἱὸν
935 449 996 503 ὲν
1051 453 1162 515 τοίς
1213 469 1478 525 ποιημασι
1548 453 1856 522 καταγάγω-

1973 453 2174 508 factum
2216 465 2297 510 est
2329 472 2510 510 rerum
2539 465 2841 510 creatarum
2887 451 3180 521 imaginem
3217 464 3380 504 esse:
3417 464 3536 518 prm-

281 559 367 595 σιν
397 540 531 612 (46).

1971 545 2203 618 indeque
2252 547 2436 601 omnia
2464 547 2532 600 ab
2563 547 2698 616 ipsis
2721 544 3161 607 confunduntur;
3205 557 3330 596 nam
3365 551 3419 594 et
3443 553 3533 594 res

280 635 454 691 factas
502 652 628 690 cum
658 651 724 693 eo
757 639 850 709 qui
876 654 984 693 uon
1017 641 1196 695 factus
1227 647 1309 694 est
1342 641 1648 711 adaequant,
1680 649 1736 697 et
1773 656 1922 702 eum,
1992 642 2085 712 qui
2121 656 2230 696 non
2294 641 2473 696 factus
2506 640 2670 713 3M
2710 649 2815 706 est,
2849 653 3018 710 usque
3041 639 3108 692 ad
3139 653 3228 692 res
3255 634 3425 690 factas
3448 633 3536 688 de-

280 732 546 802 primunt,
572 733 736 803 idque
771 744 982 790 tantum
1018 744 1077 790 ut
1105 734 1304 790 Filium
1341 738 1480 792 inter
1509 738 1655 808 ipsas
1687 751 1778 794 res
1821 735 1996 793 factas
2027 738 2318 793 colloceut.

353 827 445 881 5‘2.
495 827 631 880 Ἀλλ’
686 828 808 881 οὐδὲ
855 830 1054 893 αὐτοὺς
1103 827 1256 899 οἶμαι
1298 830 1522 900 θελῆσαι
1572 830 1751 900 λέγειν
1782 831 1860 885 ἔτι

280 919 348 972 τά
379 918 626 983 τοιαῦτα,
662 919 756 974 ἐὰν
800 921 1060 992 Ἀστερίῳ
1096 939 1159 991 γε
1191 923 1269 993 τῷ
1293 928 1516 996 σοφιστῇ
1546 924 1858 980 πείθωνται.

291 1010 533 1074 Ἐκεῖνος
559 1010 689 1082 γὰρ,
721 1011 922 1084 καίπερ
956 1011 1067 1083 (47)
1103 1015 1418 1078 σπουδάζων
1451 1019 1765 1086 συνηγορεῖν
1793 1019 1858 1087 τῇ

292 1102 543 1173 Ἀρειανῇ
579 1103 810 1174 αἱρέσει,
841 1105 934 1156 καὶ
977 1101 1152 1172 λέγων
1182 1104 1240 1157 ἒν
1280 1101 1418 1159 εἶναι
1473 1106 1532 1159 τὸ
1576 1107 1858 1178 ἀγένητον,

280 1195 347 1248 τά
372 1197 590 1260 ἐναντία
615 1197 824 1259 τούτοις
869 1197 1322 1266 ἀντιφθέγγεται,
1384 1199 1555 1269 λέγων
1611 1201 1706 1254 καὶ
1761 1201 1859 1272 τὴν

282 1288 475 1355 σοφίαν
496 1288 590 1340 τοῦ
614 1288 747 1341 Θεοῦ
783 1289 1046 1359 ἀγένητον
1079 1291 1189 1361 (48)
1248 1289 1344 1345 καὶ
1403 1293 1637 1363 ἄναρχον
1698 1289 1857 1357 εἶναι,

280 1381 372 1431 xal
397 1379 514 1432 ἔστι
553 1380 734 1451 μέρος,
771 1375 844 1434 ὧν
900 1381 1128 1453 ἔγραψε,
1167 1383 1338 1437 ταῦτα
1376 1401 1391 1416 ο
1429 1404 1446 1436 ι
1490 1386 1602 1439 Οὐκ
1631 1380 1783 1440 εἶπεν
1832 1387 1861 1440 ὁ

284 1470 554 1541 μακάριος
614 1471 844 1536 Παῦλος,
876 1470 1110 1544 Χριστὸν
1154 1476 1447 1547 κηρύσσειν
1485 1476 1581 1549 τὴν
1606 1477 1699 1530 τοῦ
1727 1477 1860 1531 Θεοῦ

282 1560 601 1632 δύναμιν,ἢ
660 1561 758 1632 τὴν
799 1562 891 1615 τοῦ
934 1564 1068 1617 Θεοῦ
1121 1566 1332 1634 σοφίαν,
1395 1567 1530 1621 ἀλλὰ
1589 1569 1711 1639 δίχα
1761 1569 1862 1639 τῆς

284 1653 622 1726 προσθήκης,
654 1653 881 1725 δύναμιν
914 1655 1046 1709 Θεοῦ
1085 1657 1176 1710 καὶ
1217 1657 1350 1710 Θεοῦ
1389 1659 1577 1728 σοφίαν
1607 1660 1738 1730 (49),
1769 1660 1861 1714 ἀλ·-

2039 832 2130 886 52.
2173 830 2375 888 Verum
2409 847 2506 887 nec
2547 831 2698 902 ipsos
2729 831 2964 885 arbitror
2995 845 3058 884 ea
3093 827 3326 898 amplius
3363 839 3528 881 ausu-

1969 937 2059 977 ros
2083 923 2281 991 dicere,
2316 924 2362 980 si
2406 924 2621 978 Asterio
2649 922 2906 992 sophistas
2937 921 3104 976 velint
3135 920 3532 988 obtemperare.

1968 1012 2063 1067 llle
2085 1015 2253 1080 enim,
2284 1013 2502 1069 tametsi
2527 1013 2742 1066 Arianae
2796 1012 2988 1067 haeresi
3014 1011 3194 1077 studet
3217 1009 3509 1079 suffragari

1967 1117 2246 1175 unumque
2265 1120 2386 1160 esse
2415 1120 2522 1159 non
2554 1104 2756 1160 factum
2781 1103 3032 1168 aﬂirmat,
3057 1103 3328 1160 contraria
3355 1112 3532 1155 lanit‘ll

1967 1196 2075 1251 illis
2105 1197 2366 1267 loquitur,
2403 1197 2599 1266 quippe
2625 1197 2719 1266 qui
2763 1197 2906 1251 dicat
2943 1195 3039 1252 Dei
3074 1195 3394 1265 sapientiam
3424 1211 3532 1247 non

1965 1287 2161 1342 factam
2194 1299 2247 1342 et
2275 1288 2524 1358 principii
2555 1297 2830 1358 expertem
2867 1301 3010 1353 esse,
3041 1295 3104 1341 ut
3144 1301 3211 1340 ex
3237 1285 3356 1355 ejus
3391 1285 3531 1339 scri-

1965 1379 2093 1449 ptis,
2120 1394 2350 1448 quorum
2392 1379 2505 1432 haec
2537 1393 2666 1448 pars
2709 1392 2811 1442 εει,
2846 1379 2972 1433 licet
3002 1378 3327 1448 perspicere.
3366 1395 3384 1428 ι
3415 1375 3530 1430 Non

1965 1473 2124 1538 dixit,
2158 1474 2334 1542 inquit
2367 1474 2455 1529 ille
2476 1515 2491 1541 ,
2533 1474 2723 1527 beatus
2756 1471 2958 1526 Paulus
2996 1487 3055 1525 se
3085 1469 3364 1524 Christum
3399 1484 3530 1538 prae-

1966 1563 2147 1618 dicare
2171 1562 2264 1616 Dei
2300 1563 2554 1617 virtutem
2593 1563 2676 1616 vel
2701 1561 2791 1616 Dei
2833 1560 3180 1629 sapientiam,
3206 1559 3297 1612 sed
3329 1558 3530 1626 absque

1967 1652 2344 1723 adjunctione,
2394 1653 2487 1709 Dei
2545 1654 2798 1708 virtutem
2847 1661 2902 1706 et
2940 1650 3034 1706 Dei
3077 1650 3398 1720 sapientiam
3443 1650 3490 1680 "
3517 1691 3530 1710 .

280 1743 378 1816 λην
410 1746 508 1816 μὲν
539 1739 678 1799 εῖναι
710 1745 806 1817 τὴν
842 1745 978 1800 ἰδίαν
1007 1744 1171 1801 αὐτοῦ
1204 1749 1297 1802 τοῦ
1331 1750 1464 1804 Θεοῦ
1494 1751 1741 1822 δύναμιν,
1770 1752 1856 1822 τὴκ

1967 1745 2127 1798 aliam
2163 1745 2381 1815 quidem
2415 1759 2537 1799 esse
2573 1745 2774 1798 docens
2797 1742 3072 1812 prOpriam
3102 1741 3272 1811 ipsius
3305 1739 3397 1794 Dei
3423 1740 3522 1792 vir-

281 1835 526 1908 ἔμφυτον
551 1838 721 1892 αὑτοῦ
773 1834 866 1892 κα).
924 1841 1370 1912 συνυπάρχουσαν
1403 1843 1552 1913 αὑτῷ
1584 1843 1860 1914 ἀγενήτως

279 1927 624 2000 κηρύσσων.)
655 1931 765 1984 Kal
791 1931 952 1986 πάλιν
1003 1923 1118 2003 μετ’
1139 1933 1313 2002 ὀλίγα·
1353 1953 1371 1986 ι
1398 1937 1591 1990 Καίτοι
1620 1953 1684 2005 γε
1706 1931 1738 2007 ἠ
1760 1935 1862 2007 μὲν

280 2020 449 2085 ἀΐδιος
481 2020 646 2075 αὐτοῦ
695 2015 922 2092 δύναμις
965 2026 1058 2078 καὶ
1091 2025 1271 2093 σοφία,
1303 2027 1368 2097 ἢν
1401 2020 1636 2098 ἀναρχὸν
1663 2043 1723 2079 τε
1771 2027 1863 2080 καὶ

278 2115 542 2185 ἀγένητον
565 2115 740 2186 (50)οἱ
764 2112 862 2186 τῆς
893 2115 1148 2186 ἀληθείας
1174 2119 1559 2188 ἀποφαίνονται
1593 2119 1860 2190 λογισμοὶ,

281 2204 383 2274 μία
410 2204 475 2258 ἂν
505 2204 593 2276 είη
621 2205 888 2277 δήπουθεν
916 2209 1010 2260 καὶ
1041 2209 1201 2279 αὐτή.
1239 2227 1258 2260 ι
1285 2203 1347 2261 Εἰ
1377 2209 1485 2280 γὰρ
1524 2211 1620 2264 καὶ
1655 2211 1728 2282 μὴ
1761 2229 1861 2264 κα-

279 2295 388 2358 λῶς
421 2291 618 2367 νοήσας
656 2296 829 2350 τὸτοῦ
871 2296 1190 2352 Ἀποστόλου
1224 2295 1407 2371 ῥητὸν,
1441 2301 1689 2372 ἐνόμισεν
1720 2298 1860 2357 εἶναι

277 2385 372 2439 δύο
421 2387 648 2456 σοφίας,
702 2387 816 2440 ἀλλ’
865 2389 1015 2460 ὅμως
1064 2391 1512 2462 συνυπάρχουσαν
1551 2393 1700 2463 αὐτῷ
1749 2394 1862 2464 (5i)

277 2477 547 2547 ἀγένητον
588 2476 779 2545 σοφίαν
833 2472 1090 2548 εἰρηκὼς,
1153 2480 1336 2532 οὐκέτι
1363 2479 1421 2534 ἓν
1483 2481 1544 2532 τὸ
1581 2483 1864 2553 ἀγένητον,

277 2568 418 2622 ἀλλά
455 2569 549 2621 καὶ
576 2569 761 2640 ἕτερον
818 2567 1021 2640 ἔφησεν
1052 2571 1316 2642 ἀγένητον
1371 2567 1509 2625 εἶναι
1569 2575 1666 2627 σὺν
1693 2575 1862 2646 αὐτῷ.

278 2659 356 2712 Τὸ
401 2660 509 2730 γάρ
553 2659 894 2732 συνυπάρχον
919 2662 1017 2732 οὐχ
1037 2663 1214 2734 ἑαυτῷ
1244 2663 1357 2717 ἀλλ’
1388 2663 1562 2738 ἑτέρῳ
1588 2665 1865 2739 συνυπάρ-

278 2767 387 2824 χει.
431 2749 504 2805 Ἦ
534 2747 715 2807 τοίνυν
746 2754 1008 2826 Ἀστερίῳ
1041 2756 1375 2827 πειθόμενοι,
1430 2759 1626 2831 μηκέτι
1658 2760 1866 2832 ἐρωτά-

277 2855 480 2907 τωσαν,
513 2845 609 2898 Ἐν
641 2845 700 2899 τὺ
729 2844 992 2917 ἀγένητον
1046 2847 1178 2918 (52),
1215 2848 1416 2919 ἢδύω;
1447 2850 1531 2904 ἵνα
1555 2851 1628 2922 μὴ
1661 2851 1736 2915 ὡς
1760 2853 1862 2922 ἀμ-

278 2936 631 3004 φιϐάλλοντες
664 2939 944 3009 μάχωνται
985 2939 1122 3013 πρὸς
1165 2943 1392 2994 ἐκεῖνον’
1420 2941 1453 3011 ἢ
1480 2945 1527 2995 εί
1560 2942 1865 3003 ἐναντιοῦν-

277 3043 368 3081 ται
395 3029 630 3100 κάκείνῳ
667 3031 740 3101 μὴ
764 3030 1227 3103 ὲπερειδέσθωσαν
1256 3033 1420 3092 αὑτοῦ
1440 3034 1518 3110 τῷ
1547 3050 1872 3111 συνταγμα-’

1961 1845 2154 1900 tutem,
2170 1835 2381 1906 ipsique
2402 1831 2663 1901 innatam,
2683 1848 2746 1888 ac
2763 1833 2922 1888 simul
2941 1848 3063 1886 cum
3084 1846 3149 1886 eo
3163 1833 3529 1895 exsistentem,

1962 1938 2016 1982 et
2048 1942 2154 1981 non
2190 1927 2410 1982 factam.
2442 1955 2461 1979 ι
2497 1925 2563 1980 Ει
2591 1927 2752 1996 paulo
2785 1935 2910 1996 post
2940 1943 2952 1978 :
2990 1943 3009 1976 ι
3043 1924 3302 1990 Quamvis
3333 1923 3504 1991 sempi

1963 2027 2117 2072 terna
2164 2016 2284 2089 ejus
2308 2019 2483 2073 virtus
2512 2027 2566 2074 et
2593 2018 2859 2088 sapientia
2884 2058 2900 2083 ,
2929 2032 3093 2087 quam
3139 2014 3391 2086 principii
3433 2030 3528 2068 ex-

1963 2117 2170 2178 pertem
2201 2119 2257 2163 et
2285 2124 2394 2164 non
2429 2109 2628 2164 iactam
2665 2125 2787 2165 esse
2815 2125 2942 2164 vera
2969 2108 3109 2163 ratio
3138 2108 3396 2170 declarat,
3422 2122 3528 2160 una

1963 2216 2094 2256 sane
2115 2210 2168 2256 et
2188 2201 2376 2256 eadem
2409 2201 2595 2256 fuerit.
2632 2219 2651 2254 ι
2707 2200 2858 2256 Licet
2883 2202 3029 2255 enim
3081 2195 3263 2255 verbis
3289 2198 3528 2269 Apostoli

1921 2293 1928 2308 ‘
1963 2305 2072 2344 non
2109 2290 2249 2345 bene
2288 2291 2578 2346 intellectis
2627 2290 2762 2345 duas
2789 2304 2910 2344 esse
2939 2289 3240 2358 sapientias
3255 2288 3502 2342 existima

1963 2383 2068 2449 rit;
2103 2392 2285 2437 tamen
2313 2398 2438 2438 cum
2465 2382 2664 2437 dixerit
2691 2382 3036 2451 sapientiam,
3062 2395 3184 2449 qua:
3209 2380 3375 2435 simul
3403 2395 3528 2436 cum

1965 2473 2075 2528 Deo
2104 2474 2338 2540 exsistit,
2390 2489 2498 2528 non
2533 2472 2732 2528 factam
2756 2488 2878 2529 esse
2902 2513 2916 2537 ,
2948 2488 3056 2527 non
3077 2473 3191 2542 jam
3227 2486 3394 2527 unum
3421 2487 3527 2526 non

1963 2563 2194 2631 factum,
2224 2566 2318 2620 sed
2349 2565 2496 2620 aliud
2522 2581 2737 2636 quoque
2765 2581 2873 2621 non
2910 2564 3112 2620 factum
3135 2580 3258 2620 cum
3291 2565 3384 2620 illo
3409 2579 3526 2618 esse

1965 2656 2280 2712 declaravit.
2337 2654 2472 2712 Nam
2527 2660 2672 2729 quod
2711 2658 2874 2714 simul
2911 2659 3164 2722 exsistit,
3221 2671 3332 2711 non
3371 2655 3525 2711 simul

1965 2763 2089 2803 cum
2121 2749 2298 2818 seipso
2329 2750 2422 2804 sed
2454 2765 2578 2804 cum
2601 2750 2708 2804 alio
2735 2750 2968 2805 exsistit.
2998 2748 3095 2804 Vel
3122 2749 3287 2817 igitur
3315 2747 3528 2803 Asterio

1965 2840 2375 2906 auscultantes,
2421 2856 2528 2896 non
2579 2841 2813 2912 amplius
2868 2843 3242 2912 interrogent:
3275 2838 3527 2896 Unumne

1965 2930 2038 2988 sit
2091 2947 2199 2984 non
2251 2929 2476 2997 factum,
2533 2947 2600 2987 an
2625 2933 2776 2987 duo?
2807 2949 2874 2987 ne
2902 2942 3159 3002 tanquam
3203 2931 3528 2987 dissidentes

1964 3042 2089 3081 cum
2124 3039 2188 3083 eo
2240 3033 2500 3099 pugnent.
2551 3026 2658 3079 Aut
2687 3025 2734 3080 si
2780 3026 2827 3080 ei
2857 3026 3234 3090 adversantur,
3285 3025 3527 3094 ejusdem

277 3118 402 3190 τίῳ,
442 3120 527 3173 ἵνα
562 3121 636 3192 μὴ
668 3121 778 3195 (55)
824 3123 1085 3198 ἀλλήλους
1112 3129 1397 3193 δάκνοντες
1455 3129 1559 3183 ὑπὸ
1618 3131 1856 3203 ἀλλήλων

1965 3119 2283 3174 lihroinuiti
2309 3120 2582 3186 desinant,
2630 3135 2698 3175 ne
2735 3135 2795 3175 se
2838 3116 3072 3175 invicem
3117 3116 3417 3171 lacerantes
3444 3154 3459 3178 ,
3497 3130 3527 3169 a

278 3209 620 3269 ἀναλωθῶσι.
641 3217 751 3269 Kal
779 3216 951 3270 ταῦτα
981 3217 1080 3288 μὲν
1114 3219 1180 3272 δι’
1214 3217 1408 3288 ὀλίγων
1437 3217 1574 3292 πρὸς
1601 3221 1699 3293 τὴν
1721 3223 1864 3292 ἀμα-

279 3303 406 3356 θίαν
437 3304 616 3359 αὐτῶν
641 3306 899 3377 εἰρήσθω.
930 3307 1074 3380 Πρὸς
1101 3308 1159 3361 δέ
1201 3323 1266 3378 γε
1313 3308 1412 3382 τὴν
1439 3311 1742 3382 πανοῦργον
1765 3307 1864 3366 αὖ·

275 3393 389 3445 τῶν
419 3396 736 3466 προαίρεσιν
787 3397 843 3450 τί
899 3398 1152 3451 τοσοῦτον
1182 3399 1246 3454 ἀν
1297 3415 1380 3464 τις
1420 3401 1600 3469 εἴποις
1643 3403 1739 3468 Τίς
1765 3405 1864 3457 αὐ-

275 3486 408 3548 τοὺς
435 3485 536 3538 οὐκ
576 3485 658 3539 ἂν.
691 3487 864 3548 οὕτως
916 3489 1274 3560 μαινομένους
1326 3493 1574 3562 μισήσειε
1607 3492 1860 3561 δικαίως;

290 3572 511 3647 Ἐπειδὴ
535 3579 642 3648 γὰρ
665 3579 846 3632 οὐκέτι
869 3581 1180 3652 παρρησίαν
1216 3580 1428 3650 ἔχουσιν
1461 3586 1518 3636 ὲν
1548 3583 1626 3655 τῷ
1654 3585 1852 3654 λέγειν,

290 3663 382 3732 Ἐξ
407 3669 508 3721 οὐκ
526 3669 842 3736 δντων,κα“ι,
871 3673 984 3726 Οὐκ
1005 3669 1094 3744 ἦν,
1122 3674 1251 3745 πρὶν
1279 3675 1534 3746 γεννηθῇ,
1561 3672 1858 3746 ὲπενὸησαν

275 3758 492 3824 ἑαυτοῖς
517 3762 630 3832 (54)
683 3763 783 3834 τὴν
834 3763 929 3818 τοῦ
961 3765 1224 3838 ἀγενήτου
1256 3766 1418 3834 λέξιν,
1463 3769 1550 3823 ἴνα
1598 3769 1687 3822 τὸν
1730 3769 1857 3822 Υίὸν

274 3852 504 3921 γενητὸν
528 3854 677 3924 παρὰ
711 3858 820 3917 τοῖς
852 3856 1128 3926 ἀκεραίοις
1183 3856 1452 3926 λέγοντες,
1505 3858 1644 3912 αὺτά
1698 3859 1859 3912 πάλιν

276 3944 462 3995 ἐκεῖνα
489 3942 555 3995 τά
589 3944 829 4014 ῥήματα,
856 3944 917 3997 τὸ
957 3944 1045 4008 Ἐξ
1065 3945 1165 3998 οὐκ
1196 3945 1384 4010 ὄντων,
1437 3945 1612 4000 καὶτὸ
1635 3947 1746 4000 Οὐκ
1789 3942 1859 4028 ἦν

346 4119 396 4151 ’⁸
435 4117 455 4171 l
503 4118 629 4174 Cor.
656 4137 695 4185 ι,
725 4117 812 4174 24.

350 4295 464 4367 (46)
501 4298 740 4374 Anglia,
754 4301 1094 4374 καταγωσιν.
1114 4301 1243 4374 Mox
1280 4299 1505 4374 seguer.
1534 4302 1664 4374 Reg.
1695 4302 1850 4358 Basio

275 4367 438 4438 licus.
485 4368 696 4438 Anglic.
742 4367 958 4426 Gobler.
1007 4381 1060 4426 et
1112 4367 1254 4427 Felc.
1308 4367 1471 4437 ίξέτι
1511 4367 1847 4428 τὰτοιαῦτα.

276 4437 419 4491 Editi
457 4447 512 4492 et
544 4437 657 4503 alii,
688 4439 769 4494 ἔτι
799 4439 1041 4494 τοιαῦτα.

374 4486 1106 4578 i7)"séig'ifei."déiiifﬂio.
1141 4513 1193 4574 t.
1228 4511 1422 4566 καίτοι.
1466 4512 1607 4567 Editi
1636 4522 1690 4567 et
1732 4515 1846 4578 alii,
1884 4486 1926 4540 θ

351 4507 463 4614 ς4ἶ)
509 4507 730 4578 Seguer.
774 4509 929 4565 Gobl.
960 4510 1106 4565 Felc.
1141 4513 1193 4574 1,
1228 4511 1422 4594 καίτοι.
1466 4512 1607 4594 E_diti
1636 4522 1690 4567 et
1732 4515 1846 4578 alii,

273 4589 501 4653 Ξατπςρ.
547 4579 712 4653 Paulo
746 4589 866 4653 post
906 4580 1129 4653 Seguer.
1158 4579 1326 4653 Basil.
1360 4584 1568 4653 Anglic.
1603 4579 1759 4653 Gobl.
1795 4594 1850 4638 et

274 4645 422 4700 Felc.
448 4645 520 4711 vi,
550 4648 607 4700 ἒν
643 4645 778 4703 εἶναι
819 4650 880 4702 τὸ
907 4645 1189 4722 ἀγένητον.
1231 4651 1370 4707 Editi
1398 4645 1590 4721 et'alii,
1620 4653 1678 4708 ἒν
1711 4650 1847 4708 εἶναι

271 4716 337 4770 τὸ
369 4717 682 4771 ἀγέννητον.

474 4735 565 4771 ννη
572 4735 661 4770 τον
669 4759 682 4771 .

349 4733 710 4912 ((45)νῖίὲεέἷῶ
737 4795 792 4842 et
833 4788 976 4843 Felc.
1010 4790 1064 4856 5,
1093 4792 1406 4863 ἀγέννητον.
1451 4792 1554 4846 Alii
1597 4802 1650 4847 et
1682 4793 1847 4849 editio

349 4857 544 4910 imlllt’I.
625 4858 872 4912 γένητον.
913 4858 1034 4912 Mox
1072 4859 1296 4912 Seauer.
1325 4862 1544 4912 Goliler.
1593 4873 1648 4912 et
1695 4862 1842 4912 Felc.

273 4855 544 4935 gomiiiel.
587 4855 872 4935 ἀγένητον.
913 4855 1544 4935 Μρξξδοέυεῄϐοὺίθν.
1593 4873 1648 4917 et
1695 4862 1842 4935 Felc.

276 4926 333 5047 it,
363 4925 556 4980 ταῦτα.
594 4923 706 4980 υῦκ
740 4923 912 4984 εἶπεν.
953 4929 1091 4986 Editi
1134 4923 1188 4986 οἰ
1218 4931 1332 5000 alii,
1371 4932 1563 4986 ταῦτα.
1606 4934 1718 4986 Kal
1748 4935 1848 4986 οὐκ

276 5011 303 5047 ε
332 5012 454 5047 πεν.

274 5011 454 5051 ειπεν.

348 5065 461 5137 (49)
500 5065 826 5142 ln_$eguer._
872 5069 1090 5142 Gobler.
1131 5081 1185 5142 et
1224 5070 1370 5126 Felc.
1408 5074 1433 5142 ι
1479 5073 1677 5127 desunt
1721 5072 1845 5142 δίχα

269 5137 375 5219 τῆς
412 5137 726 5219 προσθήκης
769 5137 995 5219 δύναμιν
1018 5140 1158 5219 Θεοῦ
1199 5143 1290 5195 καὶ
1315 5141 1449 5219 Θεοῦ
1484 5143 1692 5210 σοφίαν.
1720 5137 1848 5219 Μρχ

271 5205 858 5291 ἱξόοιη,1τὴν.’ἐμφυτον
884 5205 1046 5291 αὐτοῦ
1075 5213 1168 5291 καὶ
1196 5205 1643 5284 συνυπάρχουσαν
1675 5212 1844 5291 animi).

270 5275 408 5352 Beg.
439 5275 557 5352 τὴν
582 5275 818 5352 ἔμφυτον
863 5279 1010 5352 αὐτῷ
1052 5281 1150 5352 καὶ.
1195 5275 1639 5352 συνυπάρχουσαν
1675 5275 1845 5352 αὐτῷ.

271 5343 409 5432 ibid.
440 5343 691 5414 segnem,
735 5343 1031 5472 ἀγεννὲιτως.
1079 5349 1240 5417 Editi,
1274 5353 1371 5424 τὴν
1409 5343 1649 5423 ἔμφυτον
1699 5343 1847 5422 αὐτῷ

271 5434 366 5472 και
403 5417 850 5472 ωνυπάογουσαν
917 5421 1206 5472 γεννήτως.

269 5417 850 5488 καὶησυνυπάρχουῖσαν
880 5417 1206 5488 ἀγεννήτως.

343 5487 458 5558 (50)
490 5485 702 5562 βρεςει
721 5487 866 5542 Felc.
893 5485 947 5552 5,
974 5485 1286 5562 ἀγέννητον.
1315 5491 1418 5547 Alii
1451 5507 1575 5547 cum
1609 5491 1847 5547 editione

264 5557 564 5644 Collis-lue]...
598 5557 879 5644 ἀγένητον.
920 5629 952 5644 n
1023 5557 1030 5559 ⁷
1159 5557 1214 5644 Ἀ
1262 5631 1275 5644 ⁸
1300 5631 1312 5644 _
1462 5630 1503 5644 ﬁ
1663 5631 1678 5644 _

343 5627 657 5700 (Sullani;
688 5627 842 5700 abest
862 5645 890 5684 a
920 5629 1142 5700 chuer.
1176 5631 1335 5686 Gobl.
1367 5640 1422 5686 et
1462 5630 1628 5700 Felc.,
1657 5631 1707 5685 1.
1740 5632 1847 5685 ἰδία

263 5693 391 5774 «ictu
436 5693 581 5774 Reg.
615 5693 693 5774 _et_
726 5693 868 5774 clc.
922 5693 1300 5774 5,}yéquov
1348 5704 1537 5770 σοφίαν
1567 5697 1845 5774 -είρηκὼς,

261 5768 446 5821 οὐκέτι
477 5769 534 5820 ἓν
581 5769 640 5822 τὸ
671 5770 982 5840 ἀγέννητον.
1020 5768 1215 5826 (Σιειενῖ
1264 5781 1316 5826 ct
1358 5768 1524 5829 editio
1555 5768 1842 5837 Coltiincl.,

1917 3253 1924 3259 -
1966 3214 2162 3282 seipsis
2211 3222 2404 3268 mutuo
2434 3213 2813 3269 conﬁciantur.
2848 3212 2916 3268 Et
2960 3213 3076 3268 haec
3100 3213 3321 3283 quidem
3355 3223 3528 3282 pauca

1964 3306 2227 3360 adversus
2255 3305 2470 3359 illorum
2502 3305 2770 3360 inscitiam
2801 3305 2913 3360 Sint
2959 3305 3123 3359 dicta.
3150 3303 3285 3370 Quis
3316 3319 3446 3358 vero
3476 3304 3528 3356 in

1965 3398 2283 3452 sceleratam
2343 3413 2533 3452 eorum
2571 3398 2827 3452 astutiam
2880 3397 3226 3452 vehementer
3263 3397 3398 3452 satis
3441 3397 3528 3450 iu-

1964 3490 2087 3544 vehi
2118 3491 2334 3558 possit?
2381 3489 2516 3556 Quis
2546 3506 2640 3546 eos
2694 3491 2768 3545 ita
2801 3491 3136 3544 insanientes
3179 3489 3375 3544 merito
3417 3505 3526 3543 non

1964 3581 2176 3635 oderit?
2201 3579 2337 3634 Cum
2366 3583 2510 3636 enim
2536 3582 2649 3652 jam
2680 3597 2791 3636 non
2820 3583 2891 3636 sit
2917 3581 2997 3636 eis
3036 3581 3308 3650 integrum
3335 3580 3423 3636 his
3449 3584 3525 3634 uti

1959 3674 2221 3729 vocibus:
2243 3671 2288 3726 E
2311 3673 2484 3728 nihilo
2495 3683 2600 3739 est,
2615 3682 2687 3738 et,
2708 3671 2827 3728 Non
2849 3673 2950 3728 fuit
2967 3683 3255 3745 antequam
3279 3689 3522 3730 nascere-

1961 3775 2070 3832 tur,
2094 3765 2416 3820 vocabulum
2448 3781 2556 3820 uon
2589 3764 2718 3821 facti
2739 3767 3132 3837 escogitavere,
3156 3776 3215 3821 ut
3237 3781 3362 3821 cum
3383 3768 3528 3836 apud

1977 3858 2342 3927 simpliciores
2387 3855 2582 3912 Filium
2647 3857 2846 3914 factum
2897 3866 3017 3914 eSse
3067 3859 3290 3923 dicunt,
3339 3861 3527 3914 eadem

1963 3962 2156 4006 rursus
2191 3950 2280 4005 illa
2307 3951 2614 4022 significent
2663 3952 2945 4016 vOcabula,
2980 3967 3209 4022 nempe:
3252 3952 3329 4006 Ex
3357 3954 3528 4008 nihilo

1956 4305 2220 4378 ἀγένητον
2259 4304 2450 4378 σοφίαν
2499 4302 2754 4378 είρηκῲς,
2797 4303 2988 4378 οὐκέτι)
3027 4304 3085 4359 ἓν
3130 4308 3190 4359 τὸ
3237 4306 3523 4378 ἀγένητον.

1959 4371 2184 4446 ξοςιιέετ.
2207 4371 2393 4446 habet1
2420 4371 2870 4446 cocplav'slpnxt‘og
2891 4371 3169 4446 ἀγένητον,
3190 4371 3406 4438 οὐκέτιξ
3417 4389 3520 4432 etc.

1959 4443 2080 4517 MO};
2111 4443 2242 4517 Reg.
2271 4453 2323 4498 et
2355 4443 2501 4517 Felc.
2531 4444 2582 4508 5,
2609 4443 2806 4517 ἔφησεν
2832 4443 3143 4517 ἀγέννητον.
3178 4447 3283 4500 Alii
3317 4464 3442 4502 vero
3471 4458 3520 4502 et

1953 4515 2120 4586 editio
2152 4513 2676 4586 Qotnmel.,_€tp‘qca_v
2700 4513 2991 4586 ἀγένητον.

2025 4584 2136 4652 (52)
2177 4583 2307 4652 Reg.
2361 4594 2414 4637 et
2447 4583 2591 4637 Felc.
2644 4583 2697 4646 5,
2733 4585 3043 4653 ἀγέννητον.
3093 4584 3200 4638 Alii
3247 4601 3370 4640 cum
3405 4585 3518 4640 cdi-

1951 4655 2098 4708 tione
2131 4653 2419 4723 Commel.,
2456 4654 2737 4723 ἀγένητον.

1949 4735 1982 4793 Α
2021 4723 2130 4793 (55)
2173 4722 2398 4794 seguer.
2427 4726 2500 4794 μή
2533 4722 2753 4790 omittit,
2794 4739 2892 4778 nec
2935 4724 3065 4794 legit
3111 4722 3378 4778 Nannius.
3414 4723 3518 4779 Sed

1949 4794 2039 4847 alii
2065 4803 2120 4846 et
2147 4793 2276 4846 editi
2317 4793 2533 4848 habent.

2020 4863 2130 4934 (54)
2173 4861 2397 4934 Seg_uer.
2434 4854 2564 4934 Reg.
2594 4862 2758 4917 Basil.
2781 4873 2848 4934 et!
2873 4855 3101 4934 Felc.},
3145 4862 3378 4934 éausgitc.
3414 4864 3518 4934 Alii

1949 4942 2004 4987 et
2031 4931 2222 4986 editio
2253 4931 2542 4998 Commelf,
2586 4933 2786 4995 αὐτοῖς.
2836 4932 2970 4987 lbid.
3018 4933 3152 5002 Reg.
3177 4943 3248 5002 et
3280 4931 3426 4987 Felc.
3462 4933 3516 4998 5,

1948 5004 2266 5072 ἀγεννήτου,
2295 5003 2676 5074 (δὴ-γεννητόν.
2713 5003 2816 5056 Alii
2852 5017 2986 5074 vero
3011 5011 3066 5056 et
3101 5001 3254 5074 eam,
3308 5003 3516 5074 ἀγενή-

1947 5070 2062 5158 seu:
2093 5070 2167 5158 et,
2200 5070 2444 5158 γενητῷ.
2480 5070 2646 5158 l’aulo
2680 5082 2802 5158 post
2842 5071 3070 5158 Qeguer.
3119 5070 3252 5158 Reg‘.
3291 5070 3513 5158 ﬁohler.

1947 5156 2000 5196 et
2021 5142 2160 5197 Felc.
2199 5138 2248 5207 Ι,
2276 5138 2412 5194 αὖτά
2443 5143 2600 5227 eam
2627 5138 2809 5196 ἐκεῖνα
2827 5138 2896 5194 τὰ
2909 5138 3166 5265 ίρήιματα,
3194 5142 3256 5194 τὸ
3291 5142 3380 5228 ’βξ
3420 5143 3517 5224 οὐκ

1947 5214 2136 5265 ὄντων.
2181 5213 2276 5265 καὶ
2306 5211 2366 5264 τὸ
2397 5213 2509 5264 Ουκ
2556 5207 2623 5265 ἦν
2669 5229 2819 5265 ποτε.
2865 5211 2906 5263 Ε
2949 5223 3026 5265 ιιι.
3059 5211 3198 5264 αὐτά
3245 5211 3406 5265 παλιν
3449 5225 3516 5264 τα

1947 5214 2136 5279 ὄντων,
2181 5213 2276 5282 καὶ
2306 5211 2509 5282 τὸεΟὺκ
2556 5207 2623 5282 ἦν
2669 5229 2819 5265 ποτε.
2865 5207 3026 5271 Εάἱίῖ,
3059 5211 3198 5282 αὐτὰ
3245 5207 3406 5265 πάλιν
3449 5212 3516 5264 τὰ

1951 5277 2188 5353 ῥήματα,
2218 5281 2288 5334 τὰ
2330 5277 2420 5346 Ἐξ
2440 5283 2538 5353 οὐκ
2580 5277 2771 5353 ὄντων,
2811 5282 2904 5335 καὶ
2935 5282 3048 5334 Οὐκ
3073 5277 3156 5353 ἦν-
3183 5298 3336 5345 ποτε,
3387 5283 3516 5353 πρὶν

1947 5350 2202 5432 γεννηθῇ,
2233 5351 2588 5432 σημαίνωσιν.
2624 5350 3106 5432 [ὺὶἀηξοοςυονηοε
3127 5351 3283 5432 Reg,
3315 5353 3392 5432 ἐι

1947 5416 2177 5486 τούτοις,
2201 5431 2260 5477 ut
2285 5416 2338 5475 et
2362 5423 2602 5490 legerant
2625 5416 2966 5476 Omnibonus
2987 5430 3040 5474 et
3063 5416 3328 5476 Nannius.
3353 5416 3511 5482 Editi.

1947 5492 2043 5563 έ-ἀν
2072 5491 2180 5563 γὰρ
2212 5491 2438 5563 τούτοις.
2484 5491 2614 5545 Item
2657 5493 2786 5563 ibid.
2827 5492 3048 5563 Seg_uer.
3101 5491 3268 5563 Basil.
3298 5490 3516 5563 Gobler.

1947 5561 2090 5615 Felc.
2126 5561 2244 5630 {et
2279 5561 2332 5623 5,
2369 5563 2570 5630 γενητὰ
2599 5562 2694 5613 κα).
2737 5563 2803 5614 τὰ
2845 5561 3140 5630 κτίσματα.
3176 5561 3232 5614 1η
3273 5561 3429 5630 editis
3467 5566 3516 5611 et

1947 5631 2068 5685 aliis
2097 5626 2191 5684 καὶ
2220 5632 2289 5683 τά
2311 5626 2641 5699 ιίοὲεειξκρε.
2665 5639 2719 5682 et
2745 5630 2889 5684 Felc.
2921 5626 3254 5700 5,15wnca.
3292 5629 3516 5700 Seguer.

1947 5701 2166 5786 Goliler.
2194 5710 2247 5754 et
2273 5701 2415 5755 Felc.
2455 5703 2476 5755 i
2510 5696 2731 5768 ibidem,
2761 5700 3136 5776 σημαίνονται.
3154 5696 3304 5754 Ἐᾱὶιί
3331 5708 3384 5751 οι
3406 5696 3520 5762 alii,

1951 5788 2016 5842 ση
2027 5785 2287 5840 μαίνεται.
