3850 6218
282 334 348 389 79
841 330 902 390 S.
937 328 1311 385 ATHANASII
1347 326 1499 385 OPP.
1542 326 1722 384 PARS
1761 329 1801 384 Ι.
1843 359 1912 368 -
1952 324 2319 382 HISTORICA
2359 324 2445 381 ET
2485 324 2910 383 DOGMATICA.
3449 322 3521 375 80

275 460 379 517 est,
406 459 481 517 et,
511 451 816 522 Aliquando
848 464 956 505 non
991 448 1112 505 fuit.
1149 447 1394 518 Namque
1423 447 1735 519 liujusmodi
1760 463 1852 502 vo-

1958 463 2103 508 ποτε,
2133 445 2484 518 σημαίνωσιν·
2510 447 2568 498 ὲν
2595 444 2702 518 γὰρ
2741 442 2951 506 τούτοις
3007 440 3074 493 τὰ
3098 438 3302 512 γενητὰ
3330 438 3424 492 καὶ
3456 439 3529 491 τὰ

277 545 433 600 cibus
459 558 547 599 res
575 543 730 600 facta:
753 552 807 599 et
834 549 1027 598 creatae
1060 541 1385 596 indicantur.

346 636 438 697 '53.
494 635 637 691 Sane
663 636 709 692 si
753 636 837 691 bis
865 649 986 707 quae
1011 635 1355 705 propugnant
1398 631 1752 700 confiderent,
1781 646 1845 687 ea

278 726 393 797 ipsa
424 735 607 783 essent
631 726 932 792 retinenda,
959 740 1062 781 nee
1090 726 1269 779 varias
1304 739 1441 795 opus
1468 733 1613 780 esset
1640 722 1848 778 lormas

279 832 578 873 assumere.
614 815 815 873 Verum
848 816 903 872 id
954 815 1180 871 minime
1209 815 1419 883 volunt,
1452 829 1618 886 seque
1662 813 1846 871 omnia

278 910 437 966 facile
472 925 632 981 posse
660 910 1014 976 arbitrantur,
1048 908 1095 963 si
1132 907 1328 961 haeresi
1358 907 1461 961 hoc
1499 904 1716 962 nomine
1754 918 1847 959 eo-

216 1034 221 1039 -
280 1008 501 1072 operta,
536 1000 859 1055 vocabulum
895 1015 1003 1053 non
1051 999 1175 1053 facti
1210 998 1523 1067 objecerint.
1569 995 1673 1050 Sed
1700 995 1844 1049 enim

283 1094 397 1148 haec
424 1091 541 1162 ipsa
566 1107 673 1145 non
701 1090 828 1147 facti
854 1091 1020 1145 dictio
1061 1104 1402 1160 nequaquam
1435 1090 1500 1142 ad
1532 1086 1728 1141 Filium
1760 1102 1846 1141 re-

280 1183 475 1251 fertur,
507 1182 772 1254 quidquid
805 1182 881 1237 illi
907 1190 1097 1237 contra
1122 1180 1476 1251 obganniant,
1513 1178 1605 1233 sed
1654 1179 1720 1231 ad
1760 1192 1847 1232 res

222 1288 227 1293 '
279 1275 486 1331 factas:
521 1274 678 1344 cujus
710 1271 928 1344 quidem
954 1273 1031 1327 rei
1058 1271 1187 1342 quid
1225 1270 1402 1326 simile
1436 1269 1617 1323 videre
1661 1274 1746 1321 est
1792 1265 1844 1319 in

222 1402 227 1407 -
279 1364 402 1420 istis
445 1363 708 1429 vocibus,
735 1360 1114 1433 Omnipotens,
1155 1370 1228 1425 et,
1264 1358 1528 1413 Dominus
1562 1357 1844 1411 virtutum.

278 1456 416 1514 Nam
455 1457 501 1513 si
525 1456 688 1512 Pater
734 1458 919 1511 omnia
949 1472 1046 1529 per
1085 1454 1322 1509 Verbum
1356 1452 1408 1506 in
1441 1466 1537 1506 sua
1584 1457 1849 1520 potestate

281 1549 465 1615 habet,
496 1548 762 1620 gubernat
803 1558 857 1603 et
899 1546 1078 1616 regit;
1128 1546 1175 1600 si
1216 1543 1407 1599 eodem
1459 1540 1637 1596 Patris
1679 1553 1849 1609 regno

280 1639 484 1710 potitur
507 1637 700 1703 Filius,
742 1638 1106 1707 omnibusque
1156 1637 1383 1705 imperat
1424 1641 1484 1687 ut
1523 1631 1756 1687 Verbum
1796 1642 1850 1687 et

282 1731 462 1802 imago
476 1730 636 1803 35.5
658 1730 864 1786 Patris:
891 1727 1242 1784 manifestum
1259 1737 1343 1782 est
1368 1740 1541 1796 neque
1561 1726 1666 1780 hoc
1686 1724 1849 1779 modo

1946 538 2215 608 κτίσματα
2241 536 2611 607 σημαίνονται.

2015 629 2104 682 55.
2140 628 2285 681 Ἔδει
2318 624 2432 692 οὖν,
2462 629 2618 698 εἴπερ
2652 622 2945 697 θαρροῦσιν
2993 618 3075 687 οἷς
3125 621 3365 691 λέγουσι,
3403 636 3530 673 του-

1943 737 2056 784 τοις
2079 721 2171 774 καὶ
2194 719 2492 791 ἐπιμένειν,
2516 720 2610 773 καὶ
2668 716 2744 789 μὴ
2773 716 3027 779 ποικίλως
3060 715 3369 786 μεταποιεῖν
3402 714 3530 765 tau-

1945 811 2091 877 τούς.
2154 812 2295 865 Ἀλλ’
2355 812 2418 865 ού
2470 811 2685 864 θέλουσι
2749 808 2883 879 (55),
2938 805 3247 877 νομίζοντες
3286 803 3529 876 εὐχερῶς

1946 905 2161 959 ἅπαντα
2182 903 2461 965 δύνασθαι.
2511 903 2605 957 ἐὰν
2632 901 2710 973 τῷ
2755 900 2976 971 ὀνόματι
3020 898 3194 968 τούτῳ
3232 895 3531 959 σκέποντες

1945 997 2043 1068 τὴν
2076 998 2288 1068 αἵρεσιν
2316 996 2694 1068 προϐάλωνται
2720 994 2782 1047 τὸ
2806 993 3088 1063 ἀγένητον·
3141 992 3236 1045 καὶ
3281 989 3391 1063 γὰρ
3430 991 3531 1045 καὶ

1947 1090 2077 1143 αὐτὸ
2096 1089 2157 1143 τὸ
2181 1086 2279 1142 τοῦ
2307 1090 2570 1159 ἁγενήτου
2603 1086 2856 1152 λεξείδιον
2880 1087 2941 1139 ού
2961 1086 3096 1158 πρὸς
3128 1085 3218 1138 τὸν
3250 1084 3379 1137 Υίὸν
3412 1082 3530 1153 ἔχει

1945 1180 2043 1252 τὴν
2073 1180 2367 1252 σημασίαν,
2395 1178 2496 1233 κᾶν
2528 1173 2673 1233 οὗτοι
2710 1176 3051 1247 γογγύζωσιν
3078 1175 3211 1245 (56),
3229 1173 3532 1245 ἀλλὰπρὸς

1946 1272 2015 1325 τὰ
2045 1270 2267 1343 γενητὰ·
2300 1270 2394 1325 καὶ
2415 1271 2598 1341 ὅμοιον
2618 1269 2684 1324 ἄν
2706 1286 2791 1333 τις
2822 1268 2921 1322 ἴδοι
2963 1267 3152 1322 τούτου
3186 1268 3270 1329 τὸ,
3319 1267 3528 1320 Παντο-

1949 1363 2191 1436 κράτωρ,
2226 1361 2423 1426 καὶτὸ,
2455 1360 2660 1432 Κύριος
2695 1360 2802 1413 τῶν
2855 1358 3160 1430 δυνάμεων.
3189 1358 3252 1411 El
3283 1356 3391 1427 γὰρ
3416 1355 3533 1409 τῶν

1950 1455 2164 1508 πάντων
2190 1454 2219 1506 6
2240 1452 2429 1524 Πατὴρ
2453 1452 2542 1506 διὰ
2567 1451 2660 1505 τοῦ
2689 1453 2862 1525 Λόγρυ
2898 1452 3108 1525 κρατεῖ,
3138 1450 3231 1504 καὶ
3259 1447 3527 1521 κυριεύει,

1948 1546 2044 1599 καὶ
2066 1546 2166 1617 τὴν
2194 1544 2469 1615 βασιλείαν
2495 1545 2607 1616 (57)
2655 1542 2750 1596 τοῦ
2782 1544 2993 1615 Πατρὸς
3022 1541 3287 1613 βασιλεύει
3314 1543 3343 1594 6
3374 1540 3529 1606 Υἱὸς,

1950 1636 2122 1690 καὶτὸ
2153 1636 2354 1707 κράτος
2392 1636 2610 1689 πάντων
2640 1634 2774 1706 ἔχει,
2808 1634 2882 1698 ὼς
2927 1634 3095 1703 Λόγος
3122 1633 3217 1687 καὶ
3258 1631 3333 1697 ὡς
3360 1629 3533 1686 εἰκὼν

1948 1728 2042 1781 τοῦ
2072 1727 2303 1797 Πατρός·
2362 1725 2581 1797 εὔδηλον
2632 1726 2707 1790 ὡς
2743 1726 2861 1779 οὐδὲ
2905 1719 3007 1779 ὧδε
3053 1726 3167 1787 τοῖς
3217 1724 3350 1777 πᾶσι
3401 1738 3533 1777 συν-

282 1822 477 1878 Filium
530 1824 671 1877 inter
724 1838 811 1878 res
858 1836 1048 1877 omnes
1104 1817 1394 1884 collocari,
1449 1831 1626 1887 neque
1673 1814 1844 1871 Deum

1958 1815 2254 1890 ιριθμεῖται
2281 1818 2309 1869 6
2330 1817 2478 1879 Υἱὸς,
2510 1816 2631 1869 οὐδὲ
2662 1815 2730 1869 δι’
2759 1814 2920 1869 αὐτὸν
2969 1814 3189 1883 λέγεται
3213 1813 3536 1885 Παντοκρά-

281 1924 501 1985 propter
558 1915 774 1984 ipsum,
819 1912 1256 1989 omnipotentem
1316 1918 1365 1963 et
1411 1908 1699 1962 Dominum
1752 1920 1850 1976 ap-

232 2050 239 2056 .
282 2006 492 2078 pellari,
511 2006 604 2062 sed
634 2014 853 2077 propter
874 2020 962 2061 res
989 2019 1084 2074 per
1102 2002 1297 2057 Filium
1326 1999 1728 2070 factas,quilius
1754 2012 1849 2068 per

287 2097 522 2155 Verbum
551 2105 605 2154 et
638 2098 870 2168 imperat
899 2106 953 2151 et
996 2095 1329 2151 dominatur.
1385 2090 1650 2145 Similiter
1686 2090 1847 2160 igitur

282 2182 383 2247 nec
407 2206 511 2246 vox
540 2204 649 2245 non
680 2189 825 2245 'facti
877 2188 944 2244 ad
984 2186 1180 2241 Filium
1230 2184 1484 2251 refertur,
1523 2183 1614 2238 sed
1647 2184 1714 2239 ad
1761 2198 1849 2237 res

237 2329 244 2337 .
282 2301 378 2356 per
406 2284 601 2340 Filium
638 2283 808 2339 factas
844 2301 858 2338 :
896 2283 1057 2353 idque
1093 2296 1202 2335 non
1232 2278 1526 2334 immerito.
1564 2275 1675 2332 Nec
1701 2277 1847 2330 enim

288 2375 433 2431 Deus
457 2388 638 2429 rerum
671 2371 939 2427 factarum
970 2379 1055 2426 est
1102 2369 1320 2435 similis,
1352 2370 1445 2425 sed
1474 2383 1663 2423 earum
1694 2381 1849 2421 orca--

239 2502 250 2509 .
283 2472 369 2519 tor
398 2480 492 2537 per
517 2463 714 2518 Filium
741 2470 796 2518 et
826 2461 1047 2517 eﬂ'ector
1073 2470 1176 2515 est.
1213 2459 1384 2515 Porro
1416 2467 1477 2513 ut
1515 2460 1631 2514 haec
1659 2456 1847 2523 dictio,

283 2573 392 2611 non
417 2556 641 2619 factum,
667 2555 733 2609 ad
753 2569 840 2610 res
867 2552 1037 2609 factas
1061 2552 1338 2607 referenda
1363 2560 1467 2617 est,
1492 2551 1566 2606 ita
1594 2566 1697 2605 vox
1724 2550 1849 2613 ista,

243 2678 249 2685 -
281 2644 463 2711 Pater,
515 2646 580 2699 ad
608 2644 808 2699 Filium
860 2642 1109 2698 refertur.
1145 2639 1283 2697 Hinc
1310 2642 1401 2712 qui
1432 2642 1599 2696 Deum
1627 2641 1845 2697 effecto-

284 2750 423 2802 rem,
451 2735 704 2806 epilicem
743 2744 796 2789 et
829 2750 938 2788 non
984 2732 1186 2789 factum
1232 2732 1485 2803 appellat,
1521 2746 1609 2787 res
1639 2741 1850 2787 creatas

241 2857 256 2865 ρ
284 2832 338 2879 et
389 2822 561 2880 factas
608 2824 866 2895 perspicit
910 2835 962 2879 et
1011 2823 1303 2896 intelligit:
1341 2822 1432 2892 qui
1468 2830 1648 2876 autem
1682 2822 1850 2877 Deum

249 2950 255 2961 ς
285 2913 498 2969 Patrem
529 2925 709 2982 vocat,
752 2916 932 2970 statim
966 2913 1161 2970 Filium
1211 2915 1449 2985 concipit
1500 2921 1554 2969 et
1585 2912 1847 2984 agnoscit.

243 3028 259 3050 υ
285 3006 554 3076 Quocirca
586 3007 719 3061 mira
745 3007 985 3077 profecto
1013 3008 1263 3062 videatur
1289 3007 1508 3060 illorum
1540 3004 1593 3059 in
1632 3003 1851 3074 propria

288 3100 566 3170 impietate
598 3099 923 3171 pervicacia.
969 3097 1102 3154 Nam
1131 3098 1381 3171 quamvis
1432 3114 1533 3154 vox
1567 3113 1675 3153 non
1724 3095 1849 3152 facti

260 3204 496 3247 -reclum
519 3208 679 3264 quem
709 3207 872 3263 supra
900 3192 1137 3249 diximus
1166 3208 1387 3248 sensum
1410 3192 1629 3259 habeat,
1658 3192 1851 3263 pieque

286 3286 460 3357 possit
491 3285 744 3356 usurpari
774 3303 789 3341 :
825 3285 924 3349 illi,
955 3293 1016 3340 ut
1048 3301 1162 3341 suae
1192 3286 1603 3357 patrocinentur
1633 3284 1848 3350 haeresi,

256 3377 472 3432 eadem
505 3392 637 3431 voce
656 3376 723 3431 ad
749 3375 869 3431 Filii
899 3378 1283 3433 contumeliam
1326 3378 1643 3433 abutuntur.
1674 3375 1851 3431 Nimi-

264 3483 407 3521 ‘rum
439 3482 545 3522 non
573 3467 819 3538 legerunt
850 3482 974 3522 eum
1004 3468 1097 3537 qui
1124 3466 1320 3521 Filium
1354 3468 1608 3532 honorat,
1633 3466 1849 3522 Patrem

262 3575 509 3630 .quoque
543 3558 835 3624 honorare,
864 3567 917 3614 et
942 3558 1036 3630 qui
1072 3558 1268 3615 Filium
1296 3560 1495 3631 injuria
1531 3561 1713 3621 allicit.
1747 3560 1845 3618 Pa-

290 3662 426 3705 trem
454 3650 706 3705 similiter
738 3650 926 3706 eadem
976 3650 1187 3707 allicere
1222 3651 1419 3723 injuria
1451 3652 1519 3709 ".
1563 3651 1854 3709 Enimvero

287 3745 336 3800 si
373 3744 544 3816 gloria
584 3752 638 3798 et
670 3743 845 3798 honor
866 3741 1043 3798 Patris
1072 3743 1181 3798 illis
1209 3759 1355 3799 curae
1382 3742 1598 3812 fuisset,
1629 3745 1854 3800 debuis-

289 3843 411 3891 sent
431 3835 636 3907 potius,
663 3834 808 3905 quod
830 3843 884 3890 et
907 3833 1525 3891 convenientiusfuisset
1542 3844 1597 3891 et
1614 3837 1854 3907 dignius,

288 3925 524 3995 Patrem,
554 3924 725 3983 Deum
757 3942 1056 3998 agnoscere
1085 3935 1140 3982 et
1180 3927 1378 3994 dicere,
1405 3943 1570 4000 quam
1601 3944 1724 3984 eum
1752 3929 1857 3985 hoc

291 4018 509 4073 nomine
542 4018 802 4074 indicare.
844 4016 981 4072 Nam
1008 4033 1131 4072 cum
1158 4015 1330 4073 Deum
1384 4034 1493 4073 non
1524 4017 1728 4073 factum
1759 4033 1856 4089 ap-

290 4109 509 4180 pellant,
536 4124 683 4175 eum,
709 4109 1169 4180 quemadmodum
1207 4110 1341 4175 dixi,
1387 4126 1455 4166 ex
1484 4109 1647 4166 factis
1678 4111 1858 4181 operi-

359 4225 405 4256 "
435 4222 593 4279 Joan.
620 4240 676 4290 v,
705 4223 796 4280 23.

361 4334 476 4405 (55)
516 4332 609 4389 Sic
638 4334 859 4406 Seguer.
888 4335 1045 4406 Gobl.
1081 4344 1137 4391 et
1166 4335 1311 4391 Felc.
1345 4336 1395 4406 ι.
1424 4336 1493 4406 At
1514 4333 1641 4389 editi
1665 4342 1713 4389 el
1738 4332 1853 4406 aut.

288 4403 623 4477 θελήσουσιν.
649 4403 817 4477 Pa'ulo
855 4415 978 4475 post
1004 4405 1136 4477 Reg.
1162 4407 1330 4477 Basil.
1358 4405 1593 4476 Anglic.,
1623 4403 1857 4477 npoﬁdk:

280 4473 502 4528 λωνται.
567 4473 700 4598 Ιίθὶ
750 4473 907 4535 ibid.,
963 4477 1023 4529 τὸ
1072 4473 1383 4547 ἀγέννητον,
1433 4473 1490 4530 et
1545 4473 1695 4539 mox,
1757 4473 1855 4528 τοῦ

280 4546 606 4598 κάγεννήτου.
672 4544 792 4598 ‘diti
831 4561 959 4598 vero
1004 4557 1058 4598 et
1086 4548 1199 4598 alii.
1227 4546 1511 4598 ἀγένητον.
1542 4555 1614 4598 et.
1653 4546 1855 4598 ἀγενείι⁴

280 4546 631 4626 κάγεννῂτουᾍ
649 4545 792 4598 Editi
831 4561 959 4626 vero
1004 4557 1058 4626 e_t
1086 4548 1201 4626 alii,
1227 4545 1511 4626 ἀγένητρν,
1542 4555 1614 4626 ει,
1653 4546 1856 4626 ἀγεᾉή⁴

288 4613 567 4703 τευ-,ἓιὲἰίὲο
599 4613 823 4703 ξεεψςτ·
851 4617 953 4703 θεαὶ
984 4613 1600 4703 γᾲρξῖεριηαξντδζτδεοὲι
1627 4613 1858 4703 “sum:

282 4686 379 4739 sil.
417 4686 572 4748 item,
609 4684 821 4806 Anglic.
849 4684 981 4755 Reg.
1027 4684 1183 4740 Gobl.
1212 4686 1356 4740 Fclc.
1389 4686 1416 4740 1
1457 4694 1512 4741 et
1539 4685 1593 4750 5,
1640 4686 1773 4740 αὐτὸ
1798 4685 1860 4738 τὸ

282 4754 404 4806 τοῦ.
436 4754 597 4806 Editi.
631 4770 703 4806 κα
757 4755 866 4806 γὰο
899 4757 1030 4806 αὐτὸ
1055 4755 1213 4806 τοῦτο
1239 4757 1354 4806 τοῦ.

282 4754 413 4827 τοῦ.
431 4754 597 4827 Editi,
631 4754 726 4808 xci.
757 4755 866 4827 γὰρ
899 4754 1030 4827 αύτὸ
1055 4755 1213 4809 τοῦτο
1239 4757 1354 4810 τοῦ.

363 4825 475 4897 (56)
516 4827 741 4894 Seguer.
772 4823 1154 4895 γόγγύζουσιν.
1196 4829 1331 4882 Ibid.
1362 4825 1491 4895 Reg.
1521 4834 1575 4879 et
1613 4823 1759 4880 Felc.
1801 4825 1856 4891 5,

288 4894 426 4947 ἀλλὰ
460 4895 612 4967 πρὸςΔ
637 4894 707 4948 τὰ
725 4896 1001 4967 λγεννητά.
1038 4897 1142 4949 Alii
1183 4907 1238 4952 et
1269 4899 1419 4960 editi,
1450 4895 1587 4967 ἁλλᾲ
1628 4895 1765 4967 πρὸς
1790 4896 1860 4967 τὰ

292 4913 426 4947 autat
460 4913 594 4967 προς
637 4913 707 4948 τα
748 4913 1001 4967 γεννητα.
1038 4913 1142 4949 Alll
1183 4913 1238 4952 et
1269 4913 1419 4960 eunti,
1450 4913 1587 4948 αΑΑα
1628 4913 1765 4967 προς
1790 4913 1860 4948 τα

292 4966 513 5037 γενητρ.
546 4963 687 5037 Mox
719 4964 943 5036 Seguer.
981 4965 1145 5020 Basil.
1186 4977 1239 5022 et
1266 4968 1505 5037 Anglic..
1543 4965 1861 5037 Παντοκράέ

292 5035 424 5119 τωρ.
460 5035 601 5089 Editi
635 5043 690 5088 et
720 5035 832 5100 alii,
866 5036 1267 5110 Παντόκρατορ.
1309 5035 1443 5091 Ibid.
1475 5035 1727 5106 Seguer.,
1764 5035 1859 5117 καὶ

290 5104 711 5178 κυριοςλςὲοιιι.
752 5116 805 5161 ει
840 5105 999 5162 Fclc..
1024 5111 1076 5170 l,
1110 5106 1204 5159 καὶ
1245 5106 1437 5178 Κύριε.
1475 5106 1619 5161 Editi
1659 5117 1713 5162 et
1741 5106 1857 5172 alii,

501 5145 516 5169 ν
556 5143 711 5160 νυνι.
752 5143 805 5161 υ.
840 5143 864 5159 ι
885 5143 987 5162 μιν.
1031 5143 1076 5170 Ι,
1112 5143 1204 5159 ηυδε
1245 5143 1437 5178 ιιυιιιυῠο
1475 5143 1619 5161 μυΙΙΙ
1659 5143 1713 5162 ‘1.
1741 5143 1857 5172 «ιη’,

501 5176 538 5189 ΙΙ
563 5175 574 5189 Ι

292 5174 391 5227 aut
413 5174 475 5226 τὸ
497 5175 689 5244 Κύριε.
1336 5174 1347 5178 ⁷

330 5243 482 5315 ,(57)
525 5242 888 5315 SicSeguer.
914 5245 1088 5315 AGON.
1112 5252 1182 5315 et
1223 5242 1369 5315 Ifelc.
1422 5243 1471 5296 l.
1518 5245 1590 5297 At
1632 5244 1761 5299 editi
1804 5250 1860 5315 et

293 5312 383 5366 alii
417 5312 504 5367 hic
545 5312 762 5384 addunt'
788 5316 879 5367 καὶ
906 5313 1198 5384 βασιλεύει.
1227 5312 1405 5384 Paulo
1435 5323 1560 5382 post
1596 5329 1726 5369 mss.
1764 5314 1859 5367 καὶ

293 5383 355 5471 τὸ
383 5383 600 5471 κρότοςε
634 5382 691 5470 In
716 5384 875 5439 editis
902 5381 995 5437 καί
1024 5388 1195 5440 deest.
1226 5381 1347 5436 Mox
1376 5381 1628 5452 segnem,
1651 5384 1726 5448 ὡς
1754 5384 1858 5437 Λό-

294 5468 407 5521 γος.
440 5468 515 5517 ως
551 5468 734 5507 εικων.

370 5514 750 5605 (58)’ξςευο.ς.
775 5562 790 5586 ,
829 5514 903 5577 ὧν
944 5525 1038 5605 κα)
1071 5525 1283 5605 κρατεῖ.
1307 5520 1478 5605 _Editi
1518 5532 1570 5577 et
1621 5516 1858 5605 aliitdiv

295 5592 654 5717 ἔρατῗ.έιίοι
692 5592 823 5664 Reg.
857 5604 910 5648 et
944 5592 1181 5649 Felckin.
1214 5594 1268 5659 5,
1295 5593 1605 5665 ἀγέννητον.
1636 5593 1776 5648 Editi
1804 5602 1859 5647 et

370 5680 405 5726 I,
470 5680 711 5734 γνητον.
780 5732 897 5734 ζῆ
1638 5731 1649 5734 _
1840 5733 1843 5734 ν

295 5679 405 5726 am,
433 5679 711 5734 αγενητον.

367 5733 480 5804 (59)
508 5733 731 5805 Seguer.
766 5732 985 5788 Gobler.
1013 5742 1064 5788 et
1096 5732 1328 5787 Felckm.
1360 5734 1409 5801 l,
1435 5734 1501 5787 δι’
1535 5731 1683 5789 Υἰοῢ.
1710 5733 1851 5788 Editi

1946 1925 2060 1980 τωρ
2086 1908 2178 1962 καὶ
2206 1908 2429 1981 Κύριος,
2455 1908 2590 1961 ἀλλὰ
2627 1908 2715 1961 διὰ
2761 1907 2830 1962 τὰ
2876 1906 2944 1960 δι’
2967 1905 3096 1960 Υἱοῦ
3132 1905 3419 1977 γενόμενα,
3450 1899 3528 1960 ὧν

1948 1999 2040 2053 καὶ
2064 2002 2255 2071 κρατεῖ
2280 1999 2392 2070 (58)
2422 2000 2515 2053 καὶ
2547 1999 2789 2071 κυριεύει
2817 1999 2906 2053 διὰ
2925 1996 3020 2051 τοῦ
3050 1998 3248 2066 Λόγου.
3297 1998 3407 2050 Καὶ
3464 1997 3529 2050 τὸ

1948 2094 2206 2166 ἀγένητον
2226 2094 2333 2164 ἄρα
2357 2093 2418 2145 ού
2435 2092 2522 2147 διὰ
2548 2091 2639 2145 τὸν
2662 2091 2813 2154 Υίὸν,
2827 2089 2963 2144 ἀλλὰ
2985 2089 3073 2143 διὰ
3094 2089 3164 2142 τὰ
3182 2088 3249 2141 δι’
3269 2085 3398 2141 Υἱοῦ
3415 2087 3530 2159 (59)

1948 2185 2217 2256 γενόμενα
2251 2184 2594 2255 σημαίνεται·
2631 2183 2726 2237 καὶ
2753 2181 2954 2246 καλῶς,
2981 2182 3061 2236 ὅτι
3112 2182 3212 2235 ούκ
3259 2180 3405 2233 εστιν
3451 2180 3533 2243 ὼς

1948 2274 2017 2328 τὰ
2045 2274 2250 2346 γενητὰ
2279 2276 2307 2326 6
2330 2274 2483 2337 Θεὸς,
2517 2273 2651 2327 ἀλλὰ
2678 2274 2772 2326 καὶ
2801 2272 3003 2326 τούτων
3046 2272 3269 2345 κτίστης
3297 2271 3386 2326 διὰ
3429 2269 3529 2323 τοῦ

1950 2365 2080 2420 Υἱοῦ
2105 2366 2199 2420 καὶ
2226 2366 2556 2437 δημιουργός
2612 2367 2778 2420 ἐστιν.
2812 2367 3021 2433 Ὠσπερ
3051 2364 3107 2418 δὲ
3136 2365 3197 2419 τὸ
3240 2364 3526 2437 ᾲγένητον.

1952 2459 2086 2530 πρὸς
2117 2458 2184 2511 τὰ
2203 2458 2406 2530 γενητὰ
2439 2457 2548 2529 (60)
2586 2458 2928 2529 σημαίνεται,
2958 2455 3131 2520 οὕτως
3177 2458 3273 2511 καὶ
3316 2456 3378 2509 τὸ
3412 2456 3528 2509 Πα-

1950 2549 2054 2622 τὴρ
2085 2549 2377 2623 δηλωτικόν
2409 2551 2524 2604 ἐστι
2553 2549 2648 2603 τοῦ
2671 2548 2822 2603 Υἱοῦ·
2855 2549 2949 2603 καὶ
2979 2551 3009 2603 6
3041 2548 3138 2619 μὲν
3175 2546 3401 2619 ποιητὴν
3433 2547 3532 2601 καὶ

1950 2642 2278 2715 δημιουργὸν
2311 2644 2404 2696 καὶ
2434 2642 2695 2713 ἀγένητον
2725 2640 2835 2711 (61)
2860 2640 3140 2711 ὀνομάζων
3169 2641 3263 2693 τὸν
3292 2638 3426 2692 Θεὸν
3455 2637 3530 2694 τὰ

1952 2734 2226 2804 κτίσματα
2261 2734 2354 2787 καὶ
2382 2732 2451 2786 τὰ
2475 2732 2679 2805 γενητὰ
2708 2731 2895 2803 βλέπει
2917 2731 3012 2785 καὶ
3039 2729 3463 2801 καταλαμϐάνει·
3497 2730 3532 2786 6

1952 2825 2011 2877 δὲ
2036 2824 2125 2877 τὸν
2150 2822 2281 2876 Θεὸν
2324 2822 2546 2893 Πατέρα
2565 2821 2763 2885 καλῶν,
2800 2820 2960 2884 εὐθὺς
2991 2819 3082 2874 τὸν
3123 2818 3251 2872 Υίὸν
3284 2820 3394 2871 νοεῖ
3433 2817 3531 2872 καὶ

1953 2914 2165 2986 θεωρεῖ.
2199 2915 2287 2968 Διὸ
2319 2915 2413 2968 καὶ
2460 2914 2792 2985 θαυμάσειεν
2826 2912 2890 2966 ἄν
2942 2928 3026 2975 τις
3072 2909 3251 2964 αὐτῶν
3292 2910 3403 2983 (62)
3428 2910 3530 2982 τὴν

1953 3007 2037 3060 ἐπ’
2070 3005 2290 3077 ὰσεὸείᾳ
2321 3005 2669 3076 φιλονεικίαν,
2701 3005 2804 3068 ὅτι,
2823 3002 3000 3057 καίτοι
3030 3003 3122 3057 καὶ
3141 3001 3235 3056 τοῦ
3263 3002 3527 3074 ὀνόματος

1953 3098 2046 3154 τοῦ
2077 3099 2338 3172 ἀγενήτου
2367 3097 2536 3172 καλὴν
2569 3096 2781 3171 ἔχοντος
2822 3097 2921 3171 τὴν
2968 3098 3369 3171 προειρημένην
3413 3098 3530 3152 διά-

1955 3211 2123 3257 νοιαν,
2164 3193 2259 3246 καὶ
2312 3192 2606 3262 δυναμένου
2668 3192 2783 3262 μετ’
2815 3190 3093 3254 εὐσεϐείας
3144 3191 3527 3262 ὀνομάζεσθαι,

1957 3285 2109 3339 αύτοὶ⁵
2138 3283 2279 3337 κατὰ
2306 3283 2404 3355 τὴν
2438 3283 2571 3336 ἰδίαν
2595 3283 2805 3354 αἵρεσιν
2833 3281 3193 3354 προφέρουσιν
3220 3284 3305 3335 ἐπ’
3333 3284 3530 3356 ἀτιμίᾳ

1955 3378 2048 3430 τοῦ
2076 3374 2228 3439 Υἱοῦ,
2259 3375 2358 3428 ούκ
2406 3375 2728 3444 ἀναγνόντες
2751 3375 2831 3427 ὅτι
2854 3375 2884 3426 6
2913 3372 3087 3444 τιμῶν
3111 3373 3201 3426 τὸν
3233 3373 3363 3429 Υίὸν
3389 3377 3527 3446 τιμᾷ

1958 3468 2048 3520 τὸν
2064 3469 2311 3540 Πατέρα,
2344 3469 2435 3522 καὶ
2465 3470 2493 3521 ὁ
2516 3468 2605 3521 τὸν
2643 3466 2775 3520 Υἱὸν
2828 3465 3105 3536 ἀτιμάζων
3136 3466 3391 3537 ἀτιμάζει
3437 3468 3532 3523 τὸν

1958 3559 2195 3631 Πατέρα.
2227 3560 2289 3613 ΕΙ
2317 3559 2425 3631 γὰρ
2453 3559 2587 3622 ὅλως
2610 3559 2793 3621 αὐτοῖς
2843 3557 3119 3626 εὐφημίας
3170 3558 3266 3611 καὶ
3303 3559 3402 3630 τῆς
3446 3561 3530 3624 είς

1957 3652 2048 3705 τὸν
2068 3652 2284 3724 Πατέρα
2311 3652 2475 3723 τιμῆς
2502 3651 2711 3723 ἔμελεν,
2744 3650 2851 3703 ἔδει
2881 3649 3099 3720 μᾶλλον,
3117 3650 3211 3704 καὶ
3236 3649 3394 3704 τοῦτο
3414 3649 3532 3722 (63)

1958 3743 2166 3814 βέλτιον
2196 3744 2290 3799 καὶ
2319 3744 2501 3815 μεῖζον
2521 3739 2608 3815 ἦν,
2651 3742 2869 3815 Πατέρα
2901 3742 2992 3795 τὸν
3040 3741 3172 3795 Θεὸν
3226 3742 3420 3796 ειδέναι
3466 3758 3531 3797 τι

1956 3837 2051 3890 καὶ
2077 3835 2256 3905 λέγειν
2284 3835 2501 3901 αὐτοὺς,
2535 3837 2568 3906 ἦ
2597 3835 2819 3898 ἐκείνως
2850 3833 3136 3907 ὀνομάζειν
3194 3835 3375 3888 αὐτόν.
3420 3833 3527 3887 Λέ-

1955 3945 2143 3998 γοντες
2174 3929 2272 3999 μὲν
2298 3927 2405 3999 γὰρ
2450 3929 2646 3981 ἐκεῖνοι
2683 3926 2774 3981 τὸν
2815 3926 2948 3981 Θεὸν
2994 3927 3254 3996 ἀγένητον
3289 3925 3422 3998 (64),
3461 3927 3529 3980 ὲκ

1956 4018 2065 4073 τῶν
2093 4021 2397 4089 γενομένων
2415 4018 2592 4090 ἔργων
2620 4019 2802 4080 αὐτὸν,
2830 4017 3078 4089 καθάπερ
3108 4019 3341 4090 εἴρηται,
3370 4035 3529 4089 ποιη-

1955 4110 2055 4182 τὴν
2084 4110 2242 4180 μόνον
2269 4109 2363 4163 καὶ
2407 4107 2734 4180 δημιουργὸν
2791 4107 3028 4177 λέγουσι,
3071 4107 3400 4179 νομίζοντες,
3443 4108 3528 4162 ὅτι

1959 4344 2015 4417 et
2035 4336 2149 4417 alii,
2175 4334 2265 4417 διᾲ
2297 4334 2468 4417 Ἰησοῦ
2492 4332 2748 4417 ξζριστοῦε
2776 4333 3000 4417 Seguer:
3026 4333 3181 4398 ibid.,
3206 4332 3301 4387 καὶ
3321 4333 3526 4417 καλῆς.

1960 4405 2019 4476 in
2053 4406 2174 4461 aliis
2203 4415 2257 4459 et
2285 4404 2444 4460 editis
2476 4404 2627 4476 deest
2654 4406 2763 4458 καί.
2790 4404 2910 4476 Mox
2947 4404 3111 4467 idem,
3143 4404 3346 4476 γενητὰ
3369 4405 3521 4471 Θεός.

1887 4461 1932 4519 ί)
1960 4475 2100 4532 Editi
2130 4486 2184 4530 et
2214 4476 2325 4539 alii,
2353 4474 2553 4544 γενητὰ
2582 4476 2610 4528 6
2641 4476 2792 4539 Θεός.
2830 4473 2985 4544 Reg.,
3018 4461 3272 4542 γεννὴτάξ

2036 4544 2320 4629 ((ἓοῌξειι·
2357 4554 2418 4629 ,ει
2441 4543 2685 4629 Ξειοῑίηῑ·
2719 4546 2773 4607 εν
2803 4543 3096 4629 ἀγέθγητογ
3133 4543 3269 4616 πρὸς
3298 4543 3527 4629 71.7.51-

1960 4614 2292 4687 yq‘rdﬁEditi
2322 4625 2375 4687 et
2407 4616 2533 4687 alii,
2568 4616 2829 4687 ἀγένητον
2859 4614 2998 4684 πρὸς
3029 4614 3097 4687 τα
3135 4614 3357 4687 γενητιᾲἐ
3387 4614 3524 4670 Ibid.

1962 4684 2211 4758 §eguer.,
2244 4686 2299 4739 δὲ
2326 4685 2390 4758 τὸ
2421 4685 2687 4758 ἀγένητον
2701 4684 2800 4744 ζει
2824 4684 3192 4758 ηιοχηούτως
3220 4684 3281 4737 τὸ
3311 4685 3524 4757 Πατήρ.

1959 4753 2122 4823 Editi,
2149 4757 2207 4826 δὲ
2236 4753 2517 4826 ἀγένητον,
2553 4753 2605 4826 et
2634 4754 2815 4826 οὕτως
2836 4755 2930 4826 καὶ
2957 4753 3019 4807 τὸ
3046 4754 3253 4825 Πατήρ.

2032 4827 2142 4896 (61)
2172 4824 2315 4896 Reg.
2351 4824 2405 4881 et
2433 4825 2669 4881 Felekm.
2701 4826 2760 4896 5,
2798 4824 3119 4896 ἀγέννητον,
3141 4824 3194 4877 et
3223 4839 3531 4896 ιιιοῃγεν-

1960 4893 2133 4966 νητά.’
2166 4893 2305 4950 Editi
2349 4906 2402 4949 et
2449 4897 2561 4961 alii,
2614 4894 2907 4966 ἀγένητον,
2959 4893 3012 4947 et
3059 4893 3281 4964 γενητὰ.
3320 4893 3524 4950 Ibidem

1959 4967 2175 5020 Gobler.
2208 4976 2261 5020 et
2288 4964 2525 5021 Felckm.
2557 4968 2608 5031 1,
2639 4964 2966 5032 δημιουργὸν
2996 4963 3293 5032 ὀνομάζων.

2033 4981 2175 5019 inler.
2208 4981 2261 5020 et
2289 4981 2525 5021 r'elcxm.
2557 4981 2608 5031 1,
2639 4981 2966 5034 οημιουργον
2996 4981 3293 5034 ονομαςων.

2033 5035 2145 5105 (62)
2189 5034 2412 5105 Seguer.
2462 5036 2903 5105 aO-rc'Iivpmittit.
2949 5033 3200 5105 Idem_et
3249 5032 3415 5105 Basil.
3470 5042 3529 5088 et

1960 5100 2194 5185 atque,
2232 5100 2324 5185 sit“
2360 5106 2605 5185 ἀσεϐείᾳ.
2630 5103 2793 5185 “Editi
2821 5103 3262 5185 ,6731dce6‘slac.
3297 5100 3523 5185 Seguer.

1962 5172 2117 5240 ibid.,
2152 5176 2327 5227 καίτοι
2357 5176 2450 5228 καὶ
2484 5172 2597 5227 τοῦ.
2630 5172 2770 5227 Editi
2802 5182 2857 5227 et
2884 5174 2999 5237 alii,
3034 5172 3351 5227 καίτοιτοῦ.
3374 5172 3523 5228 Ἰὺίό.

1962 5243 2093 5314 Reg.
2130 5256 2183 5299 et
2220 5244 2456 5300 Felckm.
2503 5245 2557 5312 5,
2590 5244 2904 5315 ἀγεννήτου.
2951 5243 3093 5298 Editi
3129 5251 3185 5299 et
3228 5243 3356 5310 alii,
3390 5244 3522 5312 ἀγε-

1960 5320 2141 5454 νήῖὲἕ)
2201 5368 2451 5453 Seguer.,
2496 5383 2633 5454 ἔδειᾷ
2651 5382 2847 5454 μᾷλλον
2893 5384 2983 5454 δὲ),
3028 5383 3128 5454 »καὶ
3174 5381 3352 5454 τούτο.
3398 5380 3527 5454 Mox

1960 5452 2150 5523 omnes
2194 5452 2328 5507 mss.
2359 5466 2549 5522 praeter
2596 5452 2832 5508 Felckm.
2873 5454 2910 5506 2
2952 5452 3181 5523 habent,
3225 5452 3529 5523 ijAéxelwoc

1959 5522 2241 5593 ὀνομάζειν
2270 5521 2451 5587 αὐτόν,
2479 5538 2600 5593 quae
2631 5524 2831 5578 absunt
2873 5524 2943 5578 ab
2989 5522 3229 5577 editione
3248 5521 3524 5577 ’Commel.

1959 5603 2011 5646 et
2039 5592 2274 5646 Felekm.
2307 5595 2361 5645 2.
2500 5592 2503 5593 ⁷

1979 5731 2003 5734 η
2032 5661 2141 5731 (64)
2184 5662 2310 5734 Reg.
2349 5672 2402 5734 et
2431 5660 2669 5718 Fclckm.
2700 5662 2755 5731 5,
2801 5662 3114 5734 ἀγέννητον.
3144 5661 3249 5716 Alii
3281 5671 3334 5718 et
3357 5659 3531 5720 editi)

1967 5731 2229 5789 Cumutel.
2241 5772 2254 5798 ,
2290 5732 2567 5802 ἀγένητον.
