  <div class='ocr_page' id='page_1' title='image "/cluster/home/n/w/nwhite01/storage/ocr_20150623/26/nnc1.0046978577/049.png"; bbox 0 0 3850 6218; ppageno 0'>
   <div class='ocr_carea' id='block_1_1' title="bbox 339 281 465 336">
    <p class='ocr_par' dir='ltr' id='par_1_1' title="bbox 339 281 465 336">
     <span class='ocr_line' id='line_1_1' title="bbox 339 281 465 336; baseline -0.016 0"><span class='ocrx_word' id='word_1_1' title='bbox 339 281 465 336; x_wconf 79' lang='lat'><strong>85‘</strong></span> 
     </span>
    </p>
   </div>
   <div class='ocr_carea' id='block_1_2' title="bbox 906 279 3591 342">
    <p class='ocr_par' dir='ltr' id='par_1_2' title="bbox 906 279 3591 342">
     <span class='ocr_line' id='line_1_2' title="bbox 906 279 3591 342; baseline 0.003 -8"><span class='ocrx_word' id='word_1_2' title='bbox 906 279 964 336; x_wconf 91' lang='lat' dir='ltr'><strong>S.</strong></span> <span class='ocrx_word' id='word_1_3' title='bbox 1007 280 1379 336; x_wconf 77' lang='lat' dir='ltr'><strong>ATHANASII</strong></span> <span class='ocrx_word' id='word_1_4' title='bbox 1420 280 1570 337; x_wconf 87' lang='lat' dir='ltr'><strong>OPP.</strong></span> <span class='ocrx_word' id='word_1_5' title='bbox 1611 280 1790 340; x_wconf 83' lang='lat' dir='ltr'><strong>PARS</strong></span> <span class='ocrx_word' id='word_1_6' title='bbox 1828 283 1870 338; x_wconf 84' lang='grc' dir='ltr'><strong>Ι.</strong></span> <span class='ocrx_word' id='word_1_7' title='bbox 1910 316 1980 327; x_wconf 91' lang='grc'><strong><em>-</em></strong></span> <span class='ocrx_word' id='word_1_8' title='bbox 2017 281 2389 340; x_wconf 79' lang='lat' dir='ltr'><strong>HISTORICA</strong></span> <span class='ocrx_word' id='word_1_9' title='bbox 2424 285 2509 339; x_wconf 84' lang='grc' dir='ltr'><strong>ΕΤ</strong></span> <span class='ocrx_word' id='word_1_10' title='bbox 2555 283 2969 340; x_wconf 79' lang='lat' dir='ltr'><strong>DOGMATICA.</strong></span> <span class='ocrx_word' id='word_1_11' title='bbox 3520 286 3591 342; x_wconf 58' lang='grc'>83</span> 
     </span>
    </p>
   </div>
   <div class='ocr_carea' id='block_1_3' title="bbox 338 395 1909 476">
    <p class='ocr_par' dir='ltr' id='par_1_3' title="bbox 338 395 1907 472">
     <span class='ocr_line' id='line_1_3' title="bbox 338 395 1907 472; baseline 0.004 -20"><span class='ocrx_word' id='word_1_12' title='bbox 338 398 453 452; x_wconf 88' lang='lat' dir='ltr'><strong>zari</strong></span> <span class='ocrx_word' id='word_1_13' title='bbox 481 413 589 454; x_wconf 94' lang='lat' dir='ltr'><strong>non</strong></span> <span class='ocrx_word' id='word_1_14' title='bbox 618 395 672 452; x_wconf 90' lang='lat' dir='ltr'><strong>in</strong></span> <span class='ocrx_word' id='word_1_15' title='bbox 697 398 917 454; x_wconf 84' lang='lat' dir='ltr'><strong>nomine</strong></span> <span class='ocrx_word' id='word_1_16' title='bbox 941 398 1065 454; x_wconf 82' lang='lat' dir='ltr'><strong>facti</strong></span> <span class='ocrx_word' id='word_1_17' title='bbox 1095 409 1147 454; x_wconf 88' lang='lat' dir='ltr'><strong>et</strong></span> <span class='ocrx_word' id='word_1_18' title='bbox 1188 417 1292 456; x_wconf 90' lang='lat' dir='ltr'><strong>non</strong></span> <span class='ocrx_word' id='word_1_19' title='bbox 1332 401 1480 466; x_wconf 78' lang='lat' dir='ltr'><strong>facti,</strong></span> <span class='ocrx_word' id='word_1_20' title='bbox 1531 417 1707 472; x_wconf 91' lang='lat' dir='ltr'><strong>neque</strong></span> <span class='ocrx_word' id='word_1_21' title='bbox 1727 405 1781 458; x_wconf 94' lang='lat' dir='ltr'><strong>in</strong></span> <span class='ocrx_word' id='word_1_22' title='bbox 1805 418 1907 458; x_wconf 90' lang='lat' dir='ltr'><strong>no-</strong></span> 
     </span>
    </p>
   </div>
   <div class='ocr_carea' id='block_1_4' title="bbox 2021 395 3594 476">
    <p class='ocr_par' dir='ltr' id='par_1_4' title="bbox 2021 398 3594 476">
     <span class='ocr_line' id='line_1_4' title="bbox 2021 398 3594 476; baseline -0.001 -19"><span class='ocrx_word' id='word_1_23' title='bbox 2021 405 2102 457; x_wconf 73' lang='lat' dir='ltr'><strong>m‘t</strong></span> <span class='ocrx_word' id='word_1_24' title='bbox 2123 403 2354 474; x_wconf 79' lang='grc' dir='ltr'>γενητοῦ</span> <span class='ocrx_word' id='word_1_25' title='bbox 2383 403 2517 476; x_wconf 85' lang='grc'>(76),</span> <span class='ocrx_word' id='word_1_26' title='bbox 2540 404 2661 456; x_wconf 78' lang='grc' dir='ltr'>οὐδὲ</span> <span class='ocrx_word' id='word_1_27' title='bbox 2684 405 2763 466; x_wconf 82' lang='grc' dir='ltr'>εἰς</span> <span class='ocrx_word' id='word_1_28' title='bbox 2777 403 2947 474; x_wconf 77' lang='grc' dir='ltr'>ὖνομα</span> <span class='ocrx_word' id='word_1_29' title='bbox 2977 398 3194 455; x_wconf 80' lang='grc' dir='ltr'>κτίστου</span> <span class='ocrx_word' id='word_1_30' title='bbox 3237 400 3331 455; x_wconf 71' lang='grc' dir='ltr'>καὶ</span> <span class='ocrx_word' id='word_1_31' title='bbox 3363 400 3594 472; x_wconf 81' lang='grc' dir='ltr'>κτίσμα-</span> 
     </span>
    </p>
   </div>
   <div class='ocr_carea' id='block_1_5' title="bbox 339 491 1908 555">
    <p class='ocr_par' dir='ltr' id='par_1_5' title="bbox 339 491 1908 555">
     <span class='ocr_line' id='line_1_5' title="bbox 339 491 1908 555; baseline 0.003 -11"><span class='ocrx_word' id='word_1_32' title='bbox 339 492 486 546; x_wconf 90' lang='lat' dir='ltr'><strong>mine</strong></span> <span class='ocrx_word' id='word_1_33' title='bbox 505 491 769 546; x_wconf 77' lang='lat' dir='ltr'><strong>creatoris</strong></span> <span class='ocrx_word' id='word_1_34' title='bbox 791 500 845 545; x_wconf 90' lang='lat' dir='ltr'><strong>et</strong></span> <span class='ocrx_word' id='word_1_35' title='bbox 869 492 945 546; x_wconf 88' lang='lat' dir='ltr'><strong>rei</strong></span> <span class='ocrx_word' id='word_1_36' title='bbox 971 502 1184 555; x_wconf 82' lang='lat' dir='ltr'><strong>creatae,</strong></span> <span class='ocrx_word' id='word_1_37' title='bbox 1211 495 1302 548; x_wconf 90' lang='lat' dir='ltr'><strong>sed</strong></span> <span class='ocrx_word' id='word_1_38' title='bbox 1335 495 1390 548; x_wconf 90' lang='lat' dir='ltr'><strong>in</strong></span> <span class='ocrx_word' id='word_1_39' title='bbox 1420 494 1638 549; x_wconf 90' lang='lat' dir='ltr'><strong>nomine</strong></span> <span class='ocrx_word' id='word_1_40' title='bbox 1656 494 1832 551; x_wconf 90' lang='lat' dir='ltr'><strong>Patris</strong></span> <span class='ocrx_word' id='word_1_41' title='bbox 1855 505 1908 551; x_wconf 88' lang='lat' dir='ltr'><strong>et</strong></span> 
     </span>
    </p>
   </div>
   <div class='ocr_carea' id='block_1_6' title="bbox 337 577 1907 654">
    <p class='ocr_par' dir='ltr' id='par_1_6' title="bbox 337 577 1907 654">
     <span class='ocr_line' id='line_1_6' title="bbox 337 577 1907 654; baseline 0.006 -22"><span class='ocrx_word' id='word_1_42' title='bbox 337 577 459 633; x_wconf 87' lang='lat' dir='ltr'><strong>Filii</strong></span> <span class='ocrx_word' id='word_1_43' title='bbox 489 589 543 635; x_wconf 92' lang='lat' dir='ltr'><strong>et</strong></span> <span class='ocrx_word' id='word_1_44' title='bbox 577 579 813 650; x_wconf 75' lang='lat' dir='ltr'><strong>Spiritus</strong></span> <span class='ocrx_word' id='word_1_45' title='bbox 843 581 1017 636; x_wconf 90' lang='lat' dir='ltr'><strong>sancti</strong></span> <span class='ocrx_word' id='word_1_46' title='bbox 1053 583 1119 635; x_wconf 67' lang='grc'><strong>⁸³.</strong></span> <span class='ocrx_word' id='word_1_47' title='bbox 1163 581 1270 638; x_wconf 87' lang='lat' dir='ltr'><strong>Nos</strong></span> <span class='ocrx_word' id='word_1_48' title='bbox 1294 585 1437 638; x_wconf 90' lang='lat' dir='ltr'><strong>enim</strong></span> <span class='ocrx_word' id='word_1_49' title='bbox 1465 623 1480 648; x_wconf 92' lang='lat'><strong>,</strong></span> <span class='ocrx_word' id='word_1_50' title='bbox 1515 585 1607 654; x_wconf 92' lang='lat' dir='ltr'><strong>qui</strong></span> <span class='ocrx_word' id='word_1_51' title='bbox 1648 585 1791 640; x_wconf 90' lang='lat' dir='ltr'><strong>inter</strong></span> <span class='ocrx_word' id='word_1_52' title='bbox 1821 602 1907 642; x_wconf 89' lang='lat' dir='ltr'><strong>res</strong></span> 
     </span>
    </p>
   </div>
   <div class='ocr_carea' id='block_1_7' title="bbox 338 673 1903 747">
    <p class='ocr_par' dir='ltr' id='par_1_7' title="bbox 338 673 1903 747">
     <span class='ocr_line' id='line_1_7' title="bbox 338 673 1903 747; baseline 0.003 -20"><span class='ocrx_word' id='word_1_53' title='bbox 338 673 512 728; x_wconf 78' lang='lat' dir='ltr'><strong>factas</strong></span> <span class='ocrx_word' id='word_1_54' title='bbox 540 690 924 743; x_wconf 88' lang='lat' dir='ltr'><strong>numeramur,</strong></span> <span class='ocrx_word' id='word_1_55' title='bbox 973 675 1046 730; x_wconf 90' lang='lat' dir='ltr'><strong>ita</strong></span> <span class='ocrx_word' id='word_1_56' title='bbox 1094 676 1316 743; x_wconf 77' lang='lat' dir='ltr'><strong>initiati,</strong></span> <span class='ocrx_word' id='word_1_57' title='bbox 1344 679 1455 747; x_wconf 89' lang='lat' dir='ltr'><strong>jam</strong></span> <span class='ocrx_word' id='word_1_58' title='bbox 1490 677 1755 733; x_wconf 86' lang='lat' dir='ltr'><strong>ellicimur</strong></span> <span class='ocrx_word' id='word_1_59' title='bbox 1787 678 1903 744; x_wconf 83' lang='lat' dir='ltr'><strong>lilii,</strong></span> 
     </span>
    </p>
   </div>
   <div class='ocr_carea' id='block_1_8' title="bbox 334 765 1907 837">
    <p class='ocr_par' dir='ltr' id='par_1_8' title="bbox 334 765 1907 837">
     <span class='ocr_line' id='line_1_8' title="bbox 334 765 1907 837; baseline 0.003 -18"><span class='ocrx_word' id='word_1_60' title='bbox 334 775 389 819; x_wconf 89' lang='lat' dir='ltr'><strong>et</strong></span> <span class='ocrx_word' id='word_1_61' title='bbox 419 781 539 820; x_wconf 88' lang='lat' dir='ltr'><strong>cum</strong></span> <span class='ocrx_word' id='word_1_62' title='bbox 565 765 742 822; x_wconf 88' lang='lat' dir='ltr'><strong>Patris</strong></span> <span class='ocrx_word' id='word_1_63' title='bbox 773 782 968 822; x_wconf 91' lang='lat' dir='ltr'><strong>nomen</strong></span> <span class='ocrx_word' id='word_1_64' title='bbox 991 769 1432 837; x_wconf 76' lang='lat' dir='ltr'><strong>pronuntiamus,</strong></span> <span class='ocrx_word' id='word_1_65' title='bbox 1465 785 1533 825; x_wconf 80' lang='lat' dir='ltr'><strong>ex</strong></span> <span class='ocrx_word' id='word_1_66' title='bbox 1563 771 1667 825; x_wconf 88' lang='lat' dir='ltr'><strong>hoc</strong></span> <span class='ocrx_word' id='word_1_67' title='bbox 1689 770 1907 824; x_wconf 89' lang='lat' dir='ltr'><strong>nomine</strong></span> 
     </span>
    </p>
   </div>
   <div class='ocr_carea' id='block_1_9' title="bbox 336 855 1901 932">
    <p class='ocr_par' dir='ltr' id='par_1_9' title="bbox 336 855 1901 932">
     <span class='ocr_line' id='line_1_9' title="bbox 336 855 1901 932; baseline 0.004 -23"><span class='ocrx_word' id='word_1_68' title='bbox 336 855 572 911; x_wconf 82' lang='lat' dir='ltr'><strong>Verbum</strong></span> <span class='ocrx_word' id='word_1_69' title='bbox 613 874 831 928; x_wconf 90' lang='lat' dir='ltr'><strong>quoque</strong></span> <span class='ocrx_word' id='word_1_70' title='bbox 883 862 1026 928; x_wconf 87' lang='lat' dir='ltr'><strong>quod</strong></span> <span class='ocrx_word' id='word_1_71' title='bbox 1069 861 1123 914; x_wconf 92' lang='lat' dir='ltr'><strong>in</strong></span> <span class='ocrx_word' id='word_1_72' title='bbox 1161 858 1321 915; x_wconf 89' lang='lat' dir='ltr'><strong>Patre</strong></span> <span class='ocrx_word' id='word_1_73' title='bbox 1362 873 1484 923; x_wconf 89' lang='lat' dir='ltr'><strong>est,</strong></span> <span class='ocrx_word' id='word_1_74' title='bbox 1536 863 1901 932; x_wconf 81' lang='lat' dir='ltr'><strong>agnoscimus.</strong></span> 
     </span>
    </p>
   </div>
   <div class='ocr_carea' id='block_1_10' title="bbox 336 946 1907 1018">
    <p class='ocr_par' dir='ltr' id='par_1_10' title="bbox 336 946 1907 1018">
     <span class='ocr_line' id='line_1_10' title="bbox 336 946 1907 1018; baseline 0.004 -18"><span class='ocrx_word' id='word_1_75' title='bbox 336 946 547 1002; x_wconf 84' lang='lat' dir='ltr'><strong>Vanum</strong></span> <span class='ocrx_word' id='word_1_76' title='bbox 584 949 768 1018; x_wconf 83' lang='lat' dir='ltr'><strong>itaque</strong></span> <span class='ocrx_word' id='word_1_77' title='bbox 791 950 1006 1003; x_wconf 91' lang='lat' dir='ltr'><strong>illorum</strong></span> <span class='ocrx_word' id='word_1_78' title='bbox 1037 960 1290 1005; x_wconf 85' lang='lat' dir='ltr'><strong>conatum</strong></span> <span class='ocrx_word' id='word_1_79' title='bbox 1323 953 1514 1006; x_wconf 81' lang='lat' dir='ltr'><strong>essein</strong></span> <span class='ocrx_word' id='word_1_80' title='bbox 1544 953 1650 1007; x_wconf 92' lang='lat' dir='ltr'><strong>hac</strong></span> <span class='ocrx_word' id='word_1_81' title='bbox 1670 952 1907 1007; x_wconf 84' lang='lat' dir='ltr'><strong>dictione</strong></span> 
     </span>
    </p>
   </div>
   <div class='ocr_carea' id='block_1_11' title="bbox 333 1039 1904 1114">
    <p class='ocr_par' dir='ltr' id='par_1_11' title="bbox 333 1039 1904 1114">
     <span class='ocr_line' id='line_1_11' title="bbox 333 1039 1904 1114; baseline 0.003 -21"><span class='ocrx_word' id='word_1_82' title='bbox 333 1055 439 1094; x_wconf 92' lang='lat' dir='ltr'><strong>non</strong></span> <span class='ocrx_word' id='word_1_83' title='bbox 467 1039 590 1095; x_wconf 81' lang='lat' dir='ltr'><strong>iacti</strong></span> <span class='ocrx_word' id='word_1_84' title='bbox 635 1041 961 1107; x_wconf 86' lang='lat' dir='ltr'><strong>adhibenda,</strong></span> <span class='ocrx_word' id='word_1_85' title='bbox 993 1058 1224 1112; x_wconf 85' lang='lat' dir='ltr'><strong>eamque</strong></span> <span class='ocrx_word' id='word_1_86' title='bbox 1276 1043 1407 1098; x_wconf 88' lang='lat' dir='ltr'><strong>nihil</strong></span> <span class='ocrx_word' id='word_1_87' title='bbox 1465 1055 1661 1114; x_wconf 85' lang='lat' dir='ltr'><strong>praeter</strong></span> <span class='ocrx_word' id='word_1_88' title='bbox 1699 1059 1904 1100; x_wconf 89' lang='lat' dir='ltr'><strong>meram</strong></span> 
     </span>
    </p>
   </div>
   <div class='ocr_carea' id='block_1_12' title="bbox 333 1133 1581 1204">
    <p class='ocr_par' dir='ltr' id='par_1_12' title="bbox 333 1133 1581 1204">
     <span class='ocr_line' id='line_1_12' title="bbox 333 1133 1581 1204; baseline 0.004 -18"><span class='ocrx_word' id='word_1_89' title='bbox 333 1133 565 1204; x_wconf 86' lang='lat' dir='ltr'><strong>speciem</strong></span> <span class='ocrx_word' id='word_1_90' title='bbox 597 1134 822 1200; x_wconf 87' lang='lat' dir='ltr'><strong>habere,</strong></span> <span class='ocrx_word' id='word_1_91' title='bbox 841 1135 1128 1204; x_wconf 89' lang='lat' dir='ltr'><strong>probatum</strong></span> <span class='ocrx_word' id='word_1_92' title='bbox 1155 1137 1455 1190; x_wconf 83' lang='lat' dir='ltr'><strong>luculenter</strong></span> <span class='ocrx_word' id='word_1_93' title='bbox 1481 1146 1581 1191; x_wconf 89' lang='lat' dir='ltr'><strong>est.</strong></span> 
     </span>
    </p>
   </div>
   <div class='ocr_carea' id='block_1_13' title="bbox 399 1221 1904 1296">
    <p class='ocr_par' dir='ltr' id='par_1_13' title="bbox 399 1221 1904 1296">
     <span class='ocr_line' id='line_1_13' title="bbox 399 1221 1904 1296; baseline 0.004 -20"><span class='ocrx_word' id='word_1_94' title='bbox 399 1223 489 1276; x_wconf 78' lang='lat'><strong>35.</strong></span> <span class='ocrx_word' id='word_1_95' title='bbox 524 1221 642 1278; x_wconf 87' lang='lat' dir='ltr'><strong>Jam</strong></span> <span class='ocrx_word' id='word_1_96' title='bbox 677 1223 744 1278; x_wconf 89' lang='lat' dir='ltr'><strong>de</strong></span> <span class='ocrx_word' id='word_1_97' title='bbox 772 1240 836 1278; x_wconf 93' lang='lat' dir='ltr'><strong>eo</strong></span> <span class='ocrx_word' id='word_1_98' title='bbox 863 1226 1004 1294; x_wconf 91' lang='lat' dir='ltr'><strong>quod</strong></span> <span class='ocrx_word' id='word_1_99' title='bbox 1028 1226 1104 1279; x_wconf 91' lang='lat' dir='ltr'><strong>illi</strong></span> <span class='ocrx_word' id='word_1_100' title='bbox 1133 1227 1434 1296; x_wconf 85' lang='lat' dir='ltr'><strong>inquirunt,</strong></span> <span class='ocrx_word' id='word_1_101' title='bbox 1456 1237 1636 1282; x_wconf 89' lang='lat' dir='ltr'><strong>utrum</strong></span> <span class='ocrx_word' id='word_1_102' title='bbox 1668 1228 1904 1283; x_wconf 86' lang='lat' dir='ltr'><strong>Verbum</strong></span> 
     </span>
    </p>
   </div>
   <div class='ocr_carea' id='block_1_14' title="bbox 329 1315 1903 1390">
    <p class='ocr_par' dir='ltr' id='par_1_14' title="bbox 329 1315 1903 1390">
     <span class='ocr_line' id='line_1_14' title="bbox 329 1315 1903 1390; baseline 0.003 -21"><span class='ocrx_word' id='word_1_103' title='bbox 329 1315 403 1370; x_wconf 86' lang='lat' dir='ltr'><strong>sit</strong></span> <span class='ocrx_word' id='word_1_104' title='bbox 436 1317 719 1380; x_wconf 87' lang='lat' dir='ltr'><strong>mutabile,</strong></span> <span class='ocrx_word' id='word_1_105' title='bbox 763 1333 1228 1388; x_wconf 86' lang='lat' dir='ltr'><strong>supervacaneum</strong></span> <span class='ocrx_word' id='word_1_106' title='bbox 1255 1327 1339 1374; x_wconf 88' lang='lat' dir='ltr'><strong>est</strong></span> <span class='ocrx_word' id='word_1_107' title='bbox 1383 1319 1681 1388; x_wconf 83' lang='lat' dir='ltr'><strong>disputare.</strong></span> <span class='ocrx_word' id='word_1_108' title='bbox 1717 1319 1903 1390; x_wconf 88' lang='lat' dir='ltr'><strong>Siqui-</strong></span> 
     </span>
    </p>
   </div>
   <div class='ocr_carea' id='block_1_15' title="bbox 331 1407 1906 1482">
    <p class='ocr_par' dir='ltr' id='par_1_15' title="bbox 331 1407 1906 1482">
     <span class='ocr_line' id='line_1_15' title="bbox 331 1407 1906 1482; baseline 0.004 -20"><span class='ocrx_word' id='word_1_109' title='bbox 331 1407 454 1462; x_wconf 91' lang='lat' dir='ltr'><strong>dem</strong></span> <span class='ocrx_word' id='word_1_110' title='bbox 483 1409 618 1462; x_wconf 90' lang='lat' dir='ltr'><strong>satis</strong></span> <span class='ocrx_word' id='word_1_111' title='bbox 644 1410 870 1464; x_wconf 91' lang='lat' dir='ltr'><strong>omnino</strong></span> <span class='ocrx_word' id='word_1_112' title='bbox 896 1409 1081 1472; x_wconf 83' lang='lat' dir='ltr'><strong>l‘uerit,</strong></span> <span class='ocrx_word' id='word_1_113' title='bbox 1111 1411 1155 1466; x_wconf 91' lang='lat' dir='ltr'><strong>si</strong></span> <span class='ocrx_word' id='word_1_114' title='bbox 1185 1427 1306 1480; x_wconf 68' lang='lat' dir='ltr'><strong>qua:</strong></span> <span class='ocrx_word' id='word_1_115' title='bbox 1329 1411 1398 1465; x_wconf 90' lang='lat' dir='ltr'><strong>ab</strong></span> <span class='ocrx_word' id='word_1_116' title='bbox 1415 1413 1494 1466; x_wconf 89' lang='lat' dir='ltr'><strong>eis</strong></span> <span class='ocrx_word' id='word_1_117' title='bbox 1513 1411 1771 1466; x_wconf 88' lang='lat' dir='ltr'><strong>dicuntur</strong></span> <span class='ocrx_word' id='word_1_118' title='bbox 1790 1411 1906 1482; x_wconf 89' lang='lat' dir='ltr'><strong>ipse</strong></span> 
     </span>
    </p>
   </div>
   <div class='ocr_carea' id='block_1_16' title="bbox 331 1499 1906 1571">
    <p class='ocr_par' dir='ltr' id='par_1_16' title="bbox 331 1499 1906 1571">
     <span class='ocr_line' id='line_1_16' title="bbox 331 1499 1906 1571; baseline 0.006 -19"><span class='ocrx_word' id='word_1_119' title='bbox 331 1499 666 1564; x_wconf 82' lang='lat' dir='ltr'><strong>exscribens,</strong></span> <span class='ocrx_word' id='word_1_120' title='bbox 701 1516 863 1570; x_wconf 88' lang='lat' dir='ltr'><strong>quam</strong></span> <span class='ocrx_word' id='word_1_121' title='bbox 896 1500 1063 1571; x_wconf 92' lang='lat' dir='ltr'><strong>impia</strong></span> <span class='ocrx_word' id='word_1_122' title='bbox 1095 1503 1166 1557; x_wconf 93' lang='lat' dir='ltr'><strong>sit</strong></span> <span class='ocrx_word' id='word_1_123' title='bbox 1196 1504 1411 1558; x_wconf 91' lang='lat' dir='ltr'><strong>illorum</strong></span> <span class='ocrx_word' id='word_1_124' title='bbox 1438 1507 1714 1560; x_wconf 87' lang='lat' dir='ltr'><strong>temeritas</strong></span> <span class='ocrx_word' id='word_1_125' title='bbox 1731 1516 1906 1561; x_wconf 84' lang='lat' dir='ltr'><strong>osten-</strong></span> 
     </span>
    </p>
   </div>
   <div class='ocr_carea' id='block_1_17' title="bbox 331 1589 1900 1666">
    <p class='ocr_par' dir='ltr' id='par_1_17' title="bbox 331 1589 1900 1666">
     <span class='ocr_line' id='line_1_17' title="bbox 331 1589 1900 1666; baseline 0.006 -23"><span class='ocrx_word' id='word_1_126' title='bbox 331 1590 485 1644; x_wconf 89' lang='lat' dir='ltr'><strong>dero.</strong></span> <span class='ocrx_word' id='word_1_127' title='bbox 536 1589 663 1646; x_wconf 63' lang='lat' dir='ltr'><strong>Haec</strong></span> <span class='ocrx_word' id='word_1_128' title='bbox 697 1592 844 1647; x_wconf 90' lang='lat' dir='ltr'><strong>enim</strong></span> <span class='ocrx_word' id='word_1_129' title='bbox 869 1601 999 1648; x_wconf 79' lang='lat' dir='ltr'><strong>sunt</strong></span> <span class='ocrx_word' id='word_1_130' title='bbox 1025 1609 1148 1663; x_wconf 70' lang='lat' dir='ltr'><strong>quae</strong></span> <span class='ocrx_word' id='word_1_131' title='bbox 1195 1595 1476 1665; x_wconf 78' lang='lat' dir='ltr'><strong>nugatorie</strong></span> <span class='ocrx_word' id='word_1_132' title='bbox 1519 1596 1857 1666; x_wconf 82' lang='lat' dir='ltr'><strong>interrogant</strong></span> <span class='ocrx_word' id='word_1_133' title='bbox 1887 1615 1900 1652; x_wconf 87' lang='lat'><strong>:</strong></span> 
     </span>
    </p>
   </div>
   <div class='ocr_carea' id='block_1_18' title="bbox 2008 492 3595 567">
    <p class='ocr_par' dir='ltr' id='par_1_18' title="bbox 2008 492 3595 567">
     <span class='ocr_line' id='line_1_18' title="bbox 2008 492 3595 567; baseline 0.001 -23"><span class='ocrx_word' id='word_1_134' title='bbox 2008 513 2118 558; x_wconf 81' lang='grc' dir='ltr'>τος.</span> <span class='ocrx_word' id='word_1_135' title='bbox 2153 495 2266 548; x_wconf 77' lang='grc' dir='ltr'>ἀλλ’</span> <span class='ocrx_word' id='word_1_136' title='bbox 2300 497 2378 559; x_wconf 86' lang='grc' dir='ltr'><strong>είς</strong></span> <span class='ocrx_word' id='word_1_137' title='bbox 2405 495 2574 566; x_wconf 79' lang='grc' dir='ltr'>δνομα</span> <span class='ocrx_word' id='word_1_138' title='bbox 2596 497 2806 567; x_wconf 86' lang='grc' dir='ltr'>Πατρὸς</span> <span class='ocrx_word' id='word_1_139' title='bbox 2832 496 2925 547; x_wconf 74' lang='grc' dir='ltr'><strong>καὶ</strong></span> <span class='ocrx_word' id='word_1_140' title='bbox 2951 492 3100 557; x_wconf 84' lang='grc' dir='ltr'>Υἱοῦ,</span> <span class='ocrx_word' id='word_1_141' title='bbox 3125 493 3219 547; x_wconf 73' lang='grc' dir='ltr'><strong>καὶ</strong></span> <span class='ocrx_word' id='word_1_142' title='bbox 3242 495 3394 562; x_wconf 82' lang='grc' dir='ltr'>ἁγίου</span> <span class='ocrx_word' id='word_1_143' title='bbox 3421 494 3595 546; x_wconf 82' lang='grc' dir='ltr'>Πνεύ-</span> 
     </span>
    </p>
   </div>
   <div class='ocr_carea' id='block_1_19' title="bbox 2009 588 3594 662">
    <p class='ocr_par' dir='ltr' id='par_1_19' title="bbox 2009 588 3594 662">
     <span class='ocr_line' id='line_1_19' title="bbox 2009 588 3594 662; baseline -0.001 -20"><span class='ocrx_word' id='word_1_144' title='bbox 2009 605 2198 658; x_wconf 85' lang='grc' dir='ltr'>ματος.</span> <span class='ocrx_word' id='word_1_145' title='bbox 2231 589 2391 644; x_wconf 76' lang='grc' dir='ltr'>Οὕτω</span> <span class='ocrx_word' id='word_1_146' title='bbox 2429 589 2537 662; x_wconf 82' lang='grc' dir='ltr'>γὰρ</span> <span class='ocrx_word' id='word_1_147' title='bbox 2570 589 2932 660; x_wconf 85' lang='grc' dir='ltr'>τελειούμενοι</span> <span class='ocrx_word' id='word_1_148' title='bbox 2962 588 3054 642; x_wconf 77' lang='grc' dir='ltr'><strong>καὶ</strong></span> <span class='ocrx_word' id='word_1_149' title='bbox 3081 590 3240 659; x_wconf 79' lang='grc' dir='ltr'>ἡμεῖς</span> <span class='ocrx_word' id='word_1_150' title='bbox 3260 590 3324 641; x_wconf 81' lang='grc' dir='ltr'><strong>ἐκ</strong></span> <span class='ocrx_word' id='word_1_151' title='bbox 3361 589 3594 658; x_wconf 69' lang='grc' dir='ltr'>ποιημάο</span> 
     </span>
    </p>
   </div>
   <div class='ocr_carea' id='block_1_20' title="bbox 2005 673 3592 749">
    <p class='ocr_par' dir='ltr' id='par_1_20' title="bbox 2005 673 3592 749">
     <span class='ocr_line' id='line_1_20' title="bbox 2005 673 3592 749; baseline 0 -19"><span class='ocrx_word' id='word_1_152' title='bbox 2005 696 2111 731; x_wconf 86' lang='grc' dir='ltr'><strong>των</strong></span> <span class='ocrx_word' id='word_1_153' title='bbox 2135 678 2302 742; x_wconf 69' lang='grc' dir='ltr'>ὄντες,</span> <span class='ocrx_word' id='word_1_154' title='bbox 2354 678 2740 749; x_wconf 82' lang='grc' dir='ltr'>υἱοποιούμεθα</span> <span class='ocrx_word' id='word_1_155' title='bbox 2790 678 2995 742; x_wconf 82' lang='grc' dir='ltr'>λοιπὸν,</span> <span class='ocrx_word' id='word_1_156' title='bbox 3030 677 3207 731; x_wconf 75' lang='grc' dir='ltr'>καὶτὸ</span> <span class='ocrx_word' id='word_1_157' title='bbox 3236 673 3330 730; x_wconf 79' lang='grc' dir='ltr'>τοῦ</span> <span class='ocrx_word' id='word_1_158' title='bbox 3377 678 3592 748; x_wconf 81' lang='grc' dir='ltr'>Πατρὸς</span> 
     </span>
    </p>
   </div>
   <div class='ocr_carea' id='block_1_21' title="bbox 2005 769 3590 840">
    <p class='ocr_par' dir='ltr' id='par_1_21' title="bbox 2005 769 3590 840">
     <span class='ocr_line' id='line_1_21' title="bbox 2005 769 3590 840; baseline 0 -18"><span class='ocrx_word' id='word_1_159' title='bbox 2005 769 2060 822; x_wconf 86' lang='grc' dir='ltr'>δὲ</span> <span class='ocrx_word' id='word_1_160' title='bbox 2091 771 2261 840; x_wconf 78' lang='grc' dir='ltr'>δνομα</span> <span class='ocrx_word' id='word_1_161' title='bbox 2297 771 2566 840; x_wconf 84' lang='grc' dir='ltr'>λέγοντες,</span> <span class='ocrx_word' id='word_1_162' title='bbox 2601 770 3030 840; x_wconf 80' lang='grc' dir='ltr'>ἐπιγινώσκομεν</span> <span class='ocrx_word' id='word_1_163' title='bbox 3081 773 3144 824; x_wconf 86' lang='grc' dir='ltr'><strong>ἑκ</strong></span> <span class='ocrx_word' id='word_1_164' title='bbox 3205 771 3296 824; x_wconf 80' lang='grc' dir='ltr'>τοῦ</span> <span class='ocrx_word' id='word_1_165' title='bbox 3325 771 3590 840; x_wconf 84' lang='grc' dir='ltr'>ὀνόματος</span> 
     </span>
    </p>
   </div>
   <div class='ocr_carea' id='block_1_22' title="bbox 2005 861 3589 935">
    <p class='ocr_par' dir='ltr' id='par_1_22' title="bbox 2005 861 3589 935">
     <span class='ocr_line' id='line_1_22' title="bbox 2005 861 3589 935; baseline 0.002 -22"><span class='ocrx_word' id='word_1_166' title='bbox 2005 861 2194 914; x_wconf 85' lang='grc' dir='ltr'>τούτου</span> <span class='ocrx_word' id='word_1_167' title='bbox 2246 864 2458 916; x_wconf 77' lang='grc' dir='ltr'>καὶτὸν</span> <span class='ocrx_word' id='word_1_168' title='bbox 2483 867 2538 916; x_wconf 85' lang='grc' dir='ltr'><strong>ὲν</strong></span> <span class='ocrx_word' id='word_1_169' title='bbox 2569 863 2716 933; x_wconf 75' lang='grc' dir='ltr'>αὐτῷ</span> <span class='ocrx_word' id='word_1_170' title='bbox 2772 863 2849 934; x_wconf 81' lang='grc' dir='ltr'>τῷ</span> <span class='ocrx_word' id='word_1_171' title='bbox 2883 863 3057 935; x_wconf 78' lang='grc' dir='ltr'>Πατρ).</span> <span class='ocrx_word' id='word_1_172' title='bbox 3110 865 3297 932; x_wconf 89' lang='grc' dir='ltr'>Λόγον.</span> <span class='ocrx_word' id='word_1_173' title='bbox 3343 865 3589 927; x_wconf 88' lang='grc' dir='ltr'>Μάταιος</span> 
     </span>
    </p>
   </div>
   <div class='ocr_carea' id='block_1_23' title="bbox 2005 941 3586 1028">
    <p class='ocr_par' dir='ltr' id='par_1_23' title="bbox 2005 953 3586 1028">
     <span class='ocr_line' id='line_1_23' title="bbox 2005 953 3586 1028; baseline 0 -20"><span class='ocrx_word' id='word_1_174' title='bbox 2005 956 2111 1028; x_wconf 83' lang='grc' dir='ltr'><strong>ἄρα</strong></span> <span class='ocrx_word' id='word_1_175' title='bbox 2144 957 2236 1008; x_wconf 80' lang='grc' dir='ltr'><strong>καὶ</strong></span> <span class='ocrx_word' id='word_1_176' title='bbox 2280 959 2311 1025; x_wconf 82' lang='grc' dir='ltr'><strong>ἡ</strong></span> <span class='ocrx_word' id='word_1_177' title='bbox 2373 956 2623 1026; x_wconf 78' lang='grc' dir='ltr'>περὶτῆς</span> <span class='ocrx_word' id='word_1_178' title='bbox 2657 953 2749 1007; x_wconf 72' lang='grc' dir='ltr'>τοῦ</span> <span class='ocrx_word' id='word_1_179' title='bbox 2803 957 3068 1026; x_wconf 75' lang='grc' dir='ltr'>άγενήτου</span> <span class='ocrx_word' id='word_1_180' title='bbox 3103 955 3213 1023; x_wconf 91' lang='grc'>(77)</span> <span class='ocrx_word' id='word_1_181' title='bbox 3243 955 3436 1019; x_wconf 85' lang='grc' dir='ltr'>λέξεως</span> <span class='ocrx_word' id='word_1_182' title='bbox 3459 958 3586 1008; x_wconf 82' lang='grc' dir='ltr'>ἐπι-</span> 
     </span>
    </p>
   </div>
   <div class='ocr_carea' id='block_1_24' title="bbox 2006 1043 3589 1116">
    <p class='ocr_par' dir='ltr' id='par_1_24' title="bbox 2006 1043 3589 1116">
     <span class='ocr_line' id='line_1_24' title="bbox 2006 1043 3589 1116; baseline 0.001 -20"><span class='ocrx_word' id='word_1_183' title='bbox 2006 1045 2250 1116; x_wconf 80' lang='grc' dir='ltr'>χείρησις</span> <span class='ocrx_word' id='word_1_184' title='bbox 2301 1045 2476 1099; x_wconf 76' lang='grc' dir='ltr'>αὐτῶν</span> <span class='ocrx_word' id='word_1_185' title='bbox 2507 1045 2793 1109; x_wconf 78' lang='grc' dir='ltr'><strong>δέδεικται,</strong></span> <span class='ocrx_word' id='word_1_186' title='bbox 2822 1046 2916 1098; x_wconf 78' lang='grc' dir='ltr'><strong>καὶ</strong></span> <span class='ocrx_word' id='word_1_187' title='bbox 2951 1045 3113 1116; x_wconf 82' lang='grc' dir='ltr'>μηδὲν</span> <span class='ocrx_word' id='word_1_188' title='bbox 3172 1043 3351 1099; x_wconf 85' lang='grc' dir='ltr'>πλεῖον</span> <span class='ocrx_word' id='word_1_189' title='bbox 3388 1045 3589 1116; x_wconf 85' lang='grc' dir='ltr'>ἑχουσα</span> 
     </span>
    </p>
   </div>
   <div class='ocr_carea' id='block_1_25' title="bbox 2004 1137 2573 1208">
    <p class='ocr_par' dir='ltr' id='par_1_25' title="bbox 2004 1137 2573 1208">
     <span class='ocr_line' id='line_1_25' title="bbox 2004 1137 2573 1208; baseline 0.005 -20"><span class='ocrx_word' id='word_1_190' title='bbox 2004 1137 2036 1206; x_wconf 84' lang='grc' dir='ltr'>ἢ</span> <span class='ocrx_word' id='word_1_191' title='bbox 2063 1137 2226 1208; x_wconf 76' lang='grc' dir='ltr'>μόνην</span> <span class='ocrx_word' id='word_1_192' title='bbox 2257 1137 2573 1206; x_wconf 80' lang='grc' dir='ltr'><strong>φαντασίαν.</strong></span> 
     </span>
    </p>
   </div>
   <div class='ocr_carea' id='block_1_26' title="bbox 2075 1226 3589 1300">
    <p class='ocr_par' dir='ltr' id='par_1_26' title="bbox 2075 1226 3589 1300">
     <span class='ocr_line' id='line_1_26' title="bbox 2075 1226 3589 1300; baseline 0 -18"><span class='ocrx_word' id='word_1_193' title='bbox 2075 1228 2163 1283; x_wconf 78' lang='lat'><strong>55.</strong></span> <span class='ocrx_word' id='word_1_194' title='bbox 2193 1228 2327 1299; x_wconf 73' lang='grc' dir='ltr'>Περὶ</span> <span class='ocrx_word' id='word_1_195' title='bbox 2347 1228 2402 1281; x_wconf 82' lang='grc' dir='ltr'>δὲ</span> <span class='ocrx_word' id='word_1_196' title='bbox 2436 1227 2528 1282; x_wconf 78' lang='grc' dir='ltr'><strong>τού</strong></span> <span class='ocrx_word' id='word_1_197' title='bbox 2551 1227 2728 1296; x_wconf 81' lang='grc' dir='ltr'>λέγειν</span> <span class='ocrx_word' id='word_1_198' title='bbox 2757 1228 2952 1292; x_wconf 80' lang='grc' dir='ltr'>αὐτοὺς</span> <span class='ocrx_word' id='word_1_199' title='bbox 2981 1229 3027 1280; x_wconf 82' lang='grc' dir='ltr'>εἰ</span> <span class='ocrx_word' id='word_1_200' title='bbox 3049 1228 3278 1300; x_wconf 87' lang='grc' dir='ltr'>τρεπτός</span> <span class='ocrx_word' id='word_1_201' title='bbox 3305 1226 3415 1298; x_wconf 88' lang='grc'><strong>(78)</strong></span> <span class='ocrx_word' id='word_1_202' title='bbox 3438 1229 3589 1283; x_wconf 80' lang='grc' dir='ltr'>ἑστιν</span> 
     </span>
    </p>
   </div>
   <div class='ocr_carea' id='block_1_27' title="bbox 2005 1319 3592 1391">
    <p class='ocr_par' dir='ltr' id='par_1_27' title="bbox 2005 1319 3592 1391">
     <span class='ocr_line' id='line_1_27' title="bbox 2005 1319 3592 1391; baseline -0.001 -19"><span class='ocrx_word' id='word_1_203' title='bbox 2005 1321 2033 1372; x_wconf 91' lang='grc' dir='ltr'><strong>ό</strong></span> <span class='ocrx_word' id='word_1_204' title='bbox 2060 1320 2248 1388; x_wconf 83' lang='grc' dir='ltr'><strong>Λόγος,</strong></span> <span class='ocrx_word' id='word_1_205' title='bbox 2283 1319 2530 1391; x_wconf 84' lang='grc' dir='ltr'>περιττόν</span> <span class='ocrx_word' id='word_1_206' title='bbox 2581 1322 2694 1371; x_wconf 87' lang='grc' dir='ltr'>ὲστι</span> <span class='ocrx_word' id='word_1_207' title='bbox 2752 1320 2878 1391; x_wconf 76' lang='grc' dir='ltr'>περ).</span> <span class='ocrx_word' id='word_1_208' title='bbox 2933 1319 3122 1372; x_wconf 88' lang='grc' dir='ltr'>τούτου</span> <span class='ocrx_word' id='word_1_209' title='bbox 3174 1319 3372 1388; x_wconf 78' lang='grc' dir='ltr'><strong>ζητεῖν·</strong></span> <span class='ocrx_word' id='word_1_210' title='bbox 3425 1319 3592 1390; x_wconf 70' lang='grc' dir='ltr'>ἀρκεῖ</span> 
     </span>
    </p>
   </div>
   <div class='ocr_carea' id='block_1_28' title="bbox 2004 1409 3588 1484">
    <p class='ocr_par' dir='ltr' id='par_1_28' title="bbox 2004 1409 3588 1484">
     <span class='ocr_line' id='line_1_28' title="bbox 2004 1409 3588 1484; baseline -0.001 -19"><span class='ocrx_word' id='word_1_211' title='bbox 2004 1413 2132 1483; x_wconf 79' lang='grc' dir='ltr'>γὰρ,</span> <span class='ocrx_word' id='word_1_212' title='bbox 2159 1413 2253 1466; x_wconf 68' lang='grc' dir='ltr'>καὶ</span> <span class='ocrx_word' id='word_1_213' title='bbox 2279 1413 2433 1484; x_wconf 85' lang='grc' dir='ltr'>μόνον</span> <span class='ocrx_word' id='word_1_214' title='bbox 2463 1412 2812 1483; x_wconf 73' lang='grc' dir='ltr'>ἑγγράψαντά</span> <span class='ocrx_word' id='word_1_215' title='bbox 2843 1429 2908 1482; x_wconf 88' lang='grc' dir='ltr'><strong>με</strong></span> <span class='ocrx_word' id='word_1_216' title='bbox 2947 1412 3014 1464; x_wconf 78' lang='grc' dir='ltr'>τὰ</span> <span class='ocrx_word' id='word_1_217' title='bbox 3058 1415 3187 1483; x_wconf 88' lang='grc' dir='ltr'>παρ’</span> <span class='ocrx_word' id='word_1_218' title='bbox 3221 1411 3398 1465; x_wconf 79' lang='grc' dir='ltr'>αὐτῶν</span> <span class='ocrx_word' id='word_1_219' title='bbox 3427 1409 3588 1479; x_wconf 82' lang='grc' dir='ltr'>λεγό-</span> 
     </span>
    </p>
   </div>
   <div class='ocr_carea' id='block_1_29' title="bbox 2008 1503 3589 1576">
    <p class='ocr_par' dir='ltr' id='par_1_29' title="bbox 2008 1503 3589 1576">
     <span class='ocr_line' id='line_1_29' title="bbox 2008 1503 3589 1576; baseline -0.001 -17"><span class='ocrx_word' id='word_1_220' title='bbox 2008 1524 2163 1576; x_wconf 84' lang='grc' dir='ltr'>μενα,</span> <span class='ocrx_word' id='word_1_221' title='bbox 2189 1505 2356 1569; x_wconf 82' lang='grc' dir='ltr'>δεῖξαι</span> <span class='ocrx_word' id='word_1_222' title='bbox 2390 1505 2450 1558; x_wconf 86' lang='grc' dir='ltr'><strong>τὸ</strong></span> <span class='ocrx_word' id='word_1_223' title='bbox 2480 1504 2746 1575; x_wconf 83' lang='grc' dir='ltr'>τολμηρὸν</span> <span class='ocrx_word' id='word_1_224' title='bbox 2783 1503 2882 1573; x_wconf 77' lang='grc' dir='ltr'>τῆς</span> <span class='ocrx_word' id='word_1_225' title='bbox 2925 1503 3177 1566; x_wconf 79' lang='grc' dir='ltr'>ἀσεϐείας</span> <span class='ocrx_word' id='word_1_226' title='bbox 3202 1503 3399 1558; x_wconf 79' lang='grc' dir='ltr'>αὐτῶν.</span> <span class='ocrx_word' id='word_1_227' title='bbox 3426 1504 3589 1558; x_wconf 85' lang='grc' dir='ltr'>Ἔστι</span> 
     </span>
    </p>
   </div>
   <div class='ocr_carea' id='block_1_30' title="bbox 2006 1593 3589 1668">
    <p class='ocr_par' dir='ltr' id='par_1_30' title="bbox 2006 1593 3589 1668">
     <span class='ocr_line' id='line_1_30' title="bbox 2006 1593 3589 1668; baseline -0.001 -18"><span class='ocrx_word' id='word_1_228' title='bbox 2006 1597 2112 1668; x_wconf 87' lang='grc' dir='ltr'><strong>γάρ</strong></span> <span class='ocrx_word' id='word_1_229' title='bbox 2145 1596 2318 1650; x_wconf 80' lang='grc' dir='ltr'>ταῦτα</span> <span class='ocrx_word' id='word_1_230' title='bbox 2348 1595 2382 1649; x_wconf 78' lang='grc' dir='ltr'><em>ἃ.</em></span> <span class='ocrx_word' id='word_1_231' title='bbox 2409 1595 2484 1658; x_wconf 81' lang='grc' dir='ltr'>ὡς</span> <span class='ocrx_word' id='word_1_232' title='bbox 2515 1593 2826 1665; x_wconf 78' lang='grc' dir='ltr'><strong>ἐρωτῶντες</strong></span> <span class='ocrx_word' id='word_1_233' title='bbox 2857 1593 3188 1665; x_wconf 79' lang='grc' dir='ltr'>φλυαροῦσιν</span> <span class='ocrx_word' id='word_1_234' title='bbox 3216 1611 3229 1624; x_wconf 87' lang='grc'><strong>·</strong></span> <span class='ocrx_word' id='word_1_235' title='bbox 3263 1612 3282 1644; x_wconf 84' lang='grc'><em>‹</em></span> <span class='ocrx_word' id='word_1_236' title='bbox 3317 1593 3589 1660; x_wconf 80' lang='grc' dir='ltr'>Αύτεξού-</span> 
     </span>
    </p>
   </div>
   <div class='ocr_carea' id='block_1_31' title="bbox 337 1682 1909 1757">
    <p class='ocr_par' dir='ltr' id='par_1_31' title="bbox 337 1682 1900 1756">
     <span class='ocr_line' id='line_1_31' title="bbox 337 1682 1900 1756; baseline 0.005 -22"><span class='ocrx_word' id='word_1_237' title='bbox 337 1702 356 1734; x_wconf 74' lang='grc' dir='ltr'><strong>ι</strong></span> <span class='ocrx_word' id='word_1_238' title='bbox 395 1682 534 1738; x_wconf 89' lang='lat' dir='ltr'><strong>Num</strong></span> <span class='ocrx_word' id='word_1_239' title='bbox 574 1685 748 1741; x_wconf 91' lang='lat' dir='ltr'><strong>libero</strong></span> <span class='ocrx_word' id='word_1_240' title='bbox 790 1686 1052 1756; x_wconf 82' lang='lat' dir='ltr'><strong>praeditus</strong></span> <span class='ocrx_word' id='word_1_241' title='bbox 1080 1695 1166 1741; x_wconf 89' lang='lat' dir='ltr'><strong>est</strong></span> <span class='ocrx_word' id='word_1_242' title='bbox 1209 1687 1458 1755; x_wconf 89' lang='lat' dir='ltr'><strong>arbitrio,</strong></span> <span class='ocrx_word' id='word_1_243' title='bbox 1505 1688 1589 1743; x_wconf 88' lang='lat' dir='ltr'><strong>vel</strong></span> <span class='ocrx_word' id='word_1_244' title='bbox 1641 1690 1787 1743; x_wconf 85' lang='lat' dir='ltr'><strong>non?</strong></span> <span class='ocrx_word' id='word_1_245' title='bbox 1819 1689 1900 1743; x_wconf 86' lang='lat' dir='ltr'><strong>An</strong></span> 
     </span>
    </p>
   </div>
   <div class='ocr_carea' id='block_1_32' title="bbox 2021 1682 3586 1757">
    <p class='ocr_par' dir='ltr' id='par_1_32' title="bbox 2021 1684 3586 1757">
     <span class='ocr_line' id='line_1_32' title="bbox 2021 1684 3586 1757; baseline -0.001 -17"><span class='ocrx_word' id='word_1_246' title='bbox 2021 1688 2120 1751; x_wconf 73' lang='grc' dir='ltr'>τιός</span> <span class='ocrx_word' id='word_1_247' title='bbox 2158 1689 2304 1740; x_wconf 88' lang='grc' dir='ltr'>ἑστιν</span> <span class='ocrx_word' id='word_1_248' title='bbox 2336 1685 2369 1756; x_wconf 87' lang='grc' dir='ltr'>ἣ</span> <span class='ocrx_word' id='word_1_249' title='bbox 2406 1687 2506 1738; x_wconf 82' lang='grc' dir='ltr'><strong>οὐκ</strong></span> <span class='ocrx_word' id='word_1_250' title='bbox 2534 1684 2677 1752; x_wconf 80' lang='grc' dir='ltr'>ἑστι;</span> <span class='ocrx_word' id='word_1_251' title='bbox 2698 1686 3018 1757; x_wconf 83' lang='grc' dir='ltr'>Προαιρέσει</span> <span class='ocrx_word' id='word_1_252' title='bbox 3042 1685 3184 1739; x_wconf 79' lang='grc' dir='ltr'>κατὰ</span> <span class='ocrx_word' id='word_1_253' title='bbox 3215 1685 3276 1737; x_wconf 85' lang='grc' dir='ltr'><strong>τὸ</strong></span> <span class='ocrx_word' id='word_1_254' title='bbox 3302 1685 3413 1755; x_wconf 86' lang='grc'>(79)</span> <span class='ocrx_word' id='word_1_255' title='bbox 3448 1686 3586 1738; x_wconf 79' lang='grc' dir='ltr'>αὺτ-</span> 
     </span>
    </p>
   </div>
   <div class='ocr_carea' id='block_1_33' title="bbox 332 1751 1909 1850">
    <p class='ocr_par' dir='ltr' id='par_1_33' title="bbox 332 1751 1900 1848">
     <span class='ocr_line' id='line_1_33' title="bbox 332 1751 1900 1848; baseline 0.003 -19"><span class='ocrx_word' id='word_1_256' title='bbox 332 1777 608 1832; x_wconf 89' lang='lat' dir='ltr'><strong>voluntate</strong></span> <span class='ocrx_word' id='word_1_257' title='bbox 642 1793 743 1848; x_wconf 86' lang='lat' dir='ltr'><strong>pro</strong></span> <span class='ocrx_word' id='word_1_258' title='bbox 776 1751 862 1834; x_wconf 77' lang='lat' dir='ltr'><strong>sui</strong></span> <span class='ocrx_word' id='word_1_259' title='bbox 906 1779 1118 1832; x_wconf 85' lang='lat' dir='ltr'><strong>arbitrii</strong></span> <span class='ocrx_word' id='word_1_260' title='bbox 1155 1779 1405 1834; x_wconf 89' lang='lat' dir='ltr'><strong>libertate</strong></span> <span class='ocrx_word' id='word_1_261' title='bbox 1445 1751 1622 1836; x_wconf 88' lang='lat' dir='ltr'><strong>bonus</strong></span> <span class='ocrx_word' id='word_1_262' title='bbox 1649 1789 1754 1846; x_wconf 91' lang='lat' dir='ltr'><strong>est,</strong></span> <span class='ocrx_word' id='word_1_263' title='bbox 1779 1790 1832 1836; x_wconf 92' lang='lat' dir='ltr'><strong>et</strong></span> <span class='ocrx_word' id='word_1_264' title='bbox 1855 1782 1900 1836; x_wconf 91' lang='lat' dir='ltr'><strong>si</strong></span> 
     </span>
    </p>
   </div>
   <div class='ocr_carea' id='block_1_34' title="bbox 2021 1751 3589 1850">
    <p class='ocr_par' dir='ltr' id='par_1_34' title="bbox 2021 1751 3589 1850">
     <span class='ocr_line' id='line_1_34' title="bbox 2021 1751 3589 1850; baseline -0.001 -19"><span class='ocrx_word' id='word_1_265' title='bbox 2021 1777 2246 1845; x_wconf 76' lang='grc' dir='ltr'>εξούσιον</span> <span class='ocrx_word' id='word_1_266' title='bbox 2288 1751 2468 1844; x_wconf 53' lang='grc' dir='ltr'>,καλός</span> <span class='ocrx_word' id='word_1_267' title='bbox 2499 1779 2635 1838; x_wconf 84' lang='grc' dir='ltr'>ἑστι,</span> <span class='ocrx_word' id='word_1_268' title='bbox 2667 1751 2764 1830; x_wconf 55' lang='grc' dir='ltr'><strong>καί</strong></span> <span class='ocrx_word' id='word_1_269' title='bbox 2791 1751 3030 1842; x_wconf 82' lang='grc' dir='ltr'>δύναται,</span> <span class='ocrx_word' id='word_1_270' title='bbox 3075 1777 3167 1830; x_wconf 82' lang='grc' dir='ltr'><strong>ἑὰν</strong></span> <span class='ocrx_word' id='word_1_271' title='bbox 3199 1751 3422 1850; x_wconf 61' lang='grc' dir='ltr'>θελῆσῄ,</span> <span class='ocrx_word' id='word_1_272' title='bbox 3448 1795 3589 1848; x_wconf 85' lang='grc' dir='ltr'>τρα-</span> 
     </span>
    </p>
   </div>
   <div class='ocr_carea' id='block_1_35' title="bbox 331 1863 1901 1937">
    <p class='ocr_par' dir='ltr' id='par_1_35' title="bbox 331 1863 1901 1937">
     <span class='ocr_line' id='line_1_35' title="bbox 331 1863 1901 1937; baseline 0.005 -21"><span class='ocrx_word' id='word_1_273' title='bbox 331 1863 460 1919; x_wconf 87' lang='lat' dir='ltr'><strong>velit</strong></span> <span class='ocrx_word' id='word_1_274' title='bbox 490 1874 670 1935; x_wconf 83' lang='lat' dir='ltr'><strong>potest</strong></span> <span class='ocrx_word' id='word_1_275' title='bbox 697 1871 923 1934; x_wconf 91' lang='lat' dir='ltr'><strong>mutari,</strong></span> <span class='ocrx_word' id='word_1_276' title='bbox 948 1883 1071 1922; x_wconf 91' lang='lat' dir='ltr'><strong>cum</strong></span> <span class='ocrx_word' id='word_1_277' title='bbox 1106 1869 1353 1922; x_wconf 86' lang='lat' dir='ltr'><strong>mutabili</strong></span> <span class='ocrx_word' id='word_1_278' title='bbox 1402 1870 1474 1924; x_wconf 92' lang='lat' dir='ltr'><strong>sit</strong></span> <span class='ocrx_word' id='word_1_279' title='bbox 1525 1879 1720 1924; x_wconf 90' lang='lat' dir='ltr'><strong>natura</strong></span> <span class='ocrx_word' id='word_1_280' title='bbox 1753 1890 1766 1924; x_wconf 88' lang='lat'><strong>:</strong></span> <span class='ocrx_word' id='word_1_281' title='bbox 1795 1872 1901 1937; x_wconf 86' lang='lat' dir='ltr'><strong>vel,</strong></span> 
     </span>
    </p>
   </div>
   <div class='ocr_carea' id='block_1_36' title="bbox 332 1956 1903 2030">
    <p class='ocr_par' dir='ltr' id='par_1_36' title="bbox 332 1956 1903 2030">
     <span class='ocr_line' id='line_1_36' title="bbox 332 1956 1903 2030; baseline 0.006 -24"><span class='ocrx_word' id='word_1_282' title='bbox 332 1964 389 2009; x_wconf 94' lang='lat' dir='ltr'><strong>ut</strong></span> <span class='ocrx_word' id='word_1_283' title='bbox 414 1956 554 2026; x_wconf 90' lang='lat' dir='ltr'><strong>lapis</strong></span> <span class='ocrx_word' id='word_1_284' title='bbox 597 1959 901 2030; x_wconf 80' lang='lat' dir='ltr'><strong>etlignum,</strong></span> <span class='ocrx_word' id='word_1_285' title='bbox 934 1959 1158 2014; x_wconf 87' lang='lat' dir='ltr'><strong>liberam</strong></span> <span class='ocrx_word' id='word_1_286' title='bbox 1185 1976 1292 2014; x_wconf 91' lang='lat' dir='ltr'><strong>non</strong></span> <span class='ocrx_word' id='word_1_287' title='bbox 1314 1960 1475 2015; x_wconf 88' lang='lat' dir='ltr'><strong>habet</strong></span> <span class='ocrx_word' id='word_1_288' title='bbox 1494 1962 1823 2016; x_wconf 86' lang='lat' dir='ltr'><strong>voluntatem</strong></span> <span class='ocrx_word' id='word_1_289' title='bbox 1848 1963 1903 2016; x_wconf 87' lang='lat' dir='ltr'><strong>in</strong></span> 
     </span>
    </p>
   </div>
   <div class='ocr_carea' id='block_1_37' title="bbox 333 2051 1906 2123">
    <p class='ocr_par' dir='ltr' id='par_1_37' title="bbox 333 2051 1906 2123">
     <span class='ocr_line' id='line_1_37' title="bbox 333 2051 1906 2123; baseline 0.004 -19"><span class='ocrx_word' id='word_1_290' title='bbox 333 2055 622 2121; x_wconf 85' lang='lat' dir='ltr'><strong>utramque</strong></span> <span class='ocrx_word' id='word_1_291' title='bbox 649 2059 856 2120; x_wconf 90' lang='lat' dir='ltr'><strong>partem</strong></span> <span class='ocrx_word' id='word_1_292' title='bbox 881 2065 939 2106; x_wconf 85' lang='lat' dir='ltr'><strong>se</strong></span> <span class='ocrx_word' id='word_1_293' title='bbox 963 2051 1214 2107; x_wconf 89' lang='lat' dir='ltr'><strong>movendi</strong></span> <span class='ocrx_word' id='word_1_294' title='bbox 1240 2060 1295 2106; x_wconf 91' lang='lat' dir='ltr'><strong>et</strong></span> <span class='ocrx_word' id='word_1_295' title='bbox 1317 2053 1604 2123; x_wconf 77' lang='lat' dir='ltr'><strong>vergendi?</strong></span> <span class='ocrx_word' id='word_1_296' title='bbox 1637 2074 1656 2106; x_wconf 73' lang='grc' dir='ltr'><strong>ι</strong></span> <span class='ocrx_word' id='word_1_297' title='bbox 1691 2053 1766 2109; x_wconf 86' lang='lat' dir='ltr'><strong>Ea</strong></span> <span class='ocrx_word' id='word_1_298' title='bbox 1797 2055 1906 2109; x_wconf 88' lang='lat' dir='ltr'><strong>uti-</strong></span> 
     </span>
    </p>
   </div>
   <div class='ocr_carea' id='block_1_38' title="bbox 335 2141 1904 2211">
    <p class='ocr_par' dir='ltr' id='par_1_38' title="bbox 335 2141 1904 2211">
     <span class='ocr_line' id='line_1_38' title="bbox 335 2141 1904 2211; baseline 0.003 -15"><span class='ocrx_word' id='word_1_299' title='bbox 335 2157 438 2211; x_wconf 88' lang='lat' dir='ltr'><strong>que</strong></span> <span class='ocrx_word' id='word_1_300' title='bbox 462 2153 516 2197; x_wconf 93' lang='lat' dir='ltr'><strong>et</strong></span> <span class='ocrx_word' id='word_1_301' title='bbox 537 2141 720 2198; x_wconf 87' lang='lat' dir='ltr'><strong>dicore</strong></span> <span class='ocrx_word' id='word_1_302' title='bbox 745 2149 800 2197; x_wconf 85' lang='lat' dir='ltr'><strong>et</strong></span> <span class='ocrx_word' id='word_1_303' title='bbox 821 2143 1029 2198; x_wconf 91' lang='lat' dir='ltr'><strong>sentire</strong></span> <span class='ocrx_word' id='word_1_304' title='bbox 1059 2143 1299 2204; x_wconf 90' lang='lat' dir='ltr'><strong>alienum</strong></span> <span class='ocrx_word' id='word_1_305' title='bbox 1341 2158 1451 2198; x_wconf 88' lang='lat' dir='ltr'><strong>non</strong></span> <span class='ocrx_word' id='word_1_306' title='bbox 1478 2151 1561 2200; x_wconf 89' lang='lat' dir='ltr'><strong>est</strong></span> <span class='ocrx_word' id='word_1_307' title='bbox 1590 2146 1658 2201; x_wconf 90' lang='lat' dir='ltr'><strong>ab</strong></span> <span class='ocrx_word' id='word_1_308' title='bbox 1687 2147 1904 2200; x_wconf 90' lang='lat' dir='ltr'><strong>illorum</strong></span> 
     </span>
    </p>
   </div>
   <div class='ocr_carea' id='block_1_39' title="bbox 337 2234 1905 2294">
    <p class='ocr_par' dir='ltr' id='par_1_39' title="bbox 337 2234 1905 2294">
     <span class='ocr_line' id='line_1_39' title="bbox 337 2234 1905 2294; baseline 0.003 -4"><span class='ocrx_word' id='word_1_309' title='bbox 337 2234 552 2290; x_wconf 66' lang='lat' dir='ltr'><strong>haeresi.</strong></span> <span class='ocrx_word' id='word_1_310' title='bbox 590 2235 728 2290; x_wconf 89' lang='lat' dir='ltr'><strong>Cum</strong></span> <span class='ocrx_word' id='word_1_311' title='bbox 783 2235 930 2289; x_wconf 89' lang='lat' dir='ltr'><strong>enim</strong></span> <span class='ocrx_word' id='word_1_312' title='bbox 973 2235 1142 2291; x_wconf 87' lang='lat' dir='ltr'><strong>Deum</strong></span> <span class='ocrx_word' id='word_1_313' title='bbox 1174 2252 1204 2292; x_wconf 91' lang='lat' dir='ltr'><strong>e</strong></span> <span class='ocrx_word' id='word_1_314' title='bbox 1253 2239 1424 2294; x_wconf 80' lang='lat' dir='ltr'><strong>nihilo</strong></span> <span class='ocrx_word' id='word_1_315' title='bbox 1449 2247 1699 2293; x_wconf 82' lang='lat' dir='ltr'><strong>exortum</strong></span> <span class='ocrx_word' id='word_1_316' title='bbox 1723 2250 1776 2294; x_wconf 91' lang='lat' dir='ltr'><strong>et</strong></span> <span class='ocrx_word' id='word_1_317' title='bbox 1810 2239 1905 2294; x_wconf 81' lang='lat' dir='ltr'><strong>Fi-</strong></span> 
     </span>
    </p>
   </div>
   <div class='ocr_carea' id='block_1_40' title="bbox 335 2325 1907 2399">
    <p class='ocr_par' dir='ltr' id='par_1_40' title="bbox 335 2325 1907 2399">
     <span class='ocr_line' id='line_1_40' title="bbox 335 2325 1907 2399; baseline 0.003 -20"><span class='ocrx_word' id='word_1_318' title='bbox 335 2325 466 2380; x_wconf 90' lang='lat' dir='ltr'><strong>lium</strong></span> <span class='ocrx_word' id='word_1_319' title='bbox 496 2334 742 2382; x_wconf 88' lang='lat' dir='ltr'><strong>creatum</strong></span> <span class='ocrx_word' id='word_1_320' title='bbox 779 2325 885 2382; x_wconf 91' lang='lat' dir='ltr'><strong>sibi</strong></span> <span class='ocrx_word' id='word_1_321' title='bbox 937 2326 1228 2395; x_wconf 81' lang='lat' dir='ltr'><strong>ﬁnxerint,</strong></span> <span class='ocrx_word' id='word_1_322' title='bbox 1271 2344 1380 2384; x_wconf 90' lang='lat' dir='ltr'><strong>non</strong></span> <span class='ocrx_word' id='word_1_323' title='bbox 1410 2330 1684 2384; x_wconf 89' lang='lat' dir='ltr'><strong>immerito</strong></span> <span class='ocrx_word' id='word_1_324' title='bbox 1713 2330 1907 2399; x_wconf 85' lang='lat' dir='ltr'><strong>hujus-</strong></span> 
     </span>
    </p>
   </div>
   <div class='ocr_carea' id='block_1_41' title="bbox 335 2417 1907 2490">
    <p class='ocr_par' dir='ltr' id='par_1_41' title="bbox 335 2417 1907 2490">
     <span class='ocr_line' id='line_1_41' title="bbox 335 2417 1907 2490; baseline 0.003 -19"><span class='ocrx_word' id='word_1_325' title='bbox 335 2417 478 2472; x_wconf 92' lang='lat' dir='ltr'><strong>modi</strong></span> <span class='ocrx_word' id='word_1_326' title='bbox 506 2433 841 2487; x_wconf 87' lang='lat' dir='ltr'><strong>usurpavere</strong></span> <span class='ocrx_word' id='word_1_327' title='bbox 888 2432 1048 2472; x_wconf 89' lang='lat' dir='ltr'><strong>voces</strong></span> <span class='ocrx_word' id='word_1_328' title='bbox 1100 2435 1225 2490; x_wconf 66' lang='lat' dir='ltr'><strong>quae</strong></span> <span class='ocrx_word' id='word_1_329' title='bbox 1265 2420 1431 2474; x_wconf 90' lang='lat' dir='ltr'><strong>rebus</strong></span> <span class='ocrx_word' id='word_1_330' title='bbox 1478 2421 1676 2474; x_wconf 88' lang='lat' dir='ltr'><strong>creatis</strong></span> <span class='ocrx_word' id='word_1_331' title='bbox 1710 2435 1907 2476; x_wconf 87' lang='lat' dir='ltr'><strong>conve-</strong></span> 
     </span>
    </p>
   </div>
   <div class='ocr_carea' id='block_1_42' title="bbox 336 2509 1903 2582">
    <p class='ocr_par' dir='ltr' id='par_1_42' title="bbox 336 2509 1903 2582">
     <span class='ocr_line' id='line_1_42' title="bbox 336 2509 1903 2582; baseline 0.003 -18"><span class='ocrx_word' id='word_1_332' title='bbox 336 2511 502 2565; x_wconf 90' lang='lat' dir='ltr'><strong>niant.</strong></span> <span class='ocrx_word' id='word_1_333' title='bbox 526 2509 981 2581; x_wconf 88' lang='lat' dir='ltr'><strong>Quandoquidem</strong></span> <span class='ocrx_word' id='word_1_334' title='bbox 1006 2526 1133 2566; x_wconf 87' lang='lat' dir='ltr'><strong>vero</strong></span> <span class='ocrx_word' id='word_1_335' title='bbox 1161 2512 1298 2582; x_wconf 92' lang='lat' dir='ltr'><strong>ipsi,</strong></span> <span class='ocrx_word' id='word_1_336' title='bbox 1333 2513 1390 2567; x_wconf 90' lang='lat' dir='ltr'><strong>in</strong></span> <span class='ocrx_word' id='word_1_337' title='bbox 1417 2512 1903 2582; x_wconf 87' lang='lat' dir='ltr'><strong>disputationibus,</strong></span> 
     </span>
    </p>
   </div>
   <div class='ocr_carea' id='block_1_43' title="bbox 335 2601 1908 2675">
    <p class='ocr_par' dir='ltr' id='par_1_43' title="bbox 335 2601 1908 2675">
     <span class='ocr_line' id='line_1_43' title="bbox 335 2601 1908 2675; baseline 0.004 -19"><span class='ocrx_word' id='word_1_338' title='bbox 335 2617 470 2672; x_wconf 87' lang='lat' dir='ltr'><strong>quas</strong></span> <span class='ocrx_word' id='word_1_339' title='bbox 513 2617 636 2656; x_wconf 91' lang='lat' dir='ltr'><strong>cum</strong></span> <span class='ocrx_word' id='word_1_340' title='bbox 697 2601 950 2657; x_wconf 67' lang='lat' dir='ltr'><strong>Ecclesiae</strong></span> <span class='ocrx_word' id='word_1_341' title='bbox 993 2603 1125 2658; x_wconf 86' lang='lat' dir='ltr'><strong>viris</strong></span> <span class='ocrx_word' id='word_1_342' title='bbox 1159 2604 1391 2670; x_wconf 91' lang='lat' dir='ltr'><strong>habent,</strong></span> <span class='ocrx_word' id='word_1_343' title='bbox 1445 2621 1648 2675; x_wconf 87' lang='lat' dir='ltr'><strong>eosque</strong></span> <span class='ocrx_word' id='word_1_344' title='bbox 1689 2622 1813 2661; x_wconf 92' lang='lat' dir='ltr'><strong>cum</strong></span> <span class='ocrx_word' id='word_1_345' title='bbox 1841 2607 1908 2662; x_wconf 88' lang='lat' dir='ltr'><strong>de</strong></span> 
     </span>
    </p>
   </div>
   <div class='ocr_carea' id='block_1_44' title="bbox 337 2691 1906 2762">
    <p class='ocr_par' dir='ltr' id='par_1_44' title="bbox 337 2691 1906 2762">
     <span class='ocr_line' id='line_1_44' title="bbox 337 2691 1906 2762; baseline 0.005 -19"><span class='ocrx_word' id='word_1_346' title='bbox 337 2706 464 2747; x_wconf 87' lang='lat' dir='ltr'><strong>vero</strong></span> <span class='ocrx_word' id='word_1_347' title='bbox 493 2701 546 2746; x_wconf 81' lang='lat' dir='ltr'><strong>et</strong></span> <span class='ocrx_word' id='word_1_348' title='bbox 573 2691 690 2746; x_wconf 91' lang='lat' dir='ltr'><strong>solo</strong></span> <span class='ocrx_word' id='word_1_349' title='bbox 719 2691 900 2746; x_wconf 89' lang='lat' dir='ltr'><strong>Patris</strong></span> <span class='ocrx_word' id='word_1_350' title='bbox 937 2691 1114 2747; x_wconf 89' lang='lat' dir='ltr'><strong>Verbo</strong></span> <span class='ocrx_word' id='word_1_351' title='bbox 1143 2692 1474 2750; x_wconf 83' lang='lat' dir='ltr'><strong>disserentes</strong></span> <span class='ocrx_word' id='word_1_352' title='bbox 1500 2695 1752 2762; x_wconf 91' lang='lat' dir='ltr'><strong>audiunt,</strong></span> <span class='ocrx_word' id='word_1_353' title='bbox 1779 2697 1906 2751; x_wconf 89' lang='lat' dir='ltr'><strong>talia</strong></span> 
     </span>
    </p>
   </div>
   <div class='ocr_carea' id='block_1_45' title="bbox 337 2783 1907 2855">
    <p class='ocr_par' dir='ltr' id='par_1_45' title="bbox 337 2783 1907 2855">
     <span class='ocr_line' id='line_1_45' title="bbox 337 2783 1907 2855; baseline 0.004 -19"><span class='ocrx_word' id='word_1_354' title='bbox 337 2799 444 2838; x_wconf 93' lang='lat' dir='ltr'><strong>non</strong></span> <span class='ocrx_word' id='word_1_355' title='bbox 472 2791 727 2836; x_wconf 90' lang='lat' dir='ltr'><strong>verentur</strong></span> <span class='ocrx_word' id='word_1_356' title='bbox 755 2783 822 2837; x_wconf 87' lang='lat' dir='ltr'><strong>de</strong></span> <span class='ocrx_word' id='word_1_357' title='bbox 843 2798 910 2838; x_wconf 89' lang='lat' dir='ltr'><strong>eo</strong></span> <span class='ocrx_word' id='word_1_358' title='bbox 935 2783 1105 2852; x_wconf 90' lang='lat' dir='ltr'><strong>loqui,</strong></span> <span class='ocrx_word' id='word_1_359' title='bbox 1135 2783 1286 2853; x_wconf 90' lang='lat' dir='ltr'><strong>quid,</strong></span> <span class='ocrx_word' id='word_1_360' title='bbox 1317 2801 1520 2855; x_wconf 55' lang='lat' dir='ltr'><strong>quaeso,</strong></span> <span class='ocrx_word' id='word_1_361' title='bbox 1542 2786 1632 2842; x_wconf 91' lang='lat' dir='ltr'><strong>illa</strong></span> <span class='ocrx_word' id='word_1_362' title='bbox 1661 2788 1907 2843; x_wconf 91' lang='lat' dir='ltr'><strong>doctrina</strong></span> 
     </span>
    </p>
   </div>
   <div class='ocr_carea' id='block_1_46' title="bbox 336 2874 1907 2944">
    <p class='ocr_par' dir='ltr' id='par_1_46' title="bbox 336 2874 1907 2944">
     <span class='ocr_line' id='line_1_46' title="bbox 336 2874 1907 2944; baseline 0.004 -16"><span class='ocrx_word' id='word_1_363' title='bbox 336 2875 606 2944; x_wconf 87' lang='lat' dir='ltr'><strong>impurius</strong></span> <span class='ocrx_word' id='word_1_364' title='bbox 633 2875 802 2928; x_wconf 82' lang='lat' dir='ltr'><strong>videri</strong></span> <span class='ocrx_word' id='word_1_365' title='bbox 835 2874 1038 2943; x_wconf 84' lang='lat' dir='ltr'><strong>possit?</strong></span> <span class='ocrx_word' id='word_1_366' title='bbox 1069 2876 1203 2941; x_wconf 88' lang='lat' dir='ltr'><strong>Quis</strong></span> <span class='ocrx_word' id='word_1_367' title='bbox 1231 2877 1276 2931; x_wconf 90' lang='lat' dir='ltr'><strong>si</strong></span> <span class='ocrx_word' id='word_1_368' title='bbox 1307 2877 1429 2932; x_wconf 89' lang='lat' dir='ltr'><strong>illos</strong></span> <span class='ocrx_word' id='word_1_369' title='bbox 1456 2878 1539 2932; x_wconf 88' lang='lat' dir='ltr'><strong>vel</strong></span> <span class='ocrx_word' id='word_1_370' title='bbox 1574 2888 1780 2934; x_wconf 89' lang='lat' dir='ltr'><strong>tantum</strong></span> <span class='ocrx_word' id='word_1_371' title='bbox 1807 2894 1907 2934; x_wconf 90' lang='lat' dir='ltr'><strong>au-</strong></span> 
     </span>
    </p>
   </div>
   <div class='ocr_carea' id='block_1_47' title="bbox 337 2961 1906 3032">
    <p class='ocr_par' dir='ltr' id='par_1_47' title="bbox 337 2961 1906 3032">
     <span class='ocr_line' id='line_1_47' title="bbox 337 2961 1906 3032; baseline 0.006 -18"><span class='ocrx_word' id='word_1_372' title='bbox 337 2961 521 3025; x_wconf 88' lang='lat' dir='ltr'><strong>dierit,</strong></span> <span class='ocrx_word' id='word_1_373' title='bbox 555 2961 770 3018; x_wconf 87' lang='lat' dir='ltr'><strong>etiamsi</strong></span> <span class='ocrx_word' id='word_1_374' title='bbox 801 2963 1178 3019; x_wconf 86' lang='lat' dir='ltr'><strong>contradicere</strong></span> <span class='ocrx_word' id='word_1_375' title='bbox 1204 2980 1314 3019; x_wconf 92' lang='lat' dir='ltr'><strong>non</strong></span> <span class='ocrx_word' id='word_1_376' title='bbox 1350 2965 1548 3032; x_wconf 90' lang='lat' dir='ltr'><strong>valeat,</strong></span> <span class='ocrx_word' id='word_1_377' title='bbox 1581 2984 1689 3023; x_wconf 85' lang='lat' dir='ltr'><strong>non</strong></span> <span class='ocrx_word' id='word_1_378' title='bbox 1722 2970 1906 3025; x_wconf 87' lang='lat' dir='ltr'><strong>statim</strong></span> 
     </span>
    </p>
   </div>
   <div class='ocr_carea' id='block_1_48' title="bbox 337 3053 1977 3158">
    <p class='ocr_par' dir='ltr' id='par_1_48' title="bbox 337 3053 1977 3158">
     <span class='ocr_line' id='line_1_48' title="bbox 337 3053 1977 3158; baseline 0.008 -52"><span class='ocrx_word' id='word_1_379' title='bbox 337 3053 705 3122; x_wconf 83' lang='lat' dir='ltr'><strong>perturbetur,</strong></span> <span class='ocrx_word' id='word_1_380' title='bbox 735 3069 1006 3126; x_wconf 83' lang='lat' dir='ltr'><strong>auresque</strong></span> <span class='ocrx_word' id='word_1_381' title='bbox 1055 3072 1162 3112; x_wconf 92' lang='lat' dir='ltr'><strong>non</strong></span> <span class='ocrx_word' id='word_1_382' title='bbox 1205 3057 1475 3124; x_wconf 86' lang='lat' dir='ltr'><strong>obstruat,</strong></span> <span class='ocrx_word' id='word_1_383' title='bbox 1498 3060 1656 3120; x_wconf 85' lang='lat' dir='ltr'><strong>novis</strong></span> <span class='ocrx_word' id='word_1_384' title='bbox 1679 3061 1765 3118; x_wconf 91' lang='lat' dir='ltr'><strong>his</strong></span> <span class='ocrx_word' id='word_1_385' title='bbox 1794 3077 1907 3118; x_wconf 90' lang='lat' dir='ltr'><strong>me-</strong></span> <span class='ocrx_word' id='word_1_386' title='bbox 1933 3097 1977 3158; x_wconf 67' lang='grc' dir='ltr'>Ο</span> 
     </span>
    </p>
   </div>
   <div class='ocr_carea' id='block_1_49' title="bbox 339 3145 1908 3223">
    <p class='ocr_par' dir='ltr' id='par_1_49' title="bbox 339 3145 1908 3223">
     <span class='ocr_line' id='line_1_49' title="bbox 339 3145 1908 3223; baseline 0.006 -24"><span class='ocrx_word' id='word_1_387' title='bbox 339 3145 442 3199; x_wconf 89' lang='lat' dir='ltr'><strong>rito</strong></span> <span class='ocrx_word' id='word_1_388' title='bbox 477 3145 767 3214; x_wconf 85' lang='lat' dir='ltr'><strong>perculsus</strong></span> <span class='ocrx_word' id='word_1_389' title='bbox 796 3147 1075 3202; x_wconf 83' lang='lat' dir='ltr'><strong>vocabulis</strong></span> <span class='ocrx_word' id='word_1_390' title='bbox 1104 3163 1227 3219; x_wconf 69' lang='lat' dir='ltr'><strong>quae</strong></span> <span class='ocrx_word' id='word_1_391' title='bbox 1251 3157 1305 3203; x_wconf 91' lang='lat' dir='ltr'><strong>et</strong></span> <span class='ocrx_word' id='word_1_392' title='bbox 1330 3149 1404 3203; x_wconf 93' lang='lat' dir='ltr'><strong>illi</strong></span> <span class='ocrx_word' id='word_1_393' title='bbox 1433 3161 1700 3222; x_wconf 86' lang='lat' dir='ltr'><strong>usurpant</strong></span> <span class='ocrx_word' id='word_1_394' title='bbox 1723 3153 1908 3223; x_wconf 91' lang='lat' dir='ltr'><strong>etipse</strong></span> 
     </span>
    </p>
   </div>
   <div class='ocr_carea' id='block_1_50' title="bbox 2005 1867 3586 1943">
    <p class='ocr_par' dir='ltr' id='par_1_50' title="bbox 2005 1867 3586 1943">
     <span class='ocr_line' id='line_1_50' title="bbox 2005 1867 3586 1943; baseline -0.003 -18"><span class='ocrx_word' id='word_1_395' title='bbox 2005 1873 2196 1942; x_wconf 85' lang='grc' dir='ltr'>πῆναι,</span> <span class='ocrx_word' id='word_1_396' title='bbox 2224 1871 2462 1943; x_wconf 83' lang='grc' dir='ltr'>τρεπτῆς</span> <span class='ocrx_word' id='word_1_397' title='bbox 2482 1869 2557 1921; x_wconf 82' lang='grc' dir='ltr'>ὢν</span> <span class='ocrx_word' id='word_1_398' title='bbox 2581 1869 2814 1938; x_wconf 66' lang='grc' dir='ltr'>φύσεως</span> <span class='ocrx_word' id='word_1_399' title='bbox 2841 1868 2872 1939; x_wconf 86' lang='grc' dir='ltr'>ἢ</span> <span class='ocrx_word' id='word_1_400' title='bbox 2895 1869 2970 1932; x_wconf 87' lang='grc' dir='ltr'>ὡς</span> <span class='ocrx_word' id='word_1_401' title='bbox 2991 1868 3135 1932; x_wconf 85' lang='grc' dir='ltr'>λίθος</span> <span class='ocrx_word' id='word_1_402' title='bbox 3151 1869 3244 1921; x_wconf 78' lang='grc' dir='ltr'><strong>καὶ</strong></span> <span class='ocrx_word' id='word_1_403' title='bbox 3273 1867 3425 1933; x_wconf 83' lang='grc' dir='ltr'>ξύλον</span> <span class='ocrx_word' id='word_1_404' title='bbox 3444 1868 3586 1939; x_wconf 84' lang='grc'>(80),</span> 
     </span>
    </p>
   </div>
   <div class='ocr_carea' id='block_1_51' title="bbox 2004 1959 3589 2032">
    <p class='ocr_par' dir='ltr' id='par_1_51' title="bbox 2004 1959 3589 2032">
     <span class='ocr_line' id='line_1_51' title="bbox 2004 1959 3589 2032; baseline -0.001 -16"><span class='ocrx_word' id='word_1_405' title='bbox 2004 1963 2104 2016; x_wconf 84' lang='grc' dir='ltr'><strong>οὐκ</strong></span> <span class='ocrx_word' id='word_1_406' title='bbox 2138 1963 2250 2032; x_wconf 77' lang='grc' dir='ltr'>ἔχει</span> <span class='ocrx_word' id='word_1_407' title='bbox 2282 1960 2381 2032; x_wconf 83' lang='grc' dir='ltr'><strong>τὴν</strong></span> <span class='ocrx_word' id='word_1_408' title='bbox 2409 1961 2723 2032; x_wconf 85' lang='grc' dir='ltr'>προαίρεσιν</span> <span class='ocrx_word' id='word_1_409' title='bbox 2766 1960 3052 2032; x_wconf 77' lang='grc' dir='ltr'><strong>ἐλευθέραν</strong></span> <span class='ocrx_word' id='word_1_410' title='bbox 3113 1962 3192 2024; x_wconf 84' lang='grc' dir='ltr'><strong>είς</strong></span> <span class='ocrx_word' id='word_1_411' title='bbox 3222 1961 3285 2013; x_wconf 82' lang='grc' dir='ltr'><strong>τὸ</strong></span> <span class='ocrx_word' id='word_1_412' title='bbox 3316 1959 3589 2015; x_wconf 81' lang='grc' dir='ltr'>κινεῖσθαι</span> 
     </span>
    </p>
   </div>
   <div class='ocr_carea' id='block_1_52' title="bbox 2005 2045 3591 2125">
    <p class='ocr_par' dir='ltr' id='par_1_52' title="bbox 2005 2045 3591 2125">
     <span class='ocr_line' id='line_1_52' title="bbox 2005 2045 3591 2125; baseline -0.003 -18"><span class='ocrx_word' id='word_1_413' title='bbox 2005 2054 2100 2107; x_wconf 73' lang='grc' dir='ltr'>καὶ</span> <span class='ocrx_word' id='word_1_414' title='bbox 2135 2053 2319 2125; x_wconf 79' lang='grc' dir='ltr'><strong>ῥέπειν</strong></span> <span class='ocrx_word' id='word_1_415' title='bbox 2353 2054 2432 2116; x_wconf 76' lang='grc' dir='ltr'><strong>εἰς</strong></span> <span class='ocrx_word' id='word_1_416' title='bbox 2479 2052 2746 2122; x_wconf 85' lang='grc' dir='ltr'>ἑκάτερα;</span> <span class='ocrx_word' id='word_1_417' title='bbox 2779 2070 2797 2102; x_wconf 84' lang='grc'><strong>›</strong></span> <span class='ocrx_word' id='word_1_418' title='bbox 2823 2050 2932 2120; x_wconf 81' lang='grc' dir='ltr'><strong>Τῆς</strong></span> <span class='ocrx_word' id='word_1_419' title='bbox 2965 2051 3062 2120; x_wconf 74' lang='grc' dir='ltr'><strong>μὲν</strong></span> <span class='ocrx_word' id='word_1_420' title='bbox 3079 2045 3169 2102; x_wconf 83' lang='grc' dir='ltr'><strong>οὖν</strong></span> <span class='ocrx_word' id='word_1_421' title='bbox 3194 2050 3458 2121; x_wconf 73' lang='grc' dir='ltr'>αἱρέσεως</span> <span class='ocrx_word' id='word_1_422' title='bbox 3487 2051 3591 2103; x_wconf 81' lang='grc' dir='ltr'><strong>αὑ-</strong></span> 
     </span>
    </p>
   </div>
   <div class='ocr_carea' id='block_1_53' title="bbox 2004 2143 3590 2216">
    <p class='ocr_par' dir='ltr' id='par_1_53' title="bbox 2004 2143 3590 2216">
     <span class='ocr_line' id='line_1_53' title="bbox 2004 2143 3590 2216; baseline -0.003 -16"><span class='ocrx_word' id='word_1_423' title='bbox 2004 2147 2112 2200; x_wconf 85' lang='grc' dir='ltr'><strong>τῶν</strong></span> <span class='ocrx_word' id='word_1_424' title='bbox 2143 2147 2242 2200; x_wconf 79' lang='grc' dir='ltr'><strong>οὐκ</strong></span> <span class='ocrx_word' id='word_1_425' title='bbox 2271 2145 2545 2216; x_wconf 81' lang='grc' dir='ltr'>ἀλλότριόν</span> <span class='ocrx_word' id='word_1_426' title='bbox 2584 2145 2699 2197; x_wconf 83' lang='grc' dir='ltr'>ἐστι</span> <span class='ocrx_word' id='word_1_427' title='bbox 2753 2143 2974 2196; x_wconf 80' lang='grc' dir='ltr'>τοιαῦτα</span> <span class='ocrx_word' id='word_1_428' title='bbox 3023 2144 3199 2212; x_wconf 79' lang='grc' dir='ltr'>λέγειν</span> <span class='ocrx_word' id='word_1_429' title='bbox 3221 2161 3282 2197; x_wconf 89' lang='grc' dir='ltr'><strong>τε</strong></span> <span class='ocrx_word' id='word_1_430' title='bbox 3329 2145 3423 2197; x_wconf 74' lang='grc' dir='ltr'>καὶ</span> <span class='ocrx_word' id='word_1_431' title='bbox 3454 2161 3590 2214; x_wconf 76' lang='grc' dir='ltr'>φρο-</span> 
     </span>
    </p>
   </div>
   <div class='ocr_carea' id='block_1_54' title="bbox 2005 2235 3587 2310">
    <p class='ocr_par' dir='ltr' id='par_1_54' title="bbox 2005 2235 3587 2310">
     <span class='ocr_line' id='line_1_54' title="bbox 2005 2235 3587 2310; baseline -0.003 -18"><span class='ocrx_word' id='word_1_432' title='bbox 2005 2242 2138 2294; x_wconf 74' lang='grc' dir='ltr'>νεῖν’</span> <span class='ocrx_word' id='word_1_433' title='bbox 2174 2239 2321 2306; x_wconf 77' lang='grc' dir='ltr'>ἅπαξ</span> <span class='ocrx_word' id='word_1_434' title='bbox 2377 2239 2486 2310; x_wconf 86' lang='grc' dir='ltr'>γὰρ</span> <span class='ocrx_word' id='word_1_435' title='bbox 2540 2237 2846 2300; x_wconf 81' lang='grc' dir='ltr'>πλάσαντες</span> <span class='ocrx_word' id='word_1_436' title='bbox 2898 2238 3111 2300; x_wconf 78' lang='grc' dir='ltr'>ἑαυτοῖς</span> <span class='ocrx_word' id='word_1_437' title='bbox 3169 2236 3228 2300; x_wconf 81' lang='grc' dir='ltr'><strong>ἑξ</strong></span> <span class='ocrx_word' id='word_1_438' title='bbox 3259 2236 3359 2289; x_wconf 79' lang='grc' dir='ltr'><strong>οὐκ</strong></span> <span class='ocrx_word' id='word_1_439' title='bbox 3415 2235 3587 2289; x_wconf 75' lang='grc' dir='ltr'>ὅντων</span> 
     </span>
    </p>
   </div>
   <div class='ocr_carea' id='block_1_55' title="bbox 2005 2326 3586 2398">
    <p class='ocr_par' dir='ltr' id='par_1_55' title="bbox 2005 2326 3586 2398">
     <span class='ocr_line' id='line_1_55' title="bbox 2005 2326 3586 2398; baseline -0.002 -14"><span class='ocrx_word' id='word_1_440' title='bbox 2005 2330 2137 2385; x_wconf 78' lang='grc' dir='ltr'>Θεὸν</span> <span class='ocrx_word' id='word_1_441' title='bbox 2170 2333 2264 2385; x_wconf 70' lang='grc' dir='ltr'><strong>καὶ</strong></span> <span class='ocrx_word' id='word_1_442' title='bbox 2310 2331 2526 2384; x_wconf 86' lang='grc' dir='ltr'>κτιστὸν</span> <span class='ocrx_word' id='word_1_443' title='bbox 2569 2332 2696 2383; x_wconf 84' lang='grc' dir='ltr'>Υἰὸν</span> <span class='ocrx_word' id='word_1_444' title='bbox 2719 2370 2733 2394; x_wconf 94' lang='grc'><strong>,</strong></span> <span class='ocrx_word' id='word_1_445' title='bbox 2787 2326 3095 2390; x_wconf 85' lang='grc' dir='ltr'>ἀκολούθως</span> <span class='ocrx_word' id='word_1_446' title='bbox 3153 2328 3227 2391; x_wconf 85' lang='grc' dir='ltr'>ὡς</span> <span class='ocrx_word' id='word_1_447' title='bbox 3275 2326 3586 2398; x_wconf 78' lang='grc' dir='ltr'>ἁρμόζοντα</span> 
     </span>
    </p>
   </div>
   <div class='ocr_carea' id='block_1_56' title="bbox 2007 2418 3586 2494">
    <p class='ocr_par' dir='ltr' id='par_1_56' title="bbox 2007 2418 3586 2494">
     <span class='ocr_line' id='line_1_56' title="bbox 2007 2418 3586 2494; baseline -0.006 -17"><span class='ocrx_word' id='word_1_448' title='bbox 2007 2424 2265 2494; x_wconf 84' lang='grc' dir='ltr'>κτίσματι</span> <span class='ocrx_word' id='word_1_449' title='bbox 2287 2423 2356 2475; x_wconf 84' lang='grc' dir='ltr'>τὰ</span> <span class='ocrx_word' id='word_1_450' title='bbox 2388 2422 2497 2493; x_wconf 75' lang='grc'>(8-1)</span> <span class='ocrx_word' id='word_1_451' title='bbox 2521 2421 2744 2474; x_wconf 80' lang='grc' dir='ltr'>τοιαῦτα</span> <span class='ocrx_word' id='word_1_452' title='bbox 2774 2421 2866 2473; x_wconf 76' lang='grc' dir='ltr'><strong>καὶ</strong></span> <span class='ocrx_word' id='word_1_453' title='bbox 2899 2418 3184 2484; x_wconf 78' lang='grc' dir='ltr'>συνέλεξαν</span> <span class='ocrx_word' id='word_1_454' title='bbox 3216 2419 3429 2482; x_wconf 77' lang='grc' dir='ltr'>ἑαυτοῖς</span> <span class='ocrx_word' id='word_1_455' title='bbox 3481 2420 3586 2490; x_wconf 74' lang='grc' dir='ltr'><strong>ῥή-</strong></span> 
     </span>
    </p>
   </div>
   <div class='ocr_carea' id='block_1_57' title="bbox 2010 2509 3588 2586">
    <p class='ocr_par' dir='ltr' id='par_1_57' title="bbox 2010 2509 3588 2586">
     <span class='ocr_line' id='line_1_57' title="bbox 2010 2509 3588 2586; baseline -0.003 -18"><span class='ocrx_word' id='word_1_456' title='bbox 2010 2531 2174 2586; x_wconf 83' lang='grc' dir='ltr'>ματα·</span> <span class='ocrx_word' id='word_1_457' title='bbox 2205 2513 2389 2585; x_wconf 78' lang='grc' dir='ltr'>ἐπειδὴ</span> <span class='ocrx_word' id='word_1_458' title='bbox 2421 2513 2478 2566; x_wconf 80' lang='grc' dir='ltr'><strong>δὲ</strong></span> <span class='ocrx_word' id='word_1_459' title='bbox 2509 2512 2645 2584; x_wconf 84' lang='grc' dir='ltr'>πρὸς</span> <span class='ocrx_word' id='word_1_460' title='bbox 2674 2511 2800 2574; x_wconf 81' lang='grc' dir='ltr'>τοὺς</span> <span class='ocrx_word' id='word_1_461' title='bbox 2831 2509 2940 2564; x_wconf 85' lang='grc' dir='ltr'><strong>ἀπὸ</strong></span> <span class='ocrx_word' id='word_1_462' title='bbox 2968 2510 3065 2581; x_wconf 81' lang='grc' dir='ltr'>τῆς</span> <span class='ocrx_word' id='word_1_463' title='bbox 3124 2509 3445 2581; x_wconf 83' lang='grc' dir='ltr'>Ἐκκλησίας</span> <span class='ocrx_word' id='word_1_464' title='bbox 3469 2509 3588 2563; x_wconf 85' lang='grc' dir='ltr'>δια-</span> 
     </span>
    </p>
   </div>
   <div class='ocr_carea' id='block_1_58' title="bbox 2009 2598 3592 2679">
    <p class='ocr_par' dir='ltr' id='par_1_58' title="bbox 2009 2598 3592 2679">
     <span class='ocr_line' id='line_1_58' title="bbox 2009 2598 3592 2679; baseline -0.007 -17"><span class='ocrx_word' id='word_1_465' title='bbox 2009 2608 2324 2679; x_wconf 84' lang='grc' dir='ltr'>μαχόμενοι,</span> <span class='ocrx_word' id='word_1_466' title='bbox 2359 2607 2452 2659; x_wconf 72' lang='grc' dir='ltr'>καὶ</span> <span class='ocrx_word' id='word_1_467' title='bbox 2481 2603 2769 2666; x_wconf 84' lang='grc' dir='ltr'>ἀκούοντες</span> <span class='ocrx_word' id='word_1_468' title='bbox 2792 2601 2921 2672; x_wconf 84' lang='grc' dir='ltr'>παρ’</span> <span class='ocrx_word' id='word_1_469' title='bbox 2954 2599 3130 2655; x_wconf 82' lang='grc' dir='ltr'>αὐτῶν</span> <span class='ocrx_word' id='word_1_470' title='bbox 3159 2601 3287 2671; x_wconf 75' lang='grc' dir='ltr'>περὶ</span> <span class='ocrx_word' id='word_1_471' title='bbox 3331 2598 3423 2651; x_wconf 79' lang='grc' dir='ltr'><strong>τοῦ</strong></span> <span class='ocrx_word' id='word_1_472' title='bbox 3453 2599 3592 2670; x_wconf 81' lang='grc' dir='ltr'>ἀλη-</span> 
     </span>
    </p>
   </div>
   <div class='ocr_carea' id='block_1_59' title="bbox 2007 2691 3588 2769">
    <p class='ocr_par' dir='ltr' id='par_1_59' title="bbox 2007 2691 3588 2769">
     <span class='ocr_line' id='line_1_59' title="bbox 2007 2691 3588 2769; baseline -0.006 -16"><span class='ocrx_word' id='word_1_473' title='bbox 2007 2699 2150 2753; x_wconf 77' lang='grc' dir='ltr'>θινοῦ</span> <span class='ocrx_word' id='word_1_474' title='bbox 2185 2700 2278 2753; x_wconf 74' lang='grc' dir='ltr'><strong>καὶ</strong></span> <span class='ocrx_word' id='word_1_475' title='bbox 2300 2699 2460 2769; x_wconf 82' lang='grc' dir='ltr'>μόνου</span> <span class='ocrx_word' id='word_1_476' title='bbox 2492 2697 2664 2765; x_wconf 87' lang='grc' dir='ltr'>Λόγου</span> <span class='ocrx_word' id='word_1_477' title='bbox 2701 2695 2794 2748; x_wconf 80' lang='grc' dir='ltr'><strong>τοῦ</strong></span> <span class='ocrx_word' id='word_1_478' title='bbox 2821 2694 3051 2766; x_wconf 85' lang='grc' dir='ltr'>Πατρὸς,</span> <span class='ocrx_word' id='word_1_479' title='bbox 3079 2691 3299 2745; x_wconf 77' lang='grc' dir='ltr'>τοιαῦτα</span> <span class='ocrx_word' id='word_1_480' title='bbox 3335 2692 3463 2762; x_wconf 71' lang='grc' dir='ltr'>περ).</span> <span class='ocrx_word' id='word_1_481' title='bbox 3485 2691 3588 2744; x_wconf 83' lang='grc' dir='ltr'>αὑ-</span> 
     </span>
    </p>
   </div>
   <div class='ocr_carea' id='block_1_60' title="bbox 2006 2782 3591 2860">
    <p class='ocr_par' dir='ltr' id='par_1_60' title="bbox 2006 2782 3591 2860">
     <span class='ocr_line' id='line_1_60' title="bbox 2006 2782 3591 2860; baseline -0.006 -16"><span class='ocrx_word' id='word_1_482' title='bbox 2006 2791 2101 2845; x_wconf 78' lang='grc' dir='ltr'><strong>τοῦ</strong></span> <span class='ocrx_word' id='word_1_483' title='bbox 2128 2788 2458 2860; x_wconf 79' lang='grc' dir='ltr'>φθέγγεσθαι</span> <span class='ocrx_word' id='word_1_484' title='bbox 2509 2787 2771 2856; x_wconf 84' lang='grc' dir='ltr'>τολμῶσι,</span> <span class='ocrx_word' id='word_1_485' title='bbox 2817 2787 2902 2849; x_wconf 87' lang='grc' dir='ltr'><strong>τίς</strong></span> <span class='ocrx_word' id='word_1_486' title='bbox 2953 2785 3143 2838; x_wconf 87' lang='grc' dir='ltr'>τούτου</span> <span class='ocrx_word' id='word_1_487' title='bbox 3177 2782 3268 2836; x_wconf 81' lang='grc' dir='ltr'>τοῦ</span> <span class='ocrx_word' id='word_1_488' title='bbox 3317 2782 3591 2852; x_wconf 79' lang='grc' dir='ltr'>δόγματος</span> 
     </span>
    </p>
   </div>
   <div class='ocr_carea' id='block_1_61' title="bbox 2011 2875 3587 2954">
    <p class='ocr_par' dir='ltr' id='par_1_61' title="bbox 2011 2875 3587 2954">
     <span class='ocr_line' id='line_1_61' title="bbox 2011 2875 3587 2954; baseline -0.006 -18"><span class='ocrx_word' id='word_1_489' title='bbox 2011 2901 2107 2954; x_wconf 87' lang='grc' dir='ltr'><strong>μια</strong></span> <span class='ocrx_word' id='word_1_490' title='bbox 2116 2881 2346 2954; x_wconf 84' lang='grc' dir='ltr'>ρώτερον</span> <span class='ocrx_word' id='word_1_491' title='bbox 2362 2880 2427 2934; x_wconf 86' lang='grc' dir='ltr'><strong>ἂν</strong></span> <span class='ocrx_word' id='word_1_492' title='bbox 2447 2879 2542 2934; x_wconf 82' lang='grc' dir='ltr'>ῐδοι</span> <span class='ocrx_word' id='word_1_493' title='bbox 2563 2879 2687 2944; x_wconf 90' lang='grc' dir='ltr'>;Τίς</span> <span class='ocrx_word' id='word_1_494' title='bbox 2707 2877 2909 2931; x_wconf 85' lang='grc' dir='ltr'>τούτων</span> <span class='ocrx_word' id='word_1_495' title='bbox 2931 2878 3026 2930; x_wconf 76' lang='grc' dir='ltr'><strong>καὶ</strong></span> <span class='ocrx_word' id='word_1_496' title='bbox 3049 2876 3204 2947; x_wconf 86' lang='grc' dir='ltr'>μόνον</span> <span class='ocrx_word' id='word_1_497' title='bbox 3221 2875 3433 2928; x_wconf 85' lang='grc' dir='ltr'>ἀκούων</span> <span class='ocrx_word' id='word_1_498' title='bbox 3452 2875 3587 2945; x_wconf 75' lang='grc'>(82),</span> 
     </span>
    </p>
   </div>
   <div class='ocr_carea' id='block_1_62' title="bbox 2008 2967 3590 3044">
    <p class='ocr_par' dir='ltr' id='par_1_62' title="bbox 2008 2967 3590 3044">
     <span class='ocr_line' id='line_1_62' title="bbox 2008 2967 3590 3044; baseline -0.006 -17"><span class='ocrx_word' id='word_1_499' title='bbox 2008 2972 2112 3027; x_wconf 76' lang='grc' dir='ltr'><strong>κᾶν</strong></span> <span class='ocrx_word' id='word_1_500' title='bbox 2150 2973 2224 3044; x_wconf 83' lang='grc' dir='ltr'>μὴ</span> <span class='ocrx_word' id='word_1_501' title='bbox 2257 2972 2555 3040; x_wconf 79' lang='grc' dir='ltr'>ἀντιλέγειν</span> <span class='ocrx_word' id='word_1_502' title='bbox 2585 2970 2830 3040; x_wconf 81' lang='grc' dir='ltr'>δύνηται,</span> <span class='ocrx_word' id='word_1_503' title='bbox 2863 2968 2923 3021; x_wconf 83' lang='grc' dir='ltr'><strong>οὐ</strong></span> <span class='ocrx_word' id='word_1_504' title='bbox 2987 2967 3328 3038; x_wconf 84' lang='grc' dir='ltr'>ταράττεται,</span> <span class='ocrx_word' id='word_1_505' title='bbox 3369 2967 3462 3018; x_wconf 78' lang='grc' dir='ltr'>κα).</span> <span class='ocrx_word' id='word_1_506' title='bbox 3489 2967 3590 3037; x_wconf 84' lang='grc' dir='ltr'>τὴν</span> 
     </span>
    </p>
   </div>
   <div class='ocr_carea' id='block_1_63' title="bbox 2011 3051 3589 3134">
    <p class='ocr_par' dir='ltr' id='par_1_63' title="bbox 2011 3051 3589 3134">
     <span class='ocr_line' id='line_1_63' title="bbox 2011 3051 3589 3134; baseline -0.006 -17"><span class='ocrx_word' id='word_1_507' title='bbox 2011 3061 2178 3134; x_wconf 82' lang='grc' dir='ltr'>ἀκοὴν</span> <span class='ocrx_word' id='word_1_508' title='bbox 2210 3059 2541 3124; x_wconf 85' lang='grc' dir='ltr'>ἀποκλείσει,</span> <span class='ocrx_word' id='word_1_509' title='bbox 2577 3057 2915 3128; x_wconf 78' lang='grc' dir='ltr'>ξενιζόμενος</span> <span class='ocrx_word' id='word_1_510' title='bbox 2965 3059 3048 3128; x_wconf 77' lang='grc' dir='ltr'><strong>ἐφ’</strong></span> <span class='ocrx_word' id='word_1_511' title='bbox 3074 3051 3153 3120; x_wconf 81' lang='grc' dir='ltr'><strong>οἷς</strong></span> <span class='ocrx_word' id='word_1_512' title='bbox 3179 3055 3374 3109; x_wconf 76' lang='grc' dir='ltr'>ἐκεῖνοί</span> <span class='ocrx_word' id='word_1_513' title='bbox 3399 3073 3459 3108; x_wconf 91' lang='grc' dir='ltr'><strong>τε</strong></span> <span class='ocrx_word' id='word_1_514' title='bbox 3489 3055 3589 3107; x_wconf 90' lang='grc' dir='ltr'>λα-</span> 
     </span>
    </p>
   </div>
   <div class='ocr_carea' id='block_1_64' title="bbox 2008 3149 3598 3221">
    <p class='ocr_par' dir='ltr' id='par_1_64' title="bbox 2008 3149 3598 3221">
     <span class='ocr_line' id='line_1_64' title="bbox 2008 3149 3598 3221; baseline -0.006 -11"><span class='ocrx_word' id='word_1_515' title='bbox 2008 3156 2181 3220; x_wconf 81' lang='grc' dir='ltr'>λοῦσι,</span> <span class='ocrx_word' id='word_1_516' title='bbox 2215 3155 2310 3209; x_wconf 69' lang='grc' dir='ltr'><strong>καὶ</strong></span> <span class='ocrx_word' id='word_1_517' title='bbox 2341 3154 2504 3217; x_wconf 80' lang='grc' dir='ltr'>αὐτὸς</span> <span class='ocrx_word' id='word_1_518' title='bbox 2533 3153 2734 3206; x_wconf 88' lang='grc' dir='ltr'>καινῶν</span> <span class='ocrx_word' id='word_1_519' title='bbox 2759 3151 2869 3221; x_wconf 78' lang='grc'>(85)</span> <span class='ocrx_word' id='word_1_520' title='bbox 2895 3151 3081 3204; x_wconf 84' lang='grc' dir='ltr'>ἀκούει</span> <span class='ocrx_word' id='word_1_521' title='bbox 3123 3150 3401 3221; x_wconf 80' lang='grc' dir='ltr'>ῥημάτων,</span> <span class='ocrx_word' id='word_1_522' title='bbox 3438 3149 3598 3219; x_wconf 78' lang='grc' dir='ltr'>ἑχόν‹’</span> 
     </span>
    </p>
   </div>
   <div class='ocr_carea' id='block_1_65' title="bbox 337 3235 1909 3316">
    <p class='ocr_par' dir='ltr' id='par_1_65' title="bbox 337 3235 1902 3314">
     <span class='ocr_line' id='line_1_65' title="bbox 337 3235 1902 3314; baseline 0.006 -24"><span class='ocrx_word' id='word_1_523' title='bbox 337 3235 506 3303; x_wconf 87' lang='lat' dir='ltr'><strong>audit,</strong></span> <span class='ocrx_word' id='word_1_524' title='bbox 532 3253 761 3307; x_wconf 69' lang='lat' dir='ltr'><strong>quaeque</strong></span> <span class='ocrx_word' id='word_1_525' title='bbox 791 3238 906 3308; x_wconf 89' lang='lat' dir='ltr'><strong>ipsa</strong></span> <span class='ocrx_word' id='word_1_526' title='bbox 928 3254 994 3293; x_wconf 82' lang='lat' dir='ltr'><strong>ex</strong></span> <span class='ocrx_word' id='word_1_527' title='bbox 1020 3255 1079 3294; x_wconf 91' lang='lat' dir='ltr'><strong>se</strong></span> <span class='ocrx_word' id='word_1_528' title='bbox 1102 3240 1186 3295; x_wconf 89' lang='lat' dir='ltr'><strong>vel</strong></span> <span class='ocrx_word' id='word_1_529' title='bbox 1211 3241 1387 3296; x_wconf 89' lang='lat' dir='ltr'><strong>solum</strong></span> <span class='ocrx_word' id='word_1_530' title='bbox 1423 3243 1631 3307; x_wconf 86' lang='lat' dir='ltr'><strong>prolata</strong></span> <span class='ocrx_word' id='word_1_531' title='bbox 1659 3241 1902 3314; x_wconf 86' lang='lat' dir='ltr'><strong>apertam</strong></span> 
     </span>
    </p>
   </div>
   <div class='ocr_carea' id='block_1_66' title="bbox 2021 3235 3590 3316">
    <p class='ocr_par' dir='ltr' id='par_1_66' title="bbox 2021 3239 3590 3316">
     <span class='ocr_line' id='line_1_66' title="bbox 2021 3239 3590 3316; baseline -0.006 -14"><span class='ocrx_word' id='word_1_532' title='bbox 2021 3266 2110 3301; x_wconf 74' lang='grc' dir='ltr'><strong>των</strong></span> <span class='ocrx_word' id='word_1_533' title='bbox 2140 3246 2361 3302; x_wconf 84' lang='grc' dir='ltr'>αὐτόθεν</span> <span class='ocrx_word' id='word_1_534' title='bbox 2383 3248 2476 3300; x_wconf 76' lang='grc' dir='ltr'><strong>καὶ</strong></span> <span class='ocrx_word' id='word_1_535' title='bbox 2507 3245 2602 3298; x_wconf 82' lang='grc' dir='ltr'>ἀπ’</span> <span class='ocrx_word' id='word_1_536' title='bbox 2641 3244 2810 3314; x_wconf 78' lang='grc' dir='ltr'>αὐτῆς</span> <span class='ocrx_word' id='word_1_537' title='bbox 2855 3244 2954 3314; x_wconf 85' lang='grc' dir='ltr'>τῆς</span> <span class='ocrx_word' id='word_1_538' title='bbox 2976 3243 3254 3316; x_wconf 75' lang='grc' dir='ltr'>προφορᾶς</span> <span class='ocrx_word' id='word_1_539' title='bbox 3292 3240 3390 3312; x_wconf 81' lang='grc' dir='ltr'><strong>τὴν</strong></span> <span class='ocrx_word' id='word_1_540' title='bbox 3427 3239 3590 3310; x_wconf 89' lang='grc' dir='ltr'>βλασ-</span> 
     </span>
    </p>
   </div>
   <div class='ocr_carea' id='block_1_67' title="bbox 337 3327 1909 3400">
    <p class='ocr_par' dir='ltr' id='par_1_67' title="bbox 337 3327 1909 3400">
     <span class='ocr_line' id='line_1_67' title="bbox 337 3327 1909 3400; baseline 0.006 -19"><span class='ocrx_word' id='word_1_541' title='bbox 337 3327 628 3398; x_wconf 69' lang='lat' dir='ltr'><strong>praeferunt</strong></span> <span class='ocrx_word' id='word_1_542' title='bbox 655 3329 1084 3400; x_wconf 83' lang='lat' dir='ltr'><strong>blasphemiam?</strong></span> <span class='ocrx_word' id='word_1_543' title='bbox 1115 3330 1252 3386; x_wconf 89' lang='lat' dir='ltr'><strong>Nam</strong></span> <span class='ocrx_word' id='word_1_544' title='bbox 1293 3333 1340 3388; x_wconf 88' lang='lat' dir='ltr'><strong>si</strong></span> <span class='ocrx_word' id='word_1_545' title='bbox 1389 3333 1623 3389; x_wconf 84' lang='lat' dir='ltr'><strong>Verbum</strong></span> <span class='ocrx_word' id='word_1_546' title='bbox 1665 3336 1799 3390; x_wconf 90' lang='lat' dir='ltr'><strong>verti</strong></span> <span class='ocrx_word' id='word_1_547' title='bbox 1855 3346 1909 3391; x_wconf 90' lang='lat' dir='ltr'><strong>et</strong></span> 
     </span>
    </p>
   </div>
   <div class='ocr_carea' id='block_1_68' title="bbox 339 3421 1909 3497">
    <p class='ocr_par' dir='ltr' id='par_1_68' title="bbox 339 3421 1909 3497">
     <span class='ocr_line' id='line_1_68' title="bbox 339 3421 1909 3497; baseline 0.004 -24"><span class='ocrx_word' id='word_1_548' title='bbox 339 3421 533 3474; x_wconf 88' lang='lat' dir='ltr'><strong>mutari</strong></span> <span class='ocrx_word' id='word_1_549' title='bbox 569 3432 763 3490; x_wconf 87' lang='lat' dir='ltr'><strong>potest,</strong></span> <span class='ocrx_word' id='word_1_550' title='bbox 797 3423 911 3489; x_wconf 93' lang='lat' dir='ltr'><strong>ubi,</strong></span> <span class='ocrx_word' id='word_1_551' title='bbox 940 3439 1149 3492; x_wconf 67' lang='lat' dir='ltr'><strong>quarso,</strong></span> <span class='ocrx_word' id='word_1_552' title='bbox 1179 3424 1363 3489; x_wconf 89' lang='lat' dir='ltr'><strong>stabit,</strong></span> <span class='ocrx_word' id='word_1_553' title='bbox 1402 3425 1648 3495; x_wconf 86' lang='lat' dir='ltr'><strong>qualisve</strong></span> <span class='ocrx_word' id='word_1_554' title='bbox 1678 3427 1798 3497; x_wconf 90' lang='lat' dir='ltr'><strong>ejus</strong></span> <span class='ocrx_word' id='word_1_555' title='bbox 1826 3427 1909 3480; x_wconf 93' lang='lat' dir='ltr'><strong>in-</strong></span> 
     </span>
    </p>
   </div>
   <div class='ocr_carea' id='block_1_69' title="bbox 337 3513 1909 3586">
    <p class='ocr_par' dir='ltr' id='par_1_69' title="bbox 337 3513 1909 3586">
     <span class='ocr_line' id='line_1_69' title="bbox 337 3513 1909 3586; baseline 0.005 -22"><span class='ocrx_word' id='word_1_556' title='bbox 337 3513 598 3566; x_wconf 89' lang='lat' dir='ltr'><strong>crementi</strong></span> <span class='ocrx_word' id='word_1_557' title='bbox 625 3513 748 3568; x_wconf 83' lang='lat' dir='ltr'><strong>linis</strong></span> <span class='ocrx_word' id='word_1_558' title='bbox 783 3513 1001 3569; x_wconf 79' lang='lat' dir='ltr'><strong>futurus</strong></span> <span class='ocrx_word' id='word_1_559' title='bbox 1034 3515 1157 3570; x_wconf 90' lang='lat' dir='ltr'><strong>est?</strong></span> <span class='ocrx_word' id='word_1_560' title='bbox 1189 3515 1272 3570; x_wconf 90' lang='lat' dir='ltr'><strong>vel</strong></span> <span class='ocrx_word' id='word_1_561' title='bbox 1319 3517 1595 3586; x_wconf 90' lang='lat' dir='ltr'><strong>quomodo</strong></span> <span class='ocrx_word' id='word_1_562' title='bbox 1631 3519 1909 3574; x_wconf 87' lang='lat' dir='ltr'><strong>mutabilis</strong></span> 
     </span>
    </p>
   </div>
   <div class='ocr_carea' id='block_1_70' title="bbox 339 3604 1908 3680">
    <p class='ocr_par' dir='ltr' id='par_1_70' title="bbox 339 3604 1908 3680">
     <span class='ocr_line' id='line_1_70' title="bbox 339 3604 1908 3680; baseline 0.003 -21"><span class='ocrx_word' id='word_1_563' title='bbox 339 3604 662 3660; x_wconf 90' lang='lat' dir='ltr'><strong>immutabili</strong></span> <span class='ocrx_word' id='word_1_564' title='bbox 686 3607 886 3675; x_wconf 92' lang='lat' dir='ltr'><strong>poterit</strong></span> <span class='ocrx_word' id='word_1_565' title='bbox 908 3623 1029 3663; x_wconf 87' lang='lat' dir='ltr'><strong>esse</strong></span> <span class='ocrx_word' id='word_1_566' title='bbox 1054 3608 1289 3664; x_wconf 85' lang='lat' dir='ltr'><strong>similis?</strong></span> <span class='ocrx_word' id='word_1_567' title='bbox 1329 3610 1614 3676; x_wconf 82' lang='lat' dir='ltr'><strong>Quomodo</strong></span> <span class='ocrx_word' id='word_1_568' title='bbox 1650 3611 1778 3664; x_wconf 85' lang='lat' dir='ltr'><strong>item</strong></span> <span class='ocrx_word' id='word_1_569' title='bbox 1813 3611 1908 3680; x_wconf 92' lang='lat' dir='ltr'><strong>qui</strong></span> 
     </span>
    </p>
   </div>
   <div class='ocr_carea' id='block_1_71' title="bbox 339 3697 1910 3768">
    <p class='ocr_par' dir='ltr' id='par_1_71' title="bbox 339 3697 1910 3768">
     <span class='ocr_line' id='line_1_71' title="bbox 339 3697 1910 3768; baseline 0.005 -18"><span class='ocrx_word' id='word_1_570' title='bbox 339 3697 656 3751; x_wconf 87' lang='lat' dir='ltr'><strong>mutabilem</strong></span> <span class='ocrx_word' id='word_1_571' title='bbox 690 3699 906 3768; x_wconf 91' lang='lat' dir='ltr'><strong>viderit,</strong></span> <span class='ocrx_word' id='word_1_572' title='bbox 939 3700 1332 3756; x_wconf 87' lang='lat' dir='ltr'><strong>immutabilem</strong></span> <span class='ocrx_word' id='word_1_573' title='bbox 1366 3717 1424 3756; x_wconf 91' lang='lat' dir='ltr'><strong>se</strong></span> <span class='ocrx_word' id='word_1_574' title='bbox 1449 3703 1649 3758; x_wconf 89' lang='lat' dir='ltr'><strong>vidisse</strong></span> <span class='ocrx_word' id='word_1_575' title='bbox 1675 3704 1910 3758; x_wconf 88' lang='lat' dir='ltr'><strong>arbitra-</strong></span> 
     </span>
    </p>
   </div>
   <div class='ocr_carea' id='block_1_72' title="bbox 341 3787 1909 3863">
    <p class='ocr_par' dir='ltr' id='par_1_72' title="bbox 341 3787 1909 3863">
     <span class='ocr_line' id='line_1_72' title="bbox 341 3787 1909 3863; baseline 0.003 -22"><span class='ocrx_word' id='word_1_576' title='bbox 341 3787 600 3842; x_wconf 87' lang='lat' dir='ltr'><strong>bitur?ln</strong></span> <span class='ocrx_word' id='word_1_577' title='bbox 625 3805 864 3859; x_wconf 88' lang='lat' dir='ltr'><strong>quonam</strong></span> <span class='ocrx_word' id='word_1_578' title='bbox 896 3800 1074 3846; x_wconf 88' lang='lat' dir='ltr'><strong>autem</strong></span> <span class='ocrx_word' id='word_1_579' title='bbox 1121 3792 1240 3861; x_wconf 89' lang='lat' dir='ltr'><strong>ejus</strong></span> <span class='ocrx_word' id='word_1_580' title='bbox 1281 3803 1425 3848; x_wconf 88' lang='lat' dir='ltr'><strong>statu</strong></span> <span class='ocrx_word' id='word_1_581' title='bbox 1478 3793 1675 3863; x_wconf 89' lang='lat' dir='ltr'><strong>poterit</strong></span> <span class='ocrx_word' id='word_1_582' title='bbox 1725 3795 1779 3847; x_wconf 92' lang='lat' dir='ltr'><strong>in</strong></span> <span class='ocrx_word' id='word_1_583' title='bbox 1816 3793 1909 3847; x_wconf 91' lang='lat' dir='ltr'><strong>illo</strong></span> 
     </span>
    </p>
   </div>
   <div class='ocr_carea' id='block_1_73' title="bbox 341 3880 1909 3954">
    <p class='ocr_par' dir='ltr' id='par_1_73' title="bbox 341 3880 1909 3954">
     <span class='ocr_line' id='line_1_73' title="bbox 341 3880 1909 3954; baseline 0.005 -24"><span class='ocrx_word' id='word_1_584' title='bbox 341 3881 512 3936; x_wconf 84' lang='lat' dir='ltr'><strong>videri</strong></span> <span class='ocrx_word' id='word_1_585' title='bbox 543 3880 745 3937; x_wconf 87' lang='lat' dir='ltr'><strong>Pater?</strong></span> <span class='ocrx_word' id='word_1_586' title='bbox 793 3883 954 3936; x_wconf 87' lang='lat' dir='ltr'><strong>Certe</strong></span> <span class='ocrx_word' id='word_1_587' title='bbox 1004 3883 1172 3952; x_wconf 92' lang='lat' dir='ltr'><strong>liquet</strong></span> <span class='ocrx_word' id='word_1_588' title='bbox 1200 3885 1346 3954; x_wconf 88' lang='lat' dir='ltr'><strong>quod</strong></span> <span class='ocrx_word' id='word_1_589' title='bbox 1399 3901 1559 3940; x_wconf 90' lang='lat' dir='ltr'><strong>nemo</strong></span> <span class='ocrx_word' id='word_1_590' title='bbox 1602 3901 1815 3954; x_wconf 89' lang='lat' dir='ltr'><strong>semper</strong></span> <span class='ocrx_word' id='word_1_591' title='bbox 1853 3886 1909 3938; x_wconf 91' lang='lat' dir='ltr'><strong>in</strong></span> 
     </span>
    </p>
   </div>
   <div class='ocr_carea' id='block_1_74' title="bbox 341 3971 1911 4045">
    <p class='ocr_par' dir='ltr' id='par_1_74' title="bbox 341 3971 1911 4045">
     <span class='ocr_line' id='line_1_74' title="bbox 341 3971 1911 4045; baseline 0.003 -21"><span class='ocrx_word' id='word_1_592' title='bbox 341 3971 433 4034; x_wconf 85' lang='lat' dir='ltr'><strong>illo</strong></span> <span class='ocrx_word' id='word_1_593' title='bbox 462 3971 678 4033; x_wconf 87' lang='lat' dir='ltr'><strong>Patrem</strong></span> <span class='ocrx_word' id='word_1_594' title='bbox 709 3985 792 4029; x_wconf 87' lang='lat' dir='ltr'><strong>est</strong></span> <span class='ocrx_word' id='word_1_595' title='bbox 826 3977 1044 4031; x_wconf 89' lang='lat' dir='ltr'><strong>visurus</strong></span> <span class='ocrx_word' id='word_1_596' title='bbox 1068 4016 1083 4042; x_wconf 92' lang='lat'><strong>,</strong></span> <span class='ocrx_word' id='word_1_597' title='bbox 1111 3991 1237 4030; x_wconf 90' lang='lat' dir='ltr'><strong>cum</strong></span> <span class='ocrx_word' id='word_1_598' title='bbox 1269 3991 1482 4045; x_wconf 89' lang='lat' dir='ltr'><strong>semper</strong></span> <span class='ocrx_word' id='word_1_599' title='bbox 1530 3985 1769 4030; x_wconf 90' lang='lat' dir='ltr'><strong>mutetur</strong></span> <span class='ocrx_word' id='word_1_600' title='bbox 1819 3975 1911 4029; x_wconf 88' lang='lat' dir='ltr'><strong>Fi-</strong></span> 
     </span>
    </p>
   </div>
   <div class='ocr_carea' id='block_1_75' title="bbox 342 4064 1911 4141">
    <p class='ocr_par' dir='ltr' id='par_1_75' title="bbox 342 4064 1911 4141">
     <span class='ocr_line' id='line_1_75' title="bbox 342 4064 1911 4141; baseline 0.005 -24"><span class='ocrx_word' id='word_1_601' title='bbox 342 4064 447 4120; x_wconf 93' lang='lat' dir='ltr'><strong>lius</strong></span> <span class='ocrx_word' id='word_1_602' title='bbox 482 4067 871 4137; x_wconf 85' lang='lat' dir='ltr'><strong>mutabilisque</strong></span> <span class='ocrx_word' id='word_1_603' title='bbox 902 4069 973 4123; x_wconf 90' lang='lat' dir='ltr'><strong>sit</strong></span> <span class='ocrx_word' id='word_1_604' title='bbox 1002 4078 1228 4123; x_wconf 64' lang='lat' dir='ltr'><strong>naturaa.</strong></span> <span class='ocrx_word' id='word_1_605' title='bbox 1267 4067 1513 4137; x_wconf 88' lang='lat' dir='ltr'><strong>Namque</strong></span> <span class='ocrx_word' id='word_1_606' title='bbox 1555 4069 1713 4124; x_wconf 89' lang='lat' dir='ltr'><strong>Pater</strong></span> <span class='ocrx_word' id='word_1_607' title='bbox 1748 4069 1911 4141; x_wconf 70' lang='grc'><strong>347</strong></span> 
     </span>
    </p>
   </div>
   <div class='ocr_carea' id='block_1_76' title="bbox 343 4159 1914 4230">
    <p class='ocr_par' dir='ltr' id='par_1_76' title="bbox 343 4159 1914 4230">
     <span class='ocr_line' id='line_1_76' title="bbox 343 4159 1914 4230; baseline 0.002 -18"><span class='ocrx_word' id='word_1_608' title='bbox 343 4159 700 4214; x_wconf 89' lang='lat' dir='ltr'><strong>immutabilis</strong></span> <span class='ocrx_word' id='word_1_609' title='bbox 722 4170 806 4216; x_wconf 86' lang='lat' dir='ltr'><strong>est</strong></span> <span class='ocrx_word' id='word_1_610' title='bbox 825 4162 1116 4230; x_wconf 90' lang='lat' dir='ltr'><strong>omnisque</strong></span> <span class='ocrx_word' id='word_1_611' title='bbox 1133 4177 1326 4230; x_wconf 80' lang='lat' dir='ltr'><strong>expers</strong></span> <span class='ocrx_word' id='word_1_612' title='bbox 1354 4162 1748 4229; x_wconf 89' lang='lat' dir='ltr'><strong>conversionis,</strong></span> <span class='ocrx_word' id='word_1_613' title='bbox 1769 4178 1914 4217; x_wconf 86' lang='lat' dir='ltr'><strong>sem-</strong></span> 
     </span>
    </p>
   </div>
   <div class='ocr_carea' id='block_1_77' title="bbox 344 4251 1911 4329">
    <p class='ocr_par' dir='ltr' id='par_1_77' title="bbox 344 4251 1911 4329">
     <span class='ocr_line' id='line_1_77' title="bbox 344 4251 1911 4329; baseline 0.003 -26"><span class='ocrx_word' id='word_1_614' title='bbox 344 4265 546 4329; x_wconf 87' lang='lat' dir='ltr'><strong>perque</strong></span> <span class='ocrx_word' id='word_1_615' title='bbox 575 4261 629 4305; x_wconf 91' lang='lat' dir='ltr'><strong>et</strong></span> <span class='ocrx_word' id='word_1_616' title='bbox 662 4251 802 4309; x_wconf 89' lang='lat' dir='ltr'><strong>idem</strong></span> <span class='ocrx_word' id='word_1_617' title='bbox 849 4263 904 4308; x_wconf 90' lang='lat' dir='ltr'><strong>et</strong></span> <span class='ocrx_word' id='word_1_618' title='bbox 930 4253 1120 4315; x_wconf 88' lang='lat' dir='ltr'><strong>eodem</strong></span> <span class='ocrx_word' id='word_1_619' title='bbox 1150 4251 1314 4308; x_wconf 90' lang='lat' dir='ltr'><strong>modo</strong></span> <span class='ocrx_word' id='word_1_620' title='bbox 1351 4263 1452 4308; x_wconf 85' lang='lat' dir='ltr'><strong>est.</strong></span> <span class='ocrx_word' id='word_1_621' title='bbox 1496 4251 1599 4308; x_wconf 90' lang='lat' dir='ltr'><strong>Sed</strong></span> <span class='ocrx_word' id='word_1_622' title='bbox 1631 4254 1677 4309; x_wconf 90' lang='lat' dir='ltr'><strong>si</strong></span> <span class='ocrx_word' id='word_1_623' title='bbox 1717 4253 1911 4319; x_wconf 88' lang='lat' dir='ltr'><strong>Filius,</strong></span> 
     </span>
    </p>
   </div>
   <div class='ocr_carea' id='block_1_78' title="bbox 412 4405 1042 4475">
    <p class='ocr_par' dir='ltr' id='par_1_78' title="bbox 412 4405 1042 4475">
     <span class='ocr_line' id='line_1_78' title="bbox 412 4405 1042 4475; baseline 0.003 -14"><span class='ocrx_word' id='word_1_624' title='bbox 412 4405 459 4436; x_wconf 79' lang='lat'><strong>“</strong></span> <span class='ocrx_word' id='word_1_625' title='bbox 497 4405 687 4466; x_wconf 78' lang='lat' dir='ltr'><strong>Matth.</strong></span> <span class='ocrx_word' id='word_1_626' title='bbox 722 4423 919 4475; x_wconf 75' lang='lat' dir='ltr'><strong>xxvm,</strong></span> <span class='ocrx_word' id='word_1_627' title='bbox 956 4408 1042 4470; x_wconf 80' lang='lat' dir='ltr'><strong>l9,</strong></span> 
     </span>
    </p>
   </div>
   <div class='ocr_carea' id='block_1_79' title="bbox 416 4585 1594 4660">
    <p class='ocr_par' dir='ltr' id='par_1_79' title="bbox 416 4585 1594 4660">
     <span class='ocr_line' id='line_1_79' title="bbox 416 4585 1594 4660; baseline -0.005 -18"><span class='ocrx_word' id='word_1_628' title='bbox 571 4587 706 4658; x_wconf 70' lang='lat' dir='ltr'><strong>Reg.</strong></span> <span class='ocrx_word' id='word_1_629' title='bbox 749 4596 802 4643; x_wconf 88' lang='lat' dir='ltr'><strong>et</strong></span> <span class='ocrx_word' id='word_1_630' title='bbox 850 4587 1458 4660; x_wconf 51' lang='grc' dir='ltr'>Γθιειξῐηηὰγεννήτου</span> <span class='ocrx_word' id='word_1_631' title='bbox 1488 4585 1594 4660; x_wconf 64' lang='grc' dir='ltr'><strong>Δκαὶ</strong></span> 
     </span>
    </p>
   </div>
   <div class='ocr_carea' id='block_1_80' title="bbox 343 4657 1923 4743">
    <p class='ocr_par' dir='ltr' id='par_1_80' title="bbox 343 4657 1923 4743">
     <span class='ocr_line' id='line_1_80' title="bbox 343 4657 1923 4743; baseline -0.003 -31"><span class='ocrx_word' id='word_1_632' title='bbox 343 4657 557 4743; x_wconf 59' lang='grc' dir='ltr'>ᾼιιειξσ.</span> <span class='ocrx_word' id='word_1_633' title='bbox 588 4657 1033 4743; x_wconf 47' lang='grc' dir='ltr'>ἱιεὶψγεννητοῇ.</span> <span class='ocrx_word' id='word_1_634' title='bbox 1063 4659 1169 4743; x_wconf 63' lang='grc' dir='ltr'><strong>Α]ξὶ</strong></span> <span class='ocrx_word' id='word_1_635' title='bbox 1212 4657 1415 4743; x_wconf 48' lang='grc' dir='ltr'>γθξυει</span> <span class='ocrx_word' id='word_1_636' title='bbox 1438 4657 1923 4743; x_wconf 51' lang='lat' dir='ltr'><strong>editionCo‘mmel.,</strong></span> 
     </span>
    </p>
   </div>
   <div class='ocr_carea' id='block_1_81' title="bbox 342 4725 1927 4875">
    <p class='ocr_par' dir='ltr' id='par_1_81' title="bbox 342 4725 1927 4875">
     <span class='ocr_line' id='line_1_81' title="bbox 342 4725 1927 4800; baseline -0.001 -18"><span class='ocrx_word' id='word_1_637' title='bbox 342 4725 606 4799; x_wconf 76' lang='grc' dir='ltr'>ἀγενήτου</span> <span class='ocrx_word' id='word_1_638' title='bbox 654 4725 1038 4800; x_wconf 74' lang='grc' dir='ltr'>καὶγενήτοῦ,</span> <span class='ocrx_word' id='word_1_639' title='bbox 1102 4728 1222 4782; x_wconf 83' lang='lat' dir='ltr'><strong>Mox</strong></span> <span class='ocrx_word' id='word_1_640' title='bbox 1276 4727 1524 4794; x_wconf 60' lang='lat' dir='ltr'><strong>Seguen,</strong></span> <span class='ocrx_word' id='word_1_641' title='bbox 1587 4725 1805 4780; x_wconf 88' lang='lat' dir='ltr'><strong>Gohler.</strong></span> <span class='ocrx_word' id='word_1_642' title='bbox 1872 4736 1927 4782; x_wconf 89' lang='lat' dir='ltr'><strong>et</strong></span> 
     </span>
     <span class='ocr_line' id='line_1_82' title="bbox 347 4795 1927 4875; baseline -0.003 -21"><span class='ocrx_word' id='word_1_643' title='bbox 347 4799 583 4875; x_wconf 65' lang='lat' dir='ltr'><strong>Eelcittn.</strong></span> <span class='ocrx_word' id='word_1_644' title='bbox 627 4799 679 4875; x_wconf 59' lang='grc' dir='ltr'>ς,</span> <span class='ocrx_word' id='word_1_645' title='bbox 714 4798 932 4875; x_wconf 70' lang='grc' dir='ltr'>κτίστου</span> <span class='ocrx_word' id='word_1_646' title='bbox 971 4799 1065 4852; x_wconf 76' lang='grc' dir='ltr'><strong>καὶ</strong></span> <span class='ocrx_word' id='word_1_647' title='bbox 1109 4797 1565 4875; x_wconf 41' lang='grc' dir='ltr'>κτίσματοςηυιή</span> <span class='ocrx_word' id='word_1_648' title='bbox 1597 4795 1852 4875; x_wconf 58' lang='lat' dir='ltr'><strong>Gobler._</strong></span> <span class='ocrx_word' id='word_1_649' title='bbox 1873 4807 1927 4875; x_wconf 74' lang='lat' dir='ltr'><strong>et</strong></span> 
     </span>
    </p>
   </div>
   <div class='ocr_carea' id='block_1_82' title="bbox 346 4867 1922 4929">
    <p class='ocr_par' dir='ltr' id='par_1_82' title="bbox 346 4867 1922 4929">
     <span class='ocr_line' id='line_1_83' title="bbox 346 4867 1922 4929; baseline -0.004 0"><span class='ocrx_word' id='word_1_650' title='bbox 346 4869 585 4929; x_wconf 75' lang='lat' dir='ltr'><strong>Felckm.</strong></span> <span class='ocrx_word' id='word_1_651' title='bbox 625 4869 651 4923; x_wconf 80' lang='grc'><strong>1</strong></span> <span class='ocrx_word' id='word_1_652' title='bbox 689 4869 1124 4924; x_wconf 86' lang='lat' dir='ltr'><strong>circumﬂectunt</strong></span> <span class='ocrx_word' id='word_1_653' title='bbox 1157 4867 1403 4922; x_wconf 89' lang='lat' dir='ltr'><strong>ultimam</strong></span> <span class='ocrx_word' id='word_1_654' title='bbox 1451 4867 1504 4919; x_wconf 90' lang='lat' dir='ltr'><strong>in</strong></span> <span class='ocrx_word' id='word_1_655' title='bbox 1538 4867 1778 4926; x_wconf 79' lang='grc' dir='ltr'>κτιστοῦ,</span> <span class='ocrx_word' id='word_1_656' title='bbox 1819 4867 1922 4922; x_wconf 88' lang='lat' dir='ltr'><strong>Sed</strong></span> 
     </span>
    </p>
   </div>
   <div class='ocr_carea' id='block_1_83' title="bbox 345 4936 1926 5008">
    <p class='ocr_par' dir='ltr' id='par_1_83' title="bbox 345 4936 1926 5008">
     <span class='ocr_line' id='line_1_84' title="bbox 345 4936 1926 5008; baseline -0.003 -14"><span class='ocrx_word' id='word_1_657' title='bbox 345 4941 564 5008; x_wconf 88' lang='lat' dir='ltr'><strong>perinde</strong></span> <span class='ocrx_word' id='word_1_658' title='bbox 612 4950 736 5005; x_wconf 86' lang='lat' dir='ltr'><strong>est,</strong></span> <span class='ocrx_word' id='word_1_659' title='bbox 783 4955 910 4993; x_wconf 89' lang='lat' dir='ltr'><strong>nam</strong></span> <span class='ocrx_word' id='word_1_660' title='bbox 961 4949 1255 5008; x_wconf 90' lang='lat' dir='ltr'><strong>utrumque</strong></span> <span class='ocrx_word' id='word_1_661' title='bbox 1300 4936 1558 5008; x_wconf 84' lang='lat' dir='ltr'><strong>scribitur</strong></span> <span class='ocrx_word' id='word_1_662' title='bbox 1599 4939 1821 5006; x_wconf 85' lang='grc' dir='ltr'>κτιστής</span> <span class='ocrx_word' id='word_1_663' title='bbox 1871 4947 1926 4993; x_wconf 78' lang='lat' dir='ltr'><strong>et</strong></span> 
     </span>
    </p>
   </div>
   <div class='ocr_carea' id='block_1_84' title="bbox 345 5006 1756 5079">
    <p class='ocr_par' dir='ltr' id='par_1_84' title="bbox 345 5006 1756 5079">
     <span class='ocr_line' id='line_1_85' title="bbox 345 5006 1756 5079; baseline -0.002 -16"><span class='ocrx_word' id='word_1_664' title='bbox 345 5006 590 5079; x_wconf 69' lang='grc' dir='ltr'>κτίστης.</span> <span class='ocrx_word' id='word_1_665' title='bbox 621 5010 728 5064; x_wconf 82' lang='lat' dir='ltr'><strong>Alii</strong></span> <span class='ocrx_word' id='word_1_666' title='bbox 757 5020 811 5064; x_wconf 84' lang='lat' dir='ltr'><strong>et</strong></span> <span class='ocrx_word' id='word_1_667' title='bbox 835 5008 993 5079; x_wconf 85' lang='lat' dir='ltr'><strong>editi,</strong></span> <span class='ocrx_word' id='word_1_668' title='bbox 1031 5006 1286 5062; x_wconf 85' lang='grc' dir='ltr'>ἀκτίστου</span> <span class='ocrx_word' id='word_1_669' title='bbox 1315 5008 1408 5060; x_wconf 75' lang='grc' dir='ltr'><strong>καὶ</strong></span> <span class='ocrx_word' id='word_1_670' title='bbox 1441 5006 1756 5079; x_wconf 80' lang='grc' dir='ltr'>κτίσματος.</span> 
     </span>
    </p>
   </div>
   <div class='ocr_carea' id='block_1_85' title="bbox 419 5075 1916 5151">
    <p class='ocr_par' dir='ltr' id='par_1_85' title="bbox 419 5075 1916 5151">
     <span class='ocr_line' id='line_1_86' title="bbox 419 5075 1916 5151; baseline -0.003 -19"><span class='ocrx_word' id='word_1_671' title='bbox 419 5075 692 5151; x_wconf 74' lang='lat' dir='ltr'><strong>(77)Reg.</strong></span> <span class='ocrx_word' id='word_1_672' title='bbox 722 5089 776 5134; x_wconf 89' lang='lat' dir='ltr'><strong>et</strong></span> <span class='ocrx_word' id='word_1_673' title='bbox 806 5078 1047 5151; x_wconf 72' lang='lat' dir='ltr'><strong>Felckm.</strong></span> <span class='ocrx_word' id='word_1_674' title='bbox 1082 5079 1137 5146; x_wconf 96' lang='lat'><strong>5,</strong></span> <span class='ocrx_word' id='word_1_675' title='bbox 1158 5075 1684 5151; x_wconf 40' lang='lat' dir='ltr'><strong>dysvvﬁromﬁtalii</strong></span> <span class='ocrx_word' id='word_1_676' title='bbox 1713 5086 1766 5130; x_wconf 91' lang='lat' dir='ltr'><strong>et</strong></span> <span class='ocrx_word' id='word_1_677' title='bbox 1785 5075 1916 5151; x_wconf 83' lang='lat' dir='ltr'><strong>edit.</strong></span> 
     </span>
    </p>
   </div>
   <div class='ocr_carea' id='block_1_86' title="bbox 345 5146 1920 5227">
    <p class='ocr_par' dir='ltr' id='par_1_86' title="bbox 345 5146 1920 5227">
     <span class='ocr_line' id='line_1_87' title="bbox 345 5146 1920 5227; baseline -0.003 -24"><span class='ocrx_word' id='word_1_678' title='bbox 345 5146 660 5227; x_wconf 60' lang='lat' dir='ltr'><strong>Cpinri1_el.,&#39;</strong></span> <span class='ocrx_word' id='word_1_679' title='bbox 673 5150 958 5227; x_wconf 70' lang='grc' dir='ltr'>ἀγενήτου.</span> <span class='ocrx_word' id='word_1_680' title='bbox 994 5149 1115 5204; x_wconf 81' lang='lat' dir='ltr'><strong>Mox</strong></span> <span class='ocrx_word' id='word_1_681' title='bbox 1151 5146 1373 5227; x_wconf 53' lang='lat' dir='ltr'><strong>Seguer&#39;:</strong></span> <span class='ocrx_word' id='word_1_682' title='bbox 1399 5188 1414 5209; x_wconf 88' lang='lat'><strong>.</strong></span> <span class='ocrx_word' id='word_1_683' title='bbox 1444 5147 1706 5227; x_wconf 68' lang='lat' dir='ltr'><strong>6é§5txrat</strong></span> <span class='ocrx_word' id='word_1_684' title='bbox 1731 5225 1736 5227; x_wconf 69' lang='lat'>_</span> <span class='ocrx_word' id='word_1_685' title='bbox 1757 5146 1920 5227; x_wconf 69' lang='grc' dir='ltr'>μηᾷὲν</span> 
     </span>
    </p>
   </div>
   <div class='ocr_carea' id='block_1_87' title="bbox 347 5218 1918 5304">
    <p class='ocr_par' dir='ltr' id='par_1_87' title="bbox 347 5218 1918 5304">
     <span class='ocr_line' id='line_1_88' title="bbox 347 5218 1918 5304; baseline -0.002 -32"><span class='ocrx_word' id='word_1_686' title='bbox 347 5219 507 5304; x_wconf 66' lang='grc' dir='ltr'>πλέον</span> <span class='ocrx_word' id='word_1_687' title='bbox 533 5219 730 5304; x_wconf 46' lang='grc' dir='ltr'>ἔλουσα</span> <span class='ocrx_word' id='word_1_688' title='bbox 753 5221 786 5291; x_wconf 80' lang='grc' dir='ltr'>ἦ</span> <span class='ocrx_word' id='word_1_689' title='bbox 814 5218 973 5304; x_wconf 58' lang='grc' dir='ltr'>μόνον</span> <span class='ocrx_word' id='word_1_690' title='bbox 995 5221 1314 5304; x_wconf 66' lang='grc' dir='ltr'>φαντασίαν.</span> <span class='ocrx_word' id='word_1_691' title='bbox 1333 5218 1528 5272; x_wconf 69' lang='lat' dir='ltr'><strong>Caeteri</strong></span> <span class='ocrx_word' id='word_1_692' title='bbox 1549 5232 1676 5304; x_wconf 57' lang='lat' dir='ltr'><strong>vero</strong></span> <span class='ocrx_word' id='word_1_693' title='bbox 1691 5225 1744 5271; x_wconf 85' lang='lat' dir='ltr'><strong>et</strong></span> <span class='ocrx_word' id='word_1_694' title='bbox 1765 5218 1918 5280; x_wconf 84' lang='lat' dir='ltr'><strong>editi,</strong></span> 
     </span>
    </p>
   </div>
   <div class='ocr_carea' id='block_1_88' title="bbox 348 5286 1921 5430">
    <p class='ocr_par' dir='ltr' id='par_1_88' title="bbox 348 5286 1921 5430">
     <span class='ocr_line' id='line_1_89' title="bbox 348 5286 1666 5361; baseline -0.002 -18"><span class='ocrx_word' id='word_1_695' title='bbox 348 5291 440 5344; x_wconf 77' lang='grc' dir='ltr'><strong>καὶ</strong></span> <span class='ocrx_word' id='word_1_696' title='bbox 469 5286 633 5360; x_wconf 76' lang='grc' dir='ltr'>μηδὲν</span> <span class='ocrx_word' id='word_1_697' title='bbox 663 5286 845 5343; x_wconf 76' lang='grc' dir='ltr'>πλεῖον</span> <span class='ocrx_word' id='word_1_698' title='bbox 877 5286 1077 5359; x_wconf 79' lang='grc' dir='ltr'>ἔχουσα</span> <span class='ocrx_word' id='word_1_699' title='bbox 1100 5290 1133 5361; x_wconf 80' lang='grc' dir='ltr'>ἢ</span> <span class='ocrx_word' id='word_1_700' title='bbox 1158 5289 1323 5359; x_wconf 85' lang='grc' dir='ltr'>μόνην</span> <span class='ocrx_word' id='word_1_701' title='bbox 1349 5286 1666 5358; x_wconf 84' lang='grc' dir='ltr'>φαντασίαν.</span> 
     </span>
     <span class='ocr_line' id='line_1_90' title="bbox 421 5357 1921 5430; baseline -0.002 -18"><span class='ocrx_word' id='word_1_702' title='bbox 421 5360 531 5430; x_wconf 78' lang='grc'>(78)</span> <span class='ocrx_word' id='word_1_703' title='bbox 559 5360 649 5416; x_wconf 83' lang='lat' dir='ltr'><strong>Sic</strong></span> <span class='ocrx_word' id='word_1_704' title='bbox 671 5359 1132 5430; x_wconf 76' lang='lat' dir='ltr'><strong>Seguer.Gobler,</strong></span> <span class='ocrx_word' id='word_1_705' title='bbox 1165 5359 1405 5430; x_wconf 74' lang='lat' dir='ltr'><strong>Felckm.</strong></span> <span class='ocrx_word' id='word_1_706' title='bbox 1435 5357 1487 5430; x_wconf 10' lang='grc'>1,,</span> <span class='ocrx_word' id='word_1_707' title='bbox 1518 5366 1576 5410; x_wconf 91' lang='lat' dir='ltr'><strong>ut</strong></span> <span class='ocrx_word' id='word_1_708' title='bbox 1599 5366 1653 5410; x_wconf 91' lang='lat' dir='ltr'><strong>et</strong></span> <span class='ocrx_word' id='word_1_709' title='bbox 1673 5357 1921 5426; x_wconf 76' lang='lat' dir='ltr'><strong>legerunt</strong></span> 
     </span>
    </p>
   </div>
   <div class='ocr_carea' id='block_1_89' title="bbox 345 5426 1909 5554">
    <p class='ocr_par' dir='ltr' id='par_1_89' title="bbox 345 5426 1909 5554">
     <span class='ocr_line' id='line_1_91' title="bbox 345 5426 1909 5554; baseline -0.002 -71"><span class='ocrx_word' id='word_1_710' title='bbox 345 5426 690 5554; x_wconf 48' lang='lat' dir='ltr'><strong>l(illunibonus</strong></span> <span class='ocrx_word' id='word_1_711' title='bbox 712 5426 768 5486; x_wconf 70' lang='lat' dir='ltr'><strong>ei</strong></span> <span class='ocrx_word' id='word_1_712' title='bbox 788 5429 1054 5485; x_wconf 81' lang='lat' dir='ltr'><strong>Nannius.</strong></span> <span class='ocrx_word' id='word_1_713' title='bbox 1083 5430 1186 5483; x_wconf 86' lang='lat' dir='ltr'><strong>Alii</strong></span> <span class='ocrx_word' id='word_1_714' title='bbox 1206 5438 1260 5484; x_wconf 89' lang='lat' dir='ltr'><strong>et</strong></span> <span class='ocrx_word' id='word_1_715' title='bbox 1280 5428 1430 5488; x_wconf 82' lang='lat' dir='ltr'><strong>editi,</strong></span> <span class='ocrx_word' id='word_1_716' title='bbox 1455 5426 1744 5499; x_wconf 80' lang='grc' dir='ltr'>ἄτρεπτος,</span> <span class='ocrx_word' id='word_1_717' title='bbox 1766 5443 1909 5486; x_wconf 87' lang='lat' dir='ltr'><strong>men-</strong></span> 
     </span>
     <span class='ocr_line' id='line_1_92' title="bbox 382 5515 496 5554; baseline 0 0"><span class='ocrx_word' id='word_1_718' title='bbox 382 5515 496 5554; x_wconf 89' lang='lat' dir='ltr'><strong>ose.</strong></span> 
     </span>
    </p>
   </div>
   <div class='ocr_carea' id='block_1_90' title="bbox 382 5515 496 5556">
    <p class='ocr_par' dir='ltr' id='par_1_90' title="bbox 382 5515 496 5556">
     <span class='ocr_line' id='line_1_93' title="bbox 382 5515 496 5556; baseline -0.018 0"><span class='ocrx_word' id='word_1_719' title='bbox 382 5515 496 5556; x_wconf 78' lang='lat'><strong>058.</strong></span> 
     </span>
    </p>
   </div>
   <div class='ocr_carea' id='block_1_91' title="bbox 416 5567 1916 5642">
    <p class='ocr_par' dir='ltr' id='par_1_91' title="bbox 416 5567 1916 5642">
     <span class='ocr_line' id='line_1_94' title="bbox 416 5567 1916 5642; baseline -0.003 -19"><span class='ocrx_word' id='word_1_720' title='bbox 416 5570 528 5641; x_wconf 87' lang='lat'><strong>(79)</strong></span> <span class='ocrx_word' id='word_1_721' title='bbox 562 5569 651 5642; x_wconf 88' lang='lat' dir='ltr'><strong>Sic</strong></span> <span class='ocrx_word' id='word_1_722' title='bbox 675 5568 897 5642; x_wconf 80' lang='lat' dir='ltr'><strong>seguer.</strong></span> <span class='ocrx_word' id='word_1_723' title='bbox 929 5569 1145 5642; x_wconf 87' lang='lat' dir='ltr'><strong>Goblcr.</strong></span> <span class='ocrx_word' id='word_1_724' title='bbox 1171 5577 1225 5642; x_wconf 73' lang='lat' dir='ltr'><strong>et</strong></span> <span class='ocrx_word' id='word_1_725' title='bbox 1256 5568 1493 5642; x_wconf 67' lang='lat' dir='ltr'><strong>Felckm.</strong></span> <span class='ocrx_word' id='word_1_726' title='bbox 1525 5567 1916 5642; x_wconf 77' lang='lat' dir='ltr'><strong>l_._Alii_autem</strong></span> 
     </span>
    </p>
   </div>
   <div class='ocr_carea' id='block_1_92' title="bbox 345 5635 1911 5723">
    <p class='ocr_par' dir='ltr' id='par_1_92' title="bbox 345 5635 1911 5723">
     <span class='ocr_line' id='line_1_95' title="bbox 345 5635 1911 5723; baseline -0.003 -28"><span class='ocrx_word' id='word_1_727' title='bbox 345 5651 397 5695; x_wconf 77' lang='lat' dir='ltr'><strong>et</strong></span> <span class='ocrx_word' id='word_1_728' title='bbox 423 5635 631 5723; x_wconf 27' lang='lat' dir='ltr'><strong>etii-tiri)</strong></span> <span class='ocrx_word' id='word_1_729' title='bbox 665 5639 724 5723; x_wconf 61' lang='grc' dir='ltr'><strong>ού</strong></span> <span class='ocrx_word' id='word_1_730' title='bbox 745 5635 774 5705; x_wconf 64' lang='grc' dir='ltr'><em>ξ</em></span> <span class='ocrx_word' id='word_1_731' title='bbox 794 5640 1116 5723; x_wconf 73' lang='grc' dir='ltr'>Προαιρέσει</span> <span class='ocrx_word' id='word_1_732' title='bbox 1141 5635 1233 5694; x_wconf 77' lang='grc' dir='ltr'><strong>οὖν</strong></span> <span class='ocrx_word' id='word_1_733' title='bbox 1269 5642 1410 5694; x_wconf 81' lang='grc' dir='ltr'>κατὰ</span> <span class='ocrx_word' id='word_1_734' title='bbox 1431 5641 1508 5692; x_wconf 81' lang='grc' dir='ltr'>τό.</span> <span class='ocrx_word' id='word_1_735' title='bbox 1545 5638 1666 5693; x_wconf 74' lang='lat' dir='ltr'><strong>Mox</strong></span> <span class='ocrx_word' id='word_1_736' title='bbox 1695 5638 1911 5696; x_wconf 82' lang='lat' dir='ltr'><strong>Goblel&#39;.</strong></span> 
     </span>
    </p>
   </div>
   <div class='ocr_carea' id='block_1_93' title="bbox 347 5709 1205 5776">
    <p class='ocr_par' dir='ltr' id='par_1_93' title="bbox 347 5709 1205 5776">
     <span class='ocr_line' id='line_1_96' title="bbox 347 5709 1205 5776; baseline -0.003 -10"><span class='ocrx_word' id='word_1_737' title='bbox 347 5721 394 5776; x_wconf 74' lang='lat' dir='ltr'><strong>et</strong></span> <span class='ocrx_word' id='word_1_738' title='bbox 421 5709 658 5773; x_wconf 72' lang='lat' dir='ltr'><strong>Felt&#39;ktn.</strong></span> <span class='ocrx_word' id='word_1_739' title='bbox 690 5713 736 5774; x_wconf 85' lang='lat' dir='ltr'><strong>l,</strong></span> <span class='ocrx_word' id='word_1_740' title='bbox 768 5709 860 5764; x_wconf 67' lang='grc' dir='ltr'><strong>καὶ</strong></span> <span class='ocrx_word' id='word_1_741' title='bbox 885 5711 944 5763; x_wconf 73' lang='grc' dir='ltr'><strong>οὐ</strong></span> <span class='ocrx_word' id='word_1_742' title='bbox 969 5709 1205 5763; x_wconf 83' lang='grc' dir='ltr'>δύναται.</span> 
     </span>
    </p>
   </div>
   <div class='ocr_carea' id='block_1_94' title="bbox 2007 3333 3593 3410">
    <p class='ocr_par' dir='ltr' id='par_1_94' title="bbox 2007 3333 3593 3410">
     <span class='ocr_line' id='line_1_97' title="bbox 2007 3333 3593 3410; baseline -0.002 -18"><span class='ocrx_word' id='word_1_743' title='bbox 2007 3339 2250 3410; x_wconf 86' lang='grc' dir='ltr'>φημίαν;</span> <span class='ocrx_word' id='word_1_744' title='bbox 2296 3339 2358 3390; x_wconf 82' lang='grc' dir='ltr'><strong>Εἰ</strong></span> <span class='ocrx_word' id='word_1_745' title='bbox 2398 3336 2506 3407; x_wconf 79' lang='grc' dir='ltr'>γὰρ</span> <span class='ocrx_word' id='word_1_746' title='bbox 2537 3335 2768 3405; x_wconf 81' lang='grc' dir='ltr'>τρεπτδς</span> <span class='ocrx_word' id='word_1_747' title='bbox 2820 3335 2912 3388; x_wconf 78' lang='grc' dir='ltr'><strong>καὶ</strong></span> <span class='ocrx_word' id='word_1_748' title='bbox 2963 3333 3337 3404; x_wconf 85' lang='grc' dir='ltr'>ἀλλοιούμενός</span> <span class='ocrx_word' id='word_1_749' title='bbox 3363 3337 3510 3386; x_wconf 75' lang='grc' dir='ltr'>ἐστιν</span> <span class='ocrx_word' id='word_1_750' title='bbox 3559 3335 3593 3390; x_wconf 82' lang='grc' dir='ltr'><strong>ὁ</strong></span> 
     </span>
    </p>
   </div>
   <div class='ocr_carea' id='block_1_95' title="bbox 2006 3423 3594 3500">
    <p class='ocr_par' dir='ltr' id='par_1_95' title="bbox 2006 3423 3594 3500">
     <span class='ocr_line' id='line_1_98' title="bbox 2006 3423 3594 3500; baseline -0.003 -15"><span class='ocrx_word' id='word_1_751' title='bbox 2006 3433 2197 3500; x_wconf 88' lang='grc' dir='ltr'>Λόγος,</span> <span class='ocrx_word' id='word_1_752' title='bbox 2231 3434 2322 3484; x_wconf 84' lang='grc' dir='ltr'>ποῖ</span> <span class='ocrx_word' id='word_1_753' title='bbox 2343 3429 2453 3500; x_wconf 72' lang='grc'>(84)</span> <span class='ocrx_word' id='word_1_754' title='bbox 2510 3429 2618 3500; x_wconf 87' lang='grc' dir='ltr'><strong>ἄρα</strong></span> <span class='ocrx_word' id='word_1_755' title='bbox 2649 3428 2930 3498; x_wconf 84' lang='grc' dir='ltr'>στήσεται,</span> <span class='ocrx_word' id='word_1_756' title='bbox 2985 3427 3079 3480; x_wconf 73' lang='grc' dir='ltr'><strong>καὶ</strong></span> <span class='ocrx_word' id='word_1_757' title='bbox 3124 3429 3274 3480; x_wconf 87' lang='grc' dir='ltr'>ποῖον</span> <span class='ocrx_word' id='word_1_758' title='bbox 3305 3425 3470 3479; x_wconf 83' lang='grc' dir='ltr'>αὐτοῦ</span> <span class='ocrx_word' id='word_1_759' title='bbox 3527 3423 3594 3480; x_wconf 78' lang='grc' dir='ltr'>τὸ</span> 
     </span>
    </p>
   </div>
   <div class='ocr_carea' id='block_1_96' title="bbox 2012 3516 3594 3590">
    <p class='ocr_par' dir='ltr' id='par_1_96' title="bbox 2012 3516 3594 3590">
     <span class='ocr_line' id='line_1_99' title="bbox 2012 3516 3594 3590; baseline -0.004 -16"><span class='ocrx_word' id='word_1_760' title='bbox 2012 3523 2162 3584; x_wconf 83' lang='grc' dir='ltr'>τέλος</span> <span class='ocrx_word' id='word_1_761' title='bbox 2184 3520 2334 3573; x_wconf 77' lang='grc' dir='ltr'>ἔσται</span> <span class='ocrx_word' id='word_1_762' title='bbox 2352 3520 2450 3590; x_wconf 82' lang='grc' dir='ltr'>τῆς</span> <span class='ocrx_word' id='word_1_763' title='bbox 2470 3519 2761 3582; x_wconf 76' lang='grc' dir='ltr'>ἐπιδόσεως</span> <span class='ocrx_word' id='word_1_764' title='bbox 2781 3535 2796 3582; x_wconf 92' lang='grc'>;</span> <span class='ocrx_word' id='word_1_765' title='bbox 2827 3518 2859 3590; x_wconf 84' lang='grc' dir='ltr'>ἢ</span> <span class='ocrx_word' id='word_1_766' title='bbox 2891 3517 3008 3580; x_wconf 84' lang='grc' dir='ltr'><strong>πῶς</strong></span> <span class='ocrx_word' id='word_1_767' title='bbox 3028 3518 3209 3587; x_wconf 84' lang='grc' dir='ltr'>ὅμοιος</span> <span class='ocrx_word' id='word_1_768' title='bbox 3237 3516 3315 3586; x_wconf 80' lang='grc' dir='ltr'>τῷ</span> <span class='ocrx_word' id='word_1_769' title='bbox 3334 3516 3594 3587; x_wconf 81' lang='grc' dir='ltr'>ἀτρέπτῳ</span> 
     </span>
    </p>
   </div>
   <div class='ocr_carea' id='block_1_97' title="bbox 2013 3605 3594 3684">
    <p class='ocr_par' dir='ltr' id='par_1_97' title="bbox 2013 3605 3594 3684">
     <span class='ocr_line' id='line_1_100' title="bbox 2013 3605 3594 3684; baseline -0.004 -19"><span class='ocrx_word' id='word_1_770' title='bbox 2013 3615 2041 3664; x_wconf 79' lang='grc' dir='ltr'><strong>ὁ</strong></span> <span class='ocrx_word' id='word_1_771' title='bbox 2087 3611 2318 3684; x_wconf 83' lang='grc' dir='ltr'>τρεπτὸς</span> <span class='ocrx_word' id='word_1_772' title='bbox 2363 3605 2497 3663; x_wconf 78' lang='grc' dir='ltr'>εἶναι</span> <span class='ocrx_word' id='word_1_773' title='bbox 2531 3610 2846 3680; x_wconf 81' lang='grc' dir='ltr'>δυνήσεται;</span> <span class='ocrx_word' id='word_1_774' title='bbox 2899 3609 3024 3672; x_wconf 86' lang='grc' dir='ltr'><strong>Πῶς</strong></span> <span class='ocrx_word' id='word_1_775' title='bbox 3067 3609 3124 3664; x_wconf 78' lang='grc' dir='ltr'><strong>δὲ</strong></span> <span class='ocrx_word' id='word_1_776' title='bbox 3175 3611 3203 3662; x_wconf 88' lang='grc' dir='ltr'>ὁ</span> <span class='ocrx_word' id='word_1_777' title='bbox 3247 3608 3338 3661; x_wconf 85' lang='grc' dir='ltr'><strong>τὸν</strong></span> <span class='ocrx_word' id='word_1_778' title='bbox 3359 3608 3594 3679; x_wconf 82' lang='grc' dir='ltr'>τρεπτὸν</span> 
     </span>
    </p>
   </div>
   <div class='ocr_carea' id='block_1_98' title="bbox 2015 3700 3596 3775">
    <p class='ocr_par' dir='ltr' id='par_1_98' title="bbox 2015 3700 3596 3775">
     <span class='ocr_line' id='line_1_101' title="bbox 2015 3700 3596 3775; baseline -0.003 -20"><span class='ocrx_word' id='word_1_779' title='bbox 2015 3702 2290 3775; x_wconf 83' lang='grc' dir='ltr'>ἑωρακὼς,</span> <span class='ocrx_word' id='word_1_780' title='bbox 2339 3702 2640 3772; x_wconf 80' lang='grc' dir='ltr'>ἑωρακέναι</span> <span class='ocrx_word' id='word_1_781' title='bbox 2695 3701 2786 3753; x_wconf 84' lang='grc' dir='ltr'><strong>τὸν</strong></span> <span class='ocrx_word' id='word_1_782' title='bbox 2830 3700 3093 3772; x_wconf 80' lang='grc' dir='ltr'>ἄτρεπτον</span> <span class='ocrx_word' id='word_1_783' title='bbox 3145 3700 3451 3769; x_wconf 74' lang='grc' dir='ltr'>νομίσειενς</span> <span class='ocrx_word' id='word_1_784' title='bbox 3502 3700 3596 3751; x_wconf 87' lang='grc' dir='ltr'>Ἐν</span> 
     </span>
    </p>
   </div>
   <div class='ocr_carea' id='block_1_99' title="bbox 2017 3792 3596 3866">
    <p class='ocr_par' dir='ltr' id='par_1_99' title="bbox 2017 3792 3596 3866">
     <span class='ocr_line' id='line_1_102' title="bbox 2017 3792 3596 3866; baseline -0.004 -17"><span class='ocrx_word' id='word_1_785' title='bbox 2017 3795 2146 3866; x_wconf 81' lang='grc' dir='ltr'>ποίᾳ</span> <span class='ocrx_word' id='word_1_786' title='bbox 2172 3795 2228 3846; x_wconf 83' lang='grc' dir='ltr'><strong>δὲ</strong></span> <span class='ocrx_word' id='word_1_787' title='bbox 2255 3795 2363 3866; x_wconf 83' lang='grc' dir='ltr'><strong>ἄρα</strong></span> <span class='ocrx_word' id='word_1_788' title='bbox 2395 3793 2489 3847; x_wconf 80' lang='grc' dir='ltr'>ἐὰν</span> <span class='ocrx_word' id='word_1_789' title='bbox 2512 3793 2736 3862; x_wconf 80' lang='grc' dir='ltr'>γένηται</span> <span class='ocrx_word' id='word_1_790' title='bbox 2767 3793 3116 3856; x_wconf 84' lang='grc' dir='ltr'>καταστάσει,</span> <span class='ocrx_word' id='word_1_791' title='bbox 3165 3792 3454 3863; x_wconf 85' lang='grc' dir='ltr'>δυνήσεταί</span> <span class='ocrx_word' id='word_1_792' title='bbox 3509 3809 3596 3855; x_wconf 87' lang='grc' dir='ltr'><strong>τις</strong></span> 
     </span>
    </p>
   </div>
   <div class='ocr_carea' id='block_1_100' title="bbox 2017 3883 3600 3958">
    <p class='ocr_par' dir='ltr' id='par_1_100' title="bbox 2017 3883 3600 3958">
     <span class='ocr_line' id='line_1_103' title="bbox 2017 3883 3600 3958; baseline -0.003 -18"><span class='ocrx_word' id='word_1_793' title='bbox 2017 3888 2106 3940; x_wconf 82' lang='grc' dir='ltr'><strong>τὸν</strong></span> <span class='ocrx_word' id='word_1_794' title='bbox 2135 3887 2351 3958; x_wconf 83' lang='grc' dir='ltr'>Πατέρα</span> <span class='ocrx_word' id='word_1_795' title='bbox 2384 3887 2440 3939; x_wconf 82' lang='grc' dir='ltr'><strong>ἑν</strong></span> <span class='ocrx_word' id='word_1_796' title='bbox 2499 3884 2647 3955; x_wconf 79' lang='grc' dir='ltr'>αὐτῷ</span> <span class='ocrx_word' id='word_1_797' title='bbox 2707 3885 2961 3954; x_wconf 86' lang='grc' dir='ltr'>βλέπειν;</span> <span class='ocrx_word' id='word_1_798' title='bbox 3008 3885 3164 3954; x_wconf 83' lang='grc' dir='ltr'>δῆλον</span> <span class='ocrx_word' id='word_1_799' title='bbox 3210 3884 3338 3956; x_wconf 83' lang='grc' dir='ltr'>γὰρ,</span> <span class='ocrx_word' id='word_1_800' title='bbox 3370 3883 3444 3947; x_wconf 83' lang='grc' dir='ltr'><strong>ὡς</strong></span> <span class='ocrx_word' id='word_1_801' title='bbox 3491 3883 3600 3936; x_wconf 85' lang='grc' dir='ltr'><strong>οὐκ</strong></span> 
     </span>
    </p>
   </div>
   <div class='ocr_carea' id='block_1_101' title="bbox 2019 3975 3602 4050">
    <p class='ocr_par' dir='ltr' id='par_1_101' title="bbox 2019 3975 3602 4050">
     <span class='ocr_line' id='line_1_104' title="bbox 2019 3975 3602 4050; baseline -0.004 -16"><span class='ocrx_word' id='word_1_802' title='bbox 2019 3981 2105 4034; x_wconf 82' lang='grc' dir='ltr'><strong>ἀεί</strong></span> <span class='ocrx_word' id='word_1_803' title='bbox 2132 3996 2212 4043; x_wconf 87' lang='grc' dir='ltr'><strong>τις</strong></span> <span class='ocrx_word' id='word_1_804' title='bbox 2241 3979 2429 4048; x_wconf 76' lang='grc' dir='ltr'>ὄψεται</span> <span class='ocrx_word' id='word_1_805' title='bbox 2462 3979 2521 4031; x_wconf 88' lang='grc' dir='ltr'><strong>ἑν</strong></span> <span class='ocrx_word' id='word_1_806' title='bbox 2550 3977 2697 4048; x_wconf 85' lang='grc' dir='ltr'><strong>αὑτῷ</strong></span> <span class='ocrx_word' id='word_1_807' title='bbox 2723 3978 2812 4030; x_wconf 86' lang='grc' dir='ltr'><strong>τὸν</strong></span> <span class='ocrx_word' id='word_1_808' title='bbox 2865 3979 3104 4050; x_wconf 79' lang='grc' dir='ltr'>Πατέρα,</span> <span class='ocrx_word' id='word_1_809' title='bbox 3149 3976 3237 4030; x_wconf 83' lang='grc' dir='ltr'>διὰ</span> <span class='ocrx_word' id='word_1_810' title='bbox 3263 3977 3324 4030; x_wconf 86' lang='grc' dir='ltr'><strong>τὸ</strong></span> <span class='ocrx_word' id='word_1_811' title='bbox 3353 3976 3438 4030; x_wconf 77' lang='grc' dir='ltr'>ἀεὶ</span> <span class='ocrx_word' id='word_1_812' title='bbox 3469 3975 3602 4046; x_wconf 85' lang='grc' dir='ltr'>τρέ-</span> 
     </span>
    </p>
   </div>
   <div class='ocr_carea' id='block_1_102' title="bbox 2021 4064 3601 4140">
    <p class='ocr_par' dir='ltr' id='par_1_102' title="bbox 2021 4064 3601 4140">
     <span class='ocr_line' id='line_1_105' title="bbox 2021 4064 3601 4140; baseline -0.003 -17"><span class='ocrx_word' id='word_1_813' title='bbox 2021 4071 2215 4136; x_wconf 74' lang='grc' dir='ltr'>πεσθαι</span> <span class='ocrx_word' id='word_1_814' title='bbox 2252 4070 2342 4132; x_wconf 82' lang='grc' dir='ltr'><strong>τὸν</strong></span> <span class='ocrx_word' id='word_1_815' title='bbox 2373 4070 2520 4132; x_wconf 81' lang='grc' dir='ltr'>Υίὸν,</span> <span class='ocrx_word' id='word_1_816' title='bbox 2551 4069 2645 4122; x_wconf 73' lang='grc' dir='ltr'><strong>καὶ</strong></span> <span class='ocrx_word' id='word_1_817' title='bbox 2698 4068 3084 4140; x_wconf 80' lang='grc' dir='ltr'>ἀλλοιουμένης</span> <span class='ocrx_word' id='word_1_818' title='bbox 3135 4069 3295 4121; x_wconf 79' lang='grc' dir='ltr'>αὑτὸν</span> <span class='ocrx_word' id='word_1_819' title='bbox 3328 4064 3462 4120; x_wconf 79' lang='grc' dir='ltr'>εἶναι</span> <span class='ocrx_word' id='word_1_820' title='bbox 3494 4067 3601 4135; x_wconf 81' lang='grc' dir='ltr'><strong>φύ-</strong></span> 
     </span>
    </p>
   </div>
   <div class='ocr_carea' id='block_1_103' title="bbox 2022 4158 3599 4232">
    <p class='ocr_par' dir='ltr' id='par_1_103' title="bbox 2022 4158 3599 4232">
     <span class='ocr_line' id='line_1_106' title="bbox 2022 4158 3599 4232; baseline -0.003 -18"><span class='ocrx_word' id='word_1_821' title='bbox 2022 4179 2177 4224; x_wconf 89' lang='grc' dir='ltr'>σεως.</span> <span class='ocrx_word' id='word_1_822' title='bbox 2221 4163 2277 4213; x_wconf 85' lang='grc' dir='ltr'><strong>Ὀ</strong></span> <span class='ocrx_word' id='word_1_823' title='bbox 2309 4161 2405 4230; x_wconf 83' lang='grc' dir='ltr'><strong>μὲν</strong></span> <span class='ocrx_word' id='word_1_824' title='bbox 2432 4161 2539 4230; x_wconf 82' lang='grc' dir='ltr'><strong>γὰρ</strong></span> <span class='ocrx_word' id='word_1_825' title='bbox 2571 4161 2760 4231; x_wconf 83' lang='grc' dir='ltr'>Πατὴρ</span> <span class='ocrx_word' id='word_1_826' title='bbox 2788 4161 3054 4232; x_wconf 82' lang='grc' dir='ltr'>ἄτρεπτος</span> <span class='ocrx_word' id='word_1_827' title='bbox 3085 4159 3178 4212; x_wconf 81' lang='grc' dir='ltr'>καὶ</span> <span class='ocrx_word' id='word_1_828' title='bbox 3216 4158 3599 4221; x_wconf 84' lang='grc' dir='ltr'>ἀναλλοίωτος,</span> 
     </span>
    </p>
   </div>
   <div class='ocr_carea' id='block_1_104' title="bbox 2023 4251 3603 4323">
    <p class='ocr_par' dir='ltr' id='par_1_104' title="bbox 2023 4251 3603 4323">
     <span class='ocr_line' id='line_1_107' title="bbox 2023 4251 3603 4323; baseline -0.003 -15"><span class='ocrx_word' id='word_1_829' title='bbox 2023 4255 2118 4315; x_wconf 74' lang='grc' dir='ltr'><strong>καὶ</strong></span> <span class='ocrx_word' id='word_1_830' title='bbox 2147 4254 2232 4306; x_wconf 71' lang='grc' dir='ltr'><strong>ἀεὶ</strong></span> <span class='ocrx_word' id='word_1_831' title='bbox 2262 4252 2357 4306; x_wconf 75' lang='grc' dir='ltr'><strong>καὶ</strong></span> <span class='ocrx_word' id='word_1_832' title='bbox 2384 4251 2643 4316; x_wconf 80' lang='grc' dir='ltr'>ὡσαύτως</span> <span class='ocrx_word' id='word_1_833' title='bbox 2677 4253 2788 4323; x_wconf 86' lang='lat'><strong>(85)</strong></span> <span class='ocrx_word' id='word_1_834' title='bbox 2819 4252 2951 4323; x_wconf 78' lang='grc' dir='ltr'>ἔχει,</span> <span class='ocrx_word' id='word_1_835' title='bbox 2982 4252 3075 4305; x_wconf 75' lang='grc' dir='ltr'><strong>καὶ</strong></span> <span class='ocrx_word' id='word_1_836' title='bbox 3106 4254 3134 4306; x_wconf 87' lang='grc' dir='ltr'><strong>ό</strong></span> <span class='ocrx_word' id='word_1_837' title='bbox 3166 4251 3326 4314; x_wconf 76' lang='grc' dir='ltr'>αὐτὸς</span> <span class='ocrx_word' id='word_1_838' title='bbox 3351 4251 3534 4303; x_wconf 80' lang='grc' dir='ltr'>ἑστινο</span> <span class='ocrx_word' id='word_1_839' title='bbox 3569 4252 3603 4304; x_wconf 80' lang='grc' dir='ltr'>ὁ</span> 
     </span>
    </p>
   </div>
   <div class='ocr_carea' id='block_1_105' title="bbox 1675 4583 1909 4660">
    <p class='ocr_par' dir='ltr' id='par_1_105' title="bbox 1675 4585 1909 4660">
     <span class='ocr_line' id='line_1_108' title="bbox 1675 4585 1909 4660; baseline 0 -22"><span class='ocrx_word' id='word_1_840' title='bbox 1675 4585 1909 4660; x_wconf 69' lang='grc' dir='ltr'>εννητού.</span> 
     </span>
    </p>
   </div>
   <div class='ocr_carea' id='block_1_106' title="bbox 2021 4583 3598 4660">
    <p class='ocr_par' dir='ltr' id='par_1_106' title="bbox 2077 4583 3598 4660">
     <span class='ocr_line' id='line_1_109' title="bbox 2077 4583 3598 4660; baseline -0.004 -16"><span class='ocrx_word' id='word_1_841' title='bbox 2077 4589 2211 4660; x_wconf 16' lang='grc'>,(80)</span> <span class='ocrx_word' id='word_1_842' title='bbox 2256 4589 2346 4646; x_wconf 86' lang='lat' dir='ltr'><strong>Sic</strong></span> <span class='ocrx_word' id='word_1_843' title='bbox 2373 4588 2598 4660; x_wconf 77' lang='lat' dir='ltr'><strong>Seguer.</strong></span> <span class='ocrx_word' id='word_1_844' title='bbox 2626 4599 2680 4646; x_wconf 92' lang='lat' dir='ltr'><strong>et</strong></span> <span class='ocrx_word' id='word_1_845' title='bbox 2702 4587 2860 4660; x_wconf 80' lang='lat' dir='ltr'><strong>editi,</strong></span> <span class='ocrx_word' id='word_1_846' title='bbox 2886 4595 3046 4657; x_wconf 89' lang='lat' dir='ltr'><strong>atque</strong></span> <span class='ocrx_word' id='word_1_847' title='bbox 3068 4585 3140 4660; x_wconf 73' lang='lat' dir='ltr'><strong>ita</strong></span> <span class='ocrx_word' id='word_1_848' title='bbox 3176 4584 3304 4660; x_wconf 79' lang='lat' dir='ltr'><strong>legit</strong></span> <span class='ocrx_word' id='word_1_849' title='bbox 3326 4583 3598 4660; x_wconf 79' lang='lat' dir='ltr'><strong>Nannius.</strong></span> 
     </span>
    </p>
   </div>
   <div class='ocr_carea' id='block_1_107' title="bbox 2027 4655 3598 4726">
    <p class='ocr_par' dir='ltr' id='par_1_107' title="bbox 2027 4655 3598 4726">
     <span class='ocr_line' id='line_1_110' title="bbox 2027 4655 3598 4726; baseline -0.001 -14"><span class='ocrx_word' id='word_1_850' title='bbox 2027 4655 2168 4722; x_wconf 78' lang='lat' dir='ltr'><strong>Alii,</strong></span> <span class='ocrx_word' id='word_1_851' title='bbox 2195 4655 2278 4724; x_wconf 73' lang='grc' dir='ltr'><strong>’ὡς</strong></span> <span class='ocrx_word' id='word_1_852' title='bbox 2331 4655 2494 4723; x_wconf 73' lang='grc' dir='ltr'>ἄνθος</span> <span class='ocrx_word' id='word_1_853' title='bbox 2527 4661 2620 4713; x_wconf 79' lang='grc' dir='ltr'><strong>καὶ</strong></span> <span class='ocrx_word' id='word_1_854' title='bbox 2652 4658 2840 4726; x_wconf 80' lang='grc' dir='ltr'>ξύλον,</span> <span class='ocrx_word' id='word_1_855' title='bbox 2875 4667 2932 4710; x_wconf 91' lang='lat' dir='ltr'><strong>ut</strong></span> <span class='ocrx_word' id='word_1_856' title='bbox 2962 4655 3024 4709; x_wconf 70' lang='lat' dir='ltr'><strong>et</strong></span> <span class='ocrx_word' id='word_1_857' title='bbox 3058 4656 3397 4726; x_wconf 90' lang='lat' dir='ltr'><strong>Omnibonus</strong></span> <span class='ocrx_word' id='word_1_858' title='bbox 3442 4655 3598 4726; x_wconf 73' lang='lat' dir='ltr'><strong>legit.</strong></span> 
     </span>
    </p>
   </div>
   <div class='ocr_carea' id='block_1_108' title="bbox 2029 4724 3604 4800">
    <p class='ocr_par' dir='ltr' id='par_1_108' title="bbox 2029 4724 3604 4800">
     <span class='ocr_line' id='line_1_111' title="bbox 2029 4724 3604 4800; baseline -0.002 -17"><span class='ocrx_word' id='word_1_859' title='bbox 2029 4728 2200 4800; x_wconf 75' lang='lat' dir='ltr'><strong>Paulo</strong></span> <span class='ocrx_word' id='word_1_860' title='bbox 2233 4741 2356 4800; x_wconf 89' lang='lat' dir='ltr'><strong>post</strong></span> <span class='ocrx_word' id='word_1_861' title='bbox 2387 4731 2611 4800; x_wconf 81' lang='lat' dir='ltr'><strong>Seguer.</strong></span> <span class='ocrx_word' id='word_1_862' title='bbox 2643 4724 2867 4800; x_wconf 74' lang='lat' dir='ltr'><strong>Cobler,</strong></span> <span class='ocrx_word' id='word_1_863' title='bbox 2901 4737 2969 4800; x_wconf 28' lang='lat' dir='ltr'><strong>et‘</strong></span> <span class='ocrx_word' id='word_1_864' title='bbox 2993 4726 3229 4800; x_wconf 59' lang='lat' dir='ltr'><strong>Feltrkm.</strong></span> <span class='ocrx_word' id='word_1_865' title='bbox 3282 4725 3306 4778; x_wconf 79' lang='lat' dir='ltr'><strong>l</strong></span> <span class='ocrx_word' id='word_1_866' title='bbox 3343 4734 3396 4778; x_wconf 92' lang='lat' dir='ltr'><strong>et</strong></span> <span class='ocrx_word' id='word_1_867' title='bbox 3439 4724 3502 4788; x_wconf 87' lang='lat'><strong>5,</strong></span> <span class='ocrx_word' id='word_1_868' title='bbox 3542 4736 3604 4781; x_wconf 87' lang='lat' dir='ltr'><strong>et</strong></span> 
     </span>
    </p>
   </div>
   <div class='ocr_carea' id='block_1_109' title="bbox 2027 4795 3377 4871">
    <p class='ocr_par' dir='ltr' id='par_1_109' title="bbox 2027 4795 3377 4871">
     <span class='ocr_line' id='line_1_112' title="bbox 2027 4795 3377 4871; baseline -0.004 -18"><span class='ocrx_word' id='word_1_869' title='bbox 2027 4795 2249 4868; x_wconf 67' lang='lat' dir='ltr'><strong>Regius;</strong></span> <span class='ocrx_word' id='word_1_870' title='bbox 2282 4803 2376 4871; x_wconf 74' lang='grc' dir='ltr'><strong>καὶ</strong></span> <span class='ocrx_word' id='word_1_871' title='bbox 2399 4795 2605 4871; x_wconf 64' lang='grc' dir='ltr'>ῥέπειν,</span> <span class='ocrx_word' id='word_1_872' title='bbox 2639 4799 2776 4871; x_wconf 83' lang='lat' dir='ltr'><strong>Editi</strong></span> <span class='ocrx_word' id='word_1_873' title='bbox 2805 4808 2858 4871; x_wconf 86' lang='lat' dir='ltr'><strong>et</strong></span> <span class='ocrx_word' id='word_1_874' title='bbox 2883 4797 2995 4871; x_wconf 86' lang='lat' dir='ltr'><strong>ali_i,</strong></span> <span class='ocrx_word' id='word_1_875' title='bbox 3023 4796 3116 4871; x_wconf 75' lang='grc' dir='ltr'>καὶ</span> <span class='ocrx_word' id='word_1_876' title='bbox 3139 4795 3377 4868; x_wconf 76' lang='grc' dir='ltr'>τρέπειν.</span> 
     </span>
    </p>
   </div>
   <div class='ocr_carea' id='block_1_110' title="bbox 2099 4863 3605 4942">
    <p class='ocr_par' dir='ltr' id='par_1_110' title="bbox 2099 4863 3605 4942">
     <span class='ocr_line' id='line_1_113' title="bbox 2099 4863 3605 4942; baseline -0.001 -20"><span class='ocrx_word' id='word_1_877' title='bbox 2099 4863 2209 4942; x_wconf 76' lang='lat' dir='ltr'><strong>(8t)</strong></span> <span class='ocrx_word' id='word_1_878' title='bbox 2238 4863 2242 4865; x_wconf 60' lang='grc'><em>’</em></span> <span class='ocrx_word' id='word_1_879' title='bbox 2273 4863 2498 4942; x_wconf 77' lang='lat' dir='ltr'><strong>Seguer.</strong></span> <span class='ocrx_word' id='word_1_880' title='bbox 2542 4870 2876 4942; x_wconf 22' lang='grc' dir='ltr'>τάήοῐηίιιὶι.</span> <span class='ocrx_word' id='word_1_881' title='bbox 2924 4866 3102 4942; x_wconf 62' lang='lat' dir='ltr'><strong>Paulo</strong></span> <span class='ocrx_word' id='word_1_882' title='bbox 3150 4863 3272 4942; x_wconf 81' lang='lat' dir='ltr'><strong>post</strong></span> <span class='ocrx_word' id='word_1_883' title='bbox 3328 4863 3422 4919; x_wconf 87' lang='grc' dir='ltr'><strong>καί</strong></span> <span class='ocrx_word' id='word_1_884' title='bbox 3468 4872 3605 4920; x_wconf 82' lang='lat' dir='ltr'><strong>ante</strong></span> 
     </span>
    </p>
   </div>
   <div class='ocr_carea' id='block_1_111' title="bbox 2027 4936 3249 5004">
    <p class='ocr_par' dir='ltr' id='par_1_111' title="bbox 2027 4936 3249 5004">
     <span class='ocr_line' id='line_1_114' title="bbox 2027 4936 3249 5004; baseline 0 -11"><span class='ocrx_word' id='word_1_885' title='bbox 2027 4936 2313 5004; x_wconf 79' lang='grc' dir='ltr'>ἀκούοντες</span> <span class='ocrx_word' id='word_1_886' title='bbox 2336 4936 2488 4995; x_wconf 84' lang='lat' dir='ltr'><strong>deest</strong></span> <span class='ocrx_word' id='word_1_887' title='bbox 2517 4942 2569 4994; x_wconf 92' lang='lat' dir='ltr'><strong>in</strong></span> <span class='ocrx_word' id='word_1_888' title='bbox 2598 4940 2814 4994; x_wconf 87' lang='lat' dir='ltr'><strong>Gobler.</strong></span> <span class='ocrx_word' id='word_1_889' title='bbox 2846 4945 2896 4991; x_wconf 88' lang='lat' dir='ltr'><strong>et</strong></span> <span class='ocrx_word' id='word_1_890' title='bbox 2924 4936 3160 4994; x_wconf 83' lang='lat' dir='ltr'><strong>Felckm.</strong></span> <span class='ocrx_word' id='word_1_891' title='bbox 3198 4936 3249 4993; x_wconf 77' lang='lat' dir='ltr'><strong>l.</strong></span> 
     </span>
    </p>
   </div>
   <div class='ocr_carea' id='block_1_112' title="bbox 2103 5004 3598 5086">
    <p class='ocr_par' dir='ltr' id='par_1_112' title="bbox 2103 5004 3598 5086">
     <span class='ocr_line' id='line_1_115' title="bbox 2103 5004 3598 5086; baseline -0.004 -22"><span class='ocrx_word' id='word_1_892' title='bbox 2103 5011 2212 5086; x_wconf 61' lang='lat'><strong>(_8“2_)</strong></span> <span class='ocrx_word' id='word_1_893' title='bbox 2232 5011 2505 5086; x_wconf 77' lang='lat' dir='ltr'><strong>_Segu_er.,</strong></span> <span class='ocrx_word' id='word_1_894' title='bbox 2522 5008 2974 5086; x_wconf 71' lang='lat' dir='ltr'><strong>_p.6vov__citxodmv.</strong></span> <span class='ocrx_word' id='word_1_895' title='bbox 3009 5007 3173 5062; x_wconf 85' lang='lat' dir='ltr'><strong>Basil.</strong></span> <span class='ocrx_word' id='word_1_896' title='bbox 3201 5006 3413 5086; x_wconf 36' lang='lat' dir='ltr'><strong>nuglic.</strong></span> <span class='ocrx_word' id='word_1_897' title='bbox 3431 5075 3442 5086; x_wconf 77' lang='lat'>_</span> <span class='ocrx_word' id='word_1_898' title='bbox 3457 5004 3598 5086; x_wconf 69' lang='lat' dir='ltr'><strong>Reg.</strong></span> 
     </span>
    </p>
   </div>
   <div class='ocr_carea' id='block_1_113' title="bbox 2025 5078 3602 5150">
    <p class='ocr_par' dir='ltr' id='par_1_113' title="bbox 2025 5078 3602 5150">
     <span class='ocr_line' id='line_1_116' title="bbox 2025 5078 3602 5150; baseline -0.004 -16"><span class='ocrx_word' id='word_1_899' title='bbox 2025 5090 2080 5134; x_wconf 89' lang='lat' dir='ltr'><strong>et</strong></span> <span class='ocrx_word' id='word_1_900' title='bbox 2106 5078 2352 5135; x_wconf 27' lang='lat' dir='ltr'><strong>Fel‘ckm.</strong></span> <span class='ocrx_word' id='word_1_901' title='bbox 2374 5081 2427 5143; x_wconf 87' lang='lat'><strong>5,</strong></span> <span class='ocrx_word' id='word_1_902' title='bbox 2467 5078 2663 5150; x_wconf 84' lang='grc' dir='ltr'>μόνων,</span> <span class='ocrx_word' id='word_1_903' title='bbox 2697 5081 2965 5150; x_wconf 84' lang='lat' dir='ltr'><strong>iidemque</strong></span> <span class='ocrx_word' id='word_1_904' title='bbox 2993 5093 3116 5132; x_wconf 90' lang='lat' dir='ltr'><strong>cum</strong></span> <span class='ocrx_word' id='word_1_905' title='bbox 3149 5078 3308 5131; x_wconf 85' lang='lat' dir='ltr'><strong>editis</strong></span> <span class='ocrx_word' id='word_1_906' title='bbox 3337 5078 3602 5130; x_wconf 65' lang='lat' dir='ltr'><strong>omittunt</strong></span> 
     </span>
    </p>
   </div>
   <div class='ocr_carea' id='block_1_114' title="bbox 2025 5149 3507 5224">
    <p class='ocr_par' dir='ltr' id='par_1_114' title="bbox 2025 5149 3507 5224">
     <span class='ocr_line' id='line_1_117' title="bbox 2025 5149 3507 5224; baseline -0.003 -20"><span class='ocrx_word' id='word_1_907' title='bbox 2025 5149 2676 5224; x_wconf 36' lang='grc' dir='ltr'><strong>άκούωνέειεειιθι·ζ</strong></span> <span class='ocrx_word' id='word_1_908' title='bbox 2713 5149 2954 5224; x_wconf 66' lang='grc' dir='ltr'>δύναται.</span> <span class='ocrx_word' id='word_1_909' title='bbox 3065 5217 3078 5224; x_wconf 88' lang='lat'>_</span> <span class='ocrx_word' id='word_1_910' title='bbox 3139 5216 3151 5224; x_wconf 40' lang='lat'><em>.</em></span> <span class='ocrx_word' id='word_1_911' title='bbox 3228 5218 3249 5224; x_wconf 80' lang='lat'><strong><em>_</em></strong></span> <span class='ocrx_word' id='word_1_912' title='bbox 3351 5214 3367 5224; x_wconf 76' lang='lat'><strong><em>_</em></strong></span> <span class='ocrx_word' id='word_1_913' title='bbox 3419 5213 3434 5224; x_wconf 80' lang='lat'><strong><em>_</em></strong></span> <span class='ocrx_word' id='word_1_914' title='bbox 3483 5213 3507 5224; x_wconf 51' lang='lat'><strong>-</strong></span> 
     </span>
    </p>
   </div>
   <div class='ocr_carea' id='block_1_115' title="bbox 2101 5213 3600 5292">
    <p class='ocr_par' dir='ltr' id='par_1_115' title="bbox 2101 5213 3600 5292">
     <span class='ocr_line' id='line_1_118' title="bbox 2101 5213 3600 5292; baseline -0.005 -18"><span class='ocrx_word' id='word_1_915' title='bbox 2101 5220 2212 5292; x_wconf 82' lang='grc'>(85)</span> <span class='ocrx_word' id='word_1_916' title='bbox 2237 5213 2700 5292; x_wconf 53' lang='lat' dir='ltr'><strong>Segierﬁobler.</strong></span> <span class='ocrx_word' id='word_1_917' title='bbox 2724 5229 2777 5272; x_wconf 91' lang='lat' dir='ltr'><strong>et</strong></span> <span class='ocrx_word' id='word_1_918' title='bbox 2802 5217 3036 5292; x_wconf 69' lang='lat' dir='ltr'><strong>Felcktn.</strong></span> <span class='ocrx_word' id='word_1_919' title='bbox 3057 5217 3108 5292; x_wconf 55' lang='grc' dir='ltr'><strong>ί,</strong></span> <span class='ocrx_word' id='word_1_920' title='bbox 3135 5213 3510 5292; x_wconf 37' lang='grc' dir='ltr'>ἐκεῖνοικλαλού</span> <span class='ocrx_word' id='word_1_921' title='bbox 3520 5232 3600 5276; x_wconf 83' lang='grc' dir='ltr'><strong>σι,</strong></span> 
     </span>
    </p>
   </div>
   <div class='ocr_carea' id='block_1_116' title="bbox 2026 5285 3606 5358">
    <p class='ocr_par' dir='ltr' id='par_1_116' title="bbox 2026 5285 3606 5358">
     <span class='ocr_line' id='line_1_119' title="bbox 2026 5285 3606 5358; baseline -0.003 -12"><span class='ocrx_word' id='word_1_922' title='bbox 2026 5293 2121 5346; x_wconf 74' lang='grc' dir='ltr'>καὶ</span> <span class='ocrx_word' id='word_1_923' title='bbox 2152 5285 2542 5354; x_wconf 66' lang='grc' dir='ltr'>αὗτὺξκενῶν.</span> <span class='ocrx_word' id='word_1_924' title='bbox 2590 5288 2813 5358; x_wconf 81' lang='lat' dir='ltr'><strong>Seguer.</strong></span> <span class='ocrx_word' id='word_1_925' title='bbox 2867 5287 2998 5358; x_wconf 83' lang='lat' dir='ltr'><strong>ibid.</strong></span> <span class='ocrx_word' id='word_1_926' title='bbox 3044 5285 3510 5358; x_wconf 30' lang='lat' dir='ltr'><strong>dzoumvacmteri</strong></span> <span class='ocrx_word' id='word_1_927' title='bbox 3547 5298 3606 5341; x_wconf 90' lang='lat' dir='ltr'><strong>et</strong></span> 
     </span>
    </p>
   </div>
   <div class='ocr_carea' id='block_1_117' title="bbox 2023 5354 3488 5426">
    <p class='ocr_par' dir='ltr' id='par_1_117' title="bbox 2023 5354 3488 5426">
     <span class='ocr_line' id='line_1_120' title="bbox 2023 5354 3488 5426; baseline -0.006 -9"><span class='ocrx_word' id='word_1_928' title='bbox 2023 5361 2173 5426; x_wconf 87' lang='lat' dir='ltr'><strong>editi,</strong></span> <span class='ocrx_word' id='word_1_929' title='bbox 2197 5361 2392 5421; x_wconf 75' lang='grc' dir='ltr'>ἐκεῖνοί</span> <span class='ocrx_word' id='word_1_930' title='bbox 2416 5378 2475 5413; x_wconf 87' lang='grc' dir='ltr'><strong>τε</strong></span> <span class='ocrx_word' id='word_1_931' title='bbox 2504 5354 2723 5412; x_wconf 72' lang='grc' dir='ltr'>λαλοῦσι</span> <span class='ocrx_word' id='word_1_932' title='bbox 2746 5359 2841 5412; x_wconf 75' lang='grc' dir='ltr'>καὶ</span> <span class='ocrx_word' id='word_1_933' title='bbox 2872 5355 3032 5420; x_wconf 81' lang='grc' dir='ltr'>αὐτὸς</span> <span class='ocrx_word' id='word_1_934' title='bbox 3057 5355 3254 5410; x_wconf 84' lang='grc' dir='ltr'>καινῶν</span> <span class='ocrx_word' id='word_1_935' title='bbox 3274 5354 3488 5426; x_wconf 68' lang='grc' dir='ltr'>ἀκούει.</span> 
     </span>
    </p>
   </div>
   <div class='ocr_carea' id='block_1_118' title="bbox 2102 5424 3601 5503">
    <p class='ocr_par' dir='ltr' id='par_1_118' title="bbox 2102 5424 3601 5503">
     <span class='ocr_line' id='line_1_121' title="bbox 2102 5424 3601 5503; baseline -0.005 -17"><span class='ocrx_word' id='word_1_936' title='bbox 2102 5424 2213 5503; x_wconf 65' lang='grc'>(84)</span> <span class='ocrx_word' id='word_1_937' title='bbox 2242 5433 2330 5490; x_wconf 88' lang='lat' dir='ltr'><strong>Sic</strong></span> <span class='ocrx_word' id='word_1_938' title='bbox 2355 5433 2578 5503; x_wconf 81' lang='lat' dir='ltr'><strong>Seguer.</strong></span> <span class='ocrx_word' id='word_1_939' title='bbox 2608 5428 2922 5499; x_wconf 79' lang='lat' dir='ltr'><strong>Reg.Bastl.</strong></span> <span class='ocrx_word' id='word_1_940' title='bbox 2953 5427 3162 5496; x_wconf 81' lang='lat' dir='ltr'><strong>Anglic.</strong></span> <span class='ocrx_word' id='word_1_941' title='bbox 3192 5434 3245 5481; x_wconf 89' lang='lat' dir='ltr'><strong>et</strong></span> <span class='ocrx_word' id='word_1_942' title='bbox 3272 5425 3511 5480; x_wconf 82' lang='lat' dir='ltr'><strong>Felcknt.</strong></span> <span class='ocrx_word' id='word_1_943' title='bbox 3540 5424 3601 5480; x_wconf 81' lang='lat'><strong>5.</strong></span> 
     </span>
    </p>
   </div>
   <div class='ocr_carea' id='block_1_119' title="bbox 2024 5502 3568 5580">
    <p class='ocr_par' dir='ltr' id='par_1_119' title="bbox 2024 5502 3568 5580">
     <span class='ocr_line' id='line_1_122' title="bbox 2024 5502 3568 5580; baseline -0.001 -26"><span class='ocrx_word' id='word_1_944' title='bbox 2024 5502 2302 5580; x_wconf 25' lang='lat' dir='ltr'><strong>At_’a_l_i_i_et</strong></span> <span class='ocrx_word' id='word_1_945' title='bbox 2333 5502 2486 5564; x_wconf 88' lang='lat' dir='ltr'><strong>editi,</strong></span> <span class='ocrx_word' id='word_1_946' title='bbox 2520 5503 2701 5580; x_wconf 51' lang='grc' dir='ltr'>ποῖον.</span> <span class='ocrx_word' id='word_1_947' title='bbox 2808 5578 2815 5580; x_wconf 78' lang='lat'>_</span> <span class='ocrx_word' id='word_1_948' title='bbox 2873 5567 2960 5580; x_wconf 47' lang='grc' dir='ltr'>κ.</span> <span class='ocrx_word' id='word_1_949' title='bbox 3057 5569 3071 5580; x_wconf 85' lang='lat'><strong>_</strong></span> <span class='ocrx_word' id='word_1_950' title='bbox 3203 5566 3216 5580; x_wconf 26' lang='grc' dir='ltr'>ἴ</span> <span class='ocrx_word' id='word_1_951' title='bbox 3288 5564 3299 5576; x_wconf 31' lang='grc'>⁸</span> <span class='ocrx_word' id='word_1_952' title='bbox 3341 5564 3353 5580; x_wconf 30' lang='grc' dir='ltr'><strong>ε</strong></span> <span class='ocrx_word' id='word_1_953' title='bbox 3432 5563 3445 5580; x_wconf 37' lang='grc' dir='ltr'><strong>ρ</strong></span> <span class='ocrx_word' id='word_1_954' title='bbox 3542 5563 3568 5580; x_wconf 10' lang='grc' dir='ltr'>γ’</span> 
     </span>
    </p>
   </div>
   <div class='ocr_carea' id='block_1_120' title="bbox 2094 5564 3601 5644">
    <p class='ocr_par' dir='ltr' id='par_1_120' title="bbox 2094 5564 3601 5644">
     <span class='ocr_line' id='line_1_123' title="bbox 2094 5564 3601 5644; baseline -0.006 -18"><span class='ocrx_word' id='word_1_955' title='bbox 2094 5573 2209 5642; x_wconf 77' lang='grc'>(85)</span> <span class='ocrx_word' id='word_1_956' title='bbox 2239 5573 2461 5644; x_wconf 74' lang='lat' dir='ltr'><strong>Seguer.</strong></span> <span class='ocrx_word' id='word_1_957' title='bbox 2515 5569 2736 5625; x_wconf 86' lang='lat' dir='ltr'><strong>Gobler.</strong></span> <span class='ocrx_word' id='word_1_958' title='bbox 2768 5578 2824 5624; x_wconf 91' lang='lat' dir='ltr'><strong>et</strong></span> <span class='ocrx_word' id='word_1_959' title='bbox 2873 5567 3016 5624; x_wconf 86' lang='lat' dir='ltr'><strong>Fclc.</strong></span> <span class='ocrx_word' id='word_1_960' title='bbox 3055 5569 3102 5632; x_wconf 86' lang='grc' dir='ltr'>Ι,</span> <span class='ocrx_word' id='word_1_961' title='bbox 3134 5566 3227 5625; x_wconf 73' lang='grc' dir='ltr'>καὶ</span> <span class='ocrx_word' id='word_1_962' title='bbox 3276 5564 3363 5617; x_wconf 78' lang='grc' dir='ltr'><strong>ἀεὶ</strong></span> <span class='ocrx_word' id='word_1_963' title='bbox 3417 5564 3601 5617; x_wconf 70' lang='lat' dir='ltr'><strong>dicati-</strong></span> 
     </span>
    </p>
   </div>
   <div class='ocr_carea' id='block_1_121' title="bbox 2022 5660 2145 5706">
    <p class='ocr_par' dir='ltr' id='par_1_121' title="bbox 2022 5660 2145 5706">
     <span class='ocr_line' id='line_1_124' title="bbox 2022 5660 2145 5706; baseline 0.016 -10"><span class='ocrx_word' id='word_1_964' title='bbox 2022 5660 2145 5706; x_wconf 84' lang='grc' dir='ltr'>τως.</span> 
     </span>
    </p>
   </div>
  </div>
