3850 6218
218 258 293 315 ss
1308 251 1567 308 onmo
1608 246 1628 303 1
1666 226 1955 304 somni
1984 246 2303 304 ABIANOS.
3395 239 3465 301 se

218 372 279 424 δὲ
321 368 448 432 Υίδς
476 368 527 422 εἰ
561 369 681 422 κατ’
712 369 950 430 ὲκεινους
982 364 1237 437 τρεπτδς,
1270 365 1366 419 καὶ
1402 366 1503 419 οὐκ
1525 360 1612 418 ἀεὶ
1641 363 1671 415 6
1704 362 1801 415 αὐ-

1932 370 1964 416 ιι
2007 363 2269 430 sentiunt,
2303 368 2383 418 est
2422 360 2734 429 mutabilis,
2776 375 2877 417 nec
2916 373 3128 431 semper
3159 357 3334 425 idem,
3368 358 3465 415 sed

219 463 336 527 τὸς,
368 461 484 517 ἀλλ’
519 460 609 515 ἀεὶ
637 458 1020 529 ἀλλοιουμένης
1047 456 1259 528 φύσεώς
1292 460 1428 521 ἐστι,
1473 455 1590 520 πῶς
1621 459 1650 510 6
1691 473 1800 509 τοι-

216 553 381 617 οῦτος
410 550 577 607 είκὼν
601 550 696 605 τοῦ
732 550 940 622 Πατρὸς
974 544 1112 604 εἶναι
1144 549 1386 613 δύναται,
1443 550 1544 603 οὐκ
1572 548 1710 619 ἔχων
1739 548 1802 601 τὸ

218 647 411 716 ὅμοιον
438 645 538 715 τῆς
569 642 861 715 ἀτρεψίας;
908 642 1031 707 Πῶς
1062 642 1120 697 δὲ
1149 642 1244 695 καὶ
1273 641 1410 705 ὅλως
1445 644 1501 694 ὲν
1528 641 1607 713 τῷ
1631 640 1803 712 Πατρί

221 741 396 801 ἐστιν,
429 736 727 807 ἀμφίϐολον
749 736 886 807 ἔχων
927 736 1024 807 τὴν
1052 735 1369 806 προαίρεσιν
1395 732 1502 801 (86)
1529 749 1543 799 ;
1576 733 1727 803 Τάχα
1748 731 1804 785 δὲ

222 830 324 882 καὶ
348 830 580 903 τρεπτδς
606 829 703 891 ὢν,
737 829 830 882 καὶ
882 827 1004 883 καθ’
1030 826 1243 899 ἡμέραν
1285 826 1624 895 προκόπτων,
1654 822 1806 877 οὔπω
1839 821 1843 826 ’

223 920 435 985 τέλειός
461 922 628 975 ἐστιν.
684 919 821 973 Ἀλλ’
865 921 898 991 ἡ
935 920 1033 991 μὲν
1087 919 1311 991 τοιαύτη
1362 917 1469 972 τῶν
1514 916 1805 988 Ἀρειανῶν

228 1012 465 1084 οἰχέσθω
497 1012 683 1083 μανία,
713 1013 747 1083 ή
778 1011 833 1065 δὲ
857 1011 1085 1083 ἀλήθεια
1108 1011 1393 1083 λαμπέτω,
1430 1010 1521 1063 καὶ
1546 1007 1807 1061 δεικνύτω

228 1105 455 1167 ⁶τούτους
504 1103 1004 1176 παραφρονοῦντας.
1062 1103 1187 1169 Πῶς
1231 1102 1341 1176 γὰρ
1384 1103 1445 1156 οὐ
1505 1101 1728 1164 τέλειος,
1780 1102 1808 1153 6

226 1200 346 1262 ἴσος
369 1196 490 1268 Θεῷ
509 1197 622 1269 (87)
648 1214 664 1262 ;
690 1197 762 1250 Ἦ
789 1195 905 1263 πῶς
934 1198 1034 1251 οὐκ
1060 1197 1346 1269 ἄτρεπτος,
1374 1199 1401 1250 6
1431 1196 1566 1267 μετὰ
1589 1176 1682 1249 τοῦ
1698 1196 1809 1248 Πα-

225 1292 357 1361 τρὸς
383 1289 443 1343 ἒν
466 1288 562 1354 ὢν,
585 1289 680 1343 καὶ
711 1290 809 1362 τῆς
834 1290 1023 1353 οὐσίας
1052 1289 1180 1352 ἴδιος
1205 1287 1279 1342 ὣν
1311 1287 1439 1353 Υἱὸς
1464 1284 1629 1340 αὐτοῦ
1651 1302 1665 1351 ;
1698 1286 1809 1357 Τῆς

228 1381 287 1434 δὲ
314 1381 504 1444 οὐσίας
534 1379 629 1433 τοῦ
663 1381 875 1452 [ἰατρὸς
903 1379 1067 1452 οὔσης
1090 1380 1382 1452 ἀτρέπτου,
1422 1377 1689 1449 ἄτρεπτον
1743 1375 1809 1431 ἂν

231 1471 319 1540 είη
353 1471 448 1524 καὶ
472 1470 534 1524 τὸ
556 1470 615 1537 ὲξ
631 1471 801 1541 αύτῆς
823 1471 955 1525 ἴδιον
976 1471 1239 1542 γέννημα.
1259 1471 1321 1523 Εἰ
1341 1468 1398 1523 δὲ
1428 1467 1617 1523 τούτου
1642 1466 1811 1531 οὕτως

230 1562 388 1625 δντος
413 1562 547 1634 (88),
590 1562 684 1615 τοῦ
730 1563 903 1632 Λόγου
950 1564 1155 1634 τροπὴν
1195 1560 1641 1631 καταψεύδονται,
1675 1576 1810 1630 μαν-

235 1652 547 1708 θανέτωσαν
568 1652 672 1707 ποῦ
697 1653 903 1708 τούτων
928 1657 955 1708 6
972 1654 1127 1723 λόγος
1149 1653 1463 1708 κινδυνεύει·
1493 1654 1557 1706 ὲκ
1579 1652 1688 1722 γὰρ
1716 1649 1808 1704 τοῦ

234 1744 451 1815 καρποῦ
484 1747 577 1800 καὶ
608 1746 669 1799 τὸ
712 1746 925 1818 δένδρον
949 1745 1383 1815 ἐπιγινώσκεται·
1420 1746 1508 1800 διὰ
1530 1744 1689 1798 τοῦτο
1716 1745 1810 1798 καὶ

232 1837 264 1888 6
288 1836 400 1909 (89)
424 1836 684 1909 ἑωρακὼς
722 1839 814 1891 τὸν
843 1837 968 1890 Υίὸν
1016 1837 1225 1908 ἑώρακε
1260 1836 1352 1889 τὸν
1386 1836 1624 1907 Πατέρα,
1655 1835 1749 1888 καὶ
1777 1836 1811 1906 ἡ

234 1929 333 1985 τοῦ
361 1929 493 1983 Υίοῦ
525 1928 728 1999 γνῶσις
745 1929 942 1999 γνῶσίς
965 1930 1081 1982 ἐστι
1109 1928 1202 1982 τοῦ
1230 1929 1461 2001 Πατρός.

314 2109 401 2168 36.
431 2109 637 2164 Οὐκοῦν
666 2110 1020 2174 ἀναλλοίωτος
1049 2110 1082 2179 ἡ
1101 2108 1262 2163 εἰκὼν
1283 2105 1376 2161 τοῦ
1398 2106 1663 2177 ἀτρέπτου
1680 2105 1813 2158 Θεοῦ

239 2205 310 2261 ἂν
341 2206 450 2276 εἴη·
490 2203 720 2273 Ἰησοῦς
757 2201 863 2275 γὰρ
890 2199 1162 2271 Χριστὸς,
1187 2198 1326 2269 χθὲς
1375 2198 1473 2252 καί
1493 2197 1763 2266 σήμερον
1783 2199 1816 2249 ό

236 2297 426 2363 αὐτὸς
452 2296 549 2350 καί
577 2299 664 2363 εὶς
682 2295 824 2361 τοὺς
853 2292 1087 2359 αἰῶνας.
1136 2291 1245 2346 Καὶ
1276 2293 1304 2344 6
1348 2291 1445 2362 μὲν
1488 2288 1650 2342 Δαυῒδ
1675 2288 1811 2358 ψάλ-

237 2389 350 2443 λων
379 2388 496 2459 (90)
524 2388 651 2459 περὶ
673 2385 836 2441 αὐτοῦ
872 2402 1024 2457 φησι’
1060 2383 1172 2440 Καί
1208 2383 1290 2437 σὺ
1318 2382 1445 2436 κατ’
1475 2380 1687 2451 ἀρχὰς,
1706 2381 1818 2435 Κύ-

231 2497 352 2549 ριε,
383 2478 499 2549 τὴν
525 2478 642 2550 γῆν
658 2477 1074 2547 ἐθεμελίωσας,
1126 2475 1224 2530 καὶ
1266 2475 1409 2544 ἔργα
1448 2472 1569 2527 τῶν
1607 2469 1821 2543 χειρῶν

241 2572 361 2627 σού
382 2573 541 2625 εἰσιν
576 2574 631 2624 οἱ
653 2568 916 2638 οὐρανοί.
963 2567 1144 2624 Αὐτοὶ
1192 2565 1576 2622 ἀπολοῦνται*
1619 2565 1699 2619 σὺ
1751 2564 1820 2618 δὲ

241 2662 564 2732 διαμένεις,
591 2660 690 2715 καὶ
720 2659 942 2727 πάντες
986 2660 1069 2725 ὡς
1106 2658 1335 2728 ἱμάτιον
1370 2655 1821 2722 παλαιωθήσον-

246 2772 367 2819 ται,
397 2754 496 2807 καὶ
534 2754 676 2807 ὡσεὶ
717 2754 1096 2821 περιϐόλαιον
1157 2748 1378 2815 ἑλίξεις
1432 2746 1673 2813 αὐτοὺς,
1720 2745 1822 2800 καί

246 2845 702 2917 ἀλλαγήσονται
734 2845 865 2916 (91).
905 2843 988 2898 Σὺ
1016 2841 1085 2897 δὲ
1124 2844 1157 2897 d
1183 2839 1365 2907 αὐτὸς
1397 2837 1471 2908 εἴ,
1496 2839 1594 2894 καί
1617 2838 1690 2892 τὰ
1715 2837 1820 2905 ἔτη

245 2956 368 2995 σου
412 2942 522 2995 οὐκ
573 2940 985 3007 ἐκλείψουσιν.
1053 2935 1111 2986 ’0
1143 2933 1200 2986 δὲ
1252 2931 1457 3005 Κύριος
1496 2932 1657 2995 αὐτὸς
1694 2929 1822 3000 περ)¹

1901 456 2023 527 ejus
2042 463 2250 510 naturae
2278 468 2399 523 quae
2435 468 2649 523 semper
2693 459 2969 508 mutetur:
3008 451 3103 522 qui
3142 451 3257 506 lieni
3291 458 3468 521 potest

1902 559 1964 603 ut
1985 547 2076 603 ille
2104 549 2175 603 sit
2204 546 2382 617 imago
2407 545 2606 611 Patris,
2637 546 2729 616 qui
2754 545 2987 600 similem
3012 558 3118 597 non
3150 541 3468 598 habeatim-

1904 637 2487 694 mutabilitatemﬂmo
2519 637 2796 706 quomodo
2829 636 2884 690 in
2910 633 3068 690 Patre
3091 650 3212 691 esse
3243 634 3470 690 omnino

1902 733 2097 802 possit,
2125 730 2219 800 qui
2247 730 2500 800 ambigua
2530 737 2614 784 est
2654 728 2969 784 voluntate?
2994 726 3158 783 Forte
3180 741 3311 782 vero
3340 741 3466 781 cum

1904 817 1977 874 sit
1998 816 2297 881 mutabilis,
2332 824 2389 871 et
2419 815 2646 885 singulis
2674 815 2867 870 diebus
2896 814 3165 885 proficiat,
3194 811 3470 883 perfectus

1905 904 2147 959 nondum
2176 913 2279 960 est.
2317 902 2420 959 Sed
2442 904 2619 958 valeat
2646 913 2756 958 tam
2786 903 3014 959 insanus
3034 903 3360 957 Arianorum
3382 916 3472 955 er-

1906 1009 2023 1060 ror,
2061 992 2373 1064 fulgeatqne
2395 993 2619 1059 veritas,
2653 1008 2775 1062 quae
2802 1001 2857 1047 et
2897 1007 2993 1047 eos
3016 992 3261 1062 desipere
3288 990 3468 1061 palam

1906 1088 2177 1143 ostendat.
2217 1085 2319 1152 Qui
2353 1085 2498 1140 enim
2521 1085 2636 1139 ﬁeri
2662 1093 2841 1155 potest
2858 1091 2920 1139 ut
2954 1084 3043 1139 ille
3067 1082 3339 1154 perfectus
3363 1096 3469 1136 non

1907 1180 2000 1248 sit,
2027 1179 2122 1250 qui
2146 1178 2371 1249 aequalis
2401 1176 2509 1232 Deo
2538 1176 2661 1231 est?
2690 1175 2796 1231 Aut
2820 1175 3094 1247 quomodo
3116 1172 3469 1228 immutabilis

1908 1288 2017 1328 non
2044 1281 2150 1338 est,
2190 1272 2284 1341 qui
2307 1286 2476 1325 unum
2507 1283 2631 1324 cum
2663 1267 2825 1323 Patre
2868 1275 2972 1332 est,
2996 1266 3226 1337 ejusque
3262 1274 3472 1319 natura:

1908 1365 2161 1437 proprius
2183 1374 2268 1419 est
2292 1363 2465 1418 Filius
2480 1364 2504 1417 ?
2517 1363 2655 1420 Cum
2675 1362 2839 1432 igitur
2855 1360 3030 1415 Patris
3046 1369 3240 1414 natura
3264 1358 3336 1414 sit
3367 1357 3474 1411 im-

1909 1457 2211 1525 mutabilis,
2236 1473 2345 1513 uon
2371 1455 2595 1512 dubium
2618 1465 2701 1511 est
2717 1455 2848 1525 quin
2879 1451 3236 1508 immutabilis
3252 1465 3475 1521 quoque

1911 1547 1983 1602 sit
2017 1546 2269 1616 proprius
2316 1545 2409 1615 qui
2438 1560 2503 1600 ex
2536 1559 2600 1599 ca
2624 1543 2866 1598 exoritur
2913 1540 3069 1597 l‘etus.
3089 1540 3220 1607 Quae
3249 1554 3374 1594 cum
3399 1539 3477 1594 ita

1914 1638 2044 1703 sint,
2065 1639 2111 1695 si
2132 1636 2375 1693 Verbum
2399 1636 2661 1691 mutabile
2681 1649 2803 1689 esse
2830 1641 3057 1703 pergant
3078 1632 3216 1687 l‘also
3249 1642 3475 1687 conten-

1912 1734 2062 1798 dere,
2089 1729 2311 1784 rideant
2343 1735 2609 1799 quantum
2638 1725 2782 1781 sitin
2812 1724 3080 1796 ejusmodi
3102 1728 3353 1780 sermone
3382 1738 3478 1793 pe-

1913 1825 2170 1880 riculum.
2194 1819 2442 1891 Namque
2465 1834 2530 1875 ex
2550 1817 2728 1874 fructu
2752 1819 2916 1873 arbor
2930 1815 3278 1887 cognoscitur
3308 1833 3321 1868 :
3349 1814 3478 1868 hinc

1913 1916 2008 1986 qui
2050 1913 2185 1968 vidit
2240 1911 2438 1966 Filium
2460 1951 2476 1976 ,
2520 1910 2655 1964 vidit
2684 1908 2900 1964 Patrem
2934 1907 3003 1974 ⁸³,
3038 1915 3092 1962 et
3123 1904 3244 1960 Filii
3289 1903 3477 1977 cogni-

1917 2008 2013 2070 tio,
2049 2004 2226 2061 Patris
2257 2011 2340 2060 est
2369 2002 2631 2074 cognitio.

1984 2095 2075 2152 56.
2093 2095 2437 2167 Quapropter
2452 2090 2808 2147 immutabilis
2824 2089 2919 2145 Dei
2942 2090 3141 2160 imago,
3163 2086 3479 2143 immutabi-

1915 2191 1983 2246 lis
2008 2203 2225 2258 quoque
2274 2189 2391 2257 ipsa
2450 2185 2522 2241 sit
2571 2197 2797 2239 necesse
2839 2189 2946 2238 est.
2994 2178 3274 2250 Siquidem
3321 2177 3478 2231 Iesus

1917 2282 2182 2346 Christus,
2213 2281 2324 2335 heri
2354 2290 2402 2334 et
2443 2277 2597 2332 hodie
2624 2276 2763 2330 idem
2807 2275 2936 2329 etin
2969 2271 3165 2328 sucula
3202 2270 3269 2324 “.
3302 2268 3378 2324 De
3415 2282 3480 2323 eo

1917 2372 2084 2429 David
2106 2373 2266 2427 etiam
2290 2371 2370 2427 sic
2402 2368 2613 2440 psallit:
2640 2365 2708 2420 Et
2741 2376 2818 2430 tu,
2842 2365 3078 2429 Domine,
3106 2362 3261 2417 initio
3284 2369 3480 2414 terram

1919 2464 2180 2536 fundasti,
2206 2473 2254 2518 et
2287 2478 2447 2531 opera
2484 2475 2737 2514 manuum
2782 2465 2995 2510 tuarum
3036 2462 3158 2508 sunt
3192 2451 3329 2506 cali.
3366 2448 3481 2520 Ipsi

1918 2556 2160 2629 peribunt
2187 2571 2207 2609 :
2238 2565 2294 2609 tu
2326 2564 2502 2608 autem
2529 2567 2801 2622 permanes
2821 2590 2836 2614 ,
2875 2557 2924 2604 et
2953 2563 3128 2601 omnes
3168 2545 3304 2600 sicut
3326 2543 3482 2597 vesti-

1921 2660 2153 2705 mentum
2185 2657 2526 2711 veterascent,
2552 2654 2603 2700 et
2629 2645 2765 2698 sicut
2807 2642 3059 2696 amictum
3092 2637 3259 2692 volves
3298 2651 3408 2700 eos,
3433 2640 3483 2688 et

1921 2739 2286 2794 mutabuntur.
2323 2735 2401 2790 Tu
2431 2744 2607 2789 autem
2637 2734 2773 2789 idem
2809 2747 2884 2797 es,
2913 2737 2963 2784 et
2994 2728 3122 2783 anni
3156 2728 3233 2781 tui
3260 2741 3365 2781 non
3392 2726 3487 2779 de-

1923 2830 2098 2900 ﬁcient
2126 2828 2193 2883 ⁸⁷.
2218 2827 2336 2896 Ipse
2357 2840 2523 2896 porro
2553 2823 2815 2879 Dominus
2839 2822 2907 2876 de
2936 2820 3115 2888 seipso
3142 2832 3238 2888 per
3253 2816 3490 2887 prophe-

1924 2929 2039 2975 tam
2064 2918 2141 2974 ait
2170 2937 2184 2973 :
2231 2918 2407 2973 Videte
2454 2932 2558 2982 me,
2602 2916 2769 2969 videte
2796 2913 2933 2984 quod
2973 2927 3066 2981 ego
3089 2925 3224 2971 sum,
3258 2917 3333 2974 et,
3365 2904 3491 2960 Non

246 3033 446 3089 ἑαυτοῦ
497 3032 584 3085 διὰ
612 3030 707 3084 τοῦ
745 2997 1032 3100 ’προφήτου
1072 3024 1240 3094 λέγει·
1280 2997 1474 3099 Ἵδετέ
1514 3040 1611 3093 με,
1673 2997 1825 3076 ἴδετε

1932 3019 2160 3065 mutatus
2208 3025 2322 3063 sum
2351 3008 2415 3064 ⁸⁸.
2460 3005 2594 3062 Nam
2631 3006 2757 3060 licet
2798 3004 2882 3059 his
2919 3003 3134 3057 Patrem
3194 2997 3489 3069 signiﬁcari

246 3125 343 3181 ὅτι
365 3123 479 3195 ἐγώ
513 3125 649 3194 ειμι,
683 3089 815 3187 κα),
980 3089 1406 3188 ήλλοίωμάιΈί
1439 3089 1546 3186 γὰρ
1575 3114 1670 3169 καὶ
1699 3114 1824 3185 περὶ

1932 3103 2105 3176 possit
2144 3101 2269 3173 quis
2324 3098 2687 3171 respondere;
2739 3097 2925 3152 eadem
2957 3104 3141 3149 tamen
3199 3091 3253 3146 in
3294 3089 3493 3146 Filium

245 3220 346 3278 τοῦ
379 3220 587 3292 Πατρὸς
615 3218 834 3272 δύναται
853 3216 1029 3285 λέγειν
1056 3232 1141 3277 τις
1181 3208 1315 3267 εἶναι
1356 3209 1512 3264 τοῦτο
1537 3209 1596 3262 τὸ
1625 3225 1824 3279 σημαι-

248 3313 477 3385 νόμενον
503 3311 635 3383 (92),
663 3311 798 3365 ἀλλά
830 3309 925 3363 καὶ
980 3307 1071 3361 τὸν
1104 3307 1230 3360 Υίὸν
1286 3302 1510 3376 ἁρμόζει
1548 3300 1706 3355 τοῦτο
1744 3299 1828 3353 λέ-

248 3422 393 3476 γειν,
422 3406 504 3458 δτι
538 3403 770 3475 μάλιστα
795 3400 1084 3472 γενόμενος
1113 3396 1396 3467 ἄνθρωπος
1444 3393 1681 3447 δείκνυσι
1730 3392 1851 3461 τὴν,

249 3497 557 3567 ταύτότητα
605 3495 701 3549 καὶ
748 3494 808 3546 τὸ
848 3492 1115 3563 ἄτρεπτον
1159 3485 1351 3541 ἑαυτοῦ
1386 3487 1498 3549 τοῖς
1551 3483 1829 3554 νομίζουσι

251 3585 346 3640 διὰ
374 3584 474 3656 τὴν
504 3583 682 3655 σάρκα
709 3580 1031 3651 ἠλλοιῶσθαι
1056 3578 1166 3651 (9'5)
1218 3576 1398 3640 αὐτὸν,
1441 3574 1534 3630 καὶ
1562 3573 1746 3644 ἕτερόν
1777 3590 1829 3625 τι

251 3674 604 3748 γεγενῆσθαι.
644 3671 1092 3744 Ἀξιοπιστότεροι
1142 3668 1200 3722 δὲ
1253 3669 1304 3722 οί
1338 3667 1482 3735 ἆγιοι
1512 3666 1606 3719 καὶ
1634 3663 1831 3736 μᾶλλον

250 3773 282 3824 6
308 3767 513 3841 Κύριος
538 3766 637 3837 τῆς
658 3765 766 3818 τῶν
793 3761 1004 3818 ἀσεϐῶν
1037 3759 1342 3823 κακονοίας.
1378 3756 1487 3812 Καὶ
1531 3757 1642 3827 γὰρ
1691 3754 1833 3810 κατὰ

254 3860 318 3915 τὸ
345 3858 636 3930 εἰρημένον
690 3855 1018 3925 ἀνάγνωσμα
1068 3849 1179 3924 (94)
1225 3850 1326 3920 τῆς
1372 3847 1662 3921 ὑμνῳδίας,
1693 3845 1832 3900 πάν-

253 3967 369 4005 των
402 3948 512 4001 τῶν
537 3946 782 4019 γενητῶν
811 3946 907 4000 καὶ
942 3946 1122 4016 πάσης
1155 3944 1256 4015 τῆς
1300 3940 1551 4004 κτίσεως,
1608 3938 1696 3992 διὰ
1734 3939 1834 4010 τῆς

256 4039 491 4113 ούρανοῦ
546 4039 641 4093 καὶ
677 4037 780 4108 γῆς
828 4035 1119 4109 σημασίας,
1139 4032 1377 4106 τρεπτὴν
1399 4030 1494 4085 καὶ
1540 4028 1835 4100 ἀλλοιωτὴν

258 4139 294 4206 ἡ
324 4133 517 4206 Γραφὴ
550 4133 649 4204 τὴν
697 4129 856 4198 φύσιν
906 4127 1158 4198 λέγουσα,
1189 4126 1283 4180 κα)⁵
1326 4123 1416 4178 τὸν
1457 4122 1583 4176 Υἱὸν
1616 4119 1835 4185 ὑπεξαί-

263 4241 439 4297 ρουσα
458 4222 568 4292 (95)
594 4220 817 4285 τούτων,
848 4219 1088 4273 δείκνυσι
1119 4217 1364 4290 μηδόλως
1417 4212 1642 4284 γενητὸν
1675 4210 1835 4264 αὐτὸν

260 4312 424 4383 εἶναι,
451 4313 586 4368 ἀλλὰ
643 4312 735 4366 καὶ¹
801 4310 996 4382 μᾶλλον
1022 4309 1182 4363 αὑτὸν
1238 4304 1549 4361 ἀλλοιοῦντα
1580 4303 1647 4357 τὰ
1678 4300 1832 4364 ἄλλα,

1931 3196 2134 3266 optime
2159 3194 2449 3265 quadrant,
2489 3188 2759 3262 quatenus
2785 3186 2994 3243 scilicet
3020 3185 3185 3240 homo
3224 3183 3401 3239 factus
3433 3196 3495 3238 se

1933 3287 2184 3344 eumdem
2211 3299 2425 3354 semper
2449 3292 2504 3339 et
2540 3279 2934 3336 immutabilem
2963 3291 3085 3333 esse
3129 3276 3198 3331 iis
3234 3271 3493 3339 ostendit,

1932 3381 2026 3451 qui
2054 3379 2232 3449 ipsum
2264 3376 2335 3431 ob
2359 3388 2576 3430 carnem
2611 3379 2878 3427 mutatum
2905 3377 2959 3423 et
2980 3366 3125 3422 aliud
3150 3365 3352 3420 factum
3375 3379 3499 3420 esse

1936 3473 2244 3523 autumant.
2284 3462 2443 3518 Certe
2473 3460 2576 3515 viri
2616 3461 2793 3516 sancti
2817 3467 2871 3513 et
2900 3459 3017 3528 ipse
3051 3455 3314 3511 Dominus
3339 3455 3499 3525 longe

1936 3560 2039 3615 ﬁde
2057 3557 2329 3628 digniores
2352 3562 2480 3610 sunt
2503 3567 2667 3625 quam
2688 3550 2979 3621 impiorum
3006 3544 3497 3618 perversitas.Cum

1937 3649 2082 3705 enim
2116 3646 2394 3716 Scriptura
2433 3645 2487 3699 in
2516 3643 2751 3714 psalmo,
2793 3640 2949 3712 cujus
2988 3638 3152 3692 verba
3190 3635 3503 3700 retulimus,

1937 3757 2120 3798 rerum
2160 3740 2406 3796 omnium
2446 3736 2713 3792 factarum
2749 3741 2803 3788 et
2843 3739 3172 3794 creatarum,
3211 3742 3332 3797 qua:
3375 3721 3505 3781 cmi!

1938 3845 1993 3892 et
2020 3842 2176 3888 terrae
2205 3831 2425 3887 nomine
2448 3824 3000 3896 comprehenduntur,
3032 3818 3347 3875 mutabilem
3380 3832 3506 3871 esse

1940 3924 2168 3980 afﬁrmet
2198 3932 2470 3988 naturam,
2492 3918 2802 3988 Filiumque
2820 3930 2886 3973 ex
2907 3914 3014 3969 illis
3035 3913 3256 3975 eximat,
3281 3910 3506 3980 apertis-

1941 4018 2077 4073 sime
2103 4012 2344 4071 declarat
2371 4025 2496 4067 eum
2522 4009 2672 4065 nullo
2708 4007 2867 4063 modo
2894 4006 3094 4060 factum
3119 4017 3261 4066 esse,
3288 4001 3382 4057 sed
3416 4015 3508 4070 po-

1942 4110 2054 4164 tius
2079 4106 2263 4164 omnia
2291 4104 2360 4159 ab
2392 4103 2485 4158 illo
2531 4099 2829 4166 immutari,
2871 4097 3050 4168 ipsum
3082 4109 3210 4149 vero
3247 4107 3355 4147 non
3384 4106 3509 4145 mu-

1942 4201 2046 4254 tari
2078 4199 2238 4254 docet
2266 4197 2416 4251 hisce
2447 4193 2648 4256 verbis,
2682 4190 2761 4245 Tu
2790 4199 2965 4244 autem
3008 4186 3146 4241 idem
3187 4202 3275 4252 es,
3306 4191 3355 4238 et
3381 4181 3509 4235 anni

1945 4293 2025 4346 tui
2058 4307 2161 4345 non
2189 4289 2450 4356 deficient.
2498 4286 2566 4340 Et
2604 4285 2801 4340 merito
2856 4282 3097 4354 quidem.
3145 4276 3392 4348 Namque
3419 4290 3510 4330 res

260 4410 357 4466 καὶ
392 4371 471 4481 μὴ
510 4371 888 4476 ἀλλοιούμενον
933 4402 1096 4457 αὑτὸν
1136 4400 1404 4463 διδάσκει,
1458 4398 1527 4452 δι’
1556 4390 1631 4451 ὧν
1682 4411 1825 4465 φησιε

1943 4371 2120 4454 iactae,
2146 4399 2271 4441 cum
2304 4382 2412 4438 sint
2442 4398 2507 4437 ex
2538 4379 2710 4435 nihilo
2735 4419 2752 4446 ,
2796 4391 2899 4433 nec
2938 4373 3141 4430 fuerint
3192 4371 3511 4443 priusquam

342 4614 389 4647 ⁸⁸
424 4610 581 4666 Joan.
627 4625 738 4675 xw,
776 4607 831 4661 9.
906 4606 954 4639 “
994 4603 1156 4660 llebr.
1200 4617 1323 4667 x111,
1363 4601 1418 4655 8.
1493 4599 1537 4631 ⁸⁷
1572 4596 1718 4653 Psal.
1757 4610 1832 4659 οι,
1871 4588 2050 4646 26-28.
2126 4589 2171 4622 ³⁸
2207 4586 2366 4643 Deut.
2405 4599 2577 4651 xxxii,
2615 4581 2717 4649 39;
2759 4578 2989 4634 Malacb.
3014 4572 3167 4640 111,6.

365 4813 457 4879 86)
486 4811 714 4881 Seguer.
744 4807 966 4881 gobler.
990 4812 1048 4881 et
1069 4802 1306 4881 licia},
1337 4799 1565 4881 αἰρεσιν.

363 4866 455 4952 8-1)
490 4866 715 4952 ὃέᾇιιςτ.
744 4879 878 4948 Reg.
903 4884 959 4952 et
988 4873 1196 4952 §a5i_l_i_.,
1224 4874 1253 4926 6
1283 4870 1370 4952 ἴσα

988 4923 1384 5036 Ἐξέί1;ἰ’ξξηέ.ῠοιι
1419 4923 1652 5036 Anglic;
1898 4992 1899 4999 η

266 5002 583 5086 ταδ’ξεέντῖρξ
625 5002 1027 5086 ιᾎιέὲιὶςλιγουζ
1051 5002 1583 5086 οοιιενειτθιοίπεε
1691 5005 1755 5086 ξι
1788 5002 1846 5056 δὲ

268 5074 616 5155 τοῦθ’νοῦτῶς
642 5089 736 5143 τοῦ
756 5074 964 5154 λόγου.
995 5082 1139 5155 Reg.
1163 5084 1225 5135 Εί
1360 5078 1454 5132 τοῦ
1494 5076 1638 5155 τοῦθ’
1676 5074 1847 5137 οῦτως

266 5147 441 5226 δντως
470 5163 565 5215 τοῦ
591 5147 784 5229 λόγου.
814 5147 983 5229 Editi,
1007 5147 1157 5207 ΕΓδὲ
1184 5151 1278 5206 τοῦ
1306 5150 1454 5229 ὄντος
1479 5147 1672 5229 Λόγου.

348 5214 462 5300 (99)
485 5214 584 5287 Sic
623 5214 850 5299 Seguer.
879 5214 987 5280 Alii
1034 5239 1164 5277 vero
1209 5231 1265 5276 et
1304 5220 1459 5281 editi,
1499 5214 1847 5285 γινώσκεται,

269 5306 372 5362 καὶ
402 5304 491 5358 διὰ
515 5302 675 5357 τοῦτο
700 5302 752 5353 6.

346 5350 750 5445 (99ῖιίῖάλλων
768 5376 826 5424 et
872 5379 1002 5421 mox
1039 5362 1134 5419 καὶ
1166 5360 1231 5416 σύ
1275 5360 1427 5415 abest
1470 5350 1501 5411 a
1540 5354 1758 5412 Gobler.
1784 5353 1853 5417 let

268 5444 516 5504 Felckm.
551 5445 602 5497 1.

349 5493 755 5584 (Dijv—Si—clmss.
788 5520 978 5584 omnes
1040 5502 1147 5584 Sed
1186 5502 1242 5584 in
1282 5497 1712 5584 editisnd‘esunt,
1755 5493 1849 5547 καὶ

270 5566 431 5641 (aciei
447 5566 792 5655 ἓτεριδρλαιον
837 5574 1033 5655 ἑλίξεις
1057 5572 1274 5655 αὐτοὺς,
1298 5570 1410 5655 ἧκα)
1435 5566 1846 5655 ἀλλαγήσονται.

270 5634 744 5711 {Ibidem—hom“.
795 5658 850 5703 et
892 5634 1073 5700 FeIt-vk.
1118 5644 1182 5706 1,
1233 5638 1606 5711 ἐκλείψουσιν,
1631 5634 1752 5711 ’καί
1779 5634 1850 5711 ’δι’

271 5704 781 5796 «ﬁdem»
811 5717 970 5773 πάλιν
1002 5704 1183 5785 φησίνλ
1219 5704 1407 5775 Ἴδετε,
1431 5719 1534 5764 etc.
1563 5704 1692 5761 Item
1721 5705 1849 5760 ibid.

1955 4785 2434 4860 Seguer._Basili._
2454 4783 2585 4853 Reg.
2624 4779 2863 4860 Anglic"
2902 4772 3215 4860 ἓαυτοῦῇδιά
3242 4768 3345 4860 τοῦ
3383 4785 3519 4860 προ-

1952 4840 2357 4943 éﬁiJJJEdiiio
2395 4840 2660 4910 Commel.
2682 4840 2934 4913 ,νὲαυτοῦ
2960 4842 3055 4932 τοῦ
3098 4842 3190 4896 διὰ
3233 4840 3361 4903 τοῦ,
3409 4849 3516 4894 etc.

1953 4932 2090 4985 Ibid.
2138 4927 2359 4997 Seguer.
2386 4924 2623 4997 Gobler.
2643 4930 2695 4975 et
2729 4918 2875 4997 Felc.
2920 4915 2945 4967 1
2967 4953 2981 4977 ,
3042 4911 3189 4971 Ιδετέ
3221 4928 3288 4983 με
3309 4951 3324 4975 ,
3358 4908 3516 4973 ἴδετε,

1951 5002 2054 5055 ὃτι.
2086 5000 2193 5053 Alii
2214 4992 2282 5053 vet
2311 4996 2461 5059 editi,
2490 4992 2627 5046 ίδετέ

2025 5050 2683 5137 {9323313segnessuig
2711 5050 2864 5137 fero,
2902 5070 3059 5107 τουτο
3102 5050 3520 5124 σημαινόμενον.

2025 5130 2139 5211 (95)
2175 5130 2422 5211 ὃθευειί,
2457 5130 2816 5211 ἀλλοιοῦσθαι.

2176 5187 2534 5281 ᾞδᾷγνῶσμα
2566 5203 2730 5281 abest
2763 5215 2793 5281 a
2827 5198 3137 5281 Goblerzgegt
3157 5188 3419 5281 “Sel-c5111.
3471 5187 3523 5241 1.

1954 5262 2075 5337 Mori
2105 5262 2252 5333 Felc.
2279 5262 2331 5336 5:
2364 5262 2964 5345 yev'vntdw._Cmtel;i_et
2996 5262 3124 5345 editi
3155 5262 3417 5345 γενητῶν.

2029 5327 2138 5422 (ᾗέ)
2153 5327 2262 5403 si
2283 5327 2529 5422 'se'gupr'.
2565 5349 2619 5395 et
2650 5333 3113 5422 Begandjtiu'ii
3128 5327 3528 5422 fpﬁcéhncgggg

1953 5397 2572 5488 uiBSéafiai’i’oomv
2616 5409 2707 5462 τδν
2732 5397 2872 5462 Ῠὶὸν,
2891 5397 3275 5525 ὑπεξαιροῦσα.
3308 5397 3527 5452 Ἰὺὶάοιη

1957 5494 2163 5525 ρων-ιε...
2207 5488 2320 5525 ηρσ
2368 5481 2552 5525 “acili-
2578 5478 2890 5525 Gohlerian.
2914 5476 3058 5525 παις.
3140 5480 3195 5525 et
3222 5471 3275 5525 5.
3300 5465 3527 5525 γενητὸν

1957 5465 2552 5560 ξρξῖιῖέιξῐίὲξ-Βοὲίιί.
2578 5478 2890 5560 qoblerian.
2914 5465 3195 5560 Fe‘lc.'!‘et
3222 5471 3282 5560 δ’,
3300 5465 3527 5560 γεγηῖξν

1958 5536 2319 5616 253216;}?
2330 5536 2407 5610 VEit
2418 5536 2578 5610 mox,
2602 5546 2914 5603 ἀλλοιοῦντα
2944 5545 3011 5599 τὰ
3055 5542 3208 5599 ἄλλα.
3244 5536 3527 5603 Ειιίιὶ,⁷γε-

1959 5631 2115 5704 νητὺν
2137 5625 2294 5694 εἶναι,
2332 5635 2407 5693 et,
2441 5617 2752 5677 ἀλλοιοῦντα
2776 5616 2931 5671 ἄλλα.

2737 5031 2751 5054 ,
2775 4991 2875 5042 ὅτι.
