3850 6218
411 214 480 266 87
978 215 1034 269 S.
1076 215 1443 270 ATHANASII
1477 215 1621 271 OPP.
1670 215 1848 272 PARS
1886 217 1926 272 Ι.

2083 218 2442 278 HISTORICA
2481 221 2569 275 ET
2611 221 3028 278 DOGMATICﬂ.
3577 218 3656 274 88

411 325 568 402 laetae
593 345 741 400 sunt,
774 351 998 405 prorsus
1027 337 1153 404 quia
1193 335 1323 406 ipsa;
1352 337 1488 392 tiunt
1517 353 1640 393 cum
1668 346 1825 394 antea
1867 354 1972 393 non

2083 340 2160 392 Σὺ
2181 339 2248 393 δὲ
2276 345 2308 395 ό
2333 342 2513 408 αὐτὸς
2531 338 2603 406 εἷ,
2629 341 2726 395 καὶ
2757 340 2830 394 τὰ
2857 340 2962 408 ἐτη
2989 309 3104 393 σοὺ
3133 339 3242 392 οὐκ
3271 336 3653 403 ἐπιλείψουσι.

413 438 617 494 essent,
657 428 782 481 hinc
832 427 1077 481 mutabili
1110 437 1240 483 sunt
1293 437 1510 483 natura.
1554 429 1624 483 At
1665 429 1838 484 Filius
1879 429 1974 500 qui

413 529 496 575 est
523 535 586 574 ex
611 517 792 585 Patre,
815 519 1038 589 ejusque
1064 528 1266 574 natura:
1296 521 1553 591 pr0prius
1575 529 1679 585 est,
1719 522 1978 578 mutatio-

417 610 502 664 nis
527 618 581 666 et
610 609 980 664 conversionis
1011 617 1093 665 est
1119 625 1333 679 expers,
1356 625 1467 664 non
1497 610 1656 666 aliter
1677 626 1839 680 quam
1863 611 1977 681 ipse

417 701 593 757 Pater.
629 701 739 756 Nec
760 702 903 757 enim
939 701 1021 758 fas
1058 710 1142 758 est
1179 702 1362 758 dicere
1412 718 1477 758 ex
1510 711 1704 758 natura
1730 703 1978 758 immuta-

417 795 508 849 bili
536 795 794 850 mutabile
830 793 1066 850 Verbum
1107 803 1162 850 et
1199 795 1516 850 mutabilem
1547 796 1865 865 sapientiam
1896 796 1976 867 gi-

414 889 526 960 gni.
560 887 849 955 Quomodo
878 887 1024 940 enim
1056 886 1296 941 Verbum
1329 901 1451 942 esse
1490 887 1685 956 possit,
1715 887 1762 942 si
1796 895 1976 941 muta-

415 982 520 1036 bile
543 980 664 1035 est?
689 979 772 1033 vel
804 978 1081 1048 quomodo
1129 977 1182 1032 id
1213 979 1360 1048 quod
1406 987 1668 1043 mutatur,
1712 980 1976 1049 sapientia

414 1086 534 1126 esse
553 1067 893 1140 queat?Nisi
920 1068 1060 1124 forte
1095 1068 1258 1123 velint
1297 1071 1377 1124 sic
1422 1083 1535 1123 rem
1568 1083 1626 1123 se
1668 1069 1886 1136 habere,
1917 1079 1978 1125 ut

414 1161 665 1217 accidens
691 1168 774 1216 est
816 1161 870 1214 in
919 1160 1254 1225 substantia,
1306 1160 1380 1215 ita
1415 1160 1624 1216 scilicet
1674 1171 1732 1216 ut
1771 1162 1824 1215 in
1864 1161 1976 1232 pri-

413 1264 537 1308 vata
567 1253 748 1322 aliqua
771 1251 1074 1308 substantia
1105 1251 1352 1319 quaedam
1378 1251 1549 1321 gratia
1574 1252 1835 1307 acciderit
1869 1255 1977 1308 vir-

415 1346 655 1416 tutisque
683 1344 922 1410 liabitus,
947 1344 1039 1414 qui
1090 1344 1191 1398 hac
1238 1344 1450 1398 ratione
1482 1342 1720 1398 Verbum
1747 1387 1760 1410 ,
1803 1343 1974 1400 Filius

413 1446 467 1492 et
494 1435 770 1506 Sapientia
800 1435 871 1490 sit
899 1435 1195 1504 appellatus
1215 1475 1228 1499 ,
1257 1434 1353 1504 qui
1395 1433 1624 1504 proinde
1663 1437 1977 1492 decrescere

415 1526 586 1596 possit
610 1535 666 1582 et
692 1540 958 1581 crescere.
992 1524 1158 1596 348
1186 1526 1291 1579 Ista
1316 1527 1484 1592 enim,
1511 1535 1674 1596 prout
1711 1529 1973 1594 sentiunt,

414 1619 614 1688 saepius
643 1617 986 1688 respondere.
1033 1615 1232 1671 Verum
1260 1631 1323 1672 ea
1359 1633 1467 1672 non
1501 1626 1590 1674 est
1637 1618 1976 1675 Christiano-

414 1726 534 1765 rum
565 1709 716 1766 tides.
753 1708 887 1764 Nam
919 1708 972 1763 id
1007 1723 1116 1763 non
1156 1708 1391 1763 ostendit
1425 1724 1548 1764 vere
1578 1725 1697 1765 esse
1737 1708 1973 1766 Verbum

411 1800 682 1857 etFilium
713 1799 838 1866 Dei.
877 1801 963 1855 vel
1009 1799 1330 1869 sapientiam
1367 1815 1551 1855 veram
1592 1816 1713 1856 esse
1761 1803 1976 1871 sapien-

413 1892 566 1948 tiam.
591 1890 726 1948 Nam
750 1891 892 1962 quod
920 1900 1162 1945 mutatur
1184 1898 1237 1943 et
1261 1891 1613 1958 convertitur,
1645 1906 1744 1946 nec
1776 1891 1832 1945 in
1866 1907 1976 1945 uno

411 1993 466 2038 et
500 1985 688 2038 eodem
745 1992 1057 2053 perseverat
1101 1992 1264 2049 statu,
1305 1984 1577 2053 quomodo
1613 2000 1802 2040 verum
1853 2001 1976 2042 esse

414 2075 630 2143 potest?
667 2074 829 2144 Atqui
856 2073 1118 2130 Dominus
1145 2076 1308 2139 dicit,
1359 2075 1470 2146 Ego
1510 2092 1625 2131 sum
1659 2078 1851 2130 veritas
1885 2079 1970 2132 ’9:

412 2176 543 2229 ergo
576 2161 623 2214 si
651 2161 770 2240 ipse
790 2159 1052 2216 Dominus
1081 2161 1133 2217 id
1161 2163 1228 2216 de
1257 2178 1315 2218 se
1343 2173 1635 2227 asseverat,
1685 2173 1739 2219 et
1769 2181 1829 2221 se
1858 2166 1974 2236 ipse

413 2251 805 2306 immutabilem
858 2261 1086 2307 testatur
1131 2269 1272 2319 esse,
1319 2255 1569 2327 idemque
1597 2259 1904 2314 didicerunt
1922 2269 1979 2316 et

411 2344 736 2399 conﬁrmant
765 2346 1077 2411 sancti,imo
1109 2347 1227 2418 ipsa
1244 2347 1335 2403 Dei
1355 2351 1618 2405 notiohoc
1635 2352 1816 2421 pietati
1844 2367 1977 2408 con-

412 2449 608 2489 sonum
655 2449 777 2489 esse
815 2435 1015 2499 innuit,
1048 2437 1211 2504 unde,
1260 2454 1480 2508 quaeso,
1528 2440 1632 2494 ista
1682 2444 1974 2498 commenti

412 2533 543 2578 sunt
571 2523 757 2592 impii?
784 2523 1036 2580 Profecto
1069 2526 1159 2580 illa
1183 2542 1249 2583 ex
1273 2527 1438 2585 corde
1462 2538 1722 2599 tanquam
1758 2546 1822 2586 ex
1847 2547 1974 2588 cor-
2013 2580 2021 2585 .

413 2617 665 2686 ruptione
691 2625 1041 2673 vomuerunt.

481 2795 570 2851 57.
593 2795 821 2862 Quando
859 2812 988 2853 vero
1021 2796 1220 2853 divinis
1248 2799 1489 2856 oraculis
1517 2800 1834 2868 abutuntur,
1882 2819 1975 2860 ea—

413 2899 520 2954 que
545 2884 612 2939 ad
642 2900 796 2940 suam
823 2896 1056 2941 mentem
1087 2886 1393 2943 adulterare
1415 2889 1542 2945 totis
1572 2891 1870 2946 moliuntur
1893 2894 1975 2947 vi-

2076 433 2186 484 Καὶ⁸
2213 433 2435 496 εἰκότως
2456 451 2539 502 γε’
2570 432 2639 485 τὰ
2667 433 2765 503 μὲν
2794 431 2902 502 γὰρ
2947 428 3151 498 γενητὰ
3207 427 3315 498 (96)
3349 427 3405 492 ἐξ
3426 427 3526 479 οὐκ
3562 425 3658 478 δν-

2074 537 2182 575 των
2211 520 2358 584 ὄντα,
2392 522 2486 574 καὶ
2508 520 2607 573 οὐκ
2634 519 2762 573 ὄντα
2793 519 2921 588 πρὶν
2952 517 3198 588 γένηται,
3247 517 3380 579 ὅλως
3429 517 3510 568 ὅτι
3549 515 3657 566 οὐκ

2075 610 2203 663 ὄντα
2227 611 2453 679 γίνεται,
2475 611 2859 681 ἀλλοιουμένην
2882 609 2995 679 ἔχει
3025 609 3122 680 τὴν
3151 608 3376 678 φύσιν-ὁ
3407 608 3462 662 δὲ
3495 607 3652 670 Υἱὸς,

2074 703 2139 754 ἐκ
2168 701 2260 755 τοῦ
2288 702 2496 767 Πατρὸς
2519 700 2614 763 ὢν,
2647 702 2740 755 καὶ
2770 701 2867 771 τῆς
2889 701 3072 765 οὐσίας
3123 699 3286 756 αὐτοῦ
3314 701 3462 764 ἴδιος,
3489 699 3656 753 ἀναλ-

2075 795 2292 858 λοίωτος
2316 796 2409 848 καὶ
2440 795 2709 867 ἄτρεπτός
2737 797 2903 858 ἐστιν,
2951 794 3026 858 ὡς
3059 795 3220 858 αὐτὸς
3248 797 3276 848 ό
3329 795 3539 864 Πατήρ.
3571 793 3653 846 Οὐ

2076 885 2185 956 γὰρ
2218 885 2374 956 θέμις
2406 888 2578 938 εἰπεῖν
2603 887 2667 938 ἐκ
2717 887 2816 956 τῆς
2874 885 3057 948 οὐσίας
3107 887 3205 956 τῆς
3237 884 3505 957 ἀτρέπτου
3535 882 3656 954 (97)

2074 977 2304 1048 τρεπτὸν
2329 977 2620 1045 γεννᾶσθαι
2653 977 2824 1046 Λόγον
2858 979 2951 1031 καὶ
2998 977 3380 1047 ἀλλοιουμένην
3435 975 3654 1045 σοφίαν.

2077 1068 2201 1132 Πῶς
2229 1067 2338 1138 γὰρ
2359 1067 2439 1120 ἔτι
2465 1069 2659 1136 Λόγος,
2688 1069 2737 1121 εί
2766 1069 2996 1140 τρεπτός
3032 1071 3212 1131 ἐστιν;
3243 1067 3412 1137 ἢπῶς
3437 1067 3514 1119 ἔτι
3562 1082 3661 1118 σο-

2077 1159 2172 1228 φία
2204 1159 2262 1212 τὸ
2292 1158 2699 1229 ἀλλοιούμενον;
2724 1161 2771 1211 εί
2802 1159 2875 1230 μὴ
2932 1160 3041 1230 ἄρα
3070 1159 3144 1221 ὡς
3177 1160 3234 1212 ἐν
3259 1158 3417 1229 οὐσίᾳ
3447 1159 3659 1229 συμϐε-

2076 1251 2262 1320 ϐηκὸς,
2310 1248 2480 1313 οὕτως
2531 1245 2670 1304 εἶναι
2702 1250 2963 1315 θέλουσιν,
2999 1252 3075 1314 ὡς
3126 1253 3184 1303 ἐν
3247 1250 3519 1320 ἱδιαζούσῃ
3544 1251 3657 1302 τινὶ

2074 1341 2230 1412 οὐσίᾳ
2258 1341 2656 1413 συμϐεϐηκέναι
2684 1341 2802 1395 τινὰ
2845 1343 3002 1413 χάριν
3033 1343 3142 1412 (98)
3170 1343 3262 1396 καὶ
3293 1342 3402 1407 ἕξιν
3427 1342 3657 1413 ἀρετῆς,

2077 1433 2169 1484 καὶ
2205 1431 2500 1502 κεκλῆσθαι
2555 1432 2758 1504 ταύτην
2790 1433 2960 1498 οὕτως
3020 1434 3210 1502 Λόγον,
3249 1436 3343 1486 καὶ
3400 1435 3527 1485 Υἱὺν
3559 1434 3658 1486 καὶ

2076 1525 2293 1592 Σοφίαν,
2314 1523 2452 1576 ὣστε
2487 1525 2579 1577 καὶ
2607 1525 2953 1597 ἀφαιρεῖσθαι
2983 1528 3075 1580 καὶ
3102 1526 3484 1598 προστίθεσθαι
3513 1527 3656 1596 αὐτῇ

2075 1615 2352 1669 δύνασθαι.
2378 1615 2614 1670 Τοιαῦτα
2642 1617 2749 1689 γὰρ
2781 1618 3099 1690 φρονοῦντες
3144 1617 3400 1680 πολλάκις
3428 1618 3660 1688 εἰρήκα-

2080 1721 2181 1758 σιν.
2226 1705 2361 1758 Ἀλλ’
2383 1707 2481 1759 οὐκ
2529 1706 2644 1759 ἔστι
2678 1708 3016 1780 Χριστιανῶν
3051 1710 3085 1779 η
3119 1709 3299 1771 πίστις
3351 1707 3512 1778 αὕτη.
3548 1709 3660 1761 Οὐ·-

2075 1796 2131 1849 δὲ
2161 1796 2270 1868 (99)
2298 1797 2405 1868 γὰρ
2433 1796 2588 1850 τοῦτο
2608 1797 2874 1852 δείκνυσιν
2897 1795 3212 1868 εἷναιΛόγον
3242 1800 3336 1852 καὶ
3359 1800 3485 1852 Υίὸν
3517 1799 3661 1870 ἁλη-

2077 1886 2182 1951 θῶς
2215 1887 2371 1950 Θεοῦ,
2409 1886 2533 1941 οὔτε
2558 1887 2654 1959 τὴν
2713 1889 2903 1958 σοφίαν
2927 1889 3100 1960 ἀληθῆ
3154 1890 3363 1958 σοφίαν.
3420 1890 3493 1942 Τὸ
3541 1890 3661 1963 γὰρ

2075 1979 2404 2050 τρεπόμενον
2429 1980 2524 2033 καὶ
2569 1979 2962 2050 ἀλλοιούμενον,
3021 1983 3120 2052 οὐχ
3169 1983 3453 2052 ἱστάμενον
3481 1983 3538 2036 δὲ
3573 1983 3660 2054 (1)

2076 2069 2132 2121 ἐν
2161 2071 2239 2122 ἑνὶ
2271 2071 2362 2123 καὶ
2387 2070 2463 2141 τῷ
2487 2069 2655 2140 αὐτῷ,
2692 2072 2807 2136 πῶς
2839 2072 3058 2128 δύναται
3106 2070 3241 2127 εἶναι
3297 2074 3526 2144 ἀληθές;
3595 2077 3658 2129 Ὀ

2074 2162 2131 2215 δέ
2165 2179 2228 2230 γε
2260 2162 2461 2232 Κύριος
2490 2163 2656 2232 λέγει·
2698 2165 2843 2234 Ἐγώ
2883 2168 2999 2236 εἰμι
3027 2168 3067 2234 ἠ
3097 2167 3363 2236 ἀλήθεια·
3391 2169 3440 2220 εί
3470 2168 3659 2220 τοίνυν

2074 2257 2103 2308 ὁ
2153 2254 2353 2326 Κύριος
2413 2256 2576 2319 αὐτὸς
2634 2257 2763 2328 περὶ
2815 2257 3008 2311 ἑαυτοῦ
3051 2259 3208 2312 τοῦτο
3258 2259 3425 2327 λέγει,
3474 2261 3570 2327 καὶ
3592 2259 3660 2312 τὸ

2075 2346 2339 2417 ἄτρεπτον
2371 2347 2564 2400 ἑαυτοῦ
2588 2347 2855 2400 δείκνυσιν
2888 2347 2983 2418 (2),
3010 2349 3060 2400 οἷ
3093 2366 3150 2401 τε
3204 2349 3346 2416 ἆγιοι
3387 2348 3658 2418 μαθόντες

2075 2438 2230 2491 τοῦτο
2261 2437 2644 2510 μαρτυροῦσιν,
2697 2436 2834 2492 ἀλλά
2861 2439 2970 2510 γὰρ
3003 2440 3095 2491 καὶ
3145 2440 3200 2491 αἱ
3247 2440 3373 2511 περὶ
3401 2438 3537 2492 Θεοῦ
3568 2438 3658 2492 έν-

2075 2547 2214 2584 νοιαι
2237 2529 2394 2582 τοῦτο
2420 2530 2595 2584 ἴσασιν
2628 2529 2869 2594 εὐσεϐὲς,
2899 2530 3064 2583 πόθεν
3088 2530 3239 2584 ταῦτ’
3262 2532 3562 2602 ἐπενόησαν
3601 2532 3659 2584 οἱ

2074 2622 2380 2687 δυσσεϐεῖς;
2423 2623 2552 2675 Ἀπὸ
2583 2621 2680 2693 μὲν
2702 2617 2794 2676 οὖν
2818 2623 2917 2693 τῆς
2943 2624 3172 2695 καρδίας
3211 2624 3285 2687 ὡς
3317 2625 3423 2677 ἀπὸ
3446 2624 3658 2696 φθορᾶς

2075 2712 2214 2767 αὐτά
2251 2713 2342 2784 ἐξή
2351 2731 2538 2784 μεσαν.

2143 2802 2231 2857 57.
2272 2803 2489 2875 Ἐπειδὴ
2517 2804 2593 2875 (5)
2619 2805 2676 2858 δὲ
2711 2803 3132 2877 προφασίζονται
3188 2804 3256 2858 τὰ
3311 2805 3430 2860 θεῖα
3469 2805 3654 2874 λόγια,

2075 2896 2169 2949 καὶ
2197 2894 2472 2966 βιάζονται
2525 2897 2951 2968 παρεξηγεὼθαι
3015 2898 3185 2952 ταῦτα
3235 2898 3372 2951 κατά
3394 2899 3485 2950 τὸν
3519 2898 3658 2950 ἴδιον

412 2973 596 3039 ribus;
623 2989 845 3030 necesse
872 2984 955 3030 est
979 2975 1085 3030 illis
1113 2975 1186 3030 ita
1217 2979 1567 3047 respondere,
1599 2989 1661 3035 ut
1681 2980 1974 3054 Scriptura:

2083 2986 2217 3050 νοῦν,
2244 2987 2535 3056 ἀναγκαῖον
2563 2988 2812 3043 τοσοῦτον
2842 2989 3240 3061 ἀποκρίνασθαι
3269 2989 3496 3052 τούτοις,
3526 2990 3658 3041 ὅσον

428 3063 751 3121 tindicemus
783 3065 970 3134 verba,
1015 3066 1302 3136 palamque
1339 3067 1603 3128 faciamus
1648 3087 1712 3128 ea
1755 3076 1972 3145 quidem

422 3164 559 3210 tecte
588 3170 749 3226 posse
775 3156 1018 3227 intelligi,
1050 3159 1141 3213 sed
1187 3159 1308 3214 illos
1342 3175 1507 3230 prave
1547 3164 1766 3220 sentire.
1809 3166 1977 3222 Aiunt

413 3247 578 3316 igitur
605 3248 674 3301 ab
705 3249 967 3318 Apostolo
1013 3251 1276 3320 scriptum
1307 3267 1426 3307 esse
1454 3272 1467 3307 :
1502 3253 1720 3324 Propter
1750 3259 1889 3327 quod
1925 3269 1974 3312 et

413 3339 553 3392 Deus
584 3339 837 3394 exultavit
859 3339 1030 3407 illum,
1056 3350 1105 3395 et
1137 3341 1350 3397 donavit
1394 3343 1475 3396 illi
1509 3362 1691 3400 nomen
1731 3349 1870 3418 quod
1897 3359 1974 3403 est

411 3447 569 3501 super
595 3447 743 3486 omne
768 3449 977 3498 nomen,
995 3444 1050 3487 ut
1074 3435 1126 3487 in
1151 3436 1358 3489 nomine
1382 3435 1510 3490 Jesu
1542 3454 1690 3492 omne
1713 3457 1844 3510 genu
1879 3442 1976 3508 ﬂe-

411 3525 592 3570 ctatur
623 3517 940 3585 caelestium,
975 3521 1302 3574 terrestrium
1351 3530 1399 3573 et
1434 3522 1760 3591 infernarum
1790 3526 1875 3590 9°;
1922 3535 1976 3579 et

411 3605 552 3673 apud
585 3603 783 3659 David:
804 3605 1089 3674 Propterea
1119 3609 1270 3662 unxit
1297 3619 1343 3661 te
1380 3608 1539 3676 Deus,
1557 3609 1698 3664 Deus
1723 3621 1841 3667 tuus
1864 3613 1975 3667 oleo

413 3693 615 3749 laetitia
640 3711 750 3764 pra,
784 3697 1110 3752 consortibus
1140 3700 1244 3752 tuis
1281 3700 1348 3754 θ’,
1404 3699 1606 3756 Deinde
1659 3714 1717 3757 ut
1755 3715 1972 3761 acutum

411 3785 616 3854 aliquid
655 3796 986 3841 assumunt:
1037 3787 1094 3842 Si
1141 3789 1345 3844 idcirco
1395 3792 1665 3848 exaltatus
1714 3805 1816 3855 est.
1852 3813 1975 3866 gra-

413 3876 654 3944 tiamque
684 3877 891 3945 accepit
945 3886 998 3932 et
1057 3887 1256 3934 unctus
1299 3889 1423 3946 est,
1475 3884 1776 3939 mercedem
1809 3887 1974 3956 igitur

410 3968 611 4035 recepit
639 3983 751 4022 suae
776 3969 1092 4025 voluntatis.
1126 3969 1280 4035 Quod
1313 3971 1358 4026 si
1394 3973 1666 4029 voluntate
1690 3976 1818 4046 egit,
1844 3994 1975 4034 sane

411 4058 690 4113 mutabilis
719 4069 803 4114 est
857 4071 1082 4115 naturae.
1117 4060 1243 4116 Haec
1298 4077 1405 4116 non
1453 4065 1627 4118 solum
1659 4068 1838 4124 dicere
1880 4071 1974 4125 sed

410 4149 574 4203 etiam
605 4151 844 4205 scribere
873 4153 992 4206 ausi
1016 4163 1142 4207 sunt
1176 4153 1442 4209 Eusebius
1467 4166 1522 4212 et
1554 4158 1736 4223 Arius,
1761 4159 1975 4214 eadem-

411 4254 516 4312 que
541 4256 639 4310 per
666 4243 900 4296 medium
940 4241 1119 4298 forum
1161 4246 1438 4318 divulgare
1462 4265 1571 4304 non
1597 4259 1854 4305 verentur
1879 4266 1975 4306 eo-

2074 3078 2354 3149 ἐκδικῆσαι
2377 3079 2445 3132 τὰ
2473 3079 2611 3150 ρητά
2637 3081 2733 3133 καὶ
2785 3081 2954 3147 δεῖξαι
3004 3080 3175 3133 ταῦτα
3225 3081 3323 3151 μὲν
3371 3080 3446 3151 (4)
3481 3079 3656 3150 ὀρθὴν

2074 3166 2260 3238 ἔχοντα
2287 3169 2384 3240 τὴν
2412 3169 2670 3235 διάνοιαν,
2704 3172 2943 3235 ἐκείνους
2993 3171 3048 3224 δὲ
3078 3169 3262 3233 κακῶς
3294 3170 3652 3242 φρονοῦντας.

2073 3259 2209 3311 Φασὶ
2259 3261 2458 3326 τοίνυν,
2510 3263 2589 3316 ὅτι
2649 3263 2954 3334 γέγραπται
3014 3264 3165 3338 παρὰ
3223 3263 3322 3335 μὲν
3368 3264 3446 3335 τῷ
3490 3265 3654 3318 Ἀπο-

2075 3351 2244 3422 στόλῳ
2272 3352 2368 3424 (5)·
2405 3353 2499 3405 Διὸ
2536 3355 2633 3408 καὶ
2675 3357 2708 3408 ό
2749 3354 2891 3420 Θεὸς
2927 3355 3115 3408 αὑτὸν
3146 3357 3655 3425 ὑπερύ-ψωσε,καὶ

2072 3441 2394 3510 ἐχαρίσατο
2432 3443 2592 3511 αὐτῷ
2633 3444 2905 3514 ὄνοματὸ
2929 3447 3082 3515 ὑπὲρ
3129 3446 3252 3502 πᾶν
3307 3448 3512 3518 ὄνομα,
3549 3451 3655 3503 ἵνα

2073 3533 2240 3599 ἐντῷ
2264 3535 2508 3604 ὀνόματι
2548 3536 2740 3604 Ἰησοῦ
2776 3536 2852 3608 (6)
2875 3535 2998 3592 πᾶν
3046 3539 3192 3608 γόνυ
3240 3537 3446 3608 κάμψῃ
3469 3541 3651 3594 ἐπου-

2066 3624 2291 3690 ρανίων
2321 3626 2417 3678 καὶ
2444 3626 2739 3695 ἐπιγείων,
2790 3629 2887 3682 καὶ
2935 3630 3357 3697 καταχθονίων
3411 3631 3565 3700 παρά
3593 3632 3652 3686 δὲ

2073 3714 2149 3784 τῷ
2177 3715 2354 3768 Δαυῖδ·
2385 3717 2486 3771 Διά
2514 3718 2686 3772 τοῦτο
2717 3719 2921 3788 ἐχρισέ
2952 3737 3026 3774 σε
3053 3723 3086 3774 ὀ
3112 3719 3276 3787 Θεὸς,
3307 3725 3338 3776 ό
3367 3723 3508 3788 Θεός
3532 3738 3652 3777 σου

2073 3803 2280 3856 ἔλαιον
2322 3805 2732 3874 ἀγαλλιάσεως
2779 3811 2939 3877 παρὰ
2987 3809 3130 3876 τοὺς
3176 3812 3469 3880 μετόχους
3506 3827 3651 3865 σου.

2074 3892 2208 3948 Εἶτα
2230 3897 2579 3968 ἐπιφέρουσιν
2599 3898 2673 3962 ὡς
2705 3900 2866 3969 σοφόν
2894 3918 2945 3953 τι
2974 3900 3242 3968 λέγοντες·
3274 3904 3336 3955 Εἰ
3359 3903 3445 3956 διά
3491 3903 3652 3957 τοῦτο

2073 3985 2282 4058 ὑψώθη,
2318 3988 2411 4040 καὶ
2438 3988 2596 4058 χάριν
2630 3988 2808 4053 ἔλαϐε,
2844 3991 2937 4044 καὶ
2986 3991 3075 4044 διὰ
3133 3992 3288 4045 τοῦτο
3341 3993 3652 4063 κέχρισται,

2078 4077 2264 4147 μισθὸν
2288 4079 2386 4148 τῆς
2415 4080 2786 4151 προαιρέσεως
2830 4081 3007 4135 ἔλαϐε.
3047 4083 3368 4154 Προαιρέσει
3409 4085 3466 4137 δὲ
3503 4087 3650 4157 πρά-

2075 4171 2192 4235 ξας,
2226 4169 2465 4240 τρεπτῆς
2497 4171 2613 4224 ἐστι
2645 4172 2858 4235 πάντως
2915 4173 2990 4242 (7)
3049 4173 3279 4244 φύσεως.
3337 4175 3537 4242 Ταῦτα,
3585 4179 3650 4230 οὐ

2078 4257 2236 4327 μόνον
2267 4259 2458 4323 εἰπεῖν,
2488 4258 2625 4332 ἀλλά
2677 4260 2770 4313 καὶ
2802 4261 3006 4332 γράψαι
3049 4264 3440 4337 τετολμήκασιν
3472 4267 3649 4320 Εὐσέ-

479 4401 526 4434 ⁸⁹
561 4399 720 4456 Joan.
764 4418 872 4466 xiv,
915 4404 967 4458 6.
1041 4407 1088 4437 ’°
1128 4404 1324 4475 Philip.
1366 4423 1427 4473 ιι,
1467 4407 1639 4476 9,10.
1717 4412 1760 4442 ⁸⁸
1797 4410 1941 4468 Psal.

2083 4434 2126 4482 v,
2168 4415 2220 4470 8.

479 4581 590 4659 (ag)
617 4580 759 4659 ξριρ,
793 4581 846 4648 5,
877 4582 1129 4659 γεννητά.
1158 4584 1283 4659 Alii_
1291 4595 1346 4640 et
1365 4586 1516 4659 editi,
1544 4565 1775 4659 ysv'qrrd.

479 4651 593 4723 (97)
623 4651 863 4721 Gobler.,
900 4651 1044 4709 Felc.
1097 4656 1121 4709 1
1157 4663 1210 4710 et
1252 4655 1406 4727 [ἰείη
1457 4651 1642 4722 οὐσίας
1659 4651 1765 4712 τῶν
1809 4659 1972 4730 ἀτρέ-

407 4741 590 4866 πτῖξῗέ)
617 4790 708 4866 Sic
728 4808 866 4866 mss.
898 4807 1112 4866 omnes,
1142 4802 1334 4866 praeter
1362 4793 1505 4850 Felc.
1533 4796 1586 4858 2,
1620 4797 1671 4849 in
1701 4813 1809 4866 quo
1837 4811 1889 4852 et
1921 4801 1972 4853 in

406 4864 565 4916 editis
604 4864 684 4917 sic
728 4863 941 4934 legitur,
973 4865 1020 4915 εί
1057 4864 1130 4986 ςιὴ
1164 4865 1270 4936 ἄρα
1302 4865 1378 4928 ὡς
1419 4867 1476 4920 ὲν
1505 4867 1664 4938 οὐσίᾳ
1703 4863 1973 4986 προεδη-

406 4932 556 4986 κέναι
580 4931 702 4986 τινά
732 4935 911 4986 γὰοιν.
933 4942 1038 4986 etc.
1091 4935 1196 4986 bid.
1229 4935 1532 4986 Analican..
1559 4938 1652 4986 καὶ
1675 4954 1775 4986 κεκ
1804 4937 1972 4986 ἧσθαι

405 4931 702 5018 κέναι-τινὰ
732 4931 911 5006 χᾶριν,
933 4942 1038 4987 etc.
1060 4931 1532 5009 lbidenglican"
1559 4931 1652 4990 καῖ
1675 4931 1972 5009 κεκλῆσθαι

406 5004 596 5140 αυῖξό)
639 5071 978 5139 Seguerian.,
1018 5073 1161 5127 οὐτε.
1201 5073 1321 5128 Mox
1364 5074 1539 5138 idem,
1572 5074 1882 5131 Goblerian.
1917 5089 1971 5134 et

407 5139 785 5213 Ρθιε.λ1,)⁴ίὸν
815 5143 1030 5213 ἀληθῶς
1069 5143 1223 5199 Θεοῦ.
1258 5143 1360 5196 Alii
1396 5160 1522 5198 vero
1556 5155 1611 5198 et
1648 5147 1808 5211 editi,
1843 5148 1969 5202 Υἰὸν

407 5211 952 5288 καὶ,ὀιληθόὂς-Θεόν.⁸
995 5213 1144 5288 ΝΜ.Δ
1173 5214 1394 5288 Seguer.
1430 5213 1674 5288 et_Reg.,
1704 5215 1825 5288 οὐτε
1870 5217 1967 5288 τὴν

407 5280 595 5350 σοφίαν
628 5279 817 5403 ἀληθῖ
832 5283 1041 5363 σοφίαν.
1073 5284 1211 5338 Editi
1247 5279 1298 5337 ct
1322 5286 1502 5339 caeteri
1536 5279 1691 5345 mss,
1724 5285 1846 5338 οὔτε
1874 5279 1971 5357 τήν

407 5352 594 5403 σοφίαν
619 5351 718 5403 τὴν
751 5353 786 5403 ἀ
821 5354 923 5403 ηθη
949 5354 1145 5403 σοφίαν,

405 5351 718 5422 σοφίανζτὴν
751 5351 926 5422 ἀληθῆ
949 5354 1148 5420 σοφίαν,

415 5421 550 5508 ,Δίῃ
592 5419 933 5508 ἓυβυειτὶοιιᾼ
970 5419 1252 5494 ἱστάμενον
1281 5441 1360 5480 τε.
1389 5423 1510 5479 Mox
1552 5424 1691 5478 idem
1717 5433 1772 5478 et
1813 5424 1967 5498 Reg.,

431 5491 472 5543 0
501 5491 559 5544 δὲ
590 5491 809 5562 Κύριος.
1099 5491 1108 5494 “
1894 5491 1920 5498 ⁷

475 5561 678 5634 (Ξλδίο
709 5561 1051 5634 Segneri_an.,
1084 5561 1301 5634 Goblcr.
1331 5572 1384 5618 et
1409 5562 1589 5617 Felck.
1619 5565 1966 5634 LAnglican.

403 5631 861 5702 νειο,“Ἀτρεπτον
888 5631 993 5702 γὰρ
1022 5632 1175 5685 τοῦτο
1202 5632 1490 5689 δείκνυσιν.
1516 5634 1708 5690 Cazteri
1741 5631 1795 5691 ct
1815 5637 1966 5700 editi,

2004 4597 2048 4650 D
2076 4594 2339 4673 ἀτρεπτον
2368 4594 2714 4673 αὐτοῦ-τοῦτο
2732 4597 3039 4673 δείκνυσιν.
3053 4597 3232 4673 Paulo
3253 4611 3371 4668 post
3393 4600 3648 4673 Seguer.,

2077 4664 2211 4736 ἀλλὰ
2238 4667 2344 4736 γὰρ
2376 4666 2466 4736 καὶ⁹
2495 4668 2572 4736 αἱ.
2607 4667 2744 4720 Editi
2772 4677 2823 4720 et
2855 4669 2966 4732 alii,
2991 4668 3126 4722 ἀλλά
3156 4664 3263 4723 καῖ
3283 4673 3361 4724 αί.

2148 4735 2222 4801 (3)
2247 4734 2457 4808 Anglic.
2480 4734 2696 4808 Gobler.
2727 4746 2777 4790 et
2804 4736 2944 4808 Felc.
2977 4739 3026 4801 1,
3055 4740 3194 4793 ἐπεί.
3231 4741 3362 4795 Ibid.
3391 4741 3647 4808 Seguer.,

2077 4804 2501 4872 προφασίζονται
2545 4805 2614 4858 τά
2663 4806 2802 4861 θεῖα.
2846 4806 2984 4863 Editi
3031 4823 3153 4863 cum
3193 4811 3336 4878 aliis,
3380 4804 3650 4883 «potandi;

2076 4872 2256 4936 ζονται
2289 4875 2382 4926 καὶ
2411 4874 2548 4928 θεῖα.

2109 4890 2256 4926 ονται
2289 4890 2382 4926 και
2411 4890 2548 4928 υεια.

2151 4944 2224 5019 (4)
2253 4943 2473 5019 Seguer.
2505 4945 2722 5019 Gobler.
2750 4957 2803 5001 et
2830 4947 2970 5019 Felc.
3003 4949 3052 5002 1.
3084 4947 3153 5001 τὰ
3181 4949 3320 5019 ῥητά
3351 4951 3443 5004 καὶ
3471 4950 3647 5016 δεῖξαι

2078 5013 2246 5090 ταῦτα
2287 5015 2405 5090 μέν,
2439 5024 2544 5070 etc.
2579 5015 2685 5069 Alii
2716 5027 2770 5071 et
2805 5018 2954 5083 editi,
2990 5019 3058 5072 τά
3102 5013 3320 5090 ῥήματα
3351 5021 3446 5074 καὶ
3476 5013 3647 5086 δεῖξαι

2077 5083 2283 5146 τούτοις
2307 5085 2494 5138 ταῦτα.

2139 5153 2347 5273 Sic
2377 5155 2692 5226 Seguerian.
2718 5157 2788 5209 At
2813 5155 2904 5210 alii
2929 5167 2984 5211 et
3016 5158 3166 5223 editi,
3197 5159 3346 5230 παρὰ
3372 5161 3450 5218 τῶ
3487 5161 3647 5214 Ἀπο-

2076 5237 2261 5276 στολω.

2143 5275 2225 5367 (6)⁸
2252 5275 2401 5367 Felc.
2441 5294 2496 5367 ﬁ.
2537 5292 2710 5367 Ἰησοῦ
2751 5295 3012 5367 Χριστοῦ.
3040 5296 3239 5367 ίΡοιιΙο-
3266 5308 3388 5354 post
3416 5298 3622 5355 Golder

2072 5360 2215 5414 Felc.
2251 5365 2302 5425 1,
2325 5364 2411 5417 διά
2435 5363 2490 5416 δὲ
2516 5360 2608 5416 τοῦ
2636 5360 2820 5427 Δαυῒδζ
2848 5365 2934 5419 διὰ
2973 5366 3145 5419 τοῦτο.

2141 5431 2217 5501 (7)
2252 5432 2630 5503 Seguerianus,
2655 5434 2965 5490 Goblerian.
2999 5446 3052 5490 et
3095 5435 3234 5491 Felc.
3267 5438 3312 5497 1,
3347 5439 3461 5490 ἐστι
3496 5439 3644 5492 πάν-

2071 5518 2197 5576 τως,
2240 5511 2294 5576 et
2338 5518 2460 5556 mox
2484 5543 2498 5563 ,
2695 5506 2784 5576 xui.
2826 5507 3050 5576 γράψαι.
3091 5503 3230 5561 Editi
3270 5523 3397 5562 vero
3431 5519 3483 5563 et
3520 5509 3641 5575 alii,

2073 5572 2216 5623 ἐστιν
2239 5573 2423 5635 ὅντως,
2448 5582 2519 5637 cl,
2546 5572 2680 5627 ἀλλά
2706 5575 2798 5627 καὶ
2830 5572 3050 5646 πρᾶξαι.
