  <div class='ocr_page' id='page_1' title='image "/cluster/home/n/w/nwhite01/storage/ocr_20150623/26/nnc1.0046978577/052.png"; bbox 0 0 3850 6218; ppageno 0'>
   <div class='ocr_carea' id='block_1_1' title="bbox 230 257 3476 321">
    <p class='ocr_par' dir='ltr' id='par_1_1' title="bbox 230 257 3476 321">
     <span class='ocr_line' id='line_1_1' title="bbox 230 257 3476 321; baseline -0.002 -1"><span class='ocrx_word' id='word_1_1' title='bbox 230 257 302 312; x_wconf 77' lang='grc'><strong>89</strong></span> <span class='ocrx_word' id='word_1_2' title='bbox 1329 259 1588 318; x_wconf 71' lang='lat' dir='ltr'><strong>ORATIO</strong></span> <span class='ocrx_word' id='word_1_3' title='bbox 1629 262 1646 316; x_wconf 95' lang='grc'><strong>1</strong></span> <span class='ocrx_word' id='word_1_4' title='bbox 1681 263 1957 320; x_wconf 73' lang='lat' dir='ltr'><strong>CONTRA</strong></span> <span class='ocrx_word' id='word_1_5' title='bbox 1995 264 2315 321; x_wconf 68' lang='lat' dir='ltr'><strong>ARIANOS.</strong></span> <span class='ocrx_word' id='word_1_6' title='bbox 3405 258 3476 313; x_wconf 82' lang='lat'><strong>90</strong></span> 
     </span>
    </p>
   </div>
   <div class='ocr_carea' id='block_1_2' title="bbox 225 377 1796 456">
    <p class='ocr_par' dir='ltr' id='par_1_2' title="bbox 225 377 1796 452">
     <span class='ocr_line' id='line_1_2' title="bbox 225 377 1796 452; baseline 0.006 -22"><span class='ocrx_word' id='word_1_7' title='bbox 225 377 347 441; x_wconf 77' lang='grc' dir='ltr'>ϐιός</span> <span class='ocrx_word' id='word_1_8' title='bbox 386 393 445 431; x_wconf 85' lang='grc' dir='ltr'><strong>τε</strong></span> <span class='ocrx_word' id='word_1_9' title='bbox 475 378 570 432; x_wconf 71' lang='grc' dir='ltr'>καὶ</span> <span class='ocrx_word' id='word_1_10' title='bbox 608 381 844 452; x_wconf 68' lang='grc' dir='ltr'>Ἄρειος,</span> <span class='ocrx_word' id='word_1_11' title='bbox 881 382 973 438; x_wconf 80' lang='grc' dir='ltr'>καὶ</span> <span class='ocrx_word' id='word_1_12' title='bbox 1001 383 1051 436; x_wconf 78' lang='lat' dir='ltr'><strong>oi</strong></span> <span class='ocrx_word' id='word_1_13' title='bbox 1083 384 1177 437; x_wconf 77' lang='grc' dir='ltr'>ἀπ’</span> <span class='ocrx_word' id='word_1_14' title='bbox 1209 383 1388 438; x_wconf 83' lang='grc' dir='ltr'>αὐτῶν</span> <span class='ocrx_word' id='word_1_15' title='bbox 1421 385 1476 438; x_wconf 83' lang='grc' dir='ltr'>δὲ</span> <span class='ocrx_word' id='word_1_16' title='bbox 1509 385 1687 438; x_wconf 85' lang='grc' dir='ltr'>λαλεῖν</span> <span class='ocrx_word' id='word_1_17' title='bbox 1711 387 1796 440; x_wconf 59' lang='grc' dir='ltr'>οὐν</span> 
     </span>
    </p>
   </div>
   <div class='ocr_carea' id='block_1_3' title="bbox 1907 377 3476 456">
    <p class='ocr_par' dir='ltr' id='par_1_3' title="bbox 1914 380 3476 456">
     <span class='ocr_line' id='line_1_3' title="bbox 1914 380 3476 456; baseline -0.003 -17"><span class='ocrx_word' id='word_1_18' title='bbox 1914 402 2031 440; x_wconf 90' lang='lat' dir='ltr'><strong>rum</strong></span> <span class='ocrx_word' id='word_1_19' title='bbox 2073 389 2313 450; x_wconf 72' lang='lat' dir='ltr'><strong>asseclae,</strong></span> <span class='ocrx_word' id='word_1_20' title='bbox 2345 405 2450 442; x_wconf 81' lang='lat' dir='ltr'><strong>non</strong></span> <span class='ocrx_word' id='word_1_21' title='bbox 2479 387 2812 442; x_wconf 90' lang='lat' dir='ltr'><strong>attendentes</strong></span> <span class='ocrx_word' id='word_1_22' title='bbox 2835 392 3093 456; x_wconf 84' lang='lat' dir='ltr'><strong>quantam</strong></span> <span class='ocrx_word' id='word_1_23' title='bbox 3123 380 3363 435; x_wconf 76' lang='lat' dir='ltr'><strong>redoleat</strong></span> <span class='ocrx_word' id='word_1_24' title='bbox 3392 382 3476 434; x_wconf 83' lang='lat' dir='ltr'><strong>in-</strong></span> 
     </span>
    </p>
   </div>
   <div class='ocr_carea' id='block_1_4' title="bbox 223 469 1806 548">
    <p class='ocr_par' dir='ltr' id='par_1_4' title="bbox 223 469 1806 548">
     <span class='ocr_line' id='line_1_4' title="bbox 223 469 1806 548; baseline 0.006 -27"><span class='ocrx_word' id='word_1_25' title='bbox 223 469 448 523; x_wconf 73' lang='grc' dir='ltr'>ὀκνοῦσι</span> <span class='ocrx_word' id='word_1_26' title='bbox 500 472 643 526; x_wconf 86' lang='grc' dir='ltr'><strong>κατά</strong></span> <span class='ocrx_word' id='word_1_27' title='bbox 689 474 861 544; x_wconf 83' lang='grc' dir='ltr'>μέσην</span> <span class='ocrx_word' id='word_1_28' title='bbox 916 475 1016 528; x_wconf 70' lang='grc' dir='ltr'><strong>τὴν</strong></span> <span class='ocrx_word' id='word_1_29' title='bbox 1048 475 1253 546; x_wconf 82' lang='grc' dir='ltr'>ἀγορὰν</span> <span class='ocrx_word' id='word_1_30' title='bbox 1297 474 1396 546; x_wconf 90' lang='lat'><strong>(8),</strong></span> <span class='ocrx_word' id='word_1_31' title='bbox 1429 476 1525 546; x_wconf 81' lang='grc' dir='ltr'>οὐχ</span> <span class='ocrx_word' id='word_1_32' title='bbox 1575 478 1806 548; x_wconf 84' lang='grc' dir='ltr'>ὁρῶντες</span> 
     </span>
    </p>
   </div>
   <div class='ocr_carea' id='block_1_5' title="bbox 224 564 1810 645">
    <p class='ocr_par' dir='ltr' id='par_1_5' title="bbox 224 564 1810 645">
     <span class='ocr_line' id='line_1_5' title="bbox 224 564 1810 645; baseline 0.006 -29"><span class='ocrx_word' id='word_1_33' title='bbox 224 564 362 635; x_wconf 80' lang='grc' dir='ltr'>ὅσην</span> <span class='ocrx_word' id='word_1_34' title='bbox 392 567 643 636; x_wconf 76' lang='grc' dir='ltr'>μανίανοό</span> <span class='ocrx_word' id='word_1_35' title='bbox 671 568 1026 636; x_wconf 80' lang='grc' dir='ltr'>λόγος·αὐτῶν</span> <span class='ocrx_word' id='word_1_36' title='bbox 1051 572 1183 642; x_wconf 75' lang='grc' dir='ltr'>ἔχει.</span> <span class='ocrx_word' id='word_1_37' title='bbox 1200 573 1262 625; x_wconf 85' lang='grc' dir='ltr'>Εἰ</span> <span class='ocrx_word' id='word_1_38' title='bbox 1282 571 1390 644; x_wconf 70' lang='grc' dir='ltr'>γὰρ</span> <span class='ocrx_word' id='word_1_39' title='bbox 1409 573 1597 642; x_wconf 90' lang='grc' dir='ltr'>μισθὸν</span> <span class='ocrx_word' id='word_1_40' title='bbox 1623 590 1810 645; x_wconf 84' lang='grc' dir='ltr'>προαι-</span> 
     </span>
    </p>
   </div>
   <div class='ocr_carea' id='block_1_6' title="bbox 157 655 1804 735">
    <p class='ocr_par' dir='ltr' id='par_1_6' title="bbox 157 655 1804 735">
     <span class='ocr_line' id='line_1_6' title="bbox 157 655 1804 735; baseline 0.007 -26"><span class='ocrx_word' id='word_1_41' title='bbox 157 681 160 684; x_wconf 62' lang='lat'><strong><em>~</em></strong></span> <span class='ocrx_word' id='word_1_42' title='bbox 227 655 432 728; x_wconf 83' lang='grc' dir='ltr'>ρέσεως</span> <span class='ocrx_word' id='word_1_43' title='bbox 457 657 646 712; x_wconf 75' lang='grc' dir='ltr'>ἔλαϐεν</span> <span class='ocrx_word' id='word_1_44' title='bbox 671 660 706 714; x_wconf 73' lang='grc' dir='ltr'>ἃ</span> <span class='ocrx_word' id='word_1_45' title='bbox 733 661 908 732; x_wconf 74' lang='grc' dir='ltr'>ἔσχεν,</span> <span class='ocrx_word' id='word_1_46' title='bbox 939 665 1037 716; x_wconf 81' lang='grc' dir='ltr'>οὐκ</span> <span class='ocrx_word' id='word_1_47' title='bbox 1068 664 1133 718; x_wconf 84' lang='grc' dir='ltr'>ἂν</span> <span class='ocrx_word' id='word_1_48' title='bbox 1165 662 1411 734; x_wconf 78' lang='grc' dir='ltr'>ἐσχηκὼς</span> <span class='ocrx_word' id='word_1_49' title='bbox 1445 664 1584 717; x_wconf 80' lang='grc' dir='ltr'>αὑτά</span> <span class='ocrx_word' id='word_1_50' title='bbox 1632 667 1680 718; x_wconf 82' lang='grc' dir='ltr'>εἰ</span> <span class='ocrx_word' id='word_1_51' title='bbox 1727 664 1804 735; x_wconf 80' lang='grc'>(9)</span> 
     </span>
    </p>
   </div>
   <div class='ocr_carea' id='block_1_7' title="bbox 227 748 1806 828">
    <p class='ocr_par' dir='ltr' id='par_1_7' title="bbox 227 748 1806 828">
     <span class='ocr_line' id='line_1_7' title="bbox 227 748 1806 828; baseline 0.006 -27"><span class='ocrx_word' id='word_1_52' title='bbox 227 748 307 819; x_wconf 76' lang='grc' dir='ltr'>μὴ</span> <span class='ocrx_word' id='word_1_53' title='bbox 337 749 430 803; x_wconf 88' lang='grc' dir='ltr'><strong>τοῦ</strong></span> <span class='ocrx_word' id='word_1_54' title='bbox 462 750 714 822; x_wconf 83' lang='grc' dir='ltr'><strong>δεομένου</strong></span> <span class='ocrx_word' id='word_1_55' title='bbox 742 754 800 806; x_wconf 89' lang='grc' dir='ltr'><strong>τὸ</strong></span> <span class='ocrx_word' id='word_1_56' title='bbox 825 754 984 826; x_wconf 80' lang='grc' dir='ltr'>ἔργον</span> <span class='ocrx_word' id='word_1_57' title='bbox 1005 756 1322 822; x_wconf 79' lang='grc' dir='ltr'>ὲνεδείξατο’</span> <span class='ocrx_word' id='word_1_58' title='bbox 1377 755 1437 821; x_wconf 78' lang='grc' dir='ltr'>ἐξ</span> <span class='ocrx_word' id='word_1_59' title='bbox 1469 757 1668 828; x_wconf 80' lang='grc' dir='ltr'>ἀρετῆς</span> <span class='ocrx_word' id='word_1_60' title='bbox 1698 758 1806 828; x_wconf 80' lang='grc' dir='ltr'>ἄρα</span> 
     </span>
    </p>
   </div>
   <div class='ocr_carea' id='block_1_8' title="bbox 222 840 1802 920">
    <p class='ocr_par' dir='ltr' id='par_1_8' title="bbox 222 840 1802 920">
     <span class='ocr_line' id='line_1_8' title="bbox 222 840 1802 920; baseline 0.006 -29"><span class='ocrx_word' id='word_1_61' title='bbox 222 840 322 892; x_wconf 75' lang='grc' dir='ltr'>καὶ</span> <span class='ocrx_word' id='word_1_62' title='bbox 355 840 686 911; x_wconf 80' lang='grc' dir='ltr'><strong>βελτιώσεως</strong></span> <span class='ocrx_word' id='word_1_63' title='bbox 711 843 886 900; x_wconf 78' lang='grc' dir='ltr'>ταῦτα</span> <span class='ocrx_word' id='word_1_64' title='bbox 911 847 1159 918; x_wconf 79' lang='grc' dir='ltr'>ἐσχηκὼς</span> <span class='ocrx_word' id='word_1_65' title='bbox 1195 847 1326 920; x_wconf 93' lang='grc'>(10),</span> <span class='ocrx_word' id='word_1_66' title='bbox 1357 848 1580 911; x_wconf 77' lang='grc' dir='ltr'><strong>εἰκότως</strong></span> <span class='ocrx_word' id='word_1_67' title='bbox 1613 849 1802 920; x_wconf 80' lang='grc' dir='ltr'><strong>ἐλέχθη</strong></span> 
     </span>
    </p>
   </div>
   <div class='ocr_carea' id='block_1_9' title="bbox 221 930 1806 1013">
    <p class='ocr_par' dir='ltr' id='par_1_9' title="bbox 221 930 1806 1013">
     <span class='ocr_line' id='line_1_9' title="bbox 221 930 1806 1013; baseline 0.008 -30"><span class='ocrx_word' id='word_1_68' title='bbox 221 930 314 984; x_wconf 82' lang='grc' dir='ltr'><strong>διὰ</strong></span> <span class='ocrx_word' id='word_1_69' title='bbox 341 932 512 986; x_wconf 83' lang='grc' dir='ltr'>ταῦτα</span> <span class='ocrx_word' id='word_1_70' title='bbox 545 935 639 989; x_wconf 67' lang='grc' dir='ltr'><strong>καὶ</strong></span> <span class='ocrx_word' id='word_1_71' title='bbox 667 935 795 1000; x_wconf 80' lang='grc' dir='ltr'>Υἱὸς</span> <span class='ocrx_word' id='word_1_72' title='bbox 823 938 917 990; x_wconf 76' lang='grc' dir='ltr'>καὶ</span> <span class='ocrx_word' id='word_1_73' title='bbox 949 938 1099 1003; x_wconf 88' lang='grc' dir='ltr'>Θεὸς,</span> <span class='ocrx_word' id='word_1_74' title='bbox 1125 941 1219 993; x_wconf 81' lang='grc' dir='ltr'>καὶ</span> <span class='ocrx_word' id='word_1_75' title='bbox 1250 941 1348 993; x_wconf 81' lang='grc' dir='ltr'>οὐκ</span> <span class='ocrx_word' id='word_1_76' title='bbox 1382 941 1527 994; x_wconf 73' lang='grc' dir='ltr'>ἔστιν</span> <span class='ocrx_word' id='word_1_77' title='bbox 1556 943 1806 1013; x_wconf 86' lang='grc' dir='ltr'>ἀληθινὸς</span> 
     </span>
    </p>
   </div>
   <div class='ocr_carea' id='block_1_10' title="bbox 223 1022 1802 1104">
    <p class='ocr_par' dir='ltr' id='par_1_10' title="bbox 223 1022 1802 1104">
     <span class='ocr_line' id='line_1_10' title="bbox 223 1022 1802 1104; baseline 0.009 -30"><span class='ocrx_word' id='word_1_78' title='bbox 223 1022 374 1086; x_wconf 76' lang='grc' dir='ltr'><strong>Υἱός.</strong></span> <span class='ocrx_word' id='word_1_79' title='bbox 399 1026 471 1078; x_wconf 91' lang='grc' dir='ltr'><strong>Τὸ</strong></span> <span class='ocrx_word' id='word_1_80' title='bbox 499 1027 596 1096; x_wconf 83' lang='grc' dir='ltr'>μὲν</span> <span class='ocrx_word' id='word_1_81' title='bbox 621 1027 728 1099; x_wconf 85' lang='grc' dir='ltr'><strong>γὰρ</strong></span> <span class='ocrx_word' id='word_1_82' title='bbox 754 1028 817 1082; x_wconf 77' lang='grc' dir='ltr'>ἔκ</span> <span class='ocrx_word' id='word_1_83' title='bbox 846 1047 990 1094; x_wconf 87' lang='grc' dir='ltr'>τινος</span> <span class='ocrx_word' id='word_1_84' title='bbox 1022 1031 1162 1084; x_wconf 84' lang='grc' dir='ltr'><strong>κατά</strong></span> <span class='ocrx_word' id='word_1_85' title='bbox 1191 1033 1350 1101; x_wconf 82' lang='grc' dir='ltr'>φύσιν</span> <span class='ocrx_word' id='word_1_86' title='bbox 1397 1032 1645 1104; x_wconf 82' lang='grc' dir='ltr'>ἀληθινόν</span> <span class='ocrx_word' id='word_1_87' title='bbox 1688 1036 1802 1088; x_wconf 80' lang='grc' dir='ltr'>ἐστι</span> 
     </span>
    </p>
   </div>
   <div class='ocr_carea' id='block_1_11' title="bbox 222 1111 1802 1196">
    <p class='ocr_par' dir='ltr' id='par_1_11' title="bbox 222 1111 1802 1196">
     <span class='ocr_line' id='line_1_11' title="bbox 222 1111 1802 1196; baseline 0.006 -28"><span class='ocrx_word' id='word_1_88' title='bbox 222 1115 491 1187; x_wconf 80' lang='grc' dir='ltr'><strong>γέννημα,</strong></span> <span class='ocrx_word' id='word_1_89' title='bbox 523 1111 633 1182; x_wconf 84' lang='grc' dir='ltr'>οἷος</span> <span class='ocrx_word' id='word_1_90' title='bbox 680 1115 748 1190; x_wconf 85' lang='grc' dir='ltr'>ἦν</span> <span class='ocrx_word' id='word_1_91' title='bbox 789 1118 972 1174; x_wconf 84' lang='grc' dir='ltr'>Ἰσαὰκ</span> <span class='ocrx_word' id='word_1_92' title='bbox 1004 1121 1081 1192; x_wconf 81' lang='grc' dir='ltr'><strong>τῷ</strong></span> <span class='ocrx_word' id='word_1_93' title='bbox 1136 1123 1404 1195; x_wconf 79' lang='grc' dir='ltr'>Ἀϐραὰμ,</span> <span class='ocrx_word' id='word_1_94' title='bbox 1451 1125 1545 1177; x_wconf 74' lang='grc' dir='ltr'>καὶ</span> <span class='ocrx_word' id='word_1_95' title='bbox 1605 1125 1802 1196; x_wconf 82' lang='grc' dir='ltr'>Ἰωσὴφ</span> 
     </span>
    </p>
   </div>
   <div class='ocr_carea' id='block_1_12' title="bbox 221 1203 1802 1288">
    <p class='ocr_par' dir='ltr' id='par_1_12' title="bbox 221 1203 1802 1288">
     <span class='ocr_line' id='line_1_12' title="bbox 221 1203 1802 1288; baseline 0.006 -29"><span class='ocrx_word' id='word_1_96' title='bbox 221 1203 301 1288; x_wconf 62' lang='grc' dir='ltr'>τῷ</span> <span class='ocrx_word' id='word_1_97' title='bbox 345 1207 560 1272; x_wconf 84' lang='grc' dir='ltr'>Ἰακὼϐ,</span> <span class='ocrx_word' id='word_1_98' title='bbox 587 1210 681 1264; x_wconf 75' lang='grc' dir='ltr'>καὶ</span> <span class='ocrx_word' id='word_1_99' title='bbox 705 1211 766 1264; x_wconf 91' lang='grc' dir='ltr'><strong>τὸ</strong></span> <span class='ocrx_word' id='word_1_100' title='bbox 789 1213 1130 1286; x_wconf 74' lang='grc' dir='ltr'>ἀπαύγασμα</span> <span class='ocrx_word' id='word_1_101' title='bbox 1156 1214 1235 1285; x_wconf 82' lang='grc' dir='ltr'>τῷ</span> <span class='ocrx_word' id='word_1_102' title='bbox 1260 1215 1412 1286; x_wconf 71' lang='grc' dir='ltr'>ἡλίωο</span> <span class='ocrx_word' id='word_1_103' title='bbox 1447 1217 1498 1269; x_wconf 82' lang='grc' dir='ltr'>οἱ</span> <span class='ocrx_word' id='word_1_104' title='bbox 1519 1216 1574 1269; x_wconf 76' lang='grc' dir='ltr'>δὲ</span> <span class='ocrx_word' id='word_1_105' title='bbox 1595 1215 1653 1280; x_wconf 68' lang='grc' dir='ltr'>ἐξ</span> <span class='ocrx_word' id='word_1_106' title='bbox 1672 1218 1802 1288; x_wconf 85' lang='grc' dir='ltr'>ἀρε-</span> 
     </span>
    </p>
   </div>
   <div class='ocr_carea' id='block_1_13' title="bbox 225 1284 1802 1377">
    <p class='ocr_par' dir='ltr' id='par_1_13' title="bbox 225 1284 1802 1377">
     <span class='ocr_line' id='line_1_13' title="bbox 225 1284 1802 1377; baseline 0.008 -27"><span class='ocrx_word' id='word_1_107' title='bbox 225 1284 321 1368; x_wconf 72' lang='grc' dir='ltr'>τῆς</span> <span class='ocrx_word' id='word_1_108' title='bbox 351 1300 445 1352; x_wconf 80' lang='grc' dir='ltr'>καὶ</span> <span class='ocrx_word' id='word_1_109' title='bbox 470 1301 692 1374; x_wconf 86' lang='grc' dir='ltr'>χάριτος</span> <span class='ocrx_word' id='word_1_110' title='bbox 719 1302 1000 1374; x_wconf 85' lang='grc' dir='ltr'>λεγόμενοι</span> <span class='ocrx_word' id='word_1_111' title='bbox 1031 1284 1214 1375; x_wconf 3' lang='grc' dir='ltr'>μόνον)</span> <span class='ocrx_word' id='word_1_112' title='bbox 1249 1284 1386 1358; x_wconf 73' lang='grc' dir='ltr'>είσὶν</span> <span class='ocrx_word' id='word_1_113' title='bbox 1441 1307 1654 1377; x_wconf 79' lang='grc' dir='ltr'>ἔχοντες</span> <span class='ocrx_word' id='word_1_114' title='bbox 1681 1284 1802 1362; x_wconf 73' lang='grc' dir='ltr'>ἀντὶ</span> 
     </span>
    </p>
   </div>
   <div class='ocr_carea' id='block_1_14' title="bbox 221 1387 1802 1467">
    <p class='ocr_par' dir='ltr' id='par_1_14' title="bbox 221 1387 1802 1467">
     <span class='ocr_line' id='line_1_14' title="bbox 221 1387 1802 1467; baseline 0.005 -26"><span class='ocrx_word' id='word_1_115' title='bbox 221 1387 323 1458; x_wconf 83' lang='grc' dir='ltr'>τῆς</span> <span class='ocrx_word' id='word_1_116' title='bbox 355 1388 568 1458; x_wconf 84' lang='grc' dir='ltr'>φύσεως</span> <span class='ocrx_word' id='word_1_117' title='bbox 623 1391 722 1463; x_wconf 84' lang='grc' dir='ltr'><strong>τὴν</strong></span> <span class='ocrx_word' id='word_1_118' title='bbox 769 1394 834 1446; x_wconf 82' lang='grc' dir='ltr'>ὲκ</span> <span class='ocrx_word' id='word_1_119' title='bbox 889 1393 983 1446; x_wconf 83' lang='grc' dir='ltr'><strong>τοῦ</strong></span> <span class='ocrx_word' id='word_1_120' title='bbox 1047 1393 1232 1448; x_wconf 87' lang='grc' dir='ltr'>λαϐεῖν</span> <span class='ocrx_word' id='word_1_121' title='bbox 1265 1395 1445 1467; x_wconf 80' lang='grc' dir='ltr'>χάριν,</span> <span class='ocrx_word' id='word_1_122' title='bbox 1509 1396 1602 1449; x_wconf 71' lang='grc' dir='ltr'><strong>κα)⁸</strong></span> <span class='ocrx_word' id='word_1_123' title='bbox 1653 1396 1802 1449; x_wconf 83' lang='grc' dir='ltr'>ἄλλοι</span> 
     </span>
    </p>
   </div>
   <div class='ocr_carea' id='block_1_15' title="bbox 224 1479 1800 1562">
    <p class='ocr_par' dir='ltr' id='par_1_15' title="bbox 224 1479 1800 1562">
     <span class='ocr_line' id='line_1_15' title="bbox 224 1479 1800 1562; baseline 0.008 -31"><span class='ocrx_word' id='word_1_124' title='bbox 224 1480 374 1550; x_wconf 75' lang='grc' dir='ltr'>παρὰ</span> <span class='ocrx_word' id='word_1_125' title='bbox 409 1479 518 1552; x_wconf 90' lang='grc'>(11)</span> <span class='ocrx_word' id='word_1_126' title='bbox 545 1481 606 1535; x_wconf 89' lang='grc' dir='ltr'><strong>τὸ</strong></span> <span class='ocrx_word' id='word_1_127' title='bbox 635 1482 784 1537; x_wconf 82' lang='grc' dir='ltr'>δοθὲν</span> <span class='ocrx_word' id='word_1_128' title='bbox 814 1484 997 1549; x_wconf 85' lang='grc' dir='ltr'>αὐτοῖς</span> <span class='ocrx_word' id='word_1_129' title='bbox 1016 1485 1187 1553; x_wconf 77' lang='grc' dir='ltr'>ὅντες,</span> <span class='ocrx_word' id='word_1_130' title='bbox 1224 1482 1325 1540; x_wconf 74' lang='grc' dir='ltr'>οἷοί</span> <span class='ocrx_word' id='word_1_131' title='bbox 1351 1490 1484 1541; x_wconf 74' lang='grc' dir='ltr'>εἰσιν</span> <span class='ocrx_word' id='word_1_132' title='bbox 1512 1491 1562 1542; x_wconf 91' lang='grc' dir='ltr'>οἱ</span> <span class='ocrx_word' id='word_1_133' title='bbox 1593 1490 1800 1562; x_wconf 77' lang='grc' dir='ltr'>ἄνθρω-</span> 
     </span>
    </p>
   </div>
   <div class='ocr_carea' id='block_1_16' title="bbox 223 1571 1801 1651">
    <p class='ocr_par' dir='ltr' id='par_1_16' title="bbox 223 1571 1801 1651">
     <span class='ocr_line' id='line_1_16' title="bbox 223 1571 1801 1651; baseline 0.009 -30"><span class='ocrx_word' id='word_1_134' title='bbox 223 1587 313 1622; x_wconf 80' lang='grc' dir='ltr'><strong>ποι</strong></span> <span class='ocrx_word' id='word_1_135' title='bbox 343 1571 554 1624; x_wconf 79' lang='grc' dir='ltr'>οἱκατὰ</span> <span class='ocrx_word' id='word_1_136' title='bbox 579 1574 810 1646; x_wconf 75' lang='grc' dir='ltr'>μετοχὴν</span> <span class='ocrx_word' id='word_1_137' title='bbox 834 1574 1058 1648; x_wconf 77' lang='grc' dir='ltr'>Πνεῦμα</span> <span class='ocrx_word' id='word_1_138' title='bbox 1087 1576 1362 1644; x_wconf 85' lang='grc' dir='ltr'>λαϐόντες,</span> <span class='ocrx_word' id='word_1_139' title='bbox 1408 1580 1535 1651; x_wconf 79' lang='grc' dir='ltr'>περὶ</span> <span class='ocrx_word' id='word_1_140' title='bbox 1589 1573 1663 1634; x_wconf 84' lang='grc' dir='ltr'>ὧν</span> <span class='ocrx_word' id='word_1_141' title='bbox 1709 1583 1801 1636; x_wconf 74' lang='grc' dir='ltr'>καὶ</span> 
     </span>
    </p>
   </div>
   <div class='ocr_carea' id='block_1_17' title="bbox 221 1659 1800 1742">
    <p class='ocr_par' dir='ltr' id='par_1_17' title="bbox 221 1659 1800 1742">
     <span class='ocr_line' id='line_1_17' title="bbox 221 1659 1800 1742; baseline 0.009 -30"><span class='ocrx_word' id='word_1_142' title='bbox 221 1659 425 1729; x_wconf 58' lang='grc' dir='ltr'>ὓεγεν·</span> <span class='ocrx_word' id='word_1_143' title='bbox 469 1663 642 1731; x_wconf 85' lang='grc' dir='ltr'>Υίοὺς</span> <span class='ocrx_word' id='word_1_144' title='bbox 667 1665 965 1735; x_wconf 81' lang='grc' dir='ltr'><strong>ἐγέννησα</strong></span> <span class='ocrx_word' id='word_1_145' title='bbox 993 1668 1091 1722; x_wconf 80' lang='grc' dir='ltr'><strong>καί</strong></span> <span class='ocrx_word' id='word_1_146' title='bbox 1136 1669 1373 1738; x_wconf 70' lang='grc' dir='ltr'>ὕψωσα,</span> <span class='ocrx_word' id='word_1_147' title='bbox 1405 1671 1575 1725; x_wconf 76' lang='grc' dir='ltr'>αὐτοὶ</span> <span class='ocrx_word' id='word_1_148' title='bbox 1629 1671 1696 1726; x_wconf 85' lang='grc' dir='ltr'><strong>δέ</strong></span> <span class='ocrx_word' id='word_1_149' title='bbox 1723 1691 1800 1742; x_wconf 83' lang='grc' dir='ltr'><strong>με</strong></span> 
     </span>
    </p>
   </div>
   <div class='ocr_carea' id='block_1_18' title="bbox 218 1751 1798 1833">
    <p class='ocr_par' dir='ltr' id='par_1_18' title="bbox 218 1751 1798 1833">
     <span class='ocr_line' id='line_1_18' title="bbox 218 1751 1798 1833; baseline 0.008 -29"><span class='ocrx_word' id='word_1_150' title='bbox 218 1751 544 1820; x_wconf 77' lang='grc' dir='ltr'><strong>ἠθέτησαν.</strong></span> <span class='ocrx_word' id='word_1_151' title='bbox 583 1755 800 1825; x_wconf 79' lang='grc' dir='ltr'>Ἀμέλει</span> <span class='ocrx_word' id='word_1_152' title='bbox 833 1758 955 1812; x_wconf 77' lang='grc' dir='ltr'>ἐπεὶ</span> <span class='ocrx_word' id='word_1_153' title='bbox 999 1759 1072 1830; x_wconf 83' lang='grc' dir='ltr'><strong>μὴ</strong></span> <span class='ocrx_word' id='word_1_154' title='bbox 1129 1759 1270 1813; x_wconf 83' lang='grc' dir='ltr'><strong>κατά</strong></span> <span class='ocrx_word' id='word_1_155' title='bbox 1323 1760 1484 1830; x_wconf 82' lang='grc' dir='ltr'>φύσιν</span> <span class='ocrx_word' id='word_1_156' title='bbox 1513 1757 1649 1833; x_wconf 82' lang='grc' dir='ltr'>ἦσαν</span> <span class='ocrx_word' id='word_1_157' title='bbox 1671 1764 1798 1828; x_wconf 75' lang='grc' dir='ltr'>υἱοὶ,</span> 
     </span>
    </p>
   </div>
   <div class='ocr_carea' id='block_1_19' title="bbox 216 1842 1796 1924">
    <p class='ocr_par' dir='ltr' id='par_1_19' title="bbox 216 1842 1796 1924">
     <span class='ocr_line' id='line_1_19' title="bbox 216 1842 1796 1924; baseline 0.007 -28"><span class='ocrx_word' id='word_1_158' title='bbox 216 1842 305 1896; x_wconf 79' lang='grc' dir='ltr'>διὰ</span> <span class='ocrx_word' id='word_1_159' title='bbox 324 1843 482 1898; x_wconf 87' lang='grc' dir='ltr'>τοῦτο</span> <span class='ocrx_word' id='word_1_160' title='bbox 511 1846 607 1899; x_wconf 73' lang='grc' dir='ltr'>καὶ</span> <span class='ocrx_word' id='word_1_161' title='bbox 630 1849 951 1918; x_wconf 81' lang='grc' dir='ltr'>τραπέντων</span> <span class='ocrx_word' id='word_1_162' title='bbox 983 1851 1160 1904; x_wconf 78' lang='grc' dir='ltr'>αὐτῶν</span> <span class='ocrx_word' id='word_1_163' title='bbox 1187 1851 1434 1924; x_wconf 80' lang='grc' dir='ltr'><strong>ἀφῃρέθη</strong></span> <span class='ocrx_word' id='word_1_164' title='bbox 1459 1853 1524 1905; x_wconf 85' lang='grc' dir='ltr'><strong>τὸ</strong></span> <span class='ocrx_word' id='word_1_165' title='bbox 1553 1853 1796 1924; x_wconf 84' lang='grc' dir='ltr'>Πνεῦμα,</span> 
     </span>
    </p>
   </div>
   <div class='ocr_carea' id='block_1_20' title="bbox 217 1934 1801 2012">
    <p class='ocr_par' dir='ltr' id='par_1_20' title="bbox 217 1934 1801 2012">
     <span class='ocr_line' id='line_1_20' title="bbox 217 1934 1801 2012; baseline 0.006 -25"><span class='ocrx_word' id='word_1_166' title='bbox 217 1934 312 1987; x_wconf 81' lang='grc' dir='ltr'>καὶ</span> <span class='ocrx_word' id='word_1_167' title='bbox 337 1936 822 2009; x_wconf 77' lang='grc' dir='ltr'>άπεκηρύχθησαν’</span> <span class='ocrx_word' id='word_1_168' title='bbox 851 1941 944 1993; x_wconf 76' lang='grc' dir='ltr'>καὶ</span> <span class='ocrx_word' id='word_1_169' title='bbox 997 1941 1158 1996; x_wconf 86' lang='grc' dir='ltr'>πάλιν</span> <span class='ocrx_word' id='word_1_170' title='bbox 1187 1941 1243 1994; x_wconf 84' lang='grc' dir='ltr'>δὲ</span> <span class='ocrx_word' id='word_1_171' title='bbox 1286 1941 1674 2012; x_wconf 73' lang='grc' dir='ltr'>μετανοοῦντας</span> <span class='ocrx_word' id='word_1_172' title='bbox 1705 1944 1801 1996; x_wconf 77' lang='grc' dir='ltr'><strong>αὑ-</strong></span> 
     </span>
    </p>
   </div>
   <div class='ocr_carea' id='block_1_21' title="bbox 223 2026 1801 2104">
    <p class='ocr_par' dir='ltr' id='par_1_21' title="bbox 223 2026 1801 2104">
     <span class='ocr_line' id='line_1_21' title="bbox 223 2026 1801 2104; baseline 0.006 -26"><span class='ocrx_word' id='word_1_173' title='bbox 223 2028 342 2090; x_wconf 76' lang='grc' dir='ltr'>τοὺς</span> <span class='ocrx_word' id='word_1_174' title='bbox 366 2026 596 2093; x_wconf 82' lang='grc' dir='ltr'>δέξεται,</span> <span class='ocrx_word' id='word_1_175' title='bbox 628 2031 722 2082; x_wconf 71' lang='grc' dir='ltr'>καὶ</span> <span class='ocrx_word' id='word_1_176' title='bbox 749 2031 924 2095; x_wconf 84' lang='grc' dir='ltr'>διδοὺς</span> <span class='ocrx_word' id='word_1_177' title='bbox 947 2033 1008 2086; x_wconf 88' lang='grc' dir='ltr'><strong>τὸ</strong></span> <span class='ocrx_word' id='word_1_178' title='bbox 1039 2033 1173 2103; x_wconf 84' lang='grc' dir='ltr'>φῶς,</span> <span class='ocrx_word' id='word_1_179' title='bbox 1204 2033 1364 2088; x_wconf 88' lang='grc' dir='ltr'>πάλιν</span> <span class='ocrx_word' id='word_1_180' title='bbox 1390 2036 1542 2098; x_wconf 79' lang='grc' dir='ltr'>υἱοὺς</span> <span class='ocrx_word' id='word_1_181' title='bbox 1567 2034 1677 2104; x_wconf 70' lang='grc'>(12)</span> <span class='ocrx_word' id='word_1_182' title='bbox 1708 2052 1801 2088; x_wconf 86' lang='grc' dir='ltr'>κα-</span> 
     </span>
    </p>
   </div>
   <div class='ocr_carea' id='block_1_22' title="bbox 215 2117 1801 2199">
    <p class='ocr_par' dir='ltr' id='par_1_22' title="bbox 215 2117 1801 2199">
     <span class='ocr_line' id='line_1_22' title="bbox 215 2117 1801 2199; baseline 0.004 -27"><span class='ocrx_word' id='word_1_183' title='bbox 215 2117 363 2173; x_wconf 84' lang='grc' dir='ltr'>λέσει</span> <span class='ocrx_word' id='word_1_184' title='bbox 387 2122 416 2174; x_wconf 81' lang='grc' dir='ltr'><strong>ὁ</strong></span> <span class='ocrx_word' id='word_1_185' title='bbox 439 2121 535 2174; x_wconf 80' lang='grc' dir='ltr'>καὶ</span> <span class='ocrx_word' id='word_1_186' title='bbox 564 2123 706 2177; x_wconf 85' lang='grc' dir='ltr'><strong>κατά</strong></span> <span class='ocrx_word' id='word_1_187' title='bbox 729 2125 828 2195; x_wconf 80' lang='grc' dir='ltr'>τὴν</span> <span class='ocrx_word' id='word_1_188' title='bbox 857 2126 1031 2199; x_wconf 82' lang='grc' dir='ltr'>ἀρχὴν</span> <span class='ocrx_word' id='word_1_189' title='bbox 1065 2126 1196 2191; x_wconf 89' lang='grc' dir='ltr'>Θεὸς</span> <span class='ocrx_word' id='word_1_190' title='bbox 1228 2126 1370 2180; x_wconf 77' lang='grc' dir='ltr'>οὕτω</span> <span class='ocrx_word' id='word_1_191' title='bbox 1397 2126 1495 2198; x_wconf 81' lang='grc' dir='ltr'>τὴν</span> <span class='ocrx_word' id='word_1_192' title='bbox 1521 2127 1679 2198; x_wconf 82' lang='grc' dir='ltr'>χάριν</span> <span class='ocrx_word' id='word_1_193' title='bbox 1704 2127 1801 2180; x_wconf 83' lang='grc' dir='ltr'><strong>αὐ-</strong></span> 
     </span>
    </p>
   </div>
   <div class='ocr_carea' id='block_1_23' title="bbox 220 2204 1681 2277">
    <p class='ocr_par' dir='ltr' id='par_1_23' title="bbox 220 2204 1681 2277">
     <span class='ocr_line' id='line_1_23' title="bbox 220 2204 1681 2277; baseline 0.001 -13"><span class='ocrx_word' id='word_1_194' title='bbox 220 2215 329 2274; x_wconf 82' lang='grc' dir='ltr'>τοῖς</span> <span class='ocrx_word' id='word_1_195' title='bbox 351 2211 619 2277; x_wconf 75' lang='grc' dir='ltr'>δεδωκώς.</span> <span class='ocrx_word' id='word_1_196' title='bbox 1674 2204 1681 2212; x_wconf 83' lang='grc'><em>’</em></span> 
     </span>
    </p>
   </div>
   <div class='ocr_carea' id='block_1_24' title="bbox 285 2304 1797 2382">
    <p class='ocr_par' dir='ltr' id='par_1_24' title="bbox 285 2304 1797 2382">
     <span class='ocr_line' id='line_1_24' title="bbox 285 2304 1797 2382; baseline 0.004 -23"><span class='ocrx_word' id='word_1_197' title='bbox 285 2304 375 2359; x_wconf 79' lang='grc'><strong>58.</strong></span> <span class='ocrx_word' id='word_1_198' title='bbox 406 2307 469 2359; x_wconf 78' lang='lat' dir='ltr'><strong>Et</strong></span> <span class='ocrx_word' id='word_1_199' title='bbox 501 2305 680 2360; x_wconf 84' lang='grc' dir='ltr'>τοίνυν</span> <span class='ocrx_word' id='word_1_200' title='bbox 716 2305 857 2361; x_wconf 78' lang='grc' dir='ltr'>οὕτω</span> <span class='ocrx_word' id='word_1_201' title='bbox 881 2308 976 2362; x_wconf 76' lang='grc' dir='ltr'>καὶ</span> <span class='ocrx_word' id='word_1_202' title='bbox 1018 2309 1107 2363; x_wconf 88' lang='grc' dir='ltr'><strong>τὸν</strong></span> <span class='ocrx_word' id='word_1_203' title='bbox 1138 2310 1367 2378; x_wconf 76' lang='grc' dir='ltr'>Σωτῆρα</span> <span class='ocrx_word' id='word_1_204' title='bbox 1413 2310 1631 2380; x_wconf 88' lang='grc' dir='ltr'>λέγουσι</span> <span class='ocrx_word' id='word_1_205' title='bbox 1664 2310 1797 2382; x_wconf 80' lang='grc'>(15),</span> 
     </span>
    </p>
   </div>
   <div class='ocr_carea' id='block_1_25' title="bbox 211 2395 1794 2474">
    <p class='ocr_par' dir='ltr' id='par_1_25' title="bbox 211 2395 1794 2474">
     <span class='ocr_line' id='line_1_25' title="bbox 211 2395 1794 2474; baseline 0.007 -26"><span class='ocrx_word' id='word_1_206' title='bbox 211 2395 560 2468; x_wconf 79' lang='grc' dir='ltr'>δειχθήσεται</span> <span class='ocrx_word' id='word_1_207' title='bbox 587 2400 724 2470; x_wconf 84' lang='grc' dir='ltr'>μήτε</span> <span class='ocrx_word' id='word_1_208' title='bbox 777 2398 1049 2472; x_wconf 87' lang='grc' dir='ltr'>ἀληθινὸς,</span> <span class='ocrx_word' id='word_1_209' title='bbox 1081 2408 1214 2474; x_wconf 77' lang='grc' dir='ltr'>μήτε</span> <span class='ocrx_word' id='word_1_210' title='bbox 1251 2403 1403 2468; x_wconf 82' lang='grc' dir='ltr'>Θεὸς,</span> <span class='ocrx_word' id='word_1_211' title='bbox 1471 2406 1610 2474; x_wconf 87' lang='grc' dir='ltr'>μήτε</span> <span class='ocrx_word' id='word_1_212' title='bbox 1648 2406 1794 2470; x_wconf 85' lang='grc' dir='ltr'>Υἱὸς,</span> 
     </span>
    </p>
   </div>
   <div class='ocr_carea' id='block_1_26' title="bbox 215 2490 1801 2566">
    <p class='ocr_par' dir='ltr' id='par_1_26' title="bbox 215 2490 1801 2566">
     <span class='ocr_line' id='line_1_26' title="bbox 215 2490 1801 2566; baseline 0.006 -25"><span class='ocrx_word' id='word_1_213' title='bbox 215 2490 358 2560; x_wconf 84' lang='grc' dir='ltr'>μήτε</span> <span class='ocrx_word' id='word_1_214' title='bbox 399 2491 584 2561; x_wconf 83' lang='grc' dir='ltr'>ὅμοιος</span> <span class='ocrx_word' id='word_1_215' title='bbox 606 2491 685 2563; x_wconf 80' lang='grc' dir='ltr'>τῷ</span> <span class='ocrx_word' id='word_1_216' title='bbox 713 2493 910 2566; x_wconf 70' lang='grc' dir='ltr'>Πατρὶ,</span> <span class='ocrx_word' id='word_1_217' title='bbox 945 2496 1079 2565; x_wconf 81' lang='grc' dir='ltr'>μήτε</span> <span class='ocrx_word' id='word_1_218' title='bbox 1107 2495 1242 2558; x_wconf 81' lang='grc' dir='ltr'>ὅλως</span> <span class='ocrx_word' id='word_1_219' title='bbox 1276 2496 1367 2548; x_wconf 89' lang='grc' dir='ltr'><strong>τοῦ</strong></span> <span class='ocrx_word' id='word_1_220' title='bbox 1405 2493 1542 2550; x_wconf 84' lang='grc' dir='ltr'>εἶναι</span> <span class='ocrx_word' id='word_1_221' title='bbox 1566 2499 1686 2551; x_wconf 74' lang='grc' dir='ltr'>κατ’</span> <span class='ocrx_word' id='word_1_222' title='bbox 1712 2498 1801 2550; x_wconf 84' lang='grc' dir='ltr'><strong>οὐ·</strong></span> 
     </span>
    </p>
   </div>
   <div class='ocr_carea' id='block_1_27' title="bbox 218 2582 1801 2660">
    <p class='ocr_par' dir='ltr' id='par_1_27' title="bbox 218 2582 1801 2660">
     <span class='ocr_line' id='line_1_27' title="bbox 218 2582 1801 2660; baseline 0.004 -26"><span class='ocrx_word' id='word_1_223' title='bbox 218 2582 343 2636; x_wconf 86' lang='grc' dir='ltr'>σίαν</span> <span class='ocrx_word' id='word_1_224' title='bbox 375 2583 594 2656; x_wconf 84' lang='grc' dir='ltr'>Πατέρα</span> <span class='ocrx_word' id='word_1_225' title='bbox 618 2584 755 2655; x_wconf 83' lang='grc' dir='ltr'>έχων</span> <span class='ocrx_word' id='word_1_226' title='bbox 784 2585 875 2638; x_wconf 89' lang='grc' dir='ltr'><strong>τὸν</strong></span> <span class='ocrx_word' id='word_1_227' title='bbox 900 2586 1052 2651; x_wconf 84' lang='grc' dir='ltr'>Θεὸν,</span> <span class='ocrx_word' id='word_1_228' title='bbox 1088 2586 1224 2640; x_wconf 86' lang='grc' dir='ltr'><strong>ἀλλά</strong></span> <span class='ocrx_word' id='word_1_229' title='bbox 1254 2588 1350 2657; x_wconf 81' lang='grc' dir='ltr'>τῆς</span> <span class='ocrx_word' id='word_1_230' title='bbox 1383 2587 1628 2660; x_wconf 82' lang='grc' dir='ltr'><strong>δοθείσης</strong></span> <span class='ocrx_word' id='word_1_231' title='bbox 1655 2589 1801 2660; x_wconf 77' lang='grc' dir='ltr'><strong>αὑτῷ</strong></span> 
     </span>
    </p>
   </div>
   <div class='ocr_carea' id='block_1_28' title="bbox 220 2671 1800 2752">
    <p class='ocr_par' dir='ltr' id='par_1_28' title="bbox 220 2671 1800 2752">
     <span class='ocr_line' id='line_1_28' title="bbox 220 2671 1800 2752; baseline 0.004 -26"><span class='ocrx_word' id='word_1_232' title='bbox 220 2671 393 2742; x_wconf 75' lang='grc' dir='ltr'>μόνης</span> <span class='ocrx_word' id='word_1_233' title='bbox 423 2673 661 2743; x_wconf 85' lang='grc' dir='ltr'>χάριτος,</span> <span class='ocrx_word' id='word_1_234' title='bbox 696 2674 789 2727; x_wconf 88' lang='grc' dir='ltr'><strong>τοῦ</strong></span> <span class='ocrx_word' id='word_1_235' title='bbox 816 2675 871 2728; x_wconf 83' lang='grc' dir='ltr'>δὲ</span> <span class='ocrx_word' id='word_1_236' title='bbox 893 2671 1032 2728; x_wconf 83' lang='grc' dir='ltr'>εἶναι</span> <span class='ocrx_word' id='word_1_237' title='bbox 1069 2677 1188 2729; x_wconf 82' lang='grc' dir='ltr'>κατ’</span> <span class='ocrx_word' id='word_1_238' title='bbox 1231 2677 1416 2732; x_wconf 79' lang='grc' dir='ltr'>οὐσίαν</span> <span class='ocrx_word' id='word_1_239' title='bbox 1445 2678 1666 2752; x_wconf 80' lang='grc' dir='ltr'>κτίστην</span> <span class='ocrx_word' id='word_1_240' title='bbox 1712 2681 1800 2732; x_wconf 87' lang='grc' dir='ltr'><strong>τὸν</strong></span> 
     </span>
    </p>
   </div>
   <div class='ocr_carea' id='block_1_29' title="bbox 213 2761 1801 2838">
    <p class='ocr_par' dir='ltr' id='par_1_29' title="bbox 213 2761 1801 2838">
     <span class='ocr_line' id='line_1_29' title="bbox 213 2761 1801 2838; baseline 0.006 -25"><span class='ocrx_word' id='word_1_241' title='bbox 213 2761 369 2827; x_wconf 76' lang='grc' dir='ltr'>Θεὸν,</span> <span class='ocrx_word' id='word_1_242' title='bbox 405 2763 525 2816; x_wconf 87' lang='grc' dir='ltr'>καθ’</span> <span class='ocrx_word' id='word_1_243' title='bbox 553 2766 842 2836; x_wconf 81' lang='grc' dir='ltr'>ὁμοιότητα</span> <span class='ocrx_word' id='word_1_244' title='bbox 871 2766 978 2819; x_wconf 83' lang='grc' dir='ltr'>τῶν</span> <span class='ocrx_word' id='word_1_245' title='bbox 1009 2767 1246 2831; x_wconf 85' lang='grc' dir='ltr'>πάντων,</span> <span class='ocrx_word' id='word_1_246' title='bbox 1281 2767 1438 2838; x_wconf 85' lang='grc' dir='ltr'>έχων.</span> <span class='ocrx_word' id='word_1_247' title='bbox 1467 2769 1715 2833; x_wconf 82' lang='grc' dir='ltr'>Τοιοῦτος</span> <span class='ocrx_word' id='word_1_248' title='bbox 1745 2769 1801 2824; x_wconf 83' lang='grc' dir='ltr'>δὲ</span> 
     </span>
    </p>
   </div>
   <div class='ocr_carea' id='block_1_30' title="bbox 214 2849 1800 2932">
    <p class='ocr_par' dir='ltr' id='par_1_30' title="bbox 214 2849 1800 2932">
     <span class='ocr_line' id='line_1_30' title="bbox 214 2849 1800 2932; baseline 0.004 -25"><span class='ocrx_word' id='word_1_249' title='bbox 214 2853 316 2918; x_wconf 81' lang='grc' dir='ltr'>ὢν,</span> <span class='ocrx_word' id='word_1_250' title='bbox 347 2849 455 2909; x_wconf 73' lang='grc' dir='ltr'>οἷον</span> <span class='ocrx_word' id='word_1_251' title='bbox 479 2851 623 2909; x_wconf 74' lang='grc' dir='ltr'>οῦτοι</span> <span class='ocrx_word' id='word_1_252' title='bbox 657 2857 768 2925; x_wconf 74' lang='grc'>(14)</span> <span class='ocrx_word' id='word_1_253' title='bbox 815 2857 1052 2926; x_wconf 86' lang='grc' dir='ltr'>λέγουσι,</span> <span class='ocrx_word' id='word_1_254' title='bbox 1093 2860 1387 2928; x_wconf 83' lang='grc' dir='ltr'>φανήσεται</span> <span class='ocrx_word' id='word_1_255' title='bbox 1429 2861 1626 2930; x_wconf 83' lang='grc' dir='ltr'>μᾶλλον</span> <span class='ocrx_word' id='word_1_256' title='bbox 1669 2861 1800 2932; x_wconf 80' lang='grc' dir='ltr'>μηδὲ</span> 
     </span>
    </p>
   </div>
   <div class='ocr_carea' id='block_1_31' title="bbox 211 2947 1802 3024">
    <p class='ocr_par' dir='ltr' id='par_1_31' title="bbox 211 2947 1802 3024">
     <span class='ocr_line' id='line_1_31' title="bbox 211 2947 1802 3024; baseline 0.005 -26"><span class='ocrx_word' id='word_1_257' title='bbox 211 2947 275 3012; x_wconf 73' lang='grc' dir='ltr'><strong>ἐξ</strong></span> <span class='ocrx_word' id='word_1_258' title='bbox 310 2947 484 3018; x_wconf 77' lang='grc' dir='ltr'>ἀρχῆς</span> <span class='ocrx_word' id='word_1_259' title='bbox 505 2948 753 3018; x_wconf 77' lang='grc' dir='ltr'>ἐσχηκὼς</span> <span class='ocrx_word' id='word_1_260' title='bbox 779 2949 838 3002; x_wconf 85' lang='grc' dir='ltr'><strong>τὸ</strong></span> <span class='ocrx_word' id='word_1_261' title='bbox 860 2949 1030 3021; x_wconf 79' lang='grc' dir='ltr'>ὄνομα</span> <span class='ocrx_word' id='word_1_262' title='bbox 1056 2951 1202 3014; x_wconf 83' lang='grc' dir='ltr'>Υἱὸς,</span> <span class='ocrx_word' id='word_1_263' title='bbox 1238 2952 1292 3004; x_wconf 77' lang='grc' dir='ltr'><strong>εἴ</strong></span> <span class='ocrx_word' id='word_1_264' title='bbox 1317 2969 1380 3020; x_wconf 89' lang='grc' dir='ltr'><strong>γε</strong></span> <span class='ocrx_word' id='word_1_265' title='bbox 1403 2951 1558 3006; x_wconf 81' lang='grc' dir='ltr'>τοῦτο</span> <span class='ocrx_word' id='word_1_266' title='bbox 1576 2953 1684 3006; x_wconf 84' lang='grc' dir='ltr'><strong>τῶν</strong></span> <span class='ocrx_word' id='word_1_267' title='bbox 1713 2952 1802 3024; x_wconf 79' lang='grc' dir='ltr'>έρ-</span> 
     </span>
    </p>
   </div>
   <div class='ocr_carea' id='block_1_32' title="bbox 1909 473 3477 548">
    <p class='ocr_par' dir='ltr' id='par_1_32' title="bbox 1909 473 3477 548">
     <span class='ocr_line' id='line_1_32' title="bbox 1909 473 3477 548; baseline -0.004 -16"><span class='ocrx_word' id='word_1_268' title='bbox 1909 479 2121 533; x_wconf 90' lang='lat' dir='ltr'><strong>saniatn</strong></span> <span class='ocrx_word' id='word_1_269' title='bbox 2150 479 2418 548; x_wconf 80' lang='lat' dir='ltr'><strong>ejusmodi</strong></span> <span class='ocrx_word' id='word_1_270' title='bbox 2449 479 2664 533; x_wconf 91' lang='lat' dir='ltr'><strong>illorum</strong></span> <span class='ocrx_word' id='word_1_271' title='bbox 2707 491 2908 532; x_wconf 81' lang='lat' dir='ltr'><strong>sermo.</strong></span> <span class='ocrx_word' id='word_1_272' title='bbox 2947 473 3080 528; x_wconf 87' lang='lat' dir='ltr'><strong>Nam</strong></span> <span class='ocrx_word' id='word_1_273' title='bbox 3123 476 3168 527; x_wconf 87' lang='lat' dir='ltr'><strong>si</strong></span> <span class='ocrx_word' id='word_1_274' title='bbox 3211 473 3328 542; x_wconf 84' lang='lat' dir='ltr'><strong>ipsa</strong></span> <span class='ocrx_word' id='word_1_275' title='bbox 3353 486 3477 541; x_wconf 64' lang='lat' dir='ltr'><strong>qua</strong></span> 
     </span>
    </p>
   </div>
   <div class='ocr_carea' id='block_1_33' title="bbox 1908 564 3477 637">
    <p class='ocr_par' dir='ltr' id='par_1_33' title="bbox 1908 564 3477 637">
     <span class='ocr_line' id='line_1_33' title="bbox 1908 564 3477 637; baseline -0.005 -12"><span class='ocrx_word' id='word_1_276' title='bbox 1908 571 2099 626; x_wconf 81' lang='lat' dir='ltr'><strong>habuit</strong></span> <span class='ocrx_word' id='word_1_277' title='bbox 2141 587 2351 627; x_wconf 80' lang='lat' dir='ltr'><strong>merces</strong></span> <span class='ocrx_word' id='word_1_278' title='bbox 2381 581 2464 626; x_wconf 82' lang='lat' dir='ltr'><strong>est</strong></span> <span class='ocrx_word' id='word_1_279' title='bbox 2521 587 2634 626; x_wconf 70' lang='lat' dir='ltr'><strong>sure</strong></span> <span class='ocrx_word' id='word_1_280' title='bbox 2674 568 2990 632; x_wconf 84' lang='lat' dir='ltr'><strong>voluntatis,</strong></span> <span class='ocrx_word' id='word_1_281' title='bbox 3012 582 3186 637; x_wconf 90' lang='lat' dir='ltr'><strong>eaque</strong></span> <span class='ocrx_word' id='word_1_282' title='bbox 3231 580 3338 618; x_wconf 82' lang='lat' dir='ltr'><strong>non</strong></span> <span class='ocrx_word' id='word_1_283' title='bbox 3376 564 3477 617; x_wconf 83' lang='lat' dir='ltr'><strong>ha-</strong></span> 
     </span>
    </p>
   </div>
   <div class='ocr_carea' id='block_1_34' title="bbox 1906 653 3476 735">
    <p class='ocr_par' dir='ltr' id='par_1_34' title="bbox 1906 653 3476 735">
     <span class='ocr_line' id='line_1_34' title="bbox 1906 653 3476 735; baseline -0.006 -16"><span class='ocrx_word' id='word_1_284' title='bbox 1906 663 2114 720; x_wconf 90' lang='lat' dir='ltr'><strong>buisset</strong></span> <span class='ocrx_word' id='word_1_285' title='bbox 2160 664 2263 718; x_wconf 87' lang='lat' dir='ltr'><strong>nisi</strong></span> <span class='ocrx_word' id='word_1_286' title='bbox 2318 665 2612 735; x_wconf 82' lang='lat' dir='ltr'><strong>indigentis</strong></span> <span class='ocrx_word' id='word_1_287' title='bbox 2669 678 2805 732; x_wconf 89' lang='lat' dir='ltr'><strong>opus</strong></span> <span class='ocrx_word' id='word_1_288' title='bbox 2851 653 3246 716; x_wconf 76' lang='lat' dir='ltr'><strong>exhibuiSSet:</strong></span> <span class='ocrx_word' id='word_1_289' title='bbox 3309 657 3476 727; x_wconf 86' lang='lat' dir='ltr'><strong>igitur</strong></span> 
     </span>
    </p>
   </div>
   <div class='ocr_carea' id='block_1_35' title="bbox 1905 748 3472 826">
    <p class='ocr_par' dir='ltr' id='par_1_35' title="bbox 1905 748 3472 826">
     <span class='ocr_line' id='line_1_35' title="bbox 1905 748 3472 826; baseline -0.004 -17"><span class='ocrx_word' id='word_1_290' title='bbox 1905 757 2034 826; x_wconf 89' lang='lat' dir='ltr'><strong>quia</strong></span> <span class='ocrx_word' id='word_1_291' title='bbox 2067 756 2136 811; x_wconf 92' lang='lat' dir='ltr'><strong>ob</strong></span> <span class='ocrx_word' id='word_1_292' title='bbox 2159 771 2312 810; x_wconf 89' lang='lat' dir='ltr'><strong>suam</strong></span> <span class='ocrx_word' id='word_1_293' title='bbox 2345 755 2602 810; x_wconf 83' lang='lat' dir='ltr'><strong>virtutem</strong></span> <span class='ocrx_word' id='word_1_294' title='bbox 2649 756 2883 824; x_wconf 75' lang='lat' dir='ltr'><strong>vitaeque</strong></span> <span class='ocrx_word' id='word_1_295' title='bbox 2931 750 3346 807; x_wconf 90' lang='lat' dir='ltr'><strong>sanctimoniam</strong></span> <span class='ocrx_word' id='word_1_296' title='bbox 3383 748 3472 803; x_wconf 83' lang='lat' dir='ltr'><strong>illa</strong></span> 
     </span>
    </p>
   </div>
   <div class='ocr_carea' id='block_1_36' title="bbox 1905 840 3472 917">
    <p class='ocr_par' dir='ltr' id='par_1_36' title="bbox 1905 840 3472 917">
     <span class='ocr_line' id='line_1_36' title="bbox 1905 840 3472 917; baseline -0.006 -14"><span class='ocrx_word' id='word_1_297' title='bbox 1905 858 1988 903; x_wconf 89' lang='lat' dir='ltr'><strong>est</strong></span> <span class='ocrx_word' id='word_1_298' title='bbox 2023 857 2371 914; x_wconf 83' lang='lat' dir='ltr'><strong>consecutus,</strong></span> <span class='ocrx_word' id='word_1_299' title='bbox 2415 856 2701 917; x_wconf 85' lang='lat' dir='ltr'><strong>eaprOpter</strong></span> <span class='ocrx_word' id='word_1_300' title='bbox 2725 856 2777 901; x_wconf 93' lang='lat' dir='ltr'><strong>et</strong></span> <span class='ocrx_word' id='word_1_301' title='bbox 2811 844 2980 899; x_wconf 88' lang='lat' dir='ltr'><strong>Filius</strong></span> <span class='ocrx_word' id='word_1_302' title='bbox 3012 853 3065 899; x_wconf 91' lang='lat' dir='ltr'><strong>et</strong></span> <span class='ocrx_word' id='word_1_303' title='bbox 3095 843 3238 896; x_wconf 88' lang='lat' dir='ltr'><strong>Deus</strong></span> <span class='ocrx_word' id='word_1_304' title='bbox 3279 840 3472 894; x_wconf 89' lang='lat' dir='ltr'><strong>merito</strong></span> 
     </span>
    </p>
   </div>
   <div class='ocr_carea' id='block_1_37' title="bbox 1905 933 3468 1006">
    <p class='ocr_par' dir='ltr' id='par_1_37' title="bbox 1905 933 3468 1006">
     <span class='ocr_line' id='line_1_37' title="bbox 1905 933 3468 1006; baseline -0.006 -11"><span class='ocrx_word' id='word_1_305' title='bbox 1905 941 2084 996; x_wconf 90' lang='lat' dir='ltr'><strong>dictus</strong></span> <span class='ocrx_word' id='word_1_306' title='bbox 2113 950 2217 1006; x_wconf 91' lang='lat' dir='ltr'><strong>est,</strong></span> <span class='ocrx_word' id='word_1_307' title='bbox 2249 956 2356 995; x_wconf 93' lang='lat' dir='ltr'><strong>non</strong></span> <span class='ocrx_word' id='word_1_308' title='bbox 2390 953 2568 994; x_wconf 89' lang='lat' dir='ltr'><strong>autem</strong></span> <span class='ocrx_word' id='word_1_309' title='bbox 2600 956 2758 995; x_wconf 78' lang='lat' dir='ltr'><strong>verus</strong></span> <span class='ocrx_word' id='word_1_310' title='bbox 2781 951 2868 994; x_wconf 85' lang='lat' dir='ltr'><strong>est</strong></span> <span class='ocrx_word' id='word_1_311' title='bbox 2908 936 3098 991; x_wconf 87' lang='lat' dir='ltr'><strong>Filius.</strong></span> <span class='ocrx_word' id='word_1_312' title='bbox 3130 935 3284 1001; x_wconf 86' lang='lat' dir='ltr'><strong>Quod</strong></span> <span class='ocrx_word' id='word_1_313' title='bbox 3323 933 3468 988; x_wconf 88' lang='lat' dir='ltr'><strong>enim</strong></span> 
     </span>
    </p>
   </div>
   <div class='ocr_carea' id='block_1_38' title="bbox 1902 1022 3472 1102">
    <p class='ocr_par' dir='ltr' id='par_1_38' title="bbox 1902 1022 3472 1102">
     <span class='ocr_line' id='line_1_38' title="bbox 1902 1022 3472 1102; baseline -0.006 -16"><span class='ocrx_word' id='word_1_314' title='bbox 1902 1041 2061 1086; x_wconf 83' lang='lat' dir='ltr'><strong>estex</strong></span> <span class='ocrx_word' id='word_1_315' title='bbox 2085 1033 2266 1102; x_wconf 90' lang='lat' dir='ltr'><strong>aliquo</strong></span> <span class='ocrx_word' id='word_1_316' title='bbox 2289 1032 2588 1087; x_wconf 88' lang='lat' dir='ltr'><strong>secundum</strong></span> <span class='ocrx_word' id='word_1_317' title='bbox 2610 1041 2877 1095; x_wconf 88' lang='lat' dir='ltr'><strong>naturam,</strong></span> <span class='ocrx_word' id='word_1_318' title='bbox 2896 1044 3057 1083; x_wconf 85' lang='lat' dir='ltr'><strong>verus</strong></span> <span class='ocrx_word' id='word_1_319' title='bbox 3073 1035 3158 1082; x_wconf 88' lang='lat' dir='ltr'><strong>est</strong></span> <span class='ocrx_word' id='word_1_320' title='bbox 3188 1025 3348 1080; x_wconf 77' lang='lat' dir='ltr'><strong>fetus.</strong></span> <span class='ocrx_word' id='word_1_321' title='bbox 3381 1022 3472 1078; x_wconf 89' lang='lat' dir='ltr'><strong>Sic</strong></span> 
     </span>
    </p>
   </div>
   <div class='ocr_carea' id='block_1_39' title="bbox 1903 1117 3476 1192">
    <p class='ocr_par' dir='ltr' id='par_1_39' title="bbox 1903 1117 3476 1192">
     <span class='ocr_line' id='line_1_39' title="bbox 1903 1117 3476 1192; baseline -0.004 -16"><span class='ocrx_word' id='word_1_322' title='bbox 1903 1122 2057 1179; x_wconf 84' lang='lat' dir='ltr'><strong>Isaac</strong></span> <span class='ocrx_word' id='word_1_323' title='bbox 2100 1123 2353 1189; x_wconf 65' lang='lat' dir='ltr'><strong>Abrahae,</strong></span> <span class='ocrx_word' id='word_1_324' title='bbox 2391 1122 2590 1192; x_wconf 80' lang='lat' dir='ltr'><strong>Joseph</strong></span> <span class='ocrx_word' id='word_1_325' title='bbox 2617 1121 2823 1186; x_wconf 81' lang='lat' dir='ltr'><strong>Jacobi,</strong></span> <span class='ocrx_word' id='word_1_326' title='bbox 2853 1129 2907 1176; x_wconf 90' lang='lat' dir='ltr'><strong>et</strong></span> <span class='ocrx_word' id='word_1_327' title='bbox 2938 1120 3194 1190; x_wconf 80' lang='lat' dir='ltr'><strong>splendor</strong></span> <span class='ocrx_word' id='word_1_328' title='bbox 3227 1117 3358 1172; x_wconf 88' lang='lat' dir='ltr'><strong>solis</strong></span> <span class='ocrx_word' id='word_1_329' title='bbox 3389 1124 3476 1170; x_wconf 91' lang='lat' dir='ltr'><strong>est</strong></span> 
     </span>
    </p>
   </div>
   <div class='ocr_carea' id='block_1_40' title="bbox 1903 1210 3471 1281">
    <p class='ocr_par' dir='ltr' id='par_1_40' title="bbox 1903 1210 3471 1281">
     <span class='ocr_line' id='line_1_40' title="bbox 1903 1210 3471 1281; baseline -0.002 -15"><span class='ocrx_word' id='word_1_330' title='bbox 1903 1211 2064 1268; x_wconf 77' lang='lat' dir='ltr'><strong>fetus.</strong></span> <span class='ocrx_word' id='word_1_331' title='bbox 2102 1211 2206 1278; x_wconf 91' lang='lat' dir='ltr'><strong>Qui</strong></span> <span class='ocrx_word' id='word_1_332' title='bbox 2234 1229 2360 1267; x_wconf 86' lang='lat' dir='ltr'><strong>vero</strong></span> <span class='ocrx_word' id='word_1_333' title='bbox 2397 1214 2466 1266; x_wconf 88' lang='lat' dir='ltr'><strong>ob</strong></span> <span class='ocrx_word' id='word_1_334' title='bbox 2496 1214 2753 1266; x_wconf 79' lang='lat' dir='ltr'><strong>virtutem</strong></span> <span class='ocrx_word' id='word_1_335' title='bbox 2791 1220 2845 1266; x_wconf 90' lang='lat' dir='ltr'><strong>et</strong></span> <span class='ocrx_word' id='word_1_336' title='bbox 2872 1211 3101 1281; x_wconf 81' lang='lat' dir='ltr'><strong>gratiam</strong></span> <span class='ocrx_word' id='word_1_337' title='bbox 3147 1224 3342 1263; x_wconf 89' lang='lat' dir='ltr'><strong>nomen</strong></span> <span class='ocrx_word' id='word_1_338' title='bbox 3376 1210 3471 1263; x_wconf 82' lang='lat' dir='ltr'><strong>lilii</strong></span> 
     </span>
    </p>
   </div>
   <div class='ocr_carea' id='block_1_41' title="bbox 1903 1302 3473 1373">
    <p class='ocr_par' dir='ltr' id='par_1_41' title="bbox 1903 1302 3473 1373">
     <span class='ocr_line' id='line_1_41' title="bbox 1903 1302 3473 1373; baseline -0.003 -14"><span class='ocrx_word' id='word_1_339' title='bbox 1903 1313 2334 1373; x_wconf 88' lang='lat' dir='ltr'><strong>consequuntur,</strong></span> <span class='ocrx_word' id='word_1_340' title='bbox 2367 1319 2476 1358; x_wconf 88' lang='lat' dir='ltr'><strong>non</strong></span> <span class='ocrx_word' id='word_1_341' title='bbox 2509 1315 2702 1357; x_wconf 89' lang='lat' dir='ltr'><strong>natura</strong></span> <span class='ocrx_word' id='word_1_342' title='bbox 2741 1303 2834 1358; x_wconf 88' lang='lat' dir='ltr'><strong>sed</strong></span> <span class='ocrx_word' id='word_1_343' title='bbox 2886 1302 3264 1355; x_wconf 87' lang='lat' dir='ltr'><strong>tantummodo</strong></span> <span class='ocrx_word' id='word_1_344' title='bbox 3298 1302 3473 1371; x_wconf 82' lang='lat' dir='ltr'><strong>gratia</strong></span> 
     </span>
    </p>
   </div>
   <div class='ocr_carea' id='block_1_42' title="bbox 1905 1391 3472 1466">
    <p class='ocr_par' dir='ltr' id='par_1_42' title="bbox 1905 1391 3472 1466">
     <span class='ocr_line' id='line_1_42' title="bbox 1905 1391 3472 1466; baseline -0.003 -16"><span class='ocrx_word' id='word_1_345' title='bbox 1905 1397 2044 1451; x_wconf 87' lang='lat' dir='ltr'><strong>hanc</strong></span> <span class='ocrx_word' id='word_1_346' title='bbox 2079 1412 2336 1466; x_wconf 85' lang='lat' dir='ltr'><strong>accepere</strong></span> <span class='ocrx_word' id='word_1_347' title='bbox 2378 1396 2716 1465; x_wconf 84' lang='lat' dir='ltr'><strong>dignitatem,</strong></span> <span class='ocrx_word' id='word_1_348' title='bbox 2751 1393 2952 1462; x_wconf 88' lang='lat' dir='ltr'><strong>aliique</strong></span> <span class='ocrx_word' id='word_1_349' title='bbox 2992 1393 3216 1447; x_wconf 88' lang='lat' dir='ltr'><strong>omnino</strong></span> <span class='ocrx_word' id='word_1_350' title='bbox 3247 1401 3371 1446; x_wconf 88' lang='lat' dir='ltr'><strong>sunt</strong></span> <span class='ocrx_word' id='word_1_351' title='bbox 3403 1391 3472 1446; x_wconf 88' lang='lat' dir='ltr'><strong>ab</strong></span> 
     </span>
    </p>
   </div>
   <div class='ocr_carea' id='block_1_43' title="bbox 1901 1483 3469 1559">
    <p class='ocr_par' dir='ltr' id='par_1_43' title="bbox 1901 1483 3469 1559">
     <span class='ocr_line' id='line_1_43' title="bbox 1901 1483 3469 1559; baseline -0.003 -17"><span class='ocrx_word' id='word_1_352' title='bbox 1901 1503 1967 1544; x_wconf 90' lang='lat' dir='ltr'><strong>eo</strong></span> <span class='ocrx_word' id='word_1_353' title='bbox 1998 1489 2140 1559; x_wconf 90' lang='lat' dir='ltr'><strong>quod</strong></span> <span class='ocrx_word' id='word_1_354' title='bbox 2165 1488 2299 1559; x_wconf 90' lang='lat' dir='ltr'><strong>ipsis</strong></span> <span class='ocrx_word' id='word_1_355' title='bbox 2328 1488 2487 1542; x_wconf 88' lang='lat' dir='ltr'><strong>datur</strong></span> <span class='ocrx_word' id='word_1_356' title='bbox 2521 1505 2534 1540; x_wconf 90' lang='lat'><strong>:</strong></span> <span class='ocrx_word' id='word_1_357' title='bbox 2582 1486 2890 1556; x_wconf 77' lang='lat' dir='ltr'><strong>eujusmodi</strong></span> <span class='ocrx_word' id='word_1_358' title='bbox 2925 1494 3054 1538; x_wconf 91' lang='lat' dir='ltr'><strong>sunt</strong></span> <span class='ocrx_word' id='word_1_359' title='bbox 3091 1484 3339 1538; x_wconf 90' lang='lat' dir='ltr'><strong>homines</strong></span> <span class='ocrx_word' id='word_1_360' title='bbox 3375 1483 3469 1553; x_wconf 93' lang='lat' dir='ltr'><strong>qui</strong></span> 
     </span>
    </p>
   </div>
   <div class='ocr_carea' id='block_1_44' title="bbox 1904 1575 3468 1649">
    <p class='ocr_par' dir='ltr' id='par_1_44' title="bbox 1904 1575 3468 1649">
     <span class='ocr_line' id='line_1_44' title="bbox 1904 1575 3468 1649; baseline -0.005 -15"><span class='ocrx_word' id='word_1_361' title='bbox 1904 1579 2139 1649; x_wconf 89' lang='lat' dir='ltr'><strong>Spiritus</strong></span> <span class='ocrx_word' id='word_1_362' title='bbox 2157 1581 2324 1635; x_wconf 88' lang='lat' dir='ltr'><strong>sancti</strong></span> <span class='ocrx_word' id='word_1_363' title='bbox 2354 1579 2641 1648; x_wconf 83' lang='lat' dir='ltr'><strong>participes</strong></span> <span class='ocrx_word' id='word_1_364' title='bbox 2674 1577 2800 1632; x_wconf 78' lang='lat' dir='ltr'><strong>lacti</strong></span> <span class='ocrx_word' id='word_1_365' title='bbox 2831 1585 2979 1641; x_wconf 90' lang='lat' dir='ltr'><strong>sunt,</strong></span> <span class='ocrx_word' id='word_1_366' title='bbox 3002 1577 3068 1631; x_wconf 90' lang='lat' dir='ltr'><strong>de</strong></span> <span class='ocrx_word' id='word_1_367' title='bbox 3084 1577 3283 1646; x_wconf 85' lang='lat' dir='ltr'><strong>quibus</strong></span> <span class='ocrx_word' id='word_1_368' title='bbox 3304 1575 3468 1629; x_wconf 89' lang='lat' dir='ltr'><strong>etiam</strong></span> 
     </span>
    </p>
   </div>
   <div class='ocr_carea' id='block_1_45' title="bbox 1901 1667 3470 1741">
    <p class='ocr_par' dir='ltr' id='par_1_45' title="bbox 1901 1667 3470 1741">
     <span class='ocr_line' id='line_1_45' title="bbox 1901 1667 3470 1741; baseline -0.003 -17"><span class='ocrx_word' id='word_1_369' title='bbox 1901 1671 2050 1735; x_wconf 73' lang='lat' dir='ltr'><strong>dicit,</strong></span> <span class='ocrx_word' id='word_1_370' title='bbox 2080 1669 2250 1724; x_wconf 81' lang='lat' dir='ltr'><strong>Filios</strong></span> <span class='ocrx_word' id='word_1_371' title='bbox 2281 1671 2435 1741; x_wconf 78' lang='lat' dir='ltr'><strong>genui</strong></span> <span class='ocrx_word' id='word_1_372' title='bbox 2464 1680 2513 1724; x_wconf 84' lang='lat' dir='ltr'><strong>et</strong></span> <span class='ocrx_word' id='word_1_373' title='bbox 2545 1669 2797 1733; x_wconf 73' lang='lat' dir='ltr'><strong>exaltavi,</strong></span> <span class='ocrx_word' id='word_1_374' title='bbox 2823 1669 2926 1736; x_wconf 76' lang='lat' dir='ltr'><strong>ipsi</strong></span> <span class='ocrx_word' id='word_1_375' title='bbox 2956 1678 3132 1722; x_wconf 85' lang='lat' dir='ltr'><strong>autem</strong></span> <span class='ocrx_word' id='word_1_376' title='bbox 3161 1684 3241 1721; x_wconf 86' lang='lat' dir='ltr'><strong>me</strong></span> <span class='ocrx_word' id='word_1_377' title='bbox 3263 1667 3470 1737; x_wconf 83' lang='lat' dir='ltr'><strong>repule-</strong></span> 
     </span>
    </p>
   </div>
   <div class='ocr_carea' id='block_1_46' title="bbox 1901 1767 3467 1837">
    <p class='ocr_par' dir='ltr' id='par_1_46' title="bbox 1901 1767 3467 1837">
     <span class='ocr_line' id='line_1_46' title="bbox 1901 1767 3467 1837; baseline -0.001 -17"><span class='ocrx_word' id='word_1_378' title='bbox 1901 1776 2024 1820; x_wconf 84' lang='lat' dir='ltr'><strong>runt</strong></span> <span class='ocrx_word' id='word_1_379' title='bbox 2051 1769 2142 1820; x_wconf 77' lang='lat'><strong>&quot;’.</strong></span> <span class='ocrx_word' id='word_1_380' title='bbox 2187 1767 2344 1822; x_wconf 88' lang='lat' dir='ltr'><strong>Certe</strong></span> <span class='ocrx_word' id='word_1_381' title='bbox 2375 1768 2500 1837; x_wconf 85' lang='lat' dir='ltr'><strong>quia</strong></span> <span class='ocrx_word' id='word_1_382' title='bbox 2532 1784 2639 1822; x_wconf 91' lang='lat' dir='ltr'><strong>non</strong></span> <span class='ocrx_word' id='word_1_383' title='bbox 2659 1778 2851 1822; x_wconf 86' lang='lat' dir='ltr'><strong>natura</strong></span> <span class='ocrx_word' id='word_1_384' title='bbox 2869 1767 2962 1822; x_wconf 81' lang='lat' dir='ltr'><strong>ﬁlii</strong></span> <span class='ocrx_word' id='word_1_385' title='bbox 2981 1776 3156 1832; x_wconf 89' lang='lat' dir='ltr'><strong>erant,</strong></span> <span class='ocrx_word' id='word_1_386' title='bbox 3179 1767 3384 1821; x_wconf 91' lang='lat' dir='ltr'><strong>idcirco</strong></span> <span class='ocrx_word' id='word_1_387' title='bbox 3413 1767 3467 1820; x_wconf 91' lang='lat' dir='ltr'><strong>in</strong></span> 
     </span>
    </p>
   </div>
   <div class='ocr_carea' id='block_1_47' title="bbox 1899 1858 3465 1929">
    <p class='ocr_par' dir='ltr' id='par_1_47' title="bbox 1899 1858 3465 1929">
     <span class='ocr_line' id='line_1_47' title="bbox 1899 1858 3465 1929; baseline 0.001 -18"><span class='ocrx_word' id='word_1_388' title='bbox 1899 1859 2053 1928; x_wconf 82' lang='lat' dir='ltr'><strong>pejus</strong></span> <span class='ocrx_word' id='word_1_389' title='bbox 2083 1859 2307 1914; x_wconf 86' lang='lat' dir='ltr'><strong>mutatis</strong></span> <span class='ocrx_word' id='word_1_390' title='bbox 2333 1860 2549 1914; x_wconf 89' lang='lat' dir='ltr'><strong>ablatus</strong></span> <span class='ocrx_word' id='word_1_391' title='bbox 2579 1870 2660 1913; x_wconf 87' lang='lat' dir='ltr'><strong>est</strong></span> <span class='ocrx_word' id='word_1_392' title='bbox 2685 1859 2940 1929; x_wconf 86' lang='lat' dir='ltr'><strong>Spiritus,</strong></span> <span class='ocrx_word' id='word_1_393' title='bbox 2967 1869 3020 1914; x_wconf 92' lang='lat' dir='ltr'><strong>et</strong></span> <span class='ocrx_word' id='word_1_394' title='bbox 3048 1858 3284 1914; x_wconf 86' lang='lat' dir='ltr'><strong>abdicati</strong></span> <span class='ocrx_word' id='word_1_395' title='bbox 3306 1869 3465 1927; x_wconf 88' lang='lat' dir='ltr'><strong>sunt;</strong></span> 
     </span>
    </p>
   </div>
   <div class='ocr_carea' id='block_1_48' title="bbox 1899 1951 3472 2022">
    <p class='ocr_par' dir='ltr' id='par_1_48' title="bbox 1899 1951 3472 2022">
     <span class='ocr_line' id='line_1_48' title="bbox 1899 1951 3472 2022; baseline 0.003 -20"><span class='ocrx_word' id='word_1_396' title='bbox 1899 1967 2040 2018; x_wconf 75' lang='lat' dir='ltr'><strong>quos</strong></span> <span class='ocrx_word' id='word_1_397' title='bbox 2071 1961 2252 2005; x_wconf 91' lang='lat' dir='ltr'><strong>tamen</strong></span> <span class='ocrx_word' id='word_1_398' title='bbox 2293 1951 2456 2013; x_wconf 86' lang='lat' dir='ltr'><strong>idem,</strong></span> <span class='ocrx_word' id='word_1_399' title='bbox 2509 1952 2619 2022; x_wconf 77' lang='lat' dir='ltr'><strong>qui“</strong></span> <span class='ocrx_word' id='word_1_400' title='bbox 2651 1952 2806 2007; x_wconf 91' lang='lat' dir='ltr'><strong>initio</strong></span> <span class='ocrx_word' id='word_1_401' title='bbox 2842 1952 2948 2006; x_wconf 88' lang='lat' dir='ltr'><strong>illis</strong></span> <span class='ocrx_word' id='word_1_402' title='bbox 2997 1952 3308 2022; x_wconf 90' lang='lat' dir='ltr'><strong>hujusmodi</strong></span> <span class='ocrx_word' id='word_1_403' title='bbox 3345 1967 3472 2021; x_wconf 79' lang='lat' dir='ltr'><strong>gra-</strong></span> 
     </span>
    </p>
   </div>
   <div class='ocr_carea' id='block_1_49' title="bbox 1902 2041 3466 2114">
    <p class='ocr_par' dir='ltr' id='par_1_49' title="bbox 1902 2041 3466 2114">
     <span class='ocr_line' id='line_1_49' title="bbox 1902 2041 3466 2114; baseline 0.003 -20"><span class='ocrx_word' id='word_1_404' title='bbox 1902 2042 2030 2094; x_wconf 76' lang='lat' dir='ltr'><strong>tiam</strong></span> <span class='ocrx_word' id='word_1_405' title='bbox 2055 2041 2283 2111; x_wconf 84' lang='lat' dir='ltr'><strong>largitus</strong></span> <span class='ocrx_word' id='word_1_406' title='bbox 2303 2050 2386 2097; x_wconf 88' lang='lat' dir='ltr'><strong>est</strong></span> <span class='ocrx_word' id='word_1_407' title='bbox 2420 2041 2582 2107; x_wconf 85' lang='lat' dir='ltr'><strong>Deus,</strong></span> <span class='ocrx_word' id='word_1_408' title='bbox 2608 2044 2930 2112; x_wconf 77' lang='lat' dir='ltr'><strong>ptenitentes</strong></span> <span class='ocrx_word' id='word_1_409' title='bbox 2961 2043 3156 2098; x_wconf 90' lang='lat' dir='ltr'><strong>iterum</strong></span> <span class='ocrx_word' id='word_1_410' title='bbox 3181 2045 3466 2114; x_wconf 86' lang='lat' dir='ltr'><strong>suscipiet,</strong></span> 
     </span>
    </p>
   </div>
   <div class='ocr_carea' id='block_1_50' title="bbox 1899 2133 3287 2205">
    <p class='ocr_par' dir='ltr' id='par_1_50' title="bbox 1899 2133 3287 2205">
     <span class='ocr_line' id='line_1_50' title="bbox 1899 2133 3287 2205; baseline 0.001 -19"><span class='ocrx_word' id='word_1_411' title='bbox 1899 2133 2126 2205; x_wconf 89' lang='lat' dir='ltr'><strong>luceque</strong></span> <span class='ocrx_word' id='word_1_412' title='bbox 2147 2133 2419 2204; x_wconf 88' lang='lat' dir='ltr'><strong>impertita</strong></span> <span class='ocrx_word' id='word_1_413' title='bbox 2453 2149 2646 2190; x_wconf 83' lang='lat' dir='ltr'><strong>rursus</strong></span> <span class='ocrx_word' id='word_1_414' title='bbox 2673 2135 2815 2191; x_wconf 82' lang='lat' dir='ltr'><strong>ﬁlios</strong></span> <span class='ocrx_word' id='word_1_415' title='bbox 2843 2151 2938 2190; x_wconf 90' lang='lat' dir='ltr'><strong>eos</strong></span> <span class='ocrx_word' id='word_1_416' title='bbox 2973 2135 3287 2205; x_wconf 87' lang='lat' dir='ltr'><strong>appellabit.</strong></span> 
     </span>
    </p>
   </div>
   <div class='ocr_carea' id='block_1_51' title="bbox 1970 2315 3468 2382">
    <p class='ocr_par' dir='ltr' id='par_1_51' title="bbox 1970 2315 3468 2382">
     <span class='ocr_line' id='line_1_51' title="bbox 1970 2315 3468 2382; baseline 0.001 -12"><span class='ocrx_word' id='word_1_417' title='bbox 1970 2315 2058 2370; x_wconf 79' lang='lat'><strong>58.</strong></span> <span class='ocrx_word' id='word_1_418' title='bbox 2089 2316 2244 2382; x_wconf 82' lang='lat' dir='ltr'><strong>Quod</strong></span> <span class='ocrx_word' id='word_1_419' title='bbox 2271 2317 2314 2372; x_wconf 90' lang='lat' dir='ltr'><strong>si</strong></span> <span class='ocrx_word' id='word_1_420' title='bbox 2352 2317 2468 2372; x_wconf 67' lang='lat' dir='ltr'><strong>haec</strong></span> <span class='ocrx_word' id='word_1_421' title='bbox 2491 2317 2707 2371; x_wconf 91' lang='lat' dir='ltr'><strong>illorum</strong></span> <span class='ocrx_word' id='word_1_422' title='bbox 2731 2326 2813 2372; x_wconf 92' lang='lat' dir='ltr'><strong>est</strong></span> <span class='ocrx_word' id='word_1_423' title='bbox 2846 2317 2913 2371; x_wconf 92' lang='lat' dir='ltr'><strong>de</strong></span> <span class='ocrx_word' id='word_1_424' title='bbox 2939 2315 3220 2371; x_wconf 80' lang='lat' dir='ltr'><strong>Salvatore</strong></span> <span class='ocrx_word' id='word_1_425' title='bbox 3248 2327 3468 2372; x_wconf 84' lang='lat' dir='ltr'><strong>senten-</strong></span> 
     </span>
    </p>
   </div>
   <div class='ocr_carea' id='block_1_52' title="bbox 1899 2408 3463 2481">
    <p class='ocr_par' dir='ltr' id='par_1_52' title="bbox 1899 2408 3463 2481">
     <span class='ocr_line' id='line_1_52' title="bbox 1899 2408 3463 2481; baseline 0.001 -19"><span class='ocrx_word' id='word_1_426' title='bbox 1899 2408 1995 2473; x_wconf 90' lang='lat' dir='ltr'><strong>tia,</strong></span> <span class='ocrx_word' id='word_1_427' title='bbox 2012 2418 2270 2481; x_wconf 89' lang='lat' dir='ltr'><strong>sequetur</strong></span> <span class='ocrx_word' id='word_1_428' title='bbox 2290 2426 2413 2465; x_wconf 92' lang='lat' dir='ltr'><strong>eum</strong></span> <span class='ocrx_word' id='word_1_429' title='bbox 2440 2425 2616 2480; x_wconf 90' lang='lat' dir='ltr'><strong>neque</strong></span> <span class='ocrx_word' id='word_1_430' title='bbox 2645 2425 2832 2464; x_wconf 90' lang='lat' dir='ltr'><strong>verum</strong></span> <span class='ocrx_word' id='word_1_431' title='bbox 2854 2409 3047 2476; x_wconf 90' lang='lat' dir='ltr'><strong>Deum,</strong></span> <span class='ocrx_word' id='word_1_432' title='bbox 3075 2424 3251 2478; x_wconf 92' lang='lat' dir='ltr'><strong>neque</strong></span> <span class='ocrx_word' id='word_1_433' title='bbox 3277 2425 3463 2464; x_wconf 88' lang='lat' dir='ltr'><strong>verum</strong></span> 
     </span>
    </p>
   </div>
   <div class='ocr_carea' id='block_1_53' title="bbox 1899 2500 3464 2572">
    <p class='ocr_par' dir='ltr' id='par_1_53' title="bbox 1899 2500 3464 2572">
     <span class='ocr_line' id='line_1_53' title="bbox 1899 2500 3464 2572; baseline 0 -18"><span class='ocrx_word' id='word_1_434' title='bbox 1899 2501 2118 2568; x_wconf 89' lang='lat' dir='ltr'><strong>Filium,</strong></span> <span class='ocrx_word' id='word_1_435' title='bbox 2149 2517 2322 2572; x_wconf 90' lang='lat' dir='ltr'><strong>neque</strong></span> <span class='ocrx_word' id='word_1_436' title='bbox 2343 2500 2522 2558; x_wconf 88' lang='lat' dir='ltr'><strong>Patris</strong></span> <span class='ocrx_word' id='word_1_437' title='bbox 2553 2518 2677 2557; x_wconf 92' lang='lat' dir='ltr'><strong>esse</strong></span> <span class='ocrx_word' id='word_1_438' title='bbox 2723 2502 2991 2569; x_wconf 89' lang='lat' dir='ltr'><strong>similem;</strong></span> <span class='ocrx_word' id='word_1_439' title='bbox 3026 2517 3126 2556; x_wconf 90' lang='lat' dir='ltr'><strong>nec</strong></span> <span class='ocrx_word' id='word_1_440' title='bbox 3157 2501 3347 2564; x_wconf 87' lang='lat' dir='ltr'><strong>Deum,</strong></span> <span class='ocrx_word' id='word_1_441' title='bbox 3381 2502 3464 2556; x_wconf 90' lang='lat' dir='ltr'><strong>sui</strong></span> 
     </span>
    </p>
   </div>
   <div class='ocr_carea' id='block_1_54' title="bbox 1897 2588 3577 2667">
    <p class='ocr_par' dir='ltr' id='par_1_54' title="bbox 1897 2588 3577 2667">
     <span class='ocr_line' id='line_1_54' title="bbox 1897 2588 3577 2667; baseline -0.001 -22"><span class='ocrx_word' id='word_1_442' title='bbox 1897 2591 2072 2661; x_wconf 87' lang='lat' dir='ltr'><strong>ipsius</strong></span> <span class='ocrx_word' id='word_1_443' title='bbox 2107 2591 2405 2646; x_wconf 82' lang='lat' dir='ltr'><strong>secundum</strong></span> <span class='ocrx_word' id='word_1_444' title='bbox 2457 2590 2818 2646; x_wconf 88' lang='lat' dir='ltr'><strong>substantiam</strong></span> <span class='ocrx_word' id='word_1_445' title='bbox 2868 2588 3084 2644; x_wconf 88' lang='lat' dir='ltr'><strong>Patrem</strong></span> <span class='ocrx_word' id='word_1_446' title='bbox 3125 2591 3340 2654; x_wconf 89' lang='lat' dir='ltr'><strong>habere,</strong></span> <span class='ocrx_word' id='word_1_447' title='bbox 3370 2592 3462 2646; x_wconf 83' lang='lat' dir='ltr'><strong>sed</strong></span> <span class='ocrx_word' id='word_1_448' title='bbox 3557 2652 3577 2667; x_wconf 45' lang='grc' dir='ltr'><strong><em>ο</em></strong></span> 
     </span>
    </p>
   </div>
   <div class='ocr_carea' id='block_1_55' title="bbox 1899 2682 3464 2754">
    <p class='ocr_par' dir='ltr' id='par_1_55' title="bbox 1899 2682 3464 2754">
     <span class='ocr_line' id='line_1_55' title="bbox 1899 2682 3464 2754; baseline -0.002 -14"><span class='ocrx_word' id='word_1_449' title='bbox 1899 2684 2070 2740; x_wconf 89' lang='lat' dir='ltr'><strong>solius</strong></span> <span class='ocrx_word' id='word_1_450' title='bbox 2096 2684 2198 2740; x_wconf 90' lang='lat' dir='ltr'><strong>sibi</strong></span> <span class='ocrx_word' id='word_1_451' title='bbox 2229 2699 2502 2740; x_wconf 66' lang='lat' dir='ltr'><strong>concessae</strong></span> <span class='ocrx_word' id='word_1_452' title='bbox 2527 2683 2743 2754; x_wconf 67' lang='lat' dir='ltr'><strong>gratiae:</strong></span> <span class='ocrx_word' id='word_1_453' title='bbox 2777 2699 2841 2737; x_wconf 89' lang='lat' dir='ltr'><strong>ac</strong></span> <span class='ocrx_word' id='word_1_454' title='bbox 2866 2683 3100 2752; x_wconf 89' lang='lat' dir='ltr'><strong>denique</strong></span> <span class='ocrx_word' id='word_1_455' title='bbox 3127 2682 3293 2737; x_wconf 85' lang='lat' dir='ltr'><strong>Deum</strong></span> <span class='ocrx_word' id='word_1_456' title='bbox 3313 2697 3464 2737; x_wconf 81' lang='lat' dir='ltr'><strong>crea—</strong></span> 
     </span>
    </p>
   </div>
   <div class='ocr_carea' id='block_1_56' title="bbox 1899 2774 3466 2846">
    <p class='ocr_par' dir='ltr' id='par_1_56' title="bbox 1899 2774 3466 2846">
     <span class='ocr_line' id='line_1_56' title="bbox 1899 2774 3466 2846; baseline 0 -16"><span class='ocrx_word' id='word_1_457' title='bbox 1899 2785 2071 2830; x_wconf 82' lang='lat' dir='ltr'><strong>torem</strong></span> <span class='ocrx_word' id='word_1_458' title='bbox 2104 2777 2190 2831; x_wconf 93' lang='lat' dir='ltr'><strong>sui</strong></span> <span class='ocrx_word' id='word_1_459' title='bbox 2226 2776 2400 2846; x_wconf 89' lang='lat' dir='ltr'><strong>ipsius</strong></span> <span class='ocrx_word' id='word_1_460' title='bbox 2429 2778 2729 2830; x_wconf 88' lang='lat' dir='ltr'><strong>secundum</strong></span> <span class='ocrx_word' id='word_1_461' title='bbox 2757 2775 3119 2830; x_wconf 84' lang='lat' dir='ltr'><strong>substantiam</strong></span> <span class='ocrx_word' id='word_1_462' title='bbox 3140 2816 3155 2839; x_wconf 89' lang='lat'><strong>,</strong></span> <span class='ocrx_word' id='word_1_463' title='bbox 3188 2774 3346 2830; x_wconf 90' lang='lat' dir='ltr'><strong>sicuti</strong></span> <span class='ocrx_word' id='word_1_464' title='bbox 3379 2789 3466 2830; x_wconf 83' lang='lat' dir='ltr'><strong>res</strong></span> 
     </span>
    </p>
   </div>
   <div class='ocr_carea' id='block_1_57' title="bbox 1899 2866 3464 2937">
    <p class='ocr_par' dir='ltr' id='par_1_57' title="bbox 1899 2866 3464 2937">
     <span class='ocr_line' id='line_1_57' title="bbox 1899 2866 3464 2937; baseline 0.001 -17"><span class='ocrx_word' id='word_1_465' title='bbox 1899 2867 2034 2923; x_wconf 87' lang='lat' dir='ltr'><strong>alias</strong></span> <span class='ocrx_word' id='word_1_466' title='bbox 2067 2883 2279 2933; x_wconf 91' lang='lat' dir='ltr'><strong>omnes,</strong></span> <span class='ocrx_word' id='word_1_467' title='bbox 2316 2867 2539 2922; x_wconf 87' lang='lat' dir='ltr'><strong>habere.</strong></span> <span class='ocrx_word' id='word_1_468' title='bbox 2584 2866 2739 2933; x_wconf 88' lang='lat' dir='ltr'><strong>Quod</strong></span> <span class='ocrx_word' id='word_1_469' title='bbox 2774 2867 2818 2922; x_wconf 91' lang='lat' dir='ltr'><strong>si</strong></span> <span class='ocrx_word' id='word_1_470' title='bbox 2852 2867 2923 2922; x_wconf 89' lang='lat' dir='ltr'><strong>sit</strong></span> <span class='ocrx_word' id='word_1_471' title='bbox 2979 2867 3271 2937; x_wconf 81' lang='lat' dir='ltr'><strong>ejusmodi,</strong></span> <span class='ocrx_word' id='word_1_472' title='bbox 3304 2875 3364 2920; x_wconf 93' lang='lat' dir='ltr'><strong>ut</strong></span> <span class='ocrx_word' id='word_1_473' title='bbox 3387 2866 3464 2921; x_wconf 90' lang='lat' dir='ltr'><strong>illi</strong></span> 
     </span>
    </p>
   </div>
   <div class='ocr_carea' id='block_1_58' title="bbox 1898 2959 3466 3026">
    <p class='ocr_par' dir='ltr' id='par_1_58' title="bbox 1898 2959 3466 3026">
     <span class='ocr_line' id='line_1_58' title="bbox 1898 2959 3466 3026; baseline 0.001 -15"><span class='ocrx_word' id='word_1_474' title='bbox 1898 2960 2106 3026; x_wconf 89' lang='lat' dir='ltr'><strong>volunt,</strong></span> <span class='ocrx_word' id='word_1_475' title='bbox 2140 2960 2264 3014; x_wconf 90' lang='lat' dir='ltr'><strong>inde</strong></span> <span class='ocrx_word' id='word_1_476' title='bbox 2287 2959 2494 3016; x_wconf 90' lang='lat' dir='ltr'><strong>clarum</strong></span> <span class='ocrx_word' id='word_1_477' title='bbox 2515 2959 2619 3012; x_wconf 89' lang='lat' dir='ltr'><strong>erit</strong></span> <span class='ocrx_word' id='word_1_478' title='bbox 2643 2974 2767 3012; x_wconf 92' lang='lat' dir='ltr'><strong>eum</strong></span> <span class='ocrx_word' id='word_1_479' title='bbox 2789 2959 2858 3013; x_wconf 93' lang='lat' dir='ltr'><strong>ab</strong></span> <span class='ocrx_word' id='word_1_480' title='bbox 2885 2960 3042 3012; x_wconf 82' lang='lat' dir='ltr'><strong>initio</strong></span> <span class='ocrx_word' id='word_1_481' title='bbox 3072 2974 3179 3013; x_wconf 93' lang='lat' dir='ltr'><strong>non</strong></span> <span class='ocrx_word' id='word_1_482' title='bbox 3209 2959 3466 3014; x_wconf 88' lang='lat' dir='ltr'><strong>habuisse</strong></span> 
     </span>
    </p>
   </div>
   <div class='ocr_carea' id='block_1_59' title="bbox 212 3039 1796 3123">
    <p class='ocr_par' dir='ltr' id='par_1_59' title="bbox 212 3039 1796 3116">
     <span class='ocr_line' id='line_1_59' title="bbox 212 3039 1796 3116; baseline 0.004 -24"><span class='ocrx_word' id='word_1_483' title='bbox 212 3055 329 3108; x_wconf 85' lang='grc' dir='ltr'><strong>γων</strong></span> <span class='ocrx_word' id='word_1_484' title='bbox 362 3039 592 3093; x_wconf 74' lang='grc' dir='ltr'>ἔπαθλον</span> <span class='ocrx_word' id='word_1_485' title='bbox 623 3041 747 3111; x_wconf 77' lang='grc' dir='ltr'>ἔσχε</span> <span class='ocrx_word' id='word_1_486' title='bbox 770 3043 862 3095; x_wconf 83' lang='grc' dir='ltr'>καὶ</span> <span class='ocrx_word' id='word_1_487' title='bbox 915 3043 1219 3114; x_wconf 75' lang='grc' dir='ltr'>προκοπῆς,</span> <span class='ocrx_word' id='word_1_488' title='bbox 1275 3045 1374 3097; x_wconf 81' lang='grc' dir='ltr'>οὐκ</span> <span class='ocrx_word' id='word_1_489' title='bbox 1417 3043 1582 3116; x_wconf 81' lang='grc' dir='ltr'>ἄλλης</span> <span class='ocrx_word' id='word_1_490' title='bbox 1621 3045 1654 3116; x_wconf 79' lang='grc' dir='ltr'>ἣ</span> <span class='ocrx_word' id='word_1_491' title='bbox 1699 3045 1796 3116; x_wconf 79' lang='grc' dir='ltr'>τῆς</span> 
     </span>
    </p>
   </div>
   <div class='ocr_carea' id='block_1_60' title="bbox 1907 3039 3465 3123">
    <p class='ocr_par' dir='ltr' id='par_1_60' title="bbox 1907 3049 3465 3122">
     <span class='ocr_line' id='line_1_60' title="bbox 1907 3049 3465 3122; baseline -0.001 -18"><span class='ocrx_word' id='word_1_492' title='bbox 1907 3050 2022 3106; x_wconf 81' lang='lat' dir='ltr'><strong>Filii</strong></span> <span class='ocrx_word' id='word_1_493' title='bbox 2061 3068 2281 3116; x_wconf 86' lang='lat' dir='ltr'><strong>nomen,</strong></span> <span class='ocrx_word' id='word_1_494' title='bbox 2319 3049 2482 3122; x_wconf 68' lang='grc'><strong>349</strong></span> <span class='ocrx_word' id='word_1_495' title='bbox 2529 3050 2574 3104; x_wconf 90' lang='lat' dir='ltr'><strong>si</strong></span> <span class='ocrx_word' id='word_1_496' title='bbox 2614 3050 2870 3104; x_wconf 89' lang='lat' dir='ltr'><strong>nimirum</strong></span> <span class='ocrx_word' id='word_1_497' title='bbox 2905 3050 2954 3104; x_wconf 90' lang='lat' dir='ltr'><strong>id</strong></span> <span class='ocrx_word' id='word_1_498' title='bbox 2994 3051 3230 3105; x_wconf 90' lang='lat' dir='ltr'><strong>nominis</strong></span> <span class='ocrx_word' id='word_1_499' title='bbox 3257 3050 3333 3104; x_wconf 90' lang='lat' dir='ltr'><strong>illi</strong></span> <span class='ocrx_word' id='word_1_500' title='bbox 3363 3050 3465 3103; x_wconf 84' lang='lat' dir='ltr'><strong>tri-</strong></span> 
     </span>
    </p>
   </div>
   <div class='ocr_carea' id='block_1_61' title="bbox 211 3132 1795 3206">
    <p class='ocr_par' dir='ltr' id='par_1_61' title="bbox 211 3132 1795 3206">
     <span class='ocr_line' id='line_1_61' title="bbox 211 3132 1795 3206; baseline 0.002 -21"><span class='ocrx_word' id='word_1_501' title='bbox 211 3132 305 3185; x_wconf 81' lang='grc' dir='ltr'><strong>δτε</strong></span> <span class='ocrx_word' id='word_1_502' title='bbox 333 3132 556 3201; x_wconf 85' lang='grc' dir='ltr'>γέγονεν</span> <span class='ocrx_word' id='word_1_503' title='bbox 580 3133 886 3204; x_wconf 84' lang='grc' dir='ltr'>ἄνθρωπος,</span> <span class='ocrx_word' id='word_1_504' title='bbox 923 3135 1016 3186; x_wconf 70' lang='grc' dir='ltr'><strong>καὶ</strong></span> <span class='ocrx_word' id='word_1_505' title='bbox 1043 3135 1140 3206; x_wconf 78' lang='grc' dir='ltr'><strong>τὴν</strong></span> <span class='ocrx_word' id='word_1_506' title='bbox 1192 3134 1287 3188; x_wconf 89' lang='grc' dir='ltr'><strong>τοῦ</strong></span> <span class='ocrx_word' id='word_1_507' title='bbox 1344 3134 1528 3187; x_wconf 84' lang='grc' dir='ltr'>δούλου</span> <span class='ocrx_word' id='word_1_508' title='bbox 1585 3135 1795 3206; x_wconf 76' lang='grc' dir='ltr'>μορφὴν</span> 
     </span>
    </p>
   </div>
   <div class='ocr_carea' id='block_1_62' title="bbox 211 3224 1796 3299">
    <p class='ocr_par' dir='ltr' id='par_1_62' title="bbox 211 3224 1796 3299">
     <span class='ocr_line' id='line_1_62' title="bbox 211 3224 1796 3299; baseline 0.003 -22"><span class='ocrx_word' id='word_1_509' title='bbox 211 3224 446 3278; x_wconf 87' lang='grc' dir='ltr'>ἀνέλαϐε</span> <span class='ocrx_word' id='word_1_510' title='bbox 479 3225 614 3296; x_wconf 82' lang='grc'>(15).</span> <span class='ocrx_word' id='word_1_511' title='bbox 669 3226 803 3279; x_wconf 88' lang='grc' dir='ltr'>Τότε</span> <span class='ocrx_word' id='word_1_512' title='bbox 831 3227 942 3297; x_wconf 84' lang='grc' dir='ltr'><strong>γάρ</strong></span> <span class='ocrx_word' id='word_1_513' title='bbox 969 3228 1137 3288; x_wconf 83' lang='grc' dir='ltr'>ἐστιν,</span> <span class='ocrx_word' id='word_1_514' title='bbox 1204 3229 1292 3280; x_wconf 78' lang='grc' dir='ltr'>ὅτε</span> <span class='ocrx_word' id='word_1_515' title='bbox 1329 3228 1610 3299; x_wconf 70' lang='grc' dir='ltr'>γενόμενος</span> <span class='ocrx_word' id='word_1_516' title='bbox 1655 3229 1796 3298; x_wconf 82' lang='grc' dir='ltr'><strong>ὑπή-</strong></span> 
     </span>
    </p>
   </div>
   <div class='ocr_carea' id='block_1_63' title="bbox 212 3317 1798 3391">
    <p class='ocr_par' dir='ltr' id='par_1_63' title="bbox 212 3317 1798 3391">
     <span class='ocr_line' id='line_1_63' title="bbox 212 3317 1798 3391; baseline 0 -21"><span class='ocrx_word' id='word_1_517' title='bbox 212 3335 339 3380; x_wconf 88' lang='grc' dir='ltr'>κοος</span> <span class='ocrx_word' id='word_1_518' title='bbox 369 3317 532 3390; x_wconf 81' lang='grc' dir='ltr'>μέχρι</span> <span class='ocrx_word' id='word_1_519' title='bbox 570 3317 821 3381; x_wconf 88' lang='grc' dir='ltr'>θανάτου,</span> <span class='ocrx_word' id='word_1_520' title='bbox 854 3317 1241 3391; x_wconf 70' lang='grc' dir='ltr'>ὑπερυψῶσθαι</span> <span class='ocrx_word' id='word_1_521' title='bbox 1267 3319 1502 3388; x_wconf 88' lang='grc' dir='ltr'>λέγεται,</span> <span class='ocrx_word' id='word_1_522' title='bbox 1521 3319 1616 3372; x_wconf 74' lang='grc' dir='ltr'>καὶ</span> <span class='ocrx_word' id='word_1_523' title='bbox 1640 3319 1798 3389; x_wconf 74' lang='grc' dir='ltr'>χάριν</span> 
     </span>
    </p>
   </div>
   <div class='ocr_carea' id='block_1_64' title="bbox 212 3407 1798 3480">
    <p class='ocr_par' dir='ltr' id='par_1_64' title="bbox 212 3407 1798 3480">
     <span class='ocr_line' id='line_1_64' title="bbox 212 3407 1798 3480; baseline 0.001 -19"><span class='ocrx_word' id='word_1_524' title='bbox 212 3407 499 3479; x_wconf 68' lang='grc' dir='ltr'>εἰληφέναι</span> <span class='ocrx_word' id='word_1_525' title='bbox 551 3409 611 3463; x_wconf 88' lang='grc' dir='ltr'><strong>τὸ</strong></span> <span class='ocrx_word' id='word_1_526' title='bbox 658 3409 848 3480; x_wconf 76' lang='grc' dir='ltr'>ὄνομα,</span> <span class='ocrx_word' id='word_1_527' title='bbox 907 3409 1008 3462; x_wconf 78' lang='grc' dir='ltr'><strong>ἵνα</strong></span> <span class='ocrx_word' id='word_1_528' title='bbox 1053 3409 1122 3462; x_wconf 79' lang='grc' dir='ltr'><strong>ἐν</strong></span> <span class='ocrx_word' id='word_1_529' title='bbox 1169 3409 1249 3474; x_wconf 80' lang='grc' dir='ltr'>τῷ</span> <span class='ocrx_word' id='word_1_530' title='bbox 1298 3411 1540 3478; x_wconf 74' lang='grc' dir='ltr'>ὀνόματι</span> <span class='ocrx_word' id='word_1_531' title='bbox 1597 3409 1798 3477; x_wconf 83' lang='grc' dir='ltr'>Ἰησοῦ</span> 
     </span>
    </p>
   </div>
   <div class='ocr_carea' id='block_1_65' title="bbox 212 3495 1797 3573">
    <p class='ocr_par' dir='ltr' id='par_1_65' title="bbox 212 3495 1797 3573">
     <span class='ocr_line' id='line_1_65' title="bbox 212 3495 1797 3573; baseline 0 -19"><span class='ocrx_word' id='word_1_532' title='bbox 212 3499 426 3570; x_wconf 76' lang='grc' dir='ltr'>κάμψῃ</span> <span class='ocrx_word' id='word_1_533' title='bbox 467 3500 591 3555; x_wconf 79' lang='grc' dir='ltr'><em>πᾶν</em></span> <span class='ocrx_word' id='word_1_534' title='bbox 638 3501 810 3567; x_wconf 77' lang='grc' dir='ltr'><strong>γόνυ.</strong></span> <span class='ocrx_word' id='word_1_535' title='bbox 845 3500 910 3552; x_wconf 90' lang='grc' dir='ltr'><strong>Τί</strong></span> <span class='ocrx_word' id='word_1_536' title='bbox 969 3495 1062 3554; x_wconf 79' lang='grc' dir='ltr'><strong>οῦν</strong></span> <span class='ocrx_word' id='word_1_537' title='bbox 1106 3495 1174 3572; x_wconf 78' lang='grc' dir='ltr'>ἦν</span> <span class='ocrx_word' id='word_1_538' title='bbox 1228 3499 1336 3573; x_wconf 82' lang='grc' dir='ltr'>πρὸ</span> <span class='ocrx_word' id='word_1_539' title='bbox 1374 3501 1580 3566; x_wconf 85' lang='grc' dir='ltr'>τούτου,</span> <span class='ocrx_word' id='word_1_540' title='bbox 1627 3505 1674 3555; x_wconf 89' lang='grc' dir='ltr'><strong>εί</strong></span> <span class='ocrx_word' id='word_1_541' title='bbox 1705 3501 1797 3554; x_wconf 87' lang='grc' dir='ltr'><strong>νῦν</strong></span> 
     </span>
    </p>
   </div>
   <div class='ocr_carea' id='block_1_66' title="bbox 209 3591 1800 3664">
    <p class='ocr_par' dir='ltr' id='par_1_66' title="bbox 209 3591 1800 3664">
     <span class='ocr_line' id='line_1_66' title="bbox 209 3591 1800 3664; baseline 0.001 -18"><span class='ocrx_word' id='word_1_542' title='bbox 209 3592 426 3664; x_wconf 69' lang='grc' dir='ltr'>ὑψώθη,</span> <span class='ocrx_word' id='word_1_543' title='bbox 457 3593 550 3646; x_wconf 76' lang='grc' dir='ltr'>καὶ</span> <span class='ocrx_word' id='word_1_544' title='bbox 572 3591 669 3645; x_wconf 87' lang='grc' dir='ltr'><strong>νῦν</strong></span> <span class='ocrx_word' id='word_1_545' title='bbox 696 3591 898 3664; x_wconf 67' lang='grc' dir='ltr'>ἤρξατο</span> <span class='ocrx_word' id='word_1_546' title='bbox 929 3594 1369 3664; x_wconf 84' lang='grc' dir='ltr'>προσκυνεῖσθαι,</span> <span class='ocrx_word' id='word_1_547' title='bbox 1423 3595 1516 3646; x_wconf 71' lang='grc' dir='ltr'>καὶ</span> <span class='ocrx_word' id='word_1_548' title='bbox 1547 3593 1640 3664; x_wconf 85' lang='grc' dir='ltr'><strong>νῦν</strong></span> <span class='ocrx_word' id='word_1_549' title='bbox 1673 3595 1800 3658; x_wconf 79' lang='grc' dir='ltr'>Υἱὸς</span> 
     </span>
    </p>
   </div>
   <div class='ocr_carea' id='block_1_67' title="bbox 213 3663 1798 3755">
    <p class='ocr_par' dir='ltr' id='par_1_67' title="bbox 213 3663 1798 3755">
     <span class='ocr_line' id='line_1_67' title="bbox 213 3663 1798 3755; baseline -0.001 -18"><span class='ocrx_word' id='word_1_550' title='bbox 213 3683 330 3753; x_wconf 89' lang='grc'>(16)</span> <span class='ocrx_word' id='word_1_551' title='bbox 356 3663 573 3753; x_wconf 77' lang='grc' dir='ltr'>ἐλέχθη,</span> <span class='ocrx_word' id='word_1_552' title='bbox 625 3683 715 3736; x_wconf 84' lang='grc' dir='ltr'>ὅτε</span> <span class='ocrx_word' id='word_1_553' title='bbox 740 3663 747 3664; x_wconf 15' lang='lat'><em>7</em></span> <span class='ocrx_word' id='word_1_554' title='bbox 775 3663 996 3750; x_wconf 85' lang='grc' dir='ltr'>γέγονεν</span> <span class='ocrx_word' id='word_1_555' title='bbox 1035 3681 1354 3752; x_wconf 83' lang='grc' dir='ltr'>άνθρωπος;</span> <span class='ocrx_word' id='word_1_556' title='bbox 1408 3663 1658 3735; x_wconf 77' lang='grc' dir='ltr'>Φαίνεται</span> <span class='ocrx_word' id='word_1_557' title='bbox 1690 3683 1798 3755; x_wconf 79' lang='grc' dir='ltr'><strong>γάρ</strong></span> 
     </span>
    </p>
   </div>
   <div class='ocr_carea' id='block_1_68' title="bbox 212 3772 1796 3846">
    <p class='ocr_par' dir='ltr' id='par_1_68' title="bbox 212 3772 1796 3846">
     <span class='ocr_line' id='line_1_68' title="bbox 212 3772 1796 3846; baseline 0.001 -20"><span class='ocrx_word' id='word_1_558' title='bbox 212 3775 383 3846; x_wconf 86' lang='grc' dir='ltr'>μηδὲν</span> <span class='ocrx_word' id='word_1_559' title='bbox 410 3772 708 3844; x_wconf 84' lang='grc' dir='ltr'>βελτιὼσας</span> <span class='ocrx_word' id='word_1_560' title='bbox 736 3774 898 3837; x_wconf 71' lang='grc' dir='ltr'>αὐτὸς</span> <span class='ocrx_word' id='word_1_561' title='bbox 930 3774 1026 3846; x_wconf 75' lang='grc' dir='ltr'>τὴν</span> <span class='ocrx_word' id='word_1_562' title='bbox 1052 3774 1248 3844; x_wconf 82' lang='grc' dir='ltr'>σάρκα,</span> <span class='ocrx_word' id='word_1_563' title='bbox 1301 3773 1435 3828; x_wconf 87' lang='grc' dir='ltr'>ἁλλά</span> <span class='ocrx_word' id='word_1_564' title='bbox 1466 3773 1663 3846; x_wconf 80' lang='grc' dir='ltr'>μᾶλλον</span> <span class='ocrx_word' id='word_1_565' title='bbox 1696 3775 1796 3828; x_wconf 80' lang='grc' dir='ltr'><strong>αὑ-</strong></span> 
     </span>
    </p>
   </div>
   <div class='ocr_carea' id='block_1_69' title="bbox 209 3863 1799 3936">
    <p class='ocr_par' dir='ltr' id='par_1_69' title="bbox 209 3863 1799 3936">
     <span class='ocr_line' id='line_1_69' title="bbox 209 3863 1799 3936; baseline -0.001 -16"><span class='ocrx_word' id='word_1_566' title='bbox 209 3865 301 3929; x_wconf 84' lang='grc' dir='ltr'><strong>τὸς</strong></span> <span class='ocrx_word' id='word_1_567' title='bbox 322 3866 389 3919; x_wconf 85' lang='grc' dir='ltr'><strong>δι’</strong></span> <span class='ocrx_word' id='word_1_568' title='bbox 422 3866 592 3936; x_wconf 78' lang='grc' dir='ltr'>αὐτῆς</span> <span class='ocrx_word' id='word_1_569' title='bbox 643 3863 974 3934; x_wconf 71' lang='grc' dir='ltr'>βελτιωθεὶς,</span> <span class='ocrx_word' id='word_1_570' title='bbox 1011 3864 1150 3934; x_wconf 82' lang='grc' dir='ltr'>εἴγε</span> <span class='ocrx_word' id='word_1_571' title='bbox 1177 3863 1318 3918; x_wconf 84' lang='grc' dir='ltr'>κατὰ</span> <span class='ocrx_word' id='word_1_572' title='bbox 1362 3864 1460 3936; x_wconf 79' lang='grc' dir='ltr'>τὴν</span> <span class='ocrx_word' id='word_1_573' title='bbox 1512 3865 1799 3918; x_wconf 86' lang='grc' dir='ltr'>κακόνοιαν</span> 
     </span>
    </p>
   </div>
   <div class='ocr_carea' id='block_1_70' title="bbox 209 3957 1799 4031">
    <p class='ocr_par' dir='ltr' id='par_1_70' title="bbox 209 3957 1799 4031">
     <span class='ocr_line' id='line_1_70' title="bbox 209 3957 1799 4031; baseline -0.001 -19"><span class='ocrx_word' id='word_1_574' title='bbox 209 3959 395 4013; x_wconf 82' lang='grc' dir='ltr'>αὐτῶν</span> <span class='ocrx_word' id='word_1_575' title='bbox 420 3959 542 4012; x_wconf 80' lang='grc' dir='ltr'>τότε</span> <span class='ocrx_word' id='word_1_576' title='bbox 565 3958 754 4031; x_wconf 74' lang='grc' dir='ltr'>ὑψώθη</span> <span class='ocrx_word' id='word_1_577' title='bbox 802 3960 896 4012; x_wconf 78' lang='grc' dir='ltr'>καὶ</span> <span class='ocrx_word' id='word_1_578' title='bbox 920 3957 1047 4022; x_wconf 86' lang='grc' dir='ltr'>Υἱὸς</span> <span class='ocrx_word' id='word_1_579' title='bbox 1075 3958 1289 4029; x_wconf 79' lang='grc' dir='ltr'>ἐλέχθη,</span> <span class='ocrx_word' id='word_1_580' title='bbox 1317 3959 1404 4011; x_wconf 84' lang='grc' dir='ltr'>ὅτε</span> <span class='ocrx_word' id='word_1_581' title='bbox 1459 3959 1678 4028; x_wconf 82' lang='grc' dir='ltr'>γέγονεν</span> <span class='ocrx_word' id='word_1_582' title='bbox 1707 3959 1799 4012; x_wconf 86' lang='grc' dir='ltr'>άν-</span> 
     </span>
    </p>
   </div>
   <div class='ocr_carea' id='block_1_71' title="bbox 211 4047 1800 4124">
    <p class='ocr_par' dir='ltr' id='par_1_71' title="bbox 211 4047 1800 4124">
     <span class='ocr_line' id='line_1_71' title="bbox 211 4047 1800 4124; baseline -0.002 -19"><span class='ocrx_word' id='word_1_583' title='bbox 211 4051 454 4124; x_wconf 85' lang='grc' dir='ltr'>θρωπος.</span> <span class='ocrx_word' id='word_1_584' title='bbox 481 4052 547 4104; x_wconf 91' lang='grc' dir='ltr'>Τί</span> <span class='ocrx_word' id='word_1_585' title='bbox 601 4047 695 4106; x_wconf 82' lang='grc' dir='ltr'><strong>οῦν</strong></span> <span class='ocrx_word' id='word_1_586' title='bbox 727 4047 796 4122; x_wconf 76' lang='grc' dir='ltr'>ἦν</span> <span class='ocrx_word' id='word_1_587' title='bbox 833 4050 941 4122; x_wconf 88' lang='grc' dir='ltr'><strong>πρὸ</strong></span> <span class='ocrx_word' id='word_1_588' title='bbox 981 4050 1209 4116; x_wconf 60' lang='lat' dir='ltr'><strong>satirae;</strong></span> <span class='ocrx_word' id='word_1_589' title='bbox 1255 4050 1426 4103; x_wconf 86' lang='grc' dir='ltr'>Πάλιν</span> <span class='ocrx_word' id='word_1_590' title='bbox 1467 4050 1576 4123; x_wconf 82' lang='grc' dir='ltr'><strong>γὰρ</strong></span> <span class='ocrx_word' id='word_1_591' title='bbox 1605 4051 1800 4113; x_wconf 75' lang='grc' dir='ltr'>αὐτοὺς</span> 
     </span>
    </p>
   </div>
   <div class='ocr_carea' id='block_1_72' title="bbox 210 4141 1800 4215">
    <p class='ocr_par' dir='ltr' id='par_1_72' title="bbox 210 4141 1800 4215">
     <span class='ocr_line' id='line_1_72' title="bbox 210 4141 1800 4215; baseline -0.002 -19"><span class='ocrx_word' id='word_1_592' title='bbox 210 4145 426 4215; x_wconf 77' lang='grc' dir='ltr'>ἐρωτᾷν</span> <span class='ocrx_word' id='word_1_593' title='bbox 459 4143 696 4215; x_wconf 89' lang='grc' dir='ltr'>ἀνάγκη,</span> <span class='ocrx_word' id='word_1_594' title='bbox 719 4142 807 4196; x_wconf 82' lang='grc' dir='ltr'>ἵνα</span> <span class='ocrx_word' id='word_1_595' title='bbox 833 4141 925 4195; x_wconf 70' lang='grc' dir='ltr'><strong>καὶ</strong></span> <span class='ocrx_word' id='word_1_596' title='bbox 949 4141 1009 4194; x_wconf 89' lang='grc' dir='ltr'><strong>τὸ</strong></span> <span class='ocrx_word' id='word_1_597' title='bbox 1028 4142 1181 4206; x_wconf 87' lang='grc' dir='ltr'>τέλος</span> <span class='ocrx_word' id='word_1_598' title='bbox 1210 4141 1310 4212; x_wconf 75' lang='grc' dir='ltr'>τῆς</span> <span class='ocrx_word' id='word_1_599' title='bbox 1341 4142 1594 4206; x_wconf 86' lang='grc' dir='ltr'>ἀσεϐείας</span> <span class='ocrx_word' id='word_1_600' title='bbox 1622 4141 1800 4196; x_wconf 79' lang='grc' dir='ltr'>αὐτῶν</span> 
     </span>
    </p>
   </div>
   <div class='ocr_carea' id='block_1_73' title="bbox 211 4234 1796 4308">
    <p class='ocr_par' dir='ltr' id='par_1_73' title="bbox 211 4234 1796 4308">
     <span class='ocr_line' id='line_1_73' title="bbox 211 4234 1796 4308; baseline -0.002 -19"><span class='ocrx_word' id='word_1_601' title='bbox 211 4235 488 4308; x_wconf 82' lang='grc' dir='ltr'>θεωρηθῇ.</span> <span class='ocrx_word' id='word_1_602' title='bbox 517 4236 579 4288; x_wconf 83' lang='grc' dir='ltr'><strong>Εἰ</strong></span> <span class='ocrx_word' id='word_1_603' title='bbox 601 4237 709 4307; x_wconf 85' lang='grc' dir='ltr'><strong>γάρ</strong></span> <span class='ocrx_word' id='word_1_604' title='bbox 737 4237 882 4288; x_wconf 77' lang='grc' dir='ltr'>ἐστιν</span> <span class='ocrx_word' id='word_1_605' title='bbox 911 4237 939 4288; x_wconf 88' lang='grc' dir='ltr'>ὁ</span> <span class='ocrx_word' id='word_1_606' title='bbox 971 4234 1172 4308; x_wconf 78' lang='grc' dir='ltr'>Κύριος</span> <span class='ocrx_word' id='word_1_607' title='bbox 1231 4235 1381 4298; x_wconf 88' lang='grc' dir='ltr'>Θεὸς,</span> <span class='ocrx_word' id='word_1_608' title='bbox 1426 4235 1573 4299; x_wconf 81' lang='grc' dir='ltr'>Υἱὸς,</span> <span class='ocrx_word' id='word_1_609' title='bbox 1607 4235 1796 4304; x_wconf 86' lang='grc' dir='ltr'>Λόγος,</span> 
     </span>
    </p>
   </div>
   <div class='ocr_carea' id='block_1_74' title="bbox 208 4325 1801 4401">
    <p class='ocr_par' dir='ltr' id='par_1_74' title="bbox 208 4325 1801 4401">
     <span class='ocr_line' id='line_1_74' title="bbox 208 4325 1801 4401; baseline -0.004 -17"><span class='ocrx_word' id='word_1_610' title='bbox 208 4332 314 4384; x_wconf 76' lang='grc' dir='ltr'>οὐκ</span> <span class='ocrx_word' id='word_1_611' title='bbox 343 4326 412 4401; x_wconf 81' lang='grc' dir='ltr'>ἦν</span> <span class='ocrx_word' id='word_1_612' title='bbox 439 4329 496 4383; x_wconf 82' lang='grc' dir='ltr'>δὲ</span> <span class='ocrx_word' id='word_1_613' title='bbox 527 4328 700 4382; x_wconf 64' lang='grc' dir='ltr'>ταῦτα</span> <span class='ocrx_word' id='word_1_614' title='bbox 740 4329 847 4400; x_wconf 87' lang='grc' dir='ltr'><strong>πρὸ</strong></span> <span class='ocrx_word' id='word_1_615' title='bbox 889 4327 981 4382; x_wconf 87' lang='grc' dir='ltr'><strong>τοῦ</strong></span> <span class='ocrx_word' id='word_1_616' title='bbox 1012 4327 1236 4398; x_wconf 84' lang='grc' dir='ltr'>γένηται</span> <span class='ocrx_word' id='word_1_617' title='bbox 1282 4327 1583 4400; x_wconf 79' lang='grc' dir='ltr'>ἄνθρωπος’</span> <span class='ocrx_word' id='word_1_618' title='bbox 1615 4328 1646 4398; x_wconf 79' lang='grc' dir='ltr'><strong>ἦ</strong></span> <span class='ocrx_word' id='word_1_619' title='bbox 1675 4325 1801 4380; x_wconf 79' lang='grc' dir='ltr'>ἄλλο</span> 
     </span>
    </p>
   </div>
   <div class='ocr_carea' id='block_1_75' title="bbox 1899 3141 3466 3211">
    <p class='ocr_par' dir='ltr' id='par_1_75' title="bbox 1899 3141 3466 3211">
     <span class='ocr_line' id='line_1_75' title="bbox 1899 3141 3466 3211; baseline -0.001 -14"><span class='ocrx_word' id='word_1_620' title='bbox 1899 3143 2090 3198; x_wconf 87' lang='lat' dir='ltr'><strong>butum</strong></span> <span class='ocrx_word' id='word_1_621' title='bbox 2113 3142 2202 3207; x_wconf 89' lang='lat' dir='ltr'><strong>sit,</strong></span> <span class='ocrx_word' id='word_1_622' title='bbox 2245 3150 2502 3211; x_wconf 86' lang='lat' dir='ltr'><strong>tanquam</strong></span> <span class='ocrx_word' id='word_1_623' title='bbox 2535 3141 2796 3196; x_wconf 82' lang='lat' dir='ltr'><strong>factorum</strong></span> <span class='ocrx_word' id='word_1_624' title='bbox 2826 3142 3020 3210; x_wconf 81' lang='lat' dir='ltr'><strong>suique</strong></span> <span class='ocrx_word' id='word_1_625' title='bbox 3036 3143 3317 3210; x_wconf 67' lang='lat' dir='ltr'><strong>praemium</strong></span> <span class='ocrx_word' id='word_1_626' title='bbox 3337 3157 3466 3211; x_wconf 89' lang='lat' dir='ltr'><strong>pro-</strong></span> 
     </span>
    </p>
   </div>
   <div class='ocr_carea' id='block_1_76' title="bbox 1900 3231 3466 3304">
    <p class='ocr_par' dir='ltr' id='par_1_76' title="bbox 1900 3231 3466 3304">
     <span class='ocr_line' id='line_1_76' title="bbox 1900 3231 3466 3304; baseline -0.003 -16"><span class='ocrx_word' id='word_1_627' title='bbox 1900 3248 2156 3304; x_wconf 63' lang='lat' dir='ltr'><strong>gressus,</strong></span> <span class='ocrx_word' id='word_1_628' title='bbox 2193 3233 2287 3302; x_wconf 92' lang='lat' dir='ltr'><strong>qui</strong></span> <span class='ocrx_word' id='word_1_629' title='bbox 2325 3234 2546 3302; x_wconf 82' lang='lat' dir='ltr'><strong>quidem</strong></span> <span class='ocrx_word' id='word_1_630' title='bbox 2578 3233 2760 3286; x_wconf 91' lang='lat' dir='ltr'><strong>nullus</strong></span> <span class='ocrx_word' id='word_1_631' title='bbox 2810 3231 2911 3285; x_wconf 77' lang='lat' dir='ltr'><strong>fuit</strong></span> <span class='ocrx_word' id='word_1_632' title='bbox 2953 3231 3114 3296; x_wconf 89' lang='lat' dir='ltr'><strong>alius,</strong></span> <span class='ocrx_word' id='word_1_633' title='bbox 3147 3247 3310 3300; x_wconf 91' lang='lat' dir='ltr'><strong>quam</strong></span> <span class='ocrx_word' id='word_1_634' title='bbox 3342 3246 3466 3285; x_wconf 90' lang='lat' dir='ltr'><strong>cum</strong></span> 
     </span>
    </p>
   </div>
   <div class='ocr_carea' id='block_1_77' title="bbox 1899 3317 3468 3389">
    <p class='ocr_par' dir='ltr' id='par_1_77' title="bbox 1899 3317 3468 3389">
     <span class='ocr_line' id='line_1_77' title="bbox 1899 3317 3468 3389; baseline -0.001 -13"><span class='ocrx_word' id='word_1_635' title='bbox 1899 3322 2077 3376; x_wconf 82' lang='lat' dir='ltr'><strong>factus</strong></span> <span class='ocrx_word' id='word_1_636' title='bbox 2127 3329 2213 3376; x_wconf 90' lang='lat' dir='ltr'><strong>est</strong></span> <span class='ocrx_word' id='word_1_637' title='bbox 2252 3322 2418 3376; x_wconf 87' lang='lat' dir='ltr'><strong>homo</strong></span> <span class='ocrx_word' id='word_1_638' title='bbox 2463 3330 2518 3376; x_wconf 91' lang='lat' dir='ltr'><strong>et</strong></span> <span class='ocrx_word' id='word_1_639' title='bbox 2560 3321 2703 3377; x_wconf 89' lang='lat' dir='ltr'><strong>servi</strong></span> <span class='ocrx_word' id='word_1_640' title='bbox 2755 3319 2986 3375; x_wconf 83' lang='lat' dir='ltr'><strong>formam</strong></span> <span class='ocrx_word' id='word_1_641' title='bbox 3045 3321 3270 3389; x_wconf 90' lang='lat' dir='ltr'><strong>accepit.</strong></span> <span class='ocrx_word' id='word_1_642' title='bbox 3314 3317 3468 3375; x_wconf 89' lang='lat' dir='ltr'><strong>Tunc</strong></span> 
     </span>
    </p>
   </div>
   <div class='ocr_carea' id='block_1_78' title="bbox 1899 3412 3467 3480">
    <p class='ocr_par' dir='ltr' id='par_1_78' title="bbox 1899 3412 3467 3480">
     <span class='ocr_line' id='line_1_78' title="bbox 1899 3412 3467 3480; baseline -0.003 -11"><span class='ocrx_word' id='word_1_643' title='bbox 1899 3415 2046 3469; x_wconf 91' lang='lat' dir='ltr'><strong>enim</strong></span> <span class='ocrx_word' id='word_1_644' title='bbox 2079 3421 2184 3478; x_wconf 90' lang='lat' dir='ltr'><strong>est,</strong></span> <span class='ocrx_word' id='word_1_645' title='bbox 2213 3429 2338 3468; x_wconf 94' lang='lat' dir='ltr'><strong>cum</strong></span> <span class='ocrx_word' id='word_1_646' title='bbox 2376 3413 2554 3470; x_wconf 79' lang='lat' dir='ltr'><strong>factus</strong></span> <span class='ocrx_word' id='word_1_647' title='bbox 2586 3412 2845 3467; x_wconf 86' lang='lat' dir='ltr'><strong>obediens</strong></span> <span class='ocrx_word' id='word_1_648' title='bbox 2873 3426 3046 3480; x_wconf 88' lang='lat' dir='ltr'><strong>usque</strong></span> <span class='ocrx_word' id='word_1_649' title='bbox 3102 3412 3168 3466; x_wconf 92' lang='lat' dir='ltr'><strong>ad</strong></span> <span class='ocrx_word' id='word_1_650' title='bbox 3202 3420 3428 3465; x_wconf 89' lang='lat' dir='ltr'><strong>mortem</strong></span> <span class='ocrx_word' id='word_1_651' title='bbox 3449 3452 3467 3477; x_wconf 93' lang='lat'><strong>,</strong></span> 
     </span>
    </p>
   </div>
   <div class='ocr_carea' id='block_1_79' title="bbox 1899 3503 3468 3573">
    <p class='ocr_par' dir='ltr' id='par_1_79' title="bbox 1899 3503 3468 3573">
     <span class='ocr_line' id='line_1_79' title="bbox 1899 3503 3468 3573; baseline -0.003 -13"><span class='ocrx_word' id='word_1_652' title='bbox 1899 3507 2175 3560; x_wconf 83' lang='lat' dir='ltr'><strong>exaltatus</strong></span> <span class='ocrx_word' id='word_1_653' title='bbox 2214 3519 2338 3560; x_wconf 90' lang='lat' dir='ltr'><strong>esse</strong></span> <span class='ocrx_word' id='word_1_654' title='bbox 2375 3513 2431 3559; x_wconf 90' lang='lat' dir='ltr'><strong>et</strong></span> <span class='ocrx_word' id='word_1_655' title='bbox 2455 3505 2557 3560; x_wconf 87' lang='lat' dir='ltr'><strong>huc</strong></span> <span class='ocrx_word' id='word_1_656' title='bbox 2592 3519 2790 3560; x_wconf 87' lang='lat' dir='ltr'><strong>nomen</strong></span> <span class='ocrx_word' id='word_1_657' title='bbox 2829 3510 3090 3573; x_wconf 84' lang='lat' dir='ltr'><strong>tanquam</strong></span> <span class='ocrx_word' id='word_1_658' title='bbox 3133 3503 3468 3573; x_wconf 82' lang='lat' dir='ltr'><strong>singularem</strong></span> 
     </span>
    </p>
   </div>
   <div class='ocr_carea' id='block_1_80' title="bbox 1899 3593 3468 3666">
    <p class='ocr_par' dir='ltr' id='par_1_80' title="bbox 1899 3593 3468 3666">
     <span class='ocr_line' id='line_1_80' title="bbox 1899 3593 3468 3666; baseline -0.003 -15"><span class='ocrx_word' id='word_1_659' title='bbox 1899 3598 2128 3666; x_wconf 63' lang='lat' dir='ltr'><strong>gratiam</strong></span> <span class='ocrx_word' id='word_1_660' title='bbox 2161 3597 2437 3665; x_wconf 87' lang='lat' dir='ltr'><strong>accepisse</strong></span> <span class='ocrx_word' id='word_1_661' title='bbox 2469 3596 2690 3660; x_wconf 91' lang='lat' dir='ltr'><strong>dicitur,</strong></span> <span class='ocrx_word' id='word_1_662' title='bbox 2733 3606 2790 3650; x_wconf 83' lang='lat' dir='ltr'><strong>ut</strong></span> <span class='ocrx_word' id='word_1_663' title='bbox 2831 3595 2885 3648; x_wconf 82' lang='lat' dir='ltr'><strong>in</strong></span> <span class='ocrx_word' id='word_1_664' title='bbox 2915 3595 3122 3647; x_wconf 81' lang='lat' dir='ltr'><strong>nomine</strong></span> <span class='ocrx_word' id='word_1_665' title='bbox 3147 3593 3277 3647; x_wconf 78' lang='lat' dir='ltr'><strong>Jesu</strong></span> <span class='ocrx_word' id='word_1_666' title='bbox 3319 3609 3468 3647; x_wconf 83' lang='lat' dir='ltr'><strong>omne</strong></span> 
     </span>
    </p>
   </div>
   <div class='ocr_carea' id='block_1_81' title="bbox 1899 3684 3468 3759">
    <p class='ocr_par' dir='ltr' id='par_1_81' title="bbox 1899 3684 3468 3759">
     <span class='ocr_line' id='line_1_81' title="bbox 1899 3684 3468 3759; baseline -0.004 -17"><span class='ocrx_word' id='word_1_667' title='bbox 1899 3705 2034 3759; x_wconf 87' lang='lat' dir='ltr'><strong>genu</strong></span> <span class='ocrx_word' id='word_1_668' title='bbox 2089 3688 2337 3758; x_wconf 79' lang='lat' dir='ltr'><strong>ﬂectatur</strong></span> <span class='ocrx_word' id='word_1_669' title='bbox 2369 3689 2436 3741; x_wconf 72' lang='grc' dir='ltr'><strong>θ’.</strong></span> <span class='ocrx_word' id='word_1_670' title='bbox 2492 3686 2634 3753; x_wconf 87' lang='lat' dir='ltr'><strong>Quid</strong></span> <span class='ocrx_word' id='word_1_671' title='bbox 2691 3701 2820 3755; x_wconf 88' lang='lat' dir='ltr'><strong>ergo</strong></span> <span class='ocrx_word' id='word_1_672' title='bbox 2864 3684 2968 3738; x_wconf 78' lang='lat' dir='ltr'><strong>fuit</strong></span> <span class='ocrx_word' id='word_1_673' title='bbox 3007 3693 3207 3750; x_wconf 85' lang='lat' dir='ltr'><strong>antea,</strong></span> <span class='ocrx_word' id='word_1_674' title='bbox 3255 3685 3302 3738; x_wconf 91' lang='lat' dir='ltr'><strong>si</strong></span> <span class='ocrx_word' id='word_1_675' title='bbox 3340 3693 3468 3737; x_wconf 88' lang='lat' dir='ltr'><strong>tunc</strong></span> 
     </span>
    </p>
   </div>
   <div class='ocr_carea' id='block_1_82' title="bbox 1899 3770 3468 3846">
    <p class='ocr_par' dir='ltr' id='par_1_82' title="bbox 1899 3770 3468 3846">
     <span class='ocr_line' id='line_1_82' title="bbox 1899 3770 3468 3846; baseline -0.005 -14"><span class='ocrx_word' id='word_1_676' title='bbox 1899 3778 2169 3832; x_wconf 81' lang='lat' dir='ltr'><strong>exaltatus</strong></span> <span class='ocrx_word' id='word_1_677' title='bbox 2189 3787 2292 3842; x_wconf 85' lang='lat' dir='ltr'><strong>est,</strong></span> <span class='ocrx_word' id='word_1_678' title='bbox 2323 3776 2595 3846; x_wconf 61' lang='lat' dir='ltr'><strong>capitque</strong></span> <span class='ocrx_word' id='word_1_679' title='bbox 2621 3774 2857 3840; x_wconf 89' lang='lat' dir='ltr'><strong>adorari,</strong></span> <span class='ocrx_word' id='word_1_680' title='bbox 2887 3789 2949 3828; x_wconf 91' lang='lat' dir='ltr'><strong>ac</strong></span> <span class='ocrx_word' id='word_1_681' title='bbox 2979 3771 3149 3827; x_wconf 84' lang='lat' dir='ltr'><strong>Filius</strong></span> <span class='ocrx_word' id='word_1_682' title='bbox 3171 3779 3254 3827; x_wconf 91' lang='lat' dir='ltr'><strong>est</strong></span> <span class='ocrx_word' id='word_1_683' title='bbox 3281 3770 3468 3841; x_wconf 90' lang='lat' dir='ltr'><strong>appel-</strong></span> 
     </span>
    </p>
   </div>
   <div class='ocr_carea' id='block_1_83' title="bbox 1901 3860 3465 3932">
    <p class='ocr_par' dir='ltr' id='par_1_83' title="bbox 1901 3860 3465 3932">
     <span class='ocr_line' id='line_1_83' title="bbox 1901 3860 3465 3932; baseline -0.005 -11"><span class='ocrx_word' id='word_1_684' title='bbox 1901 3867 2064 3932; x_wconf 90' lang='lat' dir='ltr'><strong>latus,</strong></span> <span class='ocrx_word' id='word_1_685' title='bbox 2097 3881 2220 3921; x_wconf 89' lang='lat' dir='ltr'><strong>cum</strong></span> <span class='ocrx_word' id='word_1_686' title='bbox 2251 3865 2428 3922; x_wconf 81' lang='lat' dir='ltr'><strong>factus</strong></span> <span class='ocrx_word' id='word_1_687' title='bbox 2477 3864 2581 3920; x_wconf 80' lang='lat' dir='ltr'><strong>fuit</strong></span> <span class='ocrx_word' id='word_1_688' title='bbox 2622 3865 2822 3919; x_wconf 85' lang='lat' dir='ltr'><strong>homo?</strong></span> <span class='ocrx_word' id='word_1_689' title='bbox 2868 3862 3094 3917; x_wconf 83' lang='lat' dir='ltr'><strong>Videtur</strong></span> <span class='ocrx_word' id='word_1_690' title='bbox 3121 3861 3267 3916; x_wconf 90' lang='lat' dir='ltr'><strong>enim</strong></span> <span class='ocrx_word' id='word_1_691' title='bbox 3321 3860 3465 3914; x_wconf 83' lang='lat' dir='ltr'><strong>nulla</strong></span> 
     </span>
    </p>
   </div>
   <div class='ocr_carea' id='block_1_84' title="bbox 1901 3954 3467 4022">
    <p class='ocr_par' dir='ltr' id='par_1_84' title="bbox 1901 3954 3467 4022">
     <span class='ocr_line' id='line_1_84' title="bbox 1901 3954 3467 4022; baseline -0.004 -8"><span class='ocrx_word' id='word_1_692' title='bbox 1901 3961 1956 4014; x_wconf 92' lang='lat' dir='ltr'><strong>in</strong></span> <span class='ocrx_word' id='word_1_693' title='bbox 1986 3975 2046 4014; x_wconf 90' lang='lat' dir='ltr'><strong>re</strong></span> <span class='ocrx_word' id='word_1_694' title='bbox 2079 3973 2300 4014; x_wconf 89' lang='lat' dir='ltr'><strong>carnem</strong></span> <span class='ocrx_word' id='word_1_695' title='bbox 2343 3957 2622 4013; x_wconf 88' lang='lat' dir='ltr'><strong>meliorem</strong></span> <span class='ocrx_word' id='word_1_696' title='bbox 2663 3955 2984 4019; x_wconf 88' lang='lat' dir='ltr'><strong>reddidisse,</strong></span> <span class='ocrx_word' id='word_1_697' title='bbox 3026 3954 3122 4009; x_wconf 91' lang='lat' dir='ltr'><strong>sed</strong></span> <span class='ocrx_word' id='word_1_698' title='bbox 3160 3954 3338 4022; x_wconf 88' lang='lat' dir='ltr'><strong>ipsum</strong></span> <span class='ocrx_word' id='word_1_699' title='bbox 3368 3968 3467 4022; x_wconf 86' lang='lat' dir='ltr'><strong>po-</strong></span> 
     </span>
    </p>
   </div>
   <div class='ocr_carea' id='block_1_85' title="bbox 1903 4042 3467 4120">
    <p class='ocr_par' dir='ltr' id='par_1_85' title="bbox 1903 4042 3467 4120">
     <span class='ocr_line' id='line_1_85' title="bbox 1903 4042 3467 4120; baseline -0.006 -17"><span class='ocrx_word' id='word_1_700' title='bbox 1903 4050 2014 4105; x_wconf 90' lang='lat' dir='ltr'><strong>tius</strong></span> <span class='ocrx_word' id='word_1_701' title='bbox 2046 4064 2143 4120; x_wconf 92' lang='lat' dir='ltr'><strong>per</strong></span> <span class='ocrx_word' id='word_1_702' title='bbox 2171 4064 2289 4103; x_wconf 87' lang='lat' dir='ltr'><strong>eam</strong></span> <span class='ocrx_word' id='word_1_703' title='bbox 2318 4047 2597 4102; x_wconf 89' lang='lat' dir='ltr'><strong>meliorem</strong></span> <span class='ocrx_word' id='word_1_704' title='bbox 2623 4046 2796 4100; x_wconf 79' lang='lat' dir='ltr'><strong>fuisse</strong></span> <span class='ocrx_word' id='word_1_705' title='bbox 2834 4044 3106 4107; x_wconf 81' lang='lat' dir='ltr'><strong>eﬂectum,</strong></span> <span class='ocrx_word' id='word_1_706' title='bbox 3135 4043 3178 4098; x_wconf 93' lang='lat' dir='ltr'><strong>si</strong></span> <span class='ocrx_word' id='word_1_707' title='bbox 3211 4042 3467 4096; x_wconf 88' lang='lat' dir='ltr'><strong>nimirum</strong></span> 
     </span>
    </p>
   </div>
   <div class='ocr_carea' id='block_1_86' title="bbox 1904 4133 3466 4210">
    <p class='ocr_par' dir='ltr' id='par_1_86' title="bbox 1904 4133 3466 4210">
     <span class='ocr_line' id='line_1_86' title="bbox 1904 4133 3466 4210; baseline -0.005 -16"><span class='ocrx_word' id='word_1_708' title='bbox 1904 4151 2052 4207; x_wconf 90' lang='lat' dir='ltr'><strong>tunc,</strong></span> <span class='ocrx_word' id='word_1_709' title='bbox 2073 4148 2132 4194; x_wconf 90' lang='lat' dir='ltr'><strong>ut</strong></span> <span class='ocrx_word' id='word_1_710' title='bbox 2152 4140 2317 4210; x_wconf 89' lang='lat' dir='ltr'><strong>impie</strong></span> <span class='ocrx_word' id='word_1_711' title='bbox 2347 4147 2558 4209; x_wconf 89' lang='lat' dir='ltr'><strong>putant,</strong></span> <span class='ocrx_word' id='word_1_712' title='bbox 2583 4137 2851 4192; x_wconf 78' lang='lat' dir='ltr'><strong>exaltatus</strong></span> <span class='ocrx_word' id='word_1_713' title='bbox 2880 4144 2964 4191; x_wconf 88' lang='lat' dir='ltr'><strong>est</strong></span> <span class='ocrx_word' id='word_1_714' title='bbox 2994 4145 3046 4190; x_wconf 92' lang='lat' dir='ltr'><strong>et</strong></span> <span class='ocrx_word' id='word_1_715' title='bbox 3067 4133 3240 4189; x_wconf 89' lang='lat' dir='ltr'><strong>Filius</strong></span> <span class='ocrx_word' id='word_1_716' title='bbox 3269 4133 3466 4194; x_wconf 89' lang='lat' dir='ltr'><strong>dictus,</strong></span> 
     </span>
    </p>
   </div>
   <div class='ocr_carea' id='block_1_87' title="bbox 1902 4223 3467 4297">
    <p class='ocr_par' dir='ltr' id='par_1_87' title="bbox 1902 4223 3467 4297">
     <span class='ocr_line' id='line_1_87' title="bbox 1902 4223 3467 4297; baseline -0.008 -9"><span class='ocrx_word' id='word_1_717' title='bbox 1902 4249 2026 4288; x_wconf 92' lang='lat' dir='ltr'><strong>cum</strong></span> <span class='ocrx_word' id='word_1_718' title='bbox 2057 4230 2232 4287; x_wconf 80' lang='lat' dir='ltr'><strong>factus</strong></span> <span class='ocrx_word' id='word_1_719' title='bbox 2260 4241 2346 4286; x_wconf 93' lang='lat' dir='ltr'><strong>est</strong></span> <span class='ocrx_word' id='word_1_720' title='bbox 2373 4231 2553 4285; x_wconf 89' lang='lat' dir='ltr'><strong>homo.</strong></span> <span class='ocrx_word' id='word_1_721' title='bbox 2580 4227 2722 4295; x_wconf 90' lang='lat' dir='ltr'><strong>Quid</strong></span> <span class='ocrx_word' id='word_1_722' title='bbox 2755 4229 2920 4297; x_wconf 86' lang='lat' dir='ltr'><strong>igitur</strong></span> <span class='ocrx_word' id='word_1_723' title='bbox 2957 4237 3075 4282; x_wconf 90' lang='lat' dir='ltr'><strong>erat</strong></span> <span class='ocrx_word' id='word_1_724' title='bbox 3101 4225 3296 4280; x_wconf 82' lang='lat' dir='ltr'><strong>antea?</strong></span> <span class='ocrx_word' id='word_1_725' title='bbox 3333 4223 3467 4278; x_wconf 85' lang='lat' dir='ltr'><strong>Nam</strong></span> 
     </span>
    </p>
   </div>
   <div class='ocr_carea' id='block_1_88' title="bbox 1906 4315 3468 4388">
    <p class='ocr_par' dir='ltr' id='par_1_88' title="bbox 1906 4315 3468 4388">
     <span class='ocr_line' id='line_1_88' title="bbox 1906 4315 3468 4388; baseline -0.004 -14"><span class='ocrx_word' id='word_1_726' title='bbox 1906 4337 2129 4376; x_wconf 88' lang='lat' dir='ltr'><strong>necesse</strong></span> <span class='ocrx_word' id='word_1_727' title='bbox 2155 4329 2240 4376; x_wconf 91' lang='lat' dir='ltr'><strong>est</strong></span> <span class='ocrx_word' id='word_1_728' title='bbox 2261 4336 2356 4375; x_wconf 89' lang='lat' dir='ltr'><strong>eos</strong></span> <span class='ocrx_word' id='word_1_729' title='bbox 2380 4321 2574 4375; x_wconf 86' lang='lat' dir='ltr'><strong>iterum</strong></span> <span class='ocrx_word' id='word_1_730' title='bbox 2605 4319 2958 4388; x_wconf 87' lang='lat' dir='ltr'><strong>interrogare,</strong></span> <span class='ocrx_word' id='word_1_731' title='bbox 2983 4327 3041 4371; x_wconf 91' lang='lat' dir='ltr'><strong>ut</strong></span> <span class='ocrx_word' id='word_1_732' title='bbox 3063 4316 3223 4370; x_wconf 86' lang='lat' dir='ltr'><strong>tinem</strong></span> <span class='ocrx_word' id='word_1_733' title='bbox 3255 4315 3468 4368; x_wconf 85' lang='lat' dir='ltr'><strong>illorum</strong></span> 
     </span>
    </p>
   </div>
   <div class='ocr_carea' id='block_1_89' title="bbox 209 4401 1796 4494">
    <p class='ocr_par' dir='ltr' id='par_1_89' title="bbox 209 4419 1796 4494">
     <span class='ocr_line' id='line_1_89' title="bbox 209 4419 1796 4494; baseline -0.003 -17"><span class='ocrx_word' id='word_1_734' title='bbox 209 4441 262 4477; x_wconf 86' lang='grc' dir='ltr'><strong>τι</strong></span> <span class='ocrx_word' id='word_1_735' title='bbox 299 4419 370 4494; x_wconf 79' lang='grc' dir='ltr'>ἦν</span> <span class='ocrx_word' id='word_1_736' title='bbox 393 4423 547 4494; x_wconf 86' lang='grc' dir='ltr'><strong>παρά</strong></span> <span class='ocrx_word' id='word_1_737' title='bbox 592 4421 784 4485; x_wconf 89' lang='grc' dir='ltr'>ταῦτα,</span> <span class='ocrx_word' id='word_1_738' title='bbox 821 4423 916 4476; x_wconf 72' lang='grc' dir='ltr'>καὶ</span> <span class='ocrx_word' id='word_1_739' title='bbox 949 4420 1176 4492; x_wconf 74' lang='grc' dir='ltr'>ὕστερον</span> <span class='ocrx_word' id='word_1_740' title='bbox 1230 4421 1436 4475; x_wconf 75' lang='grc' dir='ltr'>τούτων</span> <span class='ocrx_word' id='word_1_741' title='bbox 1488 4421 1548 4485; x_wconf 80' lang='grc' dir='ltr'>ἐξ</span> <span class='ocrx_word' id='word_1_742' title='bbox 1601 4422 1796 4492; x_wconf 84' lang='grc' dir='ltr'>ἀρετῆς</span> 
     </span>
    </p>
   </div>
   <div class='ocr_carea' id='block_1_90' title="bbox 1907 4401 3470 4494">
    <p class='ocr_par' dir='ltr' id='par_1_90' title="bbox 1907 4405 3470 4482">
     <span class='ocr_line' id='line_1_90' title="bbox 1907 4405 3470 4482; baseline -0.005 -15"><span class='ocrx_word' id='word_1_743' title='bbox 1907 4412 2200 4482; x_wconf 87' lang='lat' dir='ltr'><strong>impietatis</strong></span> <span class='ocrx_word' id='word_1_744' title='bbox 2227 4411 2444 4466; x_wconf 88' lang='lat' dir='ltr'><strong>tandem</strong></span> <span class='ocrx_word' id='word_1_745' title='bbox 2486 4410 2865 4480; x_wconf 89' lang='lat' dir='ltr'><strong>inspiciamus.</strong></span> <span class='ocrx_word' id='word_1_746' title='bbox 2916 4407 2973 4462; x_wconf 86' lang='lat' dir='ltr'><strong>Si</strong></span> <span class='ocrx_word' id='word_1_747' title='bbox 3017 4408 3162 4462; x_wconf 92' lang='lat' dir='ltr'><strong>enim</strong></span> <span class='ocrx_word' id='word_1_748' title='bbox 3207 4405 3470 4460; x_wconf 89' lang='lat' dir='ltr'><strong>Dominus</strong></span> 
     </span>
    </p>
   </div>
   <div class='ocr_carea' id='block_1_91' title="bbox 211 4513 1799 4588">
    <p class='ocr_par' dir='ltr' id='par_1_91' title="bbox 211 4513 1799 4588">
     <span class='ocr_line' id='line_1_91' title="bbox 211 4513 1799 4588; baseline -0.003 -18"><span class='ocrx_word' id='word_1_749' title='bbox 211 4516 499 4588; x_wconf 85' lang='grc' dir='ltr'>μετέσχεν,</span> <span class='ocrx_word' id='word_1_750' title='bbox 532 4514 720 4585; x_wconf 82' lang='grc' dir='ltr'>ὥσπερ</span> <span class='ocrx_word' id='word_1_751' title='bbox 739 4513 972 4585; x_wconf 71' lang='grc' dir='ltr'>εἴπαμεν</span> <span class='ocrx_word' id='word_1_752' title='bbox 1003 4513 1134 4584; x_wconf 78' lang='grc'>(17)’</span> <span class='ocrx_word' id='word_1_753' title='bbox 1168 4513 1201 4582; x_wconf 88' lang='grc' dir='ltr'>ἢ</span> <span class='ocrx_word' id='word_1_754' title='bbox 1229 4513 1290 4566; x_wconf 89' lang='grc' dir='ltr'><strong>τὸ</strong></span> <span class='ocrx_word' id='word_1_755' title='bbox 1317 4513 1524 4585; x_wconf 73' lang='grc' dir='ltr'>ἕτερον,</span> <span class='ocrx_word' id='word_1_756' title='bbox 1559 4514 1694 4584; x_wconf 85' lang='grc' dir='ltr'>ὅπερ</span> <span class='ocrx_word' id='word_1_757' title='bbox 1721 4515 1799 4575; x_wconf 84' lang='grc' dir='ltr'><strong>είς</strong></span> 
     </span>
    </p>
   </div>
   <div class='ocr_carea' id='block_1_92' title="bbox 209 4604 1799 4676">
    <p class='ocr_par' dir='ltr' id='par_1_92' title="bbox 209 4604 1799 4676">
     <span class='ocr_line' id='line_1_92' title="bbox 209 4604 1799 4676; baseline -0.004 -14"><span class='ocrx_word' id='word_1_758' title='bbox 209 4609 310 4672; x_wconf 85' lang='grc' dir='ltr'><strong>τάς</strong></span> <span class='ocrx_word' id='word_1_759' title='bbox 342 4608 565 4662; x_wconf 75' lang='grc' dir='ltr'>ἐκείνων</span> <span class='ocrx_word' id='word_1_760' title='bbox 621 4605 858 4676; x_wconf 76' lang='grc' dir='ltr'>κεφαλὰς</span> <span class='ocrx_word' id='word_1_761' title='bbox 911 4605 1144 4676; x_wconf 85' lang='grc' dir='ltr'>τραπείη</span> <span class='ocrx_word' id='word_1_762' title='bbox 1171 4646 1185 4666; x_wconf 93' lang='grc'>,</span> <span class='ocrx_word' id='word_1_763' title='bbox 1231 4604 1444 4674; x_wconf 88' lang='grc' dir='ltr'>ἀνάγκη</span> <span class='ocrx_word' id='word_1_764' title='bbox 1490 4604 1670 4671; x_wconf 88' lang='grc' dir='ltr'>λέγειν</span> <span class='ocrx_word' id='word_1_765' title='bbox 1703 4605 1799 4655; x_wconf 83' lang='grc' dir='ltr'><strong>αὑ-</strong></span> 
     </span>
    </p>
   </div>
   <div class='ocr_carea' id='block_1_93' title="bbox 208 4680 1793 4770">
    <p class='ocr_par' dir='ltr' id='par_1_93' title="bbox 208 4680 1793 4770">
     <span class='ocr_line' id='line_1_93' title="bbox 208 4680 1793 4770; baseline -0.005 -17"><span class='ocrx_word' id='word_1_766' title='bbox 208 4703 360 4764; x_wconf 78' lang='grc' dir='ltr'>τοὺς,</span> <span class='ocrx_word' id='word_1_767' title='bbox 399 4700 532 4770; x_wconf 85' lang='grc' dir='ltr'>μηδὲ</span> <span class='ocrx_word' id='word_1_768' title='bbox 555 4694 692 4752; x_wconf 78' lang='grc' dir='ltr'>εἶναι</span> <span class='ocrx_word' id='word_1_769' title='bbox 724 4680 831 4769; x_wconf 82' lang='grc' dir='ltr'><strong>πρὸ</strong></span> <span class='ocrx_word' id='word_1_770' title='bbox 859 4697 1050 4750; x_wconf 86' lang='grc' dir='ltr'>τούτου</span> <span class='ocrx_word' id='word_1_771' title='bbox 1085 4696 1268 4758; x_wconf 72' lang='grc' dir='ltr'>αὑτὸν,</span> <span class='ocrx_word' id='word_1_772' title='bbox 1301 4695 1436 4748; x_wconf 81' lang='grc' dir='ltr'><strong>ἀλλά</strong></span> <span class='ocrx_word' id='word_1_773' title='bbox 1456 4695 1518 4747; x_wconf 87' lang='grc' dir='ltr'><strong>τὸ</strong></span> <span class='ocrx_word' id='word_1_774' title='bbox 1549 4694 1668 4747; x_wconf 82' lang='grc' dir='ltr'>ὅλον</span> <span class='ocrx_word' id='word_1_775' title='bbox 1698 4694 1793 4748; x_wconf 83' lang='grc' dir='ltr'>άν-</span> 
     </span>
    </p>
   </div>
   <div class='ocr_carea' id='block_1_94' title="bbox 209 4786 1797 4864">
    <p class='ocr_par' dir='ltr' id='par_1_94' title="bbox 209 4786 1797 4864">
     <span class='ocr_line' id='line_1_94' title="bbox 209 4786 1797 4864; baseline -0.004 -19"><span class='ocrx_word' id='word_1_776' title='bbox 209 4793 434 4864; x_wconf 76' lang='grc' dir='ltr'>θρωπον</span> <span class='ocrx_word' id='word_1_777' title='bbox 462 4791 574 4863; x_wconf 89' lang='grc'>(18)</span> <span class='ocrx_word' id='word_1_778' title='bbox 603 4787 742 4844; x_wconf 75' lang='grc' dir='ltr'>εἶναι</span> <span class='ocrx_word' id='word_1_779' title='bbox 777 4789 960 4859; x_wconf 80' lang='grc' dir='ltr'>φύσει,</span> <span class='ocrx_word' id='word_1_780' title='bbox 993 4790 1086 4842; x_wconf 78' lang='grc' dir='ltr'>καὶ</span> <span class='ocrx_word' id='word_1_781' title='bbox 1119 4788 1281 4860; x_wconf 84' lang='grc' dir='ltr'>μηδὲν</span> <span class='ocrx_word' id='word_1_782' title='bbox 1315 4787 1498 4841; x_wconf 86' lang='grc' dir='ltr'>πλέον.</span> <span class='ocrx_word' id='word_1_783' title='bbox 1539 4786 1677 4838; x_wconf 83' lang='grc' dir='ltr'>Ἀλλ’</span> <span class='ocrx_word' id='word_1_784' title='bbox 1698 4786 1797 4838; x_wconf 79' lang='grc' dir='ltr'>οὐκ</span> 
     </span>
    </p>
   </div>
   <div class='ocr_carea' id='block_1_95' title="bbox 209 4877 1798 4953">
    <p class='ocr_par' dir='ltr' id='par_1_95' title="bbox 209 4877 1798 4953">
     <span class='ocr_line' id='line_1_95' title="bbox 209 4877 1798 4953; baseline -0.006 -16"><span class='ocrx_word' id='word_1_785' title='bbox 209 4884 329 4938; x_wconf 76' lang='grc' dir='ltr'>ἐστι</span> <span class='ocrx_word' id='word_1_786' title='bbox 361 4882 521 4937; x_wconf 88' lang='grc' dir='ltr'>τοῦτο</span> <span class='ocrx_word' id='word_1_787' title='bbox 555 4882 655 4953; x_wconf 84' lang='grc' dir='ltr'>τῆς</span> <span class='ocrx_word' id='word_1_788' title='bbox 699 4881 1046 4951; x_wconf 82' lang='grc' dir='ltr'>Ἐκκλησίας,</span> <span class='ocrx_word' id='word_1_789' title='bbox 1078 4878 1170 4932; x_wconf 88' lang='grc' dir='ltr'><strong>τοῦ</strong></span> <span class='ocrx_word' id='word_1_790' title='bbox 1194 4878 1250 4932; x_wconf 80' lang='grc' dir='ltr'>δὲ</span> <span class='ocrx_word' id='word_1_791' title='bbox 1298 4877 1654 4950; x_wconf 82' lang='grc' dir='ltr'>Σαμοσατέως</span> <span class='ocrx_word' id='word_1_792' title='bbox 1683 4878 1798 4930; x_wconf 79' lang='grc' dir='ltr'><strong>ὲστί</strong></span> 
     </span>
    </p>
   </div>
   <div class='ocr_carea' id='block_1_96' title="bbox 279 5023 1216 5094">
    <p class='ocr_par' dir='ltr' id='par_1_96' title="bbox 279 5023 1216 5094">
     <span class='ocr_line' id='line_1_96' title="bbox 279 5023 1216 5094; baseline -0.004 -13"><span class='ocrx_word' id='word_1_793' title='bbox 279 5029 351 5062; x_wconf 70' lang='grc' dir='ltr'><strong>ἰ’</strong></span> <span class='ocrx_word' id='word_1_794' title='bbox 388 5028 494 5083; x_wconf 86' lang='lat' dir='ltr'><strong>lsa.</strong></span> <span class='ocrx_word' id='word_1_795' title='bbox 535 5043 575 5093; x_wconf 88' lang='grc' dir='ltr'><strong>ι,</strong></span> <span class='ocrx_word' id='word_1_796' title='bbox 602 5025 656 5082; x_wconf 77' lang='lat'><strong>2.</strong></span> <span class='ocrx_word' id='word_1_797' title='bbox 731 5027 777 5058; x_wconf 84' lang='grc'><strong><em>⁹²</em></strong></span> <span class='ocrx_word' id='word_1_798' title='bbox 805 5024 1005 5094; x_wconf 89' lang='lat' dir='ltr'><strong>Philip.</strong></span> <span class='ocrx_word' id='word_1_799' title='bbox 1031 5039 1092 5089; x_wconf 85' lang='lat' dir='ltr'><strong>tl,</strong></span> <span class='ocrx_word' id='word_1_800' title='bbox 1130 5023 1216 5078; x_wconf 91' lang='grc'>10.</span> 
     </span>
    </p>
   </div>
   <div class='ocr_carea' id='block_1_97' title="bbox 167 5161 1796 5294">
    <p class='ocr_par' dir='ltr' id='par_1_97' title="bbox 167 5161 1796 5294">
     <span class='ocr_line' id='line_1_97' title="bbox 167 5161 1796 5239; baseline -0.005 -15"><span class='ocrx_word' id='word_1_801' title='bbox 167 5173 173 5182; x_wconf 91' lang='grc'><em>’</em></span> <span class='ocrx_word' id='word_1_802' title='bbox 283 5169 362 5239; x_wconf 89' lang='grc'>(8)</span> <span class='ocrx_word' id='word_1_803' title='bbox 394 5166 784 5237; x_wconf 79' lang='lat' dir='ltr'><strong>Seguerianus,</strong></span> <span class='ocrx_word' id='word_1_804' title='bbox 818 5164 993 5237; x_wconf 83' lang='grc' dir='ltr'>μέσην</span> <span class='ocrx_word' id='word_1_805' title='bbox 1013 5163 1113 5235; x_wconf 82' lang='grc' dir='ltr'>τὴν</span> <span class='ocrx_word' id='word_1_806' title='bbox 1141 5163 1368 5235; x_wconf 83' lang='grc' dir='ltr'>ἀγοράν.</span> <span class='ocrx_word' id='word_1_807' title='bbox 1396 5161 1540 5219; x_wconf 79' lang='lat' dir='ltr'><strong>Editi</strong></span> <span class='ocrx_word' id='word_1_808' title='bbox 1587 5172 1642 5220; x_wconf 89' lang='lat' dir='ltr'><strong>et</strong></span> <span class='ocrx_word' id='word_1_809' title='bbox 1683 5163 1796 5230; x_wconf 90' lang='lat' dir='ltr'><strong>alii,</strong></span> 
     </span>
     <span class='ocr_line' id='line_1_98' title="bbox 213 5237 639 5294; baseline -0.005 0"><span class='ocrx_word' id='word_1_810' title='bbox 213 5241 390 5294; x_wconf 75' lang='grc' dir='ltr'>μέσην</span> <span class='ocrx_word' id='word_1_811' title='bbox 413 5237 639 5294; x_wconf 82' lang='grc' dir='ltr'>ἀγοράν.</span> 
     </span>
    </p>
   </div>
   <div class='ocr_carea' id='block_1_98' title="bbox 360 5255 639 5293">
    <p class='ocr_par' dir='ltr' id='par_1_98' title="bbox 360 5255 639 5293">
     <span class='ocr_line' id='line_1_99' title="bbox 360 5255 639 5293; baseline -0.004 0"><span class='ocrx_word' id='word_1_812' title='bbox 360 5258 390 5293; x_wconf 87' lang='grc' dir='ltr'>ν</span> <span class='ocrx_word' id='word_1_813' title='bbox 413 5255 639 5293; x_wconf 84' lang='grc' dir='ltr'>αγοοαν.</span> 
     </span>
    </p>
   </div>
   <div class='ocr_carea' id='block_1_99' title="bbox 211 5255 1792 5379">
    <p class='ocr_par' dir='ltr' id='par_1_99' title="bbox 211 5255 1792 5379">
     <span class='ocr_line' id='line_1_100' title="bbox 211 5255 639 5313; baseline -0.007 -19"><span class='ocrx_word' id='word_1_814' title='bbox 211 5255 282 5313; x_wconf 77' lang='grc' dir='ltr'><strong>με</strong></span> <span class='ocrx_word' id='word_1_815' title='bbox 360 5258 390 5293; x_wconf 90' lang='grc' dir='ltr'><strong>ν</strong></span> <span class='ocrx_word' id='word_1_816' title='bbox 413 5255 639 5310; x_wconf 86' lang='grc' dir='ltr'>αγοραν.</span> 
     </span>
     <span class='ocr_line' id='line_1_101' title="bbox 281 5258 1792 5379; baseline -0.006 -14"><span class='ocrx_word' id='word_1_817' title='bbox 281 5258 362 5379; x_wconf 51' lang='grc' dir='ltr'>ὃ)</span> <span class='ocrx_word' id='word_1_818' title='bbox 389 5308 778 5379; x_wconf 77' lang='lat' dir='ltr'><strong>Seguerianus,</strong></span> <span class='ocrx_word' id='word_1_819' title='bbox 802 5305 943 5379; x_wconf 61' lang='grc' dir='ltr'>αὐτὰ</span> <span class='ocrx_word' id='word_1_820' title='bbox 963 5300 1052 5379; x_wconf 48' lang='grc' dir='ltr'><strong>ἦε.</strong></span> <span class='ocrx_word' id='word_1_821' title='bbox 1079 5303 1215 5359; x_wconf 81' lang='lat' dir='ltr'><strong>Ibid.</strong></span> <span class='ocrx_word' id='word_1_822' title='bbox 1239 5303 1394 5379; x_wconf 66' lang='lat' dir='ltr'><strong>idem</strong></span> <span class='ocrx_word' id='word_1_823' title='bbox 1427 5318 1550 5379; x_wconf 79' lang='lat' dir='ltr'><strong>cum</strong></span> <span class='ocrx_word' id='word_1_824' title='bbox 1575 5303 1792 5359; x_wconf 86' lang='lat' dir='ltr'><strong>anler.</strong></span> 
     </span>
    </p>
   </div>
   <div class='ocr_carea' id='block_1_100' title="bbox 207 5373 1581 5448">
    <p class='ocr_par' dir='ltr' id='par_1_100' title="bbox 207 5373 1581 5448">
     <span class='ocr_line' id='line_1_102' title="bbox 207 5373 1581 5448; baseline -0.006 -12"><span class='ocrx_word' id='word_1_825' title='bbox 207 5393 264 5437; x_wconf 86' lang='lat' dir='ltr'><strong>et</strong></span> <span class='ocrx_word' id='word_1_826' title='bbox 294 5373 443 5434; x_wconf 78' lang='lat' dir='ltr'><strong>Felc.</strong></span> <span class='ocrx_word' id='word_1_827' title='bbox 465 5373 528 5444; x_wconf 55' lang='lat'><strong>&#39;1,</strong></span> <span class='ocrx_word' id='word_1_828' title='bbox 557 5377 651 5432; x_wconf 89' lang='grc' dir='ltr'><strong>τοῦ</strong></span> <span class='ocrx_word' id='word_1_829' title='bbox 679 5373 1266 5448; x_wconf 40' lang='grc' dir='ltr'>διδομένουίΒ-οεηςτοῦ</span> <span class='ocrx_word' id='word_1_830' title='bbox 1303 5373 1581 5448; x_wconf 21' lang='grc' dir='ltr'>έσομένουμ.</span> 
     </span>
    </p>
   </div>
   <div class='ocr_carea' id='block_1_101' title="bbox 282 5444 1790 5519">
    <p class='ocr_par' dir='ltr' id='par_1_101' title="bbox 282 5444 1790 5519">
     <span class='ocr_line' id='line_1_103' title="bbox 282 5444 1790 5519; baseline -0.005 -13"><span class='ocrx_word' id='word_1_831' title='bbox 282 5451 399 5519; x_wconf 89' lang='grc'>(10)</span> <span class='ocrx_word' id='word_1_832' title='bbox 451 5451 544 5504; x_wconf 89' lang='lat' dir='ltr'><strong>Sic</strong></span> <span class='ocrx_word' id='word_1_833' title='bbox 594 5444 1002 5519; x_wconf 56' lang='lat' dir='ltr'><strong>Seguerianus,</strong></span> <span class='ocrx_word' id='word_1_834' title='bbox 1038 5444 1390 5519; x_wconf 67' lang='lat' dir='ltr'><strong>Basiliettsis.</strong></span> <span class='ocrx_word' id='word_1_835' title='bbox 1435 5445 1790 5512; x_wconf 83' lang='lat' dir='ltr'><strong>Anglicanus,</strong></span> 
     </span>
    </p>
   </div>
   <div class='ocr_carea' id='block_1_102' title="bbox 207 5513 1542 5587">
    <p class='ocr_par' dir='ltr' id='par_1_102' title="bbox 207 5513 1542 5587">
     <span class='ocr_line' id='line_1_104' title="bbox 207 5513 1542 5587; baseline -0.007 -10"><span class='ocrx_word' id='word_1_836' title='bbox 207 5513 528 5577; x_wconf 54' lang='lat' dir='ltr'><strong>Gohle&#39;rian.</strong></span> <span class='ocrx_word' id='word_1_837' title='bbox 560 5513 695 5587; x_wconf 54' lang='lat' dir='ltr'><strong>Reg:</strong></span> <span class='ocrx_word' id='word_1_838' title='bbox 724 5528 780 5573; x_wconf 91' lang='lat' dir='ltr'><strong>et</strong></span> <span class='ocrx_word' id='word_1_839' title='bbox 800 5517 945 5587; x_wconf 73' lang='lat' dir='ltr'><strong>Fele.</strong></span> <span class='ocrx_word' id='word_1_840' title='bbox 973 5517 1025 5572; x_wconf 84' lang='lat'><strong>5.</strong></span> <span class='ocrx_word' id='word_1_841' title='bbox 1055 5516 1124 5569; x_wconf 87' lang='lat' dir='ltr'><strong>At</strong></span> <span class='ocrx_word' id='word_1_842' title='bbox 1143 5513 1296 5587; x_wconf 86' lang='lat' dir='ltr'><strong>editi,</strong></span> <span class='ocrx_word' id='word_1_843' title='bbox 1323 5513 1542 5587; x_wconf 75' lang='grc' dir='ltr'>ἔσχηκε.</span> 
     </span>
    </p>
   </div>
   <div class='ocr_carea' id='block_1_103' title="bbox 282 5583 1792 5660">
    <p class='ocr_par' dir='ltr' id='par_1_103' title="bbox 282 5583 1792 5660">
     <span class='ocr_line' id='line_1_105' title="bbox 282 5583 1792 5660; baseline -0.007 -14"><span class='ocrx_word' id='word_1_844' title='bbox 282 5592 399 5660; x_wconf 92' lang='grc'>(11)</span> <span class='ocrx_word' id='word_1_845' title='bbox 425 5583 738 5660; x_wconf 67' lang='lat' dir='ltr'><strong>Goblerian.</strong></span> <span class='ocrx_word' id='word_1_846' title='bbox 767 5597 823 5642; x_wconf 86' lang='lat' dir='ltr'><strong>et</strong></span> <span class='ocrx_word' id='word_1_847' title='bbox 864 5585 1014 5640; x_wconf 82' lang='lat' dir='ltr'><strong>Felc.</strong></span> <span class='ocrx_word' id='word_1_848' title='bbox 1055 5587 1110 5660; x_wconf 78' lang='grc'>1,</span> <span class='ocrx_word' id='word_1_849' title='bbox 1150 5585 1311 5660; x_wconf 63' lang='grc' dir='ltr'>περίᾷ</span> <span class='ocrx_word' id='word_1_850' title='bbox 1328 5583 1497 5638; x_wconf 79' lang='lat' dir='ltr'><strong>Paulo</strong></span> <span class='ocrx_word' id='word_1_851' title='bbox 1536 5583 1792 5660; x_wconf 58' lang='lat' dir='ltr'><strong>postse-</strong></span> 
     </span>
    </p>
   </div>
   <div class='ocr_carea' id='block_1_104' title="bbox 209 5648 1793 5732">
    <p class='ocr_par' dir='ltr' id='par_1_104' title="bbox 209 5648 1793 5732">
     <span class='ocr_line' id='line_1_106' title="bbox 209 5648 1793 5732; baseline -0.004 -19"><span class='ocrx_word' id='word_1_852' title='bbox 209 5648 484 5732; x_wconf 71' lang='lat' dir='ltr'><strong>gtterian.,</strong></span> <span class='ocrx_word' id='word_1_853' title='bbox 529 5659 905 5732; x_wconf 48' lang='grc' dir='ltr'><strong>οίυᾶνθρωττοι⁸</strong></span> <span class='ocrx_word' id='word_1_854' title='bbox 934 5648 1103 5732; x_wconf 37' lang='grc' dir='ltr'>κατά-,⁷</span> <span class='ocrx_word' id='word_1_855' title='bbox 1126 5648 1338 5732; x_wconf 40' lang='lat' dir='ltr'><strong>&#39;etclmEt</strong></span> <span class='ocrx_word' id='word_1_856' title='bbox 1377 5648 1683 5723; x_wconf 67' lang='grc' dir='ltr'>ηιοκ,“περ“ι</span> <span class='ocrx_word' id='word_1_857' title='bbox 1720 5648 1793 5706; x_wconf 76' lang='grc' dir='ltr'>ὧν</span> 
     </span>
    </p>
   </div>
   <div class='ocr_carea' id='block_1_105' title="bbox 211 5718 1434 5799">
    <p class='ocr_par' dir='ltr' id='par_1_105' title="bbox 211 5718 1434 5799">
     <span class='ocr_line' id='line_1_107' title="bbox 211 5718 1434 5799; baseline -0.007 -13"><span class='ocrx_word' id='word_1_858' title='bbox 211 5718 542 5799; x_wconf 44' lang='lat'><strong>1:251:75).</strong></span> <span class='ocrx_word' id='word_1_859' title='bbox 575 5718 790 5784; x_wconf 73' lang='grc' dir='ltr'>Εώιίὀι</span> <span class='ocrx_word' id='word_1_860' title='bbox 821 5729 934 5794; x_wconf 86' lang='lat' dir='ltr'><strong>alii,</strong></span> <span class='ocrx_word' id='word_1_861' title='bbox 969 5726 1093 5796; x_wconf 65' lang='grc' dir='ltr'>περὶ</span> <span class='ocrx_word' id='word_1_862' title='bbox 1117 5718 1191 5778; x_wconf 83' lang='grc' dir='ltr'>ὦν</span> <span class='ocrx_word' id='word_1_863' title='bbox 1231 5723 1434 5790; x_wconf 74' lang='grc' dir='ltr'>ἔλεγεν.</span> 
     </span>
    </p>
   </div>
   <div class='ocr_carea' id='block_1_106' title="bbox 1891 5359 2700 5429">
    <p class='ocr_par' dir='ltr' id='par_1_106' title="bbox 1891 5359 2700 5429">
     <span class='ocr_line' id='line_1_108' title="bbox 1891 5359 2700 5429; baseline -0.016 -6"><span class='ocrx_word' id='word_1_864' title='bbox 1891 5369 2028 5423; x_wconf 78' lang='lat' dir='ltr'><strong>Editi</strong></span> <span class='ocrx_word' id='word_1_865' title='bbox 2059 5359 2114 5422; x_wconf 82' lang='lat' dir='ltr'><strong>et</strong></span> <span class='ocrx_word' id='word_1_866' title='bbox 2150 5359 2263 5429; x_wconf 75' lang='lat' dir='ltr'><strong>alii,</strong></span> <span class='ocrx_word' id='word_1_867' title='bbox 2294 5359 2459 5416; x_wconf 76' lang='grc' dir='ltr'>οὗτοι.</span> <span class='ocrx_word' id='word_1_868' title='bbox 2498 5359 2700 5429; x_wconf 80' lang='lat' dir='ltr'><strong>ibidem</strong></span> 
     </span>
    </p>
   </div>
   <div class='ocr_carea' id='block_1_107' title="bbox 1904 4497 3468 4568">
    <p class='ocr_par' dir='ltr' id='par_1_107' title="bbox 1904 4497 3468 4568">
     <span class='ocr_line' id='line_1_109' title="bbox 1904 4497 3468 4568; baseline -0.008 -8"><span class='ocrx_word' id='word_1_869' title='bbox 1904 4514 1986 4560; x_wconf 90' lang='lat' dir='ltr'><strong>est</strong></span> <span class='ocrx_word' id='word_1_870' title='bbox 2011 4502 2175 4568; x_wconf 88' lang='lat' dir='ltr'><strong>Deus,</strong></span> <span class='ocrx_word' id='word_1_871' title='bbox 2206 4500 2404 4565; x_wconf 88' lang='lat' dir='ltr'><strong>Filius,</strong></span> <span class='ocrx_word' id='word_1_872' title='bbox 2438 4509 2493 4556; x_wconf 91' lang='lat' dir='ltr'><strong>et</strong></span> <span class='ocrx_word' id='word_1_873' title='bbox 2521 4499 2758 4555; x_wconf 83' lang='lat' dir='ltr'><strong>Verbum</strong></span> <span class='ocrx_word' id='word_1_874' title='bbox 2781 4542 2796 4565; x_wconf 90' lang='lat'><strong>,</strong></span> <span class='ocrx_word' id='word_1_875' title='bbox 2840 4499 3085 4567; x_wconf 86' lang='lat' dir='ltr'><strong>nihilque</strong></span> <span class='ocrx_word' id='word_1_876' title='bbox 3133 4497 3327 4551; x_wconf 91' lang='lat' dir='ltr'><strong>horum</strong></span> <span class='ocrx_word' id='word_1_877' title='bbox 3357 4503 3468 4549; x_wconf 89' lang='lat' dir='ltr'><strong>erat</strong></span> 
     </span>
    </p>
   </div>
   <div class='ocr_carea' id='block_1_108' title="bbox 1905 4587 3467 4664">
    <p class='ocr_par' dir='ltr' id='par_1_108' title="bbox 1905 4587 3467 4664">
     <span class='ocr_line' id='line_1_110' title="bbox 1905 4587 3467 4664; baseline -0.007 -15"><span class='ocrx_word' id='word_1_878' title='bbox 1905 4595 2223 4664; x_wconf 88' lang='lat' dir='ltr'><strong>priusquam</strong></span> <span class='ocrx_word' id='word_1_879' title='bbox 2251 4593 2416 4647; x_wconf 86' lang='lat' dir='ltr'><strong>homo</strong></span> <span class='ocrx_word' id='word_1_880' title='bbox 2445 4592 2628 4646; x_wconf 81' lang='lat' dir='ltr'><strong>ﬁeret:</strong></span> <span class='ocrx_word' id='word_1_881' title='bbox 2656 4591 2738 4644; x_wconf 88' lang='lat' dir='ltr'><strong>vel</strong></span> <span class='ocrx_word' id='word_1_882' title='bbox 2770 4599 2916 4644; x_wconf 90' lang='lat' dir='ltr'><strong>certe</strong></span> <span class='ocrx_word' id='word_1_883' title='bbox 2942 4588 3147 4657; x_wconf 90' lang='lat' dir='ltr'><strong>aliquid</strong></span> <span class='ocrx_word' id='word_1_884' title='bbox 3186 4587 3330 4641; x_wconf 90' lang='lat' dir='ltr'><strong>aliud</strong></span> <span class='ocrx_word' id='word_1_885' title='bbox 3353 4592 3467 4639; x_wconf 85' lang='lat' dir='ltr'><strong>erat</strong></span> 
     </span>
    </p>
   </div>
   <div class='ocr_carea' id='block_1_109' title="bbox 1905 4677 3470 4755">
    <p class='ocr_par' dir='ltr' id='par_1_109' title="bbox 1905 4677 3470 4755">
     <span class='ocr_line' id='line_1_111' title="bbox 1905 4677 3470 4755; baseline -0.004 -16"><span class='ocrx_word' id='word_1_886' title='bbox 1905 4693 2099 4755; x_wconf 70' lang='lat' dir='ltr'><strong>praeter</strong></span> <span class='ocrx_word' id='word_1_887' title='bbox 2116 4684 2229 4750; x_wconf 89' lang='lat' dir='ltr'><strong>illa,</strong></span> <span class='ocrx_word' id='word_1_888' title='bbox 2248 4697 2481 4752; x_wconf 91' lang='lat' dir='ltr'><strong>quorum</strong></span> <span class='ocrx_word' id='word_1_889' title='bbox 2507 4689 2694 4751; x_wconf 91' lang='lat' dir='ltr'><strong>postea</strong></span> <span class='ocrx_word' id='word_1_890' title='bbox 2717 4680 2788 4733; x_wconf 85' lang='lat' dir='ltr'><strong>ob</strong></span> <span class='ocrx_word' id='word_1_891' title='bbox 2810 4680 3067 4734; x_wconf 84' lang='lat' dir='ltr'><strong>virtutem</strong></span> <span class='ocrx_word' id='word_1_892' title='bbox 3092 4689 3175 4733; x_wconf 93' lang='lat' dir='ltr'><strong>est</strong></span> <span class='ocrx_word' id='word_1_893' title='bbox 3201 4677 3470 4748; x_wconf 85' lang='lat' dir='ltr'><strong>particeps</strong></span> 
     </span>
    </p>
   </div>
   <div class='ocr_carea' id='block_1_110' title="bbox 1903 4768 3468 4841">
    <p class='ocr_par' dir='ltr' id='par_1_110' title="bbox 1903 4768 3468 4841">
     <span class='ocr_line' id='line_1_112' title="bbox 1903 4768 3468 4841; baseline -0.007 -9"><span class='ocrx_word' id='word_1_894' title='bbox 1903 4777 2145 4841; x_wconf 81' lang='lat' dir='ltr'><strong>etl‘ectus,</strong></span> <span class='ocrx_word' id='word_1_895' title='bbox 2201 4775 2279 4829; x_wconf 93' lang='lat' dir='ltr'><strong>uti</strong></span> <span class='ocrx_word' id='word_1_896' title='bbox 2307 4774 2588 4828; x_wconf 80' lang='lat' dir='ltr'><strong>diximus;</strong></span> <span class='ocrx_word' id='word_1_897' title='bbox 2631 4772 2715 4826; x_wconf 91' lang='lat' dir='ltr'><strong>vel</strong></span> <span class='ocrx_word' id='word_1_898' title='bbox 2760 4771 2938 4835; x_wconf 87' lang='lat' dir='ltr'><strong>aliud,</strong></span> <span class='ocrx_word' id='word_1_899' title='bbox 2986 4769 3132 4840; x_wconf 90' lang='lat' dir='ltr'><strong>quod</strong></span> <span class='ocrx_word' id='word_1_900' title='bbox 3166 4768 3383 4839; x_wconf 88' lang='lat' dir='ltr'><strong>quidem</strong></span> <span class='ocrx_word' id='word_1_901' title='bbox 3415 4769 3468 4822; x_wconf 91' lang='lat' dir='ltr'><strong>iu</strong></span> 
     </span>
    </p>
   </div>
   <div class='ocr_carea' id='block_1_111' title="bbox 1905 4859 3468 4942">
    <p class='ocr_par' dir='ltr' id='par_1_111' title="bbox 1905 4859 3468 4942">
     <span class='ocr_line' id='line_1_113' title="bbox 1905 4859 3468 4942; baseline -0.01 -16"><span class='ocrx_word' id='word_1_902' title='bbox 1905 4871 2148 4942; x_wconf 88' lang='lat' dir='ltr'><strong>ipsorum</strong></span> <span class='ocrx_word' id='word_1_903' title='bbox 2193 4866 2445 4922; x_wconf 89' lang='lat' dir='ltr'><strong>reciderit</strong></span> <span class='ocrx_word' id='word_1_904' title='bbox 2477 4865 2654 4934; x_wconf 87' lang='lat' dir='ltr'><strong>capita</strong></span> <span class='ocrx_word' id='word_1_905' title='bbox 2675 4904 2690 4929; x_wconf 92' lang='lat'><strong>,</strong></span> <span class='ocrx_word' id='word_1_906' title='bbox 2725 4864 2850 4918; x_wconf 90' lang='lat' dir='ltr'><strong>illos</strong></span> <span class='ocrx_word' id='word_1_907' title='bbox 2889 4877 3112 4918; x_wconf 88' lang='lat' dir='ltr'><strong>necesse</strong></span> <span class='ocrx_word' id='word_1_908' title='bbox 3153 4869 3238 4915; x_wconf 90' lang='lat' dir='ltr'><strong>est</strong></span> <span class='ocrx_word' id='word_1_909' title='bbox 3268 4859 3468 4926; x_wconf 87' lang='lat' dir='ltr'><strong>dicere,</strong></span> 
     </span>
    </p>
   </div>
   <div class='ocr_carea' id='block_1_112' title="bbox 1970 5143 2926 5226">
    <p class='ocr_par' dir='ltr' id='par_1_112' title="bbox 1970 5143 2926 5226">
     <span class='ocr_line' id='line_1_114' title="bbox 1970 5143 2926 5226; baseline -0.01 -18"><span class='ocrx_word' id='word_1_910' title='bbox 1970 5155 2085 5222; x_wconf 73' lang='lat'><strong>(19.)</strong></span> <span class='ocrx_word' id='word_1_911' title='bbox 2114 5151 2504 5226; x_wconf 85' lang='lat' dir='ltr'><strong>Seguerianus,</strong></span> <span class='ocrx_word' id='word_1_912' title='bbox 2530 5145 2679 5226; x_wconf 61' lang='grc' dir='ltr'>μξοὺς</span> <span class='ocrx_word' id='word_1_913' title='bbox 2711 5143 2926 5207; x_wconf 77' lang='grc' dir='ltr'>αὐτούς.</span> 
     </span>
    </p>
   </div>
   <div class='ocr_carea' id='block_1_113' title="bbox 1965 5216 3447 5299">
    <p class='ocr_par' dir='ltr' id='par_1_113' title="bbox 1965 5216 3447 5299">
     <span class='ocr_line' id='line_1_115' title="bbox 1965 5216 3447 5299; baseline -0.009 -19"><span class='ocrx_word' id='word_1_914' title='bbox 1965 5216 2078 5299; x_wconf 79' lang='grc'>(15)</span> <span class='ocrx_word' id='word_1_915' title='bbox 2112 5216 2759 5299; x_wconf 33' lang='lat' dir='ltr'><strong>Seguerianusﬁ‘ékouat,</strong></span> <span class='ocrx_word' id='word_1_916' title='bbox 2939 5293 2971 5299; x_wconf 1' lang='grc' dir='ltr'><strong>,Δ</strong></span> <span class='ocrx_word' id='word_1_917' title='bbox 3222 5282 3239 5299; x_wconf 50' lang='grc' dir='ltr'>ι</span> <span class='ocrx_word' id='word_1_918' title='bbox 3319 5282 3354 5299; x_wconf 15' lang='grc' dir='ltr'><strong>ν.</strong></span> <span class='ocrx_word' id='word_1_919' title='bbox 3411 5279 3447 5299; x_wconf 10' lang='grc' dir='ltr'>γρ</span> 
     </span>
    </p>
   </div>
   <div class='ocr_carea' id='block_1_114' title="bbox 1965 5281 3467 5364">
    <p class='ocr_par' dir='ltr' id='par_1_114' title="bbox 1965 5281 3467 5364">
     <span class='ocr_line' id='line_1_116' title="bbox 1965 5281 3467 5364; baseline -0.015 -12"><span class='ocrx_word' id='word_1_920' title='bbox 1965 5281 2076 5364; x_wconf 66' lang='grc'>(14)</span> <span class='ocrx_word' id='word_1_921' title='bbox 2116 5281 2899 5364; x_wconf 58' lang='lat' dir='ltr'><strong>Seguerianus,Ouhlerianus</strong></span> <span class='ocrx_word' id='word_1_922' title='bbox 2924 5293 2978 5336; x_wconf 88' lang='lat' dir='ltr'><strong>et</strong></span> <span class='ocrx_word' id='word_1_923' title='bbox 3013 5281 3191 5364; x_wconf 57' lang='lat' dir='ltr'><strong>lt‘elck.</strong></span> <span class='ocrx_word' id='word_1_924' title='bbox 3219 5282 3272 5364; x_wconf 42' lang='grc' dir='ltr'><strong>1,ζ</strong></span> <span class='ocrx_word' id='word_1_925' title='bbox 3295 5281 3467 5337; x_wconf 75' lang='grc' dir='ltr'>αὐτοί,</span> 
     </span>
    </p>
   </div>
   <div class='ocr_carea' id='block_1_115' title="bbox 2318 5352 3468 5481">
    <p class='ocr_par' dir='ltr' id='par_1_115' title="bbox 2318 5352 3468 5481">
     <span class='ocr_line' id='line_1_117' title="bbox 2318 5352 3468 5426; baseline -0.007 -16"><span class='ocrx_word' id='word_1_926' title='bbox 2318 5359 2459 5416; x_wconf 77' lang='grc' dir='ltr'>ιῦτοι.</span> <span class='ocrx_word' id='word_1_927' title='bbox 2498 5359 2700 5411; x_wconf 87' lang='lat' dir='ltr'><strong>Ibidem</strong></span> <span class='ocrx_word' id='word_1_928' title='bbox 2743 5355 2940 5426; x_wconf 77' lang='grc' dir='ltr'>μᾶλλον</span> <span class='ocrx_word' id='word_1_929' title='bbox 2978 5355 3130 5408; x_wconf 79' lang='lat' dir='ltr'><strong>abest</strong></span> <span class='ocrx_word' id='word_1_930' title='bbox 3167 5369 3196 5406; x_wconf 91' lang='lat' dir='ltr'><strong>a</strong></span> <span class='ocrx_word' id='word_1_931' title='bbox 3241 5352 3468 5423; x_wconf 54' lang='lat' dir='ltr'><strong>Segttrr.</strong></span> 
     </span>
     <span class='ocr_line' id='line_1_118' title="bbox 2318 5427 2660 5481; baseline -0.006 0"><span class='ocrx_word' id='word_1_932' title='bbox 2318 5434 2450 5481; x_wconf 71' lang='lat' dir='ltr'><strong>iam.</strong></span> <span class='ocrx_word' id='word_1_933' title='bbox 2484 5427 2660 5481; x_wconf 74' lang='grc' dir='ltr'>ἔλαϐε.</span> 
     </span>
    </p>
   </div>
   <div class='ocr_carea' id='block_1_116' title="bbox 1960 5435 3468 5586">
    <p class='ocr_par' dir='ltr' id='par_1_116' title="bbox 1960 5435 3468 5586">
     <span class='ocr_line' id='line_1_119' title="bbox 1960 5435 3429 5509; baseline -0.019 -17"><span class='ocrx_word' id='word_1_934' title='bbox 1960 5439 2069 5509; x_wconf 83' lang='grc'>(15)</span> <span class='ocrx_word' id='word_1_935' title='bbox 2111 5435 2450 5506; x_wconf 84' lang='lat' dir='ltr'><strong>Segueriau.,</strong></span> <span class='ocrx_word' id='word_1_936' title='bbox 2484 5435 2660 5481; x_wconf 78' lang='grc' dir='ltr'>έλαῆε.</span> <span class='ocrx_word' id='word_1_937' title='bbox 2744 5495 2755 5507; x_wconf 46' lang='grc'><strong>.</strong></span> <span class='ocrx_word' id='word_1_938' title='bbox 3405 5489 3429 5500; x_wconf 36' lang='grc' dir='ltr'><em>κ</em></span> 
     </span>
     <span class='ocr_line' id='line_1_120' title="bbox 1971 5492 3468 5586; baseline -0.013 -25"><span class='ocrx_word' id='word_1_939' title='bbox 1971 5503 2512 5586; x_wconf 40' lang='lat' dir='ltr'><strong>(_16)_‘S_egtteri‘an‘us,</strong></span> <span class='ocrx_word' id='word_1_940' title='bbox 2541 5497 2854 5586; x_wconf 79' lang='lat' dir='ltr'><strong>Goblertau.</strong></span> <span class='ocrx_word' id='word_1_941' title='bbox 2889 5503 2942 5549; x_wconf 86' lang='lat' dir='ltr'><strong>et</strong></span> <span class='ocrx_word' id='word_1_942' title='bbox 2973 5492 3116 5547; x_wconf 84' lang='lat' dir='ltr'><strong>Felc.</strong></span> <span class='ocrx_word' id='word_1_943' title='bbox 3159 5492 3206 5557; x_wconf 93' lang='grc'>1,</span> <span class='ocrx_word' id='word_1_944' title='bbox 3243 5493 3335 5546; x_wconf 73' lang='grc' dir='ltr'>καὶ</span> <span class='ocrx_word' id='word_1_945' title='bbox 3370 5507 3468 5544; x_wconf 76' lang='grc' dir='ltr'><strong>νυν</strong></span> 
     </span>
    </p>
   </div>
   <div class='ocr_carea' id='block_1_117' title="bbox 1904 5569 2724 5641">
    <p class='ocr_par' dir='ltr' id='par_1_117' title="bbox 1904 5569 2724 5641">
     <span class='ocr_line' id='line_1_121' title="bbox 1904 5569 2724 5641; baseline -0.015 -10"><span class='ocrx_word' id='word_1_946' title='bbox 1904 5569 2045 5641; x_wconf 67' lang='grc' dir='ltr'>Υἱὸς.</span> <span class='ocrx_word' id='word_1_947' title='bbox 2065 5569 2240 5636; x_wconf 71' lang='grc' dir='ltr'><strong>Ἐάίιῖ,</strong></span> <span class='ocrx_word' id='word_1_948' title='bbox 2269 5573 2364 5626; x_wconf 78' lang='grc' dir='ltr'>καὶ</span> <span class='ocrx_word' id='word_1_949' title='bbox 2391 5569 2551 5641; x_wconf 42' lang='grc' dir='ltr'>Υἱός,</span> <span class='ocrx_word' id='word_1_950' title='bbox 2711 5582 2724 5591; x_wconf 88' lang='grc'><strong>·</strong></span> 
     </span>
    </p>
   </div>
   <div class='ocr_carea' id='block_1_118' title="bbox 1971 5638 2940 5716">
    <p class='ocr_par' dir='ltr' id='par_1_118' title="bbox 1971 5638 2940 5716">
     <span class='ocr_line' id='line_1_122' title="bbox 1971 5638 2940 5716; baseline -0.009 -16"><span class='ocrx_word' id='word_1_951' title='bbox 1971 5638 2084 5716; x_wconf 83' lang='lat' dir='ltr'><strong>(l7)</strong></span> <span class='ocrx_word' id='word_1_952' title='bbox 2128 5643 2468 5716; x_wconf 74' lang='lat' dir='ltr'><strong>Segu_eriau.,</strong></span> <span class='ocrx_word' id='word_1_953' title='bbox 2500 5638 2781 5716; x_wconf 56' lang='grc' dir='ltr'><strong>είίζτομεξγοΔ</strong></span> 
     </span>
    </p>
   </div>
   <div class='ocr_carea' id='block_1_119' title="bbox 1973 5701 3294 5790">
    <p class='ocr_par' dir='ltr' id='par_1_119' title="bbox 1973 5701 3294 5790">
     <span class='ocr_line' id='line_1_123' title="bbox 1973 5701 3294 5790; baseline -0.015 -17"><span class='ocrx_word' id='word_1_954' title='bbox 1973 5701 2085 5790; x_wconf 68' lang='lat' dir='ltr'><strong>(is)</strong></span> <span class='ocrx_word' id='word_1_955' title='bbox 2128 5701 2227 5770; x_wconf 66' lang='lat' dir='ltr'><strong>Sit?</strong></span> <span class='ocrx_word' id='word_1_956' title='bbox 2253 5701 2477 5782; x_wconf 81' lang='lat' dir='ltr'><strong>Seguer.</strong></span> <span class='ocrx_word' id='word_1_957' title='bbox 2514 5705 2583 5761; x_wconf 84' lang='lat' dir='ltr'><strong>At</strong></span> <span class='ocrx_word' id='word_1_958' title='bbox 2615 5701 2708 5758; x_wconf 67' lang='lat' dir='ltr'><strong>aut</strong></span> <span class='ocrx_word' id='word_1_959' title='bbox 2734 5711 2788 5755; x_wconf 87' lang='lat' dir='ltr'><strong>et</strong></span> <span class='ocrx_word' id='word_1_960' title='bbox 2816 5703 2965 5766; x_wconf 87' lang='lat' dir='ltr'><strong>editi,</strong></span> <span class='ocrx_word' id='word_1_961' title='bbox 2991 5701 3294 5772; x_wconf 80' lang='grc' dir='ltr'>ἄνθρωπος.</span> 
     </span>
    </p>
   </div>
  </div>
