3850 6218
399 249 462 303 οι
957 246 1013 301 s.
1055 249 1424 306 ATHANASII
1463 252 1614 308 opp.
1658 252 1836 308 PARS
1873 251 1912 307 ι.
1957 284 2026 293 -
2065 247 2435 305 HISTORICA
2475 233 2560 301 ET
2601 245 3020 302 DOGMATICA.
3561 245 3632 301 92

395 381 519 421 eum
552 363 758 420 scilicet
787 377 964 432 neque
993 372 1152 417 antea
1188 363 1481 430 exstitisse,
1513 364 1608 418 sed
1644 373 1815 418 totum
1857 379 1956 418 na-

2074 363 2155 417 m).
2194 362 2301 415 τῶν
2332 360 2426 414 νῦν
2464 362 2729 414 Ἰουδαίων
2776 361 2836 413 τὸ
2861 361 3132 430 φρόνημα.
3195 359 3292 414 Διὰ
3341 363 3393 415 τί
3429 359 3520 417 οὖν
3559 366 3635 420 τὰ

397 468 518 511 tura
559 457 834 511 hominem
869 454 1042 509 solum
1083 468 1225 518 esse,
1269 455 1514 524 nihilque
1569 455 1822 524 amplius.
1859 454 1960 507 Ve-

397 563 518 602 rum
550 547 663 600 haec
693 561 799 599 non
835 553 919 598 est
959 543 1207 598 Ecclesia:
1255 544 1522 611 doctrina,
1555 545 1652 600 sed
1704 546 1963 600 Samosa-

397 638 567 694 tensis
604 636 879 704 hujusque
930 635 1191 704 temporis
1237 634 1572 691 Judzeorum.
1608 635 1744 690 Cum
1797 636 1962 706 igitur

394 731 584 784 eadem
609 737 770 796 atque
799 727 876 780 illi
901 727 1156 790 sentiant,
1178 742 1278 781 cur
1307 743 1414 781 non
1445 739 1502 782 ut
1526 726 1697 782 Judaei
1729 727 1962 781 circum-

394 825 666 888 ciduntur,
698 823 791 878 sed
839 822 962 876 ﬁcte
997 821 1360 876 Christianam
1413 822 1736 891 proﬁtentur
1779 822 1959 885 (idem,

393 926 446 970 et
475 925 665 972 contra
697 931 815 970 eam
853 916 1172 970 decertant?
1205 914 1339 969 Nam
1389 915 1435 970 si
1477 923 1635 969 antea
1682 924 1958 981 nouerat,

394 1017 488 1060 aut
515 1008 584 1060 ita
621 1016 738 1061 erat
766 1017 826 1060 ut
855 1017 1039 1076 postea
1073 1009 1262 1060 melior
1293 1008 1364 1062 sit
1391 1007 1652 1069 redditus,
1686 1007 1963 1074 quomodo

393 1111 489 1166 per
515 1096 694 1165 ipsum
726 1095 868 1150 facta
905 1105 1034 1150 sunt
1071 1098 1294 1151 omnia?
1325 1098 1416 1151 Vel
1455 1096 1498 1150 si
1535 1096 1806 1164 perfectus
1855 1113 1961 1149 non

394 1196 530 1249 erat,
569 1188 844 1256 quomodo
874 1189 926 1242 in
974 1189 1089 1258 ipso
1138 1189 1441 1243 oblectatur
1489 1188 1682 1242 Pater?
1709 1187 1764 1242 Si
1800 1203 1962 1257 porro

397 1277 514 1344 ipse
541 1277 735 1330 melior
761 1277 985 1332 effectus
1011 1287 1113 1344 est,
1139 1278 1413 1348 quomodo
1452 1287 1604 1331 antea
1640 1263 1818 1331 coram
1857 1276 1962 1330 Pa-

397 1377 478 1421 tre
513 1367 827 1421 laetabatur?
861 1367 1144 1434 Praaterea,
1183 1371 1228 1423 si
1265 1379 1388 1438 post
1419 1378 1645 1424 mortem
1674 1368 1747 1422 illi
1776 1369 1962 1422 datum

395 1467 478 1512 cst
507 1467 565 1512 ut
602 1459 952 1524 adoraretur,
996 1461 1270 1528 quomodo
1314 1461 1470 1514 illum
1525 1461 1869 1514 Abrahamus
1909 1460 1960 1512 in

398 1549 746 1604 tabernaculo
769 1551 883 1604 “et
911 1550 1120 1619 Moyses
1145 1552 1200 1604 in
1228 1551 1364 1605 rubo
1393 1551 1440 1583 ³⁸
1479 1551 1735 1605 adorasse
1755 1566 1963 1603 memo-

398 1650 608 1706 rantur,
643 1651 714 1704 et,
741 1649 800 1694 ut
833 1643 966 1695 vidit
1009 1642 1212 1706 Daniel,
1241 1643 1405 1696 millia
1424 1643 1656 1712 plurima
1685 1642 1965 1694 ministra-

2061 454 2283 508 ἐκείνων
2331 453 2672 522 φρονοῦντες,
2731 452 2851 522 οὐχ).
2920 453 3014 505 καὶ
3067 453 3142 516 ὼς
3193 453 3432 508 Ἰουδαῖοι
3478 473 3634 528 περι-

2060 546 2369 616 τέμνονται,
2441 543 2554 596 ἀλλ’
2598 543 2977 614 ὑποκρίνονται
3029 544 3119 596 τὸν
3185 541 3630 618 Χριστιανισμὸν,

2062 635 2156 688 καὶ
2203 633 2337 703 πρὸς
2381 633 2538 686 αὑτὸν
2585 631 2761 702 ἔχουσι
2815 633 2915 702 τὴν
2977 633 3188 703 μάχην;
3251 635 3312 685 Ei
3368 635 3475 706 γὰρ
3531 637 3631 691 οὐκ

2059 723 2148 797 ἦν,
2176 727 2208 796 ἢ
2234 721 2299 796 ἦν
2357 726 2474 796 μὲν,
2515 725 2883 794 ὲὸελτιώθηδὲ
2920 725 3165 796 ὕστερον,
3191 725 3306 789 πῶς
3363 727 3428 779 δι³
3467 730 3632 782 αὑτοῦ

2063 817 2252 886 γέγονε
2282 816 2350 870 τὰ
2375 818 2570 879 πάντα,
2618 815 2797 887 ἢπῶς
2856 817 3133 882 ἐντούτῳ,
3180 817 3229 870 εῐ
3272 834 3335 885 γε
3385 818 3496 886 (19)
3557 820 3634 889 μὴ

2060 907 2263 971 τέλειος
2311 904 2398 978 ἦν,
2453 908 2813 979 προσέχαιρεν
2865 910 2892 961 6
2936 910 3158 980 Πατήρ;
3218 911 3328 962 Καὶ
3356 911 3515 975 αὐτὸς
3550 912 3634 976 δὲ,

2063 1003 2111 1053 εἰ
2141 998 2234 1054 νῦν
2264 999 2577 1070 ἐϐελτιῶθη,
2640 1000 2757 1063 πῶς
2809 1002 2914 1070 πρὸ
2961 1001 3148 1055 τούτου
3217 1004 3544 1074 ηὐφραίνετο
3575 1006 3637 1058 ἐν

2064 1091 2336 1162 προσώπῳ
2368 1091 2459 1145 τοῦ
2494 1093 2705 1160 Πατρός
2739 1092 2882 1162 (20);
2917 1093 3039 1157 Πῶς
3071 1095 3146 1157 δὲ,
3181 1099 3228 1148 εἰ
3260 1096 3398 1166 μετὰ
3419 1097 3509 1150 τὸν
3547 1096 3640 1151 θά-

2063 1202 2220 1238 νατον
2242 1184 2398 1237 ἔλαϐε
2434 1183 2493 1236 τὸ
2555 1185 2996 1254 προσκυνεῖσθαι,
3031 1185 3274 1254 φαίνεται
3313 1190 3342 1240 6
3386 1188 3641 1258 Ἀϐραὰμ

2064 1278 2226 1330 αὑτὸν
2255 1279 2311 1330 ἐν
2358 1279 2426 1346 τῇ
2479 1279 2648 1346 σκηνῇ
2703 1277 3020 1348 προσκυνῶν
3069 1281 3159 1332 καὶ
3205 1281 3408 1350 Μωσῆς
3459 1284 3516 1334 ἐν
3567 1283 3638 1351 τῇ

2065 1369 2240 1439 ﬁdem;
2271 1369 2380 1432 καὶ,
2417 1369 2493 1432 ὡς
2534 1366 2639 1423 εἶδε
2673 1369 2890 1439 Δανιὴλ,
2925 1369 3110 1440 μύριαι
3141 1372 3398 1442 μυριάδες
3431 1373 3523 1424 καὶ
3553 1371 3642 1442 χε-

2063 1459 2172 1512 λιαι
2204 1459 2436 1531 χιλιάδες
2465 1459 2836 1531 ἐλειτούργουν
2865 1460 3046 1530 αὐτῷ;
3077 1461 3198 1523 Πῶς
3223 1461 3299 1524 δὲ,
3331 1464 3377 1513 εἱ
3403 1461 3496 1514 νῦν
3517 1463 3638 1514 κατ’

2065 1550 2260 1613 αὐτοὺς
2293 1550 2416 1619 ἔσχε
2443 1549 2538 1619 τὴν
2567 1549 2864 1619 βελτίωσιν,
2896 1551 2994 1620 τῆς
3027 1551 3132 1620 πρὸ
3166 1552 3369 1621 κόσμου
3401 1553 3493 1604 καὶ
3523 1551 3639 1620 (2i)

2063 1642 2162 1710 τῆς
2185 1641 2552 1711 ὑπερκοσμίου
2608 1639 2764 1709 δόξης
2793 1640 2989 1693 ἑαυτοῦ
3057 1642 3408 1712 μνημονεύων
3452 1642 3641 1709 ἔλεγεν

397 1731 530 1784 bant
553 1731 694 1783 ei”?
722 1730 776 1784 Si
798 1731 924 1785 item
941 1732 1237 1786 secundum
1270 1733 1390 1786 illos
1421 1733 1608 1786 melior
1633 1729 1962 1785 nuncfactus

2074 1734 2223 1796 ιὺτὸς
2251 1736 2278 1786 6
2307 1735 2454 1797 Υἱόςο
2478 1734 2749 1797 Δόξασεῖν
2767 1751 2844 1802 με
2881 1734 2982 1796 σὺ,
3023 1733 3233 1800 Πάτερ,
3268 1732 3341 1800 τῇ
3393 1733 3562 1800 δόξῃ,
3599 1727 3644 1805 ᾖ

395 1826 499 1880 est,
526 1819 801 1888 quomodo
839 1821 1075 1875 caelestis
1123 1820 1340 1888 gloriae,
1391 1837 1498 1888 qua
1537 1831 1662 1874 ante
1702 1820 1961 1874 mundum

397 1909 702 1975 fruebatur,
739 1927 948 1966 memor
975 1915 1089 1980 ipse
1129 1911 1302 1966 Filius
1331 1913 1564 1976 dicebat,
1600 1911 1851 1977 Gloriﬁca
1887 1928 1965 1964 me

399 2011 474 2066 tu,
512 1999 694 2067 Pater,
740 2001 910 2068 gloria
949 2018 1106 2070 quam
1155 2006 1296 2070 apud
1331 2011 1378 2055 te
1414 2001 1610 2067 habui,
1658 2004 1963 2070 priusquam

397 2091 623 2147 mundus
648 2106 780 2146 esset
809 2092 876 2146 ³⁸.
919 2090 1072 2158 Quod
1102 2093 1147 2146 si
1176 2108 1342 2157 nunc,
1379 2104 1436 2146 ut
1460 2101 1668 2162 putant,
1692 2093 1960 2146 exaltatus

397 2186 499 2243 est,
530 2179 803 2247 quomodo
839 2187 996 2233 antea
1022 2179 1296 2232 inclinauit
1329 2180 1482 2234 caelos
1511 2191 1555 2234 et
1581 2181 1846 2233 descendit
1867 2197 1886 2244 ;
1907 2191 1962 2233 et

397 2266 596 2324 iterum
633 2288 646 2324 :
681 2269 838 2324 Dedit
867 2270 1178 2325 Altissimus
1211 2287 1382 2324 vocem
1411 2288 1557 2325 suam
1582 2272 1665 2326 ’7?
1693 2270 1958 2339 Quocirca

397 2361 446 2416 si
471 2361 631 2417 etiam
655 2363 970 2432 priusquam
1003 2363 1155 2416 ﬁeret
1175 2361 1431 2429 mundus,
1449 2362 1618 2431 gloria
1651 2362 1854 2430 potitus
1878 2371 1958 2416 est

396 2451 589 2518 Filius,
629 2463 682 2508 et
708 2453 970 2509 Dominus
995 2455 1179 2525 gloria:
1203 2463 1256 2509 et
1281 2455 1580 2512 altissimus
1605 2453 1726 2518 fuit,
1751 2465 1911 2524 atque
1933 2469 1964 2508 e

398 2543 550 2598 emlis
603 2543 917 2610 descendit,
966 2560 1288 2614 semperque
1340 2547 1648 2600 adorandus
1696 2554 1816 2600 est:
1855 2561 1961 2598 non

398 2649 528 2705 ergo
555 2643 842 2705 postquam
865 2636 1149 2692 descendit
1171 2638 1360 2692 melior
1388 2647 1472 2692 est
1499 2637 1740 2703 effectus,
1763 2639 1852 2692 sed
1876 2654 1966 2706 po-

399 2726 509 2779 tius
543 2741 606 2780 ea
636 2743 757 2796 quae
785 2727 1102 2797 indigebant
1132 2737 1191 2782 ut
1231 2729 1458 2783 meliora
1493 2729 1703 2790 tierent,
1730 2729 1962 2784 reddidit

399 2817 646 2870 meliora.
672 2817 826 2885 Quod
867 2820 913 2874 si
940 2827 998 2874 ut
1025 2835 1124 2875 nos
1154 2820 1406 2874 meliores
1452 2820 1700 2873 redderet
1731 2820 1958 2874 descen-

400 2906 512 2970 dit;
547 2922 654 2959 non
695 2907 857 2976 igitur
894 2908 1099 2976 praemii
1144 2908 1316 2961 instar
1358 2907 1566 2976 accepit
1599 2921 1795 2959 nomen
1827 2905 1949 2960 Filii

2064 1822 2231 1893 εἶχον
2255 1825 2366 1892 πρὸ
2391 1824 2494 1878 τοῦ
2519 1826 2625 1877 τὸν
2670 1827 2901 1894 κόσμον
2959 1822 3110 1878 εἶναι
3139 1826 3298 1892 παρὰ
3322 1826 3444 1878 σοί.
3470 1827 3532 1878 Εἰ
3579 1827 3642 1878 δὲ

2065 1915 2158 1968 νῦν
2190 1916 2374 1988 ὑψώθη
2403 1919 2523 1970 κατ’
2558 1918 2754 1980 αὐτοὺς
2784 1918 2917 1987 (22),
2953 1917 3070 1981 πῶς
3136 1917 3240 1988 πρὸ
3261 1916 3452 1969 τούτου
3475 1918 3644 1971 ἐκλι-

2063 2026 2169 2062 νεν
2205 2009 2500 2076 οὐρανοὺς
2523 2009 2618 2062 καὶ
2653 2009 2888 2077 κατέϐη·
2931 2011 3022 2062 καὶ
3085 2009 3264 2062 πάλινο
3306 2009 3568 2062 Ἔδωκεν
3607 2011 3645 2064 δ

2066 2100 2360 2167 ’Υψιστος
2391 2101 2600 2170 φωνὴν
2623 2101 2854 2165 autcf);
2905 2101 3115 2155 Οὐκοῦν
3161 2103 3209 2154 εἰ
3263 2102 3357 2153 καὶ
3407 2099 3514 2172 πρὸ
3540 2101 3641 2155 τοῦ

2061 2191 2151 2244 τὸν
2181 2191 2384 2261 κόσμον
2414 2192 2664 2260 γενέσθαι
2691 2193 2790 2263 τὴν
2813 2192 2964 2256 δόξαν
2995 2189 3138 2262 εἶχεν
3169 2192 3278 2262 (25)
3304 2196 3332 2246 6
3367 2193 3512 2256 Υἱὸς,
3542 2193 3644 2246 καὶ⁵

2063 2282 2264 2354 Κύριος
2290 2282 2388 2353 τῆς
2424 2282 2581 2352 δόξης
2604 2282 2822 2352 ὕψιστος
2852 2301 2908 2336 τε
2928 2279 3014 2354 ἦν,
3045 2284 3138 2338 καὶ
3163 2283 3221 2348 ἐξ
3251 2283 3477 2354 οὐρανοῦ
3509 2302 3643 2337 κατα

2069 2375 2192 2446 έϐη,
2247 2375 2342 2428 καὶ
2389 2375 2476 2427 ἀεὶ
2511 2374 2878 2447 προσκυνητὸς
2913 2377 3078 2437 ἐστιν,
3119 2375 3218 2428 οὐκ
3257 2374 3368 2444 ἄρα
3397 2373 3644 2437 καταϐὰς

2068 2461 2378 2534 ὲὸελτιῶθη,
2431 2462 2566 2517 ἀλλὰ
2629 2462 2824 2532 μᾶλλον
2853 2461 3169 2515 ὲΰελτίωσεν
3211 2461 3372 2524 αὐτὸς
3424 2461 3495 2515 τὰ
3521 2461 3643 2514 δεό-

2072 2571 2205 2623 μενα
2240 2553 2587 2623 βελτιώσεωςο
2632 2555 2724 2606 καὶ
2751 2553 2911 2605 εἰτοῦ
2953 2553 3236 2622 βελτιῶσαι
3281 2553 3435 2624 χάριν
3466 2570 3643 2605 κατα-

2068 2644 2316 2714 ϐέϐηκεν,
2339 2647 2438 2699 οὐκ
2464 2645 2570 2716 ἄρα
2623 2644 2811 2713 μισθὸν
2842 2644 2965 2713 ἔσχε
2993 2644 3054 2696 τὸ
3095 2644 3346 2712 λέγεσθαι
3372 2645 3500 2706 Υἱὸς
3547 2645 3644 2698 καὶ

2066 2735 2195 2800 Θεὸς
2223 2737 2354 2807 (24),
2405 2737 2537 2790 ἀλλὰ
2597 2737 2794 2806 μᾶλλον
2844 2737 3002 2799 αὐτὸς
3054 2737 3360 2808 υἱοποίησεν
3391 2739 3539 2806 ἡμᾶς
3562 2736 3645 2806 τῷ

2064 2821 2257 2893 Πατρὶ,
2296 2825 2390 2877 καὶ
2435 2824 2748 2894 ἐθεοποίησε
2808 2826 2932 2889 τοὺς
2977 2825 3292 2896 ἀνθρώπους
3348 2826 3646 2896 γενόμενος

2063 2911 2224 2976 αὐτὸς
2248 2913 2552 2986 ἄνθρωπος.

401 3009 457 3054 et
483 2999 574 3052 Dei
609 2999 746 3054 :sed
781 2999 896 3068 ipse
933 2999 1115 3068 potius
1157 2997 1334 3055 eﬂecit
1363 3009 1421 3054 ut
1478 3014 1579 3054 nos
1609 2999 1693 3053 sui
1728 2997 1906 3054 Patris
1969 3000 2066 3056 filii
2132 3020 2403 3069 essemus,
2453 3017 2506 3062 et
2555 3008 2804 3063 homines
2868 3009 2999 3064 deos
3035 3009 3269 3064 reddidit
3313 3009 3486 3065 factus
3524 3011 3645 3081 ipse

401 3094 588 3148 homo.

471 3190 558 3244 59.
588 3189 707 3244 Νοη
743 3190 904 3258 igitur
927 3205 1047 3244 cum
1081 3189 1246 3243 homo
1277 3198 1441 3253 esset,
1470 3187 1646 3244 factus
1671 3198 1754 3246 est
1777 3197 1962 3259 postea

2136 3191 2222 3245 59.
2240 3191 2358 3247 Οὐκ
2372 3192 2476 3262 ἄρα
2502 3191 2595 3244 ἄνθ
2603 3209 2782 3262 ρωπος
2794 3193 2813 3258 (
2816 3193 2904 3265 25)
2918 3191 3010 3255 ῶν,
3026 3192 3151 3244 ὓστε
3160 3209 3252 3262 ρον
3275 3191 3465 3259 γέγονε
3482 3190 3638 3253 Θεὸςο

402 3280 702 3348 Deus;sed
742 3291 950 3345 contra,
1001 3296 1126 3336 cum
1157 3279 1297 3336 Deus
1339 3289 1520 3345 esset,
1573 3291 1757 3349 postea
1801 3281 1963 3338 homo

401 3372 578 3428 factus
611 3382 712 3437 est,
749 3391 858 3441 quo
886 3389 984 3427 nos
1016 3374 1130 3444 ipse
1159 3374 1341 3443 potius
1383 3373 1515 3428 deos
1536 3372 1784 3426 efﬁceret.
1817 3373 1964 3427 Alio-

401 3466 530 3536 quin
577 3465 621 3520 si
656 3474 784 3519 tunc
817 3475 1044 3530 tantum,
1084 3482 1207 3520 cum
1259 3464 1436 3519 factus
1471 3473 1555 3518 est
1584 3464 1765 3530 homo,
1793 3463 1964 3518 Filius

401 3566 454 3610 et
487 3555 631 3610 Deus
659 3566 742 3611 est
784 3559 1127 3626 appellatus:
1172 3558 1216 3611 si
1267 3557 1425 3619 item,
1473 3565 1762 3626 antequam
1813 3556 1967 3610 ﬁeret

405 3647 587 3711 homo,
615 3647 825 3715 priscos
860 3649 1090 3716 populos
1130 3649 1271 3701 Deus
1301 3647 1440 3700 filios
1474 3648 1709 3709 vocavit,
1734 3655 1788 3701 et
1818 3646 1966 3717 Moy-

402 3752 514 3791 sem
562 3738 721 3790 deum
780 3739 1060 3792 constituit
1117 3737 1672 3807 Pharaonis,“idque
1730 3739 1967 3792 nominis

403 3830 587 3883 multis
621 3827 898 3897 Scriptura
929 3830 1209 3893 attribuit,
1243 3845 1367 3884 cum
1393 3829 1468 3884 ait
1502 3846 1514 3881 :
1568 3828 1708 3880 Deus
1741 3831 1886 3882 stetit
1914 3829 1967 3881 in

399 3937 667 3992 synagoga
697 3922 913 3973 deorum
943 3921 987 3951 ⁸⁸
1017 3938 1032 3984 ;
1075 3930 1222 3990 patet
1261 3937 1384 3975 eum
1424 3928 1547 3989 post
1571 3919 1732 3990 35o
1763 3920 1883 3973 illos
1916 3928 1971 3974 et

401 4009 598 4066 Filium
626 4020 679 4064 ct
716 4010 885 4063 Deum
924 4025 1046 4064 esse
1067 4012 1291 4064 dictum.
1321 4010 1604 4075 Quomodo
1632 4024 1762 4078 ergo
1787 4010 1970 4083 omnia

401 4117 498 4173 per
537 4103 712 4171 ipsum
752 4110 932 4156 creata
979 4110 1127 4164 sunt,
1155 4101 1376 4169 ipseque
1409 4109 1494 4154 est
1520 4110 1644 4153 ante
1677 4101 1861 4155 omnia
1887 4101 1971 4153 9°?

401 4193 509 4247 Aut
541 4193 813 4263 quomodo
848 4191 1090 4245 omnium
1138 4207 1318 4244 rerum
1355 4200 1661 4244 creatarnm
1692 4191 1966 4258 primoge-

401 4283 549 4337 nitus
581 4292 663 4336 est
694 4283 731 4348 ¹,
761 4281 851 4351 qui
877 4291 1000 4334 ante
1023 4297 1081 4336 se
1105 4282 1240 4336 alios
1272 4282 1454 4345 habet,
1483 4281 1573 4350 qui
1595 4289 1648 4334 et
1682 4281 1774 4334 ﬁlii
1811 4293 1864 4335 et
1887 4283 1962 4336 dii

399 4375 530 4430 dicti
565 4375 702 4428 sint?
741 4372 1026 4439 Quomodo
1077 4387 1205 4426 vero
1249 4373 1408 4440 primi
1451 4372 1739 4441 participes
1801 4371 1959 4428 Verbi

2069 3282 2203 3336 ἀλλὰ
2228 3283 2358 3346 Θεὸς
2386 3283 2719 3353 ῶν,ὖστερον
2742 3285 2963 3352 γέγονεν
2997 3283 3090 3337 ἄνθ
3102 3301 3298 3351 ρωπος,
3319 3284 3404 3335 ἵνα
3439 3282 3643 3352 μᾶλλον

2069 3375 2215 3445 ἡμᾶς
2265 3374 2574 3446 Θεοποιήσῃ.
2620 3377 2768 3428 Ἐπεὶ
2817 3377 2899 3438 εἰ,
2947 3376 3034 3427 ὅτε
3065 3375 3284 3442 γέγονεν
3318 3373 3640 3444 ἄνθρωπος,

2068 3469 2190 3521 τότε
2220 3468 2346 3532 Υἱὸς
2383 3470 2476 3520 καὶ
2508 3468 2641 3532 Θεὸς
2669 3468 2883 3539 ἐλέχθη,
2930 3469 3036 3539 πρὸ
3071 3468 3127 3520 δὲ
3158 3466 3252 3520 τοῦ
3282 3467 3506 3535 γένηται
3544 3467 3645 3520 ἄν·-

2071 3559 2304 3630 θρωπος,
2332 3561 2479 3622 υἱοὺς
2522 3559 2675 3626 ἔλεγε
2722 3561 2848 3622 τοὺς
2877 3559 3042 3613 πάλαι
3073 3559 3237 3622 λαοὺς
3265 3558 3376 3629 (26)
3410 3559 3439 3609 6
3469 3558 3641 3622 Θεὸς,

2070 3649 2164 3701 καὶ
2194 3649 2400 3718 Μωσῆν
2427 3649 2588 3702 ἐτίθει
2635 3649 2754 3701 θεὸν
2784 3648 2877 3700 τοῦ
2909 3647 3126 3720 Φαραὼ,
3156 3648 3250 3702 καὶ
3305 3648 3396 3700 ἐπὶ
3429 3647 3645 3699 πολλῶν

2071 3742 2104 3811 ἡ
2157 3741 2344 3812 Γραφή
2389 3758 2550 3810 φησιν
2574 3783 2589 3807 ,
2631 3742 2691 3794 '0
2726 3742 2866 3806 Θεὸς
2888 3741 2999 3811 (27)
3043 3740 3192 3807 ἔστη
3215 3740 3284 3792 ἐν
3315 3736 3647 3806 συναγωγεῖ

2074 3830 2225 3885 θεῶν
2249 3849 2261 3861 ο
2299 3831 2453 3902 δῆλόν
2479 3833 2625 3885 ἐστιν
2656 3872 2670 3897 ,
2715 3832 2790 3894 ὠς
2828 3831 2942 3901 μετ’
2989 3831 3184 3894 αὐτοὺς
3228 3831 3321 3882 καὶ
3368 3829 3494 3890 Υἱὸς
3547 3830 3648 3880 καὶ

2070 3921 2200 3985 Θεὸς
2231 3915 2386 3986 οὗτος
2425 3923 2640 3992 ἐλέχθη.
2683 3922 2806 3984 Πῶς
2843 3918 2934 3975 οὖν
2981 3921 3154 3974 πάντα
3192 3919 3258 3972 δι’
3293 3917 3493 3982 αὐτοῦ,
3546 3918 3646 3970 καὶ

2069 4012 2230 4074 αὐτὸς
2274 4014 2389 4065 ἐστι
2424 4013 2528 4082 πρὸ
2554 4012 2808 4075 πάντων;
2843 4013 2913 4064 Ἢ
2940 4011 3055 4074 πῶς
3082 4009 3418 4081 πρωτότοκος
3456 4009 3648 4078 πάσης

2069 4103 2166 4173 τῆς
2195 4103 2443 4168 κτίσεως,
2477 4103 2614 4172 ἔχων
2655 4103 2780 4164 τοὺς
2811 4102 2916 4174 πρὸ
2943 4101 3133 4154 ἑαυτοῦ
3186 4100 3297 4171 (28)
3341 4099 3648 4170 κληθέντας

2072 4195 2220 4258 υἱοὺς
2260 4197 2353 4248 καὶ
2395 4195 2582 4259 Θεούςς
2610 4196 2734 4258 Πῶς
2757 4196 2813 4248 δὲ
2837 4199 2883 4248 οἱ
2915 4196 3127 4266 μέτοχοι
3157 4193 3358 4264 πρῶτοι
3398 4193 3460 4245 οὐ
3510 4209 3646 4262 μετ-

2071 4286 2250 4356 έχουσι
2293 4287 2488 4354 Λὸγου;
2521 4287 2620 4339 οὐκ
2643 4287 2787 4340 ἐστιν
2821 4285 3023 4357 ἀληθὴς
3062 4285 3196 4357 αὕτη
3236 4283 3361 4348 δόξα
3389 4301 3404 4316 ο
3440 4285 3652 4356 παρεό-

2072 4378 2214 4446 ρεσίς
2262 4379 2373 4449 (29)
2424 4381 2537 4432 ἐστι
2588 4378 2697 4432 τῶν
2769 4378 2863 4432 νῦν
2911 4377 3297 4441 ἱουδαῖζόντων.
3366 4376 3487 4440 Πῶς
3533 4377 3650 4450 γὰρ

463 4535 509 4566 ’³
532 4533 723 4589 Genes.
758 4550 908 4586 xvm.
973 4533 1018 4564 ’⁸
1048 4531 1215 4586 Exod.
1253 4547 1333 4584 ιιι.
1409 4532 1453 4563 ⁸³
1471 4531 1605 4587 Dan.
1634 4549 1729 4595 vn,
1758 4533 1840 4587 10.
1918 4536 1964 4566 ⁸⁸
1991 4534 2145 4590 Joan.
2178 4549 2310 4598 xvu,
2337 4532 2388 4588 5.
2463 4533 2508 4564 "
2536 4532 2677 4587 Psal.
2705 4532 2942 4597 xvn,i0,
2975 4531 3061 4584 H.
3133 4529 3334 4585 "Psal.
3364 4546 3557 4593 LXXXI,
3588 4529 3644 4583 1.

397 4605 445 4639 ⁹⁹
474 4603 632 4659 Joan.
668 4619 706 4670 ι,
754 4605 821 4669 5;
855 4603 1066 4658 Coloss.
1092 4620 1129 4666 ι,
1186 4604 1270 4668 16,
1334 4601 1418 4655 l7.
1494 4603 1508 4632 ¹
1544 4603 1754 4657 Coloss.
1807 4619 1846 4668 ι,
1903 4605 1989 4658 15.

473 4694 584 4765 (19)
625 4693 716 4748 Sic
743 4691 1128 4765 Seguerianus,
1155 4691 1490 4765 Basillensis,
1522 4693 1961 4765 AnglicansReg.

2074 4693 2218 4765 Editir
2238 4692 2432 4765 et‘alii,
2467 4690 2688 4760 ὕψιστος
2719 4687 2806 4765 ἦνὶ

401 4761 710 4820 Goblerian.
745 4774 798 4817 et
828 4762 971 4816 Felc.
1004 4763 1027 4815 1
1066 4773 1118 4815 et
1152 4763 1205 4816 5.
1231 4761 1334 4814 Alii
1364 4779 1490 4816 vero
1524 4773 1576 4816 et
1602 4761 1765 4819 eilitio
1795 4761 1962 4817 Coni-

400 4840 549 4896 mel.,
584 4835 631 4886 εἰ
658 4832 750 4887 νῦν
778 4834 1002 4897 τέλειος.
1027 4831 1148 4884 Mox
1198 4832 1534 4901 Seguerian.,
1571 4835 1662 4885 καὶ
1687 4834 1844 4895 αὑτός
1878 4849 1958 4900 γε.

471 4903 581 4975 (20)
619 4905 960 4975 Seguerian..
1007 4901 1282 4970 προσώπῳ
1325 4902 1564 4975 ’Πα-τρρς.
1611 4903 1776 4975 ldem_
1803 4904 1962 4975 paulo

399 4969 521 5043 post
549 4969 715 5027 αὐτὸν
735 4975 791 5026 ὲν
828 4977 894 5043 τῇ
925 4969 1115 5043 σκηνῇ,
1154 4969 1286 5025 utet
1323 4969 1736 5042 legit'Nannius.
1760 4969 1818 5025 In
1841 4973 1962 5027 aliis

399 5054 453 5099 et
476 5047 634 5099 editis
663 5044 814 5098 deest
845 5046 902 5096 ὲν
935 5045 998 5112 τῇ
1027 5045 1220 5112 σκηνῇ.

470 5115 581 5186 (2|)
635 5111 1126 5186 Segueria_n.,”_x_at
1161 5111 1525 5186 ὗπερκοσμξου
1569 5111 1724 5186 δόΞ-ης
1771 5113 1956 5166 αὑτοῦ.

401 5181 727 5248 Ιόέιηίηοιι,
758 5199 823 5252 με
854 5183 940 5244 σὺ,
977 5183 1179 5251 Πάτερ,
1210 5181 1346 5234 utet
1386 5181 1611 5236 habetur
1636 5181 1791 5236 Jo'an.
1824 5199 1956 5248 xvn,

399 5255 452 5309 5.
489 5253 788 5323 Editiﬂvero
820 5262 872 5305 et
900 5252 1015 5314 alii,
1063 5271 1130 5323 με
1160 5253 1358 5323 ΠάτερΣ

436 5322 590 5444 (2‘2)S
619 5321 960 5390 Seguerian.,
998 5318 1140 5376 εἰδὲ
1178 5321 1272 5375 καὶ
1305 5318 1419 5384 νῦν,
1454 5329 1508 5374 et
1556 5336 1702 5387 mox,
1753 5319 1960 5374 ἔκλινεν

436 5410 560 5444 υοαν
592 5408 638 5444 ν.

397 5408 457 5446 ου
465 5408 619 5446 οανον
626 5430 638 5442 .

464 5410 1011 5532 ῗὲἕῗέθευθιοίξίηυε,
1038 5461 1348 5518 Goblerian.
1379 5469 1432 5513 et
1465 5457 1772 5532 Felcltman.
1808 5459 1861 5523 l,
1890 5455 1963 5532 εἴ·

399 5529 512 5602 χεν.
550 5529 691 5602 Editi
720 5530 916 5602 etalii,
959 5530 1135 5602 ισχεν.
1170 5532 1304 5586 Ibid.
1341 5533 1586 5602 segucly,
1619 5529 1822 5602 Κύριος
1863 5530 1961 5602 an;

397 5599 573 5670 δόξης.
601 5600 791 5670 Caneri
823 5609 876 5652 et
912 5599 1062 5666 editi,
1097 5602 1299 5670 Κύριος
1327 5600 1502 5669 δοξης.
1528 5599 1661 5670 item
1695 5599 1825 5652 ibid.

397 5666 710 5744 guerianus,
742 5669 1050 5725 Goblerian.
1107 5683 1159 5727 et
1189 5666 1352 5725 Ἔριν.
1414 5666 1460 5734 Ι,
1512 5669 1728 5739 biles-.6;
1765 5687 1819 5720 τε
1873 5666 1958 5737 ἦν.

2141 4764 2250 4833 (24)
2293 4761 2384 4833 Sic
2406 4757 2535 4815 mss.
2571 4757 2760 4833 praeter
2783 4757 3096 4833 Felcktn._2_,
3129 4757 3370 4833 quicum
3400 4757 3648 4811 editione

2069 4827 2334 4888 Commel.
2375 4832 2554 4892 habet,
2572 4827 2783 4902 ’μισθὸν
2807 4829 2979 4902 Δἔσχεν
2997 4827 3122 4888 Υἱὸς
3153 4827 3249 4879 καὶ
3271 4827 3424 4902 Θεόςἶ

2140 4905 2250 4970 (25)
2289 4897 2626 4970 Segueriani,
2657 4902 2730 4954 Οὐ
2760 4899 2866 4970 γὰρ
2892 4897 3194 4968 ἄνθρωπος,
3225 4907 3278 4950 et
3303 4897 3465 4965 paulo
3495 4905 3648 4964 post,

2069 4974 2190 5026 ἐπεὶ
2213 4975 2302 5026 ὅτε
2330 4972 2570 5040 γέγονεν.

2159 5044 2249 5113 26)
2293 5034 2625 5113 Dasi'liensis,
2658 5038 2970 5113 ᾼιιὲὶίιειιιι.ζ
3008 5035 3289 5113 scabiei);
3309 5034 3492 5113 13.06;.

2159 5044 2249 5113 26)
2293 5044 2625 5104 Basiliensis,
2658 5044 2965 5099 Anglican..
3008 5044 3270 5096 παλαιοὺς
3311 5044 3492 5096 λαους.

2139 5044 2251 5184 (9.7)
2293 5111 2634 5184 Seguerian._,
2663 5111 2695 5178 ἡ
2730 5108 2916 5184 Γραφῇ
2939 5106 3013 5184 ῶς
3051 5122 3212 5184 φησιν
3232 5121 3246 5134 ο
3267 5107 3296 5156 6
3318 5104 3470 5184 θεός.
3506 5102 3644 5172 Reg.

2139 5128 2251 5184 (21)
2293 5128 2634 5232 beguerlan”
2663 5128 2695 5178 η
2730 5128 2751 5159 ι
2775 5128 2916 5178 ραφη
2940 5128 3013 5169 ως
3051 5128 3212 5174 φησιν
3232 5128 3246 5134 -
3267 5128 3296 5156 ο
3318 5128 3470 5166 υευς.

2066 5183 2251 5260 item}
2291 5181 2362 5260 ἒξ
2395 5198 2452 5260 so.
2481 5178 2621 5234 Ειιίιί
2651 5189 2708 5260 «τε
2731 5178 2909 5260 ww
2929 5177 3124 5260 me
3158 5191 3310 5260 φησιν
3343 5174 3497 5260 953‘s-

2137 5253 2248 5323 (28)
2291 5249 2382 5323 Sic
2408 5243 2643 5323 rseguer.
2670 5247 2868 5323 _At_al_ii_
2893 5243 2947 5300 et
2978 5243 3129 5306 editi,
3159 5245 3339 5315 πάσης
3384 5243 3646 5323 africani,

2067 5312 2202 5390 ἔχων
2232 5312 2361 5391 1:09;
2389 5312 2518 5391 πρὸ’
2536 5316 2718 5391 αὑτοῦ.
2747 5315 2910 5391 _lbid._
2935 5331 3123 5391 omnes
3157 5329 3276 5391 mss
3297 5312 3316 5391 ⁷,
3362 5313 3517 5391 uici»;
3550 5312 3652 5365 καὶ

2067 5381 2239 5455 θεούς.
2290 5381 2452 5452 ΕιΙίῑὶζ
2491 5389 2639 5452 υἱοὺς
2677 5389 2770 5440 καὶ
2813 5386 2965 5439 Θεόν.
3016 5384 3146 5438 Item
3207 5384 3336 5437 ibid.
3386 5381 3648 5452 Segucr.,

2065 5463 2114 5512 οἱ
2147 5462 2342 5530 μετοχῇ
2371 5459 2594 5530 πρῶτοι.

2138 5521 2248 5600 (29)
2277 5521 2752 5600 'S'ic'Seguerian.
2795 5525 2864 5581 At
2907 5525 2996 5580 alii
3031 5539 3154 5580 cum
3191 5521 3372 5586 editis,
3413 5521 3556 5591 αὕτη
3614 5523 3649 5590 ὴ

2068 5599 2211 5667 δόξα,
2232 5599 2648 5673 παρεξεύρεσις.
