3850 6218
143 258 219 315 95
1288 261 1548 322 ORATIO
1585 266 1605 321 Ι
1640 266 1923 324 CONTRA
1963 266 2286 331 ARIANOS.
3353 273 3425 336 94

142 371 284 435 ὅλως
333 371 589 426 δύνανται
632 390 777 438 τινες
825 374 1124 444 ἐπιγνῶναι
1173 377 1398 451 Πατέρα
1424 381 1515 435 τὸν
1557 383 1690 437 Θεόν

1847 405 1956 443 non
1987 401 2115 445 sunt
2141 391 2475 462 participes?
2494 389 2635 448 Vera
2659 391 2904 463 profecto
2927 407 3034 448 non
3066 399 3151 448 est
3173 400 3281 447 tam
3307 408 3426 463 perb

140 461 270 516 οὔτε
312 463 429 536 γὰρ
473 466 717 519 υἱοθεσία
758 463 870 537 (50)
922 468 1120 537 γένοιτ’
1148 469 1216 525 ἂν
1256 475 1426 541 χωρὶς
1467 475 1561 531 τοῦ
1608 478 1741 548 ἀλη-

142 552 295 607 θινοῦ
317 553 478 621 Υίοῦ,
501 554 756 625 λέγοντος
776 558 963 612 αὐτοῦ’
993 560 1206 628 Οὐδείς
1232 563 1614 635 ἐπιγινώσκει
1639 569 1740 624 τὸν

141 646 404 715 Πατέρα,
424 648 575 719 εἰμὴ
592 653 625 704 d
650 650 800 716 Υἱὸς,
827 652 927 705 καὶ
955 644 1005 718 ᾧ
1030 652 1109 706 ἂν
1127 656 1161 708 ό
1190 654 1324 720 Υἱὸς
1342 656 1735 729 ἀποκαλύψῃ.

140 738 271 803 Πῶς
333 739 395 793 δὲ
429 741 541 813 (51)
597 744 692 796 καὶ
740 742 1054 813 θεοποίησις
1098 745 1294 815 γένοιτ’
1327 747 1393 803 ἂν
1434 752 1603 823 χωρὶς
1640 755 1735 810 τοῦ

138 830 342 899 Λόγου,
370 832 467 885 καὶ
498 833 606 905 πρὸ
635 833 825 898 αὑτοῦ,
876 835 1054 888 καίτοι
1102 836 1354 905 λέγοντος
1393 840 1559 894 αὐτοῦ
1601 844 1738 912 πρὸς

138 925 270 986 τοὺς
300 923 568 993 ἀδελφοὺς
594 924 800 980 τούτων
833 927 1141 993 Ἰουδαίους,
1166 931 1236 982 El
1257 930 1533 999 ἐκείνους
1560 935 1736 1002 θεοὺς

137 1013 274 1069 εἶπε
305 1056 320 1078 ,
375 1016 529 1085 πρὸς
562 1017 673 1084 οὓς
701 1021 736 1072 ὁ
766 1019 961 1089 Λόγος
1026 1019 1135 1073 τοῦ
1170 1021 1319 1075 Θεοῦ
1361 1024 1634 1095 ἐγένετο;
1671 1029 1736 1082 Ei

136 1105 196 1159 δὲ
243 1106 451 1171 πάντες
482 1109 597 1161 ὅσοι
619 1109 727 1162 υίοί
771 1127 830 1163 τε
863 1110 957 1163 καὶ
999 1109 1111 1164 θεοὶ
1142 1112 1477 1185 ἐκλήθησαν,
1510 1119 1620 1175 εἴτε
1641 1121 1736 1174 ἐπὶ

141 1199 275 1269 γῆς,
316 1200 430 1254 εἴτε
471 1200 532 1254 ἐν
576 1201 830 1274 οὐρανοῖς
858 1242 874 1267 ,
904 1201 995 1257 διὰ
1046 1203 1140 1259 τοῦ
1195 1205 1371 1275 Λόγου
1422 1190 1737 1283 υἱοποιήθη-

142 1308 246 1345 σαν
309 1293 409 1345 καὶ
462 1291 893 1366 ὲθεοποιήθησαν
927 1335 942 1360 ,
997 1296 1160 1360 αὐτὸς
1209 1297 1266 1351 δὲ
1331 1299 1468 1371 (52)
1526 1304 1553 1355 6
1606 1304 1733 1367 Υἱός

138 1385 294 1437 ἐστιν
359 1386 390 1438 6
427 1385 634 1453 Λόγος*
685 1386 842 1457 δῆλον
889 1388 971 1441 ὅτι
1016 1387 1082 1440 δι’
1131 1389 1297 1443 αὐτοῦ
1354 1393 1453 1462 μὲν
1501 1395 1550 1447 oi
1594 1396 1734 1450 πάν-

134 1494 251 1541 τες,
289 1476 452 1540 αὐτὸς
485 1477 542 1530 δὲ
577 1477 684 1551 πρὸ
729 1479 947 1533 πάντων
971 1520 986 1545 ,
1025 1480 1224 1552 μᾶλλον
1270 1483 1328 1536 δὲ
1376 1484 1537 1554 μόνον
1570 1487 1733 1551 αὐτὸς

138 1567 400 1639 ἀληθινὸς
428 1568 577 1633 Υἱὸς,
603 1569 696 1623 καὶ
725 1570 884 1641 μόνος
913 1572 977 1626 ὲκ
1009 1572 1102 1626 τοῦ
1127 1574 1382 1644 ἀληθινοῦ
1430 1577 1565 1633 Θεοῦ
1599 1579 1734 1644 Θεὸς

136 1658 398 1730 ἀληθινός
444 1660 594 1715 ἐστιν
622 1702 638 1727 ,
695 1662 756 1714 οὐ
802 1662 992 1733 μισθὸν
1038 1666 1239 1737 ἀρετῆς
1284 1665 1460 1720 ταῦτα
1505 1667 1685 1721 λαϐὼν
1713 1709 1727 1730 .

1844 496 2001 536 versa
2030 483 2236 553 Opinio,
2266 483 2359 537 sed
2410 493 2784 540 commentum
2816 499 3007 539 eorum
3036 493 3120 539 est
3146 484 3239 554 qui
3274 494 3422 539 nunc

1834 572 2138 643 judaizant.
2173 574 2310 630 Nam
2347 577 2391 631 si
2423 577 2499 632 ita
2523 589 2628 642 est,
2661 579 2753 648 qui
2784 578 2899 633 ﬁeri
2940 586 3117 647 potest
3158 586 3219 631 ut
3254 575 3421 631 Deum

1841 664 2057 721 Patrem
2090 669 2257 738 aliqui
2292 671 2645 741 agnoscant?
2687 669 2797 725 Nec
2847 670 2990 725 enim
3037 669 3261 738 adoptio
3302 668 3422 723 sine

1838 773 1969 813 vero
1997 758 2134 815 Filio
2159 761 2276 815 ﬁeri
2324 771 2537 832 potest,
2573 778 2699 817 cum
2738 764 2855 833 ipse
2893 764 3072 826 dicat,
3118 760 3288 816 Nemo
3330 776 3424 816 eo-

1837 854 2044 922 gnoscit
2074 851 2295 906 Patrem
2325 853 2428 905 nisi
2482 851 2530 905 F
2533 853 2660 906 ilius
2684 894 2700 919 ,
2752 863 2803 907 et
2834 855 2921 907 cui
2952 852 3127 908 Filius
3163 850 3420 907 revelave-

1838 946 1907 999 rit
1942 946 1985 1001 ’.
2020 943 2308 1012 Quomodo
2360 945 2486 998 item
2529 943 2647 999 sine
2695 942 2870 999 Verbo
2914 953 2967 998 et
3012 954 3138 998 ante
3184 943 3415 997 Verbum

1836 1035 1980 1092 Deus
2009 1036 2101 1106 qui
2126 1035 2263 1091 eﬁici
2296 1043 2479 1105 queat,
2519 1049 2644 1087 cum
2684 1035 2799 1105 ipse
2830 1035 2895 1089 ad
2932 1034 3149 1090 Judaeos
3185 1035 3416 1089 istorum

1837 1127 2033 1183 fratres
2061 1128 2142 1182 sic
2177 1128 2451 1197 loquatur,
2480 1124 2540 1181 Si
2560 1126 2681 1180 illos
2711 1126 2837 1180 deos
2874 1127 3012 1181 dixit
3036 1128 3105 1181 ad
3137 1145 3264 1197 quos
3292 1126 3420 1181 Ver-

1836 1222 1958 1277 bam
1993 1222 2089 1275 Dei
2124 1221 2325 1290 factum
2382 1228 2458 1273 est
2491 1219 2550 1271 3?
2578 1217 2752 1273 Porro
2805 1219 2850 1274 si
2892 1234 3105 1285 omnes,
3148 1227 3419 1290 quotquot

1835 1329 1959 1368 cum
1998 1312 2094 1367 ﬁlii
2146 1323 2256 1365 tum
2283 1311 2356 1364 dii
2392 1312 2648 1381 appellati
2691 1318 2822 1365 sunt
2869 1311 2982 1365 sive
3029 1310 3082 1365 in
3113 1313 3272 1365 terris
3302 1311 3418 1366 sive

1835 1406 1890 1459 in
1922 1405 2114 1471 ccelis,
2154 1419 2252 1473 per
2291 1401 2535 1458 Verbum
2584 1412 2639 1459 et
2689 1403 2787 1457 tilii
2834 1415 2889 1457 et
2929 1402 3002 1457 dii
3055 1412 3186 1458 sunt
3215 1402 3414 1470 effecti,

1834 1497 2062 1567 ipseque
2100 1494 2276 1549 Filius
2313 1493 2554 1549 Verbum
2584 1503 2666 1549 est
2695 1512 2709 1548 :
2740 1496 3090 1565 perspicuum
3126 1510 3259 1550 sane
3305 1494 3418 1551 tuo-

1832 1589 1905 1641 rit
1934 1603 2129 1643 omnes
2169 1603 2265 1657 per
2310 1589 2490 1659 ipsum
2539 1587 2689 1644 ﬁlios
2717 1586 2876 1653 efﬁci,
2925 1588 3103 1656 ipsum
3127 1602 3257 1641 vero
3286 1594 3417 1643 ante

1832 1695 2046 1746 omnes,
2076 1681 2188 1735 imo
2210 1697 2343 1737 vero
2382 1682 2559 1736 solum
2596 1696 2722 1735 eum
2756 1696 2941 1735 verum
2977 1679 3208 1747 Filium,
3233 1690 3286 1735 et
3325 1695 3417 1737 so-

138 1751 268 1807 οὒδὲ
304 1752 468 1818 ἄλλος
494 1752 571 1807 ὢν
615 1754 766 1827 παρὰ
807 1755 1001 1824 ταῦτα,
1035 1757 1173 1812 ἀλλά
1204 1757 1364 1827 φύσει
1396 1762 1515 1814 κατ’
1545 1762 1720 1816 οὐσίαι

1834 1774 1947 1828 lum
1977 1788 2044 1827 ex
2075 1772 2185 1830 Deo
2211 1789 2340 1830 vero
2371 1789 2563 1830 verum
2592 1774 2764 1830 Deum
2792 1788 2936 1839 esse,
2975 1789 3075 1829 nec
3105 1772 3411 1828 mercedem

136 1844 218 1900 ὣν
240 1847 438 1903 ταῦτα.
466 1848 721 1922 Γέννημα
752 1850 858 1924 γὰρ
884 1852 984 1923 τῆς
1024 1852 1117 1906 τοῦ
1150 1852 1259 1925 (55)
1297 1854 1513 1929 [ἰατρὸς
1543 1854 1731 1920 οὐσίας

134 1936 401 2010 ὑπάρχει,
435 1937 580 1994 ὥστε
620 1940 824 2012 μηδένα
859 1942 1240 2013 ἀμφιϐάλλειν,
1275 1945 1358 1999 ὅτι
1396 1945 1519 2000 καθ’
1541 1946 1727 2017 ὁμοιό-

132 2045 279 2100 τητα
327 2029 425 2084 τοῦ
476 2033 749 2104 ἀτρέπτου
799 2032 1016 2103 Πατρὸς
1061 2034 1351 2107 ἄτρεπτός,
1383 2038 1502 2093 ἐστι
1557 2037 1655 2093 καὶ
1682 2038 1729 2093 '6

135 2122 338 2192 Λόγος.

207 2327 469 2393 40.Τέως
496 2328 596 2399 μὲν
623 2323 738 2391 οῦν,
755 2330 876 2393 ταῖς
902 2331 1031 2404 περὶ
1054 2330 1149 2385 τοῦ
1177 2332 1312 2387 Υἱοῦ
1336 2334 1570 2399 ἐννοίαις
1586 2335 1730 2408 χρώ-

138 2418 501 2492 μενοι,οῦτως
526 2417 665 2490 πρὸς
693 2419 791 2482 τὰς
821 2419 1050 2489 ἀλόγους
1064 2420 1244 2475 αὐτῶν
1262 2422 1524 2488 ἐπινοίας,
1547 2422 1623 2488 ὡς
1643 2424 1729 2477 δέ·

132 2510 309 2564 δωκεν
352 2510 517 2573 αὐτὸς
548 2509 660 2581 (54)
693 2511 722 2564 6
744 2510 970 2583 Κύριος,
1008 2513 1405 2586 ἀπηντήσαμεν
1429 2533 1442 2546 ·
1475 2514 1638 2569 καλὸν
1667 2516 1725 2570 δὲ

134 2602 233 2656 καὶ
277 2600 348 2656 τά
380 2600 502 2653 θεῖα
546 2600 704 2670 λόγια
755 2601 1095 2672 παραθέσθαι
1149 2604 1366 2669 λοιπὸν,
1405 2606 1470 2659 ἵν’
1505 2605 1584 2661 ἔτι
1631 2607 1726 2661 καὶ

135 2695 321 2749 πλεῖον
356 2694 472 2765 (55)
500 2693 595 2747 τοῦ
628 2693 726 2763 μὲν
758 2693 887 2748 Υίοῦ
916 2695 976 2748 τὸ
1001 2697 1271 2769 ἄτρεπτον
1287 2700 1602 2773 ἀποδειχθῇ,
1632 2701 1725 2755 καὶ

134 2789 171 2858 ἡ
200 2785 563 2849 ἀναλλοίωτος
592 2785 756 2840 αὐτοῦ
785 2785 1027 2859 πατρική
1054 2788 1245 2858 φύσις,
1273 2791 1477 2845 τούτων
1493 2793 1600 2864 δὲή
1623 2802 1757 2847 κατ⁸

130 2875 468 2948 κοφροσύνη.
506 2877 738 2947 Γράφων
767 2875 945 2929 τοίνυν
984 2876 1368 2949 Φιλιππησίοίς
1402 2881 1431 2934 6
1468 2879 1724 2934 Ἀπόστο-

131 2960 226 3027 λός
284 2978 449 3032 orior
518 2963 699 3017 Τοῦτο
749 2964 1086 3032 φρονείσθω
1116 2965 1187 3019 ἐν
1225 2966 1388 3037 ὑμῖν,
1430 2966 1461 3021 ὃ
1506 2968 1608 3021 καὶ
1653 2968 1723 3024 ἐν

129 3054 371 3123 Χριστῷ
392 3053 598 3166 ΙΙηονοῦ
623 3095 638 3119 ,
670 3055 740 3123 ὃς
770 3056 840 3110 ἐν
859 3056 1065 3166 μορφῇ
1094 3058 1244 3112 Θεοῦ
1266 3057 1577 3130 ὑπάρχων,
1606 3063 1720 3131 οὐχ
1748 3109 1790 3166 C

128 3145 452 3216 ἁρπαγμὸν
483 3146 759 3216 ἡγήσατο
790 3147 857 3201 τὸ
892 3145 1046 3204 εἶναι
1087 3150 1193 3204 ἵσα
1228 3150 1369 3216 Θεῷ,
1400 3152 1538 3206 ἀλλ’
1584 3153 1720 3209 ἐαυ-

106 3232 243 3293 ’τὸν
291 3237 556 3293 ἐκένωσε
593 3238 839 3309 μορφὴν
872 3239 1098 3296 δούλου
1142 3241 1364 3307 λαϐὼν,
1406 3242 1476 3296 ἐν
1517 3242 1722 3313 ὁμοιώ-

127 3348 272 3401 ματι
316 3330 648 3400 ἀνθρώπων
702 3334 1058 3403 γενόμενος,
1122 3334 1221 3389 καὶ
1269 3335 1533 3406 σχήματι
1559 3340 1721 3407 εὐρε-

128 3423 257 3490 θεὶς
268 3423 350 3491 ὡς
362 3422 693 3492 ἄνθρωπος.
713 3427 1139 3482 Ἐταπείνωσεν
1149 3428 1386 3495 ἑαυτὸν,
1401 3431 1721 3501 γενόμενος

129 3514 407 3583 ὑπήκοος
436 3514 615 3585 μέχρι
642 3516 904 3572 θανάτου
937 3557 953 3583 ,
993 3518 1253 3573 θανάτου
1309 3518 1379 3573 δὲ
1427 3521 1715 3590 σταυροῦ.

126 3607 227 3659 Διὸ
289 3604 393 3659 καὶ
452 3608 487 3659 ό
530 3606 676 3673 Θεὸς
706 3608 897 3662 αὐτὸν
936 3610 1334 3678 ὑπερύψωσε,
1390 3611 1488 3665 καὶ
1518 3612 1719 3682 ἐχαρί-

128 3712 286 3752 σατο
348 3696 512 3762 αὐτῷ
566 3697 753 3768 ὄνομα
803 3698 872 3754 τὸ
923 3700 1076 3770 ὑπὲρ
1136 3701 1258 3757 πᾶν
1332 3703 1522 3774 ὄνομα
1554 3745 1569 3770 ,
1619 3708 1720 3761 ἵνα

126 3787 199 3842 ἐν
232 3787 315 3854 τῷ
341 3790 590 3858 ὀνόματι
621 3790 817 3858 Ἰησοῦ
861 3790 985 3847 πᾶν
1028 3794 1176 3864 γόνυ
1227 3792 1437 3865 κάμψῃ
1466 3796 1720 3865 ἐπουρα-

126 3883 298 3947 νίων,
342 3883 445 3937 καί
466 3884 762 3954 ἐπιγείων,
795 3886 893 3939 καὶ
930 3888 1373 3957 καταχθονίων,
1408 3889 1508 3943 καὶ
1551 3889 1721 3945 πᾶσα

129 3973 394 4044 γλῶσσα
413 3975 936 4046 ἐξομολογήσηται
954 3977 1086 4049 (36),
1123 3977 1213 4032 ὅτι
1238 3981 1453 4049 Κύριος
1491 3981 1721 4050 Ἰησοῦς

127 4065 389 4134 Χριστὸς
427 4067 515 4131 είς
558 4065 749 4131 δόξαν
785 4066 934 4120 Θεοῦ
975 4070 1226 4136 Πατρός.
1266 4070 1330 4123 Τί
1375 4071 1564 4124 τούτου
1598 4071 1720 4126 λευ-

130 4160 359 4230 κότερον
400 4158 495 4211 καὶ
528 4158 1052 4227 ἀποδεικτικιῖηερον
1104 4161 1315 4230 γένοιτο
1352 4163 1463 4235 (57)
1513 4165 1610 4231 ἀν;
1642 4166 1716 4219 Οὐ

125 4249 238 4323 γὰρ
262 4249 324 4314 ἐξ
355 4248 655 4303 ἐλαττόνων
685 4249 908 4319 βελτίων
935 4252 1178 4319 γέγονεν’
1208 4252 1343 4307 ἀλλά
1363 4253 1563 4324 μᾶλλον
1587 4255 1718 4319 Θεὸς

126 4342 396 4412 ὑπάρχων
429 4341 526 4412 τὴν
575 4341 763 4395 δούλου
789 4342 903 4413 (58)
938 4341 1152 4414 μορφὴν
1180 4343 1363 4409 ἔλαϐε,
1414 4344 1508 4398 καὶ
1551 4346 1609 4400 ἐν
1640 4347 1718 4417 τῷ

1832 1862 2051 1919 virtutis
2076 1863 2193 1919 haec
2223 1865 2537 1934 accepisse,
2584 1878 2762 1932 neque
2797 1864 2962 1919 alium
3007 1865 3077 1919 ab
3115 1864 3222 1920 illis
3267 1879 3411 1932 esse,

1831 1955 1924 2011 sed
1971 1964 2167 2011 natura
2216 1964 2272 2011 et
2317 1955 2621 2011 substantia
2675 1955 2767 2010 illa
2811 1955 2926 2023 ipsa
2987 1970 3129 2011 esse.
3165 1953 3415 2026 Namque

1830 2046 2153 2102 substantiae
2179 2046 2359 2103 Patris
2408 2047 2552 2104 fetus
2596 2048 2713 2118 ipse
2760 2057 2865 2111 est,
2896 2048 2971 2101 ita
3021 2055 3083 2102 ut
3132 2048 3314 2102 nullus
3340 2047 3417 2104 sit

1827 2138 2115 2195 dubitandi
2142 2139 2315 2202 locus,
2342 2140 2475 2210 quin
2499 2140 2563 2194 ad
2589 2139 2770 2195 Patris
2823 2139 3180 2195 immutabilis
3206 2139 3408 2196 simili-

1826 2232 2072 2289 tudinem
2110 2232 2181 2289 sit
2210 2247 2429 2304 quoque
2466 2231 2701 2287 Verbum
2737 2231 3096 2287 immutabile.

1897 2325 1989 2381 40.
2021 2322 2300 2380 Hactenus
2334 2324 2553 2395 quidem
2610 2322 2735 2380 Filii
2786 2322 3098 2378 notionibus
3140 2321 3412 2378 inhirren-

1829 2424 1932 2483 tes,
1957 2414 2038 2471 sic
2068 2415 2326 2471 absurdis
2353 2416 2572 2471 illorum
2603 2414 2953 2479 commentis,
2977 2423 3139 2484 prout
3164 2414 3281 2483 ipse
3312 2413 3409 2466 de-

1826 2508 1905 2563 dit
1926 2506 2216 2573 Dominus,
2256 2507 2624 2563 occurrimus.
2652 2505 2771 2561 Jam
2804 2521 2936 2561 vero
2979 2504 3294 2577 praestiterit
3324 2503 3411 2558 di-’

1825 2598 1949 2654 vina
1977 2614 2251 2668 exponere
2282 2598 2525 2665 oracula,
2560 2607 2618 2655 ut
2642 2597 2832 2654 etFilii
2851 2597 3265 2653 immutabilitas
3284 2611 3405 2652 ma-

1826 2693 1909 2763 gis
1939 2692 2293 2747 conﬁrmetur
2316 2733 2331 2758 ,
2386 2692 2569 2763 sitque
2604 2691 2943 2762 exploratius
2970 2699 3252 2762 paternam
3284 2690 3405 2759 ejus

1825 2791 2079 2840 naturam
2111 2782 2434 2839 mutationis
2465 2798 2588 2839 esse
2612 2793 2890 2853 expertem
2913 2826 2927 2850 ,
2959 2791 3012 2838 et
3030 2783 3251 2838 ‘clarius
3284 2782 3407 2837 illo—

1824 2889 1946 2928 rum
1979 2882 2237 2946 appareat
2272 2874 2617 2945 improbitas.
2652 2873 2841 2944 Itaque
2869 2876 2954 2930 his
2978 2874 3161 2930 verbis
3186 2873 3254 2928 ad
3276 2872 3407 2927 Phi-

1824 2967 2102 3038 lippenses
2130 2966 2322 3022 scribit
2347 2965 2647 3036 Apostolus
2681 2984 2693 3020 :
2735 2964 2850 3019 Hoc
2876 2982 2963 3019 vos
2999 2967 3216 3033 sentite,
3265 2966 3404 3036 quod

1824 3069 1874 3113 et
1914 3058 2156 3114 Christus
2188 3056 2367 3121 Iesus,
2395 3058 2485 3128 qui
2522 3073 2639 3111 cum
2675 3057 2926 3125 informa
2972 3056 3066 3110 Dei
3106 3067 3274 3124 esset,
3300 3073 3406 3111 non

1824 3152 2070 3221 rapinam
2117 3149 2409 3204 arbitratus
2446 3158 2525 3203 est
2570 3165 2681 3203 esse
2734 3165 2789 3203 se
2838 3148 3095 3219 azqualem
3141 3149 3283 3213 Deo,
3311 3151 3402 3205 sed

1821 3243 2156 3312 semetipsum
2171 3240 2484 3306 exinanivit,
2499 3240 2675 3311 {arma
2703 3241 2837 3293 servi
2855 3250 3089 3309 accepta,
3106 3239 3297 3294 similis
3314 3240 3404 3293 ho-

1821 3336 2021 3390 minum
2054 3335 2250 3403 factus,
2290 3343 2340 3387 et
2363 3334 2539 3403 ﬁgura
2576 3333 2813 3386 inventus
2843 3344 2900 3385 ut
2930 3331 3104 3386 homo.
3136 3330 3405 3386 Humilia~

1820 3427 1893 3480 vit
1921 3427 2279 3495 semetipsum,
2320 3424 2498 3494 factus
2543 3422 2787 3477 obediens
2828 3438 2988 3493 usque
3028 3422 3098 3475 ad
3137 3431 3400 3492 mortem,

1821 3532 2038 3577 mortem
2074 3531 2251 3575 autem
2286 3520 2481 3574 crucis.
2525 3517 2734 3573 Idcirco
2775 3526 2826 3571 et
2868 3516 3010 3571 Deus
3041 3517 3299 3570 exultavit
3328 3515 3403 3572 il-

1820 3615 1953 3680 lum,
1986 3624 2036 3668 et
2061 3614 2274 3668 donavit
2306 3611 2389 3667 illi
2429 3627 2617 3665 nomen
2649 3611 2788 3681 quod
2815 3620 2893 3664 est
2931 3624 3087 3677 super
3128 3625 3281 3663 omne
3304 3626 3402 3663 no-

1820 3725 1954 3772 men,
1973 3715 2030 3759 ut
2054 3707 2107 3759 in
2132 3705 2339 3758 nomine
2360 3703 2486 3757 Jesu
2503 3720 2652 3756 omne
2668 3719 2802 3772 genu
2821 3703 3071 3771 ﬂectatur
3088 3703 3397 3769 caelestium,

1822 3798 2149 3853 terrestrium
2183 3805 2231 3849 et
2260 3796 2612 3865 internarum,
2635 3802 2684 3848 et
2724 3794 2893 3847 omnis
2928 3793 3114 3863 lingua
3142 3793 3397 3862 conﬁtea-

1822 3899 1909 3943 tur
1928 3889 2066 3959 quod
2095 3886 2351 3941 Dominus
2384 3885 2540 3939 Jesus
2589 3883 2832 3939 Christus
2860 3884 2917 3938 in
2958 3883 3132 3953 gloria
3179 3894 3255 3938 est
3299 3882 3397 3937 Dei

1822 3981 2004 4036 Patris
2034 3979 2075 4031 ⁸.
2110 3977 2250 4044 Quid
2281 3978 2364 4032 liis
2397 3976 2730 4031 luculentius
2753 3984 2808 4030 et
2834 3975 3134 4030 evidentius
3162 3972 3396 4045 proferri

1820 4071 2035 4143 potest?
2067 4069 2177 4127 Nec
2212 4071 2356 4126 enim
2390 4086 2456 4124 ex
2507 4070 2780 4125 deteriore
2831 4068 3021 4125 melior
3050 4068 3226 4125 factus
3258 4078 3344 4125 est
3375 4086 3391 4124 :

1820 4163 1913 4217 sed
1944 4162 2125 4232 potius
2157 4176 2282 4217 cum
2313 4160 2458 4215 Deus
2504 4171 2671 4224 esset,
2711 4158 2943 4214 formam
2978 4159 3122 4214 servi
3154 4157 3386 4228 accepit,

1821 4256 2007 4324 inqua
2037 4253 2351 4324 accipienda
2388 4269 2494 4307 non
2549 4252 2743 4306 melior
2788 4259 2873 4307 est
2899 4250 3146 4317 eﬁ‘ectus,
3180 4252 3274 4306 sed
3308 4265 3395 4306 se-

1820 4342 2472 4414 metipsum'liumiliavit.
2510 4338 2615 4394 Ubi
2643 4340 2809 4406 igitur
2835 4339 2924 4393 hic
2946 4353 3157 4393 merces
3178 4337 3394 4391 virtutis

124 4432 316 4488 λαϐεῖν
338 4474 354 4496 ,
403 4434 505 4487 οὐκ
552 4433 868 4505 ὲδελτιώθη,
924 4434 1038 4488 ἀλλ’
1085 4436 1449 4490 ἐταπείνωσεν
1502 4438 1711 4492 ἑαυτόν.

1834 4446 1919 4502 εει,
1943 4437 2027 4491 vel
2065 4436 2244 4506 qualis
2276 4450 2598 4505 progressus
2638 4433 2864 4503 qualeve
2902 4432 2958 4485 in
2999 4432 3194 4486 melius
3213 4432 3393 4485 incre-

126 4523 242 4577 Ποῦ
286 4523 471 4578 τοίνυν
516 4525 576 4577 ὲν
622 4523 834 4587 τούτοις
887 4523 1074 4596 μισθὸς
1124 4524 1222 4595 τῆς
1266 4524 1486 4597 ἀρετῆς,
1519 4526 1550 4596 ἦ
1585 4527 1713 4580 ποία

124 4612 384 4685 προκοπὴ
410 4613 505 4667 καὶ
539 4612 820 4683 βελτίωσις
846 4614 905 4667 ὲν
930 4612 1258 4667 ταπεινώσει
1284 4630 1299 4678 ;
1330 4614 1393 4668 Ei
1425 4615 1534 4687 γὰρ
1584 4615 1715 4679 Θεὸς

204 4706 228 4735 ¹
263 4703 433 4758 Matii.
483 4720 563 4770 χι,
611 4704 702 4759 27.
784 4705 806 4737 ³
836 4702 997 4759 Joan.
1024 4721 1081 4767 ι,
1112 4705 1203 4760 55.

126 4793 710 4885 “(30)nSegueriLan.,
761 4794 1013 4885 οῦεξιυςιή
1061 4794 1322 4885 υἱοθεσία.
1368 4794 1541 4885 Paulo
1565 4805 1717 4885 ‘pos't

125 4863 305 4939 idem.
325 4863 800 4939 RegigGobler-ian.
832 4863 1072 4939 Felclgn.
1100 4867 1126 4920 1
1158 4866 1299 4939 et_5,
1323 4869 1382 4939 εἰ
1412 4867 1485 4939 μὴ
1508 4871 1536 4922 6
1565 4863 1710 4932 Υἱός.

122 4936 233 5005 Alii
261 4945 316 4990 et
349 4936 518 4989 editio
534 4936 823 4999 Comme|.,
849 4938 899 4989 εἰ
924 4936 955 4987 6
975 4936 1125 5001 Υἱός.
1156 4937 1291 4992 ibid.
1323 4935 1506 4994 Fel‘ck'.
1534 4939 1588 5005 5,
1619 4940 1714 4994 καὶ

118 5000 167 5076 ᾧ
193 5006 281 5089 ille
295 5006 470 5089 αἰετὸς
482 5005 891 5089 ’,ἀποκαλύψῃ-ἱ
1027 5077 1043 5089 Δ

162 5076 313 5150 (τι)
357 5075 452 5133 Sic
482 5076 708 5149 Seguer.
758 5075 985 5150 et'seg.
1013 5077 1121 5132 Alii
1159 5087 1216 5134 et
1252 5078 1405 5147 editi,
1436 5079 1621 5144 πῶςδ⁶
1646 5079 1713 5135 ἂν

120 5147 314 5300 Ϊαξέιὲ)
357 5215 449 5300 Sic
475 5215 703 5300 ξιεεειιει·ἶ
728 5220 811 5300 lit.
826 5219 916 5275 alii
943 5218 1148 5300 etediti
1173 5219 1230 5300 §é
1259 5220 1538 5300 omittunt.
1573 5218 1705 5300 ibid.

124 5287 371 5360 Seguer.
395 5287 647 5360 et_Reg.,
680 5292 711 5343 6
739 5290 943 5360 Λόγος·
976 5289 1135 5360 δῆλον
1170 5290 1274 5345 ὅτι.
1298 5359 1301 5360 ν
1329 5288 1544 5344 Habent
1583 5293 1708 5346 item

120 5357 284 5430 SjXOV
344 5358 429 5430 ὅτι
461 5357 627 5430 Basil.
659 5357 871 5430 Anglic.
907 5371 962 5416 et
987 5357 1165 5415 Felck.
1197 5361 1250 5416 5.
1280 5359 1349 5415 At
1370 5361 1465 5415 alii
1494 5369 1548 5415 et
1579 5362 1707 5416 edit.

123 5428 427 5514 geminet”.
454 5430 484 5482 6
510 5428 809 5514 Adyoq‘xat
820 5431 1273 5514 “snlovdfst.uﬁlox
1300 5430 1557 5514 §eguer3
1583 5433 1713 5514 μᾶλ-

124 5497 215 5572 λον
245 5498 305 5557 δὲ
358 5500 523 5571 μόνον
576 5497 761 5565 αὐτός.
819 5497 960 5558 Editi
995 5510 1050 5557 et
1083 5503 1200 5564 alii,
1251 5497 1450 5572 μᾶλλον
1506 5497 1711 5556 δὲάὑ-

123 5585 153 5622 τ
218 5606 239 5626 .

128 5569 312 5737 ΙΪῗῖιεῖ»)
354 5638 700 5737 δεευςτὲιηη
730 5641 809 5737 ξὺν
833 5641 1028 5737 ταῦτα,
1060 5642 1306 5737 γέἔνηξια
1327 5644 1426 5716 τῆς
1453 5641 1569 5737 τοῦ,
1600 5652 1704 5726 etc.

128 5710 270 5765 Idem
292 5710 452 5766 ιιιοί
468 5721 517 5767 et
550 5710 684 5781 Reg.
720 5714 1004 5784 Anglican.
1040 5723 1094 5767 et
1124 5710 1403 5778 BaSiliett.,
1439 5714 1572 5784 μηδὲ
1596 5716 1704 5784 ἀμ-

129 5779 429 5843 φιύάὶλειν.
465 5780 634 5839 Paulo
663 5793 785 5850 post
810 5784 977 5840 editio
1008 5782 1272 5840 Commel.
1309 5786 1568 5840 mendose
1605 5786 1692 5839 lla-

1819 4534 2062 4580 mentum
2100 4525 2155 4579 in
2200 4525 2513 4595 huiusmodi
2564 4522 2979 4578 liumiliatione?
3008 4520 3147 4576 Nam
3178 4522 3225 4577 si
3256 4534 3393 4591 qua-

1822 4627 1983 4672 tenus
2013 4632 2139 4671 cum
2173 4619 2315 4673 Deus
2336 4625 2506 4684 esset,
2540 4616 2705 4671 homo
2740 4614 2917 4670 factus
2951 4622 3054 4680 est,
3082 4621 3136 4668 et
3170 4626 3238 4666 ex
3266 4610 3392 4665 alti-

1281 4704 1524 4777 ‘Pliilip.
1568 4722 1628 4775 tt,
1670 4708 1818 4763 5-H.

1822 4801 1931 4863 bet,
1967 4798 2404 4873 hpsmdgéon
2455 4799 2584 4871 περὶ
2635 4798 2730 4852 καὶ
2772 4799 2801 4851 6
2857 4797 3048 4865 Λόγος.
3112 4794 3218 4850 Sed
3269 4810 3372 4866 περ

1821 4873 1975 4926 abest
2002 4870 2070 4925 ab
2106 4870 2361 4925 omnibus
2388 4887 2519 4925 mss.

1891 4943 2006 5011 (5i)
2050 4942 2140 4996 Sic
2170 4939 2400 5011 ,Seguer.
2434 4940 2650 5011 Ggobler.
2684 4947 2740 5011 et
2767 4937 2916 5011 Felc.
2942 4937 2993 5011 ιτ
3035 4936 3142 5011 alii
3185 4950 3313 5011 vero
3340 4942 3391 4991 et

1819 5005 1969 5078 editi,
1988 5005 2077 5077 ’ὡς
2101 5005 2330 5064 δέδωιῐεν
2353 5012 2382 5064 6
2405 5009 2630 5081 Κύριος,
2652 5010 2854 5072 αὐτοῖς.
2880 5007 3016 5063 Ibid.
3051 5005 3389 5069 Seguerian..

1818 5083 2240 5155 ἀπαγῖήσωμεν·

1890 5143 2267 5225 (35)'Seguer.
2309 5150 2533 5225 Qobler.
2568 5158 2621 5204 et
2650 5147 2893 5225 Felekm.
2931 5147 2983 5214 Ι,
3031 5146 3213 5225 πλέον.
3251 5143 3392 5225 Editi

1815 5233 1871 5278 et
1897 5217 2020 5290 alii,
2070 5217 2271 5277 πλεῖον.
2326 5221 2495 5275 Paulo
2530 5230 2650 5288 post
2682 5217 2937 5290 Segiuer,
2996 5217 3200 5271 τούτων
3255 5233 3315 5270 τε
3359 5219 3393 5288 ἡ

1817 5295 2218 5369 καιεοερροσύνη.
2250 5292 2482 5369 Γρᾴςρων
2506 5289 3041 5369 τοίνυνῇΦ-ιλιππίοις.

1890 5356 2015 5437 (56)·
2040 5356 2261 5436 Seguer.
2299 5356 2524 5417 'Go'bler.
2572 5370 2629 5416 et
2676 5359 2915 5418 Felckm.
2976 5358 3028 5424 t,
3063 5356 3394 5430 ἐξομολογήοο

1820 5452 1996 5490 σεται.

1891 5508 2001 5578 (57)
2044 5505 2136 5562 Sic
2164 5503 2392 5575 Seguer.
2421 5502 2530 5559 Alii
2561 5511 2743 5558 autem
2782 5510 2838 5558 et
2895 5500 3064 5566 editi,
3107 5499 3173 5554 ἂν
3211 5498 3390 5568 γέλοι-

1816 5594 1897 5631 το.

1891 5647 2001 5719 (58)
2042 5645 2384 5718 Seguerian.,
2413 5643 2510 5716 τὴν
2545 5642 2751 5697 δούλου.
2792 5641 2959 5708 Editi,
2994 5639 3093 5713 τὴν
3126 5640 3221 5694 τοῦ
3270 5635 3362 5691 δού

1817 5719 1908 5772 λου
1918 5760 1930 5773 .
