3850 6218
453 300 524 356 95
1060 297 1119 353 S.
1156 292 1533 350 ATHANASII
1572 290 1721 346 OPP.
1766 289 1949 344 PARS
1988 285 2026 340 Ι.
2068 312 2137 325 -
2179 277 2548 337 HISTORICA
2581 274 2670 329 ET
2712 264 3131 326 DOGMATICA.
3632 256 3698 309 96

456 415 644 470 tudine
701 413 1017 477 descendit,
1068 414 1296 467 exaltari
1344 412 1543 466 dicitur
1581 429 1593 465 :
1641 426 1771 479 quo,
1817 422 2026 477 quaeso,

2143 399 2224 463 ὒν,
2256 400 2477 470 γέγονεν
2517 394 2821 465 ἄνθρωπος,
2859 386 2971 450 καὶ,
3007 381 3067 479 ἐξ
3107 380 3276 479 liti/63:;
3327 374 3587 479 διαταϐὰς,
3616 373 3701 425 λέ-

455 506 645 562 extolli
675 506 790 561 sive
823 504 1051 559 exaltari
1101 512 1275 573 potest
1315 502 1362 557 is
1404 504 1498 572 qui
1540 503 1682 556 Deus
1708 501 1828 555 est?
1855 501 1931 553 Ex
1961 513 2027 553 eo

454 596 602 650 enim
627 595 774 664 quod
803 593 947 650 Deus
986 593 1057 648 sit
1088 593 1416 657 altissimus,
1463 593 1629 663 liquet
1657 593 1777 661 ejus
1811 607 2029 661 quoque

457 683 699 742 Verbum
734 686 1070 742 necessario.
1092 701 1216 740 esse
1249 686 1599 740 altissimum.
1628 682 1748 750 Quo
1789 698 1918 755 ergo
1947 683 2027 736 al-

459 778 568 833 tius
598 777 782 833 ettolli
815 777 994 847 potuit
1025 776 1071 831 is
1101 776 1193 846 qui
1236 776 1290 829 in
1330 774 1493 830 Patre
1525 784 1627 841 est,
1654 784 1708 829 et
1736 773 1914 830 Patris
1948 782 2031 828 est

460 868 515 923 in
547 868 806 924 omnibus
860 863 1213 921 simillimus?
1261 864 1448 935 itaque
1494 866 1644 919 nullo
1692 866 2031 931 incremento

458 976 596 1032 opus
635 960 816 1026 habet,
835 977 936 1014 nec
967 961 1012 1012 is
1046 969 1126 1013 est
1147 974 1307 1028 quem
1342 957 1479 1012 falso
1502 958 1852 1028 suspicantur
1878 957 2032 1011 Aria-

460 1053 535 1106 ni.
563 1049 699 1106 Nam
736 1054 781 1106 si
805 1060 864 1105 ut
892 1051 1244 1112 exaltaretur,
1269 1047 1505 1103 Verbum
1535 1050 1837 1113 descendit,
1868 1050 2032 1117 idque

463 1144 671 1198 indicat
698 1142 1012 1212 Scriptura:
1040 1141 1168 1211 quid
1201 1151 1317 1194 erat
1344 1156 1566 1195 necesse
1599 1143 1835 1210 seipsum
1871 1138 2027 1211 351

463 1237 772 1300 humiliore,
804 1245 864 1290 ut
914 1236 967 1288 id
992 1235 1136 1305 quod
1167 1234 1280 1302 jam
1309 1233 1543 1287 habebat
1567 1232 1813 1302 accipere
1829 1233 2032 1287 nitere—

462 1326 594 1382 tur?
622 1327 797 1393 Quam
829 1339 991 1395 porro
1022 1324 1252 1394 gratiam
1302 1323 1512 1393 accepit
1562 1323 1677 1392 ipse
1718 1322 1907 1392 gratiae
1937 1323 2034 1375 da-

461 1416 593 1473 tor?
621 1418 728 1472 Aut
756 1416 1032 1487 quomodo
1063 1431 1283 1481 nomen,
1313 1430 1423 1484 quo
1451 1415 1792 1475 adoraretur,
1823 1416 2034 1483 accepit

463 1508 533 1572 is,
567 1506 662 1577 qui
697 1522 910 1574 semper
941 1522 1041 1561 suo
1070 1506 1288 1558 nomine
1317 1504 1418 1560 fuit
1447 1507 1728 1569 adoratus,
1760 1514 1813 1557 et
1846 1521 2031 1574 quem,

464 1607 755 1668 antequam
788 1597 962 1653 lactus
988 1606 1130 1652 esset
1163 1598 1356 1660 homo,
1405 1597 1576 1652 sancti
1626 1596 1775 1651 hisce
1807 1598 2035 1652 vocibus

465 1690 829 1744 invocabant:
860 1687 1019 1751 Deus,
1047 1689 1099 1741 in
1130 1692 1335 1742 nomine
1370 1698 1458 1741 tuo
1498 1687 1702 1740 salvum
1743 1705 1825 1742 me
1858 1689 1943 1758 {ac
1968 1689 1988 1721 ⁵
2015 1702 2034 1751 ;

2127 461 2282 559 γεται
2316 461 2734 557 6440560456103
2776 476 3001 547 ὑψοῦται
3031 472 3163 535 Θεὸς
3194 461 3300 533 div;
3335 465 3507 559 Δήλου
3548 461 3702 559 ὄντος

2128 551 2288 633 πάλιν
2314 551 2520 640 τούτου,
2550 575 2659 635 ὅτι,
2692 569 2787 624 τοῦ
2833 566 2966 621 Θεοῦ
2995 563 3102 635 (59)
3144 562 3368 631 ὑψίστου
3415 557 3589 620 δντος,
3646 551 3703 616 ἐξ

2128 669 2373 741 ἀνάγκης
2405 664 2544 722 εῖναι
2574 664 2765 719 δεῖκαὶ
2798 662 2889 715 τὸν
2916 659 3103 713 τούτου
3122 656 3291 724 Λόγον
3314 652 3555 723 ὕψιστον.
3590 646 3702 741 Ποῦ

2126 758 2220 815 οῦν
2276 740 2459 815 πλεῖον
2492 754 2637 829 εἶχεν
2670 754 2952 825 ὑψωθῆναι
2985 752 3014 804 6
3058 751 3116 802 ὲν
3163 747 3241 818 τῷ
3273 745 3447 809 nasot
3479 743 3580 805 ὢν,
3611 740 3704 794 καὶ

2127 854 2308 924 ὅμοιος
2340 851 2479 905 κατὰ
2509 850 2685 903 πάντα
2707 845 2800 900 τοῦ
2829 842 3070 914 Πατρός;
3100 838 3308 894 Οὑκοῦν
3334 836 3516 906 πάσης
3538 849 3706 904 προσ-

2128 947 2300 1018 θήκης
2321 942 2624 1015 ἀπροσδεής
2666 942 2802 1001 ἐστι,
2832 936 2927 991 καὶ
2956 936 3055 988 οὐκ
3088 933 3254 996 ἔστιν,
3284 930 3359 992 ὼς
3386 925 3707 1018 ὑπονοοῦσιν

2130 1017 2200 1088 οῖ’
2227 1032 2513 1107 Ἀρειανοί.
2542 1032 2606 1085 Εἰ
2638 1030 2746 1102 γὰρ
2770 1028 2857 1081 διὰ
2883 1026 2944 1081 τὸ
2964 1024 3240 1096 ὑψωθῆναι
3270 1017 3650 1088 καταϐέϐηκεν
3681 1017 3708 1068 6

2130 1128 2323 1197 Λόγος,
2348 1126 2443 1180 κα)¹
2465 1124 2636 1179 ταῦτα
2662 1123 2974 1196 γέγραπται
3005 1117 3118 1190 (40)
3143 1133 3157 1146 ⁸
3187 1114 3272 1178 τίς
3299 1113 3458 1185 χρεία
3478 1107 3548 1182 ῆν
3569 1110 3708 1171 ὅλως

2131 1218 2226 1272 καὶ
2255 1218 2588 1272 ταπεινῶσαι
2631 1215 2822 1269 ἑαυτὸν
2845 1254 2860 1275 ,
2917 1213 3004 1264 ἵνα
3061 1207 3221 1262 τοῦτο
3265 1207 3479 1277 ζητήσῃ
3522 1201 3710 1254 λαϐεῖν

2132 1310 2267 1383 ὅπερ
2300 1306 2445 1381 εἶχες
2481 1308 2650 1363 Ποίαν
2678 1308 2734 1361 δὲ
2770 1308 2864 1360 καὶ
2890 1305 3050 1376 χάριν
3081 1300 3271 1355 ἔλαϐεν
3303 1300 3333 1351 6
3359 1297 3459 1367 τῆς
3489 1295 3711 1366 χάριτος

2133 1402 2297 1474 δοτήρ
2326 1417 2344 1466 ;
2380 1403 2449 1454 Ἦ
2480 1400 2598 1464 πῶς
2621 1399 2779 1452 ἔλαϐε
2808 1397 2866 1451 τὺ
2887 1397 3058 1467 δνομα
3079 1396 3158 1457 εἰς
3184 1390 3244 1445 τὺ
3264 1385 3712 1474 προσκυνεῖσθαι,

2132 1493 2162 1545 6
2186 1470 2280 1547 del.-
2301 1494 2358 1545 ὲν
2389 1490 2466 1562 τῷ
2492 1490 2715 1562 ὀνόματι
2740 1488 2903 1542 αὑτοῦ
2920 1470 3420 1559 προσκυνούμεῖιος;
3446 1480 3558 1532 Καὶ
3579 1478 3713 1546 πρὶν

2135 1583 2358 1656 γένηται
2390 1581 2523 1652 γοῦν
2550 1581 2833 1652 ἄνθρωπος
2852 1619 2867 1641 ,
2898 1572 3303 1649 παρακαλοῦσιν
3354 1572 3402 1624 οἱ
3433 1570 3599 1637 ἅγιον
3650 1568 3714 1619 Ὃ

2139 1674 2301 1740 Θεὸς,
2334 1674 2405 1727 ἐν
2442 1673 2522 1740 τῷ
2562 1671 2809 1742 ὀνόματί
2838 1684 2953 1723 σου
2994 1664 3203 1720 σῶσόν
3239 1678 3336 1733 με.
3383 1660 3496 1715 Καὶ
3529 1656 3713 1712 πάλιν

463 1788 539 1847 et,
602 1778 677 1833 Hi
708 1781 766 1833 in
793 1781 1036 1833 curribus
1069 1788 1117 1833 et
1151 1779 1203 1832 hi
1234 1779 1288 1831 in
1326 1780 1491 1848 equis,
1523 1795 1615 1831 nos
1644 1787 1819 1831 autent
1847 1781 1901 1832 in
1942 1795 2035 1832 no-

2143 1760 2317 1820 Οὖτοι
2352 1765 2423 1819 ἐν
2453 1764 2675 1834 ἅρμασι
2702 1763 2837 1835 (ﬂ),
2865 1761 2962 1814 καὶ
2994 1755 3160 1814 οὗτοι
3191 1755 3261 1808 ἐν
3282 1752 3507 1817 ἵπποις,

465 1871 606 1925 mine
636 1870 845 1924 Domini
873 1870 970 1923 Dei
1002 1871 1169 1923 nostri
1200 1870 1657 1941 magniﬁcabimur
1685 1871 1720 1922 ⁸.
1748 1868 1885 1923 Eum
1908 1884 2037 1940 ergo

466 1963 789 2035 patriarcha:
818 1964 1140 2019 adorabant.
1176 1962 1250 2017 De
1287 1963 1492 2027 angelis
1527 1979 1746 2035 quoque
1772 1964 2035 2033 scriptum

465 2065 570 2124 est,
598 2055 667 2110 Et
688 2057 908 2110 adorent
932 2072 1051 2110 eum
1080 2072 1255 2110 omnes
1281 2056 1451 2125 angeli
1481 2054 1578 2109 Dei
1606 2057 1649 2111 ".

536 2250 627 2306 41.
658 2251 813 2319 Quod
836 2253 904 2318 si,
941 2261 1002 2307 ut
1036 2252 1201 2308 etiam
1235 2253 1382 2308 canit
1413 2253 1581 2309 David
1640 2254 2039 2325 septuagesimo

466 2343 644 2414 primo
679 2344 921 2413 psalmo,
961 2343 1094 2398 Ante
1134 2343 1295 2398 solem
1334 2353 1605 2412 permanet
1648 2361 1832 2400 nomen
1885 2346 2036 2416 ejus,

465 2445 516 2490 et
548 2446 672 2489 ante
695 2434 876 2489 lunam
903 2436 956 2489 in
979 2437 1341 2507 generationes
1373 2437 1770 2507 generalionum
1793 2437 1816 2468 ⁸
1853 2453 1867 2491 :
1900 2452 2039 2506 quo-

466 2525 632 2580 tnodo
676 2526 884 2596 accepit
926 2526 1071 2596 quod
1105 2541 1320 2597 semper
1365 2528 1584 2590 habuit,
1620 2543 1684 2582 ac
1719 2528 2036 2598 priusquam

454 2630 615 2671 ’nunc
657 2616 788 2670 illud
834 2617 1009 2687 ipsum
1044 2618 1352 2688 acciperet?
1398 2617 1492 2673 Vel
1522 2620 1796 2689 quomodo
1834 2621 2040 2675 exalta-

468 2706 642 2769 turis,
658 2707 749 2773 qui
766 2716 1056 2775 antequam
1080 2708 1412 2763 exaltaretur
1432 2718 1548 2763 erat
1568 2708 1904 2764 altissinms?
1935 2710 2040 2764 Aut

470 2798 746 2866 quomodo
786 2798 972 2852 datum
1013 2807 1096 2855 est
1125 2800 1202 2853 illi
1228 2811 1285 2854 ut
1314 2803 1383 2854 ab
1413 2800 1535 2855 aliis
1571 2801 1913 2868 adoraretur,
1942 2802 2035 2870 qui

470 2886 632 2941 etiam
678 2894 968 2955 antequam
1001 2887 1147 2941 hunc
1191 2889 1448 2942 honorem
1490 2904 1635 2941 nunc
1672 2903 2037 2957 consequere-

476 2986 587 3041 tur,
612 2976 871 3031 adoratus
899 2992 1111 3047 semper
1139 2977 1256 3032 est?
1284 2976 1401 3031 Non
1424 2989 1506 3033 est
1526 2978 1778 3049 aenigma,
1803 2979 1895 3035 sed
1921 2995 2038 3051 my-

2138 1856 2206 1911 δὲ
2247 1856 2316 1910 ἐν
2349 1857 2590 1926 ὀνόματι
2618 1854 2842 1923 Κυρίου
2894 1851 3042 1906 Θεοῦ
3071 1846 3239 1918 ήμῶν
3257 1840 3705 1915 μεγιιλυνθησά

2130 1956 2283 2021 μεθα
2304 1967 2317 1980 ·
2357 1951 2450 2003 καὶ
2491 1948 2595 2002 ὑπὸ
2645 1948 2743 2018 μὲν
2770 1944 2878 1999 τῶν
2919 1939 3272 2014 πατριαρχῶν
3297 1936 3715 2010 προσεκυνείτο-

2138 2041 2265 2112 περὶ
2284 2041 2340 2094 δὲ
2372 2041 2480 2093 τῶν
2519 2039 2763 2109 ἀγγέλων
2793 2037 3123 2108 γέγραπταιο
3149 2030 3260 2086 Kal
3293 2023 3709 2098 προσκυνησά

2138 2148 2336 2187 τωσαν
2366 2131 2527 2198 αὺτῷ
2560 2130 2783 2195 πάντες
2811 2128 3051 2198 ἄγγελοι
3084 2123 3252 2178 Θεοῦ.

2207 2225 2294 2280 41.
2329 2226 2392 2279 Εἰ
2424 2226 2480 2278 δὲ
2505 2226 2598 2278 καὶ
2625 2224 2699 2287 ὡς
2728 2221 2917 2291 ψάλλει
2947 2216 3110 2272 Δαυῗδ
3136 2216 3248 2288 (42)
3278 2217 3335 2268 ὲν
3367 2211 3447 2284 τῷ
3477 2212 3716 2280 ἑϐδομη-

2137 2314 2316 2385 κοστῷ
2367 2311 2571 2385 πρώτῳ
2601 2311 2818 2382 ψαλμῷ·
2852 2308 2971 2376 Πρὸ
3000 2308 3107 2362 τοῦ
3156 2305 3332 2373 ἡλίου
3360 2299 3630 2371 διαμένει
3654 2297 3717 2350 τὸ

2139 2406 2327 2475 ὄνομα
2354 2403 2560 2468 αὐτοῦ,
2591 2404 2688 2457 καὶ
2714 2401 2827 2470 πρὸ
2860 2399 2969 2468 τῆς
2985 2397 3254 2463 σελήνης
3269 2397 3355 2459 είς
3371 2393 3482 2462 (45)
3507 2391 3718 2461 γενεὰς

2138 2496 2375 2568 γενεῶν·
2411 2496 2528 2560 πῶς
2559 2494 2864 2566 ἐλάμϐανεν
2896 2491 2924 2545 ὃ
2945 2487 3094 2561 εἶχεν
3125 2486 3338 2549 demeat
3372 2484 3500 2556 πρὶν
3528 2482 3720 2535 λαϐεῖν

2138 2588 2232 2644 νῦν
2259 2589 2424 2652 αὑτό;
2462 2589 2532 2641 Ἢ
2583 2586 2700 2651 πῶς
2745 2583 3006 2654 ὑψοῦται,
3047 2583 3075 2635 6
3112 2580 3206 2634 καὶ
3250 2578 3378 2648 πρὶν
3431 2574 3720 2644 ὑψωθῆναι

2140 2679 2362 2750 ὕψιστος
2393 2677 2506 2745 div;
2545 2679 2615 2731 Ἦ
2646 2680 2762 2741 πῶς
2793 2675 2948 2729 ἔλαϐε
2974 2676 3033 2729 τὸ
3072 2666 3515 2744 προσκυνεῖσθαι,
3547 2668 3575 2718 6
3602 2666 3721 2726 καὶ,

2140 2773 2270 2847 πρὶν
2310 2772 2465 2826 τοῦτο
2494 2771 2589 2825 νῦν
2630 2771 2848 2833 λαϐεῖν,
2890 2768 2976 2822 ἀεὶ
3022 2763 3543 2836 προσκυνούμενος;
3602 2761 3721 2812 Οὑκ

2139 2866 2285 2919 ἐστιν
2322 2867 2548 2936 αἴνιγμα
2580 2905 2595 2930 ,
2637 2862 2771 2917 ἀλλὰ
2836 2862 3132 2940 μυστήριον
3188 2857 3329 2910 θεῖον
3361 2872 3377 2887 ο
3422 2855 3520 2906 Ἐν
3561 2851 3722 2921 ἀρχῇ

2137 2953 2217 3029 ἦν
2268 2957 2374 3028 (44)
2421 2960 2454 3010 ό
2508 2958 2737 3025 Λόγος,
2804 2953 2903 3006 καὶ
2966 2953 2998 3005 ό
3047 2951 3238 3020 Λόγος
3280 2944 3360 3018 ἦν
3410 2944 3562 3013 πρὸς
3611 2942 3721 2997 τὸν

474 3066 698 3121 sterium
713 3067 955 3121 divinum
976 3086 986 3120 :
1006 3066 1067 3121 In
1082 3069 1343 3138 principio
1354 3079 1468 3122 erat
1492 3036 1792 3133 Verbiim,et
1816 3036 2037 3124 Verbunt

2143 3048 2310 3114 Θεὸν,
2353 3047 2452 3102 καὶ
2489 3046 2631 3113 Θεὸς
2658 3042 2735 3115 ἦν
2766 3048 2798 3098 ό
2831 3044 3022 3113 Λόγος
3045 3060 3057 3073 ·
3101 3041 3168 3094 δι’
3196 3041 3342 3111 ἡμᾶς
3376 3037 3435 3091 δὲ
3488 3036 3723 3107 ὕστερον

470 3167 586 3213 erat
611 3159 752 3228 apud
785 3157 945 3213 Deum
970 3200 984 3225 ,
1003 3170 1051 3214 et
1087 3159 1221 3213 Deus
1244 3170 1358 3214 erat
1389 3159 1609 3214 Verbum
1631 3163 1685 3228 9;
1714 3162 1860 3232 quod
1880 3162 2035 3227 idem

363 3319 367 3323 ν
478 3244 714 3304 Verbum
746 3261 931 3320 postea
968 3251 1139 3305 nostri
1196 3266 1361 3307 causa
1390 3267 1516 3306 caro
1556 3250 1761 3307 factum
1789 3261 1893 3308 est.
1927 3255 2038 3308 Ita-

471 3354 581 3411 que
637 3340 740 3395 ista
771 3341 957 3406 dictio,
1004 3340 1283 3407 exultavit,
1339 3358 1444 3396 non
1479 3343 1752 3412 signiﬁcat
1785 3350 2053 3400 naturam

472 3425 633 3486 Verbi
662 3430 955 3485 exaltatam
999 3429 1201 3499 fuisse;
1240 3448 1361 3486 nam
1400 3449 1617 3504 semper
1646 3443 1701 3489 et
1727 3434 1830 3489 fuit
1866 3446 1920 3490 et
1957 3446 2041 3492 est

472 3520 699 3590 aequalis
731 3520 839 3574 Deo
864 3538 877 3575 :
906 3520 997 3575 sed
1027 3520 1277 3575 humana:
1311 3530 1515 3576 natura:
1540 3523 1925 3578 exaltationem
1957 3525 2041 3578 in-

475 3611 639 3665 dicat.
705 3610 872 3680 Igitur
923 3611 1026 3664 ista
1064 3626 1170 3663 non
1221 3619 1347 3671 ante
1391 3611 1537 3665 dicta
1583 3618 1903 3681 suntquam
1947 3612 2039 3666 ubi

479 3699 714 3755 Verbum
746 3714 875 3754 caro
908 3698 1110 3754 factum
1140 3712 1246 3765 est,
1303 3711 1362 3754 ut
1390 3699 1614 3756 evidens
1641 3709 1788 3756 esset
1819 3701 1918 3755 has
1946 3716 2041 3755 vo-

474 3804 586 3855 ces,
616 3787 915 3842 humiliarit
947 3797 1001 3842 et
1030 3788 1308 3854 exultavit,
1341 3789 1408 3842 de
1439 3788 1556 3843 sola
1584 3788 1813 3859 intelligi
1842 3789 2039 3843 huma-

473 3881 662 3936 nitate.
711 3878 958 3949 Namque
994 3879 1048 3933 id
1096 3880 1270 3935 solum
1301 3879 1446 3948 quod
1497 3879 1704 3934 humile
1744 3889 1827 3934 est
1855 3879 2039 3934 extolli

476 3979 673 4042 potest.
709 3969 1050 4041 Quapropter
1093 3971 1139 4027 si
1172 3971 1242 4032 ob
1271 3980 1605 4038 assumptam
1653 3986 1871 4024 carnem
1908 3973 2040 4027 scri-

474 4070 627 4129 ptum
654 4068 757 4122 est,
787 4059 1104 4124 humiliavit,
1128 4060 1332 4115 clarum
1359 4072 1443 4113 est
1468 4074 1657 4114 vocem
1687 4060 1945 4115 exultavit
1976 4062 2043 4117 de

473 4150 662 4205 eadem
695 4165 817 4206 esse
845 4151 1272 4222 intelligendam.
1316 4150 1431 4206 Hoc
1457 4151 1603 4205 enim
1647 4150 1857 4207 honore
1899 4153 2043 4208 indi-

473 4243 633 4314 gebat
656 4242 840 4307 homo,
872 4258 1036 4297 carne
1068 4254 1121 4297 et
1143 4252 1319 4297 morte
1353 4242 1592 4297 humilis.
1621 4238 1889 4309 Quoniam
1913 4261 2043 4315 ergo

473 4331 566 4389 ille
601 4332 695 4402 qui
738 4330 914 4386 Patris
949 4333 1131 4401 imago
1181 4339 1237 4384 et
1273 4330 1581 4384 immortale
1610 4328 1849 4385 Verbum
1884 4343 2040 4396 erat,

2140 3132 2296 3204 οὗτος
2323 3142 2352 3194 6
2379 3139 2552 3207 Λόγος
2586 3137 2722 3209 σὰρξ
2748 3136 2962 3205 ἐγένετο
2992 3150 3006 3163 ·
3037 3134 3133 3187 καὶ
3174 3133 3235 3186 τὸ
3266 3131 3556 3202 λεγόμενον
3595 3126 3721 3191 νῦν,

2142 3231 2560 3298 ὑπερύψωσεν,
2595 3228 2655 3281 οὑ
2681 3227 2782 3299 τὴν
2823 3225 3011 3280 οὐσίαν
3058 3223 3153 3278 τοῦ
3184 3223 3355 3292 Λόγου
3404 3219 3724 3291 ὑψουμένην

2142 3321 2397 3392 σημαίνει
2420 3339 2434 3351 υ
2462 3316 2531 3392 ἦν
2557 3318 2666 3391 γὰρ
2689 3319 2775 3373 ἀεὶ
2816 3317 2909 3371 καὶ
2952 3315 3099 3369 ἔστιν
3141 3314 3233 3368 ἴσα
3272 3312 3392 3384 Θεῷ
3413 3307 3436 3343 ι’
3460 3311 3597 3364 ἀλλὰ
3624 3311 3722 3381 τῆς

2140 3411 2555 3485 ἀνθρωπότητός
2586 3413 2734 3465 ἐστιν
2768 3412 2801 3481 ἠ
2833 3409 3057 3479 ῦψωσις.
3089 3408 3162 3461 Οὑ
3195 3406 3322 3480 πρὶν
3345 3404 3476 3474 γοῦν
3498 3403 3721 3476 εἴρηται

2140 3505 2333 3566 ταῦτα,
2368 3505 2417 3557 εἰ
2466 3503 2540 3574 μὴ
2572 3504 2660 3557 ὅτε
2700 3502 2889 3572 γέγονε
2921 3499 3057 3572 σὰρξ
3090 3501 3117 3552 6
3158 3498 3349 3567 Λόγος,
3380 3497 3470 3551 ἴνα
3493 3494 3706 3565 γένητα

2140 3595 2392 3667 φανερὸν,
2408 3594 2581 3658 ὅτιτὸ,
2596 3593 3074 3657 ἐταπείνωσε,καὶ
3085 3592 3166 3657 τὸ,
3184 3588 3706 3659 ὑπερύψωσεν-(45)

2141 3689 2235 3742 ἐπὶ
2275 3686 2369 3740 τοῦ
2403 3685 2746 3759 ἀνθρωπίνου
2780 3684 3028 3753 λέγεται·
3072 3678 3134 3736 οὑ
3167 3682 3275 3754 γάρ
3301 3683 3416 3735 ἐστι
3440 3680 3500 3733 τὸ
3532 3697 3722 3733 ταπει-

2144 3778 2253 3837 νὸν.
2286 3777 2474 3830 τούτου
2509 3776 2605 3829 καὶ
2632 3775 2694 3828 τὸ
2726 3774 3007 3845 ὑψωθῆναι
3033 3773 3098 3828 ἂν
3135 3774 3223 3844 εἴη
3248 3790 3263 3804 ο
3292 3772 3387 3826 καὶ
3417 3772 3468 3823 εἰ
3492 3769 3582 3824 διὰ
3620 3772 3723 3841 τὴν

2144 3868 2443 3942 πρόσληψιν
2473 3868 2576 3939 τῆς
2604 3867 2805 3939 σαρκὸς
2836 3867 2917 3930 τὸ,
2959 3866 3347 3928 ἐταπείνωσε,
3385 3863 3724 3934 γέγραπται,

2139 3961 2297 4031 δῆλόν
2330 3963 2497 4024 ἐστιν,
2528 3960 2608 4012 ὅτι
2634 3960 2730 4013 καὶ
2756 3958 2836 4022 τὸ,
2876 3957 3257 4025 ὐπερύψωσε,
3291 3954 3356 4007 δι’
3389 3954 3561 4024 αὑτήν
3585 3954 3723 4005 ἐστι.

2143 4053 2348 4108 Τούτου
2391 4052 2500 4124 γὰρ
2533 4048 2601 4123 ἦν
2648 4051 2832 4121 ἐνδεὴς
2863 4051 2894 4103 6
2931 4050 3213 4121 ἄνθρωπος
3236 4045 3324 4100 διὰ
3358 4044 3421 4099 τὸ
3461 4045 3724 4097 ταπεινὸν

2141 4145 2243 4215 τῆς
2278 4145 2478 4217 σαρκὸς
2507 4145 2602 4197 καὶ
2634 4143 2728 4196 τοῦ
2756 4140 3176 4197 θανάτου.Ἐπεὶ
3204 4136 3296 4193 οὖν
3327 4136 3492 4191 εἰκὼν
3521 4136 3601 4191 ὣν
3633 4136 3724 4190 τοῦ

2144 4238 2379 4309 Πατρὸς,
2412 4238 2508 4292 καὶ
2549 4236 2815 4299 ἀθάνατος
2861 4234 2937 4288 ὣν
2961 4236 2989 4288 6
3021 4234 3189 4302 Λόγος
3222 4272 3237 4297 ,
3278 4231 3437 4285 ἔλαϐε
3478 4232 3584 4301 τὴν
3632 4229 3725 4285 τοῦ

2142 4329 2330 4384 δούλου
2369 4328 2579 4400 μορφὴν
2603 4368 2618 4393 ,
2666 4328 2760 4381 καὶ
2792 4327 3052 4397 ὑπέμεινε
3091 4326 3159 4378 δι’
3201 4325 3347 4396 ἡμᾶς
3396 4324 3473 4387 ὡς
3514 4322 3724 4395 ἄνθρω-

473 4424 616 4482 servi
651 4423 880 4478 formam
922 4422 1115 4485 induit,
1152 4437 1216 4476 ac
1244 4430 1469 4475 mortem
1501 4421 1555 4475 in
1601 4436 1699 4476 sua
1734 4437 1898 4477 carne
1924 4463 1939 4486 ,
1984 4432 2037 4478 ul

2153 4441 2251 4486 πος
2283 4421 2392 4491 (46)
2429 4425 2487 4475 ὲν
2521 4424 2586 4492 τῇ
2616 4420 2806 4474 ἑαυτοῦ
2840 4419 3004 4491 σαρκὶ
3033 4416 3121 4470 τόν
3150 4416 3376 4470 θάνατον
3396 4457 3411 4482 ,
3455 4416 3521 4469 ἵν’
3554 4414 3726 4478 οὕτως

473 4515 659 4582 homo,
687 4523 903 4585 propter
940 4529 1040 4570 nos
1077 4514 1348 4577 toleravit,
1380 4519 1441 4567 ut
1475 4511 1715 4582 seipsurn
1752 4512 1856 4569 hoc
1878 4524 2038 4583 pacto

2149 4515 2341 4569 ἑαυτὸν
2389 4515 2530 4586 ὑπὲρ
2557 4512 2713 4585 ἡμῶν
2739 4512 2829 4566 διὰ
2870 4511 2962 4564 τοῦ
3001 4509 3232 4563 θανάτου
3276 4508 3623 4579 προσενέγκῃ
3651 4508 3727 4578 τῷ

527 4722 550 4755 ⁸
583 4720 726 4776 Psal.
770 4734 866 4773 LIII
922 4719 971 4772 1.
1051 4719 1230 4772 οΡειιΙ.
1265 4733 1378 4783 xu,
1417 4716 1471 4771 8.
1545 4718 1565 4748 "
1595 4716 1726 4773 l-leb.
1782 4734 1796 4772 l
1850 4718 1913 4774 6:
1942 4717 2037 4773 Psa

2143 4731 2273 4781 ιενι,
2312 4714 2363 4768 7.
2440 4713 2463 4745 ⁸
2503 4711 2646 4768 Psal.
2689 4726 2837 4776 uxr,
2866 4708 2955 4775 17,
2983 4708 3039 4764 5.
3116 4709 3138 4741 ⁸
3163 4705 3322 4761 Joan.
3350 4722 3389 4771 ι,
3439 4747 3473 4761 ..

542 4875 783 4948 ('59)_Sic
817 4876 1042 4945 Seguer.
1062 4884 1128 4948 _et
1152 4874 1281 4945 Reg.
1317 4874 1501 4948 Alii_et
1525 4874 1794 4948 e_diti,_6_1:t
1824 4877 1918 4948 καὶ
1947 4875 2043 4928 τοῦ

469 4940 837 5016 ΘεοῦίμΡειιιιο
887 4940 1008 5015 post
1034 4940 1302 5016 ,Seguer"
1351 4943 1456 4997 ποῦ
1512 4940 1606 4998 οὖν
1649 4944 1831 4999 πλέον.
1881 4947 2040 5016 Reg.,

473 5020 591 5083 πῶς
614 5014 705 5073 οὖν
740 5014 909 5087 εἶχεν,
937 5014 1375 5087 οιηίεεο-πλεϊον.

545 5089 671 5159 (40),
697 5083 1093 5159 Gob'lerian._et
1118 5083 1261 5159 Felc.
1292 5085 1342 5151 1,
1364 5083 1615 5159 ὁμΛόγος,
1640 5084 1813 5159 ταῦτα
1832 5083 2045 5159 γέγρα-

545 5102 657 5159 (4υ)
697 5102 1014 5145 uomertan.
1039 5102 1093 5139 et
1120 5102 1261 5139 relc.
1292 5102 1342 5151 1,
1364 5102 1393 5137 ο
1413 5102 1615 5164 Λογος,
1640 5102 1813 5137 ταυτα
1837 5102 2045 5206 γεγρα-

474 5177 633 5233 πται.
657 5158 825 5233 Paulo
846 5168 977 5233 post
1014 5154 1370 5233 seguerian.,_
1397 5153 1484 5233 ἵνα
1509 5170 1681 5233 ,τουτο
1711 5153 1924 5233 ζητήσῃ
1982 5173 2047 5207 α-

473 5231 588 5285 ϐεῖν
614 5232 643 5284 6
673 5229 772 5298 τῆς
795 5223 1016 5298 χάριτος
1040 5223 1224 5298 δρτῄρ,
1257 5224 1485 5298 omissis
1509 5223 1866 5298 intermediis.

546 5247 588 5284 ιν
614 5247 643 5284 ο
673 5247 705 5283 τ
746 5247 772 5291 ς
832 5247 1016 5298 αριτος
1040 5247 1224 5297 οοτηρ,
1264 5247 1485 5278 υιιιιδδιδ
1509 5247 1866 5277 Illtcrlucuus.

546 5300 659 5371 (41)
697 5247 913 5354 ἇοῑῇεικ
955 5305 1037 5371 ιιιΔ
1056 5294 1201 5371 Felc.
1246 5294 1298 5371 i_,
1344 5284 1651 5371 χρη-οὖτοι
1706 5294 1764 5345 ὲν
1811 5293 2041 5371 ξξιρμιαςςιζ

472 5360 592 5425 Mox
620 5360 754 5423 mss.
785 5382 974 5423 omnes
1003 5363 1139 5419 Θεοῦ
1176 5364 1350 5436 ἡμῶν.
1386 5360 1564 5417 Editio
1591 5360 2043 5429 Commel.','eaoﬁ

473 5438 649 5511 ὑμῶν,
678 5438 955 5511 mendose.

546 5498 658 5576 (62')
695 5506 914 5563 Gobler.
950 5514 1004 5561 et
1044 5505 1190 5561 Felc.
1238 5505 1290 5570 1,
1335 5502 1555 5571 ἄγγελοι
1593 5498 1751 5553 Θεοῦ.
1788 5504 1898 5557 Καὶ
1938 5506 2043 5559 Δα-

476 5578 558 5632 υῒδ
587 5578 765 5648 λέγει’
793 5578 909 5648 Πρὸ
931 5576 1026 5648 τοῦ
1054 5577 1226 5648 ἡλίου.

549 5642 672 5717 (45)
703 5642 927 5715 δείξειεν.
962 5642 1095 5713 Reg.
1129 5646 1174 5701 G
1214 5645 1347 5700 t'er.
1385 5643 1529 5717 Felg.
1577 5644 1600 5697 1
1651 5651 1706 5697 et
1732 5642 1765 5695 5
1794 5644 2049 5717 omittunt

478 5714 566 5784 εἰς’
597 5728 723 5776 ante
750 5714 963 5787 γενεάς,
1000 5717 1090 5774 ubi
1133 5716 1357 5788 Seguer.
1385 5724 1438 5771 et
1466 5714 1623 5787 ch.,
1658 5714 1869 5782 γενεᾶς.
1914 5717 2044 5771 Ibid.

2148 4873 2393 4941 Seguer.
2415 4870 2545 4941 Reg.
2581 4867 2797 4941 Gobler.
2831 4868 2976 4924 Felc.
3010 4870 3062 4941 l_,
3098 4868 3216 4941 πῷς
3253 4867 3727 4941 negaueram

2150 4943 2203 5003 ξι,
2225 4935 2351 5004 Ῑπῶς
2373 4935 2551 4993 ἔλαϐε.
2586 4940 2690 4993 Alii
2723 4949 2777 4994 et
2804 4940 2955 5002 editi,
2984 4935 3211 5008 πῶςίοῦν
3231 4935 3526 5008 ἐλάμϐανε.
3558 4938 3731 4993 Paulo

2149 5022 2287 5082 post,
2312 5008 2716 5082 Segner.__l_leg.
2749 5007 3246 5082 Golder._ct_Fele.
3298 5007 3349 5076 1,
3389 5011 3418 5062 6
3463 5009 3560 5063 καὶ
3593 5012 3728 5082 πρὶν

2150 5078 2448 5152 ὑψωθῆναι.
2486 5078 2623 5134 Editi
2644 5080 2829 5152 etalii,
2853 5081 2882 5133 6
2912 5079 3042 5152 πρὶν
3066 5078 3361 5152 ὑψωθῆναι.

2221 5148 2624 5237 (AM—ﬁrmet“
2656 5148 3083 5237 ἁρχῇθξγὰρ
3110 5148 3197 5222 ἦν.
3239 5148 3360 5237 6qu
3396 5149 3565 5237 idem:
3588 5148 3724 5237 ’ϐο-

2150 5215 2285 5276 hler.
2311 5215 2365 5275 et
2397 5215 2536 5273 Felc.
2567 5218 2716 5291 i,_5t’
2744 5215 2981 5291 ήμᾶςξδὲ
3024 5215 3250 5290 ὕστερον
3275 5215 3439 5291 οὗτος,
3464 5220 3494 5271 ὁ
3526 5220 3725 5291 Λόγος.

2151 5292 2308 5363 Βρεη
2339 5291 2405 5343 δι’
2418 5291 2580 5363 μὴμᾶς
2618 5284 2841 5363 ὓστερον
2865 5284 3018 5353 οὗτος
3057 5292 3086 5343 6
3111 5284 3305 5359 Λόγος.
3338 5289 3446 5343 Alii
3474 5298 3527 5344 et
3568 5284 3727 5355 editi,

2149 5362 2215 5415 δι’
2237 5359 2390 5459 ῆρᾶς
2416 5359 2637 5432 ὕστερον
2666 5361 2693 5412 6
2718 5361 2909 5426 Λόγος.

2224 5433 2270 5459 ιι
2293 5435 2332 5459 -“ι
2374 5429 2577 5459 ειη-..ιι-
2632 5429 2830 5459 (Talnam.
2877 5444 2906 5459 Α

2224 5428 2332 5503 (£3)
2350 5502 2355 5503 γ
2374 5428 2597 5503 Seguer.
2632 5429 2861 5503 prter._
2876 5438 2929 5484 et
2956 5428 3158 5503 Felcnl
3172 5470 3188 5503 _.
3218 5428 3610 5503 natﬁnspdqm

2152 5498 2285 5557 lbiil.
2318 5498 2541 5556 'Gobler.
2577 5511 2631 5555 et
2668 5499 2813 5554 Felc.
2842 5499 2892 5563 1,
2927 5501 3021 5553 ἐπὶ
3039 5499 3132 5553 τοῦ
3160 5498 3469 5568 ἀνθρώπου.

2226 5573 2337 5643 (46)
2380 5570 2472 5643 Sic
2507 5570 2731 5643 Seguer.
2775 5568 2904 5643 Reg.
2948 5570 3103 5643 Gobl.
3139 5569 3346 5643 Anglic.
3407 5577 3462 5624 et
3494 5568 3644 5628 Felc.
3676 5571 3725 5625 1.

2154 5639 2324 5699 Λιίώ
2360 5641 2482 5697 aliis
2513 5650 2565 5696 et
2590 5639 2756 5696 editis
2785 5640 2935 5697 abest
2968 5640 3042 5702 ὡς
3071 5640 3373 5709 ἄνθρωπος.

3613 5447 3726 5484 σεν.
