3850 6218
144 310 210 365 97
1271 314 1528 372 ORATIO
1568 315 1588 369 l
1626 310 1906 372 CONTRA
1941 317 2267 374 ARIANOS.
3324 326 3394 381 98

143 425 320 495 Πατρι
341 440 356 455 ο
386 423 476 478 διὰ
489 423 650 477 τοῦτο
672 424 768 479 καὶ
796 424 871 488 ὡς
902 424 1186 496 ἄνθρωπος
1207 426 1272 481 δι’
1295 429 1442 500 ἡμᾶς
1462 430 1554 483 καὶ
1577 430 1705 501 ὑπὲρ

1820 444 1919 499 pro
1945 431 2104 486 nobis
2137 430 2282 486 Patri
2314 447 2411 501 per
2446 440 2674 486 mortem
2707 431 2926 489 oﬂ‘erret
2956 453 2970 490 :
3002 434 3130 490 hinc
3151 423 3390 518 quoque,

136 514 292 585 ἡμῶν
321 514 543 583 λέγεται
576 513 982 587 ὑπερυψοῦσθαι
1021 517 1154 587 (47),
1195 518 1261 571 ἵν’
1289 518 1478 591 ὥσπερ
1507 520 1586 592 τῷ
1617 518 1715 573 θα-

135 606 279 673 νάτῳ
300 603 468 656 αὑτοῦ
500 604 700 667 πάντες
716 605 874 674 ἡμεῖς
899 603 1244 676 ἀπεθάνομεν
1267 607 1378 680 (48)
1397 610 1456 662 ὲν
1470 607 1712 680 Χριστῷ,

133 697 261 751 οὖτιο
280 738 303 763 ,
337 700 397 751 ὲν
423 697 573 767 αὐτῷ
600 696 678 768 τῷ
705 698 925 770 Χριστῷ
967 698 1127 753 πάλιν
1148 702 1307 771 ἡμεῖς
1341 701 1713 773 ὑπερύψωθῶ-

136 808 253 861 μεν,
282 789 351 843 ἐκ
373 806 434 842 τε
459 789 568 844 τῶν
596 790 805 863 νεκρῶν
830 791 1188 863 ἐγειρόμενοι,
1221 794 1314 846 καὶ
1342 795 1423 856 είς
1453 795 1715 866 οὐρανοὺς

132 881 509 953 ἀνερχόμενοι,
527 880 673 936 ἔνθα
692 881 1028 952 πρόδρομος
1056 882 1209 951 ὑπὲρ
1231 882 1402 952 ἡμῶν
1427 883 1715 952 εἰσῆλθεν

146 971 399 1039 Ἰησοῦς,
446 973 560 1025 οὐκ
611 974 698 1038 εις
731 973 1028 1027 ἀντίτυπα
1061 971 1181 1028 τῶν
1223 974 1543 1043 ἀληθινῶν,
1575 976 1713 1031 ἀλλ’

130 1065 217 1128 εὶς
267 1062 461 1116 αὐτὸν
518 1063 629 1116 τὸν
672 1064 933 1131 οὐρανὸν
975 1065 1095 1119 νῦν
1138 1065 1581 1134 ἐμφανισθῆναι
1632 1066 1714 1133 τῷ

132 1154 433 1223 προσώπῳ
477 1156 585 1210 τοῦ
636 1155 783 1210 Θεοῦ
815 1155 968 1225 ὑπὲρ
1012 1155 1201 1226 ἡμῶν.
1256 1156 1321 1211 El
1353 1158 1409 1211 δὲ
1439 1158 1535 1214 νῦν
1568 1160 1710 1231 ὑπὲρ

131 1244 287 1313 ἡμῶν
322 1248 405 1308 εἰς
429 1245 593 1300 αὑτὸν
618 1246 709 1300 τὸν
737 1247 962 1318 οὐρανὸν
995 1248 1242 1319 εἰσῆλθεν
1262 1249 1559 1320 ὁΧριστὸς,
1592 1251 1713 1304 καί-

130 1355 210 1390 τοι
261 1337 362 1391 καὶ
400 1339 507 1408 πρὸ
537 1338 727 1391 τούτου
761 1339 852 1391 καὶ
882 1339 966 1393 ἀεὶ
990 1339 1193 1411 Κύριος
1223 1339 1299 1393 ὢν
1331 1342 1422 1402 καὶ
1450 1340 1711 1413 δημιουρ-

130 1429 225 1496 γὸς
254 1429 369 1503 (49)
402 1430 511 1483 τῶν
545 1426 792 1501 οὐρανῶν
814 1449 827 1462 ·
865 1430 1005 1501 ὑπὲρ
1035 1430 1192 1501 ἡμῶν
1221 1431 1328 1503 ἄρα
1353 1431 1446 1485 καὶ
1473 1431 1533 1485 τὸ
1563 1431 1709 1500 ὑψω-

130 1521 289 1591 θῆναι
310 1522 407 1574 νῦν
434 1522 760 1593 γέγραπται.
794 1523 904 1576 Καὶ
932 1521 1120 1595 ὥσπερ
1137 1523 1298 1586 αὐτὸς
1321 1524 1529 1587 πάντας
1551 1525 1709 1593 ἁγιά-

129 1613 263 1677 ζων,
287 1613 435 1681 λέγει
467 1613 628 1667 πάλιν
657 1613 737 1684 τῷ
766 1614 942 1686 Πατρὶ
972 1615 1162 1668 ἑαυτὸν
1196 1615 1336 1686 ὑπὲρ
1368 1617 1400 1685 ἡ
1411 1614 1525 1685 μῶν
1549 1616 1708 1684 ἅγιά-

129 1704 266 1768 ζειν,
298 1705 396 1774 οὐχ
424 1705 510 1758 ἵνα
540 1705 696 1774 ἆγιος
726 1709 754 1758 ό
797 1706 969 1775 Λόγος
1009 1706 1253 1777 γένηται,
1282 1706 1397 1759 ἀλλ’
1428 1707 1514 1760 ἵνα
1546 1707 1707 1771 αὐτὸς

128 1797 188 1849 ἐν
216 1795 397 1867 ἐαυτῷ
427 1797 632 1869 ἁγιάσῃ
657 1796 865 1859 πάντας
892 1798 1058 1867 ἡμᾶς’
1083 1776 1256 1860 οὕτως
1288 1796 1395 1867 ἄρα
1417 1797 1511 1849 καὶ
1535 1797 1595 1849 τὸ
1613 1797 1707 1851 νῦν
1742 1776 1780 1830 Β

125 1887 443 1959 λεγόμενον,
477 1889 881 1955 ὑπερύψωσεν
904 1887 1110 1950 αὑτὸν,
1145 1887 1242 1957 οὐχ
1273 1887 1359 1939 ἵνα
1384 1886 1544 1950 αὐτὸς
1566 1886 1712 1956 ὑψω-

126 1980 230 2052 θῇ·
281 1980 503 2048 ὕψιστος
548 1980 659 2052 γάρ
701 1983 846 2033 ἐστιν
877 1997 891 2011 ·
937 1979 1167 2033 ἀλλ’ἵνα
1214 1979 1373 2043 αὐτὸς
1435 1979 1533 2047 μὲν
1570 1979 1712 2052 ὑπὲρ

123 2071 287 2142 ἡμῶν
326 2071 638 2142 δικαιοσύνη
682 2070 907 2167 πένηται
931 2110 945 2130 ,
983 2059 1142 2140 ἡμεῖς
1182 2068 1241 2122 δὲ
1297 2067 1601 2138 ὑψωθῶμεν
1653 2070 1712 2121 ἐν

123 2161 280 2233 αὐτῷ
311 2161 448 2233 (50),
485 2162 580 2217 καὶ
609 2159 819 2226 εἰς’τὰς
851 2160 1026 2225 πύλας
1056 2159 1387 2231 εἰσέλθωμεν
1413 2159 1521 2214 τῶν
1546 2160 1604 2213 οὐ
1616 2176 1710 2232 ρα-

124 2255 258 2320 νῶν,
287 2255 357 2323 ἃς
399 2254 561 2319 αὐτὸς
600 2253 766 2308 πάλιν
798 2254 937 2322 ὑπὲρ
985 2251 1142 2325 ἡμῶν
1183 2251 1409 2323 ἀνέῳξε,
1442 2250 1710 2321 λεγόντων

120 2347 235 2402 τῷν
266 2347 671 2419 προτρεχόντων
690 2364 703 2376 ’
742 2348 955 2415 ’ᾼρατε
1004 2347 1236 2410 πύλας,
1296 2346 1349 2397 οἱ
1402 2342 1708 2412 ᾶρχοντες,

121 2436 317 2508 ὑμῶν,
349 2441 445 2493 καὶ
467 2438 780 2507 ὲπάρθητε,
820 2438 1005 2492 πύλαι
1034 2435 1277 2499 αἱώνιοι,
1305 2434 1404 2489 καὶ
1445 2436 1709 2489 εἰσελεύ-

122 2542 297 2579 σεται
347 2529 383 2579 ό
416 2526 720 2592 βασιλεὺς
766 2524 877 2593 τῆς
927 2524 1131 2593 δόξης.
1183 2525 1293 2577 Καὶ
1335 2518 1437 2577 ὧδε
1467 2523 1576 2596 γὰρ
1607 2524 1710 2577 οὐκ

122 2614 277 2685 αὐτῷ
302 2611 443 2687 ἦσαν
471 2617 528 2670 ai
559 2615 725 2669 πύλαι
763 2616 1141 2686 κεκλεισμέναι
1169 2615 1358 2687 Κυρίῳ
1378 2616 1477 2669 καὶ
1508 2617 1704 2688 ποιητῇ

121 2705 237 2759 τῶν
271 2707 492 2760 πάντων
537 2705 672 2771 ὄντι,
703 2706 839 2760 ἀλλὰ
868 2706 934 2760 δι’
967 2707 1116 2778 ἡμᾶς
1165 2705 1261 2759 καὶ
1307 2704 1468 2758 τοῦτο
1504 2705 1708 2776 γέγρα-

120 2814 284 2864 πται,
328 2792 412 2862 οἷς
446 2794 515 2869 ἦν
548 2800 582 2870 ή
628 2798 767 2870 θύρα
809 2792 1170 2869 κεκλεισμένη
1212 2797 1309 2851 τοῦ
1353 2797 1703 2868 παραδείσου.

122 2887 218 2940 Διὸ
251 2890 347 2941 καὶ
364 2890 719 2960 ἀνθρωπίνως
746 2888 865 2960 μὲν,
882 2889 947 2942 δι’
979 2891 1043 2960 ἢν
1069 2889 1249 2961 ἐφόρει
1278 2888 1706 2959 σάρκα,λέγεται

121 2982 256 3053 περὶ
282 2981 448 3034 αὑτοῦ
492 2981 603 3053 (51)
642 2981 727 3045 τὸ,
779 2983 1000 3052 ’ᾼρατε
1032 2981 1261 3046 πύλας·
1312 2980 1405 3034 καὶ
1435 2981 1495 3032 τὸ
1515 3020 1529 3043 ,
1560 2982 1704 3033 Εἰσ-

115 3074 475 3135 ελεύσεται,
521 3072 597 3136 ὡς
638 3072 926 3141 ἀνθρώπου
960 3070 1340 3142 εἰσερχομένου
1364 3085 1379 3099 ⁸
1407 3067 1601 3133 θεῖκῶς
1647 3070 1704 3122 δὲ

119 3161 292 3216 πάλιν
336 3161 467 3234 περὶ
518 3161 683 3216 αὑτοῦ
732 3162 979 3231 λέγεται,
1023 3161 1210 3232 ἐπειδὴ
1255 3162 1348 3215 καὶ
1399 3160 1531 3225 Θεός
1587 3160 1700 3233 (52)
1730 3141 1774 3199 C

114 3256 275 3307 ἐστιν
306 3254 336 3305 ὁ
367 3253 560 3321 Λόγος,
595 3253 678 3306 ὅτι
702 3246 856 3316 οὗτός
883 3255 1030 3305 ἐστιν
1068 3255 1097 3305 ὁ
1144 3252 1347 3324 Κύριος
1367 3254 1460 3306 καὶ
1491 3255 1519 3305 ὁ
1546 3251 1702 3324 βασι-

114 3344 247 3407 λεὺς
289 3344 391 3415 τῆς
421 3343 597 3414 δόξης.
634 3344 745 3416 Τὴν
790 3342 847 3396 δὲ
877 3343 1131 3413 τοιαύτην
1174 3345 1253 3408 είς
1302 3345 1449 3415 ἡμᾶς
1480 3344 1704 3415 γενομέ-

113 3454 218 3507 νην
248 3435 459 3506 ὕψωσιν
500 3435 872 3507 προανεφώνει
909 3436 970 3489 τὸ
1015 3435 1237 3505 Πνεῦμα
1277 3437 1335 3489 ὲν
1367 3434 1703 3508 ὀγδοηκοστῷ

114 3528 294 3599 ὀγδόῳ
344 3526 546 3599 ψαλμῷ
597 3527 752 3597 λέγον
780 3544 792 3556 ·
819 3527 928 3582 Καὶ
967 3528 1036 3580 ἐν
1065 3527 1139 3597 τῇ
1184 3528 1538 3597 δικαιοσύνῃ
1586 3546 1703 3584 σου

112 3617 569 3687 ὐψωθήσονται,
594 3617 683 3671 ὅτι
714 3617 781 3671 τὸ
949 3619 1229 3688 καύχημα
1254 3617 1362 3687 τῆς
1394 3618 1701 3690 δυνάμεως

1822 529 1883 575 ut
1912 520 2098 586 homo,
2127 529 2349 591 propter
2374 536 2476 575 nos
2501 529 2555 574 et
2584 536 2684 590 pro
2715 522 2872 576 nobis
2905 522 3107 577 dicitur
3136 523 3393 590 exaltari,

1818 620 1878 666 ut
1926 613 2387 682 quemadmodum
2442 612 2560 682 ejus
2614 622 2789 667 morte
2829 628 3021 668 omnes
3067 614 3122 669 in
3172 615 3393 671 Christo

1816 702 2017 758 mortui
2073 718 2297 770 sumus;
2344 703 2417 757 ita
2468 703 2523 757 in
2564 703 2682 772 ipso
2714 702 2934 758 Christo
2969 720 3161 760 rursus
3185 706 3392 760 exalta-

1813 809 2028 864 remur.,
2075 809 2198 848 cum
2240 795 2498 849 nimirum
2548 809 2579 849 a
2609 795 2843 850 mortuis
2876 796 3099 850 excitati
3136 797 3190 850 in
3221 798 3391 852 caelos

1813 884 2190 949 ascendemus,
2223 900 2324 955 quo
2357 899 2656 952 prazcurscr
2696 900 2791 952 pro
2831 884 2980 938 nobis
3025 886 3263 939 introivit
3296 884 3389 938 Je-

1813 991 1902 1028 stts
1932 991 1951 1028 :
1981 990 2083 1028 non
2111 976 2249 1029 enim
2280 976 2337 1028 in
2361 974 2687 1043 exemplaria
2712 990 2975 1037 verorum,
3008 976 3098 1030 sed
3130 976 3185 1028 in
3212 975 3387 1044 ipsum

1812 1064 2020 1130 caelum,
2053 1074 2111 1117 ut
2140 1075 2393 1134 appareat
2423 1080 2561 1117 nunc
2590 1064 2766 1117 vultus
2802 1062 2901 1116 Dei
2929 1080 3024 1133 pro
3059 1064 3207 1117 nobis
3232 1064 3296 1119 ¹⁰.
3328 1061 3389 1119 Si

1811 1169 1977 1224 porro
2022 1170 2171 1211 nunc
2202 1170 2304 1226 pro
2346 1155 2506 1210 nobis
2541 1155 2594 1208 in
2638 1155 2817 1225 ipsum
2866 1155 3066 1209 caelum
3108 1157 3390 1226 ingressus

1813 1258 1897 1301 est
1939 1245 2212 1312 Christus,
2260 1247 2510 1317 quamvis
2542 1246 2710 1299 etiam
2746 1254 2904 1300 antea
2936 1254 2991 1299 et
3022 1262 3238 1315 semper
3275 1247 3387 1302 Do-

1812 1338 2079 1417 minuset
2109 1337 2286 1408 opifex
2329 1348 2474 1394 esset
2510 1339 2774 1393 castorum
2824 1356 2837 1391 :
2873 1338 3037 1408 igitur
3068 1353 3216 1393 nunc
3252 1354 3390 1408 quo-

1811 1447 1918 1501 que
1960 1447 2085 1485 eum
2120 1447 2219 1501 pro
2262 1432 2421 1486 nobis
2458 1431 2686 1485 exaltari
2723 1430 2989 1500 scriptum
3023 1438 3126 1484 est.
3161 1427 3390 1500 Insuper

1810 1521 2271 1589 quemadmodum
2298 1520 2414 1589 ipse
2437 1523 2530 1589 qui
2577 1536 2768 1575 omnes
2794 1520 3118 1587 sanctiﬁcat,
3149 1521 3387 1593 seipsum

1810 1625 1910 1679 pro
1937 1610 2095 1664 nobis
2120 1607 2268 1664 Patri
2299 1611 2644 1666 sanctilicare
2671 1610 2826 1675 dicit,
2865 1625 2974 1664 non
3010 1626 3142 1666 sane
3175 1621 3235 1666 ut
3261 1611 3390 1667 Ver-

1810 1700 1939 1754 bum
1967 1708 2218 1754 sauctum
2240 1697 2352 1766 ﬁat,
2378 1700 2471 1753 sed
2513 1711 2572 1753 ut
2602 1701 2715 1769 ipse
2748 1701 2799 1753 in
2845 1701 3027 1770 seipso
3066 1716 3167 1758 nos
3195 1716 3390 1759 omnes

1812 1799 2033 1846 sanctos
2093 1791 2284 1845 reddat
2337 1808 2350 1844 :
2394 1790 2469 1844 ita
2515 1793 2725 1860 pariter
2766 1792 2853 1847 his
2882 1793 3083 1860 verbis,
3127 1793 3386 1848 exultavit

1813 1898 1954 1947 eum,
1993 1896 2103 1936 non
2140 1882 2549 1953 intelligendum
2589 1893 2673 1938 est
2710 1898 2836 1953 eum
2864 1884 3094 1938 exaltari
3125 1883 3273 1954 (nam
3307 1886 3387 1938 al-

1813 1973 2058 2028 tissimus
2085 1973 2210 2044 est),
2238 1975 2331 2028 sed
2360 1975 2407 2028 is
2435 1983 2518 2029 est
2545 1990 2763 2043 sensus,
2790 1984 2850 2031 ut
2878 1976 3130 2031 videlicet
3155 1978 3248 2032 ille
3272 1978 3387 2048 qui-

1811 2064 1933 2118 dem
1983 2080 2082 2135 pro
2130 2066 2291 2120 nobis
2317 2065 2532 2136 justitia
2578 2067 2749 2131 ﬂeret,
2799 2082 2903 2123 nos
2945 2078 3127 2123 autem
3175 2069 3228 2122 in
3268 2069 3387 2139 ipso

1810 2154 2167 2209 exaltaremut
2200 2195 2216 2219 ,
2270 2165 2324 2209 et
2373 2157 2637 2211 etnlorum
2692 2158 3106 2229 ingrederemur
3147 2159 3382 2230 januas,

1811 2260 1950 2315 quas
1984 2244 2102 2315 ipse
2132 2262 2324 2302 rursus
2363 2264 2459 2318 pro
2487 2249 2644 2304 nobis
2672 2251 2905 2319 aperuit,
2946 2249 3254 2304 dicentibus
3297 2250 3386 2307 bis

1809 2337 1902 2407 qui
1929 2339 2338 2408 pmcurrebant
2362 2358 2375 2394 :
2412 2339 2603 2394 Tollite
2627 2351 2832 2412 portas,
2852 2343 3136 2412 principes,
3157 2354 3380 2408 vestras,

1809 2437 1859 2481 et
1886 2427 2189 2497 elevamini,
2211 2441 2378 2499 portae
2401 2441 2633 2495 wterme,
2651 2443 2700 2486 et
2727 2432 2964 2487 introibit
2988 2449 3079 2486 rea:
3102 2433 3291 2505 gloria:
3314 2436 3381 2489 ¹¹.

1810 2517 2090 2589 Siquidem
2146 2537 2255 2577 non
2304 2523 2393 2577 hic
2441 2524 2853 2593 intelligendum
2909 2534 3013 2589 est,
3070 2526 3287 2581 clausas
3330 2527 3382 2581 ei

1806 2609 1978 2667 fuisse
2018 2622 2222 2682 portas,
2249 2615 2341 2684 qui
2365 2616 2608 2669 omnium
2635 2614 2897 2671 Dominus
2919 2625 2973 2672 et
2999 2616 3220 2672 eﬂ‘ector
3241 2623 3380 2671 erat.

1808 2701 2009 2777 Verum
2051 2704 2105 2758 id
2146 2705 2310 2760 etiam
2367 2717 2591 2778 propter
2620 2722 2722 2763 nos
2770 2709 3031 2778 scriptum
3059 2716 3161 2776 est,
3184 2709 3384 2781 quibus

1805 2795 1966 2867 352
2014 2798 2252 2867 paradisi
2293 2798 2462 2869 jauua
2498 2808 2617 2855 erat
2652 2800 2894 2856 occlusa.
2931 2800 3089 2857 Unde
3140 2801 3384 2871 humano

1806 2903 1978 2955 more,
2008 2899 2227 2959 pr0pter
2243 2906 2463 2946 carnem
2482 2908 2644 2962 quam
2668 2895 2916 2964 gestabat
2941 2895 3008 2951 de
3031 2896 3125 2950 illo
3146 2895 3378 2953 dicitur:

1811 2977 2001 3034 I‘ollite
2044 2991 2225 3051 portas
2265 2999 2285 3037 :
2313 2993 2398 3050 et,
2436 2982 2719 3051 Introibit,
2753 2986 2903 3041 velut
2950 3003 3145 3059 nempe
3161 2988 3383 3044 homine

1804 3068 2134 3126 introeunte.
2163 3069 2376 3127 Rursus
2406 3088 2536 3128 vero
2569 3075 2697 3145 quia
2734 3072 2968 3131 Verbum
3006 3075 3152 3132 Deus
3182 3087 3287 3143 est,
3314 3079 3383 3134 de

1806 3164 1995 3218 eodem
2015 3162 2196 3220 divine
2223 3165 2422 3220 dicitur
2441 3164 2730 3222 Dominum
2762 3182 2887 3223 eum
2914 3178 2969 3224 et
2986 3185 3164 3240 regem
3197 3170 3383 3241 gloriae

1806 3270 1947 3311 esse.
1991 3254 2145 3311 Hanc
2193 3267 2373 3313 autem
2420 3270 2664 3313 nostram
2711 3262 3096 3316 exaltationem
3147 3261 3382 3332 Spiritus

1808 3360 2031 3402 sanctus
2059 3349 2269 3417 psalmo
2300 3351 2633 3417 octogesimo
2667 3360 2859 3406 octavo
2908 3352 2993 3407 bis
3026 3352 3209 3407 verbis
3241 3369 3380 3423 prae-

1807 3438 1958 3504 dicit,
1980 3438 2047 3493 Et
2066 3441 2120 3493 in
2134 3442 2351 3509 justitia
2379 3455 2470 3495 tua
2486 3442 2887 3506 exaltabuutar,
2910 3446 3160 3514 quoniam
3207 3444 3380 3515 gloria

1806 3532 2021 3587 virtutis
2048 3549 2225 3586 eorum
2283 3543 2341 3587 tu
2369 3551 2423 3588 es
2449 3533 2513 3589 η.
2558 3533 2615 3588 Si
2646 3549 2811 3603 porro
2838 3534 3009 3590 Filius
3021 3536 3230 3606 justitia
3250 3546 3334 3591 est
3361 3576 3378 3600 ,

1805 3636 1912 3676 non
1927 3638 2057 3693 ergo
2089 3624 2177 3679 ille
2204 3625 2534 3680 exaltatione
2557 3640 2691 3694 opus
2718 3625 2901 3689 habet,
2932 3625 3026 3682 sed
3066 3642 3165 3682 nos
3187 3643 3380 3685 sumus

113 3705 324 3760 αὐτῶν
350 3702 415 3760 εἴ
438 3708 541 3761 σύ.
579 3707 642 3759 El
683 3707 741 3760 δὲ
779 3706 1088 3777 δικαιοσύνη
1131 3708 1277 3759 ἐστὶν
1319 3708 1348 3759 ὀ
1397 3706 1545 3772 Υἱὸς,
1594 3708 1694 3761 οὐκ

1811 3712 1892 3780 qui
1926 3711 1980 3765 in
2005 3712 2214 3782 justitia
2245 3714 2572 3782 exaltamur,
2600 3730 2722 3784 qua:
2747 3730 2938 3784 nempe
2973 3716 3089 3785 ipse
3112 3727 3214 3772 est.

114 3801 228 3870 ἄρα
275 3798 442 3863 αὐτός
493 3801 640 3853 ἐστιν
689 3798 765 3864 ὼς
820 3799 931 3871 (54)
980 3798 1164 3869 ἐνδεὴς
1215 3796 1534 3870 ὑψούμενος,
1583 3800 1696 3853 ἀλλ’
1735 3800 1894 3872 ἡμεῖς
1943 3804 2111 3875 ἐσμεν
2157 3807 2207 3859 oi
2259 3806 2317 3859 ὲν
2366 3808 2434 3878 τῇ
2484 3804 2805 3880 δικαιοσύνῃ
2872 3805 3189 3879 ύψούμενοι,
3257 3809 3380 3873 ’ἥτις

118 3893 274 3945 ἐστὶν
300 3891 484 3954 αύτός.
1128 3923 1140 3935 -

185 3983 284 4037 42.
312 3983 425 4035 Καὶ
448 3981 559 4053 γὰρ
588 3980 774 4046 καὶτὸ,
805 3980 1129 4050 ἐχαρίσατο
1166 3980 1346 4047 αὐτῷ,
1373 3980 1431 4034 ού
1454 3981 1521 4034 δι’
1542 3980 1701 4036 αὐτὸν

119 4074 213 4127 τὸν
259 4073 437 4142 Λόγον
483 4072 827 4144 γέγραπται-
876 4068 940 4145 ἦν
972 4072 1083 4145 γὰρ
1115 4073 1298 4139 πάλιν,
1338 4073 1433 4127 καὶ
1464 4074 1590 4145 πρὶν
1610 4073 1703 4127 άν-

115 4166 343 4238 θρωπος
354 4164 601 4234 γένηται,
615 4163 1106 4234 προσκυνούμενος,
1127 4162 1275 4217 ὥσπε
1283 4180 1315 4235 ρ
1336 4163 1700 4237 είπομεν(55),

117 4256 229 4310 ὑπό
251 4272 313 4308 τε
343 4254 452 4308 τῶν
494 4255 740 4323 ἀγγέλων
779 4256 874 4309 καὶ
908 4256 1089 4327 πάσης
1137 4254 1237 4325 τῆς
1276 4255 1528 4320 κτίσεως,
1558 4256 1702 4310 κατὰ

113 4349 219 4419 τὴν
269 4347 544 4419 πατρικὴν
605 4346 841 4417 ἰδιότητα
873 4363 886 4376 ·
934 4345 1071 4400 ἀλλὰ
1110 4345 1177 4400 δι’
1227 4347 1375 4416 ἡμᾶς
1409 4347 1503 4399 καὶ
1563 4347 1702 4417 ὑπὲρ

115 4439 282 4511 ἡμῶν
312 4439 471 4493 τοῦτο
503 4439 664 4494 πάλιν
684 4440 810 4510 περὶ
829 4437 993 4491 αὐτοῦ
1018 4438 1325 4509 γέγραπται
1344 4438 1475 4511 (56).
1494 4439 1705 4512 Ὠσπερ

1876 3982 1967 4036 42.
2015 3978 2110 4035 llla
2142 3979 2394 4035 similiter
2418 3980 2605 4049 verba,
2638 3979 2852 4036 donavit
2880 3978 2985 4046 illi,
3017 3994 3125 4033 non
3158 3986 3381 4050 propter

1806 4074 1985 4145 ipsum
2022 4071 2258 4128 Verbum
2303 4072 2679 4142 scriptasunt.
2711 4070 2848 4127 Nam
2885 4081 3177 4143 antequam
3214 4072 3380 4128 homo

1806 4166 1980 4232 tierct,
2016 4164 2083 4219 ab
2115 4164 2324 4235 angelis
2369 4164 2439 4219 ab
2463 4163 2826 4234 omnibusque
2860 4163 3024 4218 rebus
3051 4163 3252 4220 creatis
3293 4180 3380 4220 se-

1808 4254 2048 4309 cundum
2100 4264 2385 4325 paternam
2449 4242 2839 4326 proprietatem
2889 4256 3239 4322 adorabatur,
3298 4258 3375 4312 uti

1808 4345 2069 4400 diximus.
2117 4343 2320 4400 Verum
2372 4345 2504 4400 illud
2536 4348 2603 4400 de
2650 4347 2742 4399 illo
2775 4357 2995 4416 propter
3045 4362 3146 4404 nos
3189 4356 3245 4402 et
3277 4362 3379 4418 pro

1811 4438 1970 4493 nobis
2022 4437 2228 4492 dictum
2272 4445 2376 4493 est.
2426 4437 2898 4505 Quemadmodum
2931 4438 3075 4494 enim
3114 4448 3173 4494 ut
3212 4439 3378 4494 homo

230 4553 278 4585 ¹⁰
306 4550 471 4609 Hebr.
503 4568 578 4620 Vl,
612 4552 714 4620 20;
748 4569 826 4616 ιι,
854 4552 944 4606 24.
1022 4552 1067 4583 ¹¹
1099 4551 1246 4606 Psal.
1272 4567 1430 4616 χχιιι,
1468 4551 1519 4605 7.
1604 4554 1646 4583 ¹²
1671 4552 1705 4607 P

1811 4593 1816 4605 .
1842 4567 2109 4616 Lxxmu,
2136 4550 2225 4605 l7.

190 4685 311 4757 (47)
353 4685 605 4752 Seguer.,
637 4684 856 4757 λέγεται
886 4681 1313 4757 ὑπερυψοῦσθαι.
1339 4683 1482 4740 Editi
1510 4692 1565 4739 et
1589 4686 1702 4753 alii,

1811 4685 2024 4757 Gobler.
2074 4684 2222 4757 Fele.
2271 4686 2323 4752 i,
2361 4685 2657 4757 γενομένην
2686 4684 2953 4757 ,ὕψωσινζ
2974 4686 3079 4740 Alii
3123 4695 3192 4757 et“
3219 4687 3372 4753 editi,

111 4755 342 4826 λέγεται
355 4758 460 4826 -καὶ
489 4755 915 4826 ὐπερυψοῦσθαι.

192 4822 313 4895 (48)
352 4824 412 4878 In
463 4822 628 4880 Basil.
680 4822 924 4880 deletum
968 4832 1054 4880 est
1099 4822 1463 4895 ἀπεθάνομεν.
1495 4839 1703 4895 proque

111 4912 183 4950 eo
205 4893 425 4966 factum
454 4895 918 4966 ὲζωοποιήθημεν.

351 4965 600 5048 Segtter:,
630 4963 951 5048 πρὸ-τούτου
981 4965 1185 5048 Κύριος
1222 4964 1316 5018 καὶ
1344 4963 1696 5036 δημιουργός.

114 5033 449 5108 ﬁdaﬁda";
464 5035 524 5088 τὸ
548 5033 877 5108 ὑπερυψῴθῃ
914 5033 1342 5108 mmmam:

191 5103 309 5184 (5Q)
351 5104 604 5184 segnem
633 5102 692 5184 {xi
712 5102 890 5184 αὐτῷ.
918 5102 1288 5184 Altietedit‘io
1319 5102 1608 5184 Commelx
1641 5104 1699 5156 ὲν

118 5172 329 5244 ima.
380 5172 634 5246 δέςιιιξι·ζ
654 5172 908 5246 ibid.__étg
935 5175 1158 5246 omittit.
1198 5172 1373 5246 Paulo
1408 5185 1528 5243 post
1564 5172 1696 5246 Reg.

119 5242 413 5315 Anglican.
457 5242 533 5300 ἐι
594 5244 740 5301 Felc.
792 5243 857 5309 5,
903 5242 1125 5315 ἀνέῳξε.
1183 5244 1374 5298 Caneri
1410 5242 1490 5297 ’ct
1543 5245 1698 5309 edit.,

119 5314 495 5508 ὴθῗέᾇωῖθιο.
533 5384 584 5467 5,
618 5388 744 5456 περὶ
773 5382 987 5469 εαυτοῦ.
1033 5382 1173 5437 Ibid.
1213 5382 1436 5449 Seguer.
1475 5380 1694 5465 Gobler.

119 5463 169 5508 el
196 5453 275 5508 Fe
298 5471 348 5508 c.
385 5457 408 5508 1
439 5466 699 5508 omittunt
728 5456 922 5508 πυλας.
969 5462 1019 5507 et
1055 5462 1311 5508 nrzeterea
1359 5449 1584 5508 Seauer.
1617 5469 1694 5508 διο

118 5463 169 5510 el
196 5449 348 5511 Feic.
385 5457 408 5508 1
439 5449 706 5509 omittunt‘
728 5454 922 5517 πύλας,
969 5462 1019 5507 et
1054 5462 1311 5523 przeterea
1359 5449 1584 5522 Seguer.
1617 5455 1697 5509 sic

122 5525 304 5589 habet,
332 5525 428 5579 καὶ
462 5525 849 5587 εἰσελεύσεται,
883 5523 1086 5578 omisso
1120 5522 1200 5574 τό.

190 5595 303 5667 (52)
345 5595 438 5650 Sic
474 5595 699 5667 Seguer.
734 5595 873 5667 Ιὶςςξ.
907 5591 1408 5667 Βεεείιηϐυὺιθικηρι
1446 5589 1591 5644 Fele.
1636 5592 1688 5667 1.

126 5661 306 5718 Διἀιὶἶ
328 5675 383 5719 et
409 5661 573 5728 editi:
590 5666 684 5717 καὶ¹
720 5667 749 5717 ό
775 5664 926 5723 Θεὸς.
959 5661 1127 5716 Paulo
1163 5673 1282 5728 post
1315 5661 1562 5730 Segni-ta,
1594 5664 1692 5715 καὶ

123 5737 151 5786 ὸ
178 5734 448 5803 βασιλεύς.
482 5735 620 5790 Editi
650 5745 700 5789 et
734 5735 844 5801 alii,
877 5734 968 5787 καὶ
995 5731 1267 5803 βασιλεύς.
1299 5730 1418 5785 Mox
1462 5730 1686 5800 Seguer.

1808 4755 2104 4827 λεγομένην
2135 4754 2797 4827 ὖψωσινζΙὺὶἁηϐοὺιθιδ.
2817 4765 2871 4810 et
2915 4756 3058 4827 Felc.
3077 4756 3145 4827 ri,
3170 4755 3375 4827 ὕψωσεν

1806 4828 1835 4879 ὁ
1864 4824 2434 4915 Δαύῒδυπροανεξρώνει
2470 4825 2809 4897 ὀγδοηκοστῷ
2842 4826 3012 4897 ὀγδόῳ
3057 4824 3255 4896 ψαλμῷ
3291 4826 3376 4881 λέ-

1806 4913 1918 4964 γων
1937 4913 1951 4925 ·
1995 4896 2082 4948 Ἐν
2108 4896 2197 5019 ea,
2230 4904 2335 4949 etc.
2620 4896 2623 4897 ⁷
2784 4896 2789 4897 “
2986 4896 2991 4897 “

1874 4966 1983 5035 (55)
2025 4964 2127 5036 διο
2184 4980 2393 5036 eguer.,
2425 4973 2485 5019 ut
2514 4965 2744 5020 habetur
2781 4966 2835 5020 in
2866 4964 3055 5021 Graeco
3081 4963 3377 5036 Scriptura:

1805 5044 2081 5089 contextu.
2110 5035 2167 5089 In
2200 5035 2321 5089 aliis
2354 5047 2408 5088 et
2436 5036 2596 5090 editis
2622 5037 2683 5089 τό
2714 5037 2883 5091 deest.

1879 5105 1992 5176 (54)
2031 5105 2279 5176 Seguer.,
2330 5105 2478 5176 ἐστιν
2523 5106 2552 5156 ὁ
2606 5106 2776 5176 Λόγος
2820 5106 2913 5170 ὡς.
2949 5102 3074 5159 Mox
3125 5104 3288 5169 idem,
3326 5124 3375 5161 ο.

1804 5175 1862 5228 ὲν
1887 5174 1953 5246 τῇ
1988 5174 2324 5246 δικαιοσύνῃ.
2354 5174 2546 5246 αξιοι-ἱ
2572 5187 2626 5229 et
2670 5174 2797 5231 editi
2837 5176 2895 5246 ἐν
2922 5176 3205 5246 omittunt.
3249 5176 3371 5230 Mox

1808 5244 1951 5332 item
1982 5244 2232 5332 Seguer.,
2270 5244 2381 5297 Καὶ
2425 5244 2535 5316 γὰρ
2584 5248 2679 5300 καὶ
2723 5247 2804 5300 τό.
2856 5244 2998 5299 Editi
3025 5254 3080 5300 et
3120 5244 3234 5311 alii,
3266 5247 3376 5313 Καὶ

1803 5316 2160 5470 γαῗὸἕῗθῐὶιιίζ.
2206 5393 2262 5439 et
2295 5383 2440 5438 Felc.
2494 5382 2546 5450 5,
2593 5387 2949 5457 εῐπαμεν,,ει
2997 5401 3144 5450 mox,
3192 5384 3377 5458 πάσης

1802 5472 2115 5595 κτξὲῗὶῗςὲἰο
2165 5522 2388 5646 ὃθεῆριι.
2425 5523 2642 5579 Gobler.
2676 5533 2730 5578 et
2781 5523 2923 5579 Felc.
2960 5524 3010 5578 i.
3057 5526 3127 5578 At
3178 5524 3267 5579 alii
3320 5534 3375 5578 et

1802 5595 1952 5646 editi.
1988 5595 2219 5646 εἴρηται.
2309 5609 2375 5646 οι
2410 5596 2439 5646 ὁ
2472 5594 2703 5646 Χριστός
2742 5596 2896 5646 abest
2942 5609 2971 5646 a
3017 5592 3241 5646 Seauer.
3278 5595 3373 5646 aui

1798 5592 2219 5665 ει1ίἰἰ,ἐί¹ρηται.
2246 5592 2375 5648 Mox
2401 5596 2439 5665 g
2472 5594 2703 5665 Χριστός
2726 5596 2896 5665 abest
2942 5609 2971 5665 a
3017 5592 3241 5665 Seguer.
3278 5595 3373 5663 qui

1799 5665 1931 5720 ibid.
1958 5661 2275 5720 eut'n'Basil.
2311 5674 2364 5719 et
2398 5661 2543 5721 Felc.
2575 5663 2607 5719 5
2639 5673 2692 5719 et
2726 5661 2916 5733 Regio,
2948 5661 3297 5735 ύπερύψώθη.
