3850 6218
465 369 534 423 99
1067 369 1124 424 S.
1173 361 1535 422 ATHANASII
1573 359 1728 421 OPP.
1772 358 1952 419 PARS
1990 365 2029 419 Ι.
2067 396 2136 406 -—
2168 360 2539 420 lllSTORlCA
2580 363 2666 417 ET
2710 360 3098 420 DOGMATIC;

3622 364 3727 418 100

463 494 717 540 mortuus
748 493 832 538 est
863 491 916 538 et
944 483 1218 537 exaltatus
1251 501 1262 534 :
1299 483 1377 536 sic
1402 491 1673 551 quatenus
1702 483 1866 535 homo
1899 481 2032 536 acci-

2144 481 2274 552 γὰρ,
2305 481 2380 545 ὡς
2410 481 2712 552 ἄνθρωπος,
2750 484 2778 534 6
2823 481 3056 553 Χριστὸς
3081 481 3317 534 ἀπέθανε
3356 483 3447 534 καὶ
3490 482 3679 553 ὑψώθη
3709 503 3722 514 ο

463 593 589 647 pere
621 575 821 630 dicitur
847 577 993 646 quod
1036 591 1273 644 semper,
1303 585 1359 628 ut
1387 573 1548 640 Deus,
1594 575 1808 639 habuit,
1842 582 1901 627 ut
1937 573 2040 627 sci-

461 667 586 720 licet
627 665 936 734 hujusmodi
986 665 1149 718 etiam
1195 665 1320 716 data
1374 665 1548 733 gratia
1595 664 1661 717 ad
1713 679 1814 717 nos
1865 677 2042 731 usque

458 759 807 827 pet'tingeret.
843 755 952 810 Nec
979 757 1126 810 enim
1171 754 1410 809 Verbum
1450 771 1616 810 carne
1650 766 1932 825 assumpta
1960 757 2041 808 di-

460 849 729 903 minutum
772 856 875 911 est,
924 857 980 902 ut
1016 857 1287 918 quaereret
1338 847 1710 916 accipiendam
1754 848 1984 917 gratiam
2024 864 2038 899 :

460 940 553 994 sed
607 940 790 1008 potius
848 941 1093 994 divinum
1144 939 1383 993 reddidit
1425 939 1575 1008 quod
1625 939 1823 1002 induit,
1867 953 2044 1007 eoque

458 1034 761 1086 humanum
823 1047 994 1100 genus
1052 1031 1308 1084 munilice
1365 1031 1734 1099 locupletavit.
1777 1028 1848 1083 Ut
1897 1031 2039 1084 enim

459 1136 729 1193 quatenus
761 1123 854 1177 Dei
879 1120 1140 1188 Verbum,
1170 1132 1224 1176 et
1259 1123 1311 1175 in
1337 1122 1512 1176 forma
1537 1122 1626 1175 Dei
1660 1131 1797 1187 erat,
1829 1138 2042 1192 semper

461 1214 564 1268 fuit
591 1216 877 1269 adoratum
909 1229 923 1268 :
958 1216 1030 1268 ita
1066 1215 1205 1268 idem
1240 1216 1404 1269 etiam
1445 1226 1716 1284 quatenus
1754 1218 1920 1270 homo
1959 1217 2041 1269 fa-

467 1315 590 1358 ctus
621 1314 674 1358 et
727 1317 954 1359 vocatus
995 1303 1183 1369 Jesus,
1230 1305 1512 1359 universas
1546 1321 1635 1360 res
1685 1317 1897 1361 creatas
1939 1307 2040 1359 sub

467 1396 697 1465 pedibus
731 1395 1006 1465 subjectas
1037 1398 1232 1460 habet,
1279 1412 1578 1465 omnesque
1608 1399 1662 1451 in
1688 1399 1791 1452 hoc
1822 1399 2040 1451 nomine

463 1489 563 1558 ipsi
584 1488 1011 1557 ﬂcctuntgenua,
1031 1489 1458 1558 contitenturque
1478 1506 1584 1543 non
1613 1491 2035 1561 ignominiosum

461 1580 582 1648 ejus
607 1581 914 1646 divinitati,
948 1582 1039 1634 sed
1072 1581 1372 1651 gloriosum
1407 1581 1518 1635 Deo
1545 1581 1692 1635 Patri
1720 1597 1861 1644 esse,
1893 1583 2038 1651 quod

460 1668 700 1722 Verbum
726 1681 853 1723 caro
883 1669 1085 1723 factum
1117 1671 1209 1734 sit,
1237 1679 1291 1723 et
1325 1682 1552 1725 mortem
1587 1687 1754 1726 carne
1787 1673 2035 1727 subierit.

459 1760 639 1814 Patris
667 1760 874 1814 scilicet
905 1762 1077 1830 gloria
1109 1771 1213 1827 est,
1237 1761 1440 1815 factum
1473 1772 1527 1816 et
1556 1773 1738 1829 postea
1767 1764 2034 1832 perditum

2145 572 2337 639 οὕτως,
2372 573 2448 636 ὼς
2479 573 2783 645 ἄνθρωπος,
2825 573 3039 642 λέγεται
3080 572 3377 643 λαμϐάνειν
3410 574 3547 645 ὅπερ
3579 571 3724 646 εἶχεν

2147 667 2232 718 ἀεὶ
2273 666 2348 727 ὡς
2379 665 2529 729 Θεὸς,
2567 667 2652 718 ἴνα
2684 669 2763 729 είς
2799 668 2949 736 ἡμᾶς
2979 665 3162 737 φθάσῃ
3197 665 3291 718 καὶ
3322 667 3353 736 ἡ
3386 664 3612 736 τοιαύτη
3641 667 3726 720 δο-

2146 757 2298 809 θεῖσα
2324 759 2502 829 χάρις.
2535 758 2609 811 06
2639 758 2748 830 γάρ
2777 756 3062 828 ἠλαττώθη
3089 761 3116 810 6
3142 757 3312 826 Λόγος
3339 756 3498 827 σῶμα
3519 753 3724 824 λαϐὼν,

2145 847 2230 899 ἵνα
2260 848 2354 900 καὶ
2380 847 2538 917 χάριν
2581 846 2789 918 ζητήσῃ
2825 846 3029 908 λαϐεῖν,
3063 847 3198 900 ἀλλὰ
3231 847 3427 917 μᾶλλον
3457 844 3552 900 κα).
3577 848 3726 900 ὲθεο-

2144 937 2367 1007 ποίησεν
2419 938 2554 1008 ὅπερ
2605 936 2907 1000 ἐνεδύσατο,
2953 936 3047 988 καὶ
3091 937 3252 989 πλέον
3303 938 3598 1007 ἐχαρίσατο
3646 937 3724 1007 τῷ

2142 1028 2285 1094 γένει
2312 1027 2420 1079 τῶν
2457 1027 2755 1099 ἀνθρώπων
2775 1027 2952 1082 τοῦτο.
2981 1027 3189 1099 Ὠσπερ
3205 1028 3437 1100 (57)γὰρ
3454 1031 3542 1082 ἀεὶ
3566 1041 3727 1101 προσο

2142 1121 2382 1171 εκυνεῖτο
2438 1119 2609 1186 Λόγος
2644 1119 2718 1172 ῶν
2771 1120 2866 1172 καὶ
2894 1121 2951 1172 ὲν
2997 1123 3176 1191 μορφῇ
3224 1120 3359 1173 Θεοῦ
3407 1123 3672 1192 ὑπάρχων
3707 1139 3724 1155 ο

2143 1211 2314 1274 οὕτως
2343 1213 2371 1262 6
2403 1212 2566 1275 αὐτὸς
2595 1211 2670 1264 ὣν
2701 1213 2796 1265 κα).
2828 1213 3112 1284 ἄνθρωπος
3145 1215 3432 1284 γενόμενος
3452 1257 3466 1279 ,
3503 1216 3727 1286 κληθείς

2142 1319 2200 1354 τε
2243 1304 2470 1374 Ἰησοῦς,
2515 1305 2668 1357 οὐδὲν
2717 1302 2878 1378 ἦττον
2923 1306 3036 1378 ἔχει
3081 1310 3261 1360 πᾶσαν
3296 1309 3400 1360 ὑπὸ
3433 1307 3572 1362 πόδα
3610 1310 3724 1379 (58)

2141 1394 2237 1464 τὴν
2268 1395 2464 1460 κτίσιν,
2499 1396 2594 1448 καὶ
2622 1398 2679 1448 ὲν
2703 1397 2780 1467 τῷ
2805 1397 3027 1468 ὀνόματι
3058 1399 3231 1469 τούτῳ
3248 1399 3317 1452 τὰ
3347 1400 3548 1467 γόνατα
3579 1403 3720 1470 κάμ-

2141 1496 2380 1536 πτουσαν
2413 1485 2581 1555 αύτῷ,
2616 1487 2709 1540 καὶ
2743 1486 3236 1558 ὲξομολογουμένην
3269 1490 3350 1542 ὃτι
3413 1491 3504 1542 καὶ
3539 1491 3600 1543 τὸ
3635 1509 3726 1559 γε-

2141 1573 2324 1627 νέσθαι
2348 1577 2526 1646 σάρκα
2548 1577 2636 1630 τὸν
2657 1578 2848 1644 Λόγον,
2867 1580 2958 1631 καὶ
2979 1579 3204 1632 θάνατον
3225 1580 3510 1650 ὑπομεῖναι
3531 1596 3599 1634 σα
3605 1581 3721 1653 ρκῖ,

2140 1665 2238 1718 οὐκ
2255 1666 2339 1719 ἐπ’
2356 1667 2540 1738 ἀδοξίᾳ
2553 1668 2650 1738 τῆς
2668 1668 2918 1738 θεότητος
2936 1670 3097 1722 αὑτοῦ
3119 1672 3340 1739 γέγονεν
3357 1672 3486 1742 (59),
3501 1672 3621 1725 ἀλλ’
3644 1676 3726 1736 εἰς

2139 1757 2291 1820 δόξαν
2333 1757 2467 1811 Θεοῦ
2502 1759 2732 1830 Πατρός.
2783 1761 2920 1827 Δόξα
2958 1761 3014 1814 δὲ
3049 1762 3260 1833 Πατρός
3293 1764 3407 1815 ἐστι
3439 1765 3532 1817 τὸν
3565 1766 3722 1833 γενό-

460 1853 687 1922 reperiri
730 1854 1003 1908 hominem
1033 1866 1421 1925 mortuumque
1457 1857 1700 1910 revocari
1729 1857 1796 1911 ad
1831 1857 1996 1910 vitam
2019 1899 2032 1923 ,

2143 1865 2301 1919 μενον
2345 1848 2627 1918 ἄνθρωπον
2669 1852 2760 1903 καὶ
2799 1851 3129 1922 ἀπολόμενον
3171 1853 3479 1923 εὑρεθῆναι,
3506 1855 3604 1906 καὶ
3635 1872 3725 1908 νε-

460 1959 528 1999 ac
569 1946 829 2013 templum
876 1945 969 1999 Dei
1009 1946 1146 2000 ﬁeri.
1181 1947 1317 2000 Cum
1364 1947 1506 2001 enim
1541 1947 1664 2002 caeli
1701 1956 2052 2016 potestates,

461 2039 638 2106 angeli
688 2050 737 2093 et
773 2039 1084 2109 archangeli
1133 2041 1226 2110 qui
1262 2039 1550 2094 Dominum
1583 2057 1797 2110 semper
1846 2042 2040 2095 adora-

460 2142 610 2194 vere,
671 2142 816 2181 nunc
863 2143 986 2182 eum
1039 2126 1090 2182 in
1125 2127 1346 2185 nomine
1391 2128 1518 2185 Jesu
1554 2131 1802 2195 adorent,
1850 2141 2036 2186 nostra

459 2214 707 2284 profecto
737 2217 909 2285 gratia
938 2227 991 2271 et
1039 2219 1207 2286 gloria
1247 2230 1350 2282 est,
1375 2221 1521 2290 quod
1554 2222 1717 2275 etiam
1762 2223 1928 2276 homo
1959 2221 2038 2276 fa-

459 2308 581 2353 ctus
610 2299 702 2354 Dei
735 2299 906 2356 Filius
941 2303 1200 2360 adoretur
1232 2321 1244 2360 :
1282 2323 1380 2361 nec
1407 2309 1699 2364 virtutibus
1723 2310 2036 2366 caelestibus

459 2390 660 2444 mirum
703 2392 993 2461 videbitur,
1026 2411 1150 2450 cum
1187 2414 1286 2452 nos
1320 2414 1510 2454 omnes
1533 2442 1548 2465 ,
1580 2401 1673 2470 qui
1701 2402 1944 2471 ejusdem
1974 2418 2037 2457 ac

458 2481 548 2534 ille
576 2493 785 2538 natura:
830 2500 1060 2553 corpora
1116 2487 1404 2552 habemus,
1439 2490 1496 2543 in
1553 2505 1710 2545 suam
1759 2493 2033 2562 regionem

457 2570 697 2626 viderint
724 2574 1019 2629 introduci.
1049 2575 1205 2642 Quod
1236 2580 1424 2649 utique
1449 2581 1607 2634 aliter
1635 2597 1744 2636 non
1775 2585 2036 2653 contigis-

458 2670 561 2724 set,
597 2663 702 2716 nisi
733 2665 822 2718 ille
853 2665 945 2734 qui
980 2668 1035 2719 in
1089 2667 1265 2722 forma
1314 2668 1409 2723 Dei
1452 2679 1589 2735 erat,
1623 2670 1856 2726 formam
1891 2675 2032 2727 servi

457 2756 869 2823 assumpsisset,
920 2773 1088 2826 seque
1131 2760 1268 2813 adeo
1316 2760 1682 2831 humiliasset,
1731 2773 1792 2818 ut
1835 2779 2034 2835 corpus

459 2857 622 2897 suum
659 2855 890 2900 mortem
923 2848 1036 2917 pati
1069 2849 1402 2918 permiserit.

525 3101 621 3158 45.
659 3101 738 3156 Εη
759 3119 889 3174 ergo
923 3106 1068 3174 quod
1115 3123 1214 3177 per
1259 3125 1477 3166 crucem
1509 3112 1737 3168 stultitia
1789 3113 1883 3170 Dei
1913 3131 2034 3171 esse

459 3193 776 3251 hominibus
810 3199 1115 3266 videbatur,
1145 3203 1408 3259 omnibus
1437 3204 1639 3260 factum
1671 3216 1756 3263 est
1793 3208 2034 3265 honora«

461 3286 590 3340 tius.
617 3286 676 3338 In
705 3288 823 3356 ipsa
847 3289 1116 3358 siquidem
1142 3293 1317 3361 posita
1340 3305 1423 3349 est
1444 3306 1639 3351 nostra
1665 3301 1991 3354 resurrectio
2015 3319 2028 3354 :

459 3393 560 3432 nec
593 3377 762 3433 Israel
794 3381 970 3435 solum
999 3383 1093 3436 sed
1129 3385 1294 3438 etiam
1326 3402 1517 3442 omnes
1548 3396 1734 3458 gentes
1761 3390 1874 3458 jam
1897 3430 1913 3456 ,
1953 3392 2031 3445 uti

456 3473 720 3541 propheta
766 3474 1093 3530 vaticinatus
1130 3486 1233 3542 est,
1289 3495 1386 3534 sua
1433 3479 1696 3535 deserunt
1741 3482 1906 3548 idola,
1941 3499 2033 3537 ve-

457 3581 689 3637 rumque
727 3565 897 3622 Deum
941 3567 1148 3623 Christi
1178 3569 1396 3624 Patrem
1444 3583 1768 3641 agnoscunt.
1818 3572 2033 3629 Daemo-

456 3673 587 3712 num
639 3675 857 3730 quoque
905 3661 1186 3717 dissoluta:
1238 3664 1525 3734 praestigiae
1575 3675 1725 3732 sunt,
1772 3665 2032 3736 solusque

456 3766 623 3807 verus
666 3751 807 3808 Deus
855 3754 908 3807 in
946 3757 1165 3810 nomine
1201 3754 1415 3810 Domini
1467 3759 1640 3812 nostri
1671 3758 1800 3814 Jesu
1826 3761 2029 3814 Christi

455 3843 738 3896 adoratur.
793 3844 947 3910 Quod
996 3855 1176 3900 antem
1225 3845 1490 3903 Dominus
1535 3851 1701 3904 etiam
1748 3863 2030 3922 assumpto

455 3950 688 4005 corpore
711 3946 766 3990 et
817 3948 1043 3994 vocatus
1071 3939 1230 3996 Jesus
1272 3942 1533 3996 adoratur
1566 3943 1726 4014 353
1758 3947 2027 4000 creditur-

455 4041 563 4095 que
592 4027 763 4084 Filius
794 4029 910 4096 Dei,
939 4048 1003 4087 ac
1038 4049 1132 4102 per
1169 4034 1346 4103 ipsum
1377 4033 1538 4090 Pater
1562 4040 1941 4107 cognoscitur;
1975 4040 2030 4093 id

455 4127 640 4186 aperte
667 4121 889 4187 indicat,
923 4125 1001 4177 uti
1025 4125 1284 4190 diximus,
1319 4141 1428 4180 non
1464 4125 1723 4194 Verbum,
1761 4141 2029 4200 quatenus

458 4205 715 4274 Verbum,
745 4213 836 4264 sed
860 4227 956 4266 nos
980 4214 1293 4282 hujusmodi
1315 4217 1543 4286 gratiam
1569 4222 1865 4288 accepisse.
1891 4220 2027 4275 Nam

456 4309 677 4367 propter
735 4312 978 4356 nostram
1027 4320 1149 4359 cum
1195 4307 1316 4377 ejus
1366 4324 1596 4378 corpore
1645 4313 2027 4381 cognationem

457 4405 560 4445 nos
586 4407 804 4462 quoque
848 4394 941 4448 Dei
977 4399 1236 4468 templum
1269 4401 1444 4455 elfecti
1481 4419 1672 4457 sumus
1701 4404 1924 4474 jamque
1964 4409 2028 4461 ti-

2140 1944 2420 2013 κρωθέντα
2467 1943 2862 2018 ζωοποιηθῖψαι
2897 1987 2911 2010 ,
2959 1947 3053 2000 καὶ
3097 1948 3222 2000 ναὸν
3265 1947 3516 2015 γενέσθαι
3555 1949 3718 2001 Θεοῦ.

2139 2031 2248 2088 Καὶ
2282 2035 2389 2106 γὰρ
2421 2037 2514 2088 καὶ
2551 2036 2659 2089 τῶν
2690 2038 2748 2090 ἐν
2784 2038 3035 2108 οὐρανοῖς
3073 2038 3186 2108 (60)
3221 2039 3524 2109 δυνάμεων,
3550 2041 3722 2107 ἀγγέ-

2137 2126 2242 2180 λων
2277 2145 2336 2180 τε
2371 2129 2464 2182 καὶ
2489 2129 2844 2200 ἀρχαγγὲλων
2893 2131 2978 2183 ἀεὶ
3009 2132 3104 2200 μὲν
3129 2131 3592 2200 προσκυνούντων
3623 2133 3723 2184 αύ-

2135 2216 2248 2280 τὸν,
2275 2215 2722 2287 προσκυνούντων
2747 2219 2804 2272 δὲ
2831 2221 2924 2272 καὶ
2952 2219 3046 2272 νῦν
3071 2222 3127 2272 ὲν
3157 2219 3234 2289 τῷ
3261 2221 3488 2290 ὀνόματι
3538 2221 3720 2290 Ἰησοῦ

2136 2308 2227 2363 τὸν
2259 2310 2482 2381 Κύριον,
2514 2310 2669 2382 ἡμῶν
2703 2313 2848 2364 ἐστιν
2875 2311 3011 2382 αῦτη
3041 2313 3252 2384 ήχάρις
3276 2311 3384 2381 (61)
3435 2313 3528 2366 κα).
3551 2309 3723 2384 ὑπερ-

2137 2400 2364 2470 ύψωσις,
2387 2403 2466 2454 ὅτι
2484 2419 2543 2454 τε
2568 2404 2662 2454 καὶ
2680 2401 2964 2474 ἄνθρωπος
2991 2403 3300 2472 γενόμενος,
3330 2400 3723 2474 προσκυνεῖται

2135 2496 2164 2546 6
2195 2493 2290 2546 τοῦ
2313 2493 2446 2545 Θεοῦ
2469 2493 2614 2558 Υἱὸς,
2633 2494 2726 2547 καὶ
2754 2495 2814 2547 οὑ
2838 2494 3240 2566 ξενισθήσονται
3266 2497 3320 2548 αἱ
3341 2495 3582 2566 οὐράνιοι
3606 2495 3722 2565 (62)

2134 2584 2390 2656 δυνάμεις
2429 2584 2721 2655 βλέπουσαι
2751 2587 2876 2648 τοὺς
2917 2583 3235 2655 ωσσὼμους
3267 2585 3477 2638 ἐκείνου
3506 2585 3722 2650 πάντας

2135 2678 2282 2746 ἡμᾶς
2328 2676 2714 2747 εἰσαγομένους
2745 2677 2826 2739 είς
2863 2673 2961 2738 τὰς
2986 2675 3168 2748 χώρας
3198 2675 3396 2728 αὐτῶν.
3433 2675 3646 2740 Ἀλλως
3667 2677 3724 2730 δὲ

2133 2767 2234 2820 οὐκ
2259 2767 2324 2821 ἂν
2355 2767 2595 2836 ἐγεγόνει
2625 2768 2801 2834 τοῦτο,
2825 2770 2874 2821 εί
2903 2769 2976 2838 μὴ
3009 2769 3036 2820 ὁ
3067 2770 3122 2819 ὲν
3155 2770 3334 2838 μορφῇ
3363 2767 3497 2820 Θεοῦ
3534 2769 3721 2842 ὑπάρ-

2135 2877 2244 2931 χων
2294 2859 2504 2931 εἰλήφει
2552 2859 2740 2913 δούλου
2813 2859 3064 2931 μορφὴν,
3121 2860 3214 2912 καὶ
3254 2858 3599 2923 ταπεινώσας
3650 2856 3724 2931 ἦν

2134 2951 2324 3004 ἑαυτὸν
2357 2993 2371 3018 ,
2435 2953 2596 3024 μέχρι
2663 2952 2898 3006 θανάτου
2957 2953 3321 3024 συγχωρήσας
3395 2952 3596 3021 φθάσαι
3660 2949 3725 3006 τὸ

2137 3043 2315 3114 σῶμα.

2204 3135 2293 3190 45.
2335 3134 2466 3188 Ἰδοὺ
2500 3133 2633 3204 γοῦν
2679 3134 2740 3188 τὸ
2793 3116 3144 3206 νομιζόμενον
3203 3135 3354 3208 παρὰ
3405 3133 3723 3207 ἀνθρώποις

2137 3225 2315 3297 μωρὸν
2342 3224 2434 3278 τοῦ
2465 3219 2601 3278 Θεοῦ
2635 3225 2721 3278 διὰ
2738 3225 2829 3278 τὸν
2861 3223 3090 3298 σταυρὸν
3114 3225 3303 3295 γέγονε
3332 3226 3550 3278 πάντων
3575 3227 3721 3277 ἐντι-

2135 3317 2360 3387 μότερον
2410 3315 2540 3386 (65).
2586 3317 2652 3369 Ἥ
2677 3317 2774 3386 μὲν
2821 3315 2927 3388 γὰρ
2961 3317 3253 3380 ἀνάστασις
3281 3315 3438 3386 ήμῶν
3477 3317 3534 3368 ὲν
3565 3315 3720 3385 αὐτῷ

2131 3407 2416 3462 ἀπόκειται
2439 3425 2453 3439 ·
2476 3409 2659 3462 οὐκέτι
2683 3410 2740 3462 δὲ
2764 3410 2920 3479 μόνος
2937 3411 2964 3462 6
2994 3408 3230 3480 Ἰσραὴλ,
3256 3407 3392 3461 ἀλλὰ
3412 3410 3502 3461 καὶ
3533 3407 3718 3460 πάντα

2130 3501 2200 3554 τὰ
2223 3501 2347 3573 ἔθνη
2382 3501 2588 3566 λοιπὸν,
2621 3501 2697 3565 ὡς
2731 3501 3057 3574 προείρηκεν
3082 3503 3109 3555 6
3137 3502 3419 3573 προφήτης
3442 3541 3456 3564 ,
3496 3501 3568 3553 τὰ
3613 3501 3718 3570 μὲν

2131 3590 2326 3650 εἴδωλα
2353 3595 2561 3650 ἑαυτῶν
2596 3595 2706 3667 (64)
2733 3595 3227 3666 καταλιμπάνουσι,
3249 3594 3340 3646 τὸν
3372 3593 3428 3646 δὲ
3455 3588 3719 3663 ἀληθινὸν

2131 3684 2263 3739 Θεὸν
2293 3686 2385 3738 τὸν
2412 3683 2506 3738 τοῦ
2533 3683 2770 3757 Χριστοῦ
2801 3683 3021 3756 Πατέρα
3045 3683 3465 3752 ὲπιγινὼσκουσι
3486 3697 3500 3710 ·
3556 3678 3656 3734 καὶ
3684 3677 3717 3745 ἡ

2135 3781 2232 3850 μὲν
2255 3779 2362 3832 τῶν
2389 3779 2656 3850 δαιμόνων
2687 3777 2956 3847 φαντασία
2988 3778 3362 3848 κατήργηται,
3411 3772 3570 3845 μόνος
3598 3771 3662 3826 δὲ
3690 3774 3718 3826 6

2130 3871 2298 3934 ὅντως
2330 3868 2462 3932 Θεὸς
2502 3872 2560 3922 ὲν
2599 3869 2676 3939 τῷ
2705 3869 2929 3939 ὀνόματι
2971 3867 3066 3920 τοῦ
3093 3867 3300 3937 Κυρίου
3331 3865 3488 3935 ἡμῶν
3533 3863 3716 3934 Ἰησοῦ

2130 3961 2367 4033 Χριστοῦ
2395 3964 2798 4034 προσκυνεῖται.
2823 3961 2896 4012 Τὸ
2917 3960 2972 4012 δὲ
3006 3961 3098 4012 κα).
3129 3959 3188 4011 ὲν
3233 3957 3444 4028 σώματι
3479 3956 3710 4026 γενόμε-

2131 4070 2218 4106 νον
2245 4052 2354 4123 (65)
2386 4053 2475 4105 τὸν
2503 4051 2705 4121 Κύριον
2733 4049 2824 4104 κα).
2858 4049 3123 4120 κληθέντα
3159 4049 3366 4121 Ἰησοῦν
3388 4051 3701 4119 προσκυνεί

2132 4146 2275 4208 σθαι,
2311 4143 2660 4196 πιστεύεσθαί
2695 4161 2756 4196 τε
2785 4144 2946 4196 αὐτὸν
2972 4144 3099 4196 Υίδν
3128 4143 3285 4206 Θεοῦ,
3318 4143 3411 4195 κα)¹
3442 4142 3508 4194 δι’
3543 4142 3712 4196 αὐτοῦ

2130 4233 2586 4304 ἑπιγινὼσκεσθαι
2619 4233 2709 4286 τὸν
2738 4233 2959 4304 Πατέρα
2985 4273 3000 4296 ,
3049 4233 3204 4304 δῆλον
3232 4234 3298 4287 ἂν
3322 4231 3426 4302 εἴη,
3456 4230 3712 4302 καθάπε(

2129 4329 2360 4400 εἴρηται,
2397 4327 2478 4378 ὅτι
2501 4327 2599 4396 οὐχ
2623 4327 2650 4378 6
2677 4324 2866 4392 Λόγος,
2967 4324 3136 4391 Λόγος
3170 4326 3316 4376 ἐστὶν
3341 4366 3354 4388 ,
3407 4320 3571 4374 ἔλαϐε
3613 4322 3714 4393 τὴν

2127 4421 2381 4488 τοιαύτην
2404 4416 2586 4487 χάριν,
2615 4415 2731 4469 ἀλλ’
2763 4416 2942 4486 ⁴ἡμεῖς.
2974 4414 3073 4467 Διὰ
3091 4415 3200 4484 γὰρ
3225 4415 3322 4485 τὴν
3347 4413 3484 4484 πρὸς
3512 4413 3630 4486 (66)
3653 4411 3716 4466 τὸ

458 4484 658 4538 liorum
704 4485 797 4541 Dei
828 4489 1164 4546 obtinuimus
1201 4495 1514 4563 dignitatem
1556 4516 1568 4550 :
1607 4500 1744 4552 adeo
1776 4511 1830 4554 ut
1859 4503 2020 4556 etiam

2140 4509 2288 4580 ςῶμα
2337 4484 2498 4560 αὑτοῦ
2531 4484 2847 4574 συγγένειαν
2893 4505 3020 4568 ναὸς
3062 4505 3196 4557 Θεοῦ
3250 4484 3553 4575 γεγόναμεν
3613 4484 3714 4558 καὶ

458 4576 512 4629 in
542 4577 830 4646 nobisjam
865 4579 1131 4636 Dominus
1158 4586 1437 4649 adoretur,
1472 4597 1526 4642 et
1555 4603 1862 4659 spectantes
1895 4610 2023 4662 pro-

457 4668 726 4730 nuntient,
755 4679 810 4723 ut
834 4672 911 4724 ait
933 4674 1224 4742 Apostolus
1250 4676 1312 4742 ”,
1346 4680 1489 4747 quod
1523 4696 1646 4734 vere
1667 4681 1810 4737 Deus
1837 4685 1888 4736 in
1919 4685 2026 4740 illis

458 4758 546 4809 sit.
591 4757 830 4826 ldipsum
879 4776 1097 4830 quoque
1127 4762 1364 4821 Joannes
1409 4769 1462 4821 in
1497 4767 1788 4840 Evangelio
1821 4774 1894 4826 ita
1930 4775 2024 4828 de-

532 4872 573 4902 “
615 4872 630 4924 Ι
671 4874 796 4928 Cor.
842 4891 953 4941 XIV,
995 4877 1087 4930 25.

527 5005 636 5086 (ῗὲῗ)
679 5007 927 5086 ἓοευθνον
961 5009 1224 5086 :0;de-

454 5076 636 5196 ﬁgis)
679 5076 900 5139 Segner.
952 5076 1186 5137 Gobler.'
1218 5094 1272 5138 et
1322 5085 1466 5143 Felc.
1527 5089 1550 5142 1
1608 5092 1866 5147 omittunt
1919 5092 2023 5147 ὑπὸ

526 5215 634 5296 (ΞΩ)
678 5214 922 5296 Seguer.,
963 5218 1213 5296 θεότητος
1247 5225 1402 5279 τοῦτο
1436 5227 1676 5296 γέγονεν.
1711 5229 1830 5284 Mox
1882 5232 2020 5285 idem

454 5293 506 5365 et
525 5283 672 5365 “Reg.
705 5283 992 5356 γενόμενον
1020 5283 1323 5365 ἄνθρωπον.
1361 5283 1591 5352 Αιίιιίιίε
1616 5313 1668 5352 ει
1712 5283 1842 5354 edit.

454 5354 549 5406 ἄνθ
560 5371 758 5423 ρωπον.

527 5425 636 5506 (60)
681 5425 929 5506 Seguer.,
957 5430 1014 5506 έν
1033 5433 1265 5505 οὐρανῷ.
1302 5435 1436 5491 Ibid.
1467 5435 1686 5493 Goblcr.
1714 5454 1766 5494 et
1791 5439 1934 5497 Felc.
1968 5445 2021 5506 l,

455 5495 820 5570 xa‘tuvdtpjtbv
843 5499 898 5550 ἐν
926 5495 1191 5570 οὐρανοῖς.

527 5563 926 5648 (ῥηίδεευεικ,
969 5563 1106 5648 αὓτη
1139 5563 1315 5647 χάρις.
1360 5576 1483 5632 Mox
1524 5577 1742 5636 Gobler.
1775 5591 1829 5635 et
1873 5581 2016 5638 Felc.

455 5635 508 5698 1,
535 5636 625 5712 Δότε
663 5635 945 5712 ᾅνθρωπος
971 5635 1278 5712 γενόμενός.

527 5705 1009 5795 Seguer.,0ti
1043 5705 1470 5795 Oﬁvpd‘llét._l_‘:tliii
1512 5721 1724 5795 et._a_lii,
1762 5725 1813 5774 al
1862 5725 2017 5795 οὐράι

454 5791 580 5828 νιαι.
620 5776 786 5830 Paulo
825 5791 946 5847 pOsl
970 5776 1190 5851 Segu'er.
1224 5786 1264 5839 Ο
1293 5788 1440 5844 ιὺΙρΓ.
1475 5800 1526 5843 et
1554 5776 1776 5858 Ὲυιυζι,
1810 5776 2016 5859 είςίτᾶς

2131 4603 2310 4671 ἡμεῖς,
2341 4599 2436 4651 καὶ
2461 4598 2566 4650 uio).
2589 4596 2722 4649 Θεοῦ
2749 4596 2934 4650 λοιπὸν
2967 4596 3331 4667 πεποιήμεθα,
3355 4595 3495 4648 ῶστε
3529 4595 3627 4648 καὶ
3655 4599 3714 4647 ἐν

2132 4695 2261 4762 ἡμῖν
2285 4691 2382 4762 ήδη
2409 4689 2828 4762 προσκυνεῖσθαι
2854 4690 2942 4745 τὸν
2976 4689 3197 4760 Κύριον,
3241 4690 3334 4743 καὶ
3379 4691 3506 4752 τοὺς
3537 4690 3714 4761 ὁρῶν-

2131 4802 2227 4848 τας
2253 4783 2637 4852 ἁπαγγέλλειν,
2665 4783 2738 4844 ὡς
2758 4779 2786 4834 ό
2823 4782 3140 4845 Ἀπόστολος
3165 4781 3404 4854 εἴρηκεν,
3426 4782 3504 4834 ὅτι
3536 4783 3713 4845 ὅντως

2129 5025 2311 5148 ἔὼραης
2338 5027 2535 5082 αὐτῶν.
2566 5029 2672 5084 Alii
2699 5039 2752 5085 et
2781 5030 2946 5085 editio
2976 5027 3262 5092 Commel.,
3289 5030 3367 5091 είς
3396 5026 3494 5092 τὰς
3519 5029 3713 5100 χώρας

2159 5115 2353 5148 αυτων.

2159 5115 2353 5149 αυτων.

2200 5167 2310 5235 (65)
2355 5165 2578 5235 Seguer.
2605 5169 2822 5223 Gobler.
2853 5178 2907 5223 et
2935 5167 3080 5222 Felc.
3113 5169 3163 5232 1,
3194 5167 3562 5238 ἐντιμότερον.
3602 5170 3708 5220 Alii

2128 5248 2187 5311 et
2211 5237 2363 5311 editi,
2395 5240 2805 5311 προτιμότερον.
2853 5239 3236 5311 16)(1τϐοιι-Ιετ.
3277 5248 3328 5291 ει
3355 5236 3496 5311 Fele.
3647 5240 3710 5290 ἸΙ

2129 5305 2237 5377 γὰρ
2269 5305 2582 5370 ἀνάστασις.
2623 5305 2849 5378 Seguer.
2888 5309 3044 5371 ibid.,
3077 5309 3151 5378 Οὐ
3187 5309 3284 5378 μὲν
3323 5308 3431 5375 γὰρ
3462 5307 3710 5360 ἀνάστα-

2128 5392 2212 5438 σις
2250 5378 2402 5498 ήμῖν,
2436 5388 2489 5431 ει
2514 5379 2674 5445 paulo
2704 5377 2845 5447 post,
2871 5378 3050 5430 οὐκέτι
3077 5377 3132 5430 δὲ
3165 5377 3343 5448 μόνον.

2197 5445 2251 5498 (6
2296 5455 2308 5498 l
2351 5446 2598 5498 Seguer”
2626 5449 2852 5498 ἑαυτῶν.
2887 5447 3042 5498 Reg”
3069 5448 3269 5498 αὐτῶν.
3307 5448 3343 5498 Λ

2197 5445 2308 5516 (64)
2351 5446 2598 5516 Seguer.,
2626 5445 2852 5502 ἑαυτῶν.
2887 5447 3042 5518 Reg,
3069 5445 3269 5501 αὐτῶν.
3307 5447 3410 5500 Alii
3441 5453 3497 5501 et
3531 5447 3710 5500 editio

2124 5515 2412 5579 Commel.,
2433 5515 2644 5571 ίαυτῶν.

2195 5586 2307 5654 (65)
2349 5586 2440 5641 Sic
2475 5587 2698 5656 Seguer.
2732 5597 2783 5642 et
2808 5586 2941 5656 Reg.
2965 5587 3276 5641 Goblerian.
3303 5587 3430 5640 item
3460 5594 3514 5640 et
3547 5582 3702 5641 Felc.

2125 5655 2388 5727 iliabcnt
2417 5655 2726 5727 γενόμενον.
2757 5659 2861 5712 Alit
2888 5655 2941 5712 et
2971 5659 3122 5724 editi,
3159 5659 3216 5710 ὲν
3246 5656 3324 5727 τῷ
3359 5655 3573 5727 σώματι
3611 5676 3707 5727 γε·-

2123 5724 2306 5778 νέτθαι
2330 5728 2419 5778 τὸν
2449 5724 2666 5798 Κύριον.

2195 5798 2303 5860 (66)
2336 5797 2550 5852 Goblet'.
2584 5809 2636 5851 et
2664 5797 2806 5853 Fclc.
2841 5799 2892 5864 1,
2926 5797 3012 5852 διὰ
3037 5797 3131 5868 τὴν
3162 5797 3317 5870 πρός,
3346 5808 3450 5853 clc.
