3850 6218
213 315 285 369 lOl
1295 302 1552 363 ORATIO
1584 305 1605 360 l
1644 301 1925 359 CONTRA
1961 299 2280 358 ARIANOS.

3319 305 3421 361 {02

211 426 360 492 δθεδς
387 427 441 480 ἐν
465 424 671 490 τούτοις
699 424 847 478 ἐστί’
885 423 1135 496 καθάπερ
1157 425 1252 478 καὶ
1281 424 1311 477 ὁ
1342 422 1598 491 Ἰωάννης
1627 418 1738 489 (67)

1845 418 2017 473 clarat
2039 437 2051 472 :
2072 416 2339 488 Quotquot
2369 427 2544 473 autem
2562 429 2864 489 receperunt
2892 432 3032 484 eum,
3061 416 3207 472 dedit
3233 417 3310 473 eis
3329 433 3423 489 ρο⁴

209 536 252 573 εν
280 518 365 590 μὲν
384 517 456 588 τῷ
481 516 794 587 Εὑιαγγελίῳ
822 516 986 586 φησιν
1003 530 1017 544 ⁸
1056 515 1220 570 Ὅσοι
1266 513 1335 567 δὲ
1367 513 1589 567 ἔλαϐον
1629 513 1739 565 αὐ-

207 612 310 675 τὸν,
332 610 540 665 ἔδωκεν
581 608 787 676 αὐτοῖς
826 608 1119 668 ἐξουσίαν
1149 607 1332 662 τέκνα
1378 604 1525 660 Θεοῦ
1572 603 1739 674 γενέ-

207 707 319 758 σθαι
335 720 349 733 ο
375 703 430 755 ἐν
446 701 498 755 δέ
527 704 592 772 τῇ
633 699 918 770 Ἐπιστολῇ
939 699 1143 770 γράφει
1163 717 1174 729 ·
1219 698 1324 752 Ἐν
1350 699 1540 764 τούτῳ
1568 693 1739 766 τινώ-

206 811 414 863 σκομεν,
439 792 523 846 ὅτι
548 792 719 861 μένει
747 792 818 845 ἐν
853 790 1017 861 ὑμῖν,
1050 791 1118 844 ἐκ
1142 790 1251 844 τοῦ
1277 789 1616 858 πνεύματος
1636 788 1742 840 αὺ-

1843 518 2083 564 testatem
2112 509 2255 579 ﬁlios
2288 508 2387 563 Dei
2407 509 2525 579 ﬁeri
2545 511 2624 576 ¹¹³;
2656 510 2899 580 itemque
2931 508 2988 563 in
3023 507 3300 578 Epistola,
3328 506 3425 562 ubi

1840 601 1957 657 haec
1982 601 2211 656 scribit:
2235 599 2299 654 In
2328 602 2425 654 hoc
2445 602 2662 665 scimus,
2694 603 2821 671 quia
2858 609 3035 656 manet
3061 601 3113 654 in
3146 598 3318 664 nobis,
3359 611 3426 650 ea:

1840 693 2037 762 spiritu
2059 692 2173 762 ejus
2193 709 2343 763 quem
2370 693 2514 746 dedit
2538 692 2687 746 nobis
2718 694 2781 748 "'.
2802 691 2856 747 ld
2885 708 3018 748 sane
3039 699 3422 763 argumentum

1840 793 1925 839 est
1945 784 2065 853 ejus
2095 784 2150 839 in
2174 800 2274 840 nos
2300 786 2673 856 benignitatis,
2694 784 2839 856 quod
2868 800 2971 840 nos
2991 785 3062 839 ob
3090 783 3422 838 altissimum

203 884 309 950 τοῦ,
341 879 407 939 οὗ
435 882 653 937 ἔδωκεν
680 881 846 952 ἡμῖν.
882 879 1178 953 Γνώρισμα
1218 879 1278 932 δέ
1303 880 1419 932 ἐστι
1458 878 1554 932 καὶ
1584 875 1738 930 τοῦτο

1845 872 2160 939 Dominum,
2213 875 2308 945 qui
2353 885 2437 932 est
2482 878 2537 931 in
2574 876 2753 940 nobis,
2796 874 3019 930 exaltati
3063 872 3297 938 fuimus,
3358 887 3423 927 ac

204 977 282 1047 τῆς
303 977 373 1039 είς
399 976 540 1046 ἡμᾶς
566 975 696 1044 παρ’
736 972 900 1027 αὐτοῦ
927 972 1225 1043 γενομένης
1261 970 1618 1040 ἀγαθότητος,
1660 969 1741 1021 ὅτι

201 1070 335 1139 ἡμεῖς
362 1068 455 1138 μὲν
486 1065 804 1138 ὑψώθημεν,
836 1066 924 1119 διὰ
957 1065 1019 1118 τὸ
1058 1067 1116 1118 ἐν
1144 1067 1277 1135 ἡμῖν
1305 1059 1442 1115 εἶναι
1485 1061 1579 1115 τὸν
1615 1059 1741 1130 ὕψι-

200 1178 304 1215 στον
332 1160 548 1232 Κύριον,
594 1160 691 1212 καὶ
722 1157 789 1210 δι’
837 1158 985 1228 ἡμᾶς
1027 1159 1060 1228 ἡ
1101 1156 1262 1229 χάρις
1304 1154 1528 1217 δίδοται,
1566 1150 1655 1205 διὰ
1681 1151 1743 1204 τὸ

198 1253 418 1322 γενέσθαι
463 1252 538 1316 ὡς
579 1252 727 1322 ἡμᾶς
782 1250 894 1321 (68)
944 1249 1230 1320 ἄνθρωπον
1276 1248 1368 1302 τὸν
1404 1245 1743 1321 χορηγοῦντα

198 1345 279 1418 τὴν
307 1345 452 1415 χάριν
483 1344 718 1410 Κύριον·
765 1341 928 1404 αὐτὸς
971 1341 1027 1394 δέ
1070 1342 1099 1393 ὁ
1147 1339 1338 1411 Σωτὴρ
1383 1337 1742 1393 ἐταπείνωσεν

196 1437 361 1490 ἑαυτὸν
388 1440 443 1490 ἐν
471 1435 548 1507 τῷ
573 1436 758 1488 λαϐεῖν
785 1434 845 1488 τὸ
879 1433 1133 1488 ταπεινὸν
1157 1431 1314 1503 ἡμῶν
1343 1430 1501 1501 σῶμα
1519 1447 1532 1461 ·
1555 1428 1742 1483 δούλου

196 1544 245 1583 τε
290 1529 485 1601 μορφὴν
536 1529 728 1583 ἐλαϐεν
754 1569 768 1592 ,
823 1527 1184 1597 ἐνδυσάμενος
1226 1525 1325 1596 τὴν
1384 1523 1744 1578 δουλωθεϊσαν

195 1621 353 1693 σάρκα
378 1624 440 1693 τῇ
467 1622 736 1693 ἁμαρτίᾳ.
764 1621 876 1674 Καὶ
900 1618 1061 1682 αὐτὸς
1097 1618 1199 1689 μὲν
1233 1618 1383 1671 οὐδὲν
1427 1616 1555 1688 παρ’
1587 1615 1743 1687 ἡμῶν

195 1712 264 1774 είς
284 1710 546 1781 βελτίωσιν
578 1710 809 1782 ἔσχηκεν
858 1708 1007 1780 (69)·
1045 1707 1297 1778 ἀνενδεὴς
1338 1708 1447 1776 γάρ
1493 1709 1609 1760 ἐστι
1647 1706 1742 1760 καὶ

1841 969 2068 1031 propter
2117 978 2218 1019 nos
2273 964 2395 1018 data
2449 964 2553 1019 fuit
2587 965 2783 1035 gratia,
2828 979 2894 1019 eo
2931 963 3077 1032 quod
3129 962 3420 1026 Dominus,

1842 1052 2032 1123 gratia:
2083 1052 2331 1123 largitor,
2396 1056 2561 1110 homo
2607 1054 2780 1110 nostri
2824 1053 3021 1108 similis
3063 1053 3135 1107 sit
3170 1051 3421 1107 etractus.

1841 1146 2110 1202 Caeterum
2160 1147 2277 1217 ipse
2327 1145 2579 1202 Salvator
2624 1148 2866 1218 seipsum
2921 1144 3253 1211 humiliavit,
3295 1159 3420 1199 cum

1842 1248 2094 1294 nostrum
2152 1238 2358 1294 humile
2402 1255 2604 1310 corpus
2664 1241 2874 1308 accepit
2928 1256 2943 1292 :
3007 1236 3257 1307 servique
3309 1234 3422 1289 for-

1842 1342 1989 1381 mam
2020 1326 2218 1392 induit,
2252 1343 2377 1383 cum
2420 1342 2643 1382 carnem
2665 1368 2680 1394 ,
2713 1343 2835 1398 quae
2862 1336 3084 1397 peccato
3115 1325 3420 1394 mancipata

1842 1428 1984 1485 erat,
2019 1420 2336 1489 assumpsit.
2369 1418 2516 1473 Nihil
2547 1428 2728 1474 autem
2761 1421 2878 1489 ipse
2900 1434 3008 1487 quo
3031 1417 3224 1472 melior
3247 1416 3420 1484 ﬁeret,

1843 1525 1876 1565 a
1901 1510 2058 1565 nobis
2086 1511 2316 1566 habuit:
2357 1511 2630 1582 siquidem
2662 1512 2808 1568 nulla
2825 1527 2885 1567 re
2913 1513 3145 1581 indiget,
3174 1512 3270 1567 sed
3303 1512 3420 1583 ple-

1843 1617 1975 1657 num
2013 1613 2065 1658 et
2097 1602 2399 1673 perfectum
2435 1613 2520 1659 est
2554 1603 2649 1659 Dei
2682 1604 2941 1660 Verbum.
2982 1604 3182 1660 Verum
3209 1620 3311 1661 nos
3335 1606 3423 1661 ille

1843 1696 2028 1766 potius
2056 1696 2235 1751 etl‘ecit
2266 1697 2539 1752 meliores.
2571 1695 2708 1752 Nam
2754 1698 2869 1769 ipse
2902 1698 2996 1751 tux
3025 1707 3111 1753 est
3142 1715 3260 1769 quae
3295 1698 3422 1754 illu-

192 1801 380 1874 πλήρης
401 1805 429 1856 ὁ
446 1803 540 1856 τοῦ
562 1803 698 1856 Θεοῦ
723 1802 895 1871 Λόγος
916 1816 932 1833 ⁸
968 1802 1128 1872 ἡμεῖς
1152 1799 1208 1853 δὲ
1241 1799 1372 1871 παρ’
1407 1796 1573 1853 αὑτοῦ
1603 1799 1738 1869 μᾶλ-

1845 1789 2010 1842 miuat
2057 1804 2262 1843 omnem
2307 1789 2567 1843 hominem
2616 1790 2901 1843 venientem
2958 1790 3013 1843 in
3061 1790 3314 1845 mundum
3354 1790 3421 1846 “.

192 1892 270 1949 λον
298 1894 709 1967 ἐσελτιώθημεν.
741 1894 913 1956 Αὐτὸς
937 1894 1048 1964 γάρ
1072 1894 1188 1946 ἐστι
1210 1891 1272 1945 τὸ
1297 1890 1443 1961 φῶς,
1463 1890 1494 1944 ὃ
1516 1888 1745 1960 φωτίζει

191 1983 367 2040 πάντα
399 1986 713 2054 ἄνθρωπον
731 1986 1061 2056 ἐρχόμενον
1090 1987 1178 2050 εὶς
1205 1983 1312 2038 τὸν
1346 1984 1599 2051 κόσμον.
1633 1982 1745 2036 Kal

195 2076 351 2148 μάτην
366 2078 727 2149 ἐπερείδονται
741 2080 790 2130 οἱ
805 2077 1072 2148 Ἀρειανοὶ
1088 2075 1184 2147 τῷ,
1205 2074 1317 2140 διὸ,
1343 2074 1642 2146 συνδέσμῳ,
1657 2073 1744 2128 διὰ

189 2168 244 2221 τὸ
265 2166 428 2237 λέγειν
449 2170 540 2222 τὸν
574 2168 785 2223 Παῦλον
810 2186 823 2199 ·
856 2167 952 2222 Διὸ
983 2167 1078 2221 καὶ
1113 2171 1146 2222 d
1180 2166 1325 2233 Θεὸς
1353 2165 1540 2220 αὐτὸν
1564 2169 1743 2235 ὑπερ-

188 2259 434 2329 ύψωσεν.
458 2261 534 2315 Οὐ
569 2259 680 2332 γὰρ
705 2256 867 2314 ἆθλον
907 2258 1108 2330 ἀρετῆς
1130 2301 1145 2323 ,
1172 2256 1295 2311 οὐδὲ
1322 2256 1431 2328 (70)
1464 2255 1743 2327 βελτίωσιν

189 2352 443 2422 προκοπῆς
466 2349 632 2404 αὐτοῦ
658 2349 939 2421 σημαίνων
971 2348 1176 2417 ἔλεγεν,
1210 2346 1346 2401 ἀλλὰ
1364 2346 1422 2400 τὸ
1446 2346 1617 2400 αἴτιον
1642 2345 1743 2416 τῆς

189 2443 258 2505 είς
280 2445 414 2513 ἡμᾶς
433 2443 732 2514 γενομένης
753 2441 1031 2512 ὑψώσεως.
1065 2440 1130 2493 Τί
1149 2440 1204 2493 δὲ
1225 2438 1382 2493 τοῦτό
1409 2441 1558 2493 ἐστιν
1588 2438 1621 2509 ἢ
1649 2437 1742 2490 τὸν

189 2534 240 2587 ἐν
262 2536 427 2607 μορφῇ
456 2534 594 2588 Θεοῦ
628 2534 939 2605 ὑπάρχοντα
961 2532 1094 2605 (71),
1126 2533 1221 2585 καὶ
1253 2530 1505 2601 εὐγενοῦς
1527 2532 1742 2605 Πατρὸς

189 2622 320 2689 Υίδν,
350 2622 685 2678 ταπεινῶσαι
710 2623 901 2676 ἐαυτὸν
926 2622 1021 2677 καὶ
1064 2621 1250 2675 δοῦλον
1300 2621 1416 2676 ἀνθ’
1461 2621 1618 2694 ἡμῶν
1647 2624 1742 2677 καὶ

190 2715 314 2788 ὑπὲρ
339 2716 489 2788 ἡμῶν
507 2715 797 2784 γενέσθαι;
832 2715 895 2768 El
920 2714 1027 2786 γὰρ
1064 2714 1138 2785 μὴ
1161 2713 1446 2786 ἄνθρωπος
1487 2717 1515 2768 ὁ
1536 2713 1742 2786 Κύριος

189 2806 428 2874 ἐγεγόνει,
477 2806 581 2860 οὐκ
612 2805 678 2859 ἂν
707 2806 869 2876 ἡμεῖς
902 2804 1010 2858 ἀπὸ
1055 2804 1338 2877 ἁμαρτιῶν
1375 2803 1741 2876 λυτρωθέντες

188 2896 246 2947 ἐκ
272 2896 467 2968 νεκρῶν
489 2894 819 2966 ἀνέστημεν,
844 2894 959 2948 ἀλλ’
984 2895 1249 2966 ἐμένομεν
1275 2895 1379 2948 ὑπὸ
1408 2895 1511 2966 γῆν
1533 2894 1735 2965 νεκροί·

183 2988 279 3042 οὐδ’
304 2988 365 3043 ἂν
384 2988 680 3059 ὑψώθημεν
712 2989 792 3051 είς
817 2987 1077 3051 οὐρανοὺς
1097 3027 1113 3050 ,
1158 2986 1272 3041 ἀλλ’
1296 2986 1554 3058 ἐκείμεθα
1579 2988 1636 3041 ἐν
1660 2984 1739 3057 τῷ

185 3078 294 3152 ᾄδῃ.
314 3082 388 3135 Δι’
408 3081 559 3152 ἡμᾶς
579 3080 686 3150 ἄρα
707 3079 800 3132 καὶ
833 3078 972 3149 ὑπὲρ
1002 3078 1159 3150 ἡμῶν
1186 3079 1302 3133 ἐστι
1330 3079 1393 3133 τὸ
1426 3079 1729 3150 λεγόμενον.

183 3173 545 3241 ὑπερύψωσε,
583 3169 700 3235 καὶ,
730 3168 1074 3238 ἐχαρίσατο.

244 3261 326 3316 ﬂ.
365 3263 635 3332 Τοιαύτην
667 3261 765 3333 μὲν
792 3257 886 3315 οὖν
930 3260 1170 3336 ἠγοῦμαι
1221 3264 1320 3337 τὴν
1364 3263 1604 3318 διάνοιαν
1644 3264 1739 3318 τοῦ

184 3353 332 3423 ῥητοῦ
363 3355 455 3409 καὶ
481 3353 632 3423 μάλα
653 3352 1107 3431 ὲκκληῡιαστικὴν
1131 3352 1315 3411 οὖσαν.
1347 3357 1458 3410 Καὶ
1487 3356 1739 3428 δεύτερον

182 3444 233 3497 δὲ
251 3446 391 3515 ὅμως
420 3464 503 3510 τις
531 3447 930 3524 ἐπιχειρήσειεν
949 3451 1028 3513 εἰς
1055 3449 1114 3502 τὸ
1150 3449 1333 3521 ῥητὸν.
1369 3451 1433 3502 ἐκ
1455 3449 1739 3522 παραλλή-

182 3536 263 3590 λου
294 3537 458 3611 λέγων
489 3542 564 3597 τὰ
588 3543 725 3597 αὐτά
749 3560 761 3573 ·
798 3544 879 3596 ὅτι
901 3543 961 3595 οὐ
986 3542 1080 3595 τὸν
1102 3541 1273 3610 Λόγον
1296 3541 1478 3604 αὑτὸν,
1513 3536 1547 3613 ᾖ
1568 3541 1740 3610 Λόγος

182 3629 334 3700 ἐστὶν,
366 3636 635 3705 ὑψοῦσθαι
660 3635 946 3705 σημαίνει·
983 3633 1097 3687 ἔστι
1148 3632 1279 3705 γὰρ,
1315 3634 1391 3697 ὡς
1418 3633 1736 3706 προείρηται

183 3724 347 3794 μικρῷ
369 3726 606 3798 πρόσθεν
638 3726 774 3799 (72),
808 3725 1029 3796 ὕψιστος
1066 3726 1161 3778 καὶ
1182 3725 1367 3795 ὅμοιος
1397 3724 1473 3779 ὢν
1518 3725 1597 3797 τῷ
1623 3727 1729 3779 Πα-

179 3814 284 3884 τρί’
309 3816 441 3871 ἀλλὰ
471 3818 565 3872 διὰ
590 3818 689 3889 τὴν
703 3816 1111 3888 ὲνανθρὼπησιν
1131 3815 1295 3869 αὐτοῦ
1320 3816 1420 3888 τῆς
1446 3818 1510 3870 ἐκ
1529 3818 1739 3890 νεκρῶν

178 3904 510 3972 (inardesco;
553 3911 671 3962 ἐστι
700 3908 992 3980 δηλωτικὸν
1027 3908 1090 3967 τὸ
1129 3909 1312 3980 ῥητόν.
1356 3908 1543 3979 Λέγων
1585 3909 1737 3979 γοῦν,

177 3993 828 4053 ἐταπείνωενέαυτὸν
856 3999 1032 4069 μέχρι
1081 3998 1375 4064 θανάτου,
1428 3999 1592 4064 εὐθὺς
1642 4003 1742 4055 ἐπ-

175 4085 333 4156 ήγαγε
357 4090 436 4154 τὸ,
469 4090 573 4144 διὰ
595 4090 767 4144 τοῦτο
793 4092 1179 4160 ὑπερύψωσει
1218 4091 1385 4157 δεῖξαι
1409 4092 1596 4159 θέλων,
1634 4094 1738 4158 ὅτι,

175 4179 218 4229 εἰ
236 4181 323 4233 καὶ
355 4182 429 4245 ὡς
459 4182 747 4254 ἄνθρωπος
776 4182 992 4251 λέγεται
1017 4182 1356 4254 τεθνηκέναι,
1387 4182 1501 4238 ἀλλ’
1527 4183 1603 4250 ὡς
1625 4182 1738 4257 ζωὴ

175 4265 243 4320 ὢν
266 4269 448 4343 ὑψώθη
478 4276 547 4344 τῇ
598 4273 890 4326 ἀναστάσει
918 4288 933 4302 ·
977 4274 1030 4326 '0
1082 4272 1191 4361 γὰρ
1222 4274 1505 4342 καταϐὰς,
1556 4277 1740 4342 αὐτός

172 4356 293 4411 ἐστι
322 4361 419 4414 καί
445 4365 479 4416 ό
498 4361 774 4428 ἀναστάς
813 4363 947 4434 (75).
981 4356 1202 4435 Κατέὸη
1233 4364 1343 4436 γὰρ
1372 4365 1700 4437 σωματικῶς
1719 4383 1733 4397 ⁸

174 4443 359 4521 ἀνέστη
390 4448 468 4514 δὲ,
495 4451 583 4504 ὅτι
620 4451 751 4515 Θεὸς
778 4448 846 4524 ἦν
870 4453 1032 4517 αὐτὸς
1075 4454 1131 4505 ἐν
1175 4453 1405 4525 σώματι.
1441 4455 1551 4509 Kal
1581 4455 1740 4509 τοῦτο

168 4535 320 4591 πάλιν
343 4511 491 4594 ἐστιν
515 4535 578 4595 οὖ
600 4511 758 4614 χάριν
780 4511 1029 4615 ἐπήγαγε
1055 4548 1121 4617 τῇ
1165 4511 1374 4617 διανοίᾳ
1416 4546 1589 4618 ταύτῃ
1622 4547 1736 4619 (74)
1771 4511 1815 4566 D

167 4622 274 4694 τὸν,
309 4628 421 4697 διὸ,
469 4631 786 4704 σύνδεσμον,
818 4635 880 4688 οὐ
912 4635 1101 4703 μισθὸν
1128 4636 1332 4708 ἀρετῆς
1367 4638 1487 4691 οὐδὲ
1534 4655 1736 4710 προκο-

235 4805 280 4840 ¹⁸
311 4806 470 4866 Joan.
513 4825 555 4879 ι,
597 4810 684 4865 l2.
765 4812 809 4845 ¹⁸
847 4812 867 4866 l
904 4811 1063 4869 Joan.
1102 4831 1185 4883 Ill,
1224 4815 1313 4872 24.

231 4962 340 5044 (67)
367 4963 461 5021 Sic
490 4964 723 5044 segnes.
747 4968 1120 5044 Reg._Gohler.
1150 4983 1204 5029 et
1232 4973 1375 5031 Felc.
1407 4976 1459 5042 Ι,
1491 4986 1544 5032 et
1566 4977 1731 5034 Basil.

162 5033 474 5118 έῃειίοκει
516 5033 660 5118 rem.
805 5033 1054 5118 κξιθᾴπερ
1104 5046 1199 5118 καί
1227 5033 1505 5118 Ἰωάννης.
1556 5050 1736 5105 Editio

162 5101 420 5190 gemmel.
452 5107 707 5190 καθαπερ
747 5101 1095 5190 ’ὁηἸράννής
1111 5115 1330 5190 _lb_idei_n
1362 5101 1540 5188 μέν’θι
1571 5101 1735 5190 paulo

161 5176 510 5248 postjpacpet
535 5176 696 5248 abest
721 5196 753 5236 a
779 5180 995 5237 Gobler.
1028 5176 1081 5239 et
1110 5184 1255 5240 Felc.
1285 5187 1336 5240 'l.

230 5241 487 5333 Sie‘
524 5247 748 5333 Seguer.
794 5251 1272 5333 gobler._et_Felc.
1308 5258 1478 5333 _i,__ut
1519 5269 1574 5315 et
1606 5261 1734 5333 legit

158 5305 420 5399 Nannius.
446 5305 640 5374 (Σιριοῆ
654 5330 720 5399 _et
748 5305 831 5377 edi
840 5305 903 5388 ti,
920 5305 1271 5393 ἧένέξτοᾶιίϋ
1299 5305 1468 5399 illa;

249 5384 334 5460 εἴθ)
370 5386 622 5460 §eguer.,
651 5390 828 5460 ἔσχεν.

249 5408 334 5456 ου)
370 5408 622 5460 aeguer.,
651 5408 679 5443 ε
750 5409 828 5446 εν.

246 5453 592 5544 ZOlSeguer.
623 5408 1091 5544 Digjapaeiou
1105 5468 1308 5540 ἀρετῆς
1346 5507 1362 5523 .
1407 5512 1438 5544 .7
1468 5514 1481 5526 .
1527 5513 1541 5528 .
1582 5471 1726 5527 οὔτε.

157 5519 504 5659 ξῗςῐίρευῖο
551 5540 693 5601 post,
723 5519 824 5603 τῆς
859 5519 944 5602 εἰς
976 5519 1543 5633 ἡμᾶς’-γεγενημένης

218 5665 328 5752 (71)
365 5667 622 5752 δεειιετε,
664 5672 1010 5752 ὅνταε-Ιιιειη
1056 5688 1112 5734 et
1153 5679 1371 5752 Qobler.
1407 5694 1461 5739 et
1490 5684 1634 5742 Felc.
1672 5687 1726 5750 l,

155 5739 242 5786 καὶ
272 5739 533 5807 εὐγενοῦς
573 5744 784 5817 Πατρὺς
811 5747 960 5814 Υἰόν,
993 5759 1053 5805 ιιι
1081 5760 1135 5807 et
1160 5749 1408 5811 Nannius
1441 5739 1725 5827 legi’thlii

1394 4818 1438 4850 ¹⁶
1473 4816 1634 4874 Joan.
1677 4836 1717 4885 ι,
1758 4821 1813 4878 9.

1842 1879 2066 1935 Frustra
2096 1895 2261 1951 porro
2290 1881 2480 1936 Ariani
2507 1880 2898 1951 conjunctione
2925 1883 3126 1937 ideirco
3148 1885 3422 1952 nituntur,

1841 1973 1933 2029 ubi
1965 1974 2227 2029 nimirum
2268 1973 2345 2028 ait
2381 1974 2585 2028 Paulus
2618 1972 2869 2029 :Idcirco
2898 1984 2949 2028 et
2994 1974 3136 2030 Deus
3164 1975 3422 2032 exultauit

1841 2064 2015 2118 illum.
2051 2062 2164 2119 Nec
2187 2064 2334 2119 enim
2375 2065 2526 2120 hisce
2560 2066 2743 2120 verbis
2768 2066 3059 2136 praemium
3082 2068 3302 2123 virtutis
3337 2067 3421 2122 vel

1841 2156 2242 2213 incrementum
2299 2156 2354 2211 in
2411 2157 2609 2212 melius
2664 2157 3028 2228 signiﬁcavit,
3089 2161 3187 2216 sed
3239 2159 3420 2215 nostri

1840 2264 2008 2305 causa
2052 2248 2252 2305 factam
2291 2250 2696 2306 exaltationem.
2744 2250 2887 2317 Quid
2927 2266 3059 2307 vero
3102 2251 3237 2307 illud
3272 2252 3421 2308 aliud

1838 2351 1943 2406 est,
1972 2357 2137 2411 quam
2171 2326 2319 2407 eum,
2348 2342 2443 2412 qui
2471 2342 2527 2396 in
2559 2341 2738 2398 forma
2765 2343 2859 2397 Dei
2888 2352 3026 2410 erat,
3063 2345 3424 2400 nobilissimi-

1839 2450 1959 2504 que-
1993 2433 2172 2489 Patris
2218 2433 2452 2505 Filium,
2483 2437 2723 2505 seipsum
2760 2436 3105 2501 humiliasse,
3139 2445 3195 2491 et
3241 2438 3422 2493 nostri

1839 2528 1958 2583 vice
1983 2543 2049 2584 ac
2077 2538 2297 2599 propter
2322 2545 2422 2585 nos
2446 2544 2665 2585 servum
2693 2545 2816 2585 esse
2844 2529 3091 2585 factum?
3119 2529 3234 2586 Nisi
3272 2532 3423 2587 enim

1839 2618 2107 2675 Dominus
2134 2606 2313 2676 homo'
2333 2620 2533 2678 fuisset
2564 2620 2765 2689 factus,
2796 2638 3079 2694 nunquam
3112 2638 3215 2679 nos
3238 2639 3270 2679 a
3292 2638 3424 2695 pec-

1839 2712 1977 2768 catis
2004 2712 2197 2768 redimi
2221 2715 2355 2769 vela
2385 2715 2621 2771 mortuis
2649 2716 2878 2771 excitari
2905 2718 3302 2787 potuissemus,
3326 2715 3426 2774 sed

1839 2804 2038 2857 mortui
2070 2805 2172 2859 sub
2206 2813 2406 2860 terram
2441 2807 2939 2872 remansissemus,
2970 2823 3150 2879 neque
3180 2822 3425 2878 unquam

1841 2894 1896 2950 in
1924 2896 2095 2952 caelos
2128 2896 2425 2955 fuissemus
2452 2901 2659 2965 evecti,
2710 2901 2805 2956 sed
2841 2901 2895 2955 in
2931 2900 3124 2958 inferis
3151 2903 3423 2973 iacuisse-

1838 3002 1983 3043 mus.
2013 2986 2202 3058 Itaque
2228 2999 2452 3060 propter
2493 3006 2595 3047 nos
2637 3000 2820 3063 etpro
2847 2992 3008 3048 nobis
3052 2993 3186 3051 illud
3218 2995 3424 3051 dictum

1843 3085 1965 3143 est,
1998 3078 2254 3133 exultavit
2293 3088 2349 3135 et
2374 3082 2614 3135 donavit.

1767 3146 1811 3206 ο
1916 3168 2007 3225 44.
2050 3168 2210 3225 Hunc
2241 3185 2343 3242 ego
2381 3188 2603 3228 sensum
2635 3173 2801 3245 hujus
2836 3174 2942 3230 loci
2965 3189 3108 3241 esse,
3137 3175 3426 3231 eumdem-

1844 3278 1953 3333 que
2005 3264 2246 3319 maxime
2277 3265 2710 3321 ecclesiasticum
2765 3267 3022 3322 arbitror.
3071 3268 3193 3321 Alio
3239 3277 3425 3323 tamen

1846 3353 2012 3409 modo
2040 3354 2134 3409 sed
2158 3354 2275 3424 pari
2308 3357 2582 3410 sententia
2612 3357 2754 3411 idem
2788 3354 2861 3411 ita
2889 3356 3015 3412 licet
3042 3357 3424 3428 interpretari,

1847 3454 1908 3500 ut
1936 3461 2129 3514 nempe
2159 3446 2268 3501 illis
2300 3447 2480 3502 verbis
2510 3463 2620 3501 non
2652 3447 2924 3504 indicetur
2950 3447 3189 3504 Verbum
3219 3450 3424 3520 ipsum,

1846 3547 2118 3608 quatenus
2140 3545 2224 3592 est
2253 3536 2515 3604 Verbum,
2545 3539 2775 3593 exaltari
2802 3558 2816 3594 :
2850 3557 3001 3606 nam,
3026 3550 3088 3596 ut
3112 3541 3276 3612 paulo
3299 3550 3428 3597 ante

1846 3638 1931 3684 est
1956 3629 2184 3695 dictum,
2217 3630 2545 3685 altissimum
2575 3630 2862 3701 simileque
2892 3632 3043 3688 Patri
3075 3641 3192 3701 est;
3233 3648 3423 3688 verum

1848 3719 2164 3789 huiusmodi
2191 3720 2338 3776 dicto
2378 3722 2712 3778 resurrectio
2746 3738 2775 3776 a
2806 3724 3043 3779 mortuis
3082 3723 3426 3795 signiﬁcatur

1845 3819 2069 3882 propter
2102 3812 2399 3867 humanam
2427 3814 2497 3868 ab
2527 3829 2594 3869 eo
2616 3825 2954 3885 assumptam
2984 3822 3260 3871 naturam.
3284 3816 3426 3873 Hinc

1847 3911 2138 3972 postquam
2194 3904 2355 3972 dixit,
2409 3906 2713 3973 humiliavit
2756 3908 3094 3976 semetipsum
3149 3924 3313 3978 usque
3354 3910 3424 3962 ad

1847 4003 2069 4048 mortem
2097 3995 2162 4060 ",
2191 3996 2376 4050 statim
2407 3997 2639 4063 addidit,
2665 3998 2864 4051 ideirco
2894 3997 3151 4053 exultavit
3173 4014 3192 4052 :
3225 3999 3427 4067 quibus

1848 4087 2038 4157 utique
2075 4088 2260 4143 verbis
2293 4088 2409 4142 vult
2436 4091 2724 4145 ostendere
2756 4105 2904 4154 eum,
2936 4090 3191 4160 quamvis
3232 4101 3428 4162 quate-

1847 4197 1952 4236 nus
1974 4181 2140 4237 homo
2172 4191 2277 4247 est,
2326 4190 2580 4237 mortuus
2627 4198 2749 4238 esse
2795 4182 3022 4249 dicitur,
3069 4192 3126 4238 at
3154 4193 3427 4253 quatenus

1845 4281 1932 4329 est
1965 4260 2094 4338 vita,
2128 4275 2532 4330 resurrectione
2567 4276 2865 4329 exaltatum
2894 4274 3066 4331 fuisse
3096 4294 3110 4339 ;
3142 4291 3268 4331 nam
3318 4274 3425 4340 Qui

1846 4365 2132 4431 descendit,
2158 4367 2270 4436 ipse
2297 4376 2398 4433 est,
2429 4378 2479 4421 et
2503 4369 2592 4438 qui
2618 4369 2857 4422 ascendit
2884 4369 2949 4423 ιδ.
2988 4367 3270 4439 Siquidem
3301 4383 3421 4423 cor.

1845 4472 1977 4526 pore
2008 4458 2290 4514 descendit
2317 4478 2330 4513 :
2358 4461 2661 4515 resurrexit
2686 4475 2814 4516 vero
2838 4461 2966 4532 quia
2998 4462 3114 4531 ipse
3142 4460 3286 4516 Deus
3308 4468 3430 4515 erat

1844 4547 1898 4601 in
1926 4563 2190 4618 corpore;
2226 4551 2450 4620 haecque
2473 4566 2669 4606 rursus
2698 4566 2867 4606 causa
2892 4562 2997 4618 est,
3028 4567 3129 4606 cur
3159 4567 3224 4606 eo
3260 4567 3426 4606 sensu

1845 4641 2315 4712 coniunctionem,
2348 4644 2572 4710 idcirco,
2600 4644 2936 4709 adhibuerit,
2969 4661 3092 4716 quae
3121 4660 3222 4701 nec
3247 4644 3425 4699 virtu-

1891 4825 1934 4857 "
1973 4824 2171 4927 Philip.
2212 4843 2272 4895 ιι,
2297 4830 2351 4892 8,
2370 4815 2424 4882 9.
2505 4829 2548 4861 ³⁸
2588 4828 2789 4899 Ephes.
2830 4844 2904 4896 iv,
2946 4827 3035 4885 10.

1840 4990 1895 5037 et
1924 4984 2102 5059 editio
2121 4984 2411 5059 Commel.,
2444 4988 2538 5041 καὶ
2565 4990 2623 5042 ἐν
2653 4986 2908 5059 ὁμοιώσει
2936 4987 3149 5057 Πατρὸς
3182 4988 3335 5046 Υίὸν.

1914 5053 2245 5130 (72)Μικρῷ
2274 5058 2509 5130 πρρσθεν
2533 5053 2736 5114 εῦθεῑίι
2764 5053 3075 5130 ϐοιιιοιιὶειι.
3111 5069 3165 5130 et
3196 5059 3343 5116 Felc.
3372 5063 3422 5115 i.

2004 5123 2227 5216 $638gél;l
2257 5123 2474 5216 tell-Reg.
2506 5129 2726 5216 ὕψιστος
2757 5132 2940 5216 ξμοιος
3067 5129 3164 5201 τῷ.
3201 5132 3419 5216 ςιοὺιεγ.

1839 5194 1990 5273 ite_m_
2018 5194 2357 5273 et'Felc._l,
2387 5194 2463 5273 ὢν
2507 5194 2733 5256 addunt.
2772 5194 3169 5272 Editialiique,
3201 5201 3425 5273 ὕψιστος

1839 5265 2147 5342 και-ρμοιος
2168 5268 2247 5342 τῷ
2270 5270 2464 5342 Πατρί.

1910 5335 2023 5404 (73)
2057 5335 2297 5394 Felckm.
2336 5335 2402 5403 5,
2441 5342 2535 5395 καὶ
2567 5341 2826 5406 ἀναστάς.
2868 5343 3071 5399 Ibidem
3104 5342 3435 5403 Basiliensis

1837 5406 2040 5483 κατέϐη
2070 5411 2649 5483 σωματικῶς,νᾲνέστη
2693 5411 2752 5465 δὲ
2795 5414 2871 5479 ὡς
2910 5415 3064 5479 Θεὸς,
3101 5415 3183 5469 ὅτι
3206 5416 3234 5468 ὁ
3265 5418 3416 5479 Θεός.

1833 5478 1941 5558 ﬁlii
1974 5478 2102 5534 vero
2131 5478 2184 5535 et
2211 5482 2379 5558 editio
2425 5478 2715 5547 Commel.,
2756 5478 2958 5558 ἀνέστη
3001 5478 3093 5549 δέ,
3140 5487 3222 5539 ὅτι
3264 5478 3415 5550 Θεός.

1830 5546 2162 5674 ξὲἕθοέιιεω
2198 5551 2291 5605 alii
2323 5567 2514 5608 omnes
2541 5562 2597 5608 et
2637 5568 2772 5609 mss.
2812 5564 2867 5611 et
2895 5546 3025 5611 editi
3058 5546 3181 5627 post
3210 5546 3417 5629 κατέϐη

1976 5636 2006 5673 n
2040 5660 2052 5673 .

1870 5633 2052 5673 auent.

1903 5689 2014 5772 (74)
2033 5688 2290 5772 _Segu_er.,
2321 5693 2417 5748 καὶ
2448 5697 2507 5750 ἐν
2530 5698 2595 5769 τῇ
2620 5696 2829 5770 διανοίᾳ
2855 5696 3049 5772 ταύτῃ.
3080 5688 3227 5754 Idem
3252 5697 3416 5771 paulo

1828 5769 1951 5828 post
1982 5760 2046 5814 δι’
2078 5760 2144 5832 ἢν
2173 5763 2487 5830 ἀνάστασις.
