3850 6218
397 319 499 375 tor
610 292 613 297 ’

1031 317 1089 375 S.
1124 315 1492 375 ATHANASII
1525 316 1680 374 OPP.
1721 316 1902 372 PARS
1938 316 1980 372 Ι.
2019 347 2089 359 -
2125 313 2498 372 HISTORICA
2533 314 2623 370 ET
2655 313 3076 373 DOGMATICA.

3550 319 3658 375 108

392 448 562 508 quam
610 448 734 490 eum
784 447 815 488 a
863 432 1027 489 rebus
1069 432 1228 489 factis
1281 433 1447 488 alium
1501 449 1645 501 esse,
1681 434 1965 504 solumque

2079 434 2210 487 νοεῖν
2234 431 2269 503 ἢ
2299 432 2382 487 ὅτι
2406 433 2517 487 τῶν
2546 433 2647 504 μὲν
2678 432 2922 505 γενητῶν
2950 431 3061 504 (94)
3087 431 3244 497 ἀλλος
3280 435 3398 489 ἐστὶ
3415 476 3430 501 ,
3473 435 3572 490 τοῦ
3598 436 3659 491 δὲ

393 542 521 583 esse
574 523 753 580 Patris
783 523 1040 590 Verbum,
1096 523 1442 593 splendorem
1503 533 1559 579 et
1621 524 1965 595 sapientiam,

396 618 556 688 cujus
595 632 683 672 res
709 631 900 671 omnes
939 624 1135 671 creata:
1167 616 1300 670 ﬁant
1328 617 1645 687 participes,
1679 626 1734 672 et
1766 626 1969 673 sanctae

395 709 699 769 abeodem
751 708 955 778 Spiritu
1010 708 1329 764 reddantur.
1378 708 1648 776 Quocirca
1700 710 1787 766 hic
1837 712 1967 783 ungi

393 804 614 870 dicitur,
651 818 760 857 non
792 809 867 856 ~ut
913 800 1055 855 Deus
1102 800 1225 866 ﬁat;
1276 816 1401 855 nam
1459 801 1604 857 Deus
1656 811 1812 857 antea
1851 802 1970 873 ipse

392 907 562 950 erat:
600 910 701 950 nec
754 904 815 950 ut
862 910 958 950 rex
1008 894 1112 959 sit;
1159 892 1228 948 ab
1274 893 1576 949 aeternitate
1625 894 1769 949 enim
1824 895 1967 949 idem

396 988 662 1058 regnavit,
685 996 881 1057 utpote
918 986 1013 1055 qui
1044 983 1140 1039 Dei
1184 986 1257 1038 sit
1294 985 1476 1055 imago
1506 986 1575 1053 ’⁸,
1610 986 1967 1055 quemadmo-

393 1080 523 1151 dum
561 1079 846 1149 Scriptura
886 1086 1133 1134 testatur.
1166 1077 1375 1132 aVerum
1404 1077 1455 1132 id
1485 1092 1705 1146 quoque
1735 1093 1834 1148 pro
1866 1091 1968 1132 no-

393 1171 478 1226 bis
513 1171 777 1241 scriptum
810 1179 913 1226 est.
954 1169 1092 1224 Nam
1129 1184 1284 1240 reges
1315 1168 1602 1237 .lsraelitae,
1633 1184 1758 1224 cum
1793 1184 1965 1241 unge-

392 1265 616 1332 bantur,
643 1273 775 1319 tunc
829 1280 984 1335 reges
1032 1266 1255 1331 ﬁebant,
1298 1265 1392 1334 qui
1449 1276 1608 1319 antea
1660 1280 1816 1336 reges
1858 1281 1965 1321 non

392 1368 571 1424 erant,
605 1366 669 1412 ut
694 1355 890 1423 David,
922 1356 1420 1423 EzechiasyJosias
1449 1358 1682 1427 aliique.
1726 1358 1796 1414 At
1836 1374 1966 1413 vero

395 1449 671 1515 Salvator,
718 1450 935 1505 tametsi
990 1460 1146 1505 antea
1196 1449 1360 1514 Deus,
1419 1465 1742 1521 semperque
1792 1452 1967 1508 Patris

394 1555 564 1610 regno
597 1542 824 1610 potitus,
857 1548 1021 1612 atque
1053 1540 1315 1611 Spiritum
1345 1552 1592 1596 sanctum
1612 1544 1734 1612 ipse
1767 1544 1969 1614 imper-

395 1633 559 1711 tiens,
592 1640 774 1686 tamen
809 1649 955 1688 nunc
989 1633 1115 1703 ungi
1155 1634 1377 1697 dicitur,
1414 1649 1492 1700 ut,
1528 1651 1650 1690 cum
1697 1646 1966 1704 quatenus

397 1725 562 1779 homo
584 1725 792 1795 Spiritu
822 1725 948 1795 ungi
979 1725 1340 1795 signiﬁcatur,
1368 1728 1828 1797 quemadmodum
1862 1743 1965 1783 no-

394 1818 480 1873 bis
516 1818 828 1874 bominibus
852 1817 1010 1873 dedit
1030 1825 1109 1873 ~ut
1145 1819 1512 1873 exaltarcmnr
1556 1830 1610 1873 et
1653 1834 1963 1889 resurgere-

395 1925 543 1973 mus,
575 1910 656 1964 sic
687 1925 786 1965 nos
819 1910 981 1964 etiam
1020 1909 1257 1980 Spiritus
1294 1911 1683 1965 habitationem
1729 1910 1966 1965 amicos-

395 2016 503 2072 que
536 2000 788 2057 elﬁceret.
825 2001 882 2057 ld
926 2002 1042 2072 ipse
1076 2004 1339 2058 Dominus
1369 2003 1456 2058 his
1489 2003 1605 2058 suis
1656 2002 1836 2057 verbis
1882 2001 1965 2055 in-

392 2093 631 2159 dicabat,
659 2104 720 2148 ut
754 2093 949 2163 legitur
989 2094 1042 2147 in
1078 2091 1304 2149 Joannis
1331 2092 1625 2164 Evnngelio
1658 2113 1671 2147 :
1701 2092 1812 2164 Ego
1841 2093 1965 2147 misi

390 2202 478 2240 eos
515 2187 569 2239 in
606 2185 882 2247 mundum,
912 2194 961 2239 et
992 2201 1087 2255 pro
1127 2185 1200 2239 eis
1236 2201 1328 2255 ego
1372 2186 1649 2255 sanctiﬁco
1686 2187 1963 2255 meipsum,

389 2287 450 2331 ut
476 2278 581 2330 sint
610 2287 659 2331 et
694 2277 799 2346 ipsi
826 2277 1145 2346 sanctificati
1178 2277 1235 2331 in
1266 2278 1586 2332 ueritate".
1619 2277 1830 2343 Quibus
1859 2278 1967 2332 uti-

392 2386 500 2441 que
526 2370 708 2425 verbis
743 2368 999 2439 patefecit
1033 2384 1093 2423 se
1127 2383 1235 2423 non
1276 2384 1400 2424 esse
1433 2369 1526 2440 qui
1575 2370 1966 2437 sanctiﬁcetur,

390 2461 484 2517 sed
526 2460 620 2530 qui
659 2460 981 2515 sanctiﬁcet.
1023 2457 1133 2512 Nec
1179 2458 1324 2512 enim
1385 2459 1452 2514 ab
1509 2458 1618 2513 alio
1662 2460 1966 2514 sanctiﬁca-

390 2561 501 2617 tur,
528 2552 619 2606 sed
644 2567 703 2606 se
728 2552 843 2619 ipse
871 2548 1199 2612 sanctiﬁcat,
1236 2557 1291 2602 ut
1317 2562 1417 2603 nos
1442 2548 1494 2601 in
1519 2548 1743 2602 veritate
1764 2549 1969 2603 sancti-

392 2646 640 2696 ﬁcemur.
676 2639 793 2713 Qui
842 2649 1024 2694 autem
1071 2639 1312 2713 seip'sum
1365 2637 1689 2703 sanctiﬁcat,
1727 2638 1968 2693 sanctiﬁ-

389 2733 552 2788 candi
586 2732 856 2787 Dominus
881 2738 984 2785 est.
1012 2729 1114 2797 Qui
1148 2744 1313 2799 porro
1351 2727 1499 2782 istud
1526 2726 1776 2792 eﬁicitur,
1808 2728 1968 2798 quid-

395 2841 462 2879 ve
508 2824 651 2879 aliurl
715 2823 848 2878 dicit
888 2836 1053 2892 quam
1093 2821 1256 2875 verba
1302 2818 1662 2888 hujusmodi:
1704 2819 1817 2889 Ego
1872 2821 1966 2890 qui

389 2916 571 2975 Patris
606 2914 855 2969 Verbum
888 2929 1032 2979 sum,
1062 2913 1178 2983 ipse
1226 2910 1357 2965 mihi
1395 2909 1537 2966 facto
1577 2911 1784 2965 homini
1822 2912 1968 2967 dono

394 3008 688 3079 Spiritum,
720 3021 914 3075 meque
964 3005 1168 3060 factum
1207 3002 1482 3057 hominem
1529 3003 1583 3056 in
1634 3004 1727 3058 illo
1759 3006 1967 3061 sancti~

2070 523 2283 594 Πατρὸς
2313 523 2472 593 μόνος
2503 524 2667 586 αὐτός
2694 525 2809 576 ἐστι
2850 522 3025 591 Λόγος
3053 521 3342 594 ἀληθινὸς,
3398 526 3665 595 ἀπαύγαν

2062 633 2184 686 ’σμα
2217 615 2314 668 καὶ
2348 615 2529 685 σοφία,
2576 609 2645 687 ἦς
2665 614 2735 669 τὰ
2768 615 2971 686 γενητὰ
3002 615 3114 686 (95)
3168 615 3346 669 πάντα
3411 617 3659 689 μετέχει,

2070 709 2164 762 καὶ
2187 705 2473 777 ἁγιάζεται
2498 709 2626 780 παρ’
2655 707 2821 761 αὐτοῦ
2847 708 2925 779 τῷ
2958 707 3260 779 Πνεύματι.
3293 710 3405 763 Καὶ
3419 711 3661 766 ἐνταῦθα

2068 800 2202 870 γοῦν
2222 799 2455 871 χρίεται,
2482 800 2581 870 οὐχ
2619 800 2707 853 ἵνα
2730 799 2861 863 Θεὸς
2894 799 3154 870 γένηται·
3190 796 3261 873 ἦν
3285 803 3396 874 γὰρ
3426 804 3521 856 καὶ
3546 803 3661 877 πρὸ

2068 889 2255 943 τούτου
2281 907 2294 918 ·
2327 889 2436 943 οὐδ’
2470 890 2557 943 ἵνα
2599 888 2850 961 βασιλεὺς
2880 890 3137 963 γένηται·
3188 887 3259 964 ἦν
3315 894 3426 966 γὰρ
3465 894 3660 959 ἀῖδίως

2071 980 2389 1051 βασιλεύων,
2419 980 2582 1035 εἰκὼν
2613 982 2873 1053 ὑπάρχων
2913 982 3008 1035 τοῦ
3058 982 3217 1049 Θεοῦ,
3268 985 3344 1049 ὡς
3371 986 3432 1039 τὸ
3470 986 3662 1056 λόγιον

2069 1072 2370 1127 δείκνυσιν
2401 1072 2515 1126 ἀλλ’
2548 1072 2691 1144 ὑπὲρ
2717 1072 2876 1144 ἡμῶν
2911 1075 3075 1130 πάλιν
3116 1076 3211 1131 καὶ
3242 1077 3400 1131 τοῦτο
3443 1078 3658 1151 γέγρα-

2070 1182 2221 1218 πται.
2273 1165 2337 1217 θὶ
2391 1165 2487 1235 μὲν
2506 1165 2626 1236 ’γὰρ
2678 1165 2821 1219 κατὰ
2847 1164 2941 1220 τὸν
3004 1166 3220 1239 Ἰσραὴλ
3256 1168 3494 1238 βασιλεῖς
3517 1210 3531 1233 ,
3563 1170 3659 1223 ὅτε

2068 1256 2333 1327 ἐχρίοντο,
2359 1257 2480 1310 τότε
2515 1257 2755 1327 βασιλεῖς
2780 1257 3041 1326 ἐγίνοντο,
3067 1260 3166 1313 οὐκ
3196 1260 3349 1325 ὔντες
3386 1262 3663 1334 πρότερον

2072 1347 2430 1418 βασιλεῖς,ιὼς
2451 1349 2736 1414 Δαὸὶδ,ὡς
2777 1348 3046 1415 Ἐζεκίας,
3078 1352 3154 1416 ὡς
3213 1352 3425 1417 Ἰωσίας
3467 1354 3564 1407 καὶ
3606 1355 3664 1407 οε

2068 1440 2215 1495 ἄλλοι
2247 1440 2396 1513 (96)·
2421 1443 2450 1495 ὁ
2470 1441 2526 1495 δὲ
2545 1442 2737 1513 Σωτὴρ
2767 1441 2828 1494 τὸ
2855 1442 3089 1514 ἔμπαλιν
3113 1444 3248 1507 Θεὸς
3289 1444 3366 1499 ὢν
3413 1447 3508 1501 καὶ
3555 1448 3666 1520 τὴν

2073 1533 2349 1604 βασιλείαν
2383 1532 2495 1606 (97)
2551 1532 2644 1587 τοῦ
2689 1534 2903 1607 Πατρὸς
2930 1535 3019 1588 ἀεὶ
3068 1534 3391 1606 βασιλεύων,
3439 1538 3537 1592 τοῦ
3590 1556 3664 1593 τε

2070 1624 2210 1678 Πνεύ
2220 1642 2386 1695 ματος
2413 1625 2507 1678 τοῦ
2539 1626 2694 1694 ἁγίου
2727 1627 2963 1697 χορηγὸς
2985 1625 3061 1681 ὢν
3089 1627 3272 1694 αὐτὸς,
3298 1630 3449 1700 ὅμως
3476 1630 3536 1684 δὲ
3565 1630 3663 1685 λέ-

2070 1717 2334 1786 γεταινῦν
2347 1718 2612 1789 χρίεσθαι,
2636 1719 2721 1773 ἵνα
2750 1720 2932 1787 πάλιν,
2953 1720 3032 1783 ὡς
3054 1721 3340 1793 ἄνθρωπος
3363 1722 3664 1795 λεγόμενος

2069 1807 2434 1880 τῷΠνεύματι
2460 1810 2732 1881 χρίεσθαι,
2754 1813 2889 1882 ἡμῖν
2912 1814 3026 1876 τοῖς
3046 1812 3377 1885 ἀνθρώποις,
3402 1814 3663 1888 καθάπερ

2066 1900 2126 1952 τὸ
2147 1900 2421 1972 ὑψωθῆναι
2456 1902 2631 1955 καὶτὸ
2649 1904 2947 1974 ἀναστῆναι
2968 1902 3103 1974 (98),
3132 1902 3304 1967 οὕτως
3335 1905 3429 1958 καὶ
3447 1905 3545 1977 τὴν
3559 1904 3663 1960 τοῦ

2067 1991 2383 2063 Πνεύματος
2433 1994 2706 2065 ἐνοίκησιν
2763 1995 2857 2048 καὶ
2882 1994 3192 2066 οἰκειότητα
3234 1997 3651 2069 κατασκευάσῃ.

2068 2084 2237 2138 Τοῦτο
2282 2084 2339 2137 δὲ
2394 2085 2674 2156 σημαίνων
2702 2086 2795 2140 καὶ
2833 2087 3003 2151 αὐτὸς
3049 2087 3117 2140 δι’
3167 2088 3361 2142 ἑαυτοῦ
3390 2091 3419 2142 ὁ
3449 2089 3663 2163 Κύριος

2068 2175 2250 2243 ἔλεγεν
2279 2175 2389 2246 (99)
2429 2177 2486 2228 ἐν
2514 2176 2591 2246 τῷ
2618 2176 2761 2230 κατά
2801 2178 3054 2249 Ἰωάννην
3088 2178 3409 2247 Εὐαγγελίῳ
3432 2197 3447 2210 ο
3507 2180 3664 2250 Ἐγὼ

2067 2265 2396 2320 ἀπέστειλα
2417 2264 2638 2332 αὐτοὺς
2655 2268 2744 2333 είς
2757 2266 2866 2320 τὸν
2885 2268 3139 2337 κόσμον,
3173 2268 3271 2322 καί
3286 2269 3439 2337 ὑπὲρ
3457 2268 3663 2323 αὐτῶν

2067 2356 2181 2427 ἐγὼ
2201 2356 2278 2428 (1)
2306 2356 2518 2426 ἁγιάζω
2540 2357 2822 2427 ἐμαυτὸν,
2846 2359 2947 2413 ἵνα
2971 2355 3085 2413 ὦσι
3112 2360 3211 2415 καὶ
3274 2362 3443 2416 αὐτοὶ
3484 2364 3655 2432 ἡγια-

2069 2448 2278 2517 σμένοι
2301 2448 2371 2502 ἐν
2408 2450 2680 2516 ἀληθείᾳ.
2708 2445 2879 2503 Τοῦτο
2904 2449 2962 2503 δὲ
2997 2449 3172 2519 λέγων
3216 2451 3434 2516 ἔδειξεν,
3474 2454 3557 2506 ὃτι
3581 2454 3659 2524 μὴ

2068 2541 2230 2605 αὑτός
2259 2542 2408 2594 ἐστιν
2435 2544 2463 2594 ὁ
2488 2540 2870 2613 ἁγιαζόμενος,
2892 2542 3015 2595 ἀλλ’
3043 2545 3072 2596 ὁ
3101 2542 3344 2612 ἁγιάζων
3369 2561 3385 2575 ’
3435 2544 3497 2597 οὐ
3543 2545 3660 2617 γὰρ

2070 2634 2198 2703 παρ’
2230 2630 2423 2702 ἑτέρου
2466 2632 2754 2701 ἁγιάζεται
2780 2671 2796 2696 ,
2837 2632 2952 2686 ἀλλ’
2985 2633 3147 2698 αὐτὸς
3179 2635 3370 2688 ἑαυτὸν
3417 2635 3655 2704 ἁγιάζει,

2070 2722 2158 2776 ἵνα
2184 2724 2344 2793 ἡμεῖς
2372 2724 2430 2775 ἐν
2454 2725 2521 2794 τῇ
2554 2722 3177 2796 άληθείᾳὰγιασθῶμεν.
3244 2727 3303 2780 '0
3354 2727 3412 2781 δὲ
3466 2729 3658 2783 ἑαυτὸν

2069 2813 2312 2883 ἁγιάζων
2339 2813 2542 2885 Κύριός
2567 2816 2682 2867 ἐστι
2712 2814 2807 2868 τοῦ
2846 2815 3116 2884 ἁγιάζειν.
3168 2818 3293 2881 Πῶς
3347 2815 3440 2872 οὖν
3496 2820 3659 2875 τοῦτο

2069 2906 2306 2975 γίνεται;
2337 2905 2454 2970 πῶς
2485 2906 2543 2959 δὲ
2563 2906 2639 2977 (2)
2667 2906 2822 2961 τοῦτο
2844 2907 2993 2976 λέγει
3020 2908 3055 2980 ἦ
3080 2909 3185 2973 ὅτι,
3216 2910 3358 2978 Ἐγὼ
3377 2912 3549 2980 Λόγος
3579 2912 3658 2965 ὢν

2070 3000 2164 3055 τοῦ
2187 3001 2422 3072 Πατρὸς,
2451 2999 2613 3063 αὐτὸς
2633 3000 2856 3072 ἐμαυτῷ
2876 3000 2974 3055 ἀνθ
2983 3000 3150 3073 ρώπῳ
3166 2999 3443 3074 γενομένῳ
3463 3003 3657 3074 δίδωμι

394 3099 519 3163 ilco,
567 3106 626 3152 ut
672 3097 928 3166 deinceps
976 3095 1033 3151 in
1080 3111 1192 3163 me,
1231 3097 1328 3166 qui
1378 3096 1581 3151 veritas
1642 3110 1763 3151 sum
1817 3098 1965 3167 (nam

2079 3090 2128 3146 τὸ
2157 3089 2397 3161 Πνεῦμιν
2422 3091 2519 3143 καὶ
2541 3090 2775 3166 ἐμαυτὸν
2792 3091 3078 3160 ἄνθρωπον
3102 3092 3393 3163 γενόμενον
3408 3094 3465 3146 ἐν
3481 3093 3659 3165 τούτῳ

402 3188 629 3244 Verbum
659 3200 809 3243 tuum
837 3188 1025 3242 veritas
1061 3198 1138 3242 est
1165 3189 1255 3259 ³⁷),
1285 3202 1475 3244 omnes
1512 3189 1964 3245 sanctilicentur?

460 3363 549 3416 47.
590 3361 746 3429 Quod
779 3362 824 3417 si
857 3362 1027 3418 nostri
1074 3362 1246 3433 gratia
1272 3376 1331 3417 se
1368 3361 1482 3431 ipse
1525 3361 1851 3428 sanctiﬁcat,
1880 3360 1966 3416 id-

263 3498 270 3505 .
388 3469 498 3523 que
532 3462 663 3508 tunc
704 3452 833 3508 facit
881 3468 1005 3508 cum
1044 3453 1208 3507 homo
1254 3460 1340 3506 est
1388 3451 1586 3516 factus,
1614 3458 1761 3506 certe
1795 3452 1965 3522 liquet

391 3544 677 3615 Spiritum,
702 3560 822 3599 cum
859 3545 912 3599 in
936 3560 1060 3599 eum
1084 3544 1226 3615 apud
1258 3544 1550 3600 Iordanem
1581 3544 1881 3609 descendit,
1906 3544 1964 3598 in

388 3638 553 3709 356
586 3652 683 3692 nos
713 3637 887 3705 ipsos,
911 3637 1037 3707 quia
1061 3647 1306 3693 nostrum
1342 3637 1432 3691 ille
1473 3646 1710 3708 gestaret
1731 3652 1957 3706 corpus,

389 3728 757 3791 descendisse,
789 3743 964 3797 neque
996 3727 1046 3781 id
1079 3727 1371 3798 contigisse
1400 3736 1461 3782 ut
1494 3728 1729 3782 Verbum
1765 3727 1962 3782 melius

391 3822 563 3884 ﬁeret,
590 3822 683 3876 sed
708 3828 768 3875 ut
796 3835 896 3875 nos
922 3821 1094 3875 sancti
1118 3818 1473 3887 eﬁiceremur,
1499 3820 1729 3890 ejusque
1747 3821 1964 3874 unctio-

390 3911 478 3967 nis
502 3925 751 3966 essemus
780 3910 1094 3980 participes,
1127 3925 1192 3964 ac
1221 3910 1288 3964 de
1322 3910 1481 3965 nobis
1523 3911 1797 3966 diceretur
1828 3930 1842 3965 :
1875 3910 1962 3964 An

390 4002 604 4056 nescitis
631 4003 756 4071 quia
791 4000 1039 4069 templum
1081 4001 1174 4054 Dei
1203 4002 1352 4067 estis,
1383 4011 1434 4054 et
1466 3998 1702 4070 Spiritus
1729 4000 1828 4055 Dei
1859 4002 1961 4055 Ita-

391 4094 523 4146 bitat
555 4093 608 4147 in
635 4094 776 4146 vobis
798 4094 886 4147 ’3?
916 4090 1053 4146 Cum
1077 4092 1222 4145 enim
1260 4090 1524 4147 Dominus
1562 4101 1820 4162 tanquam
1862 4094 1963 4146 lio-

391 4201 481 4241 mo
511 4187 785 4242 lavaretur
819 4186 874 4240 in
909 4184 1165 4251 Jordane,
1194 4199 1294 4240 nos
1329 4184 1431 4254 ipsi
1465 4185 1519 4239 in
1558 4185 1650 4240 illo
1678 4193 1733 4240 et
1762 4186 1831 4241 ab
1868 4186 1963 4240 illo

2074 3183 2305 3252 ἁγιάζω,
2336 3183 2424 3237 ἵνα
2439 3181 2624 3236 λοιπὸν
2654 3182 2711 3234 ὲν
2736 3182 2860 3253 ἐμοὶ
2891 3182 3119 3255 ἀληθείᾳ
3167 3183 3281 3236 ὄντι
3322 3183 3340 3254 (
3372 3184 3436 3236 '0
3456 3184 3513 3237 δὲ
3542 3187 3660 3239 A6-

2065 3291 2170 3345 τος
2196 3274 2271 3345 (5)
2286 3277 2318 3327 d
2337 3273 2451 3339 σὸς
2475 3272 2725 3339 ἀλήθειά
2741 3273 2967 3345 ἐστιν’)
2986 3275 3035 3326 οἱ
3065 3275 3265 3338 πάντες
3296 3275 3655 3345 ἁγιασθῶσιν;

2138 3364 2229 3418 47.
2266 3364 2330 3417 Ei
2357 3363 2414 3416 δὲ
2445 3362 2600 3433 ἡμῶν
2625 3364 2785 3434 χάριν
2810 3363 3003 3416 ἑαυτὸν
3056 3365 3300 3433 ἁγιάζει,
3349 3367 3444 3419 καὶ
3494 3365 3656 3421 τοῦτο

2071 3457 2233 3519 ποιεῖ,
2264 3454 2353 3507 ὅτε
2373 3454 2595 3523 γέγονεν
2620 3453 2927 3524 ἄνθρωπος,
2959 3453 3180 3528 εὔδηλον
3213 3455 3313 3525 (4),
3364 3456 3447 3509 ὅτι
3476 3457 3571 3511 καὶ
3617 3460 3655 3530 ἡ

2070 3548 2152 3610 είς
2179 3546 2343 3599 αὑτὸν
2388 3548 2446 3599 ὲν
2489 3545 2567 3617 τῷ
2622 3547 2859 3619 Ἰορδάνῃ
2897 3547 2991 3600 τοῦ
3033 3547 3346 3618 Πνεύματος
3388 3550 3657 3621 γενομένη

2070 3639 2313 3704 κάθοδος,
2338 3642 2418 3704 εἰς
2443 3641 2590 3711 ἡμᾶς
2616 3636 2684 3712 ἦν
2713 3641 2997 3712 γινομένη,
3025 3641 3113 3695 διὰ
3143 3642 3204 3696 τὸ
3258 3646 3445 3715 φορεῖν
3491 3644 3657 3699 αὑτὸν

2071 3731 2131 3784 τὸ
2159 3731 2428 3803 ἡμέτερον
2453 3730 2531 3803 (5)
2567 3731 2748 3802 σῶμα.
2799 3734 2910 3785 Καὶ
2940 3735 3041 3787 οὐκ
3086 3735 3180 3788 ἐπὶ
3233 3734 3512 3805 βελτιώσει
3559 3734 3658 3789 τοῦ

2071 3822 2247 3892 Λόγου
2272 3822 2518 3891 γέγονεν,
2543 3823 2658 3876 ἀλλ’
2684 3826 2767 3888 εἰς
2813 3826 2969 3895 ἡμῶν
3017 3825 3177 3879 πάλιν
3214 3827 3486 3899 άτιασμδν
3512 3866 3528 3889 ,
3567 3828 3660 3883 ενα

2070 3913 2166 3967 τοῦ
2189 3913 2489 3985 χρίσματος
2520 3912 2682 3966 αὑτοῦ
2709 3913 3123 3986 μεταλάϐωμεν,
3168 3918 3262 3970 καὶ
3317 3918 3446 3989 περὶ
3500 3917 3660 3989 ἡμῶν

2070 4005 2285 4077 λεχθείη
2318 4005 2394 4076 (6)
2414 4024 2430 4038 ο
2463 4008 2585 4060 οὐκ
2612 4006 2831 4071 οἴδατε,
2856 4008 2946 4062 ὅτι
2973 4009 3120 4076 ναὸς
3152 4010 3302 4065 Θεοῦ
3335 4011 3482 4065 ἐστε
3501 4051 3516 4074 ,
3556 4012 3659 4065 καὶ

2067 4097 2135 4151 τὸ
2161 4097 2407 4167 Πνεῦμα
2440 4097 2547 4152 τοῦ
2582 4099 2735 4153 Θεοῦ
2765 4098 2917 4152 οἰκεῖ
2949 4100 3019 4153 ἐν
3053 4101 3233 4171 ὑμῖν;
3260 4102 3366 4157 Τοῦ
3398 4102 3510 4173 γὰρ
3540 4104 3656 4155 Κυ-

2073 4189 2213 4260 ρίου,
2265 4188 2341 4252 ὡς
2400 4186 2709 4260 ἀνθρώπου,
2760 4189 3056 4262 λουομένου
3108 4196 3189 4258 είς
3218 4195 3310 4249 τὸν
3356 4195 3653 4265 Ἰορδάνην,

462 4345 509 4376 ’⁵
547 4343 592 4397 ll
618 4343 744 4399 Cor.
770 4360 844 4410 IV,
873 4345 940 4405 ις
968 4344 1181 4401 Coloss.
1220 4362 1256 4411 ι,
1286 4347 1371 4402 15.
1450 4348 1498 4378 ⁸⁸
1534 4346 1692 4403 Joan.
1728 4361 1865 4415 χιιι,
1892 4347 1960 4405 18

2079 4350 2113 4404 l.
2193 4349 2237 4381 ²⁷
2280 4349 2409 4405 ibid.
2460 4349 2543 4405 l7.
2627 4350 2675 4381 ’⁸
2713 4351 2733 4406 Ι
2765 4350 2889 4407 Cor.
2919 4368 3004 4419 ιιι,
3043 4353 3122 4409 16.

463 4501 575 4572 (94)
613 4500 852 4572 Felckm.
891 4502 924 4558 5
945 4542 961 4568 ,

388 4571 559 4635 αὐτός
598 4574 714 4644 εστι
758 4571 949 4644 Λόγος.
993 4571 1248 4644 βοΜὸιτ
1278 4581 1332 4627 et
1387 4571 1627 4628 Felckml
1679 4577 1747 4639 1,
1813 4571 1973 4644 μόνον

389 4643 538 4714 ἐστὶν
568 4642 730 4706 αὐτὸς
767 4643 959 4712 Λόγος.
992 4641 1132 4697 Editi
1161 4643 1397 4714 aliique,
1433 4644 1592 4714 μόνος
1621 4644 1770 4698 ἐστὶν
1806 4641 1970 4697 αὑτοῦ

389 4713 580 4856 Λέῖδὲἱ
619 4780 880 4856 Εθιςιίπη-
938 4781 1311 4856 Sarmatiae-
1361 4781 1515 4856 Μοκ-
1538 4781 1789 4856 segnem.
1841 4783 1970 4856 παρ’

391 4850 578 4934 αὐτοῦ,
619 4851 918 4922 Πνεύματι.
962 4850 1095 4908 Ibid.
1130 4850 1351 4908 Gobler.
1392 4862 1447 4907 et
1475 4850 1716 4908 Feleltm.
1750 4856 1802 4918 1,
1843 4850 1973 4908 κάν·

388 4923 583 5062 ταῗὲἔ)
605 4991 696 5047 Sic
722 4990 948 5063 Segner.
978 4990 1144 5049 Basil.
1171 4993 1382 5063 Anglic.
1409 5002 1467 5048 et
1491 4991 1626 5063 Reg.
1654 4992 1723 5048 At
1745 4994 1964 5049 Gobler.

390 5073 445 5118 et
473 5061 654 5118 Felck.
686 5063 739 5134 1,
765 5061 948 5134 Δᾲσιδ,
984 5061 1243 5134 Σαλομὼν
1259 5061 1383 5134 ξκαὶ
1412 5066 1459 5116 οί
1494 5061 1663 5117 ἄλλοι.
1685 5063 1880 5134 Ἐθιιτιί.
1912 5065 1969 5128 5,

392 5134 556 5185 Δαὸὶδ
578 5131 877 5203 ,ῨἙζεκίας
898 5172 912 5195 ,
940 5141 1044 5187 etc.
1080 5131 1215 5187 Ibid.
1251 5132 1471 5203 Segner.
1497 5172 1512 5197 ,
1549 5133 1761 5197 Ἰωσίας
1792 5135 1887 5187 καὶ
1922 5135 1971 5190 οἱ

392 5203 563 5291 suae.
590 5202 733 5291 ,ἐξρὶιί
762 5212 817 5256 et
837 5204 952 5268 alii,
974 5203 1049 5267 ὡς
1067 5203 1231 5257 Δαϐὶδ
1254 5201 1347 5257 καῖ
1362 5201 1629 5268 Ἐζεκίας,
1647 5203 1721 5268 ὡς
1738 5204 1966 5270 Ἰωσίας,

394 5273 468 5336 ὡς
499 5276 546 5326 οἱ
582 5272 748 5352 ἄλλοι.
1784 5344 1815 5355 η

469 5344 579 5413 (97)
622 5342 713 5398 Sic
744 5341 968 5413 Seguer.
1003 5343 1233 5413 ϐοίιΙειν.
1255 5352 1311 5398 et
1334 5342 1578 5399 Felckm.
1621 5343 1669 5395 1.
1712 5342 1972 5399 Alnvero

394 5423 448 5503 εξ
470 5411 603 5503 εαξη
621 5411 1027 5503 reiterate-
1058 5413 1180 5503 iter
1201 5411 1437 5503 ξοβετ·
1456 5414 1735 5503 χίμξρηιδς
1770 5412 1861 5503 ὼγ.
1877 5415 1973 5503 εεδέ

394 5460 691 5557 egissit»;
705 5460 1034 5557 διὲῗῑέέῑςῖεῶξ
1058 5460 1973 5557 xiiieram;gargavxagnnc

397 5553 584 5625 μόνος,
605 5555 754 5639 ὅμως
782 5553 1019 5623 λέγεται.
1199 5623 1227 5636 κ
1738 5553 1769 5556 ’“
1805 5553 1816 5557 ⁷
1861 5553 1897 5557 ⁷⁷
1934 5596 1938 5600 .

465 5625 582 5695 (98)
619 5626 871 5695 §cguer.,
896 5624 1001 5695 ora).
1027 5624 1345 5695 ἀναστηναι.
1778 5694 1781 5695 ν

466 5693 577 5770 (99)
616 5693 855 5749 Felckm.
889 5693 922 5747 2
953 5703 1008 5770 et
1036 5694 1199 5770 editi,
1226 5693 1413 5770 αὐτὸς.
1438 5696 1467 5748 ὁ
1509 5695 1714 5769 Κύριος
1760 5694 1964 5770 ἔλεγεν.

393 5764 498 5820 Alii
524 5763 713 5841 omnes
746 5779 904 5830 mss.,
939 5763 1100 5828 αὐτὸς
1129 5764 1195 5819 δι’
1224 5764 1438 5833 ἑαυτοῦ,
1469 5774 1574 5820 etc.

1052 4502 1306 4576 εννητῶν.
1358 4501 1480 4576 Μ-οιι
1515 4503 1775 4576 _Seguer.,
1814 4502 1965 4576 μάνος

2149 4502 2224 4575 (l)
2266 4502 2376 4576 Sic,
2402 4503 2652 4576 Seguer.,
2679 4514 2739 4559 ut
2764 4514 2818 4561 et
2842 4506 3039 4576 legitur
3069 4505 3228 4561 Joan.
3259 4523 3393 4568 xm,
3425 4507 3514 4562 19.
3550 4508 3659 4563 Alii

2074 4588 2211 4697 ἐξιειό
2232 4585 2287 4696 eet
2316 4575 2446 4629 editi
2475 4575 2734 4631 omittunt
2779 4575 2914 4644 ἐγώ,
2946 4587 3002 4631 et
3030 4592 3156 4632 mox
3207 4579 3444 4644 habent,
3494 4580 3554 4634 ὲν
3590 4582 3659 4651 τῇ

2143 4660 2176 4697 τι
2217 4662 2242 4696 ε
2270 4661 2323 4697 α.

2217 4661 2323 4698 εια.

2143 4660 2486 4784 ῗὲῗιὲοὶιιεν.
2524 4723 2579 4769 et
2604 4714 2845 4770 Felckm.
2881 4717 2933 4782 1,
2969 4715 3039 4770 Ἦ
3080 4717 3200 4782 πῶς
3240 4718 3298 4772 δέ
3320 4757 3336 4782 ,
3369 4727 3474 4774 etc.
3519 4717 3657 4774 Ibid.

2074 4783 2453 4858 omnes_mss.,
2474 4783 2513 4858 ἢ
2554 4786 2637 4858 ὅτι
2657 4825 2671 4848 ,
2706 4799 2897 4858 praeter
2927 4787 3173 4856 .Felckm.
3208 4789 3263 4854 2,
3291 4790 3345 4843 in
3381 4804 3492 4858 quo
3517 4798 3572 4843 et
3602 4791 3661 4843 in

2074 4854 2212 4931 edit:
2243 4854 2511 4931 Commcl.
2538 4857 2770 4931 deesti}.
2795 4854 2931 4931 Item
2961 4859 3092 4931 ibid.
3141 4874 3307 4931 mss.,
3352 4854 3519 4931 αὐτὸς
3557 4860 3662 4931 ὲμ-

2074 4923 2223 5000 auri?)
2246 4924 2535 5000 5909131359.
2569 4923 2749 5000 Editi“,
2787 4928 2950 5000 αὐτὸς
2970 4930 3094 4997 ἐμοὶ
3114 4928 3193 5000 τῷ
3218 4927 3511 5000 ἀνθρώπῳ.

2147 4995 2222 5071 (5)
2264 4994 2748 5071 Reg.“Fe|_ckm._5
2771 5005 2826 5071 et
2859 4994 3024 5071 Basil.
3046 5001 3122 5071 ,__6
3152 4994 3262 5071 γὰρ
3298 4994 3493 5068 Λόγος.
3530 4997 3657 5054 Mox

2074 5061 2315 5141 Goliler;
2332 5061 2387 5119 et
2413 5063 2651 5141 Felckm.
2689 5067 2747 5141 1,
2759 5067 2861 5141 ’ἵνα
2884 5067 2941 5141 δὲ
2968 5061 3124 5141 ἡμῶν
3157 5061 3333 5141 χάριν.

2145 5134 2222 5205 (4)
2261 5132 2528 5209 ξιοιιιξε.
2580 5136 2650 5189 At
2685 5132 2853 5209 editio
2882 5132 3190 5204 Cornmelf,‘
3233 5132 3449 5209 ἄδηλον,
3496 5154 3658 5193 men-

2074 5204 2227 5295 t'l‘ose‘.
2260 5205 2396 5295 Ibid”.
2446 5204 2694 5295 Sgguerc,
2728 5208 2810 5295 δτι
2835 5211 2930 5295 ira):
2968 5211 3001 5279 ἡ
3029 5210 3117 5295 είς
3147 5204 3573 5295 αὐτόνίᾘυείιιε
3602 5217 3660 5295 et

2076 5273 2316 5398 Flelclsmé.
2359 5276 2427 5339 5,
2466 5273 2541 5338 ὡς
2570 5277 2666 5330 καὶ
2698 5279 2778 5341 είς
2799 5273 3120 5333 αὐτόν.ἈΙιὶ
3151 5290 3205 5335 et
3229 5280 3391 5345 editi,
3437 5273 3517 5342 ὡς
3559 5278 3659 5332 καὶ

2076 5361 2101 5396 ε
2130 5362 2155 5398 ς
2183 5363 2218 5397 α
2255 5363 2285 5397 τ
2316 5362 2362 5398 ν.

2074 5361 2155 5407 εις
2183 5361 2362 5398 αυτον.

2150 5416 2227 5489 (5)
2271 5415 2363 5469 Sic
2391 5416 2643 5489 Segue_r.,
2668 5425 2730 5471 ut
2754 5427 2808 5473 et
2845 5416 3094 5474 Nannius
3117 5419 3265 5489 legit.
3298 5418 3402 5473 Alii
3425 5427 3479 5473 et
3519 5417 3658 5473 editi

2078 5487 2336 5559 omittunt
2372 5485 2433 5559 τρ
2463 5485 2495 5557 ή
2507 5486 2751 5559 μέτερον.

2152 5555 2243 5677 (6).
2271 5554 2361 5638 Sic
2382 5554 2620 5643 ‘Seg'uer.
2641 5554 2871 5613 'Gobler.
2918 5569 2972 5614 et
3013 5557 3253 5615 Felckm.
3298 5559 3349 5613 1.
3384 5560 3490 5614 Alii
3518 5575 3658 5642 vero

2160 5635 2328 5677 cutio
2359 5625 2653 5677 Lommel..
2698 5628 2881 5677 λενθῆ-
2929 5629 3099 5677 Paulo
3143 5640 3261 5677 nos!
3309 5630 3550 5677 Felekm-
3595 5632 3652 5677 ει,

2077 5633 2131 5702 et
2160 5625 2654 5702 editio_Commel.,
2698 5628 2882 5702 λεχθῇ.
2929 5629 3099 5686 Paulo
3143 5640 3263 5702 post
3309 5630 3551 5687 Felckm.
3595 5632 3654 5698 5,

2075 5698 2214 5749 οἰκεῖ
2234 5699 2290 5752 ἐν
2321 5697 2474 5768 ἡμῖν.
