3850 6218
200 304 303 359 1119

1336 296 1595 361 omne
1631 302 1651 357 ι
1689 301 1968 359 conm
2003 282 2323 362 ARIANOS.

3340 300 3443 356 no

192 423 356 493 ἡμεῖς
383 418 528 495 ἦμεν
575 426 624 479 οἱ
658 424 715 482 ἐν
746 429 893 501 αὐτῷ
926 434 1021 485 καὶ
1068 435 1199 505 παρ’
1252 433 1416 486 αὐτοῦ
1471 432 1768 502 λουόμενοι.

1883 426 2213 481 lavabamur.
2250 426 2384 482 Cum
2432 425 2561 480 item
2593 422 2856 494 Spiritum
2905 424 3190 493 acciperet,
3218 437 3319 479 nos
3352 426 3442 479 di-

192 516 302 568 Καὶ
327 516 619 588 δεχομένου
652 520 709 573 δὲ
732 522 894 575 αὐτοῦ
918 524 981 576 τὸ
1011 525 1269 597 Πνεῦμα,
1302 526 1463 596 ἡμεῖς
1512 520 1654 596 ἦμεν
1692 523 1768 594 (7)

190 609 241 661 οἱ
271 613 405 680 παρ’
438 611 605 664 αὐτοῦ
637 613 912 684 γινόμενοι
946 616 1139 670 τούτου
1179 617 1435 671 δεκτικοε.
1470 616 1568 670 Διά
1610 614 1769 669 τοῦτο

190 700 299 753 οὐδ’
326 701 516 774 ὥσπερ
555 703 794 776 ’Λαρὼνς
817 705 850 778 ἦ
875 708 1059 774 Δαὸὶδ,
1085 709 1119 782 ἢ
1154 710 1204 763 οἱ
1227 708 1375 762 ἄλλοι
1416 709 1643 773 πάντες,
1682 695 1777 761 ob?

190 808 301 854 τως
337 795 433 847 καὶ
476 794 639 858 αὐτὸς
678 794 842 867 ἐλαίῳ
884 798 1168 871 κέχρισται
1191 839 1206 863 ,
1236 798 1370 852 ἀλλά
1403 798 1578 862 ἄλλως
1621 798 1769 870 παρά

192 883 407 948 πάντας
452 887 580 949 τοὺς
623 887 882 959 μετόχους
919 882 1106 957 αὐτοῦ,
1143 891 1307 962 ἐλαίῳ
1355 890 1727 959 ἀγαλλιάσεως
1751 908 1765 921 ⁸

190 975 331 1047 ὅπερ
359 977 436 1048 (8)
465 980 782 1051 ἑρμηνεύων
804 981 966 1046 αὐτὸς
994 979 1135 1038 εῖναι
1171 983 1230 1037 τὸ
1273 981 1515 1054 Πνεῦμα,
1546 983 1633 1037 διὰ
1676 980 1769 1036 τοῦ

190 1070 476 1138 προφήτου
502 1070 636 1140 φησι
659 1088 675 1104 ο
706 1073 950 1143 Πνεῦμα
966 1074 1187 1142 Κυρίου
1218 1074 1310 1128 ἐπ’
1348 1074 1473 1144 ἐμὲ,
1520 1069 1593 1128 οὗ
1622 1073 1772 1127 εἵνε-

194 1175 302 1212 κεν
331 1159 544 1229 ἔχρισε
580 1179 687 1232 με·
743 1164 928 1230 καθὼς
963 1167 1056 1219 καὶ
1090 1164 1167 1237 (9)
1198 1168 1227 1220 6
1271 1165 1589 1229 Ἀπόστολος
1621 1166 1772 1237 εἴρη-

190 1265 290 1302 κεν
312 1264 328 1277 ·
369 1251 466 1318 Ὠς
501 1253 745 1322 ἔχρισεν
780 1256 966 1309 αὑτὸν
993 1258 1028 1310 ὁ
1061 1255 1205 1322 Θεὸς
1252 1257 1545 1326 (Ii-stipata
1604 1255 1767 1326 ἁγιῳ.

194 1340 335 1393 Πότε
365 1336 462 1395 οῦν
482 1344 575 1395 καὶ
601 1343 774 1397 ταῦτα
805 1345 933 1416 περὶ
959 1344 1125 1398 αὐτοῦ
1160 1346 1391 1416 εἴρηται,
1414 1345 1447 1417 ἦ
1474 1346 1563 1399 ὅτε
1585 1345 1677 1399 καὶ
1714 1346 1771 1397 ἐν

193 1433 363 1504 σαρκὶ
383 1433 674 1504 γενόμενος
706 1433 1027 1500 ὲδαπτῐζετο
1058 1437 1117 1489 ὲν
1142 1435 1221 1509 τῷ
1265 1435 1523 1508 Ἰορδάνῃ,
1553 1436 1648 1490 καὶ
1671 1454 1771 1490 κα-

190 1522 500 1593 ταϐέϐηκεν
524 1526 609 1577 ἐπ’
642 1525 805 1579 αὐτὸν
836 1526 897 1579 τὸ
933 1526 1195 1597 Πνεῦμα;
1255 1527 1364 1580 Καὶ
1390 1527 1494 1599 μὴν
1541 1528 1703 1592 αὐτὸς
1745 1530 1773 1582 6

193 1614 401 1685 Κύριός
431 1615 544 1686 (10)
573 1634 706 1688 φησι
731 1634 744 1647 ·
782 1619 855 1671 Τὸ
887 1619 1114 1691 Πνεῦμα
1159 1621 1227 1674 ἐκ
1270 1620 1377 1674 τοῦ
1406 1619 1552 1690 ἐμοῦ
1590 1618 1774 1689 λήψε-

190 1722 290 1759 ται
309 1724 323 1736 ·
357 1709 474 1771 καὶ,
519 1707 662 1777 Ἐγὼ
683 1711 828 1763 αὐτὸ
862 1710 1222 1767 ἀποστέλλω
1241 1712 1351 1785 (11)
1372 1730 1386 1743 ·
1409 1714 1524 1776 καὶ,
1552 1713 1772 1766 Λάϐετε

1877 533 2013 589 gnos
2058 518 2342 583 reddebat,
2380 518 2473 588 qui
2526 517 2680 571 illum
2730 517 3123 586 acciperemus.
3173 510 3443 583 Quocirea

1878 608 1985 662 n'on
2010 617 2069 663 ut
2091 607 2296 674 Aaron,
2331 609 2417 663 vel
2444 606 2634 674 David,
2665 616 2760 663 aut
2788 607 2882 662 alii
2905 621 3118 673 omnes,
3147 605 3220 662 ita
3250 614 3306 661 et
3329 607 3449 677 ipse

1878 701 1999 755 oleo
2021 709 2105 757 est
2132 709 2352 767 unctus,
2384 700 2479 756 sed
2509 700 2664 755 aliter
2693 715 2805 770 prae
2829 700 3084 755 omnibus
3108 700 3190 755 sui
3217 714 3446 756 consor-

1876 791 2056 857 tibus,
2101 807 2298 863 nempe
2353 791 2475 847 oleo
2527 791 2763 859 laetitiae;
2803 792 2949 862 quod
3001 805 3125 847 esse
3177 789 3445 861 Spiritum

1880 892 2131 938 sanctum
2162 883 2247 939 his
2277 884 2391 954 ipse
2435 883 2710 954 prophetae
2748 883 2926 938 verbis
2969 884 3125 939 docet
3156 902 3189 961 :_
3210 882 3446 954 Spiritus

1878 974 2095 1029 Domini
2125 991 2281 1046 super
2312 991 2412 1043 me,
2444 992 2504 1030 eo
2529 977 2667 1046 quod
2691 975 2901 1030 unxerit
2930 991 3010 1029 me
3031 976 3098 1029 '9.
3137 974 3279 1032 Idem
3310 991 3449 1047 quo-

1879 1081 1988 1137 que
2019 1067 2095 1120 ait
2122 1066 2417 1137 Apostolus
2450 1086 2463 1122 :
2504 1067 2776 1133 Quomodo
2818 1052 3118 1122 unxit’eum
3148 1067 3288 1123 Deus
3327 1066 3449 1139 Spi-

1880 1161 1988 1214 ritu
2020 1170 2204 1215 saneto
2245 1161 2311 1213 ⁸ο.
2339 1161 2570 1228 Quando
2595 1161 2759 1232 igitur
2786 1161 2888 1216 ista
2919 1161 2986 1217 de
3007 1161 3102 1216 illo
3127 1160 3271 1216 dicta
3295 1170 3444 1228 sunt,

1879 1252 1986 1306 nisi
2029 1267 2153 1307 cum
2207 1262 2484 1321 assumpta
2536 1266 2697 1306 carne
2735 1251 3063 1322 baptismum
3113 1250 3169 1305 in
3212 1249 3449 1305 Jordane

1879 1345 2140 1415 suscepit,
2180 1353 2345 1415 atque
2390 1345 2443 1400 iu
2486 1346 2664 1415 ipsum
2716 1345 2998 1401 descendit
3056 1343 3328 1415 Spiritus?
3384 1343 3450 1399 Et

1879 1450 2011 1491 vero
2050 1436 2167 1506 ipse
2219 1436 2437 1504 quidem
2470 1435 2735 1492 Dominus
2783 1439 2856 1491 ita
2901 1437 3163 1507 loquitur,
3213 1434 3449 1508 Spiritus

1880 1528 1944 1581 de
1969 1543 2082 1581 meo
2121 1528 2339 1597 accipiet
2362 1528 2443 1591 ³¹ς
2491 1537 2543 1581 ει
2575 1547 2587 1581 :
2624 1528 2736 1598 Ego
2784 1528 2935 1582 illum
2968 1530 3120 1582 mitto
3147 1528 3227 1596 ³³;
3279 1536 3333 1582 ει
3379 1527 3449 1582 ad

1880 1619 2176 1689 discipulos
2214 1637 2227 1672 :
2266 1619 2504 1689 Accipite
2545 1617 2805 1690 Spiritum
2855 1630 3095 1674 sanctum
3125 1619 3191 1672 ³⁸.
3242 1617 3450 1675 Nihilo-

1881 1710 2064 1764 minus
2092 1710 2209 1780 ipse
2237 1709 2325 1765 ille
2354 1711 2471 1779 qui,
2503 1721 2564 1765 ut
2591 1710 2827 1766 Verbum
2868 1721 2923 1765 et
2964 1711 3219 1780 s'plendor
3240 1708 3444 1777 Patris,

193 1797 442 1870 Ιζνεῦμα
471 1799 663 1869 ἄτιον,
706 1804 822 1866 τοῖς
867 1803 1158 1875 μαθηταῖς.
1190 1805 1302 1858 Kal.
1351 1805 1498 1874 ὅμως
1527 1806 1557 1858 6
1596 1803 1770 1868 ἄλλοις

1883 1800 2145 1871 Spiritum
2192 1802 2316 1856 aliis
2361 1803 2622 1872 impertit,
2652 1820 2798 1858 nunc
2847 1803 3051 1858 dicitur
3096 1803 3447 1870 sanetilieari,

194 1888 453 1959 παρέχων
474 1890 549 1953 ὡς
577 1891 750 1960 Λόγος
780 1894 874 1946 καὶ
899 1894 1239 1966 ἀπαύγασμα
1269 1895 1363 1949 τοῦ
1399 1895 1611 1968 Πατρὸς
1630 1895 1778 1965 λέγε-

191 1999 283 2036 ται
314 1983 412 2036 νῦν
435 1983 775 2052 ἀγιάζεσθαι,
802 1987 989 2059 ἐπειδὴ
1019 1987 1182 2041 πάλιν
1206 1988 1431 2057 γέγονεν
1464 1987 1772 2060 ἅνθρωπος,

191 2076 291 2131 καὶ
308 2078 373 2130 τὸ
401 2075 758 2149 ἀγιαζόμενον
790 2077 950 2149 σῶμα
988 2079 1150 2133 αὐτοῦ
1190 2081 1361 2133 ἐστιν.
1424 2080 1514 2148 Ἐξ
1566 2081 1774 2134 ἐκείνου

190 2169 328 2240 γοῦν
362 2170 476 2243 (12)
503 2171 595 2224 καὶ
628 2172 791 2242 ἡμεῖς
840 2171 1128 2246 ἠρξάμεθα
1160 2170 1254 2225 τοῦ
1305 2172 1369 2225 τὸ
1418 2173 1627 2245 χρίσμα
1678 2174 1774 2227 καὶ

190 2262 294 2332 τὴν
321 2259 592 2332 σφραγῖδα
617 2260 934 2332 λαμϐάνειν,
964 2261 1212 2331 λέγοντος
1240 2262 1336 2316 τοῦ
1369 2263 1467 2335 μὲν
1508 2264 1773 2329 Ἰωάννου,

192 2353 307 2406 Καὶ
353 2353 527 2422 ὑμεῖς
555 2354 782 2423 χρίσμα
820 2353 991 2422 ἔχετε
1027 2354 1147 2409 ἀπὸ
1204 2356 1313 2410 τοῦ
1349 2356 1551 2424 ἁγίουο
1592 2355 1686 2410 τοῦ
1719 2357 1777 2411 δὲ

201 2445 558 2510 Ἆποστόλου,
580 2446 691 2500 Καὶ
712 2445 880 2516 ὑμεῖς
909 2446 1359 2517 ἐσφραγίσθητε
1377 2448 1455 2515 τῷ
1477 2451 1777 2519 Πνεύματι

189 2534 301 2603 τῆς
325 2536 686 2606 ἐπαγγελίας
715 2536 795 2603 τῷ
825 2537 991 2607 ἁγίῳ.
1014 2537 1221 2591 Οὐκοῦν
1238 2537 1305 2591 δι’
1328 2540 1495 2610 ἡμᾶς,
1523 2542 1614 2595 καὶ
1636 2543 1776 2614 ὑπὲρ

190 2625 355 2697 ἡμῶν
384 2626 500 2680 ἐστι
558 2624 620 2679 τὸ
672 2625 982 2697 λεγόμενον.
1015 2627 1151 2680 Ποία
1191 2627 1371 2682 τοίνυν
1412 2630 1508 2683 καὶ
1550 2632 1614 2683 ἐκ
1656 2629 1777 2684 τού-

187 2735 289 2772 eou
325 2717 439 2789 (15)
475 2718 726 2789 προκοπὴ
761 2716 1093 2787 βελτιώσεως
1130 2720 1222 2772 καὶ
1277 2720 1466 2791 μισθὸς
1508 2723 1709 2795 ἀρετῆς
1741 2723 1774 2793 ἦ

190 2810 385 2874 ἁπλῶς
412 2810 667 2884 πράξεως
686 2810 781 2864 τοῦ
810 2811 1017 2882 Κυρίου
1059 2811 1369 2879 δείκνυται;
1411 2815 1475 2867 Ei
1521 2815 1617 2886 μὲν
1644 2815 1774 2886 γὰρ,

190 2906 260 2958 ἐκ
286 2903 382 2958 τοῦ
418 2903 492 2974 μὴ
542 2898 681 2956 εἶναι
734 2902 886 2968 Θεὸς,
913 2902 1045 2966 Θεὸς
1094 2905 1336 2973 ἐγεγόνει
1360 2923 1373 2936 ·
1412 2909 1480 2971 εξ,
1525 2908 1600 2979 μὴ
1629 2906 1779 2978 βασι-

190 2991 326 3068 λεὺς
344 2991 458 3063 (14)
486 2990 580 3056 ὢν,
606 2993 687 3055 εις
711 2991 988 3062 βασιλείαν
1010 2997 1300 3066 προήγετο,
1336 2990 1480 3065 εἶχεν
1525 2995 1592 3049 ἂν
1625 2997 1779 3068 ὑμῶν

189 3087 222 3141 ὁ
438 3060 602 3148 σκιᾶς
624 3060 769 3148 τινος
794 3060 1149 3157 πιθανόττγτα.
1167 3060 1248 3140 Ἐξ
1279 3088 1338 3141 δὲ
1368 3060 1499 3151 Θεός
1518 3060 1777 3153 ὲστιίκαὶ

189 3178 221 3230 6
245 3176 437 3249 θρόνος
462 3176 627 3230 αὑτοῦ
660 3176 759 3248 τῆς
791 3177 1067 3248 βασιλείας
1090 3176 1306 3242 αἰώνιός
1331 3179 1445 3231 ἐστι
1465 3222 1479 3243 ,
1507 3179 1610 3232 ποῦ
1659 3175 1773 3251 εἶχε

188 3266 471 3339 προκόψαι
494 3265 628 3330 Θεός
651 3282 665 3331 ;
693 3266 726 3337 ἢ
765 3267 816 3319 τί
843 3267 1026 3320 ἔλειπε
1047 3266 1126 3338 τῷ
1153 3268 1246 3320 ἐπὶ
1292 3267 1383 3321 τὸν
1412 3267 1601 3339 θρόνον
1650 3268 1777 3322 καθ-

186 3375 223 3429 η
231 3358 383 3428 μένῳ
401 3356 498 3410 τοῦ
513 3358 725 3429 Πατρός
746 3374 760 3424 ;
790 3359 852 3411 Ei
868 3358 947 3422 δὲ,
974 3359 1069 3411 καὶ
1089 3359 1165 3423 ὡς
1186 3359 1345 3422 αὐτὸς
1364 3361 1393 3411 6
1411 3358 1615 3431 Κύριος
1637 3360 1779 3432 εἴρη-

188 3466 309 3513 κεν,
342 3448 511 3502 αὑτοῦ
547 3451 664 3502 ἐστι
687 3450 748 3502 τὸ
776 3450 1022 3521 Πνεῦμα,
1048 3452 1114 3504 ὲκ
1153 3449 1249 3504 τοῦ
1274 3450 1439 3504 αὐτοῦ
1489 3451 1774 3523 λαμϐάνει,

186 3537 358 3600 αὑτός
400 3553 465 3589 τε
493 3537 625 3590 αὐτὸ
678 3538 998 3593 ἀποστέλλει
1024 3556 1038 3569 ·
1074 3541 1175 3594 οὐκ
1201 3541 1309 3613 ἄρα
1336 3542 1366 3593 ό
1404 3541 1576 3610 Λόγος
1605 3543 1773 3604 ἐστὶν,

186 3623 223 3703 ᾖ
252 3629 369 3699 (15)
399 3628 724 3698 Λόγοςέστὶ
753 3633 846 3686 καὶ
880 3633 1058 3702 σοφία,
1099 3635 1127 3687 6
1151 3632 1231 3704 τῷ
1267 3634 1396 3707 παρ’
1437 3634 1600 3687 αὐτοῦ
1638 3635 1776 3688 διδο-

190 3720 343 3790 μένῳ
363 3720 644 3791 Πνεῦματι
672 3723 977 3794 χριόμενος,
1009 3724 1123 3777 ἀλλ’
1148 3727 1182 3796 ἡ
1212 3726 1618 3797 προσληφθεῖσα
1644 3728 1774 3796 παρ’

187 3812 362 3865 αὐτοῦ
400 3813 540 3884 σάρξ
582 3815 751 3880 ἐστιν,
781 3818 812 3887 ἡ
838 3817 895 3870 ὲν
917 3816 1066 3888 αὐτῷ
1113 3817 1209 3871 καὶ
1237 3817 1367 3888 παρ’
1411 3817 1576 3870 αὐτοῦ
1629 3830 1779 3888 χριο-

188 3904 329 3975 μένη
350 3922 367 3936 δ
397 3905 487 3958 ἵνα
512 3906 607 3958 καὶ
636 3907 665 3959 6
702 3907 992 3978 ἁγιασμὸς,
1019 3908 1097 3971 ὼς
1129 3910 1210 3972 εἰς
1237 3908 1523 3980 ἄνθρωπον
1549 3908 1641 3962 τὸν
1662 3908 1775 3961 Κύ-

186 4014 306 4067 ριον
333 3997 644 4066 γινόμενος,
670 4000 750 4061 εἰς
777 3999 983 4062 πάντας
1012 3998 1332 4071 ἀνθρώπους
1379 4000 1605 4071 γένηται
1644 4001 1775 4071 παρ’

185 4091 383 4144 αὐτοῦ.
414 4092 490 4143 Οὐ
520 4091 629 4163 γὰρ
660 4092 752 4160 ἀφ’
773 4090 988 4155 ἑαυτοῦ,
1026 4091 1161 4162 φησὶ
1184 4132 1199 4153 ,
1243 4092 1305 4145 τὸ
1343 4092 1566 4163 Πνεῦμα
1604 4092 1774 4155 λαλεῖ,

184 4183 302 4236 ἀλλ’
329 4184 362 4234 ὁ
384 4183 558 4251 Λόγος
583 4185 750 4245 ἐστὶν,
776 4187 806 4238 6
821 4184 979 4239 τοῦτο
1001 4184 1176 4249 διδοὺς
1202 4188 1315 4250 τοῖς
1338 4185 1776 4257 ἀξίοιςυὍμοιον

183 4276 299 4347 γάρ
318 4277 439 4327 ἐστι
466 4276 562 4328 καὶ
597 4275 755 4329 τοῦτο
785 4276 864 4348 τῷ
903 4277 1284 4348 προειρημένῳ
1327 4277 1474 4349 ῥητῷ
1499 4294 1515 4310 ο
1560 4277 1636 4341 ὡς
1668 4279 1776 4353 γὰρ

184 4370 215 4425 6
257 4366 586 4430 Ἀπόστολος
613 4365 850 4439 ἔγραψεν
868 4383 881 4398 ·
921 4368 1027 4433 ’ος
1050 4366 1121 4421 ἐν
1141 4366 1346 4437 μορφῇ
1399 4366 1547 4422 Θεοῦ
1589 4368 1777 4436 ὑπάρ-

1880 1892 2011 1963 quia
2039 1893 2246 1947 scilicet
2275 1893 2449 1948 factus
2480 1894 2645 1949 homo
2674 1903 2778 1961 est,
2817 1895 3046 1965 ejusque
3078 1895 3451 1950 sanctiﬁcatur

1880 1998 2100 2054 corpus.
2125 1984 2254 2040 Inde
2281 1985 2465 2055 itaque
2484 2001 2585 2041 nos
2606 1987 2766 2041 etiam
2790 1989 3103 2041 unctionem
3131 1995 3185 2040 et
3211 1986 3450 2057 sigillum

1879 2075 2082 2131 habere
2110 2075 2435 2146 incepimus,
2465 2078 2676 2133 dicente
2708 2076 2918 2133 Joanne
2950 2096 2964 2131 :
3001 2076 3071 2131 Et
3111 2094 3198 2131 uos
3244 2078 3452 2132 unctio-

1881 2182 1996 2221 nem
2023 2167 2224 2221 habetis
2253 2184 2284 2220 a
2313 2176 2499 2221 sancto
2532 2168 2598 2223 “.
2633 2168 2926 2237 Apostolus
2959 2183 3178 2239 quoque
3220 2168 3448 2224 scribit:

1879 2257 1953 2312 Et
1980 2275 2069 2313 vos
2096 2261 2295 2330 signati
2337 2261 2463 2315 estis
2513 2260 2723 2330 Spiritu
2764 2262 3127 2329 promissionis
3163 2271 3345 2315 sancto
3369 2262 3448 2317 ³⁵.

1880 2351 2015 2408 Illud
2043 2353 2212 2424 igitur
2231 2360 2454 2424 propter
2482 2368 2583 2409 nos
2613 2363 2668 2408 et
2703 2368 2803 2423 pro
2841 2353 2998 2409 nobis
3026 2353 3244 2410 dicitur.
3282 2353 3452 2420 Quid-

1880 2459 2005 2498 nam
2031 2460 2162 2500 vero
2191 2446 2591 2501 incrementum
2620 2445 2674 2499 in
2712 2445 2927 2512 melius,
2955 2461 3077 2516 quae
3114 2445 3334 2503 virtutis
3364 2446 3451 2500 vel

1879 2535 2150 2592 factorum
2192 2536 2410 2593 Domini
2454 2552 2664 2593 merces
2711 2538 2887 2608 possit
2935 2553 3002 2594 ex
3051 2539 3138 2597 his
3187 2539 3453 2610 probari?

1877 2628 2127 2700 Namque
2151 2630 2198 2686 si
2221 2646 2345 2686 eum
2371 2630 2515 2687 Deus
2538 2645 2649 2685 non
2674 2640 2839 2697 esset,
2859 2630 3039 2687 factus
3055 2629 3253 2687 fuisset
3268 2630 3412 2687 Deus
3432 2650 3449 2685 :

1879 2720 1925 2775 si
1972 2735 2097 2774 cum
2143 2735 2253 2775 non
2297 2728 2441 2776 esset
2487 2734 2604 2787 rex,
2632 2719 2836 2790 regiam
2880 2719 3076 2777 fuisset
3121 2703 3462 2776 consecutus.

1879 2811 2232 2880 dignitatem;
2265 2812 2470 2867 inesset
2501 2827 2634 2867 sane
2665 2823 2843 2867 vestra
2884 2811 2940 2866 in
2974 2812 3224 2868 oratione
3254 2812 3451 2868 umbra

1879 2904 2068 2958 saltem
2102 2903 2285 2973 aliqua
2316 2904 2833 2961 verisimilitudinis.
2860 2904 2957 2959 Sin
2983 2912 3162 2959 autem
3197 2902 3337 2959 Deus
3362 2903 3452 2958 ille

1879 3007 1982 3064 est,
2018 2999 2245 3068 ejusque
2284 3006 2522 3055 aeternus
2556 3008 2640 3055 est
2676 2999 2932 3062 thronus,
2964 2998 3080 3068 qui,
3110 3012 3315 3067 quaeso,
3347 3011 3453 3066 po-

1879 3090 1986 3144 tuit
2022 3088 2286 3160 prolicere
2328 3089 2493 3155 Deus,
2524 3089 2723 3160 quidve
2750 3089 2828 3144 illi
2858 3091 3041 3144 deerat
3066 3088 3162 3158 qui
3192 3088 3246 3141 in
3274 3087 3452 3142 Patris

1880 3180 2021 3237 solio
2058 3180 2317 3235 sedebat?
2345 3178 2611 3243 Praeterea
2643 3180 2708 3248 si,
2742 3188 2805 3235 ut
2846 3180 2962 3249 ipse
3001 3178 3232 3233 afﬁrmat
3263 3177 3452 3233 Domi-

1878 3287 2004 3335 nus,
2037 3272 2158 3342 ejus
2203 3279 2288 3327 est
2336 3270 2598 3342 Spiritus,
2635 3287 2703 3326 ex
2754 3284 2928 3341 eoque
2975 3271 3193 3341 accipit,
3226 3270 3452 3339 ipseque

1879 3360 2032 3414 illum
2061 3360 2228 3414 mittit
2260 3377 2274 3414 :
2300 3373 2410 3414 non
2441 3360 2607 3430 igitur
2634 3360 2891 3423 Verbum,
2915 3368 3183 3429 quatenus
3213 3356 3450 3412 Verbum

1877 3458 1932 3505 et
1973 3450 2241 3519 sapientia
2278 3457 2383 3515 est,
2407 3464 2439 3504 a
2470 3447 2698 3518 Spiritu,
2727 3463 2889 3518 quem
2918 3449 3035 3518 ipse
3062 3448 3174 3511 dat,
3204 3449 3448 3516 ungitur,

1879 3541 1971 3594 sed
1996 3554 2125 3594 caro
2154 3554 2319 3610 quam
2349 3537 2662 3608 assumpsit,
2682 3538 2734 3591 iu
2758 3538 2878 3606 ipso
2899 3545 2952 3592 et
2979 3539 3045 3590 ab
3070 3536 3188 3605 ipso
3205 3536 3447 3607 ungitur,

1878 3640 1939 3686 ut
1966 3631 2149 3687 infusa
2177 3630 2243 3685 in"
2263 3630 2555 3685 Dominum
2582 3640 2842 3699 tanquam
2866 3629 2921 3683 in
2946 3628 3223 3683 hominem
3249 3629 3452 3683 sancti-

1878 3733 1984 3789 tas,
2019 3725 2073 3777 in
2125 3738 2318 3778 omnes
2361 3723 2611 3777 homines
2664 3722 2734 3776 ab
2784 3723 2902 3789 ipso
2949 3721 3275 3775 dimanaret.
3328 3721 3449 3776 Non

1877 3816 2021 3870 enim
2074 3830 2102 3869 a
2153 3815 2355 3885 seipso,
2431 3814 2608 3883 inquit
2633 3812 2698 3879 ³⁸,
2757 3811 2994 3882 Spiritus
3044 3811 3310 3881 loquitur,
3353 3812 3450 3866 sed

1876 3908 2056 3980 dignis
2102 3924 2132 3962 a
2177 3908 2357 3963 Verbo
2405 3905 2588 3961 datur.
2624 3904 2763 3961 Nam
2812 3907 2900 3960 hic
2944 3903 3249 3959 Psalmistae
3296 3904 3452 3960 locus

1877 4005 2177 4073 superioris
2221 4002 2365 4057 haud
2408 4010 2493 4057 est
2533 4001 2838 4057 dissimilis.
2876 3998 2946 4054 Ut
2975 3999 3119 4054 enim
3155 3999 3450 4070 Apostolus

1877 4088 2102 4162 scripsit
2134 4111 2147 4147 :
2184 4092 2288 4157 Qui
2326 4108 2447 4145 cum
2474 4092 2529 4144 in
2560 4090 2735 4160 forma
2767 4089 2860 4144 Dei
2891 4100 3046 4153 esset,
3078 4105 3182 4143 non
3206 4090 3450 4159 rapinam

1878 4185 2170 4238 arbitratus
2202 4192 2280 4239 est
2314 4199 2424 4237 esse
2458 4199 2512 4237 se
2552 4183 2807 4253 aqualem
2841 4181 2972 4249 Deo,
2996 4182 3087 4236 sed
3113 4185 3450 4251 semetipsum
3480 4210 3484 4219 -

1878 4275 2192 4338 exinanivit,
2229 4274 2404 4343 forma
2435 4275 2570 4327 servi
2609 4283 2822 4344 accepta
2844 4274 2923 4341 8";
2964 4274 3040 4327 ita
3069 4271 3238 4329 David
3265 4272 3451 4329 Domi-

1879 4382 2011 4421 num
2042 4366 2258 4437 hymnis
2291 4367 2551 4431 celebrat,
2585 4377 2644 4422 ut
2671 4377 2936 4422 internum
2964 4364 3132 4421 Deum
3161 4376 3216 4421 et
3241 4380 3447 4436 regem,

186 4475 337 4528 κων,
367 4459 483 4527 οὐχ
525 4458 842 4529 ἁρπαγμόν
865 4458 1158 4530 ἡγήσατο,
1189 4458 1256 4512 τὸ
1284 4456 1439 4514 εἷναι
1483 4459 1591 4513 ἴσα
1628 4460 1770 4525 Θεῷ,

1883 4458 1970 4528 qui
2002 4459 2068 4511 ad
2101 4472 2200 4511 nos
2229 4457 2454 4525 missus,
2485 4467 2734 4514 uestrum
2766 4460 2998 4516 mortale
3028 4461 3444 4531 induitcorpus.

254 4620 301 4677 θ’
343 4617 450 4671 lsa.
486 4632 597 4680 LXI,
631 4617 680 4670 ι.
762 4618 806 4648 ³ο
848 4618 965 4672 Act.
1001 4634 1055 4679 Χ,
1085 4617 1177 4671 58.
1255 4617 1297 4647 ³¹
1339 4614 1497 4669 Joan.
1544 4630 1662 4677 xw.
1712 4616 1800 4674 H;

1896 4617 1939 4650 ³²
1975 4616 2107 4671 ibid.
2139 4617 2189 4671 7.
2270 4618 2315 4650 ⁸⁸
2350 4615 2505 4674 Joan.
2539 4633 2642 4680 xx,
2686 4617 2777 4672 ‘22.
2884 4617 2930 4650 ³⁸
2968 4617 2987 4671 1
3036 4618 3195 4682 Joan.
3264 4635 3324 4686 ιι,
3352 4619 3443 4677 ‘20.

186 4688 233 4723 ³⁸
274 4688 478 4758 Ephes.
516 4705 553 4751 ι,
590 4687 675 4741 15.
755 4688 800 4720 ³⁸
817 4687 978 4742 Joan.
1011 4687 1216 4753 xvr,l5.
1290 4686 1332 4718 ³⁷
1370 4684 1602 4755 Philipp.
1638 4703 1699 4751 ll,
1741 4691 1795 4753 b‘,
1825 4688 1876 4741 7.

261 4846 342 4912 (Ἰ)
371 4844 465 4900 Sic
497 4845 749 4915 Seguer.,
775 4857 833 4902 ut
858 4849 1022 4903 etiam
1043 4848 1255 4903 videtur
1279 4844 1524 4902 Nannius
1549 4846 1762 4916 legisse,

184 4918 393 4988 quippe
416 4919 526 4988 _qui
551 4917 726 4979 vertit,
769 4935 862 4972 nos
891 4935 1122 4973 eramus.
1176 4919 1279 4971 Alii
1310 4926 1363 4971 et
1395 4918 1555 4979 editi,
1608 4918 1769 4985 ἡμεῖς

182 4985 380 5127 ξσὲὶεν.
415 4985 588 5041 Paulo
613 4996 739 5055 post
774 4989 1028 5059 Seguer.,
1059 4988 1092 5060 ἢ
1120 4989 1168 5041 οἱ
1194 4988 1362 5042 ἄλλοι.
1399 4988 1505 5042 Alii
1534 4995 1589 5042 et
1615 4987 1764 5052 editi,

306 5071 425 5109 φοι.

306 5071 425 5109 ιΑοι.

257 5131 340 5191 (8)
384 5125 623 5181 Felckm.
653 5128 706 5191 5,
742 5126 950 5191 ὥσπερ.

257 5134 315 5191 (8
384 5134 623 5181 r'elckm.
653 5134 706 5191 5,
742 5134 894 5181 ὥσπε
938 5170 950 5183 .

256 5134 340 5267 (9)
383 5194 501 5269 δίεΔ
528 5198 755 5269 Seguer.
810 5146 1139 5254 Gogler.et
1180 5198 1417 5269 Felckm.
1446 5198 1526 5269 Vl.
1573 5195 1767 5269 Cgeteri

182 5282 315 5321 vero
338 5275 396 5321 et
415 5266 566 5339 editi
591 5266 684 5322 aiat
713 5269 994 5339 omittunt.
1026 5268 1149 5322 Mox
1179 5268 1403 5339 Seguer.
1429 5268 1561 5339 Reg.
1594 5266 1759 5339 Basil.

181 5338 401 5411 Anglic.
443 5337 855 5411 et_F_elckm.45,
884 5338 1101 5411 ἔχρισεν
1141 5338 1324 5411 αὐτόν.
1368 5337 1605 5411 Είῇιὶξει
1648 5337 1763 5400 alii,

1834 4820 2071 4907 mo...
2109 4843 2165 4899 In
2203 4845 2323 4900 aliis
2357 4853 2410 4899 et
2437 4844 2597 4900 editis
2623 4848 2651 4898 6
2672 4846 2839 4899 deest.

1950 4914 2062 4986 (12)
2101 4914 2324 4994 Seguer.
2370 4914 2585 4994 Gobler.
2633 4914 2867 4994 fielckm.
2910 4914 2972 4994 1,
3019 4909 3130 4994 (ᾖν,
3165 4913 3302 4994 ῐιῄρ,
3347 4911 3446 4994 δι»Γ

1876 4983 2053 5054 gnem,
2107 4983 2217 5056 τοῦ
2239 4986 2300 5038 τὸ
2336 4984 2609 5056 Ῠχρίσμα.
2638 4985 2858 5056 (Σιειενίν-
2882 4992 2951 5056 (ξιξ
2981 4984 3109 5039 editi
3128 5024 3166 5056 ὲ
3188 4983 3344 5056 τοῦτο
3385 4983 3446 5056 τὸ

1876 5052 2137 5127 χάρισμα.
2169 5055 2291 5109 Mox
2326 5052 2549 5127 segne}.
2586 5055 2796 5126 Anglic.
2821 5053 3034 5109 Gobler.
3056 5064 3109 5109 et
3127 5052 3366 5109 Felckut.
3392 5055 3443 5118 1,

1876 5126 1970 5179 καὶ
1996 5128 2154 5196 ἡμεῖς
2186 5126 2395 5197 χρίσμα
2422 5126 2447 5178 ἐ
2486 5142 2639 5196 ομεν.
2882 5180 2891 5198 ι

1876 5264 1913 5269 _
1949 5196 2061 5269 (l5)
2102 5195 2351 5269 segnem,
2380 5145 2560 5250 τοῖξθυν
2604 5198 2701 5269 οιαὶ
2746 5198 2810 5256 ὲκ
2855 5194 3079 5267 τούτων.
3129 5191 3348 5249 Gobler.
3393 5207 3448 5248 et

1872 5264 2112 5320 Felekin.
2149 5264 2201 5331 1,
2233 5266 2410 5321 τοίνυν
2441 5268 2506 5319 ὲκ
2525 5265 2748 5321 τούτων.

1947 5336 2060 5419 (14)
2104 5333 2205 5419 Sic
2228 5334 2452 5419 δεδιιει·ἱ
2502 5336 2714 5419 Apglie.
2751 5335 2970 5419 qobler:
3023 5343 3076 5390 et
3116 5334 3356 5419 Felekrn:
3391 5335 3444 5390 1.

249 5404 403 5480 ρὶσεν
448 5407 632 5480 αὑτός.
689 5404 1186 5480 Ibideui"'Seguer.
1220 5408 1371 5480 Reg.
1426 5408 1647 5480 Gobler.
1712 5416 1767 5480 et

1883 5404 1987 5480 Alii
2004 5404 2135 5461 vero
2158 5415 2212 5480 et
2235 5404 2384 5471 editi,
2420 5404 2738 5477 βασιλεύων.
2771 5406 2893 5461 Mox
2937 5406 3186 5477 Seguer.,
3220 5407 3248 5458 6
3276 5404 3448 5472 Λόγος

179 5409 403 5532 ἔχρισεν
448 5409 632 5472 αὑτός.
689 5409 921 5493 Ιιιίιιειιι
954 5409 1186 5477 δείξειεν.
1216 5409 1371 5491 .Reg.
1403 5409 1647 5491 .Qobler.
1712 5416 1767 5461 et

180 5477 426 5561 “Aelim.
460 5477 517 5541 5,
548 5478 682 5542 Θεὸς
710 5480 1010 5550 Πνευματι.
1039 5478 1232 5535 (laeter:
1258 5488 1313 5534 et
1334 5479 1494 5546 editi,
1539 5478 1671 5542 Θεὸς
1711 5479 1771 5530 ὲν

180 5549 633 5689 Πνειυυίῖαὲὁιιιετ.
664 5626 719 5671 et
742 5618 980 5674 Felekm.
1012 5620 1062 5685 1,
1093 5619 1205 5673 Καὶ
1241 5618 1346 5691 μὴν
1379 5621 1408 5672 6
1432 5617 1658 5691 Κύριος.

256 5621 343 5761 (11
352 5693 371 5759 )
404 5687 642 5761 Seguer.
667 5686 887 5745 Gobler.
915 5699 970 5744 et
1001 5688 1266 5761 Felekm.,
1296 5689 1631 5761 ἀποστέλλω.

256 5687 371 5771 (ll)
398 5687 642 5815 .Seguer.
667 5687 887 5745 Gobler.
915 5699 970 5744 et
1001 5687 1266 5772 Felekmi,
1296 5687 1631 5770 ἀποστέλλω.
1662 5687 1768 5742 Alii

184 5769 241 5816 et
278 5759 453 5817 editio
526 5761 781 5827 ommel.,
830 5759 1137 5816 ἀποστελω.
1177 5756 1304 5817 Mox
1347 5758 1693 5831 Seguenan.,
1739 5761 1769 5812 6

1875 5477 2029 5547 ὑμῶν
2056 5478 2229 5547 σκιᾶς
2247 5493 2388 5530 τινα.

1949 5547 2064 5617 (15)
2087 5546 2177 5601 Sic
2201 5546 2449 5618 Seguer.,
2474 5553 2534 5600 ut
2567 5555 2621 5599 et
2645 5545 2774 5615 legit
2798 5544 3198 5618 Nannius.7$ed
3221 5545 3263 5618 Δ’ἦ
3290 5559 3388 5618 pro

1873 5615 2136 5673 scribitur
2168 5619 2221 5687 in
2258 5615 2528 5687 SegueL,
2562 5624 2621 5669 ut
2661 5630 2805 5687 szepe
2853 5618 2975 5672 aliis
3008 5617 3175 5687 etiam
3218 5616 3289 5687 in,
3316 5615 3450 5687 locis

527 5704 642 5743 uer.
667 5686 887 5745 Gobler.
915 5699 970 5744 et
1001 5681 1266 5757 Felekmf,
1296 5681 1631 5745 ἀποστέλλω.
1662 5687 1768 5742 Alii

1883 5687 2155 5757 contingit.
2190 5686 2296 5741 Alii
2328 5681 2381 5742 ἐι
2405 5686 2565 5751 editi,
2621 5685 2721 5740 οὐκ
2743 5681 2857 5757 ἄρα
2884 5689 2912 5740 6
2943 5686 3114 5755 Λόγος
3147 5684 3264 5739 ἐστὶ
3297 5684 3382 5740 καὶ
3416 5686 3450 5757 ἡ

1874 5756 2054 5826 σοφία.
