3850 6218
351 271 457 332 119
962 273 1022 330 S.
1056 270 1436 327 ATHANASII
1465 270 1618 328 OPP.
1660 272 1842 330 PARS
1877 271 1920 331 l.

2066 256 2440 330 msrou’um
2474 272 2564 328 ET
2602 272 3027 332 DOGMATICA.
3523 278 3630 336 120

352 404 522 461 quam
549 388 815 446 Dominus
841 387 1020 446 lactus
1056 390 1224 447 homo
1246 398 1560 462 serpentem
1594 390 1818 460 devicit,
1847 393 1930 449 vis

2054 410 2165 459 του,
2196 391 2409 448 καὶτὸν
2437 391 2562 462 ὅφιν
2592 390 3018 464 ἀνατρέψαντος,
3041 391 3124 455 εἰς
3152 390 3362 455 πάντας
3411 391 3631 466 ἀνθρώ-

355 484 451 540 illa
487 482 835 556 permauabit
858 483 915 538 in
947 498 1142 541 omnes
1170 483 1448 550 homines,
1497 493 1561 541 ut
1601 485 1801 558 singuli
1830 501 1930 542 uo-

2054 501 2178 550 πους
2203 485 2238 556 ἡ
2270 484 2494 553 τοιαύτη
2518 483 2670 553 ἰσχὺς
2696 482 3046 554 διαϐήσεται,
3086 482 3228 538 ὥστε
3271 484 3454 555 λέγειν
3493 486 3631 540 ἔκα-

354 586 532 633 strum
595 575 800 644 dicant,
865 574 992 630 Non
1042 576 1180 631 enim
1245 577 1552 649 ignoramus
1591 579 1937 649 cogitationes

312 718 318 725 ,
352 670 468 739 ejus
493 670 560 723 θ’.
591 667 942 725 Meritissimo
972 668 1141 740 igitur
1172 667 1464 737 Dominus,
1503 669 1600 741 qui
1634 684 1851 742 semper
1882 681 1938 729 et

348 771 549 821 natura
578 761 940 817 immutabilis
966 770 1071 829 est,
1101 762 1197 833 qui
1223 761 1497 833 justitiam
1525 771 1696 830 autat,
1734 772 1789 819 et
1825 763 1936 818 iuis

347 853 614 924 quitatem
643 853 769 909 odio
799 854 985 918 habet,
1017 854 1245 925 ungitur
1288 862 1344 910 et
1388 854 1649 921 mittitur,
1689 863 1750 910 ut
1788 854 1935 911 idem

351 945 469 1015 ipse
521 952 578 1001 et
629 945 903 1002 exsistens
958 954 1014 1001 et
1060 961 1416 1017 permanens,
1463 961 1632 1003 carne
1682 947 1933 1003 mutabili

349 1047 655 1107 assumpta,
683 1046 967 1107 peccatum
998 1035 1055 1092 in
1089 1036 1207 1107 ipsa
1234 1036 1562 1094 condemnet
1589 1037 1655 1102 “,
1701 1052 1936 1108 eamque

348 1127 542 1182 reddat
571 1127 825 1191 liberam,
873 1137 933 1182 ut
968 1127 1105 1199 legis
1142 1128 1417 1197 justitiam
1456 1129 1635 1200 possit
1675 1128 1934 1199 deinceps

348 1219 404 1274 in
443 1220 561 1291 ipsa
586 1221 834 1291 implere.
868 1219 1010 1277 Hinc
1033 1220 1149 1292 jam
1181 1221 1310 1277 licet
1342 1221 1561 1279 dicere:
1608 1220 1720 1278 Nos
1748 1230 1930 1277 autem

349 1327 458 1366 non
507 1313 563 1367 in
613 1328 801 1379 carne,
867 1313 964 1369 sed
1011 1312 1067 1368 in
1120 1312 1330 1385 Spiritu
1403 1329 1618 1379 sumus,
1660 1314 1932 1386 siquidem

348 1404 590 1477 Spiritus
623 1406 715 1461 Dei
747 1406 957 1463 habitat
979 1408 1031 1462 in
1063 1408 1221 1464 nobis
1253 1407 1320 1463 “.

416 1494 581 1568 360
619 1498 708 1553 52.
741 1497 969 1559 Frustra
1018 1500 1207 1571 igitur,
1270 1499 1482 1567 Ariani,
1537 1500 1694 1557 vobis
1736 1501 1932 1572 hujus-

349 1589 499 1644 modi
545 1589 738 1645 oborta
784 1591 1031 1661 suspicio
1085 1600 1212 1648 est:
1272 1592 1474 1649 frustra
1522 1592 1931 1664 Scripturarum

345 1678 518 1733 verba
547 1679 904 1749 praetenditis.
965 1678 1202 1736 Verbum
1254 1681 1400 1736 enim
1446 1680 1544 1738 Dei
1594 1682 1934 1739 immutabile

2039 595 2165 633 στον
2201 577 2358 650 ἡμῶν
2374 594 2390 609 ο
2421 578 2506 631 Οὐ
2536 576 2650 647 γὰρ
2673 575 2862 631 αὑτοῦ
2887 575 2960 631 τὰ
2971 577 3244 647 νοήματα
3262 576 3629 648 ἀγνοοῦμεν.

2037 668 2246 726 Οὐκοῦν
2309 669 2533 732 εἰκότως
2565 670 2594 722 6
2642 666 2850 741 Κύριος
2904 668 2934 721 6
2982 668 3073 722 ἀεὶ
3102 668 3198 722 καὶ
3248 667 3410 738 φύπι
3465 669 3633 740 ἀτρε-

2036 781 2172 828 πτος
2195 761 2330 836 (56),
2362 760 2596 831 ἀγαπῶν
2623 758 2992 832 δικαιοσύνην,
3026 760 3124 814 καὶ
3165 759 3340 832 μισῶν
3388 760 3629 827 ἀδικίαν,

2036 858 2271 930 χρίεται,
2306 856 2402 910 καὶ
2429 855 2592 918 αὐτὸς
2614 852 3027 920 ἀποστέλλεται,
3065 853 3154 907 ἴνα
3181 854 3211 906 6
3241 853 3407 918 αὐτός
3450 871 3512 908 τε
3550 852 3632 907 ὢν

2036 950 2132 1005 καὶ
2174 949 2338 1012 αὐτὸς
2363 947 2657 1019 διαμένων,
2683 946 2784 1018 τὴν
2812 945 3057 1018 τρεπτὴν
3084 945 3265 1018 σάρκα
3291 944 3495 1009 λαϐὼν,
3525 946 3632 1017 τὴν

2039 1039 2138 1111 μὲν
2162 1038 2439 1111 ἁμαρτίαν
2460 1039 2520 1090 ἐν
2551 1037 2688 1108 αὐτῇ
2717 1035 3045 1108 κατακρίνῃ,
3082 1035 3377 1108 ἐλευθέραν
3421 1034 3537 1107 (57)
3570 1036 3632 1090 δὲ

2035 1127 2207 1199 αὐτὴν
2265 1124 2652 1197 κατασκευάσῃ
2701 1126 2782 1189 είς
2827 1123 2891 1178 τὸ
2914 1123 3174 1180 δύνασθαι
3208 1124 3394 1180 λοιπὸν
3438 1126 3501 1181 τὸ
3550 1127 3634 1180 δι-

2034 1219 2260 1291 καίωμα
2287 1216 2382 1272 τοῦ
2413 1217 2580 1289 νόμου
2614 1215 2858 1288 πληροῦν
2879 1217 2940 1271 ὲν
2970 1217 3133 1289 αὐτῇ,
3156 1216 3296 1271 ὥστε
3323 1218 3419 1272 καὶ
3444 1218 3632 1289 λέγειν

2033 1310 2294 1366 δύνασθαι
2313 1327 2327 1343 ·
2370 1310 2563 1381 Ἡμεῖς
2589 1307 2701 1380 (58)
2722 1308 2779 1362 δὲ
2806 1308 2909 1362 οὐκ
2936 1307 3106 1381 ἐσμὲν
3134 1310 3195 1362 ἐν
3221 1309 3407 1381 σαρκὶ,
3431 1310 3632 1364 ἀλλ’ὲν

2034 1406 2337 1476 Πνεύματι,
2368 1404 2528 1475 εἴπερ
2546 1401 2777 1475 Πνεῦμα
2809 1401 2946 1456 Θεοῦ
2975 1403 3118 1455 οἰκεῖ
3137 1402 3196 1456 ὲν
3222 1406 3377 1475 ἡμῖν.

2112 1498 2201 1554 52.
2232 1497 2429 1568 Μάτην
2458 1497 2588 1567 ὑμῖν
2613 1496 2721 1568 ἄρα
2752 1494 2847 1549 καὶ
2878 1493 2996 1559 νῦν,
3027 1488 3072 1548 ὦ
3111 1495 3404 1567 Ἀρειανοὶ,
3454 1497 3490 1568 ή
3521 1513 3634 1550 τοι·

2034 1590 2173 1659 αύτη
2200 1588 2426 1642 ὑπόνοια
2452 1585 2745 1658 γεγένηται
2764 1626 2780 1651 ,
2826 1584 2921 1640 καὶ
2968 1584 3144 1655 μάτην
3181 1585 3633 1656 ἐπροφασίσασθε

2033 1679 2104 1734 τὰ
2138 1679 2359 1752 ῥήματα
2407 1677 2514 1731 τῶν
2570 1676 2609 1728 Γ
2617 1674 2835 1748 ραφῶν·
2869 1677 2898 1729 6
2953 1675 3126 1744 Λόγος
3149 1674 3257 1748 γὰρ
3281 1677 3310 1728 6
3360 1673 3456 1729 τοῦ
3485 1673 3630 1728 Θεοῦ

348 1778 456 1834 est,
495 1784 826 1841 semperque
853 1769 1108 1840 idemque
1164 1780 1270 1837 est,
1306 1787 1485 1843 neque
1530 1771 1585 1828 id
1628 1771 1738 1827 alio
1770 1772 1930 1827 modo

2054 1770 2304 1842 ἰτρεπτός
2337 1771 2475 1831 ἐστι,
2505 1768 2601 1822 καὶ
2650 1767 2737 1820 ἀεὶ
2765 1765 2877 1839 (59)
2908 1766 3003 1820 καὶ
3051 1766 3315 1830 ὡσαύτως
3341 1767 3477 1836 ἔχει,
3524 1766 3631 1836 οὐχ

349 1879 512 1934 quam
565 1865 682 1934 ipse
711 1862 897 1920 Pater.
958 1864 1218 1937 Alioquin
1268 1867 1546 1938 quomodo
1596 1866 1743 1922 illius
1784 1872 1933 1921 esset

348 1954 551 2019 simile,
588 1955 695 2011 nisi
748 1956 858 2011 tale
892 1957 1085 2013 esset?
1119 1959 1230 2012 Aut
1267 1959 1546 2029 quomodo
1578 1959 1762 2014 omnia
1811 1973 1936 2029 quae

346 2042 528 2101 Patris
550 2054 701 2112 sunt,
736 2046 858 2102 Filii
894 2063 1117 2119 quoque
1146 2058 1352 2115 essent,
1383 2050 1490 2105 nisi
1517 2048 1699 2106 Patris
1729 2050 1932 2106 immu-

350 2136 674 2193 taliilitatem
702 2138 973 2195 haberet?
996 2139 1108 2196 Nec
1139 2155 1271 2198 vero
1294 2141 1461 2197 veluti
1492 2142 1705 2213 legibus
1748 2143 1933 2214 subje-

350 2238 497 2295 ctus,
529 2238 626 2284 aut
653 2229 972 2287 alterutram
1008 2233 1064 2288 iu
1098 2241 1307 2304 partem
1333 2233 1610 2301 ﬂexibilis,
1634 2234 1740 2291 hoc
1760 2243 1931 2304 amat,

347 2330 404 2375 et
456 2322 589 2377 illud
652 2324 787 2388 odit,
838 2339 930 2393 ne,
988 2329 1286 2384 corruendi
1346 2338 1519 2394 metu,
1575 2329 1721 2385 aliud
1765 2345 1931 2400 quam

348 2422 598 2483 oporteat
631 2415 1012 2486 amplectatur,
1037 2427 1203 2491 atque
1232 2421 1307 2476 ita
1333 2435 1529 2477 rursus
1557 2421 1663 2475 alia
1691 2421 1931 2492 quadam

348 2505 563 2560 ratione
614 2505 893 2563 mutabilis
942 2508 1258 2565 inducatur.
1307 2509 1532 2575 Verum,
1584 2521 1646 2566 ut
1687 2510 1833 2567 Deus
1877 2519 1935 2567 et

349 2593 588 2651 Verbum
618 2595 821 2662 Patris,
852 2598 1035 2669 justus
1065 2609 1149 2657 est
1165 2600 1334 2673 judex
1368 2618 1669 2673 amansque
1693 2604 1930 2666 virtutis.

346 2689 432 2742 vel
459 2689 642 2759 potius
677 2691 934 2747 virtutem
960 2691 1197 2750 donans.
1246 2693 1386 2761 Quia
1440 2709 1572 2766 ergo
1606 2704 1803 2750 natura
1841 2697 1935 2766 ju-

350 2792 472 2836 stus
499 2789 555 2835 et
579 2790 804 2837 sanctus
831 2788 937 2848 est,
971 2781 1181 2840 idcirco
1198 2784 1475 2855 justitiam
1496 2786 1721 2857 diligere
1749 2796 1804 2842 et
1825 2788 1932 2843 ini-

347 2869 615 2938 quitatem
643 2870 770 2925 odio
802 2870 1006 2927 habere
1035 2872 1261 2942 dicitur,
1292 2873 1439 2944 quod
1473 2875 1699 2945 perinde
1745 2885 1829 2931 est
1868 2891 1934 2932 ac

350 2968 394 3018 si
426 2963 580 3017 dicas
610 2978 735 3018 eum
782 2963 1034 3022 homines
1074 2965 1276 3021 virtute
1327 2966 1583 3037 praeditos
1638 2981 1826 3023 amare
1877 2976 1932 3023 et

348 3055 663 3119 admittere,
694 3056 936 3127 injustos
957 3073 1089 3113 vero
1130 3058 1397 3129 repellere
1430 3068 1486 3116 et
1533 3060 1719 3116 odisse
1742 3079 1756 3116 :
1783 3059 1929 3131 quod

2037 1861 2246 1925 ἁπλῶς,
2281 1859 2394 1913 ἀλλ’
2425 1860 2503 1922 ὡς
2529 1861 2558 1912 6
2581 1858 2794 1929 Πατήρ.
2850 1857 3003 1910 Ἐπεὶ
3036 1856 3157 1920 πῶς
3203 1856 3389 1928 ὅμοιος
3410 1897 3426 1923 ,
3460 1859 3510 1911 εί
3548 1858 3632 1930 μὴ

2035 1952 2211 2017 οὕτως
2261 1952 2440 2016 ἐστίν;
2478 1951 2550 2004 Ἢ
2584 1948 2701 2014 πῶς
2761 1949 2941 2003 πάντα
2992 1947 3059 2002 τὰ
3096 1949 3192 2002 τοῦ
3259 1948 3475 2021 Ila-:96;
3525 1947 3629 2003 τοῦ

2036 2043 2168 2099 Υἰοῦ
2200 2047 2368 2106 ἐστιν,
2401 2045 2452 2096 εἰ
2482 2041 2556 2115 μὴ
2583 2042 2679 2096 καὶ
2706 2040 2767 2094 τὺ
2798 2040 3069 2113 ἄτρεπτον
3096 2040 3191 2094 καὶ
3227 2041 3288 2094 τὸ
3325 2041 3631 2096 ἀναλλοίωὲ-

2034 2155 2125 2191 τον
2147 2137 2239 2191 τοῦ
2263 2135 2478 2207 [ἰατρὸς
2513 2134 2626 2206 ἔχει
2652 2150 2667 2199 ;
2697 2134 2810 2205 Οὐχ
2837 2134 2914 2198 ὡς
2947 2132 3308 2203 ὑποκείμενος
3332 2132 3389 2185 δὲ
3409 2133 3628 2204 νόμοις,

2035 2226 2132 2282 καὶ
2154 2227 2254 2298 τὴν
2277 2226 2371 2278 ἐπὶ
2392 2225 2597 2299 θάτερα
2632 2224 2804 2298 ῥοπὴν
2824 2223 2984 2295 ἔχων,
3011 2223 3073 2277 τὸ
3099 2222 3197 2294 μὲν
3237 2224 3448 2295 ἀγαπᾷ,
3480 2225 3543 2278 τὸ
3565 2226 3633 2279 δὲ

2038 2321 2205 2390 μισεῖ,
2230 2319 2316 2372 ἵνα
2342 2318 2438 2389 μὴ,
2468 2315 2619 2388 φόϐῳ
2637 2314 2734 2370 τοῦ
2765 2318 3039 2381 ἐκπεσεῖν,
3065 2315 3125 2369 τὸ
3143 2316 3328 2389 ἓτερον
3346 2316 3635 2388 προσλαμ-

2034 2410 2194 2483 ϐάνῃ,
2224 2410 2320 2464 καὶ
2344 2409 2518 2473 ἄλλως
2554 2408 2713 2462 πάλιν
2748 2408 2983 2480 τρεπτὸς
3025 2409 3340 2480 εἰσάγηταιο
3394 2408 3510 2462 ἀλλ’
3549 2408 3635 2474 ὡς

2034 2502 2167 2567 Θεὸς
2188 2501 2266 2556 ὢν
2283 2502 2380 2556 καὶ
2404 2502 2578 2571 Λόγος
2609 2500 2705 2554 τοῦ
2734 2498 2969 2571 Πατρδς,
3005 2500 3202 2571 κριτής
3245 2499 3363 2553 ἐστι
3404 2498 3519 2570 (60)
3544 2498 3633 2552 δί-

2034 2612 2191 2659 καιος
2214 2595 2310 2650 καὶ
2331 2594 2642 2667 φιλάρετος,
2681 2593 2882 2667 μᾶλλον
2903 2592 2962 2647 δὲ
3004 2593 3099 2647 καὶ
3131 2593 3368 2665 χορηγὸς
3400 2593 3629 2665 ἀρετῆς.

2034 2688 2253 2752 Δίκαιος
2278 2685 2372 2742 οῦν
2400 2687 2561 2757 φύσει
2594 2687 2688 2741 καὶ
2719 2687 2866 2751 ὅσιος
2893 2684 2970 2739 ὢν
2992 2726 3009 2752 ,
3047 2684 3137 2740 διὰ
3188 2685 3351 2739 τοῦτο
3400 2686 3633 2756 ἀγαπᾷν

2032 2777 2251 2847 λέγεται
2292 2777 2640 2849 δικαιοσύνην
2691 2777 2788 2830 καὶ
2837 2778 3016 2848 μισεῖν
3068 2775 3280 2830 ἀδικίαν
3302 2794 3316 2807 ·
3374 2778 3491 2831 ἴσον
3546 2776 3633 2848 τῷ

2033 2872 2230 2937 εἰπεῖν,
2265 2870 2348 2925 ὅτι
2367 2870 2496 2935 τοὺς
2528 2870 2626 2942 μὲν
2650 2868 2940 2943 ἐναρέτους
2979 2869 3175 2940 ἀγαπᾷ
3205 2868 3302 2922 καὶ
3341 2868 3636 2941 προσλαμ-

2033 2963 2277 3031 ϐάνεται,
2299 2963 2427 3027 τοὺς
2450 2963 2508 3016 δὲ
2528 2962 2748 3025 ἀδίκους
2777 2960 3182 3033 ἀποστρέφεται
3205 2961 3301 3015 καὶ
3323 2962 3495 3032 μισεῖ.
3517 2961 3633 3014 Καὶ

2033 3056 2142 3128 γάρ
2166 3057 2419 3128 καὶπερὶ
2467 3054 2699 3126 (61)τοῦ
2733 3054 2949 3126 Πατρὸς
2992 3055 3056 3108 τὸ
3101 3053 3233 3107 αὐτὸ
3276 3053 3530 3123 λέγουσιν
3568 3054 3633 3107 αῖ

350 3147 495 3202 idem
522 3148 590 3202 de
618 3144 781 3203 Patre
806 3158 1081 3205 testantur
1109 3149 1311 3207 divina:
1366 3150 1686 3222 Scriptura,
1738 3153 1929 3208 Justus

2054 3148 2178 3200 θεῖαι
2202 3145 2416 3219 Γραφαί
2436 3164 2451 3177 ·
2478 3147 2714 3213 Δίκαιος
2736 3147 2953 3215 Κύριος
2977 3144 3089 3218 (69.)
3114 3146 3215 3200 καὶ
3236 3143 3637 3212 δικαιοσύνας

347 3240 611 3294 Dominus
648 3251 698 3294 et
735 3241 990 3311 justitias
1037 3243 1226 3298 dilexit
1268 3245 1335 3297 ⁸⁸.
1381 3242 1469 3311 Ει,
1526 3243 1664 3299 Odia
1696 3245 1930 3302 habuisti

347 3349 526 3405 omnes
551 3333 644 3403 qui
675 3332 872 3402 injuste
893 3343 1055 3403 agunt
1085 3334 1150 3386 ”.
1194 3334 1280 3400 Et,
1314 3333 1511 3388 Portas
1547 3332 1679 3389 Sion
1711 3334 1931 3405 diligit;

349 3404 697 3479 tabeinaeula
720 3434 895 3479 autem
915 3423 1086 3481 .lacob
1122 3442 1228 3481 non
1254 3427 1436 3497 magni
1465 3426 1596 3495 facit
1625 3427 1691 3480 ⁸⁷.
1719 3404 1932 3490 Euda-

346 3518 441 3571 σοι)
468 3517 680 3587 quidem
704 3516 920 3583 dilexit,
970 3516 1119 3583 Esau
1166 3534 1286 3574 vero
1324 3520 1447 3573 odio
1489 3519 1679 3574 habuit
1703 3520 1772 3577 ⁸⁸.
1798 3520 1929 3576 Item

347 3610 649 3665 secundum
704 3608 921 3679 Isaiam,
976 3627 1082 3667 vox
1128 3611 1226 3667 Dei
1272 3620 1359 3668 est
1391 3627 1611 3668 rursum
1660 3612 1928 3669 dicentis:

346 3701 462 3771 Ego
506 3717 624 3757 sum
668 3700 952 3769 Dominus,
990 3706 1080 3774 qui
1105 3703 1380 3773 justitiam
1412 3703 1602 3775 diligo,
1638 3712 1689 3759 et
1711 3706 1963 3775 rapinas

344 3793 648 3862 iniquitatis
677 3792 765 3847 odi
788 3793 855 3849 °’.
890 3791 985 3848 Vel
1014 3810 1149 3865 ergo
1175 3795 1268 3851 illa
1294 3796 1460 3850 verba
1488 3796 1715 3866 perinde
1740 3812 1806 3853 ac
1826 3797 1931 3854 ista

346 3884 694 3952 intelligant;
751 3897 876 3937 nam
919 3891 974 3937 et
1007 3884 1098 3938 illa
1130 3884 1201 3940 de
1226 3883 1322 3940 Dei
1358 3885 1597 3957 imagine
1627 3896 1759 3943 sunt
1788 3889 1930 3945 scri-

344 3982 438 4042 pta
468 3991 483 4026 :
518 3971 603 4026 vel
639 3970 744 4026 ista
771 3983 829 4026 ut
848 3970 939 4025 illa
965 3972 1106 4027 male
1135 3973 1580 4044 interpretantes,
1612 3976 1931 4032 mutabilem

347 4067 556 4134 ﬁngant
585 4062 826 4118 Patrem.
857 4062 1014 4130 Quod
1044 4065 1091 4120 si
1127 4066 1254 4121 talia
1277 4067 1359 4122 vel
1388 4068 1577 4133 etiam,
1602 4069 1726 4127 aliis
1749 4068 1936 4125 dicen-

350 4157 520 4220 tibus,
545 4156 760 4221 audire,
796 4171 907 4211 non
938 4168 1096 4213 vacat
1118 4159 1371 4229 periculo
1395 4177 1413 4215 εκ
1444 4160 1651 4215 idcirco
1684 4161 1851 4233 igitur
1869 4177 1935 4217 ea

348 4255 501 4301 recte
538 4247 917 4317 intelligimus,
957 4264 1155 4320 nempe
1188 4249 1359 4306 Deum
1389 4251 1637 4321 justitias
1685 4253 1931 4323 diligere,

349 4351 403 4394 et
439 4339 672 4408 injustas
708 4339 931 4410 rapinas
980 4341 1164 4397 odisse
1182 4341 1314 4408 dici,
1341 4359 1451 4399 non
1485 4346 1643 4414 quasi
1690 4345 1747 4399 in
1776 4346 1930 4400 alter-

2054 4345 2191 4397 ἔστιν
2220 4343 2521 4407 ἀκίνδυνον,
2547 4342 2637 4397 διὰ
2664 4340 2822 4398 τοῦτο
2855 4340 3036 4405 καλῶς
3070 4337 3429 4407 διανοούμεθα
3464 4337 3526 4392 τὸ
3548 4337 3640 4392 λέ-

2036 3238 2319 3311 ἠτάπησε
2335 3255 2349 3269 '
2381 3240 2497 3306 uari,
2534 3240 2867 3309 Ἐμίσησας
2892 3238 3124 3305 πάντας
3148 3237 3292 3304 τοὺς
3316 3236 3635 3309 ἐργαζομέ-

2036 3347 2185 3397 νους
2244 3330 2361 3400 τὴν
2388 3332 2675 3401 ἀνομίαν-ο
2713 3329 2829 3394 καὶ,
2893 3329 3004 3395 Τὰς
3037 3327 3156 3399 μὲν
3206 3329 3409 3394 πύλας
3472 3328 3636 3384 Σιὼν

2037 3423 2263 3495 ἀγαπᾷ,
2291 3423 2365 3479 τὰ
2384 3423 2455 3478 δέ
2475 3421 2843 3493 σκηνώματα
2879 3420 3080 3478 Ἰακὼϐ
3112 3422 3187 3475 οὐ
3210 3419 3346 3488 περὶ
3388 3421 3634 3475 πολλοῦ

2036 3517 2317 3573 ποιεῖταιο
2356 3518 2455 3572 καὶ
2478 3557 2494 3582 ,
2548 3517 2662 3572 Τὸν
2682 3516 2803 3586 μὲν
2843 3514 3055 3570 Ἰακὼϐ
3085 3513 3392 3585 ἠτάπηςγε,
3419 3513 3529 3567 τὸν
3560 3511 3637 3566 δὲ

2051 3607 2234 3664 Ἡσαῦ
2254 3608 2516 3678 ἐμίσησε
2538 3625 2552 3637 ·
2586 3607 2729 3661 κατὰ
2764 3605 2820 3659 δὲ
2850 3606 2943 3660 τὸν
2992 3605 3224 3659 Ἡσαΐαν
3243 3643 3261 3669 ,
3307 3602 3458 3674 φωνὴ
3490 3601 3633 3657 Θεοῦ

2040 3700 2156 3753 ἐστι
2183 3697 2347 3754 πάλιν
2381 3697 2667 3767 λέγοντος·
2710 3694 2859 3767 Ἐγώ
2890 3698 3006 3765 ειμι
3036 3695 3272 3762 Κύριος,
3315 3695 3349 3746 ὀ
3381 3689 3638 3762 ἀγαπῶν

2037 3791 2440 3858 δικαιοσύνην
2462 3829 2483 3855 ,
2531 3789 2632 3843 καὶ
2695 3785 2895 3859 μισῶν
2959 3784 3317 3856 ἁρπάγματα
3371 3783 3443 3848 ἐξ
3498 3781 3637 3836 ἁδι-

2040 3885 2179 3951 κΙας
2214 3882 2348 3955 (63).
2376 3882 2454 3935 Ἢ
2497 3882 2680 3936 τοίνυν
2723 3880 2956 3935 κάκεῖνα
2999 3877 3070 3932 τὰ
3093 3878 3317 3949 ῥήματα
3343 3874 3418 3939 ὡς
3455 3873 3638 3928 ταῦτα

2043 3974 2556 4046 ἑκλαμὸανέτωσανο
2575 3974 2670 4028 καὶ
2686 3972 2795 4046 γὰρ
2808 3973 3037 4027 κάκεῖνα
3051 3971 3180 4042 περὶ
3199 3970 3302 4041 τῆς
3314 3967 3521 4031 εἰκόνος,
3539 3966 3637 4021 τοῦ

2043 4068 2179 4122 Θεοῦ
2214 4068 2522 4138 γέγραπται
2541 4084 2556 4099 ο
2586 4066 2622 4137 ἢ
2645 4066 2742 4120 καὶ
2772 4065 2949 4119 ταῦτα
2979 4065 3056 4128 ὡς
3076 4064 3270 4118 ἐκεῖνα.
3295 4061 3485 4124 κακῶς
3512 4059 3637 4113 δια-

2043 4158 2162 4213 νοού
2171 4176 2342 4230 μενοι,
2360 4157 2596 4231 τρεπτδν
2615 4156 2815 4215 καὶτὸν
2836 4157 3057 4230 Πατέρα
3090 4157 3478 4209 ὲπινοείτωσαν
3495 4153 3634 4226 (64),

2044 4254 2109 4308 Ei
2132 4255 2187 4308 δὲ
2209 4256 2301 4308 καὶ
2332 4254 2492 4324 μόνον
2518 4252 2738 4308 ἀκούειν
2766 4251 2926 4308 τοῦτο
2961 4250 3230 4321 λεγόντων
3276 4249 3482 4320 ἑτέρων
3532 4248 3639 4303 οὐκ

419 4498 465 4529 ⁸³
488 4496 527 4551 ll
557 4496 689 4567 Cor.
716 4512 777 4558 ιι,
804 4495 887 4550 ll.
908 4566 921 4567 ί
965 4495 1010 4527 ⁸⁸
1038 4496 1194 4553 Rom.
1214 4515 1334 4567 vni,
1355 4500 1409 4554 '5.
1485 4497 1532 4530 “
1550 4498 1681 4555 ibid.
1705 4500 1760 4554 9.
1839 4498 1930 4553 “I

2084 4516 2142 4563 χ,
2159 4499 2214 4555 8.
2273 4500 2321 4532 “
2344 4499 2489 4554 Psal.
2516 4516 2568 4565 ν,
2589 4498 2639 4550 7.
2705 4497 2751 4529 ⁸⁷
2776 4495 2921 4553 Psal.
2946 4513 3171 4562 Lxxxvt,
3197 4497 3253 4551 2.
3320 4497 3365 4529 "
3394 4495 3635 4553 Malach.

352 4585 391 4633 ι,
417 4568 473 4623 2.
550 4568 594 4600 ⁸⁸
619 4566 726 4623 lsa.
756 4581 868 4630 LXI,
898 4566 954 4620 8.

424 4727 536 4802 (56)
579 4723 673 4782 Sic
705 4724 1121 4802 ‘Seguenrianus,
1171 4720 1373 4802 liegius
1420 4730 1475 4775 et
1522 4718 1669 4802 Felc.
1710 4719 1777 4802 _5.
1830 4720 1938 4802 Alii

346 4789 479 4854 vero
518 4789 596 4853 ἐι
656 4789 825 4853 editio
877 4794 1172 4863 Commel.,
1221 4789 1550 4863 aspémm;._
1591 4789 1764 4863 Paulo
1817 4799 1944 4863 post

348 4871 578 4940 Seguer.
607 4866 830 4940 Gobler.
871 4874 930 4940 et
952 4862 1106 4940 ‘Eelc.
1150 4865 1202 4930 l,
1233 4860 1323 4917 ἵνα
1359 4864 1387 4916 6
1420 4861 1589 4940 αὐτὸς
1623 4878 1684 4914 τε
1707 4860 1794 4940 ,ὢν
1824 4861 1943 4940 ,καὶ

345 4930 510 5010 αὐτὸς
558 4938 848 5010 διαμένων.
904 4934 1011 4990 Alii
1051 4943 1234 4991 autem
1270 4943 1326 4989 et
1369 4931 1523 4996 editi,
1565 4933 1651 4989 ἵνα
1697 4932 1729 4985 6.
1779 4930 1944 4994 αὐτὸς

347 5011 646 5064 διαμένων.

423 5008 927 5150 (ἕῖωὲέειιενίαιιη
955 5075 1261 5150 ἐλεύθερον.
1291 5073 1452 5150 Felc._
1469 5072 1507 5128 2
1527 5081 1582 5128 et
1608 5072 1760 5150 editi,
1789 5072 1942 5150 ἐλευ-

353 5143 556 5222 ιερίαςρ.
594 5143 906 5222 Aﬁi_mss.,
953 5143 1498 5222 sieuQépav._Paulo
1542 5152 1669 5214 post
1720 5143 1938 5213 Anglic.

352 5216 517 5293 llasil.
553 5228 622 5293 et
644 5218 791 5293 Fe_lc.
829 5218 882 5284 5,
912 5216 1161 5293 πληροῦν
1194 5216 1475 5293 ὲν-ὲαυτῇ.

424 5290 537 5363 (58)
570 5289 664 5345 Sic
703 5285 1042 5361 Segueriaul'
1080 5285 1273 5342 theri
1314 5288 1443 5341 vero
1490 5293 1544 5339 et
1586 5285 1742 5351 editi,
1777 5286 1941 5355 ἡμεῖς

350 5372 470 5416 οὐκ.
1856 5372 1871 5395 \

422 5431 535 5503 (59)
578 5430 671 5486 Sic
706 5427 1134 5503 Seguer_ia_n._At
1161 5426 1297 5503 lieg.
1332 5425 1623 5503 inuadat,
1654 5422 1945 5503 etc.__Editi

350 5495 577 5572 aliique,
610 5503 759 5554 ἐστιν
892 5499 998 5572 ἀεί,
1024 5497 1154 5572 μοχ
1179 5495 1315 5572 Reg.
1349 5495 1944 5572 BasiliensLAnglican.

351 5512 577 5572 aliique,
610 5512 759 5554 εστιν
788 5512 864 5564 ως
892 5512 998 5553 αει.
1036 5512 1154 5551 mox
1182 5512 1315 5570 ηεξ.
1349 5512 1637 5553 basilicus.
1657 5512 1737 5549 an
1778 5512 1844 5550 uc

351 5571 683 5648 l"elc._‘5,_tir;
715 5572 758 5648 6_
779 5571 987 5642 Πατήρ.
1013 5568 1206 5648 Caeteri
1237 5580 1289 5624 et
1319 5569 1474 5648 editi.
1508 5512 1844 5648 minacia.

424 5642 673 5766 (ψηέὃὲε
725 5638 1048 5714 Segucriau.
1101 5639 1232 5713 lieg.
1279 5649 1334 5696 ct
1384 5638 1527 5695 Felc.
1574 5638 1722 5694 5.At
1756 5638 1850 5693 alii
1891 5644 1944 5693 ct

426 5725 507 5766 ιιι.
563 5730 645 5766 ,τίο

353 5714 507 5783 editi,
544 5714 645 5767 ἔτι.

2126 4721 2239 4796 (61)
2283 4722 2373 4778 Sic
2407 4721 2725 4796 Segperian.
2762 4724 2839 4796 At,
2871 4722 3005 4796 Reg.
3035 4720 3259 4796 Gohler.
3296 4732 3352 4778 et
3389 4721 3543 4778 Felc.
3582 4722 3637 4796 1,

2051 4791 2729 4866 xatjdp_1tspi.:Editi_et
2753 4795 2870 4866 alii,
2898 4795 3012 4866 καὶ
3026 4793 3174 4866 περίΪ

2121 4809 2145 4845 ηι
2178 4809 2289 4915 ἔαρ
2323 4809 2469 4866 περι.
2499 4809 2643 4848 nam
2675 4809 2729 4849 et
2753 4809 2870 4861 aut,
2898 4809 2992 4848 και
3026 4810 3174 4865 περι.

2121 4861 2177 4934 (6
2218 4860 2604 4935 )__Seguerian.
2633 4863 2853 4920 Gobler.
2890 4873 2945 4920 et
2973 4863 3120 4920 Felc.
3152 4863 3211 4935 l_.
3228 4862 3437 4935 δίκαιος
3467 4865 3496 4917 ὁ
3520 4862 3644 4935 Κύ-

2054 4931 2187 5004 ριος.
2227 4931 2376 5007 Mox'
2393 4933 2619 5007 Seguger.
2663 4935 2796 5007 Reg.
2828 4935 3043 5007 Anglic.
3081 4941 3137 4990 et
3173 4932 3317 4989 Felc.
3349 4933 3404 5001 5,
3434 4933 3643 5005 ἐμίση-

2050 5003 2317 5077 σαςᾈΑιῇ
2340 5015 2393 5059 et
2415 5003 2567 5077 editi,
2600 5003 2854 5077 ἐμισήσε.

2122 5073 2234 5145 (63)
2276 5072 2597 5165 ξιξευριύίιηί
2621 5072 3013 5165 Regi'tiobler.
3044 5072 3193 5161 Felc.
3226 5075 3250 5128 l
3289 5083 3351 5165 et
3375 5073 3645 5165 5:393:6-

2048 5161 2238 5216 γματα
2288 5145 2522 5209 ἀδικίας.
2558 5144 2629 5202 At
2655 5144 2891 5216 Anglic.,
2921 5145 3261 5215 ἁρπάγματα
3293 5145 3355 5211 ἐξ
3399 5144 3645 5211 ἀδικίας,

2053 5226 2113 5271 ιιι
2139 5226 2194 5270 et
2226 5217 2459 5270 habetur
2494 5216 2599 5270 lsa.
2638 5233 2750 5279 LXI,
2781 5216 2835 5269 8.
2876 5216 2982 5270 Alii
3019 5231 3149 5269 vero
3179 5224 3233 5268 et
3270 5217 3442 5272 editio
3472 5215 3643 5270 Com-

2052 5286 2206 5359 iuel.,
2256 5287 2611 5359 ἁρπάγματα
2627 5288 2662 5359 ἢ
2712 5286 2945 5359 ἀδικίας.
2997 5286 3131 5341 Ibid.
3169 5285 3497 5358 Segueriau.
3528 5285 3643 5342 Go-

2052 5356 2271 5430 bler._et
2285 5356 2440 5430 _Felc.
2456 5356 2524 5423 Vl,
2561 5356 2660 5430 Μῆ
2681 5358 2887 5430 τοίνυν..

2123 5427 2234 5498 (64)
2276 5426 2676 5498 Seguerianus,
2707 5427 3018 5482 Gobleriau.
3062 5437 3116 5483 et
3148 5426 3293 5482 Felc.
3326 5429 3380 5495 i,
3414 5428 3641 5498 ἐπινοή-

2054 5497 2224 5551 σουσιέ
2260 5502 2330 5554 At
2376 5498 2505 5569 Reg.
2539 5511 2592 5553 ct
2641 5497 2785 5553 Fclc.
2829 5498 2882 5563 ὃ,
2926 5498 3335 5554 ὲπινοείτωσαν.
3397 5499 3541 5553 Editi
3588 5505 3647 5554 et

2051 5569 2165 5648 alii,
2217 5568 2611 5640 ὲπινοήτώσαν.
2670 5569 2838 5624 Paulo
2874 5579 2999 5638 post
3047 5570 3398 5642 ὅρμοι-ἰείη,
3428 5568 3522 5624 διά
3551 5586 3644 5624 to:

2050 5656 2224 5693 τουτο.
