3850 6218
204 257 299 315 BI

1345 258 1602 316 ORATIO
1641 261 1663 316 Ι
1701 259 1984 316 CONTRA
2022 259 2335 317 ARIANOS.

3256 252 3481 318 ‘122

198 376 396 448 γεσθαι
426 375 523 431 τὸν
548 375 683 430 Θεὸν
706 376 1054 442 δικαιοσύνας
1080 378 1324 451 ἀγαπᾷν,
1360 380 1455 435 καὶ
1483 383 1664 453 μισεῖν
1699 382 1776 455 ἀρ

1904 391 2084 438 utram
2123 389 2331 452 partem
2385 379 2741 451 propendere,
2772 389 2827 436 et
2852 379 3190 437 contrarium
3225 380 3481 451 amplecti

196 470 468 541 πάγματα
501 467 563 533 ἐξ
581 468 818 533 ἀδικίας,
842 471 944 541 οὐχ
975 470 1053 535 ὡς
1081 472 1176 525 ἐπὶ
1201 470 1404 544 θάτερα
1438 472 1610 545 ῥοπὴν
1649 474 1800 545 ἕχον-

195 579 290 627 τος
350 560 524 616 αὐτοῦ
577 561 674 615 καὶ
733 560 988 616 δεκτικοῦ
1036 562 1133 616 τοῦ
1194 563 1306 635 (65)
1345 564 1613 630 ἐναντίου,
1655 565 1798 620 ὥστε

192 654 360 707 τοῦτο
394 653 494 725 μὲν
515 653 861 722 ἐκλέγεσθαι.
893 656 1069 709 ἐκεῖνο
1098 654 1155 709 δὲ
1181 655 1255 728 μὴ
1283 656 1560 728 αἱρεῖσθαι
1584 673 1599 690 ·
1632 657 1794 713 τοῦτο

192 747 305 816 γὰρ
334 742 448 797 τῶν
471 743 717 815 γενητῶν
771 743 900 797 ἴδιόν
927 745 1106 799 ἐστιν’
1156 746 1270 800 ἀλλ’
1314 747 1420 809 ὃτι.
1471 747 1547 813 ὡς
1579 750 1794 823 κριτὴς,

190 839 322 901 τοὺς
341 835 443 909 μὲν
456 836 703 900 δικαίους
717 835 828 907 (66)
850 837 1042 909 ἀγαπᾷ
1058 838 1152 892 καὶ
1168 840 1668 912 προσλαμϐάνεται,
1687 842 1797 897 τῶν

189 928 250 982 δὲ
282 927 508 998 φαύλων
561 927 780 999 μακρὰν
826 927 1074 997 γίνεται·
1124 930 1418 985 ἀκόλουθον
1458 930 1525 986 ἂν
1573 932 1657 1005 εἴη
1697 933 1795 987 καὶ

127 1022 329 1094 ιπερὶ
364 1022 466 1093 τῆς
496 1020 709 1084 είκόνος
734 1019 831 1073 τοῦ
860 1020 998 1075 Θεοῦ
1031 1022 1256 1078 τοιαῦτα
1291 1027 1456 1093 νοεῖν,
1503 1027 1588 1080 ὅτι
1621 1026 1796 1091 οὕτως

186 1112 388 1184 ἀγαπᾷ
410 1112 505 1165 καὶ¹
530 1114 705 1182 μισεῖ.
734 1109 1005 1183 Τοιαύτην
1042 1113 1151 1186 γὰρ
1184 1108 1324 1168 εἶναι
1355 1115 1456 1187 τὴν
1486 1115 1648 1185 φύσιν
1691 1116 1795 1186 τῆς

189 1204 407 1269 εἰκόνος
445 1202 558 1276 (67)
585 1205 688 1268 δεῖ,
720 1199 829 1268 οἶός
860 1205 1009 1258 ἐστιν
1040 1209 1068 1259 ὁ
1096 1205 1304 1279 ταύτης
1338 1207 1531 1280 Πατὴρ
1554 1249 1569 1273 ,
1611 1208 1716 1263 κᾶν
1743 1212 1792 1263 οἱ

201 1294 499 1366 Ἀρειανοὶ,
525 1294 602 1358 ὡς
623 1293 835 1363 τυφλοὶ,
872 1297 1007 1365 μήτε
1033 1295 1259 1368 ταύτην.
1282 1299 1420 1368 μήτε
1448 1298 1578 1352 ἄλλο
1603 1317 1656 1353 τι
1683 1298 1794 1353 τῶν

190 1386 358 1441 θείων
381 1387 581 1456 λογίων
616 1386 910 1459 βλέπωσιν.
956 1389 1314 1454 Ἐκπεσόντες
1362 1390 1473 1462 (68)
1524 1390 1636 1462 γὰρ
1681 1391 1793 1445 τῶν

188 1479 303 1532 ἀπὸ
344 1478 574 1548 καρδίας
618 1478 799 1532 αὐτῶν
842 1478 1083 1544 ἐννοιῶν,
1122 1479 1323 1551 μᾶλλον
1368 1480 1426 1535 δὲ
1454 1483 1789 1554 παρανοιῶν,

189 1569 290 1622 ἐπὶ
348 1568 489 1639 ῥητὰ
515 1567 682 1622 πάλιν
706 1568 815 1621 τῶν
841 1567 1001 1622 θείων
1049 1569 1281 1641 Γραφῶν
1325 1572 1790 1642 καταφεύγουσιν,

188 1663 273 1724 είς
300 1660 340 1715 ἃ
370 1662 466 1715 καὶ
488 1660 631 1714 αὐτὰ
660 1661 910 1733 συνήθως
961 1660 1420 1733 ἁναισθητοῦντες
1442 1704 1456 1727 ,
1490 1665 1589 1735 οὐχ
1621 1664 1791 1737 ὁρῶσι

186 1752 282 1805 τὸν
310 1753 371 1804 ἐν
392 1750 606 1814 τούτοις
650 1749 804 1805 νοῦν·
845 1750 961 1804 ἀλλ’
989 1750 1068 1814 ὡς
1092 1752 1292 1807 κανόνα
1343 1755 1466 1808 τινὰ
1514 1754 1614 1827 τὴν
1648 1756 1786 1811 ἰδίαν

184 1843 456 1898 ἀσέϐειαν
502 1842 723 1914 θέμενοι
751 1842 884 1914 (69),
917 1843 1055 1915 πρὸς
1098 1843 1290 1898 τοῦτον
1343 1845 1523 1901 πάντα
1565 1848 1633 1902 τὰ
1666 1848 1786 1903 θεῖα

185 1932 352 2001 λόγια
395 1931 817 2004 διαστρέφουσιν
843 1948 858 1964 ’
900 1934 1096 1997 οἵτινες
1138 1935 1231 1987 καί
1257 1934 1419 2004 μόνον
1448 1935 1590 1992 αὐτὰ
1615 1937 1785 2007 φθεγ-

182 2021 433 2093 γόμενοι,
457 2021 613 2076 οὐδὲν
640 2021 830 2094 ἕτερον
856 2021 1076 2078 ἀκούειν
1102 2024 1240 2077 είσὶν
1275 2023 1416 2089 ἄξιοι
1448 2028 1480 2099 ἢ
1507 2068 1522 2090 ,
1549 2027 1787 2085 Πλανᾶ-

183 2117 301 2168 σθε
323 2155 338 2177 ,
367 2112 456 2182 μὴ
486 2113 717 2182 ειδότες
743 2115 851 2182 τὰς
876 2117 1143 2186 Γραρὰς,
1179 2117 1338 2187 μηδὲ
1374 2117 1490 2186 τὴν
1530 2118 1787 2191 δύναμιν

182 2205 294 2260 τοῦ
334 2207 508 2261 Θεοῦ.
537 2208 634 2259 "Av
661 2206 720 2260 δὲ
749 2208 845 2261 καὶ
863 2208 1166 2279 ἐπιμένωσι
1214 2209 1365 2280 (70),
1395 2212 1558 2265 πάλιν
1598 2213 1786 2285 ἐντρέο

183 2300 392 2352 ’τίεσθαι
418 2300 516 2353 καὶ
559 2299 802 2365 ἀκούειν,
851 2300 1106 2354 Ἀπόδοτε
1142 2301 1213 2355 τὰ
1244 2302 1338 2356 τοῦ
1382 2303 1674 2376 ἀνθρώπου
1707 2307 1786 2379 τῷ

183 2389 485 2462 ἀνθρώπῳ,
518 2394 615 2446 καὶ
639 2390 712 2445 τὰ
736 2390 833 2445 τοῦ
862 2392 999 2460 Θεοῦ
1023 2392 1102 2465 τῷ
1130 2393 1270 2465 Θεῷ.

254 2486 347 2540 55.
384 2485 703 2556 Γεγράφθαι
739 2487 939 2554 τοίνυν,
977 2489 1163 2558 φασιν,
1196 2490 1254 2542 ἐν
1284 2488 1384 2560 μὲν
1431 2490 1553 2552 ταῖς
1581 2490 1783 2562 Παροι-

184 2578 362 2647 μίαις·
400 2578 619 2647 Κύριος
664 2578 870 2632 ἐκτισέ
903 2596 982 2649 με
1031 2579 1232 2649 ἀρχὴν
1273 2579 1431 2635 ὁδῶν
1474 2581 1661 2636 αὐτοῦ
1694 2585 1784 2647 εἰς

179 2669 331 2740 ἔργα
357 2671 549 2726 αὑτοῦ
569 2688 585 2702 ⁸
613 2675 672 2725 ἐν
704 2672 763 2726 δὲ
790 2675 856 2745 τῇ
885 2674 1320 2747 πρῆςἘϐραίους
1338 2676 1648 2749 Ἐπιστολῇ,
1687 2677 1781 2730 τοῦ

192 2763 523 2816 Ἀποστόλου
547 2764 800 2833 λέγοντος
819 2783 834 2797 ·
864 2767 1137 2832 Τοσούτῳ
1168 2767 1280 2840 (71)
1300 2769 1583 2836 κρείττων
1609 2770 1782 2837 τενό-

172 2872 368 2924 μενος
391 2854 512 2910 τῶν
536 2858 811 2928 ἀγγέλων
829 2899 844 2923 ,
882 2859 1008 2924 ὅσῳ
1041 2860 1478 2930 διαφορώτερον
1503 2862 1639 2930 παρ’
1676 2862 1784 2915 αὐ-

177 2948 325 3015 τοὺς
347 2953 880 3021 κεκληρονόμηκεν
899 2952 1109 3024 ὄνομαο
1134 2956 1227 3009 καὶ
1253 2957 1371 3026 μετ’
1391 2954 1564 3025 ὀλίγα·
1588 2956 1778 3023 Ὅθεν,

178 3043 438 3113 ἀδελφοὶ
465 3043 640 3121 ἅγιοι,
677 3046 956 3114 κλήσεως
986 3048 1351 3116 ἐπουρανίου
1375 3048 1643 3119 μέτοχοι,
1677 3062 1781 3103 κα-

178 3133 528 3203 τανοήσατε
546 3136 654 3189 τὸν
686 3137 1039 3191 ἀπόστολον
1065 3137 1165 3192 καὶ
1211 3138 1488 3209 ἀρχιερέα
1514 3137 1624 3207 τῆς
1647 3142 1785 3210 ὀμο-

176 3226 400 3296 λογίας
423 3227 615 3296 ἡμῶν,
658 3229 913 3296 Ἰησοῦν,
947 3230 1168 3285 πιστὸν
1183 3230 1330 3284 ὄντα
1361 3230 1443 3297 τῷ
1463 3231 1785 3299 ποιήσαντι

179 3320 405 3373 αὐτόν·
438 3320 535 3373 καὶ
566 3321 625 3373 ἐν
650 3322 771 3384 ταῖς
796 3320 1035 3393 Πράξεσι
1064 3320 1142 3385 δὲ,
1187 3321 1479 3383 Γνωστὸν
1523 3316 1640 3377 οὖν
1669 3321 1782 3393 (72)

180 3412 343 3467 ἔστω
381 3411 574 3469 πᾶσιν
609 3412 787 3484 ὑμῖν,
842 3413 962 3480 πᾶς
1006 3410 1173 3481 οἶκος
1219 3412 1488 3483 Ἰσραὴλ,
1542 3414 1630 3469 ὅτι
1682 3415 1782 3469 καὶ

181 3506 410 3573 Κύριον
431 3504 619 3558 αὐτὸν
638 3503 738 3557 καὶ
757 3505 1018 3573 Χριστὸν
1044 3506 1336 3573 ἐποίησεν
1383 3508 1417 3560 ό
1463 3506 1608 3572 Θεὸς
1642 3506 1782 3561 τοῦ·

180 3613 291 3649 τον
343 3594 459 3668 (75)
510 3595 620 3649 τὸν
687 3596 955 3664 Ἰησοῦν,
994 3596 1067 3650 ὃν
1113 3597 1284 3668 ὑμεῖς
1331 3598 1775 3667 ἐσταυρώσατε.

180 3686 372 3740 Ταῦτα
395 3685 510 3741 ἄνω
557 3684 650 3739 καὶ
684 3686 843 3739 -κὰτω
869 3687 1237 3759 προφέροντες
1256 3728 1271 3753 ,
1311 3688 1407 3741 καὶ
1437 3686 1779 3758 πλανώμενοι

182 3775 313 3849 περὶ
341 3775 445 3847 τὴν
470 3774 710 3829 διάνοιαν
732 3818 749 3843 ,
788 3776 1049 3847 ἐνόμισαν
1089 3776 1202 3849 (74)
1231 3779 1296 3832 ἐκ
1332 3776 1537 3832 τούτων
1570 3779 1778 3850 κτίσμα

180 3867 277 3920 καὶ
300 3866 518 3939 ποίημα
557 3861 814 3920 εἶναικαὶ
841 3865 938 3920 ἕνα
960 3866 1070 3919 τῶν
1105 3866 1350 3939 γενητῶν
1394 3867 1484 3921 τὸν
1515 3868 1610 3922 τοῦ
1637 3868 1775 3922 Θεοῦ

180 3957 359 4027 Λόγον
378 3975 395 3989 ·
448 3955 593 4012 οὕτω
618 3975 680 4011 τε
713 3957 966 4012 ἀπατῶσι
1011 3960 1139 4024 τοὺς
1168 3961 1453 4031 ἀνοήτους,
1503 3960 1776 4034 πρόφασιν

186 4051 287 4120 μὲν
317 4049 754 4121 προϐαλλόμενοι
781 4049 853 4103 τὰ
881 4049 1023 4121 ῥητὰ
1050 4050 1186 4123 (75),
1211 4052 1333 4105 ἀντὶ
1358 4051 1415 4105 δὲ
1453 4052 1554 4125 τῆς
1589 4053 1779 4125 ἀληθι-

180 4142 282 4212 νῆς
310 4142 555 4206 διανοίας
577 4142 670 4195 τὸν
711 4140 844 4195 ἴδιον
879 4141 983 4212 τῆς
1013 4143 1278 4217 αἱρέσεως
1314 4143 1393 4197 ίὸν
1434 4144 1779 4216 ἐπισπείρον-

1902 473 2098 544 possit,
2145 473 2218 528 ita
2270 480 2331 528 ut
2381 472 2516 527 illud
2562 472 2749 542 eligat,
2781 472 2926 528 istud
2960 472 3209 542 rejiciat;
3244 470 3300 526 id
3331 471 3477 535 enim

1899 577 2085 617 rerum
2119 562 2389 617 factarum
2419 562 2701 632 proprium
2729 570 2849 618 est:
2879 563 2973 617 sed
2997 562 3165 632 quod,
3199 571 3258 617 ιιι
3289 561 3481 632 iudex,

1895 655 2077 726 justos
2106 664 2255 709 amat
2286 662 2342 709 et
2372 653 2621 723 suscipit,
2654 648 2849 724 procul
2878 664 3061 711 autem
3107 669 3138 709 a
3183 654 3344 709 malis
3388 667 3483 709 re-

1899 747 2062 803 cedit.
2092 746 2291 801 Eadem
2324 760 2488 816 porro
2512 746 2579 801 de
2609 746 2706 801 Dei
2734 746 2973 817 imagine
3019 746 3225 801 sentire
3262 759 3483 817 quoque

1899 838 2175 899 convenit,
2225 852 2346 892 eam
2403 837 2613 892 scilicet
2660 837 2827 892 simili
2882 836 3045 892 modo
3092 845 3148 892 et
3189 852 3377 892 amare
3427 844 3483 893 et

1899 930 2100 985 odisse.
2138 928 2420 999 Siquidem
2458 929 2582 985 talis
2603 944 2725 984 esse
2761 929 2920 984 debet
2960 929 3217 1000 imaginis
3255 938 3478 997 natura,

1896 1024 2074 1095 qualis
2112 1022 2232 1093 ejus
2271 1033 2355 1079 est
2401 1022 2584 1090 Pater,
2632 1022 2849 1077 etiamsi
2879 1022 3067 1078 Ariani
3098 1038 3276 1093 neque
3305 1022 3477 1089 illam,

1895 1131 2073 1186 neque
2108 1114 2409 1187 quidquam
2472 1114 2619 1170 aliud
2654 1114 2964 1171 divinarum
3018 1114 3322 1170 litterarum
3369 1130 3480 1186 prae

1895 1210 2142 1266 caecitate
2178 1226 2285 1265 non
2316 1200 2672 1283 perspiciam.
2724 1211 2865 1267 Cum
2915 1211 3060 1266 enim
3096 1223 3226 1265 suas
3258 1207 3480 1263 videant

1894 1303 2257 1373 cogitationes
2281 1303 2365 1357 vel
2397 1303 2582 1374 potius
2613 1302 2965 1357 delirationcs
2994 1302 3185 1357 inanes
3222 1310 3278 1355 et
3305 1314 3492 1355 vanas

1893 1412 2036 1458 esse,
2064 1412 2257 1453 rursus
2284 1397 2353 1452 ad
2383 1397 2695 1452 divinarum
2721 1396 3128 1466 Scripturarum
3155 1394 3321 1449 verba
3346 1409 3480 1449 con-

1894 1485 2131 1561 fugiunt.
2162 1485 2365 1541 Verum
2399 1501 2527 1542 cum
2556 1487 2647 1543 hic
2678 1502 2778 1557 pro
2812 1503 2913 1543 suo
2942 1502 3094 1541 more
3134 1485 3338 1556 pariter
3370 1500 3477 1564 σιε-
3526 1518 3530 1522 Α

1894 1579 2125 1643 cutiant,
2155 1580 2349 1635 horum
2382 1595 2605 1637 sensum
2640 1595 2748 1635 non
2780 1588 3014 1650 possunt
3044 1577 3356 1650 percipere:
3377 1575 3476 1632 sed

1895 1688 2051 1728 suam
2086 1673 2423 1743 impietatem
2471 1682 2730 1744 tanquam
2785 1673 3024 1744 regulam
3053 1673 3248 1740 secuti,
3290 1672 3474 1728 divina

1894 1766 2079 1820 omnia
2118 1766 2338 1822 oracula
2395 1766 2462 1821 ad
2511 1780 2633 1821 eam
2688 1765 3037 1831 detorquent,
3068 1781 3191 1836 quae
3225 1780 3347 1820 cum
3385 1765 3475 1820 vel

1897 1864 2108 1910 tantum
2169 1855 2480 1927 proferunt,
2531 1855 2668 1910 nihil
2715 1864 2865 1911 certe
2914 1855 3061 1911 aliud
3105 1855 3296 1910 audire
3323 1854 3472 1925 digni

1893 1958 2043 2015 sunt,
2092 1965 2281 2020 quam,
2334 1949 2551 2005 Erratis
2601 1951 2885 2004 nescientes
2932 1948 3256 2019 Scripturas,
3315 1965 3478 2020 neque

1893 2040 2147 2093 virtutem
2176 2038 2272 2093 Dei
2294 2040 2363 2093 ⁷ο.
2392 2039 2551 2106 Quod
2579 2040 2623 2096 si
2651 2039 2964 2110 pertinaces
3011 2039 3292 2096 resistant.
3326 2038 3476 2093 hisce

1891 2147 2092 2187 rursus
2131 2131 2315 2186 verbis
2358 2140 2488 2186 sunt
2524 2131 2869 2198 confutandi,
2912 2129 3142 2186 Reddite
3178 2146 3301 2201 quae
3343 2140 3474 2187 sunt

1895 2224 2156 2292 hominis,
2195 2224 2408 2280 homini
2470 2234 2523 2280 ct
2547 2240 2670 2296 quae
2703 2233 2834 2280 sunt
2858 2222 2954 2279 Dei
3006 2222 3118 2279 Deo
3153 2223 3222 2280 ".

1961 2490 2053 2549 55.
2095 2489 2284 2560 Atqui,
2321 2489 2599 2562 inquiunt,
2633 2490 2687 2546 in
2711 2488 3028 2546 Proverbiis
3054 2488 3318 2560 scriptum
3347 2496 3469 2543 est:

1888 2581 2150 2638 Dominus
2175 2582 2369 2637 creavit
2404 2599 2484 2636 me
2514 2583 2730 2637 initium
2754 2583 2958 2637 viarum
2987 2598 3208 2636 suarum
3232 2582 3287 2635 in
3312 2596 3470 2650 opera

1888 2690 1990 2729 sua
2012 2674 2081 2728 ⁷³.
2115 2675 2176 2728 In
2205 2673 2449 2744 Epistola
2476 2689 2699 2745 quoque
2728 2674 2793 2729 ad
2826 2672 3084 2729 Hebraeos
3127 2673 3245 2728 haec
3279 2671 3473 2728 scribit

1887 2765 2219 2837 Apostolus:
2253 2764 2424 2820 Tanto
2451 2768 2800 2835 praestantior
2820 2766 3020 2838 angelis
3043 2767 3240 2836 Iactus,
3273 2773 3471 2835 quanto

1887 2857 2227 2913 excellentius
2283 2874 2394 2928 pra:
2442 2858 2554 2913 illis
2592 2875 2779 2913 nomen
2824 2860 3134 2913 Itrrreditate
3162 2859 3362 2928 accepit
3398 2857 3467 2911 ".

1886 2946 1955 3004 Et
1974 2949 2138 3019 paulo
2166 2957 2292 3019 post
2317 2968 2331 3004 :
2367 2947 2540 3015 Unde,
2569 2950 2763 3020 fratres
2780 2950 2938 3023 361
2958 2953 3152 3018 sancti,
3176 2951 3469 3007 vocationis

1889 3040 2111 3096 caelestis
2139 3040 2447 3110 participes,
2481 3042 2815 3097 considerate
2839 3045 3144 3113 apostolum
3169 3053 3221 3099 et
3250 3043 3470 3114 pontiﬁ-

1886 3147 1997 3187 cem
2018 3131 2368 3199 confessionis
2399 3141 2599 3186 nosti-te
2622 3130 2829 3199 Iesum,
2853 3133 2945 3203 qui
2971 3132 3152 3203 ﬁdelis
3186 3143 3263 3185 est
3295 3134 3343 3185 ei
3380 3132 3469 3200 qui

1885 3223 2008 3292 fecit
2044 3221 2200 3277 illum
2229 3222 2298 3276 ⁷⁸.
2322 3221 2390 3277 Et
2422 3221 2476 3276 in
2506 3223 2733 3279 Actibus
2762 3238 2777 3276 :
2828 3222 3031 3276 Notum
3066 3223 3135 3276 sit
3177 3224 3345 3294 igitur
3382 3239 3471 3277 vo-

1884 3318 1962 3372 bis
1988 3318 2250 3382 omnibus,
2284 3318 2460 3372 omnis
2493 3318 2680 3372 domus
2712 3315 2908 3384 Israel,
2930 3317 3071 3388 quod
3102 3327 3153 3371 et
3182 3317 3469 3370 Dominum

1880 3427 2000 3466 eum
2024 3419 2076 3465 et
2112 3409 2384 3465 Christum
2424 3410 2547 3480 fecit
2603 3409 2746 3464 Deus
2795 3410 2933 3463 hunc
2964 3409 3148 3463 Iesum
3179 3423 3332 3478 quem
3378 3424 3465 3461 eos

1881 3504 2230 3573 cruciﬁxtstis
2264 3503 2331 3559 ⁷⁵.
2365 3502 2490 3559 llaec
2520 3503 2598 3557 illi
2630 3503 2750 3557 loca
2782 3518 3002 3558 sursum
3035 3504 3292 3557 deorsum
3337 3516 3465 3555 vcr-

1882 3603 2027 3662 sant,
2061 3610 2294 3680 quorum
2335 3609 2444 3649 non
2477 3594 2715 3650 assecuti
2751 3609 3000 3659 sensum,
3038 3592 3163 3647 inde
3196 3591 3292 3646 Dei
3323 3590 3463 3646 Ver-

1884 3688 2013 3743 bum
2038 3694 2284 3741 creatum
2318 3695 2372 3740 et
2395 3698 2554 3754 opus,
2585 3700 2650 3741 ac
2674 3700 2840 3739 unam
2870 3700 2935 3739 ex
2964 3685 3130 3740 rebus
3165 3684 3322 3741 factis
3340 3700 3466 3742 esse

1884 3777 2241 3840 arbitrantur,
2279 3785 2443 3847 atque
2471 3775 2545 3831 ita
2585 3777 2783 3832 stultos
2813 3777 2867 3830 in
2899 3791 3141 3831 errorem
3172 3777 3461 3842 inducunt,

1883 3869 2066 3940 specie
2097 3868 2320 3940 quidem
2356 3868 2521 3923 verba
2551 3882 2582 3923 e
2606 3868 2780 3923 sacris
2812 3867 3008 3923 litteris
3039 3876 3295 3938 excerpta
3332 3882 3465 3939 pro-

1882 3966 2170 4030 ponentes,
2204 3957 2299 4012 sed
2331 3956 2452 4011 loco
2478 3971 2622 4011 verm
2645 3957 2930 4012 sententia:
2964 3973 3127 4028 quam
3160 3957 3461 4024 continent,

1881 4051 2165 4122 proprium
2200 4064 2315 4104 suae
2348 4049 2575 4105 haeresis
2606 4057 2926 4119 spargentes
2955 4066 3252 4106 venenum.
3289 4048 3456 4105 Nam-

1882 4160 1991 4215 que
2021 4144 2240 4215 siquod
2274 4140 2387 4198 illis
2434 4141 2733 4213 Scripturaa
2783 4143 2921 4200 locis
2968 4145 3328 4216 signiﬁcatur,
3363 4147 3460 4200 ha-

179 4250 302 4298 τες·
335 4235 388 4288 εἰ
414 4232 525 4306 γὰρ
558 4233 879 4303 ἐγίνωσκον,
919 4234 1105 4290 οὐκᾶν
1137 4234 1369 4306 ἠσέϐουν
1416 4237 1498 4301 είς
1528 4236 1622 4291 τὸν
1669 4237 1776 4291 Κύ-

1894 4245 2070 4293 ιειέιιι
2103 4236 2471 4306 exploratum,
2513 4235 2567 4290 in
2599 4234 2888 4290 Dominum
2919 4236 3107 4309 gloria:
3149 4237 3304 4308 impii
3343 4253 3454 4292 non

286 4389 337 4421 τ’
359 4387 554 4444 Matth.
588 4405 708 4445 xm
752 4388 844 4446 29.
919 4390 962 4422 '"
998 4389 1131 4446 ibid.
1160 4389 1252 4445 2i.
1323 4391 1368 4423 '"
1400 4389 1562 4447 Prov.
1591 4407 1713 4459 vin,
1745 4391 1776 4447 2

1911 4390 1960 4424 ⁷³
1986 4389 2153 4447 Hebr.
2186 4406 2226 4456 ι,
2255 4389 2310 4446 4.
2389 4391 2436 4423 ⁷⁸
2471 4389 2634 4447 Hebr.
2666 4407 2745 4457 ιιι,
2772 4392 2825 4447 1.
2880 4392 2927 4424 ⁷⁸
2951 4389 3072 4448 Act.
3103 4408 3163 4459 ιι,
3191 4392 3281 4449 56.

253 4567 372 4642 (65)
417 4568 512 4625 Sic
543 4568 865 4642 Sequerian.
890 4569 1023 4642 Reg.
1048 4570 1269 4629 Gohler.
1302 4571 1449 4629 Felc.
1475 4573 1503 4628 1
1536 4581 1591 4628 et
1623 4571 1677 4628 5.
1712 4570 1773 4628 In

253 4586 372 4641 (σο)
417 4586 512 4625 διο
543 4586 865 4642 Segnertan.
890 4586 937 4625 ιι
1010 4613 1023 4625 .
1048 4586 1136 4626 uo

179 4638 307 4694 aliis
335 4649 523 4695 autem
561 4650 617 4696 et
641 4641 804 4697 editis
826 4641 921 4695 τοῦ
938 4586 1136 4696 edeest.

252 4710 373 4784 (66)
415 4709 695 4784 Sic_mss.,
724 4722 917 4784 praeter
940 4711 1182 4767 Felckm.
1216 4712 1274 4778 2,
1299 4713 1353 4767 in
1382 4728 1492 4784 quo
1531 4721 1684 4784 utet
1718 4713 1772 4769 in

178 4779 358 4836 editis
386 4782 479 4854 sic
504 4779 740 4854 legitur;
758 4780 1001 4846 δικαίους
1026 4783 1255 4854 αάγαπᾷ,
1287 4779 1417 4848 τοὺς
1452 4783 1510 4837 δέ
1552 4783 1775 4848 ἀδίκους

183 4854 358 4925 μισεῖ,
396 4851 493 4925 καὶ
524 4851 759 4925 μακρὰν
778 4854 875 4907 ἀπ’
902 4852 1089 4925 αὐτῶν
1115 4851 1345 4925 γίνεται.

253 4921 375 4994 (67)
418 4920 857 4995 βὶοδεεὶιειήίιιιι.
892 4920 1203 4995 ορυιθτίει
1232 4923 1377 4979 Felc.
1417 4924 1467 4977 1.
1502 4923 1574 4980 At
1610 4924 1770 4995 ch.,

176 4987 326 5068 εἶναι
351 4987 668 5068 ’φύσει-τῆν
702 4992 909 5068 είκόνα.
928 4993 1106 5068 ΔΕιΙίιὶ,
1134 4989 1270 5048 εἶναί
1300 4997 1366 5067 τῇ
1399 4996 1562 5068 φήσει
1596 4987 1775 5066 (men?

177 5062 662 5146 dosenprgfptifai)
699 5063 798 5146 τὴν
825 5064 1033 5146 εἰκόνα.

253 5131 373 5205 (68)
400 5131 512 5205 Sic
538 5131 861 5205 Seg’uerian.
914 5134 1051 5203 Reg.
1079 5145 1134 5191 et
1164 5133 1347 5190 Felck.
1378 5134 1432 5190 5.
1478 5135 1550 5190 At
1579 5135 1674 5191 alii
1719 5143 1776 5192 et

253 5150 373 5205 (οδ)
417 5150 512 5190 mc
538 5150 861 5258 Defuerit").
914 5150 1051 5203 Heg.

176 5203 354 5276 editio
385 5203 614 5276 Cpmme
641 5246 680 5271 .,
708 5205 1063 5276 ἐμπεσόντες.

253 5274 371 5344 (69)
417 5273 510 5330 Sic
554 5290 715 5336 mss.,
744 5273 943 5345 praeter
976 5274 1121 5331 Felc.
1146 5275 1202 5339 2,
1230 5275 1324 5330 ubi
1358 5282 1416 5329 ut
1441 5283 1498 5331 et
1527 5275 1580 5330 in
1612 5276 1775 5334 editis

179 5344 265 5400 sic
307 5344 728 5410 Ιιιιιιεῑιιι-,αλλά
754 5344 959 5401 κανόνα
986 5347 1083 5400 ἐπὶ
1124 5346 1353 5419 καρδίαν
1393 5346 1648 5401 ἀσέϐειαν
1681 5348 1773 5402 θέ-

182 5431 359 5469 ιιιενοι.

254 5485 375 5554 (76)
418 5484 514 5541 Sic
563 5484 887 5558 Seguerian.
936 5496 992 5544 et
1034 5486 1168 5561 Reg.
1210 5487 1376 5551 Editi,
1426 5487 1767 5559 ὲπιμείνωσι.

181 5554 312 5627 llos
363 5554 775 5627 chuerianus,
823 5557 1138 5614 Goblerian.
1194 5570 1249 5615 et
1292 5558 1474 5614 Felck.
1543 5559 1612 5623 1,
1676 5560 1772 5614 καὶ

179 5598 1138 5749 exiguarum:summa
1161 5598 1772 5702 ρόἒιῖἓὲξὲινὶὶιάιῖἶὶἰ

182 5712 224 5748 π
279 5713 362 5749 .ιν.

182 5712 362 5751 παλιν.

1956 4572 2072 4644 (71)
2102 4572 2206 4644 Sic
2235 4573 2568 4644 Seguerian,
2595 4571 2816 4644 Gobler.
2842 4581 2897 4627 et
2922 4570 3069 4628 Felc.
3099 4574 3151 4626 1.
3184 4573 3255 4628 At
3288 4573 3378 4628 alii
3404 4583 3459 4631 et

1880 4641 2063 4699 editio
2088 4641 2380 4706 Commel.,
2411 4641 2686 4698 τοσοῦτον.
2718 4642 2887 4699 Paulo
2927 4653 3051 4713 post
3084 4659 3216 4699 mss.
3246 4660 3460 4710 omnes,

1881 4714 2333 4785 xal._p_s1‘_6).lya.
2363 4716 2424 4768 In
2457 4714 2619 4785 editis
2648 4713 2941 4785 xairdeest.

1950 4779 2189 4856 (72)05v
2217 4779 2371 4856 abest
2399 4800 2430 4838 a
2460 4782 2703 4856 Felckm.
2729 4784 2764 4856 5
2789 4794 2844 4839 et
2868 4783 3001 4856 Reg.
3027 4781 3163 4856 ibid.
3194 4781 3461 4856 βοεῦσι-η

1880 4849 2055 4926 πᾶσιν
2084 4855 2233 4926 ὑμῖν.
2270 4854 2487 4926 Gobler.
2522 4863 2577 4908 et
2618 4853 2857 4926 Felcltm.
2902 4849 2974 4917 l,
3005 4854 3101 4907 καὶ
3138 4854 3245 4918 πᾶς
3279 4849 3457 4919 οἶκος.

1879 4923 2021 4980 Editi
2044 4934 2099 4981 et
2118 4921 2231 4995 alii,
2247 4925 2403 4995 Ala-1w
2433 4925 2562 4995 ὑμῖν
2590 4926 2701 4987 πᾶς
2721 4921 2886 4995 οἶκος.

1951 4995 2067 5068 (75)
2108 4993 2486 5068 8ἰοη8ομοιῃ,
2512 5004 2573 5049 ιιι
2596 4996 2807 5068 videtur
2841 4994 3063 5068 Vulgata
3093 4993 3456 5068 _le,_gisse._Alii

1876 5064 2008 5122 vero
2046 5064 2108 5122 et
2149 5066 2277 5137 editi
2303 5064 2334 5131 ,“
2366 5064 2570 5137 Κύριον
2619 5065 2715 5134 κα)
2760 5064 2994 5137 Χριστὸν
3045 5064 3207 5118 αὐτὸν
3247 5066 3276 5118 ό
3322 5064 3458 5128 Θεὸς

1876 5137 2100 5201 ἐποίησε
2126 5135 2335 5201 τοῦτον,
2359 5135 2468 5192 etc.
2814 5135 2821 5137 ἡ
3329 5145 3339 5157 ’

1950 5203 2064 5285 (74)
2081 5206 2318 5285 _anler.
2353 5218 2407 5263 et
2431 5204 2671 5285 Felckm.
2699 5206 2751 5285 1,
2777 5204 3025 5285 ἐνόησαν.
3049 5203 3173 5285 Mox
3201 5203 3457 5285 segnem:

1876 5274 1972 5366 καὶ
2000 5274 2212 5366 ποίημα
2242 5275 2381 5360 εἶναι
2413 5276 2630 5366 καὶένα
2661 5275 2769 5366 τῶν
2793 5274 3155 5366 γενητῷνὶτξν
3191 5274 3289 5357 τοῦ
3316 5274 3455 5329 Θεοῦ

1877 5349 2069 5418 Λόγον.
2095 5345 2290 5418 genteri
2325 5359 2380 5403 et
2404 5348 2531 5403 editi
2549 5347 2688 5418 ,καὶ
2714 5347 2925 5418 ποίημα
2961 5346 3056 5418 καὶ
3094 5346 3191 5418 ἐνα
3218 5345 3327 5418 τῶν
3354 5363 3453 5415 γε·-

1877 5415 2053 5503 νητιξιν
2075 5415 2213 5472 εἶναι
2246 5419 2341 5474 καὶ
2373 5419 2463 5473 τὸν
2491 5416 2586 5471 τοῦ
2620 5416 2786 5483 Θεοῦ,
2822 5415 2928 5474 etc.
2964 5416 3203 5472 Felckm.
3236 5417 3291 5481 5,
3324 5433 3448 5486 γενο

1945 5508 2074 5544 των.

2104 5558 2197 5614 Sie
2226 5559 2454 5631 chuer.
2488 5555 2708 5631 Gobler.
2732 5566 2787 5613 et
2813 5557 3050 5631 Felckm.
3089 5557 3137 5612 1.
3174 5556 3242 5610 At
3276 5557 3365 5612 alii
3393 5575 3450 5613 ις.

1875 5628 2025 5700 editi,
2043 5628 2327 5703 ’προφάσει
2359 5630 2456 5701 μὲν
2483 5628 2905 5702 προϐαλλόμενοι
2937 5628 3003 5683 τὰ
3032 5631 3267 5701 ῥήματα.
