3850 6218
182 357 272 409 157
1303 358 1562 414 ORATIO
1604 359 1624 414 1
1665 358 1947 414 CONTRA
1984 357 2306 415 ARIANOS.

3325 363 3426 418 158

177 470 393 542 ἀλήθεια
421 470 834 542 πεφανέρωται·
862 474 957 526 καὶ
981 471 1143 527 τοῦτο
1169 471 1328 526 πάλιν
1348 472 1507 535 αὐτὸς
1529 473 1557 525 6
1594 470 1752 524 Ἀπό-

1863 478 2037 538 postea
2067 470 2393 526 luculentius
2426 470 2542 541 ipse
2565 470 2799 540 explicat
2832 471 2916 526 his
2954 472 3138 528 verbis
3165 489 3177 526 :
3215 472 3281 528 In
3310 486 3429 528 tan-

177 563 352 626 πολος
387 562 528 633 μετὰ
559 563 734 616 ταῦτα
767 563 1142 636 φανερώτερον
1185 564 1460 636 ἐξηγεῖται
1511 564 1620 635 (57)
1663 561 1748 614 λέ-

163 670 281 732 γων
301 671 315 684 ’
347 653 515 706 Κατὰ
546 655 841 708 τοσοῦτον
877 656 1216 724 κρείττονος
1251 654 1547 722 Διαθήκης
1581 653 1748 724 γέγο-

172 761 276 800 νεν
302 744 523 815 ἔγγυος
538 745 768 814 Ἰησοῦς
790 745 901 817 (58)
924 763 936 777 ·
957 747 1052 800 καὶ
1075 747 1236 802 πάλιν
1253 764 1266 777 ·
1300 748 1429 802 Νῦν
1459 746 1528 800 δὲ
1545 746 1751 815 διαφο-

163 830 423 900 ρωτέρας
462 835 750 902 τετύχηκε
787 835 1161 905 λειτουργίας
1183 876 1198 900 ,
1249 832 1374 900 ὅσῳ
1414 836 1511 889 καὶ
1557 835 1750 904 κρείτ-

169 922 345 989 τονός
358 925 493 977 ἐστι
514 926 812 995 Διαθήκης
834 929 1108 996 μεσίτης,
1142 928 1274 996 ἣτις
1294 928 1395 981 ἐπὶ
1419 929 1753 996 κρείττοσιν

168 1017 558 1085 ἐπαγγελίαις
587 1016 1044 1088 νενομοθέτηται
1064 1036 1079 1049 ⁸
1116 1019 1230 1084 καὶ,
1271 1019 1462 1074 Οὐδὲν
1487 1020 1598 1089 γὰρ
1625 1021 1751 1074 ἐτε-

168 1107 430 1164 λείωσεν
458 1109 570 1179 (59)
596 1112 632 1163 ὁ
660 1111 863 1180 νόμος,
885 1111 1260 1182 ἐπεισαγωγὴ
1304 1111 1372 1165 es
1416 1113 1752 1180 κρείττονος

166 1199 441 1266 ἐλπίδος.
473 1201 584 1254 Καὶ
619 1197 777 1265 αὖθίς
830 1220 1025 1274 φησιν’
1075 1201 1323 1272 Ἀνάγκη
1363 1197 1481 1257 οὖν
1530 1203 1602 1258 τὰ
1636 1203 1754 1272 μὲν

169 1290 581 1361 ὑποδείγματα
599 1292 717 1345 τῶν
743 1293 813 1346 ἐν
837 1293 961 1360 τοῖς
987 1294 1264 1363 οὐρανοῖς
1292 1296 1522 1360 τούτοις
1569 1300 1752 1349 καθα-

165 1380 435 1451 ρίζεσθαι
454 1399 472 1413 ⁸
526 1385 680 1437 αὐτὰ
719 1383 786 1437 δὲ
819 1385 892 1439 τὰ
948 1385 1276 1454 ἐπουράνια
1326 1387 1621 1454 κρείττοσι
1647 1389 1752 1441 θυ-

170 1475 336 1539 σίαις
367 1473 530 1542 παρὰ
556 1475 796 1541 ταύτας.
824 1476 897 1529 Τὸ
919 1475 1030 1549 ἄρα
1074 1477 1342 1546 κρεῖττον
1371 1477 1482 1549 (60)
1522 1479 1616 1532 καὶ
1655 1477 1752 1536 νῦν

169 1565 262 1618 καὶ
290 1565 361 1618 δι’
391 1566 529 1619 ὅλων
553 1565 633 1637 τῷ
669 1568 860 1640 Κυρίῳ
885 1568 1194 1639 ἀνατίθησι,
1222 1569 1300 1639 τῷ
1345 1569 1612 1642 κρείττονι
1658 1571 1753 1624 καὶ

167 1655 315 1727 ἄλλῳ
348 1656 502 1728 παρὰ
525 1657 596 1711 τὰ
626 1660 828 1730 γενητὰ
866 1661 1205 1730 τυγχάνοντι.
1234 1662 1512 1734 Κρείττων
1553 1661 1663 1734 γὰρ
1714 1665 1748 1734 ἡ

165 1747 233 1800 δι’
260 1747 430 1800 αὐτοῦ
458 1746 646 1801 θυσίαο
673 1751 934 1821 κρείττων
960 1753 993 1823 ή
1020 1753 1076 1805 ἐν
1097 1752 1248 1823 αὐτῷ
1273 1753 1460 1816 ἐλπίςο
1487 1753 1582 1807 καὶ
1608 1757 1664 1808 αί
1683 1754 1751 1807 δι’

1859 570 1970 613 ιιιηι
2026 562 2412 629 prwstantim'is
2474 561 2794 616 Testamenti
2831 578 3053 632 sponsor
3119 564 3292 632 factus
3353 578 3433 620 est

1855 649 2012 705 Iesus
2039 652 2080 705 ⁵.
2127 653 2192 706 Et
2227 668 2418 707 rursus
2451 671 2464 706 :
2502 652 2659 706 Nunc
2690 663 2866 706 autem
2898 656 3236 709 excellendus
3269 661 3431 710 sorti—

1860 751 1944 795 tus
1967 751 2041 795 est
2081 744 2450 808 ministerium,
2477 756 2673 814 quanto
2722 756 2769 799 et
2813 749 3202 814 prmstantioris
3236 747 3422 801 Testa-

1858 834 2019 884 menti
2047 833 2307 886 mediator
2331 842 2430 899 est,
2464 834 2602 902 quod
2629 837 2682 887 in
2709 837 3169 900 prwstantioribus
3203 841 3431 906 promis-

1857 926 2093 979 sionibus
2135 929 2397 980 sancitum
2437 936 2513 980 est
2539 929 2579 982 °.
2614 926 2758 980 Nam
2793 929 2927 981 nihil
2958 930 3026 981 ad
3058 930 3429 999 perfectionem

1857 1017 2085 1070 adduxit
2107 1017 2193 1072 lea:
2215 1035 2234 1071 .'
2258 1018 2347 1072 sed
2367 1027 2480 1072 erat
2505 1018 2824 1072 introductio
2849 1019 2957 1088 spei
2977 1024 3367 1088 praestantioris
3384 1024 3426 1076 ⁷.

1857 1107 1926 1161 Et
1949 1109 2108 1178 paulo
2133 1118 2286 1178 post:
2308 1106 2534 1163 Necesse
2555 1119 2632 1162 est
2655 1126 2777 1180 ergo
2797 1113 3121 1179 exemplaria
3143 1113 3428 1178 rmiestium

1857 1199 1938 1253 Itis
1977 1200 2226 1253 mandari
2257 1217 2276 1252 :
2304 1201 2420 1269 ipsa
2471 1212 2646 1254 autem
2691 1202 2924 1256 caelestia
2973 1206 3423 1273 prwstantioribur

1858 1290 2046 1344 hostiis
2075 1307 2236 1361 quam
2266 1292 2388 1345 istis
2413 1291 2454 1346 ⁸.
2509 1290 2706 1347 Vocem
2732 1293 2897 1364 igitur
2920 1297 3306 1364 praestantioris
3340 1297 3432 1350 hic

1857 1391 1912 1437 et
1963 1399 2059 1452 per
2108 1392 2282 1436 totum
2337 1383 2590 1452 Epistolte
2639 1395 2955 1440 contextum
3017 1386 3281 1454 Domino,
3336 1388 3475 1457 qui.

1857 1477 2203 1546 praestantior
2249 1486 2303 1530 et
2351 1477 2491 1531 alius
2529 1484 2612 1531 est
2657 1492 2687 1531 a
2737 1478 2901 1532 rebus
2945 1476 3122 1542 factis,
3162 1480 3428 1536 attribuit.

1859 1567 2138 1637 Siquidem
2199 1569 2549 1638 prastantius
2605 1577 2688 1623 est
2749 1570 3078 1625 sacriﬁcium
3137 1571 3282 1642 quod
3336 1589 3433 1643 per

1859 1658 2038 1728 ipsum
2095 1660 2374 1730 peragitur
2412 1677 2426 1713 :
2460 1659 2804 1727 praestantior
2862 1675 3022 1729 spes,
3071 1677 3194 1732 quae
3251 1663 3304 1718 in
3366 1680 3434 1718 eo

1858 1751 2192 1816 collocatur;
2230 1767 2293 1808 ac
2320 1751 2610 1821 promissa,
2639 1768 2761 1822 quae
2789 1753 2946 1808 nobis
2982 1768 3078 1823 per
3109 1754 3261 1809 illum
3305 1765 3435 1808 sunt

169 1837 338 1891 αὐτοῦ
369 1840 713 1909 ἐπαγγελίαι,
749 1842 846 1912 οὐχ
871 1842 947 1906 ὡς
976 1843 1112 1914 πρὸς
1145 1843 1319 1916 μικρά
1355 1844 1587 1914 μεγάλαι
1622 1860 1753 1914 συγ-

1863 1840 2019 1906 iacta,
2059 1857 2169 1896 non
2198 1853 2252 1896 ut
2286 1858 2487 1913 magna
2517 1858 2640 1896 cum
2663 1845 2848 1913 parvis
2889 1854 3296 1915 comparantur,
3336 1848 3431 1900 sed

168 1930 514 2002 κρινόμεναι,
541 1932 654 1986 ἀλλ’
689 1933 766 1997 ὡς
787 1934 943 1988 ἄλλαι
967 1935 1078 2006 (61)
1113 1936 1250 2008 πρὸς
1272 1937 1407 1992 ἄλλα
1452 1936 1550 2009 τὴν
1593 1937 1754 2008 φύσιν

169 2021 541 2090 τυγχάνουσαι
563 2039 579 2053 ·
615 2023 735 2076 ἐπεὶ
763 2025 858 2078 καὶ
888 2027 917 2079 6
947 2025 1126 2080 ταῦτα
1170 2027 1534 2100 οἰκονομήσας
1573 2028 1755 2101 κρείτ-

167 2127 276 2163 των
301 2111 413 2163 τῶν
438 2108 685 2182 γενητῶν
710 2115 848 2168 ἐστι.

242 2199 333 2253 60.
365 2201 478 2254 Καὶ
505 2201 874 2274 τὸλεγόμενον
899 2205 1062 2259 πάλιν
1082 2246 1097 2272 ,
1120 2206 1368 2277 γέγονεν
1389 2209 1604 2279 ἔγγυος
1619 2207 1754 2280 (62),

168 2293 269 2363 τὴν
294 2291 443 2362 ὑπὲρ
476 2293 636 2363 ἡμῶν
684 2295 889 2367 ἐγγύην
919 2296 1017 2367 τὴν
1073 2298 1204 2370 παρ’
1257 2299 1423 2352 αὐτοῦ
1459 2301 1757 2372 γενομένην

170 2383 455 2454 σημαίνει.
500 2385 592 2448 Ὠς
621 2385 729 2457 γὰρ
759 2387 930 2456 Λόγος
967 2386 1065 2452 ὢν,
1113 2388 1250 2460 σὰρξ
1277 2389 1512 2458 ἐγένετο,
1562 2393 1656 2444 καὶ
1697 2391 1758 2446 τὸ

169 2476 432 2544 γενέσθαι
459 2481 527 2550 τῇ
554 2480 717 2552 σαρκὶ
741 2480 1070 2552 λογιζόμεθα
1092 2496 1108 2510 ⁶
1167 2482 1404 2555 (γενητὴ
1455 2485 1565 2558 γάρ
1609 2488 1758 2540 ἐστιν

167 2565 311 2638 αὕτη
343 2566 443 2620 καὶ
475 2568 666 2641 κτιστὴ
696 2569 952 2641 τυγχάνει
977 2570 1088 2644 (65)
1123 2567 1259 2626 οὖσα
1279 2574 1330 2643 ο)
1362 2570 1504 2626 οὕτω
1537 2575 1631 2627 καὶ
1667 2575 1758 2627 ἐν-

166 2656 350 2710 ταῦθα
380 2657 466 2722 τὺ,
496 2659 763 2730 γέγονεν,
794 2660 882 2714 ἶνα
900 2661 1059 2714 τοῦτο
1089 2661 1232 2715 κατὰ
1269 2660 1519 2734 δεύτερον
1555 2681 1757 2735 σημαι-

165 2745 402 2819 νόμενον
428 2748 769 2822 ἐκλάϐωμεν,
797 2751 885 2805 διὰ
904 2753 965 2807 τὸ
987 2754 1238 2822 γενέσθαι
1257 2756 1422 2809 αὐτὸν
1450 2756 1757 2830 ἄνθρωπον,

168 2839 266 2892 καὶ
294 2839 504 2909 γνῶσιν
534 2841 584 2894 οἱ
635 2842 1085 2911 φιλονεικοῦντες,
1133 2846 1216 2900 ὅτι
1250 2847 1345 2900 καὶ
1392 2849 1500 2902 ἀπὸ
1557 2849 1761 2922 ταύτης

166 2929 269 3000 τῆς
296 2930 590 2996 κακονοίας
623 2933 829 2987 ἑαυτῶν
858 2936 1238 3005 ἐκπίπτουσιν,
1284 2939 1648 3005 ἀκουέτωσαν,
1677 2941 1760 2994 ὅτι

163 3023 232 3074 οὐ
261 3021 367 3094 τὴν
399 3022 588 3076 οὐσίαν
621 3023 787 3078 αὐτοῦ
833 3027 1160 3099 γεγενῆσθαι
1191 3029 1448 3100 σημαίνει
1468 3032 1496 3084 6
1525 3032 1757 3099 Παῦλος,

161 3114 196 3165 6
228 3111 392 3177 εἰδὼς
423 3114 588 3169 αὐτὸν
615 3115 745 3168 Υἱὺν
775 3117 871 3169 καὶ
894 3117 1114 3186 Σοφίαν,
1149 3119 1241 3172 καὶ
1271 3120 1631 3192 ἀπαύγασμα,
1666 3124 1760 3178 καὶ

164 3204 360 3257 εἰκόνα
388 3204 487 3258 τοῦ
525 3206 759 3278 Πατρός,
790 3207 906 3261 ἀλλ’
933 3177 1014 3274 είς
1062 3177 1160 3282 την
1191 3213 1292 3284 τῆς
1325 3177 1599 3287 Διαόήκης
1619 3177 1756 3270 ’διαέ
1785 3177 1828 3236 c

165 3296 364 3349 κονίαν
387 3296 452 3349 τὸ
472 3297 727 3365 γενέσθαι
759 3300 854 3354 καὶ
882 3299 975 3353 νῦν
995 3300 1288 3370 λογίζεται,
1319 3305 1442 3358 καθ’
1479 3306 1546 3378 ῆν
1573 3308 1602 3360 6
1627 3306 1758 3361 ποτέ

168 3386 483 3457 βασιλεύων
520 3387 747 3454 θάνατος
777 3392 1121 3466 κατηργήθη.
1159 3396 1268 3450 Καὶ
1309 3397 1418 3470 γὰρ
1463 3399 1558 3452 καὶ
1616 3399 1758 3454 κατὰ

166 3479 333 3533 τοῦτο
362 3480 480 3553 (64)
517 3483 782 3554 κρείττων
813 3487 846 3557 ή
904 3485 972 3538 δι’
1004 3487 1170 3541 αὐτοῦ
1224 3489 1468 3544 διακονία
1513 3492 1755 3561 γέγονεν,

165 3571 250 3624 ὅτι
279 3571 381 3624 καὶ
406 3572 473 3625 τὸ
502 3572 804 3628 ἀδύνατον
827 3575 933 3630 τοῦ
961 3578 1169 3648 νόμου,
1197 3579 1267 3633 ἐν
1289 3573 1337 3646 ᾦ
1370 3581 1614 3649 ἠσθένει
1660 3582 1759 3637 διὰ

126 3733 134 3738 _
169 3662 282 3729 τῆς
305 3664 561 3730 σαρκὸς,
589 3667 622 3718 d
654 3665 796 3732 Θεὸς
823 3666 929 3720 τὸν
949 3667 1165 3724 ἑαυτοῦ
1213 3671 1351 3725 Υίὸν
1399 3671 1641 3742 πέμψας
1689 3673 1760 3726 ἐν

168 3751 499 3822 ὁμοιώματι
536 3755 765 3823 σαρκός
807 3757 1130 3826 ἁμαρτίας,
1159 3761 1258 3814 καί
1291 3761 1426 3831 περὶ
1471 3765 1758 3832 ἁμαρτίας

170 3843 490 3913 κατέκρινε
538 3845 655 3913 τὴν
687 3847 979 3916 ἁμαρτίαν
1008 3851 1079 3904 ἐν
1105 3849 1181 3920 τῇ
1219 3852 1400 3921 σαρκὶ
1425 3894 1445 3917 ,
1487 3854 1761 3926 ἐπιστήσας

171 3937 271 3991 ἀπ’
303 3936 480 4006 αὐτῆς
507 3937 569 3990 τὺ
597 3939 970 4010 παράπτωμα,
995 3943 1054 3994 ἐν
1086 3935 1130 4010 ᾧ
1161 3943 1450 4008 διαπαντὸς
1498 3945 1758 4016 ᾐχμαλω-

170 4027 378 4093 τίζετο,
437 4027 580 4082 ὥστε
631 4030 706 4100 μὴ
734 4030 984 4102 δέχεσθαι
1025 4031 1117 4087 τὸν
1178 4033 1320 4090 θεῖον
1365 4034 1511 4091 νοῦν.
1545 4037 1658 4109 Τὴν
1699 4036 1760 4090 δὲ

173 4121 361 4190 σάρκα
395 4119 650 4192 δεκτικὴν
681 4120 775 4174 τοῦ
810 4123 983 4191 Λόγου
1017 4128 1465 4193 κατασκευάσας,
1505 4128 1758 4200 ἐποίησεν

173 4212 326 4282 ἡμᾶς
356 4210 553 4282 μηκέτι
577 4211 718 4265 κατὰ
751 4211 862 4284 (65)
894 4213 1069 4287 σάρκα
1086 4221 1428 4287 περιπατεῖν,
1459 4219 1595 4272 ἀλλὰ
1615 4220 1758 4274 κατὰ

173 4303 422 4373 πνεῦμα,
452 4303 547 4356 καὶ
579 4302 838 4368 πολλάκις
863 4303 1041 4374 λέγειν
1065 4321 1081 4337 ο
1117 4307 1306 4378 Ἡμεῖς
1345 4307 1402 4362 δέ
1446 4311 1545 4364 οὐκ
1590 4311 1758 4381 ἐσμὲν

174 4398 238 4451 ἐν
268 4398 458 4470 σαρκὶ,
489 4398 604 4451 ἀλλ’
638 4401 696 4453 ἐν
725 4400 1032 4472 πνεύματι·
1061 4401 1156 4454 καὶ
1176 4441 1191 4465 ,
1225 4403 1346 4456 ’Ότι
1391 4397 1556 4474 ἦλθεν
1597 4403 1626 4455 ό
1661 4401 1757 4454 τοῦ

173 4485 316 4541 Θεοῦ
346 4490 476 4553 Υἱὸς
504 4493 583 4556 εἰς
609 4492 702 4546 τὸν
727 4493 948 4565 κόσμον,
980 4495 1078 4566 οὐχ
1110 4494 1196 4547 ἵνα
1217 4493 1378 4568 κρίνῃ
1405 4494 1496 4547 τὸν
1528 4494 1753 4564 κόσμον,

173 4580 294 4633 ἀλλ’
324 4582 412 4636 ἵνα
441 4547 646 4646 πάντας
669 4584 782 4656 (66)
812 4547 1176 4657 λυτρώσηται,
1202 4547 1297 4638 κᾶι
1326 4547 1470 4656 σωθῇ
1501 4547 1539 4638 ό
1552 4547 1754 4654 κόσμος
1786 4547 1830 4602 D

170 4671 245 4726 δι’
278 4672 468 4728 αὐτοῦ.
522 4674 656 4727 Τότε
713 4677 810 4746 μὲν
840 4676 948 4749 γὰρ
979 4676 1056 4740 ὡς
1111 4672 1410 4740 ὑπεύθυνος
1469 4677 1499 4728 6
1549 4675 1754 4745 κόσμος

171 4763 427 4836 ἐκρίνετο
455 4766 561 4819 ὑπὸ
590 4767 684 4821 τοῦ
718 4767 915 4839 νόμου·
944 4767 1068 4839 ἄρτι
1101 4769 1157 4821 δὲ
1189 4771 1218 4822 ό
1239 4769 1410 4836 Λόγος
1446 4768 1527 4829 είς
1557 4765 1751 4818 ἐαυτὸν

1857 1941 1915 1987 ιιι
1949 1933 2166 1989 diversa
2205 1933 2274 1988 ab
2311 1934 2434 1988 aliis
2474 1944 2703 2001 natura;
2741 1937 2868 2005 quia
2901 1937 2968 2003 is,
2999 1940 3093 2008 qui
3121 1939 3226 1993 ista
3255 1938 3430 1993 admi-

1855 2026 2134 2093 nistravit,
2161 2025 2327 2080 rebus
2360 2025 2518 2082 factis
2541 2036 2623 2082 est
2647 2028 3014 2098 praestantior.

1927 2197 2016 2254 60.
2059 2195 2180 2253 Jam
2225 2212 2354 2253 vero
2396 2197 2542 2269 quod
2584 2198 2808 2268 dicitur,
2843 2201 3017 2270 factus
3065 2212 3143 2256 est
3185 2217 3429 2271 sponsor,

1858 2291 2219 2362 sponsionem
2270 2306 2435 2361 quam
2488 2291 2577 2347 ille
2625 2307 2722 2362 pro
2771 2293 2930 2350 nobis
2969 2294 3097 2349 fecit
3137 2293 3428 2364 signiﬁcat.

1857 2381 2324 2449 Quemadmodum
2363 2383 2511 2438 enim
2554 2383 2643 2438 ille
2687 2399 2814 2440 cum
2844 2383 3083 2440 Verbum
3109 2394 3276 2451 esset,
3301 2399 3434 2440 caro

1858 2471 2035 2529 factus
2060 2482 2162 2539 est,
2186 2474 2422 2544 hocque,
2445 2475 2593 2544 quod
2619 2474 2855 2531 dicimus
2881 2474 3084 2530 factum
3112 2491 3257 2542 esse,
3281 2477 3433 2531 carni

1857 2566 2189 2622 ascribimus
2216 2567 2354 2637 (hwc
2378 2568 2520 2622 enim
2551 2567 2691 2622 facta
2716 2576 2770 2622 ct
2797 2578 2981 2623 creata
3004 2568 3133 2639 est),
3163 2569 3236 2623 ita
3264 2568 3431 2623 etiam

1858 2657 1975 2713 haec
2003 2659 2194 2724 dictio,
2226 2659 2399 2728 factus
2430 2670 2534 2725 est,
2560 2659 2712 2728 juxta
2747 2662 3040 2715 secundam
3081 2660 3436 2730 signiﬁcatio-

1859 2764 1985 2804 nem
2018 2749 2108 2805 hic
2138 2760 2221 2806 est
2254 2750 2626 2822 intelligenda,
2653 2760 2924 2821 quatenus
2966 2751 3216 2806 videlicet
3256 2751 3434 2806 factus

1858 2840 2022 2897 homo
2068 2853 2173 2897 est.
2223 2840 2486 2897 Noverint
2539 2841 2768 2912 prcinde
2824 2842 3134 2913 pertinaces
3185 2841 3438 2896 homines

1857 2945 2061 2986 vanum
2107 2947 2329 3003 quoque
2372 2949 2600 3003 pravum
2651 2934 2755 2988 hoc
2798 2933 3016 2988 illorum
3064 2941 3435 2989 commentum

1857 3036 1982 3077 esse
2015 3041 2029 3077 :
2061 3024 2286 3077 audiant
2338 3023 2590 3088 Paulum,
2625 3023 2714 3078 cui
2763 3023 3264 3093 perspectissimum
3318 3032 3438 3077 erat

1859 3126 1986 3167 eum
2037 3122 2091 3168 et
2132 3112 2332 3168 Filium
2381 3129 2446 3168 ac
2493 3112 2846 3184 Sapientiam,
2896 3114 3346 3183 splendoremque
3381 3122 3437 3168 et

1862 3204 2153 3274 imaginem
2182 3203 2363 3260 Patris
2387 3221 2528 3272 esse,
2551 3206 2776 3259 minime
2799 3205 2886 3260 his
2915 3205 3093 3260 verbis
3125 3206 3435 3274 signiﬁcare

1859 3294 1983 3365 ejus
2025 3293 2224 3350 factum
2279 3294 2449 3350 fuisse
2495 3304 2768 3361 naturam,
2821 3295 2916 3350 sed
2966 3309 3090 3350 eam
3140 3296 3434 3350 dictionem

1860 3387 2061 3444 referre
2083 3388 2152 3443 ad
2169 3387 2500 3444 Testameati
2525 3387 3069 3454 administrationem,
3095 3402 3201 3458 qua
3227 3387 3438 3442 scilicet

1860 3494 2030 3544 mors,
2057 3496 2180 3551 quae
2201 3481 2329 3535 olim
2354 3491 2689 3551 regnaverat,
2730 3481 2998 3536 destructa
3021 3491 3122 3536 est.
3153 3479 3432 3551 Siquidem

1858 3586 1923 3627 ea
1952 3572 2163 3627 ratione
2194 3572 2314 3642 ejus
2342 3572 2745 3627 administratio
2778 3572 3122 3642 praestantior
3155 3571 3296 3628 facta
3327 3583 3432 3636 est,

1859 3663 1987 3732 quia
2030 3663 2169 3732 quod
2211 3661 2296 3715 lea:
2343 3662 2513 3732 facere
2565 3679 2668 3716 non
2694 3672 2924 3731 poterat,
2965 3662 3054 3716 ubi
3095 3679 3186 3732 per
3223 3679 3434 3717 carnem

1858 3755 2074 3824 inﬁrma
2105 3765 2242 3819 erat,
2273 3756 2398 3825 fecit
2428 3754 2570 3810 Deus
2601 3757 2759 3809 misso
2790 3755 2936 3808 Filio
2970 3771 3064 3808 suo
3097 3756 3153 3808 in
3178 3756 3434 3810 similitu--

1856 3848 1980 3902 dine
2020 3849 2195 3902 carnis
2229 3849 2451 3917 peccati,
2481 3857 2532 3901 et
2565 3847 2628 3901 de
2662 3856 2875 3915 peccato
2914 3848 3276 3902 condemnavit
3307 3866 3432 3918 pec-

1859 3953 2034 3994 catum
2060 3941 2116 3994 in
2143 3957 2299 3996 carne
2321 3943 2364 4009 ',
2400 3953 2611 3999 remoto
2639 3944 2708 3998 ab
2735 3959 2796 3999 ea
2821 3944 3043 4008 delicto,
3080 3959 3186 4013 quo
3216 3944 3432 4013 captiva

1859 4042 2120 4103 perpetuo
2166 4035 2475 4102 tenebatur,
2506 4036 2645 4090 adeo
2684 4046 2743 4090 ut
2775 4036 3019 4091 divinum
3054 4051 3275 4091 sensnm
3323 4051 3426 4090 nor

1859 4127 2061 4181 valeret
2099 4128 2361 4198 recipere.
2399 4128 2536 4183 Cum
2560 4138 2741 4183 autem
2795 4144 3016 4183 carnem
3051 4129 3270 4199 dignam
3310 4133 3434 4183 red-

1860 4221 1994 4276 didit
2025 4237 2148 4290 quaa
2175 4220 2410 4277 Verbum
2441 4222 2723 4294 reciperet,
2753 4221 2914 4292 367
2947 4221 3075 4276 fecit
3101 4231 3160 4275 ut
3190 4237 3291 4276 nos
3320 4238 3430 4274 non

1860 4309 2092 4379 amplius
2119 4311 2420 4366 secundum
2450 4327 2695 4376 carnem,
2725 4313 2815 4366 sed
2843 4311 3144 4366 secundum
3177 4309 3430 4380 spiritum

1857 4401 2260 4458 ambularemus
2288 4405 2352 4469 ‘°,
2392 4418 2641 4474 saepeque
2675 4403 2924 4459 dicamus
2959 4421 2972 4457 :
3007 4403 3115 4458 Nos
3144 4417 3275 4458 vero
3321 4419 3368 4456 ιιι
3394 4420 3428 4456 ιι

1859 4506 2049 4545 sumus
2080 4492 2134 4546 in
2162 4507 2346 4559 carne,
2374 4495 2466 4548 sed
2493 4494 2547 4546 in
2574 4494 2790 4563 spiritu.
2826 4493 2892 4548 Et
2929 4513 2941 4547 :
2984 4494 3122 4560 Quia
3156 4495 3303 4548 sonit
3334 4493 3428 4546 Det

1861 4581 2033 4640 Filius
2073 4585 2128 4639 in
2166 4586 2455 4652 mundum,
2483 4601 2590 4640 non
2625 4597 2684 4641 ut
2714 4586 2988 4655 iudicaret
3021 4587 3306 4653 mundum,
3335 4587 3431 4640 sed

1861 4683 1922 4726 ut
1959 4687 2150 4730 omnes
2195 4676 2502 4739 redimeret,
2531 4686 2585 4729 et
2628 4677 2865 4730 mundus
2900 4690 2995 4744 per
3027 4675 3204 4743 ipsum
3245 4690 3431 4728 serra-

1858 4772 2012 4819 retur
2035 4765 2102 4819 “.
2138 4764 2292 4820 Tunc
2315 4766 2458 4820 enim
2485 4767 2741 4830 mundus,
2775 4777 3033 4835 tanquam
3075 4784 3224 4827 reus.
3251 4783 3281 4821 a
3311 4767 3428 4832 lege

251 4882 273 4914 '
296 4879 462 4936 Hebr.
479 4897 577 4948 vn,
600 4882 692 4936 '22.
767 4885 789 4914 ‘
817 4881 979 4939 Hebr.
1010 4882 1197 4949 vm,6.
1274 4884 1295 4914 "
1325 4881 1487 4936 Hebr.
1521 4894 1620 4945 vn,
1648 4881 1738 4935 19.
1809 4878 1832 4912 ⁸
1857 4878 2019 4934 Hebr.
2047 4895 2125 4942 ιιι,
2151 4880 2243 4934 ‘23.
2318 4881 2338 4911 ’
2373 4878 2532 4937 Rom.
2565 4881 2756 4945 vrrt,5.
2836 4882 2879 4912 ¹⁰
2909 4882 3039 4936 ibid.
3069 4881 3125 4934 4.
3191 4881 3229 4912 ⁸⁸
3267 4880 3429 4939 Joan.

174 4964 265 5017 ιιι,
303 4953 392 5005 17.

248 5042 365 5166 (ξτ)
396 5041 622 5113 Segucr.
655 5052 710 5099 et
741 5043 898 5116 Κείς..
924 5045 1221 5117 ἐξηγεῖται.
1246 5043 1389 5100 Editi
1429 5055 1483 5100 et
1507 5043 1622 5108 alii,
1661 5043 1754 5111 ιε-

248 5130 276 5165 λε
303 5130 387 5166 το.

252 5130 387 5166 ειτο.

173 5129 487 5255 ηγῗὲἒῗὸῑο
507 5181 633 5253 Seg.
666 5183 821 5255 Gobl.
846 5193 900 5240 et
915 5184 1094 5240 Felck.
1126 5185 1178 5248 1,
1209 5193 1263 5239 et
1291 5195 1414 5255 mox
1437 5198 1561 5255 cum
1591 5181 1750 5255 Begu

170 5252 443 5325 τετύχηκε
478 5252 837 5325 λειτουργίας.
873 5255 976 5309 Alii
1010 5267 1063 5310 et
1092 5255 1248 5321 editi,
1279 5253 1474 5322 ἐγγυος
1515 5252 1545 5304 6
1604 5252 1749 5316 Υἱὸς,

171 5273 443 5375 seruiunt:
479 5273 837 5325 λειτουργιας.
873 5273 898 5308 ιι

171 5333 248 5389 et,
281 5341 313 5377 τ
347 5339 480 5394 τυχε
510 5323 898 5394 λειτουργείας.

246 5394 362 5464 (59)
392 5393 606 5457 Basili.,
639 5393 791 5447 οὐδὲν
816 5393 872 5448 δὲ
897 5394 1227 5448 ἐτελείωσεν.

245 5463 362 5536 (66)
390 5465 632 5536 Λιιειίοτ,
673 5465 824 5536 παρὰ
852 5465 1024 5536 ταυτα
1042 5464 1145 5536 ’,τὸ
1172 5465 1280 5535 ἄρα
1299 5463 1582 5534 κρείττων.

244 5532 550 5605 (611mg,
576 5533 652 5605 ὡς
675 5532 870 5588 ἄλλων.
906 5534 1027 5589 Mox
1056 5535 1197 5590 idem
1214 5532 1283 5588 ἐι
1310 5532 1400 5589 alii
1430 5551 1586 5600 tnss.,
1615 5533 1752 5605 πρὸς

173 5602 328 5658 ἄλλα.
355 5603 522 5674 Editi,
559 5604 695 5674 πρὸς
727 5605 908 5668 ἄλλας.

243 5674 357 5745 (62)
394 5672 489 5727 Sic
518 5672 650 5745 mss.
698 5675 769 5727 At
810 5675 938 5728 editi
965 5675 1171 5728 addunt
1224 5673 1316 5728 καί
1365 5684 1485 5744 post
1532 5672 1743 5742 ἔγγυος.

179 5739 348 5815 Patrle
394 5743 786 5815 postiSeguer"
816 5745 951 5815 σὰρξ
984 5745 1191 5813 γέγονε.

244 5813 358 5884 (65)
389 5813 483 5868 Sic
507 5812 732 5884 Segiter.
767 5815 831 5866 At
860 5812 948 5867 alii
977 5825 1031 5867 et
1061 5812 1214 5879 editi,
1263 5814 1617 5884 τυγχάνουσα.
1652 5812 1750 5868 Sc-

460 5908 729 5969 ΡΔτιιοι..
776 5908 894 5968 Gtt.
943 5909 994 5970 Χ
1009 5909 1150 5970 XVI

1844 5057 2038 5113 ,guer.,
2071 5042 2165 5113 καὶ
2189 5041 2419 5113 ἐνταῦθα
2439 5043 2680 5112 γέγονεν,
2711 5043 2795 5095 ἵνα
2817 5044 2907 5096 καὶ
2931 5043 3107 5096 τοῦτο.

1935 5111 2045 5193 (61)
2079 5109 2182 5193 εἰς,
2200 5109 2423 5193 Βεειιςιις.
2447 5109 2502 5193 et
2522 5109 2734 5193 Anglic.
2763 5114 2826 5193 At
2849 5112 2980 5193 Reg.
3008 5113 3172 5193 Basil.
3203 5120 3257 5193 et
3278 5112 3425 5166 Felr.

1862 5181 1914 5252 ξ,
1950 5183 2043 5236 καὶ
2093 5180 2291 5252 τούτῳ.
2326 5183 2464 5236 Editi
2497 5193 2551 5236 et
2578 5180 2692 5252 alii,
2738 5183 2832 5235 καὶ
2863 5180 3038 5236 τοῦτο.
3094 5182 3262 5237 Paulo
3306 5195 3430 5252 post

1862 5251 1985 5322 Seg.
2015 5251 2482 5320 Anglic.’Gobler.
2515 5262 2568 5306 et
2597 5251 2737 5307 Felc.
2775 5252 2827 5320 1,
2849 5253 3129 5306 ἀδύνατον.
3160 5253 3230 5308 At
3255 5251 3346 5306 alii
3374 5270 3430 5307 ιιι

1859 5323 2010 5382 editi.
2051 5322 2295 5384 δυνατόν,
2333 5323 2609 5376 mendose.

1931 5392 2043 5463 (65)
2085 5391 2246 5463 Κατά
2292 5393 2446 5445 abest
2502 5390 2814 5463 a_Seguer.
2865 5391 3021 5463 Gubl.
3073 5401 3126 5463 et
3175 5390 3340 5463 Felc.“
3372 5392 3424 5446 1.

1859 5461 2028 5517 Paulo
2057 5470 2176 5532 post
2215 5461 2438 5532 Segtter.
2468 5471 2522 5515 et
2553 5461 2762 5532 Basili.,
2789 5461 3048 5524 πολλάκις
3073 5461 3269 5532 λέγειν.
3304 5461 3424 5515 Car-

1859 5533 1956 5618 teri
1985 5542 2046 5653 ξι
2077 5531 2228 5652 οέό.ιὶ,
2257 5531 2514 5594 πολλάκις
2541 5531 2708 5600 λέγει.
2742 5531 2946 5587 Ibidem
2983 5531 3236 5604 Seguer.,
3264 5535 3428 5602 ἡμεῖς

1859 5619 1954 5653 ουκ
2016 5619 2090 5653 συ.
2125 5619 2173 5653 ν.

1855 5619 1954 5655 ουκ
1985 5619 2173 5656 εσμεν.

1899 5623 1915 5654 )
1985 5619 2048 5654 εσ
2095 5619 2173 5656 εν.

1899 5619 2220 5795 ἔθωμιτυιρ.
2251 5668 2286 5723 2
2318 5686 2440 5728 cum
2465 5671 2624 5727 editis
2677 5672 2870 5726 πάντα.
2905 5671 3007 5726 Alii
3047 5687 3236 5728 omnes
3267 5689 3429 5740 mss,

1936 5759 2080 5795 ντας.

1856 5759 2080 5804 παντας.

3077 5904 3117 5964 5
