3850 6218
441 349 543 419 ιεθ

999 348 1065 409 S.
1108 348 1482 406 ATHANASII
1522 350 1672 406 OPP.
1714 352 1894 406 PARS
1932 352 1971 406 l.
2013 384 2080 394 -——
2120 351 2488 410 IIISTORICA
2528 355 2616 410 ΕΤ
2660 354 3083 413 DOGMATICA.

3580 357 3678 418 ιω

435 472 791 542 judicabatur
833 492 847 530 :
888 491 1035 531 nunc
1089 491 1220 531 vero
1268 476 1506 532 Verbum
1556 477 1611 531 in
1667 493 1727 534 se
1780 480 2008 548 suscepit

2121 481 2338 547 ἐδέξατο
2360 483 2419 535 τὸ
2445 486 2636 555 κρῖμα,
2668 484 2764 538 καὶ
2788 483 2866 555 τῷ
2894 483 3106 555 σώματι
3154 481 3342 538 παθὼν
3379 481 3517 555 ὑπὲρ
3557 480 3681 536 πάν·

436 564 730 633 judicium,
775 576 830 622 et
870 581 1101 636 corpore
1135 582 1236 637 pro
1271 569 1530 624 omnibus
1563 570 1839 638 patiendo,
1870 571 2018 625 salu-

440 666 550 711 tem
582 656 806 711 donavit
833 659 1108 713 omnibus.
1136 658 1293 725 Quod
1319 675 1443 714 cum
1474 662 1813 730 exploratum
1846 662 2017 715 habe-

438 756 523 803 ret
543 749 805 814 Joannes,
832 752 1178 807 exclamabat
1205 773 1217 807 :
1245 751 1353 807 Lex
1373 768 1465 821 per
1492 753 1721 824 Moysem
1757 754 1886 807 data
1916 764 2013 819 est,

437 842 617 910 gratia
660 853 709 895 et
750 843 943 896 veritas
999 861 1090 913 per
1120 842 1303 899 Iesum
1338 846 1610 901 Christum
1657 847 1805 916 facta
1847 858 1920 901 est
1950 848 2013 901 η.

437 931 798 989 Praestantior
827 944 1009 989 autem
1050 944 1133 989 est
1171 937 1344 1005 gratia
1392 953 1556 1006 quam
1589 938 1697 1004 lex,
1730 946 1785 992 et
1812 938 2015 993 veritas

439 1042 606 1096 quam
639 1027 855 1081 umbra.

510 1120 601 1176 61.
630 1120 746 1175 Hoc
774 1137 904 1192 ergo
932 1122 1076 1193 quod
1106 1123 1495 1192 praestantioris
1523 1124 1788 1180 vocabulo
1827 1125 2013 1194 expri-

438 1213 629 1280 mitur,
663 1212 1120 1283 quemadmodum
1159 1214 1366 1269 dictum
1404 1225 1520 1281 est,
1554 1231 1649 1286 per
1683 1216 1847 1270 alium
1893 1216 2012 1271 ﬁeri

436 1321 551 1361 non
583 1314 830 1377 poterat,
865 1306 974 1361 nisi
1008 1321 1104 1376 per
1128 1305 1324 1361 Filium
1354 1309 1447 1378 qui
1488 1308 1557 1363 ad
1590 1309 1870 1364 dexteram
1902 1305 2005 1364 Pa-

437 1402 540 1455 tris
577 1399 745 1455 sedet.
772 1397 912 1464 Quid
934 1407 1115 1455 autem
1155 1399 1299 1454 istud
1330 1400 1635 1470 signiﬁcat,
1682 1400 1788 1455 nisi
1822 1416 2012 1456 verum

439 1492 592 1545 illum
629 1505 748 1545 esse
782 1488 977 1544 Filium
999 1530 1015 1556 ,
1046 1491 1402 1560 eamdemque
1440 1489 1618 1547 Patris
1642 1500 1697 1546 et
1743 1490 1866 1545 Filii
1890 1507 2012 1548 esse

437 1581 818 1637 divinitatem?
848 1581 986 1648 Quia
1009 1583 1154 1637 enim
1186 1585 1375 1638 eodem
1401 1582 1579 1640 Patris
1613 1600 1780 1655 regno
1805 1586 2012 1655 potitur

436 1677 612 1732 Filius
632 1719 646 1744 ,
680 1677 734 1731 in
768 1677 957 1732 eodem
989 1675 1242 1731 similiter
1266 1676 1467 1731 throno
1489 1691 1599 1747 quo
1624 1674 1788 1731 Pater
1815 1677 1967 1733 sedet
1991 1695 2007 1745 ;

437 1771 811 1841 cumqueipsc
837 1768 1014 1823 Patris
1057 1769 1337 1823 divinitate
1368 1769 1646 1837 videatur,
1697 1769 1826 1825 hinc
1875 1785 2010 1826 sane

438 1865 585 1919 Deus
621 1872 703 1919 est
730 1861 967 1917 Verbum
989 1902 1002 1927 ,
1031 1869 1085 1915 et
1124 1862 1217 1931 qui
1252 1862 1398 1916 videt
1424 1860 1621 1916 Filium
1642 1900 1657 1925 ,
1686 1857 1901 1915 Patrem
1927 1861 2011 1915 vi-

437 1957 559 2022 det,
588 1963 753 2023 atque
785 1953 891 2008 hoc
911 1963 1071 2023 pacto
1101 1969 1244 2007 unus
1272 1962 1355 2007 est
1387 1951 1550 2009 Deus.
1589 1955 1777 2024 Itaque
1806 1968 1837 2009 a
1877 1954 2010 2008 dex-

438 2045 538 2099 tris
591 2044 816 2107 sedens,
866 2043 1170 2099 sinistrum'
1204 2060 1313 2097 non
1374 2044 1553 2099 reddit
1606 2043 1877 2099 Patrem:
1915 2044 2009 2102 sed

437 2136 583 2207 quod
601 2136 851 2190 dextrum
881 2144 932 2190 et
959 2135 1283 2191 honorabile
1309 2137 1468 2191 estin
1501 2135 1683 2203 Patre,
1718 2139 1823 2193 hoc
1846 2139 2009 2193 etiam

430 2218 601 2284 habet
623 2227 814 2292 Filius,
847 2227 939 2298 qui
969 2228 1086 2298 ipse
1125 2228 1201 2283 ait
1236 2247 1247 2282 :
1280 2228 1474 2283 Omnia
1506 2245 1828 2301 quaecunque
1856 2230 2009 2285 habet

436 2321 602 2376 Pater
627 2365 641 2389 ,
685 2338 803 2376 mea
829 2331 949 2374 sunt
986 2321 1050 2377 ¹⁸.
1075 2318 1343 2387 Quocirca
1385 2320 1561 2376 Filius
1600 2337 1631 2377 a
1678 2323 1886 2377 dextris
1904 2318 2010 2377 Pa-

433 2415 536 2470 tris
561 2415 791 2482 sedens,
822 2414 967 2469 videt
1022 2415 1140 2485 ipse
1186 2414 1437 2470 similiter
1472 2414 1688 2470 Patrem
1726 2431 1755 2471 a
1802 2416 2009 2472 dextris

433 2507 736 2574 sedentem,
750 2508 1000 2578 quamvis
1018 2519 1075 2561 ut
1092 2508 1257 2563 homo
1276 2507 1449 2563 factus
1466 2507 1612 2564 dicat
1631 2527 1644 2563 :
1660 2507 2011 2562 Providebam

434 2600 721 2655 Dominum
745 2602 800 2655 in
829 2611 1105 2672 conspectu
1144 2619 1256 2656 meo
1301 2619 1533 2673 semper,
1571 2604 1697 2673 quia
1730 2620 1763 2656 a
1807 2602 2008 2658 dextris

434 2700 514 2744 est
543 2692 695 2755 mihi,
731 2708 795 2746 ne
841 2709 1167 2746 commoveor
1200 2694 1262 2747 ".
1288 2692 1415 2749 inde
1458 2693 1603 2747 enim
1638 2694 1799 2748 etiam
1830 2694 2007 2764 palam

420 2783 496 2845 (tit.
518 2790 572 2835 et
603 2780 801 2835 Filium
824 2783 877 2836 in
902 2781 1059 2838 Patre
1078 2794 1131 2838 et
1164 2783 1378 2838 Patrem
1411 2782 1467 2837 in
1485 2782 1624 2838 Filio
1645 2799 1785 2839 esse.
1805 2782 2011 2851 Quam—

424 2874 519 2937 vis
547 2875 691 2928 enim
726 2874 914 2929 dexter
945 2884 1029 2930 est
1057 2874 1247 2942 Pater,
1280 2891 1310 2930 a
1355 2875 1561 2931 dextris
1617 2884 1796 2930 tamen
1843 2877 2008 2931 etiam

435 2975 517 3019 est
539 2965 823 3032 Filius;et
864 2967 999 3021 Filio
1032 2983 1063 3021 a
1115 2968 1323 3023 dextris
1370 2966 1625 3035 sedente,
1669 2967 1724 3023 in
1758 2967 1897 3023 Filio
1925 2976 2010 3025 est

436 3060 554 3129 ipse
586 3059 767 3113 Pater.
795 3059 859 3113 Et
886 3061 1060 3131 angeli
1083 3060 1300 3131 quidem
1331 3060 1675 3117 ascendendo
1703 3068 1757 3115 et
1782 3059 2010 3116 descen-

2117 592 2243 641 των,
2273 576 2545 646 σωτηρίαν
2575 580 2688 640 τοῖς
2720 579 2884 631 πᾶσιν
2930 577 3243 649 ἐχαρίσατο.
3282 578 3453 632 Τοῦτο
3484 578 3538 631 δὲ
3569 577 3678 648 βλέ-

2117 686 2235 721 πων
2252 668 2359 740 (67)
2378 670 2647 741 κέκραγεν
2681 670 2932 742 Ἰωάννης
2952 686 2966 701 ·
3000 672 3053 722 '0
3089 671 3273 739 νόμος
3298 669 3397 724 διὰ
3433 669 3678 735 Μωσέως

2115 758 2311 826 ἐδόθη,
2358 759 2395 827 ή
2446 757 2619 827 χάρις
2654 758 2753 812 καὶ
2804 759 2843 826 ἡ
2879 757 3131 824 ἀλήθεια
3167 756 3265 812 διὰ
3309 757 3505 825 Ἰησοῦ
3549 758 3677 825 Χρι-

2114 852 2266 907 στοῦ
2290 852 2545 922 ἐγένετο.
2582 852 2862 923 Κρείττων
2893 850 2949 905 δὲ
2979 852 3013 921 ή
3047 851 3207 922 χάρις
3240 849 3274 921 ἢ
3303 852 3332 904 6
3370 850 3552 921 νόμος,
3588 846 3680 903 καὶ

2115 945 2149 1015 ὴ
2171 944 2398 1019 ἀλήθεια
2430 944 2575 1016 παρὰ
2596 944 2694 1016 τὴν
2726 944 2904 998 σκιάν.

2187 1123 2277 1180 61.
2307 1124 2381 1178 Tb
2404 1118 2520 1187 οὖν,
2553 1124 2837 1193 κρείττων
2871 1122 3001 1195 (68),
3059 1122 3248 1196 ῶσπερ
3297 1123 3537 1196 εἴρηται,
3585 1123 3679 1196 οὐχ

2114 1213 2225 1272 οἷόν
2252 1235 2310 1271 τε
2338 1213 2407 1290 ἦν
2425 1218 2493 1271 δι’
2526 1216 2713 1288 ἑτέρου
2740 1216 2883 1280 τινὸς
2920 1216 3170 1286 γενέσθαι
3214 1216 3248 1286 ἦ
3303 1214 3392 1270 διὰ
3414 1214 3511 1270 τοῦ
3535 1217 3677 1281 Υἱοῦ,

2112 1308 2207 1362 τοῦ
2233 1307 2542 1378 καθημένου
2582 1309 2640 1361 ἐν
2667 1306 2816 1377 δεξιᾷ
2836 1306 2931 1360 τοῦ
2960 1307 3190 1378 Πατρός.
3236 1305 3300 1361 Ti
3333 1305 3391 1361 δὲ
3412 1306 3564 1360 τοῦτο
3588 1324 3680 1380 ση-

2117 1399 2317 1471 μαίνει,
2350 1399 2383 1471 ἥ
2416 1399 2477 1452 τὸ
2503 1399 2723 1469 γνήσιον
2750 1397 2845 1451 τοῦ
2875 1397 3029 1462 Υἱοῦ,
3058 1399 3153 1452 καὶ
3182 1397 3282 1470 τὴν
3336 1396 3561 1469 θεότητα
3588 1398 3680 1452 τοῦ

2112 1493 2327 1563 Πατρός
2359 1491 2561 1562 ταύτην
2590 1490 2729 1545 εἶναι
2766 1490 2860 1545 τοῦ
2882 1490 3013 1544 Υἱοῢ
3046 1489 3157 1563 (69)
3179 1508 3193 1557 ;
3218 1490 3331 1563 Τήν
3353 1509 3412 1545 τε
3436 1491 3544 1564 γὰρ
3586 1490 3679 1545 τοῦ

2087 1584 2326 1657 ’Πατρός
2346 1584 2618 1656 βασιλείαν
2667 1582 2963 1653 βασιλεύων
3009 1586 3039 1637 6
3094 1583 3241 1647 Υἱὸς,
3272 1583 3366 1635 ἐπὶ
3406 1584 3501 1636 τὸν
3528 1583 3684 1637 αὑτὸν

2113 1676 2301 1750 θρόνον
2328 1675 2407 1747 τῷ
2434 1675 2609 1746 Πατρὶ
2634 1674 2889 1745 κάθηται,
2923 1676 3017 1729 καὶ
3033 1676 3099 1745 τῇ
3126 1673 3218 1727 τοῦ
3236 1673 3448 1746 Πατρδς
3476 1673 3683 1745 θεότητι

2115 1767 2507 1841 θεωρούμενος,
2541 1768 2673 1832 Θεός
2700 1768 2849 1821 ἐστιν
2877 1769 2906 1821 6
2933 1767 3125 1835 Λόγος,
3159 1766 3253 1820 καὶ
3283 1769 3312 1821 6
3340 1766 3548 1837 βλέπων
3572 1764 3682 1837 (70)

2111 1862 2204 1915 τὸν
2238 1862 2364 1915 Υἱὸν
2419 1861 2603 1932 βλέπει
2646 1861 2737 1915 τὸν
2770 1861 3007 1931 Πατέρα·
3063 1860 3157 1913 καὶ
3200 1859 3372 1923 οὕτως
3422 1854 3504 1923 εἷς
3555 1858 3683 1922 Θεός

2110 1958 2278 2011 ἐστιν.
2339 1957 2435 2010 Ἐκ
2483 1955 2674 2037 δεξιῶν
2725 1954 2856 2025 γοῦν
2909 1954 3238 2025 καθήμενος,
3284 1952 3567 2025 ἀριστερὸν
3618 1948 3683 2006 οὗ

2111 2045 2254 2097 ποιεῖ
2281 2044 2372 2098 τὸν
2402 2040 2643 2111 Πατέρω
2667 2042 2781 2096 ἀλλ’
2812 2043 2947 2115 ὅπερ
2976 2041 3093 2095 ἐστὶ
3136 2041 3306 2108 δεξιὸν
3367 2042 3463 2097 καὶ
3508 2042 3685 2112 τίμιον

2110 2137 2168 2189 ὲν
2200 2135 2278 2207 τῷ
2301 2136 2498 2207 Πατρὶ,
2528 2133 2684 2188 τοῦτο
2707 2133 2801 2187 καὶ
2819 2137 2847 2187 6
2874 2133 3000 2197 Υἱὸς
3035 2133 3168 2204 ἔχει,
3188 2134 3281 2187 καὶ
3307 2132 3688 2203 λέγει’Πάντιι

2110 2227 2229 2283 ὅσα
2259 2228 2383 2297 ἔχει
2404 2231 2436 2282 ό
2454 2226 2677 2296 Πατὴρ,
2700 2224 2810 2297 ἐμά
2827 2226 2977 2280 ἐστι.
2995 2225 3093 2279 Διὰ
3115 2224 3273 2279 τοῦτο
3290 2224 3396 2298 γὰρ
3431 2226 3526 2278 καὶ
3555 2225 3687 2280 καθ-

2110 2322 2312 2393 ήμενος
2343 2322 2407 2373 ὲκ
2457 2318 2646 2384 δεξιῶν
2675 2318 2704 2371 6
2757 2317 2883 2381 Υἱὸς
2916 2319 3022 2389 ὁρᾷ
3063 2316 3154 2369 τὸν
3201 2316 3421 2387 Πατέρα
3463 2316 3556 2369 καὶ
3589 2314 3687 2369 αὒ-

2109 2413 2199 2476 τὸς
2225 2411 2335 2483 (71)
2363 2414 2426 2465 ὲκ
2452 2408 2661 2475 δεξιῶν,
2690 2407 2793 2461 κᾶν
2819 2404 2895 2471 ὡς
2919 2407 3202 2479 ἄνθρωπος
3228 2406 3516 2478 γενόμενος
3534 2405 3684 2479 λέγῃ’

2110 2502 2479 2573 Προωρώμην
2516 2501 2624 2555 τὸν
2671 2500 2891 2568 Κύριόν
2929 2517 3048 2570 μου
3102 2498 3360 2553 ἐνώπιόν
3417 2516 3536 2569 μου
3591 2498 3690 2552 διὰ

2110 2595 2336 2661 παντὸς
2363 2595 2497 2665 (72),
2527 2594 2616 2647 ὅτι
2637 2593 2705 2647 ἐκ
2737 2592 2953 2659 δεξιῶν
2977 2610 3097 2663 μου
3119 2592 3314 2656 ἐστὶν,
3339 2594 3441 2646 ἵνα
3462 2591 3548 2663 μὴ
3576 2606 3689 2647 aa-

2108 2685 2323 2741 λευθῶ.
2357 2685 2639 2740 Δείκνυται
2698 2684 2808 2758 γὰρ
2854 2684 3014 2740 πάλιν
3076 2686 3171 2738 καὶ
3218 2686 3277 2738 ὲν
3329 2684 3522 2754 τούτῳ,
3560 2682 3691 2748 ὼςὸ

2109 2779 2238 2842 Υἱὸς
2270 2781 2329 2832 ὲν
2362 2777 2441 2848 τῷ
2472 2776 2650 2850 Πατρὶ
2682 2775 2776 2830 καὶ
2804 2776 2833 2829 6
2859 2776 3048 2848 Πατὴρ
3078 2775 3190 2847 (75)
3230 2777 3288 2830 ὲν
3319 2775 3398 2847 τῷ
3429 2775 3567 2846 Titii.
3591 2780 3692 2831 Δε-

2111 2871 2223 2936 ξιοῦ
2252 2872 2361 2944 γὰρ
2408 2871 2560 2933 ὄντος
2609 2869 2703 2924 τοῦ
2760 2870 2994 2943 Πατρὸς,
3036 2872 3095 2923 ἐν
3142 2868 3221 2940 τῷ
3271 2868 3432 2940 δεξιῷ
3469 2869 3631 2924 ’ἐστιν
3663 2871 3693 2923 6

2110 2963 2259 3028 Υἱός·
2294 2964 2389 3018 καὶ
2426 2962 2738 3034 καθημένου
2801 2961 2896 3015 τοῦ
2931 2961 3060 3015 Υἱοῦ
3110 2964 3176 3016 ὲκ
3206 2960 3415 3029 δεξιῶν,
3440 2963 3469 3015 6
3499 2960 3693 3034 Πατήρ

2110 3058 2257 3110 ἐστιν
2277 3058 2334 3110 ὲν
2352 3056 2432 3127 τῷ
2469 3055 2603 3127 Υἱῷ.
2660 3057 2770 3109 Καὶ
2815 3058 2865 3109 οἱ
2932 3056 3031 3127 μὲν
3087 3055 3310 3125 ἄγγελοι
3353 3055 3695 3110 διακονοῦσιν

437 3150 614 3204 dendo
638 3150 947 3203 ministrant
983 3150 1088 3204 :de
1120 3149 1257 3204 Filio
1283 3159 1463 3204 autem
1503 3150 1657 3213 dicit,
1691 3149 1760 3204 Et
1786 3153 2005 3204 adorent

2119 3149 2458 3223 Ξινερχόμενοι
2512 3151 2605 3203 καὶ
2660 3149 3069 3220 κατερχόμενον
3122 3149 3252 3220 περὶ
3314 3146 3371 3201 δὲ
3426 3146 3522 3202 τοῦ
3559 3148 3696 3202 Tim")

435 3257 554 3293 eum
579 3256 752 3292 omnes
785 3239 957 3308 angeli
983 3239 1081 3292 Dei
1108 3240 1171 3293 ‘5.
1202 3240 1429 3310 Insuper
1454 3256 1579 3295 cum
1613 3242 1790 3313 angeli
1842 3241 2009 3296 mini-

436 3339 632 3393 strant,
651 3329 802 3384 aiunt
829 3349 840 3382 :
879 3328 1079 3384 Missus
1105 3345 1225 3384 sum
1259 3332 1325 3386 ad
1348 3338 1401 3385 te
1429 3349 1443 3397 ;
1471 3338 1545 3398 et,
1577 3330 1842 3388 Dominus
1868 3347 2007 3402 prae-

434 3421 596 3492 cepit.
628 3419 920 3484 AtFilius,
955 3421 1081 3476 licet
1131 3429 1190 3475 ut
1246 3421 1412 3476 homo
1456 3422 1635 3490 dicat,
1671 3438 1730 3477 se
1777 3424 2009 3479 missum

433 3528 559 3567 esse
587 3520 640 3565 et
673 3513 887 3566 venisse
942 3512 1010 3567 ad
1060 3528 1199 3582 opus
1244 3514 1633 3583 perﬁciendum
1674 3523 1728 3569 et
1778 3514 2012 3571 admini-

435 3606 716 3660 suandum
737 3645 754 3671 ,
790 3616 966 3659 tamen
997 3616 1056 3660 ut
1086 3604 1324 3661 Verbum
1356 3615 1409 3661 et
1446 3606 1625 3678 imago
1650 3607 1727 3662 ait
1767 3625 1780 3661 ε
1807 3606 1920 3678 Ego
1955 3609 2010 3661 in

434 3694 634 3760 Patre,
669 3705 719 3749 et
744 3695 906 3749 Pater
926 3697 979 3749 in
1014 3713 1092 3750 me
1118 3704 1194 3750 est
1224 3697 1304 3761 ηις
1342 3705 1417 3759 et,
1444 3696 1551 3759 Qui
1582 3696 1713 3749 vidit
1741 3712 1821 3748 me
1845 3736 1860 3761 ,
1897 3693 2009 3748 Pa-

434 3796 566 3840 trem
632 3787 809 3852 vidit;
866 3798 957 3849 et,
1017 3786 1181 3840 Pater
1228 3788 1279 3841 in
1336 3803 1416 3839 me
1475 3803 1690 3840 manens
1731 3788 1840 3857 ipse
1877 3787 2009 3856 facit

432 3896 593 3946 opera
613 3880 676 3935 ".
710 3880 844 3934 Nam
871 3897 991 3950 quae
1021 3882 1071 3934 in
1108 3884 1207 3936 ista
1241 3881 1491 3935 videntur
1514 3880 1779 3952 imagine,
1810 3895 1873 3935 ea
1892 3879 2009 3949 ipsa

434 3982 563 4025 sunt
588 3969 761 4026 Patris
792 3987 975 4040 opera.
1026 3970 1148 4026 Ha'c
1176 3971 1340 4038 igitur
1373 3971 1506 4027 satis
1541 3981 1669 4027 sunt
1696 3971 1763 4026 ad
1810 3971 2009 4025 verita-

435 4064 507 4118 tis
536 4064 720 4119 hostes
760 4065 964 4133 pudore
1015 4062 1347 4119 alliciendos.
1392 4062 1550 4128 Quod
1604 4062 1683 4127 si,
1716 4061 1845 4133 quia
1869 4062 2007 4117 scri-

432 4165 587 4223 ptum
617 4169 734 4221 est,
763 4158 1104 4227 praestantior
1144 4156 1316 4226 factus
1339 4196 1353 4221 ,
1397 4156 1587 4210 nolunt
1615 4155 1755 4209 hanc
1794 4169 2006 4219 vocem,

434 4251 631 4318 factm,
657 4250 731 4304 ita
765 4250 990 4319 intelligi
1018 4250 1084 4305 de
1106 4248 1280 4315 Filio,
1313 4258 1372 4304 ut
1401 4248 1544 4303 idem
1592 4248 1747 4302 sitae
1787 4247 1832 4302 si
1863 4248 2009 4302 dice-

431 4352 615 4406 retur,
677 4337 855 4394 factus
884 4349 1001 4405 est,
1041 4351 1121 4405 et,
1164 4348 1280 4401 est;
1324 4338 1406 4393 vel
1429 4337 1576 4409 quod
1618 4338 1737 4407 ejus
1772 4337 2010 4391 admini-

433 4435 631 4492 stratio
659 4434 1007 4504 prazstantior
1037 4434 1160 4488 aliis
1188 4433 1328 4488 facta
1376 4433 1570 4499 fuerit,
1599 4432 1677 4487 uti
1708 4434 1948 4487 diximus
1988 4451 2003 4487 :

2113 3261 2246 3315 φησι
2286 3261 2301 3274 ·
2368 3243 2480 3297 Καὶ
2559 3242 3160 3310 προσκυνησάτωσαν
3232 3240 3391 3306 αὐτῷ
3467 3240 3700 3308 πάντες

2112 3335 2352 3405 ἄγγελοι
2401 3333 2569 3389 Θεοῦ·
2624 3336 2720 3388 καὶ
2792 3336 2882 3388 ὅτε
2936 3334 3036 3405 μὲν
3084 3334 3302 3403 ἄγγελοι
3361 3332 3698 3398 διακονοῦσι,

2111 3425 2357 3496 λέγουσιν
2417 3429 2498 3481 ὅτι
2531 3427 2666 3499 (74),
2709 3427 3043 3498 Ἀπεστάλην
3088 3423 3226 3497 πρὸς
3283 3425 3370 3479 σέ·
3397 3427 3512 3492 καὶ,
3576 3425 3700 3479 Κύ-

2114 3535 2226 3589 ριος
2259 3516 2579 3571 ἐνετείλατο·
2639 3518 2667 3570 6
2716 3516 2773 3570 δὲ
2806 3517 2952 3581 Υἱὸς,
3015 3517 3120 3571 κᾶν
3153 3516 3285 3588 λέγῃ
3312 3517 3717 3590 ἀνθρωπίνως(

2109 3609 2213 3673 ὅτι,
2243 3608 2578 3679 Ἀπεστάλην
2608 3607 2740 3680 (73),
2765 3609 2858 3662 καὶ
2886 3608 3102 3682 ἔρχεται
3130 3609 3190 3663 τὸ
3218 3609 3377 3681 ἔργον
3403 3608 3702 3663 τελειῶσαι

2110 3703 2205 3756 καὶ
2224 3702 2561 3773 διακονῆσαι,
2597 3702 2744 3771 λέγει
2771 3703 3038 3773 ὅμως-,ιὼς
3063 3702 3174 3773 (76)
3200 3703 3372 3772 Λόγος
3402 3703 3498 3756 καὶ
3527 3704 3703 3757 εἰκὼν

2111 3798 2391 3869 ὑπάρχων·
2439 3797 2579 3868 Ἐγὼ
2636 3798 2708 3852 ἐν
2760 3798 2841 3864 τῷ
2892 3799 3098 3867 Πατρὶ,
3143 3799 3243 3854 καὶ
3294 3802 3329 3853 ό
3383 3798 3592 3868 Πατὴρ
3629 3802 3704 3855 ἐν

2108 3890 2242 3959 ἐμοί
2270 3890 2422 3944 ἐστι·
2443 3890 2558 3957 καὶ,
2575 3891 2629 3944 Ὁ
2658 3890 2927 3960 domandae
2945 3890 3051 3960 ἐμὲ
3075 3890 3298 3961 ἑώρακε
3311 3892 3419 3945 τὸν
3433 3894 3697 3962 Πατέραο

2110 3981 2225 4046 καὶ,
2270 3982 2332 4034 '0
2384 3980 2589 4050 Πατὴρ
2652 3981 2724 4035 ἐν
2775 3981 2906 4047 ἐμοὶ
2961 3980 3181 4051 μένων,
3241 3980 3424 4047 αὐτὸς
3450 3981 3525 4036 τὰ
3549 3982 3703 4052 ἔργα

2109 4070 2267 4124 ποιεῖ
2305 4070 2437 4142 (77)·
2474 4070 2511 4124 ἃ.
2564 4071 2674 4143 γὰρ
2700 4073 2756 4125 ὲν
2788 4073 2855 4142 τῇ
2901 4073 3069 4125 εἰκόνι
3122 4088 3207 4135 τις
3255 4071 3427 4144 ταύτῃ
3473 4072 3700 4146 θεωρεῖ,

2108 4162 2282 4216 ταῦτα
2307 4161 2398 4216 τοῦ
2432 4163 2645 4235 Πατρός
2687 4164 2835 4217 ἐστιν
2868 4163 3023 4235 ἔργα.
3075 4166 3229 4218 Ἔστι
3256 4164 3358 4235 μὲν
3385 4159 3479 4219 οὖν
3534 4166 3703 4220 ἱκανὰ

2108 4256 2280 4308 ταῦτα
2314 4255 2632 4327 δυσωπῆσαι
2666 4258 2792 4321 τοὺς
2844 4256 3182 4329 μαχομένους
3230 4257 3367 4328 πρὸς
3398 4256 3572 4330 αὐτὴν
3600 4258 3702 4330 τὴν

2108 4347 2385 4420 ἀλήθειαν·
2415 4349 2463 4402 ει
2490 4349 2535 4403 δ’
2564 4350 2647 4403 ὅτι
2666 4349 2995 4419 γέγραπται,
3025 4352 3344 4421 γενόμενος
3386 4350 3700 4419 κρείττων,

2109 4438 2189 4504 τὺ,
2219 4441 2560 4509 γενόμενος,
2583 4439 2644 4492 οὐ
2679 4439 2941 4503 θέλουσιν,
2976 4438 3052 4502 ὡς
3079 4439 3206 4512 περὶ
3229 4438 3360 4493 Υἱοῦ
3393 4438 3506 4511 (78)
3537 4439 3705 4510 λεγό-

429 4524 527 4582 sed
556 4524 661 4581 hoc
687 4540 754 4579 ex
786 4524 1051 4579 vocabulo
1098 4524 1429 4579 arbitrantur
1474 4523 1678 4579 factum
1713 4523 1820 4579 dici
1876 4522 2006 4578 Ver-

2119 4547 2291 4601 μενον,
2327 4532 2440 4585 ἴσον
2462 4529 2714 4595 ἀκοῦσαι,
2737 4529 3089 4601 γεγενῆσθαι,
3117 4511 3229 4599 καὶ,
3264 4529 3486 4602 Eoum?)
3519 4531 3617 4585 διὰ
3637 4532 3705 4586 τὺ

502 4714 544 4745 ¹²
574 4712 733 4769 Joan.
767 4728 807 4780 ι,
852 4712 939 4765 l7.
1018 4713 1060 4743 ¹³
1097 4711 1255 4767 Joan.
1302 4728 1414 4776 xw,
1455 4713 1541 4767 15.
1620 4712 1665 4744 ⁸⁸
1701 4710 1845 4767 Psal.
1890 4730 1978 4780 xv,

2169 4715 2191 4746 ⁸
2220 4710 2385 4768 Hebr.
2418 4726 2459 4779 ι,
2489 4710 2543 4765 6.
2622 4713 2665 4744 ’⁸
2700 4710 2859 4767 Joan.
2892 4728 3002 4778 xiv,
3035 4711 3123 4767 10.
3203 4711 3245 4744 ¹⁷
3279 4710 3415 4768 ibid.
3448 4712 3503 4779 9,
3549 4714 3646 4771 10.

500 4867 613 4940 (67)
657 4865 904 4940 Seguer.,
932 4866 1342 4940 coimﬁlémov.

486 4936 615 5011 (68)
658 4936 769 5011 Sig
798 4936 1023 5011 Seguer.
1071 4937 1289 4993 Gobler.
1323 4947 1378 4992 et
1419 4936 1564 4993 Felc.
1614 4937 1668 4994 1.
1711 4939 1783 4993 At
1818 4938 1909 4993 alii
1947 4945 2002 4995 et

427 5008 579 5074 editi,
626 5009 687 5061 τὸ
729 5008 804 5077 δὲ,
844 5008 1127 5077 κρείττων.

503 5080 611 5149 (69)
654 5079 745 5132 Sic
776 5076 1001 5145 Seguer.
1048 5077 1181 5147 Reg.
1222 5077 1392 5132 Basil.
1419 5077 1634 5150 Anglic.
1674 5087 1729 5134 et
1767 5078 1911 5135 Felc.
1946 5079 1998 5133 5.

428 5148 488 5203 In
515 5148 641 5204 aliis
681 5159 892 5222 vero_et
935 5149 1096 5222 editis
1129 5152 1327 5222 desunt
1375 5150 1489 5203 haec
1506 5148 1712 5222 )‘etﬁba,
1753 5152 1846 5207 καῗι
1902 5152 2003 5222 τὴν

429 5217 778 5290 θεότητα-ντοῦ
806 5218 1020 5290 Πατρὺς
1041 5215 1408 5290 ταύτηνξῖναι
1434 5218 1533 5290 τοῦ
1567 5219 1719 5272 Υἱοῦ.

500 5287 613 5361 (70)
656 5287 892 5361 Seguer;
915 5287 1134 5361 Gobler.
1162 5287 1216 5344 et
1247 5288 1395 5344 Felc.
1426 5288 1475 5354 1,
1505 5291 1598 5342 καὶ
1621 5290 1854 5359 βλέπων.
1882 5289 2005 5346 Mox

429 5352 682 5426 Scitue'r"
710 5352 806 5410 ia).
838 5352 990 5423 οὗτος
1025 5356 1125 5423 εἷς.

500 5430 613 5500 (71)
657 5428 749 5482 Sic
780 5426 1004 5500 Seguer.
1039 5432 1108 5483 At
1136 5429 1229 5482 alii
1268 5437 1320 5484 et
1351 5428 1502 5494 editi,
1533 5428 1716 5500 αὐτόν.

500 5432 583 5500 (71
657 5432 749 5482 Sic
780 5432 1004 5498 Seguer.
1039 5432 1108 5483 At
1136 5432 1229 5482 alii
1268 5437 1320 5484 et
1351 5432 1502 5494 editi,
1533 5432 1716 5483 αὐτόν.

497 5432 747 5585 (72inSic
778 5498 1003 5581 Seguer.
1034 5501 1177 5555 Editi
1203 5514 1350 5564 vero,
1379 5499 1727 5623 προωρώμτίξ
1756 5501 1853 5554 τὸν
1889 5503 2001 5554 Κύ-

497 5588 563 5623 DV.
614 5587 695 5623 οτι
723 5585 788 5621 εκ
828 5567 1014 5623 δεξιων
1052 5587 1151 5623 μου
1182 5570 1296 5623 ἐστὶ
1335 5570 1644 5623 διαπαντός.
1725 5573 1849 5623 aulo
1884 5580 2001 5623 post

429 5567 563 5641 ριον,
592 5567 695 5623 ’ὅτι
722 5572 788 5641 ἐκ
808 5567 1151 5641 -δεξιῶνίμου
1182 5570 1296 5623 ἐστὶ
1335 5567 1644 5633 διαπαντός.
1679 5567 1859 5641 Paulo,
1884 5580 2003 5640 post

426 5639 677 5710 Seguer.,
701 5640 777 5703 ὼς
796 5639 824 5690 ὀ
850 5639 994 5703 Υἱός.
1020 5639 1162 5695 Editi
1191 5650 1245 5694 et
1268 5643 1383 5705 alii,
1410 5643 1485 5704 ὡς
1516 5641 1657 5704 Υἱός.
1686 5640 1809 5694 Mox
1835 5639 1994 5698 GObl.

422 5725 475 5768 et
499 5711 724 5783 Felc.},
752 5712 858 5783 xui:
874 5712 913 5783 ὁ)
934 5712 1150 5783 Πατήρ,
1178 5711 1285 5764 Alii
1309 5722 1362 5764 et
1383 5714 1534 5783 editi,
1562 5713 1657 5764 καὶ
1677 5713 1887 5782 Πατήρ.
2099 5722 2154 5769 et

2106 4869 2266 4925 editis
2296 4870 2324 4923 6
2349 4871 2515 4926 deest.

2180 4941 2292 5011 (74)
2335 4941 2559 5010 Seguer.
2592 4939 2810 5011 Goblﬁer.
2839 4949 2893 4994 et
2919 4939 3123 5011 Felc.?!
3153 4940 3414 4995 omittunt
3438 4940 3547 4993 ὅτι.

2182 5010 2292 5103 (ῖςί)
2333 5010 2842 5103 everterem
2893 5013 2948 5103 ιε
3001 5010 3377 5103 ἀνθρωλπέγφςν
3427 5011 3701 5103 ereum

2111 5079 3148 5165 Dasilg,densarat-9...lliidcmHSeguer;
3170 5080 3394 5136 Gobler.
3439 5090 3494 5136 et
3538 5079 3702 5143 Fcis.
3794 5162 3797 5165 _

2113 5152 2166 5216 ίν
2188 5152 2291 5240 ,ξιξ
2320 5151 2563 5240 inter:
2579 5152 2946 5240 ,ιῖέάἓιίσεῖιέιίξν
2971 5150 3341 5240 etiam:

2183 5222 2295 5294 (76)
2346 5220 2433 5285 Ὧς
2471 5224 2624 5294 abest
2661 5236 2690 5276 a
2725 5220 2946 5294 Seguer.
2985 5220 3281 5294 Gobleii'et
3306 5221 3451 5277 Felc.
3479 5224 3537 5277 1.
3565 5222 3701 5282 Mox

2111 5291 2296 5354 iidem,
2327 5295 2384 5346 ὲν
2424 5293 2545 5362 ἐμοί
2569 5294 2707 5346 ἐστι.
2740 5291 2815 5345 lu
2840 5293 2961 5348 aliis
2981 5302 3035 5347 et
3063 5292 3226 5362 editis
3254 5293 3407 5347 deest
3434 5294 3582 5351 ἐστι.

2183 5362 2297 5433 (77)
2340 5362 2431 5418 Sic
2461 5361 2696 5431 'chuer.
2734 5362 2952 5416 Gobler.
2985 5374 3037 5416 et
3065 5361 3211 5417 Felc.
3261 5363 3311 5416 1.
3356 5364 3555 5419 Cteteri
3590 5379 3703 5419 au-

2110 5441 2220 5504 tem
2261 5445 2313 5489 et
2359 5435 2514 5499 editi,
2543 5436 2574 5504 6
2613 5436 2669 5487 ἐν
2710 5434 2834 5501 ἐμοὶ
2869 5435 3043 5503 μένων
3072 5433 3140 5486 τὰ
3183 5433 3320 5504 ἔργα
3354 5437 3518 5504 ποιεῖ.
3549 5435 3698 5491 Ibid.

2110 5501 2366 5577 segnem,
2399 5506 2465 5556 "A
2492 5503 2600 5577 γαρ
2634 5506 2693 5556 ὲν
2719 5506 2785 5575 τῇ
2817 5501 2985 5558 εἰκόνι
3029 5521 3114 5567 τις
3145 5501 3342 5577 ταῦτῃ.
3372 5503 3431 5558 lu
3473 5507 3610 5561 aliis
3643 5515 3702 5561 et

2107 5575 2267 5645 editis
2289 5576 2441 5645 deest
2468 5574 2660 5645 ταύτῃ.

2102 5684 2110 5693 .
2175 5644 2290 5716 C78)
2333 5642 2753 5716 Seguer.,'&cep).
2785 5642 2979 5715 Ἰησοῦ.
3022 5643 3145 5700 Mox
3180 5643 3406 5716 Seguier.
3455 5643 3699 5716 Grohler.

2229 5716 2419 5786 elc._i,
2453 5715 2782 5785 γεγενῆσθαι
2825 5715 2916 5768 τὸν
2951 5716 3258 5786 κρείττονα.
3295 5715 3443 5769 Felc.
3475 5715 3513 5769 5
3559 5727 3699 5770 Item

497 5784 607 5846 (75)
649 5780 784 5854 Reg.
819 5779 976 5838 Gobl.
1014 5779 1259 5839 et"Fclc.
1301 5783 1352 5850 1,
1382 5783 1410 5834 6
1443 5782 1650 5854 Πατήρ.
1690 5783 1747 5838 In
1788 5779 1910 5837 aliis
1944 5792 1999 5839 et

2119 5784 2446 5856 γεγενῆσθαι.
2467 5779 2587 5842 ἈΙἰὶ
2622 5779 2676 5844 et
2708 5787 2862 5852 editi,
2896 5779 3148 5855 γενέσθαι
3180 5785 3273 5841 τὸν
3318 5786 3581 5858 κρείττω.
