3850 6218
249 332 348 390 Ml

1376 330 1635 388 ORATIO
1672 332 1690 385 1
1730 330 2011 386 CONTRA
2047 329 2368 386 ARIANOS.

3389 331 3496 396 149

243 446 577 519 γεγενῆσθαι
605 445 706 518 τὴν
736 447 1019 518 κρείττονα
1070 448 1345 504 διακονίαν
1372 449 1452 514 τὸ,
1487 452 1818 521 γενιξμενοςε

1930 448 2059 505 bum
2100 468 2112 503 :
2139 450 2253 505 haec
2283 450 2479 503 iterum
2509 448 2744 503 breviter
2776 449 3020 515 audiant,
3053 449 3493 525 quandoquidem

241 542 426 597 λαϐεῖν
453 542 548 595 καὶ
569 542 729 597 νοεῖν.
781 540 970 613 ὥσπερ
1023 542 1272 613 εἴπομεν⁹
1325 543 1461 597 ἀλλὰ
1508 544 1820 614 νομίζουσιν

1927 557 2049 610 quae
2078 556 2239 611 supra
2272 540 2671 610 disputavimus
2698 540 2809 610 jam
2844 550 2971 598 sunt
3002 542 3178 597 obliti.

240 640 306 692 ἐκ
340 637 550 707 ταύτης
581 638 683 708 τῆς
712 637 909 704 λέξεως
935 640 1163 711 γενητὸν
1216 641 1467 713 εἰρῆσθαι
1522 641 1613 695 τὸν
1666 642 1857 709 Λόγον·
1897 638 2241 693 ἀκουέτωσαν
2288 636 2536 709 συντόμῳ
2559 637 2703 710 λόγῳ
2733 635 2903 690 ταῦτα
2958 636 3140 700 πάλιν,
3173 636 3358 710 ἐπειδὴ
3385 635 3498 693 τῶν

226 730 548 803 εἰρημένων
572 730 588 786 ί
593 730 683 784 79)
716 731 1061 786 ἐπελάθοντο.

310 885 404 941 62.
436 886 501 939 Ei
536 886 636 957 μὲν
664 887 730 940 ὲκ
757 887 867 941 τῶν
887 888 1137 958 ἀγγέλων
1156 890 1301 946 ἐστὶν
1322 892 1351 944 ὁ
1375 892 1523 958 Υἱὸς,
1560 892 1700 948 ἔστω
1726 894 1821 949 καὶ

238 977 328 1032 ἐπ’
360 977 528 1031 αὐτοῦ
558 978 668 1046 (80)
704 978 781 1040 ὡς
836 980 923 1031 ἐπ’
952 981 1174 1035 ἐκείνων
1204 981 1287 1046 τὸ,
1341 984 1686 1052 γενόμενος,
1727 987 1821 1040 καὶ

241 1070 413 1143 μηδὲν
438 1070 621 1124 αὐτῶν
654 1072 795 1126 κατὰ
815 1072 914 1144 τὴν
944 1072 1104 1142 φύσιν
1132 1073 1454 1146 διαφερέτω·
1508 1075 1622 1131 ἀλλ’
1651 1076 1820 1130 ἔστω-

240 1178 342 1216 σαν
370 1162 405 1232 ἢ
442 1161 554 1233 (81)
582 1162 678 1239 κα).
700 1155 846 1216 οὗτοι
899 1164 1027 1229 υἱοὶ,
1063 1164 1097 1236 ἢ
1145 1167 1393 1229 κάκεῖνος
1424 1165 1674 1235 ἄγγελος,
1726 1168 1823 1221 καὶ

238 1254 392 1324 κοινῇ
421 1254 624 1317 πάντες
648 1251 1064 1318 καθεζέσθωσαν
1105 1257 1170 1309 ἐκ
1196 1254 1386 1321 δεξιῶν
1433 1256 1527 1311 τοῦ
1585 1259 1817 1329 Πατρός·

236 1343 271 1415 ἦ
304 1342 449 1415 μετὰ
472 1333 689 1400 πάντων
740 1347 834 1399 καὶ
878 1346 909 1398 ὁ
975 1345 1103 1410 Υἱὸς
1161 1342 1555 1420 πάρεστηκέτω
1593 1348 1703 1419 (82)
1746 1350 1822 1415 ὡς

236 1434 614 1508 λειτουργικὸν
642 1436 857 1506 πνεῦμα
913 1438 994 1500 εἰς
1033 1436 1308 1492 διακονίαν
1365 1440 1823 1511 ἀποστελλόμενος

237 1530 334 1583 καὶ
358 1527 520 1593 αὐτὸς
536 1528 738 1600 ὁμοίως
760 1529 870 1601 (85)
895 1530 1141 1585 ἐκείνων.
1171 1532 1235 1585 Ei
1264 1531 1321 1584 δὲ
1348 1532 1611 1603 διίστησιν
1633 1534 1661 1585 ὀ
1677 1532 1825 1587 Παῦ-

237 1621 331 1686 λος
354 1622 449 1676 τὸν
467 1622 597 1676 Υίὸν
627 1621 734 1675 ἀπὸ
763 1621 873 1675 τῶν
894 1621 1155 1694 γενητῶν,
1184 1621 1376 1691 λέγων·
1410 1624 1529 1677 Τίνι
1560 1624 1670 1694 γὰρ
1693 1624 1823 1679 εἶπέ

237 1729 386 1770 ποτε
415 1714 536 1770 τῶν
562 1715 673 1787 (84)
702 1714 993 1787 ἀγγέλων·
1022 1717 1155 1783 Υἱός
1170 1733 1291 1786 μου
1316 1711 1377 1770 εἴ
1397 1718 1515 1781 σύ;
1540 1719 1636 1801 καὶ
1667 1710 1823 1782 οὗτος

1999 888 2088 942 02.
2119 886 2176 942 Si
2204 886 2377 943 Filius
2401 904 2546 945 unus
2580 904 2646 944 ex
2674 889 2879 961 angelis
2911 897 3018 953 est,
3074 904 3227 961 aeque
3279 889 3381 960 ipsi
3429 904 3496 945 ac

1927 980 2036 1036 illis
2069 979 2182 1034 haec
2213 996 2316 1035 vox
2347 982 2520 1050 {actus
2551 984 2875 1048 conveniat,
2915 983 3161 1052 nihilque
3191 992 3388 1037 natura
3425 982 3497 1037 ab

1926 1070 2037 1125 illis
2059 1070 2313 1137 diﬂ‘erat;
2346 1087 2535 1127 verum
2566 1074 2652 1128 vel
2676 1073 2778 1143 ipsi
2805 1074 2916 1129 sint
2950 1075 3045 1129 [iiii
3066 1074 3149 1129 vel
3176 1076 3267 1129 ille
3305 1075 3376 1130 sit
3398 1089 3498 1128 an-

1927 1163 2080 1232 gelus
2104 1203 2119 1227 ,
2159 1179 2458 1234 omnesque
2512 1166 2717 1235 pariter
2772 1168 2840 1221 ad
2888 1166 3163 1222 dexteram
3199 1168 3376 1224 Patris
3408 1183 3498 1224 se-

1929 1252 2111 1315 deant,
2132 1253 2360 1307 velcum
2394 1254 2648 1309 omnibus
2686 1256 2909 1311 assistat
2934 1271 3153 1327 quoque
3178 1257 3293 1327 ipse
3326 1257 3498 1313 Filius

1928 1352 2189 1413 tanquam
2221 1345 2448 1414 spiritus
2478 1345 2833 1414 administer,
2855 1347 2910 1401 in
2944 1347 3496 1416 administrationem,

1926 1434 2094 1506 368
2123 1444 2182 1490 ut
2211 1436 2288 1490 illi
2310 1476 2325 1497 ,
2358 1437 2562 1493 missus
2591 1438 2655 1491 ".
2695 1441 2763 1493 At
2796 1455 2926 1495 vero
2957 1440 3003 1495 si
3045 1439 3245 1497 Paulus
3297 1440 3497 1497 Filium

1928 1540 1960 1580 a
1992 1527 2154 1582 rebus
2183 1527 2342 1583 iactis
2373 1529 2522 1584 hisce
2574 1530 2758 1585 verbis
2806 1530 3143 1589 discriminet
3177 1532 3319 1589 :Cui
3358 1536 3498 1590 enim

1926 1621 2233 1687 angelorum
2254 1620 2392 1674 dixit
2415 1637 2644 1693 unquam
2670 1636 2691 1674 :
2713 1622 2891 1678 Filius
2919 1642 3062 1679 meus
3084 1642 3138 1681 es
3169 1636 3226 1680 tu
3247 1629 3325 1683 ιιι
3348 1627 3497 1684 Prat-

1927 1718 2075 1765 terea
2112 1711 2159 1766 si
2186 1714 2383 1768 coelum
2415 1714 2506 1769 ille
2552 1724 2609 1769 et
2649 1722 2849 1770 terram
2880 1726 3059 1785 creat,
3102 1719 3267 1789 hique
3316 1720 3386 1776 ab
3429 1735 3499 1776 eo

239 1808 344 1878 μὲν
376 1807 702 1879 δημιουργεῖ
745 1810 838 1861 τὸν
871 1807 1097 1878 οὐρανὸν
1143 1808 1237 1860 κα).
1260 1808 1359 1880 τὴν
1404 1807 1530 1877 γῆν,
1577 1806 1731 1860 αὐτοὶ
1767 1807 1818 1860 δὲ

1928 1801 2100 1870 ﬁunt;
2134 1804 2180 1859 si
2214 1803 2304 1859 ille
2327 1819 2452 1860 cum
2484 1804 2645 1862 Patre
2674 1808 2858 1871 sedet,
2891 1810 2946 1862 hi
2981 1821 3159 1864 autem
3183 1812 3500 1868 ministran-

238 1900 371 1970 παρ’
400 1898 569 1954 αὐτοῦ
582 1898 845 1968 γίνονται·
878 1898 972 1951 καὶ
1005 1898 1168 1962 αὐτὸς
1202 1899 1299 1969 μὲν
1337 1898 1475 1970 μετὰ
1499 1898 1589 1953 τοῦ
1612 1898 1825 1971 Πατρδς

238 1988 554 2057 καθέζεται,
600 1992 650 2044 οἱ
680 1991 738 2044 δὲ
771 1991 1150 2063 παρεστήκασι
1210 1991 1319 2061 (85)
1364 1991 1820 2062 λειτουργοῦντες-

234 2083 343 2138 τίνι
371 2084 536 2139 πάλιν
556 2084 657 2138 οὐκ
684 2084 798 2138 ἐστι
826 2085 1077 2156 φανερὸν,
1106 2086 1187 2140 ὅτι
1208 2086 1307 2139 οὐκ
1341 2086 1434 2139 ἐπὶ
1488 2085 1589 2155 τῆς
1640 2086 1824 2151 οὐσίας

236 2176 332 2229 τοῦ
351 2177 534 2245 Λόγου
566 2176 719 2245 ἔλεγε
750 2177 811 2230 τὸ
846 2176 978 2247 (86),
1003 2179 1339 2248 γενόμενος,
1368 2178 1481 2234 ἀλλ’
1506 2179 1597 2231 ἐπὶ
1625 2178 1723 2249 τῆς
1756 2180 1825 2232 δι’

237 2267 404 2321 αὐτοῦ
431 2261 732 2339 γενομένης
758 2269 1068 2335 διακονίας;
1109 2271 1195 2334 Ὠς
1217 2269 1325 2342 γὰρ
1371 2270 1540 2339 Λόγος
1582 2269 1677 2333 ὢν,
1728 2271 1822 2340 γέ-

235 2372 362 2423 γονε
387 2356 548 2428 σὰρξ,
602 2356 765 2421 οὓτω,
824 2358 1112 2428 γενόμενος
1153 2359 1457 2431 ἄνθρωπος,
1511 2361 1701 2429 γέγονε
1732 2377 1823 2412 το-

239 2449 415 2519 σούτῳ
439 2448 705 2521 κρείττων
726 2450 785 2502 ὲν
818 2452 885 2520 τῇ
917 2449 1160 2522 διακονίᾳ
1184 2450 1284 2520 τῆς
1317 2450 1404 2504 διὰ
1433 2451 1541 2505 τῶν
1575 2452 1823 2521 ἀγγέλων

122 2534 133 2541 “
236 2541 539 2613 γενομένης
559 2541 854 2605 διακονίας,
888 2543 999 2614 ὅσῳ
1044 2542 1289 2613 διαφέρει
1321 2542 1521 2597 δούλων
1554 2546 1691 2609 υίὸς,
1729 2546 1824 2599 καὶ

233 2634 294 2687 δὲ
320 2632 652 2706 δημιουργὸς
676 2632 785 2687 τῶν
799 2633 1128 2715 δημιουργου
1136 2634 1312 2705 μένων
1352 2634 1489 2707 (87)·
1516 2635 1656 2689 ὥστε
1681 2654 1822 2691 παυ-

234 2726 527 2781 σάσθωσαν
555 2727 649 2779 ἐπὶ
698 2727 797 2797 τῆς
851 2727 1039 2790 οὐσίας
1082 2726 1178 2780 τοῦ
1221 2727 1354 2781 Υίοῦ
1400 2728 1695 2800 λαμϐάνειν
1739 2729 1820 2798 τὸ,

238 2819 578 2889 γενόμενος·
601 2820 702 2872 οὐκ
746 2818 862 2874 ἔστι
902 2819 1010 2890 γὰρ
1039 2820 1149 2874 τῶν
1196 2821 1457 2892 γενητῶν·
1495 2823 1589 2876 καὶ
1606 2821 1824 2891 γνώτω-

238 2927 359 2975 σαν,
376 2913 460 2965 ὅτι
490 2912 590 2981 τῆς
619 2911 890 2975 διακονίας
915 2913 1009 2966 καὶ
1035 2913 1133 2983 τῆς
1173 2914 1472 2984 γενομένης
1511 2916 1823 2986 οἰκονομίας

238 3003 575 3077 σημαντικόν
591 3004 1162 3075 ὲστιτδ,γενόμενος.
1192 3004 1317 3067 Πῶς
1336 3005 1394 3059 δὲ
1422 3006 1611 3076 γέγονε
1639 2992 1825 3079 κρείτέ

240 3114 346 3154 των
383 3098 444 3149 ὲν
475 3098 542 3167 τῇ
573 3095 840 3168 διακονίᾳ.
878 3098 1139 3169 κρείττων
1167 3098 1242 3151 ὢν
1292 3101 1359 3170 τῇ
1390 3098 1549 3168 φύσει
1579 3100 1730 3170 παρὰ
1752 3100 1820 3154 τὰ

236 3188 462 3260 γενητὰ,
486 3188 727 3243 δείκνυσι
774 3190 844 3245 τὰ
874 3190 1264 3263 προειρημένα,
1302 3192 1397 3245 κα),
1444 3190 1682 3263 ἡγοῦμαι
1718 3193 1818 3264 μὲν

235 3278 341 3333 κᾶν
365 3277 544 3343 οὕτως
570 3280 769 3344 αὐτοὺς
801 3280 1169 3351 αἰσχύνεσθαι.
1207 3282 1302 3335 Ἂν
1333 3281 1378 3335 δ’
1426 3282 1535 3355 ἄρα
1589 3286 1819 3351 φιλονει-

239 3370 430 3435 κῶσιν,
467 3370 758 3425 ἀκόλουθον
785 3371 853 3426 ἂν
877 3372 964 3444 εἴη
997 3372 1134 3445 πρὸς
1155 3373 1252 3445 τὴν
1302 3373 1584 3443 ἀλόγιστον
1636 3376 1818 3432 αὐτῶν

234 3463 444 3535 τόλμαν
478 3464 646 3535 ὁμόσε
689 3464 934 3536 χωρῆσαι
981 3465 1192 3529 τούτοις
1240 3464 1374 3536 (88),
1421 3467 1514 3520 καὶ
1560 3466 1627 3521 τὰ
1657 3468 1819 3538 ὅμοια

240 3557 379 3631 ῥητὰ
434 3559 565 3629 περὶ
599 3557 763 3613 αὐτοῦ
797 3557 892 3612 τοῦ
941 3559 1153 3629 Πατρὸς
1217 3559 1483 3632 εἰρημένα
1526 3560 1817 3614 ἀντιθεῖναι

236 3648 471 3713 τούτοις,
507 3648 598 3701 ἵνα
621 3647 656 3718 ἢ
686 3647 1100 3719 δυσωπηθέντες
1154 3648 1436 3703 παύσωσιν
1469 3649 1675 3703 ἑαυτῶν
1706 3650 1815 3720 (89)

234 3741 334 3813 τὴν
368 3740 618 3810 γλῶτταν
669 3739 778 3794 ἀπὸ
816 3739 1021 3805 κακῶν,
1049 3741 1082 3812 ἦ
1116 3742 1316 3809 γνῶσιν
1375 3744 1455 3806 είς
1505 3744 1628 3796 ὅσον
1658 3742 1819 3814 βάθος

235 3834 374 3888 είσὶν
405 3832 617 3897 ἀνοίας.
637 3833 951 3905 Γέγραπται
976 3833 1175 3887 τοίνυν·
1206 3834 1399 3889 Γενοῦ
1430 3851 1531 3904 μοι
1560 3835 1646 3900 εἱς
1668 3832 1819 3889 Θεὸν

235 3924 722 3995 ὑπερασπιστὴν,
756 3925 857 3982 καὶ
884 3928 972 3994 είς
987 3923 1155 3981 οἷκον
1185 3926 1294 3997 (90)
1313 3924 1682 3997 καταφυγῆς,
1708 3925 1815 3981 τοῦ

235 4016 437 4072 σῶσαί
451 4032 549 4085 με·
577 4018 671 4070 καὶ
699 4015 878 4070 πάλιν·
937 4017 1200 4087 Ἐγένετο
1242 4020 1456 4087 Κύριος
1500 4017 1813 4088 καταφυγὴ

234 4107 319 4175 τῷ
343 4108 578 4176 πένητι·
605 4107 701 4162 καὶ
727 4109 827 4162 ὅσα
848 4107 1073 4163 τοιαῦτα
1094 4111 1153 4165 ὲν
1178 4112 1296 4174 ταῖς
1323 4109 1496 4175 θείαις
1534 4110 1645 4183 (91)
1671 4111 1815 4182 Γρα-

236 4203 366 4271 φαῖς
384 4200 716 4271 εὑρίσκεται.
740 4201 804 4254 Εἰ
837 4202 936 4271 μὲν
983 4198 1075 4257 οὖν
1117 4204 1198 4267 εἰς
1255 4202 1348 4257 τὸν
1389 4202 1518 4257 Υίδν
1565 4204 1815 4275 εἰρῆσθαι

234 4291 412 4347 ταῦτα
428 4291 698 4361 λέγουσιν,
728 4292 758 4346 ὃ
788 4293 881 4347 καὶ
908 4293 1049 4364 τάχα
1078 4295 1172 4350 καὶ
1198 4295 1399 4364 μᾶλλον
1426 4295 1623 4367 ἀληθές
1644 4297 1810 4351 ἐστιν·

235 4382 646 4452 ἑπιγνώτωσαν,
675 4385 758 4438 ὅτι
784 4384 859 4455 μὴ
887 4385 1018 4440 ὄντα
1040 4386 1266 4459 γενητὸν
1287 4387 1452 4441 αὐτὸν
1481 4387 1690 4452 ἀξιοῦσι
1721 4405 1814 4457 γε-

232 4474 422 4529 νέσθαι
449 4473 641 4547 βοηθὸν
672 4475 884 4540 ἑαυτοῖς
932 4476 1044 4549 (9‘2)
1095 4479 1190 4535 κα)⁵
1228 4474 1375 4532 οἷκον
1413 4480 1733 4551 καταφυγῆς
1763 4480 1813 4533 οἱ

1927 1904 2006 1949 tes
2035 1897 2299 1951 assistunt
2331 1898 2456 1952 :cui
2481 1913 2589 1953 non
2624 1903 2973 1971 perspicuum
3020 1914 3105 1957 est
3149 1918 3496 1974 nequaquam

1925 1987 1995 2042 de
2017 1986 2180 2042 Verbi
2206 1989 2512 2043 substantia
2537 2007 2722 2046 vocem
2755 1994 2929 2061 factus
2986 1994 3211 2065 intelligi
3239 1995 3308 2050 ab
3352 1998 3499 2066 Apo-

1925 2079 2065 2134 stolo
2085 2120 2100 2144 ,
2142 2081 2234 2135 sed
2268 2081 2336 2135 de
2380 2081 2853 2154 administratione
2885 2100 3007 2154 quae
3039 2096 3256 2155 peracta
3283 2102 3376 2155 per
3414 2088 3498 2157 ip-

1925 2184 2045 2225 sum
2073 2173 2193 2226 est?
2220 2172 2357 2227 Nam
2387 2175 2843 2244 quemadmodum
2867 2192 2990 2232 cum
3034 2187 3180 2232 esset
3220 2176 3455 2233 Verbum
3477 2220 3494 2241 .

1924 2278 2054 2318 caro
2082 2264 2284 2320 factum
2314 2276 2431 2333 est;
2460 2268 2532 2321 ila
2558 2266 2733 2323 iactus
2755 2269 2955 2337 homo,
2983 2278 3131 2325 tanto
3154 2272 3499 2341 praestantior

1926 2355 1979 2409 in
2011 2356 2485 2413 administratione
2521 2358 2697 2416 factus
2726 2370 2811 2416 est
2862 2363 3103 2432 angelis,
3140 2374 3405 2433 quantum
3438 2365 3500 2419 ii-

1924 2449 2032 2503 lius
2061 2466 2092 2504 a
2122 2451 2295 2505 servis
2324 2458 2378 2505 et
2408 2450 2587 2521 opifex
2612 2453 2681 2507 ab
2712 2453 2967 2523 operibus
3004 2454 3201 2509 diﬂ‘ert.
3235 2454 3499 2510 Desinant

1923 2541 2107 2611 itaque
2126 2559 2314 2598 vocem
2368 2545 2539 2614 factus
2596 2547 2663 2601 de
2708 2555 2899 2601 natura
2937 2547 3059 2602 Filii
3108 2548 3492 2618 interpretari;

1924 2650 2026 2691 nec
2048 2635 2192 2689 enim
2217 2644 2350 2691 este
2377 2637 2541 2693 rebus
2573 2636 2732 2693 factis
2763 2657 2775 2693 :
2809 2640 2901 2694 sed
2929 2649 3229 2710 agnoscant
3257 2641 3361 2696 hoc
3399 2656 3499 2695 vo-

1924 2729 2118 2785 cabulo
2149 2728 2324 2798 factus
2368 2728 2571 2786 factam
2624 2731 2921 2802 signillcari
2967 2733 3498 2791 administrationem

1921 2827 1978 2873 et
1998 2820 2481 2890 dispensationem.
2509 2822 2795 2889 Quomodo
2815 2833 2993 2879 autem
3033 2828 3379 2895 praestantior
3418 2827 3499 2882 fa-

1923 2920 2045 2968 ctus
2072 2912 2238 2968 fuerit
2267 2913 2321 2968 in
2350 2914 2847 2981 administratione,
2872 2917 2966 2987 qui
2998 2918 3113 2988 ipse
3138 2928 3331 2974 natura
3360 2933 3500 2990 prat-

1924 3005 2155 3060 stantior
2171 3016 2257 3060 est
2287 3022 2450 3076 quam
2472 3023 2559 3063 res
2585 3007 2743 3063 facta:
2763 3051 2777 3074 ,
2810 3025 2871 3064 ea
2900 3026 3023 3080 qum
3046 3027 3210 3081 supra
3233 3014 3495 3077 diximus.

1923 3097 2222 3154 manifesto
2262 3100 2590 3165 ostendunt,
2639 3102 2874 3171 indeque
2930 3104 3052 3159 illos
3107 3107 3344 3160 arbitror
3370 3121 3499 3161 eru-

1925 3186 2166 3243 bescere.
2204 3187 2405 3244 Verum
2443 3192 2490 3246 si
2522 3201 2876 3249 contumaces
2907 3209 3028 3250 esse
3068 3205 3325 3266 pergent,
3353 3212 3385 3253 e
3434 3213 3500 3255 re

1923 3276 2091 3337 fuerit
2115 3281 2323 3336 insana:
2370 3283 2611 3352 ipsorum
2639 3299 2927 3340 occurrere
2976 3288 3295 3356 temeiitati,
3342 3289 3498 3344 simi-

1921 3370 2106 3443 liaque
2124 3372 2192 3427 de
2214 3374 2333 3442 ipso
2355 3372 2511 3428 Patre
2531 3375 2677 3429 dicta
2706 3376 2814 3430 illis
2836 3392 3109 3447 opponere
3127 3419 3143 3443 ,
3180 3389 3241 3433 ut
3277 3380 3360 3434 vel
3390 3379 3499 3435 ira.

1924 3463 1996 3518 eti
2025 3464 2235 3533 pudore
2269 3481 2425 3521 suam
2480 3466 2719 3537 linguam
2754 3484 2785 3522 a
2844 3468 3002 3524 malis
3064 3469 3384 3536 cohibeant,
3410 3472 3498 3527 vel

1923 3557 2230 3628 intelligant
2273 3559 2327 3613 in
2358 3569 2622 3628 quantum
2660 3561 2975 3616 devenerint
3013 3560 3260 3617 inscitia.
3310 3563 3500 3635 Itaque

1925 3648 2188 3717 scriptum
2229 3657 2313 3704 est
2341 3668 2353 3703 :
2382 3649 2513 3705 Fias
2546 3652 2677 3705 mihi
2701 3654 2754 3705 in
2788 3652 2957 3707 Deum
2981 3662 3329 3723 protectorem
3358 3665 3407 3709 et
3440 3657 3499 3709 in

1923 3741 2137 3793 domum
2169 3740 2358 3811 refugii
2382 3783 2397 3807 ,
2432 3751 2489 3795 ut
2520 3742 2726 3796 salvum
2765 3760 2847 3798 me
2873 3745 3045 3811 facias
3074 3746 3142 3800 ”.
3175 3745 3241 3800 Et
3262 3763 3494 3803 rursus:

1921 3831 2123 3885 Factus
2153 3843 2232 3887 est
2263 3833 2522 3887 Dominus
2557 3835 2819 3907 refugium
2844 3839 3067 3907 pauperi
3086 3840 3153 3904 “,
3202 3849 3257 3895 et
3284 3841 3388 3896 alia
3439 3841 3497 3897 id

1923 3938 2096 3993 genus
2114 3939 2234 3995 quae
2262 3924 2317 3979 in
2340 3926 2544 3981 divinis
2581 3927 2836 3998 leguntur
2886 3928 3202 4001 Scripturis.
3247 3930 3402 3999 Quod
3447 3933 3498 3988 si

1924 4016 2025 4070 ista
2055 4016 2122 4071 de
2145 4016 2285 4071 Filio
2317 4017 2462 4072 dicta
2490 4033 2612 4073 esse
2648 4019 3008 4085 contendent,
3056 4023 3201 4091 quod
3235 4021 3376 4079 forte
3411 4024 3498 4080 vel

1923 4107 2090 4163 etiam
2120 4109 2296 4179 magis
2319 4124 2507 4165 verum
2560 4119 2679 4175 est,
2734 4123 3036 4181 agnoscant
3073 4128 3296 4172 sanctos
3326 4132 3450 4172 eum
3475 4157 3495 4181 ,

1923 4200 2017 4270 qui
2042 4215 2129 4255 res
2153 4198 2294 4254 facta
2323 4215 2435 4255 non
2466 4212 2583 4257 erat
2604 4244 2619 4268 ,
2656 4220 2852 4275 rogare
2876 4215 2935 4261 ut
2967 4208 3072 4264 sibi
3104 4210 3321 4279 adjutor
3356 4220 3413 4267 et
3438 4213 3494 4268 in

1923 4291 2146 4346 domum
2184 4292 2379 4363 refugii
2400 4295 2547 4350 ﬂeret
2582 4314 2597 4350 :
2629 4312 2694 4352 ac
2716 4298 2973 4370 deinceps
2998 4303 3261 4358 vocabula
3296 4305 3492 4375 factus.

1922 4383 2044 4453 fecit
2072 4391 2127 4439 et
2154 4386 2349 4439 creavit
2376 4386 2443 4441 de
2466 4402 2729 4457 corporea
2755 4390 2874 4460 ejus
2898 4392 3204 4465 intelligant
3251 4411 3494 4465 prtesen-

1923 4479 2019 4532 tia.
2060 4476 2216 4533 Tunc
2238 4477 2510 4550 siquidem
2546 4480 2765 4552 adjutor
2805 4491 2861 4539 et
2905 4484 3104 4542 domus
3166 4486 3361 4559 refugii
3408 4488 3495 4543 ia-

310 4586 354 4617 ¹⁸
379 4583 546 4640 Hebr.
578 4600 620 4652 ι,
652 4587 741 4640 14.
821 4590 863 4621 ⁸³
899 4589 1029 4645 ibid.
1068 4606 1108 4655 ι,
1143 4592 1194 4646 5.
1270 4593 1316 4625 ’θ
1338 4591 1481 4647 Psal.
1519 4610 1647 4655 xxx.
1678 4593 1732 4649 5.
1812 4596 1818 4625 ⁵

1927 4594 2045 4649 ’sal.
2083 4612 2161 4657 Ix,
2208 4596 2298 4649 10.

307 4678 421 4746 (⁷9)
464 4677 570 4748 568

234 4747 382 4803 Felc.
411 4748 466 4803 5.
497 4747 776 4809 ἐπέλαϐον.

308 4818 424 4890 (80)
451 4817 541 4873 Sic
564 4819 714 4889 δας..
738 4823 831 4890 qui
857 4839 982 4877 mox
1007 4839 1130 4877 cum
1160 4824 1380 4881 Gobler.
1404 4837 1457 4880 et
1481 4824 1624 4880 Felc.
1651 4824 1701 4890 1,
1723 4826 1810 4879 ἐπ’

232 4889 403 4965 αὐτῷ.
433 4889 543 4943 Alii
566 4889 794 4965 el_edili,
822 4892 973 4947 ἔσται
1008 4894 1102 4947 καὶ
1143 4897 1230 4949 ἐπ’
1266 4896 1452 4951 αὑτοῦ.
1488 4895 1658 4950 Paulo
1689 4889 1813 4965 post

234 4959 489 5030 Segugeru
508 4960 649 5030 κατὰ
674 4962 854 5030 φύσιν.

303 5027 417 5102 (81)
443 5029 550 5102 #Sic
581 5027 809 5101 Seg'uer.
841 5032 972 5102 Reg.
1017 5043 1071 5089 rt
1103 5034 1248 5091 Felc.
1284 5036 1337 5091 5.
1382 5038 1451 5090 At
1485 5035 1536 5088 in
1590 5035 1713 5091 aliis
1755 5046 1809 5091 et

234 5097 405 5170 egiitis'
437 5097 682 5170 ﬁdeest.‘
716 5102 846 5157 Ibid.
882 5097 1107 5170 Segucr.
1144 5107 1304 5161 Gohl.
1347 5117 1402 5161 et
1441 5105 1585 5160 Felc.
1630 5106 1682 5168 1,
1715 5107 1807 5159 καὶ

233 5163 398 5222 οὗτοι.
447 5163 590 5247 non}
626 5171 842 5247 Δοιίἰίιιιει
885 5163 984 5229 καῖ
1019 5177 1193 5229 αὐτοί.
1229 5176 1400 5232 Paulo
1434 5185 1555 5247 post
1596 5163 1808 5244 Basili,

233 5239 820 5303 παρακαθεζέσθωσαν.

454 5308 775 5389 ξςςυρτίειη.
802 5312 936 5389 Reg.
966 5324 1023 5389 et
1059 5314 1205 5389 F_elc.
1238 5316 1291 5389 5,
1317 5318 1735 5389 παραστηκέτω.

308 5378 421 5452 (83)
460 5378 551 5434 Sic
582 5380 808 5452 Seguer.
840 5378 1059 5439 Gobier.
1083 5386 1229 5441 Felc.
1258 5388 1310 5443 1.
1332 5378 1440 5443 Alii
1465 5397 1517 5443 et
1537 5378 1690 5452 editi,
1713 5388 1813 5451 τὰς

233 5449 457 5519 ἐκείνων
494 5450 706 5519 ὁμοίας.

303 5518 417 5589 (88)
459 5518 550 5573 Sic
583 5519 811 5591 Seguer.
853 5529 907 5576 et
955 5519 1081 5591 Reg.
1136 5522 1328 5591 στειρνί
1370 5534 1549 5581 autem
1590 5538 1643 5582 et
1684 5530 1815 5584 editi

232 5589 649 5723 τῶνὸὲπηίἑιιιηι.
688 5590 813 5645 Mox
850 5607 1010 5655 tuss.,
1040 5589 1145 5646 καὶ
1179 5590 1331 5658 οὗτος
1365 5596 1486 5667 μέν.
1529 5597 1692 5667 Editi,
1722 5603 1816 5657 καὶ

235 5676 334 5715 αυτ
434 5677 556 5723 μνν.

235 5676 398 5715 αυτος
435 5676 556 5715 μεν.

309 5677 722 5805 μέἔξςυμοῖ..
752 5735 1231 5805 παρειστήκεισαν.

307 5799 422 5871 (86)
466 5799 557 5855 Sic
591 5799 913 5870 SeguerfAt
939 5799 1030 5860 alii
1067 5815 1121 5861 et
1139 5807 1290 5874 editi,
1325 5806 1561 5881 ἐλέγετο.

577 4719 616 4768 Ἀ
666 4682 1099 4768 προειρημένων.
1151 4684 1286 4741 Ibid.
1340 4684 1529 4741 Basili.
1570 4686 1710 4757 Aug.
1758 4694 1813 4740 et

1927 4757 1949 4768 Α
1990 4685 2101 4755 (87)
2145 4684 2393 4768 Seguer.,
2425 4688 2672 4768 δούλων-ὀ
2695 4691 2837 4768 Υἱὸς,
2864 4694 2963 4768 καί
2983 4696 3012 4748 ὁ
3037 4695 3367 4768 δημιουργὸς
3386 4698 3496 4752 τῶν

1919 4757 2667 4855 δημιουργιουΙμένιὲν.ΛιΒὲςι1.
2714 4771 2789 4855 εξιὲ
2812 4764 3044 4834 Anglic.,
3089 4757 3494 4855 ’δεδημιούργη-

1919 4792 2667 4885 ”“ΐ“”ν“νῗέιῗ⁷ἕ”ει”ἲὶ“ἑ“’
2714 4792 2789 4884 “5
2812 4792 3044 4834 “"3"”
3101 4792 3492 4891 ῗθημωὶίῗιΨ

1952 4898 2429 4971 ημέουργημένων,
2466 4902 2744 4971 mendose.
2796 4898 2928 4958 Ibid.
2962 4898 3216 4971 'Séguer.
3270 4898 3489 4962 Gobler.

1917 4967 1979 5022 et
2016 4967 2160 5021 Felc.
2198 4968 2250 5032 1,
2301 4968 2721 5026 παυσάσθωσαν.
2773 4973 2916 5028 Editi
2944 4983 2999 5029 et
3043 4967 3157 5041 alii,
3205 4977 3493 5032 παυέσθω·
3578 4978 3587 4983 “

1919 5055 2102 5181 έαῖ88)
2145 5107 2236 5181 Sic
2266 5109 2491 5181 Seguer.
2521 5111 2652 5180 Reg.
2681 5112 2903 5168 Goliler.
2933 5126 2987 5168 et
3014 5114 3162 5170 Fele.
3194 5115 3220 5169 1
3254 5126 3307 5172 et
3336 5117 3391 5172 5.
3421 5118 3495 5173 At

1918 5177 2154 5263 Anglic"
2188 5177 2521 5253 διαχωρῆσαι
2562 5177 2789 5247 τούτοις.
2838 5185 2946 5239 Alii
2987 5195 3039 5240 et
3060 5184 3213 5251 editi,
3246 5189 3495 5262 χωρῆσαι

1918 5264 2376 5409 ῗιξὲἓῆςξρῌυον.
2425 5321 2641 5379 Gobier.
2675 5334 2729 5381 et
2769 5324 2918 5381 Felc.
2968 5327 3021 5381 1.
3054 5327 3249 5384 Caeteri
3280 5344 3411 5384 vero
3443 5338 3500 5385 ει

1921 5388 2072 5452 editi,
2088 5388 2307 5447 ἀύτῶν.

1994 5460 2107 5531 (90)
2147 5461 2394 5529 Saeuam,
2427 5464 2521 5517 καὶ
2552 5461 2719 5518 οἶκον.
2752 5465 2877 5522 Mox
2920 5467 3137 5525 Gobler.
3180 5477 3235 5524 et
3267 5467 3416 5524 Felc.
3465 5469 3491 5522 1

1916 5532 2176 5583 omittunt
2204 5533 2389 5586 πάλιν.

1989 5601 2100 5671 (91)
2144 5601 2368 5672 chuer.
2395 5603 2599 5657 omittit
2626 5603 2817 5672 θείαις,
2843 5615 2896 5662 et
2918 5609 3080 5678 paulo
3104 5616 3227 5679 post
3249 5609 3341 5665 καί
3371 5614 3498 5667 ante

1914 5670 2103 5813 τάξιῗὲ)
2136 5742 2372 5819 ⁸’Ξκιειιοικ
2411 5746 2627 5803 ϐοιιιθιο.
2660 5755 2712 5801 ct
2738 5745 2884 5803 Felc.
2923 5749 2975 5819 1,
3008 5750 3208 5814 αὐτοῖς.
