3850 6218
211 261 323 320 149

1353 260 1612 317 ORATIO
1654 263 1699 317 ll
1743 260 2024 317 CONTRA
2060 259 2378 317 ARIANOS.

3365 261 3469 317 150

207 378 448 433 δούλου
462 376 682 433 λαϐὼν
703 376 799 431 καὶ
823 371 976 441 αὖθις
998 376 1340 449 (27),Ὂθεν,
1363 378 1612 449 ἀδελφοὶ
1627 379 1787 449 ἅγιοι

1907 394 2122 445 rursus,
2156 376 2325 442 Unde,
2352 378 2545 447 fratres
2574 378 2768 441 sancti,
2796 376 3083 430 vocationis
3108 376 3328 431 celestis
3345 392 3470 445 par-

208 470 499 541 κλήσεως
526 471 884 540 ἐπουρανίου
920 470 1185 541 μέτοχοι,
1239 471 1647 540 κατανοήσατε
1692 473 1800 527 τὸν

196 548 572 618 ⁸ειπτόσ-τολον
616 562 717 616 καί
772 560 1047 632 ἀρχιερέα
1091 564 1203 633 τῆς
1249 566 1572 636 ὁμολογίας
1633 565 1800 636 ἡμῶν

194 653 610 725 371100177128)
642 653 862 707 πιστὸν
897 652 1043 707 ὄντα
1091 654 1171 720 τῷ
1219 655 1538 723 ποιήσαντι
1590 658 1792 710 αὐτόν·

196 745 284 799 -τὰ
312 744 543 800 τοιαῦτα
565 745 674 817 γὰρ
712 746 890 800 πάντα
922 747 1061 818 ῥητὰ
1083 747 1183 818 τὴν
1209 746 1380 818 αὐτὴν
1428 746 1540 818 ἔχει
1570 747 1798 819 δύναμιν

208 836 311 889 καὶ
329 836 572 891 διάνοιαν
588 836 888 907 βλέπουσαν
920 841 1000 903 είς
1028 839 1324 904 εὐσέϐειαν,
1344 840 1436 892 καὶ
1453 839 1798 896 δεικνύουσαν

194 920 318 1006 (τὴν
343 926 576 1000 θεότητα
602 928 696 983 τοῦ
722 930 917 999 Λόγου,
938 932 1033 984 καὶ
1059 929 1129 984 τὰ
1157 930 1509 1002 ἀνθρωπίνως
1533 930 1799 1003 λεγόμενα

194 1008 347 1089 ’περὶ
369 1019 561 1084 αὑτοῦ,
587 1020 676 1075 διὰ
733 1022 797 1074 τὸ
823 1021 1144 1092 γεγενῆσθαι
1175 1021 1286 1093 (29)
1330 1023 1490 1075 αὐτὸν
1537 1023 1632 1076 καὶ
1684 1024 1796 1076 υἱὸν

208 1109 534 1181 ἀνθρώπου.
559 1112 670 1166 Καὶ
694 1115 743 1167 εί
771 1114 864 1166 καὶ
895 1114 1139 1184 αὐτάρκη
1165 1112 1338 1168 ταῦτα
1363 1114 1500 1185 πρὸς
1527 1114 1797 1180 ἀπόδειξιν

209 1204 339 1255 κατ’
362 1203 567 1271 αὐτῶν,
597 1207 748 1277 ὅμως
805 1205 991 1277 ἐπειδὴ
1024 1207 1098 1279 μὴ
1136 1206 1382 1271 νοοῦντες
1408 1207 1470 1260 τὸ
1498 1209 1648 1279 παρὰ
1700 1208 1795 1262 τοῦ

192 1291 557 1347 .’Δποστόλου
580 1292 892 1365 λεγόμενον,
948 1296 1033 1351 ἵνα
1081 1296 1270 1350 τούτου
1304 1297 1518 1369 πρῶτον
1553 1299 1795 1371 μνησθῶ,

206 1381 535 1453 νομίζωσιν
582 1384 643 1440 ἒν
698 1385 804 1440 τῶν
862 1388 1178 1460 ποιημάτων
1223 1386 1358 1443 εἶναι
1408 1388 1500 1443 τὸν
1526 1390 1619 1444 τοῦ
1660 1390 1795 1445 Θεοῦ

193 1466 415 1543 λόγον,
442 1473 531 1529 διὰ
556 1475 619 1529 τὸ
636 1477 965 1550 γεγράφθαι,
1013 1478 1243 1535 Πιστὸν
1288 1479 1435 1536 ὄντα
1479 1480 1561 1547 τῷ
1622 1482 1797 1552 ποιή-

210 1581 400 1620 σαντι
422 1569 627 1633 αὐτὸν,
656 1571 949 1639 ἀναγκαῖον
969 1571 1266 1644 ἡγησάμην
1297 1572 1409 1644 (50)
1444 1573 1601 1628 τοῦτο
1632 1575 1796 1630 πάλιν

207 1654 475 1726 λέγοντας
515 1660 713 1724 αὐτοὺς
738 1661 1037 1734 ἐντρέπειν,
1079 1661 1268 1735 ὥσπερ
1310 1664 1403 1718 καὶ
1439 1667 1498 1718 ἐν
1532 1667 1645 1730 τοῖς
1692 1666 1797 1738 πρὸ

208 1747 425 1803 τούτων
449 1749 733 1822 ἐλέγομεν,
782 1751 1146 1824 λαμϐάνοντες
1176 1752 1289 1826 (51)
1349 1756 1480 1827 παρ’
1511 1755 1691 1809 αὐτῶν
1736 1756 1797 1815 τὺ

206 1838 431 1911 λῆμμα·
1429 1882 1435 1887 -

283 1929 342 1985 2.
382 1930 450 1984 El
486 1931 584 2003 μὲν
614 1926 707 1987 οῦν
737 1931 851 2004 (52)
881 1933 981 1988 οὐκ
1019 1933 1167 1989 ἔστιν
1206 1936 1354 2001 Υἱὸς,
1410 1936 1653 2006 λεγέσθω
1699 1937 1796 1994 καὶ

208 2019 434 2093 ποίημα
457 2038 473 2053 ·
503 2021 683 2077 πάντα
704 2040 764 2076 τε
779 2024 847 2080 τὰ
874 2025 967 2079 ἐπὶ
991 2026 1099 2082 τῶν
1126 2028 1442 2101 ποιημάτων
1467 2030 1794 2103 κατηγορεί-

210 2111 330 2166 σθω
360 2112 459 2167 καὶ
487 2113 573 2166 ἐπ’
608 2115 773 2169 αὐτοῦ
794 2133 808 2146 ·
843 2118 935 2171 καὶ
982 2117 1140 2189 μόνος
1172 2119 1247 2193 μὴ
1272 2119 1515 2189 λεγέσθω
1539 2120 1687 2185 Υἱός·
1718 2120 1794 2193 μὴ

206 2202 407 2272 Λόγος,
451 2204 528 2277 μὴ
555 2206 725 2276 Σοφία
745 2222 762 2237 ⁶
812 2208 907 2262 καὶ
940 2209 1109 2274 αὐτὸς
1121 2210 1179 2264 δὲ
1218 2213 1248 2266 ό
1277 2210 1407 2277 Θεὸς
1439 2211 1513 2284 μὴ
1550 2213 1793 2282 λεγέσθω

208 2294 407 2367 Πατὴρ
434 2337 451 2363 ,
494 2297 631 2352 ἀλλὰ
677 2298 839 2370 μόνον
891 2300 1224 2373 δημιουργὸς
1274 2304 1371 2364 καὶ
1413 2303 1638 2376 κτίστης
1683 2305 1792 2359 τῶν

206 2386 519 2459 γινομένων
552 2389 645 2442 ὑπ’
679 2390 870 2446 αὑτοῦ.
897 2394 1008 2446 Καὶ
1034 2391 1174 2446 ἔστω
1208 2395 1240 2464 ὴ
1275 2395 1373 2465 μὲν
1398 2395 1594 2459 κτίσις,
1628 2395 1793 2449 εἰκὼν

207 2480 307 2534 καὶ
340 2480 632 2554 χαρακτήρ
670 2482 773 2553 τῆς
811 2483 1210 2557 δημιουργικῆς
1254 2485 1561 2558 βουλήσεως
1587 2487 1752 2542 αὐτοῦ
1773 2503 1787 2517 ·

206 2570 374 2634 αὐτὸς
404 2571 462 2624 δὲ
487 2573 608 2625 κατ’
637 2573 878 2639 ἐκείνους
908 2574 983 2647 μὴ
1009 2574 1151 2629 ἔστω
1181 2578 1505 2648 γεννητικῆς
1539 2579 1785 2649 φύσεωςο

206 2659 353 2716 ὥστε
393 2664 495 2734 τῆς
523 2663 660 2728 ἰδίας
700 2665 885 2729 οὐσίας
909 2665 1075 2719 αὐτοῦ
1111 2666 1246 2741 (52⁸)
1296 2668 1371 2742 μὴ
1424 2664 1563 2723 εἶναι
1593 2670 1786 2739 Λόγον,

214 2751 292 2824 μὴ
320 2754 549 2823 Σοφίαν,
582 2756 709 2825 μηδ’
753 2755 890 2819 ὅλως
911 2757 1115 2812 εἰκόνα.
1145 2758 1208 2813 El
1238 2757 1347 2831 γὰρ
1380 2760 1452 2831 μή
1471 2761 1617 2813 ἐστιν
1640 2762 1672 2813 ἴ
1690 2761 1787 2825 ἰὸς,
1814 2830 1817 2833 η

207 2847 335 2901 οὐδὲ
371 2846 561 2902 εἰκών.
608 2847 700 2919 Μὴ
733 2847 884 2911 ὄντος
918 2848 974 2901 δὲ
1007 2848 1160 2914 Υἱοῦ,
1213 2848 1331 2914 πῶς
1374 2851 1484 2922 ἄρα
1527 2851 1618 2905 τὸν
1657 2851 1790 2905 Θεὸν

206 2936 441 3008 κτίστην
487 2932 627 2990 εἶναι
664 2936 873 3006 λέγετε,
919 2938 973 2991 εῐ
999 2953 1063 3006 γε
1088 2938 1176 2991 διὰ
1229 2938 1343 3010 (55)
1376 2939 1550 3009 Λόγου
1586 2940 1682 2995 καὶ
1729 2944 1786 2994 ὲν

211 3027 389 3099 Σοφίᾳ
418 3028 599 3082 πάντα
631 3027 703 3081 τὰ
732 3028 990 3099 γινόμενα
1022 3027 1249 3098 γίνεται,
1298 3030 1466 3102 χωρίς
1503 3049 1562 3085 τε
1596 3032 1786 3085 τούτου

1911 470 2126 538 ticipes,
2157 468 2485 523 considerate
2528 467 2824 538 apostolum
2852 478 2902 522 et
2946 467 3242 536 pontiﬁcem
3275 465 3471 534 confes-

1909 544 2291 615 sionis‘nostrw
2318 559 2502 614 Iesum
2529 601 2545 626 ,
2583 560 2673 629 qui
2708 559 2879 628 ﬁdelis
2911 568 2987 613 est
3027 560 3077 612 ei
3128 558 3219 628 qui
3254 558 3377 627 fecit
3403 556 3473 611 ιι-

1906 652 2017 705 tum
2038 652 2101 705 ³⁸.
2126 650 2248 707 [hec
2264 652 2406 705 enim
2433 660 2488 705 et
2517 651 2714 715 similia
2734 650 2876 704 dicta
2901 649 3147 704 eamdem
3171 650 3281 702 vim
3302 646 3471 718 signi-

1906 743 2324 809 ﬁcationemque
2362 742 2591 805 habent,
2632 757 2752 809 utne
2776 753 2829 796 et
2883 740 3066 809 pietati
3115 748 3200 795 est
3232 754 3469 794 consen-

1910 844 2063 889 tanea
2088 875 2103 899 ,
2130 843 2183 887 et
2208 831 2367 887 Verbi
2399 833 2733 887 divinitatem
2777 832 3012 886 ostendit
3037 871 3050 893 ,
3096 832 3333 901 itemque
3362 845 3425 884 ea
3448 869 3467 894 ,

1904 942 2027 995 qua:
2053 926 2291 979 humano
2319 941 2469 979 more
2502 924 2575 977 illi
2606 924 3004 986 attribuuntur,
3034 924 3175 978 dicta
3200 938 3320 979 esse
3339 938 3473 993 qua-

1905 1028 2062 1072 tenus
2091 1017 2206 1086 ipse
2239 1017 2382 1071 lilius
2415 1030 2634 1086 quoque
2690 1015 2928 1071 hominis
2969 1014 3144 1071 factus
3192 1026 3294 1071 est.
3336 1016 3472 1083 Quae

1904 1109 2122 1164 tametsi
2157 1110 2290 1164 satis
2323 1120 2451 1163 sunt
2476 1110 2541 1164 ad
2570 1109 2691 1164 illos
2720 1109 2936 1178 penitus
2987 1107 3311 1164 refellendos
3331 1150 3347 1176 ,
3388 1119 3472 1165 ta-

1906 1218 2031 1258 men
2055 1242 2070 1267 ,
2105 1203 2549 1272 quandoquidem
2580 1203 2724 1273 quod
2747 1204 2949 1259 dictum
2978 1203 3047 1258 ab
3076 1202 3335 1274 Apostolo
3360 1210 3468 1272 est,

1903 1301 1964 1367 ut
2012 1292 2178 1362 hujus
2219 1291 2453 1361 primum
2494 1292 2833 1348 meminerim
2859 1331 2874 1359 ,
2929 1308 3034 1347 non
3075 1292 3466 1363 intelligentes,

1903 1384 2238 1442 arbitrantur
2264 1383 2356 1440 Dei
2389 1382 2628 1439 Verbum
2663 1399 2833 1439 unum
2865 1398 2932 1439 ex
2987 1383 3242 1452 operibus
3276 1392 3331 1438 et
3380 1399 3471 1438 re-

1900 1473 2005 1529 bus
2031 1474 2187 1530 factis
2211 1488 2369 1537 esse,
2406 1473 2478 1528 ob
2521 1473 2638 1529 haec
2675 1487 2871 1542 nempe
2908 1473 3075 1528 verba
3097 1513 3113 1537 ,
3140 1471 3245 1537 Qui
3294 1472 3468 1543 ridetis

1901 1575 1979 1619 est
2004 1567 2050 1620 ei
2083 1567 2173 1635 qui
2201 1567 2325 1635 fecit
2353 1567 2509 1621 illum
2548 1581 2567 1620 :
2612 1567 2981 1623 necessarium
3022 1566 3184 1631 duxi,
3217 1564 3472 1635 proposi-

1904 1654 2055 1710 tione
2090 1655 2311 1709 illorum
2336 1664 2614 1725 assumpta
2636 1695 2651 1720 ,
2687 1662 2746 1709 ut
2794 1663 2952 1709 antea
2984 1654 3231 1724 egimus,
3277 1667 3471 1709 eorum

1831 1735 1872 1790 Β
1900 1748 2096 1805 iterum
2121 1746 2406 1803 confutare
2430 1747 2782 1817 impietatem.

1964 1927 2018 1985 Ξ.
2053 1927 2247 1999 Itaque
2283 1929 2329 1985 si
2361 1944 2467 1985 non
2506 1939 2588 1984 est
2625 1929 2798 1984 Filius
2821 1969 2838 1993 ,
2862 1947 3002 2000 opus
3037 1931 3371 2001 appelletur,
3411 1940 3469 1987 et

1900 2022 2087 2075 omnia
2138 2037 2260 2092 qua:
2309 2021 2376 2076 de
2443 2022 2700 2091 operibus
2771 2010 3062 2087 dicuntur.
3104 2024 3358 2078 dicantur
3397 2024 3468 2080 de

1894 2111 1989 2166 illo
2019 2129 2033 2167 :
2059 2127 2160 2169 nec
2202 2115 2330 2168 item
2394 2114 2543 2168 solus
2594 2114 2806 2169 dicatur
2852 2114 3060 2177 Filius,
3101 2130 3202 2170 nec
3225 2113 3467 2172 Verbum

1893 2218 1993 2260 nec
2012 2202 2292 2274 Sapientia
2321 2222 2335 2259 :
2369 2220 2470 2259 nec
2500 2204 2614 2275 ipse
2634 2220 2852 2276 quoque
2879 2204 3021 2260 Deus
3038 2206 3253 2260 dicatur
3280 2204 3464 2271 Pater,

1892 2292 1987 2348 sed
2008 2294 2354 2349 solummodo
2381 2292 2562 2363 opifex
2591 2306 2646 2348 et
2675 2303 2892 2348 creator
2919 2294 3079 2364 371
3114 2307 3300 2350 rerum
3323 2309 3464 2365 quas

1891 2386 2168 2455 produxit.
2193 2384 2276 2441 Sit
2301 2386 2464 2440 etiam
2490 2400 2577 2440 res
2599 2394 2802 2449 creata,
2826 2386 3007 2455 imago
3031 2396 3084 2440 et
3110 2389 3283 2455 ﬁgura
3331 2386 3466 2441 effe-

1891 2479 2075 2535 etricis
2102 2477 2221 2548 ej‘us
2238 2477 2529 2532 voluntatis
2562 2496 2575 2531 :
2605 2491 2706 2530 nec
2739 2477 2855 2546 ipse
2888 2476 3188 2531 secundum
3214 2476 3335 2532 illos
3369 2492 3463 2547 ge-

1892 2568 2110 2623 nitalem
2146 2566 2345 2621 habeat
2377 2574 2668 2627 naturam,
2698 2563 2772 2617 ita
2816 2571 2875 2617 ut
2927 2578 3029 2617 uec
3066 2561 3303 2617 Verbum
3357 2576 3460 2617 nec

1894 2658 2195 2729 Sapientia,
2228 2674 2330 2715 nec
2359 2659 2541 2729 imago
2568 2658 2677 2711 ulla
2710 2657 2782 2711 sit
2816 2656 3050 2725 propriae
3068 2654 3187 2723 ejus
3230 2663 3459 2709 naturae.

1888 2751 2024 2808 Nam
2060 2753 2105 2808 si
2133 2752 2306 2807 Filius
2327 2767 2434 2807 non
2467 2761 2584 2816 est,
2617 2767 2717 2806 nec
2752 2752 2931 2819 imago
2957 2758 3058 2803 est.
3087 2747 3146 2802 Si
3181 2762 3343 2817 porro
3366 2745 3460 2801 Fi-

1892 2844 1999 2899 lius
2021 2859 2127 2898 non
2159 2850 2280 2907 est,
2317 2843 2412 2913 qui
2447 2842 2617 2898 Deum
2659 2851 2961 2897 creatorem
3000 2854 3125 2894 esse
3166 2837 3376 2903 dicitis,
3412 2838 3459 2892 si

1890 2937 2081 3006 utique
2106 2950 2202 3005 per
2232 2934 2467 2990 Verbum
2493 2946 2546 2989 et
2571 2936 2622 2988 in
2652 2934 2928 3002 Sapientia
2945 2932 3128 2986 omnia
3162 2932 3298 2985 liunt
3319 2945 3461 3000 qua:-

1891 3042 2107 3097 cunque
2136 3029 2294 3091 liuut,
2315 3035 2370 3081 et
2399 3027 2516 3082 sine
2547 3042 2613 3081 eo
2646 3026 2779 3079 nihil
2809 3026 2898 3090 lit,
2930 3024 3019 3078 ille
3048 3033 3229 3078 autem
3268 3039 3463 3079 secun-

211 3118 314 3173 οὐκ
337 3120 406 3174 ἄν
434 3137 488 3172 τι
516 3118 746 3186 γένοιτο,
776 3120 877 3172 οὐκ
906 3119 1019 3190 ἔχει
1051 3119 1107 3173 δὲ
1154 3120 1276 3175 καθ’
1311 3123 1457 3193 ὑμᾶς
1504 3125 1562 3176 ὲν
1695 3124 1787 3177 καὶ

1899 3117 2019 3172 dum
2048 3132 2145 3172 vos
2179 3117 2317 3171 nihil
2345 3117 2508 3171 habet
2539 3116 2594 3170 iu
2632 3131 2744 3186 quo
2770 3125 2825 3171 et
2858 3132 2954 3185 per
2975 3116 3121 3184 quod
3145 3115 3332 3169 omnia
3377 3112 3461 3168 ef-

210 3208 280 3264 δι⁹
312 3205 374 3265 οὗ
420 3209 491 3264 τὰ
519 3210 700 3264 πάντα.
742 3212 925 3275 torsi;
960 3212 1025 3264 Et
1067 3211 1123 3264 δὲ
1171 3212 1245 3284 μὴ
1280 3214 1618 3283 καρπογόνος
1644 3216 1790 3268 ἐστὶν

209 3302 349 3375 αὐτὴ
381 3300 496 3375 (54)
530 3305 562 3374 ή
607 3302 729 3355 θεία
771 3303 950 3366 οὐσία,
995 3303 1110 3356 ἀλλ’
1148 3302 1372 3375 ἔρημος,
1416 3307 1536 3358 κατ’
1569 3307 1786 3374 αὐτοὺς,

209 3390 285 3455 ὡς
318 3392 438 3460 φῶς
467 3390 543 3462 μὴ
569 3390 821 3461 φωτίζον,
850 3393 942 3446 καὶ
966 3392 1115 3465 πηγὴ
1138 3393 1299 3465 ξηρὰ,
1329 3394 1447 3458 πῶς
1467 3396 1789 3468 δημιουργι-

211 3480 314 3552 κὴν
347 3480 630 3553 ἐνέργειαν
656 3480 802 3551 ἔχειν
835 3482 996 3536 αὑτὸν
1024 3482 1272 3551 λέγοντες
1291 3485 1391 3537 οὐκ
1420 3484 1788 3555 αἰσχύνονται;

209 3572 321 3627 Καὶ
365 3572 725 3644 ἀναιροῦντες
762 3572 819 3625 δὲ
853 3573 913 3627 τὸ
959 3573 1101 3627 κατὰ
1145 3573 1328 3643 φύσιν,
1379 3574 1496 3639 πῶς
1535 3576 1598 3628 τὸ
1648 3575 1790 3629 κατὰ

213 3662 468 3736 βούλησιν
496 3666 857 3737 προηγεῖσθαι
882 3664 1129 3728 θέλοντες
1157 3665 1268 3739 (55)
1298 3667 1399 3720 οὐκ
1431 3666 1786 3738 ὲρυθριῶσιν;

211 3756 275 3809 El.
294 3755 352 3809 δὲ
378 3755 451 3809 τὰ
474 3755 631 3821 ὲκτδς
663 3757 759 3809 καὶ
789 3757 887 3810 οὐκ
913 3756 1041 3810 ὄντα.
1072 3757 1355 3829 πρότερον,
1389 3757 1712 3828 βουλόμενος
1731 3757 1788 3810 δὲ

212 3844 353 3900 αὐτὰ
389 3841 552 3909 εἶναι,
585 3847 925 3917 δημιουργεῖ,
956 3847 1280 3914 καὶγίνεται
1304 3846 1509 3900 τούτων
1534 3848 1786 3917 ποιητής⁹

214 3937 397 4009 πολλῷ
447 3939 713 4013 πρότερον
764 3940 849 4005 εἴη
891 3938 957 3993 ἂν
996 3938 1179 4010 πατὴρ
1216 3941 1555 4011 γεννήματος
1597 3941 1661 3993 ἐκ
1691 3942 1790 4011 τῆς

216 4028 352 4092 ιδίας
377 4029 589 4092 οὐσίας.
621 4030 685 4082 Et
717 4028 828 4101 γὰρ
857 4029 919 4082 τὸ
951 4028 1231 4101 βούλεσθαι
1261 4028 1372 4101 (56)
1415 4029 1543 4100 περὶ
1572 4029 1681 4083 τῶν
1714 4030 1790 4101 μὴ

211 4121 381 4175 ὄντων
429 4121 634 4176 διδόασι
675 4121 755 4192 τῷ
801 4121 939 4193 Θεῷ,
982 4122 1070 4177 διὰ
1094 4121 1147 4175 τί
1194 4122 1270 4194 μὴ
1293 4121 1355 4175 τὸ
1396 4121 1790 4192 ὑπερκείμενον

209 4213 309 4283 τῆς
340 4211 651 4283 βουλήσεως
679 4214 782 4266 οὐκ
811 4212 1236 4283 ὲπιγινώσκουσι
1258 4210 1352 4267 τοῦ
1382 4211 1552 4278 Θεοῦ;
1591 4211 1789 4283 Ὑπερ-

213 4301 521 4373 αναόέὸηκε
542 4302 598 4355 δὲ
619 4303 722 4373 τῆς
750 4302 1056 4375 βουλήσεως
1086 4302 1148 4357 τὸ
1176 4302 1479 4373 πεφυκέναι
1517 4302 1612 4357 καὶ
1648 4299 1788 4357 εἶναι

213 4393 376 4447 αὐτὸν
422 4394 635 4466 πατέρα
677 4394 791 4466 (57)
838 4394 934 4448 τοῦ
985 4396 1117 4451 ἰδίου
1157 4396 1354 4465 Λόγου.
1402 4396 1466 4448 Ei
1508 4394 1685 4448 τοίνυν
1726 4393 1788 4447 τὸ

1892 3210 2077 3265 ﬁeiat?
2099 3209 2254 3276 Quod
2289 3210 2335 3264 si
2371 3210 2490 3280 ipsa
2522 3209 2707 3263 divina
2735 3218 2928 3263 natura
2950 3247 2966 3269 ,
3016 3217 3074 3262 ut
3107 3215 3333 3276 putant,
3378 3204 3462 3261 fe-

1891 3301 2069 3355 cunda
2102 3316 2211 3354 non
2235 3307 2358 3367 est,
2393 3300 2487 3355 sed
2514 3300 2745 3362 sterilis,
2796 3306 2854 3351 ut
2886 3298 2978 3351 lux
3006 3314 3113 3352 non
3143 3297 3460 3353 illuminaus

1890 3401 1945 3445 et
1976 3388 2101 3445 fons
2127 3390 2308 3445 siccus
2329 3427 2347 3454 ,
2375 3404 2558 3443 nonne
2596 3403 2694 3443 eos
2748 3388 2949 3457 pudere
2992 3388 3153 3443 debet
3190 3387 3461 3442 afﬁrmare

1891 3497 2017 3536 eum
2049 3480 2103 3534 vi
2161 3480 2429 3536 alliciendi
2492 3481 2779 3549 praeditum
2830 3480 2987 3533 esse?
3037 3481 3234 3535 Annon
3265 3480 3462 3535 erube-

1891 3581 2065 3637 scent,
2083 3587 2150 3627 eo
2167 3573 2382 3628 sublato
2404 3572 2547 3641 quod
2566 3581 2648 3627 est
2666 3588 2730 3627 ex
2748 3581 2968 3638 natura,
2985 3573 3039 3627 id
3060 3572 3199 3626 velle
3219 3571 3458 3641 primum

1891 3661 2072 3715 locum
2103 3670 2286 3716 tenere
2309 3662 2454 3730 quod
2477 3670 2562 3716 est
2593 3678 2660 3716 ex
2711 3661 3030 3716 voluntate?
3055 3661 3214 3716 Certe
3257 3661 3305 3715 si
3333 3677 3459 3731 quae.

1890 3754 2234 3809 extrinsecus
2266 3762 2393 3809 sunt
2417 3770 2514 3809 nec:
2539 3755 2692 3825 prius
2720 3763 2896 3816 erant,
2925 3771 3050 3809 cum
3075 3769 3141 3809 ea
3160 3769 3283 3810 esse
3306 3757 3455 3823 vult,

1891 3845 2007 3915 ipse
2027 3844 2187 3901 eﬂicit
2214 3863 2228 3900 :
2253 3846 2426 3900 multo
2453 3845 2604 3915 prius
2654 3846 2794 3900 idem
2840 3854 2991 3916 pater
3023 3844 3188 3901 fuerit
3217 3846 3358 3902 fetus
3388 3861 3458 3903 ex

1890 3939 2111 4008 propria
2142 3947 2339 3993 natura
2397 3938 2635 3993 oriundi.
2667 3936 2724 3992 Si
2775 3939 2923 3992 enim
2960 3937 3071 3993 Deo
3123 3939 3460 4004 voluntatem

1891 4030 2037 4085 circa
2073 4045 2164 4085 res
2214 4045 2336 4099 qua:
2364 4045 2474 4084 non
2508 4039 2665 4085 erant
2715 4031 3055 4098 attribuunt;
3093 4047 3264 4102 quare
3309 4033 3459 4103 quod

1890 4113 2166 4176 voluntaie
2200 4121 2452 4190 superius
2480 4130 2590 4187 est,
2620 4121 2674 4174 in
2710 4119 2823 4176 Deo
2843 4136 2951 4176 non
2977 4122 3314 4192 agnoscunt?
3345 4109 3460 4180 Vo:

1889 4212 2099 4267 luntate
2135 4222 2317 4267 autem
2344 4213 2598 4282 superius
2630 4222 2715 4268 est
2750 4228 2873 4268 cum
2907 4228 2975 4271 ex
3004 4224 3223 4271 natura
3246 4225 3459 4286 patrem

1889 4302 2098 4372 proprii
2120 4301 2284 4356 Verbi
2333 4316 2455 4358 esse
2486 4319 2501 4356 :
2527 4301 2574 4357 si
2617 4301 2783 4372 igitur
2842 4301 2897 4360 id
2944 4304 3093 4374 quod
3128 4305 3283 4375 prius
3328 4315 3412 4361 est
3439 4347 3461 4379 ,

1889 4410 2084 4465 nempe
2112 4395 2257 4465 quod
2289 4410 2352 4449 ex
2380 4404 2572 4449 natura
2604 4404 2726 4461 est,
2762 4409 2872 4456 non
2918 4397 3170 4464 exsistit,
3199 4407 3259 4454 ut
3296 4399 3459 4455 stulte

214 4485 501 4558 πρότερον,
532 4487 668 4558 ὅπερ
695 4487 811 4540 ἐστὶ
837 4487 981 4541 κατὰ
1028 4487 1211 4557 φύσιν,
1260 4488 1358 4558 οὐχ
1402 4487 1611 4559 ὑπῆρξε
1639 4485 1780 4541 κατὰ

1899 4488 1964 4543 illi
1988 4487 2177 4543 volunt
2213 4505 2226 4542 :
2266 4487 2541 4558 quomodo
2564 4487 2650 4555 id,
2676 4488 2824 4563 quod
2849 4496 2933 4547 est
2959 4490 3233 4561 posterius
3256 4531 3272 4558 ,
3310 4491 3465 4567 quod

284 4599 333 4632 ³³
355 4598 522 4655 Hebr.
550 4615 632 4663 ιιι.
656 4600 712 4667 1,
747 4600 805 4656 2.

286 4710 402 4784 (27)
439 4710 541 4786 Sic
559 4713 783 4786 Seguer.
823 4712 1042 4769 Gobler.
1068 4722 1124 4770 et
1168 4712 1311 4771 Felc.
1361 4713 1414 4768 1.
1442 4715 1477 4770 4
1505 4723 1559 4770 ει
1591 4714 1644 4770 5.
1674 4713 1783 4769 Alii

212 4798 346 4841 vero
380 4783 436 4841 ει
461 4783 611 4849 editi,
638 4783 818 4838 πάλιν.

286 4853 402 4926 (28)
445 4852 538 4926 Sic
571 4854 794 4924 Seguer.
820 4854 1035 4926 Anglic.
1066 4863 1119 4909 et
1142 4852 1364 4926 ειμι.
1391 4851 1449 4907 In
1477 4853 1601 4926 aliis
1625 4850 1782 4909 deest

226 4922 455 4996 Ἰησοῦν.
479 4922 798 4994 Ροιιιόροεῐ
840 4922 975 4996 Ite-3.
1012 4925 1215 4980 omittit
1240 4922 1468 4995 δύναμιν
1495 4923 1610 4988 καί,
1658 4938 1781 4994 quae

212 5003 270 5067 et
298 4995 351 5053 in
382 4996 717 5067 Segueriano
745 4995 986 5067 punctis,
1012 5006 1074 5050 ut
1094 4997 1472 5067 expungenda,
1500 5004 1776 5067 notantur,

214 5064 521 5137 desuntque
544 5066 600 5137 in
628 5068 867 5122 editione
887 5065 1174 5129 Commel.,
1194 5064 1288 5137 _s_ed
1315 5064 1566 5137 leguntur
1592 5066 1648 5119 in
1665 5064 1777 5119 Go-

213 5133 446 5192 blerianl
476 5146 529 5191 et
554 5134 702 5192 Felc.
729 5137 781 5199 1,
811 5150 984 5205 eaque
1004 5137 1163 5189 vertit
1191 5133 1456 5189 Nannius.

285 5206 407 5293 (29.1
435 5206 525 5293 Si’c
547 5205 877 5293 “Segueriau:
898 5203 988 5293 At,
1014 5205 1108 5260 alii
1136 5212 1192 5260 ct
1215 5204 1368 5271 editi,
1397 5203 1652 5275 γενέσθαι
1683 5207 1781 5261 αὐ-

213 5274 304 5331 τὸν
332 5276 448 5331 υἱὸν
477 5274 789 5347 ανθρώπου,
822 5279 870 5330 εί
898 5274 1009 5330 καί.

284 5348 399 5416 (50)
429 5340 657 5416 Εειοέι,
682 5346 974 5416 ἀναγκαῖον
998 5340 1113 5400 οὖν.

287 5413 399 5487 (51)
422 5415 526 5487 Sic
566 5413 889 5487 Seguerian.
929 5418 1099 5471 Basil.
1141 5422 1197 5471 et
1234 5415 1384 5472 Felc.
1414 5416 1469 5472 4.
1502 5417 1575 5471 At
1600 5417 1693 5472 alii
1724 5426 1780 5475 et

216 5486 387 5548 editio,
407 5486 697 5557 Cognmel.,
720 5486 1114 5557 λαμϐᾴνοντας.

282 5559 396 5629 (52)
430 5553 539 5611 Οῦν
552 5557 718 5629 _deest
757 5553 810 5611 in
830 5555 1177 5629 ~Seguerian.
1198 5555 1370 5629 Paulo
1390 5566 1514 5628 post
1543 5558 1683 5613 idem
1718 5567 1773 5613 et

282 5576 396 5629 (ex)
430 5576 539 5611 υυν
564 5576 718 5612 necs:
757 5576 810 5611 in
860 5576 928 5611 ae
968 5576 1177 5613 uenan.
1201 5576 1370 5611 rauto
1390 5576 1514 5628 pos;
1543 5576 1683 5613 luem
1718 5576 1771 5613 et

221 5576 1125 5700 Anglican;_ﬁegius_._Gobl;erian.
1148 5637 1216 5700 et
1256 5627 1398 5683 Felc.
1435 5630 1492 5700 1,
1536 5645 1771 5700 κατηχο-

222 5696 431 5773 ριίᾶθω.
462 5696 609 5756 Editi
631 5696 686 5754 et
715 5696 830 5767 alii,
865 5696 1392 5771 κατηγορείσθωσαν.
1432 5698 1634 5756 Ibidem
1666 5696 1767 5759 Se-

1890 4713 2157 4784 guerianL
2171 4720 2226 4768 et
2258 4711 2404 4768 Felc.
2434 4713 2459 4767 1
2484 4720 2539 4784 et
2562 4712 2617 4776 4,
2648 4713 2742 4766 καὶ
2776 4713 2954 4784 μόνον.

1959 4782 2095 4853 (52‘)
2123 4782 2218 4853 Sic
2256 4783 2480 4853 Seguer.
2500 4783 2571 4841 At
2600 4785 2654 4837 in
2679 4782 2800 4839 aliis
2819 4796 2872 4853 et
2901 4785 3063 4842 editis
3096 4785 3248 4840 deest
3266 4785 3452 4848 αὐτοῦ.

1960 4851 2091 4925 (55)
2115 4851 2206 4909 Sic
2233 4851 2455 4925 seguer.
2497 4853 2716 4925 G_obler.
2741 4864 2795 4909 et
2825 4852 3061 4925 Felckm.
3095 4855 3147 4908 1.
3180 4855 3288 4909 Alii
3326 4872 3453 4910 vero

1886 4932 1943 4995 et
1966 4923 2126 4995 editi,
2152 4925 2202 4977 εί
2234 4924 2344 4995 γὰρ
2368 4923 2476 4979 διά.
2520 4923 2690 4995 Paulo
2721 4933 2849 4995 post
2892 4923 3143 4995 Seguer.,
3164 4925 3341 4995 χωρίς
3367 4942 3449 4982 τε.

1887 4942 1943 4979 ει
1966 4942 2126 5006 εῳιι,
2152 4942 2202 4977 ει
2234 4942 2476 5005 οια.
2520 4942 2690 4977 raulo
2727 4942 2849 4992 ροδι
2894 4942 3341 5049 δεειιετηϐχωρις
3367 4942 3449 4982 τε.

1887 4994 2031 5064 Εόιιι
2080 5001 2135 5049 ει
2175 5002 2378 5058 ειειεη,
2418 4994 2585 5064 χωρἰς
2612 4994 2689 5048 δέ.
2721 4993 2841 5047 Mox
2864 4994 3106 5064 Seguer.
3192 4995 3362 5049 obler.
3397 5007 3453 5051 et

1885 5063 2125 5136 Felckm.
2152 5065 2178 5118 1
2200 5104 2216 5128 ,
2233 5065 2299 5136 A1,
2328 5065 2381 5129 5,
2408 5063 2508 5117 οὐκ
2531 5063 2643 5134 ἔχει
2671 5064 2728 5117 δὲ
2752 5063 2873 5117 καθ’
2897 5064 3063 5136 ὑμᾶς.
3089 5065 3197 5120 Alii
3223 5076 3279 5120 ει
3296 5066 3448 5132 editi,

1878 5135 1979 5188 οὐκ
2004 5135 2117 5204 ἔχει
2149 5133 2271 5188 καθ’
2299 5135 2461 5204 ὑμᾶς.
2562 5133 2567 5134 ⁷
2694 5203 2728 5204 η
2818 5203 2825 5204 ί
2937 5133 2948 5136 ⁷
3430 5136 3451 5149 ”

1952 5203 2065 5276 (54)
2106 5203 2579 5276 Βεειιενζίὶοὺιετ.
2608 5212 2663 5259 et
2690 5203 2929 5276 Feleltm.
2954 5205 3008 5271 1,
3040 5205 3199 5276 αὕτη.

1893 5273 2065 5348 ἱ(53)
2106 5273 2330 5348 Seguer.
2378 5274 2594 5348 Gohler.
2629 5283 2683 5328 et
2710 5273 2957 5348 _F_'elckm.
2995 5276 3048 5342 1,
3089 5273 3448 5348 προηγεῖσθαι

1883 5344 2151 5408 θέλοντες.
2186 5344 2324 5400 Editi
2356 5353 2410 5400 et
2441 5345 2553 5415 alii,
2574 5345 3002 5415 προϐάλλοντες.

1957 5417 2071 5485 (56)
2113 5415 2338 5484 Seguer.
2364 5423 2418 5468 et
2445 5413 2686 5485 Felckm.
2722 5416 2777 5481 ιι,
2811 5414 3179 5484 βουλεύεσθαι.

1957 5418 2049 5485 (56
2113 5418 2338 5484 Seguer.
2364 5423 2418 5468 et
2445 5418 2686 5468 Felckm.
2722 5418 2777 5481 ιι,
2811 5418 3179 5484 βουλεύεσθαι.

1955 5418 2071 5557 (ὅῖί
2108 5487 2365 5557 Seguer.,
2392 5484 2551 5557 αὐτὸν
2588 5484 2747 5552 φύσει
2781 5486 3020 5557 Πατέρα.
3054 5485 3177 5548 Mox
3216 5485 3354 5557 idem
3391 5496 3450 5542 et

1880 5551 2126 5641 pugili!
2138 5551 2337 5641 ’τοίνυν
2359 5554 2422 5607 τὸ
2451 5551 2731 5641 πρότερον,;
2762 5551 3234 5641 Αιιειίὺμςξοσὺιεε.
3262 5555 3447 5641 Ρείεκ.

1877 5629 1903 5679 1
1948 5638 2002 5741 et
2034 5628 2088 5689 4,
2138 5627 2199 5679 Εἰ
2230 5626 2406 5680 τοίνυν
2435 5624 2594 5699 φύσει
2621 5624 2911 5700 πρότερον.
2961 5624 3105 5689 Editi
3125 5668 3140 5695 ,
3173 5628 3237 5682 Ei
3265 5624 3451 5689 τοίνυν

1877 5713 1951 5741 πο
1967 5713 2160 5741 ,τε-θην-

1875 5713 2037 5773 προτε
2047 5713 2138 5770 ρον
2147 5735 2161 5749 .
