3850 6218
208 275 303 331 153

1299 265 1560 324 ORATIO
1598 263 1639 320 ll
1674 263 1954 322 CONTRA
1992 263 2312 321 ARIANOS.

3332 265 3438 322 154

204 406 286 442 σιν
316 384 432 456 (48)
455 402 469 416 ·
506 385 568 438 τὸ
603 384 703 456 μὲν
743 387 853 458 γὰρ
883 385 969 438 ἐπ’
1003 386 1268 452 ἐξουσίας,
1315 372 1390 448 ὡς
1425 382 1659 454 πατέρες
1690 383 1763 436 λέ-

1880 382 2038 436 initio
2061 381 2114 435 in
2141 381 2226 436 sui
2259 380 2430 434 fuisse
2454 377 2701 434 ditione:
2746 379 2842 434 sed
2895 387 3076 448 patres
3111 377 3252 433 ﬁlias
3282 393 3440 442 suos.

197 494 379 548 γουσιο
422 476 484 530 τὸ
525 476 582 532 δὲ
623 476 1014 550 φιλανθρώπως
1054 475 1398 548 ὀνομάζουσι.
1429 476 1614 546 Σάρρα
1639 471 1770 541 γοῦν

194 572 282 624 τὸν
334 569 591 642 Ἁϐραάμ
636 569 824 642 κύριον
858 570 1063 632 ἐκάλει,
1097 570 1274 623 καίτοι
1316 568 1389 639 μὴ
1421 565 1602 636 δούλη,
1635 563 1771 618 ἀλλὰ

203 658 442 726 σύζυγος
474 653 644 712 οὖσα⁶
682 659 777 712 καὶ
821 659 850 710 ὁ
893 658 990 727 μὲν
1031 656 1350 718 ’Δπόστολος
1392 655 1650 726 Φιλήμονι
1692 653 1770 724 τῷ

192 749 524 820 κτησαμένῳ
561 749 834 820 συνῆπτεν
856 748 930 810 ὡς
952 747 1176 817 ἀδελφὸν
1219 747 1506 818 Ὠνήσιμον
1530 745 1620 798 τὸν
1651 743 1771 799 δοῦ-

195 839 287 891 λον
313 856 327 868 ·
364 839 400 910 ἡ
442 838 500 892 δὲ
547 839 850 910 Βηρσαδεὲ,
903 839 1078 892 καίτοι
1129 838 1312 910 μήτηρ
1345 834 1502 901 οὖσα,
1539 837 1630 890 τὸν
1657 837 1770 890 υἱὸν

189 929 376 982 ἐκάλει
408 928 615 992 δοῦλον,
639 929 873 998 λέγουσα
905 928 985 998 τῷ
1014 929 1180 999 πατρί
1204 944 1216 956 ·
1245 928 1356 982 Τὸν
1391 927 1618 982 δοῦλόν
1652 942 1769 982 σου

190 1017 510 1087 Σολομῶνα
544 1017 653 1090 (49)
682 1037 696 1049 ·
733 1015 852 1072 εἶτα
881 1019 975 1072 καὶ
998 1017 1184 1072 Νάθαν
1210 1019 1239 1070 ὁ
1271 1019 1576 1089 προφήτης,
1601 1017 1771 1070 εἰσελ-

189 1108 318 1172 θὼν,
347 1109 419 1162 τά
449 1109 586 1163 αὐτὰ
615 1109 798 1184 ἐκείνῃ
826 1109 978 1178 ἔλεγε
1010 1109 1088 1180 τῷ
1123 1109 1306 1171 Δαὸὶδ,
1335 1110 1416 1162 ὅτι
1447 1108 1770 1179 Σολομῶνα

189 1200 298 1252 τὸν·
325 1200 556 1255 δοῦλόν
587 1217 704 1255 σου
735 1220 748 1232 ·
797 1203 891 1256 καὶ
925 1202 1022 1254 οὐκ
1072 1201 1261 1272 ἔμελεν
1300 1199 1410 1271 (50)
1457 1203 1638 1266 αὐτοῖς
1676 1201 1769 1255 τὸν

189 1289 304 1340 υἱὸν
331 1291 506 1342 εἰπεῖν
537 1289 745 1345 δοῦλον.
796 1289 1032 1343 Ἀκούων
1064 1290 1170 1360 γὰρ
1211 1291 1460 1353 κάκεῖνος
1498 1290 1763 1359 ἐπεγίνω-

192 1397 291 1432 σκε
327 1380 430 1451 τὴν
471 1380 652 1449 φύσιν,
685 1383 779 1435 καὶ
808 1375 954 1434 οὗτοι
1001 1381 1056 1436 δὲ
1105 1381 1355 1447 λέγοντες
1412 1381 1604 1447 οὕτως,
1663 1384 1762 1436 οὐκ

187 1471 426 1538 ἠγνόουν
451 1471 514 1524 τὸ
559 1473 798 1543 γνήσιον.
838 1473 1187 1544 Κληρονόμον
1225 1472 1354 1540 γοῦν
1386 1471 1569 1542 ἠξίουν
1607 1475 1768 1529 αὑτὸν

186 1562 285 1614 τοῦ
322 1563 528 1632 πατρὸς
553 1563 828 1631 γενέσθαι,
863 1563 922 1616 δν
941 1564 1016 1628 ὡς
1047 1563 1230 1617 δοῦλον
1262 1563 1489 1617 ἐκάλουν
1512 1580 1529 1597 ο
1557 1559 1624 1634 ἦν
1657 1565 1767 1638 γὰρ

187 1653 306 1716 υἱὸς
331 1657 398 1726 τῇ
425 1653 584 1723 φύσει
613 1655 707 1708 τοῦ
739 1656 922 1710 Δαδίδ.

258 1837 313 1890 4.
350 1829 562 1909 Ὠσπερ
577 1837 754 1891 τοίνυν
781 1837 1241 1907 ἀναγινώσκοντες
1264 1837 1435 1892 ταῦτα
1458 1837 1768 1910 διανοούμε-

187 1925 260 1981 θα
289 1927 472 1991 καλῶς
497 1945 513 1959 ο
547 1931 641 1982 καὶ
675 1929 963 1992 ἀκούοντες
1003 1928 1187 1982 δοῦλον
1234 1930 1324 1983 τὸν
1368 1930 1674 2000 Σολομῶνα,
1704 1930 1766 1982 οὐ

186 2019 486 2088 νομίζομεν
514 2021 678 2073 αὑτὸν
716 2017 854 2074 εἶναι
894 2018 1100 2082 δοῦλον,
1133 2020 1270 2073 ἀλλὰ
1304 2020 1461 2089 φύσει
1506 2022 1600 2074 καὶ
1631 2023 1766 2093 γνή-

189 2127 305 2163 σιον
332 2111 448 2163 υἱόν
470 2127 483 2140 ·
512 2110 684 2174 οὓτως
718 2111 812 2164 ἐὰν
836 2113 928 2168 καὶ⁹
951 2115 1080 2186 περ).
1110 2112 1204 2166 τοῦ
1237 2113 1390 2181 Σωτῆ
1401 2129 1489 2182 ρος
1509 2111 1604 2165 τοῦ
1633 2112 1765 2183 άλη-

187 2201 300 2266 θῶς
322 2203 756 2274 ὁμολογουμένου
791 2203 944 2269 Υῐοῦ,
976 2206 1070 2259 καὶ
1111 2206 1271 2274 φύσει
1307 2203 1479 2272 Λόγου
1499 2203 1652 2268 ὄντος
1683 2204 1768 2257 λέ-

187 2309 359 2360 γωσιν
395 2292 506 2364 (51)
541 2297 591 2347 oi
645 2294 788 2362 ἅγιοι
812 2311 827 2326 ο
877 2297 1106 2350 Πιστὸν
1138 2295 1282 2348 ὄντα
1328 2296 1406 2362 τῷ
1447 2295 1768 2362 ποιήσαντι

187 2385 376 2437 αὐτόν
397 2402 412 2415 ο
447 2386 480 2456 ἢ
514 2386 675 2448 αὐτὸς
707 2387 836 2457 περὶ
877 2387 1071 2439 ἑαυτοῦ
1132 2387 1229 2439 ἐὰν
1265 2386 1397 2456 λέγῃ
1420 2406 1432 2417 ·
1467 2389 1681 2456 Κύριος
1711 2388 1770 2442 ἕ-

187 2474 469 2544 κτισέμε·
497 2478 613 2540 καὶ,
645 2477 794 2547 Ἐγὼ
817 2477 1036 2544 δοῦλος
1063 2477 1196 2544 σὸς,
1224 2477 1322 2531 καὶ
1344 2479 1472 2544 υἱὸς
1499 2477 1610 2547 τῆς
1632 2495 1766 2532 παι-

186 2568 408 2637 δίσκης
435 2586 552 2624 σου
575 2589 588 2602 ’
621 2573 717 2625 καὶ
745 2573 847 2626 ὅσα
874 2572 1096 2626 τοιαῦτα
1124 2590 1138 2604 ο
1180 2573 1254 2646 μὴ
1280 2572 1367 2625 διὰ
1403 2572 1560 2626 τοῦτο
1595 2572 1768 2641 ἀρνεί-

188 2659 403 2714 σθωσάν
434 2678 578 2725 τινες
626 2661 722 2732 τὴν
771 2663 837 2716 ἐκ
892 2662 988 2716 τοῦ
1037 2664 1252 2732 Πατρὸς
1294 2661 1459 2716 αὐτοῦ
1492 2661 1760 2733 ἰδιότητα·

187 2750 325 2812 ἀλλ’,
355 2751 432 2815 ὡς
455 2752 549 2806 ἐπὶ
573 2752 884 2824 Σολομῶνος
911 2753 1118 2807 καὶτοῦ
1139 2752 1323 2816 Δαϐὶδ,
1347 2752 1764 2807 διανοείσθωσαν

186 2841 361 2913 ὀρθῶς
381 2843 512 2914 περὶ
533 2844 626 2896 τοῦ
643 2844 854 2914 Πατρὸς
875 2845 968 2898 καὶ
983 2844 1076 2898 τοῦ
1101 2845 1252 2898 Υἱοῦ.
1283 2845 1456 2908 Ἐπεὶ,
1471 2847 1518 2898 εί
1536 2843 1762 2898 ἀκούον-

185 2952 277 2997 τες
306 2935 419 3005 (52)
446 2935 734 3007 Σολομῶνα
761 2937 963 3002 δοῦλον,
1001 2935 1352 3007 ὁμολογοῦσιν
1380 2936 1514 3002 υἱὸν,
1554 2936 1670 3001 πῶς
1700 2937 1761 2990 οὐ

187 3028 450 3092 πολλάκις
485 3029 821 3083 ἀπολωλέναι
857 3029 1054 3084 δίκαιοί
1103 3032 1273 3096 εἰσιν,
1327 3029 1410 3118 ὅτι
1453 3028 1552 3100 τὴν
1591 3028 1763 3100 αὐτὴν
1789 3059 1832 3118 C

184 3122 279 3174 ἐπὶ
306 3120 405 3174 τοῦ
435 3119 638 3192 Κυρίου
672 3119 908 3174 διάνοιαν
931 3121 990 3174 οὐ
1019 3119 1282 3186 σώζουσιν
1305 3137 1320 3186 ;
1346 3116 1463 3174 ἀλλ’
1494 3121 1622 3174 ὅταν
1663 3119 1762 3191 μὲν

188 3212 433 3267 ἀκούωσι
618 3215 882 3286 γέννημα,
907 3215 1000 3268 κα)⁸
1034 3215 1228 3284 Λόγον,
1261 3214 1354 3268 καὶ
1388 3214 1606 3283 Σοφίαν,
1643 3211 1762 3283 βιάο

188 3305 370 3368 ζονται
412 3305 852 3378 παρερμηνεύειν
885 3307 978 3360 καὶ
1008 3306 1287 3378 ἀρνεῖσθαι
1320 3305 1417 3374 τὴν
1460 3305 1618 3374 φύσει
1671 3305 1764 3358 καὶ

185 3397 422 3467 γνησίαν
449 3397 702 3467 γέννησιν
733 3398 830 3469 τὴν
850 3399 913 3451 ὲκ
933 3397 1026 3452 τοῦ
1044 3397 1258 3468 Πατρὺς
1282 3398 1377 3451 τοῦ
1403 3399 1533 3452 Υἱοῦ
1551 3415 1565 3430 ·
1599 3399 1764 3452 ἀκού-

183 3506 337 3552 οντες
367 3488 482 3559 (54)
512 3489 567 3542 δὲ
597 3491 898 3561 ποιήματος
919 3489 1103 3560 φωνὰς
1136 3492 1229 3544 καὶ
1267 3490 1465 3556 λέξεις,
1498 3490 1659 3555 εὐθὺς
1683 3493 1762 3555 είς

182 3579 244 3630 τὸ
273 3579 518 3649 νομίζειν
567 3579 727 3650 φύσει
771 3581 982 3652 ποίημα
1010 3582 1103 3634 τὸν
1155 3581 1284 3634 Υίδν
1337 3582 1758 3655 καταφέρονται,

183 3672 279 3724 καὶ
311 3671 606 3740 ἀρνοῦνται
653 3671 744 3726 τὸν
785 3672 953 3740 Λόγον
978 3689 991 3702 ·
1026 3674 1200 3727 καίτοι
1239 3672 1547 3745 δυνάμενοι,
1578 3673 1665 3726 διὰ
1701 3674 1761 3727 τὸ

183 3759 516 3828 γεγενῆσθαι
555 3760 666 3833 (55)
698 3761 860 3814 αὑτὸν
893 3760 1200 3833 ἄνθρωπον,
1232 3761 1412 3825 πάσας
1443 3762 1542 3827 τὰς
1575 3763 1760 3816 τοιαύ-

180 3867 285 3912 τας
335 3849 511 3914 λέξεις
565 3852 907 3922 ὲπιρῤίπτειν
948 3853 1039 3905 ἐπὶ
1083 3852 1145 3905 τὸ
1187 3851 1525 3924 ἀνθρώπινον
1573 3853 1756 3907 αὐτοῦ.

183 3941 314 4006 Πῶς
344 3937 439 3996 οὖν
479 3943 572 3996 καὶ
616 3937 762 3996 οὗτοι
811 3944 871 3996 οὐ
928 3944 1203 4015 βδελυκτοὶ
1250 3945 1401 4015 παρὰ
1449 3943 1526 4015 τῷ
1571 3944 1760 4018 Κυρίῳ

181 4032 516 4097 δείκνυνται,
553 4033 710 4087 δισσὰ
741 4035 977 4106 στάθμια
1008 4037 1137 4108 παρ’
1171 4037 1381 4099 ἑαυτοῖς
1407 4035 1638 4105 ἔχοντες,
1668 4037 1761 4090 καὶ

180 4122 263 4192 τῷ
306 4124 404 4194 μὲν
457 4126 641 4178 ἐκεῖνα
691 4125 1050 4196 λογιζόμενοι,
1080 4126 1157 4197 τῷ
1205 4126 1260 4178 δὲ
1297 4125 1386 4180 τὸν
1414 4125 1619 4196 Κύριον
1649 4126 1757 4198 (56)

183 4212 672 4282 βλασφημοῦντες;
717 4215 855 4268 Ἀλλ’
887 4215 1015 4279 ἴσως
1043 4216 1105 4270 τὸ
1135 4216 1254 4286 μὲν,
1293 4215 1496 4280 δοῦλος,
1527 4217 1601 4280 ὡς
1621 4217 1762 4271 κατὰ

181 4304 425 4358 διάθεσιν
450 4304 738 4377 λεγόμενον
765 4307 1098 4361 συντίθενται
1128 4307 1240 4378 (57)
1264 4325 1277 4338 ·
1301 4307 1362 4360 τὸ
1382 4307 1460 4371 δὲ,
1484 4306 1564 4372 τῷ
1587 4307 1758 4377 ποιή-

1871 488 2060 528 εει-νος
2091 487 2191 542 pl‘O
2228 487 2326 526 sua
2358 471 2678 525 auctoritate
2706 480 2943 537 vocant;
2988 481 3043 525 et
3086 481 3278 525 contra
3325 487 3441 526 ser-

1867 576 1986 623 vos,
2015 561 2178 626 lilios,
2215 575 2314 630 pro
2359 575 2458 616 sua
2500 575 2627 630 erga
2670 575 2766 616 eos
2797 559 3146 631 benignitate.
3185 560 3276 616 Sic
3305 561 3440 616 Sara

1874 651 2247 706 Abrahamum
2277 651 2562 705 dominum
2585 651 2741 714 dixit,
2776 652 3026 719 quamvis
3057 666 3164 706 non
3203 652 3324 722 ejus
3350 666 3442 707 es-

1869 751 1953 798 set
1985 742 2182 796 ancilla
2214 743 2307 797 sed
2348 757 2507 797 uxor.
2537 741 2830 812 Apostols
2867 758 3086 814 quoque
3120 742 3440 800 Onesimum

1871 850 2092 888 servum
2171 850 2294 889 cum
2343 834 2658 891 Philemone
2702 836 2833 890 hero
2891 845 3150 905 tanquam
3214 835 3440 892 fratrem

1869 926 2178 996 conjunxit.
2217 928 2486 983 Bersabee
2531 929 2684 991 item,
2724 929 2942 983 tametsi
3005 937 3200 993 mater,
3240 929 3438 995 ﬁlium,

1869 1035 2088 1074 servum
2131 1019 2442 1089 appellavit,
2494 1035 2619 1075 cum
2677 1020 2816 1089 patri
2851 1019 2926 1073 ait
2964 1038 2978 1074 :
3034 1019 3256 1075 Servum
3289 1029 3440 1076 tuum

1869 1109 2200 1165 Satomonem
2258 1112 2336 1165 "z
2390 1112 2779 1180 ingressusque
2821 1123 3005 1180 postea
3062 1109 3273 1165 Nathan
3319 1127 3441 1181 pro-

1866 1203 2026 1272 pheta
2084 1203 2270 1258 eadem
2321 1218 2442 1274 quae
2484 1203 2576 1258 illa
2628 1201 2816 1257 Davidi
2863 1202 3048 1256 dixit:
3104 1202 3440 1258 Salomonem

1865 1310 2072 1347 servum
2115 1304 2265 1347 tuum
2299 1294 2378 1348 ³⁶ε
2404 1309 2506 1349 nec
2528 1294 2795 1349 curabant
2822 1293 2896 1348 illi
2925 1295 3071 1363 quod
3121 1293 3291 1348 lilium
3332 1309 3443 1350 ser-

1866 1401 1994 1440 vum
2035 1387 2299 1442 dicerent.
2335 1386 2471 1440 Nam
2506 1396 2560 1442 et
2591 1386 2680 1440 ille
2699 1387 2950 1451 audiens,
2991 1394 3246 1440 naturam
3271 1401 3443 1457 agno-

1867 1479 2074 1544 scebat,
2114 1487 2169 1533 et
2206 1479 2259 1532 hi
2313 1493 2441 1534 cum
2489 1479 2567 1533 ita
2624 1477 3000 1548 loquerentur,
3055 1493 3248 1534 verum
3308 1493 3438 1534 eum

1866 1585 1988 1625 esse
2029 1572 2200 1625 lilium
2258 1571 2402 1626 haud
2453 1571 2796 1642 ignorabant.
2851 1569 3038 1640 Itaque
3086 1572 3354 1642 rogabant
3380 1580 3442 1628 ut

1869 1660 1959 1715 ille
1990 1661 2158 1730 patris
2188 1660 2361 1717 haeres
2393 1663 2568 1730 ﬂeret,
2599 1677 2761 1732 quem
2800 1664 2940 1718 servi
2975 1664 3198 1717 nomine
3247 1663 3438 1732 appel-

1794 1732 1838 1789 Β
1867 1749 2074 1804 lahant.
2112 1749 2372 1806 Salomon
2409 1753 2555 1807 enim
2598 1761 2716 1808 erat
2754 1762 2949 1808 natura
2979 1753 3125 1810 ﬁlius
3159 1752 3402 1810 Davidis.

1936 1843 1990 1896 4.
2031 1841 2503 1908 Quemadmodum
2529 1858 2660 1914 ergo
2686 1858 2787 1897 nos
2816 1843 2909 1912 qui
2942 1844 3047 1898 ista
3081 1843 3333 1913 legimus,
3377 1857 3442 1899 ea

1876 1944 2023 1990 recte
2051 1935 2424 2004 intelligimus,
2461 1949 2640 2004 neque
2665 1950 2786 1989 cum
2827 1934 3174 1989 Salomonem
3220 1948 3440 1989 servum

1867 2027 2199 2096 appellatum
2253 2026 2528 2091 audimus,
2567 2025 2718 2080 illum
2757 2024 2929 2081 fuisse
2976 2041 3198 2080 servum
3249 2024 3444 2080 existi-

1866 2132 2104 2184 mamus,
2151 2118 2245 2173 sed
2280 2117 2584 2171 naturalem
2619 2125 2673 2172 et
2708 2133 2894 2171 verum
2925 2116 3094 2171 [ilium
3116 2135 3129 2170 :
3155 2117 3232 2171 ita
3278 2115 3326 2171 si
3373 2116 3444 2172 de

1869 2207 2170 2274 Salvatore,
2197 2223 2360 2278 quem
2395 2223 2522 2262 vere
2551 2207 2750 2263 Filium
2799 2223 2922 2264 esse
2969 2218 3202 2269 constat,
3233 2209 3444 2279 quique

1865 2299 2113 2354 naturale
2138 2297 2376 2354 Verbum
2404 2310 2508 2362 est,
2539 2300 2710 2354 sancti
2737 2300 2851 2356 haec
2875 2300 3080 2362 dicunt,
3116 2298 3220 2365 Qui
3259 2300 3438 2370 ﬁdelis

1870 2403 1949 2449 est
1987 2395 2035 2447 ei
2081 2393 2173 2463 qui
2214 2392 2338 2462 fecit
2383 2391 2540 2446 illum
2568 2393 2632 2459 ³¹,
2665 2393 2752 2448 vel
2785 2393 2832 2448 si
2883 2393 2999 2463 ipse
3031 2393 3097 2446 de
3126 2392 3308 2462 seipso
3341 2393 3436 2459 ait,

1865 2481 2122 2536 Dominus
2157 2483 2349 2535 creavit
2375 2499 2454 2535 me
2471 2483 2537 2545 ³¹,
2564 2490 2638 2547 et,
2698 2475 2806 2552 Ego
2835 2498 3012 2536 servus
3055 2493 3174 2536 tum
3205 2491 3254 2536 et
3297 2482 3437 2552 filim

1867 2573 2082 2626 ancilla
2119 2583 2223 2626 tua:
2265 2571 2332 2634 ³⁸,
2382 2571 2599 2641 aliaque
2641 2571 2806 2642 hujus
2849 2573 3108 2641 generis;
3153 2585 3263 2625 non
3317 2571 3440 2626 ideo

1863 2677 1988 2715 cum
2023 2660 2200 2715 Patris
2223 2662 2501 2732 pr0prium
2535 2677 2657 2717 esse
2703 2676 2902 2730 negare
2937 2661 3084 2724 licet,
3121 2660 3218 2715 sed
3258 2661 3334 2714 ita
3373 2661 3442 2716 de

1863 2751 2026 2808 Patre
2060 2761 2113 2807 et
2147 2751 2308 2817 Filio,
2345 2762 2404 2806 ut
2435 2753 2501 2808 de
2537 2752 2824 2807 Salomone
2839 2761 2894 2808 et
2928 2750 3149 2818 Davide,
3185 2762 3332 2807 recte
3360 2760 3445 2807 est

1863 2845 2228 2900 sentiendum.
2259 2843 2478 2914 Alioqui
2525 2844 2572 2898 si
2625 2859 2749 2898 cum
2809 2842 3160 2897 Salomonem
3215 2856 3437 2897 servum

1861 2938 1970 2992 dici
2006 2937 2256 3000 audiunt,
2283 2951 2407 2991 eum
2445 2935 2802 2990 nihilominus
2822 2934 2994 2989 ﬁlium
3013 2949 3138 2990 esse
3171 2933 3436 3000 fatentur;

1865 3045 2047 3084 annon
2083 3044 2178 3085 eos
2212 3029 2411 3098 saepius
2458 3029 2636 3097 perire
2676 3043 2893 3098 aequum
2922 3037 3025 3094 est,
3068 3027 3163 3097 qui
3203 3027 3343 3081 idem
3373 3027 3441 3082 dc

1867 3120 2099 3176 Domino
2127 3121 2298 3176 nolint
2322 3122 2544 3187 sentire,
2573 3122 2666 3176 sed
2693 3135 2818 3175 cum
2839 3136 2960 3175 eum
2985 3119 3175 3185 fetum,
3198 3117 3436 3174 Verbum

1867 3221 1922 3268 et
1943 3212 2278 3283 Sapientiam
2333 3213 2518 3266 vocari
2561 3211 2855 3274 audierint,
2912 3209 3077 3266 falsas
3128 3211 3441 3282 excogitant

1867 3304 2367 3374 interpretationes,
2394 3313 2703 3374 negantque
2748 3303 2946 3358 Filium
2991 3312 3187 3357 natura
3215 3311 3269 3358 et
3307 3317 3442 3359 vero

1866 3397 2106 3465 genitum
2134 3411 2254 3450 esse
2309 3411 2374 3450 cx
2420 3394 2613 3450 Patre:
2655 3410 2777 3449 cum
2811 3409 2940 3448 vero
2989 3393 3151 3448 iidem
3179 3408 3344 3449 voces
3381 3403 3440 3449 et

1867 3485 2134 3542 dictiones
2162 3488 2340 3556 operis
2365 3488 2616 3551 audiunt,
2664 3486 2848 3542 statim
2893 3500 2960 3540 eo
2997 3485 3248 3540 feruntur
3288 3493 3348 3539 ut
3383 3496 3439 3542 et

1865 3585 2057 3648 putent
2077 3575 2276 3630 Filium
2309 3591 2375 3630 ex
2405 3586 2600 3631 natura
2632 3591 2769 3646 opus
2791 3591 2931 3643 esse,
2964 3588 3016 3630 et
3041 3574 3281 3631 Verbum
3314 3591 3438 3632 esse

1866 3680 2094 3738 negent:
2153 3681 2466 3736 quanquam
2514 3682 2581 3721 ex
2622 3681 2686 3721 eo
2724 3666 2868 3735 quod
2915 3665 3005 3720 ille
3035 3665 3212 3722 factus
3268 3667 3438 3722 homo

1865 3767 1972 3825 est,
2001 3765 2232 3828 possunt
2253 3757 2568 3826 hujusmodi
2608 3757 2874 3812 vocabula
2901 3757 2967 3812 ad
2993 3759 3288 3811 humanam
3315 3757 3436 3828 ejus

1869 3862 2121 3907 naturam
2153 3849 2374 3906 referre.
2425 3851 2620 3904 Annon
2666 3851 2831 3920 igitur
2863 3861 2915 3905 et
2959 3851 3037 3904 illi
3089 3849 3438 3905 detestabiles

1867 3942 2008 4012 apud
2033 3941 2324 3995 Dominum
2351 3956 2474 3996 esse
2501 3943 2922 4008 convincuntur,
2950 3941 3148 4012 quibus
3177 3941 3286 3995 duo
3305 3948 3438 3996 sunt

1866 4033 2104 4104 pondera
2129 4032 2198 4100 “,
2235 4048 2468 4103 quorum
2504 4034 2676 4088 altero
2708 4033 2797 4088 illa
2821 4043 2965 4088 recte
2995 4031 3324 4104 expendunt,
3353 4032 3435 4088 al-

1867 4134 1983 4177 tero
2007 4133 2188 4178 autem
2210 4124 2574 4194 blasphemias
2617 4123 2879 4180 adversus
2922 4124 3210 4180 Dominum
3250 4124 3436 4197 ιιι-οἷοι

1865 4217 2034 4271 runt?
2069 4215 2139 4270 At
2187 4214 2327 4272 forte
2385 4217 2733 4272 consentiunt
2782 4217 3130 4273 Salomonem
3168 4235 3232 4274 ex
3264 4219 3434 4275 animi

1866 4307 2149 4362 aﬂectione
2202 4323 2417 4362 servum
2465 4323 2586 4363 esse
2644 4310 2968 4379 appellatum
3019 4331 3032 4366 :
3082 4311 3197 4366 haec
3251 4322 3434 4368 autem

181 4411 384 4460 cara,
404 4397 739 4467 κατέχουσιν,
759 4398 833 4462 ὡς
860 4399 1001 4468 μέγα
1021 4416 1073 4452 τι
1099 4398 1348 4470 βοήθημα
1374 4400 1472 4470 τῆς
1501 4399 1762 4469 αἱρέσεως

1871 4397 2028 4452 verba
2058 4397 2124 4452 de
2155 4399 2388 4452 Domino
2417 4398 2583 4466 dicta,
2633 4401 2722 4470 qui
2755 4401 2880 4469 fecit
2923 4401 3096 4467 illum,
3129 4403 3280 4457 velut
3311 4419 3434 4458 ma-

180 4484 390 4539 αὖτῶν.
422 4487 576 4540 Ἔστι
599 4487 655 4541 δὲ
675 4490 858 4554 αὐτοῖς
889 4490 1158 4543 καὶτοῦτο
1206 4490 1448 4561 κάλαμος
1468 4490 1767 4562 τεθλασμέ-

257 4595 414 4668 ’⁹ᾼΙΙΙ
443 4595 579 4668 Reg.
605 4615 658 4664 ι,
695 4599 782 4654 19.
881 4598 926 4631 ³⁸
966 4600 1098 4656 ibid.
1123 4599 1214 4655 26.

181 4683 277 4733 xx,
311 4665 404 4720 25.

183 4786 375 4910 ³6(ἑῇ
417 4785 654 4843 Felckm.
686 4789 739 4854 5,
793 4790 892 4863 τὴν
936 4791 994 4859 ὲξ
1038 4793 1212 4865 ἀρχῆς
1243 4793 1422 4848 αὐτῶν
1469 4792 1628 4863 φύσιν
1666 4791 1762 4845 καὶ

246 4926 373 5049 μθ)
415 4925 506 4983 Sic
549 4926 772 5008 S_eguer.
807 4928 1025 5012 Gobler.
1061 4929 1299 4987 Felckm.
1337 4934 1356 4985 Ι
1402 4942 1454 4987 et
1485 4932 1519 4984 4
1542 4973 1556 4992 ,
1601 4939 1662 5014 ut
1706 4942 1762 4986 et

181 4997 238 5073 in
271 4997 477 5073 ra._A_t_
511 4999 601 5051 alu
649 5014 773 5073 cum
809 5001 1057 5073 editione
1093 5002 1383 5073 Commel,
1436 5002 1755 5073 Σαλομωνα.

181 5066 309 5119 Mox
344 5065 564 5128 Gohler.
604 5075 659 5122 ct
684 5067 922 5124 Felckm.
968 5070 994 5123 1
1021 5110 1038 5136 ,
1083 5087 1184 5142 pro
1230 5065 1512 5137 εἰσελθών,
1559 5065 1761 5126 habent

181 5134 476 5190 συνελθὼν.

413 5205 624 5283 anglic.
659 5205 791 5278 Reg.
817 5209 1040 5283 _Gobler.
1070 5219 1128 5283 et
1157 5211 1395 5266 Felckm.
1422 5212 1474 5283 1,
1509 5211 1754 5283 ἔμελλεν.

255 5275 373 5354 (5.1)
415 5275 768 5354 SicSeguer'.
992 5280 1158 5354 Basii.
1193 5284 1402 5354 Anglic.
1441 5275 1660 5354 Gobler.
1703 5291 1757 5338 et

463 5346 487 5400 1
525 5355 581 5401 et
609 5347 662 5401 4.
712 5349 778 5403 At
828 5343 1066 5406 ΙιίεῙςΙίιιι.
1102 5352 1158 5417 5,
1204 5343 1431 5421 λέγωσιν
1463 5356 1548 5408 ἄν.
1590 5353 1754 5418 Editi,

179 5435 208 5468 Α
255 5459 267 5480 ,
407 5433 420 5450 π
441 5454 456 5468 .

252 5482 486 5564 (ζῆλδίο
514 5483 738 5564 δερ-ξιον.
769 5488 1073 5564 At_G«_ibler.
1099 5500 1163 5564 _et
1184 5489 1424 5564 Echini).
1455 5493 1504 5555 1,
1535 5492 1753 5564 Ἐπειδὴ

178 5554 230 5604 εί
261 5553 556 5626 tinctione;
603 5554 736 5626 Reg.
762 5569 814 5611 et
837 5559 1076 5614 Felckm.
1097 5560 1153 5622 5,
1194 5561 1344 5615 Ἐπεὶ
1371 5562 1430 5615 δὲ
1454 5553 1503 5615 οἱ
1528 5553 1756 5617 άκούονὶ

179 5621 468 5698 se;.__l'_3di_ti
498 5635 552 5678 et
581 5621 712 5698 alii;
739 5627 955 5698 Ἐπειδὴ
979 5632 1026 5698 οἱ
1056 5621 1363 5696 ἀκούοντες.

252 5693 367 5766 (55)
408 5692 658 5767 Seguer.,
689 5692 955 5758 ἀκούωσιζ
976 5697 1217 5757 Felcluu.
1243 5701 1295 5770 4,
1319 5692 1598 5762 ἆκούουσι.
1637 5704 1754 5761 (Σω-

1323 4601 1364 4632 ³¹
1407 4598 1569 4656 Hebr.
1603 4616 1686 4664 ιιι,
1720 4600 1775 4654 2.

1871 4504 2036 4542 rnum
2066 4503 2178 4543 sua:
2205 4489 2430 4544 haeresis
2462 4491 2774 4560 prmsidium
2810 4501 3052 4548 tuentur.
3098 4492 3297 4549 Verum
3330 4496 3434 4549 hu-

1874 4599 1918 4630 ⁸²
1955 4599 2124 4656 Eccli.
2160 4617 2319 4670 xxiv,
2353 4602 2442 4657 12.
2557 4604 2602 4636 ³³
2639 4603 2784 4662 Psal.
2821 4621 2954 4674 ειν,
2993 4608 3079 4662 16.
3193 4608 3239 4640 ³⁸
3273 4607 3435 4666 Prov.

1863 4785 1962 4860 teri
2008 4791 2062 4838 et
2110 4783 2272 4860 editi,
2318 4784 2614 4860 ᾀκούσωσι.
2659 4785 2828 4860 Paulo
2866 4795 2989 4860 post
3039 4785 3286 4860 _Seguer.,
3331 4788 3433 4860 τὴν

1862 4855 2022 4976 φέὂσει
2053 4854 2145 4906 καὶ
2177 4854 2426 4925 γνησίαν.
2459 4856 2565 4909 Alii
2597 4866 2650 4909 et
2677 4858 2829 4922 editi,
2862 4854 2960 4927 τὴν
2995 4854 3152 4926 φύσιν
3186 4859 3280 4910 καὶ
3301 4854 3440 4932 γνηι

1863 4941 1895 4976 σ
1920 4942 2004 4976 αν.

1863 4941 2004 4978 σιαν.

1933 4993 2047 5063 (54)
2076 4992 2323 5063 Seguer.,
2350 4993 2658 5058 ἀκούοντες.
2691 4993 2831 5049 Editi
2861 5003 2914 5048 et
2937 4995 3048 5057 alii,
3079 4994 3431 5061 ἀκούσαντες.

1933 5062 2046 5136 (55)
2070 5062 2328 5136 reicitur.
2357 5069 2412 5136 4,
2442 5065 2816 5136 γεγεννῆσθαι.
2851 5064 3019 5136 Paulo
3052 5076 3170 5134 post
3203 5067 3439 5136 Seguer.

1858 5141 1913 5202 et
1945 5132 2184 5202 Felckm:
2211 5135 2264 5198 4,
2313 5134 2427 5198 πῶς
2457 5132 2549 5189 οὖν
2581 5132 2674 5188 καὶ
2703 5133 2894 5198 οὕτως.
2927 5132 3066 5190 Edili
3095 5146 3147 5190 et
3173 5132 3302 5198 alii,w
3317 5137 3433 5202 πῶς

1862 5200 1955 5256 οὖν
1989 5197 2294 5275 καὶοῦτοι.
2343 5197 2471 5275 Ibid.
2528 5203 2750 5275 Segtmr.
2779 5197 2996 5259 Gobler.
3026 5215 3080 5258 et
3106 5197 3343 5261 Felckin.
3379 5197 3438 5274 1,

1861 5273 2014 5347 παρὰ
2047 5273 2123 5347 τῇ)
2150 5275 2354 5346 Κυρίῳ.
2383 5274 2517 5343 Reg.
2554 5273 2613 5347 et
2654 5273 2890 5329 Felckm.
2933 5276 2996 5338 1,
3029 5277 3157 5347 περ).
3185 5277 3279 5330 τοῦ
3321 5273 3438 5330 Ku-

1863 5341 2250 5418 piouLCa'tet'i
2284 5341 2337 5398 et
2367 5341 2827 5418 θιῇιῖο-(Σοιιιιιιειἶ
2846 5385 2862 5408 ,
2899 5347 3050 5418 παρὰ
3078 5341 3173 5418 τ’ου
3203 5348 3431 5418 Κυρίου.

2087 5414 2306 5486 ςοωςξτ.
2338 5424 2392 5468 et
2419 5414 2633 5486 Felckm
2657 5417 2712 5486 Ai
2738 5456 2752 5476 ,
2783 5415 2874 5467 τὸν
2900 5416 2956 5468 δὲ
2977 5412 3069 5486 τὸν
3097 5412 3320 5486 Κύριον.

1934 5481 2044 5555 (57)
2088 5481 2178 5538 Sic
2211 5484 2434 5554 Seguer.
2470 5483 2604 5553 Reg.
2643 5483 2838 5539 Gohler
2911 5494 2958 5540 el
3009 5481 3246 5543 Fchknt.
3279 5488 3326 5539 1.
3361 5485 3428 5540 At

1862 5571 1952 5652 alii
1986 5590 2107 5652 cum
2133 5575 2371 5652 editione
2393 5577 3033 5652 gommelwgsuvﬂperau.
3060 5578 3180 5652 Mox
3214 5578 3346 5652 Reg.
3373 5589 3430 5636 ct

1860 5639 2098 5700 Felcklu.
2130 5645 2183 5714 5,
2208 5646 2366 5717 Μέγα
2392 5639 2825 5720 βοήθημαίιὺὶιι.
2853 5649 2995 5706 Basil
3023 5689 3042 5715 ,
3064 5649 3237 5704 ἔσται.
