3850 6218
949 201 1011 260 S.
1050 200 1425 263 ATHANASII
1464 200 1617 256 OPP.
1658 199 1838 257 PARS
1874 200 1919 254 ἰ.
1958 231 2031 242 —
2064 197 2440 256 HISTORICA
2479 199 2566 255 ET
2610 196 3030 256 DOGMATICA.

3530 199 3643 265 156

378 320 627 395 jusmodi
651 319 887 377 fulcrum
919 318 1167 373 calamus
1200 329 1495 386 quassatus
1530 315 1639 370 illis
1685 324 1790 370 est.
1840 313 1958 370 Cito

2066 331 2152 376 νος
2171 314 2231 366 τὸ
2247 312 2477 386 ἔρεισμα
2498 331 2510 344 ·
2546 312 2985 380 καταγνώσονται
3016 312 3123 385 γὰρ
3157 313 3318 378 εὐθὺς
3337 314 3559 380 ἑαυτῶν,
3580 317 3627 368 εί

382 414 531 470 enim
559 413 882 483 semetipsos
922 417 1052 465 sunt
1104 407 1540 473 condemnaturi,
1586 406 1633 461 si
1675 407 1956 477 proprium

390 506 687 577 Scriptura!
705 504 994 560 didicerint
1016 500 1269 571 loquendi
1288 500 1528 554 modum.
1544 497 1747 568 Nempe
1761 514 1955 569 quem-

389 595 684 652 admodum
745 592 1036 659 Salomon,
1100 589 1316 646 tametsi
1378 589 1525 645 illius
1570 596 1722 655 erat,
1774 597 1958 642 tamen

390 701 585 742 servus
605 694 688 740 est
715 685 931 739 dictus:
966 684 1060 748 ita,
1088 691 1152 737 ut
1188 697 1251 735 ea
1293 696 1416 752 quae
1451 696 1613 750 supra
1645 680 1757 734 dixi
1803 695 1958 749 repe-

384 786 521 844 tam,
555 778 680 833 licet
702 785 977 846 parentes,
1008 774 1170 844 3'73
1199 774 1360 839 ﬁlios,
1388 788 1525 843 quos
1544 788 1611 825 ex
1655 788 1713 827 se
1751 786 1955 841 genue-

383 877 534 935 runt,
562 868 810 933 formari,
831 867 1007 922 creari
1030 874 1085 920 et
1108 865 1223 920 ﬁeri
1261 865 1518 931 dixerint,
1545 872 1723 918 tamen
1746 878 1842 918 eos
1866 879 1958 917 na-

384 969 512 1016 tura
541 961 679 1015 ﬁlios
710 975 837 1016 esse
868 974 977 1014 non
1007 966 1224 1030 negant.
1263 955 1401 1010 Hinc
1431 971 1559 1026 ergo
1590 953 1874 1018 Ezechias,
1897 962 1958 1007 ut

385 1054 529 1124 apud
556 1052 754 1109 lsaiam‘
799 1053 1031 1122 legitur,
1071 1051 1280 1104 orando
1325 1049 1505 1104 aiebat
1552 1066 1565 1101 :
1617 1046 1860 1117 Namque
1890 1046 1953 1100 ab

384 1144 637 1200 hodierno
665 1145 751 1199 die
782 1144 974 1198 liberos
1009 1144 1226 1211 faciam,
1253 1142 1343 1211 qui
1382 1138 1768 1195 aununtiabunt
1796 1139 1957 1208 justi-

383 1237 519 1290 tiam
550 1245 716 1298 tuam,
748 1233 969 1287 Domine
1013 1233 1206 1287 sm’utis
1264 1248 1413 1286 meae.
1449 1233 1570 1301 Ipse
1608 1229 1772 1301 igitur
1799 1229 1953 1295 dixit,

384 1326 582 1396 faciam
603 1327 670 1378 ³⁸.
690 1325 957 1395 Propheta
983 1339 1108 1378 vero
1135 1324 1187 1376 in
1206 1323 1395 1378 eodem
1414 1322 1555 1377 libro
1567 1331 1622 1377 et
1639 1331 1834 1391 quarto
1853 1319 1956 1375 Re-

380 1431 515 1487 gum
533 1415 613 1471 sic
638 1416 880 1484 loquitur
908 1431 925 1471 :
952 1413 1019 1468 Et
1043 1414 1146 1483 ﬁlii
1170 1415 1247 1468 tui
1266 1414 1355 1485 qui
1376 1413 1708 1485 egrediantur
1729 1428 1793 1467 ea:
1820 1420 1868 1466 te
1888 1411 1953 1466 ³⁸.

382 1507 598 1574 Itaque,
625 1506 845 1576 faciam,
870 1521 967 1576 pro
989 1506 1224 1576 gignant,
1252 1504 1556 1576 usurpavit,
1582 1512 1636 1559 et
1655 1519 1750 1560 eos
1771 1504 1863 1574 qui
1889 1518 1957 1559 ex

380 1612 446 1654 se
471 1606 851 1660 nascerentur,
894 1608 1156 1667 tanquam
1184 1597 1275 1667 qui
1296 1596 1485 1651 ﬁerent
1510 1595 1819 1666 appellavit.
1846 1593 1955 1650 Ne-

381 1703 476 1744 mo
501 1698 682 1744 tamen
722 1688 777 1743 in
798 1688 1026 1743 dubium
1062 1688 1361 1752 vocaverit,
1389 1687 1519 1758 quin
1550 1686 1617 1742 de
1651 1686 1761 1741 fetu
1797 1695 1956 1741 natu-

386 1778 488 1834 rali
520 1794 703 1835 sermo
733 1780 1020 1835 habeatur.
1053 1779 1162 1833 Eva
1211 1793 1433 1849 quoque
1468 1787 1755 1848 postquam
1799 1792 1959 1848 pepe-

380 1868 459 1922 rit
508 1868 670 1934 Cain,
719 1868 860 1923 dixit
905 1887 918 1923 :
966 1868 1187 1924 Possedi
1239 1868 1497 1923 hominem
1545 1884 1637 1938 per
1674 1867 1841 1922 Deum
1891 1868 1956 1922 ³⁷.

379 1956 588 2030 Nempe
617 1975 737 2029 pro,
764 1960 961 2030 peperi,
994 1960 1155 2025 dixit,
1178 1959 1406 2029 possedi.
1429 1957 1566 2013 Nam
1593 1960 1719 2030 quia
1742 1960 1958 2028 partum

379 2049 537 2120 prius
561 2049 793 2115 viderat,
823 2049 1172 2119 postmodum
1203 2049 1361 2113 dixit,
1382 2047 1613 2119 possedi.
1646 2047 1755 2103 Nec
1779 2058 1957 2103 tamen

381 2148 605 2210 propter
630 2140 772 2196 hanc
801 2140 1133 2203 dictionem,
1182 2139 1422 2210 possedi,
1471 2139 1844 2194 arbitrandum
1877 2146 1964 2193 est

381 2227 521 2285 Cain
555 2229 897 2287 extrinsecus
936 2241 1176 2301 emptum
1214 2231 1406 2297 fuisse,
1428 2247 1534 2286 non
1574 2244 1705 2285 vero
1735 2246 1799 2284 ex
1842 2229 1957 2299 ipsa

377 2333 505 2375 esse
539 2328 750 2389 natum.
805 2321 1068 2376 Similiter
1114 2320 1427 2391 patriarcha
1466 2318 1635 2375 Jacob
1679 2320 1818 2375 dixit
1867 2317 1962 2373 Jo-

381 2410 516 2480 seph
561 2428 575 2464 ι
625 2410 745 2466 Duo
799 2429 922 2482 ergo
962 2412 1064 2482 filii
1122 2413 1239 2478 tui,
1287 2415 1377 2483 qui
1433 2412 1530 2466 tibi
1577 2412 1706 2480 facti
1730 2418 1853 2465 sunt
1904 2411 1962 2464 in

382 2500 665 2571 digypto,
742 2514 1027 2573 antequam
1109 2504 1333 2556 uenirem
1396 2502 1466 2555 ad
1550 2510 1598 2556 te
1663 2503 1718 2555 in
1773 2500 1959 2572 Αἴθῃ-

381 2600 567 2660 ptum,
620 2591 722 2644 mei
754 2600 897 2652 sunt,
942 2590 1198 2660 Epliraim
1241 2600 1289 2644 et
1329 2589 1601 2642 Manasses
1643 2589 1709 2643 ³⁸.
1747 2589 1823 2644 De
1857 2589 1960 2646 Job

384 2678 519 2733 item
548 2678 664 2733 haec
692 2680 853 2733 habet
883 2678 1165 2749 Scriptura
1196 2698 1208 2732 :
1256 2677 1411 2732 Facti
1449 2687 1571 2731 sunt
1592 2680 1640 2731 ei
1666 2689 1864 2748 septem
1890 2681 1959 2749 fi-

378 2768 445 2823 lii
474 2780 521 2824 et
543 2780 647 2824 tres
670 2769 799 2839 ﬁlia:
817 2769 884 2826 δ’.
910 2769 1029 2835 Quo
1057 2770 1221 2824 etiam
1249 2770 1409 2825 modo
1435 2769 1646 2840 Moyses
1668 2770 1721 2823 in
1742 2770 1856 2840 lege
1880 2771 1960 2825 lo-

2062 403 2283 473 μάθοιεν
2313 404 2376 456 τὸ
2404 403 2501 473 τῆς
2530 403 2754 475 Γραφῆς
2786 404 2999 475 ἰδίωμα.
3020 404 3128 457 Kal
3152 404 3261 478 γὰρ
3283 405 3479 476 ὥσπερ
3509 405 3625 459 δοῦ-

2058 493 2149 558 λος
2165 493 2384 562 λέγεται
2407 496 2436 546 6
2466 493 2715 566 Σολομὼν
2748 494 2880 566 (58),
2916 494 3116 567 καίπερ
3146 494 3221 549 ὢν
3249 496 3364 560 υἱός
3382 514 3394 526 ·
3436 496 3624 563 οὕτως,

2060 583 2147 637 ἵνα
2176 582 2246 636 τὰ
2280 586 2337 636 ὲν
2365 586 2475 646 τοῖς
2496 584 2777 655 προτέροις
2804 585 3067 657 εἰρημένα
3093 586 3254 639 πάλιν
3284 586 3544 658 εἴπωμεν,
3580 590 3625 641 εἰ

2057 675 2154 729 κα)¹
2188 677 2548 747 ποιουμένους
2568 676 2663 729 καὶ
2688 676 3036 746 κτιζομένους
3057 677 3149 730 καὶ
3168 676 3482 747 γινομένους
3505 677 3627 740 τοὺς

2057 765 2117 831 ἐξ
2141 766 2346 819 ἑαυτῶν
2376 766 2488 838 (59)
2511 767 2810 837 φυομένους
2827 768 2972 829 υἱοὺς
2988 766 3195 835 λέγοιεν
3215 769 3265 820 οἱ
3289 770 3488 836 γονεῖς,
3512 768 3571 820 οὐ
3599 796 3623 806 -

2054 858 2143 912 δὲν
2171 855 2333 929 ἦττον
2360 861 2458 912 οὐκ
2485 860 2771 930 ἀρνοῦνται
2795 852 2892 930 τὴν
2918 860 3096 929 φύσιν.
3114 862 3171 913 Ὀ
3200 860 3328 929 γοῦν
3365 858 3625 929 Ἐζεκίας,

2056 951 2131 1014 ὡς
2147 953 2203 1004 ὲν
2229 951 2306 1021 τῷ
2336 951 2531 1023 Ἡσαΐᾳ
2562 952 2889 1023 γέγραπται,
2922 953 3213 1023 εὐχόμενος
3246 952 3426 1021 ἔλεγεν
3447 969 3461 983 ο
3497 950 3627 1004 Ἀπὸ

2054 1045 2164 1115 γὰρ
2182 1045 2288 1114 τῆς
2297 1044 2561 1116 σήμερον
2572 1046 2776 1099 παιδία
2790 1044 3040 1113 ποιήσω,
3056 1046 3095 1099 ἃ
3107 1045 3506 1114 ἀναγγελοῦσι
3518 1045 3629 1112 τὴν

2055 1140 2445 1206 δικαιοσύνην
2457 1153 2572 1191 σου
2582 1139 2773 1207 ,Κύριε
2787 1137 2897 1206 τῆς
2907 1137 3200 1204 σωτηρίας
3208 1138 3460 1206 μου.Καὶ
3470 1136 3629 1201 αὐτὸς

2061 1232 2159 1303 μὲν
2193 1231 2370 1299 ἔλεγε,
2388 1229 2649 1296 ποιήσω’
2681 1233 2710 1283 6
2728 1230 2785 1284 δὲ
2808 1232 3091 1301 προφήτης
3119 1229 3175 1282 ἓν
3204 1246 3264 1281 τε
3283 1228 3431 1299 αὐτῷ
3451 1228 3527 1299 τῷ
3551 1228 3629 1299 βι-

2061 1323 2197 1396 ϐλίῳ
2224 1324 2358 1393 (60),
2389 1324 2484 1378 καὶ
2508 1326 2574 1395 τῇ
2598 1323 2833 1395 τετάρτῃ
2856 1321 2966 1376 τῶν
2994 1321 3288 1376 Βασιλειῶν
3309 1322 3449 1376 οὕτω
3476 1321 3625 1392 φησί·

2058 1416 2172 1471 Kal.
2218 1419 2273 1468 oi
2306 1415 2426 1469 vlol
2451 1429 2590 1479 σου,
2635 1415 2692 1469 οἳ
2736 1414 3160 1479 ἐξελεύσονται
3186 1413 3256 1466 ἐκ
3297 1412 3435 1467 σοῦ.
3489 1413 3631 1467 ’Δντὶ

2056 1506 2150 1561 τοῦ
2179 1503 2545 1577 γεννᾷν,ἄρα
2577 1505 2661 1568 τὸ,
2693 1503 2926 1571 ποιήσω
2948 1543 2964 1569 ,
3013 1503 3202 1576 εἴρηκε
3228 1519 3242 1533 ·
3285 1502 3380 1555 καὶ
3416 1504 3541 1565 τοὺς
3572 1501 3631 1568 ἐξ

2057 1598 2223 1653 αὐτοῦ
2254 1597 2574 1668 φυομένους,
2600 1596 2677 1660 ὡς
2710 1595 3064 1666 ποιουμένους
3096 1593 3249 1665 φησί.
3275 1593 3385 1647 Kal
3413 1593 3474 1645 οὐ
3511 1592 3629 1646 δια-

2062 1690 2291 1761 φέρεταί
2319 1707 2425 1754 τις,
2456 1689 2533 1753 ὡς
2560 1691 2690 1761 περὶ
2719 1688 2813 1742 τοῦ
2847 1687 3007 1758 φύσει
3034 1686 3372 1757 γεννήματός
3411 1688 3556 1739 ἐστιν
3592 1687 3628 1757 ἡ

2058 1782 2203 1847 λέξις
2245 1781 2377 1854 (61).
2416 1782 2525 1836 Καὶ
2575 1780 2689 1853 Εὕα
2735 1781 2792 1834 δὲ
2829 1780 3063 1834 τεκοῦσα
3094 1779 3185 1832 τὸν
3216 1778 3392 1843 Κάῖν,
3438 1773 3629 1831 εἶπεν

2071 1874 2455 1944 Ἕκτησάμην
2483 1874 2795 1942 ἄνθρωπον
2834 1871 2933 1926 διὰ
2976 1871 3083 1925 τοῦ
3118 1870 3286 1925 Θεοῦ.
3348 1869 3492 1922 ’Λντὶ
3511 1867 3632 1934 τοῦ,

2057 1966 2272 2031 τεκεῖν,
2290 1968 2399 2038 ἄρα
2420 1967 2515 2019 καὶ
2530 1963 2668 2036 αὐτὴ
2691 1965 2771 2025 τὸ,
2788 1961 3156 2032 ἐκτησάμην,
3172 1960 3380 2033 εἴρηκε.
3399 1959 3510 2014 Kal
3523 1960 3635 2031 γὰρ

2058 2056 2321 2129 πρότερον
2361 2052 2544 2108 ἰδοῦσα
2583 2053 2679 2106 τὸν
2712 2051 2892 2116 τόκον,
2921 2049 3146 2122 ὕστερον
3174 2042 3296 2101 εἷπε
3327 2045 3389 2099 τὸ
3410 2087 3426 2112 ,
3457 2046 3635 2114 ἐκτη-

2058 2146 2297 2216 σάμην.
2325 2144 2439 2199 Kal
2470 2143 2530 2197 οὐ
2564 2142 2653 2196 διὰ
2683 2142 2744 2195 τὸ
2763 2181 2778 2205 ,
2808 2138 3161 2208 ἐκτησάμην
3192 2137 3327 2209 (62),
3365 2136 3637 2207 νομίσειεν

2065 2237 2131 2309 ᾆν
2158 2253 2242 2300 τις
2274 2234 2473 2302 ἔξωθεν
2500 2232 2804 2305 ἠγοράσθαι
2835 2231 2927 2287 τὸν
2954 2231 3117 2295 1(an,
3155 2229 3250 2283 καὶ
3280 2228 3354 2299 μὴ
3376 2226 3436 2292 ἐξ
3467 2227 3637 2301 αὐτῆς

2056 2324 2326 2396 τετέχθαι.
2369 2324 2480 2377 Kal
2519 2325 2549 2376 6
2601 2323 2941 2394 πατριάρχης
3000 2321 3058 2375 δὲ
3113 2317 3306 2374 Ἰακὼό
3357 2318 3510 2386 ἔλεγε
3555 2317 3636 2388 τῷ

2069 2418 2270 2488 Ἰωσήφ
2290 2434 2304 2447 ·
2346 2416 2475 2471 Νῦν
2507 2410 2623 2470 οὖν
2657 2412 2765 2484 (65)
2799 2416 2853 2466 οἱ
2886 2411 2994 2466 δύο
3033 2410 3152 2464 υἱοί
3180 2424 3318 2474 σου,
3362 2410 3418 2462 οἱ
3468 2408 3637 2477 γενό-

2053 2510 2226 2580 μενοί
2262 2523 2363 2563 σοι
2385 2506 2759 2575 ἐνΑἰγύπτῳ,
2787 2502 2900 2572 πρὸ
2931 2501 3038 2556 τοῦ
3054 2519 3131 2571 με
3155 2500 3354 2555 ἐλθεῖν
3389 2499 3537 2568 πρὸς
3559 2496 3638 2553 σὲ

2056 2602 2145 2666 εις
2160 2599 2484 2668 Αἴγυπτον,
2503 2595 2635 2665 ἐμοί
2662 2596 2841 2658 εἰσιν,
2880 2591 3130 2661 Ἐφραῒμ
3154 2590 3253 2645 καὶ
3274 2587 3632 2655 Μανασσῆς.

2058 2692 2169 2746 Kal
2205 2692 2239 2762 ἡ
2278 2688 2471 2760 Γραφὴ
2501 2687 2559 2740 δὲ
2601 2687 2729 2757 περὶ
2774 2684 2867 2738 τοῦ
2910 2683 3030 2737 Ἷώϐ
3074 2698 3270 2752 φησιν·
3329 2681 3638 2750 Ἐγένοντο

2056 2782 2218 2849 αὐτῷ
2255 2781 2367 2853 (64)
2406 2779 2522 2835 υἱοὶ
2551 2778 2722 2841 ἑπτὰ,
2764 2775 2863 2832 καὶ
2893 2773 3210 2844 θυγατέρες
3236 2772 3417 2841 τρεῖς
3446 2771 3637 2842 ὥσπερ

383 2866 548 2915 cutus
580 2869 664 2915 est
692 2877 707 2915 :
736 2856 797 2914 Si
824 2858 990 2914 alicui
1032 2860 1136 2931 ﬁlii
1173 2860 1305 2930 facti
1336 2859 1556 2929 fuerint,
1597 2866 1672 2925 et,
1699 2859 1745 2912 si
1776 2858 1956 2929 fecerit

2066 2875 2150 2929 καὶ
2172 2872 2412 2943 Μωῦσῆς
2445 2869 2664 2940 εἴρηκεν
2701 2870 2758 2920 ὲν
2788 2866 2865 2938 τῷ
2897 2866 3065 2937 νόμῳ*
3102 2866 3235 2919 Ἐὰν
3258 2864 3326 2917 δὲ
3350 2859 3636 2934 γένωθται
3724 2862 3732 2867 ’

380 2951 587 3023 ﬂium.

455 3040 512 3096 5.
542 3037 622 3092 En
651 3053 781 3109 ergo
807 3038 882 3092 illi
917 3054 1033 3105 eos,
1073 3039 1166 3109 qui
1193 3039 1359 3110 geniti
1388 3048 1535 3103 sunt,
1577 3039 1749 3095 factos
1776 3050 1828 3094 et
1851 3038 1961 3095 for-

384 3144 566 3190 matos
591 3134 949 3203 appellavere,
980 3134 1181 3204 quippe
1211 3135 1302 3204 qui
1339 3152 1445 3191 non
1480 3136 1797 3207 ignorarent
1824 3138 1963 3192 nihil

384 3225 609 3290 referre,
636 3225 681 3279 si
715 3225 781 3279 de
812 3225 937 3279 ﬁliis
959 3226 1192 3293 dicatur,
1234 3227 1370 3295 facti
1399 3238 1542 3293 sunt,
1582 3230 1813 3298 possedi,
1852 3231 1960 3297 vel,

387 3317 518 3388 feci,
548 3317 708 3370 modo
750 3316 890 3369 lilios
918 3331 1012 3371 eos
1051 3333 1173 3372 esse
1202 3319 1551 3376 concedatur.
1592 3319 1835 3392 Namque
1867 3339 1965 3377 na-

388 3415 511 3461 tura
535 3415 591 3459 et
620 3406 822 3458 veritas
876 3415 1112 3458 mentem
1147 3406 1213 3459 ad
1243 3422 1302 3461 se
1350 3407 1762 3478 intelligendum
1796 3420 1956 3466 attra-

387 3494 548 3551 hunt.
580 3493 846 3562 Quocirca
882 3495 929 3549 si
951 3495 1042 3563 qui
1074 3496 1349 3566 disputent
1378 3509 1558 3554 utrum
1594 3500 1855 3557 Dominus
1876 3517 1967 3558 res

387 3583 534 3641 fleta
560 3585 646 3639 vel
678 3595 860 3641 creata
890 3587 983 3649 sit,
1013 3588 1187 3653 primo
1225 3592 1295 3643 ab
1331 3590 1437 3647 illis
1473 3593 1826 3662 quaerendum
1860 3603 1963 3660 est,

388 3691 521 3732 num
542 3675 633 3732 ille
656 3676 728 3731 sit
753 3677 946 3739 Filius,
981 3675 1213 3732 Verbum
1254 3690 1308 3735 et
1332 3680 1611 3751 Sapientia
1632 3683 1656 3736 ?
1675 3683 1789 3739 Hoc
1811 3686 1955 3739 enim

387 3768 623 3839 probato
640 3784 763 3823 mox
789 3770 1065 3823 evanescit
1090 3771 1271 3826 omnis
1299 3771 1400 3827 hac
1423 3774 1488 3827 de
1510 3790 1568 3828 re
1588 3776 1847 3845 suspicio.
1864 3777 1967 3832 Ne-

390 3873 503 3930 que
522 3856 668 3913 enim
695 3874 781 3912 res
811 3856 977 3922 facta,
1017 3857 1193 3914 Filius
1222 3868 1277 3914 et
1327 3859 1564 3915 Verbum
1604 3875 1783 3933 potest
1808 3881 1964 3931 esse;

389 3964 570 4019 neque
600 3950 802 4020 pariter
837 3948 1030 4012 Filius,
1080 3967 1168 4006 res
1214 3950 1357 4006 facta
1410 3970 1534 4009 esse
1586 3967 1784 4025 potest.
1835 3957 1968 4025 Quae

389 4055 516 4094 cum
568 4040 643 4095 ita
691 4040 819 4103 sint,
856 4040 1102 4109 profecto
1147 4044 1402 4098 omnibus
1452 4054 1603 4114 patet
1649 4048 1749 4103 has
1782 4064 1965 4116 voces,

387 4133 481 4205 qui
515 4132 641 4203 fecit
682 4132 859 4196 illum,
892 4132 1041 4187 nullo
1080 4133 1396 4201 adjumeuto
1429 4136 1497 4190 ad
1537 4137 1753 4193 illorum
1798 4141 1970 4195 haere-

388 4224 495 4279 sim
522 4240 665 4291 esse,
702 4223 797 4278 sed
835 4241 954 4279 eam
1002 4225 1088 4281 his
1141 4227 1324 4296 potius
1371 4230 1746 4286 condemnari.
1796 4232 1971 4301 Siqui-

1985 3000 2027 3058 ο
2058 2982 2173 3020 τινι
2206 2963 2325 3018 υἱοί
2349 2980 2362 2994 ·
2392 2962 2509 3024 καὶ,
2539 2961 2648 3014 ἐὰν
2671 2957 2897 3026 ποιήσῃ
2925 2956 3080 3058 vidis.

2133 3052 2184 3105 5.
2239 3051 2371 3105 Ἰδοὺ
2420 3049 2581 3105 πάλιν
2622 3048 2749 3113 τοὺς
2795 3045 3172 3117 γεννηθέντας,
3205 3043 3280 3108 ὡς
3311 3043 3639 3116 γενομένους

2062 3144 2158 3197 καὶ
2189 3142 2512 3213 ποιηθέντας
2541 3142 2825 3211 εἰρήκασιν
2849 3176 2864 3201 ,
2903 3137 3135 3200 εἰδότες,
3178 3136 3260 3190 ὅτι
3298 3136 3401 3199 ἕως
3442 3136 3637 3206 ὁμολο-

2062 3234 2286 3303 γοῦνται
2315 3232 2421 3285 υἱοὶ
2456 3231 2589 3303 (65),
2634 3229 2739 3283 κᾶν
2779 3228 2911 3301 λέγῃ
2940 3245 3044 3294 τις,
3083 3226 3380 3297 ἐγένοντο,
3407 3227 3439 3299 ἥ
3465 3226 3643 3296 ἐκτη-

2063 3327 2287 3395 σάμην,
2328 3326 2360 3396 ἢ
2393 3325 2674 3391 ἐποίησα,
2711 3321 2861 3374 οὐδὲν
2905 3318 3173 3389 διαφέρει.
3230 3319 3295 3371 Ἠ
3330 3318 3439 3389 γὰρ
3477 3316 3642 3386 φύσις

2064 3419 2160 3473 xal
2209 3420 2242 3488 ἡ
2292 3417 2518 3488 ἀλήθεια
2557 3414 2705 3467 ἕλκει
2743 3411 2839 3482 τὴν
2876 3409 3114 3463 διάνοιαν
3179 3410 3258 3471 εἰς
3290 3409 3510 3479 ἑαυτήν.
3547 3407 3642 3461 Διὸ

2065 3512 2159 3567 καὶ
2189 3509 2327 3583 πρὸς
2357 3510 2485 3573 τοὺς
2516 3506 2833 3578 ζητοῦντας,
2865 3504 2914 3557 εί
2948 3504 3153 3573 κτίσμα
3174 3501 3269 3554 κα)⁵
3297 3499 3508 3569 ποίημά
3526 3497 3644 3572 (66)

2064 3600 2213 3652 ἐστιν
2236 3600 2265 3651 6
2308 3597 2535 3669 Κύριος,
2587 3595 2693 3666 χρὴ
2746 3592 3011 3664 πρότερον
3050 3590 3231 3661 ζητεῖν
3263 3590 3312 3641 εἰ
3345 3588 3474 3652 Υἱός
3499 3591 3656 3654 ἐστι,

2066 3692 2160 3744 καὶ
2193 3690 2385 3757 Λόγος,
2422 3687 2516 3740 καὶ
2543 3685 2732 3753 Σοφία.
2770 3682 2985 3735 Τούτων
3008 3680 3116 3752 γὰρ
3140 3678 3643 3749 ἀποδεικνυμένων,

2067 3780 2390 3834 ἐκϐάλλεται
2419 3777 2581 3839 εὐθὺς
2611 3776 2703 3827 καὶ
2731 3772 2966 3827 παύεται
2994 3773 3027 3841 ἡ
3063 3771 3191 3842 περὶ
3217 3768 3311 3822 τοῦ
3336 3770 3648 3839 ποιήματος

2066 3873 2161 3926 καὶ
2194 3872 2493 3941 κτίσματος
2538 3867 2790 3921 ὑπόνοια·
2835 3864 2960 3919 οὕτε
3009 3862 3118 3933 γὰρ
3166 3861 3228 3916 τὸ
3271 3861 3482 3932 ποίημα
3512 3861 3647 3926 Υἱὸς

2066 3964 2161 4016 καὶ
2189 3962 2358 4031 Λόγος
2385 3959 2450 4014 ἂν
2483 3959 2591 4031 εἴη,
2622 3956 2745 4010 οὔτε
2788 3958 2817 4009 6
2854 3954 2982 4018 Υἱὸς
3018 3954 3227 4025 ποίημα
3272 3951 3382 4023 (67)
3425 3952 3493 4005 ἂν
3530 3953 3646 4024 εἴη.

2067 4053 2285 4106 Τούτων
2311 4052 2367 4105 δὲ
2395 4050 2556 4103 πάλιν
2572 4048 2743 4111 οὕτως
2763 4047 2957 4109 ὄντων,
2989 4045 3201 4116 φανερὰ
3226 4046 3390 4097 πᾶσιν
3420 4044 3649 4096 ἀπόδειο-

2068 4146 2170 4213 εις,
2202 4145 2277 4209 ὡς
2300 4146 2332 4215 ἡ
2359 4143 2500 4208 λέξις
2522 4145 2555 4212 ἡ
2572 4142 2822 4210 λέγουσα,
2843 4139 2922 4204 τῷ
2944 4137 3263 4204 ποιήσαντι
3282 4136 3489 4201 αὑτὸν,
3521 4137 3631 4190 οὐκ

2071 4236 2150 4297 εἰς
2167 4233 2351 4304 ὄνησίν
2370 4234 2486 4285 ἐστι
2506 4234 2573 4302 τῇ
2603 4230 2810 4301 αἱρέσει
2833 4226 3033 4293 αὐτῶν,
3051 4226 3185 4280 ἀλλὰ
3205 4224 3400 4296 μᾶλλον
3430 4226 3513 4289 είς
3542 4242 3652 4280 κα-

389 4316 515 4372 dem
548 4326 833 4372 oslensum
862 4329 948 4372 est
977 4317 1227 4382 verbum,
1260 4319 1406 4389 fecit,
1440 4322 1604 4375 etiam
1634 4339 1759 4377 cum
1787 4325 1852 4379 de
1882 4342 1958 4379 ve-

2069 4324 2360 4392 τάγνωσιν.
2394 4322 2669 4374 Δέδεικται
2700 4319 2811 4391 γὰρ
2841 4320 2922 4371 ὅτι
2956 4319 2989 4388 ή
3019 4317 3134 4382 τοῦ,
3173 4316 3443 4383 ἐποίησε,
3475 4316 3650 4383 λέξις,

391 4407 474 4463 ris
494 4416 551 4464 et
578 4408 923 4463 naturalibus
964 4408 1091 4462 iiliis
1126 4409 1186 4463 ﬁt
1235 4412 1459 4474 mentio,
1504 4429 1534 4467 a
1575 4410 1856 4483 Scriptura
1884 4416 1967 4469 di-

388 4501 517 4556 vina
559 4501 841 4571 usurpari;
894 4501 1036 4556 unde
1076 4517 1198 4555 cum
1247 4505 1535 4574 probatum
1578 4506 1649 4561 sit
1680 4506 1969 4563 Dominum

2071 4418 2164 4471 καὶ
2192 4414 2414 4468 ἐπὶτῶν
2458 4412 2695 4483 γνησίων
2735 4411 2830 4463 κα)⁸
2879 4408 3038 4477 φύσει
3090 4408 3295 4461 τέκνων
3340 4408 3396 4459 ὲν
3430 4410 3497 4479 τῇ
3525 4408 3654 4480 θείᾳ

2077 4513 2252 4565 κεῖται
2287 4508 2397 4579 (68)
2425 4506 2650 4577 Γραφῇ·
2676 4503 2797 4557 ὃθεν
2832 4500 2925 4555 τοῦ
2953 4500 3159 4572 Κυρίου
3185 4499 3653 4570 ἀποδεικνυμένου

462 4638 509 4671 ³⁸
541 4635 668 4718 lsai.
703 4654 934 4718 xxxviii,
973 4638 1064 4718 l9,
1090 4639 1243 4710 juxta
1283 4640 1449 4699 LXX.
1523 4645 1569 4678 ⁸⁸
1619 4645 1747 4703 lsai.
1808 4666 1958 4704 χχχι]

2066 4651 2118 4716 ῖ;
2174 4647 2242 4702 IV
2278 4647 2411 4718 Reg.
2452 4664 2545 4713 xx,
2581 4645 2667 4701 18.
2742 4630 2789 4675 ⁸’ί
2846 4642 3047 4697 Genes.
3091 4654 3167 4707 ιν,
3217 4639 3273 4696 1.
3345 4638 3391 4671 ³⁸
3443 4636 3655 4694 Genes.

389 4725 580 4777 xum,
606 4708 660 4763 5.
737 4709 782 4742 ³⁸
807 4709 932 4765 Job.
969 4725 1008 4777 ι,
1029 4711 1086 4764 2.

462 4842 576 4915 (58)
617 4843 867 4915 §eguer.,
896 4844 1116 4915 λέγεται
1148 4842 1420 4915 Σολομῴν.

465 4912 578 4984 (59)
617 4912 1203 4984 Sic'Seguer.’G0bler.
1236 4912 1459 4969 et‘Felc.
1485 4915 1537 4967 1.
1568 4912 1761 4969 (Σπιθτί
1782 4924 1838 4971 et
1858 4916 1964 4971 edi-

392 4984 474 5041 tio
499 4983 790 5050 C0mmel.,
820 4983 881 5051 ἒξ
916 4984 1117 5038 αὐτῶν.

618 5053 843 5129 Segner.
875 5054 1094 5129 quler.
1127 5063 1184 5110 et
1211 5052 1360 5129 Felc.
1399 5052 1511 5129 ‘l_et
1543 5052 1597 5116 4,
1622 5053 1680 5107 ὲν
1710 5053 1788 5129 τῷ
1802 5056 1967 5129 ῌαύτῷ

395 5121 588 5197 prauo
615 5121 715 5197 καῖ
734 5127 792 5178 ἐν
826 5128 915 5196 τῇ.
941 5125 1076 5197 Ibid.
1107 5140 1204 5197 pro
1235 5122 1398 5197 οὓτῳ,
1432 5121 1655 5193 Seguer.
1689 5121 1858 5196 αὐτῷ.

470 5141 540 5177 Mt
615 5141 710 5178 και
734 5141 792 5178 εν
826 5141 915 5196 τη.
943 5141 1076 5179 ιοια.
1107 5141 1204 5194 pro
1235 5141 1398 5185 ουτω,
1432 5141 1479 5176 δι

470 5141 588 5264 (ίίῖ)ι
623 5180 935 5264 δοευεν.’θι
956 5194 1101 5248 Felc.
1138 5194 1194 5258 4,
1228 5195 1257 5246 ὁ
1289 5193 1479 5261 Λόγος.

468 5263 583 5334 (62)
618 5263 835 5320 Gobler.
879 5274 935 5320 et
963 5265 1108 5320 Felc.
1149 5265 1174 5318 1
1223 5265 1503 5329 omittunt,
1544 5264 1638 5317 καὶ
1679 5264 1740 5317 οὐ
1778 5263 1866 5334 διᾴ
1889 5265 1970 5333 τὸ,

396 5331 958 5410 εκτησαμην-κῐίᾶεῐη
998 5335 1158 5410 paulo
1207 5345 1332 5410 ante
1376 5335 1458 5388 sic
1502 5334 1784 5410 _scribuut,
1838 5331 1970 5410 ἆρα.

395 5403 544 5461 Felc.
566 5403 632 5475 A5,
661 5403 771 5475 [bid
801 5444 815 5467 ,
843 5407 904 5459 οὐ
934 5404 1204 5475 διὰίτοῦτο
1218 5404 1297 5469 τὸ,
1315 5404 1653 5475 ἐκτησάμην.

494 5473 585 5530 65)
624 5470 731 5528 Οὗν
762 5476 917 5530 abest
946 5491 979 5530 a
1012 5474 1232 5530 Gohler.
1261 5486 1314 5529 et
1349 5470 1495 5529 Fel'e.
1528 5470 1579 5527 ἰ.

368 5609 372 5613 ,
436 5543 585 5616 ,(64)
622 5543 771 5601 Felc.
809 5544 865 5608 2,
901 5561 1026 5616 eum
1070 5546 1231 5600 editis
1261 5545 1471 5616 omittit
1510 5543 1862 5616 αὐτῷ,‹ιυοι1
1915 5544 1969 5599 in

400 5613 525 5673 aliis
552 5613 688 5673 mss.
719 5615 978 5672 omnibus
1008 5615 1226 5688 legitur.
1259 5614 1382 5671 Mox
1413 5613 1641 5687 Seguch
1670 5613 1888 5674 Gobler.
1917 5624 1972 5671 et

2078 4847 2239 4929 171916ζ
2278 4848 2328 4911 1,
2372 4845 2563 4918 ὥσπερ
2603 4847 2696 4901 xal
2737 4847 2962 4919 Μωσῆς.
3003 4844 3111 4898 Alii
3152 4852 3207 4900 et
3257 4843 3405 4908 editi,
3452 4844 3662 4917 ,ὥσπερ

2071 4919 2551 5056 MtiiiP-ig)";.Seguer.,
2582 4988 2632 5040 oi
2665 4986 2789 5040 υίοί.
2810 4984 2929 5039 Mox
2962 4984 3108 5041 Felc.
3141 4986 3198 5049 2,
3239 4999 3338 5053 pro
3378 4983 3660 5056 ἐγένοντο,

2072 5059 2220 5128 utin
2242 5054 2245 5055 ⁷
2268 5054 2399 5112 aliis
2424 5059 2623 5128 legitur
2653 5073 2785 5112 mss.
2835 5057 3157 5112 habetcum
3195 5056 3326 5110 edit.
3376 5054 3659 5121 Commel.

2069 5127 2304 5196 ἐγένετο.
2492 5127 2498 5128 “

2078 5266 2083 5267 ί
2146 5196 2256 5266 (66)
2285 5195 2420 5267 Reg.
2464 5205 2518 5251 et
2554 5194 2699 5267 Felc.
2731 5196 2783 5260 5,
2821 5195 3094 5267 ποίημαῆ

2071 5266 2216 5338 Βίοις
2238 5277 2291 5338 et
2310 5265 2458 5338 fele.
2497 5268 2548 5333 1,
2581 5266 2815 5338 ζητείνῆ
2841 5265 2989 5338 Υἱός.

2149 5336 2260 5407 (67)
2303 5336 2534 5407 Seguer.
2575 5335 3059 5391 GoblerletFelc.
3104 5335 3160 5400 1,
3206 5335 3481 5407 adducti}
3533 5337 3668 5390 κτί-

2079 5424 2515 5547 cpiatlihLGoblerj
2542 5482 2596 5530 et
2620 5473 2780 5547 _Fele.
2824 5474 2876 5538 1,
2901 5475 3171 5547 καλεῖται.
3198 5473 3386 5547 Paulo
3406 5483 3535 5544 post
3557 5470 3669 5528 Se—

2078 5544 2233 5617 guer.
2261 5544 2394 5615 Reg.
2428 5544 2573 5600 Felc.
2605 5544 2661 5606 4,
2691 5544 2847 5616 φύσει
2874 5547 2966 5601 καὶ
2996 5545 3243 5617 γνησίου.
3284 5544 3391 5600 Alii
3432 5558 3569 5601 vero
3612 5550 3675 5598 et

2078 5616 2229 5685 editi,
2261 5615 2421 5686 φύσει
2457 5616 2701 5687 γνησίου.

3130 5194 3354 5265 κτίσμα.
3379 5192 3505 5249 Mox
3545 5192 3669 5249 Go-
