3850 6218
226 315 337 373 !57

1370 309 1632 370 ORATIO
1670 309 1714 364 ll
1752 307 2032 365 CONTRA
2070 302 2394 361 ARIANOS.

3381 293 3490 352 158

229 428 398 505 φύσει
426 430 521 485 καὶ
542 412 765 501 maloa
804 427 956 495 Υἱοῦ,
984 428 1179 498 Λόγου,
1209 428 1302 481 καὶ
1327 427 1528 497 Σοφίας
1565 426 1659 482 τοῦ
1701 424 1804 478 Πα-

1916 421 2218 477 naturalem
2252 433 2554 489 verumque
2578 415 2776 472 Filium
2805 457 2821 482 ,
2848 413 3087 469 Verbum
3111 455 3129 479 ,
3172 422 3335 483 atque
3383 411 3487 468 Sa-

229 523 386 597 τρὸς,
414 521 520 576 κᾶν
568 522 793 593 λέγηται
836 523 922 574 ἐπ’
972 516 1139 574 αὐτοῦ
1182 519 1265 587 τὸ,
1309 520 1630 589 ἐποίησεν,
1660 517 1693 590 ἢ
1725 518 1804 583 τὸ,

231 611 473 682 ἐγένετο
515 611 649 680 (69),
676 613 776 681 οὐχ
816 610 893 676 ὡς
936 613 1239 683 ποιήματος
1273 610 1426 675 ὄντος
1462 611 1628 665 αὐτοῦ
1656 611 1809 680 λέγε-

230 718 348 767 ται,
380 703 496 757 ἀλλ’
526 702 837 776 ἀδιαφόρως
880 705 947 775 τῇ
985 701 1129 769 λέξει
1175 706 1414 775 χρῶνται
1451 705 1500 757 οἱ
1537 704 1703 773 ἅγιοι,
1733 702 1808 767 ὡς

230 793 330 846 ἐπὶ
366 793 463 846 τοῦ
505 794 838 865 Σολομῶνος,
877 797 974 850 καὶ
1014 794 1124 849 τῶν
1163 794 1402 866 Ἐζεκίου
1438 795 1666 850 τέκνων.
1700 795 1809 848 Καὶ

230 885 346 957 γὰρ
375 886 471 939 καὶ
495 886 675 938 αὐτῶν
709 887 1085 957 γεννησάντων
1116 885 1175 952 ἐξ
1207 887 1434 952 ἑαυτῶν,
1459 887 1766 960 γέγραπται
1790 903 1803 916 ο

226 976 512 1046 ἐποίησα,
548 978 643 1032 καὶ
675 978 1191 1051 (70),ἑκτησάμην,
1228 980 1343 1043 καὶ,
1376 979 1632 1051 ἐγένετο.
1669 981 1810 1035 Οὐκ-

228 1068 328 1123 οῦν
378 1068 451 1123 τὰ
495 1070 722 1124 τοιαῦτα
757 1069 986 1136 λεξείδια
1021 1069 1284 1135 πολλάκις
1330 1074 1806 1144 προφασισάμενοι

227 1160 282 1214 oi
315 1158 597 1230 θεομάχοι,
623 1159 898 1230 ὀφείλουσι
926 1159 1028 1214 κᾶν
1061 1160 1158 1230 ὀψέ
1190 1175 1320 1214 ποτε
1349 1161 1414 1215 ὲκ
1437 1159 1547 1215 τῶν
1580 1161 1807 1233 είρημέ-

230 1269 338 1305 νων
358 1252 661 1306 ἀποθέσθαι
676 1252 775 1324 τὴν
796 1252 964 1321 ἀσεϐῆ
987 1254 1265 1325 φρόνησιν,
1289 1255 1383 1307 καὶ
1398 1254 1664 1326 φρονῆσαι
1680 1254 1808 1326 περὶ

228 1341 326 1394 τοῦ
358 1342 568 1413 Κυρίου
602 1342 832 1406 sum;
856 1342 968 1414 (71)
1000 1345 1146 1395 ἐστιν
1186 1344 1437 1414 ἀληθινὸς
1463 1385 1477 1410 ,
1510 1346 1680 1414 Λόγος
1714 1348 1808 1401 καὶ

229 1428 409 1500 Σοφία
445 1431 542 1485 τοῦ
573 1433 807 1502 Πατρὸς,
837 1433 899 1485 οὐ
934 1432 1165 1504 ποίημα,
1210 1435 1270 1486 οὐ
1305 1435 1530 1506 κτίσμα.
1580 1436 1644 1488 Ei
1700 1435 1806 1508 γὰρ

229 1520 445 1591 ποίημά
487 1522 638 1574 ἐστιν
671 1523 699 1575 6
750 1522 896 1586 Υἱὸς,
920 1522 978 1575 ὲν
1010 1522 1149 1592 ποίῳ
1176 1519 1285 1595 ἆρα
1308 1523 1450 1595 λόγῳ
1478 1525 1573 1579 καὶ
1609 1524 1720 1598 (72)
1748 1527 1807 1579 ὲν

230 1610 363 1683 ποίᾳ
389 1612 555 1683 σοφίᾳ
586 1613 817 1682 γέγονεν
847 1614 1038 1680 αὐτός;
1070 1612 1255 1669 Πάντα
1285 1615 1393 1688 γὰρ
1420 1616 1490 1670 τὰ
1528 1619 1809 1688 ποιήματα

228 1702 322 1758 διὰ
351 1704 448 1756 τοῦ
480 1704 658 1773 Λόγου
681 1706 775 1758 καὶ
804 1707 903 1778 τῆς
930 1707 1131 1777 Σοφίας
1158 1707 1372 1777 γέγονε,
1400 1708 1584 1774 καθὼς
1604 1709 1807 1780 γέγρα-

230 1812 387 1849 πταιο
417 1794 622 1849 Πάντα
648 1796 720 1850 ἐν
751 1800 941 1867 Σοφίᾳ
966 1798 1257 1867 ἐποίησας
1276 1815 1290 1830 ·
1337 1799 1451 1864 καὶ,
1485 1798 1689 1856 Πάντα
1731 1801 1806 1854 δι’

229 1887 425 1966 αὑτοῦ
448 1888 708 1957 ἐγένετο,
740 1890 838 1944 καὶ
871 1891 1049 1961 χωρὶς
1080 1893 1267 1948 αὐτοῦ
1293 1893 1529 1962 ἐγένετο
1554 1892 1695 1948 οὐδὲ
1714 1891 1802 1948 ἐν.

230 1980 297 2032 Εἰ
328 1979 385 2032 δὲ
411 1979 576 2045 αὐτός
615 1982 763 2035 ἐστιν
808 1984 837 2036 6
867 1980 1040 2052 Λόγος
1080 1984 1174 2037 καὶ
1209 1985 1243 2055 ἡ
1276 1984 1462 2054 Σοφία,
1495 1985 1552 2038 ὲν
1673 1982 1806 2039 πάν-

227 2087 299 2124 τα
365 2070 480 2141 (75)
510 2070 721 2141 γίνεται
749 2112 765 2138 ,
813 2072 913 2129 οὐκ
962 2074 1070 2146 ἄρα
1102 2076 1211 2129 τῶν
1251 2074 1588 2147 ποιουμένων
1633 2077 1802 2142 ἐστὶν,

226 2162 352 2216 οὐδε
384 2163 522 2228 ὅλως
547 2163 659 2218 τῶν
689 2164 956 2237 γενητῶν,
995 2165 1132 2223 ἀλλὰ
1158 2166 1253 2222 τοῦ
1291 2167 1505 2241 Πατρὸς
1534 2167 1801 2240 γέννημα.

1908 514 2171 585 pientiam
2196 510 2373 566 Patris
2399 525 2522 564 esse
2554 527 2567 562 :
2601 505 2840 571 etiamsi,
2872 520 2998 559 eum
3029 503 3095 558 de
3119 502 3214 557 illo
3253 502 3486 556 habetur

1911 622 2111 671 sermo,
2140 605 2325 665 dictio,
2355 604 2500 672 fecit,
2528 601 2635 666 vel,
2669 600 2841 670 factus
2865 606 2962 663 est,
2984 596 3338 662 adhibeatur,
3373 610 3483 650 non

1911 698 1962 751 id
1995 697 2195 752 dicitur
2217 696 2373 766 quasi
2411 696 2498 749 ille
2523 711 2660 763 opus
2682 702 2855 759 esset,
2881 693 2974 747 sed
2998 692 3171 747 sancti
3191 692 3339 746 hisce
3363 705 3486 743 ver-

1911 789 1995 843 bis
2018 788 2330 857 prorniscue
2358 794 2607 848 utuntur,
2637 785 2714 838 uti
2749 783 2815 837 de
2842 781 3136 837 Salomone
3164 789 3219 836 et
3238 780 3485 835 Ezechiae

1909 881 2092 936 liberis
2115 879 2476 935 ostendimus.
2510 875 2658 929 Licet
2685 875 2828 928 enim
2856 889 2950 928 eos
2966 889 3031 926 ex
3057 872 3252 941 seipsis
3268 871 3486 942 genuis-

1909 980 2050 1036 sent,
2076 971 2337 1040 scriptum
2371 976 2456 1023 est
2481 966 2856 1029 nihilominus,
2888 964 3007 1034 feci,
3039 965 3269 1032 possedi,
3305 964 3481 1033 {actus

1908 1072 2004 1116 est.
2038 1059 2440 1128 Quocircajam
2473 1071 2699 1110 necesse
2725 1063 2808 1109 est
2835 1065 2892 1108 ut
2915 1054 2991 1107 illi
3034 1054 3127 1108 Dei
3153 1055 3363 1119 hostes,
3386 1054 3478 1122 qui

1907 1151 2315 1223 prepugnandte
2345 1149 2568 1204 haeresis
2600 1162 2766 1201 causa
2809 1146 3123 1215 hujusmodi
3155 1161 3297 1215 saepe
3328 1145 3483 1214 obje-

1908 1257 2030 1297 cere
2059 1242 2306 1305 voculas,
2342 1256 2463 1294 sero
2490 1238 2681 1293 saltem
2712 1252 2776 1290 ex
2801 1236 2886 1290 his
2909 1251 3029 1305 quae
3056 1236 3295 1291 diximus
3325 1252 3483 1290 suam

1908 1331 2181 1400 deponant
2228 1328 2585 1389 sententiam,
2634 1340 2698 1379 ac
2735 1325 2988 1393 deinceps
3027 1327 3262 1381 sentiant
3300 1325 3484 1381 Domi-

1908 1437 2038 1474 num
2070 1436 2256 1475 verum
2304 1418 2532 1483 Filium,
2559 1416 2795 1470 Verbum
2843 1426 2920 1471 et-
2942 1416 3274 1487 Sapientiam
3305 1416 3484 1474 Patris

1907 1508 2048 1576 esse,
2078 1527 2187 1566 non
2226 1520 2405 1565 autem
2446 1526 2557 1563 rem
2591 1509 2790 1564 factam
2843 1509 2926 1563 ve!
2973 1518 3234 1564 creatam.
3263 1508 3399 1564 Nam
3436 1510 3485 1565 si

1905 1618 1995 1659 res
2020 1604 2161 1659 facta
2197 1614 2342 1658 esset
2374 1601 2567 1661 Filius.
2605 1602 2659 1655 in
2706 1615 2946 1670 quonam
2990 1600 3108 1669 ipse
3151 1599 3319 1655 verbo
3349 1614 3486 1671 qua-

1912 1711 2109 1751 namve
2155 1696 2210 1749 in
2250 1694 2515 1764 sapientia
2548 1692 2726 1748 factus
2774 1689 3174 1748 essel?0mnia
3212 1691 3481 1760 siquidem

1837 1780 1881 1836 Β
1907 1803 2070 1857 opera
2120 1803 2219 1858 per
2271 1785 2509 1841 Verbum
2543 1795 2598 1840 et
2644 1784 2979 1855 Sapientiam
3033 1783 3177 1839 facta
3221 1793 3369 1846 sunt,
3401 1784 3482 1840 uti

1906 1877 2167 1947 sceiptum
2219 1886 2303 1932 est
2354 1894 2368 1930 :
2415 1874 2609 1930 Omnia
2660 1876 2713 1929 in
2774 1874 3051 1945 Sapientia
3093 1875 3264 1944 fecisti
3288 1878 3479 1937 "Net,

1909 1968 2102 2022 Omnia
2132 1984 2223 2037 per
2250 1969 2421 2036 ipsum
2444 1968 2591 2035 facta
2632 1977 2776 2033 sunt,
2800 1976 2851 2021 et
2880 1968 2991 2021 sine
3031 1968 3145 2038 ipso
3174 1967 3373 2037 factum
3403 1977 3482 2022 est

1905 2059 2126 2115 nihil“.
2148 2059 2204 2113 Si
2224 2073 2387 2129 porro
2415 2060 2530 2128 ipse
2559 2067 2641 2114 est
2658 2057 2822 2131 374
2840 2057 3079 2113 Verbum
3109 2068 3164 2115 et
3203 2058 3480 2129 Sapientia

1905 2155 1959 2210 in
2003 2171 2109 2226 qua
2141 2156 2325 2211 omnia
2376 2154 2530 2222 ﬁunt,
2567 2169 2673 2208 non
2712 2155 2878 2225 igitur
2901 2169 2966 2208 ex
3007 2169 3195 2209 eorum
3245 2167 3480 2208 numero

1904 2257 2129 2316 estquae
2156 2246 2312 2313 ﬁunt,
2337 2261 2402 2301 ac
2441 2246 2592 2301 nullo
2616 2246 2780 2301 modo
2806 2261 2895 2301 res
2922 2254 3004 2300 est
3025 2256 3227 2312 creata,
3257 2245 3349 2301 sed
3376 2242 3482 2300 Pa-

1780 2338 1796 2353 “
1909 2340 2009 2395 tris
2037 2348 2122 2395 est
2148 2339 2306 2395 fetus.

298 2432 355 2491 6.
393 2433 656 2491 Σκοπεῖτε
684 2435 797 2511 (74)
831 2437 941 2508 γὰρ
981 2436 1179 2494 ὁπόσον
1221 2439 1334 2513 ἔχει
1379 2439 1580 2511 πτῶμα
1621 2440 1684 2494 τὸ
1718 2440 1805 2494 λέ-

225 2545 348 2599 γειν
374 2528 588 2601 ποίημα
624 2532 717 2584 τὸν
751 2530 847 2584 τοῦ
884 2530 1019 2585 Θεοῦ
1053 2532 1245 2601 Λόγον.
1284 2532 1445 2601 Λέγει
1496 2551 1597 2587 που
1645 2533 1804 2587 Σολο-

230 2617 352 2692 μὼν
397 2621 458 2674 ὲν
485 2617 566 2691 τῷ
602 2622 997 2694 Ἐκκλησιαστῇ
1019 2664 1034 2690 ,
1064 2625 1147 2677 ὅτι
1178 2625 1430 2694 Σύμπαν
1474 2623 1541 2678 τὸ
1581 2625 1805 2695 ποίημα

224 2712 361 2777 ὄξει
400 2715 437 2767 ὁ
475 2712 619 2779 Θεὸς
666 2715 755 2780 εις
796 2714 1022 2783 κρίσιν,
1069 2712 1145 2768 ’ἐν
1193 2716 1372 2770 παντὶ
1424 2716 1803 2786 παρεωρωμέ-

224 2819 335 2868 νφ,
365 2804 591 2877 ἐὰν(75)
643 2806 889 2874 ἀγαθὸν,
921 2806 1019 2860 καὶ
1042 2806 1155 2860 ἐὰν
1175 2810 1460 2875 πονηρόν.
1510 2808 1716 2863 Οὐκοῦν
1754 2810 1802 2862 εί

223 2895 445 2968 ποίημά
474 2899 625 2950 ἐστιν
673 2900 703 2950 6
733 2897 937 2966 Λόγος,
982 2896 1280 2968 ἀχθήσεται
1332 2899 1442 2971 (76)
1484 2901 1604 2954 καθ’
1659 2901 1803 2972 ὑμᾶς

225 2987 324 3040 καὶ
350 2986 516 3050 αὐτὸς
540 2988 623 3052 είς
651 2989 858 3060 κρίσιν;
886 2988 997 3042 Καὶ
1027 2989 1131 3042 ποῦ
1172 2989 1357 3043 λοιπὸν
1388 2992 1421 3062 ή
1449 2992 1649 3063 κρίσις,
1684 3009 1805 3064 κρι-

224 3076 457 3147 νομένου
483 3076 581 3130 τοῦ
629 3074 860 3149 κριτοῦ;
910 3078 995 3142 τίς
1025 3079 1082 3132 δὲ
1122 3082 1237 3157 τοῖς
1284 3080 1384 3150 μὲν
1432 3080 1663 3145 δικαίοις
1704 3081 1804 3146 τὰς

1974 2431 2026 2485 6.
2064 2429 2311 2500 Namque
2338 2429 2600 2485 attendite
2636 2436 2876 2498 quantus
2909 2426 2980 2483 sit
3007 2440 3181 2492 error,
3234 2423 3326 2479 Dei
3352 2422 3481 2479 Ver-

1903 2525 2034 2580 bum
2058 2541 2197 2594 opus
2222 2523 2510 2594 appellare.
2546 2521 2807 2577 Salomon
2845 2519 3028 2589 aliquo
3053 2517 3108 2571 in
3142 2517 3266 2571 loco
3292 2515 3480 2571 Eccle-

1905 2612 2088 2669 siastis
2117 2614 2233 2667 ait:
2271 2611 2579 2666 Universum
2623 2627 2752 2677 opus
2792 2608 2934 2663 Deus
2983 2607 3208 2661 adducet
3234 2605 3288 2660 in
3322 2605 3478 2675 judi-

1905 2705 2044 2758 cium
2077 2720 2171 2773 pro
2194 2704 2338 2758 omni
2362 2712 2561 2771 errato,
2609 2702 2713 2756 sive
2750 2700 2939 2754 bonum
2972 2700 3078 2754 sive
3115 2698 3315 2752 malum
3345 2695 3480 2751 illud

1904 2799 1973 2852 sit
1994 2797 2062 2852 ".
2090 2795 2230 2851 Num
2265 2812 2417 2869 ergo,
2450 2796 2497 2852 si
2529 2810 2665 2866 opus
2687 2801 2771 2850 est
2812 2791 3076 2858 Verbum,
3118 2790 3174 2846 in
3212 2789 3480 2860 judicium

1903 2905 2124 2960 quoque
2154 2891 2453 2963 secundum
2502 2905 2599 2945 vos
2640 2886 2975 2943 adducetur?
3021 2883 3126 2939 Ubi
3172 2884 3337 2956 igitur
3363 2884 3479 2953 jam

1900 2982 2165 3051 judicium
2201 2982 2442 3036 futurum
2465 2989 2569 3048 est,
2598 2980 2644 3036 si
2670 2980 2785 3049 ipse
2808 2978 2972 3048 judex
2999 2977 3280 3047 judicetur
3299 2977 3323 3029 ?
3345 2973 3481 3042 Quis

1899 3073 2066 3143 justis
2087 3073 2516 3136 benedictiones,
2552 3080 2608 3126 et
2637 3071 2876 3142 indignis
2905 3069 3174 3141 supplicia
3194 3067 3477 3133 retribuet,

221 3168 481 3239 εὐλογίας
523 3168 726 3236 δώσει,
767 3172 880 3235 τοῖς
925 3170 981 3224 δὲ
1032 3156 1271 3235 ἀναξίοις
1323 3172 1423 3236 τὰς
1474 3173 1752 3245 ἐπιτιμίας
1780 3214 1794 3239 ,

1913 3180 2024 3219 :um
2048 3164 2165 3233 ipse
2198 3162 2459 3218 Dom'inus
2481 3163 2787 3218 secundum
2811 3177 2908 3217 vos
2930 3178 3056 3221 eum
3085 3160 3343 3218 omnibus
3373 3167 3481 3214 stet

224 3263 523 3333 ἑστηκότος
562 3262 658 3316 τοῦ
688 3264 894 3333 Κυρίου
933 3263 1056 3318 καθ’
1109 3265 1256 3335 ὑμᾶς
1296 3265 1434 3335 μετὰ
1481 3267 1697 3321 πάντων
1744 3268 1803 3321 ὲν

224 3354 438 3424 κρίσει;
473 3353 623 3425 Ποίῳ
651 3355 709 3408 δὲ
747 3355 842 3409 καὶ
869 3357 1018 3427 νόμῳ
1048 3356 1368 3428 κριθήσεται
1399 3358 1560 3421 αὐτὸς
1586 3360 1613 3410 6
1641 3375 1802 3428 νομο-

222 3443 391 3515 θέτης
419 3461 435 3509 ;
467 3443 656 3497 Ταῦτα
701 3443 823 3497 τῶνα
847 3447 1168 3516 ποιημάτων
1209 3445 1315 3499 ἴδιά
1338 3448 1488 3508 ἐστι,
1521 3445 1583 3497 τὸ
1624 3445 1803 3516 κρίνε-

225 3536 354 3591 σθαι
379 3576 394 3598 ,
424 3535 486 3590 τὸ
518 3537 669 3608 παρὰ
700 3537 795 3590 τοῦ
834 3536 970 3590 Υἰοῢ
1009 3538 1346 3606 εὐλογεῖσθαι
1396 3538 1506 3608 (77)
1538 3538 1632 3591 κα),
1678 3540 1801 3590 επι-

186 3616 199 3621 -
220 3628 511 3699 τιμᾶσθαι.
545 3627 820 3700 Φοϐήθητε
845 3628 1029 3683 λοιπὸν
1049 3630 1140 3683 τὸν
1177 3629 1388 3701 κριτὴν,
1424 3630 1518 3683 καὶ
1546 3628 1801 3700 πείσθητε

222 3718 303 3789 τῷ
336 3718 609 3789 Σολομῶνι
642 3718 872 3788 λέγοντι.
902 3722 964 3774 Εἰ
986 3719 1094 3792 γὰρ
1119 3719 1340 3790 σύμπαν
1366 3720 1426 3773 τὸ
1450 3720 1662 3790 ποίημα
1683 3719 1801 3786 ἄξει

221 3810 254 3863 6
281 3808 417 3873 Θεὸς
449 3811 530 3872 εἰς
573 3810 775 3881 κρίσιν,
810 3811 839 3862 6
874 3810 933 3863 δὲ
965 3801 1093 3873 Υίδς
1120 3810 1220 3863 οὐκ
1257 3809 1374 3863 ἐστι
1410 3809 1521 3863 τῶν
1550 3808 1802 3881 κρινομέ-

220 3917 353 3963 νων,
381 3900 519 3954 ἀλλὰ
548 3901 642 3955 καὶ
677 3901 875 3972 μᾶλλον
907 3901 1017 3973 (78)
1053 3902 1384 3973 συμπάντων
1421 3902 1530 3954 τῶν
1557 3901 1798 3972 ποιημά-

222 4003 335 4041 των
383 3988 552 4053 αὐτός
584 3990 735 4045 ἐστιν
782 3991 811 4042 6
850 3992 1045 4062 κριτής
1072 4007 1087 4023 ’
1135 3990 1255 4055 πῶς
1309 3993 1367 4045 οὐ
1424 3991 1800 4062 λαμπρότερον

219 4076 379 4148 ἡλίου
416 4078 687 4134 δείκνυται
719 4081 793 4152 μὴ
825 4080 1035 4152 ποίημα
1054 4080 1130 4134 ὢν
1157 4082 1187 4133 ό
1218 4075 1535 4145 Υἱὸς,’άλλὰ
1562 4081 1653 4135 τοῦ
1686 4083 1801 4136 Πα-

220 4165 353 4238 τρδς
386 4166 500 4239 (79)
534 4170 724 4238 Λόγος,
773 4171 832 4224 ὲν
860 4163 905 4237 ᾧ
930 4168 999 4223 τὰ
1030 4171 1307 4242 ποιήματα
1344 4172 1555 4240 γίνεταί
1602 4189 1661 4224 τε
1706 4173 1801 4225 καὶ

219 4258 507 4332 κρίνεταις
541 4259 605 4313 Ei
629 4260 697 4324 δ’,
727 4261 810 4314 ὅτι
836 4259 1167 4332 γέγραπται,
1193 4260 1413 4315 πιστὸν
1442 4260 1606 4325 ὄντα,
1637 4262 1799 4316 πάλιν

218 4351 483 4423 ταράττει
529 4351 725 4415 αὐτοὺς
769 4350 1108 4422 νομίζοντας,
1148 4350 1224 4414 ὠς
1268 4351 1362 4405 ἐπὶ
1401 4351 1619 4406 πάντων
1648 4351 1801 4420 λέγε-

222 4441 372 4509 σθαι,
406 4442 500 4496 καὶ
529 4443 616 4496 ἐπ’
648 4441 815 4496 αὐτοῦ
840 4441 923 4507 τὸ,
953 4442 1196 4508 πιστὸν,
1229 4443 1311 4496 ὅτι
1342 4442 1614 4495 πιστεύων
1649 4442 1800 4497 ἐκδέ-

1904 3255 2230 3325 in.judicio?
2265 3254 2381 3320 Qua
2418 3269 2580 3323 porro
2608 3252 2724 3323 lege
2745 3254 2861 3323 ipse
2891 3252 3173 3322 legislator
3202 3249 3479 3321 judicabi-

1904 3344 2033 3398 tur?
2055 3343 2181 3398 Haec
2216 3344 2404 3425 utique
2428 3358 2610 3396 rerum
2642 3342 2911 3396 factarum
2950 3341 3170 3411 propria
3206 3348 3356 3401 sunt,
3389 3339 3481 3408 ju-

1902 3435 2093 3501 dicari,
2123 3450 2153 3489 a
2192 3434 2331 3489 Filio
2356 3435 2601 3489 benedici
2629 3442 2682 3488 et
2703 3433 2907 3503 puniri.
2935 3432 3055 3487 Jam
3087 3448 3217 3499 ergo
3239 3431 3476 3500 judicem

1901 3525 2108 3587 timete,
2141 3533 2194 3579 et
2219 3525 2498 3579 Salomoni
2534 3525 2858 3579 auscultate.
2895 3520 3030 3576 Nam
3076 3523 3120 3577 si
3156 3522 3475 3577 universum

1902 3630 2040 3685 opus
2076 3614 2219 3669 Deus
2249 3614 2481 3669 adducet
2505 3616 2559 3667 in
2589 3613 2856 3683 judicium
2881 3655 2896 3679 ,
2932 3612 3048 3681 ipse
3088 3621 3266 3667 autem
3301 3610 3481 3666 Filius

1901 3721 2012 3760 non
2046 3715 2367 3760 numeratur
2401 3706 2542 3759 inter
2571 3718 2665 3758 eos
2691 3703 2783 3772 qui
2813 3701 3145 3771 judicantur.
3175 3702 3269 3756 sed
3296 3702 3480 3771 potius

1902 3796 2018 3866 ipse
2050 3795 2433 3849 universorum
2459 3809 2683 3864 eperum
2701 3792 2863 3863 judex
2885 3800 2969 3848 est
2990 3811 3004 3846 :
3022 3807 3205 3846 annon
3239 3793 3352 3848 sole
3377 3792 3482 3847 cla-

1906 3889 2024 3942 rius
2053 3896 2135 3942 est
2165 3886 2365 3941 Filium
2399 3902 2509 3942 non
2539 3901 2661 3941 esse
2684 3900 2845 3955 opus,
2869 3885 2963 3940 sed
2981 3883 3160 3940 Patris
3188 3900 3310 3940 esse
3344 3882 3482 3939 Ver~

1900 3979 2054 4044 bum,
2094 3978 2149 4032 in
2187 3993 2299 4049 quo
2339 3992 2503 4047 opera
2535 3985 2590 4031 et
2632 3977 2770 4030 ﬁunt
2806 3984 2860 4030 et
2903 3975 3249 4045 judicantur?
3271 3972 3478 4041 Quodsi

1901 4078 2034 4133 illud
2069 4077 2215 4148 quod
2261 4077 2526 4145 scriptum
2568 4082 2689 4138 est,
2728 4073 2820 4143 qui
2856 4070 3033 4142 ﬁdelis
3071 4082 3148 4125 est
3184 4069 3251 4137 ⁸³,
3286 4085 3481 4125 rursus

1900 4171 2024 4226 illos
2055 4170 2364 4236 conturbet,
2400 4167 2732 4238 perindeque
2757 4167 2824 4221 de
2852 4166 2947 4221 illo
2998 4179 3063 4220 ac
3110 4163 3179 4220 de
3219 4163 3480 4218 omnibus

1900 4277 2112 4325 vocem,
2165 4259 2362 4328 ﬁdelis,
2414 4260 2615 4313 dictam
2663 4264 2879 4327 putent,
2919 4256 3055 4327 quia
3098 4254 3309 4311 scilicet
3356 4267 3480 4308 cre-

1899 4354 2079 4408 dendo
2119 4352 2245 4407 ﬁdei
2308 4350 2615 4405 mercedem
2658 4349 2892 4420 recipit:
2922 4347 3166 4419 profecto
3206 4353 3379 4402 restat
3420 4356 3483 4400 ut

1899 4441 2091 4497 eadem
2125 4441 2193 4496 de
2221 4455 2389 4495 causa
2412 4438 2653 4511 Moysem
2687 4438 2995 4509 inerepent,
3018 4437 3115 4509 qui
3145 4450 3339 4506 nempe
3365 4434 3477 4489 ait:

293 4580 342 4614 “
375 4578 519 4634 Psal.
556 4594 677 4646 cm,
702 4580 794 4634 24.
870 4579 915 4612 δι
940 4578 1102 4637 Joan.
1130 4595 1171 4647 ι,
1202 4580 1257 4634 5.
1337 4579 1383 4612 ⁸³
1413 4578 1622 4635 Eccles.
1649 4594 1751 4641 xu,

1970 4577 2018 4611 "
2052 4577 2217 4633 Hebr.
2265 4591 2351 4641 ιιι,
2385 4574 2443 4629 2.

293 4687 410 4814 (69)
453 4687 681 4758 Seguer.
719 4699 772 4744 et
810 4689 958 4745 Felc.
1002 4691 1056 4757 4,
1088 4690 1120 4760 ἢ
1162 4691 1397 4759 ἐγένετο.
1433 4690 1578 4777 Felc.
1606 4691 1799 4781 ,5,~xal.
1831 4699 1876 4749 ι)

324 4776 464 4812 νετο.
489 4757 660 4812 Paulo
679 4771 801 4814 post
835 4759 1058 4814 Seeuer.
1089 4758 1218 4814 Rea.
1251 4760 1397 4814 Felc.
1421 4761 1474 4814 5.
1505 4762 1604 4814 αλλ
1649 4779 1799 4814 αοια-

222 4757 660 4830 εγενετο.-Ρὲιυιο
679 4771 801 4829 post
835 4759 1058 4829 Seguer.
1089 4757 1218 4830 Reg;
1251 4760 1397 4815 Felc.
1421 4761 1474 4825 5,
1505 4762 1619 4815 ἀλλ’
1649 4763 1799 4816 ἀδια-

219 4830 429 4957 362:6.
455 4828 563 4884 Alii
586 4838 642 4884 et
661 4828 827 4886 editio
856 4828 1147 4898 Gemmel.,
1174 4828 1313 4885 αλλὰ
1340 4832 1630 4904 διαφόρως,
1651 4850 1801 4888 men-

262 4919 299 4954 o
367 4940 380 4951 .

262 4915 380 4954 058.

294 4970 409 5052 (79)
452 4967 543 5024 Sic
567 4969 800 5052 .Seguer.
833 4968 1055 5025 Gobler.
1085 4982 1140 5024 et
1163 4969 1310 5025 Felc.
1341 4971 1366 5023 1
1395 4979 1450 5026 et
1476 4969 1527 5023 4.
1553 4969 1611 5025 In
1637 4970 1798 5027 editis

214 5050 274 5098 et
316 5039 438 5093 aliis
487 5039 579 5093 καί
608 5039 781 5095 deest.

294 5109 411 5181 (71))
446 5108 537 5181 Sic
564 5107 788 5181 Seguer.
814 5109 948 5179 Reg.
972 5108 1139 5181 Basil.
1167 5108 1379 5181 Anglic.
1404 5109 1622 5167 Gobler.
1652 5111 1800 5167 Felc.

216 5181 245 5236 1
274 5178 332 5235 et
361 5178 415 5233 4.
445 5178 500 5233 In
531 5178 657 5235 aliis
677 5189 856 5234 autem
888 5178 941 5233 et
968 5180 1128 5235 editis
1158 5178 1310 5236 deest
1351 5180 1518 5233 ἐστιν.

292 5249 411 5321 (72)
445 5249 539 5321 Sic
580 5248 810 5319 Seguer.
839 5249 1057 5305 Gobler.
1084 5260 1149 5321 iet
1173 5249 1318 5321 Felc.
1343 5253 1391 5321 _l
1427 5260 1482 5305 et
1508 5250 1561 5305 4.
1611 5252 1805 5308 Czeteri

214 5331 274 5376 et
304 5319 456 5391 editi
479 5320 763 5391 (omittunt
801 5323 857 5374 ὲν
896 5321 1047 5391 ποίᾳ.
1079 5320 1283 5374 Ibidem
1324 5319 1584 5391 Seguer.,
1615 5323 1806 5391 γέγονε

216 5392 319 5461 καὶ
338 5376 543 5461 αὐτός.
572 5388 709 5461 Mox,
732 5388 957 5461 Seguer.
988 5376 1294 5461 Gobler.}t
1322 5376 1466 5448 FeI‘e.
1500 5393 1551 5455 1,
1571 5376 1805 5461 ’τῆς’Σο-

214 5460 350 5534 φίας
393 5460 588 5534 γέγονε
616 5458 1162 5534 καθῲζγέγραπται.
1203 5459 1439 5534 Felc.},
1469 5462 1567 5534 τῆς
1593 5458 1797 5534 Σοφίας

214 5530 414 5605 γέγονε
468 5531 570 5605 οιαὶ
620 5531 768 5605 ἀὐτά
827 5531 903 5595 ὼς
944 5530 1293 5604 γέγραπται.
1354 5530 1793 5605 Ειίίιὶίιιίἰηυθ,

210 5601 317 5673 τῆς
346 5600 568 5673 Σοφίας,
600 5602 676 5666 ὡς
703 5601 1032 5673 γέγραπταιίο

289 5669 899 5745 (73);Seguerian.,'sa
948 5672 1143 5728 πάντα.
1186 5669 1310 5729 Mox
1344 5671 1525 5730 Felck.
1575 5672 1629 5741 4,
1661 5673 1793 5729 Οὐδὲ

215 5741 355 5809 ὅλως
385 5741 495 5798 τῶν
517 5741 812 5815 γεννητῶν.

1974 4691 2086 4761 (74)
2125 4689 2282 4760 Reg.,
2308 4691 2611 4743 σκοπεῖται.
2641 4688 2745 4743 Alii
2770 4702 2982 4761 omnes
3000 4700 3158 4761 mss,
3202 4687 3476 4761 σκοπεῖτε,

1934 4756 2376 4824 ᾶῖιίοϐοιόιηριη
2399 4762 2620 4813 σκοπεῖν
2665 4776 2747 4811 τε.
2768 4758 2902 4814 Ibid.
2931 4756 3224 4826 Seguerian
3253 4757 3480 4822 ,ὁπόσον

1912 4832 2214 4904 ἔχειείΕιῙίιί
2242 4840 2293 4885 et
2322 4831 2432 4904 alii,
2456 4828 2776 4904 néoovﬁﬁt.

1975 4901 2087 4971 (75)
2125 4900 2470 4971 Seguerian.,
2503 4900 2595 4952 καὶ
2615 4900 2743 4971 ἐάν.

1978 4967 2091 5041 (76)
2128 4967 2223 5025 Sic
2250 4969 2578 5041 Seguerian.
2601 4967 2915 5041 Goblerian.
2946 4967 3255 5041 ll‘elcltman.
3282 4967 3304 5018 ί
3340 4975 3394 5021 et
3422 4967 3476 5021 5.

1906 5037 2085 5097 Editio
2116 5037 2377 5096 Commel.
2410 5049 2462 5093 et
2492 5039 2604 5102 alii,
2631 5041 2761 5109 παρ’
2804 5039 2953 5108 ὑμῖν.
2985 5037 3153 5109 Paulo
3185 5044 3307 5109 post
3338 5052 3475 5109 mss.

1906 5128 2116 5176 omnes,
2149 5115 2262 5176 τοῖς
2302 5111 2400 5182 μὲν
2439 5109 2686 5173 δικαίοις,
2717 5106 2819 5162 ἰιὺί
2845 5106 3013 5161 editio
3054 5107 3323 5161 Contmel.
3378 5106 3476 5178 μὲν

1904 5183 2124 5238 omittit.

1981 5252 2092 5323 (7'7)
2129 5249 2448 5323 Segnerian.
2479 5253 2536 5323 et
2558 5247 2938 5323 Felckman._4
2971 5246 3194 5323 addunt,
3231 5247 3327 5323 καὶ
3357 5248 3477 5307 ἐπι-

1907 5316 2342 5393 τιμᾶσθαιξψιαξ
2362 5321 2415 5373 in
2448 5319 2571 5393 aliis
2588 5318 2840 5393 eteditis
2869 5320 3085 5393 desunt.
3115 5316 3241 5393 Mox
3271 5318 3477 5387 Segue-

1916 5386 2078 5453 riam,
2104 5386 2359 5460 πείσθητε
2378 5388 2567 5460 καὶςῷ
2588 5389 2886 5460 Σολομῶνιζ
2902 5390 2961 5460 εί
2989 5386 3366 5460 γὰρ-σύμπαν.

1974 5462 2086 5530 (78)
2122 5456 2340 5516 Gobler.
2381 5470 2435 5530 et
2466 5456 2702 5530 Felekm.
2724 5456 2793 5530 Vt,
2828 5458 2969 5530 ᾼὰλλὰ
3000 5456 3471 5530 μᾶὶριονξπάντων.

1902 5526 2022 5585 Mox
2055 5526 2280 5600 Seguer.
2312 5539 2367 5585 et
2398 5528 2636 5584 Felckm.
2671 5528 2727 5594 4,
2756 5526 3052 5582 δείκνυται.
3083 5526 3225 5583 Editi
3266 5537 3321 5582 et
3359 5527 3473 5592 alii,

1901 5602 2184 5654 δέδεικται.

1934 5619 2014 5655 εοε
2023 5619 2184 5654 ικται.

1974 5672 2085 5741 (79)
2115 5671 2205 5724 Sic
2231 5670 2528 5734 Seguerian
2581 5678 2633 5723 et
2655 5669 2784 5741 Reg.
2812 5667 2950 5723 Editi
2976 5685 3104 5723 vero
3130 5667 3314 5741 et‘alii,
3336 5666 3366 5718 6
3383 5664 3477 5719 Λό-

1974 5684 2085 5741 (w)
2115 5684 2205 5724 διο
2231 5684 2528 5734 Seguertan
2581 5684 2633 5723 et
2658 5684 2730 5722 ue
2773 5711 2784 5722 .
2812 5684 2950 5723 btltll
2976 5685 3104 5723 vero
3130 5684 3181 5722 et
3204 5684 3314 5727 am,
3336 5684 3473 5719 0A0-

1903 5759 2015 5806 γος.
2050 5742 2253 5798 Ibidem
2288 5741 2676 5812 Seguerianus.
2710 5684 3029 5796 Gsublerian.
3073 5750 3126 5796 et
3160 5737 3473 5793 Feltlunan.
