3850 6218
381 270 480 326 1⁵ἳ9

948 266 1007 322 S.
1049 265 1427 322 ATHANASII
1466 264 1620 322 OPP.
1665 263 1846 320 PARS
1883 263 1923 318 I.
1961 293 2028 304 —
2071 260 2444 318 HISTORICA
2491 261 2578 316 ET
2617 258 3037 317 DOGMATICA.

377 389 518 444 Deus
547 386 722 458 fidelis
770 394 820 440 et
865 401 1014 440 uerus
1050 384 1136 450 “;
1179 399 1279 438 nec
1307 401 1414 440 non
1443 382 1674 438 Paulum
1726 383 1969 438 scriben-

2080 399 2227 451 χεται
2251 383 2352 452 τῆς
2395 379 2630 443 πίστεως
2655 378 2748 434 τὸν
2797 377 3019 450 μισθόνο
3061 376 3181 448 ὦρα
3221 376 3316 430 καὶ
3357 375 3445 430 διὰ
3484 377 3648 431 τοῦτο

376 490 397 533 t
416 497 483 533 -m
513 499 526 534 :
555 475 763 534 Fidelis
793 478 955 543 Deus,
1011 477 1100 547 qui
1126 493 1228 530 non
1267 477 1503 546 patietur
1527 493 1616 530 vos
1647 476 1843 530 tentari
1873 491 1965 529 su-

375 589 473 640 pra
503 572 560 626 id
589 572 728 642 quod
750 570 968 641 potestis
997 569 1064 622 “.
1096 567 1296 622 Verum
1341 567 1516 622 sancti
1545 568 1640 638 qui
1665 567 1740 621 ita
1769 567 1963 636 loque-

376 663 600 726 bantur,
626 677 733 716 non
764 661 1002 714 humana
1034 658 1103 712 de
1149 657 1262 712 Deo
1292 658 1628 728 cogitabant,
1675 657 1770 712 sed
1797 670 1967 710 nove-

377 761 505 808 rant
530 751 800 819 duplicem
829 766 950 806 esse
978 749 1150 813 vocis,
1192 749 1388 819 ﬁdelis,
1434 749 1578 818 apud
1623 747 1964 818 Scripturam

379 844 833 914 signiﬁcationem
869 861 883 896 :
932 842 1141 897 scilicet
1178 840 1452 895 interdum
1493 857 1619 895 eum
1666 839 1761 910 qui
1793 840 1966 894 credit

379 935 714 1006 signiﬁcare,
753 932 1031 987 interdum
1063 947 1194 986 vero
1233 947 1358 986 eum
1395 933 1488 1001 qui
1518 932 1717 1001 dignus
1746 941 1831 987 est
1874 929 1965 986 cui

379 1028 639 1083 credatur
664 1045 678 1081 :
704 1025 943 1097 priorem
969 1039 1135 1094 porro
1157 1024 1615 1094 signiﬁcationem
1643 1024 1962 1078 hominibus

379 1118 710 1182 convenire;
777 1117 1170 1185 posteriorem,
1235 1115 1368 1169 Deo.
1433 1115 1621 1184 Itaque
1663 1115 1837 1169 ﬁdelis
1882 1123 1966 1170 est

379 1208 657 1263 Abraham
681 1248 696 1273 ,
741 1206 870 1275 quia
901 1205 1146 1276 loquenti
1185 1204 1297 1259 Deo
1331 1205 1561 1259 credidit
1591 1224 1603 1258 :
1646 1204 1819 1259 ﬁdelis
1867 1220 1966 1258 au-

380 1311 488 1354 tem
514 1297 658 1353 Deus
680 1307 782 1362 est,
813 1297 963 1367 quia,
992 1305 1053 1350 ut
1081 1297 1232 1350 canit
1258 1295 1450 1359 David,
1498 1295 1703 1349 Fidelis
1739 1305 1816 1350 est
1850 1295 1961 1348 Do-

381 1392 556 1445 minus
580 1392 636 1443 in
664 1389 903 1442 omnibus
926 1389 1094 1443 verbis
1129 1389 1239 1443 suis
1266 1389 1332 1455 “,
1366 1389 1674 1458 dignusque
1720 1387 1824 1442 ﬁde
1858 1396 1962 1452 est,

379 1499 482 1538 nec
507 1482 621 1537 ﬁeri
661 1492 842 1553 potest
872 1491 930 1536 ut
969 1481 1086 1550 ipse
1130 1481 1447 1535 mentiatur.
1480 1479 1612 1536 Item
1635 1521 1650 1546 ,
1677 1479 1737 1535 Si
1761 1496 1866 1549 qua
1903 1479 1966 1550 ﬁ-

377 1576 515 1631 delis
572 1574 920 1632 uiduashabet
960 1573 1027 1636 ",
1077 1574 1192 1628 haec
1256 1572 1434 1628 ﬁdelis
1487 1573 1793 1642 appellatur
1833 1571 1963 1642 quia

376 1675 526 1721 recte
559 1665 753 1720 credit.
785 1664 985 1720 Fidelis
1019 1672 1203 1718 autem
1237 1679 1421 1718 sermo
1452 1672 1536 1719 est
1553 1664 1618 1729 “,
1646 1663 1776 1733 quia
1815 1661 1963 1732 quod

381 1757 544 1821 dixit,
577 1757 727 1812 credi
762 1757 925 1812 debet
961 1775 975 1810 :
1005 1755 1274 1826 siquidem
1307 1755 1361 1810 id
1387 1771 1572 1809 verum
1598 1765 1703 1820 est,
1734 1770 1834 1809 nec
1867 1754 1968 1809 ali-
1998 1727 2040 1786 Β

378 1859 464 1903 ter
489 1847 608 1904 ﬁeri
650 1858 854 1918 potest.
892 1847 1082 1919 itaque
1127 1848 1261 1902 illud
1311 1847 1476 1904 etiam
1521 1847 1668 1916 quod
1701 1845 1966 1916 scriptum

377 1947 484 2004 est,
517 1935 622 2003 Qui
640 1937 813 2006 ﬁdelis
843 1946 919 1991 est
945 1939 993 1991 ei
1024 1938 1113 2007 qui
1137 1938 1259 2007 fecit
1283 1935 1459 2000 illum,
1481 1934 1617 1989 nihil
1640 1934 1818 1990 simile
1841 1950 1967 1990 cum

379 2030 504 2083 aliis
533 2028 714 2094 habet,
763 2043 866 2083 nec
908 2029 955 2084 is
989 2029 1108 2098 ejus
1151 2035 1236 2084 est
1262 2043 1480 2092 sensus,
1513 2026 1658 2096 quod
1706 2025 1799 2080 ille
1848 2042 1966 2081 cre-

379 2121 560 2175 dendo
587 2127 775 2191 gratus
826 2128 911 2175 est
946 2119 1193 2186 effectus,
1242 2119 1336 2175 sed
1368 2118 1516 2188 quod
1545 2133 1673 2173 cum
1701 2117 1816 2171 veri
1875 2115 1967 2172 Dei

380 2211 456 2266 sit
478 2210 672 2278 Filius,
711 2211 886 2266 ﬁdelis
909 2211 1023 2281 ipse
1050 2226 1270 2281 quoque
1290 2219 1393 2275 est,
1423 2210 1582 2280 eique
1606 2209 1661 2263 in
1686 2209 1966 2275 omnibus,

379 2319 504 2372 quae
531 2303 731 2358 dixerit
766 2303 1043 2369 feceritve,
1071 2305 1202 2358 ﬁdes
1239 2311 1324 2358 est
1357 2303 1687 2357 adhibenda.
1715 2301 1967 2372 Namque

380 2390 745 2447 immutabilis
799 2400 1101 2462 permanet,
1137 2408 1238 2447 nec
1278 2392 1333 2446 in
1383 2408 1484 2446 sua
1517 2394 1758 2447 humana
1792 2392 1969 2447 admi-

381 2483 708 2540 nistratione
740 2493 835 2540 aut
862 2500 1130 2555 corporeo
1171 2485 1406 2540 adventu
1459 2485 1628 2540 ullam
1659 2485 1828 2540 subiit
1846 2500 1971 2539 mu-

384 2577 672 2633 tationem.

460 2687 514 2744 7.
550 2685 642 2742 Sic
686 2702 818 2757 ergo
851 2687 1069 2741 retundi
1108 2695 1288 2756 potest
1341 2686 1563 2742 illorum
1603 2685 1967 2757 impudentia,

386 2779 615 2847 solaque
640 2793 708 2833 ex
749 2778 852 2833 hac
899 2779 1159 2842 dictione,
1213 2777 1360 2847 fecit,
1410 2786 1660 2833 errantes
1693 2793 1790 2834 eos
1822 2778 1970 2833 arbi-

381 2876 704 2938 trantesque
738 2866 832 2922 Dei
859 2865 1098 2922 Verbum
1126 2867 1327 2923 factum
1357 2883 1498 2933 esse,
1528 2867 1848 2922 facillimum
1885 2877 1971 2924 est

384 2958 656 3014 refellere.
685 2958 1031 3030 Quapmpter
1061 2975 1185 3015 cum
1218 2969 1400 3015 rectus
1440 2961 1512 3015 sit
1542 2961 1758 3015 illorum
1781 2961 1972 3016 verbo-

2067 473 2229 526 πάλιν
2260 472 2458 534 αὐτοὺς
2499 470 2748 540 ἐγκαλεῖν
2794 471 2986 523 Μωσεῖ
3020 467 3132 539 (80)
3165 468 3263 540 μὲν
3302 467 3534 537 λέγοντι·
3577 467 3648 522 '0

2069 563 2213 630 Θεὸς
2258 563 2474 630 πιστὸς
2513 561 2613 617 καὶ
2659 562 2987 630 ἀληθινός⁹
3035 560 3114 631 τῷ
3159 560 3217 614 δὲ
3271 560 3468 631 Παύλῳ
3506 559 3650 632 γρά-

2066 673 2240 726 φοντι·
2274 656 2498 723 Πιστὸς
2530 659 2563 710 ὀ
2597 653 2773 721 Θεὸς,
2811 653 2879 720 ὃς
2907 656 3018 708 οὐκ
3055 653 3223 707 ἐάσει
3257 652 3414 722 ὑμᾶς
3444 665 3650 722 πειρα-

2067 751 2294 819 σθῆναι
2326 753 2481 819 ὑπερ
2510 750 2541 804 ὃ
2585 750 2870 805 δύνασθε.
2920 749 3081 804 Ἀλλὰ
3105 749 3279 802 ταῦτα
3306 747 3558 818 λέγοντες
3594 749 3646 801 οἱ

2068 845 2236 912 ἅγιοι,
2265 843 2366 896 οὐκ
2393 842 2489 896 ἀνθ
2501 841 2707 913 ρώπινα
2734 842 2861 914 περὶ
2883 839 2978 894 τοῦ
2996 839 3131 894 Θεοῦ
3175 840 3492 893 διενοοῦντο·
3525 837 3647 892 ἀλλ’

2067 931 2364 999 ἐγίνωσκον
2401 928 2622 984 διπλοῦν
2651 925 2790 982 εἶναι
2813 927 2906 982 τδν
2937 927 3061 982 νοῦν
3090 930 3148 982 ὲν
3181 931 3247 999 τῇ
3289 928 3480 999 Γραφῇ
3509 927 3648 999 περὶ

2064 1020 2173 1075 τοῦ
2197 1021 2444 1074 πιστοῦ’
2469 1020 2530 1074 τὸ
2559 1020 2656 1092 μὲν
2679 1020 2756 1084 ὡς
2781 1018 3034 1072 πιστεύον
3052 1018 3182 1089 (81),
3200 1019 3260 1070 τὸ
3285 1017 3362 1083 δὲ,
3381 1018 3456 1081 ὡς
3488 1017 3646 1082 ἀξιό-

2066 1126 2286 1162 πιστον·
2324 1110 2418 1162 καὶ
2467 1108 2526 1162 τὸ
2569 1109 2667 1180 μὲν
2711 1110 2797 1161 ἐπ’
2847 1107 3172 1180 ἀνθρώπων,
3207 1109 3268 1161 τὸ
3292 1109 3349 1161 δὲ
3381 1109 3470 1162 ἐπὶ
3503 1108 3643 1162 Θεοῦ

2065 1201 2348 1273 ἁρμόζειν.
2401 1201 2597 1264 Πιστὸς
2632 1200 2763 1270 γοῦν
2796 1202 2824 1254 6
2868 1200 3118 1270 Ἀϐραάμ
3157 1199 3289 1271 (82),
3323 1201 3405 1254 ὅτι
3440 1199 3518 1270 τῷ
3545 1200 3647 1254 λα-

2064 1292 2247 1347 λοῦντι
2283 1292 2612 1346 πεπίστευκε
2653 1291 2793 1364 Θεῷ,
2816 1292 3006 1355 πιστὸς
3043 1292 3100 1344 δὲ
3128 1292 3157 1343 6
3186 1291 3338 1356 Θεὸς,
3365 1293 3470 1354 ὅτι,
3502 1290 3645 1345 καθ-

2064 1382 2139 1447 ὼς
2163 1383 2354 1454 ψάλλει
2385 1383 2568 1447 Δαὸὶδ,
2600 1384 2823 1448 Πιστός
2857 1383 3028 1436 ἐστιν
3061 1383 3132 1436 ἐν
3190 1381 3342 1438 πᾶσι
3372 1382 3500 1448 τοῖς
3537 1386 3648 1438 λό-

2063 1491 2192 1544 γοις
2219 1474 2406 1528 αὐτοῦ
2435 1477 2468 1528 ὁ
2497 1475 2729 1542 Κύριος,
2759 1475 2854 1530 καὶ
2881 1474 3192 1541 ἀξιόπιστός
3222 1475 3358 1539 ἐστι,
3389 1475 3482 1528 καὶ
3511 1473 3644 1528 ἁδύ-

2063 1565 2221 1620 νατὸν
2244 1568 2412 1630 ἐστιν,
2431 1566 2594 1618 αὐτὸν
2612 1566 2934 1635 ψεύσασθαι.
2954 1566 3084 1630 Καὶ,
3107 1566 3182 1621 El
3193 1567 3286 1634 τίς
3299 1568 3428 1620 ἐστι
3453 1567 3646 1636 πιστὴ

2068 1657 2252 1728 χήρας
2286 1658 2397 1731 (85)
2440 1657 2692 1728 ἔχουσα,
2723 1659 2812 1712 διὰ
2837 1659 2896 1712 τὸ
2927 1659 3106 1722 καλῶς
3139 1658 3434 1724 πιστεύειν,
3475 1660 3646 1731 πιστὴ

2067 1751 2334 1806 καλεῖται.
2373 1751 2568 1816 Πιστὸς
2597 1751 2654 1805 δὲ
2690 1751 2719 1803 ὁ
2751 1752 2944 1822 Λόγος,
2973 1752 3054 1805 ὅτι
3082 1753 3110 1805 ὃ
3146 1751 3365 1823 εἴρηκεν
3391 1792 3406 1818 ,
3434 1752 3648 1820 ὀφείλει

2069 1841 2452 1896 πιστεύεσθαι·
2495 1843 2692 1914 ἀληθὲς
2717 1843 2825 1915 γάρ
2850 1845 2986 1912 ἐστι,
3017 1843 3110 1897 καὶ
3137 1843 3236 1898 οὐκ
3264 1844 3409 1897 ἐστιν
3442 1843 3644 1908 ἄλλως.

2067 1932 2177 1986 Καὶ
2201 1931 2262 1985 τὸ
2297 1932 2406 2004 (84)
2428 1932 2736 2004 γεγράφθαι
2767 1933 2964 1997 τοίνυν,
2987 1933 3212 1987 Πιστὸν
3239 1934 3384 1988 ὄντα
3408 1933 3487 1999 τῷ
3517 1951 3648 1988 ποι-

2067 2023 2289 2089 ήσαντι
2337 2023 2544 2089 αὐτὸν,
2577 2023 2638 2078 οὺ
2671 2023 2807 2097 πρὸς
2837 2024 3031 2089 ἄλλους
3059 2025 3172 2096 ἔχει
3199 2026 3297 2097 τὴν
3322 2026 3643 2096 ὁμοιότητα·

2067 2114 2178 2167 οὐδ’
2206 2115 2286 2166 ὃτι
2320 2113 2609 2179 πιστεύων,
2645 2114 2936 2185 εὐάρεστος
2971 2115 3214 2185 γέγονεν,
3252 2115 3365 2169 ἀλλ’
3403 2119 3484 2170 ὅτι
3513 2117 3647 2182 Υἱὸς

2068 2205 2144 2259 ὣν
2180 2205 2274 2258 τοῦ
2309 2205 2561 2276 ἀληθινοῦ
2589 2205 2746 2268 Θεοῦ,
2787 2206 2976 2271 πιστός
3019 2209 3136 2260 ὲστι
3171 2208 3264 2271 καὶ
3303 2207 3466 2271 αὐτὸς
3496 2207 3647 2278 ὀφεί-

2052 2297 2174 2351 ⁹λων
2214 2297 2585 2361 πιστεύεσθαι,
2611 2299 2667 2350 ὲν
2697 2293 2778 2361 οἷς
2800 2297 2867 2353 ἂν
2890 2298 3022 2373 λέγῃ
3049 2298 3157 2370 (85)
3191 2300 3283 2352 καὶ
3313 2303 3460 2371 ποιῇ,
3483 2300 3647 2362 αὐτὸς

2068 2389 2337 2458 ἄτρεπτος
2363 2389 2560 2460 μένων,
2596 2390 2692 2444 καὶ
2727 2389 2802 2461 μὴ
2835 2389 3211 2461 ἀλλοιούμενος
3236 2393 3294 2444 ὲν
3321 2394 3388 2462 τῇ
3428 2391 3650 2464 ἀνθρω-

2070 2481 2201 2553 πίνῃ
2229 2481 2511 2553 οἰκονομίᾳ
2539 2481 2634 2534 καὶ
2662 2484 2729 2552 τῇ
2763 2481 3011 2554 ὲνσάρκῳ
3043 2483 3330 2555 παρουσίᾳ.

2140 2688 2194 2741 7.
2237 2687 2422 2752 Οὕτως
2459 2687 2558 2759 μὲν
2585 2683 2677 2743 οὖν
2714 2688 2778 2744 ἄν
2804 2706 2908 2753 τις,
2941 2687 3078 2762 πρὸς
3111 2689 3212 2761 τὴν
3259 2687 3532 2743 ἀναίδειαν
3557 2689 3652 2742 αύ-

2068 2777 2177 2833 τῶν
2207 2778 2421 2850 χωρῶν,
2444 2777 2666 2833 δύναται
2686 2779 2782 2832 καὶ
2818 2780 2882 2832 ὲκ
2908 2780 3076 2850 μόνης
3094 2778 3215 2849 τῆς,
3245 2778 3519 2846 ἐποίησε,
3554 2778 3649 2832 λέ-

2071 2870 2207 2939 ξεως
2265 2870 2421 2943 (86),
2475 2870 2770 2941 διελέγχειν
2817 2871 3014 2934 αὐτοὺς
3066 2870 3451 2941 πλανωμένους
3481 2911 3497 2937 ,
3550 2872 3651 2926 καὶ

2070 2965 2388 3038 νομίζοντας
2411 2959 2550 3018 εῖναι
2582 2963 2792 3034 ποίημα
2816 2961 2908 3016 τὸν
2935 2961 3028 3015 τοῦ
3052 2961 3187 3016 Θεοῦ
3208 2963 3400 3033 Λόγον.
3428 2963 3649 3035 Ἐπειδὴ

382 3066 508 3108 rum
542 3065 760 3116 sensus,
791 3059 1112 3121 constetque
1136 3067 1204 3106 ex
1229 3067 1314 3118 eo,
1341 3052 1694 3122 quandonam
1722 3051 1883 3123 375
1910 3061 1964 3107 et

2080 3061 2122 3116 Ξὲ
2163 3059 2275 3132 (87)
2303 3059 2397 3112 καὶ
2429 3059 2462 3130 ή
2499 3057 2703 3111 διάνοια
2732 3055 2838 3111 τῶν
2870 3056 3269 3128 γεγραμμένων
3317 3057 3462 3111 ἐστὶν
3487 3057 3646 3127 ὀρθὴ,

384 3144 453 3200 ad
479 3143 609 3213 quid
633 3160 761 3209 vox,
786 3144 934 3211 fecit,
965 3143 1236 3198 referatur
1261 3163 1274 3198 :
1306 3159 1529 3200 necesse
1554 3152 1638 3200 est
1659 3160 1722 3198 ex
1755 3161 1818 3200 ea
1846 3146 1964 3214 ipsa

386 3234 766 3291 haereticorum
805 3236 1094 3291 ostendere
1117 3235 1514 3305 stnpiditatem,
1543 3237 1782 3290 maxime
1806 3237 1874 3304 si,
1904 3245 1966 3292 ut

383 3338 547 3386 antea
595 3329 869 3393 diximus,
901 3329 969 3382 ad
1012 3328 1132 3398 ejus
1167 3337 1385 3399 tempus
1419 3337 1475 3384 et
1524 3345 1687 3384 usum
1717 3330 1965 3384 attende-

384 3423 581 3478 rimus.
611 3419 728 3475 Non
761 3420 929 3492 igitur
965 3437 1092 3476 eum
1138 3421 1255 3476 haec
1289 3422 1496 3477 diceret
1535 3421 1852 3490 Apostolus,
1900 3421 1970 3475 de

386 3515 496 3578 his,
528 3528 650 3584 quae
674 3523 800 3568 ante
831 3513 1164 3568 creationem
1195 3523 1372 3576 erant,
1406 3513 1568 3568 verba
1601 3513 1854 3579 faciebat,
1874 3513 1968 3568 sed

388 3606 458 3661 de
484 3607 569 3661 his
599 3608 870 3661 duntaxat
894 3621 1018 3676 qua;
1049 3604 1290 3660 Verbum
1332 3621 1554 3662 carnem
1607 3605 1808 3660 factum
1843 3620 1970 3674 spe—

387 3707 634 3766 ctarent;
677 3698 758 3753 sic
784 3699 929 3753 enim
959 3698 1226 3768 scriptum
1255 3709 1340 3753 est
1377 3717 1389 3753 :
1423 3697 1591 3763 Unde,
1619 3699 1813 3766 fratres
1839 3713 1970 3751 san-

389 3792 485 3857 cti,
501 3791 793 3846 vocationis
824 3789 1045 3843 caelestis
1062 3790 1372 3859 participes,
1399 3791 1732 3843 considerate
1757 3797 1971 3858 aposto-

390 3886 502 3940 lum
536 3895 586 3938 et
608 3884 910 3954 pontiﬁcem
942 3884 1290 3952 confessionis
1318 3892 1512 3937 nostra!
1543 3881 1750 3948 Iesum,
1788 3882 1879 3952 qui
1903 3881 1973 3950 fi-

389 3975 524 4030 delis
552 3984 629 4030 est
660 3974 709 4028 ei
734 3974 826 4045 qui
851 3973 974 4042 fecit
1006 3973 1240 4028 illum”.
1259 3971 1617 4040 Quandonam
1649 3973 1813 4042 igitur
1835 3972 1971 4025 mis-

391 4084 489 4126 sus
517 4076 621 4135 est,
659 4075 756 4121 aut
808 4066 1158 4136 quandonam
1206 4074 1450 4122 nostram
1493 4067 1670 4122 induit
1713 4063 1974 4120 carnem?

499 4256 547 4289 ιδ
572 4254 731 4310 Deut.
763 4267 938 4320 χχχιι,
959 4252 1014 4310 4.
1111 4257 1158 4290 ⁸⁸
1202 4256 1223 4309 Ι
1266 4255 1396 4312 Cor.
1426 4271 1480 4322 ς,
1514 4254 1601 4310 15.

395 4328 441 4361 δ’
468 4325 633 4382 Hebr.
662 4341 747 4391 ιιι,
771 4328 822 4386 1,
852 4324 908 4377 2.

1711 4253 1758 4285 ⁸⁸
1787 4251 1933 4306 Psal.
1979 4265 2160 4318 cxuv,
2189 4247 2278 4303 15.
2347 4247 2393 4278 ⁸⁷
2435 4244 2456 4298 I
2490 4243 2731 4299 Timoth.
2765 4258 2821 4310 γ,
2856 4242 2944 4298 16.

2071 3151 2392 3207 δεικνύουσα
2423 3150 2542 3222 τὴν,
2585 3150 2868 3219 ἐποίησε,
2899 3148 3064 3214 λέξιν,
3107 3148 3238 3202 πότε
3282 3151 3378 3202 καὶ
3417 3149 3554 3221 πρὸς
3595 3149 3650 3202 τί

2073 3242 2340 3314 λεγομένη
2378 3239 2703 3312 σημαίνεται
2727 3255 2743 3270 ·
2775 3240 3069 3308 ἀναγκαῖον
3108 3238 3202 3292 καὶ
3229 3237 3289 3303 ἐξ
3325 3238 3495 3311 αὐτῆς
3534 3237 3649 3310 (88)

2074 3332 2242 3401 δεῖξαι
2269 3334 2376 3388 τῶν
2406 3331 2696 3406 αίρετικῶν
2737 3330 2834 3403 τὴν
2881 3329 3123 3400 ἀλογίαν,
3159 3330 3253 3384 ἐὰν
3296 3331 3548 3402 μάλιστα,
3574 3331 3652 3394 ὡς

2075 3429 2134 3483 ὲν
2167 3431 2280 3492 τοῖς
2311 3425 2617 3498 ἔμπροσθεν
2652 3425 2972 3496 εἰρήκαμεν,
3007 3425 3100 3477 καὶ
3137 3423 3326 3477 τούτου
3344 3423 3434 3477 τὸν
3459 3423 3652 3492 καιρὸν

2075 3523 2171 3576 καὶ
2209 3521 2307 3591 τὴν
2335 3517 2522 3591 χρείαν
2549 3517 2808 3587 λάὸοιμεν
2838 3514 2973 3586 (89).
3002 3515 3077 3569 Οὐ
3102 3515 3283 3569 τοίνυν
3311 3515 3380 3568 τὰ
3411 3516 3518 3586 πρὸ
3548 3519 3653 3586 τῆς

2076 3613 2307 3675 κτίσεως
2348 3609 2704 3682 διηγούμενος
2739 3609 2768 3660 ὁ
2819 3607 3140 3670 Ἀπόστολος
3191 3605 3365 3660 ταῦτα
3405 3606 3650 3675 εἴρηκεν,

2077 3704 2191 3759 ἀλλ’
2215 3705 2302 3757 ὅτε
2331 3704 2360 3755 ὁ
2388 3703 2559 3771 Λόγος
2580 3699 2714 3772 σὰρξ
2738 3699 2954 3768 ἐγένετο
2970 3716 2986 3730 ·
3013 3698 3156 3752 οὕτω
3174 3697 3282 3768 γὰρ
3297 3697 3604 3768 γέγραπται
3634 3714 3651 3728 ο

2076 3796 2276 3860 Ὅθεν,
2317 3793 2566 3862 ἀδελφοὶ
2618 3791 2772 3862 ἅγιοι
2811 3790 2945 3862 (90),
2981 3790 3260 3858 κλήσεως
3289 3789 3655 3857 ἐπουρανίου

2074 3888 2316 3957 μέτοχοι
2334 3925 2348 3949 ,
2389 3881 2802 3950 κατανοήσατε
2842 3881 2952 3935 τὸν
3002 3881 3350 3936 ἀπόστολον
3391 3878 3492 3932 καὶ
3550 3879 3657 3946 dp-

2079 3972 2278 4042 χιερέα
2303 3970 2414 4038 τῆς
2440 3969 2760 4038 ὁμολογίας
2785 3967 2955 4038 ἡμῶν
2991 3968 3236 4036 Ἰησοῦν
3263 3966 3398 4038 (91),
3433 3967 3660 4021 πιστὸν

2082 4063 2228 4117 ὄντα
2259 4061 2339 4127 τῷ
2379 4059 2700 4129 ποιήσαντι
2742 4060 2946 4114 αὐτόν.
2980 4059 3121 4114 Πότε
3156 4053 3249 4114 οὖν
3281 4057 3587 4128 ἀπεστάλη,
3620 4056 3655 4128 ἢ

3058 4240 3104 4274 ⁸⁸
3144 4239 3164 4294 l
3193 4237 3437 4294 Timoth.
3473 4252 3572 4306 Ill,
3598 4238 3656 4293 1.

393 4447 606 4524 γίνεται
649 4463 708 4500 τε
767 4441 1162 4524 _xat.jn__alii_s
1235 4449 1305 4524 et_
1343 4439 1531 4524 “edit-is
1573 4455 1633 4492 τε
1685 4436 1969 4524 omittitur.

2083 4434 2270 4524 Alilinet
2297 4433 2448 4524 (aditi,
2479 4433 2570 4524 ξιὰ
2597 4432 2693 4516 τοῦ
2723 4432 2927 4497 καλῶς.

398 4507 522 4576 Mox
558 4517 878 4586 Segnerian.
915 4507 1226 4586 Goble'ria‘n.
1258 4519 1312 4586 et
1343 4510 1657 4586 Felcltman.
1696 4509 1750 4572 1,
1781 4507 1975 4586 nte-16v

393 4593 544 4655 ὄντα,
593 4577 756 4642 πάλιν
809 4586 1083 4657 ταράττει,
1117 4582 1351 4657 αὐτούς.Δ
1389 4580 1530 4634 Editi
1564 4595 1750 4657 fere,
1787 4577 1977 4657 πιστὸν

393 4647 632 4729 ὄντατῷ
656 4647 942 4778 ποιὲσαντι
968 4654 1152 4716 αὑτὸν,
1177 4652 1476 4726 σπαράττει
1507 4649 1667 4704 πάλιν
1690 4647 1906 4728 αὐτούς.

469 4731 581 4778 (8οὶ
631 4730 724 4778 Sic
758 4761 776 4778 ι
798 4725 1078 4778 euuerian.
1110 4723 1313 4778 Regius
1344 4738 1494 4778 vero.
1520 4721 1766 4774 Μωῡσεϊ.
1799 4718 1938 4772 Εόιιί

469 4731 581 4802 (80)
603 4718 743 4802 'Sic_
757 4718 1313 4802 $egucria_n_.‘Re’gins
1344 4738 1494 4802 vero,
1520 4721 1772 4802 λξωύσεϊ.
1799 4718 1978 4802 Editio

394 4790 688 4857 Coinmel..
723 4790 954 4867 Μωῧσῇ.
984 4790 1501 4867 lbitl._SegueI-_ia_n.
1557 4790 1873 4867 Goblerian.
1925 4796 1981 4842 et

397 4871 543 4927 Felc.
573 4872 625 4933 1,
650 4869 679 4921 6
706 4859 1017 4938 Θεὸς...”τῷ
1047 4865 1105 4920 δὲ
1133 4863 1350 4936 Παύλῳ.
1373 4861 1480 4916 Alii
1505 4869 1560 4916 et
1586 4860 1740 4924 editi,
1774 4859 1975 4922 Θεὸς...

397 4944 490 4989 καὶ
515 4940 592 4989 τῶ
622 4937 840 4989 Παύλω.

397 4944 490 4996 καὶ
515 4940 592 4996 τῷ
622 4937 840 4996 Παύλῳ.

620 4955 909 5083 ἓὶῗᾝξείᾗ
958 5014 1011 5083 et
1065 5002 1317 5083 Felmp._
1342 5002 1516 5083 .At
1559 5015 1752 5083 omnes
1779 4999 1887 5083 ‘alii
1924 5007 1982 5083 et

395 5069 848 5145 θιιῖιί,’πιστεῦον.
875 5077 1044 5132 Paulo
1065 5084 1191 5146 post
1221 5073 1534 5129 Goblerian.
1569 5079 1623 5126 et
1651 5069 1891 5125 Felckm.
1928 5069 1979 5134 1,

397 5154 490 5206 ἐπὶ
518 5151 614 5205 τοῦ
644 5149 780 5203 Θεοῦ
811 5146 1092 5220 ἁρμόζειν.

469 5222 584 5294 (82)
625 5209 1015 5294 §egu_eriaiills,
1049 5214 1367 5294 Gobleriaq.
1404 5220 1460 5294 et
1493 5209 1740 5294 φεμ,
1771 5209 1980 5294 ὲπειδῄ.

400 5279 600 5349 Ibidem
636 5279 827 5349 Ba'siL.
860 5279 1192 5342 πεπίστευκε
1213 5285 1292 5354 τῷ
1321 5282 1461 5354 Θεῷ.
1497 5281 1621 5354 Mox
1651 5279 1902 5354 Seguer..

400 5365 534 5416 πᾶσι
563 5363 678 5423 τοῖς
717 5359 918 5427 λόγοις.
961 5358 1183 5427 Gobler.
1222 5352 1277 5410 et
1317 5352 1462 5427 Dele.
1504 5352 1557 5427 I_,
1598 5354 1656 5404 ἐν
1703 5352 1983 5427 πᾶῆσιμτιῖς

400 5435 602 5520 timore:
765 5420 817 5483 et
843 5420 994 5520 θέρε,
1025 5426 1310 5520 summie;
1343 5424 1496 5520 Ibi-(1..
1511 5421 1731 5520 Sig-uer.
1760 5420 1980 5476 Gobler.

403 5493 546 5557 Fcis.
568 5493 600 5554 1
631 5512 684 5554 et
713 5499 764 5558 5.
799 5500 894 5552 καὶ
915 5499 951 5555 δι
975 5497 1154 5552 λαλῶν
1184 5493 1496 5562 ἀξιόπιστός
1533 5495 1670 5544 ἐστι.

475 5572 591 5643 (85)
620 5569 720 5643 Sic
758 5569 903 5643 Felc.
936 5569 990 5633 4,
1034 5578 1173 5643 utet
1217 5560 1414 5636 legitur
1524 5562 1767 5643 Timoth.
1803 5578 1858 5625 ν,

404 5632 749 5710 ἢιιᾷτιιενῖειηη
772 5641 962 5710 χεῖρας
989 5637 1250 5710 mendose
1272 5632 1374 5710 pro
1404 5635 1599 5710 χήρας..
1630 5633 1741 5710 _Alii_
1762 5644 1816 5687 et
1831 5632 1983 5710 editi,

407 5653 749 5705 Namnam,
772 5653 855 5710 χει
896 5656 962 5704 ας
989 5653 1250 5693 mendose
1276 5653 1374 5703 pro
1442 5653 1599 5706 ηρας.
1631 5653 1733 5686 mu
1762 5653 1816 5687 cl.
1831 5653 1981 5698 eum,

407 5715 571 5787 χήρα.
619 5709 822 5767 Ibidem
852 5656 1152 5781 gesnerian
1185 5717 1241 5764 ct
1274 5653 1458 5763 Fclcﬁ.
1495 5708 1541 5773 ι,
1568 5704 1654 5760 διὰ
1696 5704 1752 5757 τὸ
1780 5703 1981 5768 καλῶς.

2156 4505 2270 4576 (84)
2308 4504 2454 4576 _Felc.
2485 4504 2540 4576 «1,
2572 4504 2670 4576 τῷ.

2145 4565 2282 4646 (⁷85)
2300 4565 2632 4646 ὃθειιετίεῃ.’
2661 4575 2762 4646 εὰν
2801 4574 2955 4646 λέγῃ.
2994 4570 3139 4625 Idem
3182 4568 3315 4623 ibid.
3362 4575 3418 4622 et
3453 4565 3658 4622 Goble-

2077 4644 2219 4701 rian.
2245 4644 2435 4699 Felcil
2471 4653 2526 4699 et
2552 4644 2606 4709 4,
2636 4644 2797 4706 αὐτός
2821 4645 3099 4697 omittunt.

2153 4717 2265 4788 (86)
2306 4705 2622 4788 Goblerian.
2641 4724 2701 4788 _et
2725 4705 2955 4788 Felc._I,
2987 4711 3264 4767 δύνασθαι.
3295 4707 3434 4764 Ibid.
3460 4705 3662 4778 Segne-

2078 4781 2256 4856 riail.,'
2279 4787 2398 4856 τῇς,
2427 4781 2496 4856 ἧς
2528 4783 3025 4856 ὲτφίησε,ᾲλέξεως.

2150 4845 2536 4928 (87)}ie’gf—et
2578 4845 2726 4928 Felc.
2763 4845 2911 4928 5,_8€
2957 4845 3236 4928 omittunt.
3276 4847 3399 4928 hic:
3449 4845 3661 4928 segne-

2079 4917 2497 4981 rian.'Gobler.
2535 4936 2590 4978 et
2641 4917 2874 4986 Feicri,
2921 4922 3043 4994 τὴν,
3091 4923 3158 4994 ἢν
3199 4919 3444 4990 ἐποίησε,
3491 4917 3660 4985 λέξιν.

2079 4995 2214 5052 Ibid.
2251 4996 2398 5051 Felc.
2425 4995 2483 5066 4,
2508 4995 2646 5066 πρὸς
2671 4995 2722 5047 τί
2744 4993 3059 5066 λεγομένου.

2155 5068 2268 5137 (88)
2298 5066 2444 5121 Fclc.
2472 5065 2525 5137 5,
2556 5060 2854 5137 αναγκαῖον
2869 5060 2940 5137 ’ἐξ
2961 5063 3150 5137 αὐτῆς.
3169 5060 3662 5137 Editio_Comrnel_.,

2005 5156 2009 5163 '
2081 5129 2384 5206 ἀκαγκαῖον
2405 5136 2500 5190 καὶ
2521 5129 2738 5206 ἑαυτῆς.
2777 5133 2884 5189 Alii
2915 5149 3051 5188 mss.
3073 5129 3098 5199 ,⁷
3129 5135 3426 5201 ἀναγκαῖον
3465 5131 3564 5186 καὶ
3603 5129 3666 5196 ἐξ

2081 5225 2273 5402 ω)ξὲεὲ
2300 5275 2392 5331 Sic
2421 5274 2647 5346 Seguer.
2681 5273 2899 5330 Gobler.
2929 5281 2984 5328 et
3012 5270 3159 5328 Felc.
3199 5273 3250 5325 I.
3309 5271 3380 5327 At
3416 5267 3566 5351 Felc.
3598 5268 3664 5335 5,

2082 5347 2229 5402 λαιιὸ
2271 5363 2470 5402 νωμεν.
2503 5346 2609 5399 Alii
2637 5353 2692 5400 et
2720 5344 2869 5402 editi.
2900 5343 3173 5402 λάϐωμεν.
3210 5341 3332 5396 Mox
3377 5357 3574 5402 ταυτα,
3605 5348 3664 5394 ut

2082 5341 2609 5418 λαμϐάνωμεν.ᾏιίἱ
2637 5353 2692 5400 et
2720 5344 2869 5418 editi,
2889 5343 3173 5418 λλάξωμεν.
3191 5341 3332 5418 -Μοξ
3377 5341 3664 5418 ταῦταηυι

2085 5408 2294 5542 Israhel}:
2317 5408 2498 5472 caueri
2529 5431 2666 5473 mss.
2695 5423 2751 5470 et
2773 5415 2939 5470 editio
2961 5408 3252 5480 Commel.,
3277 5414 3431 5468 abest
3450 5425 3481 5465 a
3512 5408 3661 5465 Felc.

2126 5528 2141 5542 .
2169 5498 2224 5541 et
2297 5503 2381 5542 e2.

2126 5528 2141 5542 .
2169 5498 2224 5541 et
2250 5498 2381 5542 ΚΘΕ.

2128 5503 2392 5627 ’(ῗοξίὲίῗὲ
2421 5553 2897 5627 Segner._Gobler.
2923 5563 2979 5610 et
3007 5552 3153 5608 Felc.
3187 5554 3240 5620 1,
3280 5563 3334 5609 et
3357 5547 3664 5621 Scriptura.

2086 5624 2192 5684 Alii
2225 5644 2354 5682 vero
2379 5629 2529 5691 editi,
2565 5624 2782 5696 ἀδελφοί
2815 5643 2934 5696 μου.

2162 5699 2274 5771 (91)
2310 5697 2440 5770 Reg.
2470 5707 2524 5754 et
2555 5692 2767 5754 Felc.'5
2800 5692 3060 5752 omittunt
3093 5692 3321 5765 Ἰησοῦν.
