3850 6218
172 355 266 411 161

1306 352 1569 410 ORATIO
1607 352 1651 407 ll
1689 350 1976 408 CONTRA
2016 349 2344 407 ARIANOS.

3337 357 3444 413 162

169 474 405 547 ὁπηνίκα
452 472 553 544 τὴν
593 473 868 545 ἡμετέραν
915 473 1202 527 ἐνεδύσατο
1250 473 1460 546 σάρκα;
1509 473 1648 526 Πότε
1691 473 1740 527 δί

1852 469 2214 536 Quandonam
2239 478 2442 526 nostra:
2465 467 2834 526 confessionis
2849 469 3094 541 pontifex
3114 481 3201 530 est
3229 472 3446 532 factus?

166 567 462 638 ἀρχιερεὺς
489 567 590 636 τῆς
619 563 910 635 ὁμολογίας
940 566 972 635 ἡ
983 564 1100 634 μῶν
1127 563 1420 636 γέγονεν,ἢ
1445 565 1554 627 ὅτε,
1583 579 1753 634 προσ-

165 659 399 726 ενέγκας
431 657 625 711 ἑαυτὸν
658 657 800 726 ὑπὲρ
845 655 1004 726 ήμῶν
1025 696 1040 720 ,
1075 656 1295 726 ἠγειρεν
1330 658 1394 709 ὲκ
1435 654 1644 726 νεκρῶν
1689 654 1752 708 τὸ

167 749 351 821 σῶμα,
382 751 478 803 καὶ
496 748 589 802 νῦν
623 748 784 811 αὐτὸς
807 749 933 811 τοὺς
951 748 1424 820 προσερχομένους
1452 745 1618 802 αὑτοῦ
1637 746 1750 813 (92)

162 845 229 912 τῇ
255 842 443 895 πίστει
471 842 741 912 προσάγει
766 841 859 892 καὶ
884 840 1184 912 προσφέρει
1206 839 1284 910 τῷ
1309 840 1503 911 Πατρὶ.
1529 839 1752 911 λυτρού-

167 953 330 1005 μενος
379 935 592 996 πάντας
617 976 631 999 ,
677 935 772 987 καὶ
819 934 960 1004 ὑπὲρ
1017 933 1234 986 πάντων
1294 931 1645 1002 ἱλασκόμενος
1682 931 1753 985 τὰ

165 1026 307 1098 πρὸς
341 1025 438 1078 τὸν
467 1026 637 1090 Θεόν;
673 1027 748 1079 Οὐ
775 1027 870 1098 τὴν
904 1025 1092 1078 οὐσίαν
1119 1025 1230 1098 ἄρα
1259 1023 1355 1077 τοῦ
1393 1023 1590 1092 Λόγου,
1631 1023 1751 1076 οὐδὲ

161 1117 262 1188 τὴν
292 1119 358 1170 ἐκ
393 1117 488 1170 τοῦ
533 1118 749 1188 Πατρός
791 1117 1024 1189 φυσικὴν
1065 1117 1320 1190 γέννησιν
1365 1117 1474 1187 (95)
1509 1117 1750 1187 σημᾶναι

164 1207 340 1260 θέλων
369 1209 397 1260 6
439 1207 762 1270 ’Λπόστολος
787 1207 997 1280 εἴρηκε,
1025 1207 1256 1262 Πιστὸν
1285 1207 1430 1260 ὄντα
1459 1207 1540 1273 τῷ
1577 1205 1750 1273 ποιή-

162 1315 347 1352 σαντι
374 1300 562 1353 αὐτόν
589 1316 603 1330 ·
639 1300 713 1370 μὴ
746 1300 991 1368 γένοιτοί
1024 1300 1191 1352 ποιῶν
1233 1299 1342 1372 γάρ
1380 1301 1528 1352 ἐστιν
1564 1302 1592 1353 6
1644 1299 1749 1353 Λό-

162 1406 283 1456 γος,
316 1390 378 1441 ού
415 1389 736 1459 πειούμενος
766 1389 928 1454 αὑτός
958 1405 972 1419 ⁶
1010 1388 1146 1444 ἀλλὰ
1175 1389 1274 1460 τὴν
1304 1390 1384 1451 είς
1428 1387 1751 1460 ἀνθρώπους

167 1481 339 1534 αὐτοῦ
375 1479 597 1534 κάθοδον
624 1482 715 1534 καὶ
747 1479 1162 1552 ἀρχιερωσύνην
1190 1480 1509 1551 γενομένην,
1542 1481 1610 1552 ἢν
1652 1498 1751 1535 κα-

161 1572 274 1636 λῶς
311 1575 374 1626 ἄν
395 1589 479 1635 τις
513 1571 612 1624 ῐδοι
639 1573 705 1625 ἐκ
729 1572 828 1642 τῆς
879 1571 1019 1625 κατὰ
1050 1571 1147 1626 τὸν
1184 1571 1348 1642 νόμον
1372 1571 1580 1625 καὶτὸν
1625 1574 1752 1627 ’Λα-

163 1661 279 1734 ρὼν
313 1661 420 1732 (94)
467 1661 730 1734 ἱστορίας.
754 1660 940 1724 Οὕτως
984 1660 1194 1731 Ἀαρὼν
1221 1662 1280 1714 οὐ
1306 1663 1630 1731 γεγέννηται
1651 1662 1744 1732 ἀρα

162 1755 407 1825 χιερεὺς,
429 1754 561 1808 ἀλλὰ
589 1754 893 1826 ἄνθρωπος,
914 1753 1008 1806 καὶ
1027 1751 1166 1824 μετὰ
1195 1752 1404 1824 χρόνον,
1440 1754 1528 1806 ὅτε
1557 1753 1586 1804 6
1618 1753 1750 1816 Θεὸς

1857 560 2050 616 Nonne
2086 573 2218 616 tunc
2240 576 2388 625 cum,
2412 571 2702 632 postquam
2731 577 2830 632 pro
2851 563 3010 618 nobis
3042 579 3101 618 se
3130 563 3248 633 ipse
3283 565 3442 621 obtu-

1858 653 2032 718 lisset,
2065 669 2265 723 corpus
2287 653 2546 708 excitavit
2565 669 2630 708 ex
2655 655 2911 721 mortuis,
2927 671 3184 725 nuncque
3205 671 3325 720 eos,
3346 657 3443 728 qui

1858 739 2034 811 ipsius
2064 743 2468 811 amplectuntur
2497 743 2682 810 fidem,
2719 743 2942 799 adducit
2966 754 3021 800 et
3060 745 3221 800 oﬂ‘ert
3267 744 3444 812 Patri,

1857 848 2050 888 omnes
2089 832 2391 899 redimens,
2421 841 2477 889 et
2505 849 2606 904 pro
2642 835 2900 890 omnibus
2938 834 3051 890 Deo
3091 836 3446 897 satisfaciens

1858 938 2094 994 eumque
2121 924 2420 994 propitium
2465 925 2742 980 reddens?
2771 924 2893 981 Non
2923 927 3108 998 itaque
3143 928 3443 999 Apostolus

1858 1013 2024 1070 Verbi
2053 1025 2307 1070 naturam
2333 1016 2419 1072 vel
2447 1017 2754 1073 naturalem
2789 1032 2910 1087 ejus
2937 1034 3005 1074 ex
3047 1017 3208 1075 Patre
3257 1029 3442 1076 ortum

1857 1105 1946 1160 bis
1980 1105 2350 1177 signiﬁcabat,
2365 1109 2615 1172 vocibus,
2663 1109 2768 1173 Qui
2801 1109 2977 1179 ﬁdelis
3001 1121 3079 1164 est
3117 1113 3167 1166 ei
3191 1114 3282 1182 qui
3313 1113 3440 1183 fecit

1857 1196 2012 1250 illum
2035 1213 2054 1250 :
2087 1198 2261 1253 absit!
2296 1199 2565 1271 siquidem
2595 1199 2867 1266 eﬂiciens,
2907 1217 3016 1256 non
3059 1202 3312 1259 effectum
3352 1213 3441 1260 est

1858 1285 2096 1342 Verbum
2129 1307 2144 1342 :
2169 1289 2263 1344 sed
2290 1290 2410 1360 ejus
2439 1290 2506 1345 ad
2537 1291 2785 1348 homines
2813 1293 3128 1359 adventum,
3151 1305 3203 1349 et
3231 1293 3440 1351 factum

1858 1383 2236 1452 pontiﬁcatum
2270 1383 2567 1449 indicabat,
2593 1393 2654 1439 ut
2683 1399 2752 1440 ex
2779 1385 2915 1455 legis
2935 1393 2991 1440 et
3013 1386 3250 1442 Aaronis
3267 1387 3441 1442 histo-

1857 1474 1940 1527 ria
1973 1473 2100 1528 licet
2125 1475 2456 1544 perspicere.
2486 1472 2597 1530 Nec
2626 1474 2773 1530 enim
2802 1479 2982 1531 Aaron
3005 1476 3249 1547 pontifex
3281 1479 3440 1550 geni-

1857 1575 1946 1621 tus
1973 1575 2076 1629 est,
2103 1567 2200 1621 sed
2240 1567 2403 1624 homo
2425 1607 2440 1632 ,
2472 1567 2568 1638 qui
2628 1577 2817 1638 postea
2838 1607 2854 1632 ,
2885 1583 3009 1623 cum
3047 1567 3160 1623 Deo
3209 1570 3439 1639 placuit,

1859 1656 2034 1714 factus
2063 1668 2149 1714 est
2184 1659 2428 1730 pontifex
2452 1677 2468 1726 ;
2495 1661 2641 1731 quod
2665 1661 2885 1731 quidem
2914 1677 3022 1715 non
3050 1663 3248 1732 quovis
3274 1665 3440 1719 modo

1858 1760 2040 1804 actum
2072 1759 2176 1816 est,
2195 1766 2298 1805 nec
2320 1751 2410 1807 ille
2441 1753 2723 1807 consuetis
2764 1766 2832 1806 ex
2869 1751 3212 1807 vestimentis
3255 1753 3439 1822 ponti-

159 1846 422 1918 ἠθέλησε,
457 1846 681 1914 γέγονεν
697 1845 1010 1918 ἀρχιερεύς’
1046 1845 1140 1900 καὶ
1169 1846 1390 1914 γέγονεν
1413 1847 1511 1916 οὑχ
1543 1845 1740 1911 ἁπλῶς1

1856 1837 1943 1893 fex
1974 1847 2058 1894 est
2093 1840 2334 1910 agnitus,
2368 1840 2461 1895 sed
2492 1839 2821 1910 epomidem,
2855 1841 3112 1910 poderem
3157 1851 3212 1896 et
3261 1842 3435 1897 ratio-

160 1939 287 1992 οὐδὲ
328 1941 392 1992 ὲκ
438 1938 545 1992 τῶν
595 1939 843 2010 συνήθων
893 1939 1122 2009 ἱματίων
1166 1939 1586 2012 γνωριζόμενος,
1631 1939 1748 1993 ἀλλ’

159 2029 684 2100 ὲπενδιδυσκόμενος
714 2030 825 2101 (95)
854 2031 954 2100 τὴν
980 2030 1253 2101 ἐπωμίδα,
1296 2031 1359 2083 τὸ
1389 2031 1616 2099 λογεῖον,
1657 2030 1748 2084 τὸν

159 2123 404 2193 ποδήρη,
434 2121 468 2174 ἃ
492 2125 545 2174 ai
573 2125 828 2190 γυναῖκες
859 2123 956 2193 μὲν
984 2123 1308 2194 εἰργάσαντο
1335 2122 1632 2194 προστάξει
1653 2122 1747 2176 τοῦ

158 2213 328 2274 Θεοῦ,
365 2216 425 2266 ὲν
453 2213 663 2277 τούτοις
697 2215 753 2266 δὲ
798 2213 1181 2285 εἰσερχόμενος
1225 2216 1308 2277 εἰς
1337 2215 1408 2268 τὰ
1453 2216 1604 2282 ἆγια,
1646 2214 1747 2286 τὴν

160 2305 310 2376 ὑπὲρ
343 2304 440 2357 τοῦ
483 2304 614 2356 λαοῦ
670 2305 858 2358 θυσίαν
902 2305 1210 2379 προσέφερε
1236 2321 1251 2335 ·

163 2395 362 2467 ὥσπερ
392 2396 673 2467 ἐμεσίτευε
705 2399 768 2468 τῇ
797 2397 1038 2469 ὀπτασίᾳ
1059 2398 1154 2450 τοῦ
1178 2397 1334 2462 Θεοῦ,
1367 2399 1460 2452 καὶ
1489 2401 1608 2462 ταῖς
1639 2398 1747 2452 τῶν

158 2489 469 2560 ἀνθρώπων
518 2488 751 2553 θυσίαις.
817 2489 974 2544 Οὕτω
1001 2490 1180 2544 τοίνυν
1226 2491 1320 2544 καὶ
1361 2493 1390 2544 6
1437 2490 1640 2562 Κύριος
1678 2491 1737 2544 ιν

159 2583 310 2652 ἀρχῇ
367 2580 468 2649 μὲν
499 2577 569 2650 ἦν
607 2582 635 2632 6
660 2581 832 2649 Λόγος
862 2598 876 2612 ·
931 2583 1026 2636 καὶ
1072 2583 1100 2634 6
1145 2581 1316 2650 Λόγος
1358 2577 1428 2653 ἦν
1477 2581 1614 2654 πρὸς
1655 2581 1747 2636 τὸν

160 2672 320 2735 Θεὸν,
357 2673 454 2725 καὶ
495 2672 629 2735 Θεὸς
659 2668 728 2743 ἦν
755 2675 782 2726 6
813 2673 988 2741 Λόγος
1017 2672 1128 2744 (96)
1152 2690 1166 2703 '
1202 2675 1290 2728 ὅτε
1329 2673 1385 2725 δὲ
1428 2673 1689 2745 ⁴ἠθέλησεν
1718 2675 1747 2727 6

159 2762 356 2834 Πατὴρ
385 2763 528 2835 ὑπὲρ
571 2765 788 2818 πάντων
818 2764 990 2837 λύτρα
1033 2765 1272 2836 δοθῆναι,
1309 2767 1404 2820 καὶ
1432 2767 1564 2820 πᾶσι
1588 2765 1745 2838 χαρί-

160 2855 383 2922 σασθαι,
425 2855 545 2909 τότε
572 2856 636 2927 δὴ
688 2859 717 2908 6
759 2857 952 2926 Λόγος,
988 2858 1064 2921 ὡς
1117 2857 1326 2930 Ἀαρὼν
1370 2858 1460 2911 τὸν
1493 2859 1698 2931 ποδήρη
1725 2901 1741 2925 9

155 2946 338 3010 οὕτως
368 2947 530 3011 αὐτὸς
579 2947 739 3001 ἔλαϐε
765 2948 864 3019 τὴν
889 2949 996 3002 ἀπὸ
1017 2950 1121 3019 γῆς
1155 2950 1334 3020 σάρκα
1355 2947 1488 3021 (97),
1524 2950 1744 3022 Μαρίαν

153 3039 283 3092 ἀντὶ
315 3039 414 3110 τῆς
437 3039 770 3112 ἀνεργάστου
796 3041 897 3111 γῆς
923 3039 1169 3113 ἐσχηκὼς
1197 3041 1409 3112 μητέρα
1440 3041 1532 3095 τοῦ
1561 3040 1745 3112 σώμα-

151 3146 269 3193 τος,
320 3130 407 3182 ἵνα
450 3128 588 3200 ἔχων
625 3130 685 3182 τὸ
731 3130 1174 3201 προσφερόμενον
1214 3131 1394 3197 αὐτὸς,
1445 3130 1520 3195 ὡς
1554 3131 1743 3203 ἀρχιε-

156 3222 291 3291 ρεὺς
337 3219 467 3291 (98),
505 3221 696 3275 ἑαυτὸν
749 3223 1089 3294 προσενέγκῃ
1123 3222 1202 3294 τῷ
1263 3223 1438 3295 Πατρὶ
1466 3262 1481 3287 ,
1529 3225 1624 3278 καὶ
1667 3225 1746 3295 τῷ

157 3312 278 3384 ίδὶῳ
315 3312 511 3383 αἵματι
565 3314 777 3378 πάντας
828 3317 977 3386 ἡμᾶς
1015 3316 1124 3369 ἀπὸ
1166 3314 1275 3369 τῶν
1319 3315 1602 3388 ἁμαρτιῶν
1643 3334 1745 3370 κα-

153 3402 378 3474 θαρίσῃ,
431 3404 526 3456 καὶ
553 3404 661 3457 ἀπὸ
688 3403 796 3457 τῶν
819 3406 1028 3478 νεκρῶν
1054 3407 1356 3478 ἀναστήσῃ.

224 3493 278 3547 8.
309 3491 516 3546 Τούτου
544 3495 655 3567 γὰρ
675 3490 745 3567 ἦν
769 3495 838 3550 τὰ
860 3495 1068 3550 παλαιὰ
1100 3498 1253 3552 σκιά’
1280 3498 1372 3550 καὶ
1395 3497 1530 3570 ὅπερ
1549 3497 1731 3551 πεποίε

153 3601 290 3653 ηκεν
335 3582 509 3636 ὲλθὼν
537 3586 568 3637 6
591 3585 802 3656 Σωτὴρ,
822 3585 979 3640 τοῦτο
999 3586 1140 3641 κατὰ
1163 3575 1254 3639 τὸν
1265 3587 1429 3658 νόμον
1456 3588 1744 3659 ὲσκιογρά-

151 3693 244 3744 «pst
264 3678 293 3728 6
309 3676 523 3746 Ἀαρών
541 3676 893 3750 (99).”Ωσπερ
916 3673 1009 3732 οὖν
1029 3679 1058 3730 6
1087 3677 1294 3751 Ἀαρὼν
1317 3681 1344 3732 6
1366 3678 1526 3743 αὐτὸς
1549 3678 1623 3734 ὢν
1641 3681 1744 3734 οὐκ

149 3767 459 3836 ἠλλάσσετο
503 3769 912 3841 περιτιθέμενος
953 3770 1052 3842 τὴν
1090 3771 1485 3842 ἀρχιερατικὴν
1511 3771 1737 3840 ἐσθῆτα,

148 3857 291 3912 ἀλλὰ
318 3859 498 3930 μένων
530 3860 559 3912 6
582 3861 772 3926 αὐτὸς,
797 3861 1133 3916 ἐκαλύπτετο
1157 3862 1318 3934 μόνον
1338 3878 1356 3892 ο
1385 3862 1481 3916 καὶ
1508 3864 1556 3916 εί
1585 3861 1739 3931 ἐλεγέ

149 3968 232 4015 τις
273 3951 544 4024 ἑωρακὼς
576 3953 739 4007 αὐτὸν
787 3955 1187 4027 προσφέροντα,
1230 3955 1363 4009 Ἰδοὺ
1405 3954 1598 4025 γέγονε
1649 3956 1740 4027 σή-

151 4061 320 4115 μερον
353 4046 383 4097 6
425 4043 634 4114 Ἀαρὼν
665 4045 982 4118 ἀρχιερεὺς,
1010 4047 1110 4100 οὐκ
1141 4048 1434 4119 ἐσήμαινεν
1468 4047 1544 4119 (1)
1574 4047 1739 4102 αὐτόν

145 4133 440 4207 ἄνθρωπον
480 4136 603 4190 τότε
646 4137 970 4208 γεγενῆσθαι
1004 4154 1019 4169 ο
1053 4133 1121 4212 ἦν
1167 4138 1308 4212 γὰρ,
1357 4139 1450 4192 καὶ
1495 4139 1604 4210 πρό
1639 4139 1734 4192 τοῦ

145 4228 314 4280 αὐτὸν
364 4228 630 4300 ἀρχιερέα
682 4229 956 4297 γενέσθαι,
1002 4229 1288 4303 ἄνθρωπος
1315 4245 1329 4261 ·
1387 4229 1502 4284 ἀλλ’
1535 4231 1617 4284 ὅτι
1666 4234 1735 4304 τῇ

145 4319 497 4392 λειτουργείᾳ
542 4322 835 4394 πεποίηται
885 4324 1210 4394 ἀρχιερεὺς,
1263 4323 1620 4395 περιθέμενος
1663 4323 1738 4378 τὰ

146 4412 500 4483 πεποιημένα
530 4415 624 4467 καὶ
656 4413 1170 4469 κατασκευασθέντα
1201 4414 1277 4485 (2)
1305 4416 1494 4485 ἱμάτια
1529 4417 1595 4486 τῇ
1630 4415 1732 4486 ἀρ-

1299 2308 1393 2360 χαὶ
1437 2308 1494 2359 ὲν
1536 2306 1748 2370 τούτοις
1775 2339 1786 2348 -

1852 1931 1976 1986 nale
1999 1930 2197 1998 induit,
2229 1947 2368 2000 quas
2394 1940 2572 1986 vestes
2598 1931 2693 1986 Dei
2718 1932 2878 2002 jussu
2919 1941 3208 1988 texuerant
3233 1933 3434 1988 mulie-

1851 2039 1980 2092 res;
2009 2023 2210 2093 Quibus
2261 2024 2353 2079 ille
2391 2025 2616 2080 indutus
2646 2025 2702 2078 in
2753 2033 2943 2080 sancta
2998 2025 3432 2096 ingrediebatur,

1850 2125 1910 2170 ut
1950 2115 2286 2170 sacriﬁcium
2327 2131 2427 2186 pro
2468 2117 2673 2186 populo
2701 2115 2965 2172 oﬂ'erret:
3009 2131 3075 2173 ac
3120 2117 3286 2172 veluti
3319 2134 3436 2174 nte—

1849 2205 1976 2259 dius
2003 2204 2442 2260 constituebatur
2474 2206 2620 2261 inter
2650 2205 2744 2262 Dei
2777 2207 3042 2262 visionem
3067 2217 3122 2263 et
3145 2208 3432 2264 hominum

1850 2296 2123 2351 sacrificia
2148 2297 2216 2352 '°.
2241 2295 2334 2352 Sic
2355 2298 2521 2370 igitur
2541 2299 2658 2369 ipse
2677 2315 2897 2370 quoque
2919 2298 3188 2354 Dominus
3203 2299 3258 2354 in
3277 2302 3436 2370 prin-

1849 2389 1994 2458 cipio
2019 2390 2241 2460 quidem
2293 2401 2411 2446 erat
2442 2390 2681 2446 Verbum
2741 2402 2794 2447 et
2841 2391 3082 2448 Verbum
3123 2401 3244 2448 erat
3283 2394 3432 2463 apud

1850 2480 2046 2551 Deum,
2077 2493 2132 2539 et
2165 2483 2307 2540 Deus
2329 2495 2448 2540 erat
2477 2477 2718 2540 Verbum
2748 2485 2794 2518 “
2825 2505 2838 2541 :
2874 2501 3000 2541 cum
3030 2497 3214 2541 autem
3253 2487 3434 2543 voluit

1848 2572 2010 2630 Pater
2042 2585 2102 2630 ut
2131 2577 2367 2646 pretium
2399 2592 2500 2647 pro
2527 2577 2784 2633 omnibus
2816 2576 3152 2634 redimendis
3185 2578 3432 2634 solvere-

1848 2673 1958 2728 tur,
1984 2674 2038 2720 et
2066 2667 2242 2736 gratia
2290 2667 2347 2722 in
2388 2683 2581 2724 omnes
2618 2665 2984 2736 conferretur,
3027 2677 3159 2723 tunc
3189 2666 3428 2724 Verbum

1847 2775 2094 2826 carnem,
2125 2770 2184 2816 ut
2211 2761 2394 2816 Aaron
2419 2761 2701 2832 poderem,
2737 2762 2948 2831 accepit
2985 2780 3016 2816 e
3056 2770 3218 2827 terra,
3246 2772 3301 2818 et
3321 2761 3434 2817 Ma-

1847 2852 2013 2918 riam,
2047 2853 2202 2908 rudis
2240 2853 2415 2909 instar
2443 2864 2624 2920 terrae,
2658 2857 2908 2925 corporis
2939 2855 3026 2909 sui
3062 2864 3292 2910 matrem
3326 2855 3428 2910 lia-

1847 2945 1986 3012 buit,
2021 2954 2082 3000 ut
2111 2947 2242 3017 quid
2267 2947 2334 3002 ad
2364 2947 2726 3012 oﬂ‘erendum,
2753 2956 3014 3018 tanquam
3041 2947 3310 3018 pontifex,
3329 2947 3433 3002 ha-

1847 3037 2002 3103 bens,
2031 3038 2276 3107 seipsum
2319 3039 2540 3094 otl‘erret
2585 3038 2768 3106 Patri,
2798 3041 3158 3110 omniumque
3204 3049 3435 3110 peccata

1848 3130 2071 3198 proprio
2113 3129 2359 3186 ablueret
2397 3131 2684 3202 sanguine,
2715 3138 2771 3186 et
2814 3141 3043 3186 cunctos
3089 3147 3157 3186 ex
3195 3131 3436 3187 mortuis

1850 3218 2134 3274 excitaret.

1919 3497 1974 3554 8.
2005 3496 2203 3554 Vetera
2253 3497 2523 3568 siquidem
2587 3496 2822 3567 hujusce
2869 3496 2951 3552 rei
2997 3496 3194 3551 umbra
3244 3503 3432 3558 erant,

1843 3593 2100 3662 quodque
2131 3590 2380 3645 Salvator
2410 3599 2533 3660 post
2572 3604 2735 3644 suum
2767 3588 3062 3644 adventum
3109 3586 3338 3657 peregit,
3368 3585 3431 3640 id.

1843 3687 2027 3740 Aaron
2065 3686 2121 3739 in
2160 3685 2277 3755 lege
2326 3682 2706 3738 adumbrabat.
2751 3681 2920 3752 Igitur
2959 3681 3421 3752 quemadmodum

1840 3777 2022 3833 Aaron
2054 3775 2195 3830 idem
2230 3783 2373 3841 erat,
2415 3789 2516 3828 nec
2561 3773 2876 3828 mutabatur
2929 3771 3294 3843 pontiﬁcalem
3338 3770 3424 3825 in-

1840 3871 2016 3926 duens
2065 3877 2294 3934 vestem,
2333 3866 2427 3923 sed
2475 3867 2617 3921 idem
2666 3879 2928 3930 manens,
2963 3879 3026 3920 ea
3072 3863 3421 3919 solummodo

1841 3961 2209 4033 Operiebatur,
2239 3961 2314 4016 ita
2338 3968 2400 4015 ut
2433 3959 2479 4014 si
2505 3959 2631 4029 quis
2654 3957 2809 4012 illum
2836 3957 3156 4014 oﬂ‘erentem
3188 3956 3430 4012 intuitus

1839 4054 2090 4116 dixisset,
2113 4051 2256 4108 Ecce
2289 4051 2474 4106 Aaron
2507 4049 2684 4105 factus
2711 4057 2796 4105 est
2823 4048 2986 4104 hodie
3011 4045 3284 4117 pontifex;
3307 4061 3418 4102 non

1839 4145 1926 4202 bis
1952 4145 2131 4201 verbis
2160 4144 2526 4216 signiﬁcasset
2555 4142 2710 4197 illum
2741 4150 2874 4197 tunc
2899 4140 3180 4195 hominem
3211 4136 3419 4194 factum

1837 4253 1982 4305 esse,
2013 4238 2213 4308 quippe
2248 4251 2370 4292 cum
2401 4237 2568 4292 homo
2599 4241 2746 4290 esset
2770 4240 3066 4304 antequam
3100 4230 3254 4288 ﬂeret
3284 4245 3429 4304 pon-

1839 4330 1967 4385 tifex
1997 4349 2013 4385 :
2052 4330 2146 4385 sed
2178 4331 2356 4398 ipsum
2394 4327 2690 4382 indicasset
2713 4325 2961 4380 vestibus
2986 4322 3148 4379 factis
3169 4321 3422 4378 destina-

1836 4420 2013 4490 tisque
2055 4419 2394 4490 pontiﬁcatui
2436 4419 2714 4485 indutum,
2762 4416 3074 4487 pontificem
3112 4414 3427 4470 sacerdotim

145 4505 466 4574 χιερατείᾳ·
515 4505 608 4559 τὸν
640 4505 801 4558 αὑτὸν
851 4505 1054 4577 τρόπον
1102 4506 1196 4558 καί
1247 4506 1341 4558 ἐπὶ
1386 4507 1480 4557 τοῦ
1522 4504 1732 4576 Κυρίου

1852 4510 2038 4566 actum
2072 4511 2262 4566 fuisse.
2292 4510 2437 4565 Sane
2458 4510 2625 4565 simili
2672 4508 2835 4563 modo
2869 4505 3190 4573 bujusmodi
3217 4504 3418 4560 dictio-

143 4596 372 4650 δυνατόν
403 4599 520 4651 ἐστι
551 4597 729 4662 καλῶς
761 4599 921 4664 νοεῖν,
963 4597 1038 4660 ὡς
1069 4599 1169 4650 οὐκ
1201 4596 1360 4661 ἄλλος
1391 4597 1582 4667 γέγονε
1626 4597 1728 4670 τὴν

221 4715 273 4752 ⁸⁸
314 4713 488 4770 Exod.
525 4729 697 4769 xxvut
724 4723 779 4769 et
799 4729 989 4768 xxxix.
1061 4713 1106 4746 ³⁸
1133 4711 1294 4768 Joan.
1326 4730 1367 4778 ι,
1391 4714 1443 4768 1.

217 4831 332 4904 (92)
366 4825 789 4904 Ιθειεηδζ-αὐτῷ.
815 4825 1018 4883 Ibidem
1049 4825 1195 4882 Felc.
1231 4827 1286 4892 4,
1329 4823 1727 4898 προσφέρειτῷ

217 4845 332 4904 (ΗΖ)
369 4845 515 4884 r'etc.
541 4845 594 4892 ἐ),
623 4845 789 4950 αυτιῖ.
815 4845 1018 4883 ιοιίιοηι
1049 4845 1195 4882 r810.
1231 4845 1286 4892 4,
1329 4845 1540 4898 προσφε

143 4901 549 4978 ﬁve-353411.”?
576 4899 782 4978 nam
825 4966 878 4978 ..
995 4965 1036 4978 ..
1073 4966 1087 4978 .
1175 4965 1191 4978 .
1265 4975 1274 4978 Α
1323 4971 1339 4978 -
1480 4965 1494 4978 .
1531 4967 1542 4978 .

213 4919 961 5046 liii-obler.
995 4965 1281 5046 Felealnet
1311 4971 1367 5030 4,
1396 4965 1496 5046 sed
1530 4967 1582 5046 in
1607 4965 1730 5046 solo

142 5035 374 5113 Seguer.
417 5035 650 5113 additur
692 5039 978 5113 articulus
999 5036 1116 5113 τοῦ.
1142 5036 1245 5113 alii
1264 5046 1318 5113 et
1345 5035 1632 5113 editi,_-:i;y«
1661 5038 1725 5113 ἐκ

139 5105 356 5183 Παὲρὸς
385 5109 544 5183 φύσει
589 5109 862 5183 γέννησιν.
905 5105 1109 5162 Ibidem
1139 5105 1358 5162 Gobler.
1393 5115 1450 5162 et
1491 5105 1636 5161 Felc.
1672 5105 1723 5174 1,

139 5178 329 5256 εἴρηκε
349 5180 512 5256 αὐτὸν
535 5178 723 5256 πιστὸν
747 5180 896 5256 ὂντα,
922 5187 1026 5256 etc.

207 5201 224 5235 ν
266 5201 329 5234 κε
349 5201 512 5234 αυτον
535 5201 723 5232 πιστον
747 5201 896 5243 οντα,
922 5201 1026 5232 etc.

207 5201 324 5324 (34)
352 5250 507 5324 Reg;
529 5259 582 5324 et
610 5248 757 5324 Felc.
788 5249 967 5324 5,.καὶ
1010 5248 1110 5319 τῆς
1138 5245 1386 5324 ⁸’.ᾁςιιρώνκ
1408 5245 1547 5324 μοι
1587 5247 1720 5324 Reg.

207 5265 324 5324 (94)
352 5265 488 5321 neg.
529 5265 582 5303 et
610 5265 757 5304 retc.
788 5265 844 5310 ο,
873 5265 967 5302 και
1010 5265 1110 5319 της
1160 5265 1386 5328 νιιαρων.
1423 5265 1547 5329 mox
1589 5265 1720 5372 ηοξ.

137 5323 353 5393 Anglic.
379 5331 434 5377 et
465 5317 612 5376 Felc.
639 5319 695 5384 4,
735 5318 1079 5390 γεγέννηται.
1123 5315 1230 5372 Alti
1276 5327 1332 5373 et
1359 5317 1523 5381 edttt,
1566 5336 1666 5388 γεγ
1698 5348 1726 5360 -

358 5459 451 5534 Sic
479 5459 705 5534 Seguer.
729 5457 1129 5534 Basil._A_nglic.
1150 5457 1304 5534 _Reg.‘
1330 5458 1551 5534 Goblcr,
1570 5457 1716 5534 Felc.

139 5533 162 5588 l
197 5527 254 5588 et
275 5527 332 5588 5.
367 5527 711 5600 Creterivero
742 5540 796 5584 et
825 5531 975 5595 editi,
1013 5527 1492 5600 ἐπενδυσὶώμενος.
1515 5527 1719 5600 ibidem

138 5605 365 5671 Seguer.
401 5601 618 5656 Gobler.
651 5599 799 5655 Felc.
831 5601 853 5654 l
888 5609 944 5655 et
975 5600 1031 5665 4,
1056 5599 1340 5672 ἐπωμίδα,
1363 5600 1455 5653 τὸν
1484 5599 1718 5671 ποδήρη,

136 5675 192 5728 τὸ
220 5675 425 5728 λόγιον.

202 5675 590 5813 (ξῗὶῖιοέοωετ.
640 5749 696 5795 et
729 5740 932 5813 Felc._i
973 5742 1265 5806 omittunt,
1301 5741 1395 5796 καὶ
1445 5741 1615 5811 Λόγος
1651 5735 1718 5812 ἦν

294 5814 388 5868 τὸν
416 5813 574 5886 Θεὸν,
602 5813 696 5866 καὶ
719 5812 851 5876 θεὸς
874 5807 941 5883 ἦν
978 5815 1006 5865 6
1033 5812 1224 5880 Λόγος.

1835 4617 1955 4668 nes,
1993 4601 2169 4672 factus
2221 4609 2329 4666 est,
2367 4608 2483 4666 aut,
2527 4600 2744 4668 e/fectus
2777 4607 2876 4666 est,
2914 4607 3060 4653 recte
3083 4596 3152 4652 de
3182 4594 3426 4652 Domino

1903 4822 2033 4894 (97)
2048 4820 2139 4876 Sic
2172 4819 2397 4894 Seguer.
2431 4817 2671 4894 ῥοιῇ-ρι’Ζ
2684 4826 2738 4871 ct
2770 4815 2916 4894 Felc.
2944 4815 2996 4894 l_.
3206 4828 3337 4894 vero
3361 4823 3417 4868 ct

1831 4884 1946 4958 alii,
1980 4884 2152 4954 οὕτως
2182 4884 2278 4944 καί).
2322 4888 2488 4952 αὐτὸς
2539 4887 2736 4958 έλασεν
2770 4888 2878 4939 ἀπὸ
2904 4886 3022 4958 γῆς
3063 4884 3422 4956 ἀνθρωπίνην

1830 4957 2029 5034 σάρκα.
2062 4962 2207 5016 Fclc.
2242 4961 2296 5026 5,
2332 4960 2440 5034 ἀπὸ
2472 4957 2819 5034 άνθρωπίνης
2853 4957 3053 5034 σάρξζα.

1905 5023 2016 5105 (98)
2053 5023 2315 5105 segnem,
2341 5029 2432 5105 6w
2484 5023 2793 5105 ἀρχιερεύς.
2856 5023 3024 5080 Paulo
3081 5037 3206 5096 post
3246 5023 3414 5093 idem,

1831 5099 2041 5166 πάντας
2060 5099 2168 5155 ἀπὸ
2182 5101 2305 5170 τῶν
2331 5099 2634 5170 ἁμαρτιῶν.

1903 5165 2140 5246 (Μηδία
2171 5165 2644 5246 Βοςιιριίηᾷοιιίετ.
2683 5165 2890 5246 ῩοΙρᾼ
2922 5175 2978 5246 et
3006 5167 3061 5220 4.
3097 5166 3166 5246 At
3195 5165 3332 5246 editi
3351 5177 3414 5246 et

1831 5235 1945 5305 alii,
1978 5235 2303 5312 σκιογραφὲξ
2323 5242 2369 5312 _6
2410 5237 2642 5312 Ἀαρὼν,
2662 5240 2703 5312 _6
2729 5237 2891 5312 αὐτὸς
2918 5235 2994 5312 ὢν
3027 5238 3120 5312 καὶ
3173 5237 3275 5290 οὐκ
3313 5237 3410 5308 ὴλ-

1829 5313 2059 5382 λάσσετο
2090 5306 2158 5364 πε
2166 5306 2336 5382 ριτιθέ
2343 5326 2502 5382 μενος
2515 5306 2523 5308 ’
2535 5309 2645 5382 τὴν.
2655 5306 2939 5382 ἓίερατικὴν
2972 5308 3194 5382 ἐσθῆτα.

1898 5385 1974 5454 (1)
2003 5381 2102 5454 Sic
2130 5377 2453 5454 Si:guerl_et.
2473 5377 2603 5454 ljcg,
2628 5377 2818 5454 (ueteri
2851 5377 2903 5432 et
2934 5377 3136 5454 editi,'é

1827 5447 1965 5509 Mox,
1995 5447 2244 5523 Seguerr,
2282 5450 2387 5523 προ
2417 5449 2511 5502 τοῦ
2545 5447 2708 5523 αύτὸν
2741 5448 3153 5523 ἀρχιερέαμε-ῑρ.
3186 5447 3418 5523 Reg.__et

1827 5523 1973 5580 Felc.
2003 5518 2195 5592 5,’πρὸ
2217 5518 2644 5592 τούὰρχιερεὺς
2692 5518 2963 5587 γενέσθαι.
3015 5519 3158 5574 Editi
3192 5527 3246 5573 et
3291 5518 3413 5586 alii,

1827 5596 1944 5668 προ
1960 5592 2060 5668 *τοῦ
2083 5591 2636 5668 ᾁρχιερέα-γενέσθαι,

1900 5666 1975 5736 (2)
2001 5657 2218 5736 Gobléij.
2247 5657 2475 5736 etfelc.
2497 5659 3054 5736 i,xa:s_axsuucu£vu.
3082 5658 3281 5736 ibidem
3307 5657 3418 5736 se-

1827 5728 1980 5806 gu'cr.
2017 5731 2381 5806 licg._A_ngli_c.
2417 5731 2634 5806 Gobler_.
2672 5728 2860 5786 Fech
2891 5728 2945 5786 ct
2978 5731 3029 5796 5,
3052 5733 3116 5800 τῇ
3146 5729 3410 5800 ἱερατείᾳ..

1824 5800 1930 5861 Filii
1959 5815 2011 5861 ct
2041 5800 2191 5870 editi,
2216 5800 2284 5872 τῇ
2312 5801 2686 5873 ἀρχιερατείᾳ.

3257 5394 3414 5433 ανεν.
