3850 6218
350 307 358 315 ’
398 339 504 396 tos

960 320 1024 387 IS.
1064 331 1437 387 ATIIANASII
1475 329 1627 386 OPP.
1670 329 1847 386 PARS
1883 308 1929 387 ι’.
1966 359 2037 374 --
2074 327 2441 385 ιιιετοιιιω.
2479 326 2568 382 ET
2606 326 3029 386 DOGMATICA.

3527 329 3639 390 161

397 466 692 524 possumus
709 450 1212 519 interpretari,eum
1233 448 1481 503 videlicet
1501 463 1664 502 carne
1686 456 1967 517 assumpta

2084 446 2246 518 ςάρκα
2260 445 2460 509 λαϐὼν,
2488 444 2599 498 ἀλλ’
2623 445 2650 497 ὁ
2673 443 2833 506 αὐτὸς
2856 441 2951 507 ὣν,
2979 438 3313 495 ἐκαλύπτετο
3339 442 3512 517 ταύτῃ
3532 441 3635 514 (3)°

398 560 511 600 non
544 544 711 598 alium
739 541 913 597 fuisse
944 539 1172 604 factum,
1207 538 1303 594 sed
1333 539 1497 609 376
1525 538 1778 593 eumdem
1821 554 1963 604 esse,

399 635 602 703 illaque
631 634 806 688 solum
835 630 1047 700 contegi
1079 648 1092 683 :
1143 628 1298 684 nefas
1334 640 1514 684 autem
1568 636 1653 683 est
1684 626 1919 683 Verbum
1947 667 1963 691 ,

398 731 668 788 quatenus
689 720 959 783 Verbum,
992 718 1195 772 factum
1226 733 1348 774 esse
1377 720 1652 789 cogitare;
1684 719 1777 774 sed
1808 718 1969 772 intel-

399 812 673 883 ligendum
702 820 787 866 est
816 809 1080 875 Verbum,
1115 826 1240 865 cum
1271 819 1419 866 esset
1440 810 1619 880 Opifex
1646 820 1700 866 et
1731 819 1967 874 creator,

399 918 626 971 corpore
653 903 798 958 facto
831 912 887 957 et
909 911 1118 967 creato,
1153 903 1299 972 quod
1328 918 1427 972 pro
1455 902 1618 957 nobis
1656 911 1840 973 posset
1879 903 1967 958 oi-

398 994 562 1058 I'erre,
599 1002 788 1063 postea
833 993 1121 1059 indutum,
1169 994 1477 1063 pontiﬁcem
1532 993 1736 1049 factum
1764 994 1970 1061 fuisse,

399 1100 523 1155 quae
542 1099 707 1139 causa
738 1092 823 1140 est
840 1100 939 1140 cur
969 1085 1171 1139 factum
1213 1085 1443 1139 dicatur.
1476 1084 1661 1155 Itaque
1690 1086 1738 1139 si
1777 1084 1969 1140 Domi-

399 1193 506 1232 nus
535 1178 702 1232 bomo
730 1192 840 1232 non
863 1185 947 1232 est
974 1176 1176 1240 factus,
1212 1178 1488 1232 decertent
1514 1178 1734 1245 Ariani;
1760 1178 1847 1234 sin
1878 1194 1974 1232 au-

401 1275 509 1322 tem
533 1266 771 1323 Verbum
797 1283 927 1324 caro
962 1270 1164 1322 factum
1190 1278 1290 1335 est,
1316 1269 1445 1338 quid
1474 1269 1621 1323 aliud
1654 1269 1721 1322 de
1748 1269 1969 1324 homine

399 1356 547 1411 facto
574 1357 861 1411 dicendum
884 1366 1021 1423 erat,
1057 1372 1243 1426 quam,
1267 1358 1357 1427 qui
1379 1357 1552 1426 ﬁdelis
1589 1366 1666 1411 est
1685 1359 1734 1411 ei
1768 1360 1857 1428 qui
1897 1359 1973 1428 fe-

402 1448 476 1500 cit
518 1447 715 1501 illum?
757 1447 824 1503 Ut
872 1449 1015 1502 enim
1060 1448 1276 1517 proprie
1306 1450 1373 1503 de
1416 1448 1593 1503 Verbo
1624 1449 1862 1516 dicitur,
1904 1447 1972 1503 In

400 1539 659 1611 principio
680 1548 794 1592 erat
828 1537 1048 1591 Verbum
1077 1540 1144 1604 ⁵³,
1171 1538 1244 1593 ita
1267 1539 1552 1593 hominum
1584 1539 1867 1609 preprium
1890 1549 1974 1595 est

401 1629 521 1684 ﬁeri
547 1637 602 1684 et
638 1629 835 1684 creari.
868 1627 1001 1694 Quis
1028 1644 1176 1699 ergo,
1214 1630 1260 1683 si
1305 1627 1595 1684 Dominum
1626 1630 1822 1684 viderit
1857 1639 1974 1684 tan-

402 1736 570 1791 quam
628 1721 903 1775 hominem
945 1722 1354 1786 ambulantem,
1400 1721 1680 1792 Deumque
1725 1738 1784 1776 se
1812 1722 1970 1777 factis

2068 538 2163 591 καὶ
2194 538 2274 602 τὸ,
2298 536 2523 608 γέγονε,
2560 536 2653 590 καὶ
2684 536 2764 599 τὸ,
2790 533 3123 600 πεποίηται,
3151 533 3249 603 οὐχ
3280 535 3363 588 ὅτι
3387 536 3416 589 ὁ
3439 534 3633 603 Λόγος,

2066 627 2100 704 ᾖ
2127 631 2296 699 Λόγος
2321 629 2457 690 ἐστὶ,
2482 626 2771 695 πεποίηται
2798 628 2937 678 νοεῖν
2962 622 3119 693 θέμις
3140 639 3152 651 ·
3185 624 3299 677 ἀλλ’
3346 626 3425 679 ὅτι
3460 626 3640 693 Λόγος

2066 720 2141 774 ὢν
2164 717 2509 792 δημιουργὸς,
2544 715 2769 787 ὕστερον
2792 713 3081 786 πεποίηται
3130 713 3437 786 ἀρχιερεὺς,
3478 715 3636 768 ἐνδυ-

2068 813 2302 883 σάμενος
2336 810 2494 885 σῶμα
2518 810 2579 863 τὸ
2608 808 2833 879 γενητὸν
2873 807 2947 878 (4)
2974 809 3066 862 καὶ
3098 808 3341 879 ποιητὸν,
3377 810 3516 881 ὅπερ
3542 810 3639 865 καὶ

2068 907 2453 978 προσενεγκεῖν
2502 903 2639 975 ὑπὲρ
2688 901 2845 973 ἡμῶν
2885 901 3123 967 δύναται,
3171 900 3253 954 διὸ
3284 901 3377 955 κα)⁵
3420 901 3638 971 λέγεται

2068 996 2416 1067 πεποιῆσθαι.
2448 997 2511 1048 El
2548 994 2646 1066 μὲν
2672 990 2764 1047 οὖν
2786 993 2847 1046 ού
2874 994 3096 1062 γέγονεν
3142 992 3427 1065 ἄνθρωπος
3465 996 3494 1048 ὀ
3524 994 3640 1049 Κύ-

2071 1108 2185 1163 ριος
2210 1129 2225 1153 ,
2260 1088 2616 1160 μαχέσθωσαν
2649 1086 2699 1139 οἱ
2743 1085 3009 1157 Ἀρειανοι
3052 1083 3167 1155 (5)·
3211 1087 3260 1138 εἰ
3300 1085 3358 1138 δὲ
3393 1087 3421 1138 ὁ
3462 1087 3637 1155 Λόγος

2070 1180 2210 1253 σὰρξ
2235 1180 2465 1249 ἐγένετο,
2494 1177 2546 1230 τί
2580 1177 2685 1230 ἔδει
2727 1177 2855 1248 περὶ
2899 1177 3181 1246 γεγονότος
3218 1175 3504 1247 ἀνθρώπου
3550 1178 3639 1232 λέ-

2068 1288 2184 1339 γειν
2202 1270 2257 1341 ἢ,
2282 1269 2502 1322 πιστὸν
2529 1267 2675 1321 ὄντα
2699 1266 2777 1331 τῷ
2806 1265 3126 1333 ποιήσαντι
3152 1269 3375 1329 αὑτόν;
3411 1269 3497 1332 Ὠς
3531 1269 3642 1339 γὰρ

2071 1362 2200 1416 ῐδιον
2235 1360 2364 1433 περὶ
2398 1359 2491 1413 τοῦ
2523 1359 2695 1427 Λόγου
2748 1359 2942 1421 εἰπεῖν,
2992 1358 3089 1412 Ἐν
3124 1357 3282 1427 ἀρχῇ
3324 1354 3405 1427 ἦν
3443 1361 3476 1412 ό
3525 1362 3641 1414 Λό-

2072 1468 2176 1521 γος
2202 1450 2302 1521 (6),
2336 1450 2509 1514 οὕτως
2538 1448 2837 1520 ἀνθρώπων
2868 1448 2996 1503 ῐδιὸν
3030 1452 3146 1503 ἐστι
3172 1450 3231 1503 τὸ
3262 1449 3507 1518 γίνεσθαι
3547 1451 3643 1506 καὶ

2072 1543 2356 1597 ποιεῖσθαι.
2395 1543 2490 1606 Τίς
2518 1542 2649 1612 γοῦν
2694 1540 2815 1596 ἰδὼν
2860 1542 2951 1595 τὸν
2984 1542 3208 1613 Κύριον,
3252 1542 3328 1607 ὡς
3357 1542 3643 1613 ἄνθρωπον

2072 1634 2492 1707 περιπατοῦντα,
2525 1635 2617 1688 καὶ
2650 1635 2781 1688 Θεὸν
2820 1637 2885 1689 ὲκ
2920 1634 3029 1688 τῶν
3067 1635 3243 1706 ἔργων
3271 1634 3640 1705 δεικνύμενον,

2073 1728 2172 1780 οὐκ
2201 1727 2266 1780 ἂν
2294 1725 2564 1797 ἠρώτησε,
2591 1726 2672 1789 τίς
2703 1724 2890 1780 τοῦτον
2924 1726 3179 1796 ἐποίησεν
3210 1726 3494 1798 ἄνθρωπον
3525 1725 3643 1798 (7);

402 1814 790 1877 declarantem,
816 1828 924 1867 non
955 1813 1283 1878 sciscitetur,
1338 1814 1591 1881 quisnam
1625 1815 1787 1868 istum
1828 1815 1971 1869 fece—

2084 1819 2169 1882 I‘i’c;
2189 1818 2245 1870 δὲ
2270 1817 2429 1871 πάλιν
2456 1817 2628 1881 οὕτως
2652 1817 2947 1888 ἐρωτηθεὶς
2975 1818 3075 1871 οὐκ
3097 1818 3161 1871 ἂν
3186 1818 3530 1889 ἀπεκρίνετο,
3558 1820 3642 1873 ὅτι

402 1905 478 1958 rit
505 1903 819 1958 hominem?
842 1903 976 1969 Quis
1006 1914 1186 1958 autem
1226 1904 1299 1957 ita
1348 1906 1716 1973 interrogatus
1754 1921 1861 1960 non
1889 1923 1975 1959 rc-

405 1996 717 2065 sponderet,
754 1994 995 2061 Patrem,
1023 1997 1175 2050 illum
1200 1995 1396 2051 fecisse
1432 1986 1731 2062 hominem,
1763 1998 1974 2067 ipsum-

403 2103 512 2157 que
551 2088 863 2157 pontilicem
909 2088 1068 2142 nobis
1108 2089 1341 2143 misisse.
1398 2088 1562 2157 Atqui
1611 2090 1752 2144 hanc
1802 2090 1974 2158 ipsam

406 2180 751 2246 sententiam,
775 2188 1097 2249 tempusque
1111 2189 1163 2233 et
1186 2196 1473 2250 personam
1494 2196 1559 2234 ex
1581 2180 1698 2249 ipso
1717 2183 1977 2250 Apostolo

405 2271 500 2341 qui
530 2271 766 2339 scripsit,
797 2272 887 2340 qui
912 2270 1084 2340 ﬁdelis
1107 2279 1184 2323 est
1215 2274 1262 2325 ei
1284 2274 1373 2342 qui
1407 2272 1531 2341 fecit
1577 2272 1754 2336 illum,
1782 2274 1978 2329 melius

406 2364 533 2418 licet
551 2363 784 2426 discere,
816 2365 862 2418 si
896 2379 1090 2433 nempe
1112 2365 1177 2417 ad
1205 2381 1267 2418 ea
1299 2382 1419 2435 quas
1444 2366 1770 2420 antecedunt
1802 2376 1977 2420 atten-

405 2454 668 2509 derimus.
699 2450 828 2506 Una'
859 2450 1004 2506 enim
1042 2453 1213 2507 series
1244 2463 1346 2517 est,
1383 2469 1447 2508 ae
1482 2454 1549 2508 de
1585 2455 1773 2508 eodem
1800 2454 1979 2523 agitur

406 2543 587 2597 hocin
612 2542 907 2612 Scriptura:
931 2544 1070 2597 loco.
1099 2543 1222 2597 llaec
1240 2545 1421 2613 itaque
1446 2545 1638 2599 scribit
1661 2546 1713 2598 in
1739 2544 1977 2614 Epistola

406 2636 477 2690 ad
512 2633 809 2689 Hebmos:
863 2633 1001 2699 Quia
1034 2651 1155 2704 ergo
1197 2636 1347 2704 pueri
1398 2638 1572 2689 carnis
1617 2645 1667 2690 et
1706 2637 1978 2706 sanguinis

405 2727 687 2795 participes
722 2726 851 2795 facti
875 2736 1016 2792 sunt,
1043 2728 1151 2796 ipse
1187 2742 1387 2796 quoque
1410 2728 1658 2781 similiter
1681 2728 1980 2783 earumdem

405 2816 669 2886 particeps
712 2815 857 2884 fuit,
900 2825 956 2870 ut
994 2832 1086 2885 per
1132 2827 1355 2869 mortem
1399 2833 1516 2869 eum
1555 2817 1866 2883 destrueret,
1890 2818 1979 2887 qui

408 2906 596 2959 mortis
626 2906 902 2973 imperium
934 2905 1109 2969 habet,
1136 2906 1191 2958 id
1227 2915 1303 2959 est
1334 2904 1628 2973 diabolum,
1662 2916 1711 2960 et
1735 2907 1979 2962 liberaret

407 3014 496 3053 eos
516 2998 608 3068 qui
642 2999 826 3051 timore
860 2998 1047 3050 mortis
1088 3014 1179 3066 per
1208 3008 1375 3051 totum
1402 2998 1563 3051 vitam
1594 2998 1807 3052 obnoxii
1831 3010 1979 3052 erant

2074 1912 2103 1963 ὁ
2136 1910 2325 1981 Πατὴρ
2350 1908 2535 1962 τοῦτον
2561 1908 2635 1979 (8)
2658 1909 2913 1979 ἐποίησεν
2933 1907 3238 1979 ἄνθρωπον,
3262 1908 3357 1961 καὶ
3389 1907 3645 1963 ἀπέστεια

2074 2001 2164 2056 λεν
2195 2000 2355 2053 αὑτὸν
2393 2003 2525 2071 ἡμῖν
2568 2001 2858 2071 ἀρχιερέα;
2891 2000 2988 2072 τὴν
3029 2000 3086 2053 δὲ
3113 1999 3367 2069 τοιαύτην
3399 1998 3644 2054 διάνοιαν

2076 2092 2170 2144 καὶ
2194 2091 2283 2145 τὸν
2319 2091 2530 2162 καιρὸν,
2574 2092 2666 2143 καὶ
2697 2090 2756 2143 τὸ
2788 2090 3098 2160 πρόσωπον,
3131 2090 3291 2153 αὐτὸς
3318 2093 3346 2142 ὁ
3391 2090 3648 2145 ’Δπόστο-

2074 2182 2165 2247 λος
2196 2185 2223 2236 ό
2252 2184 2347 2237 καὶ
2387 2182 2625 2254 γράψας,
2660 2181 2876 2236 πιστὸν
2909 2182 3053 2236 ὄντα
3085 2180 3164 2246 τῷ
3197 2180 3513 2247 ποιήσαντι
3540 2184 3648 2237 αὐ-

2077 2272 2203 2336 τὸν,
2225 2272 2461 2344 δηλῶσαι
2489 2273 2686 2342 μᾶλλον
2714 2273 2891 2336 ἱκανός
2920 2274 3085 2336 ἐστιν,
3119 2272 3214 2325 ὲάν
3243 2273 3309 2326 τὰ
3336 2272 3647 2344 ἔμπροσθεν

2077 2365 2327 2435 λάθωμεν
2348 2383 2361 2396 ·
2397 2366 2494 2436 μία
2523 2364 2631 2435 γὰρ
2665 2365 2947 2419 ἀκολουθία
2971 2366 3088 2417 ἐστὶ
3131 2364 3227 2436 (9),
3260 2365 3353 2418 καὶ
3392 2367 3519 2434 περὶ
3547 2365 3648 2419 τοῦ

2078 2456 2241 2509 αὑτοῦ
2269 2456 2329 2508 τὸ
2356 2456 2688 2526 ἀνάγνωσμα
2718 2456 2995 2527 τυγχάνει.
3030 2457 3235 2527 Γράφει
3273 2456 3449 2510 τοίνυν
3488 2458 3546 2511 ὲν
3575 2461 3648 2529 τῇ

2078 2550 2333 2620 ἐπιστολῇ
2350 2552 2412 2619 τῇ
2437 2549 2570 2620 πρὸς
2586 2548 2866 2619 Ἐϐραίους
2888 2548 3081 2602 ταῦτα·
3102 2548 3262 2603 Ἐπεὶ
3284 2544 3396 2603 οὖν
3415 2547 3485 2602 τὰ
3509 2565 3646 2602 παι-

2078 2638 2175 2691 δία
2197 2637 2626 2706 κεκοινώνηκεν
2652 2639 2895 2707 αἵματος
2932 2637 3028 2690 καὶ
3058 2637 3303 2706 σαρκὸς,
3332 2638 3430 2693 καὶ
3463 2638 3649 2703 αὐτὸς

2079 2730 2508 2798 παραπλησίως
2517 2727 2773 2797 μετέσχε
2790 2727 2907 2782 τῶν
2927 2728 3145 2793 αὐτῶν,
3172 2729 3271 2782 ἵνα
3290 2728 3390 2784 διὰ
3415 2728 3523 2783 τοῦ
3551 2733 3652 2784 θα-

2078 2822 2261 2877 νάτου
2286 2818 2632 2890 καταργήσῃ
2665 2820 2773 2873 τὸν
2802 2818 2867 2873 τὸ
2910 2818 3120 2887 κράτος
3156 2817 3375 2888 ἔχοντα
3404 2816 3512 2871 τοῦ
3542 2821 3650 2872 θα-

2078 2914 2263 2969 νάτου
2288 2952 2303 2978 ,
2339 2910 2613 2965 τουτέστι
2662 2909 2771 2963 τὸν
2807 2904 3089 2963 διάϐολόν
3111 2948 3127 2974 ,
3171 2908 3269 2962 καὶ
3319 2906 3649 2976 ἀπαλλάξῃ

2080 3006 2348 3069 τούτους,
2373 3003 2505 3056 ὅσοι
2535 3002 2694 3071 φόϐῳ
2722 2998 2980 3054 θανάτου
3016 2999 3341 3066 διαπαντὸς
3387 2999 3493 3053 τοῦ
3539 2997 3652 3067 ζῇν

407 3090 673 3144 seroituti.
728 3087 1007 3154 Nusquam
1038 3090 1179 3141 enim
1218 3090 1428 3158 angelos
1470 3089 1843 3157 apprehendit,
1889 3090 1977 3143 sed

2084 3094 2282 3163 ἔνοχοι
2312 3090 2476 3164 ἦσαν
2502 3092 2783 3157 δουλείας
2832 3089 2967 3162 (10).
3006 3092 3089 3144 Οὐ
3139 3091 3249 3161 γὰρ
3287 3088 3484 3156 δήπου
3543 3089 3649 3158 ἀτ-

410 3197 586 3235 semen
624 3180 852 3235 Abrahae
893 3180 1253 3250 apprehendit.
1292 3180 1439 3234 Unde
1474 3182 1648 3234 debuit
1676 3197 1765 3249 per
1802 3183 1977 3234 omnia

2084 3186 2272 3257 γέλων
2291 3183 2767 3253 ἐπιλαμϐάνεται,
2806 3183 2968 3238 ἀλλὰ
3003 3183 3343 3251 σπέρματος
3391 3182 3651 3252 Ἀϐραὰμ

411 3270 669 3340 fratribus
708 3271 899 3325 similis
937 3271 1075 3341 ﬁeri,
1102 3282 1162 3324 ut
1210 3272 1510 3325 misericors
1559 3274 1705 3341 ﬁeret
1733 3271 1977 3341 et‘ﬁslclis

2084 3272 2547 3344 ἐπιλαμϐάνεται.
2599 3274 2778 3327 Ὅθεν
2824 3272 3040 3341 ὤφειλε
3093 3271 3243 3325 κατὰ
3289 3269 3486 3324 πάντα
3519 3270 3652 3339 τοῖς

409 3360 649 3430 pontifex
694 3361 746 3413 in
779 3361 859 3421 his
894 3377 1010 3431 qua:
1052 3362 1121 3414 ad
1163 3361 1326 3414 Deum
1355 3370 1628 3430 spectant,
1666 3371 1722 3415 ut
1747 3362 1977 3430 expiaret

2084 3366 2357 3436 ἀδελφοῖς
2407 3363 2778 3435 ὁμοιωθῆναι,
2827 3365 2930 3419 ἵνα
2977 3361 3253 3432 ἐλεήμων
3280 3361 3519 3432 γένηται
3547 3362 3652 3417 καὶ

408 3464 626 3523 peccata
662 3454 862 3523 populi.
923 3452 992 3507 In
1022 3469 1081 3508 eo
1112 3455 1251 3507 enim
1300 3455 1355 3507 in
1407 3470 1509 3524 quo
1554 3455 1729 3524 ipsum
1786 3455 1977 3507 tentari

2084 3458 2291 3524 πιστὸς
2317 3455 2625 3526 ἀρχιερεὺς
2645 3456 2715 3509 τὰ
2740 3454 2888 3523 πρὸς
2907 3453 3014 3507 τὸν
3028 3453 3194 3517 Θεὸν,
3214 3454 3302 3518 εις
3323 3451 3389 3505 τὸ
3407 3450 3652 3506 “deus-

410 3549 672 3619 contigit,
711 3556 879 3618 potest
922 3547 1003 3601 his
1040 3549 1128 3618 qui
1155 3557 1426 3601 tentantur
1468 3548 1742 3601 auxiliari.
1791 3545 1973 3611 Unde,

411 3639 604 3708 fratres
652 3639 846 3700 sancti,
888 3639 1173 3692 vocationis
1201 3639 1425 3693 caelestis
1468 3639 1775 3709 participes,
1799 3639 1975 3692 consi-

2081 3552 2220 3603 σθαι
2261 3548 2368 3614 τὰς
2416 3546 2705 3616 ἁμαρτίας
2755 3543 2868 3617 (11)
2913 3543 3020 3598 τοῦ
3065 3542 3253 3597 λαοῦο
3325 3543 3397 3596 ἐν
3437 3534 3487 3610 ὦ
3534 3541 3652 3613 γὰρ

2081 3639 2379 3693 πέπονθεν
2418 3636 2599 3703 αὐτὸς
2630 3635 2972 3704 πειρασθεὶς
2999 3672 3014 3698 ,
3063 3634 3312 3689 δύναται
3354 3633 3479 3699 τοῖς
3523 3646 3655 3687 πει-

409 3731 595 3785 derate
642 3730 939 3799 apostolum
970 3740 1020 3786 et
1051 3732 1352 3801 pontiﬁcem
1396 3732 1739 3800 confessionis
1785 3739 1977 3785 nostra:

2084 3729 2414 3799 ραζομένοις
2439 3726 2768 3795 βοηθῆσαι.
2801 3727 2998 3789 Ὅθεν,
3017 3724 3266 3794 ἀδελφοὶ
3294 3724 3467 3794 ἅγιοι,
3494 3725 3654 3792 κλής

409 3818 622 3890 Iesum,
644 3822 735 3893 qui
757 3821 929 3891 ﬁdelis
958 3830 1035 3876 est
1067 3823 1117 3877 ei
1141 3823 1232 3893 qui
1266 3821 1390 3892 fecit
1424 3821 1601 3879 illum.

485 4091 539 4147 9.
571 4089 705 4157 Quis
728 4092 844 4147 haec
871 4093 1034 4147 verba
1048 4092 1217 4162 possit
1236 4091 1434 4163 legere,
1456 4093 1589 4163 quin
1603 4092 1836 4151 Arianns
1862 4102 1974 4151 sta-

412 4180 512 4236 tim
542 4182 901 4248 condemnet,
935 4180 1264 4250 beatumque
1310 4181 1608 4235 admiretur
1629 4181 1974 4250 Apostolum,

411 4271 508 4343 qui
530 4282 638 4325 tam
672 4270 928 4341 praeclare
957 4278 1041 4325 est
1084 4269 1336 4325 locutus?
1357 4268 1586 4335 Quando
1622 4271 1767 4324 enim
1796 4269 1976 4327 factus

481 4385 530 4416 ⁸³
558 4382 716 4439 Joan.
751 4392 792 4448 ις
827 4383 881 4438 1.
956 4384 1002 4415 ⁵⁸
1028 4380 1194 4438 Hebr.
1222 4397 1283 4445 ιι,
1318 4382 1518 4450 14-18;
1560 4396 1642 4448 ιιι,
1672 4381 1803 4448 1,2.

483 4496 561 4567 (5)
592 4496 819 4567 seguer.
845 4506 897 4551 et
920 4495 1062 4551 Felc.
1095 4497 1155 4567 4,
1176 4496 1332 4567 ebrii.
1376 4494 1603 4567 Gobler.,
1638 4504 1694 4550 et
1734 4496 1879 4552 Felc.
1923 4500 1974 4564 1,
2009 4487 2052 4543 D

406 4550 772 4654 ﬁbfrﬂvLEZliti
807 4550 864 4620 et
900 4550 1404 4654 alii‘,!1aii'cn.ﬂolx
1448 4561 1482 4639 ᾖ
1535 4566 1705 4636 Λόγος
1755 4550 1908 4623 abest
1927 4550 1974 4622 ’ἐ

408 4634 557 4692 ιἐιοι
591 4637 644 4689 5.
665 4634 964 4705 διιευειηῆ
993 4636 1181 4703 Λόγος,
1209 4634 1496 4689 ιιιειιιιοεό.
1623 4634 1631 4636 ⁷

408 4704 745 4827 vagas-cie.
774 4706 829 4769 4,
863 4705 1137 4776 γεννητόν.
1170 4706 1361 4760 Crateri
1395 4715 1449 4760 et
1489 4704 1655 4760 editio
1685 4704 1973 4771 CommeI.,

406 4793 469 4830 γε
478 4793 653 4830 νητον.

416 4795 676 4915 “largis
715 4842 937 4915 Segueg
962 4843 1393 4915 Anglican.lteg.
1432 4842 1819 4915 GolilereFelc.
1858 4845 1882 4898 1
1924 4858 1978 4900 et

410 4916 464 4971 4.
494 4912 577 4969 At
608 4914 774 4967 Basil.
796 4912 871 4967 iet
895 4912 1038 4968 Felc.
1058 4912 1124 4973 Ξ,
1156 4913 1279 4966 εἰδὲ
1307 4914 1441 4975 ὅλως
1470 4912 1624 4982 σάρξ.
1658 4914 1819 4978 Editi,
1853 4917 1977 4969 εἰδὲ

410 4986 530 5049 ὅλος
559 4983 713 5055 σάρξ.
739 4983 937 5055 Ibidem
965 4984 1190 5055 Seguer.
1226 4982 1450 5055 Gobler.
1477 4982 1625 5055 Felc:
1658 4988 1679 5035 1
1735 4996 1789 5039 et
1816 4986 1850 5038 4
1875 5027 1887 5043 .
1925 4985 1978 5037 τί

412 5055 541 5110 ἔδει.
575 5051 681 5124 Alli
714 5061 778 5124 et,
805 5053 958 5118 editi,
1004 5051 1056 5103 τί
1083 5052 1185 5124 λδεῖ.
1239 5051 1369 5124 Item
1417 5052 1548 5124 ibid.
1594 5051 1829 5124 Segner.
1869 5055 1978 5124 Gof

411 5124 547 5178 bler.
578 5123 724 5178 Felc.
758 5123 785 5194 1
816 5131 882 5194 et_
901 5124 955 5185 5,
978 5122 1105 5192 περὶ
1129 5121 1431 5194 γεγονότος,
1488 5121 1691 5194 Basil.,
1720 5122 1845 5194 περὶ
1880 5122 1974 5176 τοῦ

412 5191 1060 5265 ~{ivoitévom_Anglican.,
1081 5192 1208 5265 napi.
1227 5191 1531 5265 γινομένου.
1556 5191 1721 5259 Editi,
1739 5191 1865 5265 περὶ
1886 5211 1978 5262 γε·

412 5210 530 5261 γινο
604 5210 715 5247 νου.
748 5209 829 5245 λιιι
872 5209 1056 5254 ncan.,
1081 5209 1509 5273 περιγινομενου

412 5209 661 5332 νομέθεου.
696 5261 820 5332 Mox
836 5209 1084 5332 ii"¢:lc._4,
1115 5261 1213 5332 ita).
1238 5260 1347 5332 γὰρ
1371 5261 1517 5332 ιδιον.

484 5328 677 5401 (6)8Ξο
720 5329 947 5401 Seguer.
995 5328 1367 5401 BegeBasili.
1396 5329 1606 5401 Anglic.
1654 5339 1707 5384 et
1736 5332 1880 5387 Felc.
1921 5332 1973 5385 4.

411 5395 682 5471 At'caateri
707 5410 763 5471 et
790 5395 971 5471 Editit
993 5395 1061 5471 ἦν
1091 5395 1280 5471 λόγος.
1313 5399 1438 5471 Mox
1484 5397 1709 5469 Seguer.
1754 5401 1973 5457 Gobler.

414 5469 561 5525 Felc.
592 5474 614 5526 I
643 5480 699 5525 et
720 5468 774 5536 4,
798 5468 1042 5538 γίνεσθαι
1069 5469 1160 5523 καὶ
1181 5469 1467 5538 ποιεῖσθαι,
1498 5477 1551 5522 et
1566 5468 1695 5523 mox
1719 5513 1733 5535 ,
1773 5472 1848 5535 ὼς
1886 5471 1978 5525 ἄν·

413 5539 649 5612 θρωπον.
680 5540 786 5612 Alii
813 5537 866 5595 et
894 5539 1043 5606 editi,
1071 5537 1322 5607 γενέσθαι
1355 5539 1449 5591 καὶ
1480 5539 1843 5609 πεποιῆσθαι,
1884 5541 1978 5612 qui
2034 5560 2041 5567 ·

2020 5616 2035 5665 ἰ
2086 5611 2225 5666 Editi
2251 5609 2470 5680 aliique,
2496 5612 2616 5680 ταῖς
2661 5609 2975 5680 ἁμαρτίαις.

484 5679 562 5752 (7)
587 5679 749 5752 Basil.
776 5677 909 5752 Reg.
938 5686 992 5733 et
1013 5677 1158 5752 Felc.
1187 5679 1242 5742 5,
1273 5678 1527 5752 ἐποίησεν
1560 5679 1843 5752 ἄνθρωπον
1886 5680 1979 5732 καὶ
2047 5707 2053 5714 -

412 5611 470 5664 et
493 5612 571 5678 ὡς
602 5611 883 5678 omittunt.

413 5749 730 5804 ἀπέστειλεν
775 5750 925 5821 ἡμῖν,
963 5750 1183 5805 omissis
1230 5749 1561 5805 intertn’cdiis
1630 5749 1831 5806 Ibidem
1877 5752 1977 5803 διι-

2071 3840 2229 3889 σεως
2258 3821 2615 3889 ἐπουρανίου
2639 3818 2904 3889 μέτοχοι,
2928 3817 3343 3884 κατανοήσατε
3372 3817 3479 3871 τὸν
3501 3817 3654 3872 ἀπό-

2075 3920 2301 3971 στολον
2351 3914 2451 3970 καὶ
2489 3911 2763 3982 ἀρχιερέα
2806 3910 2917 3979 τῆς
2950 3911 3271 3982 ὁμολογίας
3313 3908 3484 3978 ήμῶν
3529 3910 3652 3981 Ἰη-

2076 4009 2254 4068 σοῦν,
2292 4004 2513 4060 πιστὸν
2542 4003 2688 4057 ὄντα
2714 4001 2792 4067 τῷ
2815 4000 3134 4067 ποιήσαντι
3161 4002 3364 4055 αὐτόν.

2146 4098 2199 4152 9.
2236 4096 2333 4159 Τίς
2364 4095 2463 4165 τὴν
2490 4092 2798 4164 περικοπὴν
2828 4088 3033 4161 ταύτην
3062 4088 3190 4159 ὅλην
3227 4087 3650 4157 ἀναγινώσκων,

2080 4190 2141 4243 οὐ
2169 4188 2278 4242 τῶν
2322 4187 2417 4257 μὲν
2464 4181 2756 4257 Ἀρειανῶν
2801 4178 3219 4249 καταγινώσκει,
3256 4179 3345 4232 τὸν
3376 4178 3433 4231 δὲ
3468 4180 3652 4249 μακά-

2089 4297 2202 4351 ριον
2246 4275 2565 4331 Ἀπόστολον
2627 4274 2896 4345 θαυμάζει
2950 4270 3083 4345 (12),
3132 4270 3311 4334 καλῶς
3358 4270 3652 4347 εἰρηκότας

2082 4495 2469 4572 gueyGoblet‘.
2491 4504 2545 4572 e_t
2564 4492 2790 4572 Felc._i,
2947 4492 3007 4545 δὲ
3056 4491 3230 4572 παλιν.
3271 4489 3463 4572 οξυτως.
3492 4488 3653 4572 .Editl

2083 4558 2137 4625 ἕι
2159 4569 2273 4632 alii,
2305 4566 2455 4689 Ἶῗτις
2480 4564 2671 4627 οὕτως.
2707 4563 2833 4616 Item
2855 4563 3080 4645 Seguer.
3120 4559 3276 4642 ibid,
3302 4558 3653 4640 ἀπεκρίνετο.

2083 4640 2297 4689 Gobler.
2371 4636 2472 4689 elc.
2508 4636 2534 4689 1
2564 4645 2617 4689 et
2647 4633 2703 4689 4.
2736 4634 3085 4689 ἀπεκοινατο.
3109 4628 3220 4683 Alit
3240 4639 3295 4684 et
3336 4630 3487 4689 editi,
3516 4630 3653 4682 ἀπε-

2081 4628 2297 4695 Gobler.
2326 4628 2472 4690 Felc.
2508 4636 2534 4689 1
2564 4645 2617 4689 et
2647 4633 2703 4696 4,
2736 4628 3085 4703 ἀπεκρίνατο.
3109 4628 3220 4683 Alii
3240 4639 3295 4684 et
3336 4628 3487 4693 editi,
3516 4630 3657 4682 ἁπε-

2081 4710 2482 4854 κρξὲἶιέθέζιιει.
2511 4773 2727 4829 Gobler.
2749 4783 2804 4827 et
2833 4770 2979 4825 Felc.
3015 4770 3041 4823 I
3069 4809 3084 4835 ,
3120 4767 3303 4823 αὐτόν.
3360 4767 3559 4823 (ἶιειειὶ
3599 4777 3657 4824 et

2081 4848 2232 4909 editi,
2258 4848 2461 4899 τοῦτον.

2153 4906 2228 4988 (9)
2266 4912 2945 4988 Sie_Segtier._Anglican.
2990 4909 3302 4988 (ἶρωειδίιιιιἶ
3335 4906 3501 4988 Ἑοίρ.
3538 4906 3564 4960 1
3600 4915 3660 4988 et

2081 4985 2137 5048 4,
2159 4978 2227 5039 ἰιι
2251 4994 2304 5037 et
2342 4978 2587 5038 Nannius
2631 4978 2927 5049 legeratJn
2959 4980 3079 5033 aliis
3124 4988 3179 5032 et
3220 4978 3655 5049 etlitisoesunt,

2083 5047 2177 5109 ὲάν
2214 5054 2285 5107 τὰ
2307 5052 2608 5123 ἔμπροσθεν
2628 5047 2876 5121 λάϐωμεν
2896 5067 2908 5079 ·
2935 5049 3167 5123 μία-γὰρ
3183 5047 3481 5123 ἀκολουθία
3512 5049 3654 5123 ἐστι.

2084 5125 2302 5179 Gobler.
2339 5116 2608 5175 'et'Felc.
2664 5126 2685 5173 1
2744 5116 2947 5173 habent
3003 5119 3098 5172 ἐὰν
3136 5116 3247 5172 τῶν
3317 5116 3654 5188 ἔμπροσθενἔ

2084 5194 2286 5247 Ibidem
2323 5192 2545 5259 Seguer.
2569 5191 2787 5246 Gobler.
2822 5189 2965 5242 Felc.
3002 5189 3026 5241 1
3066 5198 3119 5259 et
3162 5189 3226 5251 4,
3261 5186 3360 5259 καῖ
3394 5186 3526 5259 περὶ
3557 5186 3658 5239 τοῦ

2085 5264 2268 5317 αὐτοῦ.
2302 5255 2442 5314 Ειίἶίί
2476 5269 2530 5315 et
2572 5261 2684 5331 alii,
2713 5261 2809 5331 καὶ
2832 5260 2967 5331 περὶ
3004 5257 3217 5331 τούτου.
3260 5256 3383 5331 pios
3422 5255 3655 5327 seguer.

2084 5333 2227 5387 Felc.
2258 5334 2291 5385 4
2324 5341 2376 5385 et
2408 5332 2461 5393 5,
2491 5332 2555 5401 τῇ
2584 5329 2719 5401 πρὸς
2759 5327 3038 5401 Ἑϐραίους
3071 5327 3349 5401 ἐπιστολῇἼ

2157 5402 2268 5467 (10)
2297 5401 2440 5453 ι’ριε.
2477 5398 2553 5464 4,
2576 5398 2804 5452 θανάτου
2838 5398 2932 5452 καὶ
2980 5398 3243 5462 δουλείας.
3299 5398 3445 5451 Idem
3488 5410 3664 5465 patilo

2084 5482 2206 5543 post
2237 5471 2439 5543 omittit
2458 5469 2603 5543 κατα
2628 5470 2824 5543 «prima.

2156 5542 2267 5611 (11)
2301 5539 2524 5611 Seguer.
2565 5539 2783 5611 Gobler.
2824 5545 2875 5611 et
2908 5536 3059 5593 Felc.
3094 5537 3145 5600 1,
3192 5536 3292 5600 τὰς
3342 5537 3662 5609 ἁμαρτίας.

2156 5682 2269 5749 (12)
2299 5676 2520 5747 Segner.
2552 5678 2683 5747 Reg.
2704 5676 2935 5733 'Gobler.
2963 5685 3018 5731 et
3050 5677 3195 5732 Felc.
3230 5678 3284 5749 1,
3329 5676 3668 5733 Ἃπόστολον

2087 5748 2370 5822 θαυμάζει.
2404 5749 2506 5802 Alii
2538 5762 2590 5803 et
2618 5750 2768 5813 editi,
2801 5749 3120 5802 Ἀπόστολον
3152 5750 3213 5801 ού
3238 5748 3538 5821 θαυμάζει.
