3850 6218
212 364 319 425 165

1348 366 1614 423 ORATIO
1652 366 1694 422 ll
1733 365 2013 423 CONTRA
2048 366 2374 425 ARIANOS.

3386 369 3493 428 I66

211 483 347 540 Πότε
376 482 488 554 γὰρ
520 464 835 555 πεποίηται,
871 483 966 538 καὶ
989 472 1121 536 πότε
1152 482 1450 547 ἀπόστολος
1478 484 1724 553 γέγονεν,
1756 482 1803 535 εξ

1914 482 2242 554 eﬁ‘ectusque
2262 491 2347 538 est
2373 481 2675 551 apostolus,
2721 481 2828 536 nisi
2875 497 3000 538 cum
3056 483 3212 555 ipse,
3244 490 3305 539 ut
3352 497 3490 547 nos.

213 578 290 650 μὴ
323 579 413 631 ὅτε
464 576 867 647 παραπλησίως
916 577 1048 647 ἡμῖν
1085 574 1313 646 μετέσχε
1361 575 1456 628 καὶ
1504 575 1668 638 αὐτὸς
1693 572 1804 645 (15)

208 667 445 739 αἵματος
467 670 563 721 καὶ
590 669 791 739 σαρκός
814 684 828 731 ;
874 668 986 721 Καὶ
1010 667 1142 719 πότε
1179 669 1401 734 γέγονεν
1429 666 1676 737 ἐλεήμων
1711 666 1807 719 καὶ

208 759 403 822 πιστὸς
434 760 749 830 ἀρχιερεὺς,
801 759 834 828 ἢ
883 759 974 810 ὅτε
1025 758 1170 811 κατὰ
1202 757 1380 810 πάντα
1418 761 1530 821 τοῖς
1559 757 1807 826 ἀδελφοῖς

205 850 469 923 ὡς).οαῦοη
497 867 513 916 ;
547 850 805 921 ὡμοιώθη
826 851 883 903 δὲ
917 850 1062 913 τότε,
1110 850 1199 902 ὅτε
1246 850 1470 918 γέγονεν
1498 837 1805 919 ἄνθρωπος,

207 942 573 1013 ἐνδυσάμενος
600 942 697 1011 τὴν
719 941 992 1012 ἡμετέραν
1020 940 1222 1013 σάρκα.
1253 939 1463 993 Οὐκοῦν
1520 939 1648 1008 περὶ
1704 937 1806 1008 τῆς

206 1035 353 1089 κατὰ
374 1034 470 1087 τὸν
498 1032 786 1105 ἄνθρωπον
812 1032 922 1103 (14)
956 1032 1268 1103 οἰκονομίας
1315 1029 1407 1084 τοῦ
1454 1030 1630 1098 Λόγου
1664 1030 1804 1100 γρά-

207 1144 327 1195 φων
364 1127 395 1178 ὁ
422 1124 636 1188 Παῦλος
662 1123 838 1192 έλεγε,
884 1122 1108 1177 πιστὸν
1161 1121 1309 1174 ὄντα
1344 1120 1425 1186 τῷ
1478 1119 1805 1187 ποιήσαντι

205 1217 421 1279 αὐτὸν,
452 1215 550 1267 καὶ
570 1214 632 1267 ού
663 1215 791 1284 περ)¹
819 1214 921 1283 τῆς
981 1212 1170 1276 οὐσίας
1223 1210 1317 1264 τοῦ
1362 1212 1556 1279 Λόγου.
1592 1210 1804 1280 Μηκέτι

204 1305 388 1359 τοίνυν
417 1304 676 1376 μαίνεσθε
710 1303 964 1372 λέγοντες
1007 1303 1222 1373 ποίημα
1246 1298 1386 1357 εἶναι
1411 1302 1501 1355 τὸν
1543 1300 1637 1354 τοῦ
1666 1300 1803 1353 Θεοῦ

204 1395 384 1464 Λόγον
420 1394 556 1465 (15).
594 1394 752 1446 Ἔστι
791 1393 900 1465 γὰρ
929 1393 1093 1457 αὐτὸς
1136 1392 1265 1456 Υἱὸς
1293 1392 1452 1462 φύσει
1486 1393 1801 1462 μονογενής.

205 1488 344 1541 Τότε
373 1487 433 1541 δὲ
460 1486 619 1556 ἔσχεν
647 1485 928 1554 ἀδελφοὺς,
975 1485 1066 1537 ὅτε
1116 1485 1214 1556 τὴν
1250 1484 1441 1555 ὁμοίαν
1474 1487 1603 1555 ἡμῖν
1629 1483 1807 1537 ἐνεδύ-

92 1639 94 1645 ,
208 1598 343 1634 σατο
374 1581 577 1650 σάρκα,
606 1578 674 1651 ἢν
695 1580 790 1632 καὶ
815 1578 1136 1649 προσφέρων
1190 1579 1351 1642 αὐτὸς
1380 1578 1490 1649 (16)
1523 1578 1590 1631 δι’
1616 1576 1802 1642 αὐτοῦ,

205 1672 506 1744 ἀρχιερεὺς
523 1669 834 1741 ὠνομάσθη,
855 1671 950 1723 καὶ
971 1668 1189 1738 γέγονεν
1216 1669 1337 1743 ὲλξή
1349 1686 1462 1740 μων
1484 1669 1576 1722 καὶ
1593 1669 1801 1731 πιστόςο

208 1765 461 1838 ἐλεήμων
490 1764 611 1835 μὲν,
643 1764 727 1816 ὅτι
756 1763 902 1833 ὑπὲρ
929 1762 1086 1833 ἡμῶν
1114 1762 1226 1833 (Π)
1267 1761 1640 1833 προσενέγκας
1672 1762 1803 1812 ἐαυ-

1907 576 2091 629 carnis
2119 584 2173 629 et
2194 574 2480 643 sanguinis
2508 572 2616 627 fuit
2642 574 2951 643 particeps?
2978 573 3210 641 Quando
3228 590 3357 630 vero
3383 577 3491 631 mi-

1908 669 2140 720 sericors
2163 675 2217 718 et
2243 665 2419 719 ﬁdelis
2446 663 2688 734 pontifex
2724 674 2808 718 est
2852 664 3050 730 factus,
3086 665 3192 720 nisi
3235 680 3361 720 cum
3390 680 3490 736 per

1906 757 2090 811 omnia
2122 755 2386 811 fratribus
2426 756 2622 811 similis
2666 754 2769 812 fuit
2812 757 3078 811 eﬁectus?
3119 757 3269 825 quod
3301 758 3492 827 utique

1908 861 2040 903 tunc
2100 848 2301 902 accidit
2345 863 2469 902 cum
2519 854 2709 901 nostra
2755 864 2919 902 carne
2971 858 3254 917 assumpta
3303 847 3487 905 factits

1907 941 2074 995 homo
2105 948 2209 995 est.
2240 940 2433 1007 Itaque
2462 939 2530 995 de
2572 941 2813 994 humana
2862 938 3024 993 Verbi
3076 941 3491 1010 dispensatione
3591 990 3595 998 .

1905 1047 2015 1085 non
2047 1032 2115 1085 de
2141 1040 2334 1085 natura
2362 1029 2523 1086 Verbi
2554 1031 2669 1086 haec
2695 1031 2915 1101 scripsit
2943 1029 3166 1099 Paulus,
3191 1033 3283 1103 qui
3310 1031 3487 1102 ﬁdelis
3594 1032 3599 1041 ’

1905 1132 1981 1175 est
2007 1122 2054 1175 ei
2086 1122 2175 1192 qui
2225 1122 2349 1190 fecit
2377 1122 2551 1175 illum.
2612 1119 2731 1174 Jam
2779 1136 2910 1190 ergo
2939 1120 3181 1176 insanire
3231 1121 3487 1188 desinite,

1907 1230 2008 1270 nec
2047 1216 2281 1284 amplius
2331 1215 2639 1270 contendite
2685 1213 2779 1267 Dei
2843 1211 3082 1268 Verbum
3134 1230 3247 1269 rem
3287 1213 3487 1270 factam

1904 1306 2332 1376 esse.Siquidem
2356 1308 2469 1375 ipse
2490 1314 2569 1359 est.
2594 1304 2907 1374 unigenitus
2924 1313 3116 1358 natura
3136 1302 3490 1362 Filius.’l‘une

1905 1405 2085 1451 autem
2105 1398 2295 1451 habuit
2313 1398 2530 1462 fratres,
2549 1412 2672 1451 cum
2692 1411 2914 1449 carnem
2939 1396 3112 1451 nostri
3143 1398 3375 1452 similem
3398 1399 3488 1453 in-

1906 1491 2041 1552 duit,
2071 1505 2236 1558 quam
2274 1505 2367 1558 per
2397 1504 2456 1543 se
2491 1490 2603 1558 ipse
2650 1488 2901 1551 oﬁ‘ercns,
2928 1489 3169 1558 pontifex
3191 1492 3492 1561 appellatus

1905 1581 2065 1652 377
2097 1591 2199 1644 est,
2236 1580 2522 1649 factusque
2558 1588 2642 1633 est
2690 1580 3005 1634 misericors
3035 1588 3089 1634 et
3118 1580 3329 1636 ﬁdelis:
3364 1581 3470 1636 mi-

1907 1674 2145 1727 sericors
2172 1672 2412 1742 quidem,
2446 1671 2574 1740 quia
2617 1685 2740 1723 cum
2790 1670 3032 1739 seipsum
3077 1686 3175 1740 pro
3202 1671 3359 1726 nobis
3388 1670 3491 1726 ob-

1911 1766 2057 1829 tulit,
2097 1768 2269 1819 nostri
2301 1774 2385 1818 est
2409 1765 2706 1818 misertus:
2740 1763 2913 1817 ﬁdelis
2946 1779 3097 1826 vero,
3127 1779 3235 1817 non
3271 1764 3397 1834 quia
3422 1763 3489 1819 ﬁ-

208 1857 300 1910 τὸν
321 1833 566 1926 ’ἠλέησεν
597 1855 764 1924 ἡμᾶς’
801 1853 989 1916 πιστὸς
1024 1852 1102 1917 δὲ,
1138 1854 1197 1906 ού
1254 1853 1490 1916 πίστεως
1544 1852 1803 1923 μετέχων,

1914 1857 1997 1912 dci
2024 1858 2293 1927 particeps
2318 1864 2421 1920 est,
2449 1866 2543 1909 aut
2569 1855 2624 1908 in
2653 1855 2888 1923 aliquem
2917 1854 3109 1917 credit,
3152 1856 3229 1908 uti
3254 1855 3488 1922 nos,sed

208 1950 331 2003 οὐδὲ
356 1950 437 2012 εἷς
454 1964 579 2001 τινα
607 1947 875 2000 πιστεύων
897 1945 1083 2016 ὥσπερ
1104 1947 1283 2016 ἡμεῖς’
1301 1944 1435 2011 ἀλλὰ
1454 1944 1804 1998 πιστεύεσθαι

209 2043 446 2113 ὀφείλων
476 2040 606 2112 περὶ
628 2031 703 2092 ὧν
730 2039 839 2110 (18)
868 2039 960 2091 ἐὰν
996 2038 1130 2112 λέγῃ
1157 2039 1250 2091 καὶ
1276 2024 1433 2108 ποιῇ,
1481 2038 1575 2091 καὶ
1606 2039 1687 2092 ὅτι
1715 2055 1806 2090 πι-

214 2133 345 2204 στὴν
376 2131 578 2185 θυσίαν
600 2129 898 2201 προσφέρει
927 2129 1026 2200 τὴν
1080 2129 1345 2200 μένουσαν
1397 2128 1492 2181 καὶ
1524 2130 1597 2200 μὴ
1628 2129 1806 2183 διαπί-

211 2242 478 2281 πτουσαν.
508 2226 574 2277 Αἰ
612 2224 711 2294 μὲν
735 2224 843 2294 γὰρ
867 2223 1009 2276 κατὰ
1040 2225 1204 2293 νόμον
1243 2222 1678 2294 προσφερόμεναι
1705 2224 1805 2276 οὐκ

210 2312 359 2389 εἶχον
389 2315 453 2368 τὺ
484 2314 699 2379 πιστὸν,
731 2313 850 2366 καθ’
876 2314 1086 2384 ἡμέραν
1119 2312 1543 2383 παρερχόμεναι,
1573 2314 1665 2365 καὶ
1688 2313 1809 2367 δεόέ

214 2422 376 2477 μεναι
402 2402 564 2457 πάλιν
589 2400 911 2473 καθαρσίουο
935 2402 969 2471 ἡ
1002 2400 1059 2452 δὲ
1083 2400 1178 2453 τοῦ
1196 2401 1447 2471 Σωτῆρος
1470 2400 1631 2454 θυσία
1659 2401 1804 2467 ἅπαξ

210 2496 489 2567 γενομένη
522 2494 633 2565 (19)
656 2491 974 2545 τετελείωκε
1023 2492 1084 2545 τὸ
1127 2493 1254 2553 πᾶν,
1297 2491 1391 2543 καὶ
1423 2491 1586 2562 πιστὴ
1614 2491 1805 2559 γέγονε

214 2589 458 2660 μένουσα
478 2586 568 2639 διὰ
605 2585 824 2649 παντός.
862 2585 971 2637 Καὶ
1016 2580 1227 2654 ’Λαρὼν
1263 2582 1363 2652 μὲν
1392 2580 1516 2652 ἔσχε
1540 2582 1666 2645 τοὺς
1694 2582 1805 2634 δια-

212 2680 563 2752 δεχομένους,
591 2678 685 2732 καὶ
715 2678 849 2742 ὅλως
877 2679 910 2748 ὴ
945 2675 1086 2730 κατὰ
1133 2675 1295 2746 νόμον
1356 2673 1596 2745 ἱερατεία
1627 2674 1804 2745 χρόνῳ

215 2774 311 2826 καὶ
336 2771 561 2842 θανάτῳ
590 2768 904 2842 παρήμειὸε
951 2769 1077 2831 τοὺς
1108 2768 1424 2839 προτέρους·
1464 2769 1492 2820 ὁ
1522 2765 1578 2819 δὲ
1603 2767 1805 2837 Κύριος

216 2862 578 2934 ἀπαράϐατον
632 2862 727 2916 καὶ
773 2860 1082 2915 ὰδιάδεκτον
1104 2857 1242 2929 ἔχων
1266 2858 1366 2930 τὴν
1398 2857 1805 2931 ἀρχιερωσύνην

217 2954 411 3018 πιστὸς
437 2953 664 3022 γέγονεν
696 2951 1007 3024 ἀρχιερεὺς,
1047 2950 1378 3022 παραμένων
1425 2949 1532 3014 ἀεὶ,
1589 2949 1682 3003 καὶ
1736 2951 1802 3020 τῇ

218 3047 526 3118 ἐπαγγελίᾳ
576 3045 768 3109 πιστὸς
788 3045 1077 3115 γενόμενος
1105 3042 1237 3113 (20),
1303 3044 1383 3107 είς
1414 3042 1475 3095 τὸ
1517 3042 1804 3096 ἐπακούειν

219 3142 313 3195 καὶ
336 3140 414 3212 μὴ
435 3139 646 3209 πλανᾷν
671 3139 796 3202 τοὺς
856 3135 1340 3209 προσερχομένους.
1365 3134 1534 3188 Τοῦτο
1557 3135 1615 3187 δὲ
1643 3136 1806 3190 πάλιν
1832 3162 1878 3224 C

218 3236 312 3287 καὶ
342 3231 455 3286 ἀπὸ
481 3231 585 3301 τῆς
609 3228 927 3299 Ἐπιστολῆς
948 3228 1040 3282 τοῦ
1073 3228 1307 3299 μεγάλου
1329 3226 1534 3298 Πέτρου
1561 3227 1670 3297 (21)
1700 3244 1805 3298 μα-

218 3325 331 3380 θεῖν
343 3322 546 3389 ἔξεστι,
564 3322 828 3391 λέγοντος·
846 3323 1031 3378 ’Ὥστε
1044 3322 1140 3375 καὶ
1155 3324 1209 3375 οἱ
1220 3320 1563 3391 πάσχοντες
1574 3320 1724 3374 κατὰ
1740 3321 1805 3376 τὸ

220 3415 453 3486 θέλημα
468 3415 576 3470 τοῦ
602 3413 774 3476 Θεοῦ,
805 3412 1001 3478 πιστῷ
1029 3414 1243 3480 κτίστῃ
1267 3412 1802 3481 παρατιθέσθωσαν

219 3508 329 3576 τὰς
345 3509 580 3563 ἑαυτῶν
594 3504 819 3576 unde.
843 3506 1029 3571 πιστὸς
1052 3507 1160 3578 γάρ
1173 3508 1338 3570 ἐστιν,
1353 3505 1453 3558 οὐκ
1472 3503 1808 3574 ἀλλασσόμε-

219 3618 329 3665 νος,
377 3600 494 3655 ἀλλ’
542 3601 631 3655 ἀεὶ
687 3600 975 3671 διαμένων,
1034 3600 1131 3652 καὶ
1193 3596 1476 3661 ἀποδιδοὺς
1537 3595 1574 3650 ἃ.
1630 3596 1800 3666 ἐπηγ-

217 3692 460 3761 γείλατο.

293 3782 384 3837 10.
440 3779 707 3851 Ἑλλήνων
758 3779 855 3851 μὲν
887 3773 979 3833 οὖν
1011 3780 1060 3832 oi
1106 3776 1385 3847 λεγόμενοι
1434 3778 1565 3848 παρ’
1619 3776 1804 3841 αὐτοῖς

217 3873 562 3945 ψευδώνυμοι
587 3871 699 3926 θεοὶ
744 3871 867 3925 οὔτε
911 3871 990 3941 τῷ
1021 3868 1179 3933 εἶναι,
1214 3869 1335 3922 οὔτε
1368 3867 1446 3938 τῷ
1477 3869 1807 3939 ἐπαγγέλλε-

221 3962 346 4018 σθαί
369 3964 475 4015 είσι
508 3960 708 4014 πιστοί·
736 3959 859 4014 οὔτε
917 3961 1026 4030 γὰρ
1056 3962 1105 4013 οἱ
1143 3958 1296 4015 αὐτοί
1345 3961 1451 4011 είσι
1507 3959 1802 4030 πανταχοῦ,

217 4050 361 4108 ἀλλὰ
382 4053 476 4105 καὶ
496 4054 546 4104 οἱ
577 4049 720 4105 κατὰ
744 4049 940 4112 τόπους
966 4048 1101 4120 (22),
1135 4048 1212 4119 τῷ
1242 4048 1418 4120 χρόνῳ
1466 4048 1805 4122 διαφθείρον-

216 4161 334 4209 ται,
365 4144 459 4197 καὶ
491 4143 619 4214 περὶ
647 4142 874 4205 ἑαυτοὺς
895 4139 1280 4213 καταῤῥέουσιο
1315 4140 1397 4193 διὸ
1437 4141 1532 4195 καὶ
1563 4143 1686 4194 κατ’
1713 4142 1812 4194 αὐ-

217 4234 331 4290 τῶν
355 4236 386 4288 ό
411 4232 582 4302 Λόγος
615 4233 731 4303 βοᾷ,
754 4233 834 4285 ὅτι
863 4230 1045 4295 πίστις
1077 4231 1178 4284 οὐκ
1211 4228 1429 4300 ἴσχυσεν
1465 4230 1578 4303 (25)
1620 4233 1677 4285 ὲν
1708 4231 1809 4285 αὐ-

220 4330 356 4391 τοῖς,
389 4326 486 4380 καὶ
510 4324 656 4395 ὕδωρ
701 4321 894 4392 ψευδές
929 4323 1057 4386 εἱσι,
1108 4322 1203 4374 καὶ
1240 4322 1341 4374 οὐκ
1394 4320 1510 4374 ἔστι
1543 4322 1725 4385 πίστις
1752 4324 1810 4377 ὲν

220 4418 430 4481 αὐτοῖς.
467 4415 527 4470 Ὀ
551 4413 608 4467 δὲ
635 4413 742 4466 τῶν
763 4413 899 4465 ὅλων
929 4412 1022 4464 καὶ
1047 4410 1207 4481 μόνος
1252 4410 1331 4481 τῷ
1353 4411 1465 4464 ὄντι
1488 4411 1657 4476 ὅντως
1708 4413 1804 4467 καὶ

219 4508 477 4581 ἀληθινὸς
506 4505 581 4561 ὣν
611 4504 743 4569 Θεὸς
777 4504 888 4576 (24)
915 4502 1105 4566 πιστός
1142 4504 1310 4567 ἐστιν,
1350 4503 1378 4555 ὁ
1397 4504 1558 4567 αὐτὸς
1584 4503 1680 4569 ὣν,
1707 4506 1803 4560 καὶ

1905 1950 2032 2019 qnia
2066 1950 2118 2002 in
2149 1948 2235 2002 his
2268 1964 2392 2017 quae
2421 1946 2505 2001 vel
2537 1946 2734 2000 dixerit
2767 1946 2848 2000 vel
2879 1945 3087 2008 fecerit,
3117 1946 3264 1999 credi
3289 1946 3484 2010 debet,

1905 2054 1970 2092 ac
2004 2038 2159 2092 ﬁdele
2181 2021 2550 2105 constansque
2578 2036 2907 2090 sacriﬁcium
2932 2050 3039 2088 non
3068 2034 3275 2089 ﬂuxum
3294 2035 3471 2091 oﬂ'ert.

1903 2130 2037 2185 Nam
2059 2132 2190 2199 legis
2217 2130 2484 2185 sacriﬁcia
2528 2129 2663 2182 nihil
2704 2128 2862 2183 ﬁdele
2894 2129 3007 2183 sive
3048 2128 3265 2182 ﬁrmum
3318 2128 3486 2183 habe-

1904 2224 2054 2285 bant,
2090 2237 2214 2277 cum
2237 2221 2467 2291 singulis
2495 2220 2690 2274 diebus
2716 2219 3073 2288 praeterirent,
3093 2235 3339 2288 novaque
3363 2235 3486 2274 rur-

1905 2330 2000 2369 sus
2027 2314 2330 2384 indigerent
2362 2315 2717 2381 purgatione;
2739 2319 2794 2363 at
2817 2308 3120 2364 Salvatoris
3143 2310 3474 2365 sacriﬁcium

1906 2407 2074 2461 semel
2100 2414 2378 2475 peractum
2403 2404 2584 2458 omnia
2604 2402 2851 2471 perfecit,
2867 2402 3129 2471 ﬁdeleque
3146 2411 3230 2456 est
3254 2399 3482 2467 factum,

1904 2514 2028 2553 cum
2064 2506 2282 2551 maneat
2314 2505 2598 2566 perpetuo.
2634 2493 2900 2548 Praeterea
2937 2493 3139 2549 Aaroni
3170 2494 3323 2549 luere
3344 2509 3475 2549 suc-

1905 2604 2193 2653 cessores,
2238 2587 2574 2654 omninoque
2625 2585 2761 2655 legis
2812 2586 3203 2651 sacerdotium,
3239 2595 3485 2656 tempore

1904 2691 1958 2737 ct
1987 2690 2160 2735 morte
2185 2679 2603 2743 interveniente,
2627 2678 2839 2746 priores
2868 2678 3115 2730 mutabat
3146 2677 3484 2733 sacerdotes.

1903 2773 1973 2828 At
1996 2774 2259 2828 Dominus
2284 2770 2664 2841 pontiﬁcatum
2692 2768 2968 2850 habet.q'ui
2993 2784 3093 2823 nec
3146 2768 3359 2830 transit,
3382 2782 3485 2823 nec

1909 2864 1997 2918 cui
2028 2863 2338 2918 succeditur
2369 2882 2382 2916 :
2412 2865 2556 2918 unde
2580 2864 2754 2919 ﬁdelis
2773 2863 2950 2918 factus
2969 2872 3054 2918 est
3071 2862 3333 2932 pontifex,
3353 2862 3485 2931 quia

1906 2970 2122 3025 semper
2153 2963 2337 3009 manet
2370 2955 2447 3009 ³⁵.
2502 2954 2589 3009 Fit
2617 2969 2837 3025 quoque
2879 2953 3244 3023 promissione
3284 2952 3483 3021 ﬁdelis,

1908 3062 2030 3102 cum
2057 3061 2151 3101 eos
2174 3046 2267 3116 qui
2300 3045 2368 3100 ad
2403 3047 2556 3101 illum
2590 3048 2858 3100 accedunt
2893 3046 3169 3111 exaudiat,
3203 3060 3304 3100 nec
3331 3042 3485 3099 fallat

1910 3152 2173 3207 unquam.
2211 3136 2263 3191 ld
2308 3139 2436 3192 item
2476 3153 2542 3191 ex
2582 3136 2821 3207 Epistola
2872 3138 3016 3192 beati
3049 3135 3195 3192 Petri
3243 3136 3370 3191 licet
3402 3135 3484 3190 di-

1913 3244 2084 3284 scere.
2122 3227 2331 3298 Itaque,
2364 3229 2560 3298 inquit,
2592 3241 2640 3281 ει
2665 3230 2716 3281 hi
2744 3229 2835 3298 qui
2880 3229 3159 3297 patiuntur
3200 3227 3486 3282 secundum

1911 3318 2236 3373 uoluntatem
2263 3317 2383 3384 Dei,
2408 3316 2555 3386 ﬁdeli
2607 3316 2849 3371 Creatori
2883 3318 3242 3371 commendent
3275 3318 3484 3371 animas

1911 3427 2037 3467 suas
2079 3410 2149 3466 ⁵⁸.
2182 3408 2385 3465 Fidelis
2429 3410 2573 3464 enim
2616 3418 2718 3475 est,
2764 3409 2859 3479 qui
2912 3425 3020 3463 non
3057 3419 3338 3474 mutatur,
3384 3408 3484 3466 sed

1914 3514 2127 3571 semper
2147 3508 2452 3569 permanet,
2473 3508 2528 3554 et
2548 3513 2613 3553 ea
2640 3499 2819 3553 reddit
2849 3513 2970 3569 quae
2999 3506 3085 3555 est
3114 3498 3412 3569 pollicitus.

1982 3774 2072 3831 10.
2109 3774 2263 3829 Falsi
2310 3779 2491 3828 autem
2523 3771 2808 3843 gentilium
2845 3771 2922 3827 dii
2957 3787 3137 3844 neque
3181 3771 3361 3843 quoad
3386 3787 3488 3828 na-

1910 3874 2091 3922 turam
2121 3881 2297 3936 neque
2327 3863 2508 3937 quoad
2536 3865 2813 3935 promissa
2865 3864 3054 3919 ﬁdeles
3089 3874 3222 3919 sunt
3238 3863 3308 3919 ⁸⁸.
3371 3861 3486 3919 Nec

1911 3960 2057 4015 enim
2092 3958 2196 4029 ipsi
2227 3957 2430 4028 ubique
2459 3957 2752 4021 exsistunt,
2776 3956 2912 4027 quin
2929 3956 3094 4011 etiam
3121 3956 3209 4012 his
3240 3956 3297 4011 in
3323 3956 3483 4022 locis,

1910 4050 2006 4106 ubi
2056 4057 2206 4115 sunt,
2241 4057 2487 4118 tempore
2521 4047 2826 4118 depereunt
2853 4062 2918 4103 ac
2959 4063 3058 4118 per
3089 4062 3150 4103 se
3187 4048 3491 4105 destruun-

1906 4150 2021 4197 tur.
2056 4139 2197 4194 Hinc
2244 4141 2509 4195 adversus
2537 4139 2663 4194 illos
2700 4138 2903 4193 clamat
2949 4138 3190 4197 Verbum
3231 4140 3393 4196 ﬁdem
3427 4142 3485 4197 in

1906 4232 2014 4288 illis
2041 4247 2148 4287 non
2178 4231 2438 4297 valuisse,
2466 4240 2522 4286 et
2554 4229 2749 4285 falsam
2779 4245 2878 4286 eos
2901 4246 3026 4287 esse
3046 4246 3269 4303 aquam,
3298 4232 3492 4288 ﬁdent-

1906 4337 2014 4393 que
2050 4321 2107 4377 in
2134 4321 2242 4378 illis
2271 4336 2381 4377 non
2414 4336 2558 4377 esse.
2599 4321 2671 4376 At
2719 4321 2873 4378 solus
2917 4329 2973 4377 et
3020 4337 3187 4378 verus
3232 4323 3483 4378 omnium

1907 4414 2053 4471 Deus
2079 4413 2257 4470 ﬁdelis
2280 4423 2384 4480 est,
2416 4416 2511 4485 qui
2539 4414 2683 4470 idem
2710 4424 2765 4471 et
2796 4424 2903 4479 est,
2934 4425 2988 4471 et
3017 4416 3131 4472 ait:
3185 4414 3363 4471 Videte
3381 4433 3485 4484 nte,

1909 4507 2077 4563 uidete
2125 4506 2264 4578 quod
2302 4523 2396 4577 ego
2450 4522 2570 4562 sum
2592 4507 2663 4574 ⁸⁷,
2703 4515 2779 4573 ει,
2834 4523 2942 4563 non
2995 4523 3112 4563 sum
3163 4518 3398 4563 mutatus
3414 4508 3484 4563 ⁸⁸.

299 4626 531 4685 “Hebr.
563 4646 662 4695 vn,
692 4631 783 4684 24.
860 4629 905 4662 ⁵⁵
946 4628 967 4682 l
1015 4628 1160 4684 Petr.
1193 4643 1266 4695 tv,
1332 4628 1421 4683 19.
1497 4628 1545 4660 ⁸⁸
1599 4627 1800 4685 Jerem.

1914 4672 1922 4696 ,
1963 4632 2019 4687 5.
2095 4631 2142 4663 ⁸⁷
2176 4629 2396 4686 Deuter.
2429 4644 2602 4695 xxxii,
2626 4629 2717 4684 39.
2794 4628 2842 4661 ⁸³
2874 4628 3109 4684 Malaeb.
3163 4643 3248 4695 ιιι,
3284 4629 3341 4683 6.

297 4766 409 4837 (15)
439 4764 665 4888 ὃεῗυεν.
703 4776 754 4821 ει
775 4765 931 4837 Beg.,
962 4767 1111 4836 ἡμῖν.
1134 4764 1299 4829 Editi,
1333 4765 1484 4835 ὑμῖν.
1519 4764 1654 4819 Ibid.
1699 4764 1797 4820 Se-

222 4854 378 4908 guer.
404 4836 520 4908 Gob
544 4852 622 4908 er.
654 4845 707 4889 et
730 4836 873 4908 Felc.
894 4836 919 4888 1
950 4836 1090 4908 et_5,
1114 4835 1340 4906 μετέσχε
1361 4835 1456 4888 καὶ
1480 4835 1664 4898 αὑτός.
1681 4837 1799 4891 Ca:-

223 4906 339 4977 teri
364 4915 415 4977 et
437 4906 587 4977 editi,
625 4907 883 4977 μετέσχεν
904 4906 1085 4977 αὐτόςἶ

548 4781 665 4821 uer.
703 4765 931 4837 etBeg.,
962 4767 1111 4837 ἡμῖν.
1134 4764 1299 4837 Editi,
1333 4765 1484 4837 ὑμῖν.
1519 4763 1654 4837 l_bi_d.
1699 4764 1797 4820 Se-
1828 4769 1873 4824 D
1899 4765 2081 4837 ἡμῶν.
2110 4763 2821 4837 Ιιιίἀειηδεειιειξεϐοιιιειῂ.
2854 4763 3015 4837 Ἐε1ο.
3049 4765 3077 4818 1
3108 4772 3166 4837 ει
3220 4732 3488 4837 git-poc-

1898 4834 2130 4904 ἐνέγκας
2163 4834 2376 4904 ἑαυτόν.
2410 4834 2470 4888 In
2500 4835 2622 4890 aliis
2653 4844 2708 4904 et
2738 4834 2898 4889 editis
2925 4836 3078 4904 deest
3100 4835 3308 4890 ἑαυτόν.

1976 4899 2271 4977 (18ὶᾲΠερὶΑ
2296 4899 2372 4977 ὧν
2405 4904 2558 4977 abest
2587 4920 2618 4958 a
2655 4903 2797 4977 Felc.
2853 4904 2906 4977 5.
2939 4903 3143 4977 Ibidem
3175 4905 3401 4975 Seguer.
3432 4915 3490 4962 et

196 5000 203 5005 σ
296 4972 682 5048 (193.3991,
718 4972 857 5048 me}
888 4977 949 5029 τὸ
989 4972 1359 5048 -άνθρῴπιν-ον.
1404 4973 1531 5029 Mox
1570 4975 1710 5048 idem
1746 4983 1801 5030 et

1914 4975 2148 5048 Felgd,
2167 4972 2231 5028 ἃς,
2260 4974 2554 5048 λέγῃηΑιίί
2580 4984 2634 5048 et
2664 4974 2815 5048 gain,
2849 4974 2951 5048 εὰν
2975 4973 3131 5048 λέγῃ.

221 5044 529 5115 Anglicani
558 5045 776 5100 Gobler.
806 5045 950 5100 Felc.
982 5046 1007 5098 1
1035 5056 1090 5099 ει
1110 5044 1158 5097 ⁷4
1198 5044 1418 5115 habent,
1451 5046 1642 5099 πιστὸν
1671 5045 1802 5099 ὅντα

221 5116 302 5186 τῷ
320 5113 621 5188 ποιήσαντι
648 5117 830 5179 αὐτὸν,
855 5117 950 5188 καὶ
974 5116 1036 5168 ού
1065 5115 1194 5186 περὶ
1224 5113 1340 5188 ’τῆς
1383 5115 1571 5188 οὐσίας
1604 5114 1799 5188 Λόγου,

224 5184 351 5257 qua:
382 5184 589 5243 in'aliis
619 5196 676 5240 et
697 5187 861 5242 editis
888 5187 1085 5241 desunt
1108 5201 1120 5236 :
1141 5184 1241 5239 sed
1262 5193 1316 5238 et
1335 5200 1399 5239 ea
1443 5184 1693 5240 Nannius
1723 5186 1800 5242 le-

260 5267 400 5311 erat.
708 5287 721 5296 ο
1321 5282 1325 5286 ’

224 5274 414 5395 sei-7‘5.)
445 5324 537 5380 Sic
591 5287 1163 5397 SegderiprtaGoblgr.
1204 5282 1356 5397 item,
1406 5323 1616 5397 _Felc.j
1667 5332 1727 5397 et_
1762 5325 1802 5397 4

222 5390 449 5459 habent,
465 5397 557 5469 τὸν
577 5390 690 5469 τοῦ*
701 5393 1221 5469 ΘεοῖηΛόγον.ΕεΙε.
1249 5395 1302 5469 _5,
1326 5394 1535 5469 ποίημα
1562 5390 1700 5448 εἶναι
1716 5394 1802 5469 λέ-

222 5480 416 5536 γοντες
440 5465 532 5520 τὸν
563 5467 757 5536 Λόγον.
781 5466 886 5519 Alii
906 5475 960 5520 et
983 5466 1135 5530 editi,
1167 5465 1379 5537 ποίημα
1420 5464 1667 5534 λέγοντες
1708 5464 1799 5518 τὸν

223 5537 541 5688 féégsm
570 5605 797 5688 Seguer.
825 5604 969 5688 ἔζεε.
993 5605 1181 5688 ,βεείι
1206 5605 1426 5662 Gobler.
1469 5605 1615 5660 Felc.
1664 5604 1691 5657 1
1745 5611 1801 5688 et

221 5675 277 5729 4.
296 5671 439 5749 Editi
458 5691 585 5749 vero
585 5671 801 5749 fetialia,
821 5671 1133 5749 ﬂgﬁlbidem
1157 5692 1290 5749 mss.
1320 5691 1530 5741 omnes,
1557 5673 1799 5746 προσφέο

230 5762 341 5819 ρων
360 5746 550 5819 αὐτός.
584 5746 745 5813 Editi,
772 5746 1097 5819 προσφέρων
1120 5747 1306 5819 αὐτόν.

296 5817 412 5890 (17)
445 5815 670 5891 Seguer.
722 5810 776 5873 et
820 5810 1056 5876 Felix}.
1100 5818 1171 5874 At
1225 5817 1319 5874 alii
1373 5825 1427 5875 et
1485 5815 1635 5884 editi,
1667 5810 1796 5885 περὶ

1976 5045 2085 5116 (19)
2109 5034 2560 5116 Γενομέντῖἀεεει
2577 5044 2637 5116 in
2664 5034 2810 5099 Felc.
2835 5043 2888 5097 4.
2905 5034 3229 5116 _Pa_ul'o"post
3259 5042 3488 5116 Seguer.

1904 5113 2141 5186 Gobl.:et
2168 5113 2314 5186 Felc.
2347 5113 2528 5186 Lucil.
2547 5113 2683 5186 ὅλως
2715 5116 2749 5186 ἡ
2781 5113 2944 5186 κατά.
2982 5113 3233 5186 Seguer._,
3267 5113 3488 5186 ibidem,

1904 5187 1996 5240 τὸν
2012 5185 2201 5256 νόμον.
2233 5185 2427 5240 Caeteri
2454 5195 2511 5256 et
2536 5184 2688 5249 editi,
2716 5183 2811 5238 διαὶ
2837 5183 3005 5248 ὄντως
3026 5185 3061 5255 ἡ
3091 5183 3234 5238 κατὰ
3264 5184 3452 5256 νόμον.
3564 5230 3569 5233 .

1981 5254 2093 5324 (20)
2121 5254 2368 5324 Seguer.,
2397 5254 2698 5325 γινόμενος.

1972 5322 2335 5398 (21)(ἓοῑηετ.
2367 5322 2422 5379 et
2468 5322 2614 5398 Felc.
2669 5325 2722 5393 1,
2767 5322 2862 5378 τοῦ
2910 5324 3208 5398 ᾲποστόλου
3256 5324 3487 5398 Πέτρου.

1906 5393 2029 5467 Mor
2063 5394 2398 5467 iidem,Reg.
2427 5404 2478 5448 et
2517 5393 2767 5467 Segtter.,
2800 5394 2943 5449 κατὰ
2973 5395 3035 5449 τὸ
3062 5393 3403 5467 θέλημαΑιιί
3434 5407 3492 5452 ει

1906 5411 2028 5449 mox
2063 5411 2398 5465 nuem,neg.
2427 5411 2478 5448 et
2517 5411 2767 5516 beguerq
2800 5413 2815 5449 ι

1903 5464 2385 5542 ϐάίρὲῧλοῐηῐηειη
2412 5465 2553 5542 κατὰ
2612 5465 2815 5542 μέλημα.

1998 5533 2089 5601 22)
2121 5533 2344 5603 Seguer.
2381 5534 2523 5586 κατὰ
2547 5535 2672 5600 τοὺς
2701 5533 2921 5601 τόπους.

2001 5604 2092 5674 es)
2123 5602 2316 5674 BaSil.,
2336 5603 2485 5673 ὲνίσχ

1997 5672 2088 5743 24)
2118 5673 2337 5743 Gobler.
2370 5682 2425 5727 et
2454 5672 2603 5728 Felc.
2661 5674 2714 5743 1,
2743 5673 2818 5729 ὣν
2840 5675 2970 5741 Υίὸς
3011 5676 3107 5729 καὶ
3156 5675 3310 5738 Θεός.
3359 5672 3487 5739 Mox

1905 5740 2154 5811 Sekuer”
2192 5742 2331 5796 ἵδετέ
2362 5760 2451 5814 με,
2504 5743 2664 5798 ἴδετε.
2700 5740 2831 5801 Ἀιὶἰ
2878 5740 3102 5803 ειίεόὶιί
3148 5755 3486 5815 postremum

1903 5812 2041 5867 ἴδετε
2072 5814 2351 5867 omittunt.

1953 5830 2041 5867 ετε
2072 5822 2351 5871 omittunt.

2488 5620 2634 5657 υσεν.
