3850 6218
281 323 297 330 ..
350 370 452 426 m

912 365 978 423 S.
1020 361 1395 420 ATHANASII
1435 361 1590 418 OPP.
1627 357 1812 415 PARS
1850 357 1892 413 l.
1929 387 2000 399 -—
2039 352 2420 411 HISTORICA
2457 350 2547 407 ET
2592 349 3014 407 DOGMATICA.

3497 355 3609 410 168

347 485 486 542 Hinc
512 483 680 540 etiam
711 484 832 553 ejus
856 480 1032 536 Filius
1058 479 1235 535 fidelis
1279 486 1387 544 est,
1414 476 1507 547 qui
1543 483 1598 531 et
1627 475 1743 545 ipse
1771 487 1916 528 sem-

2040 469 2209 538 .ἐγων·
2242 466 2431 523 Ἰδετέ
2454 483 2550 536 με,
2585 465 2762 520 ῑδετε.
2789 466 2878 518 ὅτι
2907 463 3021 536 ἐγιῖ)
3047 466 3185 534 ειμι,
3208 465 3322 530 καὶ,
3355 467 3466 522 οὐκ
3493 469 3612 534 ὴλ-

343 593 443 649 per
493 585 598 644 est,
646 590 750 630 nec
804 584 1066 636 mutatur,
1102 587 1204 626 nec
1236 579 1432 625 natura
1481 585 1584 624 nec
1629 566 1919 638 promissis

345 665 515 721 fallax
542 673 648 731 est,
685 672 744 718 ut
786 664 985 716 iterum
1012 661 1206 716 scribit
1249 659 1548 730 Apostolus
1589 658 1657 712 ad
1688 655 1922 712 Thessa-

347 757 687 812 lonicenses:
723 752 928 807 Fidelis
952 762 1030 808 est
1057 754 1148 824 qui
1175 768 1262 806 vos
1282 762 1456 815 vocat,
1487 751 1577 822 qui
1600 760 1649 804 et
1690 748 1917 816 faciet".

347 846 486 902 Cum
532 847 676 900 enim
721 859 785 899 ea
823 859 946 914 qua:
997 843 1263 912 promittit
1307 841 1490 904 eliicit,
1535 841 1707 896 ﬁdelis
1739 848 1823 895 est
1865 839 1923 894 in

347 937 530 993 verbis
570 936 707 991 suis.
749 934 908 1002 Quod
943 943 1123 990 autem
1153 935 1258 990 hoc
1303 933 1629 988 vocabulum
1657 933 1914 987 immuta-

347 1030 611 1085 bilitatem
657 1028 946 1099 signiﬁcet,
983 1027 1124 1082 idem
1159 1027 1245 1082 his
1288 1026 1474 1082 verbis
1514 1025 1772 1081 Hebraeos
1822 1025 1924 1079 do-

346 1130 467 1176 cet:
506 1119 565 1176 Si
593 1137 698 1174 non
730 1120 1017 1185 credimus,
1045 1118 1138 1171 ille
1173 1118 1350 1187 ﬁdelis
1397 1125 1689 1188 permanet,
1735 1131 1925 1186 negare

347 1213 578 1282 seipsum
619 1228 728 1266 non
771 1219 964 1282 potest.
1001 1209 1193 1280 itaque
1227 1210 1351 1280 jure
1382 1210 1580 1264 merito
1624 1208 1924 1278 Apostolus

346 1304 416 1359 de
470 1318 735 1374 corporea
787 1301 952 1357 Verbi
1000 1303 1294 1373 praesentia
1344 1316 1656 1356 sermonem
1711 1300 1925 1354 habens

348 1395 518 1450 dixit:
535 1394 850 1464 Apostolum
879 1405 930 1448 et
951 1395 1048 1464 qui
1069 1394 1244 1463 ﬁdelis
1266 1394 1404 1448 estei
1420 1394 1510 1463 qui
1539 1393 1664 1462 fecit
1686 1391 1923 1457 illum“;

350 1487 556 1558 quibus
605 1487 795 1557 utique
848 1487 1030 1541 verbis
1084 1487 1325 1541 ostendit
1388 1484 1576 1541 Jesum
1642 1484 1926 1540 Christum

350 1577 516 1633 etiam
576 1576 783 1631 factum
843 1576 1142 1641 hominem,
1193 1576 1309 1632 heri
1359 1585 1414 1631 ct
1467 1576 1627 1631 hodie
1673 1575 1926 1631 eumdem

348 1683 492 1732 esse,
538 1676 700 1736 atque
740 1666 793 1721 in
835 1675 1153 1736 perpetuum
1193 1675 1410 1736 tempus
1443 1680 1566 1720 esse
1612 1665 1926 1720 immutabi-

353 1759 480 1814 lem.
535 1759 606 1812 At
655 1772 782 1811 vero
822 1757 1282 1828 quemadmodum
1340 1758 1594 1811 humanae
1643 1756 1790 1812 illius
1825 1772 1924 1812 na-

2019 563 2289 630 λοίωμαι·
2322 559 2403 614 διὸ
2421 559 2515 613 καὶ
2540 560 2568 613 ὁ
2591 557 2779 612 τούτου
2825 556 2955 622 Υἱὸς
2987 558 3179 622 πιστός
3208 559 3375 621 ἐστιν,
3399 561 3486 615 ἀεὶ
3504 561 3605 624 ὣν,

2021 652 2118 707 καὶ
2141 654 2241 705 οὐκ
2263 649 2472 704 ἀλλοιού
2481 667 2660 721 μενος,
2693 649 2812 702 οὐδὲ
2839 649 3257 720 διαψευδόμενος
3285 650 3409 704 οὔτε
3440 652 3499 704 ὲν
3526 651 3612 720 τῷ

2022 739 2183 808 εἶναι,
2205 743 2328 796 οὔτε
2360 744 2418 795 ὲν
2449 741 2526 812 τῷ
2573 739 3023 810 ἐπαγγέλλεσθαι,
3077 740 3331 813 καθάπερ
3384 743 3546 798 πάλιν
3580 747 3610 799 ὁ

2035 839 2354 902 Ἀπόστολος
2376 837 2601 908 γράφων
2621 835 3072 890 Θεσσαλονικεῦσι
3100 835 3198 907 μὲν
3214 853 3366 907 φησιν
3384 839 3615 904 Πιστὸς

2023 935 2058 986 ό
2087 930 2291 986 καλῶν
2311 928 2488 999 ὑμᾶς,
2515 928 2582 994 ὃς
2597 927 2694 980 καὶ
2722 926 2960 993 ποιήσει
2979 927 3112 995 (25)·
3137 929 3196 982 ὲν
3211 929 3318 1000 γὰρ
3335 928 3415 999 τῷ
3433 931 3612 983 ποιεῖν

2021 1022 2060 1078 ἃ
2083 1021 2498 1091 ἐπαγγέλλεται,
2555 1019 2743 1083 πιστός
2789 1019 2906 1072 ὲστι
2958 1019 3153 1072 λαλῶν·
3224 1019 3500 1091 Ἑϐραίοις
3551 1021 3613 1074 δὲ

2027 1115 2156 1188 περὶ
2198 1115 2294 1168 τοῦ
2323 1114 2608 1185 σημαίνειν
2667 1112 2767 1184 τὴν
2821 1110 2964 1177 λέξιν
3021 1111 3226 1184 ταύτην
3258 1112 3351 1167 καὶ
3401 1114 3514 1185 (26)
3547 1114 3615 1168 τὸ

2025 1207 2379 1261 ἀναλλοίωτον
2399 1205 2572 1271 οὕτως
2604 1206 2824 1280 γράφει·
2866 1208 2936 1259 El
2985 1205 3424 1276 ἀπιστήσομεν,
3457 1208 3613 1262 ἐκεῖ-ο

2025 1315 2132 1365 νος
2156 1299 2371 1364 πιστὸς
2393 1297 2579 1367 μένει·
2624 1297 3006 1366 ἀρνήσασθαι
3065 1297 3283 1352 ἑαυτὸν
3313 1299 3386 1352 οὐ
3428 1297 3615 1352 δύνα-

2026 1407 2141 1443 ται.
2167 1389 2375 1443 Οὐκοῦν
2399 1390 2623 1454 εἰκότως
2651 1392 2680 1443 ὁ
2713 1389 3030 1453 Ἀπόστολος
3044 1389 3141 1460 τὴν
3173 1390 3490 1462 σωματικὴν
3515 1391 3614 1444 τοῦ

2027 1481 2202 1550 Λόγου
2223 1481 2528 1555 παρουσίαν
2569 1480 2920 1552 διηγούμενός
2953 1499 3116 1552 φησιν
3157 1482 3289 1552 (ιε-ιγ
3329 1484 3617 1537 ’Λπόστοα

2026 1577 2141 1628 .κον
2163 1571 2262 1625 καὶ
2321 1569 2541 1624 πιστὸν
2581 1570 2726 1624 ὄντα
2780 1570 2862 1636 τῷ
2909 1572 3232 1638 ποιήσαντι
3274 1573 3480 1637 αὑτὸν,
3512 1573 3620 1626 δει-

2028 1666 2180 1729 κνὺς,
2212 1665 2294 1718 ὅτι
2327 1662 2422 1717 καὶ
2447 1662 2732 1735 ἄνθρωπος
2791 1663 3080 1734 γενόμενος
3116 1662 3322 1734 Ἰησοῦς
3355 1665 3613 1735 Χριστὸς.

2029 1757 2156 1827 χθὲς
2179 1755 2274 1809 καὶ
2300 1756 2538 1827 σήμερον
2571 1757 2600 1807 ό
2628 1755 2810 1819 αὐτὸς,
2839 1755 2934 1808 καὶ
2962 1757 3041 1819 είς
3072 1755 3200 1819 τοὺς
3227 1757 3427 1822 αἰῶνας
3452 1757 3618 1810 ἀνα).-

353 1860 511 1915 turae,
543 1822 857 1905 sacerdotii-
887 1848 1134 1912 nomine,
1174 1847 1422 1903 meminit
1451 1849 1782 1918 Apostolus:
1841 1848 1922 1903 sic

2040 1822 2248 1910 loica-:6;
2295 1822 2582 1901 ἐστιίΚαὶ
2612 1847 2800 1918 ὥσπερ
2843 1846 2941 1918 τῆς
2980 1847 3092 1916 (28)
3146 1848 3618 1921 ἐνανθρωπήσεως

351 1943 518 1994 etiam
561 1956 669 1994 non
727 1941 819 1995 diu
868 1940 936 1995 de
983 1941 1102 2010 ejus
1136 1940 1428 1995 divinitate
1460 1941 1634 2004 siluit,
1671 1939 1765 1995 sed
1800 1955 1931 1995 mox

352 2031 602 2086 meminit
633 2031 901 2101 ejusdem,
933 2047 1042 2101 quo
1080 2045 1180 2086 nos
1226 2032 1430 2100 ubique
1482 2031 1736 2085 redderet
1767 2046 1930 2086 secu-

355 2138 470 2188 ros,
502 2123 804 2192 praesertim
836 2123 929 2176 ubi
955 2121 1024 2176 de
1051 2122 1170 2191 ejus
1219 2123 1524 2178 humilitate
1573 2121 1838 2191 loquitur,
1871 2129 1932 2176 ut

353 2214 532 2283 ipsius
557 2212 900 2267 altitudinem
925 2221 1320 2284 patet-namque
1367 2214 1711 2283 majestatem
1745 2214 1930 2268 statim

321 2321 830 2390 [cognosceremus
866 2306 1182 2376 Aitigitur:
1223 2306 1440 2375 Moyses
1476 2304 1742 2370 famulus,
1771 2302 1932 2358 Chri-

353 2405 476 2453 stus
532 2407 717 2453 autein
769 2396 944 2451 Filius
993 2397 1205 2451 erat“:
1249 2404 1303 2450 et
1361 2396 1452 2450 ille
1501 2395 1721 2465 quidem
1758 2394 1932 2448 ﬁdelis

351 2499 471 2546 erat
505 2491 558 2545 in
597 2491 783 2553 domo,
814 2489 917 2544 iste
947 2503 1078 2544 vero
1113 2504 1284 2558 super
1322 2487 1570 2551 domum.
1599 2497 1788 2557 utpote
1836 2486 1932 2556 qui

351 2597 474 2637 eam
529 2581 901 2646 aediﬁcaverit,
927 2579 1158 2650 ejusque
1197 2579 1454 2634 dominus
1505 2580 1578 2634 sit
1608 2594 1673 2634 ac
1723 2577 1930 2647 opifex,

353 2681 408 2729 et
435 2689 558 2728 eam
596 2681 857 2741 tanquam
911 2670 1169 2726 dominus
1203 2681 1447 2724 sanctam
1479 2669 1693 2725 efﬁciat.
1751 2669 1934 2740 Siqui-

352 2765 480 2820 dem
509 2763 748 2835 Moyses,
792 2764 885 2833 qui
935 2762 1100 2838 homo
1129 2771 1322 2815 natura
1352 2771 1490 2825 erat,
1519 2761 1694 2816 lidelis
1725 2769 1809 2816 est
1836 2760 1922 2815 fa-

355 2867 499 2919 ctus,
531 2871 657 2910 cum
689 2855 817 2921 Deo,
851 2855 942 2924 qui
974 2870 1069 2924 per
1085 2853 1323 2908 Verbum
1355 2855 1700 2924 loquebatur,
1741 2855 1933 2910 crede-

357 2959 472 3002 ret:
508 2945 747 3001 Verbum
778 2957 984 3008 autem,
1021 2961 1132 3000 non
1149 2945 1312 2999 veluti
1354 2960 1441 3000 res
1474 2944 1723 3016 quaedam
1755 2944 1921 3008 facta,

355 3046 480 3092 erat
523 3037 578 3091 in
607 3051 861 3106 corpore,
895 3045 992 3090 aut
1025 3045 1084 3091 ut
1121 3051 1210 3091 res
1255 3047 1440 3091 creata
1480 3037 1537 3090 in
1577 3044 1784 3100 creata,
1831 3036 1926 3092 sed

2028 1936 2194 1991 αὐτοῦ
2223 1935 2312 1991 διὰ
2337 1935 2439 2006 τῆς
2492 1935 2904 2007 ἀρχιερωσύνης
2959 1936 3286 2007 μνημονεύει
3317 1938 3546 2011 γράφων
3587 1941 3618 1993 ὁ

2040 2027 2497 2099 Ἀπόστολος’(ἳ9)
2515 2025 2656 2080 οὕτω
2672 2027 2765 2080 καὶ
2791 2025 2950 2080 πάλιν
2963 2029 3065 2081 οὐκ
3081 2027 3354 2098 ἐσιώπησε
3373 2031 3616 2103 μακρὰν,
3628 2087 3640 2099 ,

2027 2119 2145 2172 ἀλλ’
2170 2119 2330 2182 εὐθὺς
2362 2118 2490 2189 περὶ
2517 2117 2618 2186 τῆς
2651 2117 2900 2189 θεότητος
2919 2117 3081 2171 αὐτοῦ
3117 2119 3465 2190 μνημονεύει,
3485 2139 3621 2174 τισιν⁴

2027 2210 2194 2282 ταχοῦ
2221 2210 2318 2280 τῆς
2353 2209 2650 2278 ἀσφαλείας
2679 2209 2980 2280 γινόμενος,
3016 2209 3143 2264 ἔνθα
3168 2210 3402 2281 μάλιστα
3429 2211 3491 2265 τὸ
3519 2229 3622 2265 τα·

2030 2301 2211 2356 πεινὸν
2233 2301 2510 2372 ὀνομάζει,
2545 2300 2611 2352 ἵν’
2641 2297 2806 2364 εὐθὺς
2831 2301 2996 2354 αὐτοῦ
3037 2303 3136 2372 τὴν
3168 2301 3477 2373 ὑψηλότητα
3522 2305 3622 2357 καί

2029 2394 2130 2464 τὴν
2155 2392 2427 2464 πατρικὴν
2459 2391 2854 2462 μεγαλειότητα
2887 2389 3266 2462 γινώσκωμεν.
3292 2393 3431 2463 Φησὶ
3455 2392 3612 2460 γοῦνι

2043 2485 2102 2537 '0
2132 2483 2229 2556 μὲν
2261 2483 2466 2553 Μωσῆς
2487 2482 2767 2553 θεράπων,
2796 2483 2830 2535 ὁ
2864 2481 2920 2534 δὲ
2964 2481 3198 2551 Χριστὸς
3247 2483 3394 2546 Υἱός*
3431 2484 3624 2536 κάκεῖο

2030 2592 2121 2639 νος
2154 2575 2252 2643 μὲν
2277 2575 2468 2638 πιστὸς
2498 2575 2579 2638 είς
2603 2573 2696 2628 τὸν
2723 2569 2894 2638 οἷκον,
2925 2566 3079 2639 οὗτος
3119 2574 3176 2627 δὲ
3206 2573 3300 2626 ἐπὶ
3325 2574 3416 2628 τὸν
3447 2569 3621 2637 οἷκον,

2028 2666 2108 2730 ὡς
2134 2665 2296 2730 αὐτὸς
2325 2666 2485 2720 αὐτὸν
2515 2666 2950 2728 κατασκευάσας,
2987 2666 3081 2719 καὶ
3121 2666 3309 2738 κύριος
3340 2665 3506 2719 αὐτοῦ
3523 2668 3624 2720 καὶ

2031 2757 2361 2830 δημιουργὸς
2408 2757 2708 2828 τυγχάνων,
2768 2758 2862 2810 καὶ
2877 2757 2957 2820 ὼς
2995 2756 3126 2822 Θεὸς
3170 2757 3409 2826 ἁγιάζων
3434 2757 3620 2812 αὐτόν.

2042 2851 2103 2904 '0
2133 2851 2231 2923 μὲν
2256 2849 2364 2922 γὰρ
2407 2849 2633 2920 Μωσῆς,
2675 2849 2960 2918 ἄνθρωπος
2993 2847 3152 2919 φύσει
3181 2847 3276 2911 ὣν,
3300 2849 3488 2912 πιστὸς
3506 2849 3626 2917 ἐγέ-

2034 2960 2156 2997 νετο
2187 2943 2324 3012 (50),
2351 2941 2625 2997 πιστεύων
2656 2940 2733 3013 τῷ
2762 2941 2849 2994 διὰ
2875 2940 2970 2994 τοῦ
3005 2941 3178 3008 Λόγου
3201 2939 3449 2995 λαλοῦντι
3469 2941 3626 3012 αὐτῷ

2033 3032 2170 3102 Θεῷ“
2195 3033 2226 3085 ό
2254 3033 2311 3086 δὲ
2361 3033 2532 3100 Λόγος
2577 3031 2675 3101 οὐχ
2723 3030 2914 3100 ὥσπερ
2955 3047 3040 3094 τις
3064 3031 3171 3084 τῶν
3195 3032 3436 3100 γενητῶν
3463 3026 3530 3101 ἧν
3561 3034 3624 3084 ὲν

361 3127 509 3182 Deus
562 3135 683 3183 erat
739 3128 793 3180 in
849 3142 1039 3192 carne,
1098 3134 1154 3181 et
1205 3125 1385 3196 opifex
1440 3143 1506 3183 ac
1554 3126 1846 3182 fabricator
1876 3128 1930 3182 in

2040 3124 2268 3195 σώματι,
2299 3124 2419 3176 οὐδὲ
2440 3125 2514 3188 ὡς
2542 3124 2747 3192 κτίσμα
2775 3124 2830 3174 ὲν
2854 3121 3168 3192 κτίσμαστι,
3202 3121 3341 3175 ἀλλὰ
3387 3122 3520 3185 Θεὸς
3559 3124 3623 3176 ὲν

359 3233 526 3288 opere
582 3234 613 3272 a
653 3234 712 3273 se
749 3225 1089 3274 constructo.
1154 3217 1423 3273 Praeterea
1467 3219 1634 3290 378
1683 3220 1933 3275 homines

357 3328 528 3368 carne
555 3313 989 3376 circumdantur,
1036 3318 1099 3366 ut
1127 3310 1238 3365 sint
1277 3318 1332 3365 et
1371 3311 1708 3365 consistant:
1749 3319 1804 3365 at
1835 3309 1932 3365 Dei

360 3401 604 3460 Verbum
633 3405 797 3459 homo
826 3404 1004 3460 iactus
1040 3412 1144 3470 est,
1170 3414 1230 3458 ut
1263 3418 1487 3459 carnem
1531 3411 1778 3459 sanctam
1812 3402 1933 3457 red-

359 3493 553 3560 deret;
585 3502 640 3548 et
671 3493 764 3563 qui
791 3492 1055 3549 Dominus
1074 3502 1216 3561 erat,
1247 3493 1391 3548 servi
1422 3493 1652 3563 ﬁguram
1706 3506 1927 3547 assum--

358 3585 486 3654 psit.
552 3582 717 3638 Verbi
761 3584 906 3638 enim
943 3599 1099 3639 serva
1125 3591 1210 3638 est
1239 3599 1326 3638 res
1359 3583 1538 3638 omnis
1577 3593 1779 3646 creata,
1814 3596 1937 3652 quas

361 3673 433 3726 ab
475 3673 597 3742 ipso
641 3673 784 3726 facta
817 3680 873 3726 et
923 3673 1144 3726 condita
1181 3671 1307 3726 fuit.
1372 3671 1500 3727 Inde
1531 3687 1696 3743 porro
1722 3679 1938 3726 constat

362 3762 497 3816 illud
529 3762 600 3816 ab
631 3763 893 3831 Apostolo
925 3763 1152 3827 dictum,
1185 3762 1332 3832 fecit,
1371 3762 1598 3817 minime
1627 3762 1938 3832 signiﬁcare

361 3853 566 3908 factum
595 3852 766 3908 fuisse
799 3852 1052 3920 Verbum,
1088 3855 1184 3908 sed
1229 3869 1432 3924 corpus
1478 3855 1748 3908 duntaxat
1787 3852 1936 3923 quod

361 3943 542 3998 simile
574 3943 748 3997 nostri
776 3943 1020 4013 accepit:
1053 3943 1292 4014 hincque
1313 3941 1492 3999 factus
1527 3942 1713 4012 homo,
1756 3941 1926 3998 frater

356 4042 549 4087 uoster
577 4041 661 4088 est
687 4033 1012 4102 appellatus.

440 4305 528 4358 11.
551 4302 713 4371 Quod
739 4305 786 4359 si
810 4313 1092 4361 ostensum
1119 4313 1224 4372 est,
1264 4319 1390 4359 cum
1420 4304 1546 4375 quis
1571 4304 1637 4360 de
1670 4303 1788 4374 ipso
1804 4302 1940 4360 Ver-

367 4398 436 4452 bo
475 4397 729 4466 loquens,
757 4397 1046 4464 vocabulo,
1070 4397 1219 4466 fecit,
1257 4399 1448 4464 utitur,
1477 4413 1602 4452 eum
1635 4397 1765 4451 illud
1796 4397 1938 4462 loco,

2040 3215 2204 3288 σαρκὶ
2226 3215 2318 3268 καὶ
2341 3214 2687 3286 δημιουργὸς,
2714 3213 2806 3266 καὶ
2861 3213 3306 3284 κατασκευαστὴς
3335 3215 3392 3266 ὲν
3413 3212 3492 3284 τῷ
3522 3233 3627 3268 κα-

2038 3306 2460 3363 τασκευασθέντι
2521 3307 2613 3360 ὑπ’
2661 3303 2851 3360 αὐτοῦ.
2909 3306 3020 3359 Καὶ
3077 3306 3127 3358 οἱ
3187 3305 3288 3377 μὲν
3343 3304 3626 3377 ἄνθρωποι

2040 3399 2201 3453 ἕνεκα
2221 3399 2316 3452 τοῦ
2349 3395 2490 3452 εἶναι
2543 3398 2638 3451 καὶ
2685 3397 2981 3466 ὑφεστάναι
3034 3398 3210 3469 σάρκα
3267 3396 3629 3468 περιϐέϐληνο

2040 3507 2130 3542 ται
2158 3490 2289 3558 (5l)'
2321 3491 2351 3543 ό
2377 3488 2436 3542 δὲ
2467 3488 2560 3541 τοῦ
2587 3486 2719 3541 Θεοῦ
2747 3487 2918 3556 Λόγος
2945 3486 3106 3540 ’ἑνεκα
3131 3487 3225 3541 τοῦ
3255 3487 3498 3556 άγιάζειν
3523 3488 3626 3558 τὴν

2044 3581 2222 3652 σάρκα
2243 3579 2464 3650 γέγονεν
2485 3579 2580 3634 ἄνθ
2589 3596 2790 3650 ρωποςο
2815 3581 2908 3631 καὶ
2922 3577 3122 3651 Κύριος
3150 3577 3245 3643 ὢν,
3273 3580 3329 3631 ἐν
3349 3582 3414 3650 τῇ
3439 3582 3623 3650 μορφῇ

2041 3671 2135 3723 τοῦ
2165 3669 2350 3724 δούλου
2370 3667 2457 3742 ἦν·
2498 3669 2657 3740 δούλη
2715 3668 2824 3739 (32)
2875 3668 2985 3740 γὰρ
3026 3669 3122 3722 τοῦ
3175 3670 3350 3738 Λόγου
3409 3671 3443 3741 ἡ
3473 3672 3629 3726 πᾶσα

2043 3762 2237 3828 κτίσις,
2274 3765 2308 3834 ἡ
2341 3760 2472 3834 παρ’
2521 3761 2686 3814 αὐτοῦ
2733 3761 2997 3830 γενομένη
3049 3761 3142 3813 καὶ
3186 3761 3486 3831 ποιηθεῖσα.
3531 3763 3628 3815 Ἐκ

2041 3853 2099 3907 δὲ
2120 3856 2308 3906 τούτου
2343 3853 2690 3924 συνέστηκεν,
2719 3855 2801 3906 ὅτι
2825 3855 2919 3907 καὶ
2953 3855 3013 3906 τὸ
3048 3853 3338 3924 λεγόμενον
3367 3852 3520 3924 παρὰ
3545 3853 3628 3924 τῷ

2057 3943 2383 4016 Ἀποστόλῳ,
2439 3945 2749 4012 ἐποίησεν,
2783 3947 2845 3998 οὐ
2875 3945 3197 4016 ποιούμενον
3251 3945 3491 3999 δείκνυσι
3531 3945 3628 3999 τὸν

2043 4034 2237 4102 Λόγον,
2271 4035 2386 4089 ἀλλ’
2405 4037 2543 4106 ὅπερ
2574 4035 2764 4089 ἐλαϐεν
2783 4036 2967 4106 ὅμοιον
3012 4038 3146 4108 ἡμῖν
3179 4037 3289 4106 (55)
3343 4036 3519 4105 σῶμα·
3545 4035 3629 4088 διὸ

2046 4128 2139 4181 καὶ
2203 4127 2468 4197 ἀδελφὺςλ
2511 4127 2666 4199 ἡμῶν
2743 4129 3077 4202 ἐχρημάτισε
3163 4129 3454 4200 γενόμενος
3527 4129 3627 4182 ἄν·

2047 4216 2282 4289 θρωπος.

2119 4307 2206 4360 11.
2243 4309 2305 4360 Ei
2331 4307 2388 4360 δὲ
2415 4307 2701 4374 δέδεικται,
2737 4309 2840 4374 ὅτι,
2889 4309 2991 4364 κᾶν
3015 4311 3101 4364 ἐπ’
3123 4309 3284 4364 αὑτοῦ
3311 4310 3405 4364 τοῦ
3448 4309 3629 4376 Λόγου

2047 4399 2398 4470 τις(54)λέγη
2420 4400 2501 4464 τὸ,
2523 4400 2830 4467 ἐποίησεν,
2851 4401 2973 4454 ἀντὶ
2988 4400 3102 4465 τοῦ,
3123 4401 3436 4471 ἐγέννησε,
3453 4401 3624 4469 λέγει·

363 4488 569 4560 genuit,
607 4503 906 4559 usurpare:
935 4505 1102 4560 quam
1134 4491 1236 4555 illi,
1265 4505 1477 4560 quaeso,
1513 4506 1737 4560 pravam
1771 4492 1930 4544 inter-

2051 4488 2206 4542 ποίαν
2250 4487 2357 4559 ἄρα
2406 4488 2759 4560 παρεξευρεῖν
2801 4489 3043 4543 ἐπίνοιαν
3107 4490 3186 4544 ἔτι
3221 4490 3418 4560 μᾶλλον
3457 4507 3630 4543 κακο-

439 4717 487 4750 ³⁹
519 4716 812 4774 lThessal.
840 4733 892 4784 v,
919 4717 1010 4773 24.
1087 4718 1133 4750 ⁵⁸
1173 4717 1194 4772 l
1223 4717 1365 4774 Tim.
1397 4734 1457 4784 ιι,
1490 4718 1578 4773 11.
1653 4720 1696 4750 ⁶¹
1729 4717 1891 4773 Hebr.
1925 4735 2009 4781 tu,
2040 4720 2093 4774 5.

442 4903 555 4978 (25)
591 4905 682 4978 Sic
705 4906 929 4978 Soguer.
957 4905 1173 4961 Gobler.
1201 4906 1346 4962 Felc.
1382 4906 1409 4961 1
1457 4912 1512 4960 οε
1537 4904 1591 4959 4.
1625 4904 1726 4960 Alii
1759 4915 1942 4961 autem

362 4983 414 5028 ct
445 4976 613 5030 editio
642 4976 928 5044 C0mine|.,
958 4979 1116 5030 ποιεῖ.

443 5043 556 5116 (264)
592 5044 840 5116 Seguer.,
869 5043 961 5099 καὶ
987 5047 1069 5116 τό,
1101 5045 1241 5101 Editi
1290 5053 1345 5099 et
1374 5044 1488 5116 ialii
1535 5051 1629 5098 καί
1658 5044 1938 5116 omittunt.

370 5112 492 5186 Mox
523 5112 748 5186 Seguér.
784 5115 998 5171 Gobler.
1035 5115 1173 5170 Felc.
1212 5117 1235 5169 1
1268 5125 1323 5168 et
1358 5115 1411 5173 4,
1442 5114 1781 5184 ἀρνήσασθαι
1814 5116 1942 5167 ὲαυ-

369 5183 480 5257 τόν.
507 5183 618 5257 Alii
645 5194 699 5240 et
723 5187 878 5257 editi,
899 5186 1239 5257 ἀρνήσασθαι
1259 5186 1368 5257 γάρ
1397 5183 1608 5257 ἑαυτὸν.

441 5255 553 5324 (27)
585 5255 808 5324 Seguer.
846 5252 1067 5311 Gobler.
1094 5256 1240 5311 Felc.
1274 5252 1411 5309 ⁷[ει
1455 5253 1513 5318 4,
1557 5271 1741 5324 φησιν.
1797 5252 1944 5308 Editi

368 5332 425 5380 et
449 5326 563 5395 alii,
589 5325 812 5395 ἔφησεν.

439 5394 552 5465 (28)
575 5391 916 5467 Seguerian.,
938 5395 1074 5450 ἐστι·
1102 5397 1213 5449 Καὶ
1234 5395 1422 5467 ὥσπερ
1442 5395 1563 5465 τῆς.
1594 5391 1733 5448 Editi
1755 5402 1808 5448 et
1829 5394 1942 5459 alii,

369 5465 617 5537 tari-Aio
645 5467 736 5518 xui
771 5467 1010 5537 messapi.
1031 5467 1151 5537 τῆς.

443 5534 567 5605 (29),
587 5534 810 5605 Seguer.
847 5533 1066 5591 Gohler.
1087 5533 1238 5591 Felc.
1270 5536 1295 5589 1
1329 5545 1384 5589 et
1402 5534 1454 5598 4,
1474 5533 1702 5605 γράφων
1731 5534 1761 5588 ὁ
1792 5534 1943 5586 Παῦ-

369 5601 480 5688 ioc.
504 5601 868 5727 ρέιτῶπὰλιν.
900 5605 1069 5661 Paulo
1099 5618 1219 5678 post
1241 5608 1398 5660 iidem
1441 5601 1538 5675 pro
1570 5601 1715 5668 ἔνθα,
1747 5606 1946 5658 habent

369 5690 531 5727 ενταυ
568 5692 620 5727 α.

369 5690 620 5730 ενταυυα.

441 5746 550 5814 (50)
577 5747 826 5812 Semen,
857 5746 1063 5799 ἐγίνετο
1106 5745 1274 5800 Paulo
1303 5754 1420 5814 pos‘
1457 5744 1600 5800 Felc.
1643 5745 1697 5804 4,
1727 5762 1812 5809 τις
1835 5743 1942 5798 τῶν

2084 4921 2206 4957 ενντι
2213 4919 2338 4957 των.

2046 4921 2498 5047 τεῖἕῗῖἓῗέ-ηιεε.
2529 4989 2739 5047 omnes.
2770 4973 2946 5047 Editio
2966 4974 3257 5047 Gomnwl.,
3291 4974 3627 5047 περιϐέϐληη

2046 5063 2157 5100 ται.
2190 5045 2308 5117 Mox
2337 5043 2777 5117 Seguer.,_ive_>_¢a
2803 5046 2897 5099 τοῦ
2916 5045 3282 5117 ἁγιάζειντὴν
3309 5043 3506 5117 σάρκα,
3539 5043 3632 5114 γε-

2047 5133 2224 5240 γονὲν.
2255 5115 2448 5169 Czcteri
2466 5123 2520 5169 et
2539 5114 2886 5176 eJili,§vexsv
2905 5118 3000 5170 τοῦ
3030 5116 3278 5185 ἁγιάζειν
3301 5114 3398 5187 τὴν
3424 5117 3628 5187 σάρκα,

2048 5203 2143 5240 γεν
2181 5202 2357 5240 μενος.

2087 5202 2357 5248 ενομενος.

2048 5203 2357 5256 γενομενος.

2051 5325 2088 5327 _
2123 5257 2234 5326 (5‘2)
2269 5257 2506 5327 Angiic.,
2533 5255 2730 5327 δοῦλοι.
2783 5255 2984 5327 Ibidem
3031 5257 3280 5327 §eguer.,
3310 5255 3531 5327 Gobler.
3571 5263 3632 5327 et

2049 5325 2195 5408 Felc.
2218 5325 2274 5388 ⁷1,
2303 5329 2335 5397 ἡ
2362 5325 2680 5410 παρ’-αὺτοῦ
2710 5325 2994 5410 γενομένη.
3031 5325 3424 5410 Ειξξιίιεηὶιιιὲεζ
3449 5325 3631 5410 διἸαὺῖ

2051 5397 2146 5468 τοῦ
2179 5395 2464 5468 γενομένηζ
2490 5397 2656 5468 Paulo
2674 5405 2796 5468 post
2827 5395 3050 5468 Segucr.
3084 5396 3304 5468 Golder.
3335 5395 3481 5468 Felc.
3519 5397 3541 5448 1
3571 5405 3631 5468 e_t

2051 5467 2108 5538 4,
2147 5465 2441 5538 παραιτοῦ
2494 5465 2834 5520 ’Λποστόλου.
2885 5467 2990 5520 Alii
3021 5475 3076 5520 et
3129 5466 3284 5531 editi,
3341 5466 3494 5537 παρὰ
3547 5465 3631 5535 τῷ

2065 5535 2386 5608 Ἀποστόλῳ.

2123 5609 2233 5676 453)
2260 5605 2483 5676 Seguer.
2520 5607 2738 5678 Goliler.
2769 5615 2822 5660 et
2861 5605 3004 5661 Felc.
3034 5605 3084 5670 1,
3135 5607 3289 5678 ἡμῖν.
3326 5606 3521 5662 (Σαειρτὶ
3571 5613 3632 5658 et

2049 5678 2216 5730 editio
2241 5678 2503 5748 (Inlnmel.
2517 5719 2531 5742 ,
2559 5676 2738 5748 ἡμῶν.

2121 5749 2234 5814 (Si)
2279 5747 2500 5816 Si-guer.
2540 5745 2670 5814 R'eg.
2705 5758 2757 5802 et
2792 5747 2969 5802 Felt'k.
3006 5746 3060 5810 4,
3091 5747 3222 5819 λέγῃ
3248 5763 3259 5775 ·
3291 5746 3382 5800 alii
3412 5756 3467 5801 et
3496 5745 3588 5799 ed.
