3840 6220
363 320 468 378 133

924 319 982 374 S.
1026 318 1399 376 ATHANASII
1433 317 1584 378 OPP.
1625 318 1806 376 PARS
1844 319 1887 375 l.
1928 349 1997 360 —-
2038 317 2408 375 HISTOBICA
2445 315 2535 372 ΕΤ
2573 313 2989 373 DOGMATICA.

3509 319 3616 372 184

361 433 567 494 idcirco
611 431 752 487 idem
788 430 856 488 de
894 429 988 488 Dei
1013 431 1194 487 Verbo
1225 439 1371 487 esset
1397 431 1748 502 cogitandum
1773 450 1794 500 ;
1826 447 1914 486 net

2027 429 2134 484 οὐδ’
2162 429 2306 484 οὕτω
2358 429 2456 500 μὲν
2483 429 2650 500 ἐχρῆν
2681 428 2878 491 αὐτοὺς
2907 425 3130 482 τοιαῦτα
3160 428 3287 502 περὶ
3311 428 3405 483 τοῦ
3437 433 3615 501 Λόγου

361 525 508 581 enim
525 523 695 580 Filius
718 521 816 578 Dei
831 537 919 580 res
934 522 1078 578 facta
1092 530 1198 588 est,
1220 520 1559 579 sicutiJaceb
1583 542 1598 578 :
1613 538 1927 594 quanquam

359 623 604 688 possent,
636 616 683 671 si
722 615 918 671 vellent
958 615 1098 671 alios
1149 615 1513 686 interrogare,
1541 631 1649 670 non
1693 615 1930 685 amplius

357 709 627 778 desipere.
676 705 877 761 Verum
914 707 962 763 si
995 706 1101 762 ista
1140 723 1318 777 neque
1347 708 1414 763 de
1435 717 1630 762 natura
1663 722 1838 776 neque
1861 707 1930 761 de

358 808 512 854 ortus
531 799 800 869 principio
824 798 1152 869 intelligunt,
1175 815 1301 855 cum
1330 808 1510 854 tamen
1532 797 1703 854 Jacob
1733 809 1928 853 natura

356 900 574 946 creatus
604 890 676 946 sit
704 899 758 945 et
786 888 964 946 factus
987 931 1002 958 ,
1044 905 1115 945 an
1147 907 1258 946 non
1302 890 1511 947 furiose
1559 890 1734 960 magis
1761 905 1926 960 quam

356 982 607 1038 diabolus
657 982 902 1038 insanire
944 983 1161 1039 dicendi
1207 995 1338 1040 sunt
1369 985 1464 1056 qui
1495 1001 1580 1050 ea,
1609 999 1731 1054 qua:
1761 983 1926 1039 rebus

355 1083 553 1129 natura
597 1073 756 1129 faelis
803 1089 911 1129 non
955 1074 1160 1130 audent
1205 1076 1413 1133 similes
1445 1077 1517 1132 ob
1547 1076 1813 1132 dictiones
1843 1085 1927 1129 at-

356 1161 612 1226 tribuere,
649 1160 747 1215 Dei
774 1160 913 1216 Filio
960 1162 1063 1230 ipsi
1114 1161 1393 1234 aiiingant,
1421 1180 1657 1235 eumque
1689 1180 1801 1219 rem
1839 1163 1924 1218 fa-

353 1265 496 1308 ctam
537 1268 662 1310 esse
709 1254 1084 1313 contendant?
1123 1253 1190 1310 Et
1225 1271 1356 1311 vero
1387 1255 1536 1311 Isaac
1564 1272 1689 1312 cum
1720 1256 1925 1311 diceret

352 1346 476 1415 ﬁas,
538 1354 613 1413 et,
647 1345 770 1414 feci,
803 1359 906 1400 nec
931 1345 1260 1417 principium
1303 1357 1456 1404 ortus
1486 1347 1654 1404 Jacob
1681 1363 1780 1404 nec
1800 1348 1922 1418 ejus

353 1437 702 1508 significabat
754 1446 1029 1493 naturam.
1095 1437 1375 1508 Siquidem
1424 1449 1550 1510 post
1606 1441 1826 1510 triginta
1868 1449 1923 1496 et

352 1530 590 1598 amplius
628 1544 823 1597 annos,
865 1545 930 1584 ex
975 1545 1084 1600 quo
1108 1527 1278 1585 Jacob
1325 1541 1486 1588 natus
1513 1540 1650 1594 erat,
1679 1533 1794 1586 haec
1829 1533 1921 1588 ille

349 1613 549 1680 aiebat,
581 1613 676 1669 sed
706 1613 826 1683 ejus
859 1614 914 1668 in
949 1613 1176 1671 fratrem
1202 1625 1548 1686 potestatem,
1575 1631 1698 1687 quae
1727 1626 1920 1688 postea

347 1700 493 1757 facta
513 1711 616 1770 est,
645 1701 945 1757 indicabat.

2031 516 2124 572 τοῦ
2153 516 2290 571 Θεοῦ
2315 517 2418 570 κᾶν
2464 515 2830 587 ἐνθυμεῖσθαι·
2879 517 2942 569 οὐ
2975 517 3084 588 γάρ
3114 519 3260 572 ἐστιν
3310 521 3340 572 6
3368 520 3495 585 Υἱὸς
3516 522 3616 577 τοῦ

2030 608 2164 664 Θεοῦ
2187 610 2420 679 ποίημα,
2451 609 2527 672 ὡς
2554 609 2584 661 6
2613 607 2826 662 Ἰακώϐ·
2844 608 2985 678 πλὴν
3016 608 3267 663 ἐδύναντό
3290 628 3407 671 πως
3439 615 3611 668 meo-

2033 717 2204 771 μενοι,
2241 699 2438 770 μηκέτι
2470 701 2859 771 παραφρονεῖνο
2886 701 2936 752 εί
2969 698 3027 752 δὲ
3059 699 3232 753 ταῦτα
3252 701 3354 754 οὐκ
3392 703 3484 756 ἐπὶ
3507 705 3614 775 τῆς

2027 789 2234 854 οὐσίας,
2285 788 2407 842 οὐδὲ
2457 788 2552 842 ἐπὶ
2583 787 2683 857 τῆς
2721 789 2894 859 ἀρχῆς
2955 789 3054 860 τῆς
3101 790 3366 858 γενέσεως
3394 793 3612 865 λαμϐά-

2027 899 2196 944 νουσι,
2223 881 2399 935 καίτοι
2433 879 2572 934 κατὰ
2607 879 2768 948 φύσιν
2795 879 2946 944 όντος
2969 881 3064 935 τοῦ
3101 881 3292 937 Ἰακὼὸ
3313 884 3615 956 κτίσματος

2027 974 2122 1027 καὶ
2142 975 2442 1046 ποιήματος
2461 990 2476 1004 ·
2509 973 2625 1037 πῶς
2646 974 2706 1027 οὐ
2732 972 2890 1042 πλέον
2909 974 3002 1028 τοῦ
3031 974 3277 1030 διαὸόλου
3306 978 3609 1048 μαίνονται,

2024 1067 2072 1118 εί
2103 1065 2213 1136 ἄρα
2237 1064 2274 1119 ὃ.
2303 1065 2439 1135 μηδὲ
2481 1064 2594 1135 (20)
2645 1068 2758 1129 τοῖς
2812 1067 2972 1134 φύσει
3021 1071 3298 1140 γεννητοῖς
3335 1071 3612 1142 τολμῶσιν

2022 1159 2088 1211 ὲκ
2113 1157 2222 1212 τῶν
2249 1159 2450 1229 ὁμοίων
2473 1157 2674 1224 λέξεων
2714 1158 3032 1226 συνάπτειν,
3065 1159 3238 1214 ταῦτα
3262 1162 3341 1234 τῷ
3374 1164 3488 1235 Υἱῷ
3510 1164 3606 1218 τοῦ

2021 1249 2158 1304 Θεοῦ
2181 1251 2604 1322 προσπλέκουσι,
2621 1250 2869 1320 λέγοντες
2898 1251 3009 1322 (21)
3030 1253 3193 1306 αὑτὸν
3214 1255 3424 1327 ποίημα
3443 1253 3608 1322 εἷναι;

2026 1341 2220 1411 Ἔλεγε
2255 1342 2365 1414 γὰρ
2383 1344 2411 1395 ὁ
2445 1343 2650 1408 Ἰσαὰκ,
2678 1343 2870 1414 γίνου,
2892 1345 3008 1407 καὶ,
3042 1344 3322 1412 ἐποίησα,
3357 1344 3480 1399 οὔτε
3505 1347 3610 1417 τὴν

2023 1428 2193 1501 ἀρχὴν
2216 1431 2327 1500 (22)
2355 1431 2454 1502 τῆς
2482 1430 2750 1500 γενέσεως
2772 1431 2866 1485 τοῦ
2905 1431 3122 1500 Ἰακὼϐ,
3152 1432 3277 1487 οὔτε
3295 1435 3394 1506 τὴν
3415 1437 3609 1490 οὐσίαν

2019 1520 2184 1575 αὑτοῦ
2212 1523 2510 1593 σημαίνων⁸
2544 1522 2683 1594 μετὰ
2711 1524 2818 1595 γὰρ
2849 1524 3142 1595 τριάκοντα
3177 1528 3270 1580 καὶ
3300 1527 3481 1582 πλεῖον
3506 1529 3607 1600 ἔτη

2018 1613 2119 1682 τῆς
2163 1613 2428 1681 γενέσεως
2465 1613 2628 1668 αὐτοῦ
2654 1615 2827 1669 ταῦτα
2869 1615 3074 1685 ἔλεγεν⁸
3103 1617 3236 1671 ἀλλὰ
3273 1620 3372 1688 τὴν
3401 1623 3481 1683 είς
3511 1620 3610 1675 τὸν

2020 1701 2245 1770 ἀδελφὸν
2273 1699 2520 1766 ἐξουσίαν
2553 1703 2740 1767 αὐτοῦ,
2786 1704 2885 1775 τὴν
2919 1705 3056 1774 μετὰ
3083 1705 3254 1760 ταῦτα
3277 1708 3603 1779 γενομένην.

417 1794 505 1849 18.
538 1794 682 1864 Ergo
703 1795 874 1850 multo
915 1795 1095 1864 magis.
1130 1794 1327 1851 Petrus
1361 1811 1472 1850 non
1512 1795 1601 1852 his
1628 1795 1811 1852 verbis
1841 1796 1914 1852 si-

2095 1792 2178 1848 18.
2207 1793 2414 1848 Οὐκοῦν
2445 1794 2622 1866 πολλῷ
2653 1795 2850 1866 μᾶλλον
2877 1798 2904 1849 ὁ
2936 1796 3140 1868 Πέτρος
3173 1799 3232 1851 οὐ
3266 1801 3475 1871 ποίημα
3501 1801 3604 1871 τὴν

348 1885 626 1954 gnilicavit
658 1883 859 1940 factam
889 1899 1012 1940 esse
1043 1883 1198 1940 Verbi
1230 1893 1479 1938 naturam
1504 1902 1518 1939 :
1547 1885 1725 1955 ipsum
1751 1885 1921 1954 siqui-

347 1978 468 2032 dem
503 1976 702 2031 Filium
736 1976 831 2033 Dei
873 1993 995 2032 esse
1022 1984 1247 2031 noverat
1292 1974 1687 2046 confessusque
1721 1977 1920 2043 fuerat,

346 2084 470 2124 eum
498 2070 600 2124 ait:
633 2068 710 2124 Tu
731 2085 784 2124 es
797 2067 1064 2131 Christus,
1087 2065 1131 2123 F
1135 2068 1258 2121 ilius
1273 2066 1671 2134 Deivivenlis";
1693 2070 1783 2124 sed
1801 2071 1924 2138 ejus

347 2165 402 2217 in
439 2179 541 2219 nos
575 2163 862 2232 imperium
910 2170 964 2218 et
1004 2161 1342 2216 dominatum
1391 2176 1457 2216 ex
1501 2162 1671 2231 gratia
1713 2161 1920 2216 factum

344 2254 701 2326 intelligebat.
725 2252 862 2310 Hinc
903 2254 1067 2310 etiam
1100 2255 1217 2311 haec
1244 2254 1498 2319 dicendo,
1539 2253 1609 2310 de
1639 2261 1840 2310 aeterna
1867 2262 1920 2309 et

344 2355 568 2415 paterna
613 2345 736 2400 Filii
779 2345 874 2401 Dei
927 2345 1211 2402 divinitate
1253 2359 1363 2400 non
1410 2345 1582 2411 siluit,
1624 2346 1719 2401 sed
1767 2347 1920 2416 prius

343 2437 578 2504 dixerat,
623 2437 774 2493 illum
812 2438 868 2493 in
913 2453 1016 2493 nos
1066 2436 1328 2508 Spiritum
1375 2437 1630 2494 ell'udisse
1655 2439 1722 2492 ’³.
1752 2439 1916 2508 Atqui

344 2529 606 2599 Spiritum
639 2545 762 2585 cum
793 2538 1058 2599 potestate
1084 2529 1215 2584 dare
1242 2545 1351 2585 non
1377 2529 1456 2584 rei
1485 2540 1680 2584 creatae
1704 2540 1812 2597 est,
1835 2531 1919 2585 vel

342 2614 516 2681 factae,
550 2615 642 2670 sed
690 2613 785 2668 Dei
820 2613 1022 2668 donum
1051 2623 1161 2669 est.
1185 2610 1321 2667 Nam
1357 2628 1445 2668 res
1491 2621 1687 2669 creata:
1715 2623 1918 2670 sancta:

340 2707 562 2776 quidem
593 2707 903 2762 eliiciuntur
935 2722 966 2760 a
1001 2704 1212 2775 Spiritu
1256 2714 1481 2762 sancto:
1510 2705 1686 2762 Filius
1735 2715 1914 2762 autem

341 2814 450 2852 non
484 2806 708 2853 sanctus
728 2797 957 2852 ellicitur
977 2813 1005 2851 a
1030 2797 1236 2867 Spiritu
1263 2806 1478 2861 sancto,
1530 2799 1626 2855 sed
1654 2801 1769 2869 ipse
1788 2814 1912 2854 eum

338 2887 432 2940 dat
454 2887 731 2950 omnibus,
763 2889 994 2959 indeque
1014 2898 1158 2959 patet
1179 2904 1285 2944 non
1314 2902 1583 2957 creatum,
1605 2891 1700 2945 sed
1727 2907 1913 2945 verum

338 2976 519 3034 Patris
549 2995 669 3035 esse
693 2979 909 3034 Filium.
933 2983 985 3036 ls
1010 2981 1366 3038 nihilominus
1400 2984 1601 3054 quidat
1625 2983 1911 3054 Spiritum,

338 3072 457 3140 ipse
496 3087 714 3142 quoque
762 3071 938 3127 factus
980 3087 1105 3128 esse
1164 3073 1384 3132 dicitur.
1427 3073 1695 3130 Nimirum
1735 3075 1912 3130 factus

2021 1883 2208 1938 οὐσίαν
2232 1885 2325 1938 τοῦ
2365 1887 2538 1954 Λόγου
2585 1887 2866 1958 σημαίνων
2906 1887 3058 1942 ταῦτ’
3088 1888 3299 1958 ἔλεγενσ
3347 1891 3462 1961 ᾔδει
3489 1891 3604 1963 γὰρ

2021 1977 2182 2030 αὑτὸν
2215 1977 2341 2030 Υἱὸν
2370 1977 2463 2031 τοῦ
2495 1978 2630 2032 Θεοῦ
2663 1981 3030 2054 ὁμολογήσας·
3062 1984 3146 2038 Σὺ
3183 1980 3242 2038 εἷ
3264 1987 3297 2037 ὁ
3326 1985 3602 2052 Χριστὸς.

2021 2070 2054 2121 ό
2096 2068 2230 2134 Υἱὸς
2267 2069 2372 2124 τοῦ
2427 2069 2575 2125 Θεοῦ
2622 2070 2870 2140 ζῶντος·
2925 2074 3062 2129 ἀλλὰ
3114 2075 3211 2146 τὴν
3265 2077 3406 2129 κατὰ
3441 2077 3606 2146 χάριν

2025 2161 2334 2232 ποιηθεῖσαν
2366 2166 2461 2217 καὶ
2503 2167 2802 2238 γενομένην
2851 2167 2947 2221 καὶ
2990 2170 3069 2231 εἰς
3106 2169 3252 2240 ἡμᾶς
3283 2169 3448 2222 αὐτοῦ
3485 2170 3604 2239 (25)

2022 2252 2294 2323 βασιλείαν
2329 2257 2421 2310 καὶ
2458 2258 2769 2330 κυριότητα.
2805 2261 2916 2313 Καὶ
2934 2259 3043 2332 γὰρ
3070 2261 3242 2315 ταῦτα
3273 2261 3468 2331 λέγων,
3497 2265 3603 2316 οὐκ

2020 2347 2292 2419 ἐσιώπησε
2317 2350 2564 2422 περὶτῆς
2592 2352 2764 2406 ἀϊδίου
2797 2354 2893 2406 καὶ
2923 2355 3194 2426 πατρικῆς
3227 2354 3478 2428 θεότητος
3499 2354 3601 2408 τοῦ

2020 2438 2150 2491 Υἰοῦ
2182 2438 2276 2493 τοῦ
2304 2440 2436 2494 Θεοῦ
2464 2442 2604 2507 (24)·
2631 2443 2768 2497 ἀλλὰ
2796 2445 2888 2498 καί
2915 2444 3260 2516 προειρηκὼς
3282 2441 3371 2516 ἦν,
3393 2446 3472 2499 ὅτι
3502 2451 3602 2500 καὶ

2017 2531 2078 2584 τὸ
2110 2531 2336 2602 Πνεῦμα
2363 2533 2577 2603 ἐξέχεεν
2604 2534 2689 2603 ἐφ’
2713 2536 2881 2606 ἡμᾶς.
2908 2535 2980 2586 Τὸ
3011 2535 3068 2587 δὲ
3101 2536 3217 2605 μετ’
3243 2533 3488 2598 ἐξουσίας
3515 2534 3601 2586 δι·-

2017 2624 2243 2678 δόναιτὸ
2272 2626 2496 2697 Πνεῦμα
2526 2627 2589 2680 οὐ
2622 2628 2920 2698 κτίσματος
2950 2628 3070 2682 οὐδὲ
3103 2629 3405 2700 ποιήματός
3426 2630 3603 2692 ἐστιν,

2016 2716 2158 2769 ἀλλὰ
2199 2717 2332 2771 Θεοῦ
2360 2717 2552 2790 δῶρον.
2581 2718 2662 2772 Τὰ
2707 2719 2806 2790 μὲν
2851 2720 2962 2792 γὰρ
3004 2720 3278 2790 κτίσματα
3311 2720 3601 2789 ἁγιάζεται

2017 2809 2171 2881 παρὰ
2192 2809 2285 2864 τοῦ
2317 2811 2471 2880 ἁγίου
2496 2811 2809 2883 Πνεύματος
2831 2828 2844 2842 ·
2880 2814 2909 2866 6
2938 2812 2997 2866 δὲ
3028 2812 3156 2876 Υἱὸς
3183 2814 3281 2883 οὐχ
3302 2811 3602 2882 ἁγιαζόμε-

2017 2920 2104 2967 νος
2149 2904 2298 2976 παρὰ
2332 2903 2426 2957 τοῦ
2477 2897 2794 2976 Πνεύματος
2834 2904 2968 2976 (25),
3021 2905 3158 2960 ἀλλὰ
3201 2905 3400 2975 μᾶλλον
3434 2906 3604 2970 αὐτὸς

2013 2994 2186 3060 διδοὺς
2209 2995 2340 3049 αὐτὸ
2357 2998 2467 3060 τοῖς
2490 2997 2645 3060 πᾶσι,
2665 2995 2935 3050 δείκνυται
2961 2995 3036 3068 μὴ
3061 2997 3283 3066 κτίσμα,
3313 2995 3447 3048 ἀλλὰ
3467 2995 3601 3058 Υἱὸς

2015 3090 2264 3162 ἀληθινὸς
2279 3089 2372 3144 τοῦ
2385 3089 2597 3160 Πατρὺς
2620 3087 2716 3142 ὢν.
2745 3089 2891 3160 Πλὴν
2913 3089 2995 3143 ὅτι
3019 3091 3048 3141 6
3067 3089 3240 3150 διδοὺς
3264 3087 3324 3140 τὸ
3345 3085 3600 3154 Πνεῦμα,

335 3178 461 3218 esse
479 3165 621 3234 apud
647 3179 748 3220 nos
779 3165 1043 3223 Dominus
1067 3167 1267 3225 dicitur
1303 3169 1374 3224 ob
1416 3169 1710 3223 humanam
1742 3179 1904 3224 natu-

2022 3152 2164 3254 5(26)
2182 3152 2344 3245 αὐτὸς
2356 3152 2680 3251 λέγεταικαὶ
2697 3152 3046 3252 πεποιῆσθαυ
3066 3177 3396 3249 πεποιῆσθαι
3416 3152 3512 3248 μὲν
3535 3180 3600 3230 ὲν

335 3271 454 3310 ram
483 3273 497 3310 :
528 3255 620 3310 dat
657 3265 838 3312 autem
878 3257 1169 3328 Spiritum,
1204 3261 1333 3332 quia
1381 3259 1473 3314 Dei
1517 3258 1752 3315 Verbum
1801 3271 1902 3317 est.

335 3348 616 3419 Siquidem
644 3364 857 3420 semper
883 3349 984 3406 fuit
1021 3360 1075 3406 ot
1105 3362 1208 3419 est,
1243 3351 1593 3417 sicutFilius,
1622 3354 1694 3408 ita
1723 3363 1777 3408 et
1797 3353 1904 3405 Do-

335 3441 517 3497 minus
552 3451 603 3496 et
629 3457 880 3499 summus
914 3445 1159 3500 omnium
1204 3447 1521 3516 imperator,
1571 3446 1626 3500 in
1653 3448 1906 3502 omnibus

332 3530 479 3586 Patri
509 3532 726 3601 similis,
762 3536 1049 3605 omniaque
1082 3537 1288 3593 habens
1316 3553 1437 3608 quae
1459 3535 1636 3592 Patris
1663 3546 1813 3601 sunt,
1849 3546 1909 3592 ut

335 3623 452 3694 ipse
480 3623 620 3679 dixit
645 3623 686 3680 ¹·.
728 3622 847 3678 iam
891 3641 1044 3690 vero,
1072 3627 1118 3682 si
1160 3628 1356 3697 placet,
1395 3628 1557 3683 istud'
1581 3627 1908 3683 Proverbio-

334 3732 490 3770 rum:
522 3714 790 3772 Dominus.
816 3719 1011 3772 creavit
1035 3735 1114 3771 me
1139 3720 1350 3772 initium
1380 3720 1586 3774 viarum
1609 3737 1826 3774 suarum
1851 3722 1909 3774 in

333 3823 493 3875 opera
537 3823 634 3861 sua
655 3810 698 3874 ³,
731 3809 1085 3878 dispiciamus
1118 3829 1132 3864 :
1159 3826 1472 3879 quanquam
1511 3828 1635 3866 cum
1666 3811 1902 3867 Verbum

333 3915 447 3953 rem
487 3898 683 3956 factam
719 3917 827 3956 non
859 3917 980 3958 esse
1016 3903 1434 3966 ostenderimus,
1468 3905 1626 3973 plane
1657 3921 1758 3961 nec
1788 3923 1901 3960 rem

332 4001 573 4046 creatam
606 4008 728 4048 esse
760 3994 924 4048 simul
950 3993 1230 4061 probatum
1259 4005 1362 4050 est.
1392 3994 1540 4050 Idem
1572 3996 1717 4050 enim
1746 4005 1830 4051 est
1861 3998 1908 4052 si

333 4097 448 4136 rem
475 4082 675 4138 factam
707 4084 792 4139 vel
835 4096 1070 4139 creatam
1104 4083 1342 4140 dixeris:
1371 4087 1708 4156 proindeque
1747 4103 1908 4158 argu-

333 4183 520 4228 menta
562 4175 762 4244 quibus
796 4176 1058 4245 probatur
1089 4192 1214 4232 eum
1257 4193 1364 4232 non
1407 4192 1528 4232 esse
1559 4177 1782 4239 factum,
1810 4192 1904 4231 ea-

331 4266 454 4320 dem
483 4268 778 4322 ostendunt
815 4278 1054 4321 creatum
1086 4283 1194 4322 non
1221 4283 1364 4323 esse.
1394 4267 1663 4335 Quocirca
1699 4270 1902 4338 permi-

331 4374 454 4412 rum
506 4374 639 4414 sane
681 4368 767 4414 est
809 4359 929 4414 illos
966 4358 1132 4432 385
1178 4360 1563 4415 confirmanda
1616 4361 1908 4430 impietatis

2013 3277 2141 3346 ἡμῖν
2157 3273 2359 3346 Κύριος
2370 3274 2457 3326 διὰ
2487 3273 2548 3326 τὸ
2571 3271 2928 3344 ἀνθρώπινον,
2953 3272 3126 3336 διδοὺς
3143 3271 3218 3336 δὲ,
3250 3272 3330 3324 ὅτι
3345 3269 3436 3323 τοῦ
3456 3269 3596 3323 Θεοῦ

2012 3367 2182 3434 Λόγος
2199 3365 2361 3419 ἐστίν.
2393 3361 2502 3419 Ἦν
2525 3363 2633 3435 γὰρ
2661 3364 2747 3417 ἀεὶ
2774 3364 2870 3417 καὶ
2888 3364 3052 3427 ἔστιν,
3069 3361 3257 3434 ὥσπερ
3284 3361 3433 3424 Υἱὸς,
3450 3358 3599 3416 οὕτω

2014 3459 2110 3512 καὶ
2136 3457 2341 3526 Κύριος
2369 3456 2466 3510 καὶ
2496 3455 2874 3526 παμϐασιλεὺς
2895 3454 3002 3508 τῶν
3031 3454 3272 3517 πάντων,
3302 3454 3487 3524 ὅμοιος
3513 3449 3594 3504 ὢν

2014 3549 2156 3604 κατὰ
2209 3551 2388 3604 πάντα
2421 3547 2516 3603 τοῦ
2576 3546 2810 3618 Πατρὸς,
2855 3548 2948 3602 καὶ
2989 3548 3166 3601 πάντα
3218 3545 3288 3600 τὰ
3331 3544 3426 3598 τοῦ
3477 3544 3596 3598 Πα-

2013 3641 2142 3710 τρὸς
2175 3640 2284 3711 (27)
2318 3639 2478 3710 ἔχων,
2513 3640 2588 3704 ὡς
2635 3639 2854 3712 εἴρηκεν
2886 3640 3064 3703 αὐτός.
3099 3640 3237 3710 Φέρε
3277 3638 3459 3692 λοιπὸν
3493 3637 3593 3691 καὶ

2012 3732 2142 3785 αὐτὸ
2166 3732 2227 3785 τὸ
2250 3733 2307 3785 ὲν
2324 3735 2446 3796 ταῖς
2472 3732 2799 3804 Παροιμίαις
2819 3731 3105 3802 λεγόμενον
3123 3748 3137 3762 °
3167 3731 3370 3803 Κύριος
3405 3729 3593 3784 ἔκτισέ

2015 3840 2082 3894 με
2111 3823 2283 3894 ἀρχὴν
2312 3823 2446 3878 ὁδῶν
2474 3823 2660 3885 αὑτοῦ,
2690 3825 2768 3886 εἰς
2796 3822 2934 3894 ἔργα
2959 3821 3149 3888 αὑτοῦ,
3182 3821 3585 3894 θεωρήσωμεν

2012 3915 2060 3966 εἰ
2099 3914 2190 3967 καὶ
2240 3915 2472 3983 μάλιστα
2503 3914 2638 3987 (28),
2667 3913 2967 3984 δειχθέντος
3011 3913 3106 3967 τοῦ
3140 3913 3338 3982 Λόγου,
3383 3915 3466 3968 ὃτι
3511 3913 3591 3985 μὴ

2013 4006 2229 4076 ποίημά
2256 4007 2394 4072 ἐστι,
2436 4006 2723 4071 δέδεικται,
2758 4007 2842 4061 ὅτι
2877 4005 3009 4078 μηδὲ
3039 4005 3242 4076 κτίσμα
3270 4005 3408 4060 ἐστί.
3443 4004 3592 4060 Ταὺ-

2010 4099 2100 4151 τὸν
2125 4099 2234 4168 γάρ
2280 4100 2426 4152 ἐστιν
2455 4101 2626 4151 εἰπεῖν
2662 4100 2875 4170 ποίημα
2913 4099 3007 4152 καὶ
3045 4099 3280 4169 κτίσμα·
3314 4096 3455 4151 ὥστε
3491 4099 3590 4151 καὶ

2010 4184 2108 4253 τὴν
2138 4183 2412 4248 ἀπόδειξιν
2440 4186 2539 4257 τὴν
2564 4186 2692 4258 περὶ
2715 4185 2809 4239 τοῦ
2846 4186 2919 4256 μὴ
2953 4182 3090 4239 εἶναι
3120 4186 3228 4257 (29)
3250 4186 3460 4258 ποίημα
3488 4187 3590 4258 τὴν

2015 4273 2183 4345 αὐτὴν
2211 4270 2348 4327 εἶναι
2378 4275 2470 4328 καὶ
2501 4275 2629 4347 περὶ
2673 4276 2767 4328 τοῦ
2800 4275 2874 4346 μὴ
2913 4271 3055 4330 εἶναι
3107 4277 3331 4348 κτίσμα.
3371 4276 3463 4328 Διὸ
3491 4276 3589 4330 καὶ

2015 4363 2344 4434 θαυμάσειεν
2387 4365 2451 4418 ἄν
2479 4382 2563 4430 τις
2607 4367 2802 4430 αὐτοὺς
2841 4366 3185 4432 ἐπινοοῦντας
3223 4368 3433 4431 ἑαυτοῖς
3473 4367 3588 4439 (30)

405 4590 455 4622 ⁸⁸
474 4587 673 4644 Matth.
694 4605 802 4656 nr,
829 4590 916 4646 l6.
991 4593 1040 4623 ”
1061 4593 1184 4648 Act.
1220 4606 1280 4656 ll,
1309 4591 1398 4645 l7.
1478 4593 1496 4623 ¹
1522 4589 1678 4645 Joan.
1713 4605 1823 4655 ut,
1857 4590 1948 4645 15.
2022 4591 2048 4621 ’
2075 4567 2235 4644 Prov.
2260 4587 2486 4653 νιιι,22.

403 4765 518 4840 (20)
553 4764 779 4838 Seguer.
832 4767 1049 4840 Gobler.
1082 4767 1233 4840 Felc.
1277 4769 1310 4840 _l
1340 4839 1347 4840 ί
1383 4777 1437 4823 et
1471 4769 1524 4840 ti,
1554 4771 1632 4840 ,εἰ
1685 4768 1724 4822 ἃ
1749 4768 1901 4840 μηδέ..

2022 4773 2043 4840 ξ
2084 4766 2196 4838 (26)
2231 4765 2362 4840 Reg,
2413 4763 2814 4840 GoblerLEelc.
2853 4765 2963 4840 l_et
3001 4765 3055 4840 5,
3089 4767 3118 4819 6
3155 4764 3430 4840 omittunt.
3455 4763 3582 4840 Mox

332 4833 584 4910 Editi'el
630 4833 744 4903 alii,
777 4841 826 4892 εἰ
859 4837 1020 4910 ἄραᾶ
1058 4838 1214 4910 μηδέ.
1277 4837 1410 4893 Ibid.
1475 4838 1620 4894 Felc.
1672 4833 1904 4908 5,’γεν-

2022 4833 2234 4910 Seguer.
2256 4834 2852 4910 Goble‘rianrﬂlt‘elckm.
2892 4836 2917 4888 1
2953 4837 3086 4910 eti,
3109 4837 3202 4889 xui.
3228 4836 3581 4910 πεποιῆσθαι·

329 4923 533 4977 νητοις.

400 4979 513 5046 (“lli
543 4977 688 5034 Felc.
713 4979 765 5045 5,
796 4972 939 5033 οὗτοι
957 4980 1230 5047 λέγοντες.

402 5048 517 5116 (2'2)
555 5048 648 5103 Sic
683 5049 1332 5118 Seguecian.Goblerian.
1366 5047 1676 5102 Felckman.
1705 5049 1727 5102 1
1764 5059 1816 5102 et
1845 5049 1898 5103 5.

328 5119 398 5172 At
430 5121 522 5204 alii
554 5129 607 5172 et
628 5116 793 5204 editio
817 5119 1194 5204 ‘Cpinn'i‘el'q'o'b
1225 5118 1476 5204 cdte‘z'hv
1522 5119 1910 5204 dip'xﬁvfaulo

2022 5118 2267 5204 eam”;
2291 5117 2386 5170 τοῦ
2426 5116 2760 5204 Πνεῦμιξτοςζ

328 5199 450 5256 post
479 5190 701 5256 Segner.
731 5189 952 5246 Gobler.
984 5189 1226 5246 Felckm.
1265 5189 1290 5243 1
1328 5197 1384 5245 et
1413 5189 1468 5255 5,
1492 5189 1676 5245 πλέον.
1710 5191 1818 5246 Alii
1852 5200 1907 5244 et

326 5259 478 5318 editi,
507 5259 707 5314 πλεῖον.

400 5329 514 5400 (25)
550 5328 890 5400 Seguerian.,
923 5333 1002 5394 εἰς
1033 5331 1182 5400 ἡμᾶς
1208 5331 1424 5396 αὐτούς.

399 5399 512 5466 (24)
556 5397 894 5470 Se'guerian.,
945 5397 1212 5455 τοῦὙὶοῦ
1271 5404 1366 5456 τοῦ
1398 5401 1556 5458 Θεοῦ.
1595 5401 1650 5456 1η
1681 5403 1804 5456 aliis
1849 5411 1904 5456 et

325 5471 489 5539 editis
519 5471 672 5523 deest
717 5471 810 5524 τοῦ
839 5471 996 5524 Θεοῦ.
1033 5470 1154 5526 Mox
1187 5472 1507 5539 Segueria-n.
1561 5474 1903 5536 Gohlcrian.,

326 5555 382 5616 et
406 5538 716 5616 Felclfman.
750 5541 802 5607 1,
859 5542 940 5594 ὅτι
986 5543 1079 5596 καὶ
1125 5543 1195 5596 τὸ.
1219 5543 1468 5616 Πνεῦμα.
1507 5544 1612 5600 Alii
1650 5553 1704 5600 et
1749 5544 1900 5609 editi,

325 5611 408 5664 ὃτι
435 5610 496 5664 τὸ
521 5611 762 5680 Πνεῦμα.

399 5682 518 5758 (25).
541 5679 971 5758 ϐοϋῐιῖι·ἱπη;.-ρι
998 5681 1144 5758 Felc.
1171 5684 1221 5748 1,
1257 5689 1382 5755 περὶ
1413 5683 1512 5739 τοῦ
1565 5685 1900 5758 Πνεῦματος.

324 5751 384 5806 1ιί
401 5752 466 5807 lc.
497 5753 546 5820 ιι,
579 5753 726 5825 παρὰ
759 5751 850 5807 τοῦ
874 5753 1107 5824 Πατρός.

2009 4905 2338 4977 πεποιῆσθαι
2374 4905 2494 4977 μέν.
2524 4906 2630 4960 Alii
2683 4919 2812 4960 vero
2849 4916 2902 4961 et
2937 4907 3100 4973 editi,
3161 4907 3330 4962 semel
3373 4915 3585 4960 tantum

2005 4978 2206 5032 habent
2225 4977 2569 5047 πεποιῆσθαι.

2082 5048 2194 5116 (27)
2229 5046 2321 5102 Sic
2371 5044 2690 5112 Séguerian.
2747 5044 2908 5116 Βοὲς..
2953 5055 3008 5102 et
3043 5044 3356 5102 Felckman.
3400 5044 3456 5099 2.
3515 5045 3590 5100 Δι

2085 5187 2195 5324 (28)
2223 5184 2641 5257 δρειιθτίοη..ἐί
2674 5187 2766 5240 καὶ
2796 5184 2867 5238 τὰ
2901 5185 3154 5257 μάλιστα.

2085 5258 2172 5324 (29
2229 5257 2318 5312 Sic
2341 5257 2658 5322 Seguerian.
2690 5257 2904 5324 Anglic.
2952 5256 3153 5311 Gohler

2085 5254 2194 5326 (29)
2229 5254 2321 5312 Sic
2341 5257 2658 5322 Seguerian.
2690 5254 2913 5324 Anglic;
2952 5256 3170 5326 Gohler.
3214 5254 3358 5308 Felc.
3403 5254 3422 5307 l
3451 5264 3504 5326 et
3526 5256 3584 5316 .t,

2013 5341 2072 5382 ut
2096 5325 2157 5382 iet
2180 5326 2679 5396 Nanniusiegerat.
2711 5325 2815 5378 Alii
2871 5338 2924 5380 et
2952 5325 3341 5396 γεώιίεεξπείν
3369 5325 3587 5394 ποίημα

2009 5398 2281 5470 τὸνίαῦτρν
2309 5400 2382 5470 μὴ
2412 5390 2568 5450 εἶναι’
2594 5397 2687 5470 κα).
2725 5397 2852 5470 περὶ
2882 5395 2974 5449 τοῦ
3001 5396 3074 5470 μὴ
3104 5390 3260 5470 εἶναι,
3302 5405 3405 5470 etc.

2082 5468 2194 5536 (50)
2231 5465 2478 5537 Seguer.,
2509 5467 2730 5537 omittit;
2762 5465 3146 5537 tauroigMox
3190 5466 3332 5537 ieieni
3389 5465 3587 5529 habet,

2011 5534 2436 5609 αἰσχυνομένοις.
2465 5538 2670 5609 (Ibidem
2700 5535 2924 5609 Seguer.
2959 5535 3176 5609 Gobler.
3217 5534 3360 5609 Felc.
3395 5537 3418 5588 1
3449 5546 3505 5590 et
3530 5537 3588 5600 4,

2013 5604 2252 5672 ὲπῖτοῖς
2283 5608 2586 5678 γινομένοις
2620 5605 2741 5678 καθ’
2762 5605 3282 5678 ’ἑκαστον-ἐλέγχοις.
3315 5604 3473 5675 Begu,
3503 5623 3590 5674 γι-

2012 5680 2259 5749 νομένοις
2290 5675 2650 5748 καθέκάστην.
2672 5677 2777 5732 Alii
2813 5689 2866 5735 et
2885 5675 3036 5742 editi,
3077 5675 3422 5747 καθεκόωτην
3449 5693 3588 5745 γινο-

2016 5750 2213 5820 μένοις.
2258 5817 2278 5824 ρ
