3840 6220
219 317 328 372 183

1315 322 1574 380 ORATIO
1605 324 1652 380 ιι
1687 318 1971 383 CONTRA
2009 329 2331 388 ARIANOS.

3371 341 3477 398 186

218 434 524 504 προφάσεις
564 436 645 498 εἰς
681 432 957 499 ἀσέϐειαν,
1002 436 1096 490 καὶ
1137 437 1210 507 μὴ
1244 437 1667 509 αἰσχυνομένους
1707 441 1801 494 ἐπὶ

1916 458 2068 499 :ausa
2096 446 2246 500 varia
2287 430 2664 510 comminisci,
2681 435 2932 516 nolleque
2957 445 3137 504 allatis
3169 449 3360 504 cedere
3387 466 3478 504 ar-

217 528 335 588 τοῐς
373 525 686 595 γενομένοις
751 523 871 577 καθ’
922 524 1151 579 ἕκαστον
1212 527 1472 597 ἐλέγχοις.
1530 529 1800 601 Πρότερον

222 615 325 686 μὲν
380 616 490 688 γὰρ
534 615 790 669 ἐπενόουν
837 615 1054 686 ἀπατᾷν
1099 617 1494 690 πυνθανόμενοι
1530 621 1641 674 τῶν
1673 623 1802 674 ἀκε-

220 707 393 778 ραίων
413 722 426 735 ⁸
470 726 489 758 ι
533 708 589 762 '0
615 707 693 760 ὢν
724 705 816 759 τὸν
851 707 927 778 μὴ
956 707 1087 760 ὄντα
1119 710 1183 762 ὲκ
1206 710 1302 763 τοῦ
1335 710 1410 782 μὴ
1443 711 1593 776 ὂντος
1616 712 1801 785 ἐποίη-

219 812 334 860 σεν,
358 798 391 868 ἢ
417 799 508 853 τὸν
541 799 698 867 ὄντας
737 823 756 854 ι
795 808 912 869 καὶ,
946 825 966 858 ι
1013 809 1076 861 El
1099 805 1244 879 εἶχες
1270 811 1406 874 υἱὸν,
1443 811 1575 884 πρὶν
1603 815 1801 883 γεννή-

220 906 352 961 σῃςς
383 909 404 942 ι
433 893 510 957 ὠς
545 893 602 946 δὲ
632 895 742 978 (51)
779 897 1046 954 δέδεικται
1095 902 1252 978 τοῦτο
1305 902 1524 974 σαθρὸν,
1572 905 1800 976 ἐφεῦρον

217 983 428 1049 λέγειν’
467 1004 486 1035 ι
528 987 622 1038 Ἐν
653 969 717 1042 τε
763 991 1046 1061 ἀγένητον,
1085 993 1118 1064 ἢ
1165 971 1287 1058 δύος
1323 1015 1342 1047 ›
1377 969 1474 1048 εἶτ’
1521 998 1580 1048 ὲν
1614 969 1801 1068 *τούτῳ

217 1074 619 1146 διελεγχθέντες
671 1082 913 1152 συνῆψαν
961 1084 1151 1149 εὐθύς·
1199 1105 1216 1136 ι
1263 1087 1616 1152 Αύτεξούσιός
1661 1089 1796 1148 ἐστι,

219 1165 316 1217 καὶ
346 1167 588 1236 τρεπτῆς
622 1171 739 1224 ἐστι
773 1171 1024 1239 φύσεως;
1065 1194 1084 1225 ι
1133 1175 1291 1230 Ἀλλὰ
1325 1176 1676 1248 ἐκϐληθέντος
1709 1181 1801 1232 καὶ

215 1255 431 1323 τούτου,
467 1258 627 1313 πάλιν
671 1261 899 1333 ἐφεῦρον
944 1263 1154 1333 λέγειν·
1217 1269 1486 1334 Τοσούτῳ
1523 1271 1804 1336 κρείττων

217 1349 542 1416 γενόμενος
559 1349 679 1405 τῶν
699 1352 989 1422 ἀγγέλων.
1031 1357 1117 1420 Ὠς
1137 1357 1193 1410 δὲ
1215 1359 1309 1410 καὶ
1339 1361 1496 1413 τοῦτο
1519 1361 1550 1431 ή
1576 1360 1803 1432 ἀλήθεια

217 1437 488 1508 διήλεγξε,
529 1442 625 1496 νῦν
672 1444 856 1500 λοιπὸν
898 1449 1080 1503 ἐκεῖνα
1114 1451 1291 1505 πάντα
1339 1453 1681 1522 συνάγοντες,
1713 1454 1802 1509 διὰ

214 1527 313 1580 τοῦ
340 1532 641 1600 ποιήματος
663 1535 758 1588 καὶ
785 1537 1078 1607 κτίσματος
1104 1539 1238 1611 (52),
1261 1541 1360 1613 τὴν
1387 1543 1599 1614 αἵρεσιν
1625 1543 1804 1598 αὐτῶν

220 1625 481 1693 συνιστᾷν
509 1627 809 1694 νομίζουσι’.
860 1629 1029 1683 Πάλιν
1067 1631 1174 1702 γὰρ
1228 1634 1412 1687 ἐκεῖνα
1454 1635 1800 1706 σημαίνουσι,

218 1711 316 1762 καὶ
363 1711 464 1765 οὐκ
491 1713 811 1782 ἀφίστανται
842 1717 949 1771 τῶν
989 1721 1135 1774 ἰδίων
1181 1723 1497 1789 κακονοιῶν,
1550 1725 1621 1778 τά
1663 1727 1804 1780 αὐτά

1902 537 2194 605 gumentis.
2227 535 2474 604 Namque
2499 537 2678 606 primo
2711 538 2933 608 quidem
2975 539 3340 610 simpliciores
3363 543 3477 596 cir-

1899 628 2216 682 cumvenire
2252 631 2434 684 conati
2478 639 2628 692 sunt,
2660 629 2734 683 ita
2768 630 3166 700 interrogantes
3195 649 3210 686 :
3251 630 3355 698 Qui
3393 641 3479 687 est

1899 733 2098 774 eumne
2121 720 2215 788 qui
2249 736 2357 774 non
2391 730 2510 774 erat
2540 720 2670 774 fecit
2705 735 2770 775 ex
2801 736 2908 774 non
2942 722 3255 788 exsistente,
3290 739 3358 778 an
3383 723 3477 794 qui

1899 804 2061 858 erat?
2105 805 2188 872 Et,
2223 806 2532 861 habnistine
2585 807 2755 861 filium
2797 809 3117 877 priusquam
3151 812 3481 880 genuisses?

1901 895 2046 964 quod
2067 911 2187 950 esse
2219 895 2372 952 futile
2417 907 2478 952 ut
2510 897 2798 966 probatum
2825 906 2926 962 est,
2959 901 3122 953 aliam
3160 911 3289 956 sunt
3324 917 3478 956 eom-

1902 988 2070 1041 menti
2104 988 2486 1056 qnaestionem,
2519 1003 2734 1057 nempe,
2759 987 3012 1044 Unumne
3037 999 3246 1044 estnon
3275 989 3477 1044 factum

1902 1093 1970 1131 an
2006 1079 2159 1132 duo?
2193 1083 2286 1131 sed
2322 1079 2394 1132 ibi
2430 1094 2650 1148 quoque
2675 1079 2893 1144 devicti,
2925 1082 3084 1135 istam
3106 1097 3296 1136 rursus
3317 1097 3479 1136 exco-

1903 1169 2174 1238 gitavere:
2215 1167 2355 1223 Num
2400 1169 2554 1224 liberi
2585 1178 2670 1224 est
2706 1171 2920 1224 arbitrii
2960 1183 3275 1241 natumque
3303 1183 3480 1227 muta-

1901 1259 2249 1326 bilis?Quod
2305 1276 2425 1314 cum
2463 1261 2666 1330 pariter
2735 1261 3015 1329 explosum
3074 1260 3300 1326 fuisset,
3345 1261 3478 1315 illud

1900 1348 2144 1418 Apostoli
2169 1365 2450 1419 perperam
2481 1359 2610 1405 sunt
2640 1351 3000 1420 interpretati,
3030 1349 3198 1404 Tanto
3221 1361 3479 1421 praestan-

1904 1441 2009 1493 tior
2037 1439 2212 1508 [actus
2258 1441 2457 1510 angelis
2483 1442 2522 1496 ³.
2557 1439 2759 1496 Verum
2791 1458 2915 1497 cum
2941 1443 3046 1498 hoc
3072 1443 3233 1498 etiam
3261 1444 3477 1498 illorum

1900 1541 2267 1586 commentum
2307 1533 2619 1588 dissolverit
2657 1535 2892 1600 veritas,
2921 1533 3034 1603 jam
3068 1535 3253 1588 omnia
3288 1535 3377 1589 illa
3405 1536 3481 1589 si-

1903 1624 2017 1676 mul
2039 1623 2375 1692 colligentes,
2402 1624 2480 1678 rei
2518 1622 2673 1678 facta:
2693 1632 2747 1678 et
2771 1634 2966 1680 create
2993 1625 3292 1688 vocabulis,
3321 1641 3478 1680 suam

1903 1726 2123 1784 sperant
2139 1714 2463 1768 confirmare
2481 1715 2750 1769 haeresim.
2777 1713 2974 1769 Eadem
3000 1715 3144 1770 enim
3169 1716 3259 1769 illa
3283 1717 3478 1770 iterum

219 1801 482 1862 ποικίλως
502 1805 1052 1884 ἀντιμεταξάλλοντες
1075 1813 1167 1865 καὶ
1187 1815 1647 1886 μεταστρέφοντες
1666 1818 1798 1887 (55),

1916 1807 2230 1878 signiﬁcant,
2264 1821 2365 1861 nec
2405 1807 2570 1877 impia
2603 1823 2702 1862 sua
2731 1807 2991 1862 deserunt
3026 1821 3357 1873 commenta,
3385 1809 3481 1864 sed

216 1891 369 1955 ὅπως
394 1893 523 1956 ῐσως
542 1898 608 1967 τῇ
634 1899 876 1971 ποικιλίᾳ
901 1899 1057 1964 τινάς
1086 1903 1362 1974 ἀπατῆσαι
1388 1905 1706 1976 δυνηθῶσιν.
1738 1909 1800 1960 El

217 1981 315 2033 καὶ
345 1981 414 2034 τά
445 1984 679 2054 μάλιστα
709 1989 887 2041 τοίνυν
936 1992 1028 2043 καὶ
1051 1992 1118 2045 τά
1147 1996 1518 2065 προειρημένα
1557 1996 1667 2066 (54)
1698 1997 1805 2050 δεί-

218 2090 408 2128 κνυσιν
425 2078 604 2131 αὐτῶν
627 2081 719 2134 καὶ
739 2081 942 2152 ταύτην
962 2085 1061 2155 τὴν
1082 2085 1322 2140 ἐπίνοιαν
1348 2090 1580 2158 ματαίαν
1594 2106 1607 2120 ⁸
1632 2091 1798 2160 ὅμως,

216 2168 405 2238 ἐπειδὴ
435 2168 513 2238 τῷ
543 2172 609 2224 ἐκ
635 2173 743 2226 τῶν
777 2175 1090 2246 Παροιμιῶν
1128 2179 1276 2249 ρητῴ
1304 2180 1695 2252 τεθρυλλήκασι
1734 2184 1803 2238 τὰ

218 2260 520 2330 πανταχοῦ,
554 2263 646 2316 καὶ
678 2265 828 2335 παρά
857 2264 1070 2330 πολλοῖς
1102 2269 1216 2331 τοῖς
1238 2269 1492 2336 ἀγνοοῦσι
1525 2270 1624 2342 τὴν
1664 2273 1802 2343 Χρι-

220 2353 455 2406 στιανῶν
479 2354 660 2408 πίστιν
687 2357 901 2411 δοκοῦσί
923 2377 974 2411 τι
1005 2359 1206 2428 λέγειν,
1235 2363 1531 2430 ἀναγκαῖον
1557 2365 1648 2416 καὶ
1670 2366 1800 2418 αὐτὸ

219 2442 284 2496 τὸ
340 2444 526 2514 ῥητὸν,
555 2445 744 2518 ὥσπερ
786 2448 868 2512 τὸ,
915 2449 1140 2504 Πιστὸν
1177 2451 1320 2506 ὄντα
1364 2451 1442 2518 τῷ
1482 2453 1802 2522 ποιήσαντι

219 2534 430 2599 αὐτὸν,
471 2535 612 2590 οὕτω
643 2540 736 2591 καὶ.
771 2539 852 2600 τὸ,
882 2539 1105 2604 ἔκτισε,
1141 2542 1260 2595 καθ’
1293 2543 1453 2596 ἑαυτὸ
1479 2545 1590 2615 (55)
1615 2546 1801 2613 ἐξετά-

223 2641 342 2678 σαι·
381 2625 472 2689 i'v’,
517 2627 594 2690 ὡς
632 2629 691 2680 ἐν
727 2631 881 2691 πᾶσι,
909 2630 1002 2683 καὶ
1038 2632 1096 2683 ὲν
1138 2631 1312 2704 τούτῳ
1353 2633 1602 2706 δειχθῶσι
1636 2636 1802 2706 μηδὲν

221 2716 387 2771 πλέον
418 2717 634 2789 ἔχοντες
668 2719 702 2790 ἢ
743 2721 1062 2789 φαντασίαν.

294 2923 383 2980 19.
419 2925 530 2979 Καὶ
551 2925 746 2997 πρῶτά
772 2944 834 2995 γε
873 2927 1070 2999 ἴδωμεν
1102 2929 1244 3001 ἆπερ
1279 2929 1633 2984 ἐπιδεδώκασι
1662 2932 1801 2984 κατά

221 3016 323 3087 τὴν
349 3017 545 3089 ἀρχὴν,
575 3020 736 3089 ἡνίκα
763 3022 795 3090 ἡ
835 3021 1045 3091 αἵρεσις
1078 3021 1187 3092 (56)
1221 3021 1516 3076 ἐπλάττετο
1548 3025 1676 3095 παρ’
1703 3025 1801 3076 αύ-

1903 1935 1965 1974 ea
1996 1921 2145 1974 varie
2179 1929 2392 1975 mutant
2428 1931 2482 1976 et
2508 1930 2744 1987 vertunt,
2775 1931 2836 1976 ut
2875 1923 3089 1992 aliquos
3133 1924 3348 1994 possint
3385 1940 3480 1978 ra-

1903 1997 2094 2063 rietate
2128 2010 2180 2063 in
2206 2026 2447 2066 errorem
2478 2011 2756 2066 inducere.
2787 2011 3129 2083 Quapropter
3158 2014 3283 2068 licet
3307 2031 3369 2069 ex
3396 2014 3483 2068 bis

1902 2117 2023 2172 quae
2048 2102 2160 2176 jam
2191 2103 2330 2156 dicta
2368 2112 2517 2167 sunt,
2556 2120 2756 2157 vanum
2799 2105 2944 2159 hunc
2981 2106 3195 2159 illorum
3224 2115 3481 2160 conatum

1901 2208 2021 2247 esse
2035 2193 2381 2262 perspicuum
2409 2196 2510 2249 sit:
2533 2195 2656 2264 quia
2685 2206 2864 2249 tamen
2891 2196 3039 2250 illum
3065 2195 3481 2250 Proverbiorum

1902 2281 2078 2335 locum
2132 2282 2331 2350 ubique
2372 2283 2771 2337 circumferunt
2815 2294 2869 2338 et
2924 2284 3276 2354 pervulgant,
3319 2293 3486 2354 atque

1902 2372 2170 2442 plurimis,
2198 2375 2291 2442 qui
2333 2373 2661 2428 Christiana:
2701 2373 2825 2429 fidei
2863 2375 3038 2445 ignari
3082 2385 3231 2440 sunt,
3276 2377 3482 2446 aliquid

1901 2465 2083 2518 dicere
2117 2464 2396 2532 videntur;
2432 2479 2654 2520 necesse
2685 2475 2770 2520 est
2797 2466 3262 2536 quemadmodum
3295 2468 3363 2521 de
3397 2469 3482 2522 his

1902 2557 2104 2621 verbis,
2132 2557 2239 2622 Qui
2268 2559 2443 2628 fidelis
2489 2568 2568 2613 est
2605 2560 2652 2613 ei
2675 2561 2766 2630 qui
2810 2561 2933 2630 fecit
2972 2561 3125 2614 illum
3148 2562 3190 2628 ⁸,
3219 2562 3485 2617 disserui-

1902 2664 2046 2715 mus,
2081 2649 2160 2704 sic
2175 2659 2228 2704 et
2261 2650 2750 2715 istamdictionem,
2771 2655 2984 2717 creavit,
3019 2655 3246 2709 seorsim
3279 2669 3484 2724 expen-

1901 2740 2053 2804 dere,
2071 2748 2148 2804 ut,
2167 2740 2271 2795 boc
2296 2740 2348 2794 in
2371 2741 2492 2796 loco
2517 2741 2670 2796 sicuti
2689 2742 2740 2796 in
2767 2743 2888 2798 aliis
2905 2745 3181 2806 omnibus,
3201 2743 3485 2813 nihilpm-
3520 2749 3524 2754 ’

1903 2839 1986 2885 tcr
2011 2847 2156 2887 mera
2187 2833 2383 2887 mentis
2423 2845 2731 2888 commenta
2762 2834 2868 2888 sibi
2909 2849 3032 2889 esse
3069 2835 3479 2890 convincamur.

1974 2942 2062 2996 19.
2093 2941 2276 2998 Primo
2309 2958 2439 3014 ergo
2460 2943 2741 2999 videamus
2774 2961 3022 3015 quaenam
3051 2945 3226 3009 initio,
3261 2963 3383 3002 eum
3415 2948 3482 3000 ab

1905 3033 2039 3103 ipsis
2076 3035 2368 3105 fingeretur
2402 3034 2646 3102 breresis,
2681 3035 2852 3090 beatae
2881 3037 3157 3092 memoria:
3179 3038 3486 3092 Alexandro

220 3109 355 3175 τῶν,
382 3110 461 3180 τῷ
499 3112 776 3184 μακαρίτῃ
819 3111 1168 3184 Ἀλεξάνδρῳ.
1206 3114 1488 3185 Ἔγραψαν
1519 3115 1695 3168 τοίνυν
1717 3115 1803 3168 λέ-

1916 3124 2243 3180 tradiderint.
2263 3124 2387 3180 llaec
2411 3140 2604 3194 nempe
2629 3125 2702 3178 illi
2725 3126 3096 3195 scripserunt:
3122 3127 3351 3182 Creatus
3377 3137 3483 3190 est,

220 3217 445 3270 γοντες·
483 3202 701 3273 Κτίσμα
743 3204 910 3266 ἐστὶν,
941 3203 1052 3257 ἀλλ’
1084 3205 1181 3275 οὐχ
1227 3204 1302 3268 ὡς
1334 3205 1393 3258 ἓν
1421 3204 1528 3258 τῶν
1567 3207 1802 3276 κτισμά-

221 3309 364 3346 των’
394 3294 604 3364 ποίημά
634 3295 801 3356 ἐστιν,
837 3295 952 3347 ἀλλ’
983 3297 1080 3366 οὐχ
1108 3296 1183 3359 ὠς
1213 3295 1270 3348 ἒν
1306 3296 1412 3350 τῶν
1459 3297 1800 3368 ποιημάτων·

220 3385 476 3455 γέννημά
530 3387 696 3446 ἐστιν.
751 3386 866 3440 ἀλλ’
905 3387 1003 3457 οὐχ
1061 3387 1138 3451 ὡς
1173 3387 1232 3441 ἓν
1283 3388 1390 3441 τῶν
1419 3390 1798 3459 γεννημάτων.

223 3475 524 3531 Θεασάτϐω
561 3478 671 3549 (57)
701 3478 764 3549 δὴ
794 3479 1021 3542 ἕκαστος
1056 3479 1117 3531 τὸ
1159 3480 1464 3552 πανοῦργον
1508 3483 1602 3535 καὶ
1633 3481 1803 3534 δόλιον

223 3568 326 3638 τῆς
359 3570 623 3641 αἱρέσεως
647 3569 850 3641 ταύτης
868 3587 882 3601 ·
908 3571 1076 3624 εἰδυῖα
1103 3571 1212 3643 γάρ
1236 3571 1296 3624 τὸ
1325 3573 1518 3642 πικρὸν
1545 3573 1644 3643 τῆς
1672 3573 1804 3636 ἰδίας

225 3662 966 3735 κακοφροσύνης,καλλωπίζε
975 3682 1020 3716 ιν
1033 3663 1227 3734 ἑαυτὴν
1240 3663 1479 3733 βιάζεται
1493 3665 1806 3736 πιθανότητι

228 3756 510 3826 ῥημάτωνο
534 3757 629 3809 καὶ
661 3756 808 3824 λέγει
829 3755 946 3826 μὲν,
976 3757 1111 3828 ὅπερ
1127 3759 1332 3827 φρονεῖ,
1359 3757 1440 3809 ὅτι
1467 3756 1578 3826 (58)
1607 3757 1808 3827 κτίσμα

226 3849 369 3912 ἐστὶ,
405 3848 616 3916 νομίζει
645 3849 704 3902 δὲ
733 3849 987 3902 δύνασθαι
1020 3849 1281 3920 κρύπτειν
1314 3848 1511 3919 ἑαυτὴν
1534 3850 1590 3902 ἐν
1619 3849 1696 3920 τῷ
1718 3849 1805 3902 λέ·-

224 3956 363 4010 γειν·
398 3940 535 3993 Ἀλλ’
570 3940 668 4010 οὐχ
700 3940 771 4004 ὡς
795 3940 852 3992 ἒν
869 3940 976 3993 τῶν
1005 3941 1336 4011 κτισμάτων.
1353 3939 1560 3994 Μᾶλλον
1587 3941 1642 3993 δὲ
1667 3941 1808 3994 οὕτω

227 4031 562 4102 γράψαντες,
600 4030 690 4084 διά
739 4031 942 4085 τούτων
969 4031 1080 4103 (59)
1117 4031 1278 4084 πλέον
1315 4030 1548 4102 ἤλεγξαν
1602 4031 1810 4086 ἑαυτῶν

225 4119 326 4189 τὴν
359 4120 636 4174 ἀσέϐειαν.
687 4121 750 4173 Εἰ
777 4119 884 4190 γὰρ
921 4120 1057 4184 ὅλως
1084 4120 1204 4174 καθ’
1238 4121 1381 4190 ὑμᾶς
1425 4121 1630 4192 κτίσμα
1667 4122 1806 4188 ἐστὶ,

226 4207 348 4271 πῶς
375 4208 732 4280 ὑποκρίνεσθε
766 4208 1031 4276 λέγοντες,
1072 4209 1209 4262 Ἀλλ’
1241 4211 1338 4279 οὐχ
1362 4209 1437 4273 ὡς
1468 4209 1527 4261 ἓν
1551 4210 1658 4263 τῶν
1684 4229 1804 4265 κτι-

229 4301 494 4371 σμάτων;
535 4302 628 4355 καὶ
658 4302 769 4373 (40)
799 4303 848 4355 εἰ
880 4302 1015 4366 ὅλως
1051 4302 1262 4374 ποίημά
1296 4303 1430 4368 ἐστι,
1468 4302 1586 4366 πῶς
1607 4304 1704 4374 οὐχ
1732 4303 1808 4367 ὡς

304 4440 326 4472 ⁸
353 4438 516 4494 Hebr.
547 4453 588 4503 t,
621 4439 674 4493 4.
753 4439 776 4471 ⁸
799 4439 963 4494 Hebr.
998 4455 1079 4503 In,
1101 4438 1156 4493 2.

305 4581 421 4650 (51)
452 4577 545 4650 Sic
575 4575 800 4650 Seguer.
831 4576 1050 4650 Gobler.
1081 4575 1226 4650 Felc.
1253 4575 1309 4650 1Δ
1335 4584 1389 4650 et
1419 4575 1472 4629 5.
1501 4575 1571 4629 At
1600 4573 1811 4650 inaliis
1845 4577 1887 4631 D

230 4661 290 4709 et
317 4645 480 4704 editis
507 4645 669 4702 deest’
705 4647 783 4700 δέ.
839 4646 963 4702 Mox
1004 4646 1149 4702 Felc.
1177 4645 1232 4710 4,
1287 4645 1567 4717 ἀγένητον.
1606 4645 1711 4698 Alii
1760 4653 1816 4698 et

229 4723 387 4784 editi,
417 4719 729 4787 ἀγέννητον.

309 4783 423 4855 (52)
455 4783 546 4843 Sic
572 4783 795 4856 Segner.
829 4786 962 4856 lieg.
987 4785 1169 4842 Basili.
1200 4784 1417 4840 Gobler.
1449 4783 1592 4837 Felc.
1616 4783 1649 4856 _l_
1679 4793 1729 4856 et
1757 4784 1813 4837 4.

233 4852 341 4916 Alii
365 4874 496 4913 vero
518 4867 572 4912 et
609 4852 738 4911 editi
768 4852 1046 4920 omittunt,
1102 4856 1194 4909 xui.
1245 4855 1560 4926 κτίσματος.
1614 4852 1816 4908 Ibidem

232 4932 381 4988 Felc.
417 4931 472 4990 4,
502 4928 599 4998 τὴν
623 4927 1085 4998 αῖρεσινίὲαυτῶν.

306 5001 419 5071 (55)
449 4993 696 5071 Gobler.;
726 5007 779 5071 et
811 4997 954 5052 Fele.
987 4996 1268 5071 i_ad_dun_t,
1301 4993 1688 5071 καὶλὲγρντες.
1715 4993 1818 5071 Ibi-

233 5063 359 5127 dein
387 5063 612 5138 Seguer.
647 5066 890 5138 Gobler.,
930 5076 983 5138 et
1021 5065 1162 5138 Felrc.
1206 5066 1233 5118 1
1295 5076 1360 5138 ει
1395 5063 1604 5138 Anglic.
1655 5065 1814 5138 omit-

233 5153 383 5226 tunt,
436 5131 602 5226 ἕξπως.
657 5136 790 5207 Reg.
867 5137 1051 5203 habet,
1103 5137 1251 5198 ὅπως
1301 5137 1389 5206 τῇ.
1449 5131 1613 5197 Editi,
1664 5133 1814 5197 ὅπως

233 5215 927 5355 [σιξξιῖἓοεδιιετλϐοὒιετε
948 5274 1102 5355 Felc.‘
1131 5275 1155 5329 1
1190 5282 1245 5329 ει
1293 5274 1347 5336 1,
1380 5273 1559 5355 τοίνυν
1589 5269 1813 5355 καὶ...τά

234 5342 630 5422 προειρημένα.
663 5347 817 5415 Reg,
845 5345 1022 5398 τοίνυν
1046 5344 1117 5398 τά
1155 5344 1545 5425 προειρημένα,
1587 5342 1730 5394 Editi
1757 5350 1812 5394 et

234 5424 352 5484 alii,
408 5420 587 5473 τοίνυν
625 5417 1036 5492 προειρημένα.
1087 5415 1427 5492 P_au|o__.post
1481 5415 1702 5492 beguer.
1746 5421 1815 5491 ft

237 5492 400 5560 Beg.,
459 5492 524 5542 ὲκ
581 5484 700 5541 τῶν
740 5484 1075 5558 Παροιμιῶν.
1121 5484 1180 5538 ln
1230 5485 1351 5539 aliis
1391 5492 1446 5538 et
1495 5484 1656 5538 editis
1705 5484 1813 5534 τῶν

232 5565 428 5698 de“(3.3%)
491 5627 754 5698 Seguer..
803 5625 1134 5698 meftauca.
1188 5623 1541 5698 Gobler.,_el_
1579 5621 1724 5698 Felc.
1757 5620 1810 5685 1,

203 5734 208 5742 -
236 5693 358 5757 καθ’
387 5693 618 5754 ἑαυτῶν.
653 5697 758 5751 Alii
786 5709 841 5751 et
868 5697 1032 5752 editio
1055 5695 1344 5760 Comtncl.,
1372 5693 1492 5747 καθ’
1524 5693 1733 5746 ἑαυτόν.

308 5769 424 5843 (56)
466 5771 715 5840 Seguer.,
744 5767 896 5838 ὅπερ.
931 5766 1052 5824 Mox
1101 5764 1348 5835 Seguer.,
1377 5773 1429 5822 et
1462 5761 1617 5834 Reg,
1647 5761 1809 5834 ἡνίκα

1909 3217 2002 3271 sed
2036 3233 2142 3270 non
2173 3225 2231 3270 ut
2257 3232 2362 3270 una
2395 3231 2425 3272 e
2463 3217 2626 3271 rebus
2645 3216 2878 3272 creatis:
2908 3218 3086 3272 factus
3107 3227 3210 3284 est,
3245 3219 3337 3273 sed
3375 3235 3482 3273 non

1909 3318 1966 3362 ut
1991 3324 2100 3362 una
2123 3323 2154 3362 e
2187 3309 2349 3362 rebus
2374 3309 2564 3363 factis:
2592 3308 2809 3379 genitus
2843 3319 2946 3374 est,
2968 3310 3060 3363 sed
3090 3323 3196 3362 non
3226 3319 3283 3363 ut
3319 3325 3425 3362 una
3452 3325 3482 3362 e

1907 3399 2072 3454 rebus
2096 3399 2310 3469 genitis.
2329 3398 2588 3465 Quilibet,
2611 3413 2816 3467 quaeso,
2837 3398 3079 3452 attendat
3107 3399 3172 3452 ad
3194 3397 3484 3452 artiﬁcium

1911 3490 2162 3545 dolumve
2193 3489 2420 3559 hujusce
2455 3489 2705 3554 haeresis;
2751 3505 2872 3559 qua:
2910 3504 3034 3543 cum
3077 3504 3184 3543 non
3215 3490 3488 3560 ignoraret

1913 3599 2076 3653 quam
2126 3598 2308 3636 amara
2351 3591 2497 3637 esset
2541 3581 2705 3651 impia
2739 3595 2837 3635 sua
2887 3581 3154 3645 doctrina,
3193 3580 3484 3634 verborum

1913 3675 2039 3731 fuco
2069 3691 2188 3730 sese
2209 3690 2473 3729 exornare
2520 3677 2638 3730 nisa
2676 3684 2778 3740 est,
2816 3675 2888 3728 ita
2915 3687 2971 3728 ut
2994 3673 3044 3726 id
3076 3673 3314 3742 quidem,
3341 3673 3488 3742 quod

1913 3767 2198 3831 sentiebat,
2222 3776 2653 3836 promeret,eum
2685 3767 2894 3822 scilicet
2913 3774 3153 3820 creatum
3176 3779 3315 3826 esse,
3347 3765 3490 3834 seip-

1912 3875 2029 3915 sam
2065 3870 2244 3913 autem
2270 3859 2544 3913 occultare
2561 3858 3069 3921 arbitraretur,cum
3099 3857 3485 3926 subjungeret:

1917 3953 2008 4007 sed
2039 3968 2146 4006 non
2190 3961 2247 4006 ut
2284 3967 2388 4005 una
2431 3955 2474 4006 ε’
2504 3951 2667 4006 rebus
2690 3951 2909 4006 creatis.
2937 3948 3138 4004 Verum
3173 3947 3488 4017 bujusmodi

1917 4044 2097 4099 verbis
2122 4058 2275 4097 suam
2304 4044 2540 4112 apertius
2569 4040 2942 4112 patefecerunt
2968 4042 3316 4111 impietatem.
3352 4037 3488 4093 Nam

1914 4137 1960 4192 si
1985 4135 2283 4191 secundum
2316 4150 2414 4189 vos
2447 4145 2664 4189 creatus
2688 4135 2846 4203 plane
2877 4142 2980 4198 est,
3013 4149 3112 4188 cur
3142 4132 3494 4188 simulatione

1913 4227 2127 4283 utimini
2154 4228 2436 4290 addentes,
2473 4225 2565 4280 sed
2610 4241 2717 4280 non
2757 4235 2814 4279 ut
2855 4241 2964 4280 una
2998 4239 3029 4280 e
3062 4224 3223 4278 rebus
3257 4221 3493 4278 creatis?

1915 4322 1963 4378 si
1992 4323 2123 4377 item
2142 4336 2269 4375 vere
2292 4319 2470 4375 factus
2491 4328 2594 4386 est,
2622 4317 2753 4390 quid
2782 4318 2914 4373 illud
2939 4316 3226 4389 significat,
3254 4316 3349 4372 sed
3383 4329 3493 4369 non

1918 4574 1951 4644 ἡ
1977 4571 2206 4644 αἵρεσις.
2233 4568 2373 4623 Editi
2402 4569 2623 4644 aliique,
2653 4569 2818 4644 ἡνίκα
2850 4566 2944 4620 κα)⁹
3033 4567 3260 4644 αἵρεσις.
3287 4565 3490 4644 Ibidem

1922 4636 1975 4696 in
2014 4636 2144 4694 mss.
2173 4641 2423 4709 Segucr.,
2456 4636 2699 4708 tat—Reg.)
2733 4641 2847 4692 haec
2893 4636 3183 4709 verbaﬂrq)
3217 4636 3494 4709 μακαρίτῃ

1934 4708 2285 4780 Ἀλεξάνδρῳ,
2324 4721 2468 4780 recte
2502 4710 2811 4780 referuntur
2839 4708 3325 4780 adpraecedentia,
3354 4716 3414 4760 ut
3438 4717 3495 4760 et.

1921 4783 2135 4836 videtur
2159 4778 2355 4849 legisse
2381 4778 2646 4844 Nannius,
2673 4779 2764 4848 qui
2796 4778 2974 4840 vertit,
2999 4793 3118 4846 quae
3148 4792 3238 4844 per
3272 4778 3489 4849 idum-

1921 4854 2086 4921 poris,
2121 4845 2242 4904 cuni
2279 4851 2378 4902 ista
2407 4851 2616 4902 lim-esis
2641 4845 2802 4921 abiis
2822 4849 3122 4921 ﬁngeretur,
3142 4848 3296 4921 Δαριιιι
3327 4845 3494 4921 beata:

1924 4914 2192 4974 memoria?
2228 4921 2588 4973 Alexandrum
2641 4920 2752 4972 suis
2796 4914 3005 4985 scriptis
3029 4917 3325 4985 ediderunt.
3350 4914 3494 4985 Seri-

1922 5001 2136 5060 pserunt
2166 4991 2326 5052 enim,
2357 5003 2459 5043 etc.
2487 4991 2552 5041 At
2577 4990 2630 5041 in
2664 4983 2910 5060 editione
2928 4984 3220 5060 Parisiensi
3251 4993 3304 5038 et
3325 4983 3489 5040 Colo-

1921 5054 2097 5115 niensi
2127 5061 2264 5113 male
2284 5061 2585 5128 junguntur
2608 5073 2730 5128 cum
2765 5054 3272 5128 'Eypadavgot'vuv.

1992 5131 2101 5199 (57)
2143 5123 2652 5200 δεκαετηνθεάσθω.
2683 5123 2901 5181 Gobler.
2956 5123 3014 5180 et
3055 5123 3200 5179 Felc.
3255 5125 3308 5191 1,
3367 5123 3492 5177 θεά-

1915 5200 2131 5255 σασθαι.

1990 5273 2102 5341 (58)
2167 5269 2260 5325 Sic
2314 5267 2566 5339 Seguer.,
2597 5275 2652 5322 et
2678 5265 2825 5322 Felc.
2883 5265 2938 5319 Δ».
2992 5263 3048 5317 In
3099 5263 3222 5319 aliis
3245 5273 3300 5319 et
3327 5264 3492 5319 editis

1919 5341 2070 5397 deest
2125 5341 2221 5392 ὅτι.
2443 5357 2454 5368 ·

1991 5413 2101 5479 (59)
2133 5410 2382 5479 Seguer.,
2438 5407 2652 5479 Μᾶλλον
2695 5407 2804 5478 γὰρ
2847 5405 2941 5460 καὶ
2985 5403 3129 5459 οὕτω
3181 5405 3494 5478 γράψαντες

1921 5478 2080 5534 πλέον
2109 5478 2341 5550 ἤλεγξαν
2364 5479 2450 5533 διὰ
2480 5478 2702 5550 τούτων.

1991 5552 2103 5624 (έο)
2131 5541 2231 5624 "Sic
2257 5541 2478 5624 tltss..At
2506 5552 2557 5624 in
2575 5546 2850 5624 editisuai
2875 5547 3059 5624 deest;
3083 5543 3219 5624 __M_ox
3260 5541 3490 5624 δεμες.

1922 5632 1975 5677 ει
2000 5614 2150 5675 Ἔθις.
2174 5619 2230 5681 4,
2269 5622 2326 5675 ἐν
2363 5615 2443 5682 οἷς
2475 5617 2681 5672 καὶτὸν
2731 5617 2828 5683 ἰόν,
2864 5627 2968 5674 etc.
3021 5615 3160 5671 Editi
3199 5627 3251 5671 et
3271 5614 3384 5678 alii,
3429 5614 3490 5665 ὲν

1918 5687 1950 5765 ᾖ
1981 5691 2094 5757 καί,
2125 5700 2227 5745 etc.
