3840 6220
294 285 392 340 191

903 287 961 343 S.
1003 286 1374 343 ATHANASII
1413 288 1548 345 OPP
1610 288 1793 344 PARS
1828 287 1871 344 1.
1914 319 1982 328 -
2020 287 2395 343 ιιιδτυῐιιοε
2433 286 2523 343 ΕΤ
2562 286 2984 348 DOGMATICA.

3445 288 3557 345 192

286 407 461 475 possit
497 405 800 475 producere
840 415 1176 462 creaturam:
1204 416 1349 462 certe
1371 407 1513 462 idem
1553 409 1620 463 de
1645 408 1872 480 singulis

1993 409 2290 480 ιιουργεϊνς
2320 408 2384 461 El
2434 407 2492 460 δὲ
2528 406 2735 478 κτίσμα
2765 406 2840 460 ὣν
2888 407 3211 479 δημιουργεῖ
3256 406 3351 459 καὶ
3387 406 3556 469 αὐτὸς

286 498 555 553 creaturis
595 499 703 553 erit
757 498 1199 568 intelligendum,
1244 513 1439 569 nempe
1486 500 1608 556 illas
1651 515 1872 571 quoque

288 603 478 643 creare
497 605 677 660 posse.
693 590 850 657 Quod
878 592 923 646 si
949 606 979 646 a
1008 592 1163 646 vobis
1180 594 1517 657 conceditur,
1543 593 1675 662 quid
1694 592 1872 648 Verbo

287 694 427 749 opus
449 678 568 743 fuit,
585 696 711 735 cum
735 682 1026 737 inferiores
1043 699 1073 736 a
1089 683 1464 752 superioribus
1477 682 1613 738 emci
1638 693 1869 755 queant:

289 771 374 824 Vel
417 772 606 825 saltem
648 787 775 827 cum
819 790 907 828 res
938 773 1166 844 singulae
1198 773 1353 829 factae
1383 774 1662 843 potuerint
1697 790 1728 828 a
1762 773 1873 829 Deo

290 861 446 915 initio
487 864 698 926 audire,
748 863 896 928 Fias,
935 873 1010 927 et,
1047 864 1288 927 ElIlcere,
1332 875 1496 935 atque
1541 864 1618 920 ita
1645 861 1876 920 I‘u'issen’t

290 954 586 1021 productas.
616 952 814 1009 Verum
847 971 1022 1026 neque
1052 957 1102 1010 id
1133 958 1396 1026 scriptum
1428 967 1533 1023 est,
1555 972 1731 1027 neque
1756 958 1873 1012 ﬁeri

291 1047 488 1113 potuit.
526 1044 683 1101 Nulla
732 1049 879 1103 enim
926 1063 1110 1102 rerum
1138 1064 1261 1118 quae
1291 1052 1427 1103 liunt
1454 1064 1622 1104 causa
1651 1058 1734 1105 est
1763 1048 1875 1105 eiii-

291 1137 485 1191 ciens:
528 1153 654 1191 nam
711 1140 896 1193 omnia
947 1156 1042 1208 per
1078 1139 1317 1195 Verbum
1365 1140 1507 1195 facta
1547 1150 1695 1206 sunt,
1727 1143 1871 1212 quod

293 1244 425 1283 sane
452 1245 557 1283 non
589 1230 804 1286 fecisset
825 1235 1034 1299 omnia,
1069 1234 1115 1289 si
1142 1235 1318 1303 ipsum
1344 1251 1564 1304 quoque
1585 1234 1821 1289 Verbum
1845 1249 1876 1289 e

294 1321 459 1377 rebus
492 1326 692 1379 creatis
731 1332 895 1378 esset.
951 1322 1061 1379 Nec
1096 1318 1253 1378 'cnim
1300 1326 1384 1380 vel
1428 1327 1602 1396 angeli
1648 1335 1876 1395 possunt

294 1428 501 1477 creare,
531 1430 655 1470 cum
695 1416 799 1485 ipsi
851 1417 962 1471 sint
995 1419 1182 1483 creati,
1208 1419 1331 1474 licet
1370 1420 1443 1474 ita
1475 1421 1746 1474 senserint
1768 1418 1877 1474 Va-

297 1501 556 1570 lentinus,
581 1503 820 1560 Marcion
853 1515 908 1561 et
936 1507 1222 1575 Basilides,
1265 1525 1500 1579 quorum
1533 1527 1628 1567 vos
1653 1512 1879 1567 aemula-

297 1603 445 1648 tores
490 1596 657 1661 estis;
691 1613 791 1653 nec
820 1600 924 1662 sol,
951 1610 1010 1654 ut
1054 1610 1179 1670 pote
1222 1610 1457 1668 creatus,
1485 1603 1627 1671 quod
1652 1619 1757 1658 non
1792 1614 1876 1660 est

298 1684 460 1740 faciet
504 1696 566 1743 ut
615 1690 732 1756 sit;
779 1706 878 1745 nec
931 1692 1096 1747 homo
1147 1693 1421 1748 hominem
1462 1691 1739 1760 formabit,
1774 1710 1876 1751 nec

299 1778 436 1846 lapis
466 1780 678 1851 etﬁnget
701 1782 951 1851 lapidem,
976 1799 1076 1839 nec
1099 1785 1247 1855 ligno
1276 1785 1481 1856 lignum
1515 1785 1662 1839 dabit
1699 1786 1874 1840 incrc-
1908 1780 1947 1833 Β

300 1880 585 1926 mentum:
603 1873 706 1928 Sed
740 1873 882 1930 Deus
920 1876 1033 1944 ipse
1064 1887 1149 1930 est
1183 1876 1276 1946 qui
1314 1876 1589 1930 hominem
1632 1877 1686 1931 in
1721 1888 1872 1931 utero

301 1960 520 2028 format,
544 1964 637 2031 qui
673 1975 885 2021 montes
928 1966 1178 2031 collocat,
1208 1966 1304 2036 qui
1347 1966 1552 2033 lignum
1580 1966 1868 2035 producit:

300 2053 417 2123 ipse
444 2064 626 2109 autem
657 2057 839 2119 homo,
861 2058 952 2126 qui
982 2059 1224 2113 scientiae
1245 2072 1413 2126 capax
1443 2067 1547 2122 est,
1585 2058 1744 2112 istam
1772 2074 1882 2113 ma-

302 2146 493 2199 teriam
521 2147 670 2201 varie
694 2146 890 2202 format
923 2156 976 2202 et
999 2150 1295 2219 componit,
1323 2158 1481 2219 atque
1496 2165 1559 2204 ea
1582 2165 1704 2219 qua:
1729 2159 1877 2215 sunt,

303 2235 381 2288 uti
411 2236 619 2295 didicit.
651 2236 857 2307 efﬁngit
894 2248 949 2292 et
981 2239 1205 2310 ﬁgurat;
1248 2240 1493 2310 satisque
1518 2241 1595 2294 illi
1626 2249 1710 2295 est
1735 2239 1878 2310 quod

301 2327 414 2383 sint
448 2326 588 2384 facta
617 2346 632 2384 :
668 2339 781 2384 tum
812 2346 937 2385 vero
960 2341 1172 2386 natura:
1194 2347 1303 2387 non
1334 2332 1558 2403 ignarus
1580 2347 1713 2397 suae,
1747 2334 1794 2388 si
1821 2347 1893 2388 rei

301 2420 484 2490 aliqua
517 2422 777 2492 indigeat,
808 2439 838 2478 a
875 2423 982 2479 Deo
1014 2424 1067 2480 id
1093 2427 1240 2479 novit
1266 2440 1389 2480 esse
1409 2425 1767 2495 poscendum.

1949 500 2176 571 ’κτίσμα
2199 498 2334 569 (60)’
2364 498 2519 553 ἔσται
2547 499 2642 551 καὶ
2667 500 2751 568 ἐφ’
2774 499 3002 552 ἑκάστου
3019 498 3315 568 κτίσματος
3332 494 3395 547 τὸ
3419 494 3557 549 αὐτὸ

1972 593 2281 657 νοούμενον,
2312 590 2456 645 ὥστε
2470 589 2732 644 δύνασθαι
2755 590 2851 645 καὶ
2873 589 3012 643 αὐτὰ
3036 588 3147 659 (61)
3173 587 3551 659 δημιουργεῖν.

1972 685 2084 739 Καὶ
2118 685 2166 737 εί
2197 683 2359 737 τοῦτο
2384 681 2529 737 οὕτω
2551 682 2827 754 βούλεσθε,
2856 682 2940 745 τίς
2968 682 3002 753 ἡ
3035 680 3193 751 χρεία
3224 677 3318 731 τοῦ
3352 676 3554 744 Λόγου,

1971 777 2284 849 δυναμένων
2315 776 2423 829 τῶν
2465 775 2883 847 ὐποσεδηκότων
2927 773 3079 845 παρὰ
3108 771 3218 824 τῶν
3257 765 3560 840 ὑπερεχόν-

1972 888 2082 924 των
2105 869 2379 940 γίνεσθαι;
2412 869 2445 941 ἢ
2472 869 2608 932 ὅλως
2635 866 2932 939 δυναμένου
2961 866 3055 920 καὶ
3088 863 3228 918 κατὰ
3251 862 3350 934 τὴν
3379 858 3561 934 ἀρχὴν

1973 962 2203 1016 ἑκάστου
2229 960 2338 1014 τῶν
2369 960 2675 1032 γενομένων
2704 958 2932 1014 ἀκοῦσαι
2969 954 3120 1028 παρὰ
3147 952 3239 1008 τοῦ
3260 949 3392 1007 Θεοῦ
3410 967 3424 982 ο
3455 951 3558 1003 Γε-

1973 1053 2087 1116 νοῦ,
2122 1052 2238 1116 καὶ,
2275 1050 2537 1123 Ποιήθητι
2556 1068 2571 1082 ’
2602 1049 2696 1103 κει)¹
2726 1047 2899 1112 οὕτως
2923 1047 2988 1102 ἂν
3008 1046 3235 1099 ἕκαστον
3260 1042 3555 1112 ἐδημιουρ-

1972 1145 2140 1210 γεῖτο.
2210 1142 2351 1195 Ἀλλ’
2405 1140 2526 1194 οὐδὲ
2579 1139 2888 1210 γέγραπται
2939 1136 3114 1199 τοῦτο,
3160 1132 3284 1187 οὔτε
3329 1130 3555 1185 δυνατὸν

1971 1230 2041 1306 ἦν
2077 1234 2212 1305 (62).
2258 1233 2379 1287 Τῶν
2404 1231 2513 1304 γὰρ
2556 1224 2859 1303 γινομένων
2911 1228 3060 1283 οὐδέν
3106 1228 3223 1279 ἐστι
3270 1222 3556 1293 ποιητικὸν

1972 1325 2175 1380 αἴτιον·
2225 1326 2400 1379 πάντα
2432 1324 2542 1397 γὰρ
2583 1323 2672 1377 διὰ
2706 1321 2799 1375 τοῦ
2840 1320 3013 1389 Λόγου
3065 1317 3319 1388 γέγονεν·
3355 1314 3457 1367 οὐκ
3485 1310 3556 1365 ἂν

1972 1419 2350 1492 ἐργασαμένου
2366 1420 2460 1472 καὶ
2472 1417 2636 1472 αὑτοῦ
2649 1416 2718 1470 τὰ
2740 1415 2936 1479 πάντα,
2965 1415 3015 1467 εί
3033 1413 3127 1467 κα)⁵
3151 1410 3314 1473 αὐτὸς
3338 1410 3368 1462 6
3382 1407 3557 1474 Λόγος

1970 1512 2080 1566 τῶν
2095 1511 2409 1582 κτισμάτων
2432 1506 2499 1581 ἦν
2514 1526 2528 1539 ·
2558 1509 2680 1563 οὐδὲ
2699 1507 2807 1580 γὰρ
2820 1506 2940 1560 οὐδὲ
2956 1504 3175 1575 ἄγγελοι
3203 1500 3556 1572 δημιουργεῖν

1971 1604 2309 1675 δυνήσονται,
2323 1598 2720 1674 κτίσματα(65)
2736 1601 2887 1663 ὄντες
2909 1597 3182 1659 καὶαὺτοὶ,
3203 1594 3306 1648 κᾶν
3322 1591 3560 1647 Οὐαλεν-

1972 1699 2118 1759 τῖνος
2150 1696 2244 1749 καὶ
2274 1695 2535 1767 Μαρκίων
2566 1695 2661 1747 καὶ
2700 1692 3014 1759 Βασιλείδης
3037 1686 3261 1743 τοιαῦτα
3291 1682 3553 1758 φρονῶσι.

1978 1789 2071 1841 xal.
2115 1789 2272 1859 ὑμεῖς
2304 1786 2527 1841 ἐκείνων
2564 1784 2803 1857 ζηλωταὶ
2838 1783 3142 1853 τυγχάνητε
3175 1778 3316 1850 (64)·
3358 1775 3479 1830 οὐδὲ
3524 1775 3559 1827 6

1976 1878 2145 1950 ἥλιος,
2174 1879 2377 1949 κτίσμα
2400 1876 2495 1943 ὣν,
2521 1878 2735 1949 ποιήσει
2768 1876 2901 1928 ποτὲ
2929 1873 2992 1926 τδ
3016 1872 3089 1944 μὴ
3112 1869 3172 1925 ὃν
3200 1872 3278 1933 είς
3297 1867 3357 1921 τὸ
3379 1861 3519 1920 εἶναι
3538 1880 3557 1896 ⁸

1977 1968 2099 2024 οὐδὲ
2132 1970 2420 2042 ἄνθρωπος
2444 1970 2730 2042 ἄνθρωπον
2759 1967 2954 2022 πλάσει
2982 1964 3116 2035 (65),
3151 1963 3272 2017 οὐδὲ
3292 1959 3439 2023 λίθος
3470 1959 3560 2011 λίς-

1978 2061 2069 2117 θον
2096 2065 2397 2134 ἐπινοήσει,
2430 2063 2549 2116 οὐδὲ
2570 2061 2725 2126 ξύλον
2750 2060 2904 2127 ξύλον
2934 2057 3159 2126 αὐξήσει
3177 2072 3190 2085 ·
3224 2053 3338 2108 ἀλλ’
3362 2055 3390 2107 ὁ
3423 2051 3562 2116 Θεὸς

1980 2153 2081 2225 μέν
2120 2154 2267 2207 ἐστιν
2306 2155 2335 2207 6
2371 2153 2625 2209 πλάσσων
2670 2154 2729 2206 ὲν
2766 2151 2945 2222 κοιλία
2974 2148 3278 2220 ἄνθρωπον,
3311 2144 3407 2198 καὶ
3454 2142 3562 2214 ὅρη

1976 2247 2163 2312 τιθεὶς,
2202 2248 2298 2303 καὶ
2341 2247 2495 2313 ξύλον
2530 2243 2821 2318 μηκύνων
2849 2245 2878 2297 6
2919 2242 2976 2295 δὲ
3005 2241 3288 2312 ἄνθρωπος
3325 2235 3563 2304 ἐπιστή-

1980 2354 2088 2410 μης
2108 2337 2183 2392 ὢν
2210 2339 2478 2403 δεκτικὸς,
2507 2336 2713 2408 ταύτην
2747 2333 2857 2407 (66)
2881 2332 2981 2404 τὴν
3010 2332 3147 2402 ὕλην
3165 2326 3441 2397 συντίθησι
3463 2325 3563 2377 καὶ

1979 2432 2426 2504 μεταρρυθμίζει,
2473 2430 2568 2485 καὶ
2610 2430 2680 2484 τὰ
2729 2428 2859 2482 ὅντα
2898 2423 3211 2497 ἐργάζεται,
3251 2421 3327 2485 ὡς
3352 2416 3563 2490 ἔμαθεο

300 2511 399 2565 καὶ
442 2515 654 2584 ἀγαπᾷ,
698 2516 782 2569 ὅτι
817 2514 1224 2586 μόνον.γέγονε·
1260 2517 1359 2588 τήν
1389 2533 1450 2570 τε
1502 2516 1664 2586 φύσιν
1713 2516 2091 2587 ἐπιγινώσκων
2120 2522 2217 2595 τὴν
2244 2522 2357 2595 (67)
2392 2521 2587 2577 ἑαυτοῦ
2615 2562 2632 2589 ,
2666 2520 2762 2574 ὲάν
2819 2536 2962 2583 τινος
3026 2515 3238 2588 δέηται,
3301 2512 3393 2566 τὸν
3426 2509 3565 2564 Θεδν

301 2598 443 2659 οἶδεν
475 2608 666 2661 αἰτεῖν.

372 2696 466 2752 22.
492 2697 678 2765 Itaque
708 2697 756 2753 si
789 2697 935 2754 Deus
962 2713 1178 2769 quoque
1203 2698 1320 2769 ipse
1343 2713 1408 2753 ex
1437 2697 1661 2753 materia
1695 2713 1782 2753 res
1806 2697 1886 2753 fa-

2055 2697 2149 2756 22.
2180 2699 2242 2752 Ei
2278 2697 2378 2768 μὲν
2419 2692 2511 2751 οὖν
2543 2695 2639 2751 καὶ
2667 2697 2697 2749 6
2725 2694 2858 2758 Θεὸς
2901 2693 2960 2760 ἐξ
2992 2689 3128 2762 ὕλης
3154 2690 3302 2744 ἐστὶν
3331 2685 3568 2760 ὲργαζό’

303 2804 427 2845 cere
444 2797 499 2843 et
520 2802 850 2858 componere
870 2789 1111 2844 dicatur:
1139 2790 1252 2843 lucc
1279 2803 1413 2845 sane
1443 2787 1712 2843 sententia
1741 2788 1885 2843 Gen-

303 2881 481 2936 tilium
515 2890 620 2947 est,
659 2880 983 2951 artifexquc,
1004 2896 1113 2935 non
1140 2890 1319 2935 autem
1347 2880 1570 2936 eﬂ‘ector
1594 2881 1697 2935 erit
1719 2878 1882 2934 Deus.

305 2970 589 3026 Materiam
642 2980 820 3025 tamen
874 2972 975 3026 hoc
1021 2970 1186 3025 modo
1226 2969 1462 3025 Verbum
1510 2969 1621 3025 Deo
1672 2969 1885 3040 jubenti

305 3063 628 3118 ministrans
666 3062 883 3118 emciat.
933 3063 1037 3119 Sed
1091 3065 1138 3120 si
1185 3080 1249 3119 ea
1283 3080 1405 3135 qua:
1454 3079 1563 3118 non
1619 3074 1769 3131 sunt,
1793 3080 1890 3135 per

307 3155 588 3225 proprium
621 3153 859 3209 Verbum
882 3163 1044 3211 vocat
1071 3164 1129 3209 ut
1157 3156 1268 3211 sint
1294 3174 1310 3210 :
1343 3167 1488 3211 certe
1514 3154 1751 3211 Verbum
1779 3171 1888 3215 non

307 3258 392 3305 est
417 3250 560 3303 inter
583 3264 645 3303 ea
677 3264 800 3319 qua:
825 3264 932 3303 non
959 3257 1088 3304 sunt
1112 3256 1167 3303 et
1197 3259 1482 3316 vocantur,
1507 3266 1575 3305 ne
1604 3251 1752 3306 aliud
1794 3267 1893 3305 no-

307 3340 395 3395 bis
416 3341 767 3409 quaerendum
795 3340 867 3396 sit
891 3340 1147 3406 Verbum,
1173 3356 1270 3410 per
1291 3342 1436 3412 quod
1466 3343 1612 3397 istud
1636 3353 1890 3397 vocatum

310 3431 497 3487 fuerit.
523 3430 658 3486 Nam
705 3430 885 3487 Verbo
937 3432 1122 3487 omnia
1157 3431 1299 3487 facta
1349 3441 1501 3488 sunt.
1535 3432 1690 3500 Quod
1721 3433 1767 3489 si
1801 3448 1896 3503 per

311 3521 548 3579 Verbum
581 3522 724 3579 Deus
758 3539 845 3579 res
869 3532 1018 3579 creat
1045 3531 1099 3579 et
1123 3522 1273 3590 facit,
1308 3523 1486 3594 ipsum
1515 3524 1760 3595 profecto
1786 3540 1896 3578 non

310 3623 396 3669 est
418 3628 450 3669 e
482 3614 646 3669 rebus
674 3614 875 3669 creatis
905 3624 959 3670 et
982 3614 1163 3679 factis,
1193 3616 1287 3671 sed
1321 3617 1506 3686 potius
1538 3615 1632 3670 Dei
1658 3616 1898 3671 creantis

312 3703 552 3760 Verbum
599 3713 704 3771 est,
749 3707 895 3776 quod
939 3706 1104 3761 etiam
1154 3722 1220 3762 ex
1260 3706 1439 3763 Patris
1475 3706 1755 3777 operibus,
1777 3721 1900 3777 qua:

314 3795 492 3867 ipsum
530 3794 762 3852 Verbum
810 3796 959 3862 facit,
989 3800 1361 3869 cognoscitur,
1406 3798 1668 3869 quoniam
1716 3798 1899 3868 ipsum

313 3898 399 3943 cst
425 3888 480 3943 in
503 3886 683 3955 Patre,
712 3898 767 3946 et
798 3889 960 3945 Pater
981 3892 1035 3945 in
1067 3907 1153 3955 eo,
1181 3901 1236 3947 et
1255 3890 1349 3961 qui
1381 3891 1560 3961 ipsum
1584 3890 1740 3956 vidit,
1767 3891 1902 3949 vidit

315 3977 529 4035 Patrem
569 3981 636 4044 ¹⁸,
667 3982 739 4037 ob
783 3992 994 4037 natura:
1045 3983 1255 4037 scilicet
1305 3982 1691 4052 preprietatcm
1752 3997 1905 4038 sum-

1988 2807 2148 2861 μενος
2178 2791 2272 2844 καὶ
2310 2788 2595 2852 συντιθεὶς,
2638 2786 2945 2857 Ἑλληνικὸν
2990 2783 3091 2856 μὲν
3133 2781 3243 2851 (68)
3266 2780 3329 2834 τὸ
3358 2778 3566 2850 φρόνη-
3610 2816 3619 2821 .

1990 2899 2085 2954 μα,
2109 2884 2205 2936 καὶ
2233 2881 2504 2952 τεχνίτης,
2538 2880 2597 2933 οὐ
2627 2878 2854 2948 ποιητὴς
2874 2877 2939 2931 ἂν
2965 2874 3184 2947 κληθείη
3208 2876 3236 2927 6
3259 2872 3409 2935 Θεός.
3443 2870 3573 2941 Ἐρ-

1986 2971 2237 3044 γαζέσθω
2269 2972 2379 3043 (69)
2410 2971 2467 3025 δὲ
2503 2972 2652 3041 ὅμως
2674 2969 2817 3022 οὓτω
2849 2968 2947 3041 τὴν
2978 2968 3109 3037 ὓλην
3139 2968 3168 3020 6
3193 2965 3362 3033 Λόγος
3398 2977 3570 3033 προσ-

1987 3066 2312 3135 ταττόμενος
2341 3065 2435 3119 καὶ
2477 3062 2768 3135 ὑπουργῶν
2798 3061 2877 3133 τῷ
2905 3059 3042 3131 Θεῷ.
3062 3059 3126 3112 Εἰ
3150 3058 3206 3111 δὲ
3222 3057 3289 3111 τὰ
3315 3055 3416 3109 οὐκ
3436 3053 3568 3107 ὄντα

1991 3155 2146 3211 καλεῖ
2177 3153 2266 3209 διὰ
2294 3154 2389 3208 τοῦ
2416 3153 2547 3207 ἰδίου
2580 3153 2755 3221 Λόγου
2784 3155 2863 3216 εἰς
2903 3151 2965 3205 τὸ
2992 3145 3152 3212 εἶναι,
3177 3148 3277 3201 οὐκ
3309 3145 3425 3198 ἔστι
3456 3141 3572 3197 τῶν

1997 3248 2070 3320 μὴ
2098 3247 2266 3301 ὅντων
2297 3245 2391 3300 καὶ
2436 3244 2783 3316 καλουμένων
2811 3246 2840 3297 6
2870 3243 3062 3311 Λόγος,
3097 3242 3184 3294 ἶνα
3217 3236 3291 3309 μὴ
3329 3235 3425 3291 καὶ
3444 3234 3571 3287 ἕτε-

1998 3356 2087 3412 ρον
2134 3339 2308 3408 Λόγον
2340 3336 2611 3409 ζητῶμεν,
2660 3336 2727 3391 δι’
2769 3330 2830 3390 οὗ
2869 3335 2963 3390 καὶ
3002 3328 3155 3397 οὗτος
3191 3331 3301 3403 (70)
3328 3327 3529 3399 ἐκλήθη
3550 3342 3567 3357 ο

1994 3430 2153 3502 Λόγῳ
2199 3432 2308 3502 γὰρ
2357 3429 2426 3483 τὰ.
2469 3429 2572 3483 οὐκ
2625 3428 2754 3482 ὄντα
2802 3427 3017 3497 γέγονε.
3053 3424 3166 3479 Καὶ
3221 3423 3271 3476 εί
3306 3421 3373 3475 δι’
3403 3416 3570 3474 αὑτοῦ

1996 3521 2172 3586 κτίζει
2187 3524 2280 3577 καὶ
2291 3525 2452 3585 ποιεῖ,
2469 3522 2571 3576 οὐκ
2590 3520 2705 3575 ἐστι
2728 3520 2838 3573 τῶν
2853 3518 3184 3590 κτιζομένων
3203 3516 3297 3570 καὶ
3317 3511 3575 3582 ποιουμέ-

1997 3633 2104 3670 νων
2133 3615 2295 3680 αὐτός
2316 3632 2332 3647 θ
2376 3613 2515 3669 ἀλλὰ
2557 3613 2756 3685 μᾶλλον
2785 3613 2878 3667 τοῦ
2923 3612 3199 3677 κτίζοντος
3237 3606 3370 3663 Θεοῦ
3400 3604 3583 3674 Λόγος·

1998 3709 2167 3771 ἐστὶν,
2192 3709 2342 3772 ὅστις
2372 3708 2467 3761 καὶ
2492 3708 2558 3761 ὲκ
2595 3706 2706 3760 τῶν
2746 3705 2921 3778 ἔργων
2959 3702 3053 3757 τοῦ
3093 3701 3328 3775 Πατρδς,
3359 3691 3434 3752 ὧν
3457 3694 3574 3767 (7i)

1999 3799 2164 3865 αὐτὸς
2216 3801 2246 3854 6
2299 3799 2470 3869 Λόγος
2529 3797 2841 3871 ἐργάζεται,
2900 3794 3245 3866 γινώσκεται,
3286 3793 3370 3846 ὅτι
3409 3788 3585 3852 αὐτὸς

2001 3894 2059 3947 εν
2118 3891 2199 3964 τῷ
2248 3893 2422 3964 Πατρί
2476 3893 2613 3956 ἐστι,
2657 3891 2755 3945 καὶ
2797 3892 2826 3944 6
2859 3890 3049 3960 Πατὴρ
3097 3889 3156 3941 ὲν
3198 3884 3367 3956 αὐτῷ,
3423 3883 3520 3937 καὶ
3545 3884 3579 3937 6

2003 3983 2263 4057 ἑωρακὼς
2312 3983 2479 4038 αὐτὸν
2526 3982 2737 4055 ἑώρακε
2788 3982 2878 4035 τὸν
2935 3979 3175 4051 Πατέρα,
3213 3977 3304 4032 διὰ
3345 3975 3407 4029 τὸ
3445 3974 3586 4028 ἴδιον

319 4084 573 4140 mamque
614 4069 735 4126 Filii
778 4071 831 4125 in
876 4072 1132 4126 omnibus
1170 4072 1333 4143 387
1368 4086 1492 4126 cum
1526 4069 1686 4127 Patre
1714 4071 1886 4127 simili

2007 4076 2107 4147 τῆς
2161 4075 2351 4139 οὐσίας
2393 4075 2491 4129 καὶ
2543 4075 2644 4146 τὴν
2693 4074 2835 4129 κατὰ
2894 4073 3072 4128 πάντα
3129 4070 3423 4142 ὁμοιότητα
3480 4065 3583 4121 τοῦ

319 4159 584 4215 tudinem.
622 4159 911 4233 Quomodo
941 4162 1123 4231 itaque
1148 4178 1233 4218 res
1263 4178 1357 4229 per
1385 4161 1561 4231 ipsum
1594 4170 1763 4229 creat,
1795 4162 1903 4217 nisi

320 4251 442 4322 ejus
474 4253 545 4308 sit
576 4251 813 4307 Verbum
844 4263 900 4308 et
932 4252 1250 4323 Sapientia?
1284 4252 1570 4320 Quomodo
1604 4268 1735 4308 vero
1763 4251 1900 4309 Ver-

320 4340 451 4398 bum
478 4352 533 4398 et
563 4344 841 4415 Sapientia
868 4347 1042 4416 possit
1065 4360 1209 4411 esse,
1242 4345 1288 4402 si
1312 4344 1432 4415 ejus
1459 4353 1669 4401 natura:
1690 4359 1798 4401 non
1829 4345 1902 4401 sit

323 4432 467 4491 fetus
490 4436 765 4507 pioprius,
790 4438 884 4492 sed
904 4452 971 4494 es
1002 4436 1175 4493 nihilo
1199 4451 1420 4508 quoque
1443 4434 1621 4492 factus
1655 4439 1772 4507 Ipse
1793 4436 1900 4492 sit?

414 4553 460 4585 ¹³
497 4550 658 4608 Joan.
690 4569 802 4618 xw,
832 4552 920 4619 10,
947 4552 1002 4609 9.

400 4663 511 4736 (60)
551 4664 787 4737 Feicltm.
824 4666 879 4731 4,
910 4666 1202 4737 κτίσματα.

400 4733 514 4805 (6H
558 4735 648 4791 Sic
681 4735 905 4805 Segucr.
934 4733 1151 4791 Goliler.
1197 4733 1438 4790 Felckm.
1473 4734 1497 4788 1
1526 4742 1580 4789 et
1603 4734 1657 4788 4.
1705 4733 1777 4787 At
1814 4733 1908 4789 alii

326 4815 381 4861 et
410 4806 564 4868 editi,
592 4806 853 4862 δύνασθαί
881 4824 1011 4859 ποτε
1041 4806 1135 4860 κα).
1159 4806 1317 4859 αὑτά.
1610 4818 1615 4827 '

401 4875 514 4949 (6'2)
557 4878 646 4933 Sic
675 4877 897 4949 Seguer.
928 4876 1151 4949 anler.
1183 4874 1419 4949 Feigkm.
1445 4873 1487 4949 _l
1532 4882 1588 4949 et
1616 4872 1669 4926 4.
1709 4871 1904 4949 (lateri

328 4939 461 5018 vei-9
481 4939 534 5018 et
559 4963 589 5001 e
612 4949 710 5013 liti,
728 4939 851 5003 οὔτε
878 4944 1394 5018 γέγραψαι-τοῦτο,
1411 4943 1535 5018 οὖτξ
1562 4942 1785 5018 δυνοέτδν
1811 4939 1902 5015 ἦν·

401 5016 512 5087 (63)
554 5019 781 5083 Seguer.
818 5013 1038 5073 Gnlnlei'.
1070 5014 1309 5071 Felckm.
1362 5015 1385 5068 1
1429 5025 1483 5069 et
1507 5013 1572 5078 4,
1608 5013 1900 5085 κτίσματα.

331 5086 519 5159 Aliiet
551 5088 705 5159 etilli.
729 5090 960 5159 κτίσμα.

406 5157 516 5227 (64)
561 5155 653 5212 Sic
684 5153 911 5227 chttci‘.
943 5155 1161 5211 Goblcr.
1195 5154 1433 5210 Felckm.
1475 5154 1494 5208 Ι
1539 5163 1591 5209 et
1622 5153 1678 5208 4.
1712 5154 1781 5208 At
1814 5155 1907 5210 alii

331 5234 387 5282 et
413 5228 914 5299 editi,_-cu~{xavers.

404 5296 517 5364 (65)
559 5293 795 5353 Εοιιίιζὶιι.
845 5299 910 5359 4,
965 5296 1214 5351 πλάσσει.
1260 5293 1383 5349 Mox
1428 5293 1676 5364 segnem,
1720 5293 1834 5348 ἀλλ’
1882 5296 1912 5349 6

334 5363 466 5429 θεὸς
499 5363 596 5438 μὲν
627 5370 774 5422 ἐστιν
795 5371 824 5422 6
856 5368 1111 5422 πλάσσων
1157 5368 1216 5420 ὲν
1247 5364 1426 5438 κοιλία
1456 5363 1761 5438 ἄνθρωπον.
1790 5364 1908 5438 _A_|ii

332 5444 389 5510 et
416 5422 542 5510 editi
566 5477 582 5501 ,
615 5439 751 5493 ἀλλὰ
780 5439 911 5504 Θεὸς
947 5438 1046 5510 μέν
1073 5440 1220 5492 ἐστιν
1247 5438 1277 5491 6
1316 5422 1572 5489 πλᾶσσων
1603 5435 1668 5489 ὲκ
1700 5434 1910 5499 κοιλίας

334 5506 424 5562 τὸν
444 5507 548 5580 ᾼᾶνθ
558 5525 759 5580 ρωπον.

305 5611 315 5625 ·
553 5578 805 5653 Felckm.
835 5580 893 5644 4,
929 5578 1120 5653 ταύτῃ.

408 5643 772 5720 (ϐπδυςυυν.
806 5643 905 5720 τήν
937 5643 1325 5720 OnaitiitJdem
1350 5644 1547 5720 i_bi_dem
1578 5643 1905 5720 et__(_;obler.,

337 5715 575 5777 Felckm.
610 5715 648 5777 1⁷
662 5731 714 5779 ct
743 5723 796 5791 4,
826 5715 920 5776 ὲᾶν
945 5736 1088 5785 τινος
1114 5719 1318 5791 δέηται.
1351 5715 1493 5773 Editl
1520 5724 1570 5772 et
1597 5716 1708 5785 alii,
1740 5715 1804 5770 ἄν
1825 5730 1908 5768 τι-

2003 4165 2131 4219 Υίοῦ
2163 4165 2302 4236 πρὸς
2353 4163 2446 4220 τὸν
2491 4164 2731 4235 Πατέρα.
2778 4161 2904 4227 Πῶς
2927 4157 3021 4217 οὗν
3072 4161 3139 4215 δι’
3182 4157 3347 4213 αὑτοῦ
3378 4153 3581 4220 κτίζει,

2001 4254 2051 4307 εί
2087 4252 2162 4325 μὴ
2185 4254 2215 4307 6
2241 4253 2413 4322 Λόγος
2443 4253 2593 4308 ἐστὶν
2640 4252 2806 4307 αὐτοῦ
2846 4253 3004 4325 καὶ’ή
3038 4251 3208 4321 Σοφία
3251 4250 3405 4324 (72);
3452 4248 3584 4313 Πῶς

1998 4345 2057 4400 δὲ
2088 4346 2260 4416 Λόγος
2285 4347 2354 4401 ἂν
2384 4346 2472 4419 εἴη
2503 4347 2599 4402 καὶ
2621 4348 2811 4416 Σοφία,
2836 4349 2886 4400 εί
2914 4346 2990 4418 μὴ
3020 4345 3152 4400 ῐδιον
3192 4345 3438 4416 γέννημα
3477 4342 3582 4414 τῆς

1997 4438 2187 4503 οὐσίας
2217 4437 2403 4504 αὐτοῦ,
2439 4439 2554 4494 ἀλλ’
2590 4439 2652 4505 ἐξ
2680 4441 2781 4493 οὐκ
2802 4439 2973 4494 ὅντων
3009 4438 3105 4493 καὶ
3137 4438 3299 4502 αὐτὸς
3324 4437 3582 4505 ἐγένετος

2004 4676 2124 4722 νος,
2158 4666 2262 4712 etc.
2286 4696 2302 4719 ,
2342 4655 2433 4710 ubi
2464 4655 2725 4711 mendose
2755 4654 2922 4710 editio
2948 4652 3237 4714 Commel.,
3272 4653 3458 4707 δέκται
3485 4668 3583 4722 pro

1988 4730 2208 4801 δέηται.
2239 4727 2383 4801 _Mox_
2409 4725 2814 4801 SeguerLIieg:
2844 4725 3062 4801 Gol‘iler.
3111 4722 3347 4801 Felckm.
3382 4724 3408 4777 1
3431 4763 3445 4786 ,
3472 4723 3506 4776 4
3532 4734 3586 4801 ιιι

2010 4793 2162 4870 5,Ἐί
2198 4798 2296 4870 μεν
2326 4793 2419 4870 οῇν
2447 4793 2541 4850 καὶ
2566 4798 2595 4850 6
2618 4793 2773 4870 Θεόςῖ
2797 4795 2853 4849 ln
2886 4795 3089 4870 aliiset
3113 4796 3271 4870 editis
3293 4793 3581 4870 d_eest:_:a£.

2082 4863 2211 4937 (68)
2239 4868 2331 4922 Sic
2358 4868 2583 4937 Seguer.
2612 4865 2831 4922 Gobler.
2864 4875 2920 4920 et
2947 4863 3187 4920 Felckm.
3220 4864 3273 4918 1.
3306 4867 3377 4917 At
3400 4865 3493 4918 alii
3531 4877 3585 4917 et

2009 4941 2137 4997 editi
2171 4938 2268 5010 μέν
2299 4940 2575 5010 omittunt.

2081 5002 2193 5079 (69)
2220 5009 2406 5071 Basii.,
2439 5003 2944 5079 épyaﬁeoeat.__ila:c
2968 5013 3148 5079 autem
3179 5003 3366 5069 verba,
3385 5002 3571 5079 Ἔργα·

2010 5074 2185 5147 ζὲσθω
2212 5079 2269 5133 δὲ
2300 5074 2622 5147 ὅμωςόὒτω
2655 5079 2761 5149 τὴν
2789 5076 2921 5149 ὕλην
2967 5078 3001 5149 μό
3028 5074 3197 5143 Λόγος
3251 5074 3590 5149 προσταττό-

2015 5144 2174 5222 μενος
2191 5151 2286 5204 καὶ
2308 5144 2599 5219 ὗπουργῶν
2626 5144 3071 5219 τῷΘεῷίύεΙειε
3107 5156 3234 5200 sunt
3260 5145 3315 5198 in
3342 5160 3444 5199 ms.
3488 5144 3586 5198 δε·-
3622 5151 3636 5170 ⁸

2030 5236 2259 5275 tueI'tan.

2013 5240 2465 5361 guf‘i'ilaimSeguer.
2492 5288 2713 5361 ﬁobler.
2749 5286 2988 5361 Felckm.
3021 5287 3044 5361 1
3081 5276 3412 5361 et_4,_oi5-:_o;.
3444 5282 3586 5361 Editi

2014 5370 2068 5415 et
2093 5354 2228 5423 alii,
2274 5354 2457 5423 αὗτός.
2495 5358 2620 5413 Mox
2664 5374 2822 5425 mss,
2865 5360 2961 5413 καὶ
2996 5357 3047 5411 εί
3077 5356 3144 5411 δι’
3185 5355 3350 5410 αὑτοῦ
3390 5354 3583 5421 κτίζει.

2017 5430 2197 5486 Ειιίιὶο
2228 5431 2492 5485 Commel.
2524 5431 2573 5482 εἰ
2604 5431 2823 5485 omittit.

2116 5502 2202 5567 7|)
2244 5501 2492 5571 Seguer.,
2518 5500 2615 5571 ὢν,
2644 5501 2919 5571 men_dose.

2116 5503 2202 5567 7|)
2244 5503 2492 5571 δεμες..
2518 5503 2615 5558 ὢν.
2644 5503 2919 5555 mendose.

2090 5503 2205 5644 (τε)
2236 5570 2555 5644 δεειιιῃπίεῃ.
2586 5569 2721 5644 Reg.
2751 5568 2896 5627 Felc.
2924 5569 2980 5638 5,
3010 5569 3104 5623 καὶ
3144 5565 3332 5638 Σοφία.
3387 5565 3492 5621 Alii
3535 5570 3593 5625 et

2018 5640 2171 5709 editi,
2188 5640 2191 5641 ⁷
2207 5642 2299 5696 καί
2315 5640 2365 5713 “ἠ
2390 5640 2582 5711 Σοφία.
